  <div class='ocr_page' id='page_1' title='image "/cluster/home/n/w/nwhite01/storage/ocr_20150623/48/nnc1.0046978267/400.png"; bbox 0 0 3850 6224; ppageno 0'>
   <div class='ocr_carea' id='block_1_1' title="bbox 180 321 282 378">
    <p class='ocr_par' dir='ltr' id='par_1_1' title="bbox 180 321 282 378">
     <span class='ocr_line' id='line_1_1' title="bbox 180 321 282 378; baseline -0.039 0"><span class='ocrx_word' id='word_1_1' title='bbox 180 321 282 378; x_wconf 68' lang='grc' dir='ltr'>9ἲ9</span> 
     </span>
    </p>
   </div>
   <div class='ocr_carea' id='block_1_2' title="bbox 178 420 1736 502">
    <p class='ocr_par' dir='ltr' id='par_1_2' title="bbox 178 420 1736 502">
     <span class='ocr_line' id='line_1_2' title="bbox 178 420 1736 502; baseline -0.003 -18"><span class='ocrx_word' id='word_1_2' title='bbox 178 430 445 502; x_wconf 78' lang='grc' dir='ltr'>ἁμαρτίας</span> <span class='ocrx_word' id='word_1_3' title='bbox 477 420 754 491; x_wconf 77' lang='grc' dir='ltr'>κατέλυσε,</span> <span class='ocrx_word' id='word_1_4' title='bbox 811 431 1024 483; x_wconf 72' lang='grc' dir='ltr'>καὶ-τὸν</span> <span class='ocrx_word' id='word_1_5' title='bbox 1089 431 1317 486; x_wconf 79' lang='grc' dir='ltr'>θάνατον</span> <span class='ocrx_word' id='word_1_6' title='bbox 1370 430 1588 492; x_wconf 79' lang='grc' dir='ltr'>ἔσϐεσε,</span> <span class='ocrx_word' id='word_1_7' title='bbox 1644 429 1736 480; x_wconf 69' lang='grc' dir='ltr'>καὶ</span> 
     </span>
    </p>
   </div>
   <div class='ocr_carea' id='block_1_3' title="bbox 178 511 1743 582">
    <p class='ocr_par' dir='ltr' id='par_1_3' title="bbox 178 511 1743 582">
     <span class='ocr_line' id='line_1_3' title="bbox 178 511 1743 582; baseline -0.003 -17"><span class='ocrx_word' id='word_1_8' title='bbox 178 514 299 575; x_wconf 82' lang='grc' dir='ltr'>τοὺς</span> <span class='ocrx_word' id='word_1_9' title='bbox 319 512 578 582; x_wconf 83' lang='grc' dir='ltr'>οὐρανοὺς</span> <span class='ocrx_word' id='word_1_10' title='bbox 617 511 838 581; x_wconf 78' lang='grc' dir='ltr'>ἀνέῳξε,</span> <span class='ocrx_word' id='word_1_11' title='bbox 870 513 963 563; x_wconf 74' lang='grc' dir='ltr'>καὶ</span> <span class='ocrx_word' id='word_1_12' title='bbox 996 513 1190 575; x_wconf 85' lang='grc' dir='ltr'>πολλὰς</span> <span class='ocrx_word' id='word_1_13' title='bbox 1217 514 1311 566; x_wconf 74' lang='grc' dir='ltr'>καὶ</span> <span class='ocrx_word' id='word_1_14' title='bbox 1340 513 1580 582; x_wconf 85' lang='grc' dir='ltr'>μεγάλας</span> <span class='ocrx_word' id='word_1_15' title='bbox 1614 513 1743 580; x_wconf 80' lang='grc' dir='ltr'>ἡμῖν</span> 
     </span>
    </p>
   </div>
   <div class='ocr_carea' id='block_1_4' title="bbox 179 593 1740 658">
    <p class='ocr_par' dir='ltr' id='par_1_4' title="bbox 179 593 1740 658">
     <span class='ocr_line' id='line_1_4' title="bbox 179 593 1740 658; baseline -0.003 -10"><span class='ocrx_word' id='word_1_16' title='bbox 179 596 398 657; x_wconf 71' lang='grc' dir='ltr'>ἐλπίδας</span> <span class='ocrx_word' id='word_1_17' title='bbox 427 593 692 658; x_wconf 78' lang='grc' dir='ltr'>ὑπέδειξε,</span> <span class='ocrx_word' id='word_1_18' title='bbox 727 594 819 646; x_wconf 70' lang='grc' dir='ltr'>καὶ</span> <span class='ocrx_word' id='word_1_19' title='bbox 849 594 917 646; x_wconf 78' lang='grc' dir='ltr'>τὰ</span> <span class='ocrx_word' id='word_1_20' title='bbox 941 595 1072 647; x_wconf 81' lang='grc' dir='ltr'>ἄλλα</span> <span class='ocrx_word' id='word_1_21' title='bbox 1102 596 1278 649; x_wconf 88' lang='grc' dir='ltr'>πάντα</span> <span class='ocrx_word' id='word_1_22' title='bbox 1306 595 1704 648; x_wconf 74' lang='grc' dir='ltr'>κατεσκεύασεν</span> <span class='ocrx_word' id='word_1_23' title='bbox 1726 610 1740 623; x_wconf 91' lang='grc'>·</span> 
     </span>
    </p>
   </div>
   <div class='ocr_carea' id='block_1_5' title="bbox 181 673 1743 748">
    <p class='ocr_par' dir='ltr' id='par_1_5' title="bbox 181 673 1743 748">
     <span class='ocr_line' id='line_1_5' title="bbox 181 673 1743 748; baseline -0.003 -16"><span class='ocrx_word' id='word_1_24' title='bbox 181 680 321 748; x_wconf 66' lang='grc' dir='ltr'>ειπερ</span> <span class='ocrx_word' id='word_1_25' title='bbox 355 673 569 746; x_wconf 27' lang='grc' dir='ltr'>οῦν-καὶ</span> <span class='ocrx_word' id='word_1_26' title='bbox 599 677 627 727; x_wconf 99' lang='lat'>6</span> <span class='ocrx_word' id='word_1_27' title='bbox 656 675 868 739; x_wconf 82' lang='grc' dir='ltr'>Παῦλος</span> <span class='ocrx_word' id='word_1_28' title='bbox 888 677 1058 741; x_wconf 83' lang='grc' dir='ltr'>εἰδὼς,</span> <span class='ocrx_word' id='word_1_29' title='bbox 1080 678 1209 730; x_wconf 86' lang='grc' dir='ltr'>ἐϐόα</span> <span class='ocrx_word' id='word_1_30' title='bbox 1233 679 1404 746; x_wconf 88' lang='grc' dir='ltr'>λέγων</span> <span class='ocrx_word' id='word_1_31' title='bbox 1427 695 1438 708; x_wconf 84' lang='grc'><strong>·</strong></span> <span class='ocrx_word' id='word_1_32' title='bbox 1465 680 1527 731; x_wconf 82' lang='grc' dir='ltr'>’Ὠ</span> <span class='ocrx_word' id='word_1_33' title='bbox 1551 677 1743 740; x_wconf 78' lang='grc' dir='ltr'>,βάθος</span> 
     </span>
    </p>
   </div>
   <div class='ocr_carea' id='block_1_6' title="bbox 179 759 1742 832">
    <p class='ocr_par' dir='ltr' id='par_1_6' title="bbox 179 759 1742 832">
     <span class='ocr_line' id='line_1_6' title="bbox 179 759 1742 832; baseline -0.008 -18"><span class='ocrx_word' id='word_1_34' title='bbox 179 762 444 814; x_wconf 79' lang='grc' dir='ltr'>πλούτου</span> <span class='ocrx_word' id='word_1_35' title='bbox 472 759 571 829; x_wconf 71' lang='grc' dir='ltr'>καί</span> <span class='ocrx_word' id='word_1_36' title='bbox 604 760 825 829; x_wconf 71' lang='grc' dir='ltr'>σοφίας</span> <span class='ocrx_word' id='word_1_37' title='bbox 856 761 950 827; x_wconf 69' lang='grc' dir='ltr'>καί</span> <span class='ocrx_word' id='word_1_38' title='bbox 984 760 1256 832; x_wconf 56' lang='grc' dir='ltr'>γνώσεως</span> <span class='ocrx_word' id='word_1_39' title='bbox 1289 762 1437 814; x_wconf 81' lang='grc' dir='ltr'>θεοῦ</span> <span class='ocrx_word' id='word_1_40' title='bbox 1469 760 1488 812; x_wconf 76' lang='grc' dir='ltr'>,ν</span> <span class='ocrx_word' id='word_1_41' title='bbox 1516 762 1594 824; x_wconf 75' lang='grc' dir='ltr'>ὡς</span> <span class='ocrx_word' id='word_1_42' title='bbox 1649 760 1742 813; x_wconf 80' lang='grc' dir='ltr'>ἀν-</span> 
     </span>
    </p>
   </div>
   <div class='ocr_carea' id='block_1_7' title="bbox 179 843 1744 912">
    <p class='ocr_par' dir='ltr' id='par_1_7' title="bbox 179 843 1744 912">
     <span class='ocr_line' id='line_1_7' title="bbox 179 843 1744 912; baseline -0.003 -16"><span class='ocrx_word' id='word_1_43' title='bbox 179 843 530 912; x_wconf 75' lang='grc' dir='ltr'>εξερεύνητα</span> <span class='ocrx_word' id='word_1_44' title='bbox 558 843 631 895; x_wconf 80' lang='grc' dir='ltr'>τὰ</span> <span class='ocrx_word' id='word_1_45' title='bbox 658 843 912 911; x_wconf 51' lang='grc' dir='ltr'>κρίματα,</span> <span class='ocrx_word' id='word_1_46' title='bbox 931 844 1140 908; x_wconf 81' lang='grc' dir='ltr'>αὑτοῦ,</span> <span class='ocrx_word' id='word_1_47' title='bbox 1165 845 1260 897; x_wconf 76' lang='grc' dir='ltr'>καὶ</span> <span class='ocrx_word' id='word_1_48' title='bbox 1297 844 1744 910; x_wconf 74' lang='grc' dir='ltr'>ἀνεξιχνίαστοι</span> 
     </span>
    </p>
   </div>
   <div class='ocr_carea' id='block_1_8' title="bbox 180 921 1739 996">
    <p class='ocr_par' dir='ltr' id='par_1_8' title="bbox 180 921 1739 996">
     <span class='ocr_line' id='line_1_8' title="bbox 180 921 1739 996; baseline -0.004 -15"><span class='ocrx_word' id='word_1_49' title='bbox 180 932 239 981; x_wconf 83' lang='grc' dir='ltr'>αί</span> <span class='ocrx_word' id='word_1_50' title='bbox 265 927 388 981; x_wconf 77' lang='grc' dir='ltr'>ὁδοί</span> <span class='ocrx_word' id='word_1_51' title='bbox 409 926 595 979; x_wconf 84' lang='grc' dir='ltr'>αὑτοῦ</span> <span class='ocrx_word' id='word_1_52' title='bbox 619 925 639 977; x_wconf 83' lang='grc'>.¹</span> <span class='ocrx_word' id='word_1_53' title='bbox 664 926 848 977; x_wconf 88' lang='grc' dir='ltr'>Ταῦτα</span> <span class='ocrx_word' id='word_1_54' title='bbox 881 921 973 978; x_wconf 81' lang='grc' dir='ltr'>οὖν</span> <span class='ocrx_word' id='word_1_55' title='bbox 1007 925 1219 979; x_wconf 71' lang='grc' dir='ltr'>ἅπαντα</span> <span class='ocrx_word' id='word_1_56' title='bbox 1253 925 1501 996; x_wconf 80' lang='grc' dir='ltr'>προορῶν</span> <span class='ocrx_word' id='word_1_57' title='bbox 1545 923 1698 991; x_wconf 77' lang='grc' dir='ltr'>ἔλεγε</span> <span class='ocrx_word' id='word_1_58' title='bbox 1725 937 1739 951; x_wconf 91' lang='grc'><strong>·</strong></span> 
     </span>
    </p>
   </div>
   <div class='ocr_carea' id='block_1_9' title="bbox 179 1007 1744 1080">
    <p class='ocr_par' dir='ltr' id='par_1_9' title="bbox 179 1007 1744 1080">
     <span class='ocr_line' id='line_1_9' title="bbox 179 1007 1744 1080; baseline -0.004 -15"><span class='ocrx_word' id='word_1_59' title='bbox 179 1012 385 1080; x_wconf 75' lang='grc' dir='ltr'>Πολλὰ</span> <span class='ocrx_word' id='word_1_60' title='bbox 407 1010 703 1075; x_wconf 70' lang='grc' dir='ltr'>ἐποίησας</span> <span class='ocrx_word' id='word_1_61' title='bbox 733 1007 845 1068; x_wconf 85' lang='grc' dir='ltr'>σὺ,</span> <span class='ocrx_word' id='word_1_62' title='bbox 892 1009 1070 1074; x_wconf 87' lang='grc' dir='ltr'>Κύριε</span> <span class='ocrx_word' id='word_1_63' title='bbox 1101 1012 1133 1062; x_wconf 86' lang='grc' dir='ltr'>ό</span> <span class='ocrx_word' id='word_1_64' title='bbox 1161 1011 1304 1074; x_wconf 83' lang='grc' dir='ltr'>Θεός</span> <span class='ocrx_word' id='word_1_65' title='bbox 1333 1026 1473 1077; x_wconf 86' lang='grc' dir='ltr'>μου,</span> <span class='ocrx_word' id='word_1_66' title='bbox 1502 1007 1575 1060; x_wconf 82' lang='grc' dir='ltr'>τὰ</span> <span class='ocrx_word' id='word_1_67' title='bbox 1604 1009 1744 1059; x_wconf 86' lang='grc' dir='ltr'>θαυ-</span> 
     </span>
    </p>
   </div>
   <div class='ocr_carea' id='block_1_10' title="bbox 175 1087 1741 1163">
    <p class='ocr_par' dir='ltr' id='par_1_10' title="bbox 175 1087 1741 1163">
     <span class='ocr_line' id='line_1_10' title="bbox 175 1087 1741 1163; baseline -0.005 -16"><span class='ocrx_word' id='word_1_68' title='bbox 175 1093 363 1163; x_wconf 75' lang='grc' dir='ltr'>μάσιά</span> <span class='ocrx_word' id='word_1_69' title='bbox 397 1107 531 1144; x_wconf 87' lang='grc' dir='ltr'>σου.</span> <span class='ocrx_word' id='word_1_70' title='bbox 562 1087 692 1144; x_wconf 85' lang='grc' dir='ltr'>Εἶτα</span> <span class='ocrx_word' id='word_1_71' title='bbox 724 1091 892 1143; x_wconf 86' lang='grc' dir='ltr'>εἰπὼν</span> <span class='ocrx_word' id='word_1_72' title='bbox 926 1094 990 1144; x_wconf 86' lang='grc' dir='ltr'>ἐκ</span> <span class='ocrx_word' id='word_1_73' title='bbox 1027 1091 1317 1161; x_wconf 76' lang='grc' dir='ltr'>προσώπου</span> <span class='ocrx_word' id='word_1_74' title='bbox 1365 1091 1458 1143; x_wconf 90' lang='grc' dir='ltr'>τοῦ</span> <span class='ocrx_word' id='word_1_75' title='bbox 1486 1087 1741 1160; x_wconf 81' lang='grc' dir='ltr'>Χριστοῦ,</span> 
     </span>
    </p>
   </div>
   <div class='ocr_carea' id='block_1_11' title="bbox 179 1169 1745 1243">
    <p class='ocr_par' dir='ltr' id='par_1_11' title="bbox 179 1169 1745 1243">
     <span class='ocr_line' id='line_1_11' title="bbox 179 1169 1745 1243; baseline -0.006 -13"><span class='ocrx_word' id='word_1_76' title='bbox 179 1179 261 1236; x_wconf 80' lang='grc' dir='ltr'>ὅτι</span> <span class='ocrx_word' id='word_1_77' title='bbox 301 1173 792 1242; x_wconf 84' lang='grc' dir='ltr'>Ὀλοκαυτώματα</span> <span class='ocrx_word' id='word_1_78' title='bbox 818 1173 917 1226; x_wconf 78' lang='grc' dir='ltr'>καὶ</span> <span class='ocrx_word' id='word_1_79' title='bbox 947 1175 1080 1241; x_wconf 77' lang='grc' dir='ltr'>περὶ</span> <span class='ocrx_word' id='word_1_80' title='bbox 1112 1175 1400 1243; x_wconf 80' lang='grc' dir='ltr'>ἁμαρτίας</span> <span class='ocrx_word' id='word_1_81' title='bbox 1419 1175 1532 1226; x_wconf 84' lang='grc' dir='ltr'>οὐκ</span> <span class='ocrx_word' id='word_1_82' title='bbox 1567 1169 1745 1239; x_wconf 84' lang='grc' dir='ltr'>ηὐδό-</span> 
     </span>
    </p>
   </div>
   <div class='ocr_carea' id='block_1_12' title="bbox 184 1254 1738 1325">
    <p class='ocr_par' dir='ltr' id='par_1_12' title="bbox 184 1254 1738 1325">
     <span class='ocr_line' id='line_1_12' title="bbox 184 1254 1738 1325; baseline -0.005 -14"><span class='ocrx_word' id='word_1_83' title='bbox 184 1274 378 1325; x_wconf 76' lang='grc' dir='ltr'>κησας</span> <span class='ocrx_word' id='word_1_84' title='bbox 399 1270 448 1317; x_wconf 79' lang='grc' dir='ltr'>ει.</span> <span class='ocrx_word' id='word_1_85' title='bbox 485 1257 732 1325; x_wconf 83' lang='grc' dir='ltr'>ἐπήγαγε</span> <span class='ocrx_word' id='word_1_86' title='bbox 751 1273 764 1286; x_wconf 89' lang='grc'><strong>·</strong></span> <span class='ocrx_word' id='word_1_87' title='bbox 811 1257 945 1309; x_wconf 83' lang='grc' dir='ltr'>Τότε</span> <span class='ocrx_word' id='word_1_88' title='bbox 971 1256 1164 1319; x_wconf 84' lang='grc' dir='ltr'>εἷπον,</span> <span class='ocrx_word' id='word_1_89' title='bbox 1217 1255 1344 1310; x_wconf 76' lang='grc' dir='ltr'>ἰδοὺ</span> <span class='ocrx_word' id='word_1_90' title='bbox 1367 1255 1513 1321; x_wconf 80' lang='grc' dir='ltr'>ἥκω.</span> <span class='ocrx_word' id='word_1_91' title='bbox 1559 1254 1698 1307; x_wconf 82' lang='grc' dir='ltr'>Τότε</span> <span class='ocrx_word' id='word_1_92' title='bbox 1724 1268 1738 1281; x_wconf 84' lang='grc'><em>’</em></span> 
     </span>
    </p>
   </div>
   <div class='ocr_carea' id='block_1_13' title="bbox 182 1335 1744 1410">
    <p class='ocr_par' dir='ltr' id='par_1_13' title="bbox 182 1335 1744 1410">
     <span class='ocr_line' id='line_1_13' title="bbox 182 1335 1744 1410; baseline -0.006 -16"><span class='ocrx_word' id='word_1_93' title='bbox 182 1343 341 1403; x_wconf 75' lang='grc' dir='ltr'>πότες</span> <span class='ocrx_word' id='word_1_94' title='bbox 376 1341 503 1392; x_wconf 87' lang='grc' dir='ltr'>Ὅτε</span> <span class='ocrx_word' id='word_1_95' title='bbox 553 1339 663 1409; x_wconf 72' lang='grc' dir='ltr'>τῷν</span> <span class='ocrx_word' id='word_1_96' title='bbox 716 1339 1064 1410; x_wconf 84' lang='grc' dir='ltr'>τελειοτέρων</span> <span class='ocrx_word' id='word_1_97' title='bbox 1124 1338 1468 1408; x_wconf 63' lang='grc' dir='ltr'>δίδαγμάτων</span> <span class='ocrx_word' id='word_1_98' title='bbox 1515 1337 1661 1389; x_wconf 72' lang='grc' dir='ltr'>ἐστὶν</span> <span class='ocrx_word' id='word_1_99' title='bbox 1715 1335 1744 1384; x_wconf 79' lang='grc' dir='ltr'>ὁ</span> 
     </span>
    </p>
   </div>
   <div class='ocr_carea' id='block_1_14' title="bbox 180 1417 1745 1493">
    <p class='ocr_par' dir='ltr' id='par_1_14' title="bbox 180 1417 1745 1493">
     <span class='ocr_line' id='line_1_14' title="bbox 180 1417 1745 1493; baseline -0.006 -14"><span class='ocrx_word' id='word_1_100' title='bbox 180 1424 368 1493; x_wconf 82' lang='grc' dir='ltr'>καιρός</span> <span class='ocrx_word' id='word_1_101' title='bbox 395 1440 408 1453; x_wconf 90' lang='grc'><strong>·</strong></span> <span class='ocrx_word' id='word_1_102' title='bbox 446 1422 512 1474; x_wconf 77' lang='grc' dir='ltr'>τὰ</span> <span class='ocrx_word' id='word_1_103' title='bbox 547 1422 643 1491; x_wconf 79' lang='grc' dir='ltr'>μὲν</span> <span class='ocrx_word' id='word_1_104' title='bbox 673 1422 780 1492; x_wconf 79' lang='grc' dir='ltr'>γὰρ</span> <span class='ocrx_word' id='word_1_105' title='bbox 815 1421 1138 1490; x_wconf 81' lang='grc' dir='ltr'>άτελέστερα</span> <span class='ocrx_word' id='word_1_106' title='bbox 1173 1421 1258 1474; x_wconf 78' lang='grc' dir='ltr'>διὰ</span> <span class='ocrx_word' id='word_1_107' title='bbox 1285 1420 1394 1474; x_wconf 84' lang='grc' dir='ltr'>τῶν</span> <span class='ocrx_word' id='word_1_108' title='bbox 1418 1419 1620 1472; x_wconf 88' lang='grc' dir='ltr'>δούλων</span> <span class='ocrx_word' id='word_1_109' title='bbox 1647 1417 1745 1471; x_wconf 84' lang='grc' dir='ltr'>αὑ-</span> 
     </span>
    </p>
   </div>
   <div class='ocr_carea' id='block_1_15' title="bbox 180 1494 1744 1577">
    <p class='ocr_par' dir='ltr' id='par_1_15' title="bbox 180 1494 1744 1577">
     <span class='ocr_line' id='line_1_15' title="bbox 180 1494 1744 1577; baseline -0.004 -20"><span class='ocrx_word' id='word_1_110' title='bbox 180 1494 274 1560; x_wconf 87' lang='grc' dir='ltr'>τοῦ</span> <span class='ocrx_word' id='word_1_111' title='bbox 305 1507 495 1577; x_wconf 89' lang='grc' dir='ltr'>μαθεῖν</span> <span class='ocrx_word' id='word_1_112' title='bbox 525 1505 652 1569; x_wconf 78' lang='grc' dir='ltr'>ἔδει,</span> <span class='ocrx_word' id='word_1_113' title='bbox 677 1506 746 1557; x_wconf 74' lang='grc' dir='ltr'>τὰ</span> <span class='ocrx_word' id='word_1_114' title='bbox 782 1504 839 1556; x_wconf 80' lang='grc' dir='ltr'>δέ</span> <span class='ocrx_word' id='word_1_115' title='bbox 874 1504 1178 1573; x_wconf 62' lang='grc' dir='ltr'>ὑψηλότερα</span> <span class='ocrx_word' id='word_1_116' title='bbox 1207 1505 1300 1556; x_wconf 78' lang='grc' dir='ltr'>καὶ</span> <span class='ocrx_word' id='word_1_117' title='bbox 1344 1501 1744 1573; x_wconf 87' lang='grc' dir='ltr'>ὑπερϐαίνοντα</span> 
     </span>
    </p>
   </div>
   <div class='ocr_carea' id='block_1_16' title="bbox 180 1583 1739 1660">
    <p class='ocr_par' dir='ltr' id='par_1_16' title="bbox 180 1583 1739 1660">
     <span class='ocr_line' id='line_1_16' title="bbox 180 1583 1739 1660; baseline -0.007 -16"><span class='ocrx_word' id='word_1_118' title='bbox 180 1591 278 1660; x_wconf 80' lang='grc' dir='ltr'>τὴν</span> <span class='ocrx_word' id='word_1_119' title='bbox 305 1590 463 1660; x_wconf 66' lang='grc' dir='ltr'>φύσιν</span> <span class='ocrx_word' id='word_1_120' title='bbox 481 1589 577 1658; x_wconf 78' lang='grc' dir='ltr'>τὴν</span> <span class='ocrx_word' id='word_1_121' title='bbox 599 1587 942 1658; x_wconf 77' lang='grc' dir='ltr'>ἀνθρωπίνην</span> <span class='ocrx_word' id='word_1_122' title='bbox 965 1589 1094 1656; x_wconf 85' lang='grc' dir='ltr'>παρ’</span> <span class='ocrx_word' id='word_1_123' title='bbox 1119 1585 1280 1639; x_wconf 83' lang='grc' dir='ltr'>αὐτοῦ</span> <span class='ocrx_word' id='word_1_124' title='bbox 1310 1585 1403 1639; x_wconf 89' lang='grc' dir='ltr'>τοῦ</span> <span class='ocrx_word' id='word_1_125' title='bbox 1431 1583 1739 1653; x_wconf 79' lang='grc' dir='ltr'>νομοθέτου·</span> 
     </span>
    </p>
   </div>
   <div class='ocr_carea' id='block_1_17' title="bbox 181 1665 1747 1736">
    <p class='ocr_par' dir='ltr' id='par_1_17' title="bbox 181 1665 1747 1736">
     <span class='ocr_line' id='line_1_17' title="bbox 181 1665 1747 1736; baseline -0.007 -9"><span class='ocrx_word' id='word_1_126' title='bbox 181 1675 269 1728; x_wconf 78' lang='grc' dir='ltr'>διὰ</span> <span class='ocrx_word' id='word_1_127' title='bbox 293 1673 451 1726; x_wconf 85' lang='grc' dir='ltr'>τοῦτο</span> <span class='ocrx_word' id='word_1_128' title='bbox 483 1671 573 1723; x_wconf 65' lang='grc' dir='ltr'>καί⁹</span> <span class='ocrx_word' id='word_1_129' title='bbox 607 1671 635 1721; x_wconf 84' lang='lat'>6</span> <span class='ocrx_word' id='word_1_130' title='bbox 669 1668 878 1731; x_wconf 82' lang='grc' dir='ltr'>Παῦλος</span> <span class='ocrx_word' id='word_1_131' title='bbox 904 1669 1053 1735; x_wconf 76' lang='grc' dir='ltr'>ἔλεγε</span> <span class='ocrx_word' id='word_1_132' title='bbox 1074 1685 1088 1698; x_wconf 91' lang='grc'><strong>·</strong></span> <span class='ocrx_word' id='word_1_133' title='bbox 1123 1665 1481 1736; x_wconf 82' lang='grc' dir='ltr'>Πολυμερῶς</span> <span class='ocrx_word' id='word_1_134' title='bbox 1514 1665 1612 1718; x_wconf 85' lang='grc' dir='ltr'>καὶ</span> <span class='ocrx_word' id='word_1_135' title='bbox 1641 1680 1747 1717; x_wconf 77' lang='grc' dir='ltr'>πο-</span> 
     </span>
    </p>
   </div>
   <div class='ocr_carea' id='block_1_18' title="bbox 183 1749 1747 1824">
    <p class='ocr_par' dir='ltr' id='par_1_18' title="bbox 183 1749 1747 1824">
     <span class='ocr_line' id='line_1_18' title="bbox 183 1749 1747 1824; baseline -0.007 -14"><span class='ocrx_word' id='word_1_136' title='bbox 183 1757 491 1824; x_wconf 78' lang='grc' dir='ltr'>λυτρόπως</span> <span class='ocrx_word' id='word_1_137' title='bbox 517 1752 702 1806; x_wconf 81' lang='grc' dir='ltr'>πάλαι</span> <span class='ocrx_word' id='word_1_138' title='bbox 735 1755 768 1806; x_wconf 82' lang='grc' dir='ltr'>ό</span> <span class='ocrx_word' id='word_1_139' title='bbox 807 1753 950 1816; x_wconf 69' lang='grc' dir='ltr'>Θεὸς</span> <span class='ocrx_word' id='word_1_140' title='bbox 977 1751 1259 1817; x_wconf 85' lang='grc' dir='ltr'>λαλήσας</span> <span class='ocrx_word' id='word_1_141' title='bbox 1287 1751 1411 1816; x_wconf 84' lang='grc' dir='ltr'>τοῖς</span> <span class='ocrx_word' id='word_1_142' title='bbox 1447 1749 1747 1815; x_wconf 79' lang='grc' dir='ltr'>πατράσιν</span> 
     </span>
    </p>
   </div>
   <div class='ocr_carea' id='block_1_19' title="bbox 184 1829 1746 1907">
    <p class='ocr_par' dir='ltr' id='par_1_19' title="bbox 184 1829 1746 1907">
     <span class='ocr_line' id='line_1_19' title="bbox 184 1829 1746 1907; baseline -0.006 -16"><span class='ocrx_word' id='word_1_143' title='bbox 184 1838 351 1907; x_wconf 76' lang='grc' dir='ltr'>’ἡμῶν</span> <span class='ocrx_word' id='word_1_144' title='bbox 373 1839 442 1890; x_wconf 87' lang='grc' dir='ltr'>έν</span> <span class='ocrx_word' id='word_1_145' title='bbox 470 1836 594 1899; x_wconf 79' lang='grc' dir='ltr'>τοῖς</span> <span class='ocrx_word' id='word_1_146' title='bbox 615 1835 966 1903; x_wconf 56' lang='grc' dir='ltr'>προφήταις.</span> <span class='ocrx_word' id='word_1_147' title='bbox 990 1835 1358 1902; x_wconf 80' lang='grc' dir='ltr'>ἐπ’ἐσχάτου</span> <span class='ocrx_word' id='word_1_148' title='bbox 1375 1833 1492 1887; x_wconf 84' lang='grc' dir='ltr'>τῶν</span> <span class='ocrx_word' id='word_1_149' title='bbox 1512 1829 1746 1900; x_wconf 83' lang='grc' dir='ltr'>ήμερῶν</span> 
     </span>
    </p>
   </div>
   <div class='ocr_carea' id='block_1_20' title="bbox 183 1916 1742 1986">
    <p class='ocr_par' dir='ltr' id='par_1_20' title="bbox 183 1916 1742 1986">
     <span class='ocr_line' id='line_1_20' title="bbox 183 1916 1742 1986; baseline -0.003 -15"><span class='ocrx_word' id='word_1_150' title='bbox 183 1922 409 1973; x_wconf 83' lang='grc' dir='ltr'>τούτων</span> <span class='ocrx_word' id='word_1_151' title='bbox 444 1919 751 1986; x_wconf 81' lang='grc' dir='ltr'>ἐλάλησεν</span> <span class='ocrx_word' id='word_1_152' title='bbox 781 1917 924 1986; x_wconf 74' lang='grc' dir='ltr'>ἡμῖν</span> <span class='ocrx_word' id='word_1_153' title='bbox 949 1918 1018 1969; x_wconf 85' lang='grc' dir='ltr'>ἐν</span> <span class='ocrx_word' id='word_1_154' title='bbox 1055 1916 1182 1982; x_wconf 83' lang='grc' dir='ltr'>Υίῴ,</span> <span class='ocrx_word' id='word_1_155' title='bbox 1216 1917 1288 1969; x_wconf 86' lang='grc' dir='ltr'>ὃν</span> <span class='ocrx_word' id='word_1_156' title='bbox 1321 1917 1498 1982; x_wconf 80' lang='grc' dir='ltr'>ἔθηκε</span> <span class='ocrx_word' id='word_1_157' title='bbox 1526 1918 1742 1980; x_wconf 85' lang='grc' dir='ltr'>κληρο-</span> 
     </span>
    </p>
   </div>
   <div class='ocr_carea' id='block_1_21' title="bbox 183 1996 1746 2072">
    <p class='ocr_par' dir='ltr' id='par_1_21' title="bbox 183 1996 1746 2072">
     <span class='ocr_line' id='line_1_21' title="bbox 183 1996 1746 2072; baseline -0.005 -15"><span class='ocrx_word' id='word_1_158' title='bbox 183 2006 370 2072; x_wconf 86' lang='grc' dir='ltr'>νόμον</span> <span class='ocrx_word' id='word_1_159' title='bbox 393 2001 651 2062; x_wconf 75' lang='grc' dir='ltr'>πάντων,</span> <span class='ocrx_word' id='word_1_160' title='bbox 689 2001 765 2053; x_wconf 83' lang='grc' dir='ltr'>δι’</span> <span class='ocrx_word' id='word_1_161' title='bbox 791 1997 863 2055; x_wconf 82' lang='grc' dir='ltr'>οὗ</span> <span class='ocrx_word' id='word_1_162' title='bbox 909 2000 1006 2052; x_wconf 79' lang='grc' dir='ltr'>καί</span> <span class='ocrx_word' id='word_1_163' title='bbox 1042 1999 1184 2065; x_wconf 84' lang='grc' dir='ltr'>τοὺς</span> <span class='ocrx_word' id='word_1_164' title='bbox 1216 1996 1434 2063; x_wconf 79' lang='grc' dir='ltr'>αἰῶνας</span> <span class='ocrx_word' id='word_1_165' title='bbox 1475 1998 1746 2062; x_wconf 81' lang='grc' dir='ltr'>ἐποίησε.</span> 
     </span>
    </p>
   </div>
   <div class='ocr_carea' id='block_1_22' title="bbox 185 2080 1742 2155">
    <p class='ocr_par' dir='ltr' id='par_1_22' title="bbox 185 2080 1742 2155">
     <span class='ocr_line' id='line_1_22' title="bbox 185 2080 1742 2155; baseline -0.006 -14"><span class='ocrx_word' id='word_1_166' title='bbox 185 2087 296 2155; x_wconf 56' lang='grc' dir='ltr'>Καὶ·</span> <span class='ocrx_word' id='word_1_167' title='bbox 323 2085 483 2138; x_wconf 85' lang='grc' dir='ltr'>πάλιν</span> <span class='ocrx_word' id='word_1_168' title='bbox 510 2085 538 2136; x_wconf 87' lang='grc' dir='ltr'>ὁ</span> <span class='ocrx_word' id='word_1_169' title='bbox 563 2084 836 2152; x_wconf 82' lang='grc' dir='ltr'>Ἰωάννης,</span> <span class='ocrx_word' id='word_1_170' title='bbox 875 2084 927 2134; x_wconf 90' lang='grc' dir='ltr'><strong><em>Ὁ</em></strong></span> <span class='ocrx_word' id='word_1_171' title='bbox 951 2084 1133 2152; x_wconf 83' lang='grc' dir='ltr'>νόμος</span> <span class='ocrx_word' id='word_1_172' title='bbox 1151 2082 1250 2135; x_wconf 84' lang='grc' dir='ltr'>διὰ</span> <span class='ocrx_word' id='word_1_173' title='bbox 1270 2081 1524 2146; x_wconf 87' lang='grc' dir='ltr'>Μωσέως</span> <span class='ocrx_word' id='word_1_174' title='bbox 1543 2080 1742 2145; x_wconf 84' lang='grc' dir='ltr'>ἐδόθη,</span> 
     </span>
    </p>
   </div>
   <div class='ocr_carea' id='block_1_23' title="bbox 184 2165 1746 2241">
    <p class='ocr_par' dir='ltr' id='par_1_23' title="bbox 184 2165 1746 2241">
     <span class='ocr_line' id='line_1_23' title="bbox 184 2165 1746 2241; baseline -0.004 -18"><span class='ocrx_word' id='word_1_175' title='bbox 184 2175 224 2241; x_wconf 79' lang='grc' dir='ltr'>-ή</span> <span class='ocrx_word' id='word_1_176' title='bbox 267 2171 335 2225; x_wconf 80' lang='grc' dir='ltr'>δὲ</span> <span class='ocrx_word' id='word_1_177' title='bbox 371 2167 542 2238; x_wconf 85' lang='grc' dir='ltr'>χάρις</span> <span class='ocrx_word' id='word_1_178' title='bbox 592 2168 688 2220; x_wconf 81' lang='grc' dir='ltr'>καὶ</span> <span class='ocrx_word' id='word_1_179' title='bbox 743 2166 780 2233; x_wconf 76' lang='grc' dir='ltr'>η</span> <span class='ocrx_word' id='word_1_180' title='bbox 824 2166 1072 2233; x_wconf 78' lang='grc' dir='ltr'>ἀλήθεια</span> <span class='ocrx_word' id='word_1_181' title='bbox 1099 2166 1197 2218; x_wconf 77' lang='grc' dir='ltr'>διὰ</span> <span class='ocrx_word' id='word_1_182' title='bbox 1251 2165 1444 2229; x_wconf 83' lang='grc' dir='ltr'>Ἰησοῦ</span> <span class='ocrx_word' id='word_1_183' title='bbox 1490 2165 1746 2232; x_wconf 82' lang='grc' dir='ltr'>Χριστοῦ</span> 
     </span>
    </p>
   </div>
   <div class='ocr_carea' id='block_1_24' title="bbox 184 2243 1752 2324">
    <p class='ocr_par' dir='ltr' id='par_1_24' title="bbox 184 2243 1752 2324">
     <span class='ocr_line' id='line_1_24' title="bbox 184 2243 1752 2324; baseline -0.006 -16"><span class='ocrx_word' id='word_1_184' title='bbox 184 2255 437 2324; x_wconf 61' lang='grc' dir='ltr'>ἐγένετο.</span> <span class='ocrx_word' id='word_1_185' title='bbox 455 2253 615 2303; x_wconf 81' lang='grc' dir='ltr'>Ὥστε</span> <span class='ocrx_word' id='word_1_186' title='bbox 643 2243 738 2304; x_wconf 68' lang='grc' dir='ltr'>’τοῦ</span> <span class='ocrx_word' id='word_1_187' title='bbox 776 2251 940 2320; x_wconf 81' lang='grc' dir='ltr'>νόμου</span> <span class='ocrx_word' id='word_1_188' title='bbox 976 2249 1227 2318; x_wconf 83' lang='grc' dir='ltr'>μέγιστον</span> <span class='ocrx_word' id='word_1_189' title='bbox 1255 2251 1346 2302; x_wconf 72' lang='grc' dir='ltr'>καὶ</span> <span class='ocrx_word' id='word_1_190' title='bbox 1373 2249 1535 2301; x_wconf 88' lang='grc' dir='ltr'>τοῦτο</span> <span class='ocrx_word' id='word_1_191' title='bbox 1571 2247 1752 2313; x_wconf 78' lang='grc' dir='ltr'>ἐγκώ-</span> 
     </span>
    </p>
   </div>
   <div class='ocr_carea' id='block_1_25' title="bbox 189 2330 1747 2406">
    <p class='ocr_par' dir='ltr' id='par_1_25' title="bbox 189 2330 1747 2406">
     <span class='ocr_line' id='line_1_25' title="bbox 189 2330 1747 2406; baseline -0.004 -18"><span class='ocrx_word' id='word_1_192' title='bbox 189 2353 327 2406; x_wconf 87' lang='grc' dir='ltr'>μιον,</span> <span class='ocrx_word' id='word_1_193' title='bbox 360 2336 419 2386; x_wconf 88' lang='lat'>16</span> <span class='ocrx_word' id='word_1_194' title='bbox 445 2333 862 2404; x_wconf 72' lang='grc' dir='ltr'>παρασκευάσαι</span> <span class='ocrx_word' id='word_1_195' title='bbox 885 2332 960 2401; x_wconf 82' lang='grc' dir='ltr'>τῷ</span> <span class='ocrx_word' id='word_1_196' title='bbox 997 2331 1296 2401; x_wconf 79' lang='grc' dir='ltr'>διδασκάλῳ</span> <span class='ocrx_word' id='word_1_197' title='bbox 1330 2332 1428 2402; x_wconf 80' lang='grc' dir='ltr'>τὴν</span> <span class='ocrx_word' id='word_1_198' title='bbox 1458 2333 1619 2400; x_wconf 79' lang='grc' dir='ltr'>φύσιν</span> <span class='ocrx_word' id='word_1_199' title='bbox 1649 2330 1747 2400; x_wconf 79' lang='grc' dir='ltr'>τὴν</span> 
     </span>
    </p>
   </div>
   <div class='ocr_carea' id='block_1_26' title="bbox 188 2412 1748 2488">
    <p class='ocr_par' dir='ltr' id='par_1_26' title="bbox 188 2412 1748 2488">
     <span class='ocr_line' id='line_1_26' title="bbox 188 2412 1748 2488; baseline -0.004 -18"><span class='ocrx_word' id='word_1_200' title='bbox 188 2417 552 2488; x_wconf 81' lang='grc' dir='ltr'>ἀνθρωπίνην.</span> <span class='ocrx_word' id='word_1_201' title='bbox 589 2412 737 2473; x_wconf 77' lang='grc' dir='ltr'>Εἶτα,</span> <span class='ocrx_word' id='word_1_202' title='bbox 770 2414 857 2466; x_wconf 82' lang='grc' dir='ltr'>ἵνα</span> <span class='ocrx_word' id='word_1_203' title='bbox 890 2413 962 2484; x_wconf 84' lang='grc' dir='ltr'>μὴ</span> <span class='ocrx_word' id='word_1_204' title='bbox 990 2412 1215 2484; x_wconf 81' lang='grc' dir='ltr'>νομίσῃς</span> <span class='ocrx_word' id='word_1_205' title='bbox 1251 2415 1410 2466; x_wconf 77' lang='grc' dir='ltr'>αὐτὸν</span> <span class='ocrx_word' id='word_1_206' title='bbox 1439 2415 1748 2484; x_wconf 82' lang='grc' dir='ltr'>πρόσφατον</span> 
     </span>
    </p>
   </div>
   <div class='ocr_carea' id='block_1_27' title="bbox 185 2486 1750 2567">
    <p class='ocr_par' dir='ltr' id='par_1_27' title="bbox 185 2486 1750 2567">
     <span class='ocr_line' id='line_1_27' title="bbox 185 2486 1750 2567; baseline -0.004 -15"><span class='ocrx_word' id='word_1_207' title='bbox 185 2486 322 2552; x_wconf 79' lang='grc' dir='ltr'>εἶναι</span> <span class='ocrx_word' id='word_1_208' title='bbox 347 2486 498 2562; x_wconf 72' lang='grc' dir='ltr'>Θεδν,</span> <span class='ocrx_word' id='word_1_209' title='bbox 526 2498 657 2567; x_wconf 81' lang='grc' dir='ltr'>μηδὲ</span> <span class='ocrx_word' id='word_1_210' title='bbox 695 2496 1040 2565; x_wconf 78' lang='grc' dir='ltr'>καινοτομίαν</span> <span class='ocrx_word' id='word_1_211' title='bbox 1066 2500 1186 2548; x_wconf 77' lang='grc' dir='ltr'>τινα</span> <span class='ocrx_word' id='word_1_212' title='bbox 1219 2496 1488 2564; x_wconf 84' lang='grc' dir='ltr'>εἰσάγειν,</span> <span class='ocrx_word' id='word_1_213' title='bbox 1521 2496 1750 2548; x_wconf 83' lang='grc' dir='ltr'>ἄκουσον</span> 
     </span>
    </p>
   </div>
   <div class='ocr_carea' id='block_1_28' title="bbox 184 2577 1746 2650">
    <p class='ocr_par' dir='ltr' id='par_1_28' title="bbox 184 2577 1746 2650">
     <span class='ocr_line' id='line_1_28' title="bbox 184 2577 1746 2650; baseline -0.002 -19"><span class='ocrx_word' id='word_1_214' title='bbox 184 2582 236 2633; x_wconf 76' lang='grc' dir='ltr'>τί</span> <span class='ocrx_word' id='word_1_215' title='bbox 287 2598 450 2650; x_wconf 68' lang='grc' dir='ltr'>φησιν</span> <span class='ocrx_word' id='word_1_216' title='bbox 474 2597 488 2610; x_wconf 89' lang='grc'><strong>·</strong></span> <span class='ocrx_word' id='word_1_217' title='bbox 535 2582 637 2633; x_wconf 86' lang='grc' dir='ltr'>Ἐν</span> <span class='ocrx_word' id='word_1_218' title='bbox 671 2577 946 2647; x_wconf 62' lang='grc' dir='ltr'>κεφαλίδι</span> <span class='ocrx_word' id='word_1_219' title='bbox 994 2579 1237 2640; x_wconf 83' lang='grc' dir='ltr'>,ϐιϐλίου</span> <span class='ocrx_word' id='word_1_220' title='bbox 1275 2579 1592 2646; x_wconf 81' lang='grc' dir='ltr'>γέγραπται</span> <span class='ocrx_word' id='word_1_221' title='bbox 1617 2577 1746 2644; x_wconf 80' lang='grc' dir='ltr'>περί</span> 
     </span>
    </p>
   </div>
   <div class='ocr_carea' id='block_1_29' title="bbox 186 2658 1754 2730">
    <p class='ocr_par' dir='ltr' id='par_1_29' title="bbox 186 2658 1754 2730">
     <span class='ocr_line' id='line_1_29' title="bbox 186 2658 1754 2730; baseline -0.004 -15"><span class='ocrx_word' id='word_1_222' title='bbox 186 2662 352 2730; x_wconf 85' lang='grc' dir='ltr'>ἐμοῦ.</span> <span class='ocrx_word' id='word_1_223' title='bbox 386 2662 560 2715; x_wconf 84' lang='grc' dir='ltr'>Πάλαι</span> <span class='ocrx_word' id='word_1_224' title='bbox 593 2678 715 2730; x_wconf 87' lang='grc' dir='ltr'>μου,</span> <span class='ocrx_word' id='word_1_225' title='bbox 746 2660 900 2730; x_wconf 77' lang='grc' dir='ltr'>φησὶ,</span> <span class='ocrx_word' id='word_1_226' title='bbox 928 2662 1026 2730; x_wconf 82' lang='grc' dir='ltr'>τὴν</span> <span class='ocrx_word' id='word_1_227' title='bbox 1046 2660 1346 2730; x_wconf 84' lang='grc' dir='ltr'>παρουσίαν</span> <span class='ocrx_word' id='word_1_228' title='bbox 1373 2658 1754 2730; x_wconf 79' lang='grc' dir='ltr'>προανεφώνη-</span> 
     </span>
    </p>
   </div>
   <div class='ocr_carea' id='block_1_30' title="bbox 188 2740 1750 2813">
    <p class='ocr_par' dir='ltr' id='par_1_30' title="bbox 188 2740 1750 2813">
     <span class='ocr_line' id='line_1_30' title="bbox 188 2740 1750 2813; baseline -0.002 -18"><span class='ocrx_word' id='word_1_229' title='bbox 188 2761 285 2796; x_wconf 84' lang='grc' dir='ltr'>σαν</span> <span class='ocrx_word' id='word_1_230' title='bbox 314 2745 364 2795; x_wconf 85' lang='grc' dir='ltr'>οί</span> <span class='ocrx_word' id='word_1_231' title='bbox 385 2745 678 2813; x_wconf 80' lang='grc' dir='ltr'>προφῆται,</span> <span class='ocrx_word' id='word_1_232' title='bbox 695 2745 788 2795; x_wconf 69' lang='grc' dir='ltr'>καὶ</span> <span class='ocrx_word' id='word_1_233' title='bbox 816 2744 873 2794; x_wconf 87' lang='grc' dir='ltr'>ἐν</span> <span class='ocrx_word' id='word_1_234' title='bbox 888 2742 1028 2812; x_wconf 83' lang='grc' dir='ltr'>ἀρχῇ</span> <span class='ocrx_word' id='word_1_235' title='bbox 1052 2741 1162 2793; x_wconf 85' lang='grc' dir='ltr'>τῶν</span> <span class='ocrx_word' id='word_1_236' title='bbox 1186 2741 1402 2810; x_wconf 87' lang='grc' dir='ltr'>βιϐλίων</span> <span class='ocrx_word' id='word_1_237' title='bbox 1427 2742 1524 2811; x_wconf 83' lang='grc' dir='ltr'>τὴν</span> <span class='ocrx_word' id='word_1_238' title='bbox 1550 2740 1750 2808; x_wconf 80' lang='grc' dir='ltr'>γνῶσιν</span> 
     </span>
    </p>
   </div>
   <div class='ocr_carea' id='block_1_31' title="bbox 185 2823 1641 2896">
    <p class='ocr_par' dir='ltr' id='par_1_31' title="bbox 185 2823 1641 2896">
     <span class='ocr_line' id='line_1_31' title="bbox 185 2823 1641 2896; baseline -0.001 -18"><span class='ocrx_word' id='word_1_239' title='bbox 185 2828 283 2896; x_wconf 81' lang='grc' dir='ltr'>τῆς</span> <span class='ocrx_word' id='word_1_240' title='bbox 303 2826 441 2896; x_wconf 85' lang='grc' dir='ltr'>ἐμῆς</span> <span class='ocrx_word' id='word_1_241' title='bbox 468 2825 722 2893; x_wconf 76' lang='grc' dir='ltr'>θεότητος</span> <span class='ocrx_word' id='word_1_242' title='bbox 748 2827 862 2889; x_wconf 84' lang='grc' dir='ltr'>τοῖς</span> <span class='ocrx_word' id='word_1_243' title='bbox 899 2823 1205 2892; x_wconf 83' lang='grc' dir='ltr'>ἀνθρώποις</span> <span class='ocrx_word' id='word_1_244' title='bbox 1235 2823 1565 2893; x_wconf 82' lang='grc' dir='ltr'>παρήνοιξαν</span> <span class='ocrx_word' id='word_1_245' title='bbox 1591 2824 1641 2876; x_wconf 73' lang='lat' dir='ltr'>b.</span> 
     </span>
    </p>
   </div>
   <div class='ocr_carea' id='block_1_32' title="bbox 231 2897 1748 2975">
    <p class='ocr_par' dir='ltr' id='par_1_32' title="bbox 231 2897 1748 2975">
     <span class='ocr_line' id='line_1_32' title="bbox 231 2897 1748 2975; baseline 0.01 -21"><span class='ocrx_word' id='word_1_246' title='bbox 231 2897 327 2975; x_wconf 67' lang='grc' dir='ltr'>γ’,</span> <span class='ocrx_word' id='word_1_247' title='bbox 362 2903 529 2961; x_wconf 77' lang='grc' dir='ltr'>Ὅταν</span> <span class='ocrx_word' id='word_1_248' title='bbox 573 2903 664 2959; x_wconf 83' lang='grc' dir='ltr'>οὖν</span> <span class='ocrx_word' id='word_1_249' title='bbox 690 2908 718 2958; x_wconf 91' lang='lat'>6</span> <span class='ocrx_word' id='word_1_250' title='bbox 743 2906 874 2969; x_wconf 80' lang='grc' dir='ltr'>Θεὸς</span> <span class='ocrx_word' id='word_1_251' title='bbox 899 2906 1052 2975; x_wconf 83' lang='grc' dir='ltr'>λέγῃ,</span> <span class='ocrx_word' id='word_1_252' title='bbox 1084 2908 1141 2957; x_wconf 80' lang='grc' dir='ltr'>ἐν</span> <span class='ocrx_word' id='word_1_253' title='bbox 1169 2907 1308 2974; x_wconf 83' lang='grc' dir='ltr'>ἀρχῇ</span> <span class='ocrx_word' id='word_1_254' title='bbox 1354 2905 1451 2973; x_wconf 83' lang='grc' dir='ltr'>τῆς</span> <span class='ocrx_word' id='word_1_255' title='bbox 1485 2905 1713 2967; x_wconf 77' lang='grc' dir='ltr'>κτίσεως</span> <span class='ocrx_word' id='word_1_256' title='bbox 1733 2947 1748 2969; x_wconf 72' lang='grc' dir='ltr'>ν</span> 
     </span>
    </p>
   </div>
   <div class='ocr_carea' id='block_1_33' title="bbox 185 2986 1754 3056">
    <p class='ocr_par' dir='ltr' id='par_1_33' title="bbox 185 2986 1754 3056">
     <span class='ocr_line' id='line_1_33' title="bbox 185 2986 1754 3056; baseline -0.001 -16"><span class='ocrx_word' id='word_1_257' title='bbox 185 2988 536 3056; x_wconf 80' lang='grc' dir='ltr'>Ποιήσωμεν</span> <span class='ocrx_word' id='word_1_258' title='bbox 547 2987 859 3056; x_wconf 79' lang='grc' dir='ltr'>ἄνθρωπον</span> <span class='ocrx_word' id='word_1_259' title='bbox 869 2989 993 3040; x_wconf 87' lang='grc' dir='ltr'>κατ’</span> <span class='ocrx_word' id='word_1_260' title='bbox 1003 2988 1207 3040; x_wconf 78' lang='grc' dir='ltr'>εἰκόνα</span> <span class='ocrx_word' id='word_1_261' title='bbox 1221 2986 1315 3038; x_wconf 81' lang='grc' dir='ltr'>καὶ</span> <span class='ocrx_word' id='word_1_262' title='bbox 1329 2986 1458 3040; x_wconf 82' lang='grc' dir='ltr'>καθ’</span> <span class='ocrx_word' id='word_1_263' title='bbox 1471 2987 1754 3054; x_wconf 83' lang='grc' dir='ltr'>ὁμοίωσιν</span> 
     </span>
    </p>
   </div>
   <div class='ocr_carea' id='block_1_34' title="bbox 187 3057 1753 3140">
    <p class='ocr_par' dir='ltr' id='par_1_34' title="bbox 187 3057 1753 3140">
     <span class='ocr_line' id='line_1_34' title="bbox 187 3057 1753 3140; baseline -0.002 -16"><span class='ocrx_word' id='word_1_264' title='bbox 187 3057 498 3140; x_wconf 69' lang='grc' dir='ltr'>ήμετέραν,</span> <span class='ocrx_word' id='word_1_265' title='bbox 528 3068 938 3139; x_wconf 82' lang='grc' dir='ltr'>αἰνιγματωδῶς</span> <span class='ocrx_word' id='word_1_266' title='bbox 966 3069 1096 3138; x_wconf 82' lang='grc' dir='ltr'>ἡμῖν</span> <span class='ocrx_word' id='word_1_267' title='bbox 1121 3066 1213 3120; x_wconf 90' lang='grc' dir='ltr'>τοῦ</span> <span class='ocrx_word' id='word_1_268' title='bbox 1244 3067 1371 3119; x_wconf 86' lang='grc' dir='ltr'>Υίοῦ</span> <span class='ocrx_word' id='word_1_269' title='bbox 1402 3069 1500 3136; x_wconf 78' lang='grc' dir='ltr'>τὴν</span> <span class='ocrx_word' id='word_1_270' title='bbox 1526 3068 1753 3138; x_wconf 83' lang='grc' dir='ltr'>θεότητα</span> 
     </span>
    </p>
   </div>
   <div class='ocr_carea' id='block_1_35' title="bbox 187 3145 1752 3225">
    <p class='ocr_par' dir='ltr' id='par_1_35' title="bbox 187 3145 1752 3225">
     <span class='ocr_line' id='line_1_35' title="bbox 187 3145 1752 3225; baseline -0.003 -20"><span class='ocrx_word' id='word_1_271' title='bbox 187 3153 577 3225; x_wconf 65' lang='grc' dir='ltr'>ἀποκαλύπτει,</span> <span class='ocrx_word' id='word_1_272' title='bbox 631 3151 766 3221; x_wconf 75' lang='grc' dir='ltr'>πρὸς</span> <span class='ocrx_word' id='word_1_273' title='bbox 797 3151 855 3203; x_wconf 85' lang='grc' dir='ltr'>ὃν</span> <span class='ocrx_word' id='word_1_274' title='bbox 893 3150 1218 3216; x_wconf 78' lang='grc' dir='ltr'>διαλέγεται.</span> <span class='ocrx_word' id='word_1_275' title='bbox 1249 3145 1382 3201; x_wconf 82' lang='grc' dir='ltr'>Εἶτα</span> <span class='ocrx_word' id='word_1_276' title='bbox 1427 3150 1641 3212; x_wconf 81' lang='grc' dir='ltr'>δεικνὺς</span> <span class='ocrx_word' id='word_1_277' title='bbox 1677 3150 1752 3212; x_wconf 89' lang='grc' dir='ltr'>ώς</span> 
     </span>
    </p>
   </div>
   <div class='ocr_carea' id='block_1_36' title="bbox 184 3230 1752 3302">
    <p class='ocr_par' dir='ltr' id='par_1_36' title="bbox 184 3230 1752 3302">
     <span class='ocr_line' id='line_1_36' title="bbox 184 3230 1752 3302; baseline -0.004 -14"><span class='ocrx_word' id='word_1_278' title='bbox 184 3237 288 3292; x_wconf 81' lang='grc' dir='ltr'>οὑκ</span> <span class='ocrx_word' id='word_1_279' title='bbox 334 3235 547 3288; x_wconf 79' lang='grc' dir='ltr'>ἐναντία</span> <span class='ocrx_word' id='word_1_280' title='bbox 599 3232 736 3302; x_wconf 84' lang='grc' dir='ltr'>αῦτη</span> <span class='ocrx_word' id='word_1_281' title='bbox 779 3235 845 3301; x_wconf 83' lang='grc' dir='ltr'>τῇ</span> <span class='ocrx_word' id='word_1_282' title='bbox 889 3231 1128 3302; x_wconf 68' lang='grc' dir='ltr'>προτέρα</span> <span class='ocrx_word' id='word_1_283' title='bbox 1165 3231 1436 3302; x_wconf 72' lang='grc' dir='ltr'>πολιτείᾳ,</span> <span class='ocrx_word' id='word_1_284' title='bbox 1485 3230 1622 3284; x_wconf 82' lang='grc' dir='ltr'>ἀλλὰ</span> <span class='ocrx_word' id='word_1_285' title='bbox 1658 3232 1752 3288; x_wconf 80' lang='grc' dir='ltr'>καὶ</span> 
     </span>
    </p>
   </div>
   <div class='ocr_carea' id='block_1_37' title="bbox 183 3309 1754 3385">
    <p class='ocr_par' dir='ltr' id='par_1_37' title="bbox 183 3309 1754 3385">
     <span class='ocr_line' id='line_1_37' title="bbox 183 3309 1754 3385; baseline -0.003 -15"><span class='ocrx_word' id='word_1_286' title='bbox 183 3316 346 3372; x_wconf 79' lang='grc' dir='ltr'>τοῦτο</span> <span class='ocrx_word' id='word_1_287' title='bbox 393 3316 602 3385; x_wconf 85' lang='grc' dir='ltr'>θέλημα</span> <span class='ocrx_word' id='word_1_288' title='bbox 660 3314 795 3367; x_wconf 81' lang='grc' dir='ltr'>Θεοῦ</span> <span class='ocrx_word' id='word_1_289' title='bbox 840 3309 930 3384; x_wconf 84' lang='grc' dir='ltr'>ἦν,</span> <span class='ocrx_word' id='word_1_290' title='bbox 982 3313 1344 3384; x_wconf 81' lang='grc' dir='ltr'>καταλυθῆναι</span> <span class='ocrx_word' id='word_1_291' title='bbox 1395 3313 1494 3384; x_wconf 84' lang='grc' dir='ltr'>μὲν</span> <span class='ocrx_word' id='word_1_292' title='bbox 1541 3314 1754 3382; x_wconf 83' lang='grc' dir='ltr'>ἐκείνην</span> 
     </span>
    </p>
   </div>
   <div class='ocr_carea' id='block_1_38' title="bbox 185 3396 1754 3470">
    <p class='ocr_par' dir='ltr' id='par_1_38' title="bbox 185 3396 1754 3470">
     <span class='ocr_line' id='line_1_38' title="bbox 185 3396 1754 3470; baseline -0.003 -18"><span class='ocrx_word' id='word_1_293' title='bbox 185 3400 286 3470; x_wconf 76' lang='grc' dir='ltr'>τὴν</span> <span class='ocrx_word' id='word_1_294' title='bbox 320 3399 531 3464; x_wconf 85' lang='grc' dir='ltr'>θυσίαν,</span> <span class='ocrx_word' id='word_1_295' title='bbox 565 3397 981 3468; x_wconf 84' lang='grc' dir='ltr'>ἀντεισαχθῆναι</span> <span class='ocrx_word' id='word_1_296' title='bbox 1011 3398 1067 3451; x_wconf 81' lang='grc' dir='ltr'>δὲ</span> <span class='ocrx_word' id='word_1_297' title='bbox 1104 3397 1307 3467; x_wconf 82' lang='grc' dir='ltr'>ταύτην</span> <span class='ocrx_word' id='word_1_298' title='bbox 1337 3398 1607 3461; x_wconf 87' lang='grc' dir='ltr'>(ἐπίτασις</span> <span class='ocrx_word' id='word_1_299' title='bbox 1649 3396 1754 3465; x_wconf 82' lang='grc' dir='ltr'>γὰρ</span> 
     </span>
    </p>
   </div>
   <div class='ocr_carea' id='block_1_39' title="bbox 184 3479 1750 3553">
    <p class='ocr_par' dir='ltr' id='par_1_39' title="bbox 184 3479 1750 3553">
     <span class='ocr_line' id='line_1_39' title="bbox 184 3479 1750 3553; baseline -0.001 -19"><span class='ocrx_word' id='word_1_300' title='bbox 184 3479 255 3552; x_wconf 80' lang='grc' dir='ltr'>ἦν</span> <span class='ocrx_word' id='word_1_301' title='bbox 288 3482 388 3548; x_wconf 89' lang='grc' dir='ltr'>τῆς</span> <span class='ocrx_word' id='word_1_302' title='bbox 435 3479 790 3553; x_wconf 82' lang='grc' dir='ltr'>διορθώσεως,</span> <span class='ocrx_word' id='word_1_303' title='bbox 845 3481 944 3536; x_wconf 73' lang='lat' dir='ltr'><em>06x</em></span> <span class='ocrx_word' id='word_1_304' title='bbox 1001 3480 1312 3542; x_wconf 77' lang='grc' dir='ltr'>ἐναντίωσις</span> <span class='ocrx_word' id='word_1_305' title='bbox 1368 3479 1487 3531; x_wconf 81' lang='grc' dir='ltr'>οὐδὲ</span> <span class='ocrx_word' id='word_1_306' title='bbox 1549 3479 1750 3550; x_wconf 82' lang='grc' dir='ltr'>μάχη),</span> 
     </span>
    </p>
   </div>
   <div class='ocr_carea' id='block_1_40' title="bbox 186 3553 1753 3631">
    <p class='ocr_par' dir='ltr' id='par_1_40' title="bbox 186 3553 1753 3631">
     <span class='ocr_line' id='line_1_40' title="bbox 186 3553 1753 3631; baseline 0 -18"><span class='ocrx_word' id='word_1_307' title='bbox 186 3553 358 3614; x_wconf 78' lang='grc' dir='ltr'>εἰπὼν</span> <span class='ocrx_word' id='word_1_308' title='bbox 380 3602 396 3624; x_wconf 95' lang='grc'>,</span> <span class='ocrx_word' id='word_1_309' title='bbox 470 3565 572 3616; x_wconf 85' lang='grc' dir='ltr'>Ἐν</span> <span class='ocrx_word' id='word_1_310' title='bbox 628 3561 905 3629; x_wconf 71' lang='grc' dir='ltr'>κεφαλίδι</span> <span class='ocrx_word' id='word_1_311' title='bbox 950 3561 1195 3624; x_wconf 83' lang='grc' dir='ltr'>,ϐιϐλίου</span> <span class='ocrx_word' id='word_1_312' title='bbox 1242 3561 1563 3631; x_wconf 69' lang='grc' dir='ltr'>τέτραπται</span> <span class='ocrx_word' id='word_1_313' title='bbox 1621 3561 1753 3628; x_wconf 79' lang='grc' dir='ltr'>περὶ</span> 
     </span>
    </p>
   </div>
   <div class='ocr_carea' id='block_1_41' title="bbox 185 3639 1756 3713">
    <p class='ocr_par' dir='ltr' id='par_1_41' title="bbox 185 3639 1756 3713">
     <span class='ocr_line' id='line_1_41' title="bbox 185 3639 1756 3713; baseline 0.001 -19"><span class='ocrx_word' id='word_1_314' title='bbox 185 3644 333 3710; x_wconf 78' lang='grc' dir='ltr'>ἐμοῦ</span> <span class='ocrx_word' id='word_1_315' title='bbox 353 3683 368 3705; x_wconf 94' lang='grc'>,</span> <span class='ocrx_word' id='word_1_316' title='bbox 409 3645 688 3713; x_wconf 80' lang='grc' dir='ltr'>ἐπήγαγε,</span> <span class='ocrx_word' id='word_1_317' title='bbox 743 3642 855 3696; x_wconf 86' lang='grc' dir='ltr'>Τοῦ</span> <span class='ocrx_word' id='word_1_318' title='bbox 903 3643 1149 3711; x_wconf 80' lang='grc' dir='ltr'>ποιῆσαι</span> <span class='ocrx_word' id='word_1_319' title='bbox 1199 3639 1267 3694; x_wconf 77' lang='grc' dir='ltr'>τὸ</span> <span class='ocrx_word' id='word_1_320' title='bbox 1301 3642 1530 3710; x_wconf 87' lang='grc' dir='ltr'>θέλημά</span> <span class='ocrx_word' id='word_1_321' title='bbox 1557 3657 1693 3702; x_wconf 87' lang='grc' dir='ltr'>σου.</span> <span class='ocrx_word' id='word_1_322' title='bbox 1723 3645 1756 3696; x_wconf 83' lang='grc' dir='ltr'><em>ὁ</em></span> 
     </span>
    </p>
   </div>
   <div class='ocr_carea' id='block_1_42' title="bbox 189 3723 1756 3792">
    <p class='ocr_par' dir='ltr' id='par_1_42' title="bbox 189 3723 1756 3792">
     <span class='ocr_line' id='line_1_42' title="bbox 189 3723 1756 3792; baseline 0.002 -17"><span class='ocrx_word' id='word_1_323' title='bbox 189 3725 355 3790; x_wconf 74' lang='grc' dir='ltr'>Θεὸς,</span> <span class='ocrx_word' id='word_1_324' title='bbox 376 3725 732 3791; x_wconf 79' lang='grc' dir='ltr'>ἐϐουλήθην,</span> <span class='ocrx_word' id='word_1_325' title='bbox 756 3723 854 3778; x_wconf 78' lang='grc' dir='ltr'>καί</span> <span class='ocrx_word' id='word_1_326' title='bbox 879 3723 987 3777; x_wconf 84' lang='grc' dir='ltr'>τὸν</span> <span class='ocrx_word' id='word_1_327' title='bbox 1006 3724 1196 3792; x_wconf 81' lang='grc' dir='ltr'>νόμον</span> <span class='ocrx_word' id='word_1_328' title='bbox 1219 3739 1335 3778; x_wconf 92' lang='grc' dir='ltr'>σου</span> <span class='ocrx_word' id='word_1_329' title='bbox 1364 3725 1434 3776; x_wconf 85' lang='grc' dir='ltr'>ὲν</span> <span class='ocrx_word' id='word_1_330' title='bbox 1455 3724 1624 3792; x_wconf 84' lang='grc' dir='ltr'>μέσῳ</span> <span class='ocrx_word' id='word_1_331' title='bbox 1649 3723 1756 3791; x_wconf 80' lang='grc' dir='ltr'>τῆς</span> 
     </span>
    </p>
   </div>
   <div class='ocr_carea' id='block_1_43' title="bbox 187 3804 1770 3876">
    <p class='ocr_par' dir='ltr' id='par_1_43' title="bbox 187 3804 1770 3876">
     <span class='ocr_line' id='line_1_43' title="bbox 187 3804 1770 3876; baseline 0 -15"><span class='ocrx_word' id='word_1_332' title='bbox 187 3808 424 3873; x_wconf 79' lang='grc' dir='ltr'>κοιλίας</span> <span class='ocrx_word' id='word_1_333' title='bbox 446 3824 592 3876; x_wconf 87' lang='grc' dir='ltr'>μου·</span> <span class='ocrx_word' id='word_1_334' title='bbox 623 3804 740 3859; x_wconf 80' lang='grc' dir='ltr'>εἶτα</span> <span class='ocrx_word' id='word_1_335' title='bbox 765 3805 956 3873; x_wconf 85' lang='grc' dir='ltr'>λέγων,</span> <span class='ocrx_word' id='word_1_336' title='bbox 981 3806 1033 3858; x_wconf 90' lang='grc' dir='ltr'>τί</span> <span class='ocrx_word' id='word_1_337' title='bbox 1051 3806 1179 3858; x_wconf 84' lang='grc' dir='ltr'>ποτέ</span> <span class='ocrx_word' id='word_1_338' title='bbox 1209 3807 1411 3871; x_wconf 10' lang='grc' dir='ltr'>ἐστιςτὸ</span> <span class='ocrx_word' id='word_1_339' title='bbox 1436 3808 1644 3876; x_wconf 85' lang='grc' dir='ltr'>Θέλημα</span> <span class='ocrx_word' id='word_1_340' title='bbox 1663 3807 1770 3866; x_wconf 80' lang='grc' dir='ltr'>τοῦ,</span> 
     </span>
    </p>
   </div>
   <div class='ocr_carea' id='block_1_44' title="bbox 188 3887 1768 3960">
    <p class='ocr_par' dir='ltr' id='par_1_44' title="bbox 188 3887 1768 3960">
     <span class='ocr_line' id='line_1_44' title="bbox 188 3887 1768 3960; baseline -0.003 -18"><span class='ocrx_word' id='word_1_341' title='bbox 188 3888 350 3952; x_wconf 86' lang='grc' dir='ltr'>Θεοῦ,</span> <span class='ocrx_word' id='word_1_342' title='bbox 388 3891 582 3960; x_wconf 72' lang='grc' dir='ltr'>παρεὶς</span> <span class='ocrx_word' id='word_1_343' title='bbox 633 3887 824 3940; x_wconf 83' lang='grc' dir='ltr'>Θυσίαν</span> <span class='ocrx_word' id='word_1_344' title='bbox 855 3890 1048 3952; x_wconf 88' lang='grc' dir='ltr'>εἰπεῖν,</span> <span class='ocrx_word' id='word_1_345' title='bbox 1085 3889 1179 3940; x_wconf 80' lang='grc' dir='ltr'>καὶ</span> <span class='ocrx_word' id='word_1_346' title='bbox 1208 3887 1637 3958; x_wconf 44' lang='grc' dir='ltr'>ὁλοκαυτώματα,</span> <span class='ocrx_word' id='word_1_347' title='bbox 1663 3889 1768 3942; x_wconf 74' lang='grc' dir='ltr'>καὶ,</span> 
     </span>
    </p>
   </div>
   <div class='ocr_carea' id='block_1_45' title="bbox 189 3970 1756 4042">
    <p class='ocr_par' dir='ltr' id='par_1_45' title="bbox 189 3970 1756 4042">
     <span class='ocr_line' id='line_1_45' title="bbox 189 3970 1756 4042; baseline -0.001 -18"><span class='ocrx_word' id='word_1_348' title='bbox 189 3972 506 4042; x_wconf 78' lang='grc' dir='ltr'>προσφορὰς</span> <span class='ocrx_word' id='word_1_349' title='bbox 535 3971 628 4024; x_wconf 77' lang='grc' dir='ltr'>καὶ</span> <span class='ocrx_word' id='word_1_350' title='bbox 660 3971 852 4034; x_wconf 81' lang='grc' dir='ltr'>πόνους</span> <span class='ocrx_word' id='word_1_351' title='bbox 877 3971 969 4024; x_wconf 77' lang='grc' dir='ltr'>καὶ</span> <span class='ocrx_word' id='word_1_352' title='bbox 1010 3970 1258 4040; x_wconf 85' lang='grc' dir='ltr'>ἱδρῶτας,</span> <span class='ocrx_word' id='word_1_353' title='bbox 1284 3971 1468 4040; x_wconf 67' lang='grc' dir='ltr'>φησιν,</span> <span class='ocrx_word' id='word_1_354' title='bbox 1498 3972 1756 4040; x_wconf 76' lang='grc' dir='ltr'>Εὺηγγεσ-</span> 
     </span>
    </p>
   </div>
   <div class='ocr_carea' id='block_1_46' title="bbox 187 4052 1755 4126">
    <p class='ocr_par' dir='ltr' id='par_1_46' title="bbox 187 4052 1755 4126">
     <span class='ocr_line' id='line_1_46' title="bbox 187 4052 1755 4126; baseline -0.003 -18"><span class='ocrx_word' id='word_1_355' title='bbox 187 4054 462 4126; x_wconf 79' lang='grc' dir='ltr'>λισαμην</span> <span class='ocrx_word' id='word_1_356' title='bbox 492 4053 886 4119; x_wconf 83' lang='grc' dir='ltr'>δικαιοσύνην</span> <span class='ocrx_word' id='word_1_357' title='bbox 933 4053 1002 4105; x_wconf 79' lang='grc' dir='ltr'>ἐν</span> <span class='ocrx_word' id='word_1_358' title='bbox 1050 4052 1374 4119; x_wconf 81' lang='grc' dir='ltr'>Ἐκκλησία</span> <span class='ocrx_word' id='word_1_359' title='bbox 1403 4052 1660 4121; x_wconf 83' lang='grc' dir='ltr'>μεγάλῃ.</span> <span class='ocrx_word' id='word_1_360' title='bbox 1692 4052 1755 4103; x_wconf 90' lang='grc' dir='ltr'>Τί</span> 
     </span>
    </p>
   </div>
   <div class='ocr_carea' id='block_1_47' title="bbox 191 4132 1756 4208">
    <p class='ocr_par' dir='ltr' id='par_1_47' title="bbox 191 4132 1756 4208">
     <span class='ocr_line' id='line_1_47' title="bbox 191 4132 1756 4208; baseline 0.001 -20"><span class='ocrx_word' id='word_1_361' title='bbox 191 4137 328 4188; x_wconf 84' lang='grc' dir='ltr'>ποτέ</span> <span class='ocrx_word' id='word_1_362' title='bbox 359 4139 526 4197; x_wconf 84' lang='grc' dir='ltr'>ἐστιν,</span> <span class='ocrx_word' id='word_1_363' title='bbox 567 4136 1023 4208; x_wconf 79' lang='grc' dir='ltr'>Εὐηγγελισάμην</span> <span class='ocrx_word' id='word_1_364' title='bbox 1059 4134 1435 4204; x_wconf 75' lang='grc' dir='ltr'>δικαισσύνηνς</span> <span class='ocrx_word' id='word_1_365' title='bbox 1467 4135 1581 4192; x_wconf 88' lang='grc' dir='ltr'>Οὑκ</span> <span class='ocrx_word' id='word_1_366' title='bbox 1605 4132 1756 4189; x_wconf 79' lang='grc' dir='ltr'>εἶπεν</span> 
     </span>
    </p>
   </div>
   <div class='ocr_carea' id='block_1_48' title="bbox 189 4219 1754 4288">
    <p class='ocr_par' dir='ltr' id='par_1_48' title="bbox 189 4219 1754 4288">
     <span class='ocr_line' id='line_1_48' title="bbox 189 4219 1754 4288; baseline -0.003 -15"><span class='ocrx_word' id='word_1_367' title='bbox 189 4220 400 4283; x_wconf 82' lang='grc' dir='ltr'>ἁπλῶς,</span> <span class='ocrx_word' id='word_1_368' title='bbox 436 4221 669 4283; x_wconf 86' lang='grc' dir='ltr'>Ἐδωκα,</span> <span class='ocrx_word' id='word_1_369' title='bbox 702 4220 839 4280; x_wconf 83' lang='grc' dir='ltr'>ἀλλ’,</span> <span class='ocrx_word' id='word_1_370' title='bbox 887 4219 1355 4288; x_wconf 75' lang='grc' dir='ltr'>Εὑηγγελισάμην.</span> <span class='ocrx_word' id='word_1_371' title='bbox 1403 4219 1467 4272; x_wconf 92' lang='grc' dir='ltr'>Τί</span> <span class='ocrx_word' id='word_1_372' title='bbox 1523 4219 1754 4288; x_wconf 86' lang='grc' dir='ltr'>δήποτε;</span> 
     </span>
    </p>
   </div>
   <div class='ocr_carea' id='block_1_49' title="bbox 193 4302 1760 4374">
    <p class='ocr_par' dir='ltr' id='par_1_49' title="bbox 193 4302 1760 4374">
     <span class='ocr_line' id='line_1_49' title="bbox 193 4302 1760 4374; baseline 0 -20"><span class='ocrx_word' id='word_1_373' title='bbox 193 4303 318 4355; x_wconf 82' lang='grc' dir='ltr'>’Ότι</span> <span class='ocrx_word' id='word_1_374' title='bbox 345 4304 445 4356; x_wconf 79' lang='grc' dir='ltr'>οὒκ</span> <span class='ocrx_word' id='word_1_375' title='bbox 473 4305 578 4356; x_wconf 73' lang='grc' dir='ltr'>ἀπὸ</span> <span class='ocrx_word' id='word_1_376' title='bbox 598 4304 1053 4374; x_wconf 82' lang='grc' dir='ltr'>κατορθωμάτων,</span> <span class='ocrx_word' id='word_1_377' title='bbox 1083 4303 1202 4355; x_wconf 79' lang='grc' dir='ltr'>οὐδὲ</span> <span class='ocrx_word' id='word_1_378' title='bbox 1220 4303 1416 4368; x_wconf 81' lang='grc' dir='ltr'>πόνων,</span> <span class='ocrx_word' id='word_1_379' title='bbox 1447 4302 1566 4355; x_wconf 83' lang='grc' dir='ltr'>οὑδέ</span> <span class='ocrx_word' id='word_1_380' title='bbox 1597 4304 1760 4371; x_wconf 62' lang='lat'><em>69.0;-</em></span> 
     </span>
    </p>
   </div>
   <div class='ocr_carea' id='block_1_50' title="bbox 192 4384 1759 4456">
    <p class='ocr_par' dir='ltr' id='par_1_50' title="bbox 192 4384 1759 4456">
     <span class='ocr_line' id='line_1_50' title="bbox 192 4384 1759 4456; baseline -0.001 -18"><span class='ocrx_word' id='word_1_381' title='bbox 192 4385 318 4454; x_wconf 71' lang='grc' dir='ltr'>ϐῆς,</span> <span class='ocrx_word' id='word_1_382' title='bbox 353 4385 468 4438; x_wconf 79' lang='grc' dir='ltr'>ἀλλ’</span> <span class='ocrx_word' id='word_1_383' title='bbox 493 4388 600 4438; x_wconf 78' lang='grc' dir='ltr'>ἀπὸ</span> <span class='ocrx_word' id='word_1_384' title='bbox 645 4385 867 4456; x_wconf 87' lang='grc' dir='ltr'>χάριτος</span> <span class='ocrx_word' id='word_1_385' title='bbox 899 4388 1064 4456; x_wconf 85' lang='grc' dir='ltr'>μόνης</span> <span class='ocrx_word' id='word_1_386' title='bbox 1111 4386 1172 4438; x_wconf 85' lang='lat'>16</span> <span class='ocrx_word' id='word_1_387' title='bbox 1203 4385 1360 4452; x_wconf 85' lang='grc' dir='ltr'>γένος</span> <span class='ocrx_word' id='word_1_388' title='bbox 1384 4384 1666 4440; x_wconf 83' lang='grc' dir='ltr'>ἐδικαίωσε</span> <span class='ocrx_word' id='word_1_389' title='bbox 1697 4384 1759 4438; x_wconf 89' lang='lat'>16</span> 
     </span>
    </p>
   </div>
   <div class='ocr_carea' id='block_1_51' title="bbox 190 4465 1756 4542">
    <p class='ocr_par' dir='ltr' id='par_1_51' title="bbox 190 4465 1756 4542">
     <span class='ocr_line' id='line_1_51' title="bbox 190 4465 1756 4542; baseline 0 -24"><span class='ocrx_word' id='word_1_390' title='bbox 190 4468 482 4538; x_wconf 73' lang='grc' dir='ltr'>ἡμέτερον.</span> <span class='ocrx_word' id='word_1_391' title='bbox 545 4474 723 4542; x_wconf 81' lang='grc' dir='ltr'>Ὅπερ</span> <span class='ocrx_word' id='word_1_392' title='bbox 763 4465 856 4522; x_wconf 87' lang='grc' dir='ltr'>οὖν</span> <span class='ocrx_word' id='word_1_393' title='bbox 884 4470 977 4522; x_wconf 76' lang='grc' dir='ltr'>καὶ</span> <span class='ocrx_word' id='word_1_394' title='bbox 1007 4473 1037 4522; x_wconf 90' lang='lat'>6</span> <span class='ocrx_word' id='word_1_395' title='bbox 1083 4467 1294 4530; x_wconf 87' lang='grc' dir='ltr'>Παῦλος</span> <span class='ocrx_word' id='word_1_396' title='bbox 1341 4467 1517 4538; x_wconf 85' lang='grc' dir='ltr'>δηλῶν</span> <span class='ocrx_word' id='word_1_397' title='bbox 1561 4466 1713 4534; x_wconf 78' lang='grc' dir='ltr'>ἔλεγε</span> <span class='ocrx_word' id='word_1_398' title='bbox 1739 4481 1756 4498; x_wconf 78' lang='grc' dir='ltr'><strong>ο</strong></span> 
     </span>
    </p>
   </div>
   <div class='ocr_carea' id='block_1_52' title="bbox 191 4543 1760 4624">
    <p class='ocr_par' dir='ltr' id='par_1_52' title="bbox 191 4543 1760 4624">
     <span class='ocr_line' id='line_1_52' title="bbox 191 4543 1760 4624; baseline 0.001 -23"><span class='ocrx_word' id='word_1_399' title='bbox 191 4543 347 4624; x_wconf 68' lang='grc' dir='ltr'>Νυνὶ</span> <span class='ocrx_word' id='word_1_400' title='bbox 386 4550 455 4602; x_wconf 78' lang='grc' dir='ltr'>δέ</span> <span class='ocrx_word' id='word_1_401' title='bbox 499 4553 676 4618; x_wconf 75' lang='grc' dir='ltr'>χωρὶς</span> <span class='ocrx_word' id='word_1_402' title='bbox 721 4553 908 4618; x_wconf 85' lang='grc' dir='ltr'>νόμου</span> <span class='ocrx_word' id='word_1_403' title='bbox 936 4551 1288 4620; x_wconf 73' lang='grc' dir='ltr'>δικαιοσύνη</span> <span class='ocrx_word' id='word_1_404' title='bbox 1317 4551 1464 4609; x_wconf 81' lang='grc' dir='ltr'>Θεοῦ</span> <span class='ocrx_word' id='word_1_405' title='bbox 1505 4548 1760 4618; x_wconf 62' lang='grc' dir='ltr'>πείρανέ-</span> 
     </span>
    </p>
   </div>
   <div class='ocr_carea' id='block_1_53' title="bbox 189 4632 1759 4704">
    <p class='ocr_par' dir='ltr' id='par_1_53' title="bbox 189 4632 1759 4704">
     <span class='ocr_line' id='line_1_53' title="bbox 189 4632 1759 4704; baseline 0 -21"><span class='ocrx_word' id='word_1_406' title='bbox 189 4649 405 4700; x_wconf 60' lang='grc' dir='ltr'>ρωταιῄ</span> <span class='ocrx_word' id='word_1_407' title='bbox 441 4632 752 4704; x_wconf 80' lang='grc' dir='ltr'>δικαιοσύνη</span> <span class='ocrx_word' id='word_1_408' title='bbox 776 4635 833 4686; x_wconf 82' lang='grc' dir='ltr'>δὲ</span> <span class='ocrx_word' id='word_1_409' title='bbox 861 4632 996 4688; x_wconf 83' lang='grc' dir='ltr'>Θεοῦ</span> <span class='ocrx_word' id='word_1_410' title='bbox 1026 4633 1111 4686; x_wconf 87' lang='grc' dir='ltr'>διὰ</span> <span class='ocrx_word' id='word_1_411' title='bbox 1149 4633 1386 4692; x_wconf 83' lang='grc' dir='ltr'>πίστεως</span> <span class='ocrx_word' id='word_1_412' title='bbox 1420 4634 1594 4702; x_wconf 85' lang='grc' dir='ltr'>Ἰησοῦ</span> <span class='ocrx_word' id='word_1_413' title='bbox 1621 4633 1759 4702; x_wconf 77' lang='grc' dir='ltr'>Χρι-</span> 
     </span>
    </p>
   </div>
   <div class='ocr_carea' id='block_1_54' title="bbox 193 4714 1760 4788">
    <p class='ocr_par' dir='ltr' id='par_1_54' title="bbox 193 4714 1760 4788">
     <span class='ocr_line' id='line_1_54' title="bbox 193 4714 1760 4788; baseline 0.001 -23"><span class='ocrx_word' id='word_1_414' title='bbox 193 4714 346 4777; x_wconf 87' lang='grc' dir='ltr'>στοῦ,</span> <span class='ocrx_word' id='word_1_415' title='bbox 369 4716 428 4768; x_wconf 78' lang='grc' dir='ltr'>οὐ</span> <span class='ocrx_word' id='word_1_416' title='bbox 451 4716 538 4787; x_wconf 80' lang='grc' dir='ltr'>διά</span> <span class='ocrx_word' id='word_1_417' title='bbox 563 4718 807 4788; x_wconf 82' lang='grc' dir='ltr'>καμάτου</span> <span class='ocrx_word' id='word_1_418' title='bbox 830 4717 972 4779; x_wconf 78' lang='grc' dir='ltr'>τινὸς</span> <span class='ocrx_word' id='word_1_419' title='bbox 1005 4717 1098 4786; x_wconf 75' lang='grc' dir='ltr'>καὶ</span> <span class='ocrx_word' id='word_1_420' title='bbox 1115 4716 1311 4786; x_wconf 22' lang='grc' dir='ltr'>ἣπόνου.</span> <span class='ocrx_word' id='word_1_421' title='bbox 1337 4717 1447 4770; x_wconf 73' lang='grc' dir='ltr'>Καὶ</span> <span class='ocrx_word' id='word_1_422' title='bbox 1473 4716 1672 4786; x_wconf 84' lang='grc' dir='ltr'>ταύτης</span> <span class='ocrx_word' id='word_1_423' title='bbox 1703 4715 1760 4767; x_wconf 84' lang='grc' dir='ltr'>δὲ</span> 
     </span>
    </p>
   </div>
   <div class='ocr_carea' id='block_1_55' title="bbox 191 4797 1762 4873">
    <p class='ocr_par' dir='ltr' id='par_1_55' title="bbox 191 4797 1762 4873">
     <span class='ocr_line' id='line_1_55' title="bbox 191 4797 1762 4873; baseline 0.002 -24"><span class='ocrx_word' id='word_1_424' title='bbox 191 4798 701 4869; x_wconf 85' lang='grc' dir='ltr'>ἐπιλαμϐανόμενος</span> <span class='ocrx_word' id='word_1_425' title='bbox 733 4801 833 4870; x_wconf 85' lang='grc' dir='ltr'>τῆς</span> <span class='ocrx_word' id='word_1_426' title='bbox 858 4800 1162 4873; x_wconf 85' lang='grc' dir='ltr'>μαρτυρίας</span> <span class='ocrx_word' id='word_1_427' title='bbox 1179 4799 1352 4863; x_wconf 78' lang='grc' dir='ltr'>οὕτως</span> <span class='ocrx_word' id='word_1_428' title='bbox 1376 4800 1550 4868; x_wconf 81' lang='grc' dir='ltr'>ἔλεγε’</span> <span class='ocrx_word' id='word_1_429' title='bbox 1576 4797 1762 4854; x_wconf 88' lang='grc' dir='ltr'>Σκιὰν</span> 
     </span>
    </p>
   </div>
   <div class='ocr_carea' id='block_1_56' title="bbox 192 4881 1758 4955">
    <p class='ocr_par' dir='ltr' id='par_1_56' title="bbox 192 4881 1758 4955">
     <span class='ocr_line' id='line_1_56' title="bbox 192 4881 1758 4955; baseline 0.006 -23"><span class='ocrx_word' id='word_1_430' title='bbox 192 4883 308 4947; x_wconf 78' lang='grc' dir='ltr'>γὰρ</span> <span class='ocrx_word' id='word_1_431' title='bbox 329 4881 486 4949; x_wconf 76' lang='grc' dir='ltr'>ἔχων</span> <span class='ocrx_word' id='word_1_432' title='bbox 518 4885 552 4936; x_wconf 84' lang='grc' dir='ltr'>ό</span> <span class='ocrx_word' id='word_1_433' title='bbox 584 4884 765 4951; x_wconf 84' lang='grc' dir='ltr'>νόμος</span> <span class='ocrx_word' id='word_1_434' title='bbox 791 4883 910 4936; x_wconf 85' lang='grc' dir='ltr'>τῶν</span> <span class='ocrx_word' id='word_1_435' title='bbox 935 4886 1286 4952; x_wconf 79' lang='grc' dir='ltr'>μελλόντων</span> <span class='ocrx_word' id='word_1_436' title='bbox 1317 4883 1470 4955; x_wconf 88' lang='grc'>[666]</span> <span class='ocrx_word' id='word_1_437' title='bbox 1501 4882 1758 4954; x_wconf 79' lang='grc' dir='ltr'>ἀγαθῶν,</span> 
     </span>
    </p>
   </div>
   <div class='ocr_carea' id='block_1_57' title="bbox 191 4963 1761 5035">
    <p class='ocr_par' dir='ltr' id='par_1_57' title="bbox 191 4963 1761 5035">
     <span class='ocr_line' id='line_1_57' title="bbox 191 4963 1761 5035; baseline 0.003 -21"><span class='ocrx_word' id='word_1_438' title='bbox 191 4963 309 5014; x_wconf 84' lang='grc' dir='ltr'>οὐκ</span> <span class='ocrx_word' id='word_1_439' title='bbox 366 4963 560 5028; x_wconf 77' lang='grc' dir='ltr'>αὐτὴν</span> <span class='ocrx_word' id='word_1_440' title='bbox 605 4966 720 5030; x_wconf 80' lang='grc' dir='ltr'>τὴν</span> <span class='ocrx_word' id='word_1_441' title='bbox 768 4967 972 5019; x_wconf 79' lang='grc' dir='ltr'>εἰκόνα</span> <span class='ocrx_word' id='word_1_442' title='bbox 1024 4968 1142 5020; x_wconf 84' lang='grc' dir='ltr'>τῶν</span> <span class='ocrx_word' id='word_1_443' title='bbox 1192 4967 1548 5035; x_wconf 72' lang='grc' dir='ltr'>πραγμάτων</span> <span class='ocrx_word' id='word_1_444' title='bbox 1567 5005 1581 5028; x_wconf 93' lang='grc'>,</span> <span class='ocrx_word' id='word_1_445' title='bbox 1639 4964 1761 5020; x_wconf 83' lang='grc' dir='ltr'>κατ’</span> 
     </span>
    </p>
   </div>
   <div class='ocr_carea' id='block_1_58' title="bbox 192 5043 1764 5118">
    <p class='ocr_par' dir='ltr' id='par_1_58' title="bbox 192 5043 1764 5118">
     <span class='ocr_line' id='line_1_58' title="bbox 192 5043 1764 5118; baseline 0.004 -22"><span class='ocrx_word' id='word_1_446' title='bbox 192 5043 473 5098; x_wconf 73' lang='grc' dir='ltr'>ἐνιαυτὸν</span> <span class='ocrx_word' id='word_1_447' title='bbox 496 5046 626 5111; x_wconf 80' lang='grc' dir='ltr'>ταῖς</span> <span class='ocrx_word' id='word_1_448' title='bbox 672 5049 879 5114; x_wconf 78' lang='grc' dir='ltr'>αὐταῖς</span> <span class='ocrx_word' id='word_1_449' title='bbox 919 5051 1156 5116; x_wconf 77' lang='grc' dir='ltr'>θυσίαις</span> <span class='ocrx_word' id='word_1_450' title='bbox 1182 5044 1279 5114; x_wconf 83' lang='grc' dir='ltr'>αἷς</span> <span class='ocrx_word' id='word_1_451' title='bbox 1313 5048 1764 5118; x_wconf 66' lang='grc' dir='ltr'>προσφέρουσιν</span> 
     </span>
    </p>
   </div>
   <div class='ocr_carea' id='block_1_59' title="bbox 192 5126 1760 5200">
    <p class='ocr_par' dir='ltr' id='par_1_59' title="bbox 192 5126 1760 5200">
     <span class='ocr_line' id='line_1_59' title="bbox 192 5126 1760 5200; baseline 0.003 -20"><span class='ocrx_word' id='word_1_452' title='bbox 192 5129 282 5192; x_wconf 81' lang='grc' dir='ltr'>είς</span> <span class='ocrx_word' id='word_1_453' title='bbox 310 5127 377 5180; x_wconf 86' lang='grc' dir='ltr'>τὸ</span> <span class='ocrx_word' id='word_1_454' title='bbox 398 5126 670 5194; x_wconf 81' lang='grc' dir='ltr'>διηνεκὲς</span> <span class='ocrx_word' id='word_1_455' title='bbox 683 5130 972 5185; x_wconf 84' lang='grc' dir='ltr'>οὐδέποτε</span> <span class='ocrx_word' id='word_1_456' title='bbox 995 5130 1242 5185; x_wconf 80' lang='grc' dir='ltr'>δύναται</span> <span class='ocrx_word' id='word_1_457' title='bbox 1266 5131 1406 5197; x_wconf 78' lang='grc' dir='ltr'>τοὺς</span> <span class='ocrx_word' id='word_1_458' title='bbox 1431 5146 1760 5200; x_wconf 89' lang='grc' dir='ltr'>προσερχο-</span> 
     </span>
    </p>
   </div>
   <div class='ocr_carea' id='block_1_60' title="bbox 193 5209 1764 5282">
    <p class='ocr_par' dir='ltr' id='par_1_60' title="bbox 193 5209 1764 5282">
     <span class='ocr_line' id='line_1_60' title="bbox 193 5209 1764 5282; baseline 0.004 -21"><span class='ocrx_word' id='word_1_459' title='bbox 193 5209 423 5274; x_wconf 75' lang='grc' dir='ltr'>μένους,</span> <span class='ocrx_word' id='word_1_460' title='bbox 434 5211 756 5271; x_wconf 83' lang='grc' dir='ltr'>τελειῶσαι.</span> <span class='ocrx_word' id='word_1_461' title='bbox 772 5212 868 5266; x_wconf 89' lang='grc' dir='ltr'>Διὸ</span> <span class='ocrx_word' id='word_1_462' title='bbox 883 5214 1298 5282; x_wconf 79' lang='grc' dir='ltr'>εἰσερχόμενος</span> <span class='ocrx_word' id='word_1_463' title='bbox 1308 5215 1395 5280; x_wconf 84' lang='grc' dir='ltr'>εὶς</span> <span class='ocrx_word' id='word_1_464' title='bbox 1411 5213 1518 5266; x_wconf 86' lang='grc' dir='ltr'>τὸν</span> <span class='ocrx_word' id='word_1_465' title='bbox 1534 5214 1764 5282; x_wconf 84' lang='grc' dir='ltr'>κόσμον</span> 
     </span>
    </p>
   </div>
   <div class='ocr_carea' id='block_1_61' title="bbox 193 5287 1757 5365">
    <p class='ocr_par' dir='ltr' id='par_1_61' title="bbox 193 5287 1757 5365">
     <span class='ocr_line' id='line_1_61' title="bbox 193 5287 1757 5365; baseline 0.003 -20"><span class='ocrx_word' id='word_1_466' title='bbox 193 5291 378 5360; x_wconf 68' lang='grc' dir='ltr'>λέγει,</span> <span class='ocrx_word' id='word_1_467' title='bbox 437 5293 658 5346; x_wconf 78' lang='grc' dir='ltr'>θυσίαν</span> <span class='ocrx_word' id='word_1_468' title='bbox 705 5293 804 5348; x_wconf 76' lang='grc' dir='ltr'>καί</span> <span class='ocrx_word' id='word_1_469' title='bbox 863 5287 1214 5365; x_wconf 70' lang='grc' dir='ltr'>προσφορὰν</span> <span class='ocrx_word' id='word_1_470' title='bbox 1267 5298 1378 5349; x_wconf 86' lang='grc' dir='ltr'>οὐκ</span> <span class='ocrx_word' id='word_1_471' title='bbox 1430 5295 1757 5364; x_wconf 77' lang='grc' dir='ltr'>ἠθέλησας,</span> 
     </span>
    </p>
   </div>
   <div class='ocr_carea' id='block_1_62' title="bbox 250 5462 1763 5528">
    <p class='ocr_par' dir='ltr' id='par_1_62' title="bbox 250 5462 1763 5528">
     <span class='ocr_line' id='line_1_62' title="bbox 250 5462 1763 5528; baseline 0.005 -20"><span class='ocrx_word' id='word_1_472' title='bbox 250 5472 281 5501; x_wconf 75' lang='grc' dir='ltr'>ι</span> <span class='ocrx_word' id='word_1_473' title='bbox 308 5462 536 5528; x_wconf 70' lang='lat' dir='ltr'>Quinqge</span> <span class='ocrx_word' id='word_1_474' title='bbox 557 5476 674 5528; x_wconf 63' lang='grc' dir='ltr'>ῐιιββ.</span> <span class='ocrx_word' id='word_1_475' title='bbox 699 5467 807 5528; x_wconf 68' lang='grc' dir='ltr'>περὶ</span> <span class='ocrx_word' id='word_1_476' title='bbox 827 5465 1056 5528; x_wconf 81' lang='grc' dir='ltr'>ἁμαρτίας</span> <span class='ocrx_word' id='word_1_477' title='bbox 1077 5464 1164 5528; x_wconf 74' lang='grc' dir='ltr'>οὑκ</span> <span class='ocrx_word' id='word_1_478' title='bbox 1190 5465 1440 5526; x_wconf 81' lang='grc' dir='ltr'>ἐζήτησας,</span> <span class='ocrx_word' id='word_1_479' title='bbox 1456 5465 1540 5515; x_wconf 76' lang='lat' dir='ltr'><strong>alii</strong></span> <span class='ocrx_word' id='word_1_480' title='bbox 1555 5467 1651 5528; x_wconf 15' lang='grc' dir='ltr'>,οὐκ</span> <span class='ocrx_word' id='word_1_481' title='bbox 1675 5467 1763 5523; x_wconf 84' lang='grc' dir='ltr'>ηὑ-</span> 
     </span>
    </p>
   </div>
   <div class='ocr_carea' id='block_1_63' title="bbox 183 5521 1763 5590">
    <p class='ocr_par' dir='ltr' id='par_1_63' title="bbox 183 5521 1763 5590">
     <span class='ocr_line' id='line_1_63' title="bbox 183 5521 1763 5590; baseline 0.006 -21"><span class='ocrx_word' id='word_1_482' title='bbox 183 5521 419 5590; x_wconf 62' lang='grc' dir='ltr'>δρξκηςσις.</span> <span class='ocrx_word' id='word_1_483' title='bbox 446 5521 556 5590; x_wconf 72' lang='grc' dir='ltr'>Μοκ</span> <span class='ocrx_word' id='word_1_484' title='bbox 579 5524 726 5574; x_wconf 83' lang='lat' dir='ltr'>Iidem</span> <span class='ocrx_word' id='word_1_485' title='bbox 746 5521 955 5588; x_wconf 72' lang='lat' dir='ltr'>riualim&#39;r</span> <span class='ocrx_word' id='word_1_486' title='bbox 975 5521 1090 5576; x_wconf 63' lang='lat' dir='ltr'>mss.</span> <span class='ocrx_word' id='word_1_487' title='bbox 1119 5522 1231 5587; x_wconf 66' lang='lat' dir='ltr'>&#39;poSl</span> <span class='ocrx_word' id='word_1_488' title='bbox 1260 5521 1433 5590; x_wconf 73' lang='grc' dir='ltr'>καιρός</span> <span class='ocrx_word' id='word_1_489' title='bbox 1469 5527 1650 5577; x_wconf 71' lang='lat' dir='ltr'>addunt.</span> <span class='ocrx_word' id='word_1_490' title='bbox 1683 5521 1763 5579; x_wconf 77' lang='grc' dir='ltr'>ὅτε</span> 
     </span>
    </p>
   </div>
   <div class='ocr_carea' id='block_1_64' title="bbox 182 5583 590 5643">
    <p class='ocr_par' dir='ltr' id='par_1_64' title="bbox 182 5583 590 5643">
     <span class='ocr_line' id='line_1_64' title="bbox 182 5583 590 5643; baseline 0.002 -12"><span class='ocrx_word' id='word_1_491' title='bbox 182 5585 290 5635; x_wconf 81' lang='grc' dir='ltr'>τῶν</span> <span class='ocrx_word' id='word_1_492' title='bbox 307 5583 590 5643; x_wconf 77' lang='grc' dir='ltr'>ἀναγκαίων.</span> 
     </span>
    </p>
   </div>
   <div class='ocr_carea' id='block_1_65' title="bbox 252 5643 840 5706">
    <p class='ocr_par' dir='ltr' id='par_1_65' title="bbox 252 5643 840 5706">
     <span class='ocr_line' id='line_1_65' title="bbox 252 5643 840 5706; baseline 0.015 -19"><span class='ocrx_word' id='word_1_493' title='bbox 252 5643 290 5686; x_wconf 72' lang='grc'>1»</span> <span class='ocrx_word' id='word_1_494' title='bbox 310 5645 410 5693; x_wconf 78' lang='lat' dir='ltr'>Sex</span> <span class='ocrx_word' id='word_1_495' title='bbox 432 5658 548 5693; x_wconf 73' lang='lat' dir='ltr'>mss.</span> <span class='ocrx_word' id='word_1_496' title='bbox 567 5648 840 5706; x_wconf 78' lang='grc' dir='ltr'>παρὴνοιξα.</span> 
     </span>
    </p>
   </div>
   <div class='ocr_carea' id='block_1_66' title="bbox 1274 316 2128 375">
    <p class='ocr_par' dir='ltr' id='par_1_66' title="bbox 1274 316 2128 375">
     <span class='ocr_line' id='line_1_66' title="bbox 1274 316 2128 375; baseline 0.002 -3"><span class='ocrx_word' id='word_1_497' title='bbox 1274 318 1642 374; x_wconf 73' lang='lat' dir='ltr'>ADVERSUS</span> <span class='ocrx_word' id='word_1_498' title='bbox 1676 316 1983 375; x_wconf 69' lang='lat' dir='ltr'>JUD/EOS.</span> <span class='ocrx_word' id='word_1_499' title='bbox 2021 319 2128 375; x_wconf 76' lang='lat' dir='ltr'>VII.</span> 
     </span>
    </p>
   </div>
   <div class='ocr_carea' id='block_1_67' title="bbox 3293 322 3396 377">
    <p class='ocr_par' dir='ltr' id='par_1_67' title="bbox 3293 322 3396 377">
     <span class='ocr_line' id='line_1_67' title="bbox 3293 322 3396 377; baseline -0.039 0"><span class='ocrx_word' id='word_1_500' title='bbox 3293 322 3396 377; x_wconf 70' lang='lat'>9&#39;20</span> 
     </span>
    </p>
   </div>
   <div class='ocr_carea' id='block_1_68' title="bbox 1847 429 3406 501">
    <p class='ocr_par' dir='ltr' id='par_1_68' title="bbox 1847 429 3406 501">
     <span class='ocr_line' id='line_1_68' title="bbox 1847 429 3406 501; baseline 0.001 -18"><span class='ocrx_word' id='word_1_501' title='bbox 1847 431 2017 501; x_wconf 84' lang='grc' dir='ltr'>σῶμα</span> <span class='ocrx_word' id='word_1_502' title='bbox 2049 433 2115 486; x_wconf 86' lang='grc' dir='ltr'>δὲ</span> <span class='ocrx_word' id='word_1_503' title='bbox 2147 433 2478 498; x_wconf 82' lang='grc' dir='ltr'>κατηρτίσω</span> <span class='ocrx_word' id='word_1_504' title='bbox 2511 450 2632 500; x_wconf 87' lang='grc' dir='ltr'>μοι,</span> <span class='ocrx_word' id='word_1_505' title='bbox 2676 437 2775 501; x_wconf 81' lang='grc' dir='ltr'>την</span> <span class='ocrx_word' id='word_1_506' title='bbox 2808 430 3008 484; x_wconf 76' lang='grc' dir='ltr'>εἴσοδον</span> <span class='ocrx_word' id='word_1_507' title='bbox 3043 429 3134 483; x_wconf 88' lang='grc' dir='ltr'>τοῦ</span> <span class='ocrx_word' id='word_1_508' title='bbox 3163 430 3406 498; x_wconf 56' lang='lat' dir='ltr'>Mavors-</span> 
     </span>
    </p>
   </div>
   <div class='ocr_carea' id='block_1_69' title="bbox 1841 514 3406 586">
    <p class='ocr_par' dir='ltr' id='par_1_69' title="bbox 1841 514 3406 586">
     <span class='ocr_line' id='line_1_69' title="bbox 1841 514 3406 586; baseline 0.001 -21"><span class='ocrx_word' id='word_1_509' title='bbox 1841 517 1962 578; x_wconf 83' lang='grc' dir='ltr'>νοῦς</span> <span class='ocrx_word' id='word_1_510' title='bbox 2005 518 2083 579; x_wconf 88' lang='grc' dir='ltr'>είς</span> <span class='ocrx_word' id='word_1_511' title='bbox 2112 517 2202 568; x_wconf 76' lang='grc' dir='ltr'>τὸν</span> <span class='ocrx_word' id='word_1_512' title='bbox 2246 517 2447 586; x_wconf 85' lang='grc' dir='ltr'>κόσμον</span> <span class='ocrx_word' id='word_1_513' title='bbox 2481 516 2674 582; x_wconf 87' lang='grc' dir='ltr'>λέγων,</span> <span class='ocrx_word' id='word_1_514' title='bbox 2713 515 2809 585; x_wconf 82' lang='grc' dir='ltr'>τὴν</span> <span class='ocrx_word' id='word_1_515' title='bbox 2837 515 2926 570; x_wconf 85' lang='grc' dir='ltr'>διὰ</span> <span class='ocrx_word' id='word_1_516' title='bbox 2969 514 3169 585; x_wconf 80' lang='grc' dir='ltr'>σαρκὸς</span> <span class='ocrx_word' id='word_1_517' title='bbox 3199 515 3406 566; x_wconf 82' lang='grc' dir='ltr'>οἰκονο-</span> 
     </span>
    </p>
   </div>
   <div class='ocr_carea' id='block_1_70' title="bbox 1843 595 3407 669">
    <p class='ocr_par' dir='ltr' id='par_1_70' title="bbox 1843 595 3407 669">
     <span class='ocr_line' id='line_1_70' title="bbox 1843 595 3407 669; baseline -0.001 -21"><span class='ocrx_word' id='word_1_518' title='bbox 1843 597 1987 665; x_wconf 85' lang='grc' dir='ltr'>μίαν.</span> <span class='ocrx_word' id='word_1_519' title='bbox 2017 598 2172 650; x_wconf 72' lang='grc' dir='ltr'>Οὕτω</span> <span class='ocrx_word' id='word_1_520' title='bbox 2205 599 2312 666; x_wconf 78' lang='grc' dir='ltr'>γὰρ</span> <span class='ocrx_word' id='word_1_521' title='bbox 2352 599 2489 669; x_wconf 74' lang='grc' dir='ltr'>πρὸς</span> <span class='ocrx_word' id='word_1_522' title='bbox 2525 600 2671 668; x_wconf 76' lang='grc' dir='ltr'>ἡμᾶς</span> <span class='ocrx_word' id='word_1_523' title='bbox 2721 597 3055 667; x_wconf 78' lang='grc' dir='ltr'>παρεγένετο</span> <span class='ocrx_word' id='word_1_524' title='bbox 3078 635 3092 659; x_wconf 96' lang='grc'>,</span> <span class='ocrx_word' id='word_1_525' title='bbox 3145 596 3206 649; x_wconf 81' lang='grc' dir='ltr'>οὐ</span> <span class='ocrx_word' id='word_1_526' title='bbox 3244 595 3407 648; x_wconf 85' lang='grc' dir='ltr'>τόπον</span> 
     </span>
    </p>
   </div>
   <div class='ocr_carea' id='block_1_71' title="bbox 1840 678 3408 750">
    <p class='ocr_par' dir='ltr' id='par_1_71' title="bbox 1840 678 3408 750">
     <span class='ocr_line' id='line_1_71' title="bbox 1840 678 3408 750; baseline -0.001 -20"><span class='ocrx_word' id='word_1_527' title='bbox 1840 679 2075 749; x_wconf 69' lang='grc' dir='ltr'>ἀμείψας</span> <span class='ocrx_word' id='word_1_528' title='bbox 2093 683 2155 732; x_wconf 82' lang='grc' dir='ltr'>ὲκ</span> <span class='ocrx_word' id='word_1_529' title='bbox 2172 681 2356 741; x_wconf 88' lang='grc' dir='ltr'>τόπου,</span> <span class='ocrx_word' id='word_1_530' title='bbox 2377 681 2515 745; x_wconf 85' lang='grc' dir='ltr'>(πῶς</span> <span class='ocrx_word' id='word_1_531' title='bbox 2529 679 2636 750; x_wconf 80' lang='grc' dir='ltr'>γὰρ</span> <span class='ocrx_word' id='word_1_532' title='bbox 2653 682 2680 732; x_wconf 93' lang='lat'>6</span> <span class='ocrx_word' id='word_1_533' title='bbox 2699 678 2967 749; x_wconf 85' lang='grc' dir='ltr'>πανταχοῦ</span> <span class='ocrx_word' id='word_1_534' title='bbox 2991 678 3086 741; x_wconf 80' lang='grc' dir='ltr'>ὢν,</span> <span class='ocrx_word' id='word_1_535' title='bbox 3113 678 3206 730; x_wconf 70' lang='grc' dir='ltr'>καὶ</span> <span class='ocrx_word' id='word_1_536' title='bbox 3231 678 3408 730; x_wconf 86' lang='grc' dir='ltr'>πάντα</span> 
     </span>
    </p>
   </div>
   <div class='ocr_carea' id='block_1_72' title="bbox 1842 758 3404 832">
    <p class='ocr_par' dir='ltr' id='par_1_72' title="bbox 1842 758 3404 832">
     <span class='ocr_line' id='line_1_72' title="bbox 1842 758 3404 832; baseline -0.004 -18"><span class='ocrx_word' id='word_1_537' title='bbox 1842 763 2092 832; x_wconf 81' lang='grc' dir='ltr'>πληρῶν;</span> <span class='ocrx_word' id='word_1_538' title='bbox 2120 764 2137 832; x_wconf 94' lang='grc'><strong>)</strong></span> <span class='ocrx_word' id='word_1_539' title='bbox 2170 762 2303 815; x_wconf 85' lang='lat'><em>6116</em></span> <span class='ocrx_word' id='word_1_540' title='bbox 2331 763 2418 816; x_wconf 77' lang='grc' dir='ltr'>διὰ</span> <span class='ocrx_word' id='word_1_541' title='bbox 2453 762 2651 832; x_wconf 79' lang='grc' dir='ltr'>σαρκὸς</span> <span class='ocrx_word' id='word_1_542' title='bbox 2682 764 2810 831; x_wconf 75' lang='grc' dir='ltr'>ἡμῖν</span> <span class='ocrx_word' id='word_1_543' title='bbox 2868 760 3220 830; x_wconf 82' lang='grc' dir='ltr'>φανερωθείς.</span> <span class='ocrx_word' id='word_1_544' title='bbox 3267 758 3404 811; x_wconf 75' lang='grc' dir='ltr'>Ἀλλ’</span> 
     </span>
    </p>
   </div>
   <div class='ocr_carea' id='block_1_73' title="bbox 1841 843 3402 915">
    <p class='ocr_par' dir='ltr' id='par_1_73' title="bbox 1841 843 3402 915">
     <span class='ocr_line' id='line_1_73' title="bbox 1841 843 3402 915; baseline 0.003 -20"><span class='ocrx_word' id='word_1_545' title='bbox 1841 845 2024 913; x_wconf 81' lang='grc' dir='ltr'>ἐπειδὴ</span> <span class='ocrx_word' id='word_1_546' title='bbox 2042 846 2160 914; x_wconf 78' lang='grc' dir='ltr'>οὐχὶ</span> <span class='ocrx_word' id='word_1_547' title='bbox 2195 845 2328 913; x_wconf 78' lang='grc' dir='ltr'>πρὸς</span> <span class='ocrx_word' id='word_1_548' title='bbox 2371 845 2652 908; x_wconf 87' lang='grc' dir='ltr'>Ἰουδαίους</span> <span class='ocrx_word' id='word_1_549' title='bbox 2682 844 2828 896; x_wconf 69' lang='grc' dir='ltr'>ἐστὶν</span> <span class='ocrx_word' id='word_1_550' title='bbox 2854 846 2982 913; x_wconf 85' lang='grc' dir='ltr'>ἡμῖν</span> <span class='ocrx_word' id='word_1_551' title='bbox 3005 846 3036 913; x_wconf 84' lang='grc' dir='ltr'>ὴ</span> <span class='ocrx_word' id='word_1_552' title='bbox 3058 843 3204 913; x_wconf 83' lang='grc' dir='ltr'>μάχη</span> <span class='ocrx_word' id='word_1_553' title='bbox 3223 845 3402 915; x_wconf 83' lang='grc' dir='ltr'>μόνον,</span> 
     </span>
    </p>
   </div>
   <div class='ocr_carea' id='block_1_74' title="bbox 1841 926 3402 998">
    <p class='ocr_par' dir='ltr' id='par_1_74' title="bbox 1841 926 3402 998">
     <span class='ocr_line' id='line_1_74' title="bbox 1841 926 3402 998; baseline 0.003 -20"><span class='ocrx_word' id='word_1_554' title='bbox 1841 927 1975 980; x_wconf 82' lang='grc' dir='ltr'>ἀλλὰ</span> <span class='ocrx_word' id='word_1_555' title='bbox 2005 928 2098 979; x_wconf 70' lang='grc' dir='ltr'>καὶ</span> <span class='ocrx_word' id='word_1_556' title='bbox 2139 929 2276 998; x_wconf 67' lang='grc' dir='ltr'>πρὸς</span> <span class='ocrx_word' id='word_1_557' title='bbox 2305 927 2568 996; x_wconf 85' lang='grc' dir='ltr'>’Έλληνας</span> <span class='ocrx_word' id='word_1_558' title='bbox 2599 929 2690 980; x_wconf 76' lang='grc' dir='ltr'>καὶ</span> <span class='ocrx_word' id='word_1_559' title='bbox 2714 926 2940 987; x_wconf 84' lang='grc' dir='ltr'>πολλοὺς</span> <span class='ocrx_word' id='word_1_560' title='bbox 2965 928 3072 978; x_wconf 83' lang='grc' dir='ltr'>τῶν</span> <span class='ocrx_word' id='word_1_561' title='bbox 3095 930 3402 997; x_wconf 78' lang='grc' dir='ltr'>αἱρετικῶν,</span> 
     </span>
    </p>
   </div>
   <div class='ocr_carea' id='block_1_75' title="bbox 1842 1007 3406 1080">
    <p class='ocr_par' dir='ltr' id='par_1_75' title="bbox 1842 1007 3406 1080">
     <span class='ocr_line' id='line_1_75' title="bbox 1842 1007 3406 1080; baseline 0.003 -19"><span class='ocrx_word' id='word_1_562' title='bbox 1842 1010 1973 1079; x_wconf 79' lang='grc' dir='ltr'>φέρε</span> <span class='ocrx_word' id='word_1_563' title='bbox 1995 1009 2189 1078; x_wconf 84' lang='grc' dir='ltr'>βαθύτε</span> <span class='ocrx_word' id='word_1_564' title='bbox 2198 1009 2288 1079; x_wconf 89' lang='grc' dir='ltr'>ρόν</span> <span class='ocrx_word' id='word_1_565' title='bbox 2301 1026 2352 1061; x_wconf 90' lang='grc' dir='ltr'>τι</span> <span class='ocrx_word' id='word_1_566' title='bbox 2366 1009 2542 1077; x_wconf 83' lang='grc' dir='ltr'>νόημα</span> <span class='ocrx_word' id='word_1_567' title='bbox 2558 1007 2790 1061; x_wconf 82' lang='grc' dir='ltr'>ἐνταῦθα</span> <span class='ocrx_word' id='word_1_568' title='bbox 2805 1009 2932 1077; x_wconf 85' lang='grc' dir='ltr'>ὑμῖν</span> <span class='ocrx_word' id='word_1_569' title='bbox 2949 1009 3406 1080; x_wconf 80' lang='grc' dir='ltr'>ἁποκαλύψωμεν,</span> 
     </span>
    </p>
   </div>
   <div class='ocr_carea' id='block_1_76' title="bbox 1842 1091 3408 1164">
    <p class='ocr_par' dir='ltr' id='par_1_76' title="bbox 1842 1091 3408 1164">
     <span class='ocr_line' id='line_1_76' title="bbox 1842 1091 3408 1164; baseline 0.003 -19"><span class='ocrx_word' id='word_1_570' title='bbox 1842 1094 1936 1146; x_wconf 75' lang='grc' dir='ltr'>καὶ</span> <span class='ocrx_word' id='word_1_571' title='bbox 1961 1093 2304 1164; x_wconf 81' lang='grc' dir='ltr'>ζητήσωμεν,</span> <span class='ocrx_word' id='word_1_572' title='bbox 2339 1093 2392 1144; x_wconf 89' lang='grc' dir='ltr'>τί</span> <span class='ocrx_word' id='word_1_573' title='bbox 2416 1092 2634 1160; x_wconf 87' lang='grc' dir='ltr'>δήποτε,</span> <span class='ocrx_word' id='word_1_574' title='bbox 2684 1092 2877 1162; x_wconf 79' lang='grc' dir='ltr'>μυρίας</span> <span class='ocrx_word' id='word_1_575' title='bbox 2898 1091 3032 1161; x_wconf 82' lang='grc' dir='ltr'>ἔχων</span> <span class='ocrx_word' id='word_1_576' title='bbox 3054 1096 3352 1164; x_wconf 85' lang='grc' dir='ltr'>μαρτυρίας</span> <span class='ocrx_word' id='word_1_577' title='bbox 3379 1099 3408 1149; x_wconf 94' lang='lat'>6</span> 
     </span>
    </p>
   </div>
   <div class='ocr_carea' id='block_1_77' title="bbox 1842 1173 3408 1245">
    <p class='ocr_par' dir='ltr' id='par_1_77' title="bbox 1842 1173 3408 1245">
     <span class='ocr_line' id='line_1_77' title="bbox 1842 1173 3408 1245; baseline 0.002 -17"><span class='ocrx_word' id='word_1_578' title='bbox 1842 1174 2071 1240; x_wconf 86' lang='grc' dir='ltr'>Παῦλος,</span> <span class='ocrx_word' id='word_1_579' title='bbox 2116 1177 2172 1229; x_wconf 83' lang='grc' dir='ltr'>αἳ</span> <span class='ocrx_word' id='word_1_580' title='bbox 2204 1177 2294 1228; x_wconf 87' lang='grc' dir='ltr'>τὸν</span> <span class='ocrx_word' id='word_1_581' title='bbox 2330 1175 2492 1245; x_wconf 89' lang='grc' dir='ltr'>νόμον</span> <span class='ocrx_word' id='word_1_582' title='bbox 2531 1176 2721 1244; x_wconf 82' lang='grc' dir='ltr'>ἀργεῖν</span> <span class='ocrx_word' id='word_1_583' title='bbox 2754 1173 2964 1227; x_wconf 90' lang='grc' dir='ltr'>ποιοῦσι</span> <span class='ocrx_word' id='word_1_584' title='bbox 3003 1175 3096 1227; x_wconf 60' lang='grc' dir='ltr'>καί¹</span> <span class='ocrx_word' id='word_1_585' title='bbox 3149 1177 3248 1245; x_wconf 85' lang='grc' dir='ltr'>τὴν</span> <span class='ocrx_word' id='word_1_586' title='bbox 3303 1194 3408 1231; x_wconf 83' lang='grc' dir='ltr'>πα-</span> 
     </span>
    </p>
   </div>
   <div class='ocr_carea' id='block_1_78' title="bbox 1840 1256 3410 1328">
    <p class='ocr_par' dir='ltr' id='par_1_78' title="bbox 1840 1256 3410 1328">
     <span class='ocr_line' id='line_1_78' title="bbox 1840 1256 3410 1328; baseline 0.001 -19"><span class='ocrx_word' id='word_1_587' title='bbox 1840 1257 1998 1310; x_wconf 79' lang='grc' dir='ltr'>λαιὰν</span> <span class='ocrx_word' id='word_1_588' title='bbox 2048 1257 2355 1321; x_wconf 86' lang='grc' dir='ltr'>πολιτείαν,</span> <span class='ocrx_word' id='word_1_589' title='bbox 2399 1257 2602 1326; x_wconf 76' lang='grc' dir='ltr'>ταύτης</span> <span class='ocrx_word' id='word_1_590' title='bbox 2647 1256 3076 1326; x_wconf 79' lang='grc' dir='ltr'>ἐμνημόνευσεν.</span> <span class='ocrx_word' id='word_1_591' title='bbox 3127 1257 3258 1310; x_wconf 83' lang='grc' dir='ltr'><strong>Οὐδὲ</strong></span> <span class='ocrx_word' id='word_1_592' title='bbox 3301 1259 3410 1328; x_wconf 83' lang='grc' dir='ltr'>γὰρ</span> 
     </span>
    </p>
   </div>
   <div class='ocr_carea' id='block_1_79' title="bbox 1842 1339 3410 1410">
    <p class='ocr_par' dir='ltr' id='par_1_79' title="bbox 1842 1339 3410 1410">
     <span class='ocr_line' id='line_1_79' title="bbox 1842 1339 3410 1410; baseline -0.001 -16"><span class='ocrx_word' id='word_1_593' title='bbox 1842 1341 2026 1404; x_wconf 84' lang='grc' dir='ltr'>ἁπλῶς</span> <span class='ocrx_word' id='word_1_594' title='bbox 2049 1342 2166 1393; x_wconf 88' lang='grc' dir='ltr'>οὑδέ</span> <span class='ocrx_word' id='word_1_595' title='bbox 2189 1341 2264 1403; x_wconf 81' lang='grc' dir='ltr'>ὡς</span> <span class='ocrx_word' id='word_1_596' title='bbox 2291 1341 2446 1410; x_wconf 78' lang='grc' dir='ltr'>ἔτυχε</span> <span class='ocrx_word' id='word_1_597' title='bbox 2468 1340 2624 1394; x_wconf 85' lang='grc' dir='ltr'>τοῦτο</span> <span class='ocrx_word' id='word_1_598' title='bbox 2648 1340 2920 1410; x_wconf 82' lang='grc' dir='ltr'>ἐποίησεν,</span> <span class='ocrx_word' id='word_1_599' title='bbox 2939 1339 3074 1392; x_wconf 81' lang='grc' dir='ltr'>ἀλλὰ</span> <span class='ocrx_word' id='word_1_600' title='bbox 3104 1340 3240 1408; x_wconf 87' lang='grc' dir='ltr'>μετά</span> <span class='ocrx_word' id='word_1_601' title='bbox 3269 1358 3410 1404; x_wconf 86' lang='grc' dir='ltr'>τινος</span> 
     </span>
    </p>
   </div>
   <div class='ocr_carea' id='block_1_80' title="bbox 1842 1420 3410 1494">
    <p class='ocr_par' dir='ltr' id='par_1_80' title="bbox 1842 1420 3410 1494">
     <span class='ocr_line' id='line_1_80' title="bbox 1842 1420 3410 1494; baseline 0.001 -19"><span class='ocrx_word' id='word_1_602' title='bbox 1842 1424 1998 1491; x_wconf 88' lang='grc' dir='ltr'>λόγου</span> <span class='ocrx_word' id='word_1_603' title='bbox 2030 1425 2123 1477; x_wconf 75' lang='grc' dir='ltr'>καὶ</span> <span class='ocrx_word' id='word_1_604' title='bbox 2149 1423 2342 1491; x_wconf 65' lang='grc' dir='ltr'>σοφίας</span> <span class='ocrx_word' id='word_1_605' title='bbox 2367 1424 2596 1492; x_wconf 74' lang='grc' dir='ltr'>ἅφάτου.</span> <span class='ocrx_word' id='word_1_606' title='bbox 2645 1425 2766 1475; x_wconf 88' lang='grc' dir='ltr'>Ὅτι</span> <span class='ocrx_word' id='word_1_607' title='bbox 2799 1425 2906 1493; x_wconf 83' lang='grc' dir='ltr'>γάρ</span> <span class='ocrx_word' id='word_1_608' title='bbox 2950 1423 3043 1475; x_wconf 74' lang='grc' dir='ltr'>καὶ</span> <span class='ocrx_word' id='word_1_609' title='bbox 3076 1423 3267 1493; x_wconf 82' lang='grc' dir='ltr'>ἐτέρας</span> <span class='ocrx_word' id='word_1_610' title='bbox 3297 1420 3410 1494; x_wconf 80' lang='grc' dir='ltr'>εἶχε</span> 
     </span>
    </p>
   </div>
   <div class='ocr_carea' id='block_1_81' title="bbox 1848 1505 3412 1576">
    <p class='ocr_par' dir='ltr' id='par_1_81' title="bbox 1848 1505 3412 1576">
     <span class='ocr_line' id='line_1_81' title="bbox 1848 1505 3412 1576; baseline 0 -18"><span class='ocrx_word' id='word_1_611' title='bbox 1848 1506 2149 1576; x_wconf 85' lang='grc' dir='ltr'>μαρτυρίας</span> <span class='ocrx_word' id='word_1_612' title='bbox 2179 1506 2521 1576; x_wconf 78' lang='grc' dir='ltr'>μακροτέρας</span> <span class='ocrx_word' id='word_1_613' title='bbox 2550 1505 2645 1558; x_wconf 68' lang='grc' dir='ltr'>καὶ</span> <span class='ocrx_word' id='word_1_614' title='bbox 2678 1505 3060 1574; x_wconf 71' lang='grc' dir='ltr'>σφοδροτέρας,</span> <span class='ocrx_word' id='word_1_615' title='bbox 3080 1505 3235 1576; x_wconf 80' lang='grc' dir='ltr'>εἴπερ</span> <span class='ocrx_word' id='word_1_616' title='bbox 3262 1506 3412 1558; x_wconf 81' lang='grc' dir='ltr'>ἐϐού-</span> 
     </span>
    </p>
   </div>
   <div class='ocr_carea' id='block_1_82' title="bbox 1844 1586 3412 1658">
    <p class='ocr_par' dir='ltr' id='par_1_82' title="bbox 1844 1586 3412 1658">
     <span class='ocr_line' id='line_1_82' title="bbox 1844 1586 3412 1658; baseline -0.001 -18"><span class='ocrx_word' id='word_1_617' title='bbox 1844 1588 1966 1640; x_wconf 88' lang='grc' dir='ltr'>λετο</span> <span class='ocrx_word' id='word_1_618' title='bbox 1997 1591 2360 1656; x_wconf 80' lang='grc' dir='ltr'>παραγαγεῖν,</span> <span class='ocrx_word' id='word_1_619' title='bbox 2394 1589 2532 1658; x_wconf 86' lang='grc' dir='ltr'>ὑπὲρ</span> <span class='ocrx_word' id='word_1_620' title='bbox 2564 1588 2664 1656; x_wconf 81' lang='grc' dir='ltr'>τῆς</span> <span class='ocrx_word' id='word_1_621' title='bbox 2695 1586 3004 1648; x_wconf 83' lang='grc' dir='ltr'>ὑποθέσεως</span> <span class='ocrx_word' id='word_1_622' title='bbox 3033 1587 3255 1656; x_wconf 88' lang='grc' dir='ltr'>ταύτης,</span> <span class='ocrx_word' id='word_1_623' title='bbox 3287 1589 3412 1640; x_wconf 81' lang='grc' dir='ltr'>πάν·</span> 
     </span>
    </p>
   </div>
   <div class='ocr_carea' id='block_1_83' title="bbox 1844 1670 3410 1742">
    <p class='ocr_par' dir='ltr' id='par_1_83' title="bbox 1844 1670 3410 1742">
     <span class='ocr_line' id='line_1_83' title="bbox 1844 1670 3410 1742; baseline -0.001 -20"><span class='ocrx_word' id='word_1_624' title='bbox 1844 1688 1933 1733; x_wconf 88' lang='grc' dir='ltr'>τες</span> <span class='ocrx_word' id='word_1_625' title='bbox 1963 1671 2027 1724; x_wconf 85' lang='grc' dir='ltr'>ἂν</span> <span class='ocrx_word' id='word_1_626' title='bbox 2058 1672 2467 1742; x_wconf 81' lang='grc' dir='ltr'>ὁμολογήσαιεν.</span> <span class='ocrx_word' id='word_1_627' title='bbox 2503 1671 2614 1723; x_wconf 74' lang='grc' dir='ltr'>Καὶ</span> <span class='ocrx_word' id='word_1_628' title='bbox 2642 1671 2752 1739; x_wconf 84' lang='grc' dir='ltr'>γὰρ</span> <span class='ocrx_word' id='word_1_629' title='bbox 2781 1671 2876 1722; x_wconf 74' lang='grc' dir='ltr'>καὶ</span> <span class='ocrx_word' id='word_1_630' title='bbox 2906 1671 2934 1722; x_wconf 89' lang='lat'>6</span> <span class='ocrx_word' id='word_1_631' title='bbox 2967 1670 3194 1732; x_wconf 76' lang='grc' dir='ltr'>Ἡσαΐας</span> <span class='ocrx_word' id='word_1_632' title='bbox 3226 1671 3410 1739; x_wconf 74' lang='grc' dir='ltr'>φησὶν,</span> 
     </span>
    </p>
   </div>
   <div class='ocr_carea' id='block_1_84' title="bbox 1849 1751 3412 1822">
    <p class='ocr_par' dir='ltr' id='par_1_84' title="bbox 1849 1751 3412 1822">
     <span class='ocr_line' id='line_1_84' title="bbox 1849 1751 3412 1822; baseline 0 -17"><span class='ocrx_word' id='word_1_633' title='bbox 1849 1756 1969 1805; x_wconf 76' lang='grc' dir='ltr'>Οὐκ</span> <span class='ocrx_word' id='word_1_634' title='bbox 1998 1754 2128 1807; x_wconf 79' lang='grc' dir='ltr'>ἔστι</span> <span class='ocrx_word' id='word_1_635' title='bbox 2163 1771 2265 1822; x_wconf 87' lang='grc' dir='ltr'>μοι</span> <span class='ocrx_word' id='word_1_636' title='bbox 2305 1753 2533 1819; x_wconf 85' lang='grc' dir='ltr'>θέλημα</span> <span class='ocrx_word' id='word_1_637' title='bbox 2558 1752 2628 1804; x_wconf 84' lang='grc' dir='ltr'>ἐν</span> <span class='ocrx_word' id='word_1_638' title='bbox 2651 1751 2822 1820; x_wconf 77' lang='grc' dir='ltr'>ὑμῖν·</span> <span class='ocrx_word' id='word_1_639' title='bbox 2853 1752 3092 1819; x_wconf 79' lang='grc' dir='ltr'>πλήρης</span> <span class='ocrx_word' id='word_1_640' title='bbox 3121 1753 3235 1821; x_wconf 78' lang='grc' dir='ltr'>εἰμὶ</span> <span class='ocrx_word' id='word_1_641' title='bbox 3277 1757 3412 1805; x_wconf 85' lang='grc' dir='ltr'>ὁλο-</span> 
     </span>
    </p>
   </div>
   <div class='ocr_carea' id='block_1_85' title="bbox 1845 1829 3413 1905">
    <p class='ocr_par' dir='ltr' id='par_1_85' title="bbox 1845 1829 3413 1905">
     <span class='ocr_line' id='line_1_85' title="bbox 1845 1829 3413 1905; baseline -0.004 -15"><span class='ocrx_word' id='word_1_642' title='bbox 1845 1836 2241 1905; x_wconf 80' lang='grc' dir='ltr'>καυτωμάτων</span> <span class='ocrx_word' id='word_1_643' title='bbox 2263 1836 2442 1903; x_wconf 81' lang='grc' dir='ltr'>κριῶν</span> <span class='ocrx_word' id='word_1_644' title='bbox 2464 1847 2511 1896; x_wconf 75' lang='grc' dir='ltr'>ε,</span> <span class='ocrx_word' id='word_1_645' title='bbox 2552 1834 2648 1886; x_wconf 83' lang='grc' dir='ltr'>καὶ</span> <span class='ocrx_word' id='word_1_646' title='bbox 2686 1834 2868 1901; x_wconf 86' lang='grc' dir='ltr'>στέαρ</span> <span class='ocrx_word' id='word_1_647' title='bbox 2894 1834 3094 1901; x_wconf 81' lang='grc' dir='ltr'>ἀρνῶν</span> <span class='ocrx_word' id='word_1_648' title='bbox 3143 1836 3241 1888; x_wconf 77' lang='grc' dir='ltr'>καί</span> <span class='ocrx_word' id='word_1_649' title='bbox 3271 1829 3413 1902; x_wconf 84' lang='grc' dir='ltr'>αἷμα</span> 
     </span>
    </p>
   </div>
   <div class='ocr_carea' id='block_1_86' title="bbox 1844 1916 3412 1986">
    <p class='ocr_par' dir='ltr' id='par_1_86' title="bbox 1844 1916 3412 1986">
     <span class='ocr_line' id='line_1_86' title="bbox 1844 1916 3412 1986; baseline -0.002 -14"><span class='ocrx_word' id='word_1_650' title='bbox 1844 1921 2074 1985; x_wconf 85' lang='grc' dir='ltr'>ταύρων</span> <span class='ocrx_word' id='word_1_651' title='bbox 2093 1919 2188 1972; x_wconf 81' lang='grc' dir='ltr'>καὶ</span> <span class='ocrx_word' id='word_1_652' title='bbox 2206 1919 2434 1986; x_wconf 82' lang='grc' dir='ltr'>τράγων</span> <span class='ocrx_word' id='word_1_653' title='bbox 2451 1919 2522 1972; x_wconf 91' lang='lat' dir='ltr'><em>o6</em></span> <span class='ocrx_word' id='word_1_654' title='bbox 2533 1918 2854 1984; x_wconf 78' lang='grc' dir='ltr'>βούλομαι,</span> <span class='ocrx_word' id='word_1_655' title='bbox 2877 1916 3139 1984; x_wconf 79' lang='grc' dir='ltr'>οὐδέ,ὲὰν</span> <span class='ocrx_word' id='word_1_656' title='bbox 3152 1917 3412 1985; x_wconf 79' lang='grc' dir='ltr'>ἔρχησθε</span> 
     </span>
    </p>
   </div>
   <div class='ocr_carea' id='block_1_87' title="bbox 1845 1997 3413 2069">
    <p class='ocr_par' dir='ltr' id='par_1_87' title="bbox 1845 1997 3413 2069">
     <span class='ocr_line' id='line_1_87' title="bbox 1845 1997 3413 2069; baseline -0.002 -16"><span class='ocrx_word' id='word_1_657' title='bbox 1845 1999 2103 2069; x_wconf 71' lang='grc' dir='ltr'>ὀφθῆναί</span> <span class='ocrx_word' id='word_1_658' title='bbox 2143 2018 2262 2068; x_wconf 88' lang='grc' dir='ltr'>μοι.</span> <span class='ocrx_word' id='word_1_659' title='bbox 2315 2002 2411 2065; x_wconf 81' lang='grc' dir='ltr'>Τίς</span> <span class='ocrx_word' id='word_1_660' title='bbox 2454 2000 2562 2069; x_wconf 83' lang='grc' dir='ltr'>γὰρ</span> <span class='ocrx_word' id='word_1_661' title='bbox 2611 1997 2927 2066; x_wconf 61' lang='grc' dir='ltr'>ἐξεζῆξτησε</span> <span class='ocrx_word' id='word_1_662' title='bbox 2972 2000 3158 2052; x_wconf 84' lang='grc' dir='ltr'>ταῦτα</span> <span class='ocrx_word' id='word_1_663' title='bbox 3189 1999 3256 2051; x_wconf 74' lang='grc' dir='ltr'>ἐκ</span> <span class='ocrx_word' id='word_1_664' title='bbox 3296 1997 3413 2050; x_wconf 84' lang='grc' dir='ltr'>τῶν</span> 
     </span>
    </p>
   </div>
   <div class='ocr_carea' id='block_1_88' title="bbox 1846 2080 3410 2152">
    <p class='ocr_par' dir='ltr' id='par_1_88' title="bbox 1846 2080 3410 2152">
     <span class='ocr_line' id='line_1_88' title="bbox 1846 2080 3410 2152; baseline -0.003 -16"><span class='ocrx_word' id='word_1_665' title='bbox 1846 2081 2063 2152; x_wconf 82' lang='grc' dir='ltr'>χειρῶν</span> <span class='ocrx_word' id='word_1_666' title='bbox 2093 2082 2296 2150; x_wconf 85' lang='grc' dir='ltr'>ὑμῶν;</span> <span class='ocrx_word' id='word_1_667' title='bbox 2343 2083 2478 2135; x_wconf 83' lang='grc' dir='ltr'>Ἐὰν</span> <span class='ocrx_word' id='word_1_668' title='bbox 2521 2081 2904 2149; x_wconf 59' lang='grc' dir='ltr'>προσφέρητὲ</span> <span class='ocrx_word' id='word_1_669' title='bbox 2925 2098 3028 2149; x_wconf 86' lang='grc' dir='ltr'>μοι</span> <span class='ocrx_word' id='word_1_670' title='bbox 3059 2080 3410 2148; x_wconf 83' lang='grc' dir='ltr'>σεμίδαλιν,</span> 
     </span>
    </p>
   </div>
   <div class='ocr_carea' id='block_1_89' title="bbox 1840 2162 3414 2233">
    <p class='ocr_par' dir='ltr' id='par_1_89' title="bbox 1840 2162 3414 2233">
     <span class='ocr_line' id='line_1_89' title="bbox 1840 2162 3414 2233; baseline -0.003 -15"><span class='ocrx_word' id='word_1_671' title='bbox 1840 2165 2096 2233; x_wconf 84' lang='grc' dir='ltr'>μάταιον</span> <span class='ocrx_word' id='word_1_672' title='bbox 2118 2182 2131 2196; x_wconf 94' lang='grc'><strong>·</strong></span> <span class='ocrx_word' id='word_1_673' title='bbox 2163 2167 2424 2233; x_wconf 83' lang='grc' dir='ltr'>θυμίαμα</span> <span class='ocrx_word' id='word_1_674' title='bbox 2444 2163 2759 2232; x_wconf 78' lang='grc' dir='ltr'>βδέλυγμά</span> <span class='ocrx_word' id='word_1_675' title='bbox 2781 2180 2885 2232; x_wconf 91' lang='grc' dir='ltr'>μοι</span> <span class='ocrx_word' id='word_1_676' title='bbox 2923 2165 3112 2217; x_wconf 79' lang='grc' dir='ltr'>ἐστίν.</span> <span class='ocrx_word' id='word_1_677' title='bbox 3158 2163 3268 2216; x_wconf 71' lang='grc' dir='ltr'>Καὶ</span> <span class='ocrx_word' id='word_1_678' title='bbox 3295 2162 3414 2215; x_wconf 79' lang='grc' dir='ltr'>ἐτέ-</span> 
     </span>
    </p>
   </div>
   <div class='ocr_carea' id='block_1_90' title="bbox 1847 2244 3416 2320">
    <p class='ocr_par' dir='ltr' id='par_1_90' title="bbox 1847 2244 3416 2320">
     <span class='ocr_line' id='line_1_90' title="bbox 1847 2244 3416 2320; baseline 0 -20"><span class='ocrx_word' id='word_1_679' title='bbox 1847 2248 1979 2320; x_wconf 84' lang='grc' dir='ltr'>ρωθι</span> <span class='ocrx_word' id='word_1_680' title='bbox 2016 2248 2203 2302; x_wconf 86' lang='grc' dir='ltr'>πάλιν·</span> <span class='ocrx_word' id='word_1_681' title='bbox 2245 2250 2326 2302; x_wconf 86' lang='grc' dir='ltr'>Οὐ</span> <span class='ocrx_word' id='word_1_682' title='bbox 2383 2248 2500 2301; x_wconf 88' lang='grc' dir='ltr'>νῦν</span> <span class='ocrx_word' id='word_1_683' title='bbox 2528 2245 2789 2301; x_wconf 75' lang='grc' dir='ltr'>ἐκάλεσα</span> <span class='ocrx_word' id='word_1_684' title='bbox 2838 2263 2932 2310; x_wconf 86' lang='grc' dir='ltr'>σε,</span> <span class='ocrx_word' id='word_1_685' title='bbox 3001 2245 3217 2309; x_wconf 81' lang='grc' dir='ltr'>Ἰακὼϐ,</span> <span class='ocrx_word' id='word_1_686' title='bbox 3273 2244 3416 2300; x_wconf 75' lang='grc' dir='ltr'>οὐδὲ</span> 
     </span>
    </p>
   </div>
   <div class='ocr_carea' id='block_1_91' title="bbox 1844 2328 3416 2400">
    <p class='ocr_par' dir='ltr' id='par_1_91' title="bbox 1844 2328 3416 2400">
     <span class='ocr_line' id='line_1_91' title="bbox 1844 2328 3416 2400; baseline 0 -17"><span class='ocrx_word' id='word_1_687' title='bbox 1844 2332 2101 2400; x_wconf 81' lang='grc' dir='ltr'>ἕγκοπόν</span> <span class='ocrx_word' id='word_1_688' title='bbox 2122 2347 2196 2384; x_wconf 91' lang='grc' dir='ltr'>σε</span> <span class='ocrx_word' id='word_1_689' title='bbox 2226 2331 2503 2398; x_wconf 80' lang='grc' dir='ltr'>ἐποίησα,</span> <span class='ocrx_word' id='word_1_690' title='bbox 2545 2329 2811 2396; x_wconf 80' lang='grc' dir='ltr'>Ἰσραὴλ,</span> <span class='ocrx_word' id='word_1_691' title='bbox 2840 2331 2951 2382; x_wconf 79' lang='grc' dir='ltr'>οὐκ</span> <span class='ocrx_word' id='word_1_692' title='bbox 3002 2328 3299 2394; x_wconf 76' lang='grc' dir='ltr'>έδόξασάς</span> <span class='ocrx_word' id='word_1_693' title='bbox 3336 2345 3416 2397; x_wconf 85' lang='grc' dir='ltr'>με</span> 
     </span>
    </p>
   </div>
   <div class='ocr_carea' id='block_1_92' title="bbox 1843 2412 3413 2480">
    <p class='ocr_par' dir='ltr' id='par_1_92' title="bbox 1843 2412 3413 2480">
     <span class='ocr_line' id='line_1_92' title="bbox 1843 2412 3413 2480; baseline 0 -14"><span class='ocrx_word' id='word_1_694' title='bbox 1843 2414 1914 2466; x_wconf 85' lang='grc' dir='ltr'>ἐν</span> <span class='ocrx_word' id='word_1_695' title='bbox 1945 2414 2207 2479; x_wconf 83' lang='grc' dir='ltr'>θυσίαις,</span> <span class='ocrx_word' id='word_1_696' title='bbox 2242 2413 2384 2466; x_wconf 85' lang='grc' dir='ltr'>οὐδὲ</span> <span class='ocrx_word' id='word_1_697' title='bbox 2406 2413 2780 2478; x_wconf 81' lang='grc' dir='ltr'>ἑδούλευσιὶς</span> <span class='ocrx_word' id='word_1_698' title='bbox 2803 2429 2903 2480; x_wconf 86' lang='grc' dir='ltr'>μοι</span> <span class='ocrx_word' id='word_1_699' title='bbox 2931 2413 3001 2465; x_wconf 86' lang='grc' dir='ltr'>ἐν</span> <span class='ocrx_word' id='word_1_700' title='bbox 3027 2412 3236 2479; x_wconf 87' lang='grc' dir='ltr'>δώροις</span> <span class='ocrx_word' id='word_1_701' title='bbox 3273 2429 3413 2477; x_wconf 89' lang='grc' dir='ltr'>σου,</span> 
     </span>
    </p>
   </div>
   <div class='ocr_carea' id='block_1_93' title="bbox 1845 2493 3416 2566">
    <p class='ocr_par' dir='ltr' id='par_1_93' title="bbox 1845 2493 3416 2566">
     <span class='ocr_line' id='line_1_93' title="bbox 1845 2493 3416 2566; baseline -0.001 -16"><span class='ocrx_word' id='word_1_702' title='bbox 1845 2496 1987 2550; x_wconf 82' lang='grc' dir='ltr'>οὐδὲ</span> <span class='ocrx_word' id='word_1_703' title='bbox 2009 2497 2269 2566; x_wconf 82' lang='grc' dir='ltr'>ἕγκοπόν</span> <span class='ocrx_word' id='word_1_704' title='bbox 2294 2510 2368 2549; x_wconf 91' lang='grc' dir='ltr'>σε</span> <span class='ocrx_word' id='word_1_705' title='bbox 2387 2496 2644 2563; x_wconf 79' lang='grc' dir='ltr'>ἐποίησα</span> <span class='ocrx_word' id='word_1_706' title='bbox 2658 2493 2979 2559; x_wconf 80' lang='grc' dir='ltr'>ἐ-νλιϐἀνφ,</span> <span class='ocrx_word' id='word_1_707' title='bbox 3014 2495 3154 2550; x_wconf 82' lang='grc' dir='ltr'>οὐδὲ</span> <span class='ocrx_word' id='word_1_708' title='bbox 3181 2495 3416 2562; x_wconf 83' lang='grc' dir='ltr'>ἐκτήσω</span> 
     </span>
    </p>
   </div>
   <div class='ocr_carea' id='block_1_94' title="bbox 1841 2577 3417 2648">
    <p class='ocr_par' dir='ltr' id='par_1_94' title="bbox 1841 2577 3417 2648">
     <span class='ocr_line' id='line_1_94' title="bbox 1841 2577 3417 2648; baseline 0.001 -17"><span class='ocrx_word' id='word_1_709' title='bbox 1841 2596 1942 2647; x_wconf 88' lang='grc' dir='ltr'>μοι</span> <span class='ocrx_word' id='word_1_710' title='bbox 1970 2579 2252 2646; x_wconf 62' lang='grc' dir='ltr'>ἀργυρίου</span> <span class='ocrx_word' id='word_1_711' title='bbox 2287 2579 2564 2647; x_wconf 84' lang='grc' dir='ltr'>θυμίαμα.</span> <span class='ocrx_word' id='word_1_712' title='bbox 2606 2578 2716 2630; x_wconf 71' lang='grc' dir='ltr'>Καὶ</span> <span class='ocrx_word' id='word_1_713' title='bbox 2742 2579 2770 2630; x_wconf 89' lang='lat'>6</span> <span class='ocrx_word' id='word_1_714' title='bbox 2813 2577 3081 2648; x_wconf 84' lang='grc' dir='ltr'>Ἱερεμίας</span> <span class='ocrx_word' id='word_1_715' title='bbox 3119 2578 3196 2644; x_wconf 86' lang='grc' dir='ltr'>δὲ,</span> <span class='ocrx_word' id='word_1_716' title='bbox 3244 2579 3417 2634; x_wconf 86' lang='grc' dir='ltr'>Ἰνατί</span> 
     </span>
    </p>
   </div>
   <div class='ocr_carea' id='block_1_95' title="bbox 1841 2660 3416 2730">
    <p class='ocr_par' dir='ltr' id='par_1_95' title="bbox 1841 2660 3416 2730">
     <span class='ocr_line' id='line_1_95' title="bbox 1841 2660 3416 2730; baseline 0.002 -18"><span class='ocrx_word' id='word_1_717' title='bbox 1841 2678 1943 2728; x_wconf 88' lang='grc' dir='ltr'>μοι</span> <span class='ocrx_word' id='word_1_718' title='bbox 1969 2663 2222 2714; x_wconf 77' lang='grc' dir='ltr'>λίϐανον</span> <span class='ocrx_word' id='word_1_719' title='bbox 2246 2661 2315 2713; x_wconf 74' lang='grc' dir='ltr'>ἐκ</span> <span class='ocrx_word' id='word_1_720' title='bbox 2361 2661 2512 2726; x_wconf 76' lang='grc' dir='ltr'>Σαϐᾶ</span> <span class='ocrx_word' id='word_1_721' title='bbox 2545 2660 2745 2730; x_wconf 68' lang='grc' dir='ltr'>φέρεις</span> <span class='ocrx_word' id='word_1_722' title='bbox 2783 2661 2881 2713; x_wconf 80' lang='grc' dir='ltr'>καὶ</span> <span class='ocrx_word' id='word_1_723' title='bbox 2926 2660 3303 2730; x_wconf 82' lang='grc' dir='ltr'>κιννάμωμον</span> <span class='ocrx_word' id='word_1_724' title='bbox 3345 2661 3416 2715; x_wconf 77' lang='grc' dir='ltr'>ἐκ</span> 
     </span>
    </p>
   </div>
   <div class='ocr_carea' id='block_1_96' title="bbox 1847 2741 3419 2812">
    <p class='ocr_par' dir='ltr' id='par_1_96' title="bbox 1847 2741 3419 2812">
     <span class='ocr_line' id='line_1_96' title="bbox 1847 2741 3419 2812; baseline 0.001 -16"><span class='ocrx_word' id='word_1_725' title='bbox 1847 2742 1959 2812; x_wconf 80' lang='grc' dir='ltr'>γῆς</span> <span class='ocrx_word' id='word_1_726' title='bbox 1980 2745 2311 2811; x_wconf 81' lang='grc' dir='ltr'>μακρόθεν;</span> <span class='ocrx_word' id='word_1_727' title='bbox 2338 2741 2419 2796; x_wconf 82' lang='grc' dir='ltr'>Τὰ</span> <span class='ocrx_word' id='word_1_728' title='bbox 2453 2743 2916 2810; x_wconf 77' lang='grc' dir='ltr'>ὁλοκαυτώματα</span> <span class='ocrx_word' id='word_1_729' title='bbox 2942 2741 3109 2811; x_wconf 84' lang='grc' dir='ltr'>ὑμῶν</span> <span class='ocrx_word' id='word_1_730' title='bbox 3137 2745 3250 2812; x_wconf 86' lang='grc' dir='ltr'>οὐχ</span> <span class='ocrx_word' id='word_1_731' title='bbox 3279 2743 3419 2811; x_wconf 78' lang='grc' dir='ltr'>ἥδυ-</span> 
     </span>
    </p>
   </div>
   <div class='ocr_carea' id='block_1_97' title="bbox 1846 2824 3418 2895">
    <p class='ocr_par' dir='ltr' id='par_1_97' title="bbox 1846 2824 3418 2895">
     <span class='ocr_line' id='line_1_97' title="bbox 1846 2824 3418 2895; baseline 0.003 -17"><span class='ocrx_word' id='word_1_732' title='bbox 1846 2825 1963 2878; x_wconf 78' lang='grc' dir='ltr'>νάν</span> <span class='ocrx_word' id='word_1_733' title='bbox 1973 2843 2069 2894; x_wconf 88' lang='grc' dir='ltr'>με.</span> <span class='ocrx_word' id='word_1_734' title='bbox 2088 2825 2198 2877; x_wconf 73' lang='grc' dir='ltr'>Καὶ</span> <span class='ocrx_word' id='word_1_735' title='bbox 2221 2825 2382 2878; x_wconf 89' lang='grc' dir='ltr'>πάλιν</span> <span class='ocrx_word' id='word_1_736' title='bbox 2403 2841 2416 2856; x_wconf 82' lang='grc'><em>’</em></span> <span class='ocrx_word' id='word_1_737' title='bbox 2441 2824 2813 2894; x_wconf 77' lang='grc' dir='ltr'>Συναγάγετε</span> <span class='ocrx_word' id='word_1_738' title='bbox 2826 2825 2853 2864; x_wconf 73' lang='grc' dir='ltr'><em>ά</em></span> <span class='ocrx_word' id='word_1_739' title='bbox 2871 2826 2944 2879; x_wconf 83' lang='grc' dir='ltr'>τὰ</span> <span class='ocrx_word' id='word_1_740' title='bbox 2957 2825 3418 2895; x_wconf 82' lang='grc' dir='ltr'>ὁλοκαυτώματα</span> 
     </span>
    </p>
   </div>
   <div class='ocr_carea' id='block_1_98' title="bbox 1849 2905 3418 2976">
    <p class='ocr_par' dir='ltr' id='par_1_98' title="bbox 1849 2905 3418 2976">
     <span class='ocr_line' id='line_1_98' title="bbox 1849 2905 3418 2976; baseline 0.001 -15"><span class='ocrx_word' id='word_1_741' title='bbox 1849 2907 2014 2976; x_wconf 78' lang='grc' dir='ltr'>ὑμῶν</span> <span class='ocrx_word' id='word_1_742' title='bbox 2024 2907 2172 2976; x_wconf 85' lang='grc' dir='ltr'>μετὰ</span> <span class='ocrx_word' id='word_1_743' title='bbox 2190 2905 2307 2958; x_wconf 85' lang='grc' dir='ltr'>τῶν</span> <span class='ocrx_word' id='word_1_744' title='bbox 2327 2905 2553 2959; x_wconf 83' lang='grc' dir='ltr'>θυσιῶν</span> <span class='ocrx_word' id='word_1_745' title='bbox 2572 2905 2755 2974; x_wconf 85' lang='grc' dir='ltr'>ὑμῶν,</span> <span class='ocrx_word' id='word_1_746' title='bbox 2777 2907 2874 2960; x_wconf 80' lang='grc' dir='ltr'>καί</span> <span class='ocrx_word' id='word_1_747' title='bbox 2895 2906 3112 2976; x_wconf 68' lang='grc' dir='ltr'>φάγετε</span> <span class='ocrx_word' id='word_1_748' title='bbox 3127 2908 3287 2975; x_wconf 84' lang='grc' dir='ltr'>κρέα.</span> <span class='ocrx_word' id='word_1_749' title='bbox 3307 2910 3418 2962; x_wconf 74' lang='grc' dir='ltr'>Καὶ</span> 
     </span>
    </p>
   </div>
   <div class='ocr_carea' id='block_1_99' title="bbox 1848 2980 3420 3058">
    <p class='ocr_par' dir='ltr' id='par_1_99' title="bbox 1848 2980 3420 3058">
     <span class='ocr_line' id='line_1_99' title="bbox 1848 2980 3420 3058; baseline 0.003 -18"><span class='ocrx_word' id='word_1_750' title='bbox 1848 2990 2032 3058; x_wconf 74' lang='grc' dir='ltr'>ἔτερος</span> <span class='ocrx_word' id='word_1_751' title='bbox 2054 2988 2110 3039; x_wconf 81' lang='grc' dir='ltr'>δὲ</span> <span class='ocrx_word' id='word_1_752' title='bbox 2139 2988 2246 3040; x_wconf 81' lang='grc' dir='ltr'>τῶν</span> <span class='ocrx_word' id='word_1_753' title='bbox 2268 2980 2757 3056; x_wconf 78' lang='grc' dir='ltr'>προφητῶν⁶οῦτως</span> <span class='ocrx_word' id='word_1_754' title='bbox 2781 2988 2965 3056; x_wconf 72' lang='grc' dir='ltr'>ἔλεγεν</span> <span class='ocrx_word' id='word_1_755' title='bbox 2985 3007 2997 3020; x_wconf 92' lang='grc'><strong>·</strong></span> <span class='ocrx_word' id='word_1_756' title='bbox 3021 2989 3420 3056; x_wconf 85' lang='grc' dir='ltr'>Μετάστησον</span> 
     </span>
    </p>
   </div>
   <div class='ocr_carea' id='block_1_100' title="bbox 1850 3065 3417 3139">
    <p class='ocr_par' dir='ltr' id='par_1_100' title="bbox 1850 3065 3417 3139">
     <span class='ocr_line' id='line_1_100' title="bbox 1850 3065 3417 3139; baseline 0.001 -17"><span class='ocrx_word' id='word_1_757' title='bbox 1850 3070 1950 3122; x_wconf 73' lang='grc' dir='ltr'>ἀπ’</span> <span class='ocrx_word' id='word_1_758' title='bbox 1986 3069 2130 3138; x_wconf 84' lang='grc' dir='ltr'>ἐμοῦ</span> <span class='ocrx_word' id='word_1_759' title='bbox 2171 3065 2326 3139; x_wconf 83' lang='grc' dir='ltr'>ἦχον</span> <span class='ocrx_word' id='word_1_760' title='bbox 2364 3069 2532 3134; x_wconf 82' lang='grc' dir='ltr'>ᾠδῶν</span> <span class='ocrx_word' id='word_1_761' title='bbox 2563 3085 2700 3134; x_wconf 91' lang='grc' dir='ltr'>σου,</span> <span class='ocrx_word' id='word_1_762' title='bbox 2730 3069 2827 3122; x_wconf 75' lang='grc' dir='ltr'>καὶ</span> <span class='ocrx_word' id='word_1_763' title='bbox 2855 3070 3100 3138; x_wconf 68' lang='grc' dir='ltr'>ψαλμὸν</span> <span class='ocrx_word' id='word_1_764' title='bbox 3152 3069 3417 3138; x_wconf 81' lang='grc' dir='ltr'>ὀργάνων</span> 
     </span>
    </p>
   </div>
   <div class='ocr_carea' id='block_1_101' title="bbox 1851 3151 3420 3222">
    <p class='ocr_par' dir='ltr' id='par_1_101' title="bbox 1851 3151 3420 3222">
     <span class='ocr_line' id='line_1_101' title="bbox 1851 3151 3420 3222; baseline 0.001 -18"><span class='ocrx_word' id='word_1_765' title='bbox 1851 3168 1968 3204; x_wconf 90' lang='grc' dir='ltr'>σου</span> <span class='ocrx_word' id='word_1_766' title='bbox 1991 3154 2101 3204; x_wconf 82' lang='grc' dir='ltr'>οὐκ</span> <span class='ocrx_word' id='word_1_767' title='bbox 2131 3151 2485 3219; x_wconf 81' lang='grc' dir='ltr'>ἀκούσομαι.</span> <span class='ocrx_word' id='word_1_768' title='bbox 2521 3151 2631 3204; x_wconf 76' lang='grc' dir='ltr'>Καὶ</span> <span class='ocrx_word' id='word_1_769' title='bbox 2675 3151 2834 3204; x_wconf 86' lang='grc' dir='ltr'>πάλιν</span> <span class='ocrx_word' id='word_1_770' title='bbox 2873 3151 3104 3222; x_wconf 86' lang='grc' dir='ltr'>ἀλλαχοῦ</span> <span class='ocrx_word' id='word_1_771' title='bbox 3143 3151 3250 3204; x_wconf 86' lang='grc' dir='ltr'>τῶν</span> <span class='ocrx_word' id='word_1_772' title='bbox 3290 3152 3420 3205; x_wconf 89' lang='grc' dir='ltr'>Ἰου-</span> 
     </span>
    </p>
   </div>
   <div class='ocr_carea' id='block_1_102' title="bbox 1851 3232 3418 3302">
    <p class='ocr_par' dir='ltr' id='par_1_102' title="bbox 1851 3232 3418 3302">
     <span class='ocr_line' id='line_1_102' title="bbox 1851 3232 3418 3302; baseline 0.001 -16"><span class='ocrx_word' id='word_1_773' title='bbox 1851 3233 2016 3296; x_wconf 83' lang='grc' dir='ltr'>δαίων</span> <span class='ocrx_word' id='word_1_774' title='bbox 2045 3232 2330 3302; x_wconf 88' lang='grc' dir='ltr'>λεγόντων,</span> <span class='ocrx_word' id='word_1_775' title='bbox 2348 3235 2418 3285; x_wconf 83' lang='lat' dir='ltr'><em>El</em></span> <span class='ocrx_word' id='word_1_776' title='bbox 2435 3232 2827 3299; x_wconf 78' lang='grc' dir='ltr'>προσδέξεται</span> <span class='ocrx_word' id='word_1_777' title='bbox 2845 3234 3055 3301; x_wconf 83' lang='grc' dir='ltr'>Κύριος</span> <span class='ocrx_word' id='word_1_778' title='bbox 3083 3235 3152 3287; x_wconf 85' lang='grc' dir='ltr'>έν</span> <span class='ocrx_word' id='word_1_779' title='bbox 3167 3235 3418 3288; x_wconf 77' lang='grc' dir='ltr'>ὁλοκαυ-</span> 
     </span>
    </p>
   </div>
   <div class='ocr_carea' id='block_1_103' title="bbox 1851 3315 3420 3385">
    <p class='ocr_par' dir='ltr' id='par_1_103' title="bbox 1851 3315 3420 3385">
     <span class='ocr_line' id='line_1_103' title="bbox 1851 3315 3420 3385; baseline 0.001 -16"><span class='ocrx_word' id='word_1_780' title='bbox 1851 3316 2134 3385; x_wconf 85' lang='grc' dir='ltr'>τώμασιν,</span> <span class='ocrx_word' id='word_1_781' title='bbox 2167 3318 2221 3369; x_wconf 80' lang='grc' dir='ltr'>εί</span> <span class='ocrx_word' id='word_1_782' title='bbox 2251 3315 2420 3368; x_wconf 89' lang='grc' dir='ltr'>δώσω</span> <span class='ocrx_word' id='word_1_783' title='bbox 2448 3317 2789 3382; x_wconf 80' lang='grc' dir='ltr'>πρωτότοκά</span> <span class='ocrx_word' id='word_1_784' title='bbox 2819 3333 2932 3384; x_wconf 89' lang='grc' dir='ltr'>μου</span> <span class='ocrx_word' id='word_1_785' title='bbox 2955 3316 3104 3384; x_wconf 83' lang='grc' dir='ltr'>ὑπὲρ</span> <span class='ocrx_word' id='word_1_786' title='bbox 3141 3318 3420 3382; x_wconf 80' lang='grc' dir='ltr'>ἀσεϐείας</span> 
     </span>
    </p>
   </div>
   <div class='ocr_carea' id='block_1_104' title="bbox 1846 3397 3416 3470">
    <p class='ocr_par' dir='ltr' id='par_1_104' title="bbox 1846 3397 3416 3470">
     <span class='ocr_line' id='line_1_104' title="bbox 1846 3397 3416 3470; baseline 0.003 -19"><span class='ocrx_word' id='word_1_787' title='bbox 1846 3417 1986 3467; x_wconf 84' lang='grc' dir='ltr'>μου,</span> <span class='ocrx_word' id='word_1_788' title='bbox 2009 3397 2242 3465; x_wconf 84' lang='grc' dir='ltr'>καρπὸν</span> <span class='ocrx_word' id='word_1_789' title='bbox 2272 3398 2501 3463; x_wconf 82' lang='grc' dir='ltr'>κοιλίας</span> <span class='ocrx_word' id='word_1_790' title='bbox 2529 3415 2648 3466; x_wconf 85' lang='grc' dir='ltr'>μου</span> <span class='ocrx_word' id='word_1_791' title='bbox 2685 3399 2838 3465; x_wconf 80' lang='grc' dir='ltr'>ὑπὲρ</span> <span class='ocrx_word' id='word_1_792' title='bbox 2881 3399 3168 3467; x_wconf 80' lang='grc' dir='ltr'>ἁμαρτίας</span> <span class='ocrx_word' id='word_1_793' title='bbox 3215 3397 3416 3470; x_wconf 73' lang='grc' dir='ltr'>ψυχῆς</span> 
     </span>
    </p>
   </div>
   <div class='ocr_carea' id='block_1_105' title="bbox 1847 3481 3419 3551">
    <p class='ocr_par' dir='ltr' id='par_1_105' title="bbox 1847 3481 3419 3551">
     <span class='ocr_line' id='line_1_105' title="bbox 1847 3481 3419 3551; baseline 0.001 -18"><span class='ocrx_word' id='word_1_794' title='bbox 1847 3497 1999 3550; x_wconf 87' lang='grc' dir='ltr'>μου;</span> <span class='ocrx_word' id='word_1_795' title='bbox 2031 3483 2126 3533; x_wconf 75' lang='grc' dir='ltr'>καὶ</span> <span class='ocrx_word' id='word_1_796' title='bbox 2149 3483 2177 3532; x_wconf 88' lang='lat'>6</span> <span class='ocrx_word' id='word_1_797' title='bbox 2200 3481 2485 3551; x_wconf 79' lang='grc' dir='ltr'>προφήτης</span> <span class='ocrx_word' id='word_1_798' title='bbox 2504 3481 2769 3550; x_wconf 82' lang='grc' dir='ltr'>ἐπιτιμῶν</span> <span class='ocrx_word' id='word_1_799' title='bbox 2785 3481 2967 3544; x_wconf 85' lang='grc' dir='ltr'>αὐτοῖς</span> <span class='ocrx_word' id='word_1_800' title='bbox 2989 3482 3193 3550; x_wconf 81' lang='grc' dir='ltr'>ἔλεγεν,</span> <span class='ocrx_word' id='word_1_801' title='bbox 3211 3484 3419 3551; x_wconf 84' lang='grc' dir='ltr'>Ἀπηγ-</span> 
     </span>
    </p>
   </div>
   <div class='ocr_carea' id='block_1_106' title="bbox 1851 3561 3422 3633">
    <p class='ocr_par' dir='ltr' id='par_1_106' title="bbox 1851 3561 3422 3633">
     <span class='ocr_line' id='line_1_106' title="bbox 1851 3561 3422 3633; baseline 0.001 -17"><span class='ocrx_word' id='word_1_802' title='bbox 1851 3562 1998 3631; x_wconf 76' lang='grc' dir='ltr'>τέλη</span> <span class='ocrx_word' id='word_1_803' title='bbox 2015 3576 2134 3626; x_wconf 93' lang='grc' dir='ltr'>σοι,</span> <span class='ocrx_word' id='word_1_804' title='bbox 2153 3561 2443 3628; x_wconf 81' lang='grc' dir='ltr'>ἄνθρωπε,</span> <span class='ocrx_word' id='word_1_805' title='bbox 2468 3563 2526 3614; x_wconf 90' lang='grc' dir='ltr'><em>τί</em></span> <span class='ocrx_word' id='word_1_806' title='bbox 2540 3563 2752 3625; x_wconf 80' lang='grc' dir='ltr'>καλὸν,</span> <span class='ocrx_word' id='word_1_807' title='bbox 2779 3563 2880 3616; x_wconf 81' lang='grc' dir='ltr'>καὶ</span> <span class='ocrx_word' id='word_1_808' title='bbox 2905 3565 2963 3617; x_wconf 88' lang='grc' dir='ltr'>τί</span> <span class='ocrx_word' id='word_1_809' title='bbox 2989 3565 3205 3633; x_wconf 85' lang='grc' dir='ltr'>Κύριος</span> <span class='ocrx_word' id='word_1_810' title='bbox 3223 3567 3255 3618; x_wconf 85' lang='grc' dir='ltr'>ό</span> <span class='ocrx_word' id='word_1_811' title='bbox 3279 3565 3422 3629; x_wconf 79' lang='grc' dir='ltr'>Θεὸς</span> 
     </span>
    </p>
   </div>
   <div class='ocr_carea' id='block_1_107' title="bbox 1853 3642 3425 3712">
    <p class='ocr_par' dir='ltr' id='par_1_107' title="bbox 1853 3642 3425 3712">
     <span class='ocr_line' id='line_1_107' title="bbox 1853 3642 3425 3712; baseline 0.003 -17"><span class='ocrx_word' id='word_1_812' title='bbox 1853 3643 2084 3710; x_wconf 71' lang='grc' dir='ltr'>ἐκζητεῖ</span> <span class='ocrx_word' id='word_1_813' title='bbox 2098 3642 2257 3710; x_wconf 87' lang='grc' dir='ltr'>παρὰ</span> <span class='ocrx_word' id='word_1_814' title='bbox 2275 3644 2412 3704; x_wconf 85' lang='grc' dir='ltr'>σοῦ,</span> <span class='ocrx_word' id='word_1_815' title='bbox 2432 3644 2571 3697; x_wconf 79' lang='grc' dir='ltr'>ἀλλ’</span> <span class='ocrx_word' id='word_1_816' title='bbox 2600 3644 2636 3711; x_wconf 81' lang='grc' dir='ltr'><strong><em>ἣ</em></strong></span> <span class='ocrx_word' id='word_1_817' title='bbox 2653 3644 2890 3712; x_wconf 78' lang='grc' dir='ltr'>ἀγαπᾷν</span> <span class='ocrx_word' id='word_1_818' title='bbox 2904 3647 3098 3708; x_wconf 83' lang='grc' dir='ltr'>ἔλεον,</span> <span class='ocrx_word' id='word_1_819' title='bbox 3120 3646 3217 3701; x_wconf 82' lang='grc' dir='ltr'>καὶ</span> <span class='ocrx_word' id='word_1_820' title='bbox 3233 3646 3425 3700; x_wconf 80' lang='grc' dir='ltr'>ποιεῖν</span> 
     </span>
    </p>
   </div>
   <div class='ocr_carea' id='block_1_108' title="bbox 1855 3723 3425 3795">
    <p class='ocr_par' dir='ltr' id='par_1_108' title="bbox 1855 3723 3425 3795">
     <span class='ocr_line' id='line_1_108' title="bbox 1855 3723 3425 3795; baseline 0.004 -19"><span class='ocrx_word' id='word_1_821' title='bbox 1855 3725 2033 3792; x_wconf 82' lang='grc' dir='ltr'>κρῖμα</span> <span class='ocrx_word' id='word_1_822' title='bbox 2062 3725 2160 3776; x_wconf 76' lang='grc' dir='ltr'>καί</span> <span class='ocrx_word' id='word_1_823' title='bbox 2190 3725 2604 3792; x_wconf 81' lang='grc' dir='ltr'>δικαιοσύνην,</span> <span class='ocrx_word' id='word_1_824' title='bbox 2630 3727 2727 3778; x_wconf 80' lang='grc' dir='ltr'>καὶ</span> <span class='ocrx_word' id='word_1_825' title='bbox 2754 3725 2992 3794; x_wconf 79' lang='grc' dir='ltr'>ἕτοιμον</span> <span class='ocrx_word' id='word_1_826' title='bbox 3016 3723 3167 3780; x_wconf 77' lang='grc' dir='ltr'>εἶναι</span> <span class='ocrx_word' id='word_1_827' title='bbox 3189 3729 3425 3795; x_wconf 84' lang='grc' dir='ltr'>πορεύε-</span> 
     </span>
    </p>
   </div>
   <div class='ocr_carea' id='block_1_109' title="bbox 1854 3807 3424 3873">
    <p class='ocr_par' dir='ltr' id='par_1_109' title="bbox 1854 3807 3424 3873">
     <span class='ocr_line' id='line_1_109' title="bbox 1854 3807 3424 3873; baseline -0.001 -14"><span class='ocrx_word' id='word_1_828' title='bbox 1854 3809 1994 3859; x_wconf 88' lang='grc' dir='ltr'>σθαι</span> <span class='ocrx_word' id='word_1_829' title='bbox 2031 3807 2220 3858; x_wconf 79' lang='grc' dir='ltr'>ὀπίσω</span> <span class='ocrx_word' id='word_1_830' title='bbox 2240 3808 2461 3873; x_wconf 86' lang='grc' dir='ltr'>Κυρίου</span> <span class='ocrx_word' id='word_1_831' title='bbox 2490 3807 2596 3859; x_wconf 89' lang='grc' dir='ltr'>τοῦ</span> <span class='ocrx_word' id='word_1_832' title='bbox 2622 3807 2768 3861; x_wconf 83' lang='grc' dir='ltr'>Θεοῦ</span> <span class='ocrx_word' id='word_1_833' title='bbox 2797 3823 2932 3861; x_wconf 88' lang='grc' dir='ltr'>σου.</span> <span class='ocrx_word' id='word_1_834' title='bbox 2961 3809 3069 3860; x_wconf 76' lang='grc' dir='ltr'>Καὶ</span> <span class='ocrx_word' id='word_1_835' title='bbox 3096 3810 3123 3860; x_wconf 90' lang='grc' dir='ltr'>ὁ</span> <span class='ocrx_word' id='word_1_836' title='bbox 3155 3809 3314 3861; x_wconf 82' lang='grc' dir='ltr'>Δαυῒδ</span> <span class='ocrx_word' id='word_1_837' title='bbox 3333 3809 3424 3861; x_wconf 53' lang='grc' dir='ltr'>οὓς</span> 
     </span>
    </p>
   </div>
   <div class='ocr_carea' id='block_1_110' title="bbox 1853 3887 3419 3959">
    <p class='ocr_par' dir='ltr' id='par_1_110' title="bbox 1853 3887 3419 3959">
     <span class='ocr_line' id='line_1_110' title="bbox 1853 3887 3419 3959; baseline 0.003 -19"><span class='ocrx_word' id='word_1_838' title='bbox 1853 3905 1962 3948; x_wconf 88' lang='grc' dir='ltr'>τως</span> <span class='ocrx_word' id='word_1_839' title='bbox 1986 3887 2170 3954; x_wconf 75' lang='grc' dir='ltr'>ἔλεγεν</span> <span class='ocrx_word' id='word_1_840' title='bbox 2187 3904 2200 3917; x_wconf 75' lang='grc' dir='ltr'><strong><em>ο</em></strong></span> <span class='ocrx_word' id='word_1_841' title='bbox 2225 3891 2307 3940; x_wconf 83' lang='grc' dir='ltr'>Οὐ</span> <span class='ocrx_word' id='word_1_842' title='bbox 2322 3887 2564 3956; x_wconf 82' lang='grc' dir='ltr'>δέξομαι</span> <span class='ocrx_word' id='word_1_843' title='bbox 2589 3889 2656 3940; x_wconf 80' lang='grc' dir='ltr'>ἐκ</span> <span class='ocrx_word' id='word_1_844' title='bbox 2675 3889 2778 3940; x_wconf 90' lang='grc' dir='ltr'>τοῦ</span> <span class='ocrx_word' id='word_1_845' title='bbox 2803 3889 2972 3942; x_wconf 80' lang='grc' dir='ltr'>οἴκου</span> <span class='ocrx_word' id='word_1_846' title='bbox 2998 3905 3114 3944; x_wconf 89' lang='grc' dir='ltr'>σου</span> <span class='ocrx_word' id='word_1_847' title='bbox 3125 3892 3419 3959; x_wconf 86' lang='grc' dir='ltr'>μόσχους,</span> 
     </span>
    </p>
   </div>
   <div class='ocr_carea' id='block_1_111' title="bbox 1856 3969 3422 4040">
    <p class='ocr_par' dir='ltr' id='par_1_111' title="bbox 1856 3969 3422 4040">
     <span class='ocr_line' id='line_1_111' title="bbox 1856 3969 3422 4040; baseline 0.003 -18"><span class='ocrx_word' id='word_1_848' title='bbox 1856 3969 1998 4023; x_wconf 84' lang='grc' dir='ltr'>οὐδὲ</span> <span class='ocrx_word' id='word_1_849' title='bbox 2030 3971 2098 4023; x_wconf 83' lang='grc' dir='ltr'>ἐκ</span> <span class='ocrx_word' id='word_1_850' title='bbox 2129 3969 2247 4022; x_wconf 89' lang='grc' dir='ltr'>τῶν</span> <span class='ocrx_word' id='word_1_851' title='bbox 2281 3972 2571 4038; x_wconf 79' lang='grc' dir='ltr'>ποιμνίων</span> <span class='ocrx_word' id='word_1_852' title='bbox 2604 3986 2720 4024; x_wconf 89' lang='grc' dir='ltr'>σου</span> <span class='ocrx_word' id='word_1_853' title='bbox 2751 3972 3094 4040; x_wconf 77' lang='grc' dir='ltr'>χιμάρῤους.</span> <span class='ocrx_word' id='word_1_854' title='bbox 3141 3973 3296 4036; x_wconf 91' lang='grc' dir='ltr'>Τίνος</span> <span class='ocrx_word' id='word_1_855' title='bbox 3330 3970 3422 4028; x_wconf 83' lang='grc' dir='ltr'>οῦν</span> 
     </span>
    </p>
   </div>
   <div class='ocr_carea' id='block_1_112' title="bbox 1856 4049 3423 4123">
    <p class='ocr_par' dir='ltr' id='par_1_112' title="bbox 1856 4049 3423 4123">
     <span class='ocr_line' id='line_1_112' title="bbox 1856 4049 3423 4123; baseline 0.002 -17"><span class='ocrx_word' id='word_1_856' title='bbox 1856 4053 2041 4110; x_wconf 75' lang='grc' dir='ltr'>ἕνεκεν</span> <span class='ocrx_word' id='word_1_857' title='bbox 2067 4052 2332 4114; x_wconf 87' lang='grc' dir='ltr'>τοσαύτας</span> <span class='ocrx_word' id='word_1_858' title='bbox 2363 4053 2501 4122; x_wconf 80' lang='grc' dir='ltr'>ἔχων</span> <span class='ocrx_word' id='word_1_859' title='bbox 2525 4053 2824 4123; x_wconf 88' lang='grc' dir='ltr'>μαρτυρίας</span> <span class='ocrx_word' id='word_1_860' title='bbox 2844 4056 3036 4118; x_wconf 86' lang='grc' dir='ltr'>εἰπεῖν,</span> <span class='ocrx_word' id='word_1_861' title='bbox 3062 4054 3127 4108; x_wconf 87' lang='grc' dir='ltr'>δι’</span> <span class='ocrx_word' id='word_1_862' title='bbox 3153 4049 3226 4109; x_wconf 81' lang='grc' dir='ltr'>ὧν</span> <span class='ocrx_word' id='word_1_863' title='bbox 3251 4056 3423 4121; x_wconf 80' lang='grc' dir='ltr'>όΘεδς</span> 
     </span>
    </p>
   </div>
   <div class='ocr_carea' id='block_1_113' title="bbox 1857 4134 3425 4206">
    <p class='ocr_par' dir='ltr' id='par_1_113' title="bbox 1857 4134 3425 4206">
     <span class='ocr_line' id='line_1_113' title="bbox 1857 4134 3425 4206; baseline 0.003 -19"><span class='ocrx_word' id='word_1_864' title='bbox 1857 4136 2105 4205; x_wconf 82' lang='grc' dir='ltr'>φαίνεται</span> <span class='ocrx_word' id='word_1_865' title='bbox 2126 4135 2224 4198; x_wconf 84' lang='grc' dir='ltr'>τὰς</span> <span class='ocrx_word' id='word_1_866' title='bbox 2249 4134 2436 4200; x_wconf 87' lang='grc' dir='ltr'>θυσίας</span> <span class='ocrx_word' id='word_1_867' title='bbox 2465 4135 2897 4206; x_wconf 84' lang='grc' dir='ltr'>παραιτούμενος</span> <span class='ocrx_word' id='word_1_868' title='bbox 2920 4138 3152 4202; x_wconf 86' lang='grc' dir='ltr'>ἐκείνας,</span> <span class='ocrx_word' id='word_1_869' title='bbox 3183 4139 3282 4202; x_wconf 80' lang='grc' dir='ltr'>τὰς</span> <span class='ocrx_word' id='word_1_870' title='bbox 3305 4157 3425 4192; x_wconf 88' lang='grc' dir='ltr'>νου-</span> 
     </span>
    </p>
   </div>
   <div class='ocr_carea' id='block_1_114' title="bbox 1861 4217 3423 4290">
    <p class='ocr_par' dir='ltr' id='par_1_114' title="bbox 1861 4217 3423 4290">
     <span class='ocr_line' id='line_1_114' title="bbox 1861 4217 3423 4290; baseline 0.003 -21"><span class='ocrx_word' id='word_1_871' title='bbox 1861 4217 2078 4289; x_wconf 90' lang='grc' dir='ltr'>μηνίας,</span> <span class='ocrx_word' id='word_1_872' title='bbox 2097 4219 2165 4272; x_wconf 89' lang='lat'>16</span> <span class='ocrx_word' id='word_1_873' title='bbox 2187 4217 2451 4279; x_wconf 83' lang='grc' dir='ltr'>σάϐϐατα,</span> <span class='ocrx_word' id='word_1_874' title='bbox 2468 4218 2566 4281; x_wconf 80' lang='grc' dir='ltr'>τὰς</span> <span class='ocrx_word' id='word_1_875' title='bbox 2592 4220 2805 4290; x_wconf 78' lang='grc' dir='ltr'>ἑορτὰς,</span> <span class='ocrx_word' id='word_1_876' title='bbox 2825 4221 3002 4283; x_wconf 85' lang='grc' dir='ltr'>πάσας</span> <span class='ocrx_word' id='word_1_877' title='bbox 3019 4222 3230 4283; x_wconf 83' lang='grc' dir='ltr'>ἐκείνας</span> <span class='ocrx_word' id='word_1_878' title='bbox 3245 4221 3423 4290; x_wconf 70' lang='grc' dir='ltr'>ἀφεὶς,</span> 
     </span>
    </p>
   </div>
   <div class='ocr_carea' id='block_1_115' title="bbox 1857 4299 3422 4373">
    <p class='ocr_par' dir='ltr' id='par_1_115' title="bbox 1857 4299 3422 4373">
     <span class='ocr_line' id='line_1_115' title="bbox 1857 4299 3422 4373; baseline 0.003 -22"><span class='ocrx_word' id='word_1_879' title='bbox 1857 4299 2060 4372; x_wconf 82' lang='grc' dir='ltr'>ταύτης</span> <span class='ocrx_word' id='word_1_880' title='bbox 2081 4301 2326 4372; x_wconf 82' lang='grc' dir='ltr'>ἐμνήσθη</span> <span class='ocrx_word' id='word_1_881' title='bbox 2369 4305 2574 4373; x_wconf 72' lang='grc' dir='ltr'>μόνηςς</span> <span class='ocrx_word' id='word_1_882' title='bbox 2605 4302 2716 4372; x_wconf 87' lang='grc' dir='ltr'>Οὑχ</span> <span class='ocrx_word' id='word_1_883' title='bbox 2739 4302 2924 4366; x_wconf 82' lang='grc' dir='ltr'>ἁπλῶς</span> <span class='ocrx_word' id='word_1_884' title='bbox 2950 4303 3070 4356; x_wconf 85' lang='grc' dir='ltr'>οὑδὲ</span> <span class='ocrx_word' id='word_1_885' title='bbox 3102 4304 3176 4368; x_wconf 85' lang='grc' dir='ltr'>ώς</span> <span class='ocrx_word' id='word_1_886' title='bbox 3216 4305 3422 4373; x_wconf 76' lang='grc' dir='ltr'>ἔτυχεν,</span> 
     </span>
    </p>
   </div>
   <div class='ocr_carea' id='block_1_116' title="bbox 1857 4383 3445 4456">
    <p class='ocr_par' dir='ltr' id='par_1_116' title="bbox 1857 4383 3445 4456">
     <span class='ocr_line' id='line_1_116' title="bbox 1857 4383 3445 4456; baseline 0.003 -20"><span class='ocrx_word' id='word_1_887' title='bbox 1857 4384 1971 4436; x_wconf 85' lang='grc' dir='ltr'>ἀλλ’</span> <span class='ocrx_word' id='word_1_888' title='bbox 1995 4385 2093 4455; x_wconf 70' lang='grc' dir='ltr'>ἤδη</span> <span class='ocrx_word' id='word_1_889' title='bbox 2125 4383 2224 4454; x_wconf 83' lang='grc' dir='ltr'>τὴν</span> <span class='ocrx_word' id='word_1_890' title='bbox 2253 4386 2432 4438; x_wconf 78' lang='grc' dir='ltr'>αἰτίαν</span> <span class='ocrx_word' id='word_1_891' title='bbox 2455 4385 2704 4456; x_wconf 88' lang='grc' dir='ltr'>ἐροῦμεν.</span> <span class='ocrx_word' id='word_1_892' title='bbox 2728 4386 2917 4440; x_wconf 76' lang='grc' dir='ltr'>Πολλοὶ</span> <span class='ocrx_word' id='word_1_893' title='bbox 2941 4387 3048 4440; x_wconf 88' lang='grc' dir='ltr'>τῶν</span> <span class='ocrx_word' id='word_1_894' title='bbox 3075 4387 3316 4440; x_wconf 86' lang='grc' dir='ltr'>ἀπίστων</span> <span class='ocrx_word' id='word_1_895' title='bbox 3332 4389 3445 4442; x_wconf 83' lang='grc' dir='ltr'>καὶ.</span> 
     </span>
    </p>
   </div>
   <div class='ocr_carea' id='block_1_117' title="bbox 1871 4467 3426 4540">
    <p class='ocr_par' dir='ltr' id='par_1_117' title="bbox 1871 4467 3426 4540">
     <span class='ocr_line' id='line_1_117' title="bbox 1871 4467 3426 4540; baseline 0.003 -20"><span class='ocrx_word' id='word_1_896' title='bbox 1871 4467 2140 4521; x_wconf 87' lang='grc' dir='ltr'>Ἰουδαίων</span> <span class='ocrx_word' id='word_1_897' title='bbox 2172 4469 2351 4522; x_wconf 84' lang='grc' dir='ltr'>αὑτῶν</span> <span class='ocrx_word' id='word_1_898' title='bbox 2384 4471 2679 4540; x_wconf 87' lang='grc' dir='ltr'>μαχόμενοι</span> <span class='ocrx_word' id='word_1_899' title='bbox 2699 4471 2835 4540; x_wconf 82' lang='grc' dir='ltr'>πρὸς</span> <span class='ocrx_word' id='word_1_900' title='bbox 2862 4473 3006 4540; x_wconf 77' lang='grc' dir='ltr'>ἡμᾶς</span> <span class='ocrx_word' id='word_1_901' title='bbox 3037 4471 3304 4537; x_wconf 89' lang='grc' dir='ltr'>λέγουσιν,</span> <span class='ocrx_word' id='word_1_902' title='bbox 3343 4473 3426 4524; x_wconf 77' lang='grc' dir='ltr'>ὅτι</span> 
     </span>
    </p>
   </div>
   <div class='ocr_carea' id='block_1_118' title="bbox 1859 4549 3424 4620">
    <p class='ocr_par' dir='ltr' id='par_1_118' title="bbox 1859 4549 3424 4620">
     <span class='ocr_line' id='line_1_118' title="bbox 1859 4549 3424 4620; baseline 0.001 -17"><span class='ocrx_word' id='word_1_903' title='bbox 1859 4551 1894 4620; x_wconf 83' lang='grc' dir='ltr'><strong>ή</strong></span> <span class='ocrx_word' id='word_1_904' title='bbox 1923 4549 2130 4603; x_wconf 87' lang='grc' dir='ltr'>παλαιὰ</span> <span class='ocrx_word' id='word_1_905' title='bbox 2161 4552 2514 4605; x_wconf 86' lang='grc' dir='ltr'>καταλέλυται</span> <span class='ocrx_word' id='word_1_906' title='bbox 2543 4552 2784 4606; x_wconf 76' lang='grc' dir='ltr'>πολιτεία</span> <span class='ocrx_word' id='word_1_907' title='bbox 2806 4554 2866 4604; x_wconf 85' lang='lat'>06</span> <span class='ocrx_word' id='word_1_908' title='bbox 2894 4553 2982 4605; x_wconf 84' lang='grc' dir='ltr'>διὰ</span> <span class='ocrx_word' id='word_1_909' title='bbox 3009 4554 3067 4605; x_wconf 88' lang='lat'>16</span> <span class='ocrx_word' id='word_1_910' title='bbox 3090 4554 3372 4606; x_wconf 85' lang='grc' dir='ltr'>ἀτέλεστον</span> <span class='ocrx_word' id='word_1_911' title='bbox 3399 4565 3424 4593; x_wconf 71' lang='grc' dir='ltr'>θ</span> 
     </span>
    </p>
   </div>
   <div class='ocr_carea' id='block_1_119' title="bbox 1859 4633 3426 4706">
    <p class='ocr_par' dir='ltr' id='par_1_119' title="bbox 1859 4633 3426 4706">
     <span class='ocr_line' id='line_1_119' title="bbox 1859 4633 3426 4706; baseline 0.003 -20"><span class='ocrx_word' id='word_1_912' title='bbox 1859 4634 2049 4704; x_wconf 82' lang='grc' dir='ltr'>αὐτῆς,</span> <span class='ocrx_word' id='word_1_913' title='bbox 2079 4633 2199 4687; x_wconf 81' lang='grc' dir='ltr'>οὑδὲ</span> <span class='ocrx_word' id='word_1_914' title='bbox 2219 4635 2305 4687; x_wconf 79' lang='grc' dir='ltr'>διὰ</span> <span class='ocrx_word' id='word_1_915' title='bbox 2321 4634 2381 4687; x_wconf 85' lang='grc' dir='ltr'>τὸ</span> <span class='ocrx_word' id='word_1_916' title='bbox 2408 4635 2629 4706; x_wconf 74' lang='grc' dir='ltr'>μείζονα</span> <span class='ocrx_word' id='word_1_917' title='bbox 2646 4635 3012 4705; x_wconf 86' lang='grc' dir='ltr'>εἰσενεχθῆναι</span> <span class='ocrx_word' id='word_1_918' title='bbox 3034 4636 3132 4706; x_wconf 83' lang='grc' dir='ltr'>τὴν</span> <span class='ocrx_word' id='word_1_919' title='bbox 3154 4636 3426 4706; x_wconf 81' lang='grc' dir='ltr'>ἡμετέραν</span> 
     </span>
    </p>
   </div>
   <div class='ocr_carea' id='block_1_120' title="bbox 1861 4715 3428 4788">
    <p class='ocr_par' dir='ltr' id='par_1_120' title="bbox 1861 4715 3428 4788">
     <span class='ocr_line' id='line_1_120' title="bbox 1861 4715 3428 4788; baseline 0.003 -21"><span class='ocrx_word' id='word_1_920' title='bbox 1861 4715 2156 4779; x_wconf 86' lang='grc' dir='ltr'>πολιτείαν,</span> <span class='ocrx_word' id='word_1_921' title='bbox 2192 4715 2326 4769; x_wconf 82' lang='grc' dir='ltr'>ἀλλὰ</span> <span class='ocrx_word' id='word_1_922' title='bbox 2350 4716 2435 4769; x_wconf 78' lang='grc' dir='ltr'>διὰ</span> <span class='ocrx_word' id='word_1_923' title='bbox 2462 4718 2559 4786; x_wconf 81' lang='grc' dir='ltr'>τὴν</span> <span class='ocrx_word' id='word_1_924' title='bbox 2588 4717 2849 4787; x_wconf 89' lang='grc' dir='ltr'>πονηρίαν</span> <span class='ocrx_word' id='word_1_925' title='bbox 2881 4717 2988 4768; x_wconf 78' lang='grc' dir='ltr'>τῶν</span> <span class='ocrx_word' id='word_1_926' title='bbox 3026 4718 3147 4770; x_wconf 90' lang='grc' dir='ltr'>τότε</span> <span class='ocrx_word' id='word_1_927' title='bbox 3185 4735 3428 4788; x_wconf 82' lang='grc' dir='ltr'>προσφε-</span> 
     </span>
    </p>
   </div>
   <div class='ocr_carea' id='block_1_121' title="bbox 1865 4797 3430 4869">
    <p class='ocr_par' dir='ltr' id='par_1_121' title="bbox 1865 4797 3430 4869">
     <span class='ocr_line' id='line_1_121' title="bbox 1865 4797 3430 4869; baseline 0.001 -18"><span class='ocrx_word' id='word_1_928' title='bbox 1865 4798 2065 4869; x_wconf 89' lang='grc' dir='ltr'>ρόντων</span> <span class='ocrx_word' id='word_1_929' title='bbox 2109 4799 2207 4861; x_wconf 79' lang='grc' dir='ltr'>τὰς</span> <span class='ocrx_word' id='word_1_930' title='bbox 2240 4797 2447 4860; x_wconf 89' lang='grc' dir='ltr'>θυσίας.</span> <span class='ocrx_word' id='word_1_931' title='bbox 2501 4798 2558 4849; x_wconf 82' lang='lat'><strong>&#39;0</strong></span> <span class='ocrx_word' id='word_1_932' title='bbox 2610 4797 2741 4865; x_wconf 90' lang='grc' dir='ltr'>γοῦν</span> <span class='ocrx_word' id='word_1_933' title='bbox 2786 4799 3009 4860; x_wconf 76' lang='grc' dir='ltr'>Ἡσαΐας</span> <span class='ocrx_word' id='word_1_934' title='bbox 3063 4800 3256 4869; x_wconf 80' lang='grc' dir='ltr'>φησίνο</span> <span class='ocrx_word' id='word_1_935' title='bbox 3293 4800 3430 4853; x_wconf 84' lang='grc' dir='ltr'>Ἐὰν</span> 
     </span>
    </p>
   </div>
   <div class='ocr_carea' id='block_1_122' title="bbox 1861 4878 3432 4949">
    <p class='ocr_par' dir='ltr' id='par_1_122' title="bbox 1861 4878 3432 4949">
     <span class='ocr_line' id='line_1_122' title="bbox 1861 4878 3432 4949; baseline 0.001 -15"><span class='ocrx_word' id='word_1_936' title='bbox 1861 4881 2165 4948; x_wconf 78' lang='grc' dir='ltr'>έκτείνητε</span> <span class='ocrx_word' id='word_1_937' title='bbox 2224 4879 2331 4944; x_wconf 82' lang='grc' dir='ltr'>τὰς</span> <span class='ocrx_word' id='word_1_938' title='bbox 2372 4878 2575 4948; x_wconf 82' lang='grc' dir='ltr'>χεῖρας</span> <span class='ocrx_word' id='word_1_939' title='bbox 2610 4879 2776 4948; x_wconf 85' lang='grc' dir='ltr'>ὑμῶν</span> <span class='ocrx_word' id='word_1_940' title='bbox 2797 4919 2812 4942; x_wconf 92' lang='grc'>,</span> <span class='ocrx_word' id='word_1_941' title='bbox 2870 4881 3233 4949; x_wconf 70' lang='grc' dir='ltr'>ἀποστρέψω</span> <span class='ocrx_word' id='word_1_942' title='bbox 3291 4884 3432 4948; x_wconf 76' lang='grc' dir='ltr'>τοὺς</span> 
     </span>
    </p>
   </div>
   <div class='ocr_carea' id='block_1_123' title="bbox 1863 4961 3432 5031">
    <p class='ocr_par' dir='ltr' id='par_1_123' title="bbox 1863 4961 3432 5031">
     <span class='ocr_line' id='line_1_123' title="bbox 1863 4961 3432 5031; baseline 0.001 -17"><span class='ocrx_word' id='word_1_943' title='bbox 1863 4963 2206 5030; x_wconf 72' lang='grc' dir='ltr'>ὀφθαλμούς</span> <span class='ocrx_word' id='word_1_944' title='bbox 2221 4978 2340 5030; x_wconf 90' lang='grc' dir='ltr'>μου</span> <span class='ocrx_word' id='word_1_945' title='bbox 2357 4961 2456 5029; x_wconf 71' lang='grc' dir='ltr'>ἀφ’</span> <span class='ocrx_word' id='word_1_946' title='bbox 2480 4961 2674 5029; x_wconf 85' lang='grc' dir='ltr'>ὑμῶν·</span> <span class='ocrx_word' id='word_1_947' title='bbox 2692 4961 2790 5014; x_wconf 87' lang='grc' dir='ltr'>καί</span> <span class='ocrx_word' id='word_1_948' title='bbox 2815 4961 2922 5015; x_wconf 81' lang='grc' dir='ltr'>ἐὰν</span> <span class='ocrx_word' id='word_1_949' title='bbox 2949 4964 3293 5030; x_wconf 83' lang='grc' dir='ltr'>πληθύνητε</span> <span class='ocrx_word' id='word_1_950' title='bbox 3317 4963 3432 5031; x_wconf 82' lang='grc' dir='ltr'>τὴν</span> 
     </span>
    </p>
   </div>
   <div class='ocr_carea' id='block_1_124' title="bbox 1863 5042 3430 5118">
    <p class='ocr_par' dir='ltr' id='par_1_124' title="bbox 1863 5042 3430 5118">
     <span class='ocr_line' id='line_1_124' title="bbox 1863 5042 3430 5118; baseline 0.001 -22"><span class='ocrx_word' id='word_1_951' title='bbox 1863 5044 2109 5112; x_wconf 84' lang='grc' dir='ltr'>δέησιν,</span> <span class='ocrx_word' id='word_1_952' title='bbox 2140 5047 2248 5098; x_wconf 83' lang='grc' dir='ltr'>οὐκ</span> <span class='ocrx_word' id='word_1_953' title='bbox 2295 5045 2719 5112; x_wconf 83' lang='grc' dir='ltr'>είσακσύσομαι</span> <span class='ocrx_word' id='word_1_954' title='bbox 2752 5042 2936 5113; x_wconf 81' lang='grc' dir='ltr'>ὑμῶν.</span> <span class='ocrx_word' id='word_1_955' title='bbox 2988 5045 3140 5118; x_wconf 85' lang='grc'>[667]</span> <span class='ocrx_word' id='word_1_956' title='bbox 3175 5043 3307 5100; x_wconf 84' lang='grc' dir='ltr'>Εἶτα</span> <span class='ocrx_word' id='word_1_957' title='bbox 3332 5048 3430 5116; x_wconf 77' lang='grc' dir='ltr'>τὴν</span> 
     </span>
    </p>
   </div>
   <div class='ocr_carea' id='block_1_125' title="bbox 1864 5127 3432 5199">
    <p class='ocr_par' dir='ltr' id='par_1_125' title="bbox 1864 5127 3432 5199">
     <span class='ocr_line' id='line_1_125' title="bbox 1864 5127 3432 5199; baseline 0.001 -18"><span class='ocrx_word' id='word_1_958' title='bbox 1864 5127 2045 5181; x_wconf 76' lang='grc' dir='ltr'>αἰτίαν</span> <span class='ocrx_word' id='word_1_959' title='bbox 2071 5127 2347 5196; x_wconf 83' lang='grc' dir='ltr'>προσθεὶς,</span> <span class='ocrx_word' id='word_1_960' title='bbox 2372 5127 2566 5195; x_wconf 83' lang='grc' dir='ltr'>ἐπάγει</span> <span class='ocrx_word' id='word_1_961' title='bbox 2584 5128 2755 5198; x_wconf 86' lang='grc' dir='ltr'>λέγων</span> <span class='ocrx_word' id='word_1_962' title='bbox 2774 5146 2787 5158; x_wconf 73' lang='grc' dir='ltr'>ο</span> <span class='ocrx_word' id='word_1_963' title='bbox 2820 5131 2889 5183; x_wconf 78' lang='grc' dir='ltr'>Αἰ</span> <span class='ocrx_word' id='word_1_964' title='bbox 2914 5130 3023 5197; x_wconf 81' lang='grc' dir='ltr'>γὰρ</span> <span class='ocrx_word' id='word_1_965' title='bbox 3056 5129 3250 5199; x_wconf 75' lang='grc' dir='ltr'>χεῖρες</span> <span class='ocrx_word' id='word_1_966' title='bbox 3265 5129 3432 5198; x_wconf 81' lang='grc' dir='ltr'>ὑμῶν</span> 
     </span>
    </p>
   </div>
   <div class='ocr_carea' id='block_1_126' title="bbox 1927 5281 3432 5347">
    <p class='ocr_par' dir='ltr' id='par_1_126' title="bbox 1927 5281 3432 5347">
     <span class='ocr_line' id='line_1_126' title="bbox 1927 5281 3432 5347; baseline 0.006 -16"><span class='ocrx_word' id='word_1_967' title='bbox 1927 5284 1951 5314; x_wconf 70' lang='grc' dir='ltr'>θ</span> <span class='ocrx_word' id='word_1_968' title='bbox 1975 5281 2099 5332; x_wconf 77' lang='lat' dir='ltr'>Tres</span> <span class='ocrx_word' id='word_1_969' title='bbox 2124 5299 2238 5334; x_wconf 83' lang='lat' dir='ltr'>mss.</span> <span class='ocrx_word' id='word_1_970' title='bbox 2266 5290 2320 5336; x_wconf 76' lang='lat' dir='ltr'>et</span> <span class='ocrx_word' id='word_1_971' title='bbox 2341 5286 2492 5336; x_wconf 81' lang='lat' dir='ltr'>Savil.</span> <span class='ocrx_word' id='word_1_972' title='bbox 2523 5285 2725 5342; x_wconf 71' lang='grc' dir='ltr'>Ἠσαίας</span> <span class='ocrx_word' id='word_1_973' title='bbox 2743 5288 2922 5343; x_wconf 80' lang='grc' dir='ltr'>δεικνὺς</span> <span class='ocrx_word' id='word_1_974' title='bbox 2941 5287 3222 5347; x_wconf 77' lang='grc' dir='ltr'>μισουμένας</span> <span class='ocrx_word' id='word_1_975' title='bbox 3244 5283 3327 5347; x_wconf 69' lang='grc' dir='ltr'>Ϊτάς</span> <span class='ocrx_word' id='word_1_976' title='bbox 3344 5282 3432 5347; x_wconf 55' lang='grc' dir='ltr'>αδ)-</span> 
     </span>
    </p>
   </div>
   <div class='ocr_carea' id='block_1_127' title="bbox 1861 5345 3450 5412">
    <p class='ocr_par' dir='ltr' id='par_1_127' title="bbox 1861 5345 3450 5412">
     <span class='ocr_line' id='line_1_127' title="bbox 1861 5345 3450 5412; baseline 0.002 -20"><span class='ocrx_word' id='word_1_977' title='bbox 1861 5347 1958 5412; x_wconf 81' lang='grc' dir='ltr'>τῶν</span> <span class='ocrx_word' id='word_1_978' title='bbox 1981 5347 2214 5412; x_wconf 49' lang='grc' dir='ltr'>Ψσίαςέκ</span> <span class='ocrx_word' id='word_1_979' title='bbox 2237 5350 2632 5412; x_wconf 20' lang='grc' dir='ltr'>προσώπουλφησί</span> <span class='ocrx_word' id='word_1_980' title='bbox 2657 5347 2743 5395; x_wconf 87' lang='grc' dir='ltr'>τοῦ</span> <span class='ocrx_word' id='word_1_981' title='bbox 2767 5347 2909 5412; x_wconf 80' lang='grc' dir='ltr'>Θεοῦ·</span> <span class='ocrx_word' id='word_1_982' title='bbox 2935 5345 2992 5394; x_wconf 88' lang='grc' dir='ltr'>Τί</span> <span class='ocrx_word' id='word_1_983' title='bbox 3026 5345 3104 5412; x_wconf 71' lang='grc' dir='ltr'>μρι</span> <span class='ocrx_word' id='word_1_984' title='bbox 3144 5345 3318 5400; x_wconf 81' lang='grc' dir='ltr'>πλῆθος</span> <span class='ocrx_word' id='word_1_985' title='bbox 3338 5345 3450 5395; x_wconf 77' lang='grc' dir='ltr'>τῶν,</span> 
     </span>
    </p>
   </div>
   <div class='ocr_carea' id='block_1_128' title="bbox 1863 5408 3125 5470">
    <p class='ocr_par' dir='ltr' id='par_1_128' title="bbox 1863 5408 3125 5470">
     <span class='ocr_line' id='line_1_128' title="bbox 1863 5408 3125 5470; baseline -0.004 -14"><span class='ocrx_word' id='word_1_986' title='bbox 1863 5408 2036 5470; x_wconf 61' lang='grc' dir='ltr'>θυςιῷν</span> <span class='ocrx_word' id='word_1_987' title='bbox 2056 5409 2188 5470; x_wconf 77' lang='grc' dir='ltr'>ὑμῶν</span> <span class='ocrx_word' id='word_1_988' title='bbox 2201 5425 2215 5466; x_wconf 83' lang='lat'><strong>;</strong></span> <span class='ocrx_word' id='word_1_989' title='bbox 2226 5408 2405 5470; x_wconf 81' lang='grc' dir='ltr'>πλήρης</span> <span class='ocrx_word' id='word_1_990' title='bbox 2423 5410 2517 5468; x_wconf 82' lang='grc' dir='ltr'>εἰμὶ</span> <span class='ocrx_word' id='word_1_991' title='bbox 2531 5408 3125 5470; x_wconf 35' lang='grc' dir='ltr'>ὁλοκαυτωμάτων-κριῷν.</span> 
     </span>
    </p>
   </div>
   <div class='ocr_carea' id='block_1_129' title="bbox 1924 5463 3431 5528">
    <p class='ocr_par' dir='ltr' id='par_1_129' title="bbox 1924 5463 3431 5528">
     <span class='ocr_line' id='line_1_129' title="bbox 1924 5463 3431 5528; baseline -0.002 -14"><span class='ocrx_word' id='word_1_992' title='bbox 1924 5463 1951 5502; x_wconf 75' lang='grc' dir='ltr'><strong>ἀ</strong></span> <span class='ocrx_word' id='word_1_993' title='bbox 1975 5463 2260 5528; x_wconf 70' lang='grc' dir='ltr'>Συναγάγετε</span> <span class='ocrx_word' id='word_1_994' title='bbox 2280 5463 2425 5517; x_wconf 42' lang='lat' dir='ltr'>d&#39;ée&#39;st</span> <span class='ocrx_word' id='word_1_995' title='bbox 2447 5463 2496 5517; x_wconf 83' lang='lat' dir='ltr'><strong>ih</strong></span> <span class='ocrx_word' id='word_1_996' title='bbox 2529 5470 2681 5518; x_wconf 85' lang='lat' dir='ltr'>Savil.</span> <span class='ocrx_word' id='word_1_997' title='bbox 2707 5474 2759 5515; x_wconf 76' lang='lat' dir='ltr'>et</span> <span class='ocrx_word' id='word_1_998' title='bbox 2781 5463 2830 5515; x_wconf 82' lang='lat' dir='ltr'>in</span> <span class='ocrx_word' id='word_1_999' title='bbox 2863 5463 3153 5528; x_wconf 70' lang='lat' dir='ltr'><strong>quibdsdam</strong></span> <span class='ocrx_word' id='word_1_1000' title='bbox 3175 5465 3291 5511; x_wconf 76' lang='lat' dir='ltr'>mss.</span> <span class='ocrx_word' id='word_1_1001' title='bbox 3319 5463 3431 5512; x_wconf 74' lang='lat' dir='ltr'>Max</span> 
     </span>
    </p>
   </div>
   <div class='ocr_carea' id='block_1_130' title="bbox 1864 5530 2950 5591">
    <p class='ocr_par' dir='ltr' id='par_1_130' title="bbox 1864 5530 2950 5591">
     <span class='ocr_line' id='line_1_130' title="bbox 1864 5530 2950 5591; baseline -0.006 -10"><span class='ocrx_word' id='word_1_1002' title='bbox 1864 5533 2013 5581; x_wconf 74' lang='lat' dir='ltr'>ﬁdem</span> <span class='ocrx_word' id='word_1_1003' title='bbox 2032 5531 2203 5591; x_wconf 69' lang='grc' dir='ltr'>θυσιῶν</span> <span class='ocrx_word' id='word_1_1004' title='bbox 2234 5531 2370 5591; x_wconf 71' lang='grc' dir='ltr'>ὑμῷν</span> <span class='ocrx_word' id='word_1_1005' title='bbox 2389 5531 2646 5591; x_wconf 75' lang='grc' dir='ltr'>μεμίσηκά,</span> <span class='ocrx_word' id='word_1_1006' title='bbox 2667 5530 2748 5591; x_wconf 57' lang='grc' dir='ltr'>καί</span> <span class='ocrx_word' id='word_1_1007' title='bbox 2767 5530 2950 5590; x_wconf 78' lang='grc' dir='ltr'>φάγετε.</span> 
     </span>
    </p>
   </div>
   <div class='ocr_carea' id='block_1_131' title="bbox 1932 5584 3434 5643">
    <p class='ocr_par' dir='ltr' id='par_1_131' title="bbox 1932 5584 3434 5643">
     <span class='ocr_line' id='line_1_131' title="bbox 1932 5584 3434 5643; baseline -0.005 -4"><span class='ocrx_word' id='word_1_1008' title='bbox 1932 5595 1955 5621; x_wconf 76' lang='grc' dir='ltr'><strong>ο</strong></span> <span class='ocrx_word' id='word_1_1009' title='bbox 1981 5592 2063 5639; x_wconf 88' lang='lat' dir='ltr'>Sic</span> <span class='ocrx_word' id='word_1_1010' title='bbox 2112 5589 2242 5638; x_wconf 82' lang='lat' dir='ltr'>bene</span> <span class='ocrx_word' id='word_1_1011' title='bbox 2267 5584 2400 5643; x_wconf 78' lang='grc' dir='ltr'>ὀίίί.’</span> <span class='ocrx_word' id='word_1_1012' title='bbox 2437 5584 2494 5638; x_wconf 66' lang='grc' dir='ltr'>ιιι</span> <span class='ocrx_word' id='word_1_1013' title='bbox 2538 5584 2658 5638; x_wconf 74' lang='lat' dir='ltr'>dicit</span> <span class='ocrx_word' id='word_1_1014' title='bbox 2697 5584 2887 5637; x_wconf 73' lang='grc' dir='ltr'>Μοιιιί..</span> <span class='ocrx_word' id='word_1_1015' title='bbox 2910 5585 3130 5637; x_wconf 82' lang='lat' dir='ltr'>scribens</span> <span class='ocrx_word' id='word_1_1016' title='bbox 3175 5584 3434 5633; x_wconf 67' lang='grc' dir='ltr'>ἀτελέστω-</span> 
     </span>
    </p>
   </div>
   <div class='ocr_carea' id='block_1_132' title="bbox 1866 5649 2812 5708">
    <p class='ocr_par' dir='ltr' id='par_1_132' title="bbox 1866 5649 2812 5708">
     <span class='ocr_line' id='line_1_132' title="bbox 1866 5649 2812 5708; baseline -0.005 -8"><span class='ocrx_word' id='word_1_1017' title='bbox 1866 5669 1964 5701; x_wconf 89' lang='grc' dir='ltr'>τον.</span> <span class='ocrx_word' id='word_1_1018' title='bbox 1991 5651 2124 5700; x_wconf 74' lang='grc' dir='ltr'>Εῡιτ.</span> <span class='ocrx_word' id='word_1_1019' title='bbox 2167 5649 2274 5699; x_wconf 76' lang='lat' dir='ltr'>Mox</span> <span class='ocrx_word' id='word_1_1020' title='bbox 2311 5650 2460 5699; x_wconf 83' lang='lat' dir='ltr'><strong>iidem</strong></span> <span class='ocrx_word' id='word_1_1021' title='bbox 2482 5651 2812 5708; x_wconf 74' lang='grc' dir='ltr'>εἰσινηνέχθαι.</span> 
     </span>
    </p>
   </div>
  </div>
