3850 6224
231 347 350 400 θῇς·

229 463 576 535 tiplicavcritis
618 465 1038 531 obsecrationem,
1080 482 1179 518 non
1205 464 1479 518 exaudiam
1529 479 1650 518 vos:
1683 478 1805 516 mox

225 569 442 609 causam
480 554 700 621 addens,
734 557 1107 625 prosequitur:
1132 555 1318 610 Manus
1343 557 1474 610 enim
1495 565 1668 610 vestra:
1689 572 1806 608 san-

228 643 382 716 guine
411 643 573 714 plenae
602 643 756 716 (lsai.
787 646 839 700 1.
887 645 1000 710 15).
1025 646 1138 701 Hoc
1174 655 1350 700 autem
1383 661 1486 700 non
1523 655 1604 700 est
1644 645 1800 698 sacri-

230 737 348 791 ﬁcia
373 751 662 804 accusare,
719 739 814 794 sed
866 738 1202 794 oﬁ'ereutium
1247 739 1576 809 iniquitatem
1621 738 1805 792 crimi-

223 826 367 882 nari.
421 826 489 881 Et
525 826 647 882 ideo
676 843 782 883 non
831 839 1047 898 accepta
1101 830 1284 884 habuit
1331 829 1623 893 sacriﬁcia,
1657 828 1816 898 quod.

223 932 288 970 ea
327 917 572 974 manibus
616 919 838 988 impuris
905 921 1178 976 olferrent.
1211 921 1442 976 Rursum
1487 920 1650 974 David
1677 935 1798 973 cum

222 1008 448 1066 dixisset
481 1026 494 1061 :
530 1008 651 1064 Non
679 1012 930 1083 accipiam
965 1012 1029 1065 de
1079 1013 1228 1067 domo
1277 1021 1364 1066 tua
1400 1013 1581 1064 vitulos
1604 1051 1617 1076 ,
1645 1027 1803 1076 neque

219 1098 284 1150 de
304 1099 536 1169 gregibus
565 1103 662 1155 tuis
683 1102 850 1157 hircos
868 1102 1035 1174 (Psal.
1061 1101 1239 1167 49.9).
1268 1101 1464 1170 adjecit
1495 1120 1506 1155 :
1535 1101 1800 1155 Peccatori

217 1196 387 1242 autent
412 1189 540 1243 dixit
568 1187 738 1254 Deus,
765 1196 944 1257 Quare
962 1200 1015 1243 tu
1045 1207 1253 1245 enarras
1299 1193 1523 1255 iusritias
1550 1209 1687 1246 meas
1705 1235 1719 1257 ,
1752 1204 1801 1247 et

217 1261 436 1333 assumis
485 1288 832 1334 testamentum
871 1296 1033 1333 meum
1064 1297 1154 1350 per
1193 1297 1249 1334 os
1285 1283 1466 1335 tuum?
1503 1281 1579 1335 Tu
1633 1293 1800 1337 autem

218 1370 374 1428 odisti
410 1370 734 1440 disciplinam
756 1413 771 1436 ,
812 1381 857 1426 et
897 1372 1123 1443 abjecisti
1155 1391 1409 1429 sermones
1449 1392 1585 1430 meos
1613 1385 1799 1430 retror-

216 1476 352 1514 sum.
379 1460 440 1516 Si
470 1461 670 1517 videbas
695 1463 893 1532 furem,
923 1464 1155 1518 currebas
1180 1482 1296 1519 cum
1329 1483 1415 1532 eo,
1444 1477 1622 1522 etcum
1649 1471 1800 1524 adul-

215 1551 338 1603 teris
392 1557 676 1619 portionem
727 1563 866 1607 tuam
915 1556 1135 1624 ponebas
1179 1571 1200 1610 :
1243 1573 1300 1611 os
1345 1567 1486 1612 tuum
1523 1563 1797 1615 abundavit

214 1640 446 1708 malitia,
485 1651 532 1695 et
556 1643 731 1714 lingua
779 1655 866 1697 tua
891 1647 1184 1700 conterebat
1223 1649 1368 1704 dolos
1401 1652 1616 1706 :sedens
1639 1695 1653 1717 ,
1695 1655 1793 1706 ad-

211 1745 386 1786 ocrsus
440 1733 649 1799 fratrem
695 1745 838 1788 tuum
885 1736 1230 1804 obtrectabas,
1261 1749 1308 1792 et
1345 1741 1585 1798 adversus
1629 1743 1794 1811 ﬁlium

210 1821 389 1876 matris
437 1833 536 1878 tua:
577 1825 796 1894 ponebas
847 1825 1210 1894 o/fendiculum
1256 1829 1429 1900 (Psal.
1464 1836 1555 1889 49.
1589 1833 1790 1907 ili—20).

211 1910 368 1966 Unde
395 1912 729 1984 perspicuum
771 1925 850 1970 est
877 1959 891 1982 ,
921 1918 1060 1986 quod
1089 1934 1194 1973 non
1249 1921 1335 1975 hic
1364 1922 1580 1978 omnino
1608 1923 1793 1991 rejecit

207 2003 508 2069 sacriﬁcia,
559 2004 654 2060 sed
726 2008 974 2076 quoniam
1037 2005 1482 2080 mmchabantur,
1541 2015 1789 2082 quoniam

207 2094 552 2162 furabantur,
582 2097 835 2166 quoniam
887 2097 1142 2154 fratribus
1195 2099 1601 2156 insidiabantur.
1633 2104 1789 2160 Certe

201 2199 328 2238 cum
373 2188 735 2258 unusquisque
783 2189 1161 2260 prophetarum
1190 2234 1206 2260 ,
1253 2193 1498 2262 inquiunt
1527 2236 1543 2262 ,
1574 2207 1788 2252 accuset

198 2273 489 2334 oﬂ‘erentes
571 2280 830 2339 sacriﬁcia
859 2321 874 2346 ,
945 2284 1023 2340 sic
1091 2283 1180 2339 illa
1257 2285 1450 2342 Deum.
1520 2290 1786 2358 respuisse

199 2365 351 2419 dicit.

274 2456 326 2510 4.
358 2454 614 2513 Probatur
668 2465 829 2532 legem
873 2464 1128 2520 sublatam
1150 2467 1308 2536 fuisse
1331 2484 1435 2522 non
1484 2470 1546 2523 ob
1578 2481 1782 2540 peccata

198 2546 499 2604 Judteorum
521 2593 538 2619 ,
566 2555 654 2607 sed
679 2557 817 2624 quod
860 2558 1152 2629 imperfecta
1177 2570 1323 2614 esset.
1340 2591 1414 2601 —
1437 2562 1564 2617 Haec
1592 2563 1782 2618 adver-

197 2640 528 2700 sariiuostri
574 2644 785 2712 dicunt,
813 2649 905 2703 sed
938 2651 1131 2704 Paulus
1158 2651 1259 2706 illis
1285 2653 1489 2722 plagam
1514 2655 1641 2709 satis
1670 2672 1780 2710 ma-

195 2746 355 2800 gnam
397 2733 622 2799 inﬂixit,
656 2747 710 2792 et
734 2738 944 2795 abunde
969 2741 1181 2796 illorum
1227 2743 1570 2812 impudentiae
1612 2747 1776 2800 silen-

197 2819 331 2879 tium
391 2823 674 2892 imposuit,
724 2826 825 2882 hoc
882 2831 1207 2886 testimonio.
1258 2833 1390 2887 Cum
1436 2837 1579 2889 enim
1618 2837 1780 2893 vellet

193 2911 519 2980 ostendere,
563 2916 730 2970 Deum
777 2918 944 2988 ipsam
994 2919 1298 2976 inda-orum
1352 2924 1662 2993 religionem
1720 2937 1781 2982 ut

193 3001 639 3074 imperfectiorem
683 3010 934 3078 rejecisse
957 3053 1005 3078 ,.
1041 3013 1350 3083 irritamque
1396 3016 1774 3083 fecisse,.hoc

193 3095 489 3164 assumpsit
530 3099 930 3168 testimonium,
985 3102 1038 3156 in
1083 3119 1187 3172 quo
1225 3106 1491 3159 accusatio
1539 3106 1772 3164 offeren-

191 3185 323 3243 tium
372 3187 516 3242 nulla
564 3200 678 3256 est,
720 3192 813 3246 sed
863 3193 1029 3262 ipsius
1097 3195 1368 3264 religionis
1436 3196 1772 3265 imperfectio

189 3275 330 3334 nuda
374 3293 472 3349 per
493 3294 551 3334 se
577 3280 894 3336 declaratur.
925 3284 1188 3354 Propheta
1240 3286 1380 3340 cutim
1415 3289 1555 3342 nulla
1604 3289 1656 3342 in
1711 3305 1771 3345 re

187 3383 447 3424 accusans
486 3371 733 3440 Judaeos,
771 3375 1082 3444 simpliciter
1127 3377 1204 3430 sic
1244 3377 1472 3447 loquitur
1505 3397 1517 3433 :
1553 3379 1769 3448 Sacriﬁ-

187 3461 323 3513 cium
370 3470 418 3515 et
448 3461 750 3521 oblationem
791 3466 1031 3532 noluisti,
1063 3484 1247 3537 corpus
1291 3481 1458 3525 autem
1513 3474 1769 3543 adaptasti

187 3552 314 3604 mihi
335 3591 352 3618 ,
380 3553 787 3612 holocautomata
815 3568 860 3610 et
879 3575 971 3626 pro
996 3572 1199 3628 peccato
1227 3579 1325 3614 non
1347 3563 1568 3631 probasti
1593 3563 1762 3634 (Psal.

185 3643 275 3701 45.
302 3646 356 3713 7)
415 3641 578 3712 quue
621 3636 893 3714 e'xponens
941 3648 1134 3705 Paulus
1172 3651 1285 3706 ait:
1320 3651 1670 3722 Tollitpritts,
1713 3665 1766 3706 ut

186 3732 436 3802 posterius
453 3744 647 3789 statuat
664 3735 845 3804 (Hebr.
867 3738 952 3791 10.
977 3739 1053 3808 9).
1078 3741 1208 3794 Nam
1240 3753 1580 3813 posteaquam
1608 3745 1761 3811 dixit,

187 3823 508 3890 Sacriﬁcium
557 3837 604 3881 et
633 3829 934 3883 oblationem
993 3834 1198 3887 noluisti
1229 3850 1246 3888 :
1276 3835 1467 3889 deinde
1520 3837 1755 3902 addidit,

183 3913 381 3983 Corpus
409 3926 574 3970 autem
599 3919 855 3990 adaptasti
879 3922 1034 3978 mihi:
1059 3934 1336 3994 postquam
1364 3928 1594 3981 ostendit
1621 3929 1758 3982 aliud

185 4003 459 4060 inductum
507 4009 823 4064 sacriﬁcium
848 4012 1092 4075 ,.-nullam
1143 4025 1397 4083 praetcrea
1435 4031 1581 4084 spem
1613 4017 1764 4072 dedit

183 4095 458 4164 futurum,
509 4108 566 4152 ut
617 4100 742 4158 illud
791 4103 1176 4158 restitueretur.
1230 4105 1298 4160 Et
1344 4105 1445 4161 hoc
1476 4109 1645 4176 ipsum
1680 4109 1760 4164 in-

185 4195 483 4256 terpretans
512 4189 706 4245 Paulus
730 4233 745 4257 ,
775 4193 909 4248 dixit
937 4211 950 4246 :
983 4194 1087 4248 Per
1131 4195 1433 4250 oblationem
1464 4198 1596 4251 hanc
1638 4216 1760 4252 san-

180 4277 388 4342 rti/icati
416 4294 592 4334 sumus
612 4281 663 4334 in
688 4282 944 4337 voluntate
981 4285 1168 4340 Citriin
1200 4286 1302 4355 (Ib.
1330 4305 1375 4341 υ.
1403 4288 1515 4356 10).
1543 4290 1604 4343 Si
1625 4291 1762 4345 enim.

179 4368 389 4437 sanguis
423 4379 683 4425 taurorum
709 4384 755 4427 et
800 4377 1092 4442 hircorum,
1133 4387 1177 4430 et
1206 4380 1332 4432 cinis
1384 4382 1555 4434 vitula:
1579 4399 1754 4452 asper-

178 4475 263 4513 sus
313 4459 601 4528 inquinatos
653 4467 936 4532 sanctiﬁcat
981 4469 1049 4520 ad
1095 4470 1261 4522 carnis
1305 4471 1705 4526 entundationem
1735 4490 1755 4526 .'

178 4558 369 4616 quanto
395 4553 557 4622 magis
585 4556 793 4625 sanguis
844 4555 971 4615 Jesu
1020 4556 1240 4624 Christi,
1273 4563 1355 4628 qui
1389 4577 1477 4629 per
1508 4562 1766 4630 Spiritum.

176 4649 408 4693 sanctum
437 4642 615 4696 obtulit
655 4647 976 4714 semetipsum
1021 4650 1436 4715 immaculatum,
1467 4654 1754 4707 emundabit

175 4731 534 4785 conscientiam
591 4743 813 4788 nostram
857 4738 920 4790 ab
963 4741 1194 4806 Operibus
1221 4742 1428 4794 mortuis
1475 4741 1658 4811 (Hebr.
1697 4744 1750 4797 9.

178 4819 269 4873 15.
299 4819 415 4891 M)?
437 4821 620 4892 Itaque
650 4824 788 4893 quod
817 4826 942 4880 illud
963 4828 1277 4883 sacriﬁcium
1304 4832 1632 4900 antiquatqu
1661 4835 1748 4898 sit,

174 4919 231 4964 et
273 4911 415 4967 aliud
442 4914 494 4967 in
543 4916 661 4984 ejus
699 4917 872 4972 locum
921 4920 1222 4988 inductum,
1250 4923 1497 4992 quodque
1533 4927 1751 4993 posthac

175 5001 304 5060 illud
345 5017 451 5057 non
482 5005 552 5058 sit
588 5009 970 5064 restituendum
997 5012 1126 5065 satis
1148 5052 1164 5076 ,
1191 5028 1275 5069 ex.
1297 5013 1380 5067 his
1418 5014 1751 5071 demonstra—

179 5100 290 5144 tum
322 5101 425 5147 est.
457 5094 570 5162 Age
593 5095 706 5164 jam
730 5111 1001 5167 superest,
1051 5109 1108 5154 ut
1143 5101 1284 5170 quod
1332 5103 1532 5157 dudum
1574 5106 1746 5159 conati

173 5199 362 5240 sumus
390 5187 793 5256 demonstrare,
841 5192 979 5246 illius
1043 5194 1323 5249 sacerdotii
1381 5195 1513 5250 ritus
1574 5212 1754 5266 neque

170 5275 284 5346 jam
333 5291 628 5346 apparere,
675 5295 848 5350 neque
891 5282 1068 5337 denuo
1125 5285 1424 5353 redituros,
1474 5286 1748 5342 evidenter

174 5368 279 5423 hoc
305 5369 585 5440 palamque
617 5387 649 5426 e
685 5373 974 5441 Scripturis
995 5375 1122 5443 ipsis
1151 5375 1438 5431 dilucidum
1471 5378 1742 5442 faciamus,

177 5473 345 5526 pauca
375 5461 524 5529 prius
537 5461 687 5516 vobis
711 5463 908 5532 praefati
930 5506 945 5530 ,
981 5480 1084 5534 quo
1112 5467 1199 5519 ﬁat
1229 5467 1536 5522 evidentior
1559 5483 1742 5522 eorum

172 5565 294 5617 qum
323 5550 569 5607 dicentur
598 5556 886 5610 enarratio.
917 5556 1182 5610 Abraham
1206 5572 1451 5612 reversus
1478 5575 1508 5612 e
1529 5558 1744 5612 Perside

170 5642 358 5710 genuit
383 5639 531 5696 Isaac
554 5685 569 5708 ,
589 5643 743 5698 Isaac.
778 5644 1345 5714 (leinchacobJacob
1371 5647 1648 5704 duodecim
1678 5649 1740 5702 ﬁ-

174 5734 312 5800 tios,
341 5749 408 5789 ex
456 5735 646 5806 quibus
676 5737 924 5807 profecta:
965 5747 1087 5794 sunt
1107 5738 1386 5794 duodecim
1417 5741 1621 5808 tribus,
1654 5742 1737 5796 vel

1420 344 1774 403 Al‘VERSUS
1811 341 2109 402 JUDJEOS.
2155 350 2264 406 γη.

3397 363 3502 420 923

1916 466 2095 532 potius
2138 470 2414 526 tredecim.
2473 474 2911 548 Quandoquidem
2982 479 3096 535 loco
3142 479 3339 550 Joscph
3393 484 3500 539 duo

1915 557 2082 626 ipsius
2105 560 2197 616 ﬁlii
2226 563 2478 633 Ephraim
2508 577 2561 622 et
2604 569 2873 627 Manasscs
2899 575 3219 634 exstiterunt
3264 577 3493 631 tribuum

1916 647 2200 718 principes.
2243 653 2310 708 Et
2338 657 2784 724 quemadmodum
2825 664 3109 735 unicuique
3151 666 3380 722 ﬁliorum
3406 668 3495 723 Ja~

1911 737 2013 790 cob
2042 739 2208 794 tribus
2233 747 2550 813 cognomine
2591 752 2982 820 respondebat,
3009 755 3218 822 Ruben,
3250 758 3490 824 Simeou,

1912 825 2058 887 Levi.
2090 829 2247 893 Juda.
2286 833 2649 906 Nephthalim.
2679 840 2791 897 Gad
2817 885 2832 908 ,
2872 846 3028 911 Aser,
3052 845 3326 916 Benjamin
3363 866 3376 902 :
3411 863 3491 904 src

1909 917 2010 972 sub
2032 919 2227 990 Juseph
2255 923 2360 977 duo
2402 927 2541 982 illius
2571 929 2685 996 ﬁlii,
2715 931 2955 989 Manasse
2984 944 3037 989 et
3077 935 3330 1006 Ephraim
3356 979 3372 1004 ,
3403 953 3495 993 co-

1906 1024 2136 1078 gnomen
2183 1013 2436 1071 indebant
2489 1019 2728 1077 tribubus
2765 1034 2857 1078 :et
2885 1025 3288 1094 appellabantur
3324 1030 3490 1085 altera

1907 1101 2118 1168 quidem
2148 1103 2401 1173 Ephraim
2427 1149 2442 1172 ,
2497 1110 2663 1165 altera
2685 1128 2814 1168 vero
2864 1115 3124 1171 Manasse.
3156 1118 3356 1174 llarum
3391 1119 3491 1174 ita-

1905 1205 2008 1259 que
2039 1192 2315 1262 tredecim,
2345 1207 2553 1280 cazteraa
2581 1202 2795 1272 quidem
2825 1219 3014 1261 omnes
3032 1221 3188 1277 agros
3220 1208 3489 1266 habebant

1904 1296 1968 1336 ac
2006 1297 2299 1354 proventus
2325 1292 2540 1358 multos,
2574 1303 2630 1349 et
2656 1296 3084 1365 agricolabanlur
3122 1317 3328 1369 omnes,
3365 1306 3490 1360 reli-

1905 1388 2116 1444 quaque
2153 1380 2334 1435 omnia
2403 1385 2728 1441 exercebant
2779 1388 2844 1442 ad
2893 1389 3090 1446 victum
3148 1397 3492 1462 pertinentia:

1902 1461 2166 1520 Caeterum
2204 1469 2371 1524 tribus
2425 1471 2552 1528 Levi
2598 1476 2711 1530 sola
2763 1476 3022 1537 honorata
3062 1461 3400 1554 sacerdotio,
3452 1504 3482 1543 a

1901 1557 2128 1625 negotiis
2156 1559 2221 1614 ad
2263 1560 2458 1618 victum
2509 1569 2895 1635 pertinentibus
2931 1574 3150 1631 liberata
3181 1587 3335 1644 erat,
3389 1597 3487 1637 ne-

1899 1662 2003 1714 que
2043 1649 2290 1708 colebant
2335 1670 2493 1726 agros
2519 1700 2533 1723 ,
2567 1675 2740 1731 neque
2767 1666 3062 1722 tractabant
3101 1679 3277 1739 artes,
3313 1688 3485 1744 neque

1898 1748 2156 1804 praeterea
2187 1744 2475 1815 quidquam
2518 1748 2674 1819 hujus
2723 1758 2935 1822 generis
2985 1762 3342 1831 exercebant,
3387 1767 3482 1821 sed

1897 1827 1994 1881 soli
2026 1832 2327 1889 sacerdotio
2367 1839 2666 1907 vacabant,
2697 1858 2759 1896 ac
2789 1845 3027 1904 decimas
3084 1827 3418 1923 accipiebant
3447 1871 3479 1910 a

1898 1927 2010 1975 toto
2053 1924 2248 1993 populo
2292 1935 2404 1982 tum
2451 1930 2587 1999 vini,
2625 1942 2735 1988 tum
2781 1935 3061 2005 frumenti,
3105 1951 3214 1996 tum
3266 1944 3475 2012 hordei,

1895 2017 1951 2064 et
1991 2012 2058 2068 de
2101 2016 2223 2070 aliis
2287 2019 2451 2076 rebus
2500 2025 2751 2081 omnibus
2809 2028 3073 2085 decimam
3121 2034 3230 2088 illis
3273 2039 3475 2105 portio-

1893 2116 2015 2157 nem
2044 2103 2240 2161 dabant
2269 2124 2456 2168 omnes
2483 2156 2499 2181 ,
2527 2125 2582 2170 et
2607 2117 2692 2171 hic
2718 2130 2855 2178 erat.
2878 2121 2982 2177 illis
3019 2103 3330 2192 proventus.
3368 2129 3477 2185 Nec

1891 2190 1972 2248 fas
2003 2204 2120 2250 erat
2147 2212 2208 2252 ex
2243 2201 2348 2255 ulla
2379 2203 2479 2256 alia
2512 2206 2651 2262 tribu
2683 2190 3298 2286 sacerdotem—umquam
3328 2219 3466 2276 ﬁeri.

1891 2285 1970 2340 Ex
2023 2287 2121 2344 hac
2154 2291 2298 2347 enim
2314 2295 2468 2350 _trihu
2501 2296 2678 2357 factus
2711 2311 2794 2356 est
2833 2304 3046 2372 Aaron,
3091 2285 3344 2365 nimirum
3400 2312 3470 2369 de

1890 2377 2028 2431 tribu
2064 2379 2229 2447 Levi,
2283 2399 2347 2439 ac
2388 2401 2484 2455 per
2510 2392 2906 2447 successionem
2950 2395 3090 2450 illius
3145 2402 3343 2467 pomeri
3379 2419 3468 2458 sa-

1887 2468 2184 2524 cerdotium
2245 2476 2633 2547 accipiebant,
2707 2497 2881 2552 neque
2927 2488 3150 2558 quisque
3223 2508 3470 2564 umquam

1886 2559 2148 2618 sacerdos,
2173 2577 2236 2616 ex
2275 2565 2383 2620 alia
2428 2569 2564 2624 tribu
2613 2583 2833 2632 creatus,
2861 2584 2964 2634 est.
3021 2578 3095 2639 Ηι,
3132 2559 3466 2654 itaque-Le-

1887 2647 2011 2701 vita:
2039 2650 2274 2706 decimas
2323 2654 2391 2709 ab
2437 2657 2542 2712 illis
2570 2663 2922 2732 accipiebant,
2952 2676 3006 2722 et
3043 2669 3123 2724 sic
3158 2647 3459 2730 alebantur.

1882 2735 2165 2831 Sedantc
2233 2743 2396 2800 Jacob
2439 2749 2538 2804 sub
2591 2749 2784 2821 Isaac,
2823 2759 2922 2811 sub
2988 2760 3294 2831 Abraham,
3343 2782 3462 2831 cum

1881 2829 2118 2884 nondum
2153 2844 2295 2888 esset
2346 2835 2550 2903 Moses,
2580 2842 2813 2897 nondum
2839 2847 3034 2917 scripta
3066 2850 3182 2916 lex,
3227 2829 3461 2914 nondum

1882 2915 2172 2974 Leviticum
2209 2925 2568 2982 sacerdotium
2600 2943 2743 2986 esset
2794 2915 3058 3004 proditum
3082 2982 3097 3005 ,
3147 2915 3253 2999 non
3285 2947 3461 3002 taber-

1879 3010 2148 3076 naculum,
2179 3029 2281 3068 non
2326 3020 2582 3085 templum
2621 3033 2807 3092 esset,
2841 3043 2947 3081 non
3002 3032 3168 3087 tribus
3192 3034 3454 3105 discretas,

1877 3113 1982 3152 non
2012 3099 2306 3158 Jerusalem
2351 3118 2622 3175 exstaret,
2653 3126 2772 3167 cum
2816 3117 2994 3172 nullus
3024 3123 3244 3178 omnino
3275 3126 3324 3179 in
3351 3128 3448 3181 Ju-

1876 3187 2024 3243 dacos
2068 3206 2247 3246 rerum
2295 3195 2648 3266 principatum
2690 3217 3041 3274 occupasset,
3096 3211 3193 3265 fuit
3237 3217 3451 3284 quidam

1875 3277 2228 3336 Melchisedec
2264 3286 2514 3341 sacerdos
2542 3289 2634 3345 Dei
2669 3293 2932 3349 altissimi.
2969 3298 3066 3354 llic
3105 3277 3452 3364 Melchisedec

1873 3380 1988 3424 erat
2035 3387 2129 3428 rex
2171 3375 2308 3429 idem
2340 3385 2393 3431 et
2415 3381 2666 3458 sacerdos
2699 3403 2711 3437 :
2739 3395 2895 3456 typus
2942 3392 3084 3446 enim
3103 3393 3308 3452 iuturus
3332 3411 3450 3456 erat

1873 3461 2099 3530 Christi,
2149 3466 2298 3535 cujus
2326 3479 2381 3525 et
2414 3468 2686 3540 Scriptura
2714 3480 2991 3537 manifeste
3022 3486 3282 3542 meminit.
3312 3490 3448 3547 Cum

1871 3555 2012 3608 enim
2066 3556 2334 3613 Abraham
2379 3562 2572 3617 Persas
2633 3567 2884 3636 adortus,
2928 3571 3107 3630 fratris
3171 3578 3280 3635 ﬁlio
3350 3582 3451 3639 Lot

1869 3659 1933 3698 ex
1971 3645 2181 3702 illorum
2219 3652 2463 3707 manibus
2501 3665 2687 3725 erepto
2711 3701 2726 3724 ,
2773 3664 3022 3720 omnibus
3069 3671 3272 3738 spoliis
3298 3674 3445 3730 dire-

1870 3735 1973 3802 ptis
2001 3737 2196 3793 rediret
2225 3780 2239 3804 ,
2265 3741 2518 3799 hostibus
2557 3748 2752 3803 virtute
2799 3751 3020 3809 devictis
3041 3797 3055 3818 ,
3089 3735 3227 3814 hunc
3250 3762 3448 3819 in.mo~

1867 3824 1991 3877 dum
2041 3826 2108 3882 de
2156 3828 2513 3886 Melchisedec
2575 3836 2810 3905 loquitur
2854 3841 3124 3914 Scriptura
3156 3865 3170 3900 :
3198 3849 3266 3903 Et
3309 3853 3446 3909 Mcl-

1866 3913 2092 3968 chisedec
2138 3933 2228 3970 rex
2271 3919 2445 3973 Solem
2499 3924 2676 3978 obtulit
2733 3945 2917 3996 panem
2971 3913 3032 3988 ac
3080 3939 3285 4003 vinum;
3335 3957 3444 4000 erat

1865 4003 1995 4056 enim
2042 4007 2277 4061 sacerdos
2319 4009 2416 4063 Dei
2463 4013 2732 4080 altissimi;
2776 4029 2825 4072 et
2878 4023 3128 4080 benedixit
3177 4030 3396 4088 Abrahae
3425 4078 3441 4099 ,

1864 4094 2088 4161 dixitque
2112 4113 2131 4150 :
2163 4098 2451 4183 benedictus
2494 4119 2546 4158 es
2589 4104 2847 4162 Abraham
2885 4111 2995 4167 Deo
3041 4117 3290 4173 altissimo
3310 4163 3323 4187 ,
3354 4094 3441 4193 qui

1862 4185 2046 4238 creavit
2087 4188 2268 4243 caelum
2295 4201 2353 4266 et
2379 4202 2562 4246 terram
2585 4236 2599 4261 ,
2632 4206 2679 4248 et
2730 4197 3017 4258 benedictus
3059 4203 3201 4261 Deus
3251 4185 3442 4267 altissi-

1862 4292 1993 4341 mus,
2041 4279 2130 4348 qui
2168 4283 2378 4336 tradidit
2423 4285 2654 4341 inimicos
2685 4299 2796 4345 tuos
2845 4294 2898 4348 in
2950 4312 3130 4352 manus
3189 4311 3322 4356 tuas.
3369 4305 3441 4360 Et

1861 4369 1994 4422 dedit
2011 4370 2086 4424 illi
2109 4371 2328 4428 decimas
2343 4392 2406 4430 ea:
2429 4380 2654 4434 omnibus
2667 4383 2920 4438 Abraham
2939 4387 3090 4457 (Gen.
3117 4392 3204 4446 14.
3226 4394 3432 4466 18-20).

1861 4459 1916 4516 Si
1955 4465 2076 4530 quis
2105 4464 2265 4533 igitur
2293 4468 2670 4536 prophetarum
2708 4477 2915 4530 exstitit
2939 4517 2954 4542 ,
2985 4481 3073 4548 qui
3101 4481 3267 4548 dicat,
3294 4459 3446 4553 quod.

1858 4563 1980 4621 post
2019 4556 2286 4610 Abraham
2316 4599 2332 4624 ,
2384 4573 2606 4630 postque
2637 4568 2989 4622 sacerdotium
3043 4573 3168 4627 illud
3189 4614 3204 4640 ,
3233 4585 3289 4630 et
3317 4577 3437 4633 haec.

1858 4646 2114 4700 sacriﬁcia
2154 4659 2309 4718 atque
2351 4652 2648 4710 oblationes
2672 4697 2685 4718 ,
2727 4661 3026 4716 exoriturus
3057 4674 3201 4720 esset
3243 4682 3423 4724 sacer-

1858 4735 1954 4788 dos
1993 4737 2126 4790 alius
2153 4777 2168 4803 ,
2197 4755 2302 4792 non
2350 4755 2414 4794 ex
2459 4743 2545 4796 illa
2589 4745 2729 4798 tribu
2761 4789 2774 4810 ,
2801 4750 2893 4802 sed
2933 4767 2996 4804 ex
3029 4755 3126 4806 alia
3150 4771 3276 4819 ,Aex
3316 4775 3440 4828 qua.

1858 4842 2142 4897 numquam
2201 4840 2413 4886 creatus
2458 4843 2541 4888 est
2598 4837 2848 4893 sacerdos
2889 4883 2903 4906 ,
2958 4859 3088 4898 non.
3131 4851 3438 4908 secundum.

1855 4921 2096 4976 ordinem
2146 4923 2406 4990 Aaronis,
2460 4924 2556 4979 sed
2603 4929 2894 4984 secundum
2918 4933 3163 4990 ordinem
3213 4938 3436 4996 Melchi-

1855 5011 2013 5065 sedec
2059 5030 2072 5064 :
2112 5011 2455 5068 manifestum
2497 5024 2611 5080 est,
2663 5019 2806 5087 quod
2860 5030 3013 5078 vetus
3068 5027 3447 5086 sacerdotium.

1854 5101 2103 5166 cessavit,
2130 5101 2270 5156 aliud
2299 5113 2475 5158 autem
2519 5121 2714 5162 novum
2760 5110 2811 5162 iu
2858 5111 3000 5166 illius
3044 5115 3218 5171 locum
3271 5119 3434 5175 indu-

1853 5201 1993 5245 ctum
2017 5201 2118 5246 est.
2143 5191 2272 5245 Nam
2315 5195 2360 5248 si
2412 5195 2644 5249 futurum
2686 5209 2823 5264 erat,
2867 5209 2922 5254 ut
2946 5211 3097 5257 vetus
3136 5206 3262 5260 illud
3291 5209 3432 5263 Obll-

1853 5290 2047 5346 neret,
2087 5297 2193 5336 non
2244 5285 2538 5340 secundum
2585 5287 2824 5344 ordinem
2882 5291 3235 5351 Melchisedec
3263 5339 3277 5361 ,
3334 5301 3436 5357 scd,

1852 5373 2141 5427 secundum
2173 5376 2416 5429 ordinem
2446 5377 2888 5447 Aaron.0portuit
2937 5384 3062 5437 dici.
3088 5387 3218 5450 Quis
3268 5389 3436 5457 igitur,

1851 5463 1953 5518 hoc
1996 5465 2160 5519 dicit?
2209 5467 2307 5522 llic
2359 5469 2470 5537 ipse
2520 5470 2608 5538 qui
2658 5470 2724 5525 de
2784 5473 3058 5528 sacriﬁciis
3113 5477 3360 5544 loquutus
3405 5522 3424 5547 ,

1849 5553 1917 5608 de
1945 5553 2153 5610 Christo
2173 5556 2442 5612 disserens
2467 5557 2567 5614 hoc
2593 5576 2804 5630 quoque
2841 5562 3037 5617 alicubi
3075 5564 3214 5619 dixit
3243 5587 3258 5619 :
3283 5567 3427 5626 Dixit

1848 5646 2096 5702 Dominus
2141 5647 2359 5704 Domino
2409 5666 2556 5710 meo:
2586 5647 2771 5704 Sedea
2815 5653 3002 5706 dextris
3048 5655 3168 5710 meis
3221 5658 3248 5725 (
3276 5657 3424 5718 I’sal.

1849 5741 2070 5804 109.1).
