  <div class='ocr_page' id='page_1' title='image "/cluster/home/n/w/nwhite01/storage/ocr_20150623/48/nnc1.0046978267/403.png"; bbox 0 0 1931 3114; ppageno 0'>
   <div class='ocr_carea' id='block_1_1' title="bbox 183 139 976 189">
    <p class='ocr_par' dir='ltr' id='par_1_1' title="bbox 183 139 976 189">
     <span class='ocr_line' id='line_1_1' title="bbox 183 139 976 189; baseline -0.023 -4"><span class='ocrx_word' id='word_1_1' title='bbox 183 156 235 189; x_wconf 64' lang='lat'><strong>9,25,</strong></span> <span class='ocrx_word' id='word_1_2' title='bbox 537 148 564 174; x_wconf 90' lang='lat' dir='ltr'><strong>S.</strong></span> <span class='ocrx_word' id='word_1_3' title='bbox 585 144 723 174; x_wconf 80' lang='lat' dir='ltr'><strong>JO.\NNIS</strong></span> <span class='ocrx_word' id='word_1_4' title='bbox 740 139 976 171; x_wconf 70' lang='lat' dir='ltr'><strong>CllRYSOSTOMI</strong></span> 
     </span>
    </p>
   </div>
   <div class='ocr_carea' id='block_1_2' title="bbox 218 199 971 243">
    <p class='ocr_par' dir='ltr' id='par_1_2' title="bbox 218 199 971 243">
     <span class='ocr_line' id='line_1_2' title="bbox 218 199 971 243; baseline -0.02 -4"><span class='ocrx_word' id='word_1_5' title='bbox 218 212 245 239; x_wconf 86' lang='lat'><strong>5.</strong></span> <span class='ocrx_word' id='word_1_6' title='bbox 266 209 367 238; x_wconf 82' lang='lat' dir='ltr'><strong>Deinde</strong></span> <span class='ocrx_word' id='word_1_7' title='bbox 386 214 420 235; x_wconf 89' lang='lat' dir='ltr'><strong>ne</strong></span> <span class='ocrx_word' id='word_1_8' title='bbox 437 207 497 243; x_wconf 78' lang='lat' dir='ltr'><strong>quis</strong></span> <span class='ocrx_word' id='word_1_9' title='bbox 510 204 544 233; x_wconf 90' lang='lat' dir='ltr'><strong>de</strong></span> <span class='ocrx_word' id='word_1_10' title='bbox 557 203 704 239; x_wconf 75' lang='lat' dir='ltr'><strong>vulgarium</strong></span> <span class='ocrx_word' id='word_1_11' title='bbox 719 201 858 228; x_wconf 85' lang='lat' dir='ltr'><strong>hominum</strong></span> <span class='ocrx_word' id='word_1_12' title='bbox 881 199 971 233; x_wconf 87' lang='lat' dir='ltr'><strong>aliquo</strong></span> 
     </span>
    </p>
   </div>
   <div class='ocr_carea' id='block_1_3' title="bbox 183 246 970 292">
    <p class='ocr_par' dir='ltr' id='par_1_3' title="bbox 183 246 970 292">
     <span class='ocr_line' id='line_1_3' title="bbox 183 246 970 292; baseline -0.018 -8"><span class='ocrx_word' id='word_1_13' title='bbox 183 258 363 292; x_wconf 80' lang='lat' dir='ltr'><strong>sttspicaretur</strong></span> <span class='ocrx_word' id='word_1_14' title='bbox 376 253 439 281; x_wconf 91' lang='lat' dir='ltr'><strong>illud</strong></span> <span class='ocrx_word' id='word_1_15' title='bbox 452 259 511 280; x_wconf 88' lang='lat' dir='ltr'><strong>esse</strong></span> <span class='ocrx_word' id='word_1_16' title='bbox 522 251 631 283; x_wconf 87' lang='lat' dir='ltr'><strong>dictttm,</strong></span> <span class='ocrx_word' id='word_1_17' title='bbox 645 257 697 276; x_wconf 91' lang='lat' dir='ltr'><strong>non</strong></span> <span class='ocrx_word' id='word_1_18' title='bbox 712 248 776 275; x_wconf 88' lang='lat' dir='ltr'><strong>dicit</strong></span> <span class='ocrx_word' id='word_1_19' title='bbox 787 248 838 274; x_wconf 90' lang='lat' dir='ltr'><strong>hoc</strong></span> <span class='ocrx_word' id='word_1_20' title='bbox 852 246 970 276; x_wconf 83' lang='lat' dir='ltr'><strong>llesaias,</strong></span> 
     </span>
    </p>
   </div>
   <div class='ocr_carea' id='block_1_4' title="bbox 185 292 971 337">
    <p class='ocr_par' dir='ltr' id='par_1_4' title="bbox 185 292 971 337">
     <span class='ocr_line' id='line_1_4' title="bbox 185 292 971 337; baseline -0.017 -7"><span class='ocrx_word' id='word_1_21' title='bbox 185 309 271 337; x_wconf 83' lang='lat' dir='ltr'><strong>neque</strong></span> <span class='ocrx_word' id='word_1_22' title='bbox 281 300 427 331; x_wconf 80' lang='lat' dir='ltr'><strong>Jeremias,</strong></span> <span class='ocrx_word' id='word_1_23' title='bbox 443 305 527 332; x_wconf 85' lang='lat' dir='ltr'><strong>neque</strong></span> <span class='ocrx_word' id='word_1_24' title='bbox 542 296 679 331; x_wconf 91' lang='lat' dir='ltr'><strong>quisquam</strong></span> <span class='ocrx_word' id='word_1_25' title='bbox 694 294 762 321; x_wconf 87' lang='lat' dir='ltr'><strong>alius</strong></span> <span class='ocrx_word' id='word_1_26' title='bbox 774 293 902 328; x_wconf 88' lang='lat' dir='ltr'><strong>propheta</strong></span> <span class='ocrx_word' id='word_1_27' title='bbox 918 292 971 326; x_wconf 88' lang='lat' dir='ltr'><strong>pri-</strong></span> 
     </span>
    </p>
   </div>
   <div class='ocr_carea' id='block_1_5' title="bbox 184 336 972 382">
    <p class='ocr_par' dir='ltr' id='par_1_5' title="bbox 184 336 972 382">
     <span class='ocr_line' id='line_1_5' title="bbox 184 336 972 382; baseline -0.011 -10"><span class='ocrx_word' id='word_1_28' title='bbox 184 336 252 374; x_wconf 73' lang='lat' dir='ltr'><strong>vata:</strong></span> <span class='ocrx_word' id='word_1_29' title='bbox 266 344 424 373; x_wconf 76' lang='lat' dir='ltr'><strong>conditionis</strong></span> <span class='ocrx_word' id='word_1_30' title='bbox 435 364 443 375; x_wconf 88' lang='lat'><strong>,</strong></span> <span class='ocrx_word' id='word_1_31' title='bbox 454 342 501 369; x_wconf 82' lang='lat' dir='ltr'><strong>sed</strong></span> <span class='ocrx_word' id='word_1_32' title='bbox 516 342 572 382; x_wconf 88' lang='lat' dir='ltr'><strong>ipse</strong></span> <span class='ocrx_word' id='word_1_33' title='bbox 586 348 631 368; x_wconf 89' lang='lat' dir='ltr'><strong>rex</strong></span> <span class='ocrx_word' id='word_1_34' title='bbox 640 361 649 374; x_wconf 92' lang='lat'><strong>,</strong></span> <span class='ocrx_word' id='word_1_35' title='bbox 669 345 697 366; x_wconf 90' lang='lat' dir='ltr'><strong>ttt</strong></span> <span class='ocrx_word' id='word_1_36' title='bbox 710 339 886 373; x_wconf 82' lang='lat' dir='ltr'><strong>intelligeres,</strong></span> <span class='ocrx_word' id='word_1_37' title='bbox 902 336 972 372; x_wconf 88' lang='lat' dir='ltr'><strong>quod</strong></span> 
     </span>
    </p>
   </div>
   <div class='ocr_carea' id='block_1_6' title="bbox 185 382 970 426">
    <p class='ocr_par' dir='ltr' id='par_1_6' title="bbox 185 382 970 426">
     <span class='ocr_line' id='line_1_6' title="bbox 185 382 970 426; baseline -0.015 -7"><span class='ocrx_word' id='word_1_38' title='bbox 185 400 238 424; x_wconf 79' lang='lat' dir='ltr'><strong>non</strong></span> <span class='ocrx_word' id='word_1_39' title='bbox 252 392 336 426; x_wconf 85' lang='lat' dir='ltr'><strong>possit</strong></span> <span class='ocrx_word' id='word_1_40' title='bbox 356 396 406 416; x_wconf 92' lang='lat' dir='ltr'><strong>rex</strong></span> <span class='ocrx_word' id='word_1_41' title='bbox 427 387 562 415; x_wconf 82' lang='lat' dir='ltr'><strong>hominem</strong></span> <span class='ocrx_word' id='word_1_42' title='bbox 574 385 710 421; x_wconf 85' lang='lat' dir='ltr'><strong>appellare</strong></span> <span class='ocrx_word' id='word_1_43' title='bbox 730 391 807 411; x_wconf 88' lang='lat' dir='ltr'><strong>suum</strong></span> <span class='ocrx_word' id='word_1_44' title='bbox 821 382 970 414; x_wconf 86' lang='lat' dir='ltr'><strong>Dominum,</strong></span> 
     </span>
    </p>
   </div>
   <div class='ocr_carea' id='block_1_7' title="bbox 183 427 973 465">
    <p class='ocr_par' dir='ltr' id='par_1_7' title="bbox 183 427 973 465">
     <span class='ocr_line' id='line_1_7' title="bbox 183 427 973 465; baseline -0.014 -1"><span class='ocrx_word' id='word_1_45' title='bbox 183 437 231 465; x_wconf 79' lang='lat' dir='ltr'><strong>sed</strong></span> <span class='ocrx_word' id='word_1_46' title='bbox 247 437 328 463; x_wconf 89' lang='lat' dir='ltr'><strong>Deum</strong></span> <span class='ocrx_word' id='word_1_47' title='bbox 350 434 447 461; x_wconf 76' lang='lat' dir='ltr'><strong>solum.</strong></span> <span class='ocrx_word' id='word_1_48' title='bbox 468 433 532 459; x_wconf 76' lang='lat' dir='ltr'><strong>Nam</strong></span> <span class='ocrx_word' id='word_1_49' title='bbox 547 432 567 458; x_wconf 89' lang='lat' dir='ltr'><strong>si</strong></span> <span class='ocrx_word' id='word_1_50' title='bbox 584 431 703 465; x_wconf 83' lang='lat' dir='ltr'><strong>privatus</strong></span> <span class='ocrx_word' id='word_1_51' title='bbox 719 429 812 455; x_wconf 79' lang='lat' dir='ltr'><strong>fuisset</strong></span> <span class='ocrx_word' id='word_1_52' title='bbox 824 449 831 460; x_wconf 95' lang='lat'><strong>,</strong></span> <span class='ocrx_word' id='word_1_53' title='bbox 853 427 973 454; x_wconf 77' lang='lat' dir='ltr'><strong>fortassis</strong></span> 
     </span>
    </p>
   </div>
   <div class='ocr_carea' id='block_1_8' title="bbox 185 473 972 517">
    <p class='ocr_par' dir='ltr' id='par_1_8' title="bbox 185 473 972 517">
     <span class='ocr_line' id='line_1_8' title="bbox 185 473 972 517; baseline -0.014 -8"><span class='ocrx_word' id='word_1_54' title='bbox 185 482 281 517; x_wconf 81' lang='lat' dir='ltr'><strong>aliquis</strong></span> <span class='ocrx_word' id='word_1_55' title='bbox 301 480 438 514; x_wconf 88' lang='lat' dir='ltr'><strong>itnpttdetts</strong></span> <span class='ocrx_word' id='word_1_56' title='bbox 458 479 584 508; x_wconf 77' lang='lat' dir='ltr'><strong>dixisset,</strong></span> <span class='ocrx_word' id='word_1_57' title='bbox 608 477 679 503; x_wconf 89' lang='lat' dir='ltr'><strong>illtttn</strong></span> <span class='ocrx_word' id='word_1_58' title='bbox 700 476 733 502; x_wconf 88' lang='lat' dir='ltr'><strong>de</strong></span> <span class='ocrx_word' id='word_1_59' title='bbox 755 475 861 500; x_wconf 78' lang='lat' dir='ltr'><strong>homine,</strong></span> <span class='ocrx_word' id='word_1_60' title='bbox 883 473 972 507; x_wconf 80' lang='lat' dir='ltr'><strong>loqui;</strong></span> 
     </span>
    </p>
   </div>
   <div class='ocr_carea' id='block_1_9' title="bbox 185 518 971 556">
    <p class='ocr_par' dir='ltr' id='par_1_9' title="bbox 185 518 971 556">
     <span class='ocr_line' id='line_1_9' title="bbox 185 518 971 556; baseline -0.014 -2"><span class='ocrx_word' id='word_1_61' title='bbox 185 534 255 555; x_wconf 91' lang='lat' dir='ltr'><strong>nttnc</strong></span> <span class='ocrx_word' id='word_1_62' title='bbox 269 534 328 553; x_wconf 88' lang='lat' dir='ltr'><strong>cum</strong></span> <span class='ocrx_word' id='word_1_63' title='bbox 343 533 388 552; x_wconf 84' lang='lat' dir='ltr'><strong>rex</strong></span> <span class='ocrx_word' id='word_1_64' title='bbox 408 525 502 556; x_wconf 80' lang='lat' dir='ltr'><strong>fuerit,</strong></span> <span class='ocrx_word' id='word_1_65' title='bbox 516 523 649 549; x_wconf 80' lang='lat' dir='ltr'><strong>hominem</strong></span> <span class='ocrx_word' id='word_1_66' title='bbox 665 529 716 548; x_wconf 91' lang='lat' dir='ltr'><strong>non</strong></span> <span class='ocrx_word' id='word_1_67' title='bbox 736 518 905 554; x_wconf 82' lang='lat' dir='ltr'><strong>appellaverit</strong></span> <span class='ocrx_word' id='word_1_68' title='bbox 920 519 971 544; x_wconf 90' lang='lat' dir='ltr'><strong>Do-</strong></span> 
     </span>
    </p>
   </div>
   <div class='ocr_carea' id='block_1_10' title="bbox 188 565 973 604">
    <p class='ocr_par' dir='ltr' id='par_1_10' title="bbox 188 565 973 604">
     <span class='ocr_line' id='line_1_10' title="bbox 188 565 973 604; baseline -0.014 -4"><span class='ocrx_word' id='word_1_69' title='bbox 188 574 288 601; x_wconf 87' lang='lat' dir='ltr'><strong>minum</strong></span> <span class='ocrx_word' id='word_1_70' title='bbox 303 579 389 598; x_wconf 89' lang='lat' dir='ltr'><strong>suum.</strong></span> <span class='ocrx_word' id='word_1_71' title='bbox 404 570 542 604; x_wconf 81' lang='lat' dir='ltr'><strong>Quomodo</strong></span> <span class='ocrx_word' id='word_1_72' title='bbox 554 569 624 595; x_wconf 90' lang='lat' dir='ltr'><strong>enint</strong></span> <span class='ocrx_word' id='word_1_73' title='bbox 642 568 665 594; x_wconf 92' lang='lat' dir='ltr'><strong>si</strong></span> <span class='ocrx_word' id='word_1_74' title='bbox 686 567 718 593; x_wconf 90' lang='lat' dir='ltr'><strong>de</strong></span> <span class='ocrx_word' id='word_1_75' title='bbox 741 566 863 600; x_wconf 88' lang='lat' dir='ltr'><strong>quopiatn</strong></span> <span class='ocrx_word' id='word_1_76' title='bbox 880 565 973 598; x_wconf 74' lang='lat' dir='ltr'><strong>vniga-</strong></span> 
     </span>
    </p>
   </div>
   <div class='ocr_carea' id='block_1_11' title="bbox 188 610 973 648">
    <p class='ocr_par' dir='ltr' id='par_1_11' title="bbox 188 610 973 648">
     <span class='ocr_line' id='line_1_11' title="bbox 188 610 973 648; baseline -0.014 -2"><span class='ocrx_word' id='word_1_77' title='bbox 188 619 257 646; x_wconf 90' lang='lat' dir='ltr'><strong>rium</strong></span> <span class='ocrx_word' id='word_1_78' title='bbox 274 618 410 644; x_wconf 87' lang='lat' dir='ltr'><strong>hominum</strong></span> <span class='ocrx_word' id='word_1_79' title='bbox 425 615 481 641; x_wconf 71' lang='lat' dir='ltr'><strong>haec</strong></span> <span class='ocrx_word' id='word_1_80' title='bbox 493 615 617 648; x_wconf 89' lang='lat' dir='ltr'><strong>loquttttts</strong></span> <span class='ocrx_word' id='word_1_81' title='bbox 631 612 723 638; x_wconf 83' lang='lat' dir='ltr'><strong>fuisset</strong></span> <span class='ocrx_word' id='word_1_82' title='bbox 738 611 816 637; x_wconf 82' lang='lat' dir='ltr'><strong>David</strong></span> <span class='ocrx_word' id='word_1_83' title='bbox 829 631 835 641; x_wconf 85' lang='grc'><em>,</em></span> <span class='ocrx_word' id='word_1_84' title='bbox 852 610 973 641; x_wconf 79' lang='lat' dir='ltr'><strong>dixisset,</strong></span> 
     </span>
    </p>
   </div>
   <div class='ocr_carea' id='block_1_12' title="bbox 184 657 975 699">
    <p class='ocr_par' dir='ltr' id='par_1_12' title="bbox 184 657 975 699">
     <span class='ocr_line' id='line_1_12' title="bbox 184 657 975 699; baseline -0.014 -8"><span class='ocrx_word' id='word_1_85' title='bbox 184 664 255 699; x_wconf 88' lang='lat' dir='ltr'><strong>quod</strong></span> <span class='ocrx_word' id='word_1_86' title='bbox 270 664 348 690; x_wconf 90' lang='lat' dir='ltr'><strong>etiam</strong></span> <span class='ocrx_word' id='word_1_87' title='bbox 361 670 375 687; x_wconf 89' lang='lat' dir='ltr'><strong>a</strong></span> <span class='ocrx_word' id='word_1_88' title='bbox 389 660 489 688; x_wconf 62' lang='lat' dir='ltr'><strong>destris</strong></span> <span class='ocrx_word' id='word_1_89' title='bbox 499 659 664 691; x_wconf 85' lang='lat' dir='ltr'><strong>consedisset</strong></span> <span class='ocrx_word' id='word_1_90' title='bbox 674 657 810 684; x_wconf 81' lang='lat' dir='ltr'><strong>inetl&#39;abilis</strong></span> <span class='ocrx_word' id='word_1_91' title='bbox 821 663 851 682; x_wconf 88' lang='lat' dir='ltr'><strong>ac</strong></span> <span class='ocrx_word' id='word_1_92' title='bbox 865 663 975 681; x_wconf 72' lang='lat' dir='ltr'><strong>summa:</strong></span> 
     </span>
    </p>
   </div>
   <div class='ocr_carea' id='block_1_13' title="bbox 185 702 976 740">
    <p class='ocr_par' dir='ltr' id='par_1_13' title="bbox 185 702 976 740">
     <span class='ocr_line' id='line_1_13' title="bbox 185 702 976 740; baseline -0.014 -4"><span class='ocrx_word' id='word_1_93' title='bbox 185 711 255 736; x_wconf 87' lang='lat' dir='ltr'><strong>illitts</strong></span> <span class='ocrx_word' id='word_1_94' title='bbox 269 707 434 740; x_wconf 76' lang='lat' dir='ltr'><strong>maiestatis?</strong></span> <span class='ocrx_word' id='word_1_95' title='bbox 450 707 505 733; x_wconf 90' lang='lat' dir='ltr'><strong>Hoc</strong></span> <span class='ocrx_word' id='word_1_96' title='bbox 518 706 588 732; x_wconf 87' lang='lat' dir='ltr'><strong>enim</strong></span> <span class='ocrx_word' id='word_1_97' title='bbox 604 704 777 738; x_wconf 67' lang='lat' dir='ltr'><strong>impos~ihile._</strong></span> <span class='ocrx_word' id='word_1_98' title='bbox 795 702 830 728; x_wconf 88' lang='lat' dir='ltr'><strong>De</strong></span> <span class='ocrx_word' id='word_1_99' title='bbox 847 702 897 727; x_wconf 87' lang='lat' dir='ltr'><strong>ltoe</strong></span> <span class='ocrx_word' id='word_1_100' title='bbox 912 707 976 727; x_wconf 88' lang='lat' dir='ltr'><strong>vero</strong></span> 
     </span>
    </p>
   </div>
   <div class='ocr_carea' id='block_1_14' title="bbox 185 746 973 782">
    <p class='ocr_par' dir='ltr' id='par_1_14' title="bbox 185 746 973 782">
     <span class='ocr_line' id='line_1_14' title="bbox 185 746 973 782; baseline -0.014 -1"><span class='ocrx_word' id='word_1_101' title='bbox 185 756 237 781; x_wconf 80' lang='lat' dir='ltr'><strong>ait:</strong></span> <span class='ocrx_word' id='word_1_102' title='bbox 255 753 323 780; x_wconf 72' lang='lat' dir='ltr'><strong>Dixit</strong></span> <span class='ocrx_word' id='word_1_103' title='bbox 340 753 460 779; x_wconf 76' lang='lat' dir='ltr'><strong>Dominus</strong></span> <span class='ocrx_word' id='word_1_104' title='bbox 481 750 587 776; x_wconf 86' lang='lat' dir='ltr'><strong>Domino</strong></span> <span class='ocrx_word' id='word_1_105' title='bbox 601 757 665 782; x_wconf 83' lang='lat' dir='ltr'><strong>meo,</strong></span> <span class='ocrx_word' id='word_1_106' title='bbox 684 748 774 775; x_wconf 74' lang='lat' dir='ltr'><strong>Serica</strong></span> <span class='ocrx_word' id='word_1_107' title='bbox 789 747 881 772; x_wconf 72' lang='lat' dir='ltr'><strong>dea-tris</strong></span> <span class='ocrx_word' id='word_1_108' title='bbox 896 746 956 771; x_wconf 69' lang='lat' dir='ltr'><strong>meis</strong></span> <span class='ocrx_word' id='word_1_109' title='bbox 966 765 973 777; x_wconf 92' lang='lat'><strong>,</strong></span> 
     </span>
    </p>
   </div>
   <div class='ocr_carea' id='block_1_15' title="bbox 185 792 975 833">
    <p class='ocr_par' dir='ltr' id='par_1_15' title="bbox 185 792 975 833">
     <span class='ocr_line' id='line_1_15' title="bbox 185 792 975 833; baseline -0.014 -7"><span class='ocrx_word' id='word_1_110' title='bbox 185 800 263 826; x_wconf 76' lang='lat' dir='ltr'><strong>donec</strong></span> <span class='ocrx_word' id='word_1_111' title='bbox 287 806 379 833; x_wconf 80' lang='lat' dir='ltr'><strong>ponam</strong></span> <span class='ocrx_word' id='word_1_112' title='bbox 393 797 506 823; x_wconf 87' lang='lat' dir='ltr'><strong>iuinticos</strong></span> <span class='ocrx_word' id='word_1_113' title='bbox 531 801 587 821; x_wconf 85' lang='lat' dir='ltr'><strong>tuos</strong></span> <span class='ocrx_word' id='word_1_114' title='bbox 613 794 748 820; x_wconf 74' lang='lat' dir='ltr'><strong>scabellum</strong></span> <span class='ocrx_word' id='word_1_115' title='bbox 763 792 854 826; x_wconf 82' lang='lat' dir='ltr'><strong>pedum</strong></span> <span class='ocrx_word' id='word_1_116' title='bbox 876 796 975 817; x_wconf 77' lang='lat' dir='ltr'><strong>(norunt</strong></span> 
     </span>
    </p>
   </div>
   <div class='ocr_carea' id='block_1_16' title="bbox 186 836 974 878">
    <p class='ocr_par' dir='ltr' id='par_1_16' title="bbox 186 836 974 878">
     <span class='ocr_line' id='line_1_16' title="bbox 186 836 974 878; baseline -0.013 -7"><span class='ocrx_word' id='word_1_117' title='bbox 186 844 271 878; x_wconf 84' lang='lat' dir='ltr'><strong>(Psal.</strong></span> <span class='ocrx_word' id='word_1_118' title='bbox 286 843 346 870; x_wconf 74' lang='grc'><strong>109.</strong></span> <span class='ocrx_word' id='word_1_119' title='bbox 364 843 388 869; x_wconf 80' lang='lat' dir='ltr'><strong>l.</strong></span> <span class='ocrx_word' id='word_1_120' title='bbox 403 840 448 876; x_wconf 66' lang='lat'><strong>2).</strong></span> <span class='ocrx_word' id='word_1_121' title='bbox 464 840 564 867; x_wconf 83' lang='lat' dir='ltr'><strong>Deinde</strong></span> <span class='ocrx_word' id='word_1_122' title='bbox 579 847 612 866; x_wconf 86' lang='lat' dir='ltr'><strong>ne</strong></span> <span class='ocrx_word' id='word_1_123' title='bbox 627 843 735 873; x_wconf 80' lang='lat' dir='ltr'><strong>putares</strong></span> <span class='ocrx_word' id='word_1_124' title='bbox 745 845 804 864; x_wconf 85' lang='lat' dir='ltr'><strong>etim</strong></span> <span class='ocrx_word' id='word_1_125' title='bbox 819 836 974 863; x_wconf 87' lang='lat' dir='ltr'><strong>imbecillem</strong></span> 
     </span>
    </p>
   </div>
   <div class='ocr_carea' id='block_1_17' title="bbox 188 882 976 922">
    <p class='ocr_par' dir='ltr' id='par_1_17' title="bbox 188 882 976 922">
     <span class='ocr_line' id='line_1_17' title="bbox 188 882 976 922; baseline -0.013 -6"><span class='ocrx_word' id='word_1_126' title='bbox 188 898 249 917; x_wconf 81' lang='lat' dir='ltr'><strong>esse</strong></span> <span class='ocrx_word' id='word_1_127' title='bbox 262 889 401 922; x_wconf 88' lang='lat' dir='ltr'><strong>ntinttsquc</strong></span> <span class='ocrx_word' id='word_1_128' title='bbox 415 891 548 921; x_wconf 82' lang='lat' dir='ltr'><strong>potentem</strong></span> <span class='ocrx_word' id='word_1_129' title='bbox 560 906 566 916; x_wconf 86' lang='lat'><strong>,</strong></span> <span class='ocrx_word' id='word_1_130' title='bbox 581 885 673 911; x_wconf 82' lang='lat' dir='ltr'><strong>Tecum</strong></span> <span class='ocrx_word' id='word_1_131' title='bbox 684 904 691 916; x_wconf 87' lang='lat'><strong>,</strong></span> <span class='ocrx_word' id='word_1_132' title='bbox 706 885 803 916; x_wconf 78' lang='lat' dir='ltr'><strong>inquit,</strong></span> <span class='ocrx_word' id='word_1_133' title='bbox 820 882 976 918; x_wconf 76' lang='lat' dir='ltr'><strong>principatus</strong></span> 
     </span>
    </p>
   </div>
   <div class='ocr_carea' id='block_1_18' title="bbox 187 926 976 966">
    <p class='ocr_par' dir='ltr' id='par_1_18' title="bbox 187 926 976 966">
     <span class='ocr_line' id='line_1_18' title="bbox 187 926 976 966; baseline -0.013 -5"><span class='ocrx_word' id='word_1_134' title='bbox 187 940 222 961; x_wconf 82' lang='lat' dir='ltr'><strong>cst</strong></span> <span class='ocrx_word' id='word_1_135' title='bbox 234 935 259 960; x_wconf 82' lang='lat' dir='ltr'><strong>in</strong></span> <span class='ocrx_word' id='word_1_136' title='bbox 269 934 355 959; x_wconf 82' lang='lat' dir='ltr'><strong>diebus</strong></span> <span class='ocrx_word' id='word_1_137' title='bbox 367 932 482 966; x_wconf 72' lang='lat' dir='ltr'><strong>potentitz</strong></span> <span class='ocrx_word' id='word_1_138' title='bbox 494 936 542 956; x_wconf 83' lang='lat' dir='ltr'><strong>tua&#39;</strong></span> <span class='ocrx_word' id='word_1_139' title='bbox 553 931 561 962; x_wconf 96' lang='lat'><strong>(</strong></span> <span class='ocrx_word' id='word_1_140' title='bbox 574 929 613 954; x_wconf 86' lang='lat' dir='ltr'><strong>Ib.</strong></span> <span class='ocrx_word' id='word_1_141' title='bbox 629 937 653 955; x_wconf 81' lang='grc' dir='ltr'><strong>υ.</strong></span> <span class='ocrx_word' id='word_1_142' title='bbox 668 929 685 955; x_wconf 78' lang='grc'><strong>5</strong></span> <span class='ocrx_word' id='word_1_143' title='bbox 728 928 888 954; x_wconf 76' lang='lat' dir='ltr'><strong>Manifestius</strong></span> <span class='ocrx_word' id='word_1_144' title='bbox 898 926 976 953; x_wconf 86' lang='lat' dir='ltr'><strong>etiam</strong></span> 
     </span>
    </p>
   </div>
   <div class='ocr_carea' id='block_1_19' title="bbox 187 971 976 1008">
    <p class='ocr_par' dir='ltr' id='par_1_19' title="bbox 187 971 976 1008">
     <span class='ocr_line' id='line_1_19' title="bbox 187 971 976 1008; baseline -0.011 -2"><span class='ocrx_word' id='word_1_145' title='bbox 187 979 325 1006; x_wconf 84' lang='lat' dir='ltr'><strong>declarans</strong></span> <span class='ocrx_word' id='word_1_146' title='bbox 338 998 344 1008; x_wconf 84' lang='grc'>,</span> <span class='ocrx_word' id='word_1_147' title='bbox 367 976 467 1003; x_wconf 83' lang='lat' dir='ltr'><strong>addidit</strong></span> <span class='ocrx_word' id='word_1_148' title='bbox 483 984 490 1001; x_wconf 87' lang='lat'><strong>:</strong></span> <span class='ocrx_word' id='word_1_149' title='bbox 506 974 625 1001; x_wconf 71' lang='lat' dir='ltr'><strong>Ercntcro</strong></span> <span class='ocrx_word' id='word_1_150' title='bbox 636 978 696 1000; x_wconf 82' lang='lat' dir='ltr'><strong>ante</strong></span> <span class='ocrx_word' id='word_1_151' title='bbox 706 971 933 1005; x_wconf 74' lang='lat' dir='ltr'><strong>aniferumgenui</strong></span> <span class='ocrx_word' id='word_1_152' title='bbox 944 975 976 997; x_wconf 78' lang='lat' dir='ltr'><strong>te.</strong></span> 
     </span>
    </p>
   </div>
   <div class='ocr_carea' id='block_1_20' title="bbox 186 1017 976 1051">
    <p class='ocr_par' dir='ltr' id='par_1_20' title="bbox 186 1017 976 1051">
     <span class='ocr_line' id='line_1_20' title="bbox 186 1017 976 1051; baseline -0.011 -1"><span class='ocrx_word' id='word_1_153' title='bbox 186 1025 256 1051; x_wconf 81' lang='lat' dir='ltr'><strong>Ante</strong></span> <span class='ocrx_word' id='word_1_154' title='bbox 269 1022 419 1050; x_wconf 80' lang='lat' dir='ltr'><strong>Luciferum</strong></span> <span class='ocrx_word' id='word_1_155' title='bbox 438 1025 525 1048; x_wconf 86' lang='lat' dir='ltr'><strong>autem</strong></span> <span class='ocrx_word' id='word_1_156' title='bbox 540 1020 627 1046; x_wconf 87' lang='lat' dir='ltr'><strong>nullus</strong></span> <span class='ocrx_word' id='word_1_157' title='bbox 642 1019 777 1045; x_wconf 85' lang='lat' dir='ltr'><strong>hominum</strong></span> <span class='ocrx_word' id='word_1_158' title='bbox 798 1017 843 1044; x_wconf 81' lang='lat' dir='ltr'><strong>fuit</strong></span> <span class='ocrx_word' id='word_1_159' title='bbox 864 1018 976 1050; x_wconf 72' lang='lat' dir='ltr'><strong>genitus.</strong></span> 
     </span>
    </p>
   </div>
   <div class='ocr_carea' id='block_1_21' title="bbox 190 1062 979 1095">
    <p class='ocr_par' dir='ltr' id='par_1_21' title="bbox 190 1062 979 1095">
     <span class='ocr_line' id='line_1_21' title="bbox 190 1062 979 1095; baseline -0.01 0"><span class='ocrx_word' id='word_1_160' title='bbox 190 1069 228 1095; x_wconf 82' lang='lat' dir='ltr'><strong>Tu</strong></span> <span class='ocrx_word' id='word_1_161' title='bbox 241 1070 357 1095; x_wconf 85' lang='lat' dir='ltr'><strong>sacerdos</strong></span> <span class='ocrx_word' id='word_1_162' title='bbox 370 1068 395 1093; x_wconf 87' lang='lat' dir='ltr'><strong>in</strong></span> <span class='ocrx_word' id='word_1_163' title='bbox 406 1071 525 1093; x_wconf 81' lang='lat' dir='ltr'><strong>cetermtm</strong></span> <span class='ocrx_word' id='word_1_164' title='bbox 539 1065 674 1091; x_wconf 79' lang='lat' dir='ltr'><strong>secundum</strong></span> <span class='ocrx_word' id='word_1_165' title='bbox 691 1064 803 1089; x_wconf 75' lang='lat' dir='ltr'><strong>ordinem</strong></span> <span class='ocrx_word' id='word_1_166' title='bbox 815 1062 979 1088; x_wconf 63' lang='lat' dir='ltr'><strong>illelcliiscdcc</strong></span> 
     </span>
    </p>
   </div>
   <div class='ocr_carea' id='block_1_22' title="bbox 190 1109 978 1151">
    <p class='ocr_par' dir='ltr' id='par_1_22' title="bbox 190 1109 978 1151">
     <span class='ocr_line' id='line_1_22' title="bbox 190 1109 978 1151; baseline -0.008 -9"><span class='ocrx_word' id='word_1_167' title='bbox 190 1116 248 1151; x_wconf 87' lang='lat' dir='ltr'><strong>(Ib.</strong></span> <span class='ocrx_word' id='word_1_168' title='bbox 265 1123 288 1141; x_wconf 82' lang='grc' dir='ltr'><strong>υ.</strong></span> <span class='ocrx_word' id='word_1_169' title='bbox 304 1115 337 1143; x_wconf 64' lang='lat'><strong>4:</strong></span> <span class='ocrx_word' id='word_1_170' title='bbox 353 1114 429 1140; x_wconf 80' lang='lat' dir='ltr'><strong>IIebr.</strong></span> <span class='ocrx_word' id='word_1_171' title='bbox 487 1113 503 1139; x_wconf 82' lang='grc'>6</span> <span class='ocrx_word' id='word_1_172' title='bbox 516 1114 535 1146; x_wconf 88' lang='grc'><strong>).</strong></span> <span class='ocrx_word' id='word_1_173' title='bbox 549 1112 605 1138; x_wconf 73' lang='lat' dir='ltr'><strong>Non</strong></span> <span class='ocrx_word' id='word_1_174' title='bbox 618 1111 685 1138; x_wconf 75' lang='lat' dir='ltr'><strong>dixit</strong></span> <span class='ocrx_word' id='word_1_175' title='bbox 701 1111 844 1137; x_wconf 71' lang='lat' dir='ltr'><strong>secandum</strong></span> <span class='ocrx_word' id='word_1_176' title='bbox 858 1109 978 1137; x_wconf 75' lang='lat' dir='ltr'><strong>ordinent</strong></span> 
     </span>
    </p>
   </div>
   <div class='ocr_carea' id='block_1_23' title="bbox 188 1155 978 1193">
    <p class='ocr_par' dir='ltr' id='par_1_23' title="bbox 188 1155 978 1193">
     <span class='ocr_line' id='line_1_23' title="bbox 188 1155 978 1193; baseline -0.01 -5"><span class='ocrx_word' id='word_1_177' title='bbox 188 1164 286 1188; x_wconf 89' lang='lat' dir='ltr'><strong>Aaron.</strong></span> <span class='ocrx_word' id='word_1_178' title='bbox 302 1160 416 1187; x_wconf 80' lang='lat' dir='ltr'><strong>Proinde</strong></span> <span class='ocrx_word' id='word_1_179' title='bbox 429 1165 585 1193; x_wconf 80' lang='lat' dir='ltr'><strong>percontare</strong></span> <span class='ocrx_word' id='word_1_180' title='bbox 604 1157 724 1184; x_wconf 64' lang='lat' dir='ltr'><strong>Judaaunt</strong></span> <span class='ocrx_word' id='word_1_181' title='bbox 738 1178 744 1188; x_wconf 92' lang='lat'><strong>,</strong></span> <span class='ocrx_word' id='word_1_182' title='bbox 768 1157 790 1183; x_wconf 89' lang='lat' dir='ltr'><strong>si</strong></span> <span class='ocrx_word' id='word_1_183' title='bbox 803 1155 978 1183; x_wconf 79' lang='lat' dir='ltr'><strong>sacerdotium</strong></span> 
     </span>
    </p>
   </div>
   <div class='ocr_carea' id='block_1_24' title="bbox 186 1200 979 1238">
    <p class='ocr_par' dir='ltr' id='par_1_24' title="bbox 186 1200 979 1238">
     <span class='ocr_line' id='line_1_24' title="bbox 186 1200 979 1238; baseline -0.008 -5"><span class='ocrx_word' id='word_1_184' title='bbox 186 1212 261 1234; x_wconf 79' lang='lat' dir='ltr'><strong>vetus</strong></span> <span class='ocrx_word' id='word_1_185' title='bbox 276 1214 328 1233; x_wconf 90' lang='lat' dir='ltr'><strong>non</strong></span> <span class='ocrx_word' id='word_1_186' title='bbox 338 1210 396 1232; x_wconf 81' lang='lat' dir='ltr'><strong>erat</strong></span> <span class='ocrx_word' id='word_1_187' title='bbox 409 1203 606 1238; x_wconf 82' lang='lat' dir='ltr'><strong>antiquandam,</strong></span> <span class='ocrx_word' id='word_1_188' title='bbox 622 1210 698 1237; x_wconf 88' lang='lat' dir='ltr'><strong>qttam</strong></span> <span class='ocrx_word' id='word_1_189' title='bbox 714 1202 867 1236; x_wconf 82' lang='lat' dir='ltr'><strong>obcattsam</strong></span> <span class='ocrx_word' id='word_1_190' title='bbox 880 1200 979 1227; x_wconf 79' lang='lat' dir='ltr'><strong>induxit</strong></span> 
     </span>
    </p>
   </div>
   <div class='ocr_carea' id='block_1_25' title="bbox 186 1246 978 1286">
    <p class='ocr_par' dir='ltr' id='par_1_25' title="bbox 186 1246 978 1286">
     <span class='ocr_line' id='line_1_25' title="bbox 186 1246 978 1286; baseline -0.011 -7"><span class='ocrx_word' id='word_1_191' title='bbox 186 1253 266 1286; x_wconf 74' lang='lat' dir='ltr'><strong>alium</strong></span> <span class='ocrx_word' id='word_1_192' title='bbox 280 1250 442 1279; x_wconf 79' lang='lat' dir='ltr'><strong>sacerdotem</strong></span> <span class='ocrx_word' id='word_1_193' title='bbox 456 1248 598 1282; x_wconf 86' lang='lat' dir='ltr'><strong>secundum</strong></span> <span class='ocrx_word' id='word_1_194' title='bbox 610 1247 728 1273; x_wconf 82' lang='lat' dir='ltr'><strong>ordinem</strong></span> <span class='ocrx_word' id='word_1_195' title='bbox 745 1246 927 1272; x_wconf 59' lang='lat' dir='ltr'><strong>Meleltisedee.</strong></span> <span class='ocrx_word' id='word_1_196' title='bbox 940 1246 978 1270; x_wconf 86' lang='lat' dir='ltr'><strong>Ad</strong></span> 
     </span>
    </p>
   </div>
   <div class='ocr_carea' id='block_1_26' title="bbox 188 1290 979 1331">
    <p class='ocr_par' dir='ltr' id='par_1_26' title="bbox 188 1290 979 1331">
     <span class='ocr_line' id='line_1_26' title="bbox 188 1290 979 1331; baseline -0.011 -7"><span class='ocrx_word' id='word_1_197' title='bbox 188 1298 258 1324; x_wconf 89' lang='lat' dir='ltr'><strong>httne</strong></span> <span class='ocrx_word' id='word_1_198' title='bbox 282 1297 360 1331; x_wconf 82' lang='lat' dir='ltr'><strong>igitur</strong></span> <span class='ocrx_word' id='word_1_199' title='bbox 372 1296 456 1329; x_wconf 88' lang='lat' dir='ltr'><strong>ipsum</strong></span> <span class='ocrx_word' id='word_1_200' title='bbox 480 1293 567 1320; x_wconf 90' lang='lat' dir='ltr'><strong>locum</strong></span> <span class='ocrx_word' id='word_1_201' title='bbox 592 1291 752 1326; x_wconf 81' lang='lat' dir='ltr'><strong>perveniens</strong></span> <span class='ocrx_word' id='word_1_202' title='bbox 777 1291 891 1322; x_wconf 81' lang='lat' dir='ltr'><strong>Paulus,</strong></span> <span class='ocrx_word' id='word_1_203' title='bbox 918 1290 979 1316; x_wconf 85' lang='lat' dir='ltr'><strong>vide</strong></span> 
     </span>
    </p>
   </div>
   <div class='ocr_carea' id='block_1_27' title="bbox 187 1335 975 1377">
    <p class='ocr_par' dir='ltr' id='par_1_27' title="bbox 187 1335 975 1377">
     <span class='ocr_line' id='line_1_27' title="bbox 187 1335 975 1377; baseline -0.011 -8"><span class='ocrx_word' id='word_1_204' title='bbox 187 1342 320 1377; x_wconf 87' lang='lat' dir='ltr'><strong>quomodo</strong></span> <span class='ocrx_word' id='word_1_205' title='bbox 336 1342 407 1367; x_wconf 90' lang='lat' dir='ltr'><strong>illum</strong></span> <span class='ocrx_word' id='word_1_206' title='bbox 430 1338 619 1366; x_wconf 87' lang='lat' dir='ltr'><strong>evidentiorem</strong></span> <span class='ocrx_word' id='word_1_207' title='bbox 644 1336 799 1363; x_wconf 81' lang='lat' dir='ltr'><strong>reddiderit.</strong></span> <span class='ocrx_word' id='word_1_208' title='bbox 823 1336 889 1362; x_wconf 85' lang='lat' dir='ltr'><strong>Cum</strong></span> <span class='ocrx_word' id='word_1_209' title='bbox 906 1335 975 1362; x_wconf 87' lang='lat' dir='ltr'><strong>ettim</strong></span> 
     </span>
    </p>
   </div>
   <div class='ocr_carea' id='block_1_28' title="bbox 188 1381 978 1418">
    <p class='ocr_par' dir='ltr' id='par_1_28' title="bbox 188 1381 978 1418">
     <span class='ocr_line' id='line_1_28' title="bbox 188 1381 978 1418; baseline -0.01 -4"><span class='ocrx_word' id='word_1_210' title='bbox 188 1388 296 1415; x_wconf 81' lang='lat' dir='ltr'><strong>dixisset</strong></span> <span class='ocrx_word' id='word_1_211' title='bbox 311 1387 344 1413; x_wconf 86' lang='lat' dir='ltr'><strong>de</strong></span> <span class='ocrx_word' id='word_1_212' title='bbox 358 1386 473 1414; x_wconf 84' lang='lat' dir='ltr'><strong>Christo,</strong></span> <span class='ocrx_word' id='word_1_213' title='bbox 488 1382 710 1418; x_wconf 86' lang='lat' dir='ltr'><strong>quemadmodum</strong></span> <span class='ocrx_word' id='word_1_214' title='bbox 725 1386 752 1408; x_wconf 81' lang='lat' dir='ltr'><strong>et</strong></span> <span class='ocrx_word' id='word_1_215' title='bbox 770 1381 830 1407; x_wconf 86' lang='lat' dir='ltr'><strong>alibi</strong></span> <span class='ocrx_word' id='word_1_216' title='bbox 847 1381 978 1414; x_wconf 91' lang='lat' dir='ltr'><strong>loquitur,</strong></span> 
     </span>
    </p>
   </div>
   <div class='ocr_carea' id='block_1_29' title="bbox 190 1426 980 1460">
    <p class='ocr_par' dir='ltr' id='par_1_29' title="bbox 190 1426 980 1460">
     <span class='ocr_line' id='line_1_29' title="bbox 190 1426 980 1460; baseline -0.011 0"><span class='ocrx_word' id='word_1_217' title='bbox 190 1435 228 1460; x_wconf 81' lang='lat' dir='ltr'><strong>&#39;I&#39;u</strong></span> <span class='ocrx_word' id='word_1_218' title='bbox 238 1433 353 1460; x_wconf 75' lang='lat' dir='ltr'><strong>sacerdos</strong></span> <span class='ocrx_word' id='word_1_219' title='bbox 366 1433 391 1458; x_wconf 87' lang='lat' dir='ltr'><strong>in</strong></span> <span class='ocrx_word' id='word_1_220' title='bbox 401 1436 521 1458; x_wconf 78' lang='lat' dir='ltr'><strong>wtemum</strong></span> <span class='ocrx_word' id='word_1_221' title='bbox 529 1428 665 1455; x_wconf 80' lang='lat' dir='ltr'><strong>secundum</strong></span> <span class='ocrx_word' id='word_1_222' title='bbox 678 1428 790 1453; x_wconf 82' lang='lat' dir='ltr'><strong>ordinent</strong></span> <span class='ocrx_word' id='word_1_223' title='bbox 802 1426 827 1453; x_wconf 86' lang='grc' dir='ltr'><em>Μ</em></span> <span class='ocrx_word' id='word_1_224' title='bbox 831 1426 980 1453; x_wconf 76' lang='lat' dir='ltr'><strong>eichisedec:</strong></span> 
     </span>
    </p>
   </div>
   <div class='ocr_carea' id='block_1_30' title="bbox 189 1471 980 1513">
    <p class='ocr_par' dir='ltr' id='par_1_30' title="bbox 189 1471 980 1513">
     <span class='ocr_line' id='line_1_30' title="bbox 189 1471 980 1513; baseline -0.014 -7"><span class='ocrx_word' id='word_1_225' title='bbox 189 1478 339 1513; x_wconf 67' lang='lat' dir='ltr'><strong>cubjunxit:</strong></span> <span class='ocrx_word' id='word_1_226' title='bbox 357 1477 394 1503; x_wconf 83' lang='lat' dir='ltr'><strong>De</strong></span> <span class='ocrx_word' id='word_1_227' title='bbox 407 1483 455 1509; x_wconf 88' lang='lat' dir='ltr'><strong>quo</strong></span> <span class='ocrx_word' id='word_1_228' title='bbox 466 1476 559 1501; x_wconf 85' lang='lat' dir='ltr'><strong>multas</strong></span> <span class='ocrx_word' id='word_1_229' title='bbox 570 1474 639 1500; x_wconf 86' lang='lat' dir='ltr'><strong>nobis</strong></span> <span class='ocrx_word' id='word_1_230' title='bbox 654 1480 744 1504; x_wconf 70' lang='lat' dir='ltr'><strong>sermo,</strong></span> <span class='ocrx_word' id='word_1_231' title='bbox 759 1476 781 1498; x_wconf 82' lang='lat' dir='ltr'><strong>et</strong></span> <span class='ocrx_word' id='word_1_232' title='bbox 795 1476 917 1498; x_wconf 78' lang='lat' dir='ltr'><strong>enarrata</strong></span> <span class='ocrx_word' id='word_1_233' title='bbox 927 1471 980 1505; x_wconf 81' lang='lat' dir='ltr'><strong>dif-</strong></span> 
     </span>
    </p>
   </div>
   <div class='ocr_carea' id='block_1_31' title="bbox 190 1516 980 1560">
    <p class='ocr_par' dir='ltr' id='par_1_31' title="bbox 190 1516 980 1560">
     <span class='ocr_line' id='line_1_31' title="bbox 190 1516 980 1560; baseline -0.013 -8"><span class='ocrx_word' id='word_1_234' title='bbox 190 1526 263 1556; x_wconf 82' lang='lat' dir='ltr'><strong>ﬁcilis</strong></span> <span class='ocrx_word' id='word_1_235' title='bbox 276 1523 337 1560; x_wconf 90' lang='lat' dir='ltr'><strong>(Id.</strong></span> <span class='ocrx_word' id='word_1_236' title='bbox 351 1524 378 1550; x_wconf 79' lang='lat'><strong>5.</strong></span> <span class='ocrx_word' id='word_1_237' title='bbox 395 1523 424 1549; x_wconf 81' lang='grc' dir='ltr'>Η</span> <span class='ocrx_word' id='word_1_238' title='bbox 439 1522 458 1554; x_wconf 95' lang='grc'><strong>).</strong></span> <span class='ocrx_word' id='word_1_239' title='bbox 482 1519 582 1547; x_wconf 85' lang='lat' dir='ltr'><strong>Deinde</strong></span> <span class='ocrx_word' id='word_1_240' title='bbox 596 1526 656 1546; x_wconf 91' lang='lat' dir='ltr'><strong>cum</strong></span> <span class='ocrx_word' id='word_1_241' title='bbox 679 1518 841 1552; x_wconf 86' lang='lat' dir='ltr'><strong>increpasset</strong></span> <span class='ocrx_word' id='word_1_242' title='bbox 864 1516 980 1550; x_wconf 85' lang='lat' dir='ltr'><strong>discipu-</strong></span> 
     </span>
    </p>
   </div>
   <div class='ocr_carea' id='block_1_32' title="bbox 190 1561 979 1602">
    <p class='ocr_par' dir='ltr' id='par_1_32' title="bbox 190 1561 979 1602">
     <span class='ocr_line' id='line_1_32' title="bbox 190 1561 979 1602; baseline -0.013 -5"><span class='ocrx_word' id='word_1_243' title='bbox 190 1571 247 1602; x_wconf 84' lang='lat' dir='ltr'><strong>los,</strong></span> <span class='ocrx_word' id='word_1_244' title='bbox 267 1573 297 1596; x_wconf 83' lang='lat' dir='ltr'><strong>ut</strong></span> <span class='ocrx_word' id='word_1_245' title='bbox 311 1567 401 1602; x_wconf 84' lang='lat' dir='ltr'><strong>paucis</strong></span> <span class='ocrx_word' id='word_1_246' title='bbox 415 1567 501 1593; x_wconf 89' lang='lat' dir='ltr'><strong>dicam</strong></span> <span class='ocrx_word' id='word_1_247' title='bbox 513 1586 520 1596; x_wconf 85' lang='lat'><strong>,</strong></span> <span class='ocrx_word' id='word_1_248' title='bbox 535 1565 587 1595; x_wconf 86' lang='lat' dir='ltr'><strong>ait,</strong></span> <span class='ocrx_word' id='word_1_249' title='bbox 601 1564 660 1597; x_wconf 86' lang='lat' dir='ltr'><strong>quis</strong></span> <span class='ocrx_word' id='word_1_250' title='bbox 675 1563 719 1590; x_wconf 85' lang='lat' dir='ltr'><strong>ille</strong></span> <span class='ocrx_word' id='word_1_251' title='bbox 740 1563 774 1589; x_wconf 88' lang='lat' dir='ltr'><strong>sit</strong></span> <span class='ocrx_word' id='word_1_252' title='bbox 788 1561 979 1592; x_wconf 84' lang='lat' dir='ltr'><strong>Melchisedec;</strong></span> 
     </span>
    </p>
   </div>
   <div class='ocr_carea' id='block_1_33' title="bbox 190 1603 982 1641">
    <p class='ocr_par' dir='ltr' id='par_1_33' title="bbox 190 1603 982 1641">
     <span class='ocr_line' id='line_1_33' title="bbox 190 1603 982 1641; baseline -0.013 0"><span class='ocrx_word' id='word_1_253' title='bbox 190 1603 217 1641; x_wconf 73' lang='lat' dir='ltr'><strong>et</strong></span> <span class='ocrx_word' id='word_1_254' title='bbox 227 1613 331 1641; x_wconf 91' lang='lat' dir='ltr'><strong>addttcit</strong></span> <span class='ocrx_word' id='word_1_255' title='bbox 343 1612 491 1639; x_wconf 83' lang='lat' dir='ltr'><strong>historiam.</strong></span> <span class='ocrx_word' id='word_1_256' title='bbox 503 1611 538 1636; x_wconf 88' lang='lat' dir='ltr'><strong>ita</strong></span> <span class='ocrx_word' id='word_1_257' title='bbox 551 1616 662 1636; x_wconf 85' lang='lat' dir='ltr'><strong>narrans</strong></span> <span class='ocrx_word' id='word_1_258' title='bbox 673 1618 679 1634; x_wconf 92' lang='lat'><strong>:</strong></span> <span class='ocrx_word' id='word_1_259' title='bbox 694 1607 743 1633; x_wconf 85' lang='lat' dir='ltr'><strong>Ilic</strong></span> <span class='ocrx_word' id='word_1_260' title='bbox 756 1607 863 1633; x_wconf 73' lang='lat' dir='ltr'><strong>occurrit</strong></span> <span class='ocrx_word' id='word_1_261' title='bbox 874 1605 982 1632; x_wconf 73' lang='lat' dir='ltr'><strong>Mra/iw</strong></span> 
     </span>
    </p>
   </div>
   <div class='ocr_carea' id='block_1_34' title="bbox 190 1651 981 1689">
    <p class='ocr_par' dir='ltr' id='par_1_34' title="bbox 190 1651 981 1689">
     <span class='ocr_line' id='line_1_34' title="bbox 190 1651 981 1689; baseline -0.014 -2"><span class='ocrx_word' id='word_1_262' title='bbox 190 1659 322 1687; x_wconf 78' lang='lat' dir='ltr'><strong>revertenti</strong></span> <span class='ocrx_word' id='word_1_263' title='bbox 335 1666 350 1684; x_wconf 89' lang='lat' dir='ltr'><strong>a</strong></span> <span class='ocrx_word' id='word_1_264' title='bbox 370 1657 511 1684; x_wconf 73' lang='lat' dir='ltr'><strong>concisione</strong></span> <span class='ocrx_word' id='word_1_265' title='bbox 523 1663 610 1689; x_wconf 82' lang='lat' dir='ltr'><strong>regum</strong></span> <span class='ocrx_word' id='word_1_266' title='bbox 620 1673 628 1685; x_wconf 88' lang='lat'><strong>,</strong></span> <span class='ocrx_word' id='word_1_267' title='bbox 644 1653 816 1687; x_wconf 66' lang='lat' dir='ltr'><strong>benedixitque</strong></span> <span class='ocrx_word' id='word_1_268' title='bbox 829 1651 878 1683; x_wconf 84' lang='lat' dir='ltr'><strong>illi,</strong></span> <span class='ocrx_word' id='word_1_269' title='bbox 894 1651 934 1677; x_wconf 87' lang='lat' dir='ltr'><strong>cui</strong></span> <span class='ocrx_word' id='word_1_270' title='bbox 958 1655 981 1676; x_wconf 83' lang='lat' dir='ltr'><strong>et</strong></span> 
     </span>
    </p>
   </div>
   <div class='ocr_carea' id='block_1_35' title="bbox 190 1695 982 1733">
    <p class='ocr_par' dir='ltr' id='par_1_35' title="bbox 190 1695 982 1733">
     <span class='ocr_line' id='line_1_35' title="bbox 190 1695 982 1733; baseline -0.013 -2"><span class='ocrx_word' id='word_1_271' title='bbox 190 1705 298 1731; x_wconf 76' lang='lat' dir='ltr'><strong>decimas</strong></span> <span class='ocrx_word' id='word_1_272' title='bbox 311 1704 342 1729; x_wconf 88' lang='lat' dir='ltr'><strong>de</strong></span> <span class='ocrx_word' id='word_1_273' title='bbox 356 1702 471 1728; x_wconf 75' lang='lat' dir='ltr'><strong>omnibus</strong></span> <span class='ocrx_word' id='word_1_274' title='bbox 491 1699 633 1733; x_wconf 83' lang='lat' dir='ltr'><strong>impartitus</strong></span> <span class='ocrx_word' id='word_1_275' title='bbox 655 1703 691 1724; x_wconf 81' lang='lat' dir='ltr'><strong>cst</strong></span> <span class='ocrx_word' id='word_1_276' title='bbox 717 1697 844 1730; x_wconf 57' lang='lat' dir='ltr'><strong>Abraham</strong></span> <span class='ocrx_word' id='word_1_277' title='bbox 867 1695 930 1730; x_wconf 88' lang='lat' dir='ltr'><strong>(1d.</strong></span> <span class='ocrx_word' id='word_1_278' title='bbox 954 1696 982 1726; x_wconf 89' lang='lat'><strong>7_.</strong></span> 
     </span>
    </p>
   </div>
   <div class='ocr_carea' id='block_1_36' title="bbox 191 1736 982 1781">
    <p class='ocr_par' dir='ltr' id='par_1_36' title="bbox 191 1736 982 1781">
     <span class='ocr_line' id='line_1_36' title="bbox 191 1736 982 1781; baseline -0.013 -5"><span class='ocrx_word' id='word_1_279' title='bbox 191 1736 216 1777; x_wconf 53' lang='grc' dir='ltr'><strong>ἀ.</strong></span> <span class='ocrx_word' id='word_1_280' title='bbox 236 1749 282 1781; x_wconf 80' lang='lat'><strong>‘2).</strong></span> <span class='ocrx_word' id='word_1_281' title='bbox 306 1748 369 1774; x_wconf 87' lang='lat' dir='ltr'><strong>Post</strong></span> <span class='ocrx_word' id='word_1_282' title='bbox 388 1746 510 1780; x_wconf 87' lang='lat' dir='ltr'><strong>aperiens</strong></span> <span class='ocrx_word' id='word_1_283' title='bbox 532 1742 771 1770; x_wconf 88' lang='lat' dir='ltr'><strong>considerationem</strong></span> <span class='ocrx_word' id='word_1_284' title='bbox 790 1742 896 1774; x_wconf 70' lang='lat' dir='ltr'><strong>figurat:</strong></span> <span class='ocrx_word' id='word_1_285' title='bbox 918 1740 982 1767; x_wconf 85' lang='lat' dir='ltr'><strong>Con-</strong></span> 
     </span>
    </p>
   </div>
   <div class='ocr_carea' id='block_1_37' title="bbox 191 1787 981 1828">
    <p class='ocr_par' dir='ltr' id='par_1_37' title="bbox 191 1787 981 1828">
     <span class='ocr_line' id='line_1_37' title="bbox 191 1787 981 1828; baseline -0.013 -7"><span class='ocrx_word' id='word_1_286' title='bbox 191 1793 346 1828; x_wconf 80' lang='lat' dir='ltr'><strong>templamini</strong></span> <span class='ocrx_word' id='word_1_287' title='bbox 361 1796 443 1822; x_wconf 77' lang='lat' dir='ltr'><strong>autem</strong></span> <span class='ocrx_word' id='word_1_288' title='bbox 464 1793 573 1823; x_wconf 80' lang='lat' dir='ltr'><strong>quantas</strong></span> <span class='ocrx_word' id='word_1_289' title='bbox 593 1789 624 1814; x_wconf 87' lang='lat' dir='ltr'><strong>sit</strong></span> <span class='ocrx_word' id='word_1_290' title='bbox 644 1789 690 1814; x_wconf 83' lang='lat' dir='ltr'><strong>iste</strong></span> <span class='ocrx_word' id='word_1_291' title='bbox 702 1808 709 1820; x_wconf 89' lang='lat'><strong>,</strong></span> <span class='ocrx_word' id='word_1_292' title='bbox 735 1787 837 1821; x_wconf 87' lang='lat' dir='ltr'><strong>inquit,</strong></span> <span class='ocrx_word' id='word_1_293' title='bbox 852 1787 893 1812; x_wconf 84' lang='lat' dir='ltr'><strong>cui</strong></span> <span class='ocrx_word' id='word_1_294' title='bbox 907 1787 981 1812; x_wconf 86' lang='lat' dir='ltr'><strong>etiam</strong></span> 
     </span>
    </p>
   </div>
   <div class='ocr_carea' id='block_1_38' title="bbox 193 1831 982 1869">
    <p class='ocr_par' dir='ltr' id='par_1_38' title="bbox 193 1831 982 1869">
     <span class='ocr_line' id='line_1_38' title="bbox 193 1831 982 1869; baseline -0.013 -4"><span class='ocrx_word' id='word_1_295' title='bbox 193 1840 302 1866; x_wconf 70' lang='lat' dir='ltr'><strong>decimas</strong></span> <span class='ocrx_word' id='word_1_296' title='bbox 320 1837 352 1863; x_wconf 88' lang='lat' dir='ltr'><strong>de</strong></span> <span class='ocrx_word' id='word_1_297' title='bbox 364 1836 478 1869; x_wconf 71' lang='lat' dir='ltr'><strong>omnibus</strong></span> <span class='ocrx_word' id='word_1_298' title='bbox 490 1834 633 1868; x_wconf 73' lang='lat' dir='ltr'><strong>impartitus</strong></span> <span class='ocrx_word' id='word_1_299' title='bbox 648 1838 684 1859; x_wconf 88' lang='lat' dir='ltr'><strong>est</strong></span> <span class='ocrx_word' id='word_1_300' title='bbox 699 1832 824 1858; x_wconf 82' lang='lat' dir='ltr'><strong>Abraham</strong></span> <span class='ocrx_word' id='word_1_301' title='bbox 840 1831 982 1865; x_wconf 82' lang='lat' dir='ltr'><strong>patriarcha</strong></span> 
     </span>
    </p>
   </div>
   <div class='ocr_carea' id='block_1_39' title="bbox 193 1876 982 1919">
    <p class='ocr_par' dir='ltr' id='par_1_39' title="bbox 193 1876 982 1919">
     <span class='ocr_line' id='line_1_39' title="bbox 193 1876 982 1919; baseline -0.011 -8"><span class='ocrx_word' id='word_1_302' title='bbox 193 1884 254 1919; x_wconf 88' lang='lat' dir='ltr'><strong>(Id.</strong></span> <span class='ocrx_word' id='word_1_303' title='bbox 277 1889 303 1908; x_wconf 90' lang='grc' dir='ltr'><strong>υ.</strong></span> <span class='ocrx_word' id='word_1_304' title='bbox 328 1882 375 1917; x_wconf 71' lang='grc'><strong>4).</strong></span> <span class='ocrx_word' id='word_1_305' title='bbox 400 1881 455 1908; x_wconf 92' lang='lat' dir='ltr'><strong>Hoc</strong></span> <span class='ocrx_word' id='word_1_306' title='bbox 480 1884 569 1907; x_wconf 84' lang='lat' dir='ltr'><strong>autem</strong></span> <span class='ocrx_word' id='word_1_307' title='bbox 590 1885 642 1905; x_wconf 92' lang='lat' dir='ltr'><strong>non</strong></span> <span class='ocrx_word' id='word_1_308' title='bbox 656 1878 714 1904; x_wconf 87' lang='lat' dir='ltr'><strong>sine</strong></span> <span class='ocrx_word' id='word_1_309' title='bbox 733 1885 811 1904; x_wconf 88' lang='lat' dir='ltr'><strong>causa</strong></span> <span class='ocrx_word' id='word_1_310' title='bbox 827 1876 912 1907; x_wconf 84' lang='lat' dir='ltr'><strong>dixit,</strong></span> <span class='ocrx_word' id='word_1_311' title='bbox 936 1876 982 1902; x_wconf 89' lang='lat' dir='ltr'><strong>sed</strong></span> 
     </span>
    </p>
   </div>
   <div class='ocr_carea' id='block_1_40' title="bbox 193 1921 982 1960">
    <p class='ocr_par' dir='ltr' id='par_1_40' title="bbox 193 1921 982 1960">
     <span class='ocr_line' id='line_1_40' title="bbox 193 1921 982 1960; baseline -0.011 -4"><span class='ocrx_word' id='word_1_312' title='bbox 193 1928 334 1956; x_wconf 82' lang='lat' dir='ltr'><strong>ostendere</strong></span> <span class='ocrx_word' id='word_1_313' title='bbox 349 1926 466 1960; x_wconf 88' lang='lat' dir='ltr'><strong>cupiens,</strong></span> <span class='ocrx_word' id='word_1_314' title='bbox 479 1925 562 1951; x_wconf 92' lang='lat' dir='ltr'><strong>multo</strong></span> <span class='ocrx_word' id='word_1_315' title='bbox 577 1923 661 1956; x_wconf 85' lang='lat' dir='ltr'><strong>majus</strong></span> <span class='ocrx_word' id='word_1_316' title='bbox 675 1929 733 1949; x_wconf 80' lang='lat' dir='ltr'><strong>esse</strong></span> <span class='ocrx_word' id='word_1_317' title='bbox 747 1921 921 1948; x_wconf 69' lang='lat' dir='ltr'><strong>sacerdotium</strong></span> <span class='ocrx_word' id='word_1_318' title='bbox 934 1928 982 1947; x_wconf 89' lang='lat' dir='ltr'><strong>no-</strong></span> 
     </span>
    </p>
   </div>
   <div class='ocr_carea' id='block_1_41' title="bbox 192 1967 984 2008">
    <p class='ocr_par' dir='ltr' id='par_1_41' title="bbox 192 1967 984 2008">
     <span class='ocr_line' id='line_1_41' title="bbox 192 1967 984 2008; baseline -0.014 -6"><span class='ocrx_word' id='word_1_319' title='bbox 192 1981 275 2002; x_wconf 84' lang='lat' dir='ltr'><strong>strum</strong></span> <span class='ocrx_word' id='word_1_320' title='bbox 288 1981 366 2008; x_wconf 88' lang='lat' dir='ltr'><strong>quam</strong></span> <span class='ocrx_word' id='word_1_321' title='bbox 381 1971 546 2006; x_wconf 68' lang='lat' dir='ltr'><strong>.ludtcorum.</strong></span> <span class='ocrx_word' id='word_1_322' title='bbox 559 1970 644 2003; x_wconf 81' lang='lat' dir='ltr'><strong>Atque</strong></span> <span class='ocrx_word' id='word_1_323' title='bbox 658 1968 683 1994; x_wconf 89' lang='lat' dir='ltr'><strong>itt</strong></span> <span class='ocrx_word' id='word_1_324' title='bbox 698 1968 761 2001; x_wconf 85' lang='lat' dir='ltr'><strong>ipsis</strong></span> <span class='ocrx_word' id='word_1_325' title='bbox 776 1967 844 2002; x_wconf 86' lang='lat' dir='ltr'><strong>typis</strong></span> <span class='ocrx_word' id='word_1_326' title='bbox 859 1967 930 2001; x_wconf 88' lang='lat' dir='ltr'><strong>prius</strong></span> <span class='ocrx_word' id='word_1_327' title='bbox 943 1974 984 1992; x_wconf 92' lang='lat' dir='ltr'><strong>re-</strong></span> 
     </span>
    </p>
   </div>
   <div class='ocr_carea' id='block_1_42' title="bbox 192 2013 984 2049">
    <p class='ocr_par' dir='ltr' id='par_1_42' title="bbox 192 2013 984 2049">
     <span class='ocr_line' id='line_1_42' title="bbox 192 2013 984 2049; baseline -0.013 -2"><span class='ocrx_word' id='word_1_328' title='bbox 192 2028 250 2049; x_wconf 84' lang='lat' dir='ltr'><strong>rum</strong></span> <span class='ocrx_word' id='word_1_329' title='bbox 263 2017 418 2049; x_wconf 78' lang='lat' dir='ltr'><strong>excellentia</strong></span> <span class='ocrx_word' id='word_1_330' title='bbox 431 2016 588 2043; x_wconf 89' lang='lat' dir='ltr'><strong>declaratur.</strong></span> <span class='ocrx_word' id='word_1_331' title='bbox 604 2014 668 2041; x_wconf 85' lang='lat' dir='ltr'><strong>Nam</strong></span> <span class='ocrx_word' id='word_1_332' title='bbox 681 2013 812 2040; x_wconf 78' lang='lat' dir='ltr'><strong>Abraham</strong></span> <span class='ocrx_word' id='word_1_333' title='bbox 832 2013 912 2039; x_wconf 82' lang='lat' dir='ltr'><strong>lsaaci</strong></span> <span class='ocrx_word' id='word_1_334' title='bbox 930 2016 984 2038; x_wconf 89' lang='lat' dir='ltr'><strong>erat</strong></span> 
     </span>
    </p>
   </div>
   <div class='ocr_carea' id='block_1_43' title="bbox 192 2057 983 2101">
    <p class='ocr_par' dir='ltr' id='par_1_43' title="bbox 192 2057 983 2101">
     <span class='ocr_line' id='line_1_43' title="bbox 192 2057 983 2101; baseline -0.013 -9"><span class='ocrx_word' id='word_1_335' title='bbox 192 2070 284 2101; x_wconf 84' lang='lat' dir='ltr'><strong>pater,</strong></span> <span class='ocrx_word' id='word_1_336' title='bbox 307 2072 372 2091; x_wconf 82' lang='lat' dir='ltr'><strong>avus</strong></span> <span class='ocrx_word' id='word_1_337' title='bbox 386 2062 493 2093; x_wconf 82' lang='lat' dir='ltr'><strong>Jacobi,</strong></span> <span class='ocrx_word' id='word_1_338' title='bbox 510 2067 623 2094; x_wconf 83' lang='lat' dir='ltr'><strong>proavus</strong></span> <span class='ocrx_word' id='word_1_339' title='bbox 640 2059 701 2097; x_wconf 80' lang='lat' dir='ltr'><strong>Levi</strong></span> <span class='ocrx_word' id='word_1_340' title='bbox 716 2080 723 2091; x_wconf 90' lang='lat'><strong>,</strong></span> <span class='ocrx_word' id='word_1_341' title='bbox 747 2058 877 2092; x_wconf 83' lang='lat' dir='ltr'><strong>siquidem</strong></span> <span class='ocrx_word' id='word_1_342' title='bbox 895 2057 983 2084; x_wconf 87' lang='lat' dir='ltr'><strong>Jacobi</strong></span> 
     </span>
    </p>
   </div>
   <div class='ocr_carea' id='block_1_44' title="bbox 193 2102 985 2142">
    <p class='ocr_par' dir='ltr' id='par_1_44' title="bbox 193 2102 985 2142">
     <span class='ocr_line' id='line_1_44' title="bbox 193 2102 985 2142; baseline -0.011 -5"><span class='ocrx_word' id='word_1_343' title='bbox 193 2111 263 2137; x_wconf 82' lang='lat' dir='ltr'><strong>ﬁlius</strong></span> <span class='ocrx_word' id='word_1_344' title='bbox 285 2113 342 2135; x_wconf 90' lang='lat' dir='ltr'><strong>erat</strong></span> <span class='ocrx_word' id='word_1_345' title='bbox 356 2107 430 2135; x_wconf 82' lang='lat' dir='ltr'><strong>Levi.</strong></span> <span class='ocrx_word' id='word_1_346' title='bbox 453 2107 488 2133; x_wconf 85' lang='lat' dir='ltr'><strong>Ex</strong></span> <span class='ocrx_word' id='word_1_347' title='bbox 504 2105 566 2142; x_wconf 72' lang='lat' dir='ltr'><strong>Levi</strong></span> <span class='ocrx_word' id='word_1_348' title='bbox 590 2104 766 2132; x_wconf 85' lang='lat' dir='ltr'><strong>sacerdotium</strong></span> <span class='ocrx_word' id='word_1_349' title='bbox 789 2103 857 2136; x_wconf 88' lang='lat' dir='ltr'><strong>apud</strong></span> <span class='ocrx_word' id='word_1_350' title='bbox 879 2102 985 2129; x_wconf 73' lang='lat' dir='ltr'><strong>Judmos</strong></span> 
     </span>
    </p>
   </div>
   <div class='ocr_carea' id='block_1_45' title="bbox 192 2147 986 2195">
    <p class='ocr_par' dir='ltr' id='par_1_45' title="bbox 192 2147 986 2195">
     <span class='ocr_line' id='line_1_45' title="bbox 192 2147 986 2195; baseline -0.01 -14"><span class='ocrx_word' id='word_1_351' title='bbox 192 2154 305 2195; x_wconf 85' lang='lat' dir='ltr'><strong>sumpsit</strong></span> <span class='ocrx_word' id='word_1_352' title='bbox 314 2152 452 2186; x_wconf 81' lang='lat' dir='ltr'><strong>originem.</strong></span> <span class='ocrx_word' id='word_1_353' title='bbox 467 2151 563 2177; x_wconf 79' lang='lat' dir='ltr'><strong>Verum</strong></span> <span class='ocrx_word' id='word_1_354' title='bbox 575 2149 617 2176; x_wconf 89' lang='lat' dir='ltr'><strong>ltic</strong></span> <span class='ocrx_word' id='word_1_355' title='bbox 628 2148 761 2188; x_wconf 82' lang='lat' dir='ltr'><strong>Abraham</strong></span> <span class='ocrx_word' id='word_1_356' title='bbox 775 2147 926 2182; x_wconf 74' lang='lat' dir='ltr'><strong>progenitor</strong></span> <span class='ocrx_word' id='word_1_357' title='bbox 937 2148 986 2174; x_wconf 86' lang='lat' dir='ltr'><strong>Le-</strong></span> 
     </span>
    </p>
   </div>
   <div class='ocr_carea' id='block_1_46' title="bbox 193 2192 982 2227">
    <p class='ocr_par' dir='ltr' id='par_1_46' title="bbox 193 2192 982 2227">
     <span class='ocr_line' id='line_1_46' title="bbox 193 2192 982 2227; baseline -0.008 -2"><span class='ocrx_word' id='word_1_358' title='bbox 193 2192 305 2225; x_wconf 68' lang='lat' dir='ltr'><strong>vitarum</strong></span> <span class='ocrx_word' id='word_1_359' title='bbox 318 2205 349 2223; x_wconf 86' lang='lat' dir='ltr'><strong>ac</strong></span> <span class='ocrx_word' id='word_1_360' title='bbox 359 2196 528 2226; x_wconf 82' lang='lat' dir='ltr'><strong>.ludaicorum</strong></span> <span class='ocrx_word' id='word_1_361' title='bbox 542 2194 709 2227; x_wconf 85' lang='lat' dir='ltr'><strong>sacerdotum</strong></span> <span class='ocrx_word' id='word_1_362' title='bbox 726 2193 775 2219; x_wconf 83' lang='lat' dir='ltr'><strong>sub</strong></span> <span class='ocrx_word' id='word_1_363' title='bbox 789 2192 964 2225; x_wconf 75' lang='lat' dir='ltr'><strong>Melchisedec</strong></span> <span class='ocrx_word' id='word_1_364' title='bbox 975 2213 982 2224; x_wconf 94' lang='lat'><strong>,</strong></span> 
     </span>
    </p>
   </div>
   <div class='ocr_carea' id='block_1_47' title="bbox 193 2237 986 2278">
    <p class='ocr_par' dir='ltr' id='par_1_47' title="bbox 193 2237 986 2278">
     <span class='ocr_line' id='line_1_47' title="bbox 193 2237 986 2278; baseline -0.01 -8"><span class='ocrx_word' id='word_1_365' title='bbox 193 2243 239 2277; x_wconf 87' lang='lat' dir='ltr'><strong>qui</strong></span> <span class='ocrx_word' id='word_1_366' title='bbox 254 2246 345 2278; x_wconf 80' lang='lat' dir='ltr'><strong>typum</strong></span> <span class='ocrx_word' id='word_1_367' title='bbox 357 2241 465 2276; x_wconf 80' lang='lat' dir='ltr'><strong>gerebat</strong></span> <span class='ocrx_word' id='word_1_368' title='bbox 478 2239 561 2269; x_wconf 81' lang='lat' dir='ltr'><strong>nostri</strong></span> <span class='ocrx_word' id='word_1_369' title='bbox 575 2238 726 2270; x_wconf 84' lang='lat' dir='ltr'><strong>sacerdotii,</strong></span> <span class='ocrx_word' id='word_1_370' title='bbox 744 2238 803 2264; x_wconf 86' lang='lat' dir='ltr'><strong>laici</strong></span> <span class='ocrx_word' id='word_1_371' title='bbox 819 2237 905 2264; x_wconf 93' lang='lat' dir='ltr'><strong>locum</strong></span> <span class='ocrx_word' id='word_1_372' title='bbox 918 2237 986 2263; x_wconf 89' lang='lat' dir='ltr'><strong>obti-</strong></span> 
     </span>
    </p>
   </div>
   <div class='ocr_carea' id='block_1_48' title="bbox 194 2283 984 2322">
    <p class='ocr_par' dir='ltr' id='par_1_48' title="bbox 194 2283 984 2322">
     <span class='ocr_line' id='line_1_48' title="bbox 194 2283 984 2322; baseline -0.008 -7"><span class='ocrx_word' id='word_1_373' title='bbox 194 2288 352 2322; x_wconf 89' lang='lat' dir='ltr'><strong>tmit,idqtte</strong></span> <span class='ocrx_word' id='word_1_374' title='bbox 366 2286 465 2320; x_wconf 89' lang='lat' dir='ltr'><strong>duplici</strong></span> <span class='ocrx_word' id='word_1_375' title='bbox 488 2285 567 2312; x_wconf 92' lang='lat' dir='ltr'><strong>modo</strong></span> <span class='ocrx_word' id='word_1_376' title='bbox 590 2284 752 2311; x_wconf 84' lang='lat' dir='ltr'><strong>declaravit:</strong></span> <span class='ocrx_word' id='word_1_377' title='bbox 778 2284 890 2317; x_wconf 89' lang='lat' dir='ltr'><strong>primum</strong></span> <span class='ocrx_word' id='word_1_378' title='bbox 915 2283 984 2317; x_wconf 90' lang='lat' dir='ltr'><strong>quod</strong></span> 
     </span>
    </p>
   </div>
   <div class='ocr_carea' id='block_1_49' title="bbox 194 2329 986 2363">
    <p class='ocr_par' dir='ltr' id='par_1_49' title="bbox 194 2329 986 2363">
     <span class='ocr_line' id='line_1_49' title="bbox 194 2329 986 2363; baseline -0.006 -1"><span class='ocrx_word' id='word_1_379' title='bbox 194 2335 233 2363; x_wconf 92' lang='lat' dir='ltr'><strong>illi</strong></span> <span class='ocrx_word' id='word_1_380' title='bbox 253 2334 357 2361; x_wconf 88' lang='lat' dir='ltr'><strong>dederit</strong></span> <span class='ocrx_word' id='word_1_381' title='bbox 376 2333 512 2359; x_wconf 87' lang='lat' dir='ltr'><strong>decimas:</strong></span> <span class='ocrx_word' id='word_1_382' title='bbox 529 2338 590 2357; x_wconf 86' lang='lat' dir='ltr'><strong>nam</strong></span> <span class='ocrx_word' id='word_1_383' title='bbox 606 2330 664 2357; x_wconf 88' lang='lat' dir='ltr'><strong>laici</strong></span> <span class='ocrx_word' id='word_1_384' title='bbox 686 2329 869 2356; x_wconf 85' lang='lat' dir='ltr'><strong>sacerdotibus</strong></span> <span class='ocrx_word' id='word_1_385' title='bbox 884 2329 986 2357; x_wconf 88' lang='lat' dir='ltr'><strong>dabant</strong></span> 
     </span>
    </p>
   </div>
   <div class='ocr_carea' id='block_1_50' title="bbox 194 2375 984 2412">
    <p class='ocr_par' dir='ltr' id='par_1_50' title="bbox 194 2375 984 2412">
     <span class='ocr_line' id='line_1_50' title="bbox 194 2375 984 2412; baseline -0.009 -5"><span class='ocrx_word' id='word_1_386' title='bbox 194 2381 329 2411; x_wconf 79' lang='lat' dir='ltr'><strong>decimas;</strong></span> <span class='ocrx_word' id='word_1_387' title='bbox 343 2379 439 2406; x_wconf 84' lang='lat' dir='ltr'><strong>deinde</strong></span> <span class='ocrx_word' id='word_1_388' title='bbox 449 2377 519 2412; x_wconf 90' lang='lat' dir='ltr'><strong>quod</strong></span> <span class='ocrx_word' id='word_1_389' title='bbox 531 2376 741 2404; x_wconf 83' lang='lat' dir='ltr'><strong>benedictionem</strong></span> <span class='ocrx_word' id='word_1_390' title='bbox 756 2375 885 2409; x_wconf 89' lang='lat' dir='ltr'><strong>acceperit</strong></span> <span class='ocrx_word' id='word_1_391' title='bbox 893 2375 926 2401; x_wconf 85' lang='lat' dir='ltr'><strong>ab</strong></span> <span class='ocrx_word' id='word_1_392' title='bbox 936 2383 984 2402; x_wconf 86' lang='lat' dir='ltr'><strong>eo:</strong></span> 
     </span>
    </p>
   </div>
   <div class='ocr_carea' id='block_1_51' title="bbox 194 2420 984 2454">
    <p class='ocr_par' dir='ltr' id='par_1_51' title="bbox 194 2420 984 2454">
     <span class='ocr_line' id='line_1_51' title="bbox 194 2420 984 2454; baseline -0.008 -2"><span class='ocrx_word' id='word_1_393' title='bbox 194 2426 290 2454; x_wconf 83' lang='lat' dir='ltr'><strong>etenim</strong></span> <span class='ocrx_word' id='word_1_394' title='bbox 307 2424 367 2451; x_wconf 88' lang='lat' dir='ltr'><strong>laici</strong></span> <span class='ocrx_word' id='word_1_395' title='bbox 387 2431 402 2450; x_wconf 83' lang='lat' dir='ltr'><strong>a</strong></span> <span class='ocrx_word' id='word_1_396' title='bbox 420 2423 600 2450; x_wconf 84' lang='lat' dir='ltr'><strong>sacerdotibus</strong></span> <span class='ocrx_word' id='word_1_397' title='bbox 620 2421 830 2448; x_wconf 85' lang='lat' dir='ltr'><strong>benedictionem</strong></span> <span class='ocrx_word' id='word_1_398' title='bbox 844 2420 984 2454; x_wconf 89' lang='lat' dir='ltr'><strong>accipiunt.</strong></span> 
     </span>
    </p>
   </div>
   <div class='ocr_carea' id='block_1_52' title="bbox 195 2466 985 2501">
    <p class='ocr_par' dir='ltr' id='par_1_52' title="bbox 195 2466 985 2501">
     <span class='ocr_line' id='line_1_52' title="bbox 195 2466 985 2501; baseline -0.006 -4"><span class='ocrx_word' id='word_1_399' title='bbox 195 2471 311 2501; x_wconf 72' lang='lat' dir='ltr'><strong>Rursum</strong></span> <span class='ocrx_word' id='word_1_400' title='bbox 333 2469 471 2501; x_wconf 73' lang='lat' dir='ltr'><strong>considera</strong></span> <span class='ocrx_word' id='word_1_401' title='bbox 491 2488 499 2499; x_wconf 93' lang='lat'><strong>,</strong></span> <span class='ocrx_word' id='word_1_402' title='bbox 529 2471 626 2501; x_wconf 90' lang='lat' dir='ltr'><strong>quanta</strong></span> <span class='ocrx_word' id='word_1_403' title='bbox 655 2467 690 2493; x_wconf 86' lang='lat' dir='ltr'><strong>sit</strong></span> <span class='ocrx_word' id='word_1_404' title='bbox 720 2466 874 2493; x_wconf 85' lang='lat' dir='ltr'><strong>excellentia</strong></span> <span class='ocrx_word' id='word_1_405' title='bbox 901 2466 985 2500; x_wconf 71' lang='lat' dir='ltr'><strong>nostri</strong></span> 
     </span>
    </p>
   </div>
   <div class='ocr_carea' id='block_1_53' title="bbox 194 2511 984 2547">
    <p class='ocr_par' dir='ltr' id='par_1_53' title="bbox 194 2511 984 2547">
     <span class='ocr_line' id='line_1_53' title="bbox 194 2511 984 2547; baseline -0.006 -5"><span class='ocrx_word' id='word_1_406' title='bbox 194 2514 351 2545; x_wconf 71' lang='lat' dir='ltr'><strong>sacerdotii,</strong></span> <span class='ocrx_word' id='word_1_407' title='bbox 374 2513 478 2547; x_wconf 87' lang='lat' dir='ltr'><strong>quando</strong></span> <span class='ocrx_word' id='word_1_408' title='bbox 498 2513 629 2539; x_wconf 83' lang='lat' dir='ltr'><strong>Abraham</strong></span> <span class='ocrx_word' id='word_1_409' title='bbox 647 2511 793 2545; x_wconf 86' lang='lat' dir='ltr'><strong>patriarcha</strong></span> <span class='ocrx_word' id='word_1_410' title='bbox 814 2511 984 2543; x_wconf 69' lang='lat' dir='ltr'><strong>.Indtcorum,</strong></span> 
     </span>
    </p>
   </div>
   <div class='ocr_carea' id='block_1_54' title="bbox 195 2557 986 2597">
    <p class='ocr_par' dir='ltr' id='par_1_54' title="bbox 195 2557 986 2597">
     <span class='ocr_line' id='line_1_54' title="bbox 195 2557 986 2597; baseline -0.005 -10"><span class='ocrx_word' id='word_1_411' title='bbox 195 2560 345 2597; x_wconf 76' lang='lat' dir='ltr'><strong>progenitor</strong></span> <span class='ocrx_word' id='word_1_412' title='bbox 358 2559 506 2585; x_wconf 81' lang='lat' dir='ltr'><strong>Levitarum</strong></span> <span class='ocrx_word' id='word_1_413' title='bbox 518 2578 526 2590; x_wconf 89' lang='lat'><strong>,</strong></span> <span class='ocrx_word' id='word_1_414' title='bbox 542 2557 703 2591; x_wconf 80' lang='lat' dir='ltr'><strong>comperitur</strong></span> <span class='ocrx_word' id='word_1_415' title='bbox 718 2557 927 2584; x_wconf 78' lang='lat' dir='ltr'><strong>benedictionem</strong></span> <span class='ocrx_word' id='word_1_416' title='bbox 942 2565 986 2583; x_wconf 92' lang='lat' dir='ltr'><strong>ac-</strong></span> 
     </span>
    </p>
   </div>
   <div class='ocr_carea' id='block_1_55' title="bbox 193 2596 984 2640">
    <p class='ocr_par' dir='ltr' id='par_1_55' title="bbox 193 2596 984 2640">
     <span class='ocr_line' id='line_1_55' title="bbox 193 2596 984 2640; baseline -0.005 -8"><span class='ocrx_word' id='word_1_417' title='bbox 193 2608 282 2640; x_wconf 80' lang='lat' dir='ltr'><strong>cipere</strong></span> <span class='ocrx_word' id='word_1_418' title='bbox 295 2613 309 2631; x_wconf 88' lang='lat' dir='ltr'><strong>a</strong></span> <span class='ocrx_word' id='word_1_419' title='bbox 324 2603 506 2633; x_wconf 82' lang='lat' dir='ltr'><strong>Melchisedec.</strong></span> <span class='ocrx_word' id='word_1_420' title='bbox 522 2603 611 2636; x_wconf 91' lang='lat' dir='ltr'><strong>illique</strong></span> <span class='ocrx_word' id='word_1_421' title='bbox 624 2602 688 2629; x_wconf 87' lang='lat' dir='ltr'><strong>dare</strong></span> <span class='ocrx_word' id='word_1_422' title='bbox 702 2601 818 2628; x_wconf 88' lang='lat' dir='ltr'><strong>decimas</strong></span> <span class='ocrx_word' id='word_1_423' title='bbox 829 2596 902 2629; x_wconf 71' lang='lat' dir='ltr'><strong>(lien.</strong></span> <span class='ocrx_word' id='word_1_424' title='bbox 921 2602 984 2637; x_wconf 75' lang='lat' dir='ltr'><strong>M).</strong></span> 
     </span>
    </p>
   </div>
   <div class='ocr_carea' id='block_1_56' title="bbox 197 2647 985 2686">
    <p class='ocr_par' dir='ltr' id='par_1_56' title="bbox 197 2647 985 2686">
     <span class='ocr_line' id='line_1_56' title="bbox 197 2647 985 2686; baseline -0.005 -9"><span class='ocrx_word' id='word_1_425' title='bbox 197 2652 261 2678; x_wconf 65' lang='lat' dir='ltr'><strong>Nam</strong></span> <span class='ocrx_word' id='word_1_426' title='bbox 278 2656 419 2683; x_wconf 88' lang='lat' dir='ltr'><strong>utrumque</strong></span> <span class='ocrx_word' id='word_1_427' title='bbox 441 2653 530 2675; x_wconf 87' lang='lat' dir='ltr'><strong>narrat</strong></span> <span class='ocrx_word' id='word_1_428' title='bbox 544 2648 625 2678; x_wconf 70' lang='lat' dir='ltr'><strong>Vetus</strong></span> <span class='ocrx_word' id='word_1_429' title='bbox 637 2647 835 2680; x_wconf 77' lang='lat' dir='ltr'><strong>Testamentum</strong></span> <span class='ocrx_word' id='word_1_430' title='bbox 877 2647 985 2686; x_wconf 86' lang='lat' dir='ltr'><strong>etquod</strong></span> 
     </span>
    </p>
   </div>
   <div class='ocr_carea' id='block_1_57' title="bbox 195 2691 986 2725">
    <p class='ocr_par' dir='ltr' id='par_1_57' title="bbox 195 2691 986 2725">
     <span class='ocr_line' id='line_1_57' title="bbox 195 2691 986 2725; baseline -0.005 -3"><span class='ocrx_word' id='word_1_431' title='bbox 195 2695 369 2722; x_wconf 74' lang='lat' dir='ltr'><strong>Melchisedec</strong></span> <span class='ocrx_word' id='word_1_432' title='bbox 390 2693 553 2721; x_wconf 77' lang='lat' dir='ltr'><strong>bcnedixerit</strong></span> <span class='ocrx_word' id='word_1_433' title='bbox 572 2692 704 2723; x_wconf 53' lang='lat' dir='ltr'><strong>Abrahae,</strong></span> <span class='ocrx_word' id='word_1_434' title='bbox 724 2696 751 2718; x_wconf 88' lang='lat' dir='ltr'><strong>et</strong></span> <span class='ocrx_word' id='word_1_435' title='bbox 773 2691 842 2725; x_wconf 90' lang='lat' dir='ltr'><strong>quod</strong></span> <span class='ocrx_word' id='word_1_436' title='bbox 867 2692 986 2718; x_wconf 90' lang='lat' dir='ltr'><strong>decimas</strong></span> 
     </span>
    </p>
   </div>
   <div class='ocr_carea' id='block_1_58' title="bbox 194 2738 986 2775">
    <p class='ocr_par' dir='ltr' id='par_1_58' title="bbox 194 2738 986 2775">
     <span class='ocr_line' id='line_1_58' title="bbox 194 2738 986 2775; baseline -0.004 -8"><span class='ocrx_word' id='word_1_437' title='bbox 194 2742 228 2775; x_wconf 59' lang='lat' dir='ltr'><strong>ab</strong></span> <span class='ocrx_word' id='word_1_438' title='bbox 242 2748 275 2767; x_wconf 90' lang='lat' dir='ltr'><strong>eo</strong></span> <span class='ocrx_word' id='word_1_439' title='bbox 290 2740 429 2774; x_wconf 83' lang='lat' dir='ltr'><strong>acceperit.</strong></span> <span class='ocrx_word' id='word_1_440' title='bbox 454 2739 499 2765; x_wconf 83' lang='lat' dir='ltr'><strong>llis</strong></span> <span class='ocrx_word' id='word_1_441' title='bbox 522 2738 601 2772; x_wconf 77' lang='lat' dir='ltr'><strong>igitur</strong></span> <span class='ocrx_word' id='word_1_442' title='bbox 616 2738 679 2771; x_wconf 89' lang='lat' dir='ltr'><strong>ipsis</strong></span> <span class='ocrx_word' id='word_1_443' title='bbox 699 2738 723 2763; x_wconf 72' lang='lat' dir='ltr'><strong>ir.</strong></span> <span class='ocrx_word' id='word_1_444' title='bbox 738 2738 851 2764; x_wconf 91' lang='lat' dir='ltr'><strong>medium</strong></span> <span class='ocrx_word' id='word_1_445' title='bbox 867 2738 986 2764; x_wconf 70' lang='lat' dir='ltr'><strong>adductis</strong></span> 
     </span>
    </p>
   </div>
   <div class='ocr_carea' id='block_1_59' title="bbox 202 2784 985 2823">
    <p class='ocr_par' dir='ltr' id='par_1_59' title="bbox 202 2784 985 2823">
     <span class='ocr_line' id='line_1_59' title="bbox 202 2784 985 2823; baseline -0.003 -11"><span class='ocrx_word' id='word_1_446' title='bbox 202 2785 298 2823; x_wconf 60' lang='lat' dir='ltr'><strong>Paulus</strong></span> <span class='ocrx_word' id='word_1_447' title='bbox 309 2786 429 2813; x_wconf 86' lang='lat' dir='ltr'><strong>dicebat:</strong></span> <span class='ocrx_word' id='word_1_448' title='bbox 451 2784 620 2815; x_wconf 74' lang='lat' dir='ltr'><strong>Considerate,</strong></span> <span class='ocrx_word' id='word_1_449' title='bbox 636 2788 744 2817; x_wconf 83' lang='lat' dir='ltr'><strong>quantus</strong></span> <span class='ocrx_word' id='word_1_450' title='bbox 763 2788 799 2810; x_wconf 82' lang='lat' dir='ltr'><strong>est</strong></span> <span class='ocrx_word' id='word_1_451' title='bbox 821 2784 889 2810; x_wconf 77' lang='lat' dir='ltr'><strong>iste?</strong></span> <span class='ocrx_word' id='word_1_452' title='bbox 904 2784 985 2816; x_wconf 84' lang='lat' dir='ltr'><strong>Quis?</strong></span> 
     </span>
    </p>
   </div>
   <div class='ocr_carea' id='block_1_60' title="bbox 198 2828 983 2866">
    <p class='ocr_par' dir='ltr' id='par_1_60' title="bbox 198 2828 983 2866">
     <span class='ocr_line' id='line_1_60' title="bbox 198 2828 983 2866; baseline -0.001 -10"><span class='ocrx_word' id='word_1_453' title='bbox 198 2830 376 2866; x_wconf 52' lang='lat' dir='ltr'><strong>ﬁde/«iamet,</strong></span> <span class='ocrx_word' id='word_1_454' title='bbox 391 2830 490 2864; x_wconf 86' lang='lat' dir='ltr'><strong>inquit,</strong></span> <span class='ocrx_word' id='word_1_455' title='bbox 516 2830 557 2854; x_wconf 85' lang='lat' dir='ltr'><strong>cui</strong></span> <span class='ocrx_word' id='word_1_456' title='bbox 577 2829 652 2854; x_wconf 77' lang='lat' dir='ltr'><strong>etiam</strong></span> <span class='ocrx_word' id='word_1_457' title='bbox 678 2828 785 2855; x_wconf 77' lang='lat' dir='ltr'><strong>decimas</strong></span> <span class='ocrx_word' id='word_1_458' title='bbox 805 2829 930 2855; x_wconf 77' lang='lat' dir='ltr'><strong>Abraham</strong></span> <span class='ocrx_word' id='word_1_459' title='bbox 953 2837 983 2855; x_wconf 79' lang='lat' dir='ltr'><strong>cI</strong></span> 
     </span>
    </p>
   </div>
   <div class='ocr_carea' id='block_1_61' title="bbox 997 137 1822 179">
    <p class='ocr_par' dir='ltr' id='par_1_61' title="bbox 997 137 1822 179">
     <span class='ocr_line' id='line_1_61' title="bbox 997 137 1822 179; baseline -0.005 -12"><span class='ocrx_word' id='word_1_460' title='bbox 997 139 1154 168; x_wconf 67' lang='lat' dir='ltr'><strong>ARCIHEP.</strong></span> <span class='ocrx_word' id='word_1_461' title='bbox 1175 137 1442 179; x_wconf 60' lang='lat' dir='ltr'><strong>CQNSTANTINOP.</strong></span> <span class='ocrx_word' id='word_1_462' title='bbox 1765 138 1822 171; x_wconf 60' lang='grc' dir='ltr'><strong>ρει</strong></span> 
     </span>
    </p>
   </div>
   <div class='ocr_carea' id='block_1_62' title="bbox 1027 195 1824 232">
    <p class='ocr_par' dir='ltr' id='par_1_62' title="bbox 1027 195 1824 232">
     <span class='ocr_line' id='line_1_62' title="bbox 1027 195 1824 232; baseline -0.003 -8"><span class='ocrx_word' id='word_1_463' title='bbox 1027 197 1161 232; x_wconf 68' lang='lat' dir='ltr'><strong>prtecipuis</strong></span> <span class='ocrx_word' id='word_1_464' title='bbox 1188 196 1273 228; x_wconf 80' lang='lat' dir='ltr'><strong>dedit,</strong></span> <span class='ocrx_word' id='word_1_465' title='bbox 1302 196 1414 230; x_wconf 76' lang='lat' dir='ltr'><strong>ipsarum</strong></span> <span class='ocrx_word' id='word_1_466' title='bbox 1445 195 1600 230; x_wconf 73' lang='lat' dir='ltr'><strong>patriarcha.</strong></span> <span class='ocrx_word' id='word_1_467' title='bbox 1633 195 1666 223; x_wconf 83' lang='lat' dir='ltr'><strong>Et</strong></span> <span class='ocrx_word' id='word_1_468' title='bbox 1686 196 1824 229; x_wconf 58' lang='lat' dir='ltr'><strong>quidni:</strong></span> 
     </span>
    </p>
   </div>
   <div class='ocr_carea' id='block_1_63' title="bbox 1024 241 1824 277">
    <p class='ocr_par' dir='ltr' id='par_1_63' title="bbox 1024 241 1824 277">
     <span class='ocr_line' id='line_1_63' title="bbox 1024 241 1824 277; baseline -0.001 -9"><span class='ocrx_word' id='word_1_469' title='bbox 1024 243 1065 277; x_wconf 79' lang='lat' dir='ltr'><strong>qui</strong></span> <span class='ocrx_word' id='word_1_470' title='bbox 1078 247 1136 269; x_wconf 81' lang='lat' dir='ltr'><strong>sunt</strong></span> <span class='ocrx_word' id='word_1_471' title='bbox 1151 250 1181 268; x_wconf 79' lang='lat' dir='ltr'><strong>ea:</strong></span> <span class='ocrx_word' id='word_1_472' title='bbox 1195 242 1254 276; x_wconf 79' lang='lat' dir='ltr'><strong>ﬁliis</strong></span> <span class='ocrx_word' id='word_1_473' title='bbox 1278 241 1354 273; x_wconf 78' lang='lat' dir='ltr'><strong>Levi,</strong></span> <span class='ocrx_word' id='word_1_474' title='bbox 1377 241 1544 268; x_wconf 79' lang='lat' dir='ltr'><strong>sacerdotium</strong></span> <span class='ocrx_word' id='word_1_475' title='bbox 1563 241 1729 276; x_wconf 75' lang='lat' dir='ltr'><strong>accipientes,</strong></span> <span class='ocrx_word' id='word_1_476' title='bbox 1744 250 1824 267; x_wconf 50' lang='lat' dir='ltr'><strong>mana</strong></span> 
     </span>
    </p>
   </div>
   <div class='ocr_carea' id='block_1_64' title="bbox 1025 286 1825 321">
    <p class='ocr_par' dir='ltr' id='par_1_64' title="bbox 1025 286 1825 321">
     <span class='ocr_line' id='line_1_64' title="bbox 1025 286 1825 321; baseline -0.003 -7"><span class='ocrx_word' id='word_1_477' title='bbox 1025 291 1112 315; x_wconf 85' lang='lat' dir='ltr'><strong>datum</strong></span> <span class='ocrx_word' id='word_1_478' title='bbox 1140 287 1247 319; x_wconf 85' lang='lat' dir='ltr'><strong>habent,</strong></span> <span class='ocrx_word' id='word_1_479' title='bbox 1268 292 1294 313; x_wconf 90' lang='lat' dir='ltr'><strong>ut</strong></span> <span class='ocrx_word' id='word_1_480' title='bbox 1316 287 1425 313; x_wconf 75' lang='lat' dir='ltr'><strong>decimas</strong></span> <span class='ocrx_word' id='word_1_481' title='bbox 1445 286 1571 320; x_wconf 80' lang='lat' dir='ltr'><strong>accipiant</strong></span> <span class='ocrx_word' id='word_1_482' title='bbox 1591 293 1607 312; x_wconf 74' lang='grc' dir='ltr'><strong><em>(ι</em></strong></span> <span class='ocrx_word' id='word_1_483' title='bbox 1627 287 1740 321; x_wconf 75' lang='lat' dir='ltr'><strong>populo,</strong></span> <span class='ocrx_word' id='word_1_484' title='bbox 1776 286 1825 313; x_wconf 80' lang='lat' dir='ltr'><strong>hoc</strong></span> 
     </span>
    </p>
   </div>
   <div class='ocr_carea' id='block_1_65' title="bbox 1024 325 1825 368">
    <p class='ocr_par' dir='ltr' id='par_1_65' title="bbox 1024 325 1825 368">
     <span class='ocr_line' id='line_1_65' title="bbox 1024 325 1825 368; baseline -0.002 -8"><span class='ocrx_word' id='word_1_485' title='bbox 1024 339 1061 361; x_wconf 75' lang='lat' dir='ltr'><strong>est</strong></span> <span class='ocrx_word' id='word_1_486' title='bbox 1091 342 1108 359; x_wconf 84' lang='grc' dir='ltr'><em>α</em></span> <span class='ocrx_word' id='word_1_487' title='bbox 1139 332 1258 368; x_wconf 68' lang='lat' dir='ltr'><strong>fratribus</strong></span> <span class='ocrx_word' id='word_1_488' title='bbox 1281 333 1351 365; x_wconf 72' lang='lat' dir='ltr'><strong>suis,</strong></span> <span class='ocrx_word' id='word_1_489' title='bbox 1374 325 1526 367; x_wconf 68' lang='lat' dir='ltr'><strong>quamquam</strong></span> <span class='ocrx_word' id='word_1_490' title='bbox 1554 333 1657 367; x_wconf 68' lang='lat' dir='ltr'><strong>(gressis</strong></span> <span class='ocrx_word' id='word_1_491' title='bbox 1686 340 1700 359; x_wconf 75' lang='grc' dir='ltr'><em>ε</em></span> <span class='ocrx_word' id='word_1_492' title='bbox 1729 332 1825 358; x_wconf 82' lang='lat' dir='ltr'><strong>lumbis</strong></span> 
     </span>
    </p>
   </div>
   <div class='ocr_carea' id='block_1_66' title="bbox 1025 377 1823 416">
    <p class='ocr_par' dir='ltr' id='par_1_66' title="bbox 1025 377 1823 416">
     <span class='ocr_line' id='line_1_66' title="bbox 1025 377 1823 416; baseline -0.003 -10"><span class='ocrx_word' id='word_1_493' title='bbox 1025 380 1133 406; x_wconf 71' lang='lat' dir='ltr'><strong>Mra/ia</strong></span> <span class='ocrx_word' id='word_1_494' title='bbox 1146 379 1156 416; x_wconf 95' lang='lat'><strong>(</strong></span> <span class='ocrx_word' id='word_1_495' title='bbox 1170 379 1249 406; x_wconf 76' lang='lat' dir='ltr'><strong>Hebr.</strong></span> <span class='ocrx_word' id='word_1_496' title='bbox 1265 379 1292 406; x_wconf 86' lang='lat'><strong>7.</strong></span> <span class='ocrx_word' id='word_1_497' title='bbox 1305 379 1332 406; x_wconf 67' lang='grc'>4.</span> <span class='ocrx_word' id='word_1_498' title='bbox 1346 378 1394 412; x_wconf 87' lang='lat'><strong>5).</strong></span> <span class='ocrx_word' id='word_1_499' title='bbox 1407 378 1482 411; x_wconf 85' lang='lat' dir='ltr'><strong>Quod</strong></span> <span class='ocrx_word' id='word_1_500' title='bbox 1497 383 1585 405; x_wconf 88' lang='lat' dir='ltr'><strong>autem</strong></span> <span class='ocrx_word' id='word_1_501' title='bbox 1598 377 1678 410; x_wconf 91' lang='lat' dir='ltr'><strong>dicit,</strong></span> <span class='ocrx_word' id='word_1_502' title='bbox 1699 377 1754 405; x_wconf 77' lang='lat' dir='ltr'><strong>tale</strong></span> <span class='ocrx_word' id='word_1_503' title='bbox 1769 382 1823 407; x_wconf 78' lang='lat' dir='ltr'><strong>est.</strong></span> 
     </span>
    </p>
   </div>
   <div class='ocr_carea' id='block_1_67' title="bbox 1031 423 1823 459">
    <p class='ocr_par' dir='ltr' id='par_1_67' title="bbox 1031 423 1823 459">
     <span class='ocr_line' id='line_1_67' title="bbox 1031 423 1823 459; baseline 0 -7"><span class='ocrx_word' id='word_1_504' title='bbox 1031 426 1130 452; x_wconf 70' lang='lat' dir='ltr'><strong>Levitm</strong></span> <span class='ocrx_word' id='word_1_505' title='bbox 1142 446 1149 457; x_wconf 91' lang='lat'><strong>,</strong></span> <span class='ocrx_word' id='word_1_506' title='bbox 1166 425 1272 459; x_wconf 91' lang='lat' dir='ltr'><strong>inquit,</strong></span> <span class='ocrx_word' id='word_1_507' title='bbox 1295 425 1338 459; x_wconf 87' lang='lat' dir='ltr'><strong>qui</strong></span> <span class='ocrx_word' id='word_1_508' title='bbox 1355 424 1424 459; x_wconf 89' lang='lat' dir='ltr'><strong>apud</strong></span> <span class='ocrx_word' id='word_1_509' title='bbox 1438 424 1545 451; x_wconf 57' lang='lat' dir='ltr'><strong>Jttdmos</strong></span> <span class='ocrx_word' id='word_1_510' title='bbox 1561 428 1622 450; x_wconf 89' lang='lat' dir='ltr'><strong>sunt</strong></span> <span class='ocrx_word' id='word_1_511' title='bbox 1645 423 1805 451; x_wconf 77' lang='lat' dir='ltr'><strong>sacerdotes</strong></span> <span class='ocrx_word' id='word_1_512' title='bbox 1816 443 1823 452; x_wconf 91' lang='lat'><strong>.</strong></span> 
     </span>
    </p>
   </div>
   <div class='ocr_carea' id='block_1_68' title="bbox 1028 469 1816 505">
    <p class='ocr_par' dir='ltr' id='par_1_68' title="bbox 1028 469 1816 505">
     <span class='ocr_line' id='line_1_68' title="bbox 1028 469 1816 505; baseline -0.003 -7"><span class='ocrx_word' id='word_1_513' title='bbox 1028 472 1179 498; x_wconf 85' lang='lat' dir='ltr'><strong>mandatum</strong></span> <span class='ocrx_word' id='word_1_514' title='bbox 1195 471 1438 505; x_wconf 83' lang='lat' dir='ltr'><strong>acceperuntjuxla</strong></span> <span class='ocrx_word' id='word_1_515' title='bbox 1454 470 1550 503; x_wconf 82' lang='lat' dir='ltr'><strong>legem,</strong></span> <span class='ocrx_word' id='word_1_516' title='bbox 1564 474 1591 496; x_wconf 89' lang='lat' dir='ltr'><strong>ttt</strong></span> <span class='ocrx_word' id='word_1_517' title='bbox 1606 469 1725 503; x_wconf 78' lang='lat' dir='ltr'><strong>decimas</strong></span> <span class='ocrx_word' id='word_1_518' title='bbox 1745 469 1816 496; x_wconf 77' lang='lat' dir='ltr'><strong>acci-</strong></span> 
     </span>
    </p>
   </div>
   <div class='ocr_carea' id='block_1_69' title="bbox 1029 514 1827 550">
    <p class='ocr_par' dir='ltr' id='par_1_69' title="bbox 1029 514 1827 550">
     <span class='ocr_line' id='line_1_69' title="bbox 1029 514 1827 550; baseline -0.004 -7"><span class='ocrx_word' id='word_1_519' title='bbox 1029 521 1122 550; x_wconf 82' lang='lat' dir='ltr'><strong>perent</strong></span> <span class='ocrx_word' id='word_1_520' title='bbox 1135 516 1168 543; x_wconf 89' lang='lat' dir='ltr'><strong>ab</strong></span> <span class='ocrx_word' id='word_1_521' title='bbox 1181 516 1239 542; x_wconf 89' lang='lat' dir='ltr'><strong>aliis</strong></span> <span class='ocrx_word' id='word_1_522' title='bbox 1253 515 1361 542; x_wconf 68' lang='lat' dir='ltr'><strong>Juda‘is.</strong></span> <span class='ocrx_word' id='word_1_523' title='bbox 1377 514 1494 541; x_wconf 81' lang='lat' dir='ltr'><strong>Tametsi</strong></span> <span class='ocrx_word' id='word_1_524' title='bbox 1508 521 1601 544; x_wconf 88' lang='lat' dir='ltr'><strong>omnes</strong></span> <span class='ocrx_word' id='word_1_525' title='bbox 1612 514 1741 549; x_wconf 76' lang='lat' dir='ltr'><strong>progeniti</strong></span> <span class='ocrx_word' id='word_1_526' title='bbox 1757 517 1827 546; x_wconf 71' lang='lat' dir='ltr'><strong>sunt</strong></span> 
     </span>
    </p>
   </div>
   <div class='ocr_carea' id='block_1_70' title="bbox 1029 559 1823 594">
    <p class='ocr_par' dir='ltr' id='par_1_70' title="bbox 1029 559 1823 594">
     <span class='ocr_line' id='line_1_70' title="bbox 1029 559 1823 594; baseline -0.001 -7"><span class='ocrx_word' id='word_1_527' title='bbox 1029 569 1061 587; x_wconf 80' lang='lat' dir='ltr'><strong>ex</strong></span> <span class='ocrx_word' id='word_1_528' title='bbox 1078 561 1211 587; x_wconf 87' lang='lat' dir='ltr'><strong>Abraham</strong></span> <span class='ocrx_word' id='word_1_529' title='bbox 1222 581 1229 593; x_wconf 89' lang='lat'><strong>,</strong></span> <span class='ocrx_word' id='word_1_530' title='bbox 1245 565 1297 586; x_wconf 92' lang='lat' dir='ltr'><strong>tam</strong></span> <span class='ocrx_word' id='word_1_531' title='bbox 1313 560 1410 587; x_wconf 73' lang='lat' dir='ltr'><strong>Levita:</strong></span> <span class='ocrx_word' id='word_1_532' title='bbox 1422 581 1429 591; x_wconf 84' lang='grc'>,</span> <span class='ocrx_word' id='word_1_533' title='bbox 1446 567 1524 594; x_wconf 82' lang='lat' dir='ltr'><strong>quam</strong></span> <span class='ocrx_word' id='word_1_534' title='bbox 1547 559 1664 593; x_wconf 86' lang='lat' dir='ltr'><strong>reliquus</strong></span> <span class='ocrx_word' id='word_1_535' title='bbox 1685 559 1823 594; x_wconf 79' lang='lat' dir='ltr'><strong>populus,</strong></span> 
     </span>
    </p>
   </div>
   <div class='ocr_carea' id='block_1_71' title="bbox 1030 603 1825 639">
    <p class='ocr_par' dir='ltr' id='par_1_71' title="bbox 1030 603 1825 639">
     <span class='ocr_line' id='line_1_71' title="bbox 1030 603 1825 639; baseline -0.003 -7"><span class='ocrx_word' id='word_1_536' title='bbox 1030 606 1201 632; x_wconf 89' lang='lat' dir='ltr'><strong>nihilomintts</strong></span> <span class='ocrx_word' id='word_1_537' title='bbox 1215 606 1331 632; x_wconf 87' lang='lat' dir='ltr'><strong>decimas</strong></span> <span class='ocrx_word' id='word_1_538' title='bbox 1349 605 1480 639; x_wconf 79' lang='lat' dir='ltr'><strong>accipiunt</strong></span> <span class='ocrx_word' id='word_1_539' title='bbox 1495 612 1509 631; x_wconf 90' lang='lat' dir='ltr'><strong>a</strong></span> <span class='ocrx_word' id='word_1_540' title='bbox 1525 604 1648 631; x_wconf 72' lang='lat' dir='ltr'><strong>fratribus</strong></span> <span class='ocrx_word' id='word_1_541' title='bbox 1667 604 1733 631; x_wconf 81' lang='lat' dir='ltr'><strong>suis.</strong></span> <span class='ocrx_word' id='word_1_542' title='bbox 1758 603 1825 631; x_wconf 71' lang='lat' dir='ltr'><strong>Mei-</strong></span> 
     </span>
    </p>
   </div>
   <div class='ocr_carea' id='block_1_72' title="bbox 1030 648 1822 685">
    <p class='ocr_par' dir='ltr' id='par_1_72' title="bbox 1030 648 1822 685">
     <span class='ocr_line' id='line_1_72' title="bbox 1030 648 1822 685; baseline -0.003 -6"><span class='ocrx_word' id='word_1_543' title='bbox 1030 652 1154 680; x_wconf 80' lang='lat' dir='ltr'><strong>ctiiscdec</strong></span> <span class='ocrx_word' id='word_1_544' title='bbox 1167 659 1239 683; x_wconf 77' lang='lat' dir='ltr'><strong>vero,</strong></span> <span class='ocrx_word' id='word_1_545' title='bbox 1254 652 1297 685; x_wconf 88' lang='lat' dir='ltr'><strong>qui</strong></span> <span class='ocrx_word' id='word_1_546' title='bbox 1313 659 1364 677; x_wconf 90' lang='lat' dir='ltr'><strong>non</strong></span> <span class='ocrx_word' id='word_1_547' title='bbox 1380 651 1450 677; x_wconf 89' lang='lat' dir='ltr'><strong>ducit</strong></span> <span class='ocrx_word' id='word_1_548' title='bbox 1465 651 1593 685; x_wconf 81' lang='lat' dir='ltr'><strong>originem</strong></span> <span class='ocrx_word' id='word_1_549' title='bbox 1613 650 1646 677; x_wconf 88' lang='lat' dir='ltr'><strong>ab</strong></span> <span class='ocrx_word' id='word_1_550' title='bbox 1661 650 1732 682; x_wconf 89' lang='lat' dir='ltr'><strong>illis,</strong></span> <span class='ocrx_word' id='word_1_551' title='bbox 1746 648 1759 685; x_wconf 90' lang='lat'><strong>(</strong></span> <span class='ocrx_word' id='word_1_552' title='bbox 1771 655 1822 677; x_wconf 78' lang='lat' dir='ltr'><strong>ne-</strong></span> 
     </span>
    </p>
   </div>
   <div class='ocr_carea' id='block_1_73' title="bbox 1028 697 1830 733">
    <p class='ocr_par' dir='ltr' id='par_1_73' title="bbox 1028 697 1830 733">
     <span class='ocr_line' id='line_1_73' title="bbox 1028 697 1830 733; baseline -0.004 -8"><span class='ocrx_word' id='word_1_553' title='bbox 1028 708 1079 733; x_wconf 83' lang='lat' dir='ltr'><strong>que</strong></span> <span class='ocrx_word' id='word_1_554' title='bbox 1093 699 1163 727; x_wconf 88' lang='lat' dir='ltr'><strong>enint</strong></span> <span class='ocrx_word' id='word_1_555' title='bbox 1175 707 1207 726; x_wconf 86' lang='lat' dir='ltr'><strong>ex</strong></span> <span class='ocrx_word' id='word_1_556' title='bbox 1219 698 1351 725; x_wconf 86' lang='lat' dir='ltr'><strong>Abraham</strong></span> <span class='ocrx_word' id='word_1_557' title='bbox 1363 698 1517 732; x_wconf 79' lang='lat' dir='ltr'><strong>progenitus</strong></span> <span class='ocrx_word' id='word_1_558' title='bbox 1527 702 1593 729; x_wconf 85' lang='lat' dir='ltr'><strong>erat,</strong></span> <span class='ocrx_word' id='word_1_559' title='bbox 1608 705 1693 732; x_wconf 85' lang='lat' dir='ltr'><strong>neque</strong></span> <span class='ocrx_word' id='word_1_560' title='bbox 1706 704 1739 726; x_wconf 78' lang='lat' dir='ltr'><strong>ex</strong></span> <span class='ocrx_word' id='word_1_561' title='bbox 1751 697 1830 733; x_wconf 33' lang='lat' dir='ltr'><strong>tribu,</strong></span> 
     </span>
    </p>
   </div>
   <div class='ocr_carea' id='block_1_74' title="bbox 1028 742 1824 778">
    <p class='ocr_par' dir='ltr' id='par_1_74' title="bbox 1028 742 1824 778">
     <span class='ocr_line' id='line_1_74' title="bbox 1028 742 1824 778; baseline -0.004 -7"><span class='ocrx_word' id='word_1_562' title='bbox 1028 745 1154 776; x_wconf 79' lang='lat' dir='ltr'><strong>Levitica,</strong></span> <span class='ocrx_word' id='word_1_563' title='bbox 1168 744 1213 771; x_wconf 88' lang='lat' dir='ltr'><strong>sed</strong></span> <span class='ocrx_word' id='word_1_564' title='bbox 1225 751 1255 770; x_wconf 86' lang='lat' dir='ltr'><strong>cx</strong></span> <span class='ocrx_word' id='word_1_565' title='bbox 1267 744 1319 770; x_wconf 90' lang='lat' dir='ltr'><strong>alio</strong></span> <span class='ocrx_word' id='word_1_566' title='bbox 1330 751 1426 777; x_wconf 82' lang='lat' dir='ltr'><strong>genere</strong></span> <span class='ocrx_word' id='word_1_567' title='bbox 1438 744 1446 778; x_wconf 96' lang='lat'>)</span> <span class='ocrx_word' id='word_1_568' title='bbox 1460 743 1601 770; x_wconf 82' lang='lat' dir='ltr'><strong>deeimavit</strong></span> <span class='ocrx_word' id='word_1_569' title='bbox 1611 742 1756 774; x_wconf 80' lang='lat' dir='ltr'><strong>Abraham,</strong></span> <span class='ocrx_word' id='word_1_570' title='bbox 1773 742 1824 777; x_wconf 73' lang='lat' dir='ltr'><strong>hoc</strong></span> 
     </span>
    </p>
   </div>
   <div class='ocr_carea' id='block_1_75' title="bbox 1029 780 1824 824">
    <p class='ocr_par' dir='ltr' id='par_1_75' title="bbox 1029 780 1824 824">
     <span class='ocr_line' id='line_1_75' title="bbox 1029 780 1824 824; baseline -0.003 -8"><span class='ocrx_word' id='word_1_571' title='bbox 1029 790 1190 816; x_wconf 81' lang='lat' dir='ltr'><strong>ustdecitnas</strong></span> <span class='ocrx_word' id='word_1_572' title='bbox 1199 782 1300 824; x_wconf 79' lang='lat' dir='ltr'><strong>accepit</strong></span> <span class='ocrx_word' id='word_1_573' title='bbox 1316 789 1350 815; x_wconf 88' lang='lat' dir='ltr'><strong>ab</strong></span> <span class='ocrx_word' id='word_1_574' title='bbox 1361 788 1503 815; x_wconf 88' lang='lat' dir='ltr'><strong>Abraham.</strong></span> <span class='ocrx_word' id='word_1_575' title='bbox 1514 788 1569 815; x_wconf 80' lang='lat' dir='ltr'><strong>Nec</strong></span> <span class='ocrx_word' id='word_1_576' title='bbox 1577 788 1601 815; x_wconf 88' lang='lat' dir='ltr'><strong>id</strong></span> <span class='ocrx_word' id='word_1_577' title='bbox 1619 780 1716 820; x_wconf 86' lang='lat' dir='ltr'><strong>solum,</strong></span> <span class='ocrx_word' id='word_1_578' title='bbox 1728 795 1824 816; x_wconf 71' lang='lat' dir='ltr'><strong>verum</strong></span> 
     </span>
    </p>
   </div>
   <div class='ocr_carea' id='block_1_76' title="bbox 1029 833 1825 869">
    <p class='ocr_par' dir='ltr' id='par_1_76' title="bbox 1029 833 1825 869">
     <span class='ocr_line' id='line_1_76' title="bbox 1029 833 1825 869; baseline -0.003 -7"><span class='ocrx_word' id='word_1_579' title='bbox 1029 841 1055 862; x_wconf 86' lang='lat' dir='ltr'><strong>et</strong></span> <span class='ocrx_word' id='word_1_580' title='bbox 1075 836 1145 862; x_wconf 90' lang='lat' dir='ltr'><strong>alittd</strong></span> <span class='ocrx_word' id='word_1_581' title='bbox 1154 836 1277 869; x_wconf 88' lang='lat' dir='ltr'><strong>quiddam</strong></span> <span class='ocrx_word' id='word_1_582' title='bbox 1289 834 1461 862; x_wconf 76' lang='lat' dir='ltr'><strong>fecitzeidem</strong></span> <span class='ocrx_word' id='word_1_583' title='bbox 1475 835 1519 869; x_wconf 91' lang='lat' dir='ltr'><strong>qui</strong></span> <span class='ocrx_word' id='word_1_584' title='bbox 1537 834 1728 868; x_wconf 87' lang='lat' dir='ltr'><strong>promissiones</strong></span> <span class='ocrx_word' id='word_1_585' title='bbox 1741 833 1825 860; x_wconf 67' lang='lat' dir='ltr'><strong>liabe-</strong></span> 
     </span>
    </p>
   </div>
   <div class='ocr_carea' id='block_1_77' title="bbox 1031 879 1826 914">
    <p class='ocr_par' dir='ltr' id='par_1_77' title="bbox 1031 879 1826 914">
     <span class='ocr_line' id='line_1_77' title="bbox 1031 879 1826 914; baseline -0.003 -7"><span class='ocrx_word' id='word_1_586' title='bbox 1031 882 1083 913; x_wconf 89' lang='lat' dir='ltr'><strong>bat,</strong></span> <span class='ocrx_word' id='word_1_587' title='bbox 1095 881 1216 907; x_wconf 79' lang='lat' dir='ltr'><strong>videlicet</strong></span> <span class='ocrx_word' id='word_1_588' title='bbox 1224 881 1385 913; x_wconf 87' lang='lat' dir='ltr'><strong>Abrahamo,</strong></span> <span class='ocrx_word' id='word_1_589' title='bbox 1393 879 1535 907; x_wconf 84' lang='lat' dir='ltr'><strong>benedixit.</strong></span> <span class='ocrx_word' id='word_1_590' title='bbox 1545 879 1578 906; x_wconf 88' lang='lat' dir='ltr'><strong>Et</strong></span> <span class='ocrx_word' id='word_1_591' title='bbox 1586 879 1647 914; x_wconf 87' lang='lat' dir='ltr'><strong>quid</strong></span> <span class='ocrx_word' id='word_1_592' title='bbox 1654 879 1716 912; x_wconf 81' lang='lat' dir='ltr'><strong>hoc,</strong></span> <span class='ocrx_word' id='word_1_593' title='bbox 1724 879 1826 914; x_wconf 78' lang='lat' dir='ltr'><strong>inquis,</strong></span> 
     </span>
    </p>
   </div>
   <div class='ocr_carea' id='block_1_78' title="bbox 1030 924 1830 964">
    <p class='ocr_par' dir='ltr' id='par_1_78' title="bbox 1030 924 1830 964">
     <span class='ocr_line' id='line_1_78' title="bbox 1030 924 1830 964; baseline -0.001 -12"><span class='ocrx_word' id='word_1_594' title='bbox 1030 927 1174 961; x_wconf 70' lang='lat' dir='ltr'><strong>signiﬁcat?</strong></span> <span class='ocrx_word' id='word_1_595' title='bbox 1187 926 1262 959; x_wconf 78' lang='lat' dir='ltr'><strong>Quod</strong></span> <span class='ocrx_word' id='word_1_596' title='bbox 1275 926 1316 953; x_wconf 88' lang='lat' dir='ltr'><strong>hic</strong></span> <span class='ocrx_word' id='word_1_597' title='bbox 1328 927 1371 952; x_wconf 91' lang='lat' dir='ltr'><strong>illo</strong></span> <span class='ocrx_word' id='word_1_598' title='bbox 1385 926 1510 961; x_wconf 78' lang='lat' dir='ltr'><strong>multosit</strong></span> <span class='ocrx_word' id='word_1_599' title='bbox 1526 925 1645 964; x_wconf 82' lang='lat' dir='ltr'><strong>inferior.</strong></span> <span class='ocrx_word' id='word_1_600' title='bbox 1661 924 1805 962; x_wconf 83' lang='lat' dir='ltr'><strong>Quomodo</strong></span> <span class='ocrx_word' id='word_1_601' title='bbox 1814 925 1830 955; x_wconf 70' lang='grc' dir='ltr'><strong>τ,</strong></span> 
     </span>
    </p>
   </div>
   <div class='ocr_carea' id='block_1_79' title="bbox 1031 967 1826 1005">
    <p class='ocr_par' dir='ltr' id='par_1_79' title="bbox 1031 967 1826 1005">
     <span class='ocr_line' id='line_1_79' title="bbox 1031 967 1826 1005; baseline 0 -8"><span class='ocrx_word' id='word_1_602' title='bbox 1031 972 1099 998; x_wconf 76' lang='lat' dir='ltr'><strong>Citra</strong></span> <span class='ocrx_word' id='word_1_603' title='bbox 1109 981 1203 998; x_wconf 68' lang='lat' dir='ltr'><strong>omnem</strong></span> <span class='ocrx_word' id='word_1_604' title='bbox 1213 971 1404 998; x_wconf 78' lang='lat' dir='ltr'><strong>controversiam</strong></span> <span class='ocrx_word' id='word_1_605' title='bbox 1413 971 1478 1005; x_wconf 82' lang='lat' dir='ltr'><strong>quod</strong></span> <span class='ocrx_word' id='word_1_606' title='bbox 1486 971 1568 997; x_wconf 79' lang='lat' dir='ltr'><strong>atinas</strong></span> <span class='ocrx_word' id='word_1_607' title='bbox 1577 976 1611 997; x_wconf 75' lang='lat' dir='ltr'><strong>est</strong></span> <span class='ocrx_word' id='word_1_608' title='bbox 1619 979 1634 995; x_wconf 92' lang='lat' dir='ltr'><strong>a</strong></span> <span class='ocrx_word' id='word_1_609' title='bbox 1644 967 1742 1005; x_wconf 82' lang='lat' dir='ltr'><strong>majore</strong></span> <span class='ocrx_word' id='word_1_610' title='bbox 1749 970 1826 997; x_wconf 54' lang='lat' dir='ltr'><strong>bene</strong></span> 
     </span>
    </p>
   </div>
   <div class='ocr_carea' id='block_1_80' title="bbox 1031 1017 1826 1053">
    <p class='ocr_par' dir='ltr' id='par_1_80' title="bbox 1031 1017 1826 1053">
     <span class='ocr_line' id='line_1_80' title="bbox 1031 1017 1826 1053; baseline -0.001 -10"><span class='ocrx_word' id='word_1_611' title='bbox 1031 1018 1162 1044; x_wconf 76' lang='lat' dir='ltr'><strong>dictionem</strong></span> <span class='ocrx_word' id='word_1_612' title='bbox 1177 1018 1267 1052; x_wconf 79' lang='lat' dir='ltr'><strong>accipit</strong></span> <span class='ocrx_word' id='word_1_613' title='bbox 1282 1017 1392 1053; x_wconf 68' lang='lat' dir='ltr'><strong>(Ibide.</strong></span> <span class='ocrx_word' id='word_1_614' title='bbox 1404 1017 1441 1052; x_wconf 84' lang='lat'><strong>7).</strong></span> <span class='ocrx_word' id='word_1_615' title='bbox 1463 1017 1553 1051; x_wconf 86' lang='lat' dir='ltr'><strong>Itaque</strong></span> <span class='ocrx_word' id='word_1_616' title='bbox 1562 1017 1754 1043; x_wconf 70' lang='lat' dir='ltr'><strong>nisiAbraham</strong></span> <span class='ocrx_word' id='word_1_617' title='bbox 1765 1024 1826 1051; x_wconf 86' lang='lat' dir='ltr'><strong>pro-</strong></span> 
     </span>
    </p>
   </div>
   <div class='ocr_carea' id='block_1_81' title="bbox 1031 1062 1827 1095">
    <p class='ocr_par' dir='ltr' id='par_1_81' title="bbox 1031 1062 1827 1095">
     <span class='ocr_line' id='line_1_81' title="bbox 1031 1062 1827 1095; baseline -0.003 -6"><span class='ocrx_word' id='word_1_618' title='bbox 1031 1063 1132 1095; x_wconf 70' lang='lat' dir='ltr'><strong>genitor</strong></span> <span class='ocrx_word' id='word_1_619' title='bbox 1142 1063 1292 1090; x_wconf 79' lang='lat' dir='ltr'><strong>Levitartmt</strong></span> <span class='ocrx_word' id='word_1_620' title='bbox 1306 1063 1397 1089; x_wconf 76' lang='lat' dir='ltr'><strong>luisset</strong></span> <span class='ocrx_word' id='word_1_621' title='bbox 1408 1062 1515 1090; x_wconf 75' lang='lat' dir='ltr'><strong>inferior</strong></span> <span class='ocrx_word' id='word_1_622' title='bbox 1523 1062 1709 1092; x_wconf 84' lang='lat' dir='ltr'><strong>Melcltiscdec,</strong></span> <span class='ocrx_word' id='word_1_623' title='bbox 1726 1070 1827 1095; x_wconf 68' lang='lat' dir='ltr'><strong>nequa~</strong></span> 
     </span>
    </p>
   </div>
   <div class='ocr_carea' id='block_1_82' title="bbox 1031 1107 1828 1142">
    <p class='ocr_par' dir='ltr' id='par_1_82' title="bbox 1031 1107 1828 1142">
     <span class='ocr_line' id='line_1_82' title="bbox 1031 1107 1828 1142; baseline 0.001 -9"><span class='ocrx_word' id='word_1_624' title='bbox 1031 1117 1109 1142; x_wconf 78' lang='lat' dir='ltr'><strong>quam</strong></span> <span class='ocrx_word' id='word_1_625' title='bbox 1123 1109 1158 1135; x_wconf 89' lang='lat' dir='ltr'><strong>illi</strong></span> <span class='ocrx_word' id='word_1_626' title='bbox 1171 1109 1213 1135; x_wconf 91' lang='lat' dir='ltr'><strong>hic</strong></span> <span class='ocrx_word' id='word_1_627' title='bbox 1224 1108 1412 1140; x_wconf 73' lang='lat' dir='ltr'><strong>benedixisset,</strong></span> <span class='ocrx_word' id='word_1_628' title='bbox 1425 1115 1509 1142; x_wconf 80' lang='lat' dir='ltr'><strong>neque</strong></span> <span class='ocrx_word' id='word_1_629' title='bbox 1521 1108 1582 1135; x_wconf 84' lang='lat' dir='ltr'><strong>huic</strong></span> <span class='ocrx_word' id='word_1_630' title='bbox 1593 1107 1637 1135; x_wconf 84' lang='lat' dir='ltr'><strong>ille</strong></span> <span class='ocrx_word' id='word_1_631' title='bbox 1648 1108 1769 1136; x_wconf 68' lang='lat' dir='ltr'><strong>decimas</strong></span> <span class='ocrx_word' id='word_1_632' title='bbox 1781 1107 1828 1134; x_wconf 66' lang='lat' dir='ltr'><strong>dou</strong></span> 
     </span>
    </p>
   </div>
   <div class='ocr_carea' id='block_1_83' title="bbox 1031 1152 1828 1188">
    <p class='ocr_par' dir='ltr' id='par_1_83' title="bbox 1031 1152 1828 1188">
     <span class='ocr_line' id='line_1_83' title="bbox 1031 1152 1828 1188; baseline -0.001 -8"><span class='ocrx_word' id='word_1_633' title='bbox 1031 1155 1122 1181; x_wconf 78' lang='lat' dir='ltr'><strong>disset.</strong></span> <span class='ocrx_word' id='word_1_634' title='bbox 1141 1154 1239 1182; x_wconf 89' lang='lat' dir='ltr'><strong>Deinde</strong></span> <span class='ocrx_word' id='word_1_635' title='bbox 1253 1154 1343 1181; x_wconf 77' lang='lat' dir='ltr'><strong>volens</strong></span> <span class='ocrx_word' id='word_1_636' title='bbox 1356 1154 1509 1186; x_wconf 84' lang='lat' dir='ltr'><strong>ostendere,</strong></span> <span class='ocrx_word' id='word_1_637' title='bbox 1523 1161 1570 1188; x_wconf 86' lang='lat' dir='ltr'><strong>per</strong></span> <span class='ocrx_word' id='word_1_638' title='bbox 1586 1153 1766 1180; x_wconf 79' lang='lat' dir='ltr'><strong>Melchisedoc</strong></span> <span class='ocrx_word' id='word_1_639' title='bbox 1778 1152 1828 1179; x_wconf 83' lang='lat' dir='ltr'><strong>hoc</strong></span> 
     </span>
    </p>
   </div>
   <div class='ocr_carea' id='block_1_84' title="bbox 1032 1198 1828 1234">
    <p class='ocr_par' dir='ltr' id='par_1_84' title="bbox 1032 1198 1828 1234">
     <span class='ocr_line' id='line_1_84' title="bbox 1032 1198 1828 1234; baseline 0.003 -9"><span class='ocrx_word' id='word_1_640' title='bbox 1032 1200 1180 1231; x_wconf 85' lang='lat' dir='ltr'><strong>advenisse,</strong></span> <span class='ocrx_word' id='word_1_641' title='bbox 1205 1200 1318 1233; x_wconf 83' lang='lat' dir='ltr'><strong>subjecit</strong></span> <span class='ocrx_word' id='word_1_642' title='bbox 1338 1200 1429 1227; x_wconf 87' lang='lat' dir='ltr'><strong>(licens</strong></span> <span class='ocrx_word' id='word_1_643' title='bbox 1451 1208 1459 1226; x_wconf 84' lang='lat'><strong>:</strong></span> <span class='ocrx_word' id='word_1_644' title='bbox 1475 1199 1584 1225; x_wconf 84' lang='lat' dir='ltr'><strong>Etatita</strong></span> <span class='ocrx_word' id='word_1_645' title='bbox 1603 1199 1701 1234; x_wconf 85' lang='lat' dir='ltr'><strong>loquar.</strong></span> <span class='ocrx_word' id='word_1_646' title='bbox 1713 1198 1766 1226; x_wconf 89' lang='lat' dir='ltr'><strong>hoc</strong></span> <span class='ocrx_word' id='word_1_647' title='bbox 1776 1203 1828 1234; x_wconf 62' lang='lat' dir='ltr'><strong>est.</strong></span> 
     </span>
    </p>
   </div>
   <div class='ocr_carea' id='block_1_85' title="bbox 1032 1244 1829 1281">
    <p class='ocr_par' dir='ltr' id='par_1_85' title="bbox 1032 1244 1829 1281">
     <span class='ocr_line' id='line_1_85' title="bbox 1032 1244 1829 1281; baseline 0 -11"><span class='ocrx_word' id='word_1_648' title='bbox 1032 1245 1235 1279; x_wconf 85' lang='lat' dir='ltr'><strong>propemodum,</strong></span> <span class='ocrx_word' id='word_1_649' title='bbox 1246 1253 1290 1279; x_wconf 80' lang='lat' dir='ltr'><strong>per</strong></span> <span class='ocrx_word' id='word_1_650' title='bbox 1302 1245 1427 1271; x_wconf 79' lang='lat' dir='ltr'><strong>Abraham</strong></span> <span class='ocrx_word' id='word_1_651' title='bbox 1438 1246 1510 1271; x_wconf 78' lang='lat' dir='ltr'><strong>etiam</strong></span> <span class='ocrx_word' id='word_1_652' title='bbox 1517 1247 1570 1281; x_wconf 74' lang='lat' dir='ltr'><strong>ipse</strong></span> <span class='ocrx_word' id='word_1_653' title='bbox 1581 1244 1648 1275; x_wconf 77' lang='lat' dir='ltr'><strong>Levi,</strong></span> <span class='ocrx_word' id='word_1_654' title='bbox 1661 1245 1705 1278; x_wconf 73' lang='lat' dir='ltr'><strong>qui</strong></span> <span class='ocrx_word' id='word_1_655' title='bbox 1717 1245 1829 1274; x_wconf 71' lang='grc' dir='ltr'><strong>ήςι-ἱιηπι</strong></span> 
     </span>
    </p>
   </div>
   <div class='ocr_carea' id='block_1_86' title="bbox 1032 1286 1834 1324">
    <p class='ocr_par' dir='ltr' id='par_1_86' title="bbox 1032 1286 1834 1324">
     <span class='ocr_line' id='line_1_86' title="bbox 1032 1286 1834 1324; baseline -0.005 -9"><span class='ocrx_word' id='word_1_656' title='bbox 1032 1290 1275 1324; x_wconf 78' lang='lat' dir='ltr'><strong>accipil,dccimatus</strong></span> <span class='ocrx_word' id='word_1_657' title='bbox 1285 1295 1320 1315; x_wconf 73' lang='lat' dir='ltr'><strong>est</strong></span> <span class='ocrx_word' id='word_1_658' title='bbox 1331 1286 1385 1322; x_wconf 86' lang='lat' dir='ltr'><strong>(Ib.</strong></span> <span class='ocrx_word' id='word_1_659' title='bbox 1396 1296 1418 1314; x_wconf 78' lang='grc' dir='ltr'><strong>ιι.</strong></span> <span class='ocrx_word' id='word_1_660' title='bbox 1429 1287 1468 1313; x_wconf 63' lang='grc'><strong>9».</strong></span> <span class='ocrx_word' id='word_1_661' title='bbox 1476 1286 1545 1318; x_wconf 78' lang='lat' dir='ltr'><strong>Quid</strong></span> <span class='ocrx_word' id='word_1_662' title='bbox 1556 1293 1609 1319; x_wconf 85' lang='lat' dir='ltr'><strong>est,</strong></span> <span class='ocrx_word' id='word_1_663' title='bbox 1619 1289 1768 1315; x_wconf 66' lang='lat' dir='ltr'><strong>decimatas</strong></span> <span class='ocrx_word' id='word_1_664' title='bbox 1780 1288 1834 1312; x_wconf 78' lang='lat' dir='ltr'><strong>cst?</strong></span> 
     </span>
    </p>
   </div>
   <div class='ocr_carea' id='block_1_87' title="bbox 1033 1333 1831 1366">
    <p class='ocr_par' dir='ltr' id='par_1_87' title="bbox 1033 1333 1831 1366">
     <span class='ocr_line' id='line_1_87' title="bbox 1033 1333 1831 1366; baseline -0.004 -4"><span class='ocrx_word' id='word_1_665' title='bbox 1033 1333 1410 1362; x_wconf 86' lang='lat' dir='ltr'><strong>DccimasdeditMelcbisedec</strong></span> <span class='ocrx_word' id='word_1_666' title='bbox 1417 1338 1443 1359; x_wconf 89' lang='lat' dir='ltr'><strong>et</strong></span> <span class='ocrx_word' id='word_1_667' title='bbox 1452 1333 1506 1366; x_wconf 72' lang='lat' dir='ltr'><strong>ipso</strong></span> <span class='ocrx_word' id='word_1_668' title='bbox 1512 1333 1585 1363; x_wconf 79' lang='lat' dir='ltr'><strong>Levi,</strong></span> <span class='ocrx_word' id='word_1_669' title='bbox 1593 1334 1637 1366; x_wconf 91' lang='lat' dir='ltr'><strong>qui</strong></span> <span class='ocrx_word' id='word_1_670' title='bbox 1648 1334 1767 1359; x_wconf 81' lang='lat' dir='ltr'><strong>nonduin</strong></span> <span class='ocrx_word' id='word_1_671' title='bbox 1774 1339 1831 1359; x_wconf 72' lang='lat' dir='ltr'><strong>erat</strong></span> 
     </span>
    </p>
   </div>
   <div class='ocr_carea' id='block_1_88' title="bbox 1032 1378 1831 1415">
    <p class='ocr_par' dir='ltr' id='par_1_88' title="bbox 1032 1378 1831 1415">
     <span class='ocr_line' id='line_1_88' title="bbox 1032 1378 1831 1415; baseline -0.004 -8"><span class='ocrx_word' id='word_1_672' title='bbox 1032 1381 1135 1415; x_wconf 74' lang='lat' dir='ltr'><strong>genitus</strong></span> <span class='ocrx_word' id='word_1_673' title='bbox 1146 1388 1194 1414; x_wconf 89' lang='lat' dir='ltr'><strong>per</strong></span> <span class='ocrx_word' id='word_1_674' title='bbox 1203 1384 1303 1414; x_wconf 77' lang='lat' dir='ltr'><strong>patrem</strong></span> <span class='ocrx_word' id='word_1_675' title='bbox 1312 1379 1403 1412; x_wconf 87' lang='lat' dir='ltr'><strong>ipsius,</strong></span> <span class='ocrx_word' id='word_1_676' title='bbox 1416 1378 1508 1413; x_wconf 79' lang='lat' dir='ltr'><strong>inquit.</strong></span> <span class='ocrx_word' id='word_1_677' title='bbox 1520 1378 1608 1404; x_wconf 75' lang='lat' dir='ltr'><strong>Adhuc</strong></span> <span class='ocrx_word' id='word_1_678' title='bbox 1621 1378 1685 1404; x_wconf 76' lang='lat' dir='ltr'><strong>enim</strong></span> <span class='ocrx_word' id='word_1_679' title='bbox 1694 1378 1723 1404; x_wconf 80' lang='lat' dir='ltr'><strong>in</strong></span> <span class='ocrx_word' id='word_1_680' title='bbox 1737 1378 1831 1405; x_wconf 62' lang='lat' dir='ltr'><strong>Iuntina</strong></span> 
     </span>
    </p>
   </div>
   <div class='ocr_carea' id='block_1_89' title="bbox 1034 1422 1832 1459">
    <p class='ocr_par' dir='ltr' id='par_1_89' title="bbox 1034 1422 1832 1459">
     <span class='ocr_line' id='line_1_89' title="bbox 1034 1422 1832 1459; baseline 0 -9"><span class='ocrx_word' id='word_1_681' title='bbox 1034 1426 1112 1459; x_wconf 79' lang='lat' dir='ltr'><strong>patris</strong></span> <span class='ocrx_word' id='word_1_682' title='bbox 1120 1430 1171 1451; x_wconf 86' lang='lat' dir='ltr'><strong>crat</strong></span> <span class='ocrx_word' id='word_1_683' title='bbox 1181 1433 1237 1451; x_wconf 81' lang='lat' dir='ltr'><strong>cum</strong></span> <span class='ocrx_word' id='word_1_684' title='bbox 1245 1428 1383 1450; x_wconf 79' lang='lat' dir='ltr'><strong>occurreret</strong></span> <span class='ocrx_word' id='word_1_685' title='bbox 1389 1423 1496 1449; x_wconf 78' lang='lat' dir='ltr'><strong>Abraha:</strong></span> <span class='ocrx_word' id='word_1_686' title='bbox 1507 1422 1533 1449; x_wconf 85' lang='grc' dir='ltr'><em>Μ</em></span> <span class='ocrx_word' id='word_1_687' title='bbox 1535 1423 1681 1449; x_wconf 77' lang='lat' dir='ltr'><strong>elc/tisedec.</strong></span> <span class='ocrx_word' id='word_1_688' title='bbox 1687 1422 1757 1452; x_wconf 80' lang='lat' dir='ltr'><strong>Nam</strong></span> <span class='ocrx_word' id='word_1_689' title='bbox 1770 1422 1832 1450; x_wconf 70' lang='grc' dir='ltr'><strong>ἰάθη</strong></span> 
     </span>
    </p>
   </div>
   <div class='ocr_carea' id='block_1_90' title="bbox 1034 1468 1832 1504">
    <p class='ocr_par' dir='ltr' id='par_1_90' title="bbox 1034 1468 1832 1504">
     <span class='ocr_line' id='line_1_90' title="bbox 1034 1468 1832 1504; baseline -0.001 -7"><span class='ocrx_word' id='word_1_690' title='bbox 1034 1471 1084 1497; x_wconf 89' lang='lat' dir='ltr'><strong>hoc</strong></span> <span class='ocrx_word' id='word_1_691' title='bbox 1098 1478 1230 1504; x_wconf 81' lang='lat' dir='ltr'><strong>occupans</strong></span> <span class='ocrx_word' id='word_1_692' title='bbox 1248 1470 1331 1501; x_wconf 67' lang='lat' dir='ltr'><strong>divit,</strong></span> <span class='ocrx_word' id='word_1_693' title='bbox 1350 1468 1384 1496; x_wconf 85' lang='lat' dir='ltr'><strong>Ut</strong></span> <span class='ocrx_word' id='word_1_694' title='bbox 1402 1469 1438 1495; x_wconf 84' lang='lat' dir='ltr'><strong>ita</strong></span> <span class='ocrx_word' id='word_1_695' title='bbox 1460 1469 1558 1503; x_wconf 85' lang='lat' dir='ltr'><strong>loquar.</strong></span> <span class='ocrx_word' id='word_1_696' title='bbox 1575 1468 1629 1496; x_wconf 87' lang='lat' dir='ltr'><strong>Cur</strong></span> <span class='ocrx_word' id='word_1_697' title='bbox 1649 1468 1708 1495; x_wconf 79' lang='lat' dir='ltr'><strong>lucc</strong></span> <span class='ocrx_word' id='word_1_698' title='bbox 1727 1469 1832 1496; x_wconf 83' lang='lat' dir='ltr'><strong>diceret</strong></span> 
     </span>
    </p>
   </div>
   <div class='ocr_carea' id='block_1_91' title="bbox 1035 1513 1831 1549">
    <p class='ocr_par' dir='ltr' id='par_1_91' title="bbox 1035 1513 1831 1549">
     <span class='ocr_line' id='line_1_91' title="bbox 1035 1513 1831 1549; baseline -0.001 -7"><span class='ocrx_word' id='word_1_699' title='bbox 1035 1516 1155 1549; x_wconf 87' lang='lat' dir='ltr'><strong>subjicit:</strong></span> <span class='ocrx_word' id='word_1_700' title='bbox 1171 1516 1199 1542; x_wconf 81' lang='lat' dir='ltr'><strong>Si</strong></span> <span class='ocrx_word' id='word_1_701' title='bbox 1212 1515 1392 1541; x_wconf 83' lang='lat' dir='ltr'><strong>consummatio</strong></span> <span class='ocrx_word' id='word_1_702' title='bbox 1407 1514 1484 1549; x_wconf 77' lang='lat' dir='ltr'><strong>igitur</strong></span> <span class='ocrx_word' id='word_1_703' title='bbox 1505 1519 1558 1540; x_wconf 87' lang='lat' dir='ltr'><strong>erat</strong></span> <span class='ocrx_word' id='word_1_704' title='bbox 1571 1522 1616 1548; x_wconf 80' lang='lat' dir='ltr'><strong>per</strong></span> <span class='ocrx_word' id='word_1_705' title='bbox 1627 1513 1775 1540; x_wconf 79' lang='lat' dir='ltr'><strong>Leviticum</strong></span> <span class='ocrx_word' id='word_1_706' title='bbox 1787 1523 1831 1541; x_wconf 73' lang='lat' dir='ltr'><strong>sa-</strong></span> 
     </span>
    </p>
   </div>
   <div class='ocr_carea' id='block_1_92' title="bbox 1035 1559 1839 1595">
    <p class='ocr_par' dir='ltr' id='par_1_92' title="bbox 1035 1559 1839 1595">
     <span class='ocr_line' id='line_1_92' title="bbox 1035 1559 1839 1595; baseline -0.005 -7"><span class='ocrx_word' id='word_1_707' title='bbox 1035 1562 1172 1589; x_wconf 83' lang='lat' dir='ltr'><strong>cerdotium</strong></span> <span class='ocrx_word' id='word_1_708' title='bbox 1184 1569 1193 1587; x_wconf 93' lang='lat'><em>:</em></span> <span class='ocrx_word' id='word_1_709' title='bbox 1207 1560 1316 1595; x_wconf 63' lang='lat' dir='ltr'><strong>populus</strong></span> <span class='ocrx_word' id='word_1_710' title='bbox 1336 1559 1402 1586; x_wconf 77' lang='lat' dir='ltr'><strong>enim</strong></span> <span class='ocrx_word' id='word_1_711' title='bbox 1415 1559 1461 1586; x_wconf 86' lang='lat' dir='ltr'><strong>sub</strong></span> <span class='ocrx_word' id='word_1_712' title='bbox 1478 1559 1522 1586; x_wconf 79' lang='lat' dir='ltr'><strong>illo</strong></span> <span class='ocrx_word' id='word_1_713' title='bbox 1537 1559 1616 1593; x_wconf 81' lang='lat' dir='ltr'><strong>legem</strong></span> <span class='ocrx_word' id='word_1_714' title='bbox 1635 1559 1753 1593; x_wconf 82' lang='lat' dir='ltr'><strong>accepit;</strong></span> <span class='ocrx_word' id='word_1_715' title='bbox 1769 1559 1839 1593; x_wconf 65' lang='lat' dir='ltr'><strong>quid</strong></span> 
     </span>
    </p>
   </div>
   <div class='ocr_carea' id='block_1_93' title="bbox 1036 1603 1838 1643">
    <p class='ocr_par' dir='ltr' id='par_1_93' title="bbox 1036 1603 1838 1643">
     <span class='ocr_line' id='line_1_93' title="bbox 1036 1603 1838 1643; baseline -0.001 -12"><span class='ocrx_word' id='word_1_716' title='bbox 1036 1614 1099 1640; x_wconf 84' lang='lat' dir='ltr'><strong>opus</strong></span> <span class='ocrx_word' id='word_1_717' title='bbox 1111 1610 1163 1632; x_wconf 89' lang='lat' dir='ltr'><strong>erat</strong></span> <span class='ocrx_word' id='word_1_718' title='bbox 1179 1605 1269 1632; x_wconf 85' lang='lat' dir='ltr'><strong>deinde</strong></span> <span class='ocrx_word' id='word_1_719' title='bbox 1281 1605 1417 1631; x_wconf 83' lang='lat' dir='ltr'><strong>secundum</strong></span> <span class='ocrx_word' id='word_1_720' title='bbox 1427 1604 1539 1643; x_wconf 73' lang='lat' dir='ltr'><strong>ordinem</strong></span> <span class='ocrx_word' id='word_1_721' title='bbox 1554 1603 1722 1635; x_wconf 66' lang='lat' dir='ltr'><strong>Melchisedcc</strong></span> <span class='ocrx_word' id='word_1_722' title='bbox 1734 1604 1838 1643; x_wconf 38' lang='lat' dir='ltr'><strong>exoriri,</strong></span> 
     </span>
    </p>
   </div>
   <div class='ocr_carea' id='block_1_94' title="bbox 1036 1640 1832 1685">
    <p class='ocr_par' dir='ltr' id='par_1_94' title="bbox 1036 1640 1832 1685">
     <span class='ocr_line' id='line_1_94' title="bbox 1036 1640 1832 1685; baseline -0.003 -8"><span class='ocrx_word' id='word_1_723' title='bbox 1036 1652 1114 1678; x_wconf 87' lang='lat' dir='ltr'><strong>alium</strong></span> <span class='ocrx_word' id='word_1_724' title='bbox 1129 1651 1285 1678; x_wconf 72' lang='lat' dir='ltr'><strong>sacerdotem</strong></span> <span class='ocrx_word' id='word_1_725' title='bbox 1301 1651 1343 1685; x_wconf 81' lang='lat' dir='ltr'><strong>qui</strong></span> <span class='ocrx_word' id='word_1_726' title='bbox 1356 1658 1405 1676; x_wconf 85' lang='lat' dir='ltr'><strong>non</strong></span> <span class='ocrx_word' id='word_1_727' title='bbox 1420 1640 1519 1676; x_wconf 80' lang='lat' dir='ltr'><strong>dicatur</strong></span> <span class='ocrx_word' id='word_1_728' title='bbox 1529 1650 1604 1684; x_wconf 69' lang='lat' dir='ltr'><strong>juxta</strong></span> <span class='ocrx_word' id='word_1_729' title='bbox 1614 1643 1729 1675; x_wconf 71' lang='lat' dir='ltr'><strong>ordinent</strong></span> <span class='ocrx_word' id='word_1_730' title='bbox 1739 1648 1832 1676; x_wconf 74' lang='lat' dir='ltr'><strong>Aaron</strong></span> 
     </span>
    </p>
   </div>
   <div class='ocr_carea' id='block_1_95' title="bbox 1036 1694 1834 1735">
    <p class='ocr_par' dir='ltr' id='par_1_95' title="bbox 1036 1694 1834 1735">
     <span class='ocr_line' id='line_1_95' title="bbox 1036 1694 1834 1735; baseline -0.004 -12"><span class='ocrx_word' id='word_1_731' title='bbox 1036 1697 1124 1735; x_wconf 79' lang='lat' dir='ltr'><strong>(Ibid.</strong></span> <span class='ocrx_word' id='word_1_732' title='bbox 1139 1705 1162 1725; x_wconf 77' lang='grc' dir='ltr'><strong>υ.</strong></span> <span class='ocrx_word' id='word_1_733' title='bbox 1181 1698 1210 1724; x_wconf 82' lang='grc' dir='ltr'>Η</span> <span class='ocrx_word' id='word_1_734' title='bbox 1224 1697 1255 1731; x_wconf 66' lang='lat'><strong>)2</strong></span> <span class='ocrx_word' id='word_1_735' title='bbox 1266 1696 1333 1728; x_wconf 84' lang='lat' dir='ltr'><strong>Quid</strong></span> <span class='ocrx_word' id='word_1_736' title='bbox 1353 1701 1441 1723; x_wconf 88' lang='lat' dir='ltr'><strong>autem</strong></span> <span class='ocrx_word' id='word_1_737' title='bbox 1463 1699 1504 1723; x_wconf 85' lang='lat' dir='ltr'><strong>est</strong></span> <span class='ocrx_word' id='word_1_738' title='bbox 1527 1694 1596 1735; x_wconf 84' lang='lat' dir='ltr'><strong>quod</strong></span> <span class='ocrx_word' id='word_1_739' title='bbox 1609 1694 1692 1721; x_wconf 78' lang='lat' dir='ltr'><strong>dicit?</strong></span> <span class='ocrx_word' id='word_1_740' title='bbox 1710 1694 1738 1721; x_wconf 87' lang='lat' dir='ltr'><strong>Si</strong></span> <span class='ocrx_word' id='word_1_741' title='bbox 1767 1701 1834 1727; x_wconf 67' lang='grc' dir='ltr'><strong>κε,</strong></span> 
     </span>
    </p>
   </div>
   <div class='ocr_carea' id='block_1_96' title="bbox 1036 1733 1834 1777">
    <p class='ocr_par' dir='ltr' id='par_1_96' title="bbox 1036 1733 1834 1777">
     <span class='ocr_line' id='line_1_96' title="bbox 1036 1733 1834 1777; baseline -0.004 -9"><span class='ocrx_word' id='word_1_742' title='bbox 1036 1733 1129 1777; x_wconf 86' lang='lat' dir='ltr'><strong>inquit,</strong></span> <span class='ocrx_word' id='word_1_743' title='bbox 1145 1747 1221 1769; x_wconf 89' lang='lat' dir='ltr'><strong>erant</strong></span> <span class='ocrx_word' id='word_1_744' title='bbox 1234 1742 1369 1776; x_wconf 63' lang='lat' dir='ltr'><strong>perfectae,</strong></span> <span class='ocrx_word' id='word_1_745' title='bbox 1387 1748 1445 1775; x_wconf 68' lang='lat' dir='ltr'><strong>qua:</strong></span> <span class='ocrx_word' id='word_1_746' title='bbox 1458 1733 1617 1775; x_wconf 78' lang='lat' dir='ltr'><strong>gerebantur</strong></span> <span class='ocrx_word' id='word_1_747' title='bbox 1627 1739 1695 1774; x_wconf 63' lang='lat' dir='ltr'><strong>apud</strong></span> <span class='ocrx_word' id='word_1_748' title='bbox 1709 1739 1834 1773; x_wconf 69' lang='lat' dir='ltr'><strong>Judaaos,</strong></span> 
     </span>
    </p>
   </div>
   <div class='ocr_carea' id='block_1_97' title="bbox 1036 1785 1837 1822">
    <p class='ocr_par' dir='ltr' id='par_1_97' title="bbox 1036 1785 1837 1822">
     <span class='ocr_line' id='line_1_97' title="bbox 1036 1785 1837 1822; baseline -0.002 -8"><span class='ocrx_word' id='word_1_749' title='bbox 1036 1795 1121 1822; x_wconf 88' lang='lat' dir='ltr'><strong>neque</strong></span> <span class='ocrx_word' id='word_1_750' title='bbox 1141 1787 1181 1813; x_wconf 88' lang='lat' dir='ltr'><strong>lex</strong></span> <span class='ocrx_word' id='word_1_751' title='bbox 1196 1791 1252 1814; x_wconf 89' lang='lat' dir='ltr'><strong>erat</strong></span> <span class='ocrx_word' id='word_1_752' title='bbox 1267 1787 1358 1813; x_wconf 88' lang='lat' dir='ltr'><strong>ttmbra</strong></span> <span class='ocrx_word' id='word_1_753' title='bbox 1381 1786 1527 1814; x_wconf 80' lang='lat' dir='ltr'><strong>l&#39;tttttrorttm</strong></span> <span class='ocrx_word' id='word_1_754' title='bbox 1547 1785 1674 1811; x_wconf 85' lang='lat' dir='ltr'><strong>bonorum</strong></span> <span class='ocrx_word' id='word_1_755' title='bbox 1686 1805 1695 1815; x_wconf 85' lang='lat'><strong>,</strong></span> <span class='ocrx_word' id='word_1_756' title='bbox 1711 1786 1760 1812; x_wconf 63' lang='lat' dir='ltr'><strong>sed</strong></span> <span class='ocrx_word' id='word_1_757' title='bbox 1775 1786 1837 1822; x_wconf 76' lang='lat' dir='ltr'><strong>ipsa</strong></span> 
     </span>
    </p>
   </div>
   <div class='ocr_carea' id='block_1_98' title="bbox 1037 1830 1836 1863">
    <p class='ocr_par' dir='ltr' id='par_1_98' title="bbox 1037 1830 1836 1863">
     <span class='ocr_line' id='line_1_98' title="bbox 1037 1830 1836 1863; baseline -0.004 -4"><span class='ocrx_word' id='word_1_758' title='bbox 1037 1838 1119 1859; x_wconf 86' lang='lat' dir='ltr'><strong>totum</strong></span> <span class='ocrx_word' id='word_1_759' title='bbox 1133 1832 1279 1863; x_wconf 86' lang='lat' dir='ltr'><strong>el&#39;liciebat,</strong></span> <span class='ocrx_word' id='word_1_760' title='bbox 1294 1839 1343 1859; x_wconf 90' lang='lat' dir='ltr'><strong>nec</strong></span> <span class='ocrx_word' id='word_1_761' title='bbox 1357 1831 1471 1858; x_wconf 78' lang='lat' dir='ltr'><strong>futurum</strong></span> <span class='ocrx_word' id='word_1_762' title='bbox 1488 1834 1559 1862; x_wconf 86' lang='lat' dir='ltr'><strong>erat,</strong></span> <span class='ocrx_word' id='word_1_763' title='bbox 1572 1834 1602 1856; x_wconf 91' lang='lat' dir='ltr'><strong>ttt</strong></span> <span class='ocrx_word' id='word_1_764' title='bbox 1612 1830 1735 1862; x_wconf 88' lang='lat' dir='ltr'><strong>cuiquam</strong></span> <span class='ocrx_word' id='word_1_765' title='bbox 1752 1830 1836 1857; x_wconf 81' lang='lat' dir='ltr'><strong>alteri</strong></span> 
     </span>
    </p>
   </div>
   <div class='ocr_carea' id='block_1_99' title="bbox 1038 1875 1835 1912">
    <p class='ocr_par' dir='ltr' id='par_1_99' title="bbox 1038 1875 1835 1912">
     <span class='ocr_line' id='line_1_99' title="bbox 1038 1875 1835 1912; baseline -0.005 -7"><span class='ocrx_word' id='word_1_766' title='bbox 1038 1879 1165 1910; x_wconf 86' lang='lat' dir='ltr'><strong>cederet,</strong></span> <span class='ocrx_word' id='word_1_767' title='bbox 1181 1886 1266 1912; x_wconf 87' lang='lat' dir='ltr'><strong>neqtte</strong></span> <span class='ocrx_word' id='word_1_768' title='bbox 1282 1882 1310 1903; x_wconf 88' lang='lat' dir='ltr'><strong>ut</strong></span> <span class='ocrx_word' id='word_1_769' title='bbox 1325 1877 1502 1904; x_wconf 86' lang='lat' dir='ltr'><strong>sacerdotium</strong></span> <span class='ocrx_word' id='word_1_770' title='bbox 1516 1877 1587 1910; x_wconf 87' lang='lat' dir='ltr'><strong>prius</strong></span> <span class='ocrx_word' id='word_1_771' title='bbox 1601 1879 1719 1902; x_wconf 55' lang='lat' dir='ltr'><strong>cessaret</strong></span> <span class='ocrx_word' id='word_1_772' title='bbox 1730 1895 1738 1909; x_wconf 86' lang='lat'><strong>,</strong></span> <span class='ocrx_word' id='word_1_773' title='bbox 1761 1875 1835 1902; x_wconf 82' lang='lat' dir='ltr'><strong>altc-</strong></span> 
     </span>
    </p>
   </div>
   <div class='ocr_carea' id='block_1_100' title="bbox 1038 1920 1835 1959">
    <p class='ocr_par' dir='ltr' id='par_1_100' title="bbox 1038 1920 1835 1959">
     <span class='ocr_line' id='line_1_100' title="bbox 1038 1920 1835 1959; baseline -0.005 -9"><span class='ocrx_word' id='word_1_774' title='bbox 1038 1931 1148 1959; x_wconf 87' lang='lat' dir='ltr'><strong>rumque</strong></span> <span class='ocrx_word' id='word_1_775' title='bbox 1161 1923 1340 1955; x_wconf 84' lang='lat' dir='ltr'><strong>induceretur,</strong></span> <span class='ocrx_word' id='word_1_776' title='bbox 1354 1930 1402 1950; x_wconf 92' lang='lat' dir='ltr'><strong>cur</strong></span> <span class='ocrx_word' id='word_1_777' title='bbox 1417 1922 1544 1957; x_wconf 85' lang='lat' dir='ltr'><strong>propheta</strong></span> <span class='ocrx_word' id='word_1_778' title='bbox 1558 1921 1639 1948; x_wconf 80' lang='lat' dir='ltr'><strong>dixit:</strong></span> <span class='ocrx_word' id='word_1_779' title='bbox 1655 1920 1695 1947; x_wconf 73' lang='lat' dir='ltr'><strong>Tu</strong></span> <span class='ocrx_word' id='word_1_780' title='bbox 1709 1929 1735 1947; x_wconf 72' lang='lat' dir='ltr'><strong>es</strong></span> <span class='ocrx_word' id='word_1_781' title='bbox 1750 1929 1835 1947; x_wconf 66' lang='grc' dir='ltr'><strong>σαι-σ-</strong></span> 
     </span>
    </p>
   </div>
   <div class='ocr_carea' id='block_1_101' title="bbox 1037 1965 1835 2003">
    <p class='ocr_par' dir='ltr' id='par_1_101' title="bbox 1037 1965 1835 2003">
     <span class='ocr_line' id='line_1_101' title="bbox 1037 1965 1835 2003; baseline -0.001 -8"><span class='ocrx_word' id='word_1_782' title='bbox 1037 1969 1083 1995; x_wconf 78' lang='lat' dir='ltr'><strong>dus</strong></span> <span class='ocrx_word' id='word_1_783' title='bbox 1096 1969 1122 1995; x_wconf 87' lang='lat' dir='ltr'><strong>in</strong></span> <span class='ocrx_word' id='word_1_784' title='bbox 1136 1973 1254 1994; x_wconf 73' lang='lat' dir='ltr'><strong>wternnm</strong></span> <span class='ocrx_word' id='word_1_785' title='bbox 1272 1968 1406 1994; x_wconf 72' lang='lat' dir='ltr'><strong>secundant</strong></span> <span class='ocrx_word' id='word_1_786' title='bbox 1420 1967 1532 1994; x_wconf 84' lang='lat' dir='ltr'><strong>ordinem</strong></span> <span class='ocrx_word' id='word_1_787' title='bbox 1550 1965 1737 2003; x_wconf 69' lang='lat' dir='ltr'><strong>Melchisedec(</strong></span> <span class='ocrx_word' id='word_1_788' title='bbox 1753 1965 1835 1994; x_wconf 75' lang='lat' dir='ltr'><strong>Psal.</strong></span> 
     </span>
    </p>
   </div>
   <div class='ocr_carea' id='block_1_102' title="bbox 1038 2011 1835 2050">
    <p class='ocr_par' dir='ltr' id='par_1_102' title="bbox 1038 2011 1835 2050">
     <span class='ocr_line' id='line_1_102' title="bbox 1038 2011 1835 2050; baseline -0.005 -8"><span class='ocrx_word' id='word_1_789' title='bbox 1038 2015 1099 2042; x_wconf 80' lang='lat'><strong>109.</strong></span> <span class='ocrx_word' id='word_1_790' title='bbox 1115 2015 1132 2041; x_wconf 72' lang='grc'><strong>4</strong></span> <span class='ocrx_word' id='word_1_791' title='bbox 1142 2014 1173 2050; x_wconf 88' lang='lat'><strong>)?</strong></span> <span class='ocrx_word' id='word_1_792' title='bbox 1187 2014 1329 2041; x_wconf 91' lang='lat' dir='ltr'><strong>Dicendum</strong></span> <span class='ocrx_word' id='word_1_793' title='bbox 1352 2013 1422 2040; x_wconf 91' lang='lat' dir='ltr'><strong>enim</strong></span> <span class='ocrx_word' id='word_1_794' title='bbox 1447 2017 1523 2046; x_wconf 89' lang='lat' dir='ltr'><strong>erat,</strong></span> <span class='ocrx_word' id='word_1_795' title='bbox 1547 2012 1690 2040; x_wconf 86' lang='lat' dir='ltr'><strong>secundum</strong></span> <span class='ocrx_word' id='word_1_796' title='bbox 1705 2011 1835 2039; x_wconf 78' lang='lat' dir='ltr'><strong>ordinem</strong></span> 
     </span>
    </p>
   </div>
   <div class='ocr_carea' id='block_1_103' title="bbox 1038 2058 1835 2097">
    <p class='ocr_par' dir='ltr' id='par_1_103' title="bbox 1038 2058 1835 2097">
     <span class='ocr_line' id='line_1_103' title="bbox 1038 2058 1835 2097; baseline -0.003 -10"><span class='ocrx_word' id='word_1_797' title='bbox 1038 2062 1136 2087; x_wconf 87' lang='lat' dir='ltr'><strong>Aaron.</strong></span> <span class='ocrx_word' id='word_1_798' title='bbox 1157 2060 1257 2097; x_wconf 81' lang='lat' dir='ltr'><strong>Idcirco</strong></span> <span class='ocrx_word' id='word_1_799' title='bbox 1275 2060 1334 2087; x_wconf 88' lang='lat' dir='ltr'><strong>ait:</strong></span> <span class='ocrx_word' id='word_1_800' title='bbox 1354 2060 1376 2086; x_wconf 89' lang='lat' dir='ltr'><strong>si</strong></span> <span class='ocrx_word' id='word_1_801' title='bbox 1399 2059 1592 2094; x_wconf 81' lang='lat' dir='ltr'><strong>consummatio</strong></span> <span class='ocrx_word' id='word_1_802' title='bbox 1611 2066 1660 2094; x_wconf 87' lang='lat' dir='ltr'><strong>per</strong></span> <span class='ocrx_word' id='word_1_803' title='bbox 1678 2058 1835 2086; x_wconf 82' lang='lat' dir='ltr'><strong>Leviticum</strong></span> 
     </span>
    </p>
   </div>
   <div class='ocr_carea' id='block_1_104' title="bbox 1038 2096 1835 2140">
    <p class='ocr_par' dir='ltr' id='par_1_104' title="bbox 1038 2096 1835 2140">
     <span class='ocr_line' id='line_1_104' title="bbox 1038 2096 1835 2140; baseline -0.003 -7"><span class='ocrx_word' id='word_1_804' title='bbox 1038 2107 1215 2133; x_wconf 85' lang='lat' dir='ltr'><strong>sacerdotium</strong></span> <span class='ocrx_word' id='word_1_805' title='bbox 1231 2110 1287 2133; x_wconf 79' lang='lat' dir='ltr'><strong>erat</strong></span> <span class='ocrx_word' id='word_1_806' title='bbox 1300 2126 1306 2137; x_wconf 87' lang='lat'><strong>,</strong></span> <span class='ocrx_word' id='word_1_807' title='bbox 1321 2105 1384 2140; x_wconf 90' lang='lat' dir='ltr'><strong>quid</strong></span> <span class='ocrx_word' id='word_1_808' title='bbox 1399 2105 1496 2132; x_wconf 87' lang='lat' dir='ltr'><strong>deinde</strong></span> <span class='ocrx_word' id='word_1_809' title='bbox 1523 2112 1589 2140; x_wconf 88' lang='lat' dir='ltr'><strong>opus</strong></span> <span class='ocrx_word' id='word_1_810' title='bbox 1603 2096 1660 2132; x_wconf 73' lang='lat' dir='ltr'><strong>erat</strong></span> <span class='ocrx_word' id='word_1_811' title='bbox 1679 2104 1835 2132; x_wconf 70' lang='lat' dir='ltr'><strong>secundum</strong></span> 
     </span>
    </p>
   </div>
   <div class='ocr_carea' id='block_1_105' title="bbox 1038 2150 1835 2193">
    <p class='ocr_par' dir='ltr' id='par_1_105' title="bbox 1038 2150 1835 2193">
     <span class='ocr_line' id='line_1_105' title="bbox 1038 2150 1835 2193; baseline 0 -15"><span class='ocrx_word' id='word_1_812' title='bbox 1038 2153 1158 2193; x_wconf 75' lang='lat' dir='ltr'><strong>ordinem</strong></span> <span class='ocrx_word' id='word_1_813' title='bbox 1177 2151 1354 2191; x_wconf 81' lang='lat' dir='ltr'><strong>Melchisedec</strong></span> <span class='ocrx_word' id='word_1_814' title='bbox 1373 2152 1469 2179; x_wconf 85' lang='lat' dir='ltr'><strong>exoriri</strong></span> <span class='ocrx_word' id='word_1_815' title='bbox 1485 2151 1649 2179; x_wconf 81' lang='lat' dir='ltr'><strong>sacerdotem</strong></span> <span class='ocrx_word' id='word_1_816' title='bbox 1664 2150 1747 2178; x_wconf 79' lang='lat' dir='ltr'><strong>aliam</strong></span> <span class='ocrx_word' id='word_1_817' title='bbox 1762 2171 1773 2184; x_wconf 90' lang='lat'><strong>,</strong></span> <span class='ocrx_word' id='word_1_818' title='bbox 1787 2151 1835 2186; x_wconf 82' lang='lat' dir='ltr'><strong>qui</strong></span> 
     </span>
    </p>
   </div>
   <div class='ocr_carea' id='block_1_106' title="bbox 1038 2195 1861 2233">
    <p class='ocr_par' dir='ltr' id='par_1_106' title="bbox 1038 2195 1861 2233">
     <span class='ocr_line' id='line_1_106' title="bbox 1038 2195 1861 2233; baseline -0.001 -9"><span class='ocrx_word' id='word_1_819' title='bbox 1038 2205 1090 2224; x_wconf 90' lang='lat' dir='ltr'><strong>non</strong></span> <span class='ocrx_word' id='word_1_820' title='bbox 1114 2197 1247 2233; x_wconf 79' lang='lat' dir='ltr'><strong>diceretur</strong></span> <span class='ocrx_word' id='word_1_821' title='bbox 1270 2196 1414 2225; x_wconf 89' lang='lat' dir='ltr'><strong>secundum</strong></span> <span class='ocrx_word' id='word_1_822' title='bbox 1437 2196 1556 2224; x_wconf 87' lang='lat' dir='ltr'><strong>ordinem</strong></span> <span class='ocrx_word' id='word_1_823' title='bbox 1580 2195 1692 2223; x_wconf 75' lang='lat' dir='ltr'><strong>Aaron?-</strong></span> <span class='ocrx_word' id='word_1_824' title='bbox 1712 2195 1756 2227; x_wconf 70' lang='lat' dir='ltr'><strong>Ex</strong></span> <span class='ocrx_word' id='word_1_825' title='bbox 1782 2196 1835 2224; x_wconf 81' lang='lat' dir='ltr'><strong>hoc</strong></span> <span class='ocrx_word' id='word_1_826' title='bbox 1857 2206 1861 2210; x_wconf 93' lang='grc'>·</span> 
     </span>
    </p>
   </div>
   <div class='ocr_carea' id='block_1_107' title="bbox 1042 2242 1836 2279">
    <p class='ocr_par' dir='ltr' id='par_1_107' title="bbox 1042 2242 1836 2279">
     <span class='ocr_line' id='line_1_107' title="bbox 1042 2242 1836 2279; baseline 0.003 -10"><span class='ocrx_word' id='word_1_827' title='bbox 1042 2243 1112 2270; x_wconf 90' lang='lat' dir='ltr'><strong>enim</strong></span> <span class='ocrx_word' id='word_1_828' title='bbox 1128 2243 1228 2277; x_wconf 87' lang='lat' dir='ltr'><strong>liquet,</strong></span> <span class='ocrx_word' id='word_1_829' title='bbox 1253 2243 1317 2270; x_wconf 91' lang='lat' dir='ltr'><strong>illud</strong></span> <span class='ocrx_word' id='word_1_830' title='bbox 1332 2242 1507 2270; x_wconf 88' lang='lat' dir='ltr'><strong>sacerdotittm</strong></span> <span class='ocrx_word' id='word_1_831' title='bbox 1531 2243 1608 2270; x_wconf 83' lang='lat' dir='ltr'><strong>ﬁnem</strong></span> <span class='ocrx_word' id='word_1_832' title='bbox 1623 2242 1761 2279; x_wconf 61' lang='lat' dir='ltr'><strong>accepisse</strong></span> <span class='ocrx_word' id='word_1_833' title='bbox 1773 2263 1784 2276; x_wconf 83' lang='grc'><strong>,</strong></span> <span class='ocrx_word' id='word_1_834' title='bbox 1808 2248 1836 2271; x_wconf 72' lang='grc' dir='ltr'>ει</span> 
     </span>
    </p>
   </div>
   <div class='ocr_carea' id='block_1_108' title="bbox 1038 2287 1833 2323">
    <p class='ocr_par' dir='ltr' id='par_1_108' title="bbox 1038 2287 1833 2323">
     <span class='ocr_line' id='line_1_108' title="bbox 1038 2287 1833 2323; baseline 0.003 -10"><span class='ocrx_word' id='word_1_835' title='bbox 1038 2288 1109 2315; x_wconf 87' lang='lat' dir='ltr'><strong>aliud</strong></span> <span class='ocrx_word' id='word_1_836' title='bbox 1126 2289 1152 2315; x_wconf 93' lang='lat' dir='ltr'><strong>in</strong></span> <span class='ocrx_word' id='word_1_837' title='bbox 1173 2288 1242 2314; x_wconf 90' lang='lat' dir='ltr'><strong>illius</strong></span> <span class='ocrx_word' id='word_1_838' title='bbox 1256 2288 1343 2315; x_wconf 94' lang='lat' dir='ltr'><strong>locum</strong></span> <span class='ocrx_word' id='word_1_839' title='bbox 1365 2287 1500 2323; x_wconf 90' lang='lat' dir='ltr'><strong>inductum</strong></span> <span class='ocrx_word' id='word_1_840' title='bbox 1513 2295 1573 2315; x_wconf 84' lang='lat' dir='ltr'><strong>esse</strong></span> <span class='ocrx_word' id='word_1_841' title='bbox 1588 2287 1670 2314; x_wconf 89' lang='lat' dir='ltr'><strong>mttlto</strong></span> <span class='ocrx_word' id='word_1_842' title='bbox 1681 2287 1786 2315; x_wconf 85' lang='lat' dir='ltr'><strong>melius</strong></span> <span class='ocrx_word' id='word_1_843' title='bbox 1800 2295 1833 2315; x_wconf 73' lang='lat' dir='ltr'><strong>ac</strong></span> 
     </span>
    </p>
   </div>
   <div class='ocr_carea' id='block_1_109' title="bbox 1039 2333 1836 2370">
    <p class='ocr_par' dir='ltr' id='par_1_109' title="bbox 1039 2333 1836 2370">
     <span class='ocr_line' id='line_1_109' title="bbox 1039 2333 1836 2370; baseline 0.001 -10"><span class='ocrx_word' id='word_1_844' title='bbox 1039 2333 1185 2370; x_wconf 77' lang='lat' dir='ltr'><strong>sublimius.</strong></span> <span class='ocrx_word' id='word_1_845' title='bbox 1199 2333 1254 2360; x_wconf 84' lang='lat' dir='ltr'><strong>lloc</strong></span> <span class='ocrx_word' id='word_1_846' title='bbox 1263 2337 1350 2360; x_wconf 81' lang='lat' dir='ltr'><strong>autem</strong></span> <span class='ocrx_word' id='word_1_847' title='bbox 1363 2334 1457 2366; x_wconf 79' lang='lat' dir='ltr'><strong>evicto,</strong></span> <span class='ocrx_word' id='word_1_848' title='bbox 1469 2333 1547 2360; x_wconf 89' lang='lat' dir='ltr'><strong>simul</strong></span> <span class='ocrx_word' id='word_1_849' title='bbox 1558 2338 1584 2361; x_wconf 89' lang='lat' dir='ltr'><strong>et</strong></span> <span class='ocrx_word' id='word_1_850' title='bbox 1595 2333 1658 2360; x_wconf 85' lang='lat' dir='ltr'><strong>illud</strong></span> <span class='ocrx_word' id='word_1_851' title='bbox 1668 2333 1695 2360; x_wconf 90' lang='lat' dir='ltr'><strong>in</strong></span> <span class='ocrx_word' id='word_1_852' title='bbox 1704 2333 1836 2363; x_wconf 75' lang='lat' dir='ltr'><strong>confesso</strong></span> 
     </span>
    </p>
   </div>
   <div class='ocr_carea' id='block_1_110' title="bbox 1038 2377 1833 2415">
    <p class='ocr_par' dir='ltr' id='par_1_110' title="bbox 1038 2377 1833 2415">
     <span class='ocr_line' id='line_1_110' title="bbox 1038 2377 1833 2415; baseline 0.004 -11"><span class='ocrx_word' id='word_1_853' title='bbox 1038 2382 1090 2409; x_wconf 82' lang='lat' dir='ltr'><strong>est,</strong></span> <span class='ocrx_word' id='word_1_854' title='bbox 1103 2378 1181 2404; x_wconf 90' lang='lat' dir='ltr'><strong>alium</strong></span> <span class='ocrx_word' id='word_1_855' title='bbox 1196 2378 1275 2415; x_wconf 65' lang='lat' dir='ltr'><strong>ctiam</strong></span> <span class='ocrx_word' id='word_1_856' title='bbox 1290 2377 1349 2404; x_wconf 74' lang='lat' dir='ltr'><strong>vita-</strong></span> <span class='ocrx_word' id='word_1_857' title='bbox 1359 2382 1454 2404; x_wconf 84' lang='lat' dir='ltr'><strong>statum</strong></span> <span class='ocrx_word' id='word_1_858' title='bbox 1470 2377 1618 2415; x_wconf 82' lang='lat' dir='ltr'><strong>sacerdotio</strong></span> <span class='ocrx_word' id='word_1_859' title='bbox 1626 2383 1833 2412; x_wconf 72' lang='lat' dir='ltr'><strong>congruentem.</strong></span> 
     </span>
    </p>
   </div>
   <div class='ocr_carea' id='block_1_111' title="bbox 1039 2413 1834 2457">
    <p class='ocr_par' dir='ltr' id='par_1_111' title="bbox 1039 2413 1834 2457">
     <span class='ocr_line' id='line_1_111' title="bbox 1039 2413 1834 2457; baseline 0.006 -9"><span class='ocrx_word' id='word_1_860' title='bbox 1039 2422 1116 2448; x_wconf 87' lang='lat' dir='ltr'><strong>simul</strong></span> <span class='ocrx_word' id='word_1_861' title='bbox 1140 2413 1316 2449; x_wconf 88' lang='lat' dir='ltr'><strong>inducendum</strong></span> <span class='ocrx_word' id='word_1_862' title='bbox 1337 2422 1417 2449; x_wconf 78' lang='lat' dir='ltr'><strong>fuisse</strong></span> <span class='ocrx_word' id='word_1_863' title='bbox 1429 2443 1436 2453; x_wconf 86' lang='lat'><strong>,</strong></span> <span class='ocrx_word' id='word_1_864' title='bbox 1452 2430 1555 2449; x_wconf 88' lang='lat' dir='ltr'><strong>necnon</strong></span> <span class='ocrx_word' id='word_1_865' title='bbox 1571 2413 1653 2457; x_wconf 68' lang='lat' dir='ltr'><strong>legem</strong></span> <span class='ocrx_word' id='word_1_866' title='bbox 1667 2423 1812 2453; x_wconf 79' lang='lat' dir='ltr'><strong>meliorem</strong></span> <span class='ocrx_word' id='word_1_867' title='bbox 1825 2445 1834 2457; x_wconf 84' lang='lat'>.</span> 
     </span>
    </p>
   </div>
   <div class='ocr_carea' id='block_1_112' title="bbox 1039 2467 1855 2501">
    <p class='ocr_par' dir='ltr' id='par_1_112' title="bbox 1039 2467 1855 2501">
     <span class='ocr_line' id='line_1_112' title="bbox 1039 2467 1855 2501; baseline 0.002 -8"><span class='ocrx_word' id='word_1_868' title='bbox 1039 2467 1162 2501; x_wconf 76' lang='lat' dir='ltr'><strong>nimirum</strong></span> <span class='ocrx_word' id='word_1_869' title='bbox 1187 2472 1315 2494; x_wconf 87' lang='lat' dir='ltr'><strong>nostram.</strong></span> <span class='ocrx_word' id='word_1_870' title='bbox 1338 2467 1413 2500; x_wconf 84' lang='lat' dir='ltr'><strong>Quod</strong></span> <span class='ocrx_word' id='word_1_871' title='bbox 1436 2474 1501 2494; x_wconf 87' lang='lat' dir='ltr'><strong>sane</strong></span> <span class='ocrx_word' id='word_1_872' title='bbox 1514 2467 1701 2495; x_wconf 84' lang='lat' dir='ltr'><strong>demonstrans</strong></span> <span class='ocrx_word' id='word_1_873' title='bbox 1730 2468 1835 2499; x_wconf 75' lang='lat' dir='ltr'><strong>Paulos</strong></span> <span class='ocrx_word' id='word_1_874' title='bbox 1849 2478 1855 2483; x_wconf 59' lang='grc' dir='ltr'><strong>θ</strong></span> 
     </span>
    </p>
   </div>
   <div class='ocr_carea' id='block_1_113' title="bbox 1039 2509 1860 2547">
    <p class='ocr_par' dir='ltr' id='par_1_113' title="bbox 1039 2509 1860 2547">
     <span class='ocr_line' id='line_1_113' title="bbox 1039 2509 1860 2547; baseline 0.001 -8"><span class='ocrx_word' id='word_1_875' title='bbox 1039 2512 1160 2539; x_wconf 84' lang='lat' dir='ltr'><strong>dicebat:</strong></span> <span class='ocrx_word' id='word_1_876' title='bbox 1175 2511 1310 2538; x_wconf 84' lang='lat' dir='ltr'><strong>Translata</strong></span> <span class='ocrx_word' id='word_1_877' title='bbox 1332 2513 1397 2538; x_wconf 84' lang='lat' dir='ltr'><strong>enim</strong></span> <span class='ocrx_word' id='word_1_878' title='bbox 1411 2512 1552 2539; x_wconf 81' lang='lat' dir='ltr'><strong>sacerdotio</strong></span> <span class='ocrx_word' id='word_1_879' title='bbox 1565 2533 1574 2545; x_wconf 91' lang='lat'><strong>,</strong></span> <span class='ocrx_word' id='word_1_880' title='bbox 1595 2513 1735 2540; x_wconf 72' lang='lat' dir='ltr'><strong>necessario</strong></span> <span class='ocrx_word' id='word_1_881' title='bbox 1755 2514 1788 2547; x_wconf 69' lang='lat' dir='ltr'><strong>ﬁt</strong></span> <span class='ocrx_word' id='word_1_882' title='bbox 1809 2519 1835 2540; x_wconf 71' lang='grc' dir='ltr'><strong>τι</strong></span> <span class='ocrx_word' id='word_1_883' title='bbox 1852 2509 1860 2535; x_wconf 70' lang='lat'><strong>&#39;-</strong></span> 
     </span>
    </p>
   </div>
   <div class='ocr_carea' id='block_1_114' title="bbox 1040 2557 1834 2592">
    <p class='ocr_par' dir='ltr' id='par_1_114' title="bbox 1040 2557 1834 2592">
     <span class='ocr_line' id='line_1_114' title="bbox 1040 2557 1834 2592; baseline 0.004 -9"><span class='ocrx_word' id='word_1_884' title='bbox 1040 2557 1100 2592; x_wconf 84' lang='lat' dir='ltr'><strong>legis</strong></span> <span class='ocrx_word' id='word_1_885' title='bbox 1113 2557 1244 2583; x_wconf 83' lang='lat' dir='ltr'><strong>translatio</strong></span> <span class='ocrx_word' id='word_1_886' title='bbox 1254 2577 1262 2588; x_wconf 90' lang='lat'><strong>,</strong></span> <span class='ocrx_word' id='word_1_887' title='bbox 1284 2562 1307 2584; x_wconf 84' lang='lat' dir='ltr'><strong>et</strong></span> <span class='ocrx_word' id='word_1_888' title='bbox 1321 2558 1409 2588; x_wconf 77' lang='lat' dir='ltr'><strong>horam</strong></span> <span class='ocrx_word' id='word_1_889' title='bbox 1430 2557 1544 2584; x_wconf 84' lang='lat' dir='ltr'><strong>conditor</strong></span> <span class='ocrx_word' id='word_1_890' title='bbox 1556 2562 1592 2584; x_wconf 77' lang='lat' dir='ltr'><strong>est</strong></span> <span class='ocrx_word' id='word_1_891' title='bbox 1603 2565 1670 2584; x_wconf 68' lang='lat' dir='ltr'><strong>unus</strong></span> <span class='ocrx_word' id='word_1_892' title='bbox 1689 2558 1700 2592; x_wconf 96' lang='lat'><strong>(</strong></span> <span class='ocrx_word' id='word_1_893' title='bbox 1708 2557 1790 2585; x_wconf 70' lang='grc' dir='ltr'><strong>Ηώτ.</strong></span> <span class='ocrx_word' id='word_1_894' title='bbox 1804 2559 1834 2586; x_wconf 86' lang='grc'><strong>7.</strong></span> 
     </span>
    </p>
   </div>
   <div class='ocr_carea' id='block_1_115' title="bbox 1040 2602 1858 2639">
    <p class='ocr_par' dir='ltr' id='par_1_115' title="bbox 1040 2602 1858 2639">
     <span class='ocr_line' id='line_1_115' title="bbox 1040 2602 1858 2639; baseline 0.004 -10"><span class='ocrx_word' id='word_1_895' title='bbox 1040 2603 1073 2629; x_wconf 72' lang='grc'><strong>19.</strong></span> <span class='ocrx_word' id='word_1_896' title='bbox 1084 2603 1105 2637; x_wconf 92' lang='grc'>).</span> <span class='ocrx_word' id='word_1_897' title='bbox 1121 2602 1187 2636; x_wconf 83' lang='lat' dir='ltr'><strong>Quia</strong></span> <span class='ocrx_word' id='word_1_898' title='bbox 1200 2602 1270 2629; x_wconf 89' lang='lat' dir='ltr'><strong>enim</strong></span> <span class='ocrx_word' id='word_1_899' title='bbox 1286 2603 1413 2637; x_wconf 82' lang='lat' dir='ltr'><strong>pleraque</strong></span> <span class='ocrx_word' id='word_1_900' title='bbox 1427 2603 1519 2637; x_wconf 74' lang='lat' dir='ltr'><strong>legalia</strong></span> <span class='ocrx_word' id='word_1_901' title='bbox 1532 2602 1603 2630; x_wconf 87' lang='lat' dir='ltr'><strong>circa</strong></span> <span class='ocrx_word' id='word_1_902' title='bbox 1620 2603 1766 2630; x_wconf 82' lang='lat' dir='ltr'><strong>sacerdotii</strong></span> <span class='ocrx_word' id='word_1_903' title='bbox 1779 2605 1832 2632; x_wconf 78' lang='lat' dir='ltr'><strong>mi-</strong></span> <span class='ocrx_word' id='word_1_904' title='bbox 1854 2632 1858 2639; x_wconf 77' lang='grc'><em>,</em></span> 
     </span>
    </p>
   </div>
   <div class='ocr_carea' id='block_1_116' title="bbox 1038 2648 1824 2690">
    <p class='ocr_par' dir='ltr' id='par_1_116' title="bbox 1038 2648 1824 2690">
     <span class='ocr_line' id='line_1_116' title="bbox 1038 2648 1824 2690; baseline 0.003 -16"><span class='ocrx_word' id='word_1_905' title='bbox 1038 2648 1144 2674; x_wconf 86' lang='lat' dir='ltr'><strong>nisteria</strong></span> <span class='ocrx_word' id='word_1_906' title='bbox 1158 2648 1349 2681; x_wconf 84' lang='lat' dir='ltr'><strong>consistebant,</strong></span> <span class='ocrx_word' id='word_1_907' title='bbox 1374 2649 1447 2682; x_wconf 86' lang='lat' dir='ltr'><strong>prius</strong></span> <span class='ocrx_word' id='word_1_908' title='bbox 1460 2653 1548 2675; x_wconf 79' lang='lat' dir='ltr'><strong>autent</strong></span> <span class='ocrx_word' id='word_1_909' title='bbox 1561 2648 1740 2690; x_wconf 78' lang='lat' dir='ltr'><strong>sacerdotium</strong></span> <span class='ocrx_word' id='word_1_910' title='bbox 1766 2658 1824 2685; x_wconf 80' lang='lat' dir='ltr'><strong>pm-</strong></span> 
     </span>
    </p>
   </div>
   <div class='ocr_carea' id='block_1_117' title="bbox 1039 2693 1831 2728">
    <p class='ocr_par' dir='ltr' id='par_1_117' title="bbox 1039 2693 1831 2728">
     <span class='ocr_line' id='line_1_117' title="bbox 1039 2693 1831 2728; baseline 0.003 -10"><span class='ocrx_word' id='word_1_911' title='bbox 1039 2693 1154 2726; x_wconf 71' lang='lat' dir='ltr'><strong>tligatttm</strong></span> <span class='ocrx_word' id='word_1_912' title='bbox 1169 2698 1209 2719; x_wconf 81' lang='lat' dir='ltr'><strong>est</strong></span> <span class='ocrx_word' id='word_1_913' title='bbox 1222 2714 1229 2725; x_wconf 92' lang='lat'><strong>,</strong></span> <span class='ocrx_word' id='word_1_914' title='bbox 1255 2694 1380 2720; x_wconf 91' lang='lat' dir='ltr'><strong>nimirum</strong></span> <span class='ocrx_word' id='word_1_915' title='bbox 1400 2693 1452 2719; x_wconf 88' lang='lat' dir='ltr'><strong>alio</strong></span> <span class='ocrx_word' id='word_1_916' title='bbox 1466 2694 1491 2719; x_wconf 95' lang='lat' dir='ltr'><strong>in</strong></span> <span class='ocrx_word' id='word_1_917' title='bbox 1514 2693 1583 2720; x_wconf 87' lang='lat' dir='ltr'><strong>illius</strong></span> <span class='ocrx_word' id='word_1_918' title='bbox 1596 2694 1682 2728; x_wconf 78' lang='lat' dir='ltr'><strong>vicem</strong></span> <span class='ocrx_word' id='word_1_919' title='bbox 1706 2694 1831 2727; x_wconf 72' lang='lat' dir='ltr'><strong>inducta,</strong></span> 
     </span>
    </p>
   </div>
   <div class='ocr_carea' id='block_1_118' title="bbox 1039 2739 1831 2772">
    <p class='ocr_par' dir='ltr' id='par_1_118' title="bbox 1039 2739 1831 2772">
     <span class='ocr_line' id='line_1_118' title="bbox 1039 2739 1831 2772; baseline 0.006 -8"><span class='ocrx_word' id='word_1_920' title='bbox 1039 2739 1230 2772; x_wconf 74' lang='lat' dir='ltr'><strong>legislationem</strong></span> <span class='ocrx_word' id='word_1_921' title='bbox 1245 2739 1323 2766; x_wconf 88' lang='lat' dir='ltr'><strong>etiam</strong></span> <span class='ocrx_word' id='word_1_922' title='bbox 1347 2740 1482 2766; x_wconf 88' lang='lat' dir='ltr'><strong>meliorem</strong></span> <span class='ocrx_word' id='word_1_923' title='bbox 1506 2739 1533 2766; x_wconf 89' lang='lat' dir='ltr'><strong>in</strong></span> <span class='ocrx_word' id='word_1_924' title='bbox 1548 2740 1617 2767; x_wconf 85' lang='lat' dir='ltr'><strong>illius</strong></span> <span class='ocrx_word' id='word_1_925' title='bbox 1629 2740 1718 2768; x_wconf 84' lang='lat' dir='ltr'><strong>locum</strong></span> <span class='ocrx_word' id='word_1_926' title='bbox 1738 2741 1831 2770; x_wconf 79' lang='lat' dir='ltr'><strong>induci</strong></span> 
     </span>
    </p>
   </div>
   <div class='ocr_carea' id='block_1_119' title="bbox 1038 2785 1831 2820">
    <p class='ocr_par' dir='ltr' id='par_1_119' title="bbox 1038 2785 1831 2820">
     <span class='ocr_line' id='line_1_119' title="bbox 1038 2785 1831 2820; baseline 0.008 -11"><span class='ocrx_word' id='word_1_927' title='bbox 1038 2785 1165 2818; x_wconf 87' lang='lat' dir='ltr'><strong>oportuit.</strong></span> <span class='ocrx_word' id='word_1_928' title='bbox 1180 2785 1302 2812; x_wconf 73' lang='lat' dir='ltr'><strong>Posthmc</strong></span> <span class='ocrx_word' id='word_1_929' title='bbox 1322 2785 1476 2818; x_wconf 80' lang='lat' dir='ltr'><strong>declarans,</strong></span> <span class='ocrx_word' id='word_1_930' title='bbox 1489 2787 1522 2812; x_wconf 88' lang='lat' dir='ltr'><strong>de</strong></span> <span class='ocrx_word' id='word_1_931' title='bbox 1535 2794 1587 2820; x_wconf 91' lang='lat' dir='ltr'><strong>quo</strong></span> <span class='ocrx_word' id='word_1_932' title='bbox 1601 2786 1659 2814; x_wconf 75' lang='lat' dir='ltr'><strong>btet:</strong></span> <span class='ocrx_word' id='word_1_933' title='bbox 1672 2786 1758 2820; x_wconf 79' lang='lat' dir='ltr'><strong>dicat,</strong></span> <span class='ocrx_word' id='word_1_934' title='bbox 1772 2789 1810 2815; x_wconf 77' lang='lat' dir='ltr'><strong>ait</strong></span> <span class='ocrx_word' id='word_1_935' title='bbox 1822 2798 1831 2815; x_wconf 88' lang='lat'>:</span> 
     </span>
    </p>
   </div>
   <div class='ocr_carea' id='block_1_120' title="bbox 1042 2829 1834 2874">
    <p class='ocr_par' dir='ltr' id='par_1_120' title="bbox 1042 2829 1834 2874">
     <span class='ocr_line' id='line_1_120' title="bbox 1042 2829 1834 2874; baseline 0.006 -19"><span class='ocrx_word' id='word_1_936' title='bbox 1042 2829 1079 2855; x_wconf 74' lang='lat' dir='ltr'><strong>De</strong></span> <span class='ocrx_word' id='word_1_937' title='bbox 1091 2838 1140 2864; x_wconf 79' lang='lat' dir='ltr'><strong>quo</strong></span> <span class='ocrx_word' id='word_1_938' title='bbox 1150 2831 1215 2856; x_wconf 72' lang='lat' dir='ltr'><strong>enim</strong></span> <span class='ocrx_word' id='word_1_939' title='bbox 1229 2830 1345 2857; x_wconf 85' lang='lat' dir='ltr'><strong>dicuntur</strong></span> <span class='ocrx_word' id='word_1_940' title='bbox 1355 2831 1418 2864; x_wconf 72' lang='lat' dir='ltr'><strong>latr,</strong></span> <span class='ocrx_word' id='word_1_941' title='bbox 1431 2832 1533 2868; x_wconf 76' lang='lat' dir='ltr'><strong>alterius</strong></span> <span class='ocrx_word' id='word_1_942' title='bbox 1544 2831 1761 2874; x_wconf 32' lang='lat' dir='ltr'><strong>tribuipam‘ccps</strong></span> 
     </span>
    </p>
   </div>
   <div class='ocr_carea' id='block_1_121' title="bbox 1906 454 1909 502">
    <p class='ocr_par' dir='ltr' id='par_1_121' title="bbox 1906 454 1909 502">
     <span class='ocr_line' id='line_1_121' title="bbox 1906 454 1909 502; baseline 0 0"><span class='ocrx_word' id='word_1_943' title='bbox 1906 454 1909 502; x_wconf 80' lang='grc'><strong>1</strong></span> 
     </span>
    </p>
   </div>
   <div class='ocr_carea' id='block_1_122' title="bbox 1906 520 1909 632">
    <p class='ocr_par' dir='ltr' id='par_1_122' title="bbox 1906 520 1909 632">
     <span class='ocr_line' id='line_1_122' title="bbox 1906 520 1909 632; baseline 0 0"><span class='ocrx_word' id='word_1_944' title='bbox 1906 520 1909 632; x_wconf 96' lang='lat' dir='ltr'><strong>l</strong></span> 
     </span>
    </p>
   </div>
   <div class='ocr_carea' id='block_1_123' title="bbox 1905 678 1909 787">
    <p class='ocr_par' dir='ltr' id='par_1_123' title="bbox 1905 678 1909 787">
     <span class='ocr_line' id='line_1_123' title="bbox 1905 678 1909 787; baseline 0 0"><span class='ocrx_word' id='word_1_945' title='bbox 1905 678 1909 787; x_wconf 79' lang='lat' dir='ltr'><strong>l</strong></span> 
     </span>
    </p>
   </div>
  </div>
