3862 6228
240 272 345 328 9‘25

216 406 284 447 cz
307 405 406 460 qua
433 388 602 444 nullus
625 389 833 442 vacabat
859 387 1030 440 altari.
1063 385 1395 452 Manifestum
1420 394 1493 438 est
1517 385 1646 438 enim
1671 385 1806 454 quod

218 496 285 532 ex
308 480 448 531 indu
475 488 678 531 exortus
709 488 777 531 est
806 475 1054 530 Dominus
1090 488 1258 530 noster
1281 517 1295 539 ,
1335 476 1388 528 in
1429 491 1580 545 quam
1627 475 1809 552 tribum

218 573 351 624 nihil
369 571 430 625 de
453 571 732 623 sacerdotio
757 569 922 624 Moses
942 569 1176 641 loquutus
1197 579 1266 623 est
1289 567 1473 639 (Hebr.
1500 569 1554 622 'Z.
1578 568 1664 622 l3.
1694 565 1805 640 Η).

217 662 353 716 Cum
386 662 541 732 igitur
567 662 772 714 clarum
797 661 866 714 sil.
890 660 1159 715 Christum
1185 675 1249 715 ex
1279 659 1366 714 illa
1389 674 1508 714 esse
1537 659 1696 723 tribu,
1725 659 1807 712 ni-

221 754 418 809 mirum
474 769 539 806 ex
566 751 734 818 Juda,
767 761 820 806 et
868 751 1197 806 sacerdotem
1245 751 1538 806 secundum
1569 750 1808 804 ordinem

223 843 579 899 Melchisedec
599 884 614 905 ,
648 858 805 911 porro
830 842 1186 898 Melchisedec
1215 857 1334 897 esse
1360 843 1528 896 multo
1576 841 1808 894 honora-

219 934 466 988 biliorcm
516 934 857 988 Abrahamo.
888 934 1134 988 nimirum
1183 944 1236 990 et
1280 933 1411 988 illud
1459 933 1810 1002 undequaque

219 1035 427 1080 constat
454 1025 597 1094 quod
623 1025 780 1079 etiam
806 1025 951 1080 aliud
994 1039 1091 1094 pro
1118 1024 1225 1078 alio
1270 1024 1537 1079 inducitur
1562 1023 1812 1078 sacerdo—

227 1118 356 1169 tium
387 1117 555 1169 multo
583 1131 679 1180 eo,
718 1115 860 1185 quod
889 1117 1035 1185 prius
1062 1115 1254 1180 fuerat,
1283 1115 1581 1170 sublimius.
1603 1114 1735 1168 Nam
1764 1114 1807 1166 si

221 1218 379 1281 typus
415 1207 533 1261 talis
558 1208 716 1262 etiam
738 1207 957 1263 Judaico
983 1207 1281 1262 sacerdotio
1309 1206 1636 1276 splendidior
1659 1214 1776 1260 erat
1793 1247 1808 1272 ,

220 1300 392 1352 multo
421 1299 592 1370 magis
621 1300 734 1369 ipsa
763 1301 958 1354 veritas
982 1341 998 1366 ,
1030 1299 1171 1369 quod
1217 1308 1447 1354 tractans
1473 1298 1610 1353 idem
1638 1297 1808 1353 dixit:

224 1388 461 1454 Amplius
491 1391 658 1444 adhuc
681 1391 1004 1459 manifestum
1023 1400 1092 1444 est
1111 1433 1125 1455 ,
1157 1392 1200 1444 si
1225 1391 1499 1444 secundum
1522 1390 1813 1445 similitudi-

230 1495 347 1531 nem
395 1478 732 1534 Melcltisedec
774 1480 1000 1533 exoritur
1039 1481 1170 1533 alius
1212 1481 1444 1534 sacerdos
1471 1481 1556 1549 qui
1599 1497 1702 1534 non
1748 1479 1813 1532 sit

217 1569 373 1640 juxta
398 1573 556 1640 legent
584 1571 821 1640 prwcepti
857 1569 1077 1624 carnalis
1096 1612 1111 1637 ,
1140 1571 1229 1623 sed
1266 1572 1424 1641 juxta
1448 1571 1677 1624 virtutem
1702 1571 1815 1624 vita:

220 1663 584 1717 indissolubilis
627 1662 798 1735 (Ibid.
832 1679 879 1716 v.
925 1664 1012 1718 15.
1054 1662 1184 1735 16).
1215 1663 1351 1730 Quid
1380 1673 1462 1719 est
1483 1706 1499 1731 ,
1539 1681 1641 1717 non
1662 1665 1815 1734 juxta

222 1753 383 1822 legem
412 1754 649 1823 prcecepti
686 1754 907 1808 carnalis
925 1793 941 1818 ,
969 1754 1058 1807 sed
1076 1755 1228 1824 juata
1255 1756 1482 1808 virtutem
1518 1755 1633 1808 vita:
1654 1755 1816 1807 indis-

231 1845 508 1902 solubilis?
531 1845 681 1912 Quod
713 1846 913 1900 uullum
962 1847 1103 1900 illius
1150 1856 1475 1917 przrceptum
1525 1855 1672 1902 esset
1696 1862 1814 1901 car-

225 1935 365 1990 nale.
395 1935 512 1991 Non
557 1936 699 1990 enim
731 1952 858 1991 oves
902 1944 1138 1992 mactare
1181 1952 1354 2006 neque
1396 1938 1588 1992 vitulos
1611 1938 1811 2008 jussit;

223 2026 319 2080 sed
345 2041 441 2095 per
467 2028 713 2082 virtutem
738 2027 899 2082 animi
927 2029 1093 2081 Deum
1118 2028 1295 2083 colere
1319 2046 1332 2080 :
1362 2040 1415 2084 et
1444 2028 1635 2084 horum
1679 2046 1814 2098 pra:-

225 2117 331 2171 mia
357 2118 516 2172 vitam
547 2118 701 2173 nobis
728 2119 1058 2189 designavit,
1099 2135 1217 2190 qua:
1245 2136 1531 2190 numquam
1574 2137 1814 2177 corrum-

227 2219 402 2279 petur.
431 2213 508 2265 Ac
549 2226 760 2266 rursum
805 2220 1044 2267 mortuos
1080 2227 1180 2268 nos
1209 2214 1309 2268 sub
1339 2216 1567 2283 peccatis
1596 2217 1813 2270 veniens

226 2301 522 2365 suscitavit,
551 2300 820 2356 destructa
847 2302 1044 2372 duplici
1067 2311 1260 2368 morte,
1291 2304 1456 2359 altera
1480 2307 1699 2374 peccati,
1731 2308 1812 2360 al-

228 2401 341 2447 tera
385 2395 579 2448 carnis.
608 2393 867 2461 Quoniam
898 2395 1057 2464 igitur
1083 2397 1204 2450 talia
1234 2397 1387 2451 nobis
1413 2398 1551 2452 bona
1583 2397 1813 2453 alferens

228 2485 391 2548 venit,
423 2483 542 2538 ideo
579 2484 740 2538 dicit:
785 2483 907 2537 Non
922 2486 1075 2556 juxta
1109 2486 1268 2556 legem
1305 2489 1528 2542 carnalis
1550 2491 1810 2558 prmeepti,

228 2577 316 2628 sed
332 2577 485 2645 juxta
510 2577 740 2628 virtutem
778 2577 892 2630 vita:
919 2577 1303 2632 indissolubilis.

241 2687 246 2693 ·
298 2669 353 2723 6.
381 2668 498 2723 Jam
525 2669 685 2739 igitur
708 2680 762 2724 et
789 2670 919 2724 illud
945 2670 1087 2740 quod
1131 2671 1372 2726 restabat
1400 2671 1559 2725 simul
1589 2671 1813 2726 demon-

229 2768 452 2814 stratum
496 2771 605 2822 est,
661 2760 922 2814 translato
995 2760 1335 2825 sacerdotio,
1401 2762 1534 2831 legis
1601 2777 1814 2831 quoque

232 2849 634 2904 translationem
665 2850 775 2903 fieri
803 2866 898 2921 par
924 2865 1066 2906 esse.
1116 2853 1364 2905 Attamen
1414 2861 1469 2906 et
1509 2853 1611 2907 hoc
1639 2854 1812 2922 ipsum

231 2957 490 3012 expresse
535 2943 728 2998 licebat
774 2943 1186 3012 demonstrare,
1213 2946 1606 3015 prophetasque
1647 2955 1813 3002 testes

231 3052 416 3092 sursus
445 3038 707 3092 adducere
730 3037 967 3093 dicentes
991 3078 1008 3104 ,
1029 3038 1196 3108 legem
1218 3053 1338 3092 esse
1361 3037 1809 3116 transferendam,

233 3140 286 3185 et
311 3130 617 3200 reipublicae
667 3139 861 3184 statum
891 3132 942 3183 in
971 3131 1160 3184 melius
1209 3130 1712 3196 transmutandum,
1760 3139 1815 3186 et

234 3238 500 3289 nunquam
527 3237 704 3291 regem
731 3222 962 3291 aliquem
988 3221 1231 3275 Judamm
1257 3221 1611 3276 exoriturum.

303 3305 520 3358 Moralis
549 3306 829 3358 exhortatio
872 3306 939 3357 ad
978 3306 1334 3357 correctionem
1369 3305 1812 3373 fratrum—Ve-

233 3411 350 3450 rum
378 3396 628 3465 quoniam
673 3404 875 3449 tantum
915 3403 999 3449 est
1040 3394 1348 3461 dicendum,
1380 3404 1635 3464 quantum
1664 3395 1814 3449 audi-

235 3495 319 3538 tor
338 3486 507 3555 possit
529 3500 741 3554 capere,
772 3499 872 3540 nec
900 3485 1077 3538 omnia
1108 3485 1269 3538 simul
1293 3527 1309 3550 ,
1342 3500 1441 3539 nec
1477 3485 1768 3539 acervatim
1797 3503 1810 3538 :

236 3576 339 3628 illis
370 3577 421 3628 in
452 3575 596 3629 aliud
628 3584 840 3644 tempus
874 3577 1160 3630 reservatis
1187 3617 1201 3639 ,
1245 3576 1330 3630 hic
1359 3591 1661 3632 sermonem
1692 3575 1814 3630 lini-

235 3679 418 3730 emus,
447 3665 789 3719 exhortantes
825 3673 1058 3718 vestram
1099 3665 1395 3725 cari-tatem.
1425 3675 1481 3719 ut
1510 3667 1816 3722 memineri-

235 3753 304 3806 tis
329 3768 513 3808 eorum
536 3769 652 3823 qua:
679 3753 818 3808 dicta
841 3762 993 3817 sunt,
1024 3760 1079 3808 et
1105 3755 1219 3808 haec
1241 3756 1346 3808 illis
1365 3771 1486 3824 quae
1506 3757 1654 3825 prius
1675 3757 1815 3811 dicta

235 3853 360 3898 sunt
385 3845 680 3897 annectatis
703 3883 720 3910 ,
745 3844 992 3913 quodque
1015 3846 1160 3913 prius
1185 3845 1490 3914 rogavimus
1514 3889 1529 3913 ,
1562 3846 1705 3900 idem
1755 3855 1811 3901 et

238 3949 378 3989 nunc
403 3950 649 4004 rogamus
672 3975 687 3998 ,
715 3945 772 3989 ut
800 3934 993 3990 fratres
1022 3946 1229 3989 vestros
1268 3936 1536 3992 reducatis
1571 3939 1637 3992 ad
1668 3939 1816 3992 salu-

239 4035 343 4080 tem
366 4068 381 4092 ,
410 4035 466 4081 et
490 4029 709 4081 multam
736 4027 1146 4082 sollicitudinem
1179 4027 1414 4082 habeatis
1442 4044 1538 4098 pro
1563 4031 1818 4086 membris

238 4117 514 4187 neglectis.
544 4119 767 4187 Pr0pter
788 4119 888 4172 hoc
911 4118 1056 4171 enim
1085 4133 1183 4171 nos
1210 4126 1412 4172 tantum
1438 4119 1680 4174 laborum
1702 4135 1819 4175 sus-

239 4212 489 4278 cipimus,
523 4225 627 4264 nou
674 4216 730 4262 ut
777 4209 974 4262 frustra
1018 4211 1317 4278 loquamur,
1361 4223 1529 4276 neque
1567 4221 1624 4266 ut
1665 4212 1817 4281 plau-

241 4315 360 4354 sum
390 4301 785 4369 strepitumque
805 4300 1119 4366 referamus,
1145 4300 1238 4353 sed
1268 4310 1325 4354 ut
1351 4303 1560 4355 avulsos
1589 4302 1654 4356 ad
1682 4303 1820 4356 viam

241 4392 484 4444 veritatis
512 4391 845 4444 reducamus.
880 4390 960 4443 Ac
979 4405 1044 4443 ne
1075 4390 1198 4459 quis
1230 4390 1358 4443 mihi
1383 4390 1689 4454 di«-at,nihil
1720 4393 1825 4445 mi-

243 4479 298 4533 hi
348 4495 467 4533 cum
497 4494 562 4534 eo
588 4492 670 4534 est
717 4481 936 4549 negotii,
968 4481 1170 4534 utinam
1220 4481 1494 4549 contingat
1534 4483 1664 4536 mihi
1706 4499 1825 4538 mea

240 4570 414 4638 ipsius
442 4572 650 4640 negotia
685 4587 829 4625 recrc
855 4573 1072 4640 gerere!
1103 4571 1271 4625 Nemo
1292 4587 1445 4626 suum
1478 4573 1640 4640 ipsius
1666 4589 1826 4644 nego-

244 4664 377 4716 tium
408 4673 552 4718 recte
583 4679 770 4734 gerere
800 4673 992 4731 potest,
1021 4663 1263 4730 neglecta
1311 4664 1534 4728 proximi
1575 4665 1798 4718 dilectio

244 4768 315 4808 ne
354 4761 414 4809 et
450 4755 660 4808 salute:
686 4755 805 4808 ideo
829 4764 880 4808 et
923 4755 1118 4808 Paulus
1165 4755 1279 4807 ait:
1308 4753 1472 4806 Nemo
1502 4755 1638 4818 quod
1672 4772 1824 4808 suum

244 4856 318 4900 est
339 4856 556 4914 qum-rat,
582 4848 677 4900 sed
697 4848 910 4917 quisque
948 4846 1083 4915 quod
1130 4841 1427 4908 alterius(l.
1452 4839 1575 4901 Cor.
1596 4845 1681 4900 10.
1709 4847 1826 4916 24),

245 4941 450 5000 sciens,
473 4938 612 5007 quod
640 4952 738 4992 sua
756 4937 1012 5006 cujusque
1033 4937 1232 4990 utilitas
1259 4937 1310 4988 in
1338 4935 1570 5004 proximi
1597 4937 1826 4990 utilitate

246 5033 348 5083 s‘ta
378 5038 480 5083 est.
517 5029 691 5082 Sanus
720 5043 777 5082 es
805 5037 880 5090 tu,
901 5028 994 5081 sed
1024 5026 1188 5081 frater
1219 5037 1339 5080 tuus
1383 5025 1701 5080 infirmatur.
1729 5028 1830 5081 Ita-

248 5135 350 5187 que
375 5119 418 5171 si
449 5133 575 5171 vere
605 5117 862 5170 sollicitus
889 5117 1052 5170 fueris
1079 5131 1172 5184 pro
1202 5124 1511 5184 argrmante,
1536 5118 1702 5185 magis
1735 5117 1832 5170 do-

247 5207 410 5272 lebis,
445 5216 500 5260 et
530 5208 825 5261 imitaberis
853 5207 902 5260 in
931 5207 1033 5260 hoc
1074 5220 1284 5275 quoque
1311 5206 1523 5260 beatum
1555 5206 1706 5261 illum
1737 5208 1831 5274 qui

247 5301 376 5355 dicit
405 5319 416 5352 :
441 5301 554 5366 quis
575 5301 886 5365 inﬁrmatur,
908 5310 956 5353 et
994 5315 1086 5368 ego
1116 5315 1219 5352 non
1247 5299 1521 5366 inﬁrmor?
1546 5300 1660 5367 quis
1685 5316 1833 5353 scan-

249 5394 527 5458 dalizatur,
555 5401 602 5444 et
650 5408 741 5463 ego
789 5408 890 5444 non
937 5408 1058 5444 uror
1081 5391 1161 5462 (2.
1191 5390 1310 5446 Cor.
1347 5393 1436 5445 Η.
1460 5390 1590 5462 29)?
1619 5392 1829 5445 Etenim

231 5485 293 5538 si
320 5496 449 5536 cum
477 5482 615 5536 duos
643 5481 830 5535 obolos
871 5481 1194 5545 dederimus,
1237 5481 1560 5550 paulumque
1591 5483 1828 5550 pecunia:

239 5572 700 5639 insumpserimus
728 5573 778 5624 in
804 5587 1086 5640 pauperes,
1114 5573 1438 5639 gaudemus:
1466 5574 1508 5626 si
1535 5573 1830 5642 poterimus

237 5661 456 5721 animas
484 5678 723 5727 servare,
746 5672 950 5728 quanto
991 5663 1246 5732 majorem
1278 5664 1562 5734 voluptatis
1591 5663 1824 5720 fructum

1447 268 1807 326 ADVERSUS
1842 269 2146 327 JUDIEOS.
2189 271 2300 326 Vll‘.

3376 281 3477 337 9:36

1917 385 2223 455 capiemus?
2247 394 2496 456 quautam
2540 395 2715 441 autem
2756 387 2808 442 iu
2833 385 3010 442 futuro
3051 386 3246 442 saeculo
3273 388 3480 456 recipio

1912 490 2034 530 mus
2062 476 2410 531 mercedem?
2457 477 2588 531 Nam
2630 477 2716 532 hic
2743 492 2954 548 quoque
2997 479 3207 547 quoties
3234 478 3484 531 conveni-

1913 582 2071 634 mus,
2105 570 2326 625 multam
2367 570 2638 638 capiemus
2686 570 3007 639 voluptatem
3054 586 3120 624 ex
3163 555 3488 638 congressu,

1913 660 2320 714 reminiscentes
2344 660 2637 715 officiorum
2663 702 2676 726 ,
2708 677 2825 731 qua:
2852 661 2958 715 illis
2987 661 3349 729 prmstitimus.
3383 660 3489 714 De-

1913 751 2038 805 inde
2067 766 2187 805 cum
2216 751 2334 806 illos
2372 753 2809 820 conspexerimus
2839 751 2906 806 ad
2950 752 3176 805 tribunal
3206 749 3336 805 illud
3375 765 3490 805 ine—

1913 842 2168 896 tuendum
2191 883 2209 908 ,
2236 844 2414 897 multa:
2436 842 2641 897 ﬁducia:
2668 843 2948 912 participes
2969 843 3187 897 erimus.
3217 841 3284 895 Et
3305 855 3464 911 quem

1913 934 2200 988 admodum
2231 937 2319 1004 qui
2346 935 2533 1003 injuria
2563 934 2803 988 afﬁciunt
2823 975 2840 1000 ,
2869 934 2960 1003 qui
3002 942 3256 1000 usurpant
3280 921 3488 994 aliena,

1913 1028 2005 1097 qui
2034 1028 2273 1096 rapiunt,
2302 1027 2392 1098 qui
2439 1027 2578 1081 mala
2621 1027 2898 1081 innumera
2930 1024 3187 1094 proximis
3229 1022 3489 1081 inferunt.

1914 1132 2035 1172 cum
2069 1119 2193 1174 illuc
2219 1119 2464 1173 venerint
2511 1130 2710 1187 eosque
2758 1117 3024 1180 viderint,
3069 1115 3159 1190 qui
3188 1113 3303 1167 haec
3348 1111 3487 1182 passi

1915 1217 2042 1263 sunt
2063 1209 2339 1280 (videbunt
2365 1209 2507 1264 enim
2547 1208 2687 1263 haud
2733 1208 2894 1262 dubie
2915 1248 2930 1272 ,
2963 1216 3018 1261 ut
3043 1206 3380 1276 perspicuum
3410 1211 3495 1257 est

1915 1309 1970 1354 et
1993 1315 2060 1354 ex
2087 1300 2248 1354 divite
2276 1300 2368 1354 illo
2394 1308 2449 1354 et
2480 1299 2742 1368 Lazaro),
2785 1313 2958 1367 neque
2997 1312 3058 1352 os
3101 1296 3310 1365 aperire
3338 1303 3489 1363 pote-

1915 1401 2040 1447 runt
2063 1434 2078 1454 ,
2107 1407 2279 1462 neque
2304 1393 2572 1448 habebunt
2596 1435 2610 1459 ,
2639 1392 2780 1462 quod
2810 1391 3020 1457 dicant,
3070 1397 3162 1443 aut
3203 1394 3490 1452 excusent,

1921 1485 2015 1540 sed
2039 1485 2208 1539 multo
2237 1486 2441 1555 pudore
2471 1500 2766 1555 magnaque
2793 1482 3235 1538 condemnatione
3261 1479 3448 1549 repleti
3476 1518 3494 1543 ,

1916 1589 1984 1629 ex
2011 1574 2220 1629 illorum
2248 1584 2464 1645 aspectu
2491 1575 2556 1628 ad
2584 1576 2735 1644 ignea
2776 1572 2994 1627 flumina
3023 1572 3372 1626 adducentur.
3400 1568 3493 1622 lti-

1916 1665 2036 1720 dem
2061 1667 2151 1736 qui
2195 1667 2426 1721 salutem
2474 1666 2699 1719 aliorum
2751 1673 2973 1729 curant,
3018 1663 3106 1732 qui
3127 1662 3357 1724 docent,
3407 1659 3493 1728 qui

1917 1757 2216 1824 instituunt,
2238 1757 2324 1811 ubi
2353 1757 2581 1811 viderint
2604 1771 2696 1812 eos
2719 1771 2852 1826 quos
2880 1759 3242 1817 servaverunt,
3274 1752 3380 1806 illic
3405 1765 3499 1818 pa-

1917 1848 2242 1902 trocinantes
2270 1848 2430 1918 ipsis,
2482 1849 2644 1902 multa
2677 1847 2865 1902 fiducia
2895 1846 3261 1915 replebttntur.
3299 1843 3366 1896 Et
3394 1841 3496 1894 hoc

1916 1939 2111 1994 Paulus
2138 1941 2417 1995 declarans
2446 1941 2577 1994 dixit
2607 1960 2620 1994 :
2649 1941 2826 1994 Gloria
2869 1949 3030 1993 vestra
3069 1955 3244 1992 sumus
3263 1978 3277 2002 ,
3318 1951 3494 2006 quem-

1915 2033 2188 2086 admodum
2215 2045 2262 2088 et
2290 2050 2374 2088 vos
2395 2044 2567 2087 nostra
2613 2034 2688 2104 (2.
2716 2034 2834 2089 Cor.
2868 2036 2920 2088 1.
2950 2031 3060 2104 14).
3090 2030 3311 2099 Quando
3353 2028 3454 2082 hoc
3472 2027 3497 2078 ?

1916 2123 1982 2177 In
2017 2126 2100 2178 die
2130 2125 2335 2179 Domini
2356 2127 2514 2180 nostri
2535 2126 2661 2180 Iesu
2698 2125 2906 2180 Christi.
2937 2128 3013 2179 Ac
3043 2139 3224 2179 rursus
3252 2122 3497 2177 Christus

1916 2217 2227 2275 exhortatur
2251 2259 2266 2283 ,
2296 2217 2481 2273 dicens
2515 2236 2527 2270 :
2557 2217 2734 2270 Facite
2772 2218 2911 2271 vobis
2943 2218 3132 2269 amicos
3157 2231 3219 2268 ea:
3261 2227 3497 2267 mamona

1914 2308 2192 2377 iniquitatis
2212 2350 2226 2373 ,
2253 2315 2309 2360 ut
2334 2324 2448 2360 cum
2474 2308 2782 2379 defeceritis.
2819 2307 3060 2375 recipiant
3097 2321 3184 2358 vos
3207 2306 3262 2357 in
3301 2313 3487 2356 (eterna

1915 2417 2008 2454 sua
2040 2401 2362 2454 tabernacula
2395 2400 2544 2468 (Luc.
2577 2399 2664 2454 16.
2693 2399 2774 2468 9).
2803 2398 2965 2453 Vides
3004 2399 3223 2451 multam
3254 2395 3498 2448 fiduciam

1915 2490 2070 2544 nobis
2091 2491 2331 2561 praestari
2354 2490 2421 2543 ab
2450 2491 2514 2543 iis
2534 2531 2548 2554 ,
2579 2503 2714 2558 quos
2740 2487 2825 2542 hic
2852 2497 3034 2541 nostro
3059 2486 3316 2541 benellcio
3339 2485 3497 2553 juve-

1916 2581 2102 2635 rimus.
2152 2581 2306 2647 Quod
2346 2581 2428 2648 si,
2479 2580 2566 2634 tibi
2599 2579 2819 2650 pecunia
2869 2579 3145 2634 dumtaxat
3175 2577 3496 2640 insumitur,

1916 2680 1994 2726 tot
2013 2681 2136 2726 sunt
2165 2687 2411 2735 coronae,
2462 2679 2604 2725 tanta
2648 2686 2853 2726 merces
2872 2711 2886 2735 ,
2912 2678 3058 2723 tanta
3087 2665 3448 2723 remuneratio
3479 2684 3494 2718 :

1916 2763 2004 2817 tibi
2027 2763 2239 2832 juvatur
2259 2763 2435 2817 anima
2457 2803 2472 2826 ,
2499 2763 2587 2833 qui
2611 2762 2723 2816 fieri
2757 2770 2933 2830 potest
2955 2771 3014 2815 ut
3055 2775 3161 2813 non
3190 2758 3352 2812 multa
3379 2771 3495 2809 ma-

1914 2869 2122 2924 gnaque
2169 2854 2322 2909 nobis
2368 2856 2679 2923 contingant
2717 2853 2896 2908 bona?
2927 2852 3136 2906 Etenim
3179 2851 3223 2904 si
3273 2848 3496 2902 Tabitha

1917 2945 2028 3010 illa,
2059 2960 2177 3014 quae
2198 2944 2382 2998 viduas
2409 2943 2706 3009 vestiebat,
2739 2957 2856 3012 quae
2884 2939 3180 3012 paupertati
3212 2938 3496 2992 subvenie-

1915 3035 2045 3098 bat,
2076 3049 2106 3086 a
2136 3044 2307 3087 morte
2358 3034 2408 3086 in
2436 3035 2595 3086 vitam
2623 3040 2868 3086 revocata
2911 3040 2992 3085 est
3019 3030 3152 3099 (Act.
3183 3029 3238 3082 9.
3283 3026 3413 3099 56),
3441 3037 3498 3081 et

1915 3124 2162 3194 lacryma:
2189 3138 2371 3178 eorum
2389 3123 2479 3192 qui
2509 3123 2779 3177 beneficiis
2804 3121 2975 3176 affecti
3000 3120 3242 3183 fuerant,
3265 3119 3496 3172 animam

1915 3214 1971 3269 in
1995 3228 2189 3282 corpus
2218 3212 2578 3278 reduxerunt,
2625 3227 2746 3266 cum
2787 3212 3022 3265 nondum
3049 3210 3283 3264 venisset
3316 3222 3495 3262 resur-

1916 3305 2085 3358 rectio
2118 3321 2131 3355 :
2171 3302 2298 3372 quid
2326 3302 2520 3357 facient
2547 3302 2820 3356 hominum
2851 3317 2946 3370 per
2974 3310 3024 3354 te
3053 3309 3384 3354 servatorum
3415 3298 3493 3349 la-

1917 3395 2151 3466 crymzc?
2179 3395 2326 3450 Sicut
2351 3395 2494 3449 enim
2527 3395 2662 3447 hanc
2689 3394 3097 3448 circumstantes
3124 3390 3294 3443 vidua:
3322 3389 3497 3441 vivam

1917 3504 1983 3543 ex
2009 3496 2214 3542 mortua
2245 3487 2590 3542 reddiderunt
2619 3503 2634 3539 :
2662 3487 2738 3540 sic
2761 3495 2813 3540 et
2841 3494 2892 3539 te
2922 3495 3046 3538 tunc
3089 3485 3499 3538 circumstantes

1919 3582 2009 3650 qui
2036 3595 2178 3634 nunc
2206 3594 2304 3649 per
2344 3589 2396 3632 te
2424 3579 2617 3633 servati
2657 3578 2882 3638 fuerint,
2911 3576 3148 3631 efﬁcient
3176 3583 3236 3629 ut
3272 3575 3498 3628 multam-

1916 3673 2210 3741 cxperiaris
2245 3672 2622 3726 humanitatem
2649 3712 2664 3737 ,
2687 3679 2742 3725 et
2765 3686 2831 3724 ex
2857 3669 3098 3724 incendio
3117 3669 3373 3739 gehennae
3389 3668 3500 3721 eri-

1918 3766 2085 3834 pient.
2119 3765 2242 3818 Haec
2263 3764 2419 3832 igitur
2445 3764 2707 3828 scientes,
2740 3777 2844 3815 non
2875 3762 2940 3815 ad
2967 3770 3284 3829 prmsentem
3311 3759 3498 3814 horam

1919 3863 2122 3908 tantum
2144 3853 2330 3908 fervidi
2354 3855 2519 3906 simus
2544 3861 2598 3906 et
2621 3852 2896 3920 vigilantes
2921 3892 2935 3915 ,
2973 3851 3065 3904 sed
3096 3851 3269 3919 ignem
3295 3892 3309 3915 ,
3339 3865 3501 3918 quem

1919 3943 2126 3997 habetis
2167 3957 2345 4007 nunc,
2393 3942 2702 4005 accendite;
2745 3941 3050 4010 egressique
3093 3941 3264 4004 foras,
3316 3939 3498 3992 distri-

1922 4033 2064 4087 buite
2083 4033 2306 4087 salutem
2337 4033 2584 4086 civitatis.
2616 4031 2767 4098 Quod
2808 4032 2851 4084 si
2881 4030 3130 4100 ignoretis
3155 4072 3169 4097 ,
3211 4029 3505 4099 perquirite

1920 4138 2049 4188 eos,
2076 4123 2166 4191 qui
2206 4122 2288 4176 his
2314 4122 2466 4176 malis
2489 4129 2770 4190 aegrotant.
2801 4120 2889 4175 Sic
2925 4121 3066 4174 enim
3113 4130 3166 4173 et
3213 4134 3308 4172 nos
3352 4119 3502 4172 vobis

1919 4213 2216 4284 promptius
2275 4213 2630 4280 libentiusque
2670 4212 2982 4282 loquemur,
3028 4210 3156 4279 ipsis
3211 4208 3364 4263 factis
3405 4223 3500 4262 co-

1921 4315 2236 4376 gnoscentes
2259 4347 2274 4371 ,
2306 4319 2405 4358 nos
2439 4320 2545 4359 non
2575 4306 2624 4358 in
2656 4314 2857 4374 petram
2883 4318 3064 4358 semen
3084 4303 3315 4371 jecisse,
3335 4311 3390 4355 et
3408 4313 3504 4354 vos

1921 4399 2022 4468 ipsi
2071 4399 2211 4452 circa
2260 4397 2468 4452 virtutis
2519 4397 2954 4451 exercitationem
3001 4394 3150 4448 eritis
3193 4393 3500 4447 alacriores.

1923 4491 2380 4558 Quemadmodum
2411 4489 2552 4543 enim
2584 4490 2635 4542 in
2664 4487 2904 4556 pecuniis
2927 4527 2942 4551 ,
2979 4486 3068 4555 qui
3095 4485 3228 4538 duos
3266 4485 3502 4538 lucratus

1923 4593 2005 4636 est
2033 4595 2252 4643 aureos,
2285 4579 2534 4649 proclivis
2560 4587 2644 4632 est
2665 4577 2732 4630 ad
2757 4577 2941 4630 decem
2966 4617 2980 4639 ,
3011 4583 3065 4629 et
3088 4575 3152 4628 ad
3177 4574 3359 4643 viginti
3385 4573 3500 4626 eol-

1923 4672 2165 4743 ligendos
2193 4669 2694 4741 congregandosque
2719 4685 2733 4731 ;
2766 4669 2842 4721 sic
2870 4682 2966 4721 usu
2996 4667 3140 4720 venit
3167 4676 3220 4721 et
3249 4667 3301 4719 in
3329 4667 3498 4719 virtu-

1922 4775 1974 4819 te
2007 4783 2020 4817 :
2053 4771 2142 4834 qui
2169 4763 2352 4818 fecerit
2376 4763 2571 4815 bonum
2595 4760 2806 4830 aliquod
2825 4775 2980 4830 opus,
3007 4759 3346 4829 officiumque
3369 4775 3503 4828 prm-

1921 4855 2146 4916 stiterit,
2176 4852 2664 4907 exstimulationcm
2712 4850 2834 4904 inde
2859 4851 3088 4920 aliquam
3119 4858 3210 4903 aut
3245 4849 3500 4904 exhorta-

1923 4945 2121 4999 tionem
2153 4943 2220 4996 ad
2245 4941 2504 5012 agendum
2537 4943 2730 5006 sumit,
2760 4949 2820 4994 ut
2853 4941 2955 4996 alia
2981 4957 3193 5011 quoque
3225 4941 3501 4996 benefacta

1922 5033 2278 5104 aggrediatur.
2309 5033 2377 5088 Ut
2403 5033 2562 5104 igitur
2601 5042 2655 5087 et
2683 5032 2872 5088 fratres
2919 5047 3226 5097 servemus,
3257 5041 3312 5086 et
3350 5033 3504 5086 nobis

1923 5125 2130 5179 veniam
2156 5139 2253 5193 pro
2295 5124 2564 5192 peccatis,
2612 5123 2720 5178 imo
2762 5123 2937 5192 potius
2985 5123 3205 5178 multam
3253 5122 3502 5176 ﬁduciam

1924 5228 2272 5282 reponamus,
2305 5214 2533 5283 denique
2575 5229 2822 5268 curemus
2855 5222 2910 5268 et
2957 5213 3116 5277 illud,
3147 5224 3203 5265 ut
3245 5223 3369 5266 ante
3395 5226 3504 5265 c.12-

1923 5313 2036 5359 tera
2075 5305 2254 5360 omnia
2281 5320 2474 5359 nomen
2512 5305 2604 5358 Dei
2648 5305 3008 5374 glorificatur;
3052 5319 3174 5358 cum
3204 5303 3457 5356 uxoribus
3486 5344 3502 5366 ,

1921 5398 2124 5464 liberis,
2170 5407 2224 5452 et
2253 5397 2464 5451 fan‘mlis
2510 5397 2577 5450 ad
2625 5397 2766 5450 hunc
2805 5405 3053 5450 venatum
3097 5403 3152 5448 et
3194 5393 3501 5462 indaginem

1920 5490 2119 5560 egressi
2140 5530 2159 5553 ,
2184 5489 2532 5544 extrahamus
2555 5503 2586 5543 e
2625 5488 2818 5543 diaboli
2848 5488 3051 5557 laqueis
3079 5497 3262 5555 captos
3288 5487 3356 5541 ab
3384 5486 3499 5551 illo,

1920 5581 2210 5636 secundum
2240 5581 2406 5651 ipsius
2434 5581 2757 5635 voluntatem
2793 5597 2806 5633 :
2837 5593 2937 5633 nec
2960 5578 3106 5646 prius
3147 5578 3465 5632 desistamus
3486 5618 3503 5644 ,

1926 5688 2084 5744 quam
2107 5671 2357 5743 quidquid
2373 5686 2469 5743 per
2488 5686 2584 5726 nos
2604 5671 2844 5742 praestari
2867 5671 3062 5740 poterit
3082 5667 3506 5741 przrstiterimus,
