3862 6228
355 216 454 284 9'21

355 355 466 406 sive
497 359 744 418 pareant,
773 348 885 405 sive
907 364 1012 403 non
1043 357 1281 419 pareant.
1310 349 1448 417 Quin
1481 349 1656 416 potius
1682 348 1929 418 impossi-

357 444 468 498 bile
493 452 606 507 est,
630 452 688 496 ιιι
713 443 987 496 christiani
1016 455 1136 496 cum
1164 441 1274 506 sint
1292 481 1306 503 ,
1331 457 1434 493 non
1458 449 1697 509 pareant.
1723 439 1829 494 Sed
1859 455 1930 495 ne

356 535 440 588 vel
489 534 624 588 hanc
691 533 1084 589 excusationem
1137 531 1413 594 habeatis,
1468 531 1598 586 illud
1661 531 1820 598 dico,
1886 532 1950 604 si,

359 632 634 693 postquam
663 623 825 676 multa
855 623 1014 677 verba
1049 621 1330 689 effuderis,
1375 632 1428 675 et
1473 622 1724 691 quidquid
1758 637 1854 690 per
1884 629 1934 674 te

365 715 594 783 praestari
640 716 873 784 poterit,
939 714 1277 783 expleveris,
1347 713 1544 768 videris
1613 713 1757 767 illum
1828 727 1933 767 non

360 806 759 872 obtemperare;
792 804 1037 858 adducito
1065 803 1128 864 ad
1162 803 1492 874 sacerdotes,
1522 812 1577 857 et
1603 804 1820 856 omnino
1842 817 1937 872 per

363 894 458 948 Dei
482 895 704 961 gratiam
733 896 1002 962 potientur
1031 902 1224 948 venatu
1244 933 1261 960 ,
1294 902 1569 962 totumque
1600 903 1746 969 tuum
1795 883 1897 950 erit
1918 936 1934 959 ,

341 986 451 1054 qui
483 986 629 1038 illum
658 1001 816 1040 manu
843 985 1077 1040 duxeris.
1102 986 1227 1040 Haac
1254 993 1311 1040 et
1336 986 1592 1040 uxoribus
1615 985 1717 1038 viri
1740 984 1900 1038 dicite
1920 1023 1935 1046 ,

365 1084 421 1128 et
448 1090 640 1130 uxores
667 1076 792 1129 viris
811 1118 827 1140 ,
853 1087 905 1132 et
933 1086 1109 1144 patres
1137 1077 1294 1146 filiis,
1322 1085 1379 1131 et
1406 1075 1562 1130 amici
1607 1075 1812 1128 amicis.
1846 1075 1936 1128 Di-

364 1175 514 1221 scant
535 1165 650 1220 haec
673 1148 864 1233 Judmi,
904 1175 958 1222 et
983 1167 1017 1220 ii
1043 1167 1130 1236 qui
1162 1165 1315 1219 nobis
1344 1165 1555 1234 quidem
1573 1164 1839 1233 conjuncti
1861 1166 1940 1218 νὶ-

367 1259 582 1322 dentur,
613 1258 708 1314 sed
735 1273 854 1322 cum
880 1259 983 1325 illis
1003 1258 1270 1328 sentiunt,
1297 1257 1449 1318 nobis
1469 1255 1690 1325 aliquod-
1702 1254 1934 1308 studium

365 1361 505 1413 esse,
537 1361 600 1406 ac
637 1347 1042 1403 sollicitudinem
1063 1389 1082 1412 ,
1112 1347 1539 1418 vigilantinmque
1569 1361 1663 1414 pro
1689 1343 1940 1397 fratribus

1057 215 1114 270 S.
1153 213 1432 270 JOANNIS
1471 213 1942 271 CllRYSOS-TOM!
1987 215 2292 272 ARCHIEP.
2335 216 2862 274 CONSTANTINOP.

3527 219 3632 277 9'23

2033 351 2228 418 nostris
2261 351 2327 413 ad
2369 351 2488 419 illos
2538 353 2673 407 ultro
2703 353 3055 407 currentibus.
3107 353 3173 407 Et
3217 355 3443 409 omnino
3503 367 3634 412 ante

2037 456 2137 495 nos
2159 441 2281 495 illos
2304 442 2591 512 corrigent,
2614 443 2724 513 qui,
2746 457 2867 497 cum
2890 454 3085 497 nostra:
3109 444 3464 514 professionis
3495 447 3630 512 sint,

2034 539 2211 600 tamen
2241 532 2334 586 illo
2359 541 2680 588 commeant.
2711 532 2846 601 Quin
2889 535 3073 602 potius
3091 549 3249 591 nemo
3276 535 3520 608 posthac
3537 549 3637 589 all-

2037 637 2195 682 surus
2230 633 2312 678 est
2339 623 2404 698 ad
2435 623 2563 690 illos
2594 624 2878 698 confugere
2901 664 2917 689 ,
2949 623 3042 678 sed
3069 624 3171 679 erit
3199 640 3397 693 corpus
3430 625 3636 681 Eccle-

2037 711 2132 766 siae
2160 727 2370 781 purum.
2397 713 2538 766 Deus
2565 721 2744 767 autem
2771 713 2859 783 qui
2885 713 2996 767 vult
3021 728 3205 767 omnes
3227 713 3487 768 homines
3515 715 3633 767 fieri

2038 804 2212 873 salvos
2232 845 2247 869 ,
2275 813 2329 860 et
2353 804 2421 870 ad
2449 805 2770 874 agnitionem
2814 805 3053 879 veritatis
3082 806 3292 871 venire,
3320 815 3380 860 et
3424 822 3530 859 vos
3570 807 3638 860 ad

2040 893 2199 961 istum
2236 904 2485 950 venatum
2536 895 2880 964 corroboret,
2925 904 2980 950 et
3024 896 3143 951 illos
3181 895 3249 954 ab
3300 898 3406 950 hoc
3440 912 3640 950 errore

2041 985 2253 1040 liberet.
2303 986 2538 1056 Denique
2579 997 2798 1041 cunctos
2843 985 2910 1041 ad
2957 985 3178 1040 salutem
3221 996 3514 1040 revocatos
3551 985 3638 1039 di-

2042 1093 2173 1147 gnos
2200 1078 2388 1132 reddat
2414 1079 2865 1155 cazlorumregno
2884 1119 2899 1144 ,
2947 1078 2999 1132 in
3027 1078 3246 1148 gloriam
3277 1092 3431 1132 suam
3458 1118 3476 1140 ,
3506 1076 3638 1145 quia

2044 1170 2144 1238 ipsi
2165 1170 2416 1243 convenit
2441 1170 2606 1241 gloria
2635 1178 2690 1228 et
2714 1169 2948 1246 potentia
2975 1171 3025 1224 in
3053 1169 3245 1247 smcula
3273 1170 3635 1241 smculorum.

2045 1262 2238 1316 Amen.

379 1495 3633 1523 *ΨΜ

1300 1519 1936 1706 CONTRA
1986 1529 2694 1718 arx-mos,

920 1941 1115 2003 omne
1151 1940 1387 2002 cernit,

444 2084 491 2138 1.
517 2080 1049 2150 Prmlcriitjejunium
1081 2079 1407 2143 Judazorum,
1436 2077 1545 2132 imo
1571 2078 1748 2146 potius
1773 2077 1949 2132 ebrie-

371 2181 454 2234 tas
473 2173 795 2229 Iudaeorum.
827 2171 918 2225 Est
943 2170 1086 2224 enim
1119 2178 1172 2224 et
1197 2169 1396 2237 absque
1421 2168 1544 2222 vino
1573 2168 1802 2223 ebrietas
1823 2209 1839 2233 ,
1869 2176 1956 2224 est.

369 2275 426 2331 et
462 2267 513 2321 in
543 2265 830 2338 sobrietate
873 2261 1164 2318 temulenta
1200 2260 1573 2328 luxuriosaque
1610 2259 1948 2313 comessatio.

371 2356 523 2422 Quod
563 2355 606 2409 si
638 2367 795 2408 nemo
833 2360 1023 2420 posset.
1051 2351 1252 2427 absque
1290 2350 1412 2402 vino
1453 2349 1770 2422 temulentus
1807 2363 1948 2417 esse,

375 2460 708 2516 nequaquam
735 2444 989 2513 propheta
1019 2431 1224 2496 diceret
1252 2458 1265 2494 :
1308 2439 1392 2494 γω
1435 2441 1498 2492 iis
1534 2439 1619 2508 qui
1652 2439 1774 2492 ebrii
1809 2449 1947 2505 sunt,

371 2549 534 2610 etnon
549 2537 705 2590 asino
731 2535 882 2608 (leui.
907 2534 998 2588 29.
1021 2533 1053 2587 9
1061 2550 1099 2602 ).
1118 2531 1175 2588 Si
1199 2546 1303 2586 non
1327 2538 1466 2586 esset
1492 2530 1607 2583 sine
1623 2530 1746 2584 vino
1775 2529 1951 2584 ebrie-

375 2641 475 2691 tas,
497 2645 602 2684 non
629 2628 850 2696 dixisset
879 2627 1106 2696 Paulus;
1134 2623 1310 2681 Nolite
1335 2624 1572 2678 inebriari
1605 2623 1721 2676 vino
1746 2623 1948 2693 (Thess.

375 2720 430 2774 5.
464 2720 576 2791 18).
604 2719 733 2774 Nam
765 2733 827 2772 ac
866 2717 927 2792 si
957 2717 1120 2786 possit
1148 2717 1346 2785 absque
1374 2715 1498 2769 vino
1525 2715 1646 2783 quis
1676 2714 1949 2776 inebriari,

373 2811 507 2867 dixit
535 2828 548 2865 τ
579 2810 754 2866 Nolite
782 2810 1020 2863 inebriari
1049 2809 1181 2862 vino.
1215 2808 1308 2863 Est
1346 2809 1487 2861 enim
1528 2808 1760 2861 ebrietas
1804 2814 1861 2862 et
1899 2805 1952 2860 in

374 2903 450 2967 ira
483 2903 613 2958 etin
644 2901 872 2958 absurda
900 2899 1349 2969 concupiscentia,
1386 2907 1439 2953 et
1466 2898 1518 2952 iu
1548 2898 1788 2961 avaritia,
1815 2904 1872 2951 et
1900 2896 1952 2949 in

375 3009 558 3052 amore
585 2993 768 3062 glorire
789 3032 804 3056 ,
834 2975 1060 3058 denique
1093 2977 1146 3044 in
1175 2989 1294 3042 aliis
1329 2989 1621 3042 innumeris
1656 2985 1949 3062 affectibus.

377 3085 618 3154 Ebrietas
642 3083 785 3138 enim
814 3081 943 3136 nihil
968 3079 1108 3134 aliud
1139 3087 1242 3147 est,
1275 3093 1434 3149 quam
1465 3077 1725 3155 excidisse
1749 3091 1780 3130 a
1807 3088 1952 3130 recta

377 3175 600 3236 ratione,
631 3173 978 3240 deliratioque
999 3180 1054 3225 et
1077 3185 1220 3234 sana:
1247 3170 1441 3224 mentis
1467 3168 1715 3239 privatio.

445 3262 752 3322 Ebrietatem
777 3279 879 3316 non
902 3263 1071 3316 vinum
1095 3261 1446 3326 solummodo,
1483 3261 1571 3314 sed
1603 3271 1651 3314 et
1687 3260 1777 3313 alii
1812 3261 1956 3330 pravi

374 3353 588 3420 n/I'ecttts
634 3354 862 3421 pariunt.
900 3383 972 3393 —
1013 3351 1130 3407 Non
1178 3351 1350 3405 solum
1397 3352 1554 3421 igitur
1595 3351 1684 3420 qui
1731 3351 1953 3411 multum

374 3447 622 3511 exhaurit
661 3461 866 3500 uterum
887 3487 902 3511 ,
934 3460 1116 3500 verum
1143 3444 1302 3498 etiam
1343 3445 1428 3512 qui
1459 3445 1620 3497 alium
1651 3443 1954 3513 quempiam

375 3538 618 3610 morbum
640 3538 734 3592 alit
753 3539 805 3591 in
825 3538 1025 3601 animo,
1047 3535 1395 3590 vehementer
1412 3535 1594 3589 ebrius
1617 3549 1736 3599 esse
1751 3533 1958 3602 judica-

374 3627 539 3696 hitur.
571 3627 778 3682 Etenim
806 3628 892 3696 qui
918 3626 1155 3681 mulieris
1180 3625 1367 3681 aliena:
1393 3633 1603 3682 tenetur
1629 3639 1833 3691 amore,
1864 3625 1955 3693 qui

375 3718 566 3790 scortis
585 3728 756 3784 vacat,
786 3717 966 3773 ebrius
992 3725 1094 3772 est.
1123 3716 1186 3771 Et
1209 3716 1346 3770 sicut
1373 3716 1442 3780 is,
1473 3716 1560 3784 qui
1592 3714 1817 3768 multum
1844 3707 1957 3768 ebi-

376 3808 455 3870 bit
497 3823 724 3870 merum,
767 3817 820 3864 et
861 3817 1194 3863 transversus
1237 3806 1428 3876 agitur,
1474 3805 1760 3860 illiberales
1800 3818 1957 3858 voces

379 3901 623 3967 effundit,
663 3901 910 3971 aliudque
954 3916 1050 3970 pro
1091 3901 1196 3955 alio
1230 3900 1373 3955 videt
1405 3917 1418 3953 :
1455 3901 1532 3953 sic
1574 3910 1623 3955 et
1668 3899 1756 3953 hic
1795 3899 1956 3964 veluti

379 4006 529 4054 mero
568 3991 815 4062 quopiam
854 4005 947 4044 sua
988 3989 1278 4060 cupiditate
1320 3989 1572 4058 repletus,
1614 4003 1788 4059 neque
1829 4001 1956 4042 sana

378 4083 581 4158 profert
613 4081 774 4136 verba
796 4123 811 4147 ,
853 4080 946 4134 sed
977 4081 1226 4134 obscaena
1254 4080 1453 4140 omnia,
1493 4077 1586 4133 sed
1626 4077 1918 4148 perniciosa
1938 4117 1956 4143 ,

375 4174 472 4242 sed
501 4173 775 4232 illiheralia
802 4173 1048 4239 risusque
1073 4171 1254 4239 plena,
1284 4170 1493 4238 aliaque
1523 4184 1619 4238 pro
1646 4169 1764 4224 aliis
1793 4167 1954 4232 videt,

376 4264 666 4328 caicutiens
697 4263 763 4316 ad
799 4277 860 4317 ea
887 4277 1004 4331 quae
1031 4269 1338 4315 cernuntur.
1361 4259 1514 4326 Quod
1551 4259 1596 4312 si
1633 4259 1717 4312 cui
1750 4258 1958 4312 mulieri

379 4366 621 4426 stuprum
657 4354 854 4408 inferre
886 4351 1230 4422 concupiscit,
1261 4351 1397 4405 hanc
1422 4351 1616 4420 ubique
1641 4349 1956 4419 imaginans,

378 4463 486 4512 non
505 4445 660 4502 aliter
681 4459 840 4515 quam
869 4452 1046 4498 mente
1069 4450 1255 4512 captus
1282 4456 1344 4495 ac
1369 4439 1625 4505 delirans,
1648 4442 1702 4492 in
1722 4452 1958 4494 conven-

379 4537 575 4603 ticulis,
622 4535 676 4590 in
719 4534 998 4600 conviviis,
1042 4533 1186 4592 omni
1231 4541 1490 4601 tempore,
1537 4531 1590 4584 in
1631 4530 1778 4586 omni
1816 4530 1957 4597 loco,

379 4631 482 4686 etsi
510 4632 785 4686 innumera
815 4627 1088 4686 hominum
1119 4625 1286 4681 millia
1313 4625 1483 4695 ipsum
1510 4623 1867 4694 alloquantur,
1891 4638 1960 4678 ne

376 4723 562 4785 audire
595 4721 810 4793 quidem
841 4719 1070 4786 videtur,
1101 4717 1195 4774 sed
1222 4716 1289 4773 ad
1321 4717 1463 4772 illam
1491 4724 1694 4770 tantum
1725 4715 1960 4770 intentus

376 4825 459 4874 est
481 4816 711 4880 animus,
733 4827 834 4868 nec
851 4811 997 4866 aliud
1016 4809 1263 4874 somniat,
1286 4823 1445 4878 quam
1469 4815 1771 4877 peccatum;
1801 4805 1961 4860 habet

377 4915 625 4978 suspecta
647 4905 847 4969 omnia,
877 4905 1066 4959 metuit
1097 4902 1296 4966 omnia,
1329 4900 1498 4955 nihilo
1527 4899 1716 4954 melior
1740 4897 1958 4952 animali

381 4997 626 5068 perculso
679 5004 735 5051 et
785 4994 1028 5048 attonito.
1086 4992 1418 5060 Rursusque,
1463 5005 1622 5060 quem
1671 4997 1817 5044 tenet
1858 4988 1958 5054 ira,

376 5091 558 5145 ebrius
580 5097 663 5142 est
687 5105 701 5142 :
723 5085 966 5140 similiter
983 5092 1039 5140 et
1061 5083 1184 5138 huic
1205 5092 1377 5150 turget
1397 5083 1579 5147 facies,
1601 5096 1703 5137 vox
1729 5078 1787 5134 fit
1806 5093 1962 5149 aspe-

377 5182 510 5248 rior,
553 5181 691 5235 oculi
739 5180 872 5232 fiunt
913 5177 1322 5244 sanguinolenti,
1372 5190 1523 5228 mens
1558 5173 1957 5238 ohtenebratur,

379 5269 658 5340 prudentia
702 5266 1078 5336 submergitur,
1129 5265 1304 5333 lingua
1352 5263 1552 5326 tremit,
1603 5261 1746 5317 oculi
1788 5259 1958 5316 intor-

375 5370 627 5432 quentur,
665 5373 826 5414 aures
863 5357 966 5412 alia
1010 5370 1106 5426 pro
1142 5355 1261 5410 aliis
1296 5353 1563 5408 audiunt:
1594 5351 1842 5406 nimirum
1880 5350 1958 5405 ira

376 5451 536 5524 longe
562 5452 794 5524 gravius,
813 5463 973 5520 quam
993 5447 1158 5502 ullum
1187 5460 1393 5501 merum
1420 5443 1607 5506 soleat,
1632 5439 1960 5511 pereetlente

375 5544 680 5608 cerebrum,
717 5549 1084 5610 tempestatem
1127 5537 1457 5600 concitante,
1499 5533 1960 5601 turbationemque

375 5644 622 5710 gignente
661 5636 1028 5702 insetlabilcm.
1055 5633 1208 5702 Quod
1244 5631 1290 5689 si
1318 5627 1746 5701 concupiscentia
1783 5635 1837 5684 et
1874 5625 1952 5680 ira

1960 1821 2037 1833 _—

2054 1931 2331 1994 correptus
2349 1923 2526 1978 ebrius
2555 1922 2671 1978 sit:
2702 1922 2869 1979 multo
2896 1924 3063 1992 magis
3091 1923 3470 1990 homoimpius
3498 1933 3556 1976 ct
3585 1924 3648 1982 in

2056 2015 2223 2069 Deum
2253 2014 2615 2084 blasphemus,
2641 2015 2886 2085 illiusque
2917 2016 3118 2085 legibus
3146 2030 3484 2085 repugnans,
3517 2032 3638 2085 qm-

2053 2120 2155 2174 que
2191 2104 2327 2159 hanc
2369 2106 2793 2174 intempestivam
2838 2105 3178 2175 pertinaciam
3206 2121 3494 2174 numquam
3528 2106 3640 2159 vult

2055 2193 2307 2263 effugere,
2336 2194 2513 2248 ebrius
2533 2203 2614 2248 est
2637 2194 2954 2264 insanitquc,
2977 2195 3212 2249 deterius
3229 2194 3452 2249 affectus
3473 2209 3640 2261 quam

2056 2283 2090 2337 ii
2117 2286 2206 2354 qui
2231 2283 2536 2348 heluautur,
2564 2286 2760 2353 quique
2799 2295 2976 2354 tuente
3003 2284 3298 2353 captiksunt
3318 2325 3333 2349 ,
3364 2284 3490 2337 licet
3525 2285 3642 2353 ipse

2056 2373 2296 2428 morbum
2328 2389 2480 2427 suum
2508 2389 2611 2428 non
2637 2376 2834 2439 sentire
2860 2374 3117 2429 videatur.
3150 2374 3372 2436 Namid
3401 2376 3663 2428 maxime.

2054 2463 2300 2522 convenit
2328 2463 2593 2530 ebrietati,
2625 2464 2783 2518 etiam
2814 2465 2958 2517 nullo
2987 2479 3150 2520 sensu
3175 2464 3308 2518 afﬁci
3326 2505 3342 2530 ,
3370 2480 3495 2520 cum
3531 2473 3642 2517 tur-

2054 2557 2194 2625 piter
2221 2557 2418 2625 agitur.
2441 2556 2898 2623 Quemadmodum
2928 2556 3085 2626 igitur
3113 2555 3240 2625 illud
3269 2565 3350 2609 est
3375 2555 3656 2624 gravissi-_

2056 2665 2204 2704 mum
2240 2648 2296 2701 in
2339 2655 2522 2701 mente
2549 2645 2740 2716 captis,
2778 2644 2918 2716 quod
2947 2660 3067 2699 cum
3094 2654 3371 2715 aegrotent,
3404 2660 3510 2699 nec
3538 2645 3643 2699 hoc

2055 2732 2224 2802 ipsum
2265 2734 2515 2797 sentiant,
2545 2749 2604 2788 se
2642 2749 2760 2788 esse
2783 2743 3012 2804 mgrotos
3046 2753 3059 2788 :
3091 2735 3166 2789 sic
3194 2746 3249 2789 et
3273 2734 3444 2788 Judzci
3473 2750 3641 2800 nunc,

2055 2839 2175 2877 cum
2215 2824 2320 2876 sint
2346 2825 2498 2886 ebrii,
2531 2824 2580 2876 id
2611 2839 2713 2877 non
2739 2823 2974 2877 sentiunt
3003 2833 3199 2889 tamen.
3238 2823 3507 2878 Prmteriit
3547 2825 3642 2892 igt-

2057 2920 2144 2966 tur
2183 2915 2391 2967 illorum
2426 2899 2705 2983 jejunium,
2743 2914 2928 2984 quavis
2965 2913 3223 2984 ebrietate
3259 2912 3460 2969 fmdius
3491 2929 3511 2968 :
3545 2929 3644 2968 nos

2057 3015 2233 3064 autem
2264 3020 2330 3059 ne
2356 3005 2688 3060 remittamus
2711 3020 2806 3074 pro
2830 3004 3079 3059 fratribus
3107 3004 3304 3059 nostris
3322 3004 3643 3058 sollicitudi-

2057 3111 2200 3160 nem,
2224 3111 2394 3165 neque
2414 3096 2635 3166 posthac
2653 3096 3022 3151 existimemus
3043 3097 3201 3152 ullam
3223 3096 3432 3152 illorum
3455 3112 3642 3152 curam

2057 3202 2177 3242 esse
2198 3188 2575 3257 importunam.
2594 3187 2698 3244 Sed
2713 3187 3179 3259 quemadmodum‘
3200 3189 3398 3244 faciunt
3417 3190 3641 3253 miiites,

2057 3280 2148 3334 ubi
2171 3281 2456 3334 commisso
2481 3282 2669 3351 praelia
2696 3283 2956 3336 verterint
2989 3283 3042 3336 in
3069 3282 3241 3352 fugam
3273 3283 3640 3347 adversarios,

2057 3369 2126 3423 ab
2149 3371 2492 3438 insectatione
2522 3369 2824 3444 redeuntes,
2847 3386 2955 3425 non
2978 3372 3458 3442 protinuscurruut
3481 3372 3554 3427 ad
3578 3382 3642 3426 ta-

2059 3460 2376 3526 bernacula;
2416 3461 2514 3515 sed
2557 3461 2701 3531 prius
2743 3461 2810 3516 ad
2852 3453 3128 3518 conflictus
3170 3463 3342 3517 locum
3381 3463 3642 3531 profecti,

2059 3551 2254 3605 tollunt
2279 3566 2372 3606 eos
2395 3552 2486 3622 qui
2515 3567 2580 3607 ex
2611 3552 2843 3622 ipsorum
2873 3567 3096 3608 numero
3121 3554 3244 3608 caesi
3273 3561 3420 3615 sunt,
3443 3570 3511 3609 ac
3535 3557 3644 3611 vita

2058 3645 2270 3714 quidem
2310 3645 2588 3700 defunctos
2626 3654 2765 3700 terra
2804 3647 3053 3701 occulunt
3082 3661 3098 3698 :
3129 3654 3376 3700 ueterum
3422 3647 3635 3715 siquos

2061 3736 2291 3790 viderint
2328 3736 2467 3790 inter
2507 3746 2747 3790 mortuos
2783 3737 3050 3805 spirantes
3077 3734 3270 3802 adhuc,
3303 3750 3405 3791 nec
3443 3735 3645 3791 letbale

2059 3829 2254 3882 vulnus
2300 3825 2577 3902 habentes,
2626 3825 2691 3892 iis
2739 3826 2792 3880 iu
2847 3825 3071 3899 tentoria
3126 3824 3379 3898 sublatis,
3418 3825 3644 3878 multam

2059 3917 2314 3972 adhibent
2339 3917 2692 3984 curationem,
2715 3923 3060 3986 extractoque
3085 3915 3212 3981 telo,
3235 3915 3510 3973 accersitis
3532 3929 3660 3974 mer

2060 4009 2228 4074 dicis,
2277 4009 2516 4064 absterso
2563 4007 2838 4076 sanguine,
2885 4005 3136 4061 remediis
3183 4004 3469 4072 adhibitis,
3516 4004 3643 4061 reli-

2061 4118 2272 4173 quaque
2310 4101 2455 4156 omni
2489 4099 2762 4155 curatione
2800 4097 3014 4152 admota
3052 4096 3118 4160 ad
3159 4097 3442 4150 sanitatem
3479 4095 3644 4150 redu-

2062 4204 2207 4250 cunt.
2239 4195 2306 4250 Et
2341 4207 2440 4248 nos
2483 4193 2642 4262 igitur
2679 4190 2948 4260 quoniam,
2979 4188 3270 4258 epitulante
3307 4187 3398 4240 Dei
3447 4187 3640 4256 gratia,

2061 4287 2272 4342 Jndzeos
2336 4285 2641 4356 persequuti
2694 4296 2879 4337 sumus
2930 4281 3152 4338 armatis
3205 4279 3463 4349 adversus
3522 4279 3644 4333 illos

2065 4378 2414 4448 undequaque
2442 4375 2735 4446 prophetis,
2769 4371 2973 4435 reversi
3002 4384 3146 4429 nunc
3173 4369 3447 4424 videamus
3466 4409 3482 4431 ,
3514 4382 3641 4422 num

2062 4472 2152 4541 qui
2182 4471 2401 4524 fratrum
2428 4478 2728 4524 nostrorum
2753 4465 3064 4530 ceciderint,
3093 4479 3218 4518 num
3240 4463 3329 4532 qui
3349 4461 3419 4514 ab
3434 4461 3644 4531 jejunio

2065 4561 2340 4630 intercepti
2373 4560 2501 4626 sint,
2532 4574 2663 4624 num
2693 4557 2781 4627 qui
2824 4556 2929 4611 illis
2957 4553 3009 4608 iu
3049 4553 3185 4615 festo
3209 4551 3643 4618 communicare,

2063 4651 2204 4707 rint?
2230 4651 2307 4705 Ac
2329 4651 2593 4705 neminem
2623 4647 2837 4718 quidem
2877 4645 3146 4699 tradamus
3181 4642 3507 4712 sepulturae;
3545 4642 3639 4696 sed

2063 4747 2238 4814 potius
2266 4743 2500 4797 sublatos
2525 4754 2712 4794 omnes
2738 4752 3010 4793 curemus.
3038 4735 3168 4790 Nam
3195 4735 3246 4788 in
3267 4733 3507 4788 externis
3523 4733 3639 4802 qui-

2062 4839 2183 4893 dem
2209 4834 2426 4907 prmliis,
2457 4832 2739 4904 qulsemcl
2771 4828 3022 4885 ceciderit
3053 4828 3390 4894 animamque
3419 4823 3636 4888 efflat-it,

2063 4947 2170 4985 non
2199 4938 2372 5001 potest
2392 4943 2420 4981 a
2451 4923 2974 4994 militerecuperari,
3007 4929 3062 4976 et
3086 4919 3154 4974 ad
3181 4919 3344 4973 vitam
3366 4915 3630 4972 revocari.

2062 5020 2326 5076 Caeterum
2355 5020 2408 5074 in
2435 5019 2537 5073 hoc
2561 5017 2700 5072 bello
2725 5015 3034 5085 pr:elioque,
3056 5010 3214 5066 etiam
3237 5009 3280 5063 si
3299 5008 3419 5078 quis
3442 5005 3637 5079 lethale

2061 5113 2255 5171 vulnus
2279 5109 2564 5178 acceperit,
2598 5107 2710 5162 fieri
2737 5111 2934 5176 potest,
2959 5113 3017 5156 ut
3044 5100 3330 5156 auxiliante
3360 5096 3516 5154 nobis
3546 5094 3637 5149 De:

2061 5207 2228 5278 gratia
2259 5221 2380 5261 eum
2419 5203 2489 5258 ad
2515 5203 2678 5256 vitam
2708 5199 3043 5259 reducamus.
3075 5193 3191 5249 Non
3216 5192 3358 5247 enim
3395 5189 3514 5244 hac
3540 5201 3635 5241 na-

2063 5308 2194 5354 turae
2221 5311 2366 5354 mors
2389 5306 2492 5359 est,
2523 5290 2965 5364 quemadmodum
2993 5288 3104 5354 illa,
3136 5284 3233 5341 sed
3266 5282 3553 5352 voluntatis
3576 5291 3637 5334 ac

2063 5391 2340 5462 propositi.
2390 5387 2729 5443 Voluntatem
2771 5393 2949 5438 autem
2995 5387 3258 5436 mortuam
3295 5375 3421 5436 licet
3465 5373 3636 5427 denuo

2127 5570 2144 5599 ι
2177 5572 2386 5624 Quatuor
2408 5571 2535 5616 Mss,
2559 5554 2960 5624 Qttemadmodtmt
2982 5551 3157 5603 milites
3180 5550 3378 5614 facium.
3401 5545 3468 5597 ita
3487 5547 3530 5594 ct
3551 5553 3638 5595 nos

2061 5619 2314 5692 metamus.
2343 5624 2419 5684 Illi
2441 5619 2588 5683 etaim,
2610 5619 2690 5678 ubi
2711 5619 2978 5691 certauisse.
3002 5624 3096 5669 etc.

3757 74 3796 592 l1

3779 599 3796 764 ὁ

3787 827 3796 1202 i
