3850 6224
166 255 268 314 θείτ

165 371 591 443 ἑζωγρημένους
623 369 713 424 ὑπ’
746 369 910 423 αὑτοῦ
946 373 1027 434 εἰς
1049 369 1109 424 16
1129 369 1342 424 ἐκείνου
1372 369 1581 440 θέλημα
1605 385 1620 400 ⁸
1652 370 1746 423 καὶ

171 454 252 526 μὴ
272 454 533 525 πρότερον
551 453 898 523 ἀποστῶμεν.
914 454 1018 516 ’έως
1036 455 1100 507 ἂν
1123 453 1191 507 τά
1208 469 1282 506 πα
1292 453 1335 524 9’
1358 453 1510 523 ἡμῶν
1532 453 1748 507 ἅπαντα

168 538 573 608 πληρώσωμεν,
603 536 666 589 ἄν
689 553 748 588 τε
779 536 1092 596 πείθωνται.
1112 537 1177 590 ἄν
1215 553 1276 588 τε
1309 535 1382 607 μὴ
1418 535 1744 589 πείθωνται*

172 621 377 690 μᾶλλον
409 620 463 672 δέ
485 619 745 673 ἀδύνατον
764 621 1125 689 Χριστιανοὺς
1151 619 1309 682 ὄντας
1337 619 1410 690 μὴ
1435 619 1744 688 πεισθῆναι.

169 703 324 774 Πλὴν
361 702 476 755 ἀλλ’
508 702 595 755 ἵνα
625 702 759 771 μηδέ
796 701 1001 772 ταύτην
1038 703 1200 774 ἔχητε
1247 702 1540 772 πρόφασιν,
1575 702 1750 755 ἐκεῖνο

169 787 341 853 λέγω,
365 787 492 838 ὅταν
529 784 700 836 πολλὰ
725 783 969 847 κενώσας
1001 787 1240 855 ῥήματα,
1277 785 1369 837 καὶ
1403 785 1585 838 πάντα
1619 785 1746 855 πλη-

177 868 366 942 ρώσας
396 866 464 920 τὰ
493 870 643 939 παρά
691 867 912 933 σαυτοῦ,
939 870 1059 942 ἴδῃς
1094 869 1256 922 αὐτὸν
1296 868 1370 939 μὴ
1409 867 1752 936 πειθόμενον,

175 950 356 1020 ἄγαγε
383 952 520 1022 πρὸς
547 953 673 1014 τους
699 953 888 1021 ίερεῖς,
920 950 1014 1004 καὶ
1044 951 1258 1014 πάντως
1283 954 1348 1022 τῇ
1376 949 1467 1002 τοῦ
1491 949 1625 1003 Θεοῦ
1653 951 1755 1020 χά-

180 1051 298 1104 ριτι
328 1034 671 1105 περιέσονται
717 1033 816 1102 τῆς
858 1033 1047 1104 θήρας,
1085 1033 1181 1084 καὶ
1221 1033 1282 1084 16
1321 1034 1426 1084 πᾶν
1459 1031 1611 1085 ἔσται
1663 1033 1756 1086 σὺν

179 1117 278 1169 τοῦ
311 1118 839 1187 χειραγωγήσαντος.
873 1118 1056 1170 Ταῦτα
1084 1118 1176 1170 καὶ
1205 1113 1450 1184 γυναιξὶν
1475 1115 1524 1168 οἱ
1565 1116 1758 1185 ἄνδρες

179 1200 517 1267 διαλέγεσθε,
551 1202 645 1253 καὶ
675 1203 933 1267 γυναῖκες
984 1201 1230 1272 ἀνδράσι,
1259 1200 1364 1251 -καὶ
1403 1199 1558 1252 παισί
1589 1199 1756 1252 πατέ-

185 1301 302 1354 ρες,
331 1284 425 1336 καὶ
452 1284 595 1351 φίλοι
635 1284 833 1351 φίλοις.
869 1282 1208 1336 Μαθέτωσαν
1245 1283 1335 1334 καὶ
1381 1281 1643 1345 Ἰουδαῖοι,
1667 1283 1760 1335 καὶ

181 1368 233 1418 οι
277 1364 395 1436 μεθ’
414 1366 569 1434 ἡμῶν
606 1365 706 1436 μὲν
735 1366 992 1434 τετάχθαι
1022 1365 1324 1428 δοκοῦντες,
1353 1363 1421 1416 τὰ
1442 1363 1497 1416 δὲ
1529 1366 1758 1420 ἐκείνων

1364 247 1724 320 ΔΙΝΕΒΒΠΞ
1758 248 2067 306 .IUDAEOS.
2109 249 2244 305 VIII.

3315 232 3422 309 92's

1856 369 2210 442 φρονοῦντες,
2234 371 2316 425 ὅτι
2340 369 2539 440 σπουδή
2563 387 2647 434 τις
2665 372 2798 441 ἡμῖν
2829 362 2946 426 ἐστι
2970 366 3063 424 καὶ
3088 362 3306 442 φροντὶς
3327 364 3420 450 καί⁸

1855 454 2132 525 ἀγρυπνία
2158 454 2296 524 ὑπὲρ
2319 453 2425 506 τῶν
2450 451 2692 521 ἀδελφῶν
2713 452 2821 505 τῶν
2841 454 3123 523 ἡμετέρων
3151 453 3257 506 τῶν
3286 453 3421 524 1:96;

1855 536 2096 597 ἐκείνους
2112 535 2572 605 αὐτομολούντων.
2595 535 2701 586 Καὶ
2733 531 2948 598 πάντως
2976 537 3081 606 1:96
3105 534 3262 606 ἡμῶν
3282 537 3424 588 ἐκεῖέ

1857 635 1938 672 νοι
1966 619 2248 672 διώσονται
2275 619 2401 682 τοὺς
2431 619 2560 688 παρ’
2589 619 2747 688 ἡμῶν
2774 623 2892 672 ἐκεῖ
2921 619 3221 688 φοιτῶντας
3242 635 3254 647 ’
3293 621 3426 690 μᾶλ-

1859 701 1950 753 λον
1989 702 2045 754 δὲ
2079 702 2200 754 οὐδὲ
2246 701 2505 772 τολμήσει
2551 700 2737 754 λοιπόν
2786 720 2868 765 τις
2914 705 3250 772 καταφυγεῖν
3294 701 3429 770 πρὸς

1861 786 2079 847 αὐτοὺς,
2106 784 2222 838 ἀλλ’
2253 784 2404 838 ἔσται
2425 784 2486 836 16
2503 784 2661 854 σῶμα
2685 782 2925 855 καθαρὸν
2942 785 3042 852 τῆς
3077 781 3423 854 Ἐκκλησίαςι

1869 868 1931 922 Ὀ
1961 869 2017 921 δὲ
2065 867 2218 931 Θεὸς,
2264 869 2292 920 6
2334 867 2502 920 θέλων
2553 868 2756 930 πάντας
2807 867 3047 936 σωθῆναι
3086 861 3426 938 ἀνθρώπους,

1859 951 1952 1002 καὶ
1985 953 2064 1013 εἰς
2112 951 2407 1018 ἐπίγνωσιν
2445 949 2702 1019 ἀληθείας
2741 949 2936 1013 ἐλθεῖν,
2991 952 3134 1020 ὑμᾶς
3192 965 3251 1002 τε

1859 1034 1956 1103 τὴν
1981 1032 2152 1104 θήραν
2177 1033 2377 1104 ταύτην
2403 1032 2790 1103 δυναμώσειεν,
2826 1033 3066 1094 ἐκείνους
3090 1033 3145 1085 δὲ
3173 1033 3270 1100 τῆς
3298 1031 3432 1084 πλά-

1864 1131 1961 1184 νης
1987 1115 2192 1184 ταύτης
2224 1115 2522 1182 ἀπαγάγοι,
2571 1115 2664 1166 καὶ
2711 1115 2914 1176 πάντας
2945 1117 3096 1183 κοινῇ
3136 1105 3432 1174 διασώσας;

1865 1195 2220 1260 καταξιώσειε
2260 1189 2364 1265 ’τῆς
2411 1195 2686 1265 βασιλείας
2709 1195 2818 1248 τῶν
2865 1195 3111 1265 οὐρανῶν
3155 1198 3232 1257 εἰς
3277 1194 3434 1258 δόξαν

1866 1279 2055 1342 αὐτοῦ,
2085 1280 2165 1331 ὅτι
2185 1278 2332 1348 αύτῷ
2360 1280 2560 1350 πρέπει
2589 1279 2762 1350 ἡδόξα
2783 1283 2876 1332 καὶ
2904 1279 2964 1332 16
2993 1279 3190 1350 κράτος
3212 1280 3289 1340 εἰς
3310 1279 3436 1340 τοὺς

1869 1362 2071 1425 αἰῶνας
2102 1361 2212 1414 τῶν
2241 1359 2471 1415 αἰώνων.
2518 1363 2713 1433 Ἀμήν.

190 1507 3436 1534 W

1331 1671 1629 1758 ΚΑΤΑ
1734 1667 2295 1756 ΙΟΥΔΑΙΩΝ.

765 1959 960 2027 Λόγος
983 1953 1214 2027 ὄγδοος.

268 2061 336 2121 αδ.
357 2063 639 2137 Παρῆλθεν
665 2065 698 2134 ἡ
725 2063 945 2134 νηστεία
969 2063 1078 2117 τῶν
1117 2064 1406 2127 Ἰουδαίων,
1434 2066 1634 2134 μᾶλλον
1655 2061 1710 2120 δέ
1737 2069 1771 2140 η

197 2151 343 2222 μέθη
373 2151 477 2203 τῶν
527 2148 816 2201 Ἰουδαίων.
851 2149 1006 2200 Ἔστι
1047 2147 1158 2219 γὰρ
1191 2149 1284 2202 καὶ
1313 2150 1481 2220 χωρὶς
1506 2151 1648 2204 οίνου
1680 2170 1777 2223 με-

194 2228 370 2297 θύειν,
403 2233 517 2284 ἔστι
545 2231 637 2284 καὶ
653 2235 888 2300 νήφοντα
919 2233 1194 2302 παροινεῖν
1220 2231 1312 2284 καὶ
1341 2235 1397 2284 ἐν
1427 2234 1637 2305 ἀσωτίᾳ
1667 2253 1776 2288 κω-

200 2315 418 2388 μάζειν.
443 2316 506 2367 Εἰ
533 2315 606 2385 μὴ
633 2308 701 2384 ἦν
725 2313 896 2383 χωρὶς
924 2311 1067 2366 οἴνου
1100 2313 1340 2384 μεθύειν,
1363 2315 1463 2368 οὐκ
1484 2315 1549 2369 ἂν
1575 2312 1727 2370 εἶπεν
1750 2316 1779 2370 6

198 2401 513 2470 προφήτης,
556 2397 699 2450 Οὐαὶ
741 2399 796 2449 οι
832 2397 1156 2464 μεθύοντες
1184 2399 1294 2451 οὐκ
1329 2398 1447 2452 ἀπὸ
1499 2398 1696 2452 οἷν-ου’
1731 2401 1779 2452 εί

203 2482 281 2552 μὴ
320 2478 388 2552 ἦν
430 2481 597 2550 χωρὶς
621 2477 765 2532 οῖνου
802 2478 1044 2548 μεθύειν,
1080 2481 1180 2532 οὐκ
1211 2479 1276 2532 ἂν
1300 2474 1454 2532 εἶπεν
1487 2482 1516 2533 6
1546 2480 1778 2545 Παῦλος,

199 2565 302 2630 Μὴ
331 2565 711 2632 μεθύσκεσθε
749 2563 909 2626 οῖνῳ.
955 2563 1041 2626 Ὠς
1075 2563 1183 2633 γὰρ
1213 2563 1331 2616 ἐνὸν
1361 2563 1452 2615 καὶ
1478 2563 1654 2626 ἄλλως
1688 2581 1783 2633 με-

201 2639 378 2710 θύειν,
405 2643 554 2699 εἷπε·
594 2645 690 2713 Μὴ
709 2645 1092 2714 μεθύσκεσθε
1119 2645 1281 2708 οϊνῳ.
1319 2645 1474 2697 Ἐστι
1509 2645 1638 2714 γὰρ,
1669 2645 1784 2698 ἐστι

201 2732 302 2782 καὶ
327 2730 462 2799 ὀργῇ
498 2727 738 2797 μεθύειν.
785 2726 880 2780 καὶ
914 2725 1182 2796 ἐπιθυμίᾳ
1213 2726 1420 2794 ἀτόπῳ,
1451 2728 1546 2780 καὶ
1588 2727 1784 2799 φιλαρ-

201 2813 396 2882 γυρία,
426 2812 522 2864 καὶ
559 2809 855 2879 κενοδοξία,
902 2809 997 2862 καὶ
1040 2809 1256 2880 μυρίοις
1304 2810 1511 2878 ἑτέροις
1565 2809 1783 2864 πάθεσι.

202 2894 366 2966 Μέθη
405 2895 514 2963 γάρ
549 2893 701 2946 οὐδὲν
742 2891 927 2960 ἔτερόν
961 2893 1126 2951 ἐστιν,
1165 2889 1282 2942 ἀλλ’
1313 2890 1346 2958 ἢ
1384 2893 1638 2955 ἔκστασις
1679 2893 1788 2945 τῶν

203 2975 388 3047 ὀρθῶν
433 2974 732 3043 λογισμῶν,
782 2973 876 3025 καὶ
919 2973 1337 3043 παραφροσύνη,
1381 2973 1606 3044 καὶτῆς
1649 2975 1789 3028 κατὰ

210 3059 393 3129 ψυχὴν
423 3056 633 3125 ὑγιείας
663 3055 963 3125 ἀναίρεσις.

288 3140 361 3192 Ού
395 3139 574 3190 τοίνυν
634 3137 792 3208 μόνον
835 3137 864 3189 6
912 3136 1147 3207 ἄκρατον
1220 3136 1549 3206 ἐκχεόμενος
1602 3138 1787 3203 πολὺν,

209 3221 351 3277 ἀλλά
378 3221 471 3275 καὶ
503 3223 530 3273 6
557 3221 726 3282 πάθος
743 3220 930 3290 ἕτερον
947 3221 1004 3270 ἐν
1037 3221 1104 3288 τῇ
1135 3218 1280 3288 ψυχῇ
1307 3220 1546 3290 τρέφων,
1577 3220 1794 3290 μεθύειν

210 3304 430 3374 λέγοιτο
458 3303 523 3356 ἂν
561 3302 798 3372 ἰσχυρῶς
821 3315 870 3355 ιι,
902 3297 1013 3354 καὶ
1053 3300 1162 3371 γὰρ
1195 3302 1222 3352 ὁ
1252 3301 1508 3369 γυναικὸς
1543 3305 1681 3374 ἐρῶν
1699 3306 1797 3375 τῆς

211 3387 491 3448 ούκίδίας.
519 3386 613 3438 καὶ
641 3385 870 3455 πόρναις
900 3382 1229 3453 ἐσχολακὼς,
1261 3385 1469 3454 μεθύει.
1490 3387 1600 3440 Καὶ
1625 3389 1797 3441 καθά-

214 3487 330 3542 περ
370 3471 595 3531 ἐκεῖνος.
627 3469 655 3521 ό
701 3467 868 3519 πολὺν
925 3467 1164 3538 ἄκρατον
1213 3465 1352 3518 πιὼν
1408 3470 1501 3520 καὶ
1567 3487 1797 3541 παρενε-

215 3554 369 3624 χθεὶς
401 3551 727 3618 ἀνελεύθερα
753 3549 1048 3619 φθέγγεται
1084 3549 1322 3620 ῥήματα,
1353 3552 1444 3604 καὶ
1476 3551 1636 3622 ἐτερα
1685 3553 1801 3606 ἀνθ’

215 3636 422 3708 ἐτέρων
451 3637 583 3706 όρᾷο
624 3633 766 3686 οὕτω
805 3634 898 3685 καὶ
931 3626 1102 3693 οὗτος,
1142 3632 1391 3704 καθάπερ
1434 3635 1578 3698 τινὸς
1626 3637 1803 3707 ἀκρά-

215 3737 338 3781 του,
361 3719 459 3786 τῆς
486 3716 785 3770 ἀκολάστου
818 3713 1024 3783 ταύτης
1061 3713 1356 3783 ἐπιθυμίας
1397 3715 1801 3786 πληρούμενος,

217 3800 377 3854 οὐδὲν
420 3799 567 3866 ὑγιὲς
614 3797 838 3868 ἐκφέρει
874 3797 1047 3866 ῥῆμα,
1089 3796 1206 3848 ἀλλ’
1248 3798 1449 3864 αἰσχρά
1495 3798 1670 3851 πάντα
1710 3799 1805 3852 καὶ

219 3881 591 3952 διεφθαρμένα
605 3880 698 3933 καὶ
719 3878 1044 3948 ἀνελεύθερα
1073 3879 1166 3931 καὶ
1187 3878 1422 3946 γέλωτος
1440 3880 1693 3949 γέμοντα,
1715 3883 1807 3934 καὶ

220 3966 388 4034 ’ἐτερα
407 3962 687 4034 [ϋῖὀλάνίν
717 3962 917 4033 ἐτέρων
941 3961 1146 4030 βλέπει,
1167 3960 1303 4032 πρὸς
1337 3961 1435 4031 μὲν
1462 3961 1528 4014 τά
1556 3963 1806 4033 ὁρώμενα

220 4049 551 4114 τυφλώττων
569 4064 582 4076 °
611 4048 675 4116 ἢν
692 4045 749 4099 δὲ
781 4044 1036 4115 ἐπιθυμεῖ
1067 4043 1414 4116 καθυϐρίσαι,
1434 4043 1637 4115 ταύτην
1672 4064 1807 4099 παν-

219 4127 396 4200 ταχοῦ
423 4129 846 4199 φανταζόμενος,
879 4129 972 4180 καὶ
1003 4127 1254 4196 καθάπερ
1281 4126 1586 4196 ἐξεστηκὼς
1603 4147 1686 4192 τις
1717 4131 1809 4182 καὶ

221 4213 576 4282 παραπαίων,
610 4213 703 4266 καὶ
727 4213 786 4264 ἐν
809 4210 1110 4275 συλλόγοις,
1137 4211 1230 4264 καὶ
1259 4213 1316 4263 ἐν
1348 4212 1690 4281 συμποσίοις,
1717 4217 1810 4265 καὶ

222 4299 288 4349 ἐν
313 4295 474 4347 παντὶ
510 4293 707 4364 καιρῷ,
743 4294 838 4346 καὶ
877 4293 935 4345 ἐν
966 4293 1129 4346 παντὶ
1167 4293 1340 4362 τόπῳ,
1387 4293 1594 4364 μυρίων
1643 4296 1809 4365 μυρία

222 4377 369 4448 πρὸς
395 4376 558 4428 αὑτὸν
599 4375 1028 4443 διαλεγομένων,
1064 4373 1188 4427 οὔτε
1222 4374 1442 4428 ἀκούειν
1482 4375 1645 4440 δοκεῖ,
1677 4377 1812 4432 ἀλλὰ

223 4459 369 4529 πρὸς
393 4459 607 4528 ἐκείνην
634 4459 874 4521 τέταται,
893 4456 988 4510 καὶ
1013 4457 1112 4528 τὴν
1137 4457 1412 4529 ἁμαρτίαν
1445 4459 1779 4530 ὀνειροπολεῖ
1794 4469 1812 4491 ”

225 4543 330 4598 καὶ
375 4542 551 4595 πάντα
586 4542 850 4612 ὑφορᾶται
897 4540 990 4593 καὶ
1045 4539 1268 4604 δέδοικε,
1310 4541 1630 4610 λινοπλῆγός
1673 4561 1813 4606 τινος

231 4624 378 4690 ζώου
409 4624 560 4677 οὐδὲν
588 4624 810 4695 ἄμεινον
839 4622 1197 4692 διακείμενος.
1231 4623 1343 4676 Καῖ
1369 4626 1398 4677 6
1423 4625 1557 4695 ὀργῇ
1595 4626 1819 4696 κατεχό-

237 4721 403 4778 μενος
437 4706 627 4777 μεθύει
681 4707 875 4760 πάλιν·
919 4705 1064 4758 οὓτω
1106 4707 1236 4774 γοῦν
1284 4708 1448 4762 αὑτοῦ
1495 4710 1587 4762 καὶ
1625 4712 1658 4779 ἡ
1697 4711 1818 4779 ὄψις

233 4793 389 4856 οἰδεῖ,
417 4792 513 4844 καὶ
538 4793 574 4862 ἡ
600 4791 752 4862 φωνὴ
781 4790 1134 4860 τραχύνεται,
1157 4792 1251 4844 καὶ
1285 4793 1334 4844 οἱ
1358 4792 1622 4863 ὀφθαλμοὶ
1642 4794 1817 4862 γίνον-

236 4887 330 4930 ται
379 4876 642 4945 ῦφαιμοι,
686 4875 781 4928 καὶ
813 4876 844 4926 6
882 4873 1008 4937 νοῦς
1064 4873 1368 4938 σκοτοῦται,
1416 4877 1510 4929 καὶ
1544 4879 1577 4946 ἡ
1609 4877 1817 4930 διάνοια

237 4959 716 5022 καταποντίζεται,
747 4958 842 5010 καὶ
859 4958 892 5026 ἡ
923 4956 1142 5024 γλῶσσα
1163 4958 1354 5028 τρέμει
1370 4959 1416 5024 ὶι,
1443 4960 1535 5012 καὶ
1554 4960 1604 5012 οί
1627 4959 1820 5026 ὀφθαλο

242 5042 338 5113 μοὶ⁵
371 5041 806 5113 παραφέρονται,
848 5033 942 5093 καί
983 5041 1038 5092 αἱ
1083 5034 1244 5094 ἀκοαῖ
1281 5042 1442 5112 ἕτερα
1474 5042 1590 5095 ἀνθ’
1618 5044 1819 5114 ἐτέρων

239 5123 552 5188 ἀκούουσιν,
581 5126 824 5196 ἀκράτου
866 5119 1066 5183 παντὸς
1112 5125 1488 5195 χαλεπώτερον
1527 5125 1632 5194 τῆς
1653 5127 1822 5196 ὀργῆς

241 5209 409 5263 αὐτοῦ
444 5207 788 5278 πληττούσης
816 5205 917 5276 τὴν
949 5206 1208 5274 μήνιγγα,
1243 5209 1336 5260 καὶ
1380 5207 1622 5278 χειμῶνα
1652 5211 1819 5278 ἔργα-

243 5297 503 5370 ζομένης,
541 5299 637 5352 καὶ
679 5296 850 5365 ζάλην
904 5295 1164 5364 ποιούσης
1197 5297 1645 5368 ἀπαραμύθητον.
1678 5300 1739 5351 Εἰ
1768 5299 1823 5351 δὲ

244 5380 514 5450 ἐπιθυμία
560 5397 641 5442 τις
699 5380 791 5431 καὶ
828 5377 966 5444 ὀργῇ
1014 5378 1375 5446 κατεχόμενος
1405 5379 1611 5448 μεθύει,
1647 5379 1826 5450 πολλῷ

251 5463 452 5530 μᾶλλον
482 5460 697 5516 ἀσεϐῶν
731 5458 1043 5527 ἅνθρωπος.
1079 5459 1173 5510 καὶ
1197 5462 1274 5523 εἰς
1304 5462 1436 5514 Θεὸν
1467 5462 1822 5534 βλασφημῶν,

310 5611 327 5634 ⁸
351 5612 490 5660 I‘mls
510 5611 615 5671 cod:
642 5608 698 5671 ἄν
719 5601 936 5671 εἰκότως.
966 5657 977 5671 Ι

307 5671 339 5714 b
361 5658 504 5724 υπῂς
523 5670 630 5729 Qad.
654 5667 858 5729 γλῶσσα
887 5658 1157 5718 σφάλλεται,

1874 1964 1970 2016 καὶ
2016 1956 2426 2031 ἐναντιούμενος
2464 1959 2630 2014 αὐτοῦ
2661 1962 2773 2023 τοῖς
2799 1960 3004 2030 νόμοις,
3028 1962 3118 2014 καὶ
3151 1962 3247 2032 τῆς
3285 1964 3443 2018 ἀκαί-

1877 2064 1972 2118 ρου
1995 2044 2324 2118 φιλονεικίας
2377 2043 2644 2113 μηδέποτε
2687 2045 2892 2114 ταύτης
2918 2044 3236 2111 καθυφεῖναι
3265 2047 3446 2115 βουλό-

1879 2116 2058 2199 μενος,
2087 2116 2273 2199 μεθύει
2322 2126 2416 2179 καὶ
2460 2127 2694 2197 μέμηνε,
2729 2127 2821 2178 καὶ
2851 2127 3214 2196 κωμαζόντων
3244 2130 3337 2182 καὶ
3363 2130 3447 2196 ἐξ-

1878 2211 2184 2282 εστηκότων
2199 2209 2523 2280 ἀθλιώτερον
2556 2209 2842 2272 διάκειται,
2870 2210 2973 2262 κᾶν
3006 2211 3168 2274 αὐτὸς
3201 2212 3448 2265 αἰσθάνε-

1880 2297 2000 2348 σθαι
2033 2296 2108 2366 μὴ
2135 2295 2284 2364 δοκῇ.
2309 2292 2477 2345 Τοῦτο
2509 2293 2619 2364 γὰρ
2643 2293 2876 2362 μάλιστα
2903 2293 3072 2364 μέθης
3101 2297 3248 2347 ἐστὶν
3279 2295 3448 2361 ἀξιον,

1879 2379 1939 2432 16
1959 2390 1980 2417 ε
2025 2378 2160 2449 μηδὲ
2195 2379 2253 2431 ἐν
2282 2372 2363 2440 οἷς
2389 2393 2472 2440 τις
2503 2377 2804 2447 ἀσχημονεῖ
2845 2376 3096 2446 αἴσθησίν
3124 2395 3244 2430 τινα
3273 2378 3446 2448 ἔχειν’

1881 2460 2071 2532 ὥσπερ
2113 2456 2204 2513 οῦν
2239 2459 2331 2513 καὶ
2371 2459 2757 2530 παραπληξίας
2791 2459 2946 2511 τοῦτο
2982 2459 3216 2529 μάλιστά
3242 2461 3360 2514 ἐστι
3393 2461 3452 2514 16

1882 2543 2074 2608 δεινὸν,
2110 2545 2191 2596 ὅτι
2224 2541 2502 2604 νοσοῦντες
2531 2541 2648 2594 ούδέ
2681 2540 2812 2593 αὐτὸ
2850 2539 3008 2592 τοῦτο
3029 2543 3226 2604 ἴσασιν,
3255 2542 3337 2595 ὃτι
3363 2560 3452 2596 v0-

1886 2624 2070 2677 σοῦσιν
2091 2641 2103 2654 ·
2130 2622 2414 2693 ώσπεροῦν
2445 2625 2538 2676 καὶ
2565 2624 2614 2675 οι
2657 2621 2897 2674 Ἰουδαῖοι
2923 2622 3016 2675 νῦν
3043 2623 3330 2692 μεθύοντες
3355 2626 3456 2678 οὐκ

1886 2707 2251 2762 αἰσθάνονται.
2295 2707 2362 2758 Ἠ
2387 2707 2484 2776 μὲν
2515 2704 2606 2759 οὖν
2641 2707 2865 2777 νηστεία
2890 2706 3068 2759 αὐτῶν
3096 2707 3394 2778 παρῆλθεν,
3419 2711 3453 2780 ἡ

1891 2789 2062 2860 μέθης
2092 2788 2308 2859 ἀπάσης
2341 2789 2700 2860 αἰσχροτέρα’
2733 2791 2892 2858 ἡμεῖς
2937 2788 2994 2841 δὲ
3032 2792 3129 2859 τὴν
3177 2791 3305 2860 περὶ
3331 2792 3458 2854 τοὺς

1889 2871 2152 2940 ἀδελφοὺς
2171 2871 2296 2933 τοὺς
2318 2871 2619 2941 ἡμετέρους
2655 2871 2730 2940 μὴ
2759 2870 3153 2942 καταλύσωμεν
3181 2874 3457 2944 πρόνοιαν,

1893 2955 2026 3024 μηδέ
2057 2953 2282 3022 ἄκαιρόν
2304 2970 2423 3004 τινα
2448 2953 2757 3022 νομίσωμεν
2787 2953 2965 3004 αὐτῶν
2990 2952 3127 3006 εἶναι
3157 2954 3340 3007 λοιπὸν
3363 2955 3467 3027 τὴν

1891 3037 2207 3106 ἐπιμέλειαν
2235 3047 2249 3065 ί
2274 3035 2387 3089 ἀλλ’
2407 3037 2542 3107 ὅπερ
2574 3037 2620 3089 οἰ
2650 3035 2978 3106 στρατιῶται
3013 3037 3278 3100 ποιοῦσιν,
3312 3040 3464 3092 ἐπει·

1891 3120 1986 3173 δαν
2003 3120 2029 3158 σί
2063 3111 2336 3191 συμϐολῆς
2362 3120 2660 3191 γενομένης
2687 3119 2994 3191 τρέψωνται
3021 3123 3147 3184 τοὺς
3164 3123 3460 3188 ἐναντίους,

1898 3204 2007 3258 ἀπὸ
2043 3205 2140 3275 τῆς
2190 3204 2424 3270 διώξεως
2468 3204 2799 3267 ἐπανιόντες,
2832 3205 2932 3257 οὐκ
2969 3205 3168 3269 εὐθέως
3217 3206 3311 3258 ἐπὶ
3367 3208 3466 3272 τὰς

1900 3286 2103 3356 σκηνάς
2124 3287 2428 3357 τρέχουσιν,
2459 3285 2592 3338 ἀλλά
2625 3287 2886 3356 πρότερον
2918 3286 3012 3338 ἐπὶ
3043 3287 3132 3339 τὸν
3159 3288 3324 3340 τόπον
3368 3290 3468 3360 τῆς

1901 3386 1964 3420 συ
1973 3368 2174 3439 μθολῆς
2198 3366 2461 3430 ἐλθόντες,
2478 3369 2602 3431 τοὺς
2620 3368 2681 3431 ἐξ
2701 3368 2879 3421 αὐτῶν
2897 3385 3106 3422 καταπε
3116 3369 3305 3433 σόντας
3332 3369 3471 3435 ἐξαι-

1904 3449 2141 3522 ροῦνται,
2184 3448 2278 3500 καὶ
2309 3451 2434 3512 τους
2465 3451 2562 3518 μὲν
2601 3450 2971 3515 ἀποθανόντας
3003 3454 3068 3522 τῇ
3101 3455 3172 3523 γῇ
3205 3453 3474 3524 κρύπτουο

1903 3556 2008 3602 σιν,
2049 3541 2096 3591 εἰ
2130 3538 2187 3590 δέ
2216 3555 2366 3600 τινας
2411 3537 2567 3590 ἴδοιεν
2601 3534 2802 3606 μεταξὺ
2836 3534 2944 3588 τῶν
2977 3536 3188 3606 νεκρῶν
3211 3538 3473 3600 πνέοντας

1904 3619 2004 3680 ἔτι,
2037 3620 2130 3672 καὶ
2163 3618 2236 3690 μὴ
2257 3618 2476 3688 καιρίαν
2508 3617 2730 3688 ἔχοντας
2757 3617 2992 3688 πληγὴν,
3018 3621 3099 3681 εἰς
3135 3619 3232 3682 τὰς
3269 3620 3474 3690 σκηνὰς

1904 3701 2216 3770 ἀνελόμενοι
2263 3701 2402 3770 μετὰ
2457 3699 2657 3768 πολλῆς
2705 3701 2980 3767 ἀπάγουσι
3029 3701 3128 3770 τῆς
3157 3703 3472 3770 θεραπείας,

1907 3786 2002 3837 καὶ
2033 3785 2094 3836 16
2134 3785 2288 3853 βέλος
2316 3783 2724 3847 ἐξελκύσαντες,
2751 3784 2845 3836 καὶ
2879 3784 3094 3852 ἰατροὺς
3127 3784 3475 3849 καλέσαντες,

1907 3868 2000 3920 καὶ
2021 3867 2080 3918 16
2111 3863 2248 3935 αἷμα
2280 3865 2730 3935 περιπλύναντες,
2759 3867 2851 3917 καὶ
2884 3866 3148 3935 φάρμακα
3179 3867 3476 3931 ἐπιθέντες,

1908 3951 2004 4003 καὶ
2050 3949 2118 4001 τά
2155 3948 2290 4003 ἄλλα
2335 3949 2515 4002 πάντα
2561 3947 3049 4017 ἐπιμελησάμενοι,
3102 3949 3237 4020 πρὸς
3268 3950 3476 4018 ὑγίειαν

1908 4033 2273 4102 ἐπανάγουσιν
2293 4045 2307 4060 °
2345 4030 2486 4084 οὕτω
2516 4031 2610 4083 καὶ
2639 4032 2801 4100 ἡμεῖς
2838 4031 3035 4096 τοίνυν,
3075 4031 3263 4102 ἐπειδὴ
3294 4035 3360 4103 τῇ
3380 4033 3473 4086 τοῦ

1909 4117 2044 4170 Θεοῦ
2069 4117 2248 4187 χάριτι
2283 4116 2410 4178 τοὺς
2447 4112 2734 4176 Ἰουδαίους
2759 4111 3079 4183 ἐδιώξαμεν,
3110 4116 3235 4178 τοὺς
3265 4117 3478 4185 προφή-

1911 4212 2009 4262 τας
2040 4200 2222 4261 αὐτοῖς
2257 4195 2666 4266 ἐφοπλίσαντες,
2701 4195 3038 4267 πανταχόθεν
3055 4197 3366 4260 ἐπανιόντες
3387 4196 3482 4249 νῦν

1914 4281 2133 4353 ῖδωμεν,
2167 4283 2238 4353 μή
2284 4297 2429 4342 τινες
2469 4279 2579 4332 τῶν
2613 4278 2855 4348 ἀδελφῶν
2897 4278 3006 4332 τῶν
3049 4279 3330 4350 ἡμετέρων
3357 4279 3484 4332 ἐπε-

1915 4383 2027 4433 σον,
2060 4370 2132 4439 μή
2162 4383 2304 4430 τινες
2323 4365 2430 4419 ἀπὸ
2444 4365 2541 4434 τῆς
2565 4363 2819 4433 νηστείας
2854 4363 3264 4436 παρεσύρησαν,
3297 4365 3370 4434 μή
3403 4381 3486 4416 τι-

1915 4469 2004 4515 νες
2030 4452 2213 4516 αὐτοῖς
2259 4450 2400 4504 κατά
2438 4449 2534 4520 τὴν
2571 4443 2762 4521 ἑορτὴν
2790 4448 3154 4518 ἐκοινώνησαν
3175 4464 3188 4477 '
3213 4450 3306 4500 καὶ
3336 4451 3488 4519 ταφῇ.

1921 4534 2019 4604 μὲν
2049 4534 2248 4606 μηδένα
2279 4533 2636 4604 παραδῶμεν.
2673 4531 2879 4592 πάντας
2903 4530 2960 4584 δὲ
2989 4530 3300 4600 ἀνελόμενοι
3330 4529 3492 4600 θερα-

1919 4618 2228 4688 πεύσωμεν.
2267 4619 2388 4670 Ἐπὶ
2429 4617 2527 4686 μὲν
2565 4615 2672 4686 γάρ
2704 4613 2810 4666 τῶν
2857 4613 3056 4678 ἔξωθεν
3103 4613 3375 4684 πολέμων,
3399 4614 3499 4667 τὸν·

1920 4701 2154 4753 πεσόντα
2176 4700 2322 4766 ἅπαξ
2353 4701 2448 4752 καὶ
2480 4697 2576 4769 τὴν
2597 4696 2772 4768 ψυχὴν
2799 4697 3004 4765 ἀφέντα
3038 4697 3296 4751 ἀδύνατον
3331 4715 3496 4769 0190-

1919 4783 2090 4854 τιώτῃ
2119 4783 2275 4835 πάλιν
2317 4779 2724 4850 ἀνακτήσασθαι
2753 4781 2848 4833 καὶ
2882 4781 3020 4851 πρὸς
3045 4779 3190 4853 ζωὴν
3212 4781 3490 4851 ἐπαναγα-

1923 4868 2038 4935 γεῖν
2062 4883 2076 4896 ·
2109 4867 2198 4917 ἐπὶ
2231 4864 2288 4916 δὲ
2312 4863 2408 4916 τοῦ
2436 4863 2674 4933 πολέμου
2702 4862 2894 4914 τούτου
2921 4863 3014 4916 καὶ
3045 4865 3141 4934 τῆς
3165 4864 3364 4936 μάχης,
3392 4866 3503 4919 κᾶν

1925 4947 2142 5020 καιρίαν
2160 4965 2242 5010 τις
2336 4945 2573 5017 εἰληφὼς
2597 4945 2830 5015 πληγὴν,
2863 4946 3106 5009 δυνατὸν,
3137 4947 3202 5000 ἂν
3232 4948 3498 5019 θέλωμεν,

1924 5033 2024 5100 τῆς
2068 5029 2162 5084 τοῦ
2195 5030 2329 5082 Θεοῦ
2359 5031 2581 5100 χάριτος
2620 5032 3102 5101 συνεφαπτομένης
3155 5034 3312 5102 ἡμῖν,
3363 5032 3500 5102 πρὸς

1929 5114 2072 5183 ζωὴν
2119 5113 2281 5166 αὑτὸν
2328 5113 2735 5182 χειραγωγῆσαι
2795 5113 2976 5169 πάλιν.
3006 5115 3082 5167 Ού
3126 5116 3234 5185 γὰρ
3287 5115 3505 5184 φύσεως-

1926 5193 2080 5260 οῧτος
2101 5199 2129 5248 6
2155 5196 2400 5260 θάνατος,
2430 5196 2680 5266 καθάπερ
2711 5198 2932 5261 ἐκεῖνος,
2969 5197 3102 5250 ἀλλά
3133 5199 3503 5270 προαιρέσεως

1930 5281 2025 5332 καὶ
2069 5279 2322 5350 γνώμης·
2371 5278 2688 5348 προαίρεσιν
2746 5279 2805 5332 δὲ
2851 5281 3230 5334 ἀποθανοῦσαν
3279 5281 3504 5333 δυνατὸν

1932 5363 2231 5434 ἀναστῆσαι
2283 5363 2468 5430 πάλιν,
2515 5361 2610 5414 καὶ
2675 5361 2852 5434 ψυχὴν
2905 5361 3268 5434 νεκρωθεῖσαν
3319 5369 3512 5421 πεῖσαιτ

2004 5549 2025 5570 ⁶’
2050 5542 2186 5591 Unus
2205 5543 2313 5591 cod.
2340 5547 2394 5590 et
2413 5541 2558 5589 Savil.
2586 5542 2725 5602 μέθης
2747 5542 2866 5590 ἰδιον
2885 5542 2957 5590 τό.

2001 5604 2026 5642 d
2051 5607 2278 5666 Qualuor_
2303 5600 2615 5666 majlusctipij
2653 5605 2998 5666 0101;201:6610:
3022 5600 3237 5662 ποιοῦσι,
3278 5603 3357 5652 καὶ
3380 5606 3526 5666 ἡμεῖς

1938 5669 2228 5725 ποιήσωμεν.
2266 5663 2464 5712 Ἐκεῖνοι
2483 5662 2570 5724 γάρ
2595 5662 2797 5709 ἐπειδάν.
