3850 6224
311 195 420 251 929

310 308 449 381 πρὸς
495 304 597 375 τὴν
654 301 864 356 οἰκείαν
908 298 1054 370 ζωὴν
1089 299 1244 372 [6751
1278 298 1624 365 ἐπανελθεῖν,
1668 300 1892 354 καὶτὸν

312 393 483 463 αὐτῆς
519 386 823 457 ἐπιγνῶναι
857 385 1157 456 Δεσπότην.

386 495 451 567 β’.
470 492 627 547 Ἀλλά
648 491 722 561 μὴ
739 486 1134 557 ἀποκάμωμεν,
1150 485 1387 555 ἀδελφοί,
1404 484 1540 556 μηδὲ
1558 482 1894 554 ἐκλυθῶμεν,

320 582 456 654 μηδέ
490 581 875 645 ἀναπέσωμεν,
926 572 1061 642 μηδέ
1101 589 1190 641 μοι
1227 573 1296 624 τά
1330 573 1551 654 ῥήματα
1604 569 1786 654 ἐκεῖνά
1813 584 1896 631 τις

319 652 546 734 λεγέτω,
587 662 669 713 ὅτι
718 657 823 727 πρὸ
868 656 967 724 τῆς
1018 654 1271 725 νηστείας
1298 652 1698 723 ἀσφαλίσασθαι
1735 653 1899 719 ἀναγ-

317 754 470 805 καῖον
492 745 582 819 ῆν,
619 746 710 799 καὶ
736 742 913 796 πάντα
930 743 1177 810 ποιῆσαι,
1211 741 1306 793 νῦν
1334 742 1391 795 δὲ
1425 741 1565 812 μετὰ
1583 739 1647 794 τὸ
1671 738 1900 809 νηστεῦ-

319 852 429 897 σαι,
470 829 607 902 μετά
656 828 718 881 τὸ
759 825 1013 895 γενέσθαι
1051 827 1151 897 τὴν
1185 828 1483 899 ἁμαρτίαν,
1512 825 1652 896 μετὰ
1679 825 1740 878 τὸ
1766 824 1899 896 πλη.

320 919 559 990 ρωθῆναι
587 913 685 984 τὴν
714 913 969 982 ἀνομίαν,
1002 909 1055 963 τί
1090 911 1149 962 τὸ
1173 910 1367 979 δφελος
1391 910 1615 977 λοιπόν;

388 1026 451 1078 EE
476 1023 584 1093 γάρ
615 1037 700 1081 τις
747 1014 874 1080 οἶδε,
918 1018 977 1071 τί
1029 1017 1161 1070 ποτέ
1211 1018 1330 1070 ἐστι
1362 1016 1590 1087 πρόνοια
1633 1014 1897 1083 ἀδελφῶν,

319 1105 428 1168 οἶδε
472 1109 569 1161 καὶ
604 1105 787 1167 τοῦτο,
815 1104 898 1156 ὅτι
925 1102 1021 1157 νῦν
1050 1102 1285 1173 μάλιστα
1320 1101 1602 1155 ἐπιθέσθαι
1630 1101 1766 1167 δεῖ·,
1806 1098 1901 1150 καὶ

322 1195 500 1247 πᾶσαν
534 1189 769 1257 σπουδὴν
808 1186 1202 1249 ἐπιδείξασθαι.
1239 1187 1312 1238 υύ
1354 1185 1463 1255 γὰρ
1502 1185 1567 1255 δὴ
1600 1185 1758 1255 μόνον
1796 1182 1902 1253 πρὸ

320 1278 418 1347 τῆς
440 1273 718 1345 ἁμαρτίας
749 1271 1154 1338 ἀσφαλίσασθαι
1184 1270 1310 1340 χρὴ,
1340 1271 1476 1323 ἀλλά
1516 1270 1610 1323 καὶ
1665 1268 1803 1340 μετὰ
1834 1267 1903 1321 τά

331 1359 592 1429 ττώματα
620 1358 783 1426 χεῖρα
813 1354 1048 1423 ὀρέγειν.
1074 1356 1185 1408 Καὶ
1212 1354 1323 1423 γάρ
1356 1357 1384 1407 ὁ
1405 1354 1555 1419 Θεὸς,
1589 1355 1637 1406 εἰ
1665 1352 1823 1406 τοῦτο
1847 1351 1904 1417 ἐξ

320 1443 496 1516 ἀρχῆς
521 1441 715 1505 ἐποίει,
738 1441 834 1494 καὶ
863 1439 969 1510 πρὸ
998 1439 1100 1508 τῆς
1130 1437 1409 1508 ἁμαρτίας
1438 1435 1771 1506 ῆσφαλίζετο
1807 1435 1903 1506 μό-

319 1546 432 1593 νον,
465 1525 603 1599 μετά
628 1526 685 1579 δὲ
715 1527 813 1595 τὴν
843 1524 1119 1594 ἁμαρτίαν
1143 1521 1490 1591 ἀπεγίνωσκε
1510 1522 1605 1574 καὶ
1626 1520 1776 1588 ῆφίει
1801 1521 1907 1571 κεῖ-

323 1614 447 1669 σθαι
480 1615 540 1667 ἐν
569 1611 648 1682 τῷ
688 1609 944 1681 πτώματι
972 1607 1257 1677 διηνεκῶς,
1296 1606 1472 1669 οὐδεὶς
1507 1604 1722 1659 ἂνιοὺδέ
1745 1602 1906 1672 ἡμῶν

318 1697 502 1768 ἐσώθη
534 1693 685 1750 ποτέ.
734 1692 956 1746 ’Δλλόὺ
1006 1694 1152 1744 ποιεῖ
1197 1689 1377 1754 τοῦτο,
1418 1687 1800 1759 φιλᾶνθρωπος
1832 1683 1906 1737 ὣν

322 1784 417 1837 καὶ
446 1783 673 1852 ἥμερος,
717 1778 810 1831 καὶ
861 1777 964 1847 τῆς
1012 1775 1288 1846 σωτηρίας
1342 1774 1577 1844 μάλιστα
1625 1771 1908 1842 ἐφιέμενος

320 1871 420 1939 τῆς
446 1865 741 1937 ἡμετέρας,
770 1861 907 1916 ἀλλά
933 1862 1029 1913 καὶ
1062 1859 1202 1931 μετά
1220 1858 1289 1912 τά
1309 1859 1686 1928 ἁμαρτήματα
1709 1853 1909 1923 πολλὴν

321 1938 693 2007 ἐπιδείκνυται
724 1947 1015 2018 πρόνοιαν·
1052 1945 1175 1997 ἐπεὶ
1212 1944 1305 1996 καὶ
1332 1944 1424 1995 τὸν
1466 1940 1644 2009 Ἀδὰμ
1677 1938 1909 2008 ἠσφαλί-

325 2053 453 2089 σατο
483 2034 579 2105 μὲν
600 2032 693 2084 καὶ
719 2031 825 2102 πρὸ
849 2030 947 2100 τῆς
974 2027 1271 2098 ἁμαρτίας,
1291 2028 1387 2080 καὶ
1418 2024 1538 2080 εἷπε
1558 2023 1698 2094 πρὸς
1721 2022 1907 2076 αὐτόν·

338 2120 471 2172 tua)
497 2115 723 2180 παντὸς
751 2114 944 2178 ξύλου
978 2112 1081 2165 τοῦ
1115 2112 1185 2165 ἐν
1210 2110 1291 2176 τῷ
1312 2110 1656 2178 παραδείσῳ
1685 2106 1911 2176 βρώσει

324 2204 509 2273 φάγῃ,
540 2200 659 2255 ἀπὸ
696 2200 765 2253 δὲ
802 2199 909 2254 τοῦ
964 2199 1158 2263 ξύλου
1207 2198 1315 2251 τοῦ
1356 2197 1679 2267 γινώσκειν
1721 2195 1915 2249 καλὸν

326 2290 421 2343 καὶ
451 2287 719 2355 πονηρὸν
742 2288 815 2339 οὑ
847 2284 1113 2355 φάῇσθε
1141 2284 1242 2338 ἀπ’
1273 2284 1495 2338 αὐτοῦ’
1522 2277 1561 2355 ᾖ
1584 2281 1636 2335 δ’
1673 2281 1750 2335 ἂν
1767 2280 1910 2349 ἠμέ-

324 2391 400 2441 pa
440 2370 689 2440 φάγητε,
721 2368 954 2432 θανάτῳ
983 2367 1405 2423 ἀποθανεῖσθε.
1444 2367 1576 2420 Ἰδοὺ
1612 2366 1707 2419 καὶ
1730 2368 1795 2435 τῇ
1825 2365 1916 2415 εύ-

326 2455 485 2526 κολίᾳ
520 2451 613 2506 τοῦ
648 2453 841 2522 νόμου,
885 2452 981 2505 καὶ
1021 2455 1090 2521 τῇ
1127 2450 1378 2521 δαψιλείᾳ.
1408 2451 1516 2504 τῶν
1564 2465 1917 2519 συγκεχωρη-

330 2539 533 2608 μένων,
558 2536 653 2589 καὶ
673 2538 739 2607 τῇ
762 2534 1005 2605 τιμωρίᾳ
1030 2536 1133 2604 τῆς
1161 2532 1463 2604 μελλούσης
1489 2533 1785 2595 κολάσεως,
1822 2531 1918 2583 καὶ

329 2622 407 2693 τῷ
457 2621 615 2691 τάχει
670 2620 769 2691 τῆς
818 2618 1119 2687 ἐπαγωγῆς
1153 2618 1234 2689 (οὐ
1283 2617 1392 2689 γὰρ
1434 2612 1555 2670 εἷπε
1597 2616 1734 2688 μετά
1765 2616 1914 2687 μίαν,

332 2705 427 2758 καὶ
456 2704 570 2767 δύο,
604 2703 699 2757 καὶ
732 2705 881 2775 τρεῖς
915 2701 1149 2772 ἡμέρας,
1188 2701 1301 2754 ἀλλ’
1338 2704 1395 2754 ἐν
1434 2702 1573 2772 αὐτῇ
1608 2703 1675 2771 τῇ
1710 2699 1915 2771 ἡμέρᾳ,

332 2784 461 2863 ᾖάν
494 2788 734 2859 φάγητε,
766 2785 984 2856 θανάτῳ
1018 2784 1426 2855 ἀποθανεῖσθε),
1469 2785 1565 2837 καὶ
1600 2783 1765 2836 παντὶ
1790 2783 1919 2853 τρό-

333 2892 438 2943 πῳ,
471 2868 624 2944 ᾧπερ
649 2872 817 2942 ἐχρῆν
847 2869 1250 2938 ἀσφαλίσασθαι
1275 2868 1367 2921 τὸν
1414 2868 1719 2938 ἄνθρωπον,
1749 2867 1923 2935 ἠσφα-

332 2958 531 3021 λίζετο.
573 2956 711 3008 Ἀλλ’
741 2956 891 3025 ὅμως
926 2953 1116 3024 ἐπειδὴ
1171 2952 1310 3024 μετὰ
1355 2952 1623 3020 τοσαύτην
1663 2950 1922 3020 πρόνοιαν

336 3040 434 3096 καὶ
456 3039 801 3094 διδασκαλίαν
821 3037 923 3091 καὶ
950 3035 1273 3109 παραίνεσιν
1307 3035 1403 3089 καὶ
1436 3034 1757 3106 εὐεργεσίαν
1782 3050 1922 3086 κατ-

337 3127 530 3190 έπεσε,
569 3126 663 3179 καὶ
689 3125 790 3178 οὐκ
821 3125 1023 3194 ἢκουσε
1067 3122 1176 3175 τῶν
1199 3121 1611 3192 ἐπιταγμάτων,
1668 3121 1769 3173 οὐκ
1801 3119 1924 3173 εἶπε

341 3211 549 3285 [τοῦτο]
563 3212 591 3263 ό
608 3208 831 3273 Θεὸς,Τί
848 3208 1032 3261 λοιπὸν
1049 3208 1111 3261 τὸ
1126 3207 1307 3270 πλέον,
1325 3208 1376 3261 τί
1392 3207 1453 3260 τὸ
1469 3205 1680 3277 δφελοςς
1699 3205 1922 3275 ἔφαγεν,

337 3297 527 3360 ἔπεσε,
562 3294 779 3367 παρέϐη
828 3292 922 3346 τδν
975 3293 1160 3361 νόμον,
1207 3292 1497 3345 ἐπίστευσε
1551 3291 1628 3362 τῷ
1670 3291 1922 3363 διαϐόλῳ,

337 3379 585 3451 ῆτίμωσέ
614 3395 714 3449 μου
752 3376 853 3448 τὴν
901 3376 1143 3447 ἐντολὴν,
1196 3375 1412 3440 ἐδέξατο
1439 3375 1536 3446 τὴν
1570 3375 1807 3447 πληγὴν,
1841 3394 1926 3429 νε-

343 3464 477 3535 κρὸς
510 3462 748 3530 ἐγένετο,
775 3459 1050 3530 παρεδόθη
1082 3458 1158 3529 τῷ
1186 3459 1419 3529 θανάτῳ,
1460 3459 1565 3512 ὑπὸ
1594 3461 1691 3530 τὴν
1725 3461 1930 3527 ἀπόφα-

342 3566 428 3600 σιν
449 3542 602 3617 ἦλθε,
626 3546 678 3597 τί
706 3545 788 3597 δεῖ
809 3544 995 3598 λοιπὸν
1013 3543 1161 3614 αὐτῷ
1197 3543 1539 3613 διαλέγεσθαι
1561 3562 1576 3612 ;
1611 3545 1779 3599 Ούδέν
1807 3546 1926 3598 τού-

341 3646 450 3683 των
478 3624 653 3693 εἷπεν,
695 3627 831 3682 ἀλλά
870 3627 965 3681 καὶ
1006 3623 1139 3698 ἦλθε
1184 3628 1322 3700 πρὸς
1362 3628 1523 3681 αὑτὸν
1567 3628 1791 3695 εὐθέως,
1837 3631 1931 3683 καὶ

342 3712 612 3783 διελέχθη,
643 3712 738 3765 καὶ
778 3710 1231 3782 παρεμυθήσατο,
1255 3712 1350 3764 καὶ¹
1390 3710 1557 3764 πάλιν
1580 3711 1768 3783 ἓτερον
1800 3712 1930 3765 ἐπέ-

344 3796 481 3866 θηκε
512 3795 827 3867 φάρμακον,
864 3793 925 3846 τὸ
950 3794 1058 3847 τῶν
1084 3793 1263 3848 πόνων
1288 3794 1383 3848 καὶ
1407 3793 1515 3847 τῶν
1549 3794 1810 3864 ἱδρώτων,
1836 3795 1933 3848 καὶ

344 3883 405 3935 οὐ
434 3882 698 3953 πρότερον
741 3878 952 3948 ἀπέστη
1000 3878 1180 3932 πάντα
1211 3876 1378 3932 ποιῶν
1403 3878 1499 3932 καὶ
1547 3879 1931 3950 πραγματευό-

350 3982 532 4032 μενος,
565 3965 672 4029 ἕως
710 3963 809 4035 τὴν
855 3962 1018 4032 φύσιν
1073 3962 1172 4034 τὴν
1219 3961 1493 4016 πεσοῦσαν
1526 3962 1813 4032 ἀνέστησε,
1838 3961 1935 4015 καὶ

344 4048 623 4119 ἀπήλλαξε
653 4046 748 4100 τοῦ
775 4046 1030 4111 θανάτου,
1065 4047 1161 4100 καὶ
1210 4047 1346 4117 πρὺς
1391 4046 1484 4099 τὸν
1534 4046 1761 4118 οὐρανὸν
1794 4048 1934 4116 ὲχει-

356 4135 665 4206 ραγώγησε,
719 4130 817 4183 καὶ
881 4130 1107 4200 μείζονα
1170 4128 1281 4182 τῶν
1332 4129 1688 4182 ἀπολωλότων
1734 4128 1934 4182 ἔδωκεν

347 4215 550 4284 ἀγαθὰ,
590 4212 680 4266 διὰ
717 4212 829 4266 τῶν
879 4212 1059 4284 ἔργων
1089 4211 1270 4265 αὐτῶν
1292 4212 1382 4265 τὸν
1416 4212 1660 4265 διάϐολον
1694 4212 1933 4277 διδάξας,

346 4300 431 4354 ὃτι
472 4298 623 4352 οὐδὲν
648 4296 795 4366 αὐτῷ
829 4297 991 4350 πλέον
1021 4296 1239 4364 ἐγένετο
1260 4296 1325 4349 ἐκ
1352 4294 1453 4365 τῆς
1489 4295 1783 4365 ἐπιϐουλῆς
1807 4295 1937 4347 ταύ-

346 4403 483 4458 της·
517 4383 630 4440 ἀλλ’
662 4383 912 4436 ἐκϐαλὼν
954 4381 1048 4435 τοῦ
1073 4381 1402 4454 παραδείσου
1432 4382 1558 4445 τοὺς
1592 4380 1935 4452 ἀνθρώπους,

348 4471 541 4540 ἃψεται
567 4468 764 4532 αὐτοὺς
810 4466 1004 4539 μικρὸν
1045 4466 1272 4538 ὕστερον
1305 4466 1364 4518 ἐν
1394 4467 1506 4528 τοῖς
1530 4465 1780 4536 οὐρανοῖς
1817 4465 1941 4517 ἀνα-

355 4555 731 4626 μεμιγμένους
781 4554 892 4614 τοῖς
936 4549 1210 4618 ἀγγέλοις.
1252 4547 1424 4601 Τοῦτο
1448 4547 1541 4601 καὶ
1570 4548 1662 4601 ἐπὶ
1683 4547 1774 4600 τοῦ
1799 4548 1939 4601 Κάῖν

353 4635 759 4706 ἐποίησευκαὶ
809 4633 921 4705 γάρ
980 4633 1076 4686 καὶ
1117 4634 1325 4685 ἐκεῖνον
1380 4631 1487 4703 πρδ
1515 4635 1613 4701 τῆς
1664 4632 1941 4705 ἁμαρτίας

355 4719 706 4789 ἡσφαλίξετο,
768 4717 866 4771 καὶ
934 4716 1348 4788 προδιηγόρευε,
1394 4716 1587 4785 λέγων,
1628 4716 1938 4786 Ἥμαρεες,

355 4804 717 4872 ἢσὺχασονο
770 4801 921 4869 πρὸς
976 4802 1052 4853 σὲ
1102 4801 1141 4868 ἡ
1189 4799 1545 4869 ἀποστροφὴ
1601 4801 1807 4866 αὑτοῦ,
1841 4801 1941 4853 καί

355 4889 439 4943 σὺ
501 4887 703 4955 ἄρξεις
771 4885 981 4940 αὑτοῦ.
1061 4886 1202 4958 Ὅρα
1260 4886 1454 4955 σοφίαν
1534 4886 1630 4939 καὶ
1704 4885 1939 4942 σύνεσιν.

356 4971 458 5025 Διά
487 4971 644 5024 τοῦτο
671 4969 936 5035 δέδοικας,
980 4969 1135 5041 φησὶ,
1174 4970 1247 5040 μή
1282 4986 1341 5022 σε
1372 4970 1470 5041 τῆς
1499 4968 1795 5041 προεδρίας
1829 4970 1938 5023 τῶν

358 5054 721 5129 πρωτοτόκων
761 5052 1026 5125 ἀφέληται
1058 5051 1149 5106 διὰ
1178 5051 1278 5123 τὴν
1302 5053 1432 5126 παρ’
1466 5052 1602 5125 ἐμοῦ
1627 5054 1822 5126 τιμὴν,
1868 5055 1942 5126 μὴ

357 5139 655 5212 τὴνάρχὴν
690 5139 920 5212 ἁρπάσῃ
961 5138 1062 5209 τήν
1108 5154 1191 5190 σοι
1223 5139 1608 5210 προσήκουσαν
1631 5154 1644 5167 ·
1680 5138 1807 5200 τοὺς
1832 5137 1942 5209 γὰρ

359 5223 741 5296 πρωτοτόκους
790 5221 898 5275 τῶν
949 5220 1350 5293 δευτεροτόκων
1410 5219 1766 5291 σεμνοτέρους
1805 5216 1943 5275 εἶναι

359 5309 546 5380 ἐχρῆν.
580 5307 820 5379 Θάρρει,
873 5307 1028 5377 φησὶ,
1068 5305 1165 5358 καὶ
1203 5305 1278 5375 μὴ
1314 5304 1515 5373 φοϐοῦ,
1572 5305 1707 5375 μηδέ
1736 5307 1945 5375 ἀγωνία

360 5390 492 5462 περὶ
513 5389 702 5444 τούτου
723 5407 738 5422 ·
773 5389 929 5457 Πρὸς·
958 5388 1035 5443 σὲ
1059 5389 1098 5456 ἡ
1121 5387 1480 5455 ἀποστροφὴ
1500 5388 1709 5453 αὐτοῦ,
1734 5390 1831 5443 καί
1863 5393 1944 5446 σὺ

426 5614 453 5645 ³
477 5613 679 5677 Aliquot
704 5627 818 5663 mss.
842 5615 952 5675 ἔδει,
983 5618 1036 5662 el.
1059 5611 1182 5661 infra
1203 5612 1557 5675 ἀσφαλίζεσθαι.

993 188 1053 244 S.
1086 185 1373 242 JOANNIS
1409 181 1907 242 CIIRYSOSTOMI
1948 178 2272 237 ARCHIEP.
2304 174 2863 235 ‘CONSTANTINOP.

3477 164 3600 225 ἕλω

1999 294 2359 368 1676]αὺτοῦ
2386 291 2610 361 ἄρξεις.
2636 293 2702 343 Ὃ
2739 291 2796 343 δέ
2820 287 2971 357 λέγει
3002 284 3240 340 τοιοῦτόν
3277 286 3421 337 ἐστι·
3448 287 3598 355 μένε

1997 380 2091 432 ἐπὶ
2134 380 2236 448 τῆς
2279 377 2449 448 τιμῆς
2486 376 2587 445 τῆς
2614 373 2710 427 τοῦ
2743 371 3115 443 πρωτοτόκου,
3168 371 3263 423 καὶ
3308 369 3470 438 γενοῦ
3510 371 3598 439 τῷ

1997 465 2213 535 ἀδελφῷ
2263 460 2557 530 καταφυγὴ
2604 458 2700 511 καὶ
2732 457 2908 526 σκέπη
2962 457 3056 508 καὶ⁵
3112 455 3435 525 προστασία,
3490 455 3599 507 καὶ

1999 551 2191 620 κράτει
2212 548 2307 601 καὶ
2331 546 2552 616 κυρίευε
2580 540 2745 595 αὑτοῦ
2765 558 2779 571 ·
2818 540 2980 610 μόνον
3014 537 3089 609 μὴ
3124 539 3260 608 πρὸς
3293 540 3449 607 φόνον
3489 540 3597 620 ἐπ-

2001 619 2272 704 πηδήσῃς,
2309 630 2445 699 μηδέ
2474 628 2554 691 είς
2598 625 2699 694 τὴν
2733 623 3054 693 παράνομον
3093 622 3313 692 ἐκείνην
3360 619 3598 704 ἐξέλθῃς

2002 701 2238 787 σφαγήν.
2288 712 2429 766 Ἀλλ’
2460 713 2608 779 ὅμως
2643 708 2763 762 οὐδὲ
2796 707 2969 770 οὕτως
3005 707 3258 776 ῆκουσεν,
3289 705 3411 757 οὐδέ
3445 701 3601 774 ἠσῦ-

2000 817 2187 870 χασεν,
2215 798 2330 853 ἀλλ’
2365 796 2664 867 εἰργάσατο
2702 794 2800 864 τὴν
2846 791 3165 862 μιαιφονίαν
3211 789 3454 858 ἐκείνην,
3495 788 3601 842 καὶ

2001 886 2102 955 τὴν
2131 882 2313 948 δεξιὰν
2340 884 2422 944 εἰς
2452 880 2544 933 τὸν
2568 877 2762 946 λαιμὸν
2788 875 3050 929 ἐϐάπτισε
3072 873 3164 925 τὸν
3194 871 3503 941 ἀδελφικὸν.
3522 871 3601 924 Τί

2003 965 2129 1033 οὗη;
2163 962 2272 1036 ἆρα
2304 962 2457 1018 εἶπεν
2507 965 2535 1016 ὁ
2583 962 2737 1024 Θεὸς,
2783 958 3037 1029 ’Λφῶμεν
3073 957 3234 1010 αὑτὸν
3280 956 3503 1019 λοιπόνς
3542 956 3602 1008 τί

2005 1053 2166 1104 πλέον
2192 1051 2251 1103 τὸ
2272 1049 2464 1117 ὄφελος
2487 1064 2500 1109 ;
2536 1046 2831 1115 εἰργάσατο
2857 1042 2946 1094 τὸν
2978 1041 3157 1109 φόνον,
3186 1040 3475 1092 ἀπέκτεινε
3501 1038 3602 1091 τὸν

2005 1136 2261 1204 ἀδελφὸν,
2293 1129 2668 1202 κατεφρόνησέ
2710 1145 2811 1199 μου
2835 1129 2936 1196 τῆς
2959 1126 3352 1195 παραινέσεως,
3372 1123 3602 1176 ἀνίατόν

2004 1237 2125 1273 τινα
2178 1219 2272 1271 καὶ
2307 1216 2696 1283 ἀσύγγνωστον
2732 1211 2950 1280 σφαγὴν
2983 1208 3274 1277 ἐτόλμησε,
3320 1208 3603 1276 τοσαύτης

2007 1304 2102 1356 καὶ
2123 1300 2383 1369 τοιαύτης
2400 1296 2718 1358 ἀπολαύσας
2735 1293 2992 1366 προνοίας
3010 1293 3106 1345 καὶ
3134 1290 3478 1352 διδασκαλίας
3499 1290 3603 1343 καὶ
3636 1306 3644 1311 ‘

2010 1386 2318 1458 συμϐουλῆς
2338 1401 2353 1415 ο
2386 1383 2564 1436 πάντα
2589 1379 2841 1446 ἐξέϐαλεν
2862 1380 3047 1431 ἐκεῖνα
3075 1377 3182 1430 ἀπὸ
3211 1376 3309 1445 τῆς
3332 1374 3597 1435 διανοίας,

2006 1471 2102 1524 καὶ
2130 1468 2269 1541 πρὸς
2316 1467 2470 1521 οὐδὲν
2494 1463 2833 1533 ἐπεστράφη.
2878 1459 3148 1529 ’Δφείσθω
3175 1458 3355 1510 τοίνυν
3387 1460 3481 1510 καὶ
3506 1458 3604 1528 ἐρ-

2010 1553 2185 1625 ρίφθω
2212 1552 2419 1613 λοιπὸν,
2467 1549 2563 1603 καὶ
2597 1549 2730 1619 μηδέ
2788 1546 2948 1614 λόγου
2979 1543 3125 1606 τινὸς
3156 1542 3428 1609 ἀξιούσθω
3460 1544 3599 1612 παρ’

2009 1637 2165 1706 ἐμοῦ.
2188 1635 2354 1690 Οὐδὲν
2372 1633 2614 1687 τοέοῦτον
2653 1635 2680 1685 ὁ
2702 1631 2834 1694 Θεδς
2858 1631 2958 1682 οὐκ
2992 1625 3166 1691 εἶπεν,
3199 1629 3300 1681 οὐκ
3322 1626 3565 1698 ἔπραξεν
3584 1644 3599 1658 ·

2009 1721 2145 1774 ἀλλά
2178 1722 2271 1773 καὶ
2297 1719 2432 1791 πρὸς
2456 1717 2618 1771 αὐτὸν
2646 1715 2864 1787 ἔρχεται
2900 1713 3064 1767 πάλιν
3082 1755 3096 1776 ,
3143 1713 3237 1766 καὶ
3285 1710 3604 1783 διορθοῦται

2008 1805 2099 1859 τὸν
2145 1802 2453 1873 ἄνθρωπον,
2496 1800 2591 1854 καί
2635 1816 2803 1870 φησιο
2847 1798 2974 1852 Ποῦ
3021 1797 3199 1851 "A681
3252 1797 3284 1849 ὀ
3331 1794 3604 1863 ἀδελφός

2011 1903 2128 1941 σου
2151 1904 2168 1951 ;
2194 1888 2301 1939 Καὶ
2330 1886 2450 1940 οὐδὲ
2477 1883 2812 1956 ἀρνούμενον
2832 1880 3060 1951 ἀφίησιν
3080 1920 3093 1941 ,
3128 1879 3242 1932 ἀλλ’
3276 1877 3463 1946 ἐνάγει
3506 1878 3608 1931 καὶ

2012 1972 2214 2026 ἄκοντα
2246 1972 2326 2032 είς
2363 1969 2463 2039 τὴν
2505 1969 2603 2037 τῆς
2631 1967 2895 2039 ἐργασίας
2928 1964 3223 2036 ὁμολογίαν
3245 1980 3256 1994 ⁸
3286 1965 3381 2016 καὶ
3421 1963 3610 2015 εἰπόν⁴⁵

2013 2074 2125 2121 τος,
2169 2058 2291 2109 Οὐκ
2326 2051 2476 2115 οἶδα.
2516 2053 2712 2120 Φωνὴ,
2751 2052 2938 2122 φησὶν,
2977 2051 3219 2120 αἵματος
3273 2048 3379 2102 τοῦ
3421 2046 3609 2101 ἀδελ-

2015 2138 2134 2209 φοῦ
2186 2156 2303 2193 σου
2344 2137 2469 2206 βοᾷ
2515 2137 2666 2205 πρός
2693 2150 2803 2204 με’
2863 2134 2995 2187 αὐτὸ
3034 2133 3387 2209 τδπρᾶγμα,
3447 2132 3608 2201 φησὶ,

2016 2208 2278 2294 κηρύττει
2326 2221 2419 2274 τὸν
2465 2220 2773 2291 μιαιφόνον.
2813 2217 2880 2270 Τί
2928 2212 3021 2270 οὖν
3069 2208 3257 2277 οὖτοςζ
3291 2212 3521 2274 Μεῐζων
3567 2214 3611 2282 ἡ

2015 2307 2175 2361 αὶτία
2223 2323 2337 2373 μου
2374 2304 2481 2359 τοῦ
2513 2302 2814 2373 ἀφεθῆναι
2842 2316 2949 2370 με’
3008 2300 3107 2355 καὶ
3139 2302 3189 2353 εὶ
3217 2298 3487 2365 ἐκϐάλῃς
3529 2314 3615 2366 με

2016 2392 2136 2446 ἀπὸ
2164 2388 2275 2459 τῆς
2302 2388 2434 2458 γῆς,
2477 2387 2575 2441 καὶ
2602 2386 2722 2440 ἀπὸ
2757 2385 2863 2439 τοῦ
2886 2384 3211 2452 προσώπου
3236 2400 3356 2437 σου
3388 2381 3617 2447 κρυόἡο

2018 2491 2219 2544 σομαι.
2264 2475 2330 2525 ’0
2388 2472 2447 2525 δέ
2498 2471 2641 2539 λέγει
2712 2467 2955 2522 τοιοῦτόν
3013 2469 3174 2521 ἐστι·
3230 2466 3473 2529 Μείζονα
3509 2464 3617 2535 μὲν

2016 2559 2263 2628 ἥμαρτον
2294 2553 2626 2624 συγγνώμης
2672 2556 2766 2606 καί
2807 2550 3109 2619 ἀπολογίας
3136 2552 3229 2604 καὶ
3261 2549 3359 2602 τοῦ
3398 2548 3617 2618 ἀφεθῆ-

2019 2657 2126 2699 ναι,
2184 2637 2322 2702 πλὴν
2357 2637 2472 2690 ἀλλ’
2514 2638 2562 2688 εί
2609 2634 2933 2706 βουληθείης
2966 2632 3275 2698 ἐπεξελθεῖν
3324 2630 3405 2701 τῷ
3455 2647 3620 2699 γεγε-

2021 2721 2274 2792 νημένῳ,
2330 2722 2467 2774 πᾶσι
2519 2718 2907 2790 προκείσομαι,
2958 2717 3164 2786 ἔρημος
3196 2717 3294 2785 τῆς
3329 2713 3485 2785 παρά
3517 2710 3618 2766 σοῦ

2022 2805 2341 2876 συμμαχίας
2381 2804 2694 2873 γενόμενος⁴
2749 2801 2815 2853 Τί
2842 2796 2935 2854 οὖν
2963 2800 2992 2851 ὁ
3024 2800 3191 2865 θεόςς
3224 2800 3349 2866 Οὐχ
3400 2798 3618 2862 οὕτως,

2022 2889 2141 2956 πᾶς
2165 2893 2197 2943 ό
2220 2888 2583 2953 ἀποκτείνας
2606 2886 2776 2947 Κάιν,
2806 2884 2959 2937 ἑπτὰ
2995 2882 3393 2951 ἑκδικούμειτι
3423 2896 3621 2949 παρα-

2022 2973 2222 3026 λύσει.
2260 2969 2352 3040 Μὴ
2382 2970 2548 3040 φοϐοῦ
2580 2968 2760 3032 τοῦτο,
2794 2966 2960 3037 φησί·
2999 2961 3171 3037 βιώσῃ
3214 2964 3330 3034 βίον
3370 2964 3620 3035 μακρὸν,

2025 3057 2129 3109 κάν
2156 3055 2317 3127 ἀνέλῃ
2334 3056 2393 3107 σέ
2416 3071 2524 3118 τις,
2545 3052 2769 3115 πολλαῖς
2795 3050 2948 3104 ἔσται
2975 3049 3268 3121 τιμωρίαις
3292 3047 3622 3111 ὑπεύθυνος,

2024 3141 2053 3192 ὁ
2086 3139 2195 3210 γάρ
2224 3138 2365 3192 ἐπτά
2387 3136 2619 3209 ἀριθμὸς
2649 3134 2801 3205 παρά
2833 3137 2901 3206 τῇ
2927 3133 3121 3204 Γραφῇ
3151 3132 3461 3204 ἀδιορίστου
3483 3133 3627 3202 πλή-

2027 3222 2152 3284 θους
2182 3223 2298 3274 ἐστὶ
2333 3218 2686 3291 σημαντικός.
2734 3217 2891 3271 Ἐπεὶ
2918 3213 3013 3269 οὖν
3036 3218 3065 3268 ὁ
3096 3215 3238 3269 Κάῖν
3261 3214 3494 3278 ’πολλαῖς
3520 3216 3625 3267 ὑπ-

2033 3305 2298 3375 εϐέϐλητο
2330 3301 2642 3374 τιμωρίαις,
2691 3300 2921 3370 ἀγωνίᾳ,
2947 3298 3045 3352 καὶ
3065 3300 3273 3369 τρόμῳ,
3304 3298 3402 3352 καὶ
3434 3315 3628 3351 στενα-

2028 3391 2209 3458 γμοῖς,
2241 3388 2335 3439 καὶ
2352 3384 2578 3457 ἀθυμία,
2610 3385 2704 3438 καὶ
2730 3383 3040 3455 παραλύσει
3054 3383 3632 3455 σώματος,⁹οἀνελών

2031 3488 2114 3535 σε,
2148 3469 2303 3540 φησὶ,
2345 3469 2441 3521 καὶ
2470 3467 2676 3521 τούτων
2705 3466 3021 3530 ἀπαλλάξας
3048 3466 3159 3517 τῶν
3184 3464 3486 3528 κολάσεων,
3525 3464 3628 3516 αὑ-

2030 3555 2120 3617 τὸς
2154 3555 2239 3623 ἐφ’
2270 3553 2461 3605 ἐαυτὸν
2491 3550 2856 3603 ἐπισπάσεται
2885 3550 2984 3619 τὴν
3018 3549 3313 3620 τιμωρίαν.
3339 3549 3452 3603 Καὶ
3475 3549 3630 3601 δοκεῖ

2038 3636 2137 3705 μὲν
2157 3632 2295 3688 εἶναι
2328 3635 2466 3704 βαρὺ
2507 3635 2598 3686 καὶ
2628 3633 2887 3703 φορτικὸν
2915 3633 2975 3686 τὸ
3001 3633 3313 3702 λεγόμενον,
3343 3631 3628 3701 πολλῆςδέ

2035 3719 2206 3773 ταῦτά
2238 3719 2355 3771 ἐστι
2380 3716 2708 3788 κηδεμονίας
2722 3716 3057 3780 ὑπόδειξιςδ.
3075 3716 3185 3769 Καὶ
3209 3717 3317 3787 γὰρ
3336 3717 3466 3778 τοὺς
3486 3716 3628 3785 μετά

2036 3801 2213 3857 ταῦτα
2232 3801 2564 3874 σωφρονίσαι
2596 3801 2943 3871 βουλόμενος,
2974 3798 3218 3853 τοιοῦτον
3247 3799 3513 3870 ἐπενόησε
3542 3816 3632 3851 κο-

2034 3885 2246 3949 λάσεως
2282 3885 2505 3955 τρόπον,
2536 3883 2596 3947 ὃς
2637 3882 2952 3949 ἀπαλλάξαι
2992 3883 3157 3937 αὑτὸν
3200 3883 3301 3953 τῆς
3348 3881 3629 3953 ἁμαρτίας

2036 3967 2279 4022 ἐδύνατο.
2310 3968 2375 4020 Εἰ
2404 3970 2502 4039 μὲν
2538 3967 2645 4039 γάρ
2679 3966 2885 4031 εὐθέως
2916 3967 3079 4021 αὑτὸν
3107 3966 3337 4027 ἀνεῖλεν,
3379 3965 3628 4036 ἀπῆλθεν

2038 4051 2105 4104 ἂν
2136 4050 2275 4120 ἔχων
2327 4050 2427 4117 τὴν
2477 4051 2758 4124 ἁμαρτίαν
2814 4050 3332 4121 ἐγκεκαλυμμένην,
3385 4050 3629 4113 καὶτοῖς

2042 4132 2180 4205 μετά
2200 4132 2373 4186 ταῦτα
2400 4134 2500 4186 οὐκ
2542 4133 2609 4186 ἂν
2638 4135 2858 4200 ἐγένετο
2889 4133 3191 4205 γνώριμος.
3248 4133 3390 4186 Νυνὶ
3433 4133 3495 4185 δὲ
3522 4133 3633 4201 {:9-

2040 4216 2184 4278 εθεὶς
2216 4215 2383 4268 πολὺν
2432 4215 2626 4286 χρόνον
2670 4216 2834 4286 ζῆσαι
2867 4218 2925 4270 ἐν
2958 4216 3152 4288 ἐκείνῳ
3192 4215 3270 4285 τῷ
3296 4216 3514 4287 τρόμῳ,
3544 4215 3627 4268 δι-

2041 4300 2308 4363 δάσκαλος
2359 4302 2471 4362 τοῖς
2512 4299 2830 4354 ἀπαντῶσιν
2882 4299 3094 4369 ἐγίνετο
3144 4301 3278 4353 πᾶσι
3313 4303 3360 4363 ⁸,
3408 4300 3500 4353 διὰ
3528 4299 3628 4368 τῆς

2041 4384 2215 4453 ὅψεως
2250 4384 2344 4437 καὶ
2378 4383 2473 4436 τοῦ
2503 4383 2666 4437 σάλου
2710 4384 2812 4453 τῆς
2866 4383 3069 4456 σαρκὸς
3116 4382 3405 4451 παραινῶν
3456 4385 3631 4438 ἀπασι

2046 4470 2120 4540 μή
2153 4485 2281 4521 ποτε
2312 4467 2540 4521 τοιαῦτα
2572 4467 2799 4539 τολμᾷν,
2850 4468 2937 4521 ἵνα
2990 4467 3064 4538 μὴ
3093 4467 3315 4521 τοιαῦτα
3352 4467 3625 4529 πάθωσιν,

2041 4551 2204 4615 αὐτός
2233 4568 2293 4605 τε
2338 4550 2564 4619 βελτίων
2595 4551 2809 4620 ἐγίνετο
2840 4551 3024 4605 πάλιν.
3064 4551 3124 4604 'O
3161 4549 3271 4622 γάρ
3302 4550 3511 4622 τρόμος
3538 4553 3631 4603 καὶ

2044 4635 2228 4705 φόϐος,
2258 4634 2443 4688 καὶτὸ
2494 4634 2705 4707 ἀγωνίᾳ
2757 4635 2946 4706 συζῇν,
3001 4634 3093 4688 καὶ
3150 4634 3183 4703 ή
3231 4633 3324 4687 τοῦ
3377 4636 3630 4704 σώματος

2045 4717 2294 4788 πάρεσις,
2330 4716 2583 4787 καθάπερ
2606 4718 2664 4771 ἐν
2681 4716 2866 4788 δεσμῷ
2881 4734 2989 4770 τινι
3024 4719 3276 4787 κατεῖχεν
3310 4717 3498 4779 αὐτὸν,
3540 4716 3633 4769 καὶ

2043 4801 2143 4853 οὐκ
2171 4800 2320 4870 ἠφίει
2345 4800 2470 4852 οὔτε
2500 4802 2579 4862 είς
2604 4800 2791 4872 ἕτερον
2812 4799 3122 4871 ἐκπηδῆσαι
3141 4799 3351 4854 τοιοῦτο
3376 4801 3633 4872 τόλμημα

2045 4884 2237 4949 πάλιν,
2289 4883 2384 4937 καὶ
2429 4882 2524 4936 τοῦ
2579 4883 2849 4955 προτέρου
2911 4884 3156 4955 συνεχῶς
3209 4885 3629 4955 ἀνεμίμνησκε.

2045 4968 2140 5021 καὶ
2163 4969 2220 5020 ἐν
2248 4966 2461 5030 τούτοις
2501 4967 2670 5020 αὐτοῦ
2704 4966 2803 5037 τὴν
2836 4966 3016 5038 ψυχὴν
3048 4966 3497 5039 σωφρονεστέραν
3524 4968 3635 5039 εἰρ-

2045 5051 2265 5119 γάζετο.

2118 5132 2269 5204 [67Ἱῖ
2289 5140 2359 5201 γ’.
2376 5132 2538 5188 Ἀλλά
2557 5133 2760 5204 μεταξὺ
2780 5133 2993 5202 λέγοντί
3012 5151 3102 5204 μοι
3120 5134 3355 5205 ἐπῆλθεν
3372 5136 3454 5198 εἰς
3472 5135 3633 5204 μέσον

2046 5215 2273 5284 ἀγαγεῖν
2310 5216 2405 5270 καὶ
2437 5216 2673 5287 ζητῆσαι
2711 5217 2765 5271 τί
2798 5218 2997 5288 δήποτε
3027 5217 3126 5288 τὴν
3144 5219 3427 5289 ἁμαρτίαν
3453 5217 3636 5285 ὁμολο-

2046 5302 2223 5369 γήσας
2254 5300 2353 5372 τὴν
2400 5298 2593 5354 ἐαυτοῦ
2613 5339 2628 5363 ,
2672 5300 2767 5353 καὶ
2808 5302 3114 5369 καταγνοὺς
3141 5301 3251 5355 τῶν
3283 5301 3593 5370 γενομένων
3614 5337 3631 5362 ,

2046 5383 2142 5436 καὶ
2172 5383 2343 5438 εἰπὼν
2373 5384 2597 5454 μείζονα
2634 5383 2968 5455 συγγνώμης
2999 5385 3515 5457 ἡμαρτηκέναι,καὶ
3538 5398 3655 5455 μη-·

2111 5557 2139 5596 δ
2165 5558 2313 5605 Savil.
2339 5558 2585 5614 ἀπόδειξις.

2114 5623 2139 5651 ⁸
2167 5621 2264 5670 Alii
2282 5618 2383 5675 τοῖς
2398 5620 2643 5669 ἀπαντῶσι
2660 5619 2921 5668 καθίστατο
2943 5626 3079 5670 πᾶσι.
