3862 6228
161 237 274 294 9:29

159 358 446 424 suscitare,
488 357 783 426 animatque
813 363 1035 412 mertuse
1074 355 1398 426 persuadere
1435 355 1578 420 licet,
1605 363 1662 409 ut
1687 354 1754 410 ad

157 470 316 510 suam
339 457 501 510 vitam
531 455 734 519 redeat,
763 469 1024 522 suumque
1045 453 1318 507 dominum
1347 460 1619 523 agnoscat.

235 546 292 599 ἓ.
337 547 511 616 Agite,
557 560 623 600 ne
657 544 1024 615 defatigemur,
1059 544 1270 612 fratres,
1304 559 1474 614 neque
1515 544 1754 598 delasse-

157 653 309 702 mur,
351 653 522 706 neque
561 637 754 690 animis
791 635 1066 699 cadamus,
1102 651 1275 706 neque
1308 637 1584 706 quisquam
1625 635 1756 689 mihi

150 729 328 783 verba
361 727 446 781 illa
469 727 630 792 dicat,
658 727 798 797 quod
825 736 947 782 ante
969 727 1228 798 jejunium
1251 727 1357 780 illis
1380 741 1570 781 cavere
1590 741 1753 795 opor-

158 819 348 884 tuerit,
377 833 697 887 omnemque
727 834 941 873 movere
971 817 1202 888 lapidem
1236 837 1249 873 :
1283 833 1425 872 nunc
1450 832 1577 871 vero
1604 826 1754 886 post-

158 927 324 982 quam
350 911 642 982 jejunatum
681 920 782 976 est,
827 920 1104 982 postquam
1142 919 1418 981 peccatum
1462 909 1754 965 admissum

157 1011 269 1072 est,
294 1012 574 1073 postquam
615 1003 864 1073 iniquitas
899 1011 1264 1058 consummata
1295 1009 1396 1065 est,
1423 1015 1541 1071 qua:
1568 1014 1754 1069 super-

155 1102 245 1147 est
277 1094 504 1149 utilitas?

235 1182 477 1237 Fratrum
533 1185 684 1239 saluti
733 1182 1118 1237 consulendum.
1164 1213 1236 1222 —
1278 1182 1489 1238 Etenim
1541 1182 1584 1236 si
1637 1183 1755 1252 quis

158 1277 336 1342 novit,
370 1277 498 1346 quid
526 1277 598 1331 sit
627 1277 778 1332 fratri
803 1278 1113 1343 consulere,
1145 1277 1292 1331 novit
1323 1287 1375 1331 et
1414 1276 1575 1342 illud,
1608 1276 1750 1347 quod

157 1383 309 1422 nunc
349 1368 681 1437 potissimum
717 1378 958 1437 oporteat
997 1367 1286 1422 admovere
1323 1382 1531 1433 manus,
1564 1382 1753 1421 omne-

157 1475 270 1530 que
313 1460 544 1515 studium
593 1461 920 1530 impendere.
964 1459 1148 1530 Neque
1192 1460 1334 1515 enim
1383 1468 1585 1514 tantum
1631 1468 1754 1514 ante

156 1561 439 1620 peccatum
485 1552 777 1607 admissum
823 1553 1074 1606 convenit
1119 1551 1298 1606 fratris
1340 1551 1496 1605 saluti
1541 1565 1752 1615 cavere,

158 1657 352 1696 verum
379 1653 432 1697 et
463 1652 583 1712 post
623 1644 828 1712 lapsum
867 1658 1055 1697 manus
1100 1640 1435 1712 porrigenda:
1481 1649 1620 1696 sunt.
1654 1640 1752 1694 Et-

165 1734 314 1788 enim
341 1734 386 1789 si
411 1735 548 1789 Deus
577 1734 642 1788 ab
674 1735 824 1788 initio
844 1733 1058 1788 fecisset
1082 1733 1242 1797 istud,
1275 1740 1582 1802 tantumque
1601 1731 1755 1787 nobis

157 1825 516 1881 consuluisset
537 1835 662 1880 ante
685 1834 985 1896 peccatum,
1012 1834 1133 1895 post
1155 1833 1429 1894 peccatum
1457 1834 1632 1879 autem
1661 1839 1754 1879 nc-

158 1916 416 1987 glexisset
471 1918 764 1982 hominem,
806 1931 1108 1987 passusque
1159 1917 1346 1972 fuisset
1395 1925 1651 1986 perpetua
1699 1918 1752 1970 in

160 2009 316 2063 ruina
342 2009 541 2076 jacere,
573 2008 750 2064 nullus
779 2024 950 2078 neque
978 2019 1219 2062 nostrum
1251 2024 1502 2078 umquam
1526 2008 1752 2062 salutem

133 2099 354 2170 fuisset
397 2109 778 2169 consequutus.
827 2098 1026 2154 Verum
1084 2098 1188 2154 hoc
1239 2113 1346 2154 non
1394 2097 1520 2153 facit
1570 2099 1708 2152 Deus
1736 2141 1750 2164 ,

160 2189 358 2259 quippe
400 2205 586 2245 amans
624 2189 842 2244 humani
887 2189 1099 2260 generis
1143 2205 1204 2244 ac
1235 2190 1407 2256 mitis,
1451 2197 1754 2260 nostraeque

161 2280 350 2334 salutis
390 2280 788 2350 cupidissimus.
829 2280 968 2347 Quin
1011 2289 1065 2334 et
1109 2288 1232 2349 post
1273 2289 1486 2349 peccata
1531 2279 1752 2334 multam

157 2380 380 2440 praestat
419 2372 852 2439 sollicitudinem,
894 2371 1322 2442 quandoquidem
1354 2379 1408 2425 et
1447 2370 1577 2424 Ada:
1615 2370 1754 2425 cavit

159 2471 285 2516 ante
306 2472 603 2530 peccatum,
635 2463 820 2518 dicens
857 2479 869 2516 :
901 2461 987 2516 Ea:
1007 2462 1143 2515 omni
1173 2461 1310 2533 ligno
1339 2461 1473 2530 quod
1493 2471 1565 2514 est
1590 2461 1644 2515 in
1668 2477 1752 2530 pa-

159 2553 334 2606 radiso
360 2554 624 2609 comedens
644 2554 874 2607 comede:
893 2569 913 2618 ;
938 2570 965 2607 e
990 2554 1128 2624 ligno
1163 2568 1278 2606 vero
1311 2552 1610 2624 cognitionis
1636 2551 1753 2605 boni

161 2643 379 2714 malique
424 2660 524 2697 non
566 2645 852 2698 comedetis.
881 2643 986 2699 Sed
1031 2660 1343 2712 quocumque
1392 2643 1474 2695 die
1518 2641 1750 2694 comede-

164 2734 295 2799 ritis,
327 2743 484 2788 morte
511 2735 792 2788 moriemini
824 2732 974 2804 (Gen.
996 2733 1048 2786 2.
1072 2735 1157 2788 16.
1191 2734 1303 2802 17).
1335 2731 1473 2786 Ecce
1498 2739 1553 2786 et
1579 2729 1750 2785 facili-

161 2832 274 2877 tate
314 2823 470 2893 legis,
521 2835 576 2879 et
625 2825 869 2895 largitate
910 2839 1320 2889 eoncessorum,
1358 2832 1413 2878 et
1460 2823 1751 2878 acerbitate

150 2915 430 2984 supplicii,
479 2923 535 2971 et
584 2917 700 2986 ipsa
747 2916 1020 2971 celeritate
1068 2916 1283 2970 ultionis
1325 2915 1629 2984 prospexit,
1681 2930 1750 2970 ne

148 3017 426 3076 peccaret.
457 3005 572 3061 Non
603 3007 745 3062 enim
773 3007 926 3074 dixit,
961 3017 1081 3078 post
1108 3022 1269 3061 unum
1297 3015 1388 3062 aut
1413 3006 1548 3062 duos
1570 3017 1748 3062 tresve

161 3097 298 3162 dies,
335 3097 428 3152 scd
463 3098 515 3151 in
554 3099 668 3168 ipso
693 3099 802 3166 die,
830 3113 937 3169 quo
962 3097 1319 3160 eomederitis,
1353 3107 1526 3153 morte
1552 3097 1749 3153 morie-

153 3187 312 3242 mini.
343 3188 578 3258 Denique
603 3189 809 3243 cunctis
833 3189 1026 3259 quibus
1063 3203 1252 3243 cavere
1280 3189 1513 3258 oportuit
1537 3189 1711 3243 modis
1729 3227 1745 3255 ,

157 3277 303 3333 cavit
334 3278 556 3333 homini.
580 3280 824 3333 Attamen
849 3279 935 3332 ubi
965 3289 1085 3348 post
1111 3287 1308 3332 tantam
1339 3277 1746 3348 providentiam,

162 3368 459 3422 doctrinam
481 3410 498 3436 ,
525 3369 971 3434 exhortationem,
999 3369 1404 3425 beuelicentiam
1432 3371 1615 3440 lapsus
1644 3378 1747 3435 est,

162 3474 265 3514 nec
310 3461 694 3530 obtemperavit
737 3461 902 3531 jussis
944 3461 1136 3516 divinis
1189 3480 1202 3516 :
1248 3476 1354 3515 non
1398 3461 1533 3515 dixit
1587 3461 1748 3528 Deus,

163 3551 291 3622 quid
324 3550 425 3607 hoc
455 3551 731 3622 proderit?
757 3567 877 3622 qua:
906 3552 1101 3606 utilitas
1124 3551 1286 3606 inde?
1318 3551 1585 3618 comedit,
1612 3551 1752 3606 ceci-

161 3645 262 3710 dit,
311 3654 672 3714 transgressus
718 3654 800 3701 est
840 3645 1034 3715 legem,
1077 3645 1302 3700 credidit
1342 3645 1555 3702 diabolo
1603 3663 1616 3698 :
1658 3645 1754 3701 de-

163 3737 339 3806 spexit
386 3743 709 3806 pranceptum
750 3750 960 3804 meum,
1005 3737 1209 3804 accepit
1252 3737 1465 3801 vulnus,
1511 3744 1752 3790 mortuus

165 3839 271 3895 est,
294 3831 408 3883 neci
438 3829 665 3883 traditus
693 3837 810 3894 est,
842 3829 895 3883 in
922 3828 1278 3882 damnationis
1308 3827 1626 3882 sententiam
1671 3827 1752 3880 in-

167 3920 340 3975 cidit:
374 3920 499 3990 quid
545 3920 768 3989 posthac
806 3927 891 3974 est
935 3917 1076 3987 quod
1127 3917 1198 3970 illi
1253 3916 1569 3986 loquamur?
1606 3915 1750 3972 Nihil

166 4014 354 4066 borum
385 4013 538 4078 dixit,
569 4011 663 4067 sed
694 4011 934 4081 protinus
961 4009 1026 4064 ad
1059 4009 1207 4063 illum
1245 4008 1420 4075 venit,
1449 4007 1752 4078 alloquutus

167 4113 271 4170 est,
301 4105 606 4159 consolatus
647 4111 749 4168 est,
791 4116 854 4158 ac
891 4116 1076 4157 rursus
1115 4100 1260 4155 aliud
1299 4099 1538 4154 admovit
1573 4113 1750 4154 reme-

165 4197 336 4263 dium,
380 4196 630 4252 videlicet
674 4194 911 4250 laborem
937 4208 1000 4249 ac
1043 4193 1294 4248 sudorem
1331 4190 1495 4264 (Ibid.
1534 4192 1613 4262 3),
1653 4206 1751 4246 nec

163 4289 314 4359 prius
337 4288 541 4344 destitit
571 4288 748 4342 omnia
775 4285 972 4351 facere,
999 4285 1182 4341 conari
1218 4284 1427 4351 omnia,
1454 4283 1624 4338 donec
1651 4299 1750 4337 na-

167 4394 341 4436 turam
369 4381 659 4450 collapsam
692 4379 1042 4444 restituisset,
1073 4388 1232 4447 atque
1261 4392 1290 4430 a
1321 4385 1494 4430 morte
1523 4375 1747 4430 liberas-

163 4482 266 4537 set,
309 4481 364 4526 et
389 4471 454 4525 ad
483 4471 673 4525 ca-lum
702 4469 1039 4538 provexisset
1057 4508 1071 4531 ,
1108 4467 1417 4537 majoraque
1445 4481 1602 4536 quam
1632 4482 1752 4535 per-

159 4563 374 4620 diderat
418 4561 620 4616 homini
666 4561 804 4615 bona
848 4558 1115 4622 dedisset,
1169 4557 1324 4611 factis
1377 4557 1505 4626 ipsis
1551 4556 1750 4611 docens

160 4653 456 4720 diabolum,
485 4652 628 4724 quod
655 4650 736 4706 his
759 4649 961 4706 insidiis
984 4649 1114 4703 nihil
1143 4648 1471 4720 profecisset,
1493 4647 1586 4703 scd
1607 4649 1748 4718 quod

163 4747 409 4801 homines
436 4747 636 4815 ejectos
675 4759 706 4798 e
734 4741 978 4813 paradiso
1016 4742 1174 4812 paulo
1214 4750 1332 4809 post
1358 4741 1570 4795 visurus
1598 4749 1740 4796 esset

164 4839 217 4892 in
241 4838 386 4892 caelis
414 4836 615 4906 angelis
645 4835 957 4903 permixtos.
983 4831 1124 4887 idem
1151 4832 1274 4886 fecit
1303 4832 1353 4886 in
1382 4832 1547 4895 Cain;
1577 4831 1742 4901 siqui-

161 4929 284 4983 dem
310 4936 365 4982 et
392 4927 553 4992 illius,
594 4925 901 4995 priusquam
927 4931 1172 4994 pecearet
1192 4965 1207 4989 ,
1239 4931 1456 4977 caverat
1482 4921 1639 4976 saluti
1668 4921 1749 4976 di-

158 5033 290 5076 cens
322 5036 334 5072 :
361 5017 611 5082 Peccasti,
635 5017 866 5087 quiesce;
889 5015 956 5068 ad
978 5024 1025 5068 te
1049 5013 1305 5067 conversio
1326 5012 1465 5065 illius
1481 5053 1495 5077 ,
1520 5021 1566 5066 et
1597 5023 1648 5064 tu
1669 5011 1749 5066 illi

150 5111 506 5168 dominaberis
525 5109 686 5182 (Ibid.
711 5111 764 5163 4.
790 5110 866 5178 7).
895 5107 1026 5162 Vide
1053 5105 1368 5176 sapientiam
1394 5102 1748 5173 prudentiam-

157 5222 262 5276 que
291 5205 406 5260 Dei.
437 5202 549 5257 lloc
572 5201 782 5266 metuis,
813 5199 1002 5268 inquit,
1029 5213 1096 5251 ne
1125 5207 1176 5251 tc
1199 5197 1362 5250 frater
1389 5193 1582 5262 spoliet
1611 5208 1746 5262 pra:-

157 5296 396 5365 rogativa
445 5291 958 5362 primogenitorum,
1015 5296 1232 5358 propter
1284 5285 1540 5339 honorem
1573 5324 1588 5348 ,
1643 5299 1747 5352 quo

155 5390 334 5456 ipsum
362 5385 513 5441 εσεοί
534 5427 548 5451 ,
593 5401 660 5437 ne
692 5383 1042 5452 principatum
1074 5379 1173 5434 sibi
1213 5386 1431 5445 usurpet
1465 5375 1559 5430 tibi
1599 5373 1745 5429 debi-

157 5487 294 5532 tum.
342 5476 484 5538 Nam
513 5473 892 5545 primogenitos
934 5471 1196 5540 posterius
1238 5468 1430 5539 genitis
1469 5466 1750 5536 oportebat

160 5568 587 5624 honorabiliores
638 5581 778 5621 esse.
831 5565 1012 5629 Bono,
1061 5562 1263 5632 inquit,
1312 5561 1490 5615 animo
1541 5559 1636 5627 sis,
1679 5576 1747 5616 ne

166 5671 368 5730 metue,
396 5676 575 5732 neque
598 5664 700 5720 hac
726 5661 793 5714 de
813 5673 971 5712 causa
999 5655 1330 5725 despondeas
1356 5653 1590 5709 animum
1624 5667 1637 5706 :
1663 5655 1740 5707 Ad

1362 234 1722 292 ADVERSUS
1761 233 2055 292 JUD/EOS.
2101 236 2230 292 Vill.

3336 246 3448 307 asa

1866 361 1913 406 te
1951 355 2205 408 conversio
2241 355 2371 424 ejus,
2413 365 2458 410 et
2499 365 2550 410 tu
2589 357 2926 414 dominaberis
2965 361 3060 416 illi.
3089 361 3240 430 Quod
3268 375 3449 421 autem

1861 445 2012 510 dicit,
2041 444 2182 500 hunc
2203 446 2362 501 habet
2389 462 2604 502 sensum
2644 468 2656 502 :
2686 465 2844 505 mane
2869 451 2920 504 in
2948 451 3149 507 honore
3174 455 3445 525 primoge-

1862 537 1979 601 niti,
2012 546 2064 593 et
2100 547 2214 593 esto
2244 537 2394 593 fratri
2438 549 2526 595 tuo
2553 541 2836 612 refugium,
2866 544 3234 600 umbraculum
3261 561 3324 600 ac
3350 563 3448 617 pa-

1862 631 2166 697 trocinium,
2191 633 2497 704 imperaque
2521 651 2584 689 ac
2605 636 2882 691 dominare
2905 638 2999 692 illi.
3026 639 3255 694 Tantum
3285 656 3352 694 ne
3378 639 3446 695 ad
3501 686 3508 690 .

1861 722 2202 791 parricidium
2234 726 2510 794 prosilias,
2543 743 2714 797 neque
2741 728 2808 782 ad
2840 729 3056 799 impiam
3094 732 3239 786 illam
3271 749 3450 787 erum-

1860 826 1957 881 pas
1983 812 2206 870 eadem.
2229 814 2428 869 Verum
2459 832 2527 871 ne
2551 818 2626 872 sic
2657 818 2870 888 quidem
2902 822 3239 888 auscultavit,
3271 839 3448 893 neque

1860 905 2164 974 conquievit
2194 924 2208 960 :
2240 907 2335 962 sed
2374 909 2576 963 czedem
2615 910 2758 964 illam
2790 913 3132 980 perpetravit,
3169 913 3446 969 dexteram

1859 997 1914 1051 in
1941 996 2230 1053 fraternum
2254 1000 2472 1055 immisit
2488 1001 2750 1071 jugulum.
2775 1003 2911 1071 Quid
2940 1005 3131 1074 igitur?
3151 1005 3288 1060 Num
3313 1006 3449 1060 dixit

1859 1087 2022 1154 Deus,
2051 1090 2289 1145 sinamus
2318 1091 2466 1145 illum
2505 1093 2557 1146 in
2587 1095 2898 1161 posterum?
2921 1095 3056 1161 Quid
3088 1097 3307 1165 posthac
3343 1096 3449 1151 erit

1860 1179 2036 1234 lucri?
2084 1181 2418 1250 Perpetravit
2468 1184 2805 1250 parricidium
2830 1187 3148 1257 ,_mactavit
3187 1186 3443 1251 fratrem,

1859 1272 2180 1340 contempsit
2205 1273 2618 1329 admonitionem
2647 1290 2843 1340 meam,
2879 1276 3170 1330 insanabile
3195 1277 3444 1332 minime-

1858 1378 1963 1433 que
1986 1364 2394 1420 condonandum
2423 1363 2771 1421 homicidium
2808 1383 2971 1423 ausus
3006 1377 3087 1423 est
3112 1379 3442 1439 perpetrare,

1860 1454 2056 1524 talique
2083 1469 2146 1509 ac
2176 1464 2316 1510 tanta
2347 1455 2594 1527 dignatus
2621 1458 2979 1513 sollicitudine
3008 1475 3124 1513 mea
3147 1501 3162 1526 ,
3205 1460 3446 1514 doctrina

1859 1553 1913 1598 et
1941 1544 2163 1598 consilio
2187 1562 2200 1597 :
2224 1554 2412 1600 cuncta
2439 1546 2528 1600 illa
2560 1547 2760 1614 pepulit
2785 1562 2853 1602 ex
2876 1550 3075 1614 animo,
3102 1564 3204 1604 nec
3227 1548 3328 1603 ulla
3356 1565 3445 1603 ra-

1860 1633 2005 1689 tione
2050 1650 2343 1691 conversus
2382 1645 2483 1691 est.
2533 1637 2817 1691 Deseratur
2857 1639 3018 1709 igitur
3058 1640 3112 1692 in
3148 1649 3441 1712 posterum,

1859 1739 1923 1780 ac
1952 1727 2220 1795 projectus
2250 1737 2386 1792 esto,
2417 1741 2518 1781 nec
2548 1727 2659 1780 ullo
2687 1743 2810 1781 meo
2847 1737 3094 1796 respectu
3124 1728 3313 1798 dignus
3343 1729 3444 1782 ha-

1858 1816 2067 1871 beatur.
2097 1816 2238 1872 Nihil
2267 1817 2372 1871 tale
2402 1818 2539 1872 Deus
2569 1818 2721 1880 dixit,
2748 1818 2833 1873 vel
2877 1819 3001 1873 fecit
3028 1838 3040 1873 :
3067 1820 3172 1892 sed
3199 1820 3263 1874 ad
3295 1821 3440 1874 illum

1859 1909 2005 1962 venit
2032 1907 2241 1972 denuo,
2275 1918 2328 1963 et
2357 1908 2576 1978 corrigit
2620 1909 2889 1964 hominem
2912 1951 2927 1975 ,
2960 1909 3144 1965 dicens
3180 1927 3194 1964 :
3231 1910 3328 1965 Ubi
3373 1923 3445 1964 est

1859 2001 1986 2053 Abel
2014 2000 2173 2068 frater
2200 2000 2359 2052 tuus?
2389 2000 2466 2053 Ac
2504 2014 2572 2053 ne
2611 1998 2936 2054 inﬁciantem
2963 1999 3176 2070 quidem
3209 2002 3407 2056 deserit
3427 2045 3442 2065 ,

1857 2091 1953 2146 sed
2005 2090 2090 2145 vel
2138 2091 2361 2144 invitum
2411 2090 2575 2160 adigit
2622 2090 2687 2145 ad
2739 2090 2988 2146 facinoris
3027 2092 3441 2149 confessionem.

1858 2180 2098 2253 Cumque
2127 2183 2367 2249 dixisset,
2412 2183 2630 2250 Nescio,
2663 2185 2737 2237 ait
2767 2203 2781 2239 :
2819 2183 2931 2238 Vox
2967 2186 3230 2256 sanguinis
3270 2188 3446 2255 fratris

1858 2273 1931 2326 tui
1949 2274 2135 2327 clamat
2161 2274 2230 2327 ad
2256 2291 2333 2327 me
2353 2275 2422 2329 de
2448 2284 2580 2328 terra
2600 2274 2757 2348 (Gen.
2785 2277 2838 2330 4.
2863 2277 2916 2331 9.
2941 2277 3052 2346 10).
3078 2277 3230 2346 lpsze,
3256 2279 3443 2348 inquit,

1857 2377 1946 2418 res
1992 2364 2280 2433 praedicant
2330 2375 2382 2420 te
2429 2365 2718 2421 homicidio
2761 2367 3111 2437 inquinatum.
3146 2368 3282 2435 Quid
3320 2369 3444 2423 ille?

1859 2453 2035 2527 Majas
2062 2466 2132 2510 est
2156 2469 2415 2526 peccatum
2443 2474 2629 2525 meum,
2661 2475 2814 2528 quant
2841 2469 2894 2513 ut
2922 2460 3046 2514 mihi
3067 2461 3371 2529 remittatur,
3397 2471 3445 2515 ct

1856 2547 1901 2600 si
1948 2547 2123 2616 ejicias
2165 2564 2245 2602 me
2288 2549 2351 2602 de
2396 2559 2552 2616 terra,
2595 2550 2746 2603 etiam
2789 2566 2822 2603 α
2864 2551 2996 2620 facie
3032 2559 3120 2605 tua
3157 2553 3445 2606 occultabor

1861 2635 2020 2706 (Ibid.
2047 2653 2095 2690 υ.
2126 2638 2211 2692 15.
2247 2638 2353 2708 14).
2389 2639 2556 2709 Hujus
2576 2641 2840 2695 sermonis
2861 2643 3121 2697 sententia
3147 2643 3224 2697 sic
3245 2643 3402 2698 habet
3429 2660 3443 2697 :

1856 2729 2103 2798 graviora
2129 2730 2341 2800 quidem
2368 2733 2633 2798 commisi,
2670 2749 2826 2802 quam
2869 2743 2927 2788 ut
2956 2735 3162 2789 veniam
3194 2751 3442 2791 merean-

1856 2829 1964 2887 tur,
1987 2831 2080 2876 aut
2105 2824 2350 2878 excusari
2382 2827 2589 2894 possint
2616 2835 2709 2880 aut
2731 2827 3082 2892 condonanda
3103 2829 3243 2893 sint;
3275 2829 3368 2884 sed
3397 2829 3446 2885 si

1855 2913 1990 2967 velis
2031 2914 2210 2968 ulcisci
2254 2915 2396 2984 quod
2438 2915 2636 2969 factum
2676 2925 2787 2982 est,
2818 2917 3066 2970 omnibus
3093 2916 3317 2986 objiciar
3354 2928 3446 2974 tuo

1855 3002 2054 3056 auxilio
2076 3001 2382 3058 destitutus.
2411 3003 2546 3070 Quid
2576 3005 2734 3073 igitur
2762 3007 2937 3060 Deus?
2961 3005 3082 3061 Non
3109 3008 3204 3073 sic,
3234 3008 3441 3078 inquit;

1853 3092 2075 3162 quisquis
2107 3093 2344 3147 occiderit
2374 3095 2520 3160 Cain,
2543 3105 2733 3164 septem
2772 3097 3018 3150 vindictas
3067 3099 3311 3166 persolvet
3335 3097 3441 3170 (Ib.

1852 3195 1902 3234 v.
1940 3183 2054 3254 15).
2087 3184 2166 3240 Ne
2190 3193 2418 3251 metuas,
2447 3187 2637 3257 inquit,
2663 3187 2802 3254 hoc;
2835 3189 2981 3243 vives
3004 3188 3216 3260 longam
3241 3190 3439 3256 vitam,

1856 3289 1922 3330 ac
1960 3275 2006 3330 si
2037 3276 2158 3345 quis
2188 3285 2238 3331 te
2264 3276 2548 3342 occiderit,
2589 3277 2851 3333 obnoxius
2877 3279 2979 3332 erit
3018 3281 3200 3334 multis
3239 3281 3441 3351 suppli-

1856 3367 1974 3423 ciis.
2012 3367 2146 3423 Nam
2173 3371 2508 3438 septenarius
2534 3386 2790 3426 numerus
2819 3371 2872 3426 in
2901 3371 3189 3442 Scripturis
3220 3375 3440 3429 inﬁnitae

1856 3458 2215 3514 multitudinis
2258 3461 2700 3530 signiﬁcationem
2745 3461 2924 3518 habet.
2972 3464 3235 3530 Quoniam
3279 3464 3440 3534 igitur

1856 3547 1986 3604 Cain
2015 3550 2196 3606 multis
2225 3551 2500 3622 suPPIiCiis
2534 3553 2795 3609 obnoxius
2828 3564 2980 3621 erat,
3011 3556 3264 3611 anxietati
3285 3596 3300 3620 ,
3333 3566 3441 3611 tre-

1856 3642 2030 3710 mori,
2068 3643 2334 3713 suspiriis,
2379 3647 2617 3710 maerori,
2649 3647 2986 3704 dissolutioni
3029 3653 3268 3721 corporis
3301 3670 3315 3708 :
3349 3655 3440 3722 qui

1857 3733 2133 3802 occiderit,
2161 3736 2350 3806 inquit,
2381 3746 2454 3802 te,
2477 3748 2530 3792 et
2558 3739 2625 3794 ab
2653 3741 2755 3795 illis
2776 3743 3000 3798 vinculis
3031 3743 3288 3811 liberarit,
3321 3746 3438 3816 ipse

1857 3825 1912 3879 in
1949 3841 2008 3880 se
2036 3827 2293 3882 vindictas
2317 3842 2576 3885 accersat.
2608 3832 2682 3886 Ae
2719 3833 2926 3888 videtur
2964 3836 3180 3904 quidem
3211 3837 3263 3892 id
3289 3839 3433 3908 quod

1854 3919 2068 3986 dicitur,
2093 3926 2441 3978 vehementer
2466 3933 2615 3978 atrox
2653 3940 2791 3993 esse,
2833 3943 2952 3981 cum
2980 3936 3164 3983 contra
3206 3929 3440 3985 declaret

1855 4011 2068 4066 Domini
2097 4012 2542 4068 benevolentiam.
2575 4015 2782 4070 Etenim
2816 4017 2954 4071 Deus
2987 4019 3169 4074 volens
3195 4029 3439 4088 posteros

1855 4101 1924 4156 ad
1951 4104 2356 4173 temperantiam
2383 4103 2670 4172 adducere,
2694 4106 2800 4160 tale
2820 4107 3067 4177 supplicii
3086 4123 3254 4179 genus
3280 4125 3438 4165 cxco-

1853 4195 2061 4267 gitavit,
2097 4196 2238 4266 quod
2267 4196 2397 4252 Cain
2428 4213 2456 4250 a
2492 4208 2712 4267 peccato
2742 4209 2925 4269 posset
2953 4200 3202 4257 liberare.
3233 4201 3364 4256 Nam
3393 4205 3437 4257 si

1856 4286 2096 4355 protinus
2117 4285 2268 4340 illum
2292 4286 2663 4355 interfecisset,
2687 4289 2905 4345 abiisset
2925 4290 3139 4361 quidem
3163 4303 3437 4361 peccatum

1856 4375 1909 4430 in
1955 4390 2074 4431 sese
2129 4384 2324 4431 tectum
2376 4375 2577 4442 ferens,
2626 4394 2798 4449 neque
2842 4380 3072 4449 posteris
3122 4381 3234 4437 ullo
3284 4393 3438 4452 pacto

1857 4465 2047 4523 fuisset
2069 4468 2331 4538 cognitus.
2361 4469 2512 4525 Nunc
2549 4481 2727 4526 autem
2765 4473 3058 4541 permissus
3100 4475 3266 4529 multo
3297 4484 3436 4530 tem-

1857 4573 1985 4628 pore
2014 4559 2194 4614 vivere
2217 4560 2268 4612 in
2298 4560 2390 4614 illo
2422 4569 2674 4625 tremore,
2702 4560 2885 4616 docuit
2903 4562 3090 4618 obvios
3110 4577 3297 4620 omnes
3320 4566 3438 4635 ipso

1853 4661 2091 4722 aspectu,
2111 4653 2550 4724 vacillationeque
2571 4655 2767 4721 carnis,
2792 4655 3104 4724 exhortans,
3131 4672 3200 4712 ne
3224 4658 3438 4729 quando

1855 4746 2044 4800 similia
2072 4745 2350 4811 auderent,
2379 4761 2447 4800 ne
2475 4746 2668 4801 similia
2697 4757 3026 4816 paterentur,
3057 4749 3215 4807 simul
3242 4761 3296 4806 et
3323 4751 3439 4820 ipse

1853 4836 2093 4892 redditus
2115 4846 2196 4894 est
2225 4835 2432 4891 melior.
2460 4835 2593 4891 Nam
2620 4845 2821 4891 tremor
2846 4848 2899 4892 et
2927 4839 3084 4894 timor
3103 4855 3166 4895 ac
3189 4841 3292 4896 vita
3313 4857 3435 4896 cum

1853 4929 2121 4984 anxietate
2151 4937 2384 4998 peracta,
2413 4930 2758 5000 corporisque
2796 4930 3098 4998 dissolutio,
3128 4934 3290 4989 veluti
3317 4937 3436 4989 vin-

1853 5023 1975 5075 culo
2035 5019 2284 5090 quopiam
2337 5021 2657 5075 constrinxit
2713 5021 2860 5075 illum
2893 5061 2910 5087 ,
2970 5038 3142 5093 neque
3194 5025 3435 5094 permisit

1852 5109 2028 5165 denuo
2053 5109 2118 5164 ad
2145 5109 2318 5164 simile
2353 5109 2560 5165 facinus
2587 5125 2953 5180 prorumpere,
2982 5122 3037 5168 et
3075 5113 3270 5183 prioris
3302 5115 3432 5170 assi-

1853 5201 1957 5257 due
1985 5201 2411 5267 commonefecit,
2451 5211 2507 5257 et
2545 5203 2756 5258 interim
2795 5204 2960 5273 ipsius
2986 5204 3218 5259 animam
3243 5205 3433 5260 mode-

1853 5294 2112 5349 rationem
2139 5292 2390 5348 reddidit.

1923 5385 1974 5439 3.
2017 5381 2120 5439 Cur
2150 5383 2276 5438 Cain
2306 5393 2561 5454 peccatum
2596 5401 2741 5439 suun:
2763 5402 2860 5439 non
2893 5386 3070 5440 abluit.
3097 5415 3165 5425 —
3187 5385 3289 5440 Sed
3321 5385 3430 5441 Irrc

1853 5474 2086 5545 loquenti
2119 5474 2246 5528 mibi
2272 5475 2417 5530 venit
2445 5475 2497 5529 iu
2527 5484 2777 5537 mentem,
2828 5485 2884 5530 ut
2922 5477 2972 5529 in
2998 5475 3230 5531 medium
3265 5475 3426 5532 addu-

1853 5581 1990 5629 cam,
2019 5580 2357 5635 quaaramque
2389 5566 2733 5636 quamobrem
2761 5565 2990 5634 tandem,
3017 5582 3136 5620 cum
3161 5578 3427 5634 peccatum

1856 5671 2010 5712 suum
2052 5663 2194 5721 esset
2214 5655 2493 5713 confessus
2512 5697 2526 5725 ,
2556 5655 2858 5728 factumque
2885 5656 3212 5725 damnasset,
3244 5660 3435 5716 dicens
