3862 6228
393 257 491 314 93!

391 390 453 431 se
477 373 679 444 majora
710 387 977 444 peccasse,
1005 388 1161 444 quam
1189 383 1246 427 ut
1269 373 1478 428 veniam
1507 383 1825 440 mereretur,
1851 373 1971 428 ttul-

395 468 553 535 laque
589 465 934 521 excusatione
966 480 1024 520 se
1051 463 1270 534 dignum
1307 479 1458 529 esse,
1492 480 1596 518 non
1632 464 1861 534 poluerit
1882 465 1977 520 ab-

394 555 547 611 luere
568 563 815 625 peccata;
845 568 964 609 cum
996 553 1253 624 propheta
1277 553 1455 609 dicat:
1489 553 1585 608 Dic
1611 564 1664 608 tu
1690 554 1976 622 iniquitates

394 656 507 699 tuas
533 646 694 716 prior,
716 654 777 698 ut
790 644 1088 715 justiﬁceris
1124 641 1275 716 (Isai.
1309 644 1397 698 45.
1436 644 1569 714 26);
1596 644 1690 699 sed
1718 644 1974 699 condem-

402 746 552 789 .tatus
580 733 778 789 fuerit?
805 732 1063 800 Quoniam
1106 748 1210 787 non
1237 733 1387 795 dixit.
1417 742 1474 787 ut
1506 731 1667 802 jussit
1694 733 1973 804 propheta.

398 822 509 877 Non
535 823 680 878 enim
718 823 1033 892 simpliciter
1056 822 1210 889 dixit,
1239 822 1327 878 die
1366 823 1669 894 iniquitates
1699 830 1848 879 tuas:
1881 823 1978 879 sed

395 911 562 981 quid?
584 911 679 966 Dic
698 922 751 966 tu
771 913 913 984 prior
928 913 1214 982 iniquitates
1233 920 1367 967 tuas.
1392 913 1544 982 Quod
1564 915 1841 983 quaeritur,
1872 914 1976 970 hoc

396 1013 516 1067 est;
549 1020 653 1057 non
679 1002 992 1073 simpliciter
1009 1018 1131 1061 esse
1158 1002 1430 1071 dicendas,
1461 1004 1557 1060 sed
1584 1006 1729 1075 prius
1752 1019 1872 1061 esse
1894 1003 1979 1059 di:

322 1100 359 1145 εί.
394 1095 591 1150 condas
614 1113 629 1151 :
653 1112 757 1150 non
777 1094 1189 1165 exspectandam
1212 1095 1639 1166 redargutionem
1658 1097 1976 1151 accusantis.

396 1185 494 1240 llic
517 1198 694 1241 autem
721 1200 829 1241 non
855 1186 989 1240 dixit
1012 1185 1177 1257 prior,
1192 1185 1286 1246 sed
1303 1186 1645 1256 exspectavit,
1665 1186 1838 1242 donec
1856 1185 1982 1242 red-

394 1285 708 1346 argueretur
748 1291 780 1331 a
824 1275 936 1332 Deo
977 1292 991 1331 :
1041 1277 1170 1346 quin
1205 1276 1419 1347 potius,
1468 1277 1562 1332 illo
1603 1274 1976 1347 redarguente,

393 1368 623 1436 negavit.
655 1364 944 1435 Postquam
966 1374 1144 1420 autem
1167 1366 1337 1422 semel
1376 1364 1569 1420 factum
1597 1374 1681 1423 est
1703 1372 1979 1437 peccatum

392 1456 590 1524 palam,
623 1465 734 1511 tum
764 1455 897 1511 dixit
922 1470 1219 1526 peccatum,
1242 1471 1361 1527 qua:
1384 1456 1599 1527 quidem
1630 1471 1735 1513 non
1764 1468 1845 1513 est
1867 1457 1978 1528 jam

393 1546 681 1601 confessio.
728 1546 958 1602 Proinde
1004 1557 1059 1601 tu
1097 1563 1329 1618 quoque,
1371 1546 1586 1614 dilecte,
1631 1560 1753 1603 cum
1788 1563 1979 1619 pecca-

393 1639 571 1706 verls,
625 1654 693 1694 ne
738 1638 1098 1709 exspectaris,
1150 1648 1207 1693 ut
1258 1638 1327 1694 ab
1374 1637 1483 1695 alio
1535 1634 1834 1707 accuset-is;
1885 1639 1980 1695 sed

395 1730 702 1800 priusquam
726 1729 995 1785 accuseris
1020 1745 1084 1785 ac
1111 1729 1393 1797 deferaris;
1423 1739 1481 1785 tu
1520 1729 1820 1787 condemna
1862 1746 1981 1801 quae

397 1818 531 1875 facta
560 1830 704 1879 sunt.
751 1819 884 1876 Nam
915 1821 961 1876 si
999 1821 1116 1891 quis
1144 1821 1281 1875 alius
1316 1820 1511 1877 deinde
1540 1829 1593 1877 te
1627 1821 1976 1892 redarguerit,

395 1924 505 1966 non
526 1910 636 1982 jam
667 1920 773 1966 tuac
797 1910 1150 1968 confessionis
1180 1920 1263 1967 est
1300 1911 1533 1967 ofﬁcium
1552 1948 1570 1979 ,
1601 1911 1696 1969 sed
1721 1913 1863 1968 illius
1890 1914 1980 1984 qui

396 2000 608 2056 accusat
632 2003 916 2058 correctio.
957 1994 1292 2073 Quaproptei'
1332 2012 1386 2058 et
1418 2002 1554 2058 alius
1590 2005 1852 2075 quispiam
1894 2006 1980 2059 itt-

394 2094 541 2161 quit,
568 2091 749 2147 Justus
792 2094 873 2148 sui
911 2093 1071 2162 ipsius
1114 2103 1379 2148 accusator
1396 2103 1466 2147 est
1494 2096 1549 2149 in
1587 2094 1833 2167 principio
1876 2091 1982 2150 se?-

395 2184 559 2237 monis
587 2182 766 2253 (Prov.
805 2184 892 2239 i8.
925 2183 1035 2255 l7).
1065 2184 1249 2255 Itaque
1279 2200 1385 2239 non
1416 2184 1519 2239 hoc
1548 2193 1632 2240 est
1667 2186 1811 2256 thd
1836 2199 1981 2256 qua:-

396 2273 550 2340 t'itur,
583 2266 639 2327 ut
663 2287 884 2329 accuses
922 2275 1147 2344 tcipsum
1171 2315 1187 2340 ,
1214 2273 1309 2330 sed
1350 2282 1407 2328 ut
1430 2276 1577 2344 prior
1630 2274 1857 2347 teipsum
1892 2290 1981 2332 ac-

396 2377 575 2429 cuses,
602 2376 705 2418 nec
731 2371 982 2433 expectes
1002 2363 1070 2418 ab
1099 2364 1219 2419 aliis
1242 2363 1690 2435 redargutimiem.

466 2453 654 2509 Petrus
677 2456 928 2525 quomodo
949 2455 1106 2510 abluit
1126 2450 1385 2526 peccoium
1401 2470 1546 2513 suum
1564 2476 1585 2525 ;
1602 2460 1647 2513 ei
1666 2460 1800 2515 orbis
1815 2464 1980 2515 terrea

395 2541 512 2598 iam
546 2540 1164 2601 commissum—Petrus
1201 2546 1379 2616 itaque
1424 2557 1544 2617 post
1581 2564 1795 2619 gravem
1836 2550 1979 2608 illaut

400 2635 759 2705 negationem,
792 2636 1043 2706 quoniam
1066 2636 1317 2692 celeriter
1332 2652 1485 2692 suum
1513 2639 1680 2709 ipsius
1701 2649 1976 2709 peccatum

396 2724 707 2801 recordatus
747 2736 862 2794 est,
891 2727 1143 2798 nulloque
1177 2736 1465 2785 accusante
1506 2729 1646 2786 dixit
1680 2741 1975 2801 peccatum,

397 2799 649 2888 llevitque
686 2832 907 2874 amare:
952 2820 1030 2874 sic
1073 2818 1241 2874 abluit
1279 2819 1423 2876 illam
1454 2799 1879 2892 abnegationem,
1922 2799 1982 2878 ut

396 2911 556 2964 etiam
578 2909 779 2978 primus
791 2909 1153 2979 apostolorum
1169 2910 1326 2965 fuerit
1343 2910 1533 2979 factus,
1553 2912 1708 2983 eique
1721 2922 1862 2969 totus
1881 2922 1964 2969 ter

397 2997 576 3054 rarum
597 3000 744 3055 orbis
763 2994 1279 3077 cotmnissus‘fuerit.
1297 3002 1403 3059 Sed
1419 3004 1558 3073 quod
1575 3003 1818 3060 dicebam
1834 3005 1978 3075 (nam

397 3101 612 3163 Oportet
635 3092 702 3147 ad
724 3093 775 3149 id
801 3093 943 3164 quod
968 3095 1297 3166 propositum
1326 3103 1409 3151 est
1424 3094 1641 3167 reverti)
1665 3096 1796 3151 satis
1824 3097 1979 3152 nobis

400 3190 470 3241 ex
513 3184 597 3240 bis
639 3185 1074 3253 demonstratur,
1116 3202 1223 3242 non
1270 3197 1519 3257 oportere
1565 3187 1759 3243 fratres
1801 3188 1979 3257 lapsos

400 3277 691 3348 negligere,
725 3293 898 3349 neque
919 3288 1289 3345 contemnere,
1318 3295 1500 3335 verum
1528 3281 1833 3350 proSpicet-e
1856 3282 1978 3351 qui-

397 3368 521 3423 dem
562 3368 663 3424 illis
687 3381 811 3425 ante
833 3378 1129 3440 peceatum,
1162 3379 1417 3426 caeterum
1448 3371 1611 3426 etiam
1640 3379 1761 3441 post
1789 3384 1977 3441 pecea~

398 3468 512 3513 tum
557 3460 776 3514 multam
814 3474 939 3531 erga
981 3459 1101 3515 illos
1130 3470 1385 3530 praestare
1425 3476 1627 3516 curam.
1668 3460 1851 3515 ltidetn
1897 3462 1975 3516 fas

400 3550 548 3604 ciunt
575 3561 630 3606 et
655 3550 845 3606 medici
876 3568 889 3605 :
918 3550 1268 3622 prmscribunt
1290 3554 1431 3609 enim
1458 3567 1521 3608 ac
1545 3554 1858 3625 prmcipiunt
1885 3555 1980 3610 lio-

401 3640 654 3707 minibus,
682 3655 799 3710 qua:
821 3651 1040 3711 possunt
1055 3642 1268 3698 illort‘nn
1293 3643 1649 3700 valetudinem
1680 3646 1837 3711 tueri,
1862 3661 1981 3700 om-

399 3744 635 3800 nemque
658 3731 903 3787 morbum
925 3732 1208 3788 excludere
1229 3752 1242 3787 :
1265 3744 1516 3789 cancrum
1535 3734 1624 3789 ubi
1649 3734 1980 3806 neglexerint

397 3821 740 3892 prtescripta,
767 3833 822 3878 et
865 3824 917 3877 in
951 3823 1312 3879 valetudinem
1355 3825 1637 3881 adversam
1674 3825 1974 3894 inciderint,

403 3924 511 3965 non
538 3911 813 3983 negligunt
835 3926 929 3967 eos
971 3912 1095 3982 ipsi,
1122 3913 1215 3968 sed
1246 3922 1356 3968 tum
1384 3915 1614 3971 maxime
1642 3916 1861 3971 multam
1881 3915 1978 3971 ad-

401 4003 586 4059 hibent
630 4004 1060 4071 sollicitudinem,
1092 4020 1203 4076 quo
1251 4007 1369 4062 illos
1423 4008 1617 4063 morbo
1652 4008 1846 4064 levent.
1888 4008 1977 4065 ld-

342 4108 349 4115 ’
399 4094 575 4164 ipsum
591 4106 643 4150 et
660 4096 854 4151 Paulus
864 4095 1102 4168 fecit,qui
1116 4112 1237 4152 eum
1254 4099 1342 4167 qui
1361 4108 1600 4169 stuprum
1614 4101 1974 4167 commiserat,

398 4190 522 4257 post
549 4186 676 4241 illud
698 4192 996 4257 lchatum,
1026 4188 1167 4259 quod
1193 4204 1262 4244 ne
1286 4188 1425 4244 inter
1443 4200 1631 4261 gentes
1653 4192 1866 4261 quidem
1893 4193 1975 4246 in-

401 4275 730 4341 veniebatur,
764 4291 871 4331 non
892 4278 1215 4348 contempsit
1241 4294 1255 4331 :
1290 4292 1469 4332 verum
1490 4279 1650 4333 etiam
1682 4279 1866 4335 frenos
1885 4294 1974 4336 rc-

400 4375 700 4437 spucntcm,
733 4382 834 4422 nec
859 4367 1177 4422 medicinam
1233 4369 1516 4423 admittere
1557 4370 1858 4436 volentem,
1900 4370 1978 4425 la-

398 4459 707 4514 scivientem
723 4473 785 4514 ac
808 4459 1152 4525 resilientem,
1176 4458 1384 4514 reduxit
1399 4459 1465 4514 ad
1487 4461 1799 4515 sanitatem:
1829 4469 1884 4516 et
1905 4461 1975 4516 ita

399 4551 638 4619 reduxit,
694 4560 751 4606 ut
810 4551 1159 4622 coniungeret
1198 4566 1409 4606 rursum
1463 4551 1675 4621 corpori
1724 4552 1975 4607 Ecclesia:

402 4644 450 4713 (Ι
477 4642 596 4698 Cor.
626 4642 705 4713 5).
729 4642 912 4713 Neque
930 4642 1064 4697 dixit
1087 4641 1227 4713 apud
1242 4656 1362 4698 sese
1384 4659 1397 4695 :
1426 4641 1551 4712 quid
1578 4641 1680 4696 hoc
1701 4641 1976 4712 proderit?

398 4748 519 4804 quas
555 4733 681 4788 hinc
708 4733 943 4788 utilitas?
971 4741 1213 4803 stuprum
1233 4732 1525 4799 commisit,
1554 4741 1827 4802 peccaturo
1854 4745 1976 4802 ler-

399 4825 645 4894 petravit,
676 4840 775 4880 nec
814 4825 927 4879 vult
954 4823 1218 4880 desistere
1257 4839 1289 4879 a
1320 4824 1565 4888 lascivia;
1587 4838 1773 4879 verum
1810 4833 1866 4879 et
1888 4825 1974 4880 ξαν

397 4913 556 4970 ﬂatus
579 4926 687 4982 est,
714 4926 768 4971 et
788 4916 892 4970 sibi
919 4917 1110 4987 placet,
1137 4924 1194 4972 et
1220 4915 1607 4972 immedicabile
1631 4916 1822 4971 vulnus
1846 4916 1974 4971 red-

395 5006 475 5062 dit
502 5023 517 5061 :
545 5008 782 5063 sinamus
806 5008 964 5078 igitur
988 5008 1138 5064 illum
1166 5024 1229 5063 ac
1255 5008 1584 5064 deseramus.
1611 5007 1753 5063 Nihil
1779 5008 1973 5064 borum

395 5092 529 5154 dixit
553 5113 567 5152 :
599 5097 694 5153 sed
724 5106 941 5169 propter
965 5098 1067 5155 hoc
1094 5100 1266 5170 ipsum
1294 5099 1523 5153 maxime
1548 5099 1716 5152 multa
1742 5110 1867 5153 usus
1892 5109 1975 5153 est

391 5203 520 5261 erga
551 5190 697 5245 illum
726 5188 1083 5244 sollicitudine
1103 5231 1119 5254 ,
1146 5188 1285 5259 quod
1314 5188 1380 5243 ad
1408 5187 1687 5243 nefandam
1717 5188 1971 5242 malitiam

395 5280 598 5338 videret
624 5281 770 5336 illum
795 5296 917 5337 esse
942 5280 1246 5350 delapsum,
1276 5295 1449 5350 neque
1483 5281 1710 5336 cessavit
1744 5290 1968 5347 terrere,

393 5373 606 5439 minari,
626 5372 815 5443 punire
841 5381 952 5427 tum
973 5386 1067 5442 per
1086 5386 1224 5435 sese.
1247 5377 1357 5426 tum
1381 5382 1478 5441 per
1496 5371 1628 5427 alios
1645 5372 1966 5441 complures,

397 5463 527 5517 nihil
555 5479 660 5518 non
689 5462 922 5529 faciens,
954 5464 1085 5517 nihil
1115 5479 1219 5517 non
1249 5470 1490 5527 tentans,
1519 5462 1690 5518 donec
1724 5462 1871 5517 illum
1901 5462 1968 5518 ad

409 5556 714 5623 Iguitionem
734 5557 935 5626 peccati
958 5555 1308 5624 perduxisset,
1332 5554 1397 5611 ad
1414 5567 1628 5610 sensum
1653 5554 1965 5624 iniquitatis,

392 5656 666 5716 postremo
702 5648 874 5705 donec
915 5647 1090 5716 ipsum
1131 5646 1405 5704 liberasset
1452 5645 1519 5703 ab
1557 5646 1703 5705 omni
1740 5647 1963 5704 macula.

1088 254 1143 312 s.
1182 254 1461 312 JOANNIS
1497 255 1976 316 CttllYSOS’l‘Olll
2006 256 2335 331 _AllCtllEP.
2375 236 2900 318 coxsrsivr'mor.

3552 268 3661 324 912

2085 374 2199 430 Hoc
2223 391 2355 430 sane
2381 376 2539 431 facito
2570 388 2624 432 tu
2652 394 2864 448 quoque
2892 394 2907 431 :
2946 377 3153 434 imitare
3177 378 3571 437 Samaritanutn
3601 384 3663 438 il-

2082 467 2213 535 lum,
2240 468 2329 538 qui
2359 470 2410 523 in
2442 469 2727 539 Evangelio
2758 479 2956 525 tantam
2992 485 3116 540 erga
3144 471 3483 528 vulneratum
3528 476 3665 529 huic

2083 560 2329 628 praestitit
2347 560 2758 616 sollicitudinem
2777 562 2817 614 ¹.
2834 555 3040 615 Etenim
3055 559 3163 615 illic
3179 564 3433 632 przeteriit
3450 564 3633 619 Levita
3645 604 3666 629 ,

2082 650 2340 719 praeteriit
2367 650 2694 719 Pharisazus,
2722 669 2785 707 ac
2812 643 3000 709 neuter
3033 651 3250 709 deﬂexit
3273 653 3339 733 ad
3369 654 3664 725 iacentem.

2083 744 2180 799 sed
2226 744 2574 799 inclementer
2616 742 3008 815 crudeliterque
3043 738 3229 801 relicto
3269 744 3360 800 illo
3393 746 3663 803 abierunt.

2083 837 2448 892 Samaritanus
2476 847 2652 892 autem
2679 837 2939 907 quispiam
2960 878 2976 904 ,
3002 835 3093 906 qui
3131 836 3274 892 nulla
3315 853 3378 892 es
3412 828 3567 907 parte
3592 832 3668 894 illi

2082 940 2399 997 coniunctus
2425 939 2559 993 erat,
2593 945 2699 982 non
2729 927 3104 997 pmtercutrit,
3130 927 3224 981 sed
3253 940 3547 981 accurrcus
3568 926 3668 981 mi-

2084 1029 2258 1074 sertus
2277 1027 2378 1084 est,
2410 1019 2686 1072 instillavit
2710 1014 2886 1073 oleum
2911 1032 2976 1071 ac
3000 1010 3201 1081 vinum,
3224 1015 3476 1085 imposuit
3493 1014 3665 1081 ashro,

2084 1108 2234 1164 duxit
2259 1109 2324 1163 ad
2361 1109 2735 1173 diversorium,
2777 1108 3055 1177 pecuniam
3098 1096 3290 1177 partim
3329 1093 3669 1189 dedit‘pne—

2085 1208 2312 1268 Sentem,
2361 1202 2550 1269 partim
2584 1199 2848 1271 pollicitus
2888 1210 2969 1254 est
2998 1216 3096 1270 pro
3136 1190 3272 1269 ejus,
3302 1197 3391 1269 qui
3437 1194 3576 1252 nihil
3602 1196 3669 1251 ad

2087 1294 2258 1364 ipsum
2299 1293 2616 1362 pertinebat,
2646 1292 2921 1346 curatione
2958 1290 3107 1361 (Luc.
3136 1289 3223 1345 10.
3254 1289 3344 1345 30.
3369 1288 3535 1360 sqq.),
3568 1303 3669 1344 nec

2084 1383 2216 1438 dixit
2242 1384 2379 1452 apud
2419 1398 2538 1437 sese
2567 1400 2578 1435 :
2611 1398 2729 1452 qua:
2773 1381 2903 1437 mihi
2947 1397 3073 1436 cura
3100 1392 3182 1436 est
3221 1381 3411 1435 istius?
3435 1380 3665 1436 Samari-

2086 1482 2241 1529 tanus
2282 1489 2435 1538 soni;
2464 1474 2596 1528 nihil
2636 1473 2765 1527 mihi
2808 1486 2927 1527 cum
2976 1473 3103 1537 illo;
3137 1473 3317 1541 procul
3355 1471 3669 1526 absumusa

2084 1567 2317 1632 civitate,
2345 1579 2397 1621 et
2422 1567 2510 1621 ille
2532 1582 2598 1621 ne
2620 1563 2821 1638 ingredi
2842 1564 3055 1635 quidem
3089 1569 3280 1635 potest.
3307 1564 3443 1632 Quid
3463 1573 3668 1629 autem,

2086 1661 2131 1714 si
2163 1660 2299 1714 ferre
2344 1676 2448 1713 non
2497 1660 2664 1728 possit
2694 1659 2791 1712 vim
2838 1656 3240 1727 longitudinem,
3288 1668 3563 1711 mortuum
3590 1656 3671 1709 af—

2084 1752 2290 1808 feram?
2316 1752 2604 1823 capiendus
2648 1768 2763 1805 sum
2791 1738 2859 1805 ob
2885 1750 3082 1805 eadem
3100 1791 3115 1814 ,
3145 1748 3407 1803 obnoxius
3448 1764 3549 1804 cro
3576 1747 3673 1802 lto-

2083 1843 2339 1899 micidio?
2362 1843 2454 1897 llis
2481 1858 2608 1897 sane
2635 1843 2703 1897 dc
2732 1843 2907 1896 causis
2931 1841 3081 1895 multi
3109 1855 3251 1909 srcpe
3277 1830 3672 1909 pratercuntes

2087 1951 2151 1991 ac
2180 1934 2423 1990 videntes
2451 1932 2695 1990 homines
2721 1934 3029 1988 vulneratos
3059 1930 3406 2003 palpitantes,
3440 1940 3671 2002 prater-

2083 2034 2231 2091 eunt,
2272 2041 2377 2080 non
2408 2025 2547 2094 quod
2576 2035 2865 2095 graventur
2897 2025 3106 2090 tollere,
3148 2023 3499 2095 pecuniisque
3545 2039 3671 2094 par-

2083 2127 2230 2182 cant,
2262 2109 2355 2171 sed
2397 2111 2714 2181 metuentes,
2743 2132 2811 2170 ne
2839 2127 2892 2169 et
2919 2114 3018 2185 ipsi
3048 2112 3422 2185 pertrahuntur
3449 2112 3503 2167 in
3529 2108 3677 2183 judi-

2082 2207 2246 2272 cium,
2299 2215 2549 2277 tanquam
2591 2205 2754 2261 caedis
2798 2205 2910 2270 rei;
2953 2220 3139 2260 verum
3176 2203 3443 2259 humanus
3481 2203 3579 2259 ille
3612 2219 3677 2258 ac

2084 2300 2226 2356 mitis
2253 2300 2386 2354 nihil
2415 2299 2604 2354 horum
2624 2299 2830 2363 metuit,
2857 2297 2950 2354 sed
2974 2294 3055 2352 his
3075 2295 3322 2352 omnibus
3344 2297 3679 2365 contemptis

2083 2392 2337 2461 imposuit
2363 2406 2484 2445 eum
2514 2391 2686 2457 asino,
2718 2401 2773 2445 et
2802 2389 2853 2442 in
2879 2387 3232 2443 diversorium
3256 2385 3548 2458 perduxit:
3582 2404 3680 2441 ne-

2083 2484 2189 2552 que
2216 2480 2502 2553 quidquam
2531 2480 2717 2535 harum
2747 2486 2923 2535 rerum
2952 2477 3362 2543 reformidabat,
3393 2491 3503 2530 non
3534 2477 3680 2546 peri-

2083 2571 2285 2639 culum,
2320 2589 2424 2626 non
2453 2572 2796 2642 pecuniarum
2831 2568 3188 2640 impendium,
3231 2585 3338 2623 non
3363 2562 3515 2623 aliud
3536 2584 3679 2639 pra:-

2083 2672 2228 2717 terea
2254 2662 2561 2732 quidquam.
2601 2661 2753 2728 Quod
2775 2660 2820 2716 si
2856 2659 3221 2716 Samaritanus
3241 2656 3375 2714 adeo
3402 2658 3678 2713 humasms

2083 2757 2333 2827 mitisque
2356 2756 2454 2811 fuit
2479 2771 2602 2825 erga
2635 2755 2905 2810 hominem
2936 2754 3173 2824 ignotum
3199 2770 3213 2807 :
3240 2767 3399 2822 quam
3433 2750 3675 2806 habituri

2083 2863 2271 2904 sumus
2297 2861 2394 2901 nos
2429 2849 2669 2913 veniam,
2700 2845 2743 2899 si
2774 2845 3016 2915 proprios
3045 2842 3238 2898 fratres
3274 2842 3677 2913 neg.exerimus

2083 2936 2137 2990 itt
2164 2938 2320 2991 malis
2360 2937 2732 3006 gravidribus?
2762 2935 2892 2990 Nam
2918 2943 2973 2989 ct
3015 2933 3124 3000 isti,
3156 2931 3244 3003 qui
3279 2948 3424 2987 nunc
3459 2930 3675 3001 jejuna-

2085 3037 2305 3089 verunt,
2340 3028 2641 3081 inciderunt
2679 3028 2730 3080 in
2764 3022 3042 3096 praedones
3076 3018 3320 3090 Judacos,
3350 3020 3462 3077 imo
3486 3021 3676 3076 verius

2082 3118 2331 3174 omnibus
2375 3114 2714 3187 pra-donibus
2760 3116 3048 3182 SJ'VlOI‘CS,
3095 3113 3292 3182 quique
3329 3110 3676 3181 gravioribus

2082 3209 2239 3265 malis
2262 3210 2499 3264 alliciunt
2526 3223 2646 3275 eos,
2673 3208 2763 3286 qui
2792 3208 2844 3262 in
2879 3222 2974 3263 eos
3002 3204 3262 3261 incidunt.
3288 3201 3477 3274 Neque
3516 3203 3669 3261 enim

2081 3312 2259 3356 vestes
2287 3301 2495 3354 illorum
2541 3301 2873 3366 lacerarunt,
2901 3312 3076 3368 neque
3100 3294 3313 3365 corpori
3356 3292 3674 3350 innixa-unt

2082 3396 2340 3463 vulnera,
2396 3405 2452 3449 ut
2495 3394 2572 3449 illi
2623 3404 2747 3448 tunc
2797 3392 3060 3456 fecerant;
3107 3384 3202 3443 sed
3255 3386 3495 3443 animam
3547 3402 3663 3441 sau-

2083 3484 2292 3544 ciarunt
2321 3530 2336 3554 ,
2398 3487 2720 3556 inlinitisque
2768 3484 2868 3552 ipsi
2917 3480 3227 3536 vulneribus
3271 3476 3488 3533 inflictis
3515 3518 3536 3544 ,
3597 3476 3679 3533 sic

2082 3581 2325 3636 abierunt
2391 3580 2510 3632 illos
2578 3577 2942 3646 relinquentes
3021 3574 3075 3628 in
3156 3572 3306 3626 fovea
3373 3566 3680 3641 impietatis

2075 3672 2335 3741 jnceutcs.

2154 3762 2209 3816 4.
2237 3761 2316 3817 Ne
2343 3760 2500 3831 igitur
2522 3760 2917 3823 dissimulemus
2942 3756 3101 3813 talem
3125 3754 3464 3825 tragtediam,
3492 3768 3680 3823 tneque

2082 3865 2463 3925 praatereamus
2486 3851 2832 3908 inclementer
2842 3860 2947 3905 tam
2964 3849 3265 3905 miserabile
3278 3848 3678 3918 Spectaculum.

2081 3945 2220 4013 Quin
2240 3943 2448 4000 etiamsi
2468 3943 2560 3998 alii
2581 3942 2684 3999 hoc
2709 3938 2950 4007 fecerint,
2971 3950 3026 3996 tu
3047 3957 3115 3995 ne
3139 3936 3347 3995 feceris.
3366 3937 3447 3995 Ne
3465 3938 3680 3992 dixeris

2082 4037 2223 4109 apud
2252 4038 2609 4107 temetipsum,
2643 4036 2803 4091 homo
2836 4049 2954 4089 sum
3000 4033 3330 4098 mundanus,
3358 4047 3597 4086 uxorem
3623 4041 3680 4086 et

2082 4128 2278 4185 liberos
2309 4127 2479 4183 habeo
2498 4168 2514 4194 ,
2547 4126 2646 4181 ista
2672 4124 3006 4181 sacerdotum
3036 4132 3182 4190 sunt,
3222 4124 3322 4177 ista
3364 4121 3679 4177 monacho-

2081 4234 2223 4274 rum.
2250 4216 2434 4288 Nequc
2466 4215 2611 4273 edim
2647 4212 3015 4272 Samaritanus
3044 4215 3133 4270 ille
3154 4210 3271 4268 lucc
3297 4212 3540 4276 dieebat,
3590 4213 3681 4269 ubi

2083 4325 2226 4365 nunc
2254 4308 2558 4363 sacerdotes
2574 4309 2599 4361 ?
2622 4307 2708 4362 ubi
2755 4322 2895 4361 nunc
2920 4303 3212 4362 Pharis-xii
3240 4303 3326 4359 ubi
3351 4303 3681 4359 Judznorum

2081 4398 2371 4455 doctores?
2416 4398 2512 4454 sed
2564 4396 2791 4468 perinde
2844 4396 2997 4467 quasi
3043 4405 3294 4451 venatum
3356 4396 3681 4466 quempiam

2081 4493 2372 4546 maximum
2416 4498 2604 4547 nactus
2642 4499 2805 4553 esset,
2852 4488 2922 4543 ita
2965 4487 3171 4542 lucrum
3215 4486 3461 4556 arripuit.
3502 4486 3582 4540 Et
3630 4495 3684 4542 tu

2080 4585 2240 4655 igitur
2303 4598 2426 4639 cum
2489 4581 2687 4637 videris
2747 4578 2977 4650 aliquem
3035 4585 3281 4649 egentem
3342 4574 3679 4641 curatione,

2080 4675 2164 4731 vel
2209 4673 2485 4745 corporis,
2539 4672 2624 4728 vel
2680 4672 2908 4737 animae,
2968 4685 3038 4726 ne
3089 4667 3254 4724 dicito
3309 4666 3453 4738 apud
3532 4669 3683 4738 teip-

2079 4780 2230 4832 sum,
2260 4781 2426 4836 quare
2468 4765 2558 4820 ille
2595 4773 2649 4818 ct
2694 4763 2785 4819 ille
2831 4776 2953 4818 eum
2997 4776 3104 4816 non
3155 4762 3531 4815 curaverunt?
3581 4761 3689 4816 sed

2078 4875 2107 4912 a
2140 4859 2328 4914 morbo
2359 4857 2563 4913 libera:
2598 4871 2771 4926 neque
2811 4854 3047 4909 rationes
3084 4852 3266 4922 exigas
3309 4850 3378 4905 ab
3418 4850 3536 4906 illis
3582 4869 3680 4907 nc-

2078 4952 2366 5023 gligentim.
2395 4949 2454 5006 Si
2480 4946 2747 5004 inveneris
2767 4956 2955 5001 aurum
2975 4942 3183 5016 iacens,
3209 4956 3336 4998 num
3358 4940 3497 4997 dicis
3530 4942 3685 5013 apud
3714 5008 3715 5017 χ

2081 5045 2331 5114 teipsum,
2358 5056 2525 5111 quare
2551 5040 2642 5096 ille
2665 5048 2757 5093 aut
2786 5038 2875 5093 ille
2900 5037 3003 5092 hoc
3026 5048 3133 5092 non
3169 5034 3552 5090 sustulerunt?
3585 5036 3686 5090 sed

2079 5138 2300 5191 festinas
2324 5143 2451 5190 ante
2474 5134 2608 5189 alios
2633 5132 2855 5202 rapere?
2883 5129 3071 5186 itidem
3096 5139 3153 5186 et
3175 5128 3243 5184 de
3267 5127 3531 5182 fratribus
3566 5128 3687 5183 eul-

2079 5228 2243 5297 lapsis
2262 5227 2454 5297 cogita,
2472 5234 2763 5296 putatoque
2784 5233 2836 5279 te
2856 5221 3158 5278 thesaurum
3180 5219 3475 5289 reperisse,
3502 5221 3677 5274 nimi.

2080 5335 2198 5374 runt
2228 5334 2410 5375 curam
2442 5318 2671 5373 illorum.
2717 5316 2926 5372 Etenim
2959 5312 3007 5369 si
3043 5311 3382 5368 instillavcris
3413 5311 3489 5366 illi
3526 5312 3685 5367 velut

2077 5412 2257 5468 oleum
2279 5411 2542 5468 sermonis
2556 5410 2868 5478 doctrinam,
2893 5408 2938 5463 si
2959 5406 3206 5481 ligaveris
3227 5405 3687 5493 mansuetudine;

3326 5490 3337 5501 ιι
3378 5490 3473 5519 '71;
3522 5498 3537 5509 -ι

2143 5593 2158 5623 ¹
2195 5592 2269 5640 sic
2289 5591 2435 5639 editio
2455 5588 2591 5638 savii.
2609 5597 2659 5637 et
2682 5586 2819 5637 multi
2844 5594 2949 5637 Mss.
2977 5585 3135 5636 Morel.
3157 5596 3304 5637 vero:
3326 5587 3525 5633 m'tlmn
3546 5596 3646 5648 erg
3668 5598 3675 5623 ί

2080 5653 2278 5704 vulnera
2300 5650 2521 5717 prwstitit
2545 5649 2929 5703 sollicitudinem.
