  <div class='ocr_page' id='page_1' title='image "/cluster/home/n/w/nwhite01/storage/ocr_20150623/48/nnc1.0046978267/412.png"; bbox 0 0 3850 6224; ppageno 0'>
   <div class='ocr_carea' id='block_1_1' title="bbox 203 321 314 380">
    <p class='ocr_par' dir='ltr' id='par_1_1' title="bbox 203 321 314 380">
     <span class='ocr_line' id='line_1_1' title="bbox 203 321 314 380; baseline 0 -4"><span class='ocrx_word' id='word_1_1' title='bbox 203 321 314 380; x_wconf 65' lang='lat'>931</span> 
     </span>
    </p>
   </div>
   <div class='ocr_carea' id='block_1_2' title="bbox 211 435 1786 512">
    <p class='ocr_par' dir='ltr' id='par_1_2' title="bbox 211 435 1786 512">
     <span class='ocr_line' id='line_1_2' title="bbox 211 435 1786 512; baseline 0.002 -17"><span class='ocrx_word' id='word_1_2' title='bbox 211 442 404 512; x_wconf 75' lang='grc' dir='ltr'>δεμιᾶς</span> <span class='ocrx_word' id='word_1_3' title='bbox 438 438 736 508; x_wconf 77' lang='grc' dir='ltr'>ἀπολογίας</span> <span class='ocrx_word' id='word_1_4' title='bbox 769 436 917 504; x_wconf 80' lang='grc' dir='ltr'>ἄξιος</span> <span class='ocrx_word' id='word_1_5' title='bbox 966 435 1124 502; x_wconf 81' lang='grc' dir='ltr'>εἶναι,</span> <span class='ocrx_word' id='word_1_6' title='bbox 1164 442 1265 494; x_wconf 75' lang='grc' dir='ltr'>οῦκ</span> <span class='ocrx_word' id='word_1_7' title='bbox 1326 443 1546 512; x_wconf 82' lang='grc' dir='ltr'>ίσχυσεν</span> <span class='ocrx_word' id='word_1_8' title='bbox 1594 444 1786 498; x_wconf 84' lang='grc' dir='ltr'>ἀπονί-</span> 
     </span>
    </p>
   </div>
   <div class='ocr_carea' id='block_1_3' title="bbox 211 522 1784 597">
    <p class='ocr_par' dir='ltr' id='par_1_3' title="bbox 211 522 1784 597">
     <span class='ocr_line' id='line_1_3' title="bbox 211 522 1784 597; baseline 0.001 -20"><span class='ocrx_word' id='word_1_9' title='bbox 211 523 416 592; x_wconf 61' lang='grc' dir='ltr'>ψασθαι</span> <span class='ocrx_word' id='word_1_10' title='bbox 445 522 513 576; x_wconf 69' lang='grc' dir='ltr'>τὰ</span> <span class='ocrx_word' id='word_1_11' title='bbox 543 525 951 594; x_wconf 87' lang='grc' dir='ltr'>ἁμαρτήματα⁶</span> <span class='ocrx_word' id='word_1_12' title='bbox 979 525 1180 592; x_wconf 89' lang='grc' dir='ltr'>(καίτοι</span> <span class='ocrx_word' id='word_1_13' title='bbox 1198 543 1258 593; x_wconf 88' lang='grc' dir='ltr'>γε</span> <span class='ocrx_word' id='word_1_14' title='bbox 1283 526 1311 577; x_wconf 86' lang='grc' dir='ltr'><strong>ὁ</strong></span> <span class='ocrx_word' id='word_1_15' title='bbox 1328 528 1616 597; x_wconf 81' lang='grc' dir='ltr'>προφήτης</span> <span class='ocrx_word' id='word_1_16' title='bbox 1633 527 1784 597; x_wconf 85' lang='grc' dir='ltr'>φησί’</span> 
     </span>
    </p>
   </div>
   <div class='ocr_carea' id='block_1_4' title="bbox 211 606 1784 677">
    <p class='ocr_par' dir='ltr' id='par_1_4' title="bbox 211 606 1784 677">
     <span class='ocr_line' id='line_1_4' title="bbox 211 606 1784 677; baseline 0.002 -16"><span class='ocrx_word' id='word_1_17' title='bbox 211 610 358 674; x_wconf 76' lang='grc' dir='ltr'>Λέγε</span> <span class='ocrx_word' id='word_1_18' title='bbox 381 606 463 660; x_wconf 84' lang='grc' dir='ltr'>σὺ</span> <span class='ocrx_word' id='word_1_19' title='bbox 492 609 598 671; x_wconf 85' lang='grc' dir='ltr'>τὰς</span> <span class='ocrx_word' id='word_1_20' title='bbox 618 607 872 674; x_wconf 76' lang='grc' dir='ltr'>ἀνομίας</span> <span class='ocrx_word' id='word_1_21' title='bbox 891 623 1008 660; x_wconf 85' lang='grc' dir='ltr'>σου</span> <span class='ocrx_word' id='word_1_22' title='bbox 1034 607 1286 674; x_wconf 72' lang='grc' dir='ltr'>πρῶτος,</span> <span class='ocrx_word' id='word_1_23' title='bbox 1313 609 1412 662; x_wconf 74' lang='grc' dir='ltr'>ἵνα</span> <span class='ocrx_word' id='word_1_24' title='bbox 1427 608 1784 677; x_wconf 78' lang='grc' dir='ltr'>δικαιωθῇς),</span> 
     </span>
    </p>
   </div>
   <div class='ocr_carea' id='block_1_5' title="bbox 209 687 1790 763">
    <p class='ocr_par' dir='ltr' id='par_1_5' title="bbox 209 687 1790 763">
     <span class='ocr_line' id='line_1_5' title="bbox 209 687 1790 763; baseline 0.001 -21"><span class='ocrx_word' id='word_1_25' title='bbox 209 690 344 743; x_wconf 82' lang='grc' dir='ltr'>ἀλλά</span> <span class='ocrx_word' id='word_1_26' title='bbox 378 689 472 742; x_wconf 78' lang='grc' dir='ltr'>καὶ</span> <span class='ocrx_word' id='word_1_27' title='bbox 500 687 832 759; x_wconf 87' lang='grc' dir='ltr'>κατεκρίθη;</span> <span class='ocrx_word' id='word_1_28' title='bbox 865 689 987 742; x_wconf 79' lang='grc' dir='ltr'>Ὅτι</span> <span class='ocrx_word' id='word_1_29' title='bbox 1021 691 1121 743; x_wconf 82' lang='grc' dir='ltr'>οὐκ</span> <span class='ocrx_word' id='word_1_30' title='bbox 1143 688 1314 754; x_wconf 76' lang='grc' dir='ltr'>εἶπεν,</span> <span class='ocrx_word' id='word_1_31' title='bbox 1339 693 1416 756; x_wconf 80' lang='grc' dir='ltr'>ὡς</span> <span class='ocrx_word' id='word_1_32' title='bbox 1447 693 1475 744; x_wconf 89' lang='grc' dir='ltr'>ό</span> <span class='ocrx_word' id='word_1_33' title='bbox 1503 694 1790 763; x_wconf 79' lang='grc' dir='ltr'>προφήτης</span> 
     </span>
    </p>
   </div>
   <div class='ocr_carea' id='block_1_6' title="bbox 205 769 1786 846">
    <p class='ocr_par' dir='ltr' id='par_1_6' title="bbox 205 769 1786 846">
     <span class='ocr_line' id='line_1_6' title="bbox 205 769 1786 846; baseline 0.003 -21"><span class='ocrx_word' id='word_1_34' title='bbox 205 773 509 825; x_wconf 65' lang='grc' dir='ltr'>ἐκέλευσεν.</span> <span class='ocrx_word' id='word_1_35' title='bbox 541 774 616 825; x_wconf 91' lang='lat'><strong>06</strong></span> <span class='ocrx_word' id='word_1_36' title='bbox 646 771 754 842; x_wconf 88' lang='grc' dir='ltr'>γὰρ</span> <span class='ocrx_word' id='word_1_37' title='bbox 786 772 973 836; x_wconf 90' lang='grc' dir='ltr'>ἁπλῶς</span> <span class='ocrx_word' id='word_1_38' title='bbox 1001 769 1152 827; x_wconf 82' lang='grc' dir='ltr'>εἷπεν</span> <span class='ocrx_word' id='word_1_39' title='bbox 1179 778 1206 828; x_wconf 89' lang='grc' dir='ltr'>ό</span> <span class='ocrx_word' id='word_1_40' title='bbox 1232 778 1537 846; x_wconf 82' lang='grc' dir='ltr'>προφήτης,</span> <span class='ocrx_word' id='word_1_41' title='bbox 1560 777 1699 844; x_wconf 90' lang='grc' dir='ltr'>Λέγε</span> <span class='ocrx_word' id='word_1_42' title='bbox 1723 779 1786 830; x_wconf 81' lang='grc' dir='ltr'>σὺ</span> 
     </span>
    </p>
   </div>
   <div class='ocr_carea' id='block_1_7' title="bbox 207 854 1784 928">
    <p class='ocr_par' dir='ltr' id='par_1_7' title="bbox 207 854 1784 928">
     <span class='ocr_line' id='line_1_7' title="bbox 207 854 1784 928; baseline 0.003 -22"><span class='ocrx_word' id='word_1_43' title='bbox 207 855 303 917; x_wconf 74' lang='grc' dir='ltr'>τὰς</span> <span class='ocrx_word' id='word_1_44' title='bbox 325 854 556 925; x_wconf 79' lang='grc' dir='ltr'>ἀνομίας</span> <span class='ocrx_word' id='word_1_45' title='bbox 597 871 712 919; x_wconf 84' lang='grc' dir='ltr'>σου,</span> <span class='ocrx_word' id='word_1_46' title='bbox 744 854 879 908; x_wconf 86' lang='grc' dir='ltr'>ἀλλά</span> <span class='ocrx_word' id='word_1_47' title='bbox 933 855 1015 922; x_wconf 89' lang='grc' dir='ltr'>τί;</span> <span class='ocrx_word' id='word_1_48' title='bbox 1054 856 1204 926; x_wconf 78' lang='grc' dir='ltr'>Λέγε</span> <span class='ocrx_word' id='word_1_49' title='bbox 1234 858 1316 911; x_wconf 86' lang='grc' dir='ltr'>σὺ</span> <span class='ocrx_word' id='word_1_50' title='bbox 1346 856 1599 924; x_wconf 82' lang='grc' dir='ltr'>πρῶτος,</span> <span class='ocrx_word' id='word_1_51' title='bbox 1632 859 1784 928; x_wconf 80' lang='grc' dir='ltr'>φησὶ,</span> 
     </span>
    </p>
   </div>
   <div class='ocr_carea' id='block_1_8' title="bbox 207 937 1788 1010">
    <p class='ocr_par' dir='ltr' id='par_1_8' title="bbox 207 937 1788 1010">
     <span class='ocr_line' id='line_1_8' title="bbox 207 937 1788 1010; baseline 0.003 -20"><span class='ocrx_word' id='word_1_52' title='bbox 207 938 312 1001; x_wconf 82' lang='grc' dir='ltr'>τὰς</span> <span class='ocrx_word' id='word_1_53' title='bbox 338 939 591 1005; x_wconf 77' lang='grc' dir='ltr'>ἀνομίας</span> <span class='ocrx_word' id='word_1_54' title='bbox 620 951 756 990; x_wconf 87' lang='grc' dir='ltr'>σου.</span> <span class='ocrx_word' id='word_1_55' title='bbox 796 937 868 990; x_wconf 74' lang='grc' dir='ltr'>Τὸ</span> <span class='ocrx_word' id='word_1_56' title='bbox 900 937 1229 1010; x_wconf 82' lang='grc' dir='ltr'>ζητούμενον</span> <span class='ocrx_word' id='word_1_57' title='bbox 1246 940 1405 994; x_wconf 89' lang='grc' dir='ltr'>τοῦτό</span> <span class='ocrx_word' id='word_1_58' title='bbox 1438 942 1607 994; x_wconf 77' lang='grc' dir='ltr'>ἐστιν’</span> <span class='ocrx_word' id='word_1_59' title='bbox 1642 943 1701 994; x_wconf 83' lang='grc' dir='ltr'>ού</span> <span class='ocrx_word' id='word_1_60' title='bbox 1728 940 1788 994; x_wconf 82' lang='grc' dir='ltr'>τὸ</span> 
     </span>
    </p>
   </div>
   <div class='ocr_carea' id='block_1_9' title="bbox 204 1020 1787 1095">
    <p class='ocr_par' dir='ltr' id='par_1_9' title="bbox 204 1020 1787 1095">
     <span class='ocr_line' id='line_1_9' title="bbox 204 1020 1787 1095; baseline 0.003 -23"><span class='ocrx_word' id='word_1_61' title='bbox 204 1021 380 1072; x_wconf 81' lang='grc' dir='ltr'>εἰπεῖν</span> <span class='ocrx_word' id='word_1_62' title='bbox 407 1020 614 1084; x_wconf 86' lang='grc' dir='ltr'>ἁπλῶς,</span> <span class='ocrx_word' id='word_1_63' title='bbox 633 1021 768 1074; x_wconf 88' lang='grc' dir='ltr'>ἀλλά</span> <span class='ocrx_word' id='word_1_64' title='bbox 782 1022 842 1074; x_wconf 87' lang='grc' dir='ltr'>τὸ</span> <span class='ocrx_word' id='word_1_65' title='bbox 869 1022 1085 1092; x_wconf 88' lang='grc' dir='ltr'>πρῶτον</span> <span class='ocrx_word' id='word_1_66' title='bbox 1103 1025 1299 1088; x_wconf 84' lang='grc' dir='ltr'>εἰπεῖν,</span> <span class='ocrx_word' id='word_1_67' title='bbox 1316 1025 1376 1077; x_wconf 85' lang='grc' dir='ltr'>τὸ</span> <span class='ocrx_word' id='word_1_68' title='bbox 1405 1025 1478 1095; x_wconf 84' lang='grc' dir='ltr'>μὴ</span> <span class='ocrx_word' id='word_1_69' title='bbox 1499 1026 1787 1094; x_wconf 74' lang='grc' dir='ltr'>ἀναμεῖναι</span> 
     </span>
    </p>
   </div>
   <div class='ocr_carea' id='block_1_10' title="bbox 203 1101 1785 1176">
    <p class='ocr_par' dir='ltr' id='par_1_10' title="bbox 203 1101 1785 1176">
     <span class='ocr_line' id='line_1_10' title="bbox 203 1101 1785 1176; baseline 0.004 -23"><span class='ocrx_word' id='word_1_70' title='bbox 203 1104 296 1154; x_wconf 75' lang='grc' dir='ltr'>τὸν</span> <span class='ocrx_word' id='word_1_71' title='bbox 322 1103 611 1173; x_wconf 80' lang='grc' dir='ltr'>ἐλέγχοντα</span> <span class='ocrx_word' id='word_1_72' title='bbox 640 1105 735 1157; x_wconf 73' lang='grc' dir='ltr'>καὶ</span> <span class='ocrx_word' id='word_1_73' title='bbox 767 1103 1196 1176; x_wconf 86' lang='grc' dir='ltr'>κατηγοροῦντα.</span> <span class='ocrx_word' id='word_1_74' title='bbox 1230 1101 1396 1169; x_wconf 76' lang='grc' dir='ltr'>Οὗτος</span> <span class='ocrx_word' id='word_1_75' title='bbox 1435 1105 1495 1158; x_wconf 84' lang='grc' dir='ltr'>δὲ</span> <span class='ocrx_word' id='word_1_76' title='bbox 1527 1106 1628 1159; x_wconf 80' lang='grc' dir='ltr'>οὐκ</span> <span class='ocrx_word' id='word_1_77' title='bbox 1663 1101 1785 1159; x_wconf 82' lang='grc' dir='ltr'>εἷπε</span> 
     </span>
    </p>
   </div>
   <div class='ocr_carea' id='block_1_11' title="bbox 202 1184 1781 1260">
    <p class='ocr_par' dir='ltr' id='par_1_11' title="bbox 202 1184 1781 1260">
     <span class='ocr_line' id='line_1_11' title="bbox 202 1184 1781 1260; baseline 0.003 -23"><span class='ocrx_word' id='word_1_78' title='bbox 202 1184 442 1256; x_wconf 83' lang='grc' dir='ltr'>πρῶτος,</span> <span class='ocrx_word' id='word_1_79' title='bbox 477 1187 614 1242; x_wconf 84' lang='grc' dir='ltr'>ἀλλά</span> <span class='ocrx_word' id='word_1_80' title='bbox 645 1189 928 1258; x_wconf 75' lang='grc' dir='ltr'>ἀνέμεινεν</span> <span class='ocrx_word' id='word_1_81' title='bbox 972 1189 1295 1260; x_wconf 74' lang='grc' dir='ltr'>ἐλεγχθῆναι</span> <span class='ocrx_word' id='word_1_82' title='bbox 1328 1190 1479 1260; x_wconf 86' lang='grc' dir='ltr'>ποιρά</span> <span class='ocrx_word' id='word_1_83' title='bbox 1505 1190 1599 1242; x_wconf 91' lang='grc' dir='ltr'>τοῦ</span> <span class='ocrx_word' id='word_1_84' title='bbox 1625 1189 1781 1254; x_wconf 86' lang='grc' dir='ltr'>Θεοῦ,</span> 
     </span>
    </p>
   </div>
   <div class='ocr_carea' id='block_1_12' title="bbox 205 1270 1785 1346">
    <p class='ocr_par' dir='ltr' id='par_1_12' title="bbox 205 1270 1785 1346">
     <span class='ocr_line' id='line_1_12' title="bbox 205 1270 1785 1346; baseline 0.004 -25"><span class='ocrx_word' id='word_1_85' title='bbox 205 1270 411 1340; x_wconf 82' lang='grc' dir='ltr'>μᾶλλον</span> <span class='ocrx_word' id='word_1_86' title='bbox 429 1271 486 1324; x_wconf 79' lang='grc' dir='ltr'>δὲ</span> <span class='ocrx_word' id='word_1_87' title='bbox 516 1274 610 1324; x_wconf 83' lang='grc' dir='ltr'>καὶ</span> <span class='ocrx_word' id='word_1_88' title='bbox 638 1273 955 1342; x_wconf 76' lang='grc' dir='ltr'>ἐλέγχοντος</span> <span class='ocrx_word' id='word_1_89' title='bbox 979 1277 1215 1344; x_wconf 77' lang='grc' dir='ltr'>ἠρνεῖτο.</span> <span class='ocrx_word' id='word_1_90' title='bbox 1254 1275 1394 1328; x_wconf 83' lang='grc' dir='ltr'>Ἀλλ’</span> <span class='ocrx_word' id='word_1_91' title='bbox 1423 1275 1611 1346; x_wconf 71' lang='grc' dir='ltr'>ἐπειδὴ</span> <span class='ocrx_word' id='word_1_92' title='bbox 1639 1275 1785 1342; x_wconf 77' lang='grc' dir='ltr'>ἅπαξ</span> 
     </span>
    </p>
   </div>
   <div class='ocr_carea' id='block_1_13' title="bbox 194 1352 1785 1429">
    <p class='ocr_par' dir='ltr' id='par_1_13' title="bbox 194 1352 1785 1429">
     <span class='ocr_line' id='line_1_13' title="bbox 194 1352 1785 1429; baseline 0.006 -27"><span class='ocrx_word' id='word_1_93' title='bbox 194 1352 371 1416; x_wconf 72' lang='grc' dir='ltr'>ἔδειξε</span> <span class='ocrx_word' id='word_1_94' title='bbox 410 1353 472 1406; x_wconf 85' lang='grc' dir='ltr'>τὸ</span> <span class='ocrx_word' id='word_1_95' title='bbox 495 1355 788 1425; x_wconf 88' lang='grc' dir='ltr'>γενόμενον</span> <span class='ocrx_word' id='word_1_96' title='bbox 825 1355 1096 1426; x_wconf 84' lang='grc' dir='ltr'>φανερῶς,</span> <span class='ocrx_word' id='word_1_97' title='bbox 1139 1355 1261 1409; x_wconf 83' lang='grc' dir='ltr'>τότε</span> <span class='ocrx_word' id='word_1_98' title='bbox 1298 1352 1420 1410; x_wconf 81' lang='grc' dir='ltr'>εἷπε</span> <span class='ocrx_word' id='word_1_99' title='bbox 1457 1357 1556 1428; x_wconf 87' lang='grc' dir='ltr'>τὴν</span> <span class='ocrx_word' id='word_1_100' title='bbox 1606 1359 1785 1429; x_wconf 87' lang='grc' dir='ltr'>ἁμαρ-</span> 
     </span>
    </p>
   </div>
   <div class='ocr_carea' id='block_1_14' title="bbox 197 1434 1783 1509">
    <p class='ocr_par' dir='ltr' id='par_1_14' title="bbox 197 1434 1783 1509">
     <span class='ocr_line' id='line_1_14' title="bbox 197 1434 1783 1509; baseline 0.004 -23"><span class='ocrx_word' id='word_1_101' title='bbox 197 1434 346 1496; x_wconf 85' lang='grc' dir='ltr'>τίαν,</span> <span class='ocrx_word' id='word_1_102' title='bbox 385 1436 526 1508; x_wconf 84' lang='grc' dir='ltr'>ὅπερ</span> <span class='ocrx_word' id='word_1_103' title='bbox 567 1438 668 1490; x_wconf 78' lang='grc' dir='ltr'>οὐκ</span> <span class='ocrx_word' id='word_1_104' title='bbox 708 1437 858 1490; x_wconf 77' lang='grc' dir='ltr'>ἔστιν</span> <span class='ocrx_word' id='word_1_105' title='bbox 909 1438 1296 1509; x_wconf 78' lang='grc' dir='ltr'>ἐξομολόγησις</span> <span class='ocrx_word' id='word_1_106' title='bbox 1342 1438 1546 1494; x_wconf 88' lang='grc' dir='ltr'>λοιπόν.</span> <span class='ocrx_word' id='word_1_107' title='bbox 1581 1441 1689 1493; x_wconf 73' lang='grc' dir='ltr'>Καὶ</span> <span class='ocrx_word' id='word_1_108' title='bbox 1720 1441 1783 1492; x_wconf 83' lang='grc' dir='ltr'>σὺ</span> 
     </span>
    </p>
   </div>
   <div class='ocr_carea' id='block_1_15' title="bbox 197 1517 1784 1594">
    <p class='ocr_par' dir='ltr' id='par_1_15' title="bbox 197 1517 1784 1594">
     <span class='ocr_line' id='line_1_15' title="bbox 197 1517 1784 1594; baseline 0.005 -26"><span class='ocrx_word' id='word_1_109' title='bbox 197 1517 400 1580; x_wconf 86' lang='grc' dir='ltr'>τοίνυν,</span> <span class='ocrx_word' id='word_1_110' title='bbox 437 1520 711 1592; x_wconf 79' lang='grc' dir='ltr'>ἁγαπητὲ,</span> <span class='ocrx_word' id='word_1_111' title='bbox 750 1522 968 1575; x_wconf 77' lang='grc' dir='ltr'>ἐπειδάν</span> <span class='ocrx_word' id='word_1_112' title='bbox 1002 1523 1280 1594; x_wconf 81' lang='grc' dir='ltr'>ἁμάρτῃς,</span> <span class='ocrx_word' id='word_1_113' title='bbox 1320 1525 1393 1594; x_wconf 85' lang='grc' dir='ltr'>μὴ</span> <span class='ocrx_word' id='word_1_114' title='bbox 1426 1525 1663 1594; x_wconf 88' lang='grc' dir='ltr'>ἀνάμενε</span> <span class='ocrx_word' id='word_1_115' title='bbox 1686 1523 1784 1594; x_wconf 77' lang='grc' dir='ltr'>τὴν</span> 
     </span>
    </p>
   </div>
   <div class='ocr_carea' id='block_1_16' title="bbox 196 1601 1783 1678">
    <p class='ocr_par' dir='ltr' id='par_1_16' title="bbox 196 1601 1783 1678">
     <span class='ocr_line' id='line_1_16' title="bbox 196 1601 1783 1678; baseline 0.007 -27"><span class='ocrx_word' id='word_1_116' title='bbox 196 1603 331 1670; x_wconf 80' lang='grc' dir='ltr'>παρ’</span> <span class='ocrx_word' id='word_1_117' title='bbox 344 1601 532 1672; x_wconf 82' lang='grc' dir='ltr'>ἑτέρου</span> <span class='ocrx_word' id='word_1_118' title='bbox 551 1604 905 1674; x_wconf 79' lang='grc' dir='ltr'>κατηγορίαν,</span> <span class='ocrx_word' id='word_1_119' title='bbox 927 1605 1062 1659; x_wconf 88' lang='grc' dir='ltr'>ἀλλά</span> <span class='ocrx_word' id='word_1_120' title='bbox 1091 1607 1218 1676; x_wconf 73' lang='grc' dir='ltr'>πρὶν</span> <span class='ocrx_word' id='word_1_121' title='bbox 1247 1606 1312 1660; x_wconf 86' lang='grc' dir='ltr'>ἂν</span> <span class='ocrx_word' id='word_1_122' title='bbox 1338 1607 1370 1678; x_wconf 85' lang='grc' dir='ltr'>ῆ</span> <span class='ocrx_word' id='word_1_123' title='bbox 1399 1605 1783 1677; x_wconf 81' lang='grc' dir='ltr'>κατηγορηθῇς</span> 
     </span>
    </p>
   </div>
   <div class='ocr_carea' id='block_1_17' title="bbox 193 1686 1780 1762">
    <p class='ocr_par' dir='ltr' id='par_1_17' title="bbox 193 1686 1780 1762">
     <span class='ocr_line' id='line_1_17' title="bbox 193 1686 1780 1762; baseline 0.003 -25"><span class='ocrx_word' id='word_1_124' title='bbox 193 1687 297 1739; x_wconf 76' lang='grc' dir='ltr'>καὶ</span> <span class='ocrx_word' id='word_1_125' title='bbox 342 1686 660 1757; x_wconf 75' lang='grc' dir='ltr'>διαϐληθῇς,</span> <span class='ocrx_word' id='word_1_126' title='bbox 699 1689 765 1741; x_wconf 85' lang='grc' dir='ltr'>σὺ</span> <span class='ocrx_word' id='word_1_127' title='bbox 815 1691 1191 1759; x_wconf 81' lang='grc' dir='ltr'>καταγίνωσκε</span> <span class='ocrx_word' id='word_1_128' title='bbox 1234 1691 1343 1743; x_wconf 86' lang='grc' dir='ltr'>τῶν</span> <span class='ocrx_word' id='word_1_129' title='bbox 1373 1692 1780 1762; x_wconf 81' lang='grc' dir='ltr'>γεγενημένων,</span> 
     </span>
    </p>
   </div>
   <div class='ocr_carea' id='block_1_18' title="bbox 188 1768 1783 1845">
    <p class='ocr_par' dir='ltr' id='par_1_18' title="bbox 188 1768 1783 1845">
     <span class='ocr_line' id='line_1_18' title="bbox 188 1768 1783 1845; baseline 0.005 -26"><span class='ocrx_word' id='word_1_130' title='bbox 188 1768 276 1830; x_wconf 81' lang='grc' dir='ltr'>ὡς</span> <span class='ocrx_word' id='word_1_131' title='bbox 312 1769 406 1821; x_wconf 77' lang='grc' dir='ltr'>ἐὰν</span> <span class='ocrx_word' id='word_1_132' title='bbox 437 1771 625 1842; x_wconf 74' lang='grc' dir='ltr'>ἕτερος</span> <span class='ocrx_word' id='word_1_133' title='bbox 656 1771 854 1845; x_wconf 75' lang='grc' dir='ltr'>ἐλέγξῃ</span> <span class='ocrx_word' id='word_1_134' title='bbox 893 1773 1109 1836; x_wconf 74' lang='grc' dir='ltr'>λοιπὸν,</span> <span class='ocrx_word' id='word_1_135' title='bbox 1152 1775 1252 1827; x_wconf 82' lang='grc' dir='ltr'>οὐκ</span> <span class='ocrx_word' id='word_1_136' title='bbox 1289 1773 1370 1826; x_wconf 75' lang='grc' dir='ltr'>ἔτι</span> <span class='ocrx_word' id='word_1_137' title='bbox 1431 1776 1529 1845; x_wconf 88' lang='grc' dir='ltr'>τῆς</span> <span class='ocrx_word' id='word_1_138' title='bbox 1563 1776 1660 1844; x_wconf 89' lang='grc' dir='ltr'>σῆς</span> <span class='ocrx_word' id='word_1_139' title='bbox 1693 1774 1783 1839; x_wconf 80' lang='grc' dir='ltr'>ἐξ·</span> 
     </span>
    </p>
   </div>
   <div class='ocr_carea' id='block_1_19' title="bbox 188 1852 1781 1928">
    <p class='ocr_par' dir='ltr' id='par_1_19' title="bbox 188 1852 1781 1928">
     <span class='ocr_line' id='line_1_19' title="bbox 188 1852 1781 1928; baseline 0.005 -24"><span class='ocrx_word' id='word_1_140' title='bbox 188 1852 582 1924; x_wconf 86' lang='grc' dir='ltr'>ομολογήσεως</span> <span class='ocrx_word' id='word_1_141' title='bbox 596 1855 658 1908; x_wconf 85' lang='grc' dir='ltr'>τδ</span> <span class='ocrx_word' id='word_1_142' title='bbox 675 1856 1008 1927; x_wconf 88' lang='grc' dir='ltr'>κατόρθωμα</span> <span class='ocrx_word' id='word_1_143' title='bbox 1027 1858 1256 1926; x_wconf 89' lang='grc' dir='ltr'>γίνεται,</span> <span class='ocrx_word' id='word_1_144' title='bbox 1287 1858 1422 1911; x_wconf 82' lang='grc' dir='ltr'>ἀλλὰ</span> <span class='ocrx_word' id='word_1_145' title='bbox 1451 1860 1552 1928; x_wconf 79' lang='grc' dir='ltr'>τῆς</span> <span class='ocrx_word' id='word_1_146' title='bbox 1574 1859 1781 1913; x_wconf 85' lang='grc' dir='ltr'>ἐκείνου</span> 
     </span>
    </p>
   </div>
   <div class='ocr_carea' id='block_1_20' title="bbox 193 1938 1782 2009">
    <p class='ocr_par' dir='ltr' id='par_1_20' title="bbox 193 1938 1782 2009">
     <span class='ocr_line' id='line_1_20' title="bbox 193 1938 1782 2009; baseline 0.006 -21"><span class='ocrx_word' id='word_1_147' title='bbox 193 1938 537 2007; x_wconf 76' lang='grc' dir='ltr'>κατηγορίας</span> <span class='ocrx_word' id='word_1_148' title='bbox 570 1942 601 2008; x_wconf 84' lang='grc' dir='ltr'>ἡ</span> <span class='ocrx_word' id='word_1_149' title='bbox 639 1938 946 2009; x_wconf 75' lang='grc' dir='ltr'>διόρθωσις.</span> <span class='ocrx_word' id='word_1_150' title='bbox 991 1941 1092 1994; x_wconf 88' lang='grc' dir='ltr'>Διά</span> <span class='ocrx_word' id='word_1_151' title='bbox 1123 1941 1282 1995; x_wconf 87' lang='grc' dir='ltr'>τοῦτο</span> <span class='ocrx_word' id='word_1_152' title='bbox 1335 1944 1429 1996; x_wconf 52' lang='grc' dir='ltr'>καὶ¹</span> <span class='ocrx_word' id='word_1_153' title='bbox 1482 1944 1641 2006; x_wconf 78' lang='grc' dir='ltr'>ἄλλος</span> <span class='ocrx_word' id='word_1_154' title='bbox 1700 1944 1782 2008; x_wconf 87' lang='grc' dir='ltr'>τίς</span> 
     </span>
    </p>
   </div>
   <div class='ocr_carea' id='block_1_21' title="bbox 193 2023 1778 2097">
    <p class='ocr_par' dir='ltr' id='par_1_21' title="bbox 193 2023 1778 2097">
     <span class='ocr_line' id='line_1_21' title="bbox 193 2023 1778 2097; baseline 0.004 -23"><span class='ocrx_word' id='word_1_155' title='bbox 193 2036 356 2088; x_wconf 84' lang='grc' dir='ltr'>φησι,</span> <span class='ocrx_word' id='word_1_156' title='bbox 397 2023 633 2087; x_wconf 75' lang='grc' dir='ltr'>Δίκαιος</span> <span class='ocrx_word' id='word_1_157' title='bbox 668 2024 886 2077; x_wconf 80' lang='grc' dir='ltr'>ἑαυτοῦ</span> <span class='ocrx_word' id='word_1_158' title='bbox 932 2025 1261 2094; x_wconf 71' lang='grc' dir='ltr'>κατήγορος</span> <span class='ocrx_word' id='word_1_159' title='bbox 1286 2028 1355 2080; x_wconf 77' lang='grc' dir='ltr'>ἐν</span> <span class='ocrx_word' id='word_1_160' title='bbox 1387 2029 1778 2097; x_wconf 76' lang='grc' dir='ltr'>πρωτολογίᾳ.</span> 
     </span>
    </p>
   </div>
   <div class='ocr_carea' id='block_1_22' title="bbox 191 2104 1782 2182">
    <p class='ocr_par' dir='ltr' id='par_1_22' title="bbox 191 2104 1782 2182">
     <span class='ocr_line' id='line_1_22' title="bbox 191 2104 1782 2182; baseline 0.003 -26"><span class='ocrx_word' id='word_1_161' title='bbox 191 2104 365 2157; x_wconf 80' lang='grc' dir='ltr'>’Ὥστε</span> <span class='ocrx_word' id='word_1_162' title='bbox 411 2107 470 2158; x_wconf 81' lang='lat'>06</span> <span class='ocrx_word' id='word_1_163' title='bbox 517 2107 675 2160; x_wconf 87' lang='grc' dir='ltr'>τοῦτό</span> <span class='ocrx_word' id='word_1_164' title='bbox 709 2109 825 2160; x_wconf 81' lang='grc' dir='ltr'>ἐστι</span> <span class='ocrx_word' id='word_1_165' title='bbox 867 2108 930 2160; x_wconf 75' lang='grc' dir='ltr'>τὸ</span> <span class='ocrx_word' id='word_1_166' title='bbox 977 2109 1328 2179; x_wconf 84' lang='grc' dir='ltr'>ζητούμενον,</span> <span class='ocrx_word' id='word_1_167' title='bbox 1363 2111 1424 2162; x_wconf 83' lang='grc' dir='ltr'>τὸ</span> <span class='ocrx_word' id='word_1_168' title='bbox 1454 2114 1782 2182; x_wconf 82' lang='grc' dir='ltr'>κατηγορεῖν</span> 
     </span>
    </p>
   </div>
   <div class='ocr_carea' id='block_1_23' title="bbox 188 2187 1783 2263">
    <p class='ocr_par' dir='ltr' id='par_1_23' title="bbox 188 2187 1783 2263">
     <span class='ocr_line' id='line_1_23' title="bbox 188 2187 1783 2263; baseline 0.003 -25"><span class='ocrx_word' id='word_1_169' title='bbox 188 2187 415 2250; x_wconf 81' lang='grc' dir='ltr'>ἑαυτοῦ,</span> <span class='ocrx_word' id='word_1_170' title='bbox 457 2189 594 2242; x_wconf 85' lang='grc' dir='ltr'>ἀλλά</span> <span class='ocrx_word' id='word_1_171' title='bbox 637 2190 696 2242; x_wconf 74' lang='grc' dir='ltr'>τὸ</span> <span class='ocrx_word' id='word_1_172' title='bbox 731 2191 946 2262; x_wconf 89' lang='grc' dir='ltr'>πρῶτον</span> <span class='ocrx_word' id='word_1_173' title='bbox 975 2191 1169 2244; x_wconf 75' lang='grc' dir='ltr'>ἑαυτοῦ</span> <span class='ocrx_word' id='word_1_174' title='bbox 1201 2196 1550 2263; x_wconf 75' lang='grc' dir='ltr'>κατηγορεῖν,</span> <span class='ocrx_word' id='word_1_175' title='bbox 1590 2194 1684 2244; x_wconf 57' lang='grc' dir='ltr'>καὶ⁸</span> <span class='ocrx_word' id='word_1_176' title='bbox 1722 2193 1783 2245; x_wconf 80' lang='grc' dir='ltr'>τὸ</span> 
     </span>
    </p>
   </div>
   <div class='ocr_carea' id='block_1_24' title="bbox 194 2269 1464 2344">
    <p class='ocr_par' dir='ltr' id='par_1_24' title="bbox 194 2269 1464 2344">
     <span class='ocr_line' id='line_1_24' title="bbox 194 2269 1464 2344; baseline 0.008 -24"><span class='ocrx_word' id='word_1_177' title='bbox 194 2269 278 2339; x_wconf 87' lang='grc' dir='ltr'>μὴ</span> <span class='ocrx_word' id='word_1_178' title='bbox 306 2271 598 2339; x_wconf 86' lang='grc' dir='ltr'>ἀναμένειν</span> <span class='ocrx_word' id='word_1_179' title='bbox 625 2273 753 2336; x_wconf 76' lang='grc' dir='ltr'>τοὺς</span> <span class='ocrx_word' id='word_1_180' title='bbox 794 2275 923 2344; x_wconf 84' lang='grc' dir='ltr'>παρ’</span> <span class='ocrx_word' id='word_1_181' title='bbox 958 2273 1160 2343; x_wconf 76' lang='grc' dir='ltr'>ἐτέρων</span> <span class='ocrx_word' id='word_1_182' title='bbox 1189 2273 1464 2342; x_wconf 77' lang='grc' dir='ltr'>ἐλέγχους.</span> 
     </span>
    </p>
   </div>
   <div class='ocr_carea' id='block_1_25' title="bbox 284 2352 1781 2428">
    <p class='ocr_par' dir='ltr' id='par_1_25' title="bbox 284 2352 1781 2428">
     <span class='ocr_line' id='line_1_25' title="bbox 284 2352 1781 2428; baseline 0.003 -25"><span class='ocrx_word' id='word_1_183' title='bbox 284 2352 344 2403; x_wconf 81' lang='grc'>’0</span> <span class='ocrx_word' id='word_1_184' title='bbox 378 2353 510 2420; x_wconf 84' lang='grc' dir='ltr'>γοῦν</span> <span class='ocrx_word' id='word_1_185' title='bbox 562 2354 770 2424; x_wconf 83' lang='grc' dir='ltr'>Πέτρος</span> <span class='ocrx_word' id='word_1_186' title='bbox 818 2356 957 2424; x_wconf 88' lang='grc' dir='ltr'>μετά</span> <span class='ocrx_word' id='word_1_187' title='bbox 1008 2355 1106 2426; x_wconf 83' lang='grc' dir='ltr'>τὴν</span> <span class='ocrx_word' id='word_1_188' title='bbox 1150 2355 1381 2424; x_wconf 79' lang='grc' dir='ltr'>ἄρνησιν</span> <span class='ocrx_word' id='word_1_189' title='bbox 1439 2357 1654 2427; x_wconf 74' lang='grc' dir='ltr'>ἐκείνην</span> <span class='ocrx_word' id='word_1_190' title='bbox 1683 2359 1781 2428; x_wconf 86' lang='grc' dir='ltr'>τὴν</span> 
     </span>
    </p>
   </div>
   <div class='ocr_carea' id='block_1_26' title="bbox 189 2433 1783 2511">
    <p class='ocr_par' dir='ltr' id='par_1_26' title="bbox 189 2433 1783 2511">
     <span class='ocr_line' id='line_1_26' title="bbox 189 2433 1783 2511; baseline 0.005 -25"><span class='ocrx_word' id='word_1_191' title='bbox 189 2433 462 2505; x_wconf 75' lang='grc' dir='ltr'>χαλεπὴν,</span> <span class='ocrx_word' id='word_1_192' title='bbox 491 2436 678 2507; x_wconf 82' lang='grc' dir='ltr'>ἐπειδὴ</span> <span class='ocrx_word' id='word_1_193' title='bbox 717 2438 928 2508; x_wconf 85' lang='grc' dir='ltr'>ταχέως</span> <span class='ocrx_word' id='word_1_194' title='bbox 959 2439 1152 2491; x_wconf 69' lang='grc' dir='ltr'>ἑαυτὸν</span> <span class='ocrx_word' id='word_1_195' title='bbox 1175 2440 1447 2509; x_wconf 80' lang='grc' dir='ltr'>ἀνέμνησε</span> <span class='ocrx_word' id='word_1_196' title='bbox 1476 2440 1578 2509; x_wconf 83' lang='grc' dir='ltr'>τῆς</span> <span class='ocrx_word' id='word_1_197' title='bbox 1607 2442 1783 2511; x_wconf 88' lang='grc' dir='ltr'>ἁμαρ-</span> 
     </span>
    </p>
   </div>
   <div class='ocr_carea' id='block_1_27' title="bbox 187 2519 1779 2595">
    <p class='ocr_par' dir='ltr' id='par_1_27' title="bbox 187 2519 1779 2595">
     <span class='ocr_line' id='line_1_27' title="bbox 187 2519 1779 2595; baseline 0.004 -25"><span class='ocrx_word' id='word_1_198' title='bbox 187 2519 338 2580; x_wconf 81' lang='grc' dir='ltr'>τίας,</span> <span class='ocrx_word' id='word_1_199' title='bbox 371 2520 466 2572; x_wconf 72' lang='grc' dir='ltr'>καὶ</span> <span class='ocrx_word' id='word_1_200' title='bbox 499 2519 727 2589; x_wconf 82' lang='grc' dir='ltr'>μηδενὸς</span> <span class='ocrx_word' id='word_1_201' title='bbox 760 2521 1198 2592; x_wconf 78' lang='grc' dir='ltr'>κατηγοροῦντος</span> <span class='ocrx_word' id='word_1_202' title='bbox 1228 2521 1382 2590; x_wconf 70' lang='grc' dir='ltr'>ἔλεγε</span> <span class='ocrx_word' id='word_1_203' title='bbox 1417 2523 1559 2594; x_wconf 67' lang='grc' dir='ltr'>τὴνδ</span> <span class='ocrx_word' id='word_1_204' title='bbox 1595 2525 1779 2595; x_wconf 87' lang='grc' dir='ltr'>πλημ-</span> 
     </span>
    </p>
   </div>
   <div class='ocr_carea' id='block_1_28' title="bbox 187 2600 1778 2680">
    <p class='ocr_par' dir='ltr' id='par_1_28' title="bbox 187 2600 1778 2680">
     <span class='ocr_line' id='line_1_28' title="bbox 187 2600 1778 2680; baseline 0.006 -28"><span class='ocrx_word' id='word_1_205' title='bbox 187 2600 442 2671; x_wconf 84' lang='grc' dir='ltr'>μέλειαν,</span> <span class='ocrx_word' id='word_1_206' title='bbox 476 2603 568 2656; x_wconf 77' lang='grc' dir='ltr'>καὶ</span> <span class='ocrx_word' id='word_1_207' title='bbox 594 2602 822 2657; x_wconf 83' lang='grc' dir='ltr'>έκλαυσε</span> <span class='ocrx_word' id='word_1_208' title='bbox 859 2605 1096 2676; x_wconf 88' lang='grc' dir='ltr'>πικρῶς,</span> <span class='ocrx_word' id='word_1_209' title='bbox 1125 2606 1299 2670; x_wconf 76' lang='grc' dir='ltr'>οὕτως</span> <span class='ocrx_word' id='word_1_210' title='bbox 1339 2608 1642 2678; x_wconf 77' lang='grc' dir='ltr'>ἀπενίψατο</span> <span class='ocrx_word' id='word_1_211' title='bbox 1679 2608 1778 2680; x_wconf 88' lang='grc' dir='ltr'>τὴν</span> 
     </span>
    </p>
   </div>
   <div class='ocr_carea' id='block_1_29' title="bbox 186 2683 1779 2758">
    <p class='ocr_par' dir='ltr' id='par_1_29' title="bbox 186 2683 1779 2758">
     <span class='ocr_line' id='line_1_29' title="bbox 186 2683 1779 2758; baseline 0.008 -23"><span class='ocrx_word' id='word_1_212' title='bbox 186 2683 424 2754; x_wconf 69' lang='grc' dir='ltr'>ἄρνησιν</span> <span class='ocrx_word' id='word_1_213' title='bbox 457 2686 696 2757; x_wconf 76' lang='grc' dir='ltr'>ἐκείνην,</span> <span class='ocrx_word' id='word_1_214' title='bbox 741 2688 818 2750; x_wconf 82' lang='grc' dir='ltr'>ὡς</span> <span class='ocrx_word' id='word_1_215' title='bbox 849 2689 942 2741; x_wconf 82' lang='grc' dir='ltr'>καὶ</span> <span class='ocrx_word' id='word_1_216' title='bbox 977 2689 1191 2757; x_wconf 85' lang='grc' dir='ltr'>πρῶτος</span> <span class='ocrx_word' id='word_1_217' title='bbox 1220 2691 1472 2758; x_wconf 84' lang='grc' dir='ltr'>γενέσθαι</span> <span class='ocrx_word' id='word_1_218' title='bbox 1504 2692 1613 2745; x_wconf 91' lang='grc' dir='ltr'>τῶν</span> <span class='ocrx_word' id='word_1_219' title='bbox 1643 2694 1779 2747; x_wconf 87' lang='grc' dir='ltr'>ἀπο-</span> 
     </span>
    </p>
   </div>
   <div class='ocr_carea' id='block_1_30' title="bbox 187 2768 1774 2842">
    <p class='ocr_par' dir='ltr' id='par_1_30' title="bbox 187 2768 1774 2842">
     <span class='ocr_line' id='line_1_30' title="bbox 187 2768 1774 2842; baseline 0.006 -22"><span class='ocrx_word' id='word_1_220' title='bbox 187 2768 424 2831; x_wconf 84' lang='grc' dir='ltr'>στόλων,</span> <span class='ocrx_word' id='word_1_221' title='bbox 477 2771 572 2822; x_wconf 81' lang='grc' dir='ltr'>καὶ</span> <span class='ocrx_word' id='word_1_222' title='bbox 603 2769 702 2840; x_wconf 83' lang='grc' dir='ltr'>τὴν</span> <span class='ocrx_word' id='word_1_223' title='bbox 735 2770 1063 2841; x_wconf 72' lang='grc' dir='ltr'>οἰκουμένην</span> <span class='ocrx_word' id='word_1_224' title='bbox 1099 2773 1509 2842; x_wconf 74' lang='grc' dir='ltr'>ἐγχειρισθῆναι</span> <span class='ocrx_word' id='word_1_225' title='bbox 1535 2775 1774 2829; x_wconf 73' lang='grc' dir='ltr'>ἃπασαν.</span> 
     </span>
    </p>
   </div>
   <div class='ocr_carea' id='block_1_31' title="bbox 201 2849 1776 2926">
    <p class='ocr_par' dir='ltr' id='par_1_31' title="bbox 201 2849 1776 2926">
     <span class='ocr_line' id='line_1_31' title="bbox 201 2849 1776 2926; baseline 0.006 -25"><span class='ocrx_word' id='word_1_226' title='bbox 201 2849 348 2902; x_wconf 82' lang='grc' dir='ltr'>Ἀλλ’</span> <span class='ocrx_word' id='word_1_227' title='bbox 371 2852 508 2922; x_wconf 81' lang='grc' dir='ltr'>ὅπερ</span> <span class='ocrx_word' id='word_1_228' title='bbox 523 2851 708 2920; x_wconf 67' lang='grc' dir='ltr'>ἔλεγον</span> <span class='ocrx_word' id='word_1_229' title='bbox 741 2853 845 2918; x_wconf 80' lang='grc' dir='ltr'>(δεῖ</span> <span class='ocrx_word' id='word_1_230' title='bbox 878 2854 988 2925; x_wconf 73' lang='grc' dir='ltr'>γάρ</span> <span class='ocrx_word' id='word_1_231' title='bbox 1015 2855 1107 2906; x_wconf 77' lang='grc' dir='ltr'>ἐπὶ</span> <span class='ocrx_word' id='word_1_232' title='bbox 1144 2855 1205 2906; x_wconf 78' lang='grc' dir='ltr'>τὸ</span> <span class='ocrx_word' id='word_1_233' title='bbox 1235 2857 1595 2926; x_wconf 86' lang='grc' dir='ltr'>προκείμενον</span> <span class='ocrx_word' id='word_1_234' title='bbox 1613 2859 1776 2910; x_wconf 74' lang='grc' dir='ltr'>ἐπαν-</span> 
     </span>
    </p>
   </div>
   <div class='ocr_carea' id='block_1_32' title="bbox 185 2934 1774 3009">
    <p class='ocr_par' dir='ltr' id='par_1_32' title="bbox 185 2934 1774 3009">
     <span class='ocr_line' id='line_1_32' title="bbox 185 2934 1774 3009; baseline 0.007 -24"><span class='ocrx_word' id='word_1_235' title='bbox 185 2934 390 3001; x_wconf 80' lang='grc' dir='ltr'>ελθεῖν)</span> <span class='ocrx_word' id='word_1_236' title='bbox 456 2935 654 3000; x_wconf 84' lang='grc' dir='ltr'>ἱκανῶς</span> <span class='ocrx_word' id='word_1_237' title='bbox 689 2939 821 3007; x_wconf 81' lang='grc' dir='ltr'>ἡμῖν</span> <span class='ocrx_word' id='word_1_238' title='bbox 854 2937 1104 2990; x_wconf 84' lang='grc' dir='ltr'>ἐντεῦθεν</span> <span class='ocrx_word' id='word_1_239' title='bbox 1127 2939 1410 3005; x_wconf 77' lang='grc' dir='ltr'>ἀπέδειξεν</span> <span class='ocrx_word' id='word_1_240' title='bbox 1439 2942 1467 2992; x_wconf 83' lang='grc' dir='ltr'>ὁ</span> <span class='ocrx_word' id='word_1_241' title='bbox 1489 2941 1663 3009; x_wconf 81' lang='grc' dir='ltr'>λόγος,</span> <span class='ocrx_word' id='word_1_242' title='bbox 1694 2944 1774 2996; x_wconf 74' lang='grc' dir='ltr'>ὅτι</span> 
     </span>
    </p>
   </div>
   <div class='ocr_carea' id='block_1_33' title="bbox 183 3019 1776 3092">
    <p class='ocr_par' dir='ltr' id='par_1_33' title="bbox 183 3019 1776 3092">
     <span class='ocr_line' id='line_1_33' title="bbox 183 3019 1776 3092; baseline 0.004 -21"><span class='ocrx_word' id='word_1_243' title='bbox 183 3021 507 3072; x_wconf 82' lang='grc' dir='ltr'>πιπτόντων</span> <span class='ocrx_word' id='word_1_244' title='bbox 529 3022 590 3073; x_wconf 89' lang='lat' dir='ltr'>o6</span> <span class='ocrx_word' id='word_1_245' title='bbox 620 3020 727 3091; x_wconf 80' lang='grc' dir='ltr'>χρὴ</span> <span class='ocrx_word' id='word_1_246' title='bbox 751 3019 860 3074; x_wconf 84' lang='grc' dir='ltr'>τῶν</span> <span class='ocrx_word' id='word_1_247' title='bbox 891 3021 1137 3091; x_wconf 80' lang='grc' dir='ltr'>ἀδελφῶν</span> <span class='ocrx_word' id='word_1_248' title='bbox 1179 3024 1425 3092; x_wconf 81' lang='grc' dir='ltr'>ἀμελεῖν,</span> <span class='ocrx_word' id='word_1_249' title='bbox 1462 3024 1583 3077; x_wconf 78' lang='grc' dir='ltr'>οὐδὲ</span> <span class='ocrx_word' id='word_1_250' title='bbox 1617 3043 1776 3078; x_wconf 88' lang='grc' dir='ltr'>κατα-</span> 
     </span>
    </p>
   </div>
   <div class='ocr_carea' id='block_1_34' title="bbox 183 3101 1773 3178">
    <p class='ocr_par' dir='ltr' id='par_1_34' title="bbox 183 3101 1773 3178">
     <span class='ocr_line' id='line_1_34' title="bbox 183 3101 1773 3178; baseline -0.004 -22"><span class='ocrx_word' id='word_1_251' title='bbox 183 3105 434 3170; x_wconf 75' lang='grc' dir='ltr'>φρονεῖν,</span> <span class='ocrx_word' id='word_1_252' title='bbox 491 3103 606 3155; x_wconf 80' lang='grc' dir='ltr'>άλλ’</span> <span class='ocrx_word' id='word_1_253' title='bbox 650 3101 1049 3172; x_wconf 75' lang='grc' dir='ltr'>ἀσφαλίζεσθαι</span> <span class='ocrx_word' id='word_1_254' title='bbox 1107 3105 1206 3174; x_wconf 82' lang='grc' dir='ltr'>μὲν</span> <span class='ocrx_word' id='word_1_255' title='bbox 1261 3106 1458 3168; x_wconf 82' lang='grc' dir='ltr'>αὐτοὺς</span> <span class='ocrx_word' id='word_1_256' title='bbox 1513 3107 1620 3175; x_wconf 80' lang='grc' dir='ltr'>πρὸ</span> <span class='ocrx_word' id='word_1_257' title='bbox 1676 3111 1773 3178; x_wconf 65' lang='grc' dir='ltr'>τῆς</span> 
     </span>
    </p>
   </div>
   <div class='ocr_carea' id='block_1_35' title="bbox 182 3187 1772 3262">
    <p class='ocr_par' dir='ltr' id='par_1_35' title="bbox 182 3187 1772 3262">
     <span class='ocr_line' id='line_1_35' title="bbox 182 3187 1772 3262; baseline 0.004 -24"><span class='ocrx_word' id='word_1_258' title='bbox 182 3187 491 3256; x_wconf 83' lang='grc' dir='ltr'>ἁμαρτίας,</span> <span class='ocrx_word' id='word_1_259' title='bbox 529 3187 731 3257; x_wconf 86' lang='grc' dir='ltr'>πολλὴν</span> <span class='ocrx_word' id='word_1_260' title='bbox 773 3187 831 3239; x_wconf 74' lang='grc' dir='ltr'>δὲ</span> <span class='ocrx_word' id='word_1_261' title='bbox 867 3187 962 3240; x_wconf 78' lang='grc' dir='ltr'>καὶ</span> <span class='ocrx_word' id='word_1_262' title='bbox 1014 3189 1152 3258; x_wconf 86' lang='grc' dir='ltr'>μετά</span> <span class='ocrx_word' id='word_1_263' title='bbox 1193 3188 1291 3259; x_wconf 86' lang='grc' dir='ltr'>τὴν</span> <span class='ocrx_word' id='word_1_264' title='bbox 1335 3190 1608 3259; x_wconf 77' lang='grc' dir='ltr'>ἁμαρτίαν</span> <span class='ocrx_word' id='word_1_265' title='bbox 1645 3194 1772 3262; x_wconf 73' lang='grc' dir='ltr'>περὶ</span> 
     </span>
    </p>
   </div>
   <div class='ocr_carea' id='block_1_36' title="bbox 181 3270 1770 3345">
    <p class='ocr_par' dir='ltr' id='par_1_36' title="bbox 181 3270 1770 3345">
     <span class='ocr_line' id='line_1_36' title="bbox 181 3270 1770 3345; baseline 0.001 -20"><span class='ocrx_word' id='word_1_266' title='bbox 181 3271 392 3333; x_wconf 77' lang='grc' dir='ltr'>αὐτοὺς</span> <span class='ocrx_word' id='word_1_267' title='bbox 436 3270 841 3324; x_wconf 75' lang='grc' dir='ltr'>ἐπιδείκνυσθαι</span> <span class='ocrx_word' id='word_1_268' title='bbox 887 3273 1221 3342; x_wconf 76' lang='grc' dir='ltr'>ἐπιμέλειαν.</span> <span class='ocrx_word' id='word_1_269' title='bbox 1269 3273 1425 3326; x_wconf 74' lang='grc' dir='ltr'>υῦτω</span> <span class='ocrx_word' id='word_1_270' title='bbox 1462 3273 1552 3326; x_wconf 75' lang='grc' dir='ltr'>καὶ</span> <span class='ocrx_word' id='word_1_271' title='bbox 1598 3275 1770 3345; x_wconf 76' lang='grc' dir='ltr'>ἰατροὶ</span> 
     </span>
    </p>
   </div>
   <div class='ocr_carea' id='block_1_37' title="bbox 182 3351 1772 3425">
    <p class='ocr_par' dir='ltr' id='par_1_37' title="bbox 182 3351 1772 3425">
     <span class='ocr_line' id='line_1_37' title="bbox 182 3351 1772 3425; baseline 0.004 -21"><span class='ocrx_word' id='word_1_272' title='bbox 182 3351 440 3405; x_wconf 75' lang='grc' dir='ltr'>ποιοῦσιο</span> <span class='ocrx_word' id='word_1_273' title='bbox 480 3351 698 3420; x_wconf 89' lang='grc' dir='ltr'>λέγουσι</span> <span class='ocrx_word' id='word_1_274' title='bbox 755 3355 854 3424; x_wconf 87' lang='grc' dir='ltr'>μὲν</span> <span class='ocrx_word' id='word_1_275' title='bbox 903 3356 1011 3425; x_wconf 86' lang='grc' dir='ltr'>γὰρ</span> <span class='ocrx_word' id='word_1_276' title='bbox 1043 3356 1137 3407; x_wconf 67' lang='grc' dir='ltr'>καὶ</span> <span class='ocrx_word' id='word_1_277' title='bbox 1174 3357 1480 3422; x_wconf 86' lang='grc' dir='ltr'>ὑγιαίνουσι</span> <span class='ocrx_word' id='word_1_278' title='bbox 1518 3361 1630 3420; x_wconf 82' lang='grc' dir='ltr'>τοῖς</span> <span class='ocrx_word' id='word_1_279' title='bbox 1679 3360 1772 3410; x_wconf 83' lang='grc' dir='ltr'>ἁν-</span> 
     </span>
    </p>
   </div>
   <div class='ocr_carea' id='block_1_38' title="bbox 178 3434 1766 3509">
    <p class='ocr_par' dir='ltr' id='par_1_38' title="bbox 178 3434 1766 3509">
     <span class='ocr_line' id='line_1_38' title="bbox 178 3434 1766 3509; baseline 0.004 -23"><span class='ocrx_word' id='word_1_280' title='bbox 178 3434 433 3505; x_wconf 79' lang='grc' dir='ltr'>θρώποις</span> <span class='ocrx_word' id='word_1_281' title='bbox 475 3435 511 3489; x_wconf 78' lang='grc' dir='ltr'>ἃ</span> <span class='ocrx_word' id='word_1_282' title='bbox 545 3435 769 3490; x_wconf 86' lang='grc' dir='ltr'>δύναται</span> <span class='ocrx_word' id='word_1_283' title='bbox 804 3437 1134 3509; x_wconf 81' lang='grc' dir='ltr'>διατηρῆσαι</span> <span class='ocrx_word' id='word_1_284' title='bbox 1174 3439 1272 3508; x_wconf 84' lang='grc' dir='ltr'>τὴν</span> <span class='ocrx_word' id='word_1_285' title='bbox 1315 3440 1527 3506; x_wconf 82' lang='grc' dir='ltr'>ὑγίειαν</span> <span class='ocrx_word' id='word_1_286' title='bbox 1562 3441 1766 3502; x_wconf 78' lang='grc' dir='ltr'>αὐτοῖς,</span> 
     </span>
    </p>
   </div>
   <div class='ocr_carea' id='block_1_39' title="bbox 178 3517 1768 3593">
    <p class='ocr_par' dir='ltr' id='par_1_39' title="bbox 178 3517 1768 3593">
     <span class='ocr_line' id='line_1_39' title="bbox 178 3517 1768 3593; baseline 0.004 -23"><span class='ocrx_word' id='word_1_287' title='bbox 178 3517 288 3570; x_wconf 74' lang='grc' dir='ltr'>καὶ</span> <span class='ocrx_word' id='word_1_288' title='bbox 327 3519 511 3570; x_wconf 78' lang='grc' dir='ltr'>πᾶσαν</span> <span class='ocrx_word' id='word_1_289' title='bbox 550 3518 998 3589; x_wconf 77' lang='grc' dir='ltr'>ἀποκρούσασθαι</span> <span class='ocrx_word' id='word_1_290' title='bbox 1052 3521 1233 3574; x_wconf 81' lang='grc' dir='ltr'>νόσον⁴</span> <span class='ocrx_word' id='word_1_291' title='bbox 1277 3523 1658 3593; x_wconf 81' lang='grc' dir='ltr'>ἀμελήσαντας</span> <span class='ocrx_word' id='word_1_292' title='bbox 1711 3525 1768 3578; x_wconf 81' lang='grc' dir='ltr'>δὲ</span> 
     </span>
    </p>
   </div>
   <div class='ocr_carea' id='block_1_40' title="bbox 173 3599 1766 3678">
    <p class='ocr_par' dir='ltr' id='par_1_40' title="bbox 173 3599 1766 3678">
     <span class='ocr_line' id='line_1_40' title="bbox 173 3599 1766 3678; baseline 0.003 -22"><span class='ocrx_word' id='word_1_293' title='bbox 173 3599 299 3656; x_wconf 78' lang='grc' dir='ltr'>τῶν</span> <span class='ocrx_word' id='word_1_294' title='bbox 355 3602 766 3672; x_wconf 78' lang='grc' dir='ltr'>ἐπιταγμάτων,</span> <span class='ocrx_word' id='word_1_295' title='bbox 805 3605 900 3657; x_wconf 74' lang='grc' dir='ltr'>καὶ</span> <span class='ocrx_word' id='word_1_296' title='bbox 935 3605 1216 3677; x_wconf 70' lang='grc' dir='ltr'>ἀρρωστίᾳ</span> <span class='ocrx_word' id='word_1_297' title='bbox 1275 3608 1673 3678; x_wconf 79' lang='grc' dir='ltr'>περιπεσόντας</span> <span class='ocrx_word' id='word_1_298' title='bbox 1707 3610 1766 3660; x_wconf 73' lang='grc' dir='ltr'>οὐ</span> 
     </span>
    </p>
   </div>
   <div class='ocr_carea' id='block_1_41' title="bbox 177 3684 1768 3758">
    <p class='ocr_par' dir='ltr' id='par_1_41' title="bbox 177 3684 1768 3758">
     <span class='ocr_line' id='line_1_41' title="bbox 177 3684 1768 3758; baseline 0.004 -23"><span class='ocrx_word' id='word_1_299' title='bbox 177 3684 530 3754; x_wconf 83' lang='grc' dir='ltr'>παρορῶσιν,</span> <span class='ocrx_word' id='word_1_300' title='bbox 587 3685 723 3738; x_wconf 83' lang='grc' dir='ltr'>ἀλλά</span> <span class='ocrx_word' id='word_1_301' title='bbox 753 3688 849 3740; x_wconf 79' lang='grc' dir='ltr'>καὶ</span> <span class='ocrx_word' id='word_1_302' title='bbox 893 3687 1096 3758; x_wconf 80' lang='grc' dir='ltr'>πολλὴν</span> <span class='ocrx_word' id='word_1_303' title='bbox 1135 3689 1369 3758; x_wconf 84' lang='grc' dir='ltr'>μάλιστα</span> <span class='ocrx_word' id='word_1_304' title='bbox 1411 3689 1531 3741; x_wconf 85' lang='grc' dir='ltr'>τότε</span> <span class='ocrx_word' id='word_1_305' title='bbox 1563 3690 1768 3742; x_wconf 73' lang='grc' dir='ltr'>ἐπιδεί-</span> 
     </span>
    </p>
   </div>
   <div class='ocr_carea' id='block_1_42' title="bbox 171 3769 1767 3838">
    <p class='ocr_par' dir='ltr' id='par_1_42' title="bbox 171 3769 1767 3838">
     <span class='ocr_line' id='line_1_42' title="bbox 171 3769 1767 3838; baseline 0.004 -18"><span class='ocrx_word' id='word_1_306' title='bbox 171 3782 418 3820; x_wconf 74' lang='grc' dir='ltr'>κνυνται</span> <span class='ocrx_word' id='word_1_307' title='bbox 478 3769 758 3838; x_wconf 83' lang='grc' dir='ltr'>πρόνοιαν,</span> <span class='ocrx_word' id='word_1_308' title='bbox 818 3771 964 3834; x_wconf 83' lang='grc' dir='ltr'>ὅπως</span> <span class='ocrx_word' id='word_1_309' title='bbox 1004 3773 1201 3835; x_wconf 75' lang='grc' dir='ltr'>αὐτοὺς</span> <span class='ocrx_word' id='word_1_310' title='bbox 1261 3772 1610 3836; x_wconf 77' lang='grc' dir='ltr'>ἁπαλλάξωσι</span> <span class='ocrx_word' id='word_1_311' title='bbox 1662 3772 1767 3826; x_wconf 88' lang='grc' dir='ltr'>τῶν</span> 
     </span>
    </p>
   </div>
   <div class='ocr_carea' id='block_1_43' title="bbox 175 3848 1767 3925">
    <p class='ocr_par' dir='ltr' id='par_1_43' title="bbox 175 3848 1767 3925">
     <span class='ocr_line' id='line_1_43' title="bbox 175 3848 1767 3925; baseline 0.003 -23"><span class='ocrx_word' id='word_1_312' title='bbox 175 3848 534 3919; x_wconf 84' lang='grc' dir='ltr'>νοσημάτων.</span> <span class='ocrx_word' id='word_1_313' title='bbox 585 3851 742 3905; x_wconf 75' lang='grc' dir='ltr'>Οὕτω</span> <span class='ocrx_word' id='word_1_314' title='bbox 774 3854 867 3906; x_wconf 66' lang='grc' dir='ltr'>κα)⁵</span> <span class='ocrx_word' id='word_1_315' title='bbox 909 3856 936 3906; x_wconf 85' lang='grc' dir='ltr'>ό</span> <span class='ocrx_word' id='word_1_316' title='bbox 970 3853 1182 3916; x_wconf 78' lang='grc' dir='ltr'>Παῦλος</span> <span class='ocrx_word' id='word_1_317' title='bbox 1213 3857 1438 3925; x_wconf 78' lang='grc' dir='ltr'>ἐποίησε</span> <span class='ocrx_word' id='word_1_318' title='bbox 1461 3871 1474 3884; x_wconf 90' lang='grc'><strong>·</strong></span> <span class='ocrx_word' id='word_1_319' title='bbox 1511 3857 1602 3908; x_wconf 83' lang='grc' dir='ltr'>τὸν</span> <span class='ocrx_word' id='word_1_320' title='bbox 1637 3855 1767 3922; x_wconf 86' lang='grc' dir='ltr'>γοῦν</span> 
     </span>
    </p>
   </div>
   <div class='ocr_carea' id='block_1_44' title="bbox 175 3932 1767 4007">
    <p class='ocr_par' dir='ltr' id='par_1_44' title="bbox 175 3932 1767 4007">
     <span class='ocr_line' id='line_1_44' title="bbox 175 3932 1767 4007; baseline 0.004 -23"><span class='ocrx_word' id='word_1_321' title='bbox 175 3932 598 4001; x_wconf 77' lang='grc' dir='ltr'>πεπορνευκότα</span> <span class='ocrx_word' id='word_1_322' title='bbox 631 3934 771 4004; x_wconf 90' lang='grc' dir='ltr'>μετά</span> <span class='ocrx_word' id='word_1_323' title='bbox 799 3935 900 4007; x_wconf 82' lang='grc' dir='ltr'>τὴν</span> <span class='ocrx_word' id='word_1_324' title='bbox 923 3937 1198 4006; x_wconf 80' lang='grc' dir='ltr'>ἁμαρτίαν</span> <span class='ocrx_word' id='word_1_325' title='bbox 1233 3937 1467 4007; x_wconf 78' lang='grc' dir='ltr'>ἐκείνην,</span> <span class='ocrx_word' id='word_1_326' title='bbox 1503 3938 1643 4006; x_wconf 89' lang='grc' dir='ltr'>μετά</span> <span class='ocrx_word' id='word_1_327' title='bbox 1669 3937 1767 4007; x_wconf 82' lang='grc' dir='ltr'>τὴν</span> 
     </span>
    </p>
   </div>
   <div class='ocr_carea' id='block_1_45' title="bbox 172 4017 1767 4091">
    <p class='ocr_par' dir='ltr' id='par_1_45' title="bbox 172 4017 1767 4091">
     <span class='ocr_line' id='line_1_45' title="bbox 172 4017 1767 4091; baseline 0.005 -25"><span class='ocrx_word' id='word_1_328' title='bbox 172 4017 538 4086; x_wconf 80' lang='grc' dir='ltr'>παρανομίαν</span> <span class='ocrx_word' id='word_1_329' title='bbox 564 4017 662 4088; x_wconf 77' lang='grc' dir='ltr'>τὴν</span> <span class='ocrx_word' id='word_1_330' title='bbox 717 4019 978 4091; x_wconf 84' lang='grc' dir='ltr'>χαλεπὴν,</span> <span class='ocrx_word' id='word_1_331' title='bbox 1013 4021 1110 4091; x_wconf 85' lang='grc' dir='ltr'>τὴν</span> <span class='ocrx_word' id='word_1_332' title='bbox 1139 4021 1258 4074; x_wconf 81' lang='grc' dir='ltr'>οὐδὲ</span> <span class='ocrx_word' id='word_1_333' title='bbox 1305 4023 1362 4073; x_wconf 81' lang='grc' dir='ltr'>ὲν</span> <span class='ocrx_word' id='word_1_334' title='bbox 1392 4024 1503 4084; x_wconf 89' lang='grc' dir='ltr'>τοῖς</span> <span class='ocrx_word' id='word_1_335' title='bbox 1557 4019 1767 4074; x_wconf 75' lang='grc' dir='ltr'>ἔθνεσιν</span> 
     </span>
    </p>
   </div>
   <div class='ocr_carea' id='block_1_46' title="bbox 168 4101 1766 4174">
    <p class='ocr_par' dir='ltr' id='par_1_46' title="bbox 168 4101 1766 4174">
     <span class='ocr_line' id='line_1_46' title="bbox 168 4101 1766 4174; baseline 0.001 -22"><span class='ocrx_word' id='word_1_336' title='bbox 168 4101 611 4173; x_wconf 84' lang='grc' dir='ltr'>εὑρισκομένην,</span> <span class='ocrx_word' id='word_1_337' title='bbox 637 4102 696 4155; x_wconf 86' lang='grc' dir='ltr'>οὐ</span> <span class='ocrx_word' id='word_1_338' title='bbox 721 4104 998 4174; x_wconf 86' lang='grc' dir='ltr'>παρεῖδεν,</span> <span class='ocrx_word' id='word_1_339' title='bbox 1026 4104 1160 4157; x_wconf 84' lang='grc' dir='ltr'>ἀλλὰ</span> <span class='ocrx_word' id='word_1_340' title='bbox 1183 4104 1277 4154; x_wconf 71' lang='grc' dir='ltr'>καὶ</span> <span class='ocrx_word' id='word_1_341' title='bbox 1301 4105 1638 4172; x_wconf 79' lang='grc' dir='ltr'>ἀφηνιῶντα,</span> <span class='ocrx_word' id='word_1_342' title='bbox 1675 4104 1766 4156; x_wconf 77' lang='grc' dir='ltr'>καὶ</span> 
     </span>
    </p>
   </div>
   <div class='ocr_carea' id='block_1_47' title="bbox 169 4183 1766 4256">
    <p class='ocr_par' dir='ltr' id='par_1_47' title="bbox 169 4183 1766 4256">
     <span class='ocr_line' id='line_1_47' title="bbox 169 4183 1766 4256; baseline 0.002 -21"><span class='ocrx_word' id='word_1_343' title='bbox 169 4185 264 4253; x_wconf 80' lang='grc' dir='ltr'>μὴ</span> <span class='ocrx_word' id='word_1_344' title='bbox 301 4183 625 4255; x_wconf 83' lang='grc' dir='ltr'>βουλόμενον</span> <span class='ocrx_word' id='word_1_345' title='bbox 643 4186 902 4250; x_wconf 77' lang='grc' dir='ltr'>δέξασθαι</span> <span class='ocrx_word' id='word_1_346' title='bbox 927 4185 1024 4255; x_wconf 81' lang='grc' dir='ltr'>τὴν</span> <span class='ocrx_word' id='word_1_347' title='bbox 1055 4185 1428 4254; x_wconf 55' lang='grc' dir='ltr'>ἰατρείανριαλ.</span> <span class='ocrx_word' id='word_1_348' title='bbox 1458 4185 1766 4256; x_wconf 82' lang='grc' dir='ltr'>σκιρτῶντα</span> 
     </span>
    </p>
   </div>
   <div class='ocr_carea' id='block_1_48' title="bbox 168 4266 1766 4338">
    <p class='ocr_par' dir='ltr' id='par_1_48' title="bbox 168 4266 1766 4338">
     <span class='ocr_line' id='line_1_48' title="bbox 168 4266 1766 4338; baseline 0.001 -18"><span class='ocrx_word' id='word_1_349' title='bbox 168 4266 282 4320; x_wconf 78' lang='grc' dir='ltr'>καὶ</span> <span class='ocrx_word' id='word_1_350' title='bbox 310 4267 700 4338; x_wconf 86' lang='grc' dir='ltr'>ἁποπηδῶντα,</span> <span class='ocrx_word' id='word_1_351' title='bbox 729 4270 1075 4338; x_wconf 69' lang='grc' dir='ltr'>ἐπανήγαγεν</span> <span class='ocrx_word' id='word_1_352' title='bbox 1091 4270 1182 4320; x_wconf 77' lang='grc' dir='ltr'>ἐπὶ</span> <span class='ocrx_word' id='word_1_353' title='bbox 1210 4267 1310 4338; x_wconf 81' lang='grc' dir='ltr'>τὴν</span> <span class='ocrx_word' id='word_1_354' title='bbox 1338 4267 1766 4338; x_wconf 83' lang='grc' dir='ltr'>θεραπείαν,κα“ι</span> 
     </span>
    </p>
   </div>
   <div class='ocr_carea' id='block_1_49' title="bbox 157 4349 1764 4422">
    <p class='ocr_par' dir='ltr' id='par_1_49' title="bbox 157 4349 1764 4422">
     <span class='ocr_line' id='line_1_49' title="bbox 157 4349 1764 4422; baseline 0 -20"><span class='ocrx_word' id='word_1_355' title='bbox 157 4349 360 4412; x_wconf 76' lang='grc' dir='ltr'>οὕτως</span> <span class='ocrx_word' id='word_1_356' title='bbox 398 4352 783 4420; x_wconf 64' lang='grc' dir='ltr'>ἐπανήγαγεν,</span> <span class='ocrx_word' id='word_1_357' title='bbox 833 4350 980 4402; x_wconf 72' lang='grc' dir='ltr'>ὥστε</span> <span class='ocrx_word' id='word_1_358' title='bbox 1033 4351 1229 4404; x_wconf 83' lang='grc' dir='ltr'>ὲνῶσαι</span> <span class='ocrx_word' id='word_1_359' title='bbox 1267 4351 1343 4422; x_wconf 79' lang='grc' dir='ltr'>τῷ</span> <span class='ocrx_word' id='word_1_360' title='bbox 1381 4350 1595 4420; x_wconf 87' lang='grc' dir='ltr'>σώματι</span> <span class='ocrx_word' id='word_1_361' title='bbox 1665 4352 1764 4421; x_wconf 83' lang='grc' dir='ltr'>τῆς</span> 
     </span>
    </p>
   </div>
   <div class='ocr_carea' id='block_1_50' title="bbox 175 4431 1764 4507">
    <p class='ocr_par' dir='ltr' id='par_1_50' title="bbox 175 4431 1764 4507">
     <span class='ocr_line' id='line_1_50' title="bbox 175 4431 1764 4507; baseline -0.001 -20"><span class='ocrx_word' id='word_1_362' title='bbox 175 4434 525 4504; x_wconf 83' lang='grc' dir='ltr'>Ἐκκλησίας</span> <span class='ocrx_word' id='word_1_363' title='bbox 560 4435 740 4488; x_wconf 89' lang='grc' dir='ltr'>πάλιν.</span> <span class='ocrx_word' id='word_1_364' title='bbox 774 4436 881 4487; x_wconf 72' lang='grc' dir='ltr'>Καὶ</span> <span class='ocrx_word' id='word_1_365' title='bbox 920 4435 1018 4487; x_wconf 84' lang='grc' dir='ltr'>οὐκ</span> <span class='ocrx_word' id='word_1_366' title='bbox 1044 4431 1162 4488; x_wconf 82' lang='grc' dir='ltr'>εἶπε</span> <span class='ocrx_word' id='word_1_367' title='bbox 1201 4435 1336 4507; x_wconf 79' lang='grc' dir='ltr'>πρὸς</span> <span class='ocrx_word' id='word_1_368' title='bbox 1363 4435 1584 4487; x_wconf 58' lang='grc' dir='ltr'>ἑαυτόν</span> <span class='ocrx_word' id='word_1_369' title='bbox 1617 4435 1681 4487; x_wconf 87' lang='grc' dir='ltr'>Τί</span> <span class='ocrx_word' id='word_1_370' title='bbox 1708 4435 1764 4487; x_wconf 79' lang='grc' dir='ltr'>δὲ</span> 
     </span>
    </p>
   </div>
   <div class='ocr_carea' id='block_1_51' title="bbox 163 4518 1765 4589">
    <p class='ocr_par' dir='ltr' id='par_1_51' title="bbox 163 4518 1765 4589">
     <span class='ocr_line' id='line_1_51' title="bbox 163 4518 1765 4589; baseline 0 -19"><span class='ocrx_word' id='word_1_371' title='bbox 163 4520 237 4571; x_wconf 78' lang='grc' dir='ltr'>τὸ</span> <span class='ocrx_word' id='word_1_372' title='bbox 276 4518 436 4572; x_wconf 83' lang='grc' dir='ltr'>πλέον</span> <span class='ocrx_word' id='word_1_373' title='bbox 461 4536 474 4583; x_wconf 90' lang='grc'><strong>;</strong></span> <span class='ocrx_word' id='word_1_374' title='bbox 509 4520 561 4571; x_wconf 86' lang='grc' dir='ltr'>τί</span> <span class='ocrx_word' id='word_1_375' title='bbox 590 4519 646 4572; x_wconf 82' lang='grc' dir='ltr'>δὲ</span> <span class='ocrx_word' id='word_1_376' title='bbox 670 4521 730 4571; x_wconf 74' lang='grc' dir='ltr'>τὸ</span> <span class='ocrx_word' id='word_1_377' title='bbox 761 4519 982 4587; x_wconf 52' lang='grc' dir='ltr'>ὄφελος</span> <span class='ocrx_word' id='word_1_378' title='bbox 1013 4519 1326 4589; x_wconf 77' lang='grc' dir='ltr'>ὲπόρνευσε,</span> <span class='ocrx_word' id='word_1_379' title='bbox 1362 4520 1460 4588; x_wconf 78' lang='grc' dir='ltr'>τὴν</span> <span class='ocrx_word' id='word_1_380' title='bbox 1491 4518 1765 4589; x_wconf 85' lang='grc' dir='ltr'>ἁμαρτίαν</span> 
     </span>
    </p>
   </div>
   <div class='ocr_carea' id='block_1_52' title="bbox 166 4600 1762 4670">
    <p class='ocr_par' dir='ltr' id='par_1_52' title="bbox 166 4600 1762 4670">
     <span class='ocr_line' id='line_1_52' title="bbox 166 4600 1762 4670; baseline 0.001 -19"><span class='ocrx_word' id='word_1_381' title='bbox 166 4601 501 4670; x_wconf 80' lang='grc' dir='ltr'>εἰργάσατο,</span> <span class='ocrx_word' id='word_1_382' title='bbox 531 4602 652 4654; x_wconf 78' lang='grc' dir='ltr'>οὐδὲ</span> <span class='ocrx_word' id='word_1_383' title='bbox 678 4602 980 4670; x_wconf 80' lang='grc' dir='ltr'>ἀποστῆναι</span> <span class='ocrx_word' id='word_1_384' title='bbox 1028 4600 1273 4668; x_wconf 78' lang='grc' dir='ltr'>βούλεται</span> <span class='ocrx_word' id='word_1_385' title='bbox 1325 4601 1425 4670; x_wconf 85' lang='grc' dir='ltr'>τῆς</span> <span class='ocrx_word' id='word_1_386' title='bbox 1457 4600 1762 4668; x_wconf 81' lang='grc' dir='ltr'>ἀσελγείας,</span> 
     </span>
    </p>
   </div>
   <div class='ocr_carea' id='block_1_53' title="bbox 157 4683 1764 4754">
    <p class='ocr_par' dir='ltr' id='par_1_53' title="bbox 157 4683 1764 4754">
     <span class='ocr_line' id='line_1_53' title="bbox 157 4683 1764 4754; baseline -0.002 -18"><span class='ocrx_word' id='word_1_387' title='bbox 157 4683 319 4736; x_wconf 79' lang='grc' dir='ltr'>ἀλλὰ</span> <span class='ocrx_word' id='word_1_388' title='bbox 353 4686 447 4735; x_wconf 76' lang='grc' dir='ltr'>καὶ</span> <span class='ocrx_word' id='word_1_389' title='bbox 481 4686 841 4752; x_wconf 85' lang='grc' dir='ltr'>πεφυσίωται,</span> <span class='ocrx_word' id='word_1_390' title='bbox 875 4685 971 4736; x_wconf 81' lang='grc' dir='ltr'>καὶ</span> <span class='ocrx_word' id='word_1_391' title='bbox 1007 4685 1146 4754; x_wconf 81' lang='grc' dir='ltr'>μέγα</span> <span class='ocrx_word' id='word_1_392' title='bbox 1177 4687 1383 4752; x_wconf 85' lang='grc' dir='ltr'>φρονεῖ,</span> <span class='ocrx_word' id='word_1_393' title='bbox 1416 4684 1507 4735; x_wconf 81' lang='grc' dir='ltr'>καὶ</span> <span class='ocrx_word' id='word_1_394' title='bbox 1543 4684 1764 4734; x_wconf 86' lang='grc' dir='ltr'>ἀνίατον</span> 
     </span>
    </p>
   </div>
   <div class='ocr_carea' id='block_1_54' title="bbox 157 4766 1764 4837">
    <p class='ocr_par' dir='ltr' id='par_1_54' title="bbox 157 4766 1764 4837">
     <span class='ocr_line' id='line_1_54' title="bbox 157 4766 1764 4837; baseline -0.001 -18"><span class='ocrx_word' id='word_1_395' title='bbox 157 4768 235 4819; x_wconf 76' lang='grc' dir='ltr'>τὸ</span> <span class='ocrx_word' id='word_1_396' title='bbox 259 4766 727 4837; x_wconf 74' lang='grc' dir='ltr'>ἕλκοςὲργάζεται</span> <span class='ocrx_word' id='word_1_397' title='bbox 749 4785 760 4797; x_wconf 90' lang='grc'><strong>·</strong></span> <span class='ocrx_word' id='word_1_398' title='bbox 786 4767 1013 4837; x_wconf 84' lang='grc' dir='ltr'>ἀφῶμεν</span> <span class='ocrx_word' id='word_1_399' title='bbox 1048 4768 1226 4819; x_wconf 84' lang='grc' dir='ltr'>τοίνυν</span> <span class='ocrx_word' id='word_1_400' title='bbox 1260 4767 1443 4828; x_wconf 78' lang='grc' dir='ltr'>αὑτὸν,</span> <span class='ocrx_word' id='word_1_401' title='bbox 1478 4768 1570 4820; x_wconf 76' lang='grc' dir='ltr'>καὶ</span> <span class='ocrx_word' id='word_1_402' title='bbox 1599 4769 1764 4835; x_wconf 80' lang='grc' dir='ltr'>ἐγκα-</span> 
     </span>
    </p>
   </div>
   <div class='ocr_carea' id='block_1_55' title="bbox 158 4847 1762 4919">
    <p class='ocr_par' dir='ltr' id='par_1_55' title="bbox 158 4847 1762 4919">
     <span class='ocr_line' id='line_1_55' title="bbox 158 4847 1762 4919; baseline -0.001 -16"><span class='ocrx_word' id='word_1_403' title='bbox 158 4850 548 4918; x_wconf 49' lang='grc' dir='ltr'>ταλείςωμεν.</span> <span class='ocrx_word' id='word_1_404' title='bbox 587 4851 754 4903; x_wconf 73' lang='grc' dir='ltr'>Οὐδὲν</span> <span class='ocrx_word' id='word_1_405' title='bbox 781 4851 986 4903; x_wconf 89' lang='grc' dir='ltr'>τούτων</span> <span class='ocrx_word' id='word_1_406' title='bbox 1009 4847 1158 4902; x_wconf 84' lang='grc' dir='ltr'>εἶπεν</span> <span class='ocrx_word' id='word_1_407' title='bbox 1177 4867 1193 4880; x_wconf 86' lang='grc'><strong>·</strong></span> <span class='ocrx_word' id='word_1_408' title='bbox 1230 4849 1366 4902; x_wconf 78' lang='grc' dir='ltr'>ἀλλά</span> <span class='ocrx_word' id='word_1_409' title='bbox 1411 4851 1478 4902; x_wconf 86' lang='grc' dir='ltr'>δι’</span> <span class='ocrx_word' id='word_1_410' title='bbox 1509 4851 1640 4903; x_wconf 80' lang='grc' dir='ltr'>αὐτὸ</span> <span class='ocrx_word' id='word_1_411' title='bbox 1665 4850 1762 4919; x_wconf 83' lang='grc' dir='ltr'>μὲν</span> 
     </span>
    </p>
   </div>
   <div class='ocr_carea' id='block_1_56' title="bbox 153 4929 1760 5005">
    <p class='ocr_par' dir='ltr' id='par_1_56' title="bbox 153 4929 1760 5005">
     <span class='ocr_line' id='line_1_56' title="bbox 153 4929 1760 5005; baseline 0 -20"><span class='ocrx_word' id='word_1_412' title='bbox 153 4929 272 4987; x_wconf 79' lang='grc' dir='ltr'>οὖν</span> <span class='ocrx_word' id='word_1_413' title='bbox 311 4934 468 4986; x_wconf 85' lang='grc' dir='ltr'>τοῦτο</span> <span class='ocrx_word' id='word_1_414' title='bbox 500 4934 732 5003; x_wconf 83' lang='grc' dir='ltr'>μάλιστα</span> <span class='ocrx_word' id='word_1_415' title='bbox 773 4933 940 5004; x_wconf 83' lang='grc' dir='ltr'>πολλῇ</span> <span class='ocrx_word' id='word_1_416' title='bbox 967 4934 1087 4986; x_wconf 89' lang='grc' dir='ltr'>τότε</span> <span class='ocrx_word' id='word_1_417' title='bbox 1119 4935 1390 5004; x_wconf 78' lang='grc' dir='ltr'>ἐχρήσατο</span> <span class='ocrx_word' id='word_1_418' title='bbox 1416 4937 1480 5005; x_wconf 77' lang='grc' dir='ltr'>τῇ</span> <span class='ocrx_word' id='word_1_419' title='bbox 1514 4935 1760 5004; x_wconf 74' lang='grc' dir='ltr'>προνοίᾳ,</span> 
     </span>
    </p>
   </div>
   <div class='ocr_carea' id='block_1_57' title="bbox 162 5013 1762 5089">
    <p class='ocr_par' dir='ltr' id='par_1_57' title="bbox 162 5013 1762 5089">
     <span class='ocr_line' id='line_1_57' title="bbox 162 5013 1762 5089; baseline -0.001 -19"><span class='ocrx_word' id='word_1_420' title='bbox 162 5017 370 5087; x_wconf 80' lang='grc' dir='ltr'>ἐπειδὴ</span> <span class='ocrx_word' id='word_1_421' title='bbox 406 5019 541 5088; x_wconf 67' lang='grc' dir='ltr'>πρὸς</span> <span class='ocrx_word' id='word_1_422' title='bbox 581 5019 786 5086; x_wconf 78' lang='grc' dir='ltr'>ἄφατον</span> <span class='ocrx_word' id='word_1_423' title='bbox 825 5018 985 5068; x_wconf 78' lang='grc' dir='ltr'>αὑτὸν</span> <span class='ocrx_word' id='word_1_424' title='bbox 1011 5013 1119 5069; x_wconf 78' lang='grc' dir='ltr'>εἶδε</span> <span class='ocrx_word' id='word_1_425' title='bbox 1158 5018 1356 5070; x_wconf 87' lang='grc' dir='ltr'>κακίαν</span> <span class='ocrx_word' id='word_1_426' title='bbox 1391 5018 1762 5089; x_wconf 77' lang='grc' dir='ltr'>ὲξολισθήσαν-</span> 
     </span>
    </p>
   </div>
   <div class='ocr_carea' id='block_1_58' title="bbox 157 5103 1762 5174">
    <p class='ocr_par' dir='ltr' id='par_1_58' title="bbox 157 5103 1762 5174">
     <span class='ocr_line' id='line_1_58' title="bbox 157 5103 1762 5174; baseline 0.001 -18"><span class='ocrx_word' id='word_1_427' title='bbox 157 5122 267 5163; x_wconf 85' lang='grc' dir='ltr'>τα,</span> <span class='ocrx_word' id='word_1_428' title='bbox 306 5104 402 5154; x_wconf 76' lang='grc' dir='ltr'>καὶ</span> <span class='ocrx_word' id='word_1_429' title='bbox 431 5105 530 5155; x_wconf 80' lang='grc' dir='ltr'>οὐκ</span> <span class='ocrx_word' id='word_1_430' title='bbox 581 5103 792 5174; x_wconf 88' lang='grc' dir='ltr'>ἀπέστη</span> <span class='ocrx_word' id='word_1_431' title='bbox 839 5104 1040 5172; x_wconf 74' lang='grc' dir='ltr'>φοϐῶν,</span> <span class='ocrx_word' id='word_1_432' title='bbox 1078 5104 1340 5165; x_wconf 85' lang='grc' dir='ltr'>ἀπειλῶν,</span> <span class='ocrx_word' id='word_1_433' title='bbox 1368 5106 1632 5169; x_wconf 78' lang='grc' dir='ltr'>κολάζων,</span> <span class='ocrx_word' id='word_1_434' title='bbox 1668 5106 1762 5158; x_wconf 77' lang='grc' dir='ltr'>καὶ</span> 
     </span>
    </p>
   </div>
   <div class='ocr_carea' id='block_1_59' title="bbox 155 5184 1761 5257">
    <p class='ocr_par' dir='ltr' id='par_1_59' title="bbox 155 5184 1761 5257">
     <span class='ocr_line' id='line_1_59' title="bbox 155 5184 1761 5257; baseline -0.001 -18"><span class='ocrx_word' id='word_1_435' title='bbox 155 5188 239 5239; x_wconf 77' lang='grc' dir='ltr'>δι’</span> <span class='ocrx_word' id='word_1_436' title='bbox 285 5184 481 5238; x_wconf 74' lang='grc' dir='ltr'>ἑαυτοῦ</span> <span class='ocrx_word' id='word_1_437' title='bbox 521 5185 614 5237; x_wconf 72' lang='grc' dir='ltr'>καὶ</span> <span class='ocrx_word' id='word_1_438' title='bbox 643 5185 708 5236; x_wconf 83' lang='grc' dir='ltr'>δι’</span> <span class='ocrx_word' id='word_1_439' title='bbox 735 5185 939 5253; x_wconf 77' lang='grc' dir='ltr'>ἑτέρων</span> <span class='ocrx_word' id='word_1_440' title='bbox 969 5185 1182 5237; x_wconf 89' lang='grc' dir='ltr'>πολλῶν</span> <span class='ocrx_word' id='word_1_441' title='bbox 1207 5185 1227 5257; x_wconf 73' lang='grc' dir='ltr'>Ῐ</span> <span class='ocrx_word' id='word_1_442' title='bbox 1233 5186 1356 5257; x_wconf 88' lang='grc'>678]</span> <span class='ocrx_word' id='word_1_443' title='bbox 1394 5188 1570 5240; x_wconf 86' lang='grc' dir='ltr'>πάντα</span> <span class='ocrx_word' id='word_1_444' title='bbox 1592 5187 1761 5239; x_wconf 90' lang='grc' dir='ltr'>ποιῶν</span> 
     </span>
    </p>
   </div>
   <div class='ocr_carea' id='block_1_60' title="bbox 155 5268 1759 5338">
    <p class='ocr_par' dir='ltr' id='par_1_60' title="bbox 155 5268 1759 5338">
     <span class='ocr_line' id='line_1_60' title="bbox 155 5268 1759 5338; baseline -0.001 -14"><span class='ocrx_word' id='word_1_445' title='bbox 155 5271 277 5324; x_wconf 72' lang='grc' dir='ltr'>καὶ</span> <span class='ocrx_word' id='word_1_446' title='bbox 329 5268 873 5338; x_wconf 82' lang='grc' dir='ltr'>πραγματευόμενος,</span> <span class='ocrx_word' id='word_1_447' title='bbox 924 5268 1027 5331; x_wconf 78' lang='grc' dir='ltr'>ἕως</span> <span class='ocrx_word' id='word_1_448' title='bbox 1053 5271 1118 5322; x_wconf 82' lang='grc' dir='ltr'>ἂν</span> <span class='ocrx_word' id='word_1_449' title='bbox 1151 5269 1313 5322; x_wconf 81' lang='grc' dir='ltr'>αὐτὸν</span> <span class='ocrx_word' id='word_1_450' title='bbox 1353 5273 1430 5333; x_wconf 84' lang='grc' dir='ltr'>είς</span> <span class='ocrx_word' id='word_1_451' title='bbox 1465 5271 1759 5338; x_wconf 78' lang='grc' dir='ltr'>ἐπίγνωσιν</span> 
     </span>
    </p>
   </div>
   <div class='ocr_carea' id='block_1_61' title="bbox 157 5350 1757 5424">
    <p class='ocr_par' dir='ltr' id='par_1_61' title="bbox 157 5350 1757 5424">
     <span class='ocr_line' id='line_1_61' title="bbox 157 5350 1757 5424; baseline 0.002 -22"><span class='ocrx_word' id='word_1_452' title='bbox 157 5353 378 5419; x_wconf 68' lang='grc' dir='ltr'>ἤνεγκε</span> <span class='ocrx_word' id='word_1_453' title='bbox 406 5351 503 5418; x_wconf 85' lang='grc' dir='ltr'>τῆς</span> <span class='ocrx_word' id='word_1_454' title='bbox 527 5350 827 5420; x_wconf 84' lang='grc' dir='ltr'>ἁμαρτίας,</span> <span class='ocrx_word' id='word_1_455' title='bbox 858 5351 938 5413; x_wconf 89' lang='grc' dir='ltr'>είς</span> <span class='ocrx_word' id='word_1_456' title='bbox 967 5350 1219 5422; x_wconf 80' lang='grc' dir='ltr'>αἴσθησιν</span> <span class='ocrx_word' id='word_1_457' title='bbox 1249 5353 1351 5422; x_wconf 82' lang='grc' dir='ltr'>τῆς</span> <span class='ocrx_word' id='word_1_458' title='bbox 1394 5352 1757 5424; x_wconf 83' lang='grc' dir='ltr'>παρανομίας,</span> 
     </span>
    </p>
   </div>
   <div class='ocr_carea' id='block_1_62' title="bbox 168 5431 1760 5508">
    <p class='ocr_par' dir='ltr' id='par_1_62' title="bbox 168 5431 1760 5508">
     <span class='ocr_line' id='line_1_62' title="bbox 168 5431 1760 5508; baseline 0.001 -22"><span class='ocrx_word' id='word_1_459' title='bbox 168 5431 284 5486; x_wconf 71' lang='grc' dir='ltr'>καὶ</span> <span class='ocrx_word' id='word_1_460' title='bbox 295 5432 476 5485; x_wconf 89' lang='grc' dir='ltr'>τέλεον</span> <span class='ocrx_word' id='word_1_461' title='bbox 499 5432 661 5485; x_wconf 79' lang='grc' dir='ltr'>αὐτὸν</span> <span class='ocrx_word' id='word_1_462' title='bbox 684 5432 959 5502; x_wconf 83' lang='grc' dir='ltr'>ἀπήλλαξε</span> <span class='ocrx_word' id='word_1_463' title='bbox 984 5434 1081 5504; x_wconf 80' lang='grc' dir='ltr'>τῆς</span> <span class='ocrx_word' id='word_1_464' title='bbox 1106 5435 1318 5505; x_wconf 84' lang='grc' dir='ltr'>κηλῖδος</span> <span class='ocrx_word' id='word_1_465' title='bbox 1337 5437 1572 5508; x_wconf 87' lang='grc' dir='ltr'>ἀπάσης.</span> <span class='ocrx_word' id='word_1_466' title='bbox 1590 5436 1760 5489; x_wconf 84' lang='grc' dir='ltr'>Τοῦτο</span> 
     </span>
    </p>
   </div>
   <div class='ocr_carea' id='block_1_63' title="bbox 237 5631 1038 5696">
    <p class='ocr_par' dir='ltr' id='par_1_63' title="bbox 237 5631 1038 5696">
     <span class='ocr_line' id='line_1_63' title="bbox 237 5631 1038 5696; baseline 0.005 -18"><span class='ocrx_word' id='word_1_467' title='bbox 237 5633 271 5696; x_wconf 70' lang='lat'>_&#39;</span> <span class='ocrx_word' id='word_1_468' title='bbox 300 5631 524 5696; x_wconf 65' lang='lat' dir='ltr'>Quinque</span> <span class='ocrx_word' id='word_1_469' title='bbox 547 5645 659 5680; x_wconf 78' lang='lat' dir='ltr'>mss.</span> <span class='ocrx_word' id='word_1_470' title='bbox 685 5632 740 5680; x_wconf 83' lang='grc' dir='ltr'>τὸ</span> <span class='ocrx_word' id='word_1_471' title='bbox 763 5634 1038 5696; x_wconf 71' lang='grc' dir='ltr'>ἁμάρτῃμα.</span> 
     </span>
    </p>
   </div>
   <div class='ocr_carea' id='block_1_64' title="bbox 235 5691 1364 5758">
    <p class='ocr_par' dir='ltr' id='par_1_64' title="bbox 235 5691 1364 5758">
     <span class='ocr_line' id='line_1_64' title="bbox 235 5691 1364 5758; baseline 0.006 -22"><span class='ocrx_word' id='word_1_472' title='bbox 235 5691 272 5758; x_wconf 58' lang='lat'>{7</span> <span class='ocrx_word' id='word_1_473' title='bbox 297 5694 517 5758; x_wconf 71' lang='lat' dir='ltr'>Quinque</span> <span class='ocrx_word' id='word_1_474' title='bbox 537 5707 654 5758; x_wconf 42' lang='lat' dir='ltr'>mss:</span> <span class='ocrx_word' id='word_1_475' title='bbox 679 5691 1052 5758; x_wconf 72' lang='grc' dir='ltr'>κατηγοροῦντος</span> <span class='ocrx_word' id='word_1_476' title='bbox 1071 5696 1248 5758; x_wconf 81' lang='grc' dir='ltr'>ἐπέγνω</span> <span class='ocrx_word' id='word_1_477' title='bbox 1266 5698 1364 5754; x_wconf 82' lang='grc' dir='ltr'>τήν.</span> 
     </span>
    </p>
   </div>
   <div class='ocr_carea' id='block_1_65' title="bbox 1385 322 2271 380">
    <p class='ocr_par' dir='ltr' id='par_1_65' title="bbox 1385 322 2271 380">
     <span class='ocr_line' id='line_1_65' title="bbox 1385 322 2271 380; baseline 0.001 -3"><span class='ocrx_word' id='word_1_478' title='bbox 1385 324 1760 380; x_wconf 74' lang='lat' dir='ltr'>ADVERSUS</span> <span class='ocrx_word' id='word_1_479' title='bbox 1798 322 2101 380; x_wconf 62' lang='lat' dir='ltr'>JUDx’EOS.</span> <span class='ocrx_word' id='word_1_480' title='bbox 2136 323 2271 379; x_wconf 82' lang='lat' dir='ltr'><strong>VIII.</strong></span> 
     </span>
    </p>
   </div>
   <div class='ocr_carea' id='block_1_66' title="bbox 3373 330 3484 386">
    <p class='ocr_par' dir='ltr' id='par_1_66' title="bbox 3373 330 3484 386">
     <span class='ocr_line' id='line_1_66' title="bbox 3373 330 3484 386; baseline -0.018 0"><span class='ocrx_word' id='word_1_481' title='bbox 3373 330 3484 386; x_wconf 76' lang='lat'>932</span> 
     </span>
    </p>
   </div>
   <div class='ocr_carea' id='block_1_67' title="bbox 1897 457 3484 532">
    <p class='ocr_par' dir='ltr' id='par_1_67' title="bbox 1897 457 3484 532">
     <span class='ocr_line' id='line_1_67' title="bbox 1897 457 3484 532; baseline 0.005 -24"><span class='ocrx_word' id='word_1_482' title='bbox 1897 457 1961 528; x_wconf 81' lang='grc' dir='ltr'>δὴ</span> <span class='ocrx_word' id='word_1_483' title='bbox 1993 459 2086 511; x_wconf 78' lang='grc' dir='ltr'>καὶ</span> <span class='ocrx_word' id='word_1_484' title='bbox 2124 460 2188 511; x_wconf 81' lang='grc' dir='ltr'>σὺ</span> <span class='ocrx_word' id='word_1_485' title='bbox 2222 458 2449 528; x_wconf 89' lang='grc' dir='ltr'>ποίησον</span> <span class='ocrx_word' id='word_1_486' title='bbox 2479 475 2491 489; x_wconf 73' lang='grc' dir='ltr'><strong>ο</strong></span> <span class='ocrx_word' id='word_1_487' title='bbox 2543 459 2782 530; x_wconf 87' lang='grc' dir='ltr'>μίμησαι</span> <span class='ocrx_word' id='word_1_488' title='bbox 2817 459 2907 512; x_wconf 73' lang='grc' dir='ltr'>τὸν</span> <span class='ocrx_word' id='word_1_489' title='bbox 2941 460 3290 532; x_wconf 84' lang='grc' dir='ltr'>Σαμαρείτην</span> <span class='ocrx_word' id='word_1_490' title='bbox 3341 463 3484 517; x_wconf 75' lang='grc' dir='ltr'>ἐκεῖ·</span> 
     </span>
    </p>
   </div>
   <div class='ocr_carea' id='block_1_68' title="bbox 1895 541 3483 617">
    <p class='ocr_par' dir='ltr' id='par_1_68' title="bbox 1895 541 3483 617">
     <span class='ocr_line' id='line_1_68' title="bbox 1895 541 3483 617; baseline 0.006 -27"><span class='ocrx_word' id='word_1_491' title='bbox 1895 557 2004 603; x_wconf 80' lang='grc' dir='ltr'>νον,</span> <span class='ocrx_word' id='word_1_492' title='bbox 2042 542 2132 594; x_wconf 83' lang='grc' dir='ltr'>τὸν</span> <span class='ocrx_word' id='word_1_493' title='bbox 2157 544 2214 594; x_wconf 84' lang='grc' dir='ltr'>ὲν</span> <span class='ocrx_word' id='word_1_494' title='bbox 2253 541 2330 611; x_wconf 80' lang='grc' dir='ltr'>τῷ</span> <span class='ocrx_word' id='word_1_495' title='bbox 2355 542 2673 613; x_wconf 81' lang='grc' dir='ltr'>Εὑαγγελίῳ</span> <span class='ocrx_word' id='word_1_496' title='bbox 2723 542 2994 614; x_wconf 79' lang='grc' dir='ltr'>τοσαύτην</span> <span class='ocrx_word' id='word_1_497' title='bbox 3036 545 3163 614; x_wconf 82' lang='grc' dir='ltr'>περὶ</span> <span class='ocrx_word' id='word_1_498' title='bbox 3192 545 3283 597; x_wconf 84' lang='grc' dir='ltr'>τὸν</span> <span class='ocrx_word' id='word_1_499' title='bbox 3309 563 3483 617; x_wconf 85' lang='grc' dir='ltr'>τραυ-</span> 
     </span>
    </p>
   </div>
   <div class='ocr_carea' id='block_1_69' title="bbox 1900 624 3484 700">
    <p class='ocr_par' dir='ltr' id='par_1_69' title="bbox 1900 624 3484 700">
     <span class='ocr_line' id='line_1_69' title="bbox 1900 624 3484 700; baseline 0.004 -26"><span class='ocrx_word' id='word_1_500' title='bbox 1900 624 2097 692; x_wconf 86' lang='grc' dir='ltr'>ματίαν</span> <span class='ocrx_word' id='word_1_501' title='bbox 2132 627 2337 678; x_wconf 73' lang='grc' dir='ltr'>ἐκεῖνον</span> <span class='ocrx_word' id='word_1_502' title='bbox 2369 625 2777 694; x_wconf 80' lang='grc' dir='ltr'>ἐπιδειξάμενον</span> <span class='ocrx_word' id='word_1_503' title='bbox 2832 625 3088 696; x_wconf 86' lang='grc' dir='ltr'>πρόνοιαν</span> <span class='ocrx_word' id='word_1_504' title='bbox 3123 638 3170 679; x_wconf 73' lang='grc' dir='ltr'>ε.</span> <span class='ocrx_word' id='word_1_505' title='bbox 3218 629 3327 680; x_wconf 72' lang='grc' dir='ltr'>Καὶ</span> <span class='ocrx_word' id='word_1_506' title='bbox 3373 628 3484 700; x_wconf 77' lang='grc' dir='ltr'>γὰρ</span> 
     </span>
    </p>
   </div>
   <div class='ocr_carea' id='block_1_70' title="bbox 1896 707 3484 781">
    <p class='ocr_par' dir='ltr' id='par_1_70' title="bbox 1896 707 3484 781">
     <span class='ocr_line' id='line_1_70' title="bbox 1896 707 3484 781; baseline 0.004 -23"><span class='ocrx_word' id='word_1_507' title='bbox 1896 709 2012 759; x_wconf 83' lang='grc' dir='ltr'>ἐκεῖ</span> <span class='ocrx_word' id='word_1_508' title='bbox 2059 707 2303 777; x_wconf 87' lang='grc' dir='ltr'>παρῆλθε</span> <span class='ocrx_word' id='word_1_509' title='bbox 2334 708 2593 777; x_wconf 85' lang='grc' dir='ltr'>Λευῖτης,</span> <span class='ocrx_word' id='word_1_510' title='bbox 2646 709 2889 779; x_wconf 85' lang='grc' dir='ltr'>παρῆλθε</span> <span class='ocrx_word' id='word_1_511' title='bbox 2923 711 3015 762; x_wconf 80' lang='grc' dir='ltr'>καὶ</span> <span class='ocrx_word' id='word_1_512' title='bbox 3039 711 3351 781; x_wconf 85' lang='grc' dir='ltr'>Φαρισαῖος,</span> <span class='ocrx_word' id='word_1_513' title='bbox 3389 711 3484 765; x_wconf 76' lang='grc' dir='ltr'>καὶ</span> 
     </span>
    </p>
   </div>
   <div class='ocr_carea' id='block_1_71' title="bbox 1895 789 3483 866">
    <p class='ocr_par' dir='ltr' id='par_1_71' title="bbox 1895 789 3483 866">
     <span class='ocr_line' id='line_1_71' title="bbox 1895 789 3483 866; baseline 0.003 -26"><span class='ocrx_word' id='word_1_514' title='bbox 1895 789 2174 859; x_wconf 79' lang='grc' dir='ltr'>οὐδέτερος</span> <span class='ocrx_word' id='word_1_515' title='bbox 2211 789 2543 861; x_wconf 82' lang='grc' dir='ltr'>ἐπεκάμφθη</span> <span class='ocrx_word' id='word_1_516' title='bbox 2583 791 2721 861; x_wconf 68' lang='grc' dir='ltr'>πρὸς</span> <span class='ocrx_word' id='word_1_517' title='bbox 2756 793 2848 845; x_wconf 80' lang='grc' dir='ltr'>τὸν</span> <span class='ocrx_word' id='word_1_518' title='bbox 2896 792 3168 866; x_wconf 88' lang='grc' dir='ltr'>κείμενον,</span> <span class='ocrx_word' id='word_1_519' title='bbox 3205 793 3321 846; x_wconf 87' lang='grc' dir='ltr'>ἀλλ’</span> <span class='ocrx_word' id='word_1_520' title='bbox 3353 794 3483 864; x_wconf 67' lang='grc' dir='ltr'>ἁνηο</span> 
     </span>
    </p>
   </div>
   <div class='ocr_carea' id='block_1_72' title="bbox 1895 870 3536 947">
    <p class='ocr_par' dir='ltr' id='par_1_72' title="bbox 1895 870 3536 947">
     <span class='ocr_line' id='line_1_72' title="bbox 1895 870 3536 947; baseline 0 -25"><span class='ocrx_word' id='word_1_521' title='bbox 1895 870 2032 933; x_wconf 86' lang='grc' dir='ltr'>λεῶς</span> <span class='ocrx_word' id='word_1_522' title='bbox 2065 873 2162 924; x_wconf 76' lang='grc' dir='ltr'>καὶ</span> <span class='ocrx_word' id='word_1_523' title='bbox 2185 871 2352 942; x_wconf 81' lang='grc' dir='ltr'>ὠμῶς</span> <span class='ocrx_word' id='word_1_524' title='bbox 2378 873 2608 940; x_wconf 84' lang='grc' dir='ltr'>ἀφέντες</span> <span class='ocrx_word' id='word_1_525' title='bbox 2635 873 2817 935; x_wconf 82' lang='grc' dir='ltr'>αὐτὸν,</span> <span class='ocrx_word' id='word_1_526' title='bbox 2847 874 3112 943; x_wconf 86' lang='grc' dir='ltr'>ἀπῆλθον.</span> <span class='ocrx_word' id='word_1_527' title='bbox 3132 875 3484 947; x_wconf 87' lang='grc' dir='ltr'>Σαμαρείτης</span> <span class='ocrx_word' id='word_1_528' title='bbox 3533 908 3536 922; x_wconf 63' lang='grc' dir='ltr'><em>ρ</em></span> 
     </span>
    </p>
   </div>
   <div class='ocr_carea' id='block_1_73' title="bbox 1894 955 3483 1030">
    <p class='ocr_par' dir='ltr' id='par_1_73' title="bbox 1894 955 3483 1030">
     <span class='ocr_line' id='line_1_73' title="bbox 1894 955 3483 1030; baseline 0.004 -23"><span class='ocrx_word' id='word_1_529' title='bbox 1894 955 1951 1007; x_wconf 83' lang='grc' dir='ltr'>δέ</span> <span class='ocrx_word' id='word_1_530' title='bbox 1979 973 2082 1018; x_wconf 87' lang='grc' dir='ltr'>τις,</span> <span class='ocrx_word' id='word_1_531' title='bbox 2109 956 2260 1008; x_wconf 77' lang='grc' dir='ltr'>οὐδὲν</span> <span class='ocrx_word' id='word_1_532' title='bbox 2292 956 2439 1027; x_wconf 79' lang='grc' dir='ltr'>αὐτῷ</span> <span class='ocrx_word' id='word_1_533' title='bbox 2457 958 2750 1028; x_wconf 74' lang='grc' dir='ltr'>προσήκων</span> <span class='ocrx_word' id='word_1_534' title='bbox 2778 957 3097 1028; x_wconf 77' lang='grc' dir='ltr'>οὐδαμόθεν,</span> <span class='ocrx_word' id='word_1_535' title='bbox 3122 959 3183 1010; x_wconf 84' lang='grc' dir='ltr'>οὐ</span> <span class='ocrx_word' id='word_1_536' title='bbox 3208 959 3483 1030; x_wconf 86' lang='grc' dir='ltr'>παρέδρα-</span> 
     </span>
    </p>
   </div>
   <div class='ocr_carea' id='block_1_74' title="bbox 1898 1039 3484 1110">
    <p class='ocr_par' dir='ltr' id='par_1_74' title="bbox 1898 1039 3484 1110">
     <span class='ocr_line' id='line_1_74' title="bbox 1898 1039 3484 1110; baseline 0.005 -21"><span class='ocrx_word' id='word_1_537' title='bbox 1898 1055 2017 1107; x_wconf 86' lang='grc' dir='ltr'>μεν,</span> <span class='ocrx_word' id='word_1_538' title='bbox 2059 1039 2176 1092; x_wconf 73' lang='grc' dir='ltr'>ἀλλ⁹</span> <span class='ocrx_word' id='word_1_539' title='bbox 2207 1039 2436 1103; x_wconf 81' lang='grc' dir='ltr'>ὲπιστάς</span> <span class='ocrx_word' id='word_1_540' title='bbox 2475 1041 2802 1110; x_wconf 82' lang='grc' dir='ltr'>κατηλέησε,</span> <span class='ocrx_word' id='word_1_541' title='bbox 2850 1043 2944 1094; x_wconf 71' lang='grc' dir='ltr'>καὶ</span> <span class='ocrx_word' id='word_1_542' title='bbox 2974 1042 3273 1107; x_wconf 82' lang='grc' dir='ltr'>ἐπέσταξεν</span> <span class='ocrx_word' id='word_1_543' title='bbox 3301 1043 3484 1097; x_wconf 74' lang='grc' dir='ltr'>ἔλαιον</span> 
     </span>
    </p>
   </div>
   <div class='ocr_carea' id='block_1_75' title="bbox 1894 1117 3480 1194">
    <p class='ocr_par' dir='ltr' id='par_1_75' title="bbox 1894 1117 3480 1194">
     <span class='ocr_line' id='line_1_75' title="bbox 1894 1117 3480 1194; baseline 0.004 -23"><span class='ocrx_word' id='word_1_544' title='bbox 1894 1121 1990 1172; x_wconf 76' lang='grc' dir='ltr'>καὶ</span> <span class='ocrx_word' id='word_1_545' title='bbox 2025 1117 2168 1175; x_wconf 76' lang='grc' dir='ltr'>οἶνον</span> <span class='ocrx_word' id='word_1_546' title='bbox 2190 1140 2202 1152; x_wconf 90' lang='grc'><strong>·</strong></span> <span class='ocrx_word' id='word_1_547' title='bbox 2233 1123 2501 1190; x_wconf 82' lang='grc' dir='ltr'>ἐπέθηκεν</span> <span class='ocrx_word' id='word_1_548' title='bbox 2529 1125 2618 1174; x_wconf 71' lang='grc' dir='ltr'>ἐπὶ</span> <span class='ocrx_word' id='word_1_549' title='bbox 2647 1123 2738 1176; x_wconf 71' lang='grc' dir='ltr'>τὸν</span> <span class='ocrx_word' id='word_1_550' title='bbox 2771 1123 2890 1176; x_wconf 80' lang='grc' dir='ltr'>δνον</span> <span class='ocrx_word' id='word_1_551' title='bbox 2915 1123 2965 1188; x_wconf 73' lang='grc' dir='ltr'>ἀ,</span> <span class='ocrx_word' id='word_1_552' title='bbox 2997 1125 3205 1194; x_wconf 75' lang='grc' dir='ltr'>ἢγαγεν</span> <span class='ocrx_word' id='word_1_553' title='bbox 3228 1127 3308 1188; x_wconf 87' lang='grc' dir='ltr'>είς</span> <span class='ocrx_word' id='word_1_554' title='bbox 3342 1143 3480 1180; x_wconf 88' lang='grc' dir='ltr'>παν-</span> 
     </span>
    </p>
   </div>
   <div class='ocr_carea' id='block_1_76' title="bbox 1893 1204 3482 1280">
    <p class='ocr_par' dir='ltr' id='par_1_76' title="bbox 1893 1204 3482 1280">
     <span class='ocr_line' id='line_1_76' title="bbox 1893 1204 3482 1280; baseline 0.004 -24"><span class='ocrx_word' id='word_1_555' title='bbox 1893 1204 2119 1274; x_wconf 83' lang='grc' dir='ltr'>δοχεῖον,</span> <span class='ocrx_word' id='word_1_556' title='bbox 2161 1206 2255 1258; x_wconf 78' lang='grc' dir='ltr'>καὶ</span> <span class='ocrx_word' id='word_1_557' title='bbox 2290 1205 2554 1276; x_wconf 87' lang='grc' dir='ltr'>ἀργύριον</span> <span class='ocrx_word' id='word_1_558' title='bbox 2586 1206 2648 1258; x_wconf 78' lang='grc' dir='ltr'>τὸ</span> <span class='ocrx_word' id='word_1_559' title='bbox 2673 1208 2771 1276; x_wconf 75' lang='grc' dir='ltr'>μὲν</span> <span class='ocrx_word' id='word_1_560' title='bbox 2814 1207 3004 1268; x_wconf 81' lang='grc' dir='ltr'>ἔδωκε,</span> <span class='ocrx_word' id='word_1_561' title='bbox 3038 1209 3098 1260; x_wconf 85' lang='grc' dir='ltr'>τδ</span> <span class='ocrx_word' id='word_1_562' title='bbox 3125 1208 3180 1260; x_wconf 83' lang='grc' dir='ltr'>δὲ</span> <span class='ocrx_word' id='word_1_563' title='bbox 3213 1208 3482 1280; x_wconf 84' lang='grc' dir='ltr'>ὑπέσχετο</span> 
     </span>
    </p>
   </div>
   <div class='ocr_carea' id='block_1_77' title="bbox 1895 1289 3476 1364">
    <p class='ocr_par' dir='ltr' id='par_1_77' title="bbox 1895 1289 3476 1364">
     <span class='ocr_line' id='line_1_77' title="bbox 1895 1289 3476 1364; baseline 0.006 -24"><span class='ocrx_word' id='word_1_564' title='bbox 1895 1289 2034 1359; x_wconf 84' lang='grc' dir='ltr'>ὑπὲρ</span> <span class='ocrx_word' id='word_1_565' title='bbox 2062 1292 2160 1359; x_wconf 86' lang='grc' dir='ltr'>τῆς</span> <span class='ocrx_word' id='word_1_566' title='bbox 2205 1290 2300 1342; x_wconf 85' lang='grc' dir='ltr'>τοῦ</span> <span class='ocrx_word' id='word_1_567' title='bbox 2350 1290 2516 1361; x_wconf 82' lang='grc' dir='ltr'>μηδὲν</span> <span class='ocrx_word' id='word_1_568' title='bbox 2561 1290 2709 1360; x_wconf 74' lang='grc' dir='ltr'>αὐτῷ</span> <span class='ocrx_word' id='word_1_569' title='bbox 2738 1294 3109 1362; x_wconf 87' lang='grc' dir='ltr'>προσήκοντος</span> <span class='ocrx_word' id='word_1_570' title='bbox 3155 1293 3476 1364; x_wconf 82' lang='grc' dir='ltr'>θεραπείας.</span> 
     </span>
    </p>
   </div>
   <div class='ocr_carea' id='block_1_78' title="bbox 1895 1368 3476 1446">
    <p class='ocr_par' dir='ltr' id='par_1_78' title="bbox 1895 1368 3476 1446">
     <span class='ocr_line' id='line_1_78' title="bbox 1895 1368 3476 1446; baseline 0.004 -23"><span class='ocrx_word' id='word_1_571' title='bbox 1895 1372 2003 1426; x_wconf 76' lang='grc' dir='ltr'>Καὶ</span> <span class='ocrx_word' id='word_1_572' title='bbox 2053 1373 2152 1424; x_wconf 75' lang='grc' dir='ltr'>οὐκ</span> <span class='ocrx_word' id='word_1_573' title='bbox 2197 1368 2317 1425; x_wconf 80' lang='grc' dir='ltr'>εἶπε</span> <span class='ocrx_word' id='word_1_574' title='bbox 2362 1373 2499 1443; x_wconf 82' lang='grc' dir='ltr'>πρὸς</span> <span class='ocrx_word' id='word_1_575' title='bbox 2548 1374 2771 1440; x_wconf 70' lang='grc' dir='ltr'>ἑαυτὸν,</span> <span class='ocrx_word' id='word_1_576' title='bbox 2811 1374 2875 1425; x_wconf 90' lang='grc' dir='ltr'>Τί</span> <span class='ocrx_word' id='word_1_577' title='bbox 2902 1374 2958 1427; x_wconf 89' lang='grc' dir='ltr'>δέ</span> <span class='ocrx_word' id='word_1_578' title='bbox 3011 1393 3100 1444; x_wconf 91' lang='grc' dir='ltr'>μοι</span> <span class='ocrx_word' id='word_1_579' title='bbox 3158 1376 3307 1445; x_wconf 86' lang='grc' dir='ltr'>μέλει</span> <span class='ocrx_word' id='word_1_580' title='bbox 3345 1378 3476 1446; x_wconf 81' lang='grc' dir='ltr'>περὶ</span> 
     </span>
    </p>
   </div>
   <div class='ocr_carea' id='block_1_79' title="bbox 1892 1454 3482 1530">
    <p class='ocr_par' dir='ltr' id='par_1_79' title="bbox 1892 1454 3482 1530">
     <span class='ocr_line' id='line_1_79' title="bbox 1892 1454 3482 1530; baseline 0.003 -25"><span class='ocrx_word' id='word_1_581' title='bbox 1892 1454 2110 1518; x_wconf 78' lang='grc' dir='ltr'>τούτους</span> <span class='ocrx_word' id='word_1_582' title='bbox 2169 1456 2520 1526; x_wconf 83' lang='grc' dir='ltr'>Σαμαρείτης</span> <span class='ocrx_word' id='word_1_583' title='bbox 2575 1458 2713 1526; x_wconf 74' lang='grc' dir='ltr'>εἰμὶ,</span> <span class='ocrx_word' id='word_1_584' title='bbox 2767 1457 2922 1510; x_wconf 83' lang='grc' dir='ltr'>οὐδὲν</span> <span class='ocrx_word' id='word_1_585' title='bbox 2972 1459 3154 1512; x_wconf 78' lang='grc' dir='ltr'>κοινὸν</span> <span class='ocrx_word' id='word_1_586' title='bbox 3189 1459 3297 1528; x_wconf 80' lang='grc' dir='ltr'>έχω</span> <span class='ocrx_word' id='word_1_587' title='bbox 3343 1459 3482 1530; x_wconf 84' lang='grc' dir='ltr'>πρὸς</span> 
     </span>
    </p>
   </div>
   <div class='ocr_carea' id='block_1_80' title="bbox 1891 1537 3482 1610">
    <p class='ocr_par' dir='ltr' id='par_1_80' title="bbox 1891 1537 3482 1610">
     <span class='ocr_line' id='line_1_80' title="bbox 1891 1537 3482 1610; baseline 0.001 -22"><span class='ocrx_word' id='word_1_588' title='bbox 1891 1537 2081 1589; x_wconf 72' lang='grc' dir='ltr'>αὐτόν·</span> <span class='ocrx_word' id='word_1_589' title='bbox 2121 1538 2312 1608; x_wconf 79' lang='grc' dir='ltr'>πόρρω</span> <span class='ocrx_word' id='word_1_590' title='bbox 2343 1538 2446 1607; x_wconf 78' lang='grc' dir='ltr'>τῆς</span> <span class='ocrx_word' id='word_1_591' title='bbox 2483 1538 2693 1601; x_wconf 82' lang='grc' dir='ltr'>πόλεώς</span> <span class='ocrx_word' id='word_1_592' title='bbox 2717 1541 2906 1608; x_wconf 81' lang='grc' dir='ltr'>ἐσμεν,</span> <span class='ocrx_word' id='word_1_593' title='bbox 2934 1541 3055 1592; x_wconf 70' lang='grc' dir='ltr'>οὐδὲ</span> <span class='ocrx_word' id='word_1_594' title='bbox 3082 1540 3295 1610; x_wconf 84' lang='grc' dir='ltr'>βαδίσαι</span> <span class='ocrx_word' id='word_1_595' title='bbox 3319 1541 3482 1594; x_wconf 67' lang='lat' dir='ltr'>86w.-</span> 
     </span>
    </p>
   </div>
   <div class='ocr_carea' id='block_1_81' title="bbox 1892 1622 3481 1695">
    <p class='ocr_par' dir='ltr' id='par_1_81' title="bbox 1892 1622 3481 1695">
     <span class='ocr_line' id='line_1_81' title="bbox 1892 1622 3481 1695; baseline 0.004 -23"><span class='ocrx_word' id='word_1_596' title='bbox 1892 1637 1998 1673; x_wconf 87' lang='grc' dir='ltr'>ται.</span> <span class='ocrx_word' id='word_1_597' title='bbox 2037 1622 2100 1673; x_wconf 90' lang='grc' dir='ltr'>Τί</span> <span class='ocrx_word' id='word_1_598' title='bbox 2126 1622 2201 1683; x_wconf 79' lang='grc' dir='ltr'>δὲ,</span> <span class='ocrx_word' id='word_1_599' title='bbox 2238 1622 2334 1676; x_wconf 80' lang='grc' dir='ltr'>ἐὰν</span> <span class='ocrx_word' id='word_1_600' title='bbox 2365 1623 2437 1692; x_wconf 81' lang='grc' dir='ltr'>μὴ</span> <span class='ocrx_word' id='word_1_601' title='bbox 2473 1623 2610 1692; x_wconf 77' lang='grc' dir='ltr'>πρὸς</span> <span class='ocrx_word' id='word_1_602' title='bbox 2641 1623 2701 1674; x_wconf 83' lang='grc' dir='ltr'>τὸ</span> <span class='ocrx_word' id='word_1_603' title='bbox 2735 1624 2912 1692; x_wconf 78' lang='grc' dir='ltr'>μῆκος</span> <span class='ocrx_word' id='word_1_604' title='bbox 2953 1625 3164 1695; x_wconf 82' lang='grc' dir='ltr'>ἀρκέσῃ</span> <span class='ocrx_word' id='word_1_605' title='bbox 3208 1626 3309 1695; x_wconf 81' lang='grc' dir='ltr'>τῆς</span> <span class='ocrx_word' id='word_1_606' title='bbox 3346 1625 3481 1678; x_wconf 71' lang='grc' dir='ltr'>ὁδοι-</span> 
     </span>
    </p>
   </div>
   <div class='ocr_carea' id='block_1_82' title="bbox 1893 1703 3480 1776">
    <p class='ocr_par' dir='ltr' id='par_1_82' title="bbox 1893 1703 3480 1776">
     <span class='ocr_line' id='line_1_82' title="bbox 1893 1703 3480 1776; baseline 0.003 -22"><span class='ocrx_word' id='word_1_607' title='bbox 1893 1703 2114 1773; x_wconf 86' lang='grc' dir='ltr'>πορίας,</span> <span class='ocrx_word' id='word_1_608' title='bbox 2157 1704 2339 1774; x_wconf 89' lang='grc' dir='ltr'>μέλλω</span> <span class='ocrx_word' id='word_1_609' title='bbox 2367 1707 2556 1776; x_wconf 78' lang='grc' dir='ltr'>νεκρὸν</span> <span class='ocrx_word' id='word_1_610' title='bbox 2585 1706 2977 1776; x_wconf 74' lang='grc' dir='ltr'>ἐπιφέρεσθαι,</span> <span class='ocrx_word' id='word_1_611' title='bbox 3032 1707 3208 1775; x_wconf 83' lang='grc' dir='ltr'>μέλλω</span> <span class='ocrx_word' id='word_1_612' title='bbox 3263 1710 3480 1776; x_wconf 78' lang='grc' dir='ltr'>σφαγῆς</span> 
     </span>
    </p>
   </div>
   <div class='ocr_carea' id='block_1_83' title="bbox 1893 1787 3478 1856">
    <p class='ocr_par' dir='ltr' id='par_1_83' title="bbox 1893 1787 3478 1856">
     <span class='ocr_line' id='line_1_83' title="bbox 1893 1787 3478 1856; baseline 0.002 -17"><span class='ocrx_word' id='word_1_613' title='bbox 1893 1787 2228 1851; x_wconf 82' lang='grc' dir='ltr'>ἁλίσκεσθαι,</span> <span class='ocrx_word' id='word_1_614' title='bbox 2265 1787 2444 1856; x_wconf 89' lang='grc' dir='ltr'>μέλλω</span> <span class='ocrx_word' id='word_1_615' title='bbox 2471 1787 2564 1840; x_wconf 87' lang='grc' dir='ltr'>τοῦ</span> <span class='ocrx_word' id='word_1_616' title='bbox 2618 1789 2778 1856; x_wconf 86' lang='grc' dir='ltr'>φόνου</span> <span class='ocrx_word' id='word_1_617' title='bbox 2835 1788 3134 1851; x_wconf 87' lang='grc' dir='ltr'>ὑπεύθυνος</span> <span class='ocrx_word' id='word_1_618' title='bbox 3167 1787 3338 1855; x_wconf 87' lang='grc' dir='ltr'>εἷναι;</span> <span class='ocrx_word' id='word_1_619' title='bbox 3369 1791 3478 1842; x_wconf 74' lang='grc' dir='ltr'>Καὶ</span> 
     </span>
    </p>
   </div>
   <div class='ocr_carea' id='block_1_84' title="bbox 1891 1871 3477 1944">
    <p class='ocr_par' dir='ltr' id='par_1_84' title="bbox 1891 1871 3477 1944">
     <span class='ocr_line' id='line_1_84' title="bbox 1891 1871 3477 1944; baseline 0.002 -21"><span class='ocrx_word' id='word_1_620' title='bbox 1891 1871 2000 1942; x_wconf 88' lang='grc' dir='ltr'>γὰρ</span> <span class='ocrx_word' id='word_1_621' title='bbox 2027 1871 2210 1924; x_wconf 73' lang='grc' dir='ltr'>πολλοὶ</span> <span class='ocrx_word' id='word_1_622' title='bbox 2238 1871 2502 1934; x_wconf 82' lang='grc' dir='ltr'>πολλάκις</span> <span class='ocrx_word' id='word_1_623' title='bbox 2566 1871 2854 1940; x_wconf 88' lang='grc' dir='ltr'>παριόντες</span> <span class='ocrx_word' id='word_1_624' title='bbox 2885 1873 2979 1924; x_wconf 75' lang='grc' dir='ltr'>καὶ</span> <span class='ocrx_word' id='word_1_625' title='bbox 3007 1872 3240 1941; x_wconf 90' lang='grc' dir='ltr'>ὁρῶντες</span> <span class='ocrx_word' id='word_1_626' title='bbox 3263 1873 3477 1944; x_wconf 77' lang='grc' dir='ltr'>ἀνθρώ-</span> 
     </span>
    </p>
   </div>
   <div class='ocr_carea' id='block_1_85' title="bbox 1893 1954 3480 2028">
    <p class='ocr_par' dir='ltr' id='par_1_85' title="bbox 1893 1954 3480 2028">
     <span class='ocr_line' id='line_1_85' title="bbox 1893 1954 3480 2028; baseline 0.002 -20"><span class='ocrx_word' id='word_1_627' title='bbox 1893 1973 2027 2018; x_wconf 85' lang='grc' dir='ltr'>πους</span> <span class='ocrx_word' id='word_1_628' title='bbox 2073 1955 2428 2024; x_wconf 86' lang='grc' dir='ltr'>πεπληγότας</span> <span class='ocrx_word' id='word_1_629' title='bbox 2477 1956 2570 2007; x_wconf 76' lang='grc' dir='ltr'>καὶ</span> <span class='ocrx_word' id='word_1_630' title='bbox 2603 1954 2954 2026; x_wconf 85' lang='grc' dir='ltr'>σπαίροντας,</span> <span class='ocrx_word' id='word_1_631' title='bbox 3001 1955 3090 2008; x_wconf 87' lang='grc' dir='ltr'>διά</span> <span class='ocrx_word' id='word_1_632' title='bbox 3112 1956 3272 2009; x_wconf 89' lang='grc' dir='ltr'>τοῦτο</span> <span class='ocrx_word' id='word_1_633' title='bbox 3307 1974 3480 2028; x_wconf 63' lang='lat' dir='ltr'><strong><em>napa-</em></strong></span> 
     </span>
    </p>
   </div>
   <div class='ocr_carea' id='block_1_86' title="bbox 1889 2038 3478 2111">
    <p class='ocr_par' dir='ltr' id='par_1_86' title="bbox 1889 2038 3478 2111">
     <span class='ocr_line' id='line_1_86' title="bbox 1889 2038 3478 2111; baseline 0.001 -20"><span class='ocrx_word' id='word_1_634' title='bbox 1889 2039 2195 2108; x_wconf 80' lang='grc' dir='ltr'>τρέχουσιν,</span> <span class='ocrx_word' id='word_1_635' title='bbox 2223 2040 2323 2095; x_wconf 83' lang='grc' dir='ltr'>οὐκ</span> <span class='ocrx_word' id='word_1_636' title='bbox 2351 2039 2638 2101; x_wconf 81' lang='grc' dir='ltr'>ὀκνοῦντες</span> <span class='ocrx_word' id='word_1_637' title='bbox 2677 2038 2986 2098; x_wconf 86' lang='grc' dir='ltr'>ἀνελέσθαι,</span> <span class='ocrx_word' id='word_1_638' title='bbox 3031 2040 3153 2092; x_wconf 84' lang='grc' dir='ltr'>οὐδὲ</span> <span class='ocrx_word' id='word_1_639' title='bbox 3178 2041 3478 2111; x_wconf 84' lang='grc' dir='ltr'>χρημάτων</span> 
     </span>
    </p>
   </div>
   <div class='ocr_carea' id='block_1_87' title="bbox 1892 2123 3477 2196">
    <p class='ocr_par' dir='ltr' id='par_1_87' title="bbox 1892 2123 3477 2196">
     <span class='ocr_line' id='line_1_87' title="bbox 1892 2123 3477 2196; baseline 0.002 -23"><span class='ocrx_word' id='word_1_640' title='bbox 1892 2123 2215 2191; x_wconf 83' lang='grc' dir='ltr'>φειδόμενοι,</span> <span class='ocrx_word' id='word_1_641' title='bbox 2250 2123 2388 2175; x_wconf 87' lang='grc' dir='ltr'>ἀλλά</span> <span class='ocrx_word' id='word_1_642' title='bbox 2406 2123 2725 2186; x_wconf 80' lang='grc' dir='ltr'>δεδοικότες,</span> <span class='ocrx_word' id='word_1_643' title='bbox 2761 2123 2836 2194; x_wconf 77' lang='grc' dir='ltr'>μὴ</span> <span class='ocrx_word' id='word_1_644' title='bbox 2871 2124 2965 2176; x_wconf 78' lang='grc' dir='ltr'>καὶ</span> <span class='ocrx_word' id='word_1_645' title='bbox 2999 2124 3154 2176; x_wconf 75' lang='grc' dir='ltr'>αὐτοὶ</span> <span class='ocrx_word' id='word_1_646' title='bbox 3202 2126 3281 2196; x_wconf 66' lang='grc' dir='ltr'>εἰς</span> <span class='ocrx_word' id='word_1_647' title='bbox 3325 2124 3477 2176; x_wconf 89' lang='grc' dir='ltr'>δικα-</span> 
     </span>
    </p>
   </div>
   <div class='ocr_carea' id='block_1_88' title="bbox 1892 2197 3477 2274">
    <p class='ocr_par' dir='ltr' id='par_1_88' title="bbox 1892 2197 3477 2274">
     <span class='ocr_line' id='line_1_88' title="bbox 1892 2197 3477 2274; baseline 0.001 -18"><span class='ocrx_word' id='word_1_648' title='bbox 1892 2206 2114 2274; x_wconf 86' lang='grc' dir='ltr'>στήριον</span> <span class='ocrx_word' id='word_1_649' title='bbox 2136 2205 2495 2267; x_wconf 82' lang='grc' dir='ltr'>ὲλκυσθῶσιν,</span> <span class='ocrx_word' id='word_1_650' title='bbox 2521 2205 2596 2267; x_wconf 85' lang='grc' dir='ltr'>ὡς</span> <span class='ocrx_word' id='word_1_651' title='bbox 2617 2207 2715 2274; x_wconf 87' lang='grc' dir='ltr'>τῆς</span> <span class='ocrx_word' id='word_1_652' title='bbox 2746 2206 2962 2274; x_wconf 76' lang='grc' dir='ltr'>σφαγῆς</span> <span class='ocrx_word' id='word_1_653' title='bbox 2991 2197 3304 2260; x_wconf 71' lang='grc' dir='ltr'>ὑπεύθυνοι.</span> <span class='ocrx_word' id='word_1_654' title='bbox 3336 2205 3477 2258; x_wconf 73' lang='grc' dir='ltr'>’Δλλ’</span> 
     </span>
    </p>
   </div>
   <div class='ocr_carea' id='block_1_89' title="bbox 1890 2287 3478 2359">
    <p class='ocr_par' dir='ltr' id='par_1_89' title="bbox 1890 2287 3478 2359">
     <span class='ocr_line' id='line_1_89' title="bbox 1890 2287 3478 2359; baseline 0.003 -22"><span class='ocrx_word' id='word_1_655' title='bbox 1890 2289 2094 2350; x_wconf 78' lang='grc' dir='ltr'>ἐκεῖνος</span> <span class='ocrx_word' id='word_1_656' title='bbox 2127 2288 2277 2339; x_wconf 78' lang='grc' dir='ltr'>οῦδὲν</span> <span class='ocrx_word' id='word_1_657' title='bbox 2300 2287 2505 2340; x_wconf 85' lang='grc' dir='ltr'>τούτων</span> <span class='ocrx_word' id='word_1_658' title='bbox 2527 2287 2732 2340; x_wconf 79' lang='grc' dir='ltr'>ἔδεισεν</span> <span class='ocrx_word' id='word_1_659' title='bbox 2759 2290 2786 2340; x_wconf 87' lang='grc' dir='ltr'>ὁ</span> <span class='ocrx_word' id='word_1_660' title='bbox 2815 2289 3022 2359; x_wconf 70' lang='grc' dir='ltr'>ἥμερος</span> <span class='ocrx_word' id='word_1_661' title='bbox 3049 2291 3145 2342; x_wconf 70' lang='grc' dir='ltr'>καὶ</span> <span class='ocrx_word' id='word_1_662' title='bbox 3173 2289 3478 2359; x_wconf 78' lang='grc' dir='ltr'>φιλάνθρωο</span> 
     </span>
    </p>
   </div>
   <div class='ocr_carea' id='block_1_90' title="bbox 1892 2369 3477 2441">
    <p class='ocr_par' dir='ltr' id='par_1_90' title="bbox 1892 2369 3477 2441">
     <span class='ocr_line' id='line_1_90' title="bbox 1892 2369 3477 2441; baseline 0.003 -21"><span class='ocrx_word' id='word_1_663' title='bbox 1892 2387 2012 2432; x_wconf 85' lang='grc' dir='ltr'>πος,</span> <span class='ocrx_word' id='word_1_664' title='bbox 2043 2369 2180 2422; x_wconf 84' lang='grc' dir='ltr'>ἀλλά</span> <span class='ocrx_word' id='word_1_665' title='bbox 2210 2370 2381 2422; x_wconf 87' lang='grc' dir='ltr'>ταῦτα</span> <span class='ocrx_word' id='word_1_666' title='bbox 2416 2371 2595 2426; x_wconf 90' lang='grc' dir='ltr'>πάντα</span> <span class='ocrx_word' id='word_1_667' title='bbox 2628 2371 2899 2441; x_wconf 84' lang='grc' dir='ltr'>ὑπεριδὼν</span> <span class='ocrx_word' id='word_1_668' title='bbox 2948 2371 3219 2441; x_wconf 79' lang='grc' dir='ltr'>ἐπέθηκεν</span> <span class='ocrx_word' id='word_1_669' title='bbox 3259 2373 3351 2423; x_wconf 79' lang='grc' dir='ltr'>ἐπί</span> <span class='ocrx_word' id='word_1_670' title='bbox 3384 2370 3477 2425; x_wconf 74' lang='grc' dir='ltr'>τὸν</span> 
     </span>
    </p>
   </div>
   <div class='ocr_carea' id='block_1_91' title="bbox 1888 2453 3475 2523">
    <p class='ocr_par' dir='ltr' id='par_1_91' title="bbox 1888 2453 3475 2523">
     <span class='ocr_line' id='line_1_91' title="bbox 1888 2453 3475 2523; baseline 0.003 -19"><span class='ocrx_word' id='word_1_671' title='bbox 1888 2453 2025 2514; x_wconf 72' lang='grc' dir='ltr'>δνον,</span> <span class='ocrx_word' id='word_1_672' title='bbox 2063 2453 2156 2505; x_wconf 76' lang='grc' dir='ltr'>καὶ</span> <span class='ocrx_word' id='word_1_673' title='bbox 2187 2457 2266 2517; x_wconf 78' lang='grc' dir='ltr'>εἰς</span> <span class='ocrx_word' id='word_1_674' title='bbox 2295 2454 2610 2523; x_wconf 83' lang='grc' dir='ltr'>πανδοχεῖον</span> <span class='ocrx_word' id='word_1_675' title='bbox 2640 2457 2876 2523; x_wconf 72' lang='grc' dir='ltr'>ἤγαγεν·</span> <span class='ocrx_word' id='word_1_676' title='bbox 2913 2455 3064 2508; x_wconf 67' lang='grc' dir='ltr'>οὐδὲν</span> <span class='ocrx_word' id='word_1_677' title='bbox 3094 2456 3299 2508; x_wconf 84' lang='grc' dir='ltr'>τούτων</span> <span class='ocrx_word' id='word_1_678' title='bbox 3326 2455 3475 2508; x_wconf 85' lang='grc' dir='ltr'>ὑπεί-</span> 
     </span>
    </p>
   </div>
   <div class='ocr_carea' id='block_1_92' title="bbox 1887 2536 3476 2609">
    <p class='ocr_par' dir='ltr' id='par_1_92' title="bbox 1887 2536 3476 2609">
     <span class='ocr_line' id='line_1_92' title="bbox 1887 2536 3476 2609; baseline 0.002 -21"><span class='ocrx_word' id='word_1_679' title='bbox 1887 2536 2030 2598; x_wconf 90' lang='grc' dir='ltr'>δετο,</span> <span class='ocrx_word' id='word_1_680' title='bbox 2057 2538 2118 2588; x_wconf 87' lang='lat'>06</span> <span class='ocrx_word' id='word_1_681' title='bbox 2152 2537 2420 2598; x_wconf 85' lang='grc' dir='ltr'>κίνδυνον,</span> <span class='ocrx_word' id='word_1_682' title='bbox 2475 2540 2535 2591; x_wconf 84' lang='grc' dir='ltr'>ού</span> <span class='ocrx_word' id='word_1_683' title='bbox 2577 2540 2877 2609; x_wconf 86' lang='grc' dir='ltr'>χρημάτων</span> <span class='ocrx_word' id='word_1_684' title='bbox 2918 2540 3188 2607; x_wconf 80' lang='grc' dir='ltr'>δαπάνην,</span> <span class='ocrx_word' id='word_1_685' title='bbox 3216 2540 3317 2592; x_wconf 78' lang='grc' dir='ltr'>οὐκ</span> <span class='ocrx_word' id='word_1_686' title='bbox 3348 2539 3476 2594; x_wconf 79' lang='grc' dir='ltr'>ἄλλο</span> 
     </span>
    </p>
   </div>
   <div class='ocr_carea' id='block_1_93' title="bbox 1887 2619 3476 2692">
    <p class='ocr_par' dir='ltr' id='par_1_93' title="bbox 1887 2619 3476 2692">
     <span class='ocr_line' id='line_1_93' title="bbox 1887 2619 3476 2692; baseline 0.003 -23"><span class='ocrx_word' id='word_1_687' title='bbox 1887 2619 2060 2671; x_wconf 78' lang='grc' dir='ltr'>οὐδέν.</span> <span class='ocrx_word' id='word_1_688' title='bbox 2095 2620 2157 2671; x_wconf 67' lang='lat' dir='ltr'>Et</span> <span class='ocrx_word' id='word_1_689' title='bbox 2208 2621 2263 2672; x_wconf 71' lang='grc' dir='ltr'>δὲ</span> <span class='ocrx_word' id='word_1_690' title='bbox 2297 2623 2325 2673; x_wconf 88' lang='grc' dir='ltr'>ό</span> <span class='ocrx_word' id='word_1_691' title='bbox 2361 2622 2707 2692; x_wconf 86' lang='grc' dir='ltr'>Σαμαρείτης</span> <span class='ocrx_word' id='word_1_692' title='bbox 2759 2622 2899 2678; x_wconf 70' lang='grc' dir='ltr'>οὕτω</span> <span class='ocrx_word' id='word_1_693' title='bbox 2955 2622 3334 2692; x_wconf 85' lang='grc' dir='ltr'>φιλάνθρωπος</span> <span class='ocrx_word' id='word_1_694' title='bbox 3382 2623 3476 2674; x_wconf 80' lang='grc' dir='ltr'>καὶ</span> 
     </span>
    </p>
   </div>
   <div class='ocr_carea' id='block_1_94' title="bbox 1885 2701 3474 2776">
    <p class='ocr_par' dir='ltr' id='par_1_94' title="bbox 1885 2701 3474 2776">
     <span class='ocr_line' id='line_1_94' title="bbox 1885 2701 3474 2776; baseline 0.002 -24"><span class='ocrx_word' id='word_1_695' title='bbox 1885 2701 2093 2770; x_wconf 73' lang='grc' dir='ltr'>ἥμερος</span> <span class='ocrx_word' id='word_1_696' title='bbox 2149 2703 2340 2772; x_wconf 84' lang='grc' dir='ltr'>γέγονε</span> <span class='ocrx_word' id='word_1_697' title='bbox 2397 2705 2528 2775; x_wconf 71' lang='grc' dir='ltr'>περὶ</span> <span class='ocrx_word' id='word_1_698' title='bbox 2578 2705 2864 2776; x_wconf 80' lang='grc' dir='ltr'>ἄνθρωπον</span> <span class='ocrx_word' id='word_1_699' title='bbox 2915 2706 3215 2772; x_wconf 76' lang='grc' dir='ltr'>ἄγνωστον,</span> <span class='ocrx_word' id='word_1_700' title='bbox 3257 2705 3378 2756; x_wconf 88' lang='grc' dir='ltr'>τίνα</span> <span class='ocrx_word' id='word_1_701' title='bbox 3408 2703 3474 2757; x_wconf 66' lang='grc' dir='ltr'>ἄν</span> 
     </span>
    </p>
   </div>
   <div class='ocr_carea' id='block_1_95' title="bbox 1885 2784 3471 2858">
    <p class='ocr_par' dir='ltr' id='par_1_95' title="bbox 1885 2784 3471 2858">
     <span class='ocr_line' id='line_1_95' title="bbox 1885 2784 3471 2858; baseline 0.001 -23"><span class='ocrx_word' id='word_1_702' title='bbox 1885 2784 2104 2856; x_wconf 78' lang='grc' dir='ltr'>ἔχοιμεν</span> <span class='ocrx_word' id='word_1_703' title='bbox 2135 2787 2464 2856; x_wconf 82' lang='grc' dir='ltr'>συγγνώμην</span> <span class='ocrx_word' id='word_1_704' title='bbox 2497 2790 2678 2858; x_wconf 74' lang='grc' dir='ltr'>ἡμεῖς,</span> <span class='ocrx_word' id='word_1_705' title='bbox 2709 2789 2816 2842; x_wconf 87' lang='grc' dir='ltr'>τῶν</span> <span class='ocrx_word' id='word_1_706' title='bbox 2840 2789 3085 2858; x_wconf 75' lang='grc' dir='ltr'>ἀδελφῶν</span> <span class='ocrx_word' id='word_1_707' title='bbox 3122 2789 3226 2841; x_wconf 78' lang='grc' dir='ltr'>τῶν</span> <span class='ocrx_word' id='word_1_708' title='bbox 3255 2785 3471 2841; x_wconf 86' lang='grc' dir='ltr'>οἰκείων</span> 
     </span>
    </p>
   </div>
   <div class='ocr_carea' id='block_1_96' title="bbox 1885 2865 3475 2940">
    <p class='ocr_par' dir='ltr' id='par_1_96' title="bbox 1885 2865 3475 2940">
     <span class='ocr_line' id='line_1_96' title="bbox 1885 2865 3475 2940; baseline 0.002 -21"><span class='ocrx_word' id='word_1_709' title='bbox 1885 2867 2214 2934; x_wconf 81' lang='grc' dir='ltr'>ἀμελοῦντες</span> <span class='ocrx_word' id='word_1_710' title='bbox 2246 2871 2339 2921; x_wconf 77' lang='grc' dir='ltr'>ἐπὶ</span> <span class='ocrx_word' id='word_1_711' title='bbox 2369 2870 2580 2940; x_wconf 78' lang='grc' dir='ltr'>μείζοσι</span> <span class='ocrx_word' id='word_1_712' title='bbox 2611 2873 2829 2934; x_wconf 84' lang='grc' dir='ltr'>κακοῖς;</span> <span class='ocrx_word' id='word_1_713' title='bbox 2859 2873 2968 2924; x_wconf 73' lang='grc' dir='ltr'>Καὶ</span> <span class='ocrx_word' id='word_1_714' title='bbox 2999 2871 3107 2940; x_wconf 81' lang='grc' dir='ltr'>γὰρ</span> <span class='ocrx_word' id='word_1_715' title='bbox 3141 2870 3235 2923; x_wconf 74' lang='grc' dir='ltr'>καὶ</span> <span class='ocrx_word' id='word_1_716' title='bbox 3257 2865 3400 2923; x_wconf 77' lang='grc' dir='ltr'>οῦτοι</span> <span class='ocrx_word' id='word_1_717' title='bbox 3425 2870 3475 2922; x_wconf 84' lang='grc' dir='ltr'>οί</span> 
     </span>
    </p>
   </div>
   <div class='ocr_carea' id='block_1_97' title="bbox 1884 2949 3472 3022">
    <p class='ocr_par' dir='ltr' id='par_1_97' title="bbox 1884 2949 3472 3022">
     <span class='ocr_line' id='line_1_97' title="bbox 1884 2949 3472 3022; baseline 0.003 -22"><span class='ocrx_word' id='word_1_718' title='bbox 1884 2949 1978 3001; x_wconf 86' lang='grc' dir='ltr'>νῦν</span> <span class='ocrx_word' id='word_1_719' title='bbox 2004 2950 2398 3019; x_wconf 86' lang='grc' dir='ltr'>νηστεύσαντες</span> <span class='ocrx_word' id='word_1_720' title='bbox 2440 2952 2661 3022; x_wconf 78' lang='grc' dir='ltr'>λῃσταῖς</span> <span class='ocrx_word' id='word_1_721' title='bbox 2681 2954 3006 3022; x_wconf 85' lang='grc' dir='ltr'>περιέπεσον</span> <span class='ocrx_word' id='word_1_722' title='bbox 3029 2957 3142 3016; x_wconf 80' lang='grc' dir='ltr'>τοῖς</span> <span class='ocrx_word' id='word_1_723' title='bbox 3178 2953 3472 3014; x_wconf 81' lang='grc' dir='ltr'>Ἰουδαίοις,</span> 
     </span>
    </p>
   </div>
   <div class='ocr_carea' id='block_1_98' title="bbox 1886 3033 3473 3106">
    <p class='ocr_par' dir='ltr' id='par_1_98' title="bbox 1886 3033 3473 3106">
     <span class='ocr_line' id='line_1_98' title="bbox 1886 3033 3473 3106; baseline -0.001 -20"><span class='ocrx_word' id='word_1_724' title='bbox 1886 3033 2086 3101; x_wconf 81' lang='grc' dir='ltr'>μᾶλλον</span> <span class='ocrx_word' id='word_1_725' title='bbox 2118 3034 2175 3086; x_wconf 80' lang='grc' dir='ltr'>δὲ</span> <span class='ocrx_word' id='word_1_726' title='bbox 2222 3034 2437 3106; x_wconf 83' lang='grc' dir='ltr'>λῃστῶν</span> <span class='ocrx_word' id='word_1_727' title='bbox 2465 3036 2724 3088; x_wconf 89' lang='grc' dir='ltr'>ἁπάντων</span> <span class='ocrx_word' id='word_1_728' title='bbox 2771 3036 3198 3106; x_wconf 86' lang='grc' dir='ltr'>χαλεπωτέροις,</span> <span class='ocrx_word' id='word_1_729' title='bbox 3236 3037 3332 3088; x_wconf 76' lang='grc' dir='ltr'>καὶ</span> <span class='ocrx_word' id='word_1_730' title='bbox 3363 3035 3473 3106; x_wconf 87' lang='grc' dir='ltr'>μεί-</span> 
     </span>
    </p>
   </div>
   <div class='ocr_carea' id='block_1_99' title="bbox 1883 3117 3472 3189">
    <p class='ocr_par' dir='ltr' id='par_1_99' title="bbox 1883 3117 3472 3189">
     <span class='ocr_line' id='line_1_99' title="bbox 1883 3117 3472 3189; baseline 0.001 -21"><span class='ocrx_word' id='word_1_731' title='bbox 1883 3117 2010 3180; x_wconf 83' lang='grc' dir='ltr'>ζονα</span> <span class='ocrx_word' id='word_1_732' title='bbox 2060 3120 2190 3180; x_wconf 78' lang='grc' dir='ltr'>τοὺς</span> <span class='ocrx_word' id='word_1_733' title='bbox 2253 3119 2334 3181; x_wconf 83' lang='grc' dir='ltr'>είς</span> <span class='ocrx_word' id='word_1_734' title='bbox 2387 3119 2586 3181; x_wconf 84' lang='grc' dir='ltr'>αὐτοὺς</span> <span class='ocrx_word' id='word_1_735' title='bbox 2635 3119 3012 3186; x_wconf 77' lang='grc' dir='ltr'>ἐμπίπτοντας</span> <span class='ocrx_word' id='word_1_736' title='bbox 3078 3119 3472 3189; x_wconf 68' lang='grc' dir='ltr'>ἐργαζομένοις</span> 
     </span>
    </p>
   </div>
   <div class='ocr_carea' id='block_1_100' title="bbox 1881 3200 3471 3274">
    <p class='ocr_par' dir='ltr' id='par_1_100' title="bbox 1881 3200 3471 3274">
     <span class='ocr_line' id='line_1_100' title="bbox 1881 3200 3471 3274; baseline 0.003 -24"><span class='ocrx_word' id='word_1_737' title='bbox 1881 3201 2045 3252; x_wconf 87' lang='grc' dir='ltr'>κακά.</span> <span class='ocrx_word' id='word_1_738' title='bbox 2077 3201 2152 3251; x_wconf 87' lang='grc' dir='ltr'>Οὐ</span> <span class='ocrx_word' id='word_1_739' title='bbox 2185 3200 2293 3270; x_wconf 86' lang='grc' dir='ltr'>γάρ</span> <span class='ocrx_word' id='word_1_740' title='bbox 2343 3203 2412 3253; x_wconf 88' lang='grc' dir='ltr'>τά</span> <span class='ocrx_word' id='word_1_741' title='bbox 2469 3202 2663 3270; x_wconf 82' lang='grc' dir='ltr'>ίμὰτια</span> <span class='ocrx_word' id='word_1_742' title='bbox 2697 3202 2876 3254; x_wconf 79' lang='grc' dir='ltr'>αὐτῶν</span> <span class='ocrx_word' id='word_1_743' title='bbox 2910 3203 3306 3274; x_wconf 76' lang='grc' dir='ltr'>περιέρῤηξαν,</span> <span class='ocrx_word' id='word_1_744' title='bbox 3347 3200 3471 3255; x_wconf 81' lang='grc' dir='ltr'>οὐδὲ</span> 
     </span>
    </p>
   </div>
   <div class='ocr_carea' id='block_1_101' title="bbox 1877 3279 3468 3355">
    <p class='ocr_par' dir='ltr' id='par_1_101' title="bbox 1877 3279 3468 3355">
     <span class='ocr_line' id='line_1_101' title="bbox 1877 3279 3468 3355; baseline 0.004 -25"><span class='ocrx_word' id='word_1_745' title='bbox 1877 3280 1957 3349; x_wconf 79' lang='grc' dir='ltr'>τῷ</span> <span class='ocrx_word' id='word_1_746' title='bbox 1985 3279 2195 3350; x_wconf 82' lang='grc' dir='ltr'>σώματι</span> <span class='ocrx_word' id='word_1_747' title='bbox 2227 3281 2442 3352; x_wconf 83' lang='grc' dir='ltr'>πληγάς</span> <span class='ocrx_word' id='word_1_748' title='bbox 2475 3283 2776 3352; x_wconf 81' lang='grc' dir='ltr'>ἐπήγαγον,</span> <span class='ocrx_word' id='word_1_749' title='bbox 2797 3284 3052 3355; x_wconf 86' lang='grc' dir='ltr'>καθάπερ</span> <span class='ocrx_word' id='word_1_750' title='bbox 3078 3287 3278 3338; x_wconf 77' lang='grc' dir='ltr'>ἐκεῖνοι</span> <span class='ocrx_word' id='word_1_751' title='bbox 3323 3284 3468 3346; x_wconf 85' lang='grc' dir='ltr'>τότε,</span> 
     </span>
    </p>
   </div>
   <div class='ocr_carea' id='block_1_102' title="bbox 1879 3363 3471 3438">
    <p class='ocr_par' dir='ltr' id='par_1_102' title="bbox 1879 3363 3471 3438">
     <span class='ocr_line' id='line_1_102' title="bbox 1879 3363 3471 3438; baseline 0.003 -23"><span class='ocrx_word' id='word_1_752' title='bbox 1879 3363 2014 3416; x_wconf 88' lang='grc' dir='ltr'>ἀλλά</span> <span class='ocrx_word' id='word_1_753' title='bbox 2037 3364 2134 3435; x_wconf 81' lang='grc' dir='ltr'>τὴν</span> <span class='ocrx_word' id='word_1_754' title='bbox 2158 3364 2333 3435; x_wconf 78' lang='grc' dir='ltr'>ψυχὴν</span> <span class='ocrx_word' id='word_1_755' title='bbox 2368 3367 2740 3435; x_wconf 86' lang='grc' dir='ltr'>κατέτρωσαν,</span> <span class='ocrx_word' id='word_1_756' title='bbox 2774 3368 2869 3421; x_wconf 68' lang='grc' dir='ltr'>καὶ</span> <span class='ocrx_word' id='word_1_757' title='bbox 2901 3368 3069 3438; x_wconf 90' lang='grc' dir='ltr'>μυρία</span> <span class='ocrx_word' id='word_1_758' title='bbox 3112 3368 3248 3438; x_wconf 78' lang='grc' dir='ltr'>αὐτῇ</span> <span class='ocrx_word' id='word_1_759' title='bbox 3305 3366 3471 3436; x_wconf 84' lang='grc' dir='ltr'>τραύ-</span> 
     </span>
    </p>
   </div>
   <div class='ocr_carea' id='block_1_103' title="bbox 1883 3446 3470 3521">
    <p class='ocr_par' dir='ltr' id='par_1_103' title="bbox 1883 3446 3470 3521">
     <span class='ocr_line' id='line_1_103' title="bbox 1883 3446 3470 3521; baseline 0 -21"><span class='ocrx_word' id='word_1_760' title='bbox 1883 3463 2029 3516; x_wconf 85' lang='grc' dir='ltr'>ματα</span> <span class='ocrx_word' id='word_1_761' title='bbox 2057 3447 2259 3512; x_wconf 87' lang='grc' dir='ltr'>δόντες,</span> <span class='ocrx_word' id='word_1_762' title='bbox 2296 3446 2473 3510; x_wconf 74' lang='grc' dir='ltr'>οὕτως</span> <span class='ocrx_word' id='word_1_763' title='bbox 2499 3449 2764 3518; x_wconf 87' lang='grc' dir='ltr'>ἀπῆλθον,</span> <span class='ocrx_word' id='word_1_764' title='bbox 2815 3451 3046 3521; x_wconf 80' lang='grc' dir='ltr'>ἀφέντες</span> <span class='ocrx_word' id='word_1_765' title='bbox 3078 3453 3134 3503; x_wconf 79' lang='grc' dir='ltr'>ἐν</span> <span class='ocrx_word' id='word_1_766' title='bbox 3171 3450 3246 3521; x_wconf 82' lang='grc' dir='ltr'>τῷ</span> <span class='ocrx_word' id='word_1_767' title='bbox 3279 3450 3470 3520; x_wconf 82' lang='grc' dir='ltr'>λάκκῳ</span> 
     </span>
    </p>
   </div>
   <div class='ocr_carea' id='block_1_104' title="bbox 1876 3529 2608 3600">
    <p class='ocr_par' dir='ltr' id='par_1_104' title="bbox 1876 3529 2608 3600">
     <span class='ocr_line' id='line_1_104' title="bbox 1876 3529 2608 3600; baseline 0.001 -18"><span class='ocrx_word' id='word_1_768' title='bbox 1876 3529 1975 3600; x_wconf 84' lang='grc' dir='ltr'>τῆς</span> <span class='ocrx_word' id='word_1_769' title='bbox 2002 3530 2256 3594; x_wconf 80' lang='grc' dir='ltr'>ἀσεϐείας</span> <span class='ocrx_word' id='word_1_770' title='bbox 2297 3531 2608 3600; x_wconf 85' lang='grc' dir='ltr'>κειμένους.</span> 
     </span>
    </p>
   </div>
   <div class='ocr_carea' id='block_1_105' title="bbox 1943 3696 3467 3772">
    <p class='ocr_par' dir='ltr' id='par_1_105' title="bbox 1943 3696 3467 3772">
     <span class='ocr_line' id='line_1_105' title="bbox 1943 3696 3467 3772; baseline 0.004 -23"><span class='ocrx_word' id='word_1_771' title='bbox 1943 3697 1984 3749; x_wconf 86' lang='grc' dir='ltr'>δ’</span> <span class='ocrx_word' id='word_1_772' title='bbox 2035 3697 2126 3766; x_wconf 83' lang='grc' dir='ltr'>Μὴ</span> <span class='ocrx_word' id='word_1_773' title='bbox 2155 3696 2219 3767; x_wconf 83' lang='grc' dir='ltr'>δὴ</span> <span class='ocrx_word' id='word_1_774' title='bbox 2239 3696 2553 3768; x_wconf 79' lang='grc' dir='ltr'>παρίδωμεν</span> <span class='ocrx_word' id='word_1_775' title='bbox 2580 3697 2887 3768; x_wconf 76' lang='grc' dir='ltr'>τραγῳδίαν</span> <span class='ocrx_word' id='word_1_776' title='bbox 2909 3698 3184 3768; x_wconf 87' lang='grc' dir='ltr'>τοιαύτην,</span> <span class='ocrx_word' id='word_1_777' title='bbox 3208 3699 3343 3772; x_wconf 83' lang='grc' dir='ltr'>μηδὲ</span> <span class='ocrx_word' id='word_1_778' title='bbox 3361 3715 3467 3755; x_wconf 79' lang='grc' dir='ltr'>πα-</span> 
     </span>
    </p>
   </div>
   <div class='ocr_carea' id='block_1_106' title="bbox 1874 3779 3466 3850">
    <p class='ocr_par' dir='ltr' id='par_1_106' title="bbox 1874 3779 3466 3850">
     <span class='ocr_line' id='line_1_106' title="bbox 1874 3779 3466 3850; baseline 0.001 -16"><span class='ocrx_word' id='word_1_779' title='bbox 1874 3780 2243 3850; x_wconf 85' lang='grc' dir='ltr'>ραδράμωμεν</span> <span class='ocrx_word' id='word_1_780' title='bbox 2272 3779 2516 3849; x_wconf 81' lang='grc' dir='ltr'>ἀνηλεῶς</span> <span class='ocrx_word' id='word_1_781' title='bbox 2541 3781 2684 3836; x_wconf 75' lang='grc' dir='ltr'>οὕτω</span> <span class='ocrx_word' id='word_1_782' title='bbox 2715 3781 2896 3850; x_wconf 83' lang='grc' dir='ltr'>θέαμα</span> <span class='ocrx_word' id='word_1_783' title='bbox 2924 3781 3175 3846; x_wconf 81' lang='grc' dir='ltr'>ἐλεεινὸν,</span> <span class='ocrx_word' id='word_1_784' title='bbox 3205 3783 3340 3835; x_wconf 86' lang='grc' dir='ltr'>ἀλλά</span> <span class='ocrx_word' id='word_1_785' title='bbox 3362 3783 3466 3837; x_wconf 74' lang='grc' dir='ltr'>κᾶν</span> 
     </span>
    </p>
   </div>
   <div class='ocr_carea' id='block_1_107' title="bbox 1876 3863 3466 3938">
    <p class='ocr_par' dir='ltr' id='par_1_107' title="bbox 1876 3863 3466 3938">
     <span class='ocr_line' id='line_1_107' title="bbox 1876 3863 3466 3938; baseline 0.002 -22"><span class='ocrx_word' id='word_1_786' title='bbox 1876 3864 2051 3933; x_wconf 74' lang='grc' dir='ltr'>ἕτεροι</span> <span class='ocrx_word' id='word_1_787' title='bbox 2085 3863 2242 3914; x_wconf 88' lang='grc' dir='ltr'>τοῦτο</span> <span class='ocrx_word' id='word_1_788' title='bbox 2277 3863 2490 3920; x_wconf 84' lang='grc' dir='ltr'>ποιῶσι.</span> <span class='ocrx_word' id='word_1_789' title='bbox 2531 3864 2595 3916; x_wconf 84' lang='grc' dir='ltr'>σὺ</span> <span class='ocrx_word' id='word_1_790' title='bbox 2624 3863 2698 3932; x_wconf 84' lang='grc' dir='ltr'>μὴ</span> <span class='ocrx_word' id='word_1_791' title='bbox 2727 3865 2989 3935; x_wconf 82' lang='grc' dir='ltr'>ποιήσῃς’</span> <span class='ocrx_word' id='word_1_792' title='bbox 3031 3866 3104 3936; x_wconf 83' lang='grc' dir='ltr'>μὴ</span> <span class='ocrx_word' id='word_1_793' title='bbox 3135 3866 3296 3938; x_wconf 84' lang='grc' dir='ltr'>εῐπῃς</span> <span class='ocrx_word' id='word_1_794' title='bbox 3326 3867 3466 3937; x_wconf 77' lang='grc' dir='ltr'>πρὸς</span> 
     </span>
    </p>
   </div>
   <div class='ocr_carea' id='block_1_108' title="bbox 1878 3944 3459 4016">
    <p class='ocr_par' dir='ltr' id='par_1_108' title="bbox 1878 3944 3459 4016">
     <span class='ocr_line' id='line_1_108' title="bbox 1878 3944 3459 4016; baseline 0.003 -20"><span class='ocrx_word' id='word_1_795' title='bbox 1878 3945 2122 4008; x_wconf 73' lang='grc' dir='ltr'>σεαυτὸν,</span> <span class='ocrx_word' id='word_1_796' title='bbox 2153 3944 2424 4014; x_wconf 79' lang='grc' dir='ltr'>Κοσμικός</span> <span class='ocrx_word' id='word_1_797' title='bbox 2456 3947 2572 4014; x_wconf 89' lang='grc' dir='ltr'>είμι</span> <span class='ocrx_word' id='word_1_798' title='bbox 2602 3945 2762 4016; x_wconf 82' lang='grc' dir='ltr'>ἀνὴρ,</span> <span class='ocrx_word' id='word_1_799' title='bbox 2788 3949 3021 4013; x_wconf 90' lang='grc' dir='ltr'>γυναῖκα</span> <span class='ocrx_word' id='word_1_800' title='bbox 3063 3947 3171 4016; x_wconf 75' lang='grc' dir='ltr'>ἔχω</span> <span class='ocrx_word' id='word_1_801' title='bbox 3202 3949 3296 4000; x_wconf 77' lang='grc' dir='ltr'>καὶ</span> <span class='ocrx_word' id='word_1_802' title='bbox 3338 3950 3459 4001; x_wconf 80' lang='grc' dir='ltr'>παῖ-</span> 
     </span>
    </p>
   </div>
   <div class='ocr_carea' id='block_1_109' title="bbox 1875 4026 3459 4099">
    <p class='ocr_par' dir='ltr' id='par_1_109' title="bbox 1875 4026 3459 4099">
     <span class='ocr_line' id='line_1_109' title="bbox 1875 4026 3459 4099; baseline 0.002 -19"><span class='ocrx_word' id='word_1_803' title='bbox 1875 4030 2007 4089; x_wconf 85' lang='grc' dir='ltr'>δας,</span> <span class='ocrx_word' id='word_1_804' title='bbox 2053 4029 2228 4078; x_wconf 78' lang='grc' dir='ltr'>ταῦτα</span> <span class='ocrx_word' id='word_1_805' title='bbox 2260 4029 2368 4078; x_wconf 83' lang='grc' dir='ltr'>τῶν</span> <span class='ocrx_word' id='word_1_806' title='bbox 2410 4029 2600 4096; x_wconf 80' lang='grc' dir='ltr'>ἱερέων</span> <span class='ocrx_word' id='word_1_807' title='bbox 2638 4029 2791 4089; x_wconf 76' lang='grc' dir='ltr'>ἐστὶ,</span> <span class='ocrx_word' id='word_1_808' title='bbox 2832 4026 3006 4080; x_wconf 88' lang='grc' dir='ltr'>ταῦτα</span> <span class='ocrx_word' id='word_1_809' title='bbox 3049 4028 3158 4081; x_wconf 86' lang='grc' dir='ltr'>τῶν</span> <span class='ocrx_word' id='word_1_810' title='bbox 3188 4030 3459 4099; x_wconf 88' lang='grc' dir='ltr'>μοναχῶν.</span> 
     </span>
    </p>
   </div>
   <div class='ocr_carea' id='block_1_110' title="bbox 1875 4105 3461 4180">
    <p class='ocr_par' dir='ltr' id='par_1_110' title="bbox 1875 4105 3461 4180">
     <span class='ocr_line' id='line_1_110' title="bbox 1875 4105 3461 4180; baseline 0.002 -19"><span class='ocrx_word' id='word_1_811' title='bbox 1875 4109 2008 4161; x_wconf 78' lang='grc' dir='ltr'>Οὐδὲ</span> <span class='ocrx_word' id='word_1_812' title='bbox 2035 4108 2142 4178; x_wconf 79' lang='grc' dir='ltr'>γάρ</span> <span class='ocrx_word' id='word_1_813' title='bbox 2171 4111 2199 4160; x_wconf 85' lang='grc' dir='ltr'>ό</span> <span class='ocrx_word' id='word_1_814' title='bbox 2233 4109 2578 4180; x_wconf 84' lang='grc' dir='ltr'>Σαμαρείτης</span> <span class='ocrx_word' id='word_1_815' title='bbox 2605 4111 2812 4172; x_wconf 74' lang='grc' dir='ltr'>ἐκεῖνος</span> <span class='ocrx_word' id='word_1_816' title='bbox 2849 4108 3023 4162; x_wconf 87' lang='grc' dir='ltr'>ταῦτα</span> <span class='ocrx_word' id='word_1_817' title='bbox 3050 4105 3191 4162; x_wconf 87' lang='grc' dir='ltr'>εἷπε.</span> <span class='ocrx_word' id='word_1_818' title='bbox 3227 4110 3335 4164; x_wconf 86' lang='grc' dir='ltr'>Ποῦ</span> <span class='ocrx_word' id='word_1_819' title='bbox 3367 4111 3461 4164; x_wconf 88' lang='grc' dir='ltr'>νῦν</span> 
     </span>
    </p>
   </div>
   <div class='ocr_carea' id='block_1_111' title="bbox 1875 4189 3458 4262">
    <p class='ocr_par' dir='ltr' id='par_1_111' title="bbox 1875 4189 3458 4262">
     <span class='ocr_line' id='line_1_111' title="bbox 1875 4189 3458 4262; baseline 0.002 -19"><span class='ocrx_word' id='word_1_820' title='bbox 1875 4194 1924 4243; x_wconf 82' lang='grc' dir='ltr'>οί</span> <span class='ocrx_word' id='word_1_821' title='bbox 1954 4192 2153 4262; x_wconf 85' lang='grc' dir='ltr'>ίερεῖς;</span> <span class='ocrx_word' id='word_1_822' title='bbox 2199 4190 2303 4243; x_wconf 87' lang='grc' dir='ltr'>ποῦ</span> <span class='ocrx_word' id='word_1_823' title='bbox 2343 4191 2436 4244; x_wconf 86' lang='grc' dir='ltr'>νῦν</span> <span class='ocrx_word' id='word_1_824' title='bbox 2466 4191 2517 4242; x_wconf 84' lang='grc' dir='ltr'>οί</span> <span class='ocrx_word' id='word_1_825' title='bbox 2551 4193 2871 4262; x_wconf 72' lang='grc' dir='ltr'>Φαρισαῖοι;</span> <span class='ocrx_word' id='word_1_826' title='bbox 2905 4189 3008 4244; x_wconf 89' lang='grc' dir='ltr'>ποῦ</span> <span class='ocrx_word' id='word_1_827' title='bbox 3033 4191 3142 4244; x_wconf 86' lang='grc' dir='ltr'>τῶν</span> <span class='ocrx_word' id='word_1_828' title='bbox 3185 4193 3458 4247; x_wconf 81' lang='grc' dir='ltr'>Ἰουδαίων</span> 
     </span>
    </p>
   </div>
   <div class='ocr_carea' id='block_1_112' title="bbox 1873 4273 3458 4346">
    <p class='ocr_par' dir='ltr' id='par_1_112' title="bbox 1873 4273 3458 4346">
     <span class='ocr_line' id='line_1_112' title="bbox 1873 4273 3458 4346; baseline 0.001 -18"><span class='ocrx_word' id='word_1_829' title='bbox 1873 4277 1924 4328; x_wconf 88' lang='grc' dir='ltr'>οί</span> <span class='ocrx_word' id='word_1_830' title='bbox 1964 4273 2307 4339; x_wconf 79' lang='grc' dir='ltr'>διδάσκαλοις</span> <span class='ocrx_word' id='word_1_831' title='bbox 2336 4274 2450 4327; x_wconf 78' lang='grc' dir='ltr'>ἀλλ’</span> <span class='ocrx_word' id='word_1_832' title='bbox 2481 4273 2670 4346; x_wconf 76' lang='grc' dir='ltr'>ὥσπερ</span> <span class='ocrx_word' id='word_1_833' title='bbox 2704 4292 2756 4327; x_wconf 89' lang='grc' dir='ltr'>τι</span> <span class='ocrx_word' id='word_1_834' title='bbox 2795 4273 3020 4346; x_wconf 85' lang='grc' dir='ltr'>θήραμα</span> <span class='ocrx_word' id='word_1_835' title='bbox 3064 4275 3322 4346; x_wconf 79' lang='grc' dir='ltr'>μέγιστον</span> <span class='ocrx_word' id='word_1_836' title='bbox 3373 4279 3458 4330; x_wconf 83' lang='grc' dir='ltr'>εὑ-</span> 
     </span>
    </p>
   </div>
   <div class='ocr_carea' id='block_1_113' title="bbox 1877 4356 3459 4428">
    <p class='ocr_par' dir='ltr' id='par_1_113' title="bbox 1877 4356 3459 4428">
     <span class='ocr_line' id='line_1_113' title="bbox 1877 4356 3459 4428; baseline 0.004 -19"><span class='ocrx_word' id='word_1_837' title='bbox 1877 4357 2009 4428; x_wconf 85' lang='grc' dir='ltr'>ρὼν,</span> <span class='ocrx_word' id='word_1_838' title='bbox 2035 4356 2207 4420; x_wconf 73' lang='grc' dir='ltr'>οὓτως</span> <span class='ocrx_word' id='word_1_839' title='bbox 2235 4359 2451 4428; x_wconf 76' lang='grc' dir='ltr'>ἥρπασε</span> <span class='ocrx_word' id='word_1_840' title='bbox 2476 4358 2538 4411; x_wconf 77' lang='grc' dir='ltr'>τὸ</span> <span class='ocrx_word' id='word_1_841' title='bbox 2575 4358 2789 4428; x_wconf 82' lang='grc' dir='ltr'>κέρδος.</span> <span class='ocrx_word' id='word_1_842' title='bbox 2826 4359 2936 4411; x_wconf 80' lang='grc' dir='ltr'>Καὶ</span> <span class='ocrx_word' id='word_1_843' title='bbox 2971 4358 3036 4411; x_wconf 87' lang='grc' dir='ltr'>σὺ</span> <span class='ocrx_word' id='word_1_844' title='bbox 3069 4359 3271 4422; x_wconf 84' lang='grc' dir='ltr'>τοίνυν,</span> <span class='ocrx_word' id='word_1_845' title='bbox 3327 4361 3459 4415; x_wconf 77' lang='grc' dir='ltr'>ὅταν</span> 
     </span>
    </p>
   </div>
   <div class='ocr_carea' id='block_1_114' title="bbox 1879 4439 3454 4512">
    <p class='ocr_par' dir='ltr' id='par_1_114' title="bbox 1879 4439 3454 4512">
     <span class='ocr_line' id='line_1_114' title="bbox 1879 4439 3454 4512; baseline 0.004 -22"><span class='ocrx_word' id='word_1_846' title='bbox 1879 4441 1993 4512; x_wconf 79' lang='grc' dir='ltr'>ἴδῃς</span> <span class='ocrx_word' id='word_1_847' title='bbox 2009 4439 2129 4494; x_wconf 74' lang='grc' dir='ltr'>τινὰ</span> <span class='ocrx_word' id='word_1_848' title='bbox 2145 4439 2397 4510; x_wconf 82' lang='grc' dir='ltr'>δεόμενον</span> <span class='ocrx_word' id='word_1_849' title='bbox 2429 4440 2729 4511; x_wconf 87' lang='grc' dir='ltr'>θεραπείας</span> <span class='ocrx_word' id='word_1_850' title='bbox 2755 4440 2787 4510; x_wconf 83' lang='grc' dir='ltr'><strong>ἢ</strong></span> <span class='ocrx_word' id='word_1_851' title='bbox 2808 4441 3126 4511; x_wconf 86' lang='grc' dir='ltr'>σωματικῆς</span> <span class='ocrx_word' id='word_1_852' title='bbox 3148 4441 3180 4512; x_wconf 82' lang='grc' dir='ltr'>ἢ</span> <span class='ocrx_word' id='word_1_853' title='bbox 3198 4442 3454 4512; x_wconf 81' lang='grc' dir='ltr'>ψυχικῆς,</span> 
     </span>
    </p>
   </div>
   <div class='ocr_carea' id='block_1_115' title="bbox 1878 4523 3457 4595">
    <p class='ocr_par' dir='ltr' id='par_1_115' title="bbox 1878 4523 3457 4595">
     <span class='ocr_line' id='line_1_115' title="bbox 1878 4523 3457 4595; baseline 0.002 -19"><span class='ocrx_word' id='word_1_854' title='bbox 1878 4527 1950 4594; x_wconf 84' lang='grc' dir='ltr'>μὴ</span> <span class='ocrx_word' id='word_1_855' title='bbox 1981 4526 2106 4592; x_wconf 90' lang='grc' dir='ltr'>λέγε</span> <span class='ocrx_word' id='word_1_856' title='bbox 2129 4525 2264 4595; x_wconf 77' lang='grc' dir='ltr'>πρὸς</span> <span class='ocrx_word' id='word_1_857' title='bbox 2296 4525 2508 4577; x_wconf 71' lang='grc' dir='ltr'>ἑαυτόν*</span> <span class='ocrx_word' id='word_1_858' title='bbox 2535 4524 2691 4583; x_wconf 86' lang='grc' dir='ltr'>Τίνος</span> <span class='ocrx_word' id='word_1_859' title='bbox 2714 4524 2901 4575; x_wconf 86' lang='grc' dir='ltr'>’ένεκεν</span> <span class='ocrx_word' id='word_1_860' title='bbox 2925 4523 2954 4574; x_wconf 88' lang='grc' dir='ltr'>ὁ</span> <span class='ocrx_word' id='word_1_861' title='bbox 2982 4523 3128 4576; x_wconf 76' lang='grc' dir='ltr'>δεῖνα</span> <span class='ocrx_word' id='word_1_862' title='bbox 3157 4525 3248 4578; x_wconf 68' lang='grc' dir='ltr'>καὶ</span> <span class='ocrx_word' id='word_1_863' title='bbox 3269 4525 3457 4580; x_wconf 82' lang='grc' dir='ltr'>όδείνα</span> 
     </span>
    </p>
   </div>
   <div class='ocr_carea' id='block_1_116' title="bbox 1875 4604 3456 4678">
    <p class='ocr_par' dir='ltr' id='par_1_116' title="bbox 1875 4604 3456 4678">
     <span class='ocr_line' id='line_1_116' title="bbox 1875 4604 3456 4678; baseline 0.001 -20"><span class='ocrx_word' id='word_1_864' title='bbox 1875 4607 2036 4658; x_wconf 72' lang='grc' dir='ltr'>αὑτὸν</span> <span class='ocrx_word' id='word_1_865' title='bbox 2063 4607 2164 4658; x_wconf 82' lang='grc' dir='ltr'>οὐκ</span> <span class='ocrx_word' id='word_1_866' title='bbox 2193 4605 2566 4676; x_wconf 78' lang='grc' dir='ltr'>ἐθεράπευσεν</span> <span class='ocrx_word' id='word_1_867' title='bbox 2594 4623 2606 4670; x_wconf 93' lang='grc'><strong>;</strong></span> <span class='ocrx_word' id='word_1_868' title='bbox 2643 4605 2756 4657; x_wconf 83' lang='grc' dir='ltr'>ἀλλ’</span> <span class='ocrx_word' id='word_1_869' title='bbox 2805 4604 3114 4668; x_wconf 79' lang='grc' dir='ltr'>ἀπάλλαξον</span> <span class='ocrx_word' id='word_1_870' title='bbox 3142 4606 3242 4674; x_wconf 87' lang='grc' dir='ltr'>τῆς</span> <span class='ocrx_word' id='word_1_871' title='bbox 3273 4607 3456 4678; x_wconf 74' lang='grc' dir='ltr'>ἁρῤω·</span> 
     </span>
    </p>
   </div>
   <div class='ocr_carea' id='block_1_117' title="bbox 1877 4687 3453 4759">
    <p class='ocr_par' dir='ltr' id='par_1_117' title="bbox 1877 4687 3453 4759">
     <span class='ocr_line' id='line_1_117' title="bbox 1877 4687 3453 4759; baseline 0.001 -18"><span class='ocrx_word' id='word_1_872' title='bbox 1877 4690 2051 4752; x_wconf 83' lang='grc' dir='ltr'>στίας,</span> <span class='ocrx_word' id='word_1_873' title='bbox 2081 4691 2173 4742; x_wconf 75' lang='grc' dir='ltr'>καὶ</span> <span class='ocrx_word' id='word_1_874' title='bbox 2197 4690 2269 4759; x_wconf 77' lang='grc' dir='ltr'>μὴ</span> <span class='ocrx_word' id='word_1_875' title='bbox 2296 4689 2514 4741; x_wconf 82' lang='grc' dir='ltr'>ἀπαίτει</span> <span class='ocrx_word' id='word_1_876' title='bbox 2530 4688 2774 4750; x_wconf 80' lang='grc' dir='ltr'>ἐκείνους</span> <span class='ocrx_word' id='word_1_877' title='bbox 2796 4687 3025 4750; x_wconf 81' lang='grc' dir='ltr'>εὐθύνας</span> <span class='ocrx_word' id='word_1_878' title='bbox 3048 4688 3150 4756; x_wconf 84' lang='grc' dir='ltr'>τῆς</span> <span class='ocrx_word' id='word_1_879' title='bbox 3171 4688 3453 4758; x_wconf 85' lang='grc' dir='ltr'>ἀμελείας.</span> 
     </span>
    </p>
   </div>
   <div class='ocr_carea' id='block_1_118' title="bbox 1873 4769 3450 4844">
    <p class='ocr_par' dir='ltr' id='par_1_118' title="bbox 1873 4769 3450 4844">
     <span class='ocr_line' id='line_1_118' title="bbox 1873 4769 3450 4844; baseline 0.001 -20"><span class='ocrx_word' id='word_1_880' title='bbox 1873 4772 2000 4824; x_wconf 69' lang='grc' dir='ltr'>Ἐάν</span> <span class='ocrx_word' id='word_1_881' title='bbox 2018 4771 2184 4843; x_wconf 73' lang='grc' dir='ltr'>εὕρῃς</span> <span class='ocrx_word' id='word_1_882' title='bbox 2207 4772 2446 4840; x_wconf 88' lang='grc' dir='ltr'>χρυσίον,</span> <span class='ocrx_word' id='word_1_883' title='bbox 2463 4769 2582 4824; x_wconf 83' lang='grc' dir='ltr'>είπέ</span> <span class='ocrx_word' id='word_1_884' title='bbox 2604 4788 2713 4840; x_wconf 85' lang='grc' dir='ltr'>μοι,</span> <span class='ocrx_word' id='word_1_885' title='bbox 2729 4770 3001 4838; x_wconf 87' lang='grc' dir='ltr'>κείμενον,</span> <span class='ocrx_word' id='word_1_886' title='bbox 3019 4769 3093 4840; x_wconf 79' lang='grc' dir='ltr'>μὴ</span> <span class='ocrx_word' id='word_1_887' title='bbox 3111 4770 3293 4838; x_wconf 87' lang='grc' dir='ltr'>λέγεις</span> <span class='ocrx_word' id='word_1_888' title='bbox 3309 4771 3450 4844; x_wconf 79' lang='grc' dir='ltr'>πρὸς</span> 
     </span>
    </p>
   </div>
   <div class='ocr_carea' id='block_1_119' title="bbox 1876 4851 3458 4916">
    <p class='ocr_par' dir='ltr' id='par_1_119' title="bbox 1876 4851 3458 4916">
     <span class='ocr_line' id='line_1_119' title="bbox 1876 4851 3458 4916; baseline -0.001 -10"><span class='ocrx_word' id='word_1_889' title='bbox 1876 4853 2280 4916; x_wconf 82' lang='grc' dir='ltr'>σεαυτὸν,Ἰ’ίνος</span> <span class='ocrx_word' id='word_1_890' title='bbox 2307 4852 2495 4906; x_wconf 68' lang='grc' dir='ltr'>ἕνεκεν</span> <span class='ocrx_word' id='word_1_891' title='bbox 2508 4854 2538 4903; x_wconf 82' lang='grc' dir='ltr'>ό</span> <span class='ocrx_word' id='word_1_892' title='bbox 2563 4853 2708 4906; x_wconf 87' lang='grc' dir='ltr'>δεῖνα</span> <span class='ocrx_word' id='word_1_893' title='bbox 2736 4853 2869 4905; x_wconf 82' lang='grc' dir='ltr'>καὶὸ</span> <span class='ocrx_word' id='word_1_894' title='bbox 2887 4851 3032 4904; x_wconf 82' lang='grc' dir='ltr'>δεῖνα</span> <span class='ocrx_word' id='word_1_895' title='bbox 3046 4853 3178 4904; x_wconf 74' lang='grc' dir='ltr'>αὐτὸ</span> <span class='ocrx_word' id='word_1_896' title='bbox 3199 4854 3300 4906; x_wconf 85' lang='grc' dir='ltr'>οὐκ</span> <span class='ocrx_word' id='word_1_897' title='bbox 3317 4853 3458 4908; x_wconf 68' lang='grc' dir='ltr'>ἀνείς</span> 
     </span>
    </p>
   </div>
   <div class='ocr_carea' id='block_1_120' title="bbox 1870 4933 3454 5006">
    <p class='ocr_par' dir='ltr' id='par_1_120' title="bbox 1870 4933 3454 5006">
     <span class='ocr_line' id='line_1_120' title="bbox 1870 4933 3454 5006; baseline 0.001 -17"><span class='ocrx_word' id='word_1_898' title='bbox 1870 4937 2042 5002; x_wconf 88' lang='grc' dir='ltr'>λοντο,</span> <span class='ocrx_word' id='word_1_899' title='bbox 2061 4935 2247 4990; x_wconf 84' lang='grc' dir='ltr'>ἀλλὀὐ</span> <span class='ocrx_word' id='word_1_900' title='bbox 2276 4946 2302 4973; x_wconf 73' lang='grc' dir='ltr'><strong><em>ο</em></strong></span> <span class='ocrx_word' id='word_1_901' title='bbox 2338 4934 2659 4998; x_wconf 81' lang='grc' dir='ltr'>σπουδάζεις</span> <span class='ocrx_word' id='word_1_902' title='bbox 2698 4935 2804 5006; x_wconf 85' lang='grc' dir='ltr'>πρὸ</span> <span class='ocrx_word' id='word_1_903' title='bbox 2834 4933 2943 4987; x_wconf 83' lang='grc' dir='ltr'>τῶν</span> <span class='ocrx_word' id='word_1_904' title='bbox 2971 4934 3146 4988; x_wconf 76' lang='grc' dir='ltr'>ἀλλων</span> <span class='ocrx_word' id='word_1_905' title='bbox 3176 4937 3454 5006; x_wconf 79' lang='grc' dir='ltr'>ἁρπάσαις</span> 
     </span>
    </p>
   </div>
   <div class='ocr_carea' id='block_1_121' title="bbox 1872 5017 3455 5086">
    <p class='ocr_par' dir='ltr' id='par_1_121' title="bbox 1872 5017 3455 5086">
     <span class='ocr_line' id='line_1_121' title="bbox 1872 5017 3455 5086; baseline 0.001 -15"><span class='ocrx_word' id='word_1_906' title='bbox 1872 5019 2031 5072; x_wconf 73' lang='grc' dir='ltr'>Οὕτω</span> <span class='ocrx_word' id='word_1_907' title='bbox 2053 5019 2146 5071; x_wconf 77' lang='grc' dir='ltr'>καὶ</span> <span class='ocrx_word' id='word_1_908' title='bbox 2173 5017 2394 5070; x_wconf 78' lang='grc' dir='ltr'>ἐπὶτῶν</span> <span class='ocrx_word' id='word_1_909' title='bbox 2417 5019 2785 5072; x_wconf 86' lang='grc' dir='ltr'>πεπτωκότων</span> <span class='ocrx_word' id='word_1_910' title='bbox 2813 5017 3060 5086; x_wconf 80' lang='grc' dir='ltr'>ἀδελφῶν</span> <span class='ocrx_word' id='word_1_911' title='bbox 3081 5017 3324 5086; x_wconf 80' lang='grc' dir='ltr'>λογίζου,</span> <span class='ocrx_word' id='word_1_912' title='bbox 3356 5020 3455 5072; x_wconf 70' lang='grc' dir='ltr'>κα)⁸</span> 
     </span>
    </p>
   </div>
   <div class='ocr_carea' id='block_1_122' title="bbox 1871 5099 3453 5174">
    <p class='ocr_par' dir='ltr' id='par_1_122' title="bbox 1871 5099 3453 5174">
     <span class='ocr_line' id='line_1_122' title="bbox 1871 5099 3453 5174; baseline 0.001 -19"><span class='ocrx_word' id='word_1_913' title='bbox 1871 5100 2022 5174; x_wconf 78' lang='lat'>[679]</span> <span class='ocrx_word' id='word_1_914' title='bbox 2049 5101 2236 5171; x_wconf 80' lang='grc' dir='ltr'>νόμιζε</span> <span class='ocrx_word' id='word_1_915' title='bbox 2271 5099 2544 5172; x_wconf 78' lang='grc' dir='ltr'>θησαυρὸν</span> <span class='ocrx_word' id='word_1_916' title='bbox 2569 5101 2860 5171; x_wconf 83' lang='grc' dir='ltr'>εὑρηκέναι</span> <span class='ocrx_word' id='word_1_917' title='bbox 2883 5101 2982 5170; x_wconf 84' lang='grc' dir='ltr'>τὴν</span> <span class='ocrx_word' id='word_1_918' title='bbox 3004 5101 3324 5171; x_wconf 79' lang='grc' dir='ltr'>ἐπιμέλειαν</span> <span class='ocrx_word' id='word_1_919' title='bbox 3353 5103 3453 5173; x_wconf 80' lang='grc' dir='ltr'>τὴν</span> 
     </span>
    </p>
   </div>
   <div class='ocr_carea' id='block_1_123' title="bbox 1872 5181 3450 5257">
    <p class='ocr_par' dir='ltr' id='par_1_123' title="bbox 1872 5181 3450 5257">
     <span class='ocr_line' id='line_1_123' title="bbox 1872 5181 3450 5257; baseline 0.001 -22"><span class='ocrx_word' id='word_1_920' title='bbox 1872 5185 2224 5238; x_wconf 80' lang='grc' dir='ltr'>ἐκείνων.“Αν</span> <span class='ocrx_word' id='word_1_921' title='bbox 2245 5183 2354 5257; x_wconf 86' lang='grc' dir='ltr'>γὰρ</span> <span class='ocrx_word' id='word_1_922' title='bbox 2372 5183 2668 5256; x_wconf 78' lang='grc' dir='ltr'>ἐπιστάξῃς</span> <span class='ocrx_word' id='word_1_923' title='bbox 2693 5182 2842 5252; x_wconf 87' lang='grc' dir='ltr'>αὑτῷ</span> <span class='ocrx_word' id='word_1_924' title='bbox 2875 5183 3124 5240; x_wconf 74' lang='grc' dir='ltr'>καθάπερ</span> <span class='ocrx_word' id='word_1_925' title='bbox 3150 5183 3327 5238; x_wconf 75' lang='grc' dir='ltr'>ἔλαιον</span> <span class='ocrx_word' id='word_1_926' title='bbox 3353 5181 3450 5236; x_wconf 78' lang='grc' dir='ltr'>τοῦ</span> 
     </span>
    </p>
   </div>
   <div class='ocr_carea' id='block_1_124' title="bbox 1869 5265 3453 5340">
    <p class='ocr_par' dir='ltr' id='par_1_124' title="bbox 1869 5265 3453 5340">
     <span class='ocr_line' id='line_1_124' title="bbox 1869 5265 3453 5340; baseline 0.001 -23"><span class='ocrx_word' id='word_1_927' title='bbox 1869 5267 2025 5334; x_wconf 89' lang='grc' dir='ltr'>λόγου</span> <span class='ocrx_word' id='word_1_928' title='bbox 2043 5267 2144 5335; x_wconf 79' lang='grc' dir='ltr'>τὴν</span> <span class='ocrx_word' id='word_1_929' title='bbox 2158 5266 2531 5330; x_wconf 88' lang='grc' dir='ltr'>διδασκαλίαν,</span> <span class='ocrx_word' id='word_1_930' title='bbox 2549 5267 2616 5320; x_wconf 78' lang='grc' dir='ltr'>ἂν</span> <span class='ocrx_word' id='word_1_931' title='bbox 2636 5267 2944 5340; x_wconf 80' lang='grc' dir='ltr'>καταδήσῃς</span> <span class='ocrx_word' id='word_1_932' title='bbox 2960 5269 3025 5337; x_wconf 82' lang='grc' dir='ltr'>τῇ</span> <span class='ocrx_word' id='word_1_933' title='bbox 3044 5267 3366 5338; x_wconf 82' lang='grc' dir='ltr'>προσηνείᾳ,</span> <span class='ocrx_word' id='word_1_934' title='bbox 3384 5265 3453 5320; x_wconf 77' lang='grc' dir='ltr'>ἂν</span> 
     </span>
    </p>
   </div>
   <div class='ocr_carea' id='block_1_125' title="bbox 1872 5351 3449 5425">
    <p class='ocr_par' dir='ltr' id='par_1_125' title="bbox 1872 5351 3449 5425">
     <span class='ocr_line' id='line_1_125' title="bbox 1872 5351 3449 5425; baseline 0.001 -20"><span class='ocrx_word' id='word_1_935' title='bbox 1872 5353 2217 5425; x_wconf 84' lang='grc' dir='ltr'>θεραπεύσῃς</span> <span class='ocrx_word' id='word_1_936' title='bbox 2252 5356 2320 5424; x_wconf 75' lang='grc' dir='ltr'>τῇ</span> <span class='ocrx_word' id='word_1_937' title='bbox 2368 5353 2659 5424; x_wconf 77' lang='grc' dir='ltr'>καρτερίᾳ,</span> <span class='ocrx_word' id='word_1_938' title='bbox 2714 5352 2992 5424; x_wconf 79' lang='grc' dir='ltr'>θησαυροῦ</span> <span class='ocrx_word' id='word_1_939' title='bbox 3041 5353 3243 5417; x_wconf 84' lang='grc' dir='ltr'>παντὸς</span> <span class='ocrx_word' id='word_1_940' title='bbox 3285 5351 3449 5406; x_wconf 68' lang='grc' dir='ltr'>εὐσω-</span> 
     </span>
    </p>
   </div>
   <div class='ocr_carea' id='block_1_126' title="bbox 1867 5579 2986 5642">
    <p class='ocr_par' dir='ltr' id='par_1_126' title="bbox 1867 5579 2986 5642">
     <span class='ocr_line' id='line_1_126' title="bbox 1867 5579 2986 5642; baseline -0.002 -13"><span class='ocrx_word' id='word_1_941' title='bbox 1867 5580 2207 5642; x_wconf 80' lang='grc' dir='ltr'>ἐπιδειξάμενον</span> <span class='ocrx_word' id='word_1_942' title='bbox 2227 5579 2302 5626; x_wconf 83' lang='grc' dir='ltr'>ἐπὶ</span> <span class='ocrx_word' id='word_1_943' title='bbox 2324 5581 2419 5642; x_wconf 82' lang='grc' dir='ltr'>τῶν</span> <span class='ocrx_word' id='word_1_944' title='bbox 2449 5579 2728 5642; x_wconf 87' lang='grc' dir='ltr'>τραυμάτων</span> <span class='ocrx_word' id='word_1_945' title='bbox 2743 5580 2986 5642; x_wconf 55' lang='grc' dir='ltr'>πρόνοιαν,</span> 
     </span>
    </p>
   </div>
   <div class='ocr_carea' id='block_1_127' title="bbox 1930 5639 3052 5702">
    <p class='ocr_par' dir='ltr' id='par_1_127' title="bbox 1930 5639 3052 5702">
     <span class='ocr_line' id='line_1_127' title="bbox 1930 5639 3052 5702; baseline -0.001 -13"><span class='ocrx_word' id='word_1_946' title='bbox 1930 5641 1956 5680; x_wconf 78' lang='lat' dir='ltr'><strong>d</strong></span> <span class='ocrx_word' id='word_1_947' title='bbox 1979 5639 2180 5702; x_wconf 66' lang='lat' dir='ltr'>AIiQuot</span> <span class='ocrx_word' id='word_1_948' title='bbox 2204 5641 2420 5702; x_wconf 61' lang='grc' dir='ltr'>ωδεέπὶ</span> <span class='ocrx_word' id='word_1_949' title='bbox 2439 5639 2533 5702; x_wconf 74' lang='grc' dir='ltr'>τῶν</span> <span class='ocrx_word' id='word_1_950' title='bbox 2551 5639 2715 5702; x_wconf 80' lang='grc' dir='ltr'>ὤμων,</span> <span class='ocrx_word' id='word_1_951' title='bbox 2742 5639 2819 5689; x_wconf 63' lang='lat' dir='ltr'>hic</span> <span class='ocrx_word' id='word_1_952' title='bbox 2836 5648 2889 5688; x_wconf 77' lang='lat' dir='ltr'>et</span> <span class='ocrx_word' id='word_1_953' title='bbox 2914 5639 3052 5688; x_wconf 77' lang='lat' dir='ltr'>infra.</span> 
     </span>
    </p>
   </div>
   <div class='ocr_carea' id='block_1_128' title="bbox 1928 5699 3444 5759">
    <p class='ocr_par' dir='ltr' id='par_1_128' title="bbox 1928 5699 3444 5759">
     <span class='ocr_line' id='line_1_128' title="bbox 1928 5699 3444 5759; baseline 0.002 -9"><span class='ocrx_word' id='word_1_954' title='bbox 1928 5705 1946 5726; x_wconf 81' lang='grc'><strong><em>⁸</em></strong></span> <span class='ocrx_word' id='word_1_955' title='bbox 1971 5699 2091 5750; x_wconf 65' lang='grc' dir='ltr'>εονῖ</span> <span class='ocrx_word' id='word_1_956' title='bbox 2110 5703 2190 5749; x_wconf 84' lang='grc' dir='ltr'>καὶ</span> <span class='ocrx_word' id='word_1_957' title='bbox 2220 5702 2296 5759; x_wconf 74' lang='grc' dir='ltr'>οὐ,</span> <span class='ocrx_word' id='word_1_958' title='bbox 2322 5701 2492 5750; x_wconf 77' lang='lat' dir='ltr'>Monlt‘.</span> <span class='ocrx_word' id='word_1_959' title='bbox 2545 5699 2683 5754; x_wconf 77' lang='grc' dir='ltr'>ἀλλά.</span> <span class='ocrx_word' id='word_1_960' title='bbox 2711 5702 2841 5749; x_wconf 82' lang='lat' dir='ltr'>unde</span> <span class='ocrx_word' id='word_1_961' title='bbox 2865 5701 3070 5750; x_wconf 76' lang='lat' dir='ltr'>fecimus</span> <span class='ocrx_word' id='word_1_962' title='bbox 3092 5700 3196 5750; x_wconf 78' lang='grc' dir='ltr'>ἀλλ’</span> <span class='ocrx_word' id='word_1_963' title='bbox 3217 5700 3291 5752; x_wconf 80' lang='lat' dir='ltr'><strong>o6.</strong></span> <span class='ocrx_word' id='word_1_964' title='bbox 3333 5699 3444 5752; x_wconf 73' lang='lat' dir='ltr'>Ila:</span> 
     </span>
    </p>
   </div>
   <div class='ocr_carea' id='block_1_129' title="bbox 237 5753 1777 5828">
    <p class='ocr_par' dir='ltr' id='par_1_129' title="bbox 237 5753 1757 5816">
     <span class='ocr_line' id='line_1_129' title="bbox 237 5753 1757 5816; baseline 0.005 -16"><span class='ocrx_word' id='word_1_965' title='bbox 237 5755 266 5788; x_wconf 74' lang='grc' dir='ltr'>ε</span> <span class='ocrx_word' id='word_1_966' title='bbox 293 5753 373 5802; x_wconf 67' lang='lat' dir='ltr'>Sic</span> <span class='ocrx_word' id='word_1_967' title='bbox 397 5753 515 5803; x_wconf 72' lang='lat' dir='ltr'>edit.</span> <span class='ocrx_word' id='word_1_968' title='bbox 545 5754 693 5804; x_wconf 71' lang='lat' dir='ltr'>SaviI.</span> <span class='ocrx_word' id='word_1_969' title='bbox 740 5762 792 5804; x_wconf 83' lang='lat' dir='ltr'><em>cl</em></span> <span class='ocrx_word' id='word_1_970' title='bbox 814 5753 970 5806; x_wconf 55' lang='lat' dir='ltr'>&#39;niulli</span> <span class='ocrx_word' id='word_1_971' title='bbox 1016 5771 1127 5806; x_wconf 80' lang='lat' dir='ltr'>mss.</span> <span class='ocrx_word' id='word_1_972' title='bbox 1164 5753 1338 5807; x_wconf 69' lang='lat' dir='ltr'>Morel.</span> <span class='ocrx_word' id='word_1_973' title='bbox 1367 5772 1483 5807; x_wconf 83' lang='lat' dir='ltr'>vero</span> <span class='ocrx_word' id='word_1_974' title='bbox 1523 5758 1757 5816; x_wconf 72' lang='grc' dir='ltr'>τοσαύτην</span> 
     </span>
    </p>
   </div>
   <div class='ocr_carea' id='block_1_130' title="bbox 1886 5753 2517 5828">
    <p class='ocr_par' dir='ltr' id='par_1_130' title="bbox 1886 5753 2517 5828">
     <span class='ocr_line' id='line_1_130' title="bbox 1886 5753 2517 5828; baseline -0.003 -18"><span class='ocrx_word' id='word_1_975' title='bbox 1886 5763 2059 5825; x_wconf 71' lang='grc' dir='ltr'>[ηιααηι</span> <span class='ocrx_word' id='word_1_976' title='bbox 2087 5753 2357 5828; x_wconf 79' lang='grc' dir='ltr'>διαρπάσαι.</span> <span class='ocrx_word' id='word_1_977' title='bbox 2381 5763 2517 5812; x_wconf 69' lang='lat' dir='ltr'>Enn.</span> 
     </span>
    </p>
   </div>
   <div class='ocr_carea' id='block_1_131' title="bbox 475 5848 1235 5907">
    <p class='ocr_par' dir='ltr' id='par_1_131' title="bbox 475 5848 1235 5907">
     <span class='ocr_line' id='line_1_131' title="bbox 475 5848 1235 5907; baseline 0.001 -1"><span class='ocrx_word' id='word_1_978' title='bbox 475 5849 738 5906; x_wconf 73' lang='grc' dir='ltr'>ΡΑτιιοι..</span> <span class='ocrx_word' id='word_1_979' title='bbox 789 5851 904 5906; x_wconf 66' lang='lat' dir='ltr'>(In.</span> <span class='ocrx_word' id='word_1_980' title='bbox 957 5848 1235 5907; x_wconf 80' lang='lat' dir='ltr'><strong>XLVIII.</strong></span> 
     </span>
    </p>
   </div>
   <div class='ocr_carea' id='block_1_132' title="bbox 3012 5835 3091 5893">
    <p class='ocr_par' dir='ltr' id='par_1_132' title="bbox 3012 5835 3091 5893">
     <span class='ocr_line' id='line_1_132' title="bbox 3012 5835 3091 5893; baseline 0.013 -1"><span class='ocrx_word' id='word_1_981' title='bbox 3012 5835 3091 5893; x_wconf 76' lang='lat'><strong>26</strong></span> 
     </span>
    </p>
   </div>
  </div>
