3862 6228
410 303 517 358 935

418 418 554 489 ρώτε
563 417 655 489 ρόν
671 434 730 470 σε
751 410 906 481 οὗτος
922 417 1231 489 ἐργάσεται.
1251 421 1312 473 Ὀ
1328 422 1438 491 γὰρ
1458 419 1767 489 ἐξαγαγὼν
1778 422 1989 489 τίμιον,

416 501 601 570 φησὶν,
631 500 701 564 ἐξ
732 500 1007 563 ἀναξίου,
1038 502 1117 566 ὡς
1145 504 1340 570 στόμα
1357 521 1476 571 μου
1497 504 1689 556 ἔσται.
1712 502 1775 555 Τί
1802 505 1995 557 τούτου

416 586 615 651 γένοιτ’
647 584 712 636 ἂν
742 586 890 647 ῖσον;
927 584 1105 655 Ὅπερ
1131 584 1251 637 ούδέ
1276 586 1518 656 νηστεία,
1544 586 1666 640 οὐδὲ
1702 587 1996 657 χαμευνία,

416 669 538 720 οὐδὲ
580 667 918 737 παννυχίδες,
951 668 1052 721 οὐκ
1096 668 1224 721 ἄλλο
1272 687 1325 723 τι
1370 669 1591 723 δύναται
1633 670 1993 742 ἐργάσασθαι,

417 751 576 803 τοῦτο
600 753 631 821 ἡ
663 750 755 804 τοῦ
783 750 1013 820 ἀδελφοῦ
1038 752 1284 825 σωτηρία
1315 757 1476 808 ποιεῖ.
1495 755 1778 825 Ἐννόησόν
1807 772 1900 809 σου
1937 756 2000 809 τὸ

421 834 594 902 στόμα
634 834 773 886 πόσα
819 834 1077 899 πολλάκις
1107 836 1347 908 ἡμαρτε,
1379 839 1520 891 πόσα
1566 838 1869 908 ἐφθέγξατο
1914 842 1997 894 al-

421 919 560 987 σχρὰ
606 919 848 987 ῥήματα,
897 918 1070 982 πόσας
1108 918 1478 992 βλασφημίας,
1520 922 1689 986 πόσας
1730 922 2000 993 λοιδορίας

418 1000 663 1064 ἐξέϐαλε,
691 1002 784 1053 καὶ
832 1002 1048 1066 πάντως
1077 1003 1344 1077 ἀντιλήψῃ
1390 1006 1492 1075 τῆς
1529 1006 1625 1059 τοῦ
1651 1008 2000 1069 πεπτωκότος

418 1085 676 1155 προνοίας
692 1101 705 1114 ·
736 1086 826 1138 διὰ
848 1087 957 1154 γὰρ
988 1086 1104 1151 ἐνὸς
1124 1087 1314 1141 τούτου
1337 1089 1434 1143 τοῦ
1454 1089 1877 1161 κατορθώματος
1902 1092 2002 1144 πᾶ-

420 1185 518 1220 σαν
568 1168 871 1242 ἐκκαθᾶραι
904 1169 1108 1243 δυνήσῃ
1154 1172 1253 1240 τὴν
1301 1172 1492 1243 κηλῖδα
1539 1174 1772 1244 ἐκείνην.
1811 1175 1920 1228 Καὶ
1947 1174 2000 1227 τί

419 1250 561 1320 λέγω
587 1252 921 1323 ἐκκαθᾶραις
950 1253 1026 1316 1'0;
1056 1255 1228 1324 στόμα
1254 1254 1348 1307 τοῦ
1373 1256 1507 1309 Θεοῦ
1535 1258 1782 1328 ποιήσεις
1814 1274 1909 1309 σου
1942 1258 2002 1310 τὸ

423 1336 616 1404 στόμα.
644 1336 708 1387 Τί
730 1336 933 1406 ταύτης
961 1337 1159 1403 γένοιτ’
1193 1336 1258 1390 ἂν
1290 1336 1401 1391 ἴσον
1426 1339 1525 1408 τῆς
1548 1342 1742 1410 τιμῆς;
1773 1341 1863 1411 Μὴ
1893 1341 2001 1411 γὰρ

422 1417 535 1485 ἐγὼ
567 1418 738 1471 ταῦτα
763 1419 1167 1489 ἐπαγγέλλομαι
1189 1436 1203 1483 ;
1234 1420 1396 1483 αὐτὸς
1423 1423 1451 1474 ὁ
1478 1421 1613 1486 Θεὸς
1640 1421 1799 1475 τοῦτο
1824 1417 1998 1487 εἶπεν,

422 1503 505 1554 ὅτι
534 1500 651 1553 Κᾶν
694 1502 787 1554 ἕνα
831 1502 952 1555 τινὰ
996 1500 1288 1576 ἐξαγάγῃς,
1322 1506 1505 1575 φησὶν,
1534 1506 1610 1568 ὡς
1654 1507 1827 1576 στόμα
1877 1523 1999 1576 μου,

423 1586 574 1637 ἔσται
602 1586 661 1635 τὸ
696 1585 868 1655 στόμα
908 1604 1001 1639 σου
1034 1586 1293 1657 καθαρὸν,
1327 1588 1501 1657 ἅγιον.
1533 1590 1624 1661 Μὴ
1665 1591 1844 1649 τοίνυν
1871 1596 2003 1665 ἀμε-

422 1669 603 1738 λῶμεν
633 1669 739 1721 τῶν
763 1669 1027 1737 ἀδελφῶν,
1057 1671 1189 1740 μηδέ
1222 1672 1522 1744 περιιόντες
1550 1673 1817 1747 λέγωμεν,
1838 1679 2000 1732 Πόσοι

420 1752 769 1821 ἐνήστευσαν,
798 1752 952 1805 πόσοι
997 1755 1425 1831 παρεσύρησαν;
1468 1757 1583 1810 ἀλλ’
1611 1759 2001 1831 ἐπιμελώμεθα

421 1834 621 1888 αὐτῶν.
656 1835 772 1889 Κᾶν
796 1835 978 1888 πολλοὶ
1008 1830 1143 1889 ὦσιν
1175 1838 1225 1890 οἱ
1253 1839 1669 1910 νηστεύσαντες,
1711 1843 1776 1895 σὺ
1811 1830 1886 1914 μή
1919 1844 2003 1897 ἐκ·

422 1918 780 1990 πομπεύῖῃςν
831 1920 1101 1989 ἀγαπητὲν
1159 1922 1294 1992 μηδὲ
1346 1922 1852 1998 παραδειγματίσῃς
1901 1929 2001 1998 τῆς

434 2000 758 2070 Ἐκκλησίας
811 2004 909 2069 τὴν
955 2003 1260 2071 συμφορὰν,
1310 2003 1448 2057 ἀλλὰ
1496 2004 1854 2078 θεράπευσον.
1884 2010 2001 2063 Κᾶν

420 2083 549 2154 εἴπῃ
580 2100 684 2145 τις,
721 2085 801 2136 ὅτι
838 2084 1028 2138 Πολλοὶ
1069 2087 1424 2157 ἐνήστευσαν,
1452 2089 1823 2160 ἐπιστόμισον,
1859 2091 2000 2145 ὥστε

421 2164 499 2233 μὴ
526 2165 776 2231 γενέσθαι
802 2168 965 2236 δήλην
995 2168 1094 2238 τὴν
1121 2171 1328 2238 φήμην,
1365 2171 1458 2221 καὶ
1485 2172 1605 2223 εἰπὲ
1641 2174 1775 2242 πρὸς
1807 2174 1996 2226 αὐτόν·

432 2246 573 2313 Ἐγὼ
594 2249 691 2316 μὲν
721 2248 909 2300 οὐδένα
941 2245 1086 2301 οἷδαο
1121 2251 1715 2324 ἡπάτησαι,ἆνθρωπε,
1739 2255 1833 2307 καὶ
1862 2255 1999 2325 ψεύ-

416 2326 511 2398 δῃ’
547 2328 611 2382 ἂν
632 2329 725 2380 δύο
756 2332 847 2382 καὶ
874 2335 1024 2401 τρεῖς
1046 2332 1163 2404 ῖδῃς
1188 2335 1627 2405 παρασυρέντας,
1652 2336 1881 2401 πολλοὺς
1904 2338 2003 2391 αὐ-

419 2414 546 2475 τοὺς
581 2406 719 2466 εἶναι
754 2412 954 2483 λέγεις.
991 2416 1101 2469 Καὶ
1143 2417 1235 2468 τὸν
1281 2416 1381 2486 μὲν
1424 2418 1836 2490 κατηγοροῦντα
1877 2423 2000 2475 ἐπι-

426 2494 698 2561 στόμισον,
732 2495 839 2549 τῶν
882 2497 939 2551 δὲ
980 2500 1408 2569 παρασυρέντων
1456 2501 1531 2574 μὴ
1577 2503 1873 2575 ἀμελήσῃς,
1916 2506 2002 2559 ἵνα

424 2576 762 2648 ἑκατέρωθεν
798 2580 966 2651 πολλὴ
1011 2585 1078 2652 τῇ
1113 2582 1408 2654 Ἐκκλησία
1440 2584 1708 2654 ἀσφάλεια
1753 2588 1998 2657 γένηται,

423 2659 532 2712 ἀπό
555 2675 615 2713 τε
643 2662 735 2714 τοῦ
759 2662 855 2733 τὴν
874 2664 1062 2735 φήμην
1094 2665 1168 2736 μὴ
1199 2667 1667 2737 ἐκπομπεύεσθαι,
1693 2670 1800 2722 ἀπό
1826 2689 1886 2723 τε
1908 2672 2000 2724 τοῦ

422 2743 550 2805 τοὺς
591 2746 1007 2816 παρασυρέντας
1063 2748 1259 2812 αὐτοὺς
1297 2750 1429 2821 πρὸς
1465 2750 1563 2817 τὴν
1605 2753 1755 2822 ίεράν
1802 2754 2002 2824 ἀγέλην

421 2824 653 2893 ἄγεσθαι
681 2827 867 2882 πάλιν.

492 2909 582 2977 Μὴ
601 2910 779 2964 τοίνυν
801 2911 1102 2982 περιιόντες
1126 2913 1556 2985 λέγωμεν,Τίνες
1572 2918 1817 2990 ἥμαρτον
1834 2936 1847 2984 ;
1869 2919 2005 2974 ἀλλά

424 2991 835 3063 σπουδάσωμεν,
864 2995 1012 3057 ὅπως
1056 2996 1440 3068 διορθώσωμεν
1466 3001 1591 3064 τοὺς
1616 3003 2004 3073 ἡμαρτηκότας

424 3072 604 3142 μόνον.
625 3076 733 3127 Καὶ
755 3078 864 3147 γὰρ
886 3077 1057 3131 δεινὸν
1083 3079 1225 3142 ἔθος,
1257 3081 1427 3134 δεινὸν
1455 3082 1516 3134 τὸ
1545 3072 1872 3155 κατηγορεῖν
1893 3085 2003 3139 τῶν

380 3147 390 3156 ’
418 3155 665 3225 ἀδελφῶν
717 3158 898 3227 μόνον,
928 3160 1062 3213 ἀλλά
1116 3162 1190 3231 μὴ
1237 3164 1649 3232 ἐπιμελεῖσθαι·
1789 3168 2001 3236 ἐκπομ-

423 3238 608 3290 πεύειν
655 3239 725 3292 τὰ
769 3240 917 3295 κακά
954 3242 1063 3295 τῶν
1105 3245 1497 3309 ἀσθενούντων,
1524 3248 1660 3300 ἀλλά
1710 3250 1786 3319 μὴ
1841 3250 2003 3320 θερα-

420 3320 628 3375 πεύειν.
648 3321 949 3391 Ἀνέλωμεν
978 3324 1153 3379 τοίνυν
1180 3326 1337 3379 τοῦτο
1358 3330 1419 3380 τὸ
1448 3330 1684 3401 πονηρὸν
1707 3330 1849 3395 ἔθος,
1875 3334 2007 3400 ἀγα-

425 3402 585 3470 πητοί
604 3420 617 3433 ο
642 3404 761 3456 οῦδέ
786 3405 894 3475 γάρ
921 3407 1125 3476 μικράν
1152 3408 1329 3479 λύμην
1356 3411 1515 3464 τοῦτο
1552 3413 1877 3482 ἐργάζεται·
1912 3418 2006 3469 καὶ

424 3484 561 3547 πῶς,
602 3485 713 3553 ἐγὼ
740 3486 1153 3555 λέγω.Ἤκουσέ
1180 3508 1263 3554 τις
1294 3494 1445 3563 παρά
1487 3495 1583 3548 σοῦ
1628 3496 1894 3563 λέγοντος,
1921 3499 2005 3552 ὅτι

425 3566 609 3620 πολλοὶ
641 3569 973 3638 ὲνήστευσαν
1008 3571 1145 3641 μετά
1187 3574 1457 3629 Ἰουδαίων
1491 3578 1586 3629 καὶ
1632 3579 1797 3649 μηδὲν
1827 3579 2007 3644 ἐξετά-

428 3668 528 3737 σας
557 3652 646 3737 εἰς.
664 3651 849 3722 ἕτερον
881 3653 944 3706 τὸ
972 3654 1122 3725 ῥῆμα
1152 3655 1411 3726 ἐξήνεγκε
1430 3677 1445 3691 ο
1469 3659 1632 3714 πάλιν
1659 3663 1863 3727 ἐκεῖνος
1900 3682 2006 3737 μη-

422 3732 513 3785 δὲν
563 3732 1116 3810 πολυπραγμονήσας,
1165 3740 1335 3811 ἑτέρῳ
1385 3741 1543 3796 τοῦτο
1591 3744 1837 3811 ἐξεῖπενο
1889 3732 2006 3802 εἶτα

425 3818 565 3869 κατά
601 3818 795 3901 μικρὸν
829 3818 930 3887 τῆς
962 3823 1204 3892 πονηρᾶς
1247 3823 1451 3895 ταύτης
1493 3826 1867 3899 αὐξανομένης
1903 3833 2007 3901 φή-

424 3915 533 3968 μης
572 3899 705 3954 πολὺ
733 3904 832 3970 μέν
863 3906 929 3973 τῇ
983 3905 1277 3977 Ἐκκλησία
1297 3919 1321 3946 ει
1352 3906 1556 3971 ὄνειδος
1582 3899 2007 3966 κατασκεδάννυ-

422 3997 532 4041 ται,
566 3985 679 4044 τοῖς
728 3984 785 4037 δέ
832 3985 1167 4039 ἀπολωλόσιν
1195 3990 1346 4041 οὐδὲν
1392 3990 1583 4057 ὄφελος
1613 3993 1841 4059 γίνεται,
1871 3996 2008 4049 ἀλλά

426 4065 520 4117 καὶ
553 4065 748 4133 βλάϐος
781 4069 875 4121 καὶ
907 4070 1114 4133 τούτοις
1147 4071 1241 4122 καὶ
1272 4070 1477 4142 ἑτέροις
1517 4073 1750 4137 πολλοῖς.
1787 4075 1907 4129 Κάν
1945 4093 2005 4129 τε

424 4147 533 4217 γάρ
558 4149 725 4215 ὀλίγοι
756 4144 907 4211 ὦσιν,
935 4154 1095 4222 ἡμεῖς
1128 4154 1324 4216 αὐτοὺς
1346 4157 1466 4217 ταῖς
1497 4156 1709 4225 φήμαις
1735 4160 1855 4222 ταῖς
1879 4159 2007 4212 πολ-

422 4227 544 4291 λαῖς
578 4230 805 4294 πολλοὺς
840 4233 1121 4303 ποιοῦμεν,
1154 4236 1396 4300 καὶτοὺς
1417 4236 1657 4302 ἑστῶτας
1687 4239 2002 4296 ἀσθενεστέ-

428 4328 552 4383 ρους
575 4314 940 4385 ἐργαζόμεθα,
980 4320 1073 4371 καὶ
1106 4318 1231 4382 τοὺς
1262 4319 1555 4390 μέλλοντας
1587 4322 1808 4377 πίπτειν
1836 4324 2007 4379 ὠθοῦ-

426 4411 544 4463 μεν.
564 4395 623 4448 ‘U
649 4397 758 4467 γὰρ
782 4397 1010 4467 ἀδελφὸς
1035 4400 1297 4466 ἀκούσας,
1328 4402 1410 4455 ὅτι
1446 4402 1630 4457 πολλοὶ
1655 4406 2002 4477 ἐνήστευσαν,

422 4479 516 4531 καὶ
559 4479 722 4543 αὐτὸς
770 4481 1140 4554 ρᾳθυμότερος
1193 4484 1367 4549 ἔσται,
1407 4487 1501 4539 καὶ
1550 4486 1720 4541 ταῦτα
1765 4488 1926 4542 πάλιν
1977 4492 2006 4543 ὀ

422 4561 655 4633 ἀσθενὴς
690 4563 947 4626 ἀκούσας.
982 4564 1273 4636 δραμεῖται
1310 4568 1406 4621 ἐπὶ
1447 4570 1509 4622 τὸ
1539 4570 1740 4640 πλῆθος
1768 4572 1876 4624 τῶν
1911 4589 2007 4625 πε-

424 4646 738 4700 πτωκότων.
762 4647 853 4717 Μὴ
878 4648 1054 4701 τοίνυν
1089 4650 1224 4720 μηδὲ
1247 4651 1339 4703 ἐπὶ
1369 4652 1562 4721 τούτῳ,
1590 4654 1726 4723 μηδὲ
1755 4655 1841 4708 ἐπ’
1862 4656 2008 4727 ἄλλῳ

424 4726 801 4810 πονηρεύματι
833 4732 1241 4803 συγχαίρωμεν,
1272 4733 1374 4786 κᾶν
1398 4734 1584 4788 πολλοὶ
1609 4729 1741 4789 ὦσιν
1761 4739 1809 4791 οί
1832 4726 2008 4810 ἀμαρ-

423 4808 696 4873 τάνοντες.
722 4810 863 4864 ὥστε
893 4813 1265 4884 ἐκπομπεύειν
1289 4816 1487 4881 αὐτοὺς
1515 4820 1612 4871 καὶ
1638 4819 1816 4888 λέγειν
1834 4808 1883 4883 ι),
1923 4808 2005 4875 ὅτι

424 4890 632 4955 πολλοὶ,
678 4892 792 4945 ἀλλ’
827 4896 1266 4968 ἐπιστομίζωμεν
1312 4898 1464 4972 [680]
1517 4902 1612 4955 καὶ
1663 4902 2001 4975 κατέχωμεν.

424 4975 516 5045 Μή
559 4992 649 5043 μοι
681 4975 827 5043 λέγε,
857 4978 939 5031 ὅτι
973 4980 1159 5034 πολλοὶ
1205 4982 1561 5053 ἐνήστευσαν,
1599 4983 1734 5039 ἀλλὰ
1778 4985 2006 5057 διόρθω-

426 5074 516 5111 σαι
549 5059 674 5121 τοὺς
700 5059 944 5125 πολλούς.
967 5063 1043 5115 Οὐ
1091 5064 1180 5119 διὰ
1223 5064 1383 5117 τοῦτο
1415 5065 1703 5130 τοσούτους
1752 5069 2006 5140 ἀνήλωσα

423 5138 635 5207 λόγους,
671 5142 757 5193 ἵνα
780 5147 1163 5217 κατηγορήσῃς
1196 5146 1303 5200 τῶν
1340 5146 1571 5215 πολλῶν,
1612 5147 1724 5201 ἀλλ’
1753 5138 1849 5202 ἴνα
1881 5153 2003 5216 τοὺς

423 5222 656 5286 πολλοὺς
703 5226 939 5298 ποιήσῃς
971 5227 1207 5295 ὀλίγους,
1247 5229 1445 5299 μᾶλλον
1488 5229 1545 5282 δὲ
1596 5230 1731 5301 μηδὲ
1767 5231 2002 5302 ὀλίγους,

422 5302 564 5358 ἀλλά
603 5305 698 5358 καὶ
733 5307 931 5372 αὐτοὺς
970 5309 1312 5383 διασώσῃςο.
1348 5312 1442 5384 Μὴ
1472 5312 1652 5367 τοίνυν
1688 5314 2004 5386 ἐκπόμπευε

485 5431 718 5501 {Novem
742 5448 862 5501 ms_s,
881 5442 965 5495 τῆς
988 5438 1259 5501 ἐκκληᾴας,
1285 5452 1397 5501 quae
1434 5440 1584 5490 lectio
1603 5454 1703 5492 non
1727 5445 1851 5494 mala
1892 5459 2001 5496 cum

419 5493 1053 5569 νει-ιιοηκατασκεδάῃυταικ
1070 5493 1194 5569 qura
1216 5493 1427 5562 ᾁοέιιιοτ
1445 5503 1674 5560 mssxaic
1696 5493 1869 5569 φήμαις
1892 5493 2006 5557 ταύῖ

419 5569 523 5618 ταις
544 5555 713 5618 (Savil.
736 5558 925 5618 κακαῖς)
945 5560 1163 5617 πολλούς.

484 5614 513 5703 '3
534 5614 1262 5703 9R§‘3°§.1¥§‘;.‘&?$EW¢
1287 5624 1477 5703 97393
1491 5623 1643 5703 ταῖντς
1664 5632 2002 5703 ονγιωρένμενρ

420 5674 512 5748 ειᾲν
534 5677 701 5725 πολλοι
725 5678 844 5726 ὦσιν
862 5683 907 5728 οι
929 5674 1298 5745 ἀμάμάωύὶάξ
1315 5674 1378 5747 μὴ
1401 5674 1715 5748 ἐπιπομπεύειν
1731 5674 2002 5746 ὁὶὖὲὄιξῖάί

531 5753 587 5782 ιν.

487 5798 510 5827 ⁶
537 5796 743 5846 Plurimi
763 5810 866 5847 ω
910 5801 1079 5855 αὐτοὺς
1098 5805 1291 5863 τούτους
1311 5807 1567 5869 διασώσῃς.

1133 303 1190 359 S.
1228 303 1516 360 JOANNIS
1554 301 2042 361 CHRYSOSTOMI
2088 301 2407 360 ARCHIEP.
2446 304 2997 363 CONSTANTINOP.

2102 421 2171 475 τὰ
2216 422 2609 494 ἁμαρτήματα,
2647 421 2781 474 ἀλλὰ
2832 416 3341 490 θεράπευε.”Ωσπερ
3368 415 3481 488 γὰρ
3517 421 3575 471 oi
3603 420 3695 471 ἐκ·

2101 505 2494 575 πομπεύοντες,
2530 508 2623 559 καὶ
2664 508 2744 567 εἰς
2777 504 2934 556 τοῦτο
2971 501 3130 572 μόνον
3177 501 3563 570 ἐσχολακότες,
3592 502 3700 557 κᾶν

2100 588 2266 656 ὀλίγοι
2313 582 2445 641 ὦσιν
2491 590 2540 641 οί
2598 587 3001 658 ἡμαρτηκότες.
3035 583 3264 647 πολλοὺς
3295 584 3499 647 αὐτοὺς
3533 585 3696 654 νομί-

2102 671 2289 734 ζεσθαι
2324 671 2603 725 ποιοῦσιν·
2649 671 2823 732 οὓτως
2871 669 2921 720 οἱ
2971 666 3369 731 συστέλλοντες,
3419 668 3520 722 καὶ
3568 671 3699 733 τοὺς

2101 754 2551 823 ἐκπομπεύοντας
2599 751 3063 822 ἐπιστομίζοντες,
3105 751 3200 804 καὶ
3240 748 3347 803 τῶν
3395 753 3701 805 πεπτωκό-

2100 852 2209 890 των
2240 835 2680 906 ἐπιμελούμενοι,
2720 833 2823 888 κᾶν
2846 833 3030 887 πολλοὶ
3059 827 3215 896 ὦσιν,
3241 832 3441 896 αὐτούς
3457 850 3524 885 τε
3548 835 3700 886 ἐκεί-

2101 937 2224 985 νους
2269 919 2606 989 διορθοῦνται
2657 918 2875 991 ῥᾳδίως,
2907 918 3003 971 καὶ
3044 916 3234 970 οὐδένα
3267 916 3454 987 ἓτερον
3488 917 3561 970 ἐκ
3597 918 3702 987 τῆς

2102 1002 2304 1055 τούτων
2331 1003 2522 1070 ἀφιᾶσι
2568 1000 2984 1073 παραϐλαὸῆναι
3032 1000 3242 1070 φήμης.
3286 999 3401 1052 Οὐκ
3446 1002 3701 1069 ἤκουσας

2102 1086 2183 1137 ὅτι
2210 1085 2424 1157 θρηνῶν
2456 1085 2546 1137 τὸν
2586 1084 2759 1138 Σαοὺλ
2792 1086 2821 1137 ὁ
2862 1082 3022 1137 Δαυῒδ
3062 1083 3250 1151 ἔλεγε·
3287 1080 3419 1148 Πῶς
3459 1084 3705 1138 ἔπεσον

2103 1167 2350 1222 δυνατοί
2374 1186 2391 1233 ;
2425 1168 2522 1236 Μὴ
2546 1168 2938 1237 drum-eunte
2969 1169 3057 1232 είς
3084 1164 3224 1228 Γὲθ,
3246 1165 3404 1234 μηδὲ
3438 1168 3699 1236 εὐαγγε-

2101 1254 2364 1317 λίσησθε
2395 1253 2466 1304 ἐν
2501 1249 2633 1318 ταῖς
2666 1250 2829 1317 ὁδοῖς
2871 1249 3264 1315 Ἀσκάλωνος,
3294 1248 3456 1316 ὅπως
3478 1253 3575 1320 μὴ
3598 1254 3704 1305 εὐ-

2103 1333 2409 1403 φρανθῶσι
2459 1333 2778 1405 θυγατέρες
2820 1333 3208 1402 ἀλλοφύλων,
3248 1332 3406 1401 μηδὲ
3445 1332 3702 1402 γαυρῶ-

2104 1432 2257 1470 σωσι
2288 1417 2609 1487 θυγατέρες
2642 1416 3074 1485 ἀπερίτμήτων.
3097 1416 3159 1467 El
3180 1414 3237 1468 δὲ
3267 1417 3507 1487 πρᾶγμα
3534 1433 3702 1485 φανε-

2106 1501 2198 1570 ρὸν
2231 1502 2331 1554 οὐκ
2364 1500 2614 1554 ἐϐούλετο
2645 1498 3115 1570 ἐκπομπεύεσθαι,
3148 1498 3288 1552 ὥστε
3331 1500 3407 1569 μὴ
3432 1501 3701 1567 γενέσθαι

2102 1589 2215 1648 τοῖς
2241 1584 2507 1648 ἐναντίοις
2534 1584 2749 1655 ἡδονὴν,
2778 1584 2935 1652 πόσῳ
2964 1582 3163 1653 μᾶλλον
3188 1581 3361 1636 ταῦτα
3398 1584 3462 1635 οῦ
3487 1584 3575 1636 δεῖ
3600 1587 3700 1637 ἐκ-

2104 1669 2291 1739 φέρειν
2322 1669 2401 1729 είς
2428 1670 2526 1730 τὰς
2570 1667 2768 1733 ἔξωθεν
2802 1666 2992 1730 ἀκοὰς,
3022 1664 3223 1735 μᾶλλον
3249 1665 3306 1718 δὲ
3334 1664 3459 1718 οὐδὲ
3490 1668 3579 1729 εἰς
3601 1668 3701 1730 τὰς

2107 1753 2237 1822 παρ’
2270 1752 2403 1820 ἡμῖν
2419 1749 2468 1813 δ,
2516 1751 2604 1802 ἴνα
2637 1751 2772 1820 μήτε
2796 1750 2845 1802 οί
2878 1749 3064 1821 ἐχθροὶ
3095 1748 3384 1812 ἀκούοντες
3429 1750 3701 1820 χαίρωσι,

2107 1835 2244 1903 μήτε
2276 1834 2325 1886 οί
2347 1834 2537 1886 οίκεῖοι
2564 1832 2924 1902 μανθάνοντες
2966 1832 3408 1893 καταπίπτωσιν,
3436 1832 3582 1886 ἀλλά
3609 1850 3701 1885 συ-

2107 1914 2342 1968 στέλλειν
2371 1916 2466 1969 καὶ
2495 1916 2891 1986 περιφράσσειν
2915 1913 3270 1984 πανταχόθεν.
3294 1916 3385 1984 Μή
3422 1933 3519 1984 μοι
3542 1915 3701 1983 λέγε,

2103 1997 2184 2050 ὅτι
2227 1998 2317 2068 Τῷ
2363 1998 2494 2052 δεῖνι
2537 1995 2723 2051 εἶπον·
2766 1997 2918 2069 παρὰ
2963 1996 3144 2067 σαυτῷ
3177 1996 3373 2066 κάτεχε
3406 1997 3471 2051 τὸ
3516 1999 3697 2068 ῥῆμα.

2106 2079 2317 2149 Ὠσπερ
2342 2081 2449 2152 γὰρ
2476 2080 2540 2133 σὺ
2567 2081 2668 2134 οὐκ
2697 2081 3075 2153 ἐκαρτέρησας
3107 2080 3349 2149 σιγῆσαι,
3373 2079 3557 2144 οὕτως
3576 2080 3700 2136 οὐδὲ

2104 2162 2311 2225 ἐκεῖνος
2344 2159 2615 2228 ἀνέξεται.

2174 2243 2426 2299 ε’.Ταῦτα
2442 2246 2502 2297 ού
2518 2263 2583 2298 πε
2589 2246 2643 2317 ρὶ
2659 2246 2759 2316 τῆς
2776 2245 3057 2318 παρούσης
3072 2247 3325 2316 νηστείας
3339 2245 3490 2314 λέγω
3507 2247 3698 2316 μόνον,

2103 2326 2241 2380 ἀλλά
2260 2329 2355 2382 καὶ
2381 2329 2509 2399 περὶ
2529 2328 2703 2383 ἄλλων
2729 2330 2938 2400 μυρίων
2958 2329 3390 2400 ἁμαρτημάτων.
3415 2330 3511 2401 Μὴ
3536 2330 3704 2384 τοῦτο

2105 2413 2399 2483 σκοπῶμεν
2448 2413 2629 2482 μόνον,
2662 2416 2711 2466 εἰ
2752 2413 2937 2466 πολλοὶ
2972 2414 3023 2467 οἱ
3054 2414 3527 2485 παρασυρόμενα,
3560 2414 3705 2469 ἀλλὰ

2104 2497 2280 2549 ἐκεῖνο
2328 2498 2714 2567 σκοπήσωμεν,
2744 2497 2895 2559 ὅπως
2925 2496 3122 2559 αὐτοὺς
3163 2496 3572 2566 ἀπαγάγωμεν.
3603 2497 3701 2568 Μὴ

2104 2579 2421 2649 ἐπαίρωμεν
2452 2581 2521 2633 τὰ
2546 2579 2655 2632 τῶν
2680 2579 2973 2649 πολεμίων,
3001 2581 3097 2633 καὶ
3124 2579 3194 2633 τὰ
3215 2580 3464 2652 ἡμέτερα
3494 2580 3701 2635 καθαι-

2108 2661 2325 2731 ρῶμεψ
2380 2662 2454 2733 μὴ
2493 2662 2746 2733 ἰσχυροὺς
2796 2662 3039 2725 ἐκείνους
3084 2662 3505 2733 ἀποφαίνωμεν,
3539 2664 3612 2717 τὰ
3644 2664 3703 2717 δὲ

2106 2744 2350 2815 ἡμέτερα
2386 2745 2589 2816 ἀσθενῆ
2610 2760 2623 2774 '
2657 2744 2794 2799 ἀλλά
2826 2745 3135 2799 τούναντίον
3179 2747 3327 2800 ἅπαν
3364 2746 3702 2817 ἐργασώμε-

2106 2828 2192 2882 θα.
2224 2824 2347 2881 Οἶδε
2373 2829 2470 2881 καὶ
2495 2829 2569 2899 φή
2580 2846 2651 2899 μη
2682 2828 2943 2892 πολλάκις
2970 2829 3218 2882 καθελεῖν
3260 2829 3357 2883 καὶ
3385 2830 3703 2901 ἀναστῆσαι

2103 2910 2302 2982 ψυχὴν,
2335 2912 2428 2964 καὶ
2469 2910 2568 2981 τὴν
2611 2912 2710 2964 οὐκ
2749 2907 2915 2965 οὖσαν
2949 2912 3257 2983 προθυμίαν
3286 2912 3579 2982 ἐμϐαλεῖν,
3609 2914 3702 2966 καὶ

2102 2994 2204 3063 τὴν
2232 2991 2399 3048 οὖσαν
2431 2994 2732 3049 καταλῦσαι
2766 2995 2948 3049 πάλιν.
2977 2994 3077 3048 Διά
3113 2995 3269 3049 τοῦτο
3296 2996 3565 3066 παραινῶ
3604 2997 3702 3059 τὰς

2106 3080 2295 3148 φήμας
2338 3075 2523 3143 αὔξειν
2573 3078 2810 3141 ἐκείνας,
2841 3077 2898 3130 αἳ
2931 3076 3001 3130 τά
3024 3077 3268 3148 ἡμέτερα
3296 3079 3529 3150 αἴρουσι
3562 3080 3701 3150 πρά-

2104 3176 2312 3230 γματα,
2339 3160 2435 3213 καὶ
2468 3159 2680 3230 μεγάλα
2707 3158 2921 3212 ποιοῦσι
2951 3161 3232 3227 φαίνεσθαι
3257 3177 3270 3191 ο
3298 3161 3443 3215 ἀλλά
3464 3162 3703 3233 μὴ’ἐκεία

2104 3260 2221 3307 νας,
2249 3243 2306 3296 αἳ
2334 3242 2430 3295 τοῦ
2460 3242 2642 3296 κοινοῦ
2668 3241 2778 3296 τῶν
2808 3241 3054 3311 ἀδελφῶν
3083 3243 3449 3311 καταχέουσιν
3472 3244 3697 3307 ὄνειδος.

2105 3326 2225 3380 Κᾶν
2263 3326 2362 3396 μὲν
2390 3324 2715 3395 ἀκούσωμέν
2735 3341 2788 3377 τι
2815 3324 3073 3396 χρηστὸν,
3105 3328 3183 3388 εἰς
3206 3326 3423 3390 πάντας
3447 3329 3697 3399 ἐκφέρειν

2109 3426 2209 3478 μεν
2226 3425 2240 3439 °
2281 3409 2347 3462 ἂν
2383 3408 2442 3462 δέ
2464 3425 2520 3461 τι
2544 3407 2748 3476 φαῦλον
2779 3409 2872 3461 καὶ
2898 3406 3152 3479 πονηρὸν.
3188 3411 3319 3478 παρ’
3347 3411 3582 3475 ἑαυτοῖς
3606 3427 3696 3465 κα-

2104 3491 2493 3562 τακρύψωμεν,
2524 3492 2618 3545 καὶ
2649 3491 2797 3555 ὅπως
2842 3490 3119 3560 ἀνέλωμεν
3145 3492 3278 3545 αὐτὸ
3309 3494 3502 3548 πάντα
3548 3497 3696 3565 ποιή-

2108 3591 2309 3644 σωμεν.
2341 3575 2452 3628 Καὶ
2476 3573 2571 3628 νῦν
2591 3572 2770 3627 τοίνυν
2800 3573 3193 3646 περιέλθωμεν,
3224 3574 3699 3647 πολυπραγμονήρ

2107 3673 2309 3727 σωμεν,
2352 3655 2551 3725 ἴδωμεν
2596 3658 2724 3720 τοὺς
2774 3656 3059 3721 πεσόντας,
3100 3655 3203 3709 κᾶν
3248 3657 3329 3719 είς
3375 3658 3571 3712 οίκίαν
3611 3658 3699 3728 δὲῃ

2107 3738 2391 3803 εξσελθεῖν,
2425 3739 2501 3809 μὴ
2556 3740 3003 3810 κατοκνήσωμεν.
3037 3739 3100 3792 EE
3146 3739 3203 3791 δὲ
3257 3739 3552 3807 ἄγνωστος
3598 3742 3697 3811 εἴη,

2108 3822 2200 3876 καὶ
2231 3820 2542 3893 μηδαμόθεν
2566 3837 2647 3874 σοι
2677 3824 2971 3892 προσήκων
2992 3824 3020 3875 ὁ
3045 3820 3375 3886 πεπτωκὼς,
3407 3825 3702 3894 περιέργεια

2107 3922 2197 3957 σαι
2223 3905 2315 3957 καὶ
2345 3904 2894 3975 πολυπραγμόνησον,
2915 3904 3037 3957 τίνα
3062 3904 3175 3973 ἔχει
3204 3904 3359 3972 φίλον
3390 3906 3494 3958 καὶ
3515 3905 3701 3976 ἐπιτή-

2107 3986 2268 4050 δειον,
2310 3987 2402 4039 καὶ
2447 3986 2552 4038 τίνι
2602 3987 2838 4053 μάλιστα
2887 3986 3152 4041 πείθεται.
3186 3988 3446 4040 κάκεῖνον
3493 3988 3697 4050 λαϐὼν,

2108 4068 2315 4120 εῖσελθε
2341 4071 2419 4129 εἰς
2452 4069 2549 4137 τήν
2578 4069 2756 4122 οἰκίαν
2780 4086 2792 4097 ·
2828 4069 2902 4139 μὴ
2927 4068 3241 4139 αἰσχυνθῇς,
3276 4070 3416 4139 μηδέ
3444 4071 3703 4142 ἐρυθριά-

2109 4164 2231 4222 σῃς.
2261 4149 2322 4201 Εἰ
2356 4149 2456 4219 μὲν
2480 4149 2589 4219 γὰρ
2614 4151 2876 4220 χρήματα
2906 4153 3108 4221 εἰσῄεις
3153 4155 3422 4221 αἰτήσων,
3465 4154 3505 4224 ἢ
3542 4155 3703 4226 χάριν

2106 4232 2230 4284 τινὰ
2258 4230 2562 4302 ληψόμενος
2588 4233 2718 4302 παρ’
2745 4231 2933 4295 αὑτοῦ,
2960 4233 3108 4296 εἰκὸς
3133 4230 3201 4305 ἦν
3228 4235 3625 4304 αἰσχύνεσθαι·
3654 4238 3704 4290 εί

2106 4314 2166 4367 δὲ
2195 4315 2336 4384 ὑπὲρ
2357 4314 2459 4384 τῆς
2486 4314 2695 4367 ἐκείνου
2730 4316 3007 4387 σωτηρίας
3034 4317 3270 4388 τρέχεις.
3297 4318 3331 4387 ἡ
3356 4319 3459 4387 τῆς
3488 4321 3704 4374 εἰσόδου

2108 4396 2382 4467 πρόφασις
2427 4396 2680 4451 ἁπάντων
2707 4398 3006 4452 ἀπαλάττει
3045 4416 3107 4452 σε
3145 4399 3254 4452 τῶν
3300 4401 3702 4471 ἐγκλημάτων.

2108 4479 2494 4551 Παρακάθισον
2540 4480 2639 4552 δὴ,
2689 4480 2786 4535 καὶ
2838 4482 2959 4571 εἰπὲ
3000 4482 3137 4554 πρὰς
3165 4484 3374 4571 ἀύτὸν,
3422 4485 3703 4571 ἑτέρωθεν
3808 4534 3809 4571 1

2109 4563 2476 4633 ποιησάμενος
2519 4563 2621 4633 τὴν
2665 4564 2863 4635 ἀρχὴν,
2889 4564 3029 4618 ὥστε
3082 4565 3392 4621 ἀνύποπτον
3435 4569 3703 4635 γενέσθαι

2107 4644 2206 4714 τὴν
2239 4644 2545 4715 διόρθωσιν.
2564 4646 2856 4711 Ἐπαινεῖς,
2899 4648 3020 4701 εἰπέ
3066 4666 3177 4719 μοι,
3211 4649 3334 4713 τοὺς
3375 4650 3698 4716 Ἰουδαίους,

2107 4726 2187 4779 ὅτι
2235 4727 2326 4779 τὸν
2375 4727 2609 4797 Χριστὸν
2635 4729 3008 4800 ἐσταύρωσαν,
3040 4731 3135 4784 καὶ
3162 4731 3587 4802 βλασφημοῦσιν
3621 4736 3703 4798 εἰς

2107 4808 2270 4862 αὐτὸν
2305 4808 2419 4874 νῦν,
2453 4811 2549 4863 καὶ
2580 4812 2896 4882 παράνομον
2944 4812 3109 4867 αὑτὸν
3158 4812 3412 4878 καλοῦσις
3464 4815 3702 4879 Πάντως

2106 4892 2207 4944 οὐκ
2233 4891 2503 4958 ἀνέξεται,
2549 4892 2700 4965 [681]
2733 4895 2830 4948 ἐὰν
2921 4897 3264 4968 Χριστιανὸς,
3293 4896 3396 4950 κᾶν
3426 4901 3702 4968 μυριάκις

2110 4974 2369 5046 ίουδαῗζῃ,
2398 4977 2498 5029 οὐκ
2541 4976 2787 5044 ἀνέξεται
2832 4981 3006 5035 εἰπεῖν
3031 4982 3113 5035 ὅτι
3153 4979 3421 5034 Ἐπαινῶο
3451 4981 3578 5034 ἀλλ’
3603 4987 3699 5054 ἐμο

2106 5058 2302 5129 φράξει
2342 5059 2440 5129 τὴν
2485 5060 2655 5132 ἀκοὴν
2686 5063 2777 5114 καὶ
2806 5061 2923 5131 ἐρεῖ
2948 5062 3087 5134 πρὸς
3114 5063 3193 5127 σὲ,
3223 5062 3312 5134 Μὴ
3338 5063 3582 5132 γένοιτο,
3608 5067 3700 5120 εὕρ

2107 5142 2179 5211 φή
2188 5157 2298 5211 μει,
2333 5140 2606 5213 ἄνθρωπε.
2643 5138 2776 5197 Εἶτα
2798 5145 2927 5198 ὅταν
2956 5146 3120 5199 αὑτοῦ
3147 5145 3315 5217 λάϐῃς
3342 5146 3442 5216 τὴν
3478 5166 3696 5218 συγκα-

2105 5221 2345 5284 τάθεσιν,
2371 5224 2533 5277 πάλιν
2558 5226 2890 5293 ἐπανάλαϐε,
2919 5228 3013 5282 καὶ
3042 5229 3162 5283 είπέ
3179 5247 3192 5259 ·
3235 5228 3360 5292 Πῶς
3386 5225 3489 5283 οὖν
3509 5234 3696 5294 αὐτοῖς

2107 5308 2403 5369 κοινωνεῖς,
2450 5307 2567 5361 είπέ
2594 5325 2713 5378 μοις
2749 5309 2867 5374 πῶς
2906 5311 3152 5381 μετέχεις
3178 5313 3277 5384 τῆς
3312 5313 3543 5385 ἑορτῆς,
3582 5316 3695 5378 πῶς

2107 5389 2228 5457 μετ’
2256 5388 2480 5443 ἐκείνων
2528 5391 2843 5462 νηστεύεις;
2895 5389 3030 5448 Εἶτα
3079 5395 3460 5467 κατηγόρηοον
3516 5398 3695 5451 αὐτῶν

2106 5470 2204 5540 τῆς
2234 5470 2658 5543 ἀγνωμοσύνης·
2691 5475 2811 5528 είπέ
2847 5475 2946 5546 τὴν
2982 5477 3324 5546 παρανομίαν
3358 5478 3595 5533 ἃπασαν
3630 5481 3693 5549 ἢν

2106 5554 2165 5606 ἐν
2196 5556 2317 5617 ταῖς
2346 5555 2653 5625 ἔμπροσθεν
2681 5557 2914 5629 ἡμέραις
2941 5558 3156 5629 διῆλθον
3181 5560 3315 5630 πρὸς
3345 5562 3451 5632 τὴν
3494 5558 3699 5634 ὑμετέέ

2107 5653 2208 5707 ραν
2245 5637 2485 5709 ἀγάπην,
2514 5638 2611 5711 τὴν
2657 5641 2765 5694 ἀπὸ
2792 5640 2887 5695 τοῦ
2917 5642 3105 5708 τόπου,
3131 5641 3228 5712 τὴν
3275 5642 3389 5695 ἀπὸ
3431 5644 3541 5698 τοῦ
3584 5663 3693 5698 και⁹

2170 5748 2203 5833 ἶ
2220 5750 2567 5833 Septem‘mss.
2594 5756 2659 5833 εἰς
2693 5756 2948 5833 τοὺςὶπαρέ
2983 5758 3110 5820 ἡμῖν.
3142 5757 3295 5807 Paulo
3311 5766 3449 5821 post.
3481 5775 3689 5833 quanto:

2106 5823 2222 5863 mss.
2250 5816 2521 5864 συστέλλειν
2539 5818 2619 5865 καὶ
2640 5816 3011 5880 περικαλύπτειν.

3762 5284 3803 6098 ἕ
