3862 6228
192 309 306 365 933

172 430 229 483 ei
252 429 526 486 sanaveris
554 428 871 483 tolerantia:
914 428 1001 483 ille
1045 436 1093 482 te
1120 426 1273 483 faciet
1292 426 1533 482 ditiorem
1574 426 1762 497 quovis

188 522 461 575 thesauro.
497 519 599 586 Qui
622 520 755 574 enim
782 518 1009 574 eduxerit
1040 522 1314 588 pretiosum
1340 536 1373 572 a
1401 519 1507 584 vili,
1528 528 1766 588 tanquam

190 627 249 665 os
277 627 445 663 meum
472 610 571 664 erit
606 608 738 680 (Jer.
761 608 846 663 15.
869 610 978 679 19),
1015 610 1184 679 inquit
1210 611 1318 665 ille.
1348 610 1484 678 Quid
1525 609 1648 664 huic
1674 625 1768 679 po-

211 721 221 735 ·
247 700 314 753 rit
338 699 689 769 aequiparari?
717 699 868 765 Quod
897 714 1066 769 neque
1089 700 1350 769 jejunium
1370 742 1386 767 ,
1416 715 1586 770 neque
1621 700 1769 753 humi

226 801 421 844 eracta:
452 791 797 858 cubationes,
840 806 1015 862 neque
1058 792 1366 862 pervigilia,
1415 807 1586 861 neque
1623 792 1767 847 aliud

186 883 459 952 quidpiam
491 891 666 952 potest
704 883 953 949 efficere,
996 884 1047 939 id
1073 884 1241 939 efficit
1280 883 1460 939 fratris
1486 896 1766 954 procurata

188 976 356 1029 salus.
401 975 586 1046 Cogita
616 991 774 1046 quam
814 977 974 1031 multa
1016 987 1164 1031 tuum
1203 992 1264 1032 os
1309 976 1614 1045 frequenter
1646 992 1769 1046 pec-

188 1067 413 1131 caverit,
441 1082 597 1135 quam
625 1068 788 1121 multa
818 1069 978 1121 verba
1003 1068 1253 1123 ohscmna
1283 1068 1581 1138 protulerit,
1611 1082 1768 1137 quam

192 1156 359 1209 multa
382 1157 621 1211 convicia
640 1197 658 1220 ,
680 1172 839 1225 quam
861 1158 1024 1211 multa
1053 1158 1331 1213 maledicta
1355 1159 1657 1213 evomuerit
1674 1200 1689 1224 ,
1716 1168 1771 1213 et

190 1249 415 1303 omnino
439 1249 702 1318 suscipies
735 1250 953 1318 collapsi
996 1264 1198 1303 curam.
1235 1249 1365 1303 Nam
1395 1251 1494 1304 hoc
1538 1264 1644 1303 uno
1678 1249 1772 1304 be-

189 1337 405 1392 nefacto
428 1353 642 1394 omnem
673 1339 814 1393 illam
834 1339 1012 1393 delere
1037 1340 1293 1393 maculam
1318 1339 1535 1407 poteris.
1559 1338 1627 1393 Et
1646 1338 1771 1408 quid

192 1427 319 1481 dico
344 1427 558 1481 delere?
582 1428 767 1482 Facies
793 1438 851 1482 ut
870 1430 939 1482 sit
967 1444 1027 1482 os
1056 1438 1216 1483 tuumz
1234 1430 1371 1483 sicut
1399 1445 1472 1483 os.
1488 1430 1603 1484 Dei.
1633 1429 1769 1497 Quid

197 1516 323 1570 huic
372 1516 559 1571 honori
610 1520 777 1586 possit
812 1518 1165 1588 aequiparari?
1193 1518 1307 1573 Non
1335 1520 1475 1574 enim
1527 1533 1626 1589 ego
1673 1520 1770 1572 ista

194 1607 484 1675 polliceor;
511 1607 623 1676 ipse
664 1608 803 1661 Deus
830 1608 933 1663 hoc
974 1608 1123 1663 dixit.
1169 1609 1226 1663 Si
1267 1625 1428 1663 unum
1470 1610 1771 1680 quempiam

194 1700 465 1765 eduxeris,
498 1701 688 1770 inquit,
719 1709 776 1755 ut
815 1717 876 1755 os
920 1716 1127 1767 meum,
1162 1703 1263 1756 erit
1290 1718 1353 1757 os
1395 1712 1540 1757 tuum
1584 1717 1773 1771 purum

195 1802 568 1861 sanctumque.
610 1791 690 1847 Ne
744 1793 901 1861 igitur
944 1793 1272 1862 negligamus
1324 1794 1547 1857 fratres,
1603 1809 1774 1863 neque

196 1880 594 1934 circumeuntes
621 1880 878 1945 dicamus,
907 1897 1064 1950 quam
1091 1882 1241 1935 multi
1268 1883 1594 1951 jejunarunt,
1616 1900 1773 1953 quam

199 1968 351 2021 multi
394 1969 666 2037 intercepti
695 1978 850 2036 sunt,
878 1970 970 2025 sed
1001 1984 1182 2024 curam
1220 1972 1512 2027 habeamus
1540 1972 1770 2027 illorum.

204 2059 420 2111 Etiamsi
470 2059 619 2112 multi
648 2060 754 2112 sint
788 2061 877 2129 qui
905 2060 1254 2129 jejunarunt:
1302 2070 1389 2127 tu,
1436 2062 1663 2129 dilecte,
1708 2080 1775 2118 ne

200 2151 415 2220 evulges
434 2150 837 2220 ignominizeque
859 2167 1094 2220 exponas
1112 2150 1366 2207 Ecclesia:
1386 2153 1772 2219 calamitatem;

202 2241 294 2295 sed
326 2241 540 2295 medere
580 2242 772 2310 potius.
804 2242 868 2295 Et
906 2243 950 2295 si
981 2244 1099 2312 quis
1136 2243 1353 2307 dixerit,
1390 2244 1538 2299 multi
1568 2244 1779 2314 jejuna-

204 2342 345 2392 runt,
369 2332 556 2385 obtura
584 2333 654 2386 illi
681 2348 764 2395 es,
790 2349 855 2388 ne
883 2332 1025 2387 fama
1052 2334 1368 2405 divulgetur,
1392 2336 1548 2404 eique
1567 2336 1730 2389 dicito
1760 2354 1772 2389 :

201 2436 301 2490 ego
328 2421 595 2476 neminem
623 2423 778 2486 novi;
808 2423 1060 2491 deceptus
1088 2438 1181 2489 es,
1215 2426 1395 2490 homo,
1426 2424 1730 2495 fallerisque
1760 2446 1773 2480 :

202 2528 428 2583 cumque
477 2529 639 2567 unum
686 2524 850 2583 atque
896 2516 1119 2570 alterum
1160 2518 1505 2586 interceptum
1546 2519 1774 2585 videris,

204 2604 339 2657 dicis
375 2604 492 2657 illos
522 2620 641 2659 esse
684 2607 900 2661 multos.
943 2609 1019 2662 Ac
1058 2607 1281 2662 delatori
1322 2609 1533 2677 quidem
1565 2610 1778 2679 impone

201 2695 467 2748 silentium
499 2713 513 2749 :
542 2706 796 2751 caeterum
836 2713 931 2753 eos
966 2700 1057 2769 qui
1102 2701 1375 2770 intercepti
1419 2710 1543 2755 sunt
1586 2718 1654 2755 ne
1685 2716 1779 2757 ne-

201 2784 449 2853 glexeris,
500 2793 557 2839 ut
584 2786 831 2857 utrinque
874 2791 1035 2843 multa
1072 2793 1326 2844 securitas
1368 2793 1639 2863 contingat
1678 2792 1781 2847 Eo-

200 2875 399 2936 clesiae,
434 2886 543 2930 tum
588 2892 655 2932 ex
692 2893 757 2932 eo
793 2880 931 2949 qut-d
974 2882 1111 2934 fama
1149 2897 1252 2934 non
1298 2883 1368 2935 sit
1403 2883 1633 2954 vulgata,
1668 2894 1779 2937 tum

200 2966 344 3035 quod
385 2983 481 3023 eos
525 2969 669 3039 ipsos
710 2970 1031 3040 interceptos
1068 2974 1133 3026 ad
1179 2988 1389 3028 sacrum
1435 2991 1646 3046 gregem
1698 2991 1779 3030 re-

204 3055 440 3110 duxeris.

271 3146 489 3201 Peccata
507 3148 725 3217 fratrum
748 3151 1068 3221 corrigenda,
1091 3169 1189 3205 non
1213 3153 1484 3223 vulganda.
1503 3155 1660 3210 —Ne
1683 3157 1779 3226 igi-

201 3246 285 3290 tur
321 3237 721 3292 obambulantes
745 3239 1034 3294 rcferamus
1061 3243 1147 3309 qui
1174 3246 1536 3310 peccaverint;
1567 3247 1661 3300 sed
1703 3248 1781 3302 fe-

198 3326 459 3379 atinemus
476 3338 529 3379 ut
550 3342 643 3382 eos
658 3328 849 3392 solum,
874 3330 961 3398 qui
986 3339 1289 3398 peccat-unt,
1313 3334 1654 3403 corrigamus.
1686 3336 1781 3390 Est

198 3416 342 3469 enim
372 3431 527 3484 prava
550 3420 901 3484 consuetudo,
934 3430 1134 3474 tantum
1162 3437 1414 3479 accusare
1441 3424 1650 3491 fratres,
1681 3443 1781 3483 nec

201 3505 408 3559 illorum
438 3522 618 3561 curam
651 3508 880 3575 habere;
912 3510 1124 3581 vulgare
1146 3513 1281 3566 mala
1305 3514 1656 3582 inlirmorum,
1680 3533 1779 3572 nec

202 3597 422 3651 mederi.
452 3599 764 3652 Auferamus
808 3600 965 3669 igitur
1004 3602 1137 3656 hanc
1177 3618 1392 3671 pravam
1434 3607 1778 3662 consuetudi-

202 3703 344 3752 nem,
399 3690 655 3744 carissimi
684 3706 700 3743 :
732 3707 902 3760 neque
930 3692 1072 3746 enim
1103 3709 1165 3748 ea
1205 3695 1526 3751 mediocrem
1575 3708 1776 3767 pestem

203 3776 421 3830 invehit.
467 3778 533 3830 Et
562 3794 668 3848 quo
694 3790 866 3848 pacto,
897 3797 997 3852 ego
1036 3784 1227 3837 dicam.
1258 3787 1471 3841 Audivit
1494 3789 1685 3858 aliquis
1714 3808 1778 3845 ex

206 3878 256 3919 te
295 3868 435 3935 quod
464 3872 612 3922 multi
663 3886 783 3923 cum
828 3870 1027 3926 Judmis
1072 3873 1474 3943 jujunaverint;
1529 3881 1782 3951 nulloque

199 3959 477 4027 priumisso
515 3964 760 4016 examine
796 3963 884 4016 alii
926 3965 977 4017 in
1025 3967 1241 4021 verbum
1286 3972 1493 4038 aperuit
1537 3986 1550 4024 :
1596 3988 1780 4028 rursus

199 4050 288 4104 ille
319 4066 500 4118 parum
530 4060 781 4117 attentus,
826 4054 980 4108 alteri
1012 4055 1113 4109 hoc
1134 4057 1304 4125 ipsum
1328 4064 1609 4129 eloquutus
1651 4072 1733 4117 est
1762 4080 1777 4128 ;

200 4140 392 4195 deinde
422 4143 675 4211 paulatim
699 4143 798 4197 hac
827 4146 962 4198 mala
990 4144 1126 4199 fama
1153 4150 1502 4215 increscente,
1534 4168 1780 4221 magnum

202 4232 416 4300 quidem
444 4235 694 4301 probrum
719 4233 1012 4290 offunditur
1057 4237 1346 4293 Ecclesiae:
1396 4234 1479 4295 bis
1521 4259 1646 4297 vero
1689 4248 1778 4314 qui

200 4324 491 4392 perierunt,
523 4325 663 4378 nulla
692 4325 911 4380 affertur
938 4328 1156 4395 utilitas,
1188 4332 1317 4399 quin
1346 4333 1519 4401 potius
1565 4337 1770 4404 gratis-

200 4414 335 4468 sima
367 4431 526 4481 noxa,
562 4426 669 4470 tum
697 4416 800 4483 his,
851 4427 961 4471 tum
992 4420 1129 4474 aliis.
1178 4422 1395 4476 Etiamsi
1441 4426 1581 4479 enim
1629 4429 1778 4495 pauci

202 4505 417 4570 fuerint,
448 4522 546 4561 nos
575 4517 749 4561 tamen
779 4525 873 4562 eos
902 4513 1207 4567 rumoribus
1250 4513 1431 4568 multis
1467 4518 1661 4569 multos
1703 4517 1778 4571 fa-

203 4599 395 4658 cimus.
422 4608 476 4651 et
509 4614 601 4652 eos
627 4601 713 4668 qui
757 4610 917 4665 stant,
960 4602 1330 4659 imbecilliores
1368 4607 1633 4661 reddinms
1664 4622 1677 4663 ε
1726 4620 1780 4664 et

199 4701 294 4741 eos
319 4687 407 4756 qui
428 4687 493 4740 ad
519 4703 697 4743 casum
729 4691 993 4759 proclives
1022 4703 1164 4759 sunt,
1214 4695 1553 4764 impellimus.
1589 4699 1780 4753 Frater

198 4780 341 4832 enim
363 4780 586 4835 audiens
609 4796 729 4836 esse
756 4785 951 4838 multos
977 4787 1064 4853 qui
1089 4786 1417 4856 jejunarunt,
1464 4792 1579 4861 ipse
1606 4795 1773 4862 negli-

197 4873 407 4940 gentior
431 4874 550 4926 erit.
583 4874 785 4930 Deinde
804 4892 987 4931 rursus
1010 4880 1098 4947 qui
1126 4880 1382 4935 infirmior
1410 4894 1511 4949 est,
1544 4883 1646 4939 hoc
1677 4901 1775 4939 au-

201 4963 314 5016 dito
342 4977 584 5018 arcurret
606 4965 673 5019 ad
699 4968 1090 5024 multitudinem
1111 4985 1318 5037 eorum,
1342 4976 1428 5043 qui
1447 4976 1774 5035 ceciderunt.

200 5050 277 5106 Ne
322 5054 478 5122 igitur
520 5056 600 5109 vel
639 5071 801 5125 super
848 5058 966 5122 hoc,
1015 5061 1099 5114 vel
1125 5075 1288 5130 super
1322 5065 1426 5118 alio
1458 5068 1644 5133 quovis
1677 5067 1777 5121 im-

200 5145 368 5211 probo
394 5144 532 5198 facto
568 5148 910 5215 gaudeamus,
940 5151 1146 5205 etiamsi
1182 5154 1331 5208 multi
1365 5153 1559 5210 fuerint
1585 5172 1773 5226 pecca-

196 5242 362 5300 tores,
395 5236 462 5287 ita
488 5245 544 5288 nt
574 5237 910 5293 traducamus
935 5256 1051 5307 eos,
1073 5258 1137 5297 ac
1159 5243 1396 5300 dicamus
1422 5251 1616 5301 multos
1629 5263 1764 5314 esse,

194 5324 288 5378 sed
333 5326 508 5394 potius
549 5328 856 5383 obturemus
892 5345 986 5397 os,
1033 5342 1087 5388 et
1119 5348 1477 5391 euerceamus.
1521 5337 1599 5393 Ne
1644 5340 1773 5395 mihi

192 5416 419 5479 dixeris,
450 5418 599 5473 multi
630 5428 755 5474 sunt
778 5420 867 5490 qui
890 5421 1229 5492 jejunarunt,
1276 5427 1371 5483 sed
1412 5429 1607 5484 multos
1655 5431 1774 5487 illos

197 5507 419 5576 corrige.
444 5507 556 5562 Non
579 5510 696 5565 ideo
718 5511 852 5574 mihi
869 5524 1237 5585 consumptum
1258 5528 1337 5573 est
1356 5525 1557 5573 tantqu
1579 5522 1770 5576 verbo-

194 5612 336 5665 rum,
364 5608 422 5653 ιιι
450 5616 667 5657 accuses
695 5603 930 5669 multos;
959 5606 1053 5659 sed
1074 5616 1132 5661 ut
1158 5623 1222 5661 ex
1256 5610 1434 5664 multis
1457 5610 1617 5665 facias
1638 5626 1769 5675 pau-

190 5704 285 5747 cos
318 5707 330 5744 :
361 5692 470 5746 imo
500 5696 675 5762 potius
705 5710 771 5749 ne
800 5710 999 5765 paucos
1017 5696 1227 5766 quidem
1249 5737 1267 5765 ,
1294 5699 1388 5755 sed
1414 5710 1468 5756 et
1498 5702 1595 5757 hos
1623 5702 1767 5775 ipsos

1386 314 1745 372 ADVERSUS
1779 313 2082 371 JUDAZOS.
2110 314 2246 371 Ylll.

3337 310 3442 367 954

1872 427 2034 481 etiam
2057 438 2233 482 sanes.
2256 424 2332 481 Ne
2354 426 2531 496 itaque
2554 424 2769 497 evulges
2794 433 3029 497 peccata,
3046 427 3138 483 sed
3160 441 3306 482 sana.
3335 424 3451 484 Sio-

1875 527 1933 573 ut
1962 518 2102 574 enim
2133 519 2225 589 qui
2281 519 2548 589 evnlgant,
2596 528 2651 574 et
2696 518 2821 575 huic
2856 528 3058 574 tantum
3100 519 3176 575 rei
3221 529 3450 574 vacant:

1872 608 2081 663 etiamsi
2098 609 2250 679 pauci
2264 609 2477 674 fuerint,
2494 610 2583 680 qui
2601 619 2972 679 peccaverunt,
2996 608 3195 665 faciunt
3209 619 3268 665 ut
3298 612 3448 664 multi

1874 713 1993 753 esse
2018 708 2268 768 putentur
2296 715 2310 749 :
2348 700 2427 754 sic
2455 700 2543 768 qui
2568 700 2846 767 cohibent,
2884 716 2947 756 ac
2979 701 3245 757 silentium
3275 701 3420 768 impo

1877 800 2009 845 nunt
2025 791 2434 857 traductoribus,
2454 792 2824 863 lapsorumque
2834 807 3015 847 curam
3032 792 3250 859 habent,
3265 792 3453 848 etiam-

1875 883 1919 937 si
1961 882 2111 936 multi
2143 883 2375 949 fuerint;
2420 894 2475 939 et
2500 898 2595 939 eos
2652 884 2795 954 ipsos
2829 884 2982 940 facile
3007 884 3311 954 corrigunt,
3352 898 3450 938 nec

1881 974 2180 1043 quempiam
2212 975 2393 1028 sinunt
2416 990 2481 1029 ex
2503 974 2692 1028 borum
2723 974 2860 1029 fama
2900 974 3041 1028 lmdi.
3072 973 3186 1027 Non
3222 973 3451 1038 audisti,

1874 1064 2026 1131 Quod
2056 1063 2217 1118 David
2245 1064 2524 1133 deplorans
2554 1064 2790 1129 Saulem,
2813 1063 2946 1118 dixit
2972 1082 2985 1117 :
3020 1063 3284 1131 Quomodo
3313 1063 3446 1116 ceci-

1876 1157 2059 1209 derunt
2092 1156 2357 1226 potentes!
2400 1154 2483 1208 Ne
2525 1156 2949 1210 annunciaeeritis
2992 1156 3045 1209 in
3089 1154 3252 1221 Gelli,
3297 1170 3453 1219 neque

1878 1246 2270 1315 pra’dicaveritis
2296 1245 2348 1299 in
2375 1246 2467 1299 viis
2489 1246 2787 1309 Ascalonis;
2818 1262 2882 1299 ne
2908 1246 3139 1299 (tuentur
3181 1245 3304 1312 filiae
3329 1242 3451 1298 alie-

1878 1337 2208 1405 nigenarum,
2253 1352 2411 1404 neque
2459 1335 2704 1389 multem
2726 1335 2851 1402 ﬁlim
2872 1334 3333 1389 incircumcisorum
3362 1334 3451 1405 (2.

1879 1425 2009 1497 Reg.
2044 1428 2095 1480 l.
2130 1427 2217 1483 l9.
2241 1426 2357 1500 20).
2408 1427 2558 1495 Quod
2595 1429 2637 1481 si
2672 1427 2759 1481 ille
2785 1442 2898 1482 rem
2926 1426 3256 1481 manifestam
3286 1425 3454 1480 noluit

1880 1518 2137 1588 evulgari,
2167 1534 2234 1587 ne
2254 1518 2574 1573 adversariis
2600 1519 2832 1587 gigneret
2862 1519 3187 1588 voluptatem
3216 1534 3230 1571 ς
3258 1526 3456 1588 quanto

1882 1608 2052 1676 magis
2078 1623 2184 1662 non
2211 1616 2421 1678 Oportet
2446 1609 2560 1663 haec
2585 1608 2775 1663 ell‘erre
2799 1607 2867 1662 ad
2893 1623 3051 1663 aures
3072 1609 3271 1663 alienas
3291 1623 3306 1661 :
3326 1609 3453 1678 quin

1880 1712 1979 1752 nec
2007 1697 2072 1751 ad
2105 1708 2405 1752 nostrorum
2430 1713 2588 1752 aures
2620 1715 2634 1752 :
2668 1708 2725 1752 ut
2749 1713 2920 1767 neque
2948 1698 3129 1752 hostes
3178 1698 3452 1753 audientes

1878 1788 2177 1857 gaudeant,
2221 1804 2391 1857 neque
2438 1788 2604 1842 nostri
2646 1804 2703 1842 re
2726 1788 2936 1858 cognita
2976 1787 3258 1841 concidant
3297 1801 3311 1838 :
3356 1787 3452 1841 sed

1878 1889 2085 1948 oportet
2103 1880 2356 1935 cohibere
2370 1895 2637 1933 rumorem
2655 1888 2704 1934 et
2724 1880 3069 1948 undequaque
3088 1892 3451 1948 compescere.

1879 1971 1956 2024 Ne
1978 1970 2108 2024 mihi
2133 1970 2355 2036 dixeris,
2386 1970 2490 2024 hoc
2525 1971 2600 2024 illi
2626 1969 2737 2024 dixi
2762 1986 2777 2022 :
2820 1969 2961 2038 apud
2988 1969 3212 2038 teipsnm
3239 1968 3453 2022 contine

1880 2062 2121 2115 verbum.
2154 2060 2305 2115 Sicut
2324 2061 2464 2114 enim
2498 2070 2553 2114 tu
2581 2076 2683 2114 non
2712 2060 2927 2130 potuisti
2972 2068 3149 2114 tacere
3173 2098 3189 2125 ,
3240 2058 3311 2111 ita
3355 2072 3454 2112 nec

1882 2152 1971 2206 ille
1995 2152 2188 2220 poterit
2214 2151 2327 2206 lucc
2352 2152 2491 2221 apud
2520 2165 2641 2207 sese
2661 2152 2955 2206 Continere.

1950 2240 2006 2296 5.
2037 2240 2161 2295 Hzec
2187 2255 2291 2294 non
2312 2241 2379 2296 de
2400 2241 2500 2295 hoc
2525 2249 2791 2310 praisente
2831 2250 3031 2294 tantum
3055 2239 3259 2310 jejunio
3287 2239 3408 2293 dico
3437 2280 3453 2303 ,

1879 2333 1972 2388 sed
1995 2332 2062 2387 de
2082 2333 2289 2387 caeteris
2319 2333 2478 2388 etiam
2507 2332 2974 2387 innumerabilibus
2996 2334 3242 2401 peccatis.
3259 2328 3336 2385 Ne
3354 2329 3457 2383 hoc

1879 2424 2275 2479 consideremus
2296 2434 2521 2491 tantum,
2549 2438 2617 2477 an
2640 2423 2787 2478 multi
2810 2422 2915 2477 sint
2935 2421 3140 2491 abrepti
3165 2438 3178 2474 :
3209 2420 3305 2475 sed
3326 2419 3457 2475 illud

1879 2513 2299 2579 consideremus,
2318 2512 2584 2583 quomodo
2596 2512 2712 2567 illos
2729 2512 3064 2567 reducamus.
3081 2511 3157 2566 Ne
3168 2524 3459 2582 exaggere-

1881 2619 1999 2657 mus
2024 2619 2110 2657 res
2131 2603 2385 2670 hostium,
2409 2619 2471 2659 ac
2498 2612 2707 2660 nostras
2733 2603 3045 2673 dejiciamus
3074 2619 3087 2655 :
3121 2619 3187 2657 ne
3216 2603 3334 2657 illos
3355 2616 3454 2672 po-

1882 2702 2054 2749 tentes
2077 2694 2440 2761 ostendamus,
2469 2704 2679 2749 nostras
2706 2709 2833 2749 vero
2858 2709 2943 2749 res
2978 2692 3307 2757 imbecilles;
3359 2692 3457 2748 sed

1881 2785 2059 2839 omnia
2103 2784 2276 2854 potius
2303 2784 2355 2839 in
2409 2785 2734 2839 contrarium
2775 2783 3053 2839 faciamus.
3091 2783 3251 2838 Novit
3294 2784 3457 2838 etiam

1881 2873 2019 2928 fama
2046 2890 2188 2944 saepe
2213 2873 2296 2931 vel
2314 2875 2566 2944 dejicere,
2593 2877 2675 2929 vel
2706 2876 2910 2946 erigere
2935 2874 3168 2929 animum
3190 2914 3204 2939 ,
3254 2883 3309 2930 et
3343 2873 3460 2927 ala-

1881 2968 2145 3030 critatem,
2177 2980 2294 3034 quae
2322 2981 2428 3019 non
2468 2965 2595 3031 fuit,
2628 2965 2880 3036 injicere;
2906 2972 2962 3019 et
3002 2980 3118 3018 eam
3161 2978 3283 3034 quae
3324 2962 3456 3029 fult.

1882 3070 2092 3110 rursum
2121 3056 2431 3110 dissolvere.
2460 3056 2685 3126 Ideoque
2710 3070 2921 3119 moneo,
2954 3064 3011 3109 ut
3052 3054 3172 3109 illos
3214 3067 3458 3109 rumores

1883 3161 2191 3215 augeamus,
2221 3148 2310 3216 qui
2340 3161 2425 3202 res
2457 3156 2663 3200 nostras
2688 3147 2970 3209 attollunt,
3011 3160 3336 3216 magnasque
3376 3146 3457 3201 vi-

1884 3238 1998 3292 deri
2028 3237 2228 3292 faciunt
2260 3256 2273 3292 :
2310 3253 2416 3293 non
2446 3249 2623 3292 autem
2652 3238 2772 3292 illos
2796 3239 2885 3308 qui
2917 3239 3013 3292 toti
3047 3237 3267 3292 fratrum
3294 3237 3455 3292 soda-

1885 3329 2015 3383 litati
2037 3328 2269 3383 dedecus
2285 3329 2581 3383 oﬂ'undunt.
2597 3329 2749 3396 Quod
2764 3329 2806 3383 si
2825 3328 2951 3398 quid
2965 3328 3291 3383 audierimus
3311 3328 3456 3392 boni,

1886 3423 2025 3494 apud
2054 3436 2241 3476 omnes
2268 3421 2597 3485 proferamus
2621 3437 2637 3474 :
2668 3422 2714 3476 si
2741 3422 2867 3491 quid
2888 3435 3014 3477 vero
3032 3420 3156 3475 mali
3184 3421 3456 3490 pravique,

1885 3514 2025 3585 apud
2056 3528 2154 3568 nos
2182 3513 2328 3584 ipsos
2352 3513 2701 3580 occultemus,
2741 3513 2899 3583 idque
2924 3523 2984 3568 ut
3005 3513 3281 3579 tollamus,
3326 3511 3459 3567 nihil

1886 3622 1992 3660 non
2012 3605 2285 3660 faciamus.
2305 3604 2456 3660 Nune
2470 3606 2625 3675 igitur
2635 3605 3059 3673 obambulemus,
3082 3605 3290 3660 curiose
3310 3620 3459 3660 scru-

1888 3705 2081 3763 temur,
2108 3696 2532 3765 contemplemur
2552 3711 2665 3758 eos,
2705 3697 2793 3766 qui
2819 3696 2951 3767 lapsi
2977 3705 3104 3752 sunt
3132 3714 3146 3751 :
3178 3698 3386 3752 etiamsi
3404 3698 3458 3752 in

1887 3787 2030 3842 mdes
2064 3797 2302 3856 Oporteat
2331 3787 2553 3857 ingredi,
2597 3802 2662 3841 ne
2679 3802 2987 3853 gravemur.
3020 3786 3169 3855 Quod
3184 3788 3232 3843 si
3251 3788 3461 3858 ignotus

1885 3878 2065 3943 fuerit,
2096 3894 2193 3933 nec
2209 3880 2312 3933 ulla
2351 3894 2413 3932 ex
2439 3888 2589 3948 parte
2601 3880 2667 3933 ad
2689 3890 2738 3933 te
2756 3881 3044 3948 pertinens,
3068 3880 3111 3934 is
3131 3881 3220 3949 qui
3250 3880 3459 3945 cecidit,

1885 3978 2140 4030 scrutare,
2155 3977 2269 4024 esto
2285 3968 2544 4035 curiosus,
2564 3983 2719 4038 quem
2736 3969 2924 4024 habeat
2938 3971 3165 4024 amicum
3181 3980 3457 4028 autneces-

1883 4061 2101 4120 sarium,
2138 4066 2192 4111 et
2214 4058 2298 4111 cui
2316 4059 2544 4113 maxime
2556 4058 2905 4129 obtemperet,
2925 4060 3025 4115 hoc
3039 4071 3332 4132 assumpto,
3372 4064 3456 4118 iu-

1884 4150 2105 4219 gredere
2124 4150 2174 4202 in
2188 4150 2351 4217 mdes,
2371 4165 2437 4205 ne
2450 4160 2501 4205 te
2520 4151 2733 4226 pudeat,
2752 4167 2924 4222 neque
2952 4154 3256 4209 erubescas.
3284 4154 3340 4211 Si
3380 4156 3462 4212 in-

1883 4244 2180 4310 gredereris
2195 4244 2469 4312 pecuniam
2510 4244 2995 4313 postnlaturns,attt
3026 4245 3341 4302 beneficium
3373 4262 3461 4302 ac-

1882 4347 2133 4405 cepturus
2161 4336 2228 4389 ab
2248 4337 2586 4406 illo,a:quum
2605 4344 2719 4391 erat
2738 4337 3054 4391 erubescere
3074 4355 3087 4390 :
3106 4338 3152 4391 si
3196 4353 3327 4393 vero
3362 4353 3462 4410 pro

1884 4430 2024 4482 illius
2037 4429 2205 4483 salute
2217 4443 2421 4493 curras,
2441 4429 2653 4482 occasio
2667 4429 2911 4483 introitus
2922 4428 3066 4483 omni
3083 4438 3133 4483 te
3150 4429 3338 4484 liberat
3353 4430 3459 4485 cri-

1884 4521 2044 4573 mine.
2067 4519 2256 4574 Asside
2272 4534 2419 4585 sane,
2440 4520 2653 4588 loquere
2669 4535 2787 4574 cum
2811 4521 2920 4585 illo,
2938 4520 3057 4573 aliis
3067 4520 3134 4574 de
3151 4519 3307 4574 rebus
3324 4521 3463 4574 facto

1882 4611 2143 4666 sermonis
2162 4611 2402 4676 exordio,
2424 4627 2529 4680 quo
2548 4595 2808 4665 correctio
2827 4623 3003 4664 careat
3020 4612 3340 4680 suspicione.
3368 4610 3459 4665 Dic

1884 4707 2036 4773 mihi,
2070 4706 2323 4760 laudasne
2347 4704 2559 4759 Judzeos
2587 4719 2652 4758 eo
2693 4704 2833 4774 quod
2861 4703 3130 4757 Christum
3176 4705 3451 4761 crucifixe-

1880 4800 2006 4860 rint,
2035 4798 2282 4868 quodque
2311 4812 2431 4851 eum
2460 4796 2617 4851 hodie
2643 4795 2896 4850 conviciis
2925 4794 3157 4849 afficiant
3180 4838 3195 4862 ,
3227 4802 3283 4850 et
3322 4797 3456 4866 legis

1883 4899 2326 4959 transgressorem
2366 4886 2675 4957 appellent?
2713 4886 2956 4940 Profecto
2994 4901 3098 4940 non
3138 4887 3454 4953 sustinebit,

1880 4981 1925 5034 si
1954 4980 2113 5034 fuerit
2156 4978 2525 5039 Christianus,
2576 4977 2785 5031 etiamsi
2822 4976 3012 5031 millies
3047 4976 3314 5046 judaizet,
3353 4991 3459 5033 non

1879 5069 2385 5133 sustinebitdicere,
2416 5068 2574 5124 laudo
2600 5086 2613 5121 :
2645 5067 2739 5123 sed
2768 5067 3042 5123 obturahit
3069 5084 3249 5135 aures,
3280 5071 3455 5126 diaet-

1879 5178 1983 5231 que
2012 5162 2127 5227 tibi,
2157 5161 2326 5225 absit;
2359 5161 2497 5215 bona
2526 5161 2707 5223 verba,
2749 5176 2953 5230 quaiso.
3003 5161 3132 5215 Dein
3177 5177 3299 5217 cum
3331 5177 3453 5215 eum

1879 5251 1979 5306 hac
2022 5252 2072 5306 in
2116 5267 2173 5305 re
2198 5260 2376 5305 tecum
2410 5252 2829 5305 consentientem
2871 5252 3228 5320 compereris,
3273 5268 3458 5306 rursus

1877 5342 2154 5408 assumito,
2186 5341 2369 5396 dicens
2396 5359 2410 5395 :
2440 5341 2706 5411 quomodo
2734 5341 2891 5410 igitur
2917 5355 3038 5395 cum
3059 5340 3285 5406 itlis,dic
3300 5341 3455 5405 mihi,

1876 5432 2271 5487 communicas?
2301 5431 2569 5501 quomodo
2598 5432 2862 5501 particeps
2887 5445 2947 5486 es
3002 5430 3161 5485 festi?
3189 5430 3464 5499 quomodo

1874 5537 1996 5578 cum
2044 5522 2148 5578 illis
2194 5521 2437 5592 jejunas?
2471 5521 2713 5576 Posthazc
2739 5536 2927 5576 accusa
2959 5522 3165 5575 illorum
3197 5521 3462 5591 improbi-

1876 5624 2063 5677 tatem,
2117 5629 2324 5683 expone
2345 5628 2556 5667 omnem
2588 5613 2944 5683 iniquitatem,
2975 5629 3132 5683 quam
3162 5614 3462 5682 superiori-

1876 5707 1976 5762 bus
2001 5703 2186 5760 diebus
2211 5703 2490 5760 narrabam
2512 5702 2650 5773 apud
2673 5713 2903 5760 vestram
2931 5705 3228 5773 caritatem,
3257 5720 3285 5759 a
3312 5706 3433 5763 loco
3450 5750 3465 5777 ,
