3862 6228
447 298 555 356 955

446 456 482 495 a
499 447 767 511 tempore,
785 454 815 495 a
838 442 1059 514 templo,
1080 458 1112 498 a
1137 442 1481 514 praedictione
1507 440 1886 512 prophetarum
1906 439 2028 495 red-

449 536 621 604 argui.
661 534 897 592 Ostende
930 534 1198 609 quomodo
1224 534 1423 591 frustra
1451 543 1508 591 et
1555 534 1825 591 incassum
1855 533 2031 588 omnia

455 621 657 681 faciunt
682 665 700 692 ,
754 640 854 681 nec
903 640 1155 697 umquam
1186 625 1254 682 ad
1280 626 1562 697 pristinum
1589 634 1784 681 statum
1812 624 2032 681 redituri

452 727 618 783 sunt,
670 717 918 790 quodque
970 715 1052 774 fas
1100 718 1204 775 illis
1231 733 1339 774 non
1366 728 1447 775 est
1471 728 1620 775 extra
1643 717 2031 789 Jcrosolymam

448 807 737 879 quidquam
775 809 881 864 tale
908 808 1109 867 facere.
1159 808 1241 865 Ad
1286 809 1402 865 haec
1447 808 1891 865 comtnonefacias
1943 821 2036 877 ge-

455 900 667 968 hennte,
718 900 1041 959 furmidandi
1072 902 1350 960 tribunalis
1386 900 1632 963 Domini,
1681 898 2031 970 quaestionum

460 1009 581 1065 qua:
609 995 719 1050 illic
744 994 1033 1065 habentur,
1075 997 1326 1069 quodque
1349 997 1559 1052 illorum
1591 996 1829 1051 omnium
1856 992 2027 1049 reddi-

454 1085 554 1142 turi
582 1099 769 1144 snmns
797 1087 1086 1156 rationem,
1112 1097 1169 1145 et
1195 1089 1326 1143 ultio
1354 1086 1595 1159 qumdam
1623 1100 1727 1142 non
1760 1100 1918 1156 parva
1945 1098 2034 1139 rc-

458 1176 628 1245 poslta
655 1189 739 1237 est
761 1180 879 1244 eis,
917 1181 1006 1253 qui
1051 1180 1177 1237 talia
1218 1179 1433 1236 audent.
1483 1176 1933 1235 Commoncfacito
1982 1183 2037 1228 et

455 1265 609 1324 Pauli
632 1270 864 1327 dicentis
887 1272 1223 1344 :Quicumque
1239 1272 1292 1326 in
1313 1272 1422 1343 lege
1440 1268 1827 1343 justiﬁcamini,
1870 1265 2036 1338 gratia

456 1362 716 1418 euidislis
743 1361 885 1439 (Gal.
914 1365 969 1420 5.
1014 1365 1113 1436 4);
1169 1373 1225 1419 et
1271 1378 1455 1419 ntrsus
1500 1360 1917 1418 comminantis:
1973 1356 2036 1415 Si

455 1451 909 1523 sireumcidamini,
939 1453 1173 1511 Christus
1193 1454 1323 1508 nihil
1341 1454 1478 1509 vobis
1501 1452 1726 1523 proderit
1751 1450 1855 1524 (Ib.
1883 1468 1930 1506 υ.
1952 1450 2033 1520 2).

457 1541 755 1616 Dicithue,
787 1546 930 1617 quod
954 1546 1399 1619 quemadmodum
1449 1546 1817 1612 circumcisio,
1864 1545 1934 1599 ita
1981 1553 2037 1600 et

453 1634 708 1706 jejunium
727 1637 1003 1695 Judaieutn
1032 1653 1064 1695 e
1093 1638 1235 1693 ctelis
1250 1638 1471 1708 expellit
1481 1636 1825 1708 jejunantem,
1850 1636 2037 1690 ctiam-

453 1723 500 1779 si
515 1723 760 1783 habuerit
771 1727 871 1782 alia
888 1728 1291 1784 innumerabilia
1304 1726 1600 1783 benefacta.
1618 1727 1710 1781 Dic
1725 1726 1865 1796 quod
1885 1724 2038 1779 Chri-

455 1815 612 1871 stiani
637 1829 852 1890 propter
873 1819 974 1875 hoc
990 1834 1241 1876 vocamur
1257 1828 1311 1874 et
1330 1834 1534 1885 sumus,
1553 1828 1610 1873 ut
1624 1818 1833 1874 Christo
1847 1833 2035 1885 parea-

454 1920 593 1971 mus,
616 1923 719 1962 non
743 1919 799 1964 ut
816 1910 881 1965 ad
907 1909 1086 1967 hostes
1102 1925 1402 1967 curramus.
1423 1911 1572 1979 Quod
1595 1910 1638 1964 si
1663 1920 1916 1980 praetexat
1938 1924 2035 1963 cu-

455 1996 689 2054 rationes
713 2000 938 2070 aliquas.
962 2000 1208 2073 dicatque
1236 2002 1349 2067 tibi,
1380 2001 1696 2071 pollicentur
1718 2000 2031 2066 remedium,

454 2094 510 2140 et
537 2086 659 2143 ideo
685 2089 751 2143 ad
776 2090 894 2146 illos
918 2107 1078 2148 curro
1104 2111 1118 2147 :
1143 2091 1427 2164 patefacito
1453 2091 1662 2146 illorum
1690 2092 2031 2162 imposturas,

452 2175 860 2248 incantationes,
874 2182 1596 2254 amuleta,venelicia.Neque
1608 2184 1747 2237 enim
1760 2183 1866 2237 alio
1877 2182 2039 2237 modo

454 2268 703 2326 videntur
731 2273 954 2339 mederi,
983 2289 1157 2345 neque
1186 2290 1309 2330 vere
1352 2274 1666 2339 medentur,
1712 2272 1867 2328 absit.
1899 2272 2036 2341 Quin

454 2377 556 2432 ego
584 2363 799 2432 quidem
827 2365 953 2421 illud
972 2367 1128 2438 longe
1149 2367 1442 2423 mirabilids
1463 2366 1655 2431 dicam,
1680 2365 1888 2445 etiamsi
1909 2382 2037 2422 vere

451 2456 724 2524 sanai-ent,
757 2459 925 2514 satius
955 2467 1133 2515 tamen
1161 2474 1280 2515 esse
1302 2461 1493 2525 emori,
1524 2475 1683 2531 quam
1705 2459 1771 2514 ad
1790 2459 1883 2518 Dei
1916 2460 2037 2513 hos-

452 2552 850 2613 tesaccurrcre,
870 2548 1049 2618 itaque
1073 2550 1269 2604 sanari.
1291 2549 1426 2619 Quid
1451 2549 1591 2605 enim
1621 2549 1833 2619 prodest
1849 2565 2036 2603 curare

450 2649 669 2703 corpus,
683 2637 857 2692 anima
877 2641 1165 2709 pereunte?
1181 2640 1318 2710 Quid
1332 2650 1506 2696 autem
1534 2640 1685 2704 lucri,
1700 2641 1746 2696 si
1764 2640 1888 2711 quid
1904 2640 2038 2694 sola-

451 2724 507 2780 tii
524 2727 607 2782 hic
620 2730 1008 2797 nanciscamur,
1024 2747 1145 2789 mox
1160 2733 1477 2803 conjiciendi
1495 2733 1545 2787 iu
1563 2734 1736 2805 ignem
1750 2732 2037 2788 internum?

453 2813 608 2884 Nam,
630 2834 699 2874 ne
723 2818 963 2877 dicerent
991 2823 1113 2890 ista,
1137 2824 1258 2879 audi
1286 2824 1411 2894 quid
1437 2824 1564 2879 dicit
1595 2825 1734 2880 Deus
1753 2843 1766 2878 :
1788 2824 1853 2880 Si
1878 2826 2036 2879 exsti-

453 2905 568 2960 terit
593 2908 836 2979 praplteta
858 2910 909 2963 in
934 2920 1000 2973 te,
1028 2922 1117 2967 aut
1142 2914 1395 2968 somnium
1420 2916 1701 2980 somnians,
1724 2914 2037 2983 ediderilque

451 2994 650 3066 signum
677 3015 737 3054 ac
750 3002 1062 3073 prodigium,
1094 3006 1405 3076 eveneritque
1430 3005 1633 3075 signum
1658 3021 1719 3059 ac
1748 3005 2035 3076 prodigium

458 3086 586 3154 βοά
610 3086 845 3160 loquutus
870 3102 942 3146 est
964 3134 980 3155 ,
1010 3093 1289 3163 dixeritque
1318 3111 1337 3150 :
1364 3112 1537 3149 eamus
1562 3107 1609 3150 et
1637 3097 1909 3152 serviamus
1938 3098 2035 3151 diis

447 3172 566 3230 aliis
592 3192 613 3231 :
636 3193 737 3233 non
778 3183 1124 3238 anseultabitis
1161 3185 1418 3253 propheta:
1454 3186 1531 3240 illi
1561 3201 1582 3240 :
1615 3186 1855 3255 quoniam
1882 3194 2034 3240 tentat

449 3278 536 3321 vos
573 3263 825 3324 Dominus
867 3270 1036 3338 Deus,
1072 3289 1140 3326 an
1180 3274 1401 3345 diligatis
1440 3274 1712 3328 Dominum
1744 3274 1910 3331 Deum
1947 3293 2034 3330 oe-

449 3363 608 3410 strum
631 3374 695 3412 ea:
714 3368 818 3412 toto
843 3361 992 3414 corde
1012 3373 1173 3416 vestro
1199 3374 1245 3416 et
1270 3380 1330 3418 ea:
1355 3375 1457 3418 tota
1482 3367 1653 3419 animo
1672 3376 1831 3420 vestra
1853 3365 2031 3438 (Deut.

448 3442 539 3500 13.
567 3444 705 3516 1-5).
726 3446 879 3515 Quod
903 3448 1052 3516 dicit,
1082 3451 1186 3505 tale
1210 3462 1295 3506 cst
1320 3472 1333 3507 :
1356 3453 1398 3506 si
1427 3455 1567 3523 quis,
1593 3455 1779 3524 inquit,
1806 3455 2036 3524 pr0pbc-

448 3539 501 3586 ta
527 3532 742 3601 dixerit,
768 3552 982 3608 possum
1009 3541 1242 3596 excitare
1269 3556 1558 3609 mortuum,
1587 3553 1678 3598 aut
1702 3545 1904 3601 mederi
1930 3561 2035 3601 cte-

446 3640 514 3682 co
545 3642 560 3680 :
592 3626 685 3682 sed
725 3629 1092 3700 obtemperate
1126 3631 1254 3687 mihi
1279 3675 1293 3696 ,
1326 3642 1380 3687 et
1409 3635 1692 3690 adoremus
1720 3635 1992 3692 dtemunes
2014 3676 2030 3701 ,

451 3710 545 3772 aut
574 3716 912 3775 immolemus
942 3722 1116 3776 idolis.
1151 3722 1352 3780 Deinde
1380 3726 1424 3781 si
1450 3766 1470 3792 ,
1500 3726 1586 3796 qui
1619 3726 1733 3782 lucc
1760 3727 1993 3798 loquitur
2012 3771 2030 3796 ,

448 3806 617 3879 possit
645 3808 848 3867 mederi
876 3825 1019 3869 cazco
1039 3854 1054 3881 ,
1083 3823 1175 3869 aut
1202 3816 1441 3871 excitare
1470 3827 1735 3873 mortuum
1760 3860 1773 3883 ,
1806 3836 1904 3875 nec
1932 3821 2031 3875 ista

446 3900 717 3969 praestanti
746 3901 1068 3967 credideris,
1098 3904 1286 3976 inquit,
1320 3906 1450 3961 cur?
1476 3907 1552 3962 Eo
1577 3908 1717 3978 quod
1749 3910 1886 3965 Deus
1913 3920 2031 3965 ten-

448 3995 570 4043 tans
595 3995 668 4056 te,
701 3991 941 4059 permisit
966 3999 1024 4046 ut
1048 3994 1134 4048 ille
1161 3994 1260 4048 hoc
1285 3996 1447 4062 possit
1476 4014 1488 4049 :
1517 4013 1621 4050 non
1648 3999 1787 4067 quod
1812 3998 1899 4053 ille
1926 4016 2031 4055 non

448 4088 634 4137 nosset
656 4090 805 4137 tuum
833 4085 1087 4149 animum,
1118 4085 1213 4140 sed
1241 4094 1297 4140 ut
1324 4087 1415 4141 tibi
1444 4089 1770 4158 probationis
1797 4094 2035 4145 occasio-

448 4186 572 4228 nem
613 4172 916 4238 exhiberet,
951 4192 1016 4228 an
1055 4191 1178 4231 vere
1216 4177 1463 4247 diligeres
1502 4177 1689 4234 Deum.
1723 4179 1816 4234 Est
1853 4190 2029 4236 autem

449 4264 677 4318 amantis
701 4305 721 4330 ,
745 4266 904 4320 etiam
940 4266 984 4320 si
1023 4267 1298 4322 exanimes
1327 4269 1391 4322 ad
1422 4269 1580 4322 vitam
1623 4281 1909 4338 revocent,
1940 4275 2030 4344 qui

447 4365 548 4410 nos
568 4365 832 4412 conantur
856 4357 924 4413 ab
950 4366 1125 4412 amato
1152 4358 1471 4425 distrahere,
1496 4376 1825 4431 nequaquam
1854 4372 2028 4418 tamen

449 4444 518 4501 ab
544 4457 722 4503 amato
751 4447 1001 4505 deficere.
1053 4450 1201 4519 Quod
1230 4451 1274 4505 si
1307 4451 1419 4506 hac
1446 4452 1578 4506 dixit
1603 4452 1832 4517 Judzeis,
1866 4457 2031 4509 multo

448 4539 616 4608 magis
641 4539 818 4606 nobis,
841 4557 974 4611 quos
995 4542 1060 4596 ad
1089 4543 1340 4611 majorem
1371 4543 1757 4614 pbilosolthiam
1785 4546 2021 4612 deduxit,

447 4628 639 4697 quibus
659 4633 1063 4687 resurrectionis
1083 4636 1274 4688 ostium
1298 4636 1525 4705 aperuit,
1548 4637 1737 4706 quibus
1764 4637 2027 4706 prtrcipit,

446 4735 515 4775 ne
542 4721 595 4776 in
624 4723 782 4779 rebus
812 4728 1165 4794 prmsentibns
1192 4728 1441 4785 sistamus
1476 4744 1750 4792 amorem,
1779 4729 1871 4784 sed
1906 4746 2031 4800 spes

447 4826 638 4870 omnes
664 4815 730 4870 ad
756 4816 918 4871 vitam
947 4817 1174 4873 futuram
1202 4819 1603 4875 transferamus.

516 4984 571 5043 6.
596 4985 717 5043 labi
741 4991 979 5058 patientia
1020 4994 1073 5046 in
1117 4994 1401 5064 exemplum
1432 4996 1874 5064 nierum—Sed
1904 4999 2026 5069 quid

446 5070 616 5132 dicis?
652 5076 850 5150 Affﬁgit
880 5091 933 5137 te
975 5086 1271 5155 premitque.
1309 5091 1549 5158 corporis
1577 5090 1831 5144 morbus?
1869 5092 2029 5161 Atqui

446 5168 685 5224 nondum
717 5179 858 5225 tanta
890 5186 1077 5241 passus
1101 5190 1180 5238 es.
1212 5186 1406 5246 quanta
1438 5179 1621 5232 beatus
1652 5179 1741 5235 ille
1767 5179 1888 5243 Job,
1922 5181 2029 5236 imo

446 5272 514 5314 ne
534 5258 806 5315 minimam
827 5260 1043 5331 quidem
1062 5274 1262 5333 partem
1288 5268 1542 5321 malorum
1572 5269 1728 5323 illius.
1753 5269 2023 5341 Siquidem

446 5359 729 5422 Postquam
756 5353 917 5409 simul
944 5355 1266 5413 interiissent
1294 5373 1479 5428 greges
1507 5367 1561 5413 et
1600 5370 1838 5416 armenta
1860 5402 1875 5422 ,
1907 5377 2025 5416 cum

448 5443 659 5498 caeteris
681 5445 929 5501 omnibus
947 5445 1198 5517 abreptus
1217 5459 1299 5504 est
1325 5450 1610 5505 liberorum
1640 5460 1779 5507 totus
1805 5454 2023 5519 chorus,

444 5546 618 5603 eaque
633 5536 809 5590 omnia
830 5552 937 5592 uno
952 5538 1039 5594 die
1059 5551 1271 5610 peracta
1293 5552 1436 5605 sunt,
1461 5554 1515 5596 ut
1538 5556 1639 5596 non
1663 5543 1822 5598 modo
1843 5556 2027 5600 natura

444 5623 821 5687 calamitatum.
852 5641 1037 5683 verum
1063 5631 1221 5684 etiam
1252 5631 1574 5687 continuitas
1595 5632 1826 5701 dejicere
1850 5643 2030 5702 posset

445 5713 720 5769 athletam.
755 5716 884 5773 Post
922 5717 1038 5775 hate
1066 5721 1238 5776 omnia
1270 5721 1458 5777 vulnus
1487 5723 1539 5778 in
1570 5736 1795 5794 corpore
1820 5724 2026 5795 accepit

1192 304 1251 360 3.
1289 302 1567 360 JOANNIS
1593 300 2032 358 CII'RYSOS‘I‘UI

2137 299 2422 358 lRCﬂIEI’.
2461 302 2996 361 CONSTANTINOP.

3634 308 3741 364 ὥς

2139 418 2353 482 lcthale,
2386 420 2515 474 vidit
2543 437 2751 477 vermes
2781 428 2892 477 toto
2919 425 3153 495 undique
3175 438 3398 496 oorpore
3426 441 3735 501 scatentes,

2142 511 2421 578 nudusque
2444 513 2582 568 sedit
2611 515 2661 567 in
2687 516 3041 584 sterquilinio,
3074 516 3339 586 publicum
3370 522 3436 576 iis
3463 526 3558 591 qui
3598 525 3733 580 ade-

2139 609 2260 654 rant
2285 600 2597 657 calamitatis
2624 606 2984 674 spectaculum
3009 648 3022 670 ,
3066 607 3155 662 ille
3176 609 3370 680 justus,
3401 613 3496 669 ille
3520 631 3699 671 vera:
3717 657 3733 679 .

2138 692 2228 747 ille
2268 694 2385 761 pius
2405 735 2422 760 ,
2467 693 2558 749 ille
2589 695 2659 748 ab
2683 697 2825 750 omni
2856 696 2996 751 man
3020 714 3182 768 opere
3204 701 3501 759 abstinens.
3536 706 3626 760 Ne
3652 708 3733 762 hic

2137 783 2353 853 quidem
2389 794 2504 839 erat
2543 785 2804 840 malorum
2832 787 2952 842 linis
2971 830 2987 853 ,
3028 790 3121 844 sed
3150 790 3361 851 dolores
3383 796 3729 852 addebantur

2137 875 2311 929 diurni
2365 879 2566 946 pariter
2620 893 2682 931 ac
2740 882 3013 946 nocturni;
3074 898 3312 953 novaque
3367 889 3628 955 qnzedam
3683 902 3733 945 et

2138 967 2495 1038 inerspectata
2539 969 2686 1023 illum
2729 970 2895 1026 fames
2929 975 3285 1042 oppugnabat.
3316 976 3616 1045 Pastorem,
3652 981 3731 1034 in-

2130 1057 2432 1129 quit,video
2459 1056 2631 1116 citum
2668 1079 2841 1117 meum
2876 1061 3004 1134 (Job
3035 1064 3089 1118 6.
3116 1066 3192 1135 7),
3220 1067 3418 1136 probra
3445 1070 3731 1137 quotidia-

2129 1164 2224 1216 na,
2259 1151 2746 1221 subsannationes,
2780 1165 3105 1219 scommata,
3130 1157 3297 1212 risus.
3324 1157 3462 1212 Nam
3498 1159 3723 1224 latiiuli,

2139 1241 2344 1312 inquit,
2376 1245 2509 1309 mei,
2537 1253 2593 1300 et
2623 1248 3059 1301 concubinarum
3082 1264 3324 1304 mearum
3347 1251 3443 1306 lilii
3473 1253 3727 1308 insurre-

2132 1341 2334 1388 xerunt
2351 1334 2640 1390 adversum
2659 1351 2766 1399 me,
2788 1344 2841 1391 et
2856 1337 2910 1390 in
2932 1339 3144 1392 somnis
3157 1347 3422 1407 terrores,
3435 1345 3725 1412 cogitatio-

2133 1426 2268 1479 num
2293 1435 2555 1496 perpetua
2580 1428 2830 1496 quaedam
2852 1427 3157 1484 ﬂuctuatio.
3184 1432 3350 1502 Atqui
3371 1449 3519 1487 uxor
3533 1436 3722 1488 consi-

2133 1517 2266 1570 lium
2288 1518 2458 1580 dedit,
2485 1527 2544 1572 ut
2572 1521 2641 1574 ab
2664 1521 2751 1575 bis
2777 1521 3035 1575 erunibus
3063 1522 3223 1576 malis
3256 1523 3617 1587 liberaretur,
3646 1525 3718 1577 ita

2134 1608 2367 1678 loquens
2392 1628 2406 1664 :
2433 1608 2533 1663 Die
2558 1611 2774 1681 aliquod
2794 1610 3004 1666 verbum
3033 1612 3285 1669 adrersus
3307 1613 3632 1677 Dominum,
3660 1633 3722 1668 ac

2136 1715 2339 1753 morere
2358 1699 2470 1771 (Id.
2486 1700 2543 1754 ἓ.
2566 1702 2644 1770 9).
2668 1701 2783 1764 Dic,
2811 1704 3007 1773 inquit,
3030 1703 3449 1774 blasphemiam,
3468 1715 3522 1760 et
3541 1708 3614 1759 ab
3632 1724 3722 1759 ur-

2136 1790 2392 1860 gentibus
2409 1792 2564 1844 malis
2583 1793 2911 1848 liberabcre.
2928 1792 3069 1860 Quid
3086 1793 3431 1865 igitur?Nnm
3450 1797 3727 1852 subvertit

2140 1891 2392 1935 sanctum
2412 1882 2563 1936 illum
2589 1884 2765 1937 virum
2783 1885 3027 1939 mulieris
3044 1884 3363 1939 consilium!
3376 1883 3496 1939 lmo
3512 1893 3730 1940 contra.

2140 1972 2280 2025 rium
2296 1970 2440 2036 fecit,
2460 1973 2742 2043 magisque
2766 1974 2912 2028 illum
2935 1975 3339 2043 corroboravit,
3358 1977 3443 2031 sic
3471 1978 3650 2032 etiam
3672 1984 3731 2031 ut

2141 2063 2450 2131 increparet
2469 2080 2718 2119 uxorem.
2740 2064 2933 2120 Potius
2952 2067 3098 2120 enim
3122 2066 3280 2121 duxit
3301 2066 3625 2138 majoribus
3643 2068 3730 2123 af-

2143 2156 2228 2211 ﬁci
2247 2156 2593 2226 cruciarique
2606 2154 2779 2211 dolori
2790 2158 3309 2220 luts,innun'.eranue
3323 2161 3541 2229 perpeti
3560 2177 3597 2212 ιι
3621 2158 3733 2222 ab,

2143 2263 2301 2319 quam
2331 2248 2656 2318 blasphemia
2689 2249 2795 2304 ulla
2826 2256 3092 2303 tantorum
3131 2248 3391 2304 malorum
3432 2246 3734 2303 relaxatio-

2143 2356 2263 2394 nem
2290 2341 2563 2411 consequi.
2597 2340 2779 2395 Itidem
2806 2349 2860 2395 et
2888 2341 2973 2395 ille
2992 2380 3013 2406 ,
3051 2339 3145 2410 qui
3174 2339 3390 2410 triginta
3416 2349 3547 2394 octo
3572 2338 3734 2392 annis

2142 2433 2390 2488 detentus
2415 2432 2587 2489 fuerat
2615 2437 2666 2488 in
2697 2434 3005 2488 infirmitate
3029 2449 3145 2496 sua,
3176 2431 3395 2502 singulis
3418 2432 3581 2485 annis
3609 2446 3734 2484 cur-

2143 2525 2295 2578 rebat
2317 2524 2383 2578 ad
2414 2523 2688 2594 piscinam,
2711 2533 2769 2579 et
2791 2522 3011 2595 singulis
3035 2524 3189 2605 anuis
3213 2523 3600 2594 repellobatur,
3634 2537 3735 2576 nec

2142 2615 2522 2685 assequebatur
2540 2616 2818 2670 sanitatem
2843 2613 3028 2686 (Joan.
3054 2615 3141 2684 5);
3170 2613 3262 2668 scd
3288 2614 3581 2683 quotannis
3605 2628 3734 2667 con-

2141 2706 2397 2778 spicit-bat
2419 2707 2551 2763 alios
2571 2709 2770 2774 sanari,
2791 2707 2933 2779 quod
2956 2709 3151 2763 multos
3172 2706 3451 2775 haberent,
3478 2722 3513 2762 a
3537 2708 3735 2777 quibus

2140 2809 2493 2868 curarentur,
2533 2816 2592 2856 sc
2628 2815 2756 2857 vero
2782 2800 3091 2857 destitutum
3134 2800 3359 2855 aliorum
3398 2801 3631 2863 auxilio,
3682 2801 3733 2855 in

2141 2904 2399 2962 perpetua
2438 2907 2655 2948 manere
2695 2891 2942 2963 paralysi.
2986 2892 3094 2947 Nec
3133 2893 3211 2946 sie
3246 2891 3464 2962 quidem
3492 2891 3733 2961 confugit

2141 2984 2204 3038 ad
2230 2994 2397 3047 vates,
2423 3000 2527 3039 non
2550 2984 2677 3039 adiit
2698 2985 3075 3048 incantatores,
3092 2999 3196 3037 non
3217 2983 3451 3047 alligavit
3471 2985 3731 3046 amulcta,

2140 3076 2233 3130 sed
2281 3077 2607 3144 exspectavit
2647 3076 2876 3129 divinam
2906 3089 3061 3143 opem
3089 3092 3103 3128 :
3128 3074 3246 3127 ideo
3288 3074 3505 3128 tandem
3555 3073 3732 3128 admi-

2140 3165 2357 3219 randam
2380 3165 2660 3235 quamdam
2683 3174 2735 3217 ct
2757 3164 3044 3218 inauditam
3069 3164 3343 3216 sanitatem
3369 3163 3606 3230 adeptus
3629 3174 3728 3216 est.

2140 3256 2370 3311 Lazarus
2393 3265 2568 3309 autem
2593 3269 2712 3309 eum
2742 3253 2899 3314 fame.
2921 3268 3041 3307 cum
3066 3252 3272 3315 morbo,
3290 3265 3413 3304 eum
3435 3252 3734 3307 solitudine

2140 3363 2237 3418 per
2260 3361 2475 3401 omnem
2502 3347 2665 3400 vitam
2697 3344 3010 3399 colluctatus
3034 3353 3136 3409 est,
3160 3358 3265 3396 non
3290 3342 3503 3411 triginta
3533 3353 3587 3396 et
3610 3355 3736 3396 octo

2138 3454 2311 3494 annos
2351 3447 2552 3493 tantum
2594 3447 2834 3493 versatus
2875 3437 2925 3490 in
2969 3436 3052 3490 bis
3077 3476 3094 3501 ,
3144 3435 3236 3489 sed
3282 3450 3379 3504 per
3411 3450 3578 3490 omne
3610 3437 3735 3488 vita:

2138 3542 2367 3601 tempus.
2396 3530 2483 3585 Sic
2505 3531 2663 3599 igitur
2689 3537 2741 3582 ct
2768 3528 3056 3597 exspiravit
3085 3528 3134 3580 in
3161 3526 3337 3580 divitis
3358 3526 3729 3593 ostiojacens,

2139 3631 2499 3692 contemptus,
2517 3622 2722 3686 irrisus,
2751 3619 3015 3683 esuriens,
3042 3617 3261 3671 canibus
3287 3616 3532 3682 objectus
3558 3615 3753 3683 pable.

2137 3716 2247 3770 lum
2276 3713 2423 3785 (Luc.
2454 3712 2565 3783 16).
2588 3711 2677 3768 Sic
2694 3712 2834 3766 enim
2855 3710 2997 3764 illius
3014 3722 3208 3777 corpus
3229 3706 3569 3760 debilitatum
3590 3715 3729 3768 erat,

2138 3818 2196 3860 ut
2246 3819 2347 3861 nec
2400 3818 2562 3860 canes
2611 3803 2875 3857 irruentes
2930 3801 3214 3866 ulceraque
3267 3798 3410 3851 illius
3464 3796 3729 3866 lingeutes

2139 3904 2321 3966 posset
2345 3895 2578 3965 abigere.
2610 3892 2758 3947 Haud
2791 3876 2971 3945 tamen
2995 3890 3266 3959 qumrebat
3298 3888 3724 3950 incantatorcm,

2139 4002 2245 4041 non
2275 3985 2443 4055 pctala
2471 3984 2872 4050 circttntITgavit,
2891 3996 2993 4033 non
3015 3988 3268 4048 expertus
3288 3985 3374 4032 est
3400 3979 3723 4047 przrstigias,

2139 4094 2243 4132 non
2272 4076 2538 4132 veneficos
2563 4078 2629 4128 ad
2658 4090 2717 4130 se
2747 4076 2980 4137 vocavit,
3015 4087 3111 4126 nec
3135 4071 3275 4125 aliud
3300 4069 3601 4140 quidquam
3634 4086 3719 4123 ve-

2139 4170 2348 4223 titarum
2389 4168 2580 4226 artium
2610 4166 2861 4231 tentavit,
2892 4165 2985 4219 sed
3008 4164 3152 4233 prius
3175 4161 3355 4215 habuit
3379 4161 3489 4216 illis
3518 4162 3720 4215 humori

2137 4258 2313 4320 malis,
2341 4271 2499 4327 quam
2529 4256 2634 4310 ulla
2676 4270 2740 4308 ex
2782 4263 2931 4324 parte
2972 4253 3221 4307 deserere
3248 4250 3537 4320 pietatem.
3561 4252 3717 4319 Quam

2138 4352 2295 4420 igitur
2315 4349 2522 4403 veniam
2545 4362 2641 4402 nos
2662 4346 3087 4419 impetrabitnus,
3105 4343 3213 4414 qui,
3231 4357 3350 4398 cum
3379 4343 3452 4397 illi
3481 4345 3538 4397 in
3570 4345 3712 4398 tantis

2138 4443 2293 4497 malis
2334 4441 2702 4511 perdurarint,
2751 4439 2820 4493 oh
2862 4437 3190 4501 febriculam,
3239 4444 3330 4490 aut
3385 4435 3510 4490 leve
3541 4437 3715 4489 viduus

2139 4535 2498 4605 procurrimus
2523 4532 2587 4586 ad
2619 4546 2911 4603 synagogas
2936 4572 2949 4591 ,
2980 4530 3273 4591 veneficos,
3305 4542 3370 4582 ac
3401 4528 3717 4597 impostores

2137 4631 2187 4683 in
2218 4627 2360 4682 :rtles
2388 4638 2594 4681 nos'ras
2633 4621 2991 4680 accol-simus?
3029 4622 3141 4676 Non
3186 4620 3378 4674 audisti
3426 4622 3564 4691 quid
3591 4622 3718 4675 dicat

2137 4719 2445 4790 Scriptura?
2474 4716 2599 4782 Fili,
2631 4717 2673 4769 si
2697 4715 2890 4771 «credis
2913 4715 3179 4767 serviturus
3209 4710 3451 4775 Domino,
3489 4730 3717 4781 purpura

2134 4811 2357 4862 animam
2384 4819 2522 4860 tuam
2548 4808 2616 4858 ad
2650 4809 2968 4858 trntttlionem
2991 4819 3009 4857 :
3031 4803 3191 4874 dirige
3215 4818 3300 4855 cor
3327 4812 3499 4865 (nutu,
3531 4816 3582 4857 et
3608 4820 3711 4869 pcr-

2135 4902 2264 4955 dura
2288 4915 2306 4953 :
2328 4900 2378 4953 ia
2408 4897 2580 4951 morbo
2605 4912 2667 4949 ac
2693 4906 2987 4966 paupertate
3011 4895 3064 4947 in
3105 4893 3195 4946 illo
3220 4892 3380 4961 [idem
3412 4904 3545 4945 esto.
3581 4893 3715 4946 Sicst

2134 4992 2265 5046 enim
2294 4993 2348 5044 in
2372 4990 2478 5061 igni
2517 4988 2756 5059 probatur
2778 5002 2993 5051 (turum,
3030 4985 3103 5039 sic
3129 4984 3280 5037 homo
3306 4983 3363 5050 ﬁt
3394 4994 3641 5055 acceptus
3662 4984 3711 5035 in

2136 5083 2333 5137 camino
2376 5080 2740 5136 humiliationis
2782 5077 2965 5151 (Eccli.
2993 5076 3051 5130 2.
3099 5076 3243 5141 1-5).
3284 5073 3338 5130 Si
3372 5085 3428 5128 tu
3460 5076 3712 5129 fanutlurn

2137 5184 2282 5229 tuum
2312 5171 2491 5243 ﬂagris
2532 5171 2788 5225 cecideris
2812 5211 2825 5233 ,
2858 5179 2909 5223 et
2938 5168 3053 5231 ille.
3087 5160 3305 5236 triginta
3327 5175 3420 5220 aut
3449 5168 3712 5235 quinqua-

2132 5265 2276 5334 ginta
2305 5263 2470 5333 plagis
2498 5261 2728 5329 acceptis
2757 5301 2771 5324 ,
2823 5259 2960 5313 illico
2985 5265 3238 5327 provocet
3269 5254 3332 5309 ad
3374 5256 3681 5310 libertatem
3701 5297 3715 5319 ,

2131 5363 2227 5410 aut
2250 5355 2464 5409 deserat
2506 5360 2651 5406 tuum
2695 5350 3021 5413 dominium,
3062 5358 3117 5403 et
3152 5347 3217 5401 ad
3255 5346 3391 5402 alios
3431 5347 3710 5417 quospiam

2133 5459 2252 5500 sese
2276 5442 2549 5509 conferat,
2582 5442 2669 5511 qui
2711 5450 2764 5495 te
2790 5440 3032 5506 oderint,
3060 5451 3257 5507 eosque
3281 5436 3333 5492 in
3362 5445 3417 5491 te
3440 5439 3709 5492 concitet:

2133 5540 2219 5596 dic
2247 5541 2392 5606 mihi,
2426 5555 2550 5594 num
2580 5538 2624 5593 is
2652 5539 2746 5593 abs
2775 5546 2826 5592 te
2848 5534 3052 5589 veniam
3079 5531 3461 5601 impetraturos
3489 5531 3607 5586 sit?
3634 5532 3709 5584 Aa

2132 5630 2413 5701 quisquam
2437 5643 2531 5698 pro
2554 5627 2645 5681 illo
2667 5625 2860 5696 poterit
2879 5638 2998 5679 esse
3022 5632 3272 5691 patronus
3287 5620 3312 5672 l
3338 5618 3705 5689 Nequaquam.

2135 5722 2244 5778 Cur
2269 5723 2339 5776 ita
2367 5719 2617 5776 tandem?
2657 5717 2917 5786 Quoniam
2964 5713 3193 5770 ofﬁcium
3233 5719 3314 5765 εει
3350 5710 3493 5779 beri,
3525 5712 3706 5783 punire

3820 5062 3824 5211 ό

3820 5262 3824 5447 ‘

3821 5566 3823 5668 ι
