3862 6228
237 293 342 348 937

241 406 517 462 famulum.
561 403 676 459 Non
715 403 784 461 ob
817 405 868 461 id
901 413 1104 460 tantum
1132 446 1148 462 .
1182 423 1364 462 verum
1391 410 1549 463 etiam
1576 409 1644 462 ob
1674 407 1803 471 huc,

239 498 404 567 quod,
449 499 492 551 si
539 497 837 567 fugiendum
884 509 1019 564 erat,
1067 514 1170 552 non
1213 499 1280 553 ad
1323 499 1503 553 hostes
1539 507 1595 553 et
1628 485 1812 552 osores

241 590 440 642 (Ιυιιιίιιὶ
469 591 656 657 prioris
681 589 957 658 oportebat
982 588 1183 659 fugere,
1215 589 1307 644 sed
1333 590 1398 644 ad
1418 590 1618 643 amicos
1642 599 1697 642 et
1723 603 1812 642 co-

237 689 448 748 gnatus.

314 769 620 824 Sanctorum
676 768 962 840 Martyrum
1008 769 1256 822 invocatio
1306 778 1356 822 et
1405 767 1712 830 intercessio.
1743 796 1816 808 —

243 859 472 913 Proinde
518 871 570 913 tu
614 875 824 932 quoque
847 901 863 925 ,
906 859 950 913 si
992 858 1187 913 videris
1216 867 1267 914 te
1295 858 1465 929 puniri
1496 872 1526 912 a
1557 858 1667 912 Deo
1688 899 1702 921 ,
1749 873 1815 920 ne

243 949 510 1019 profugias
535 948 602 1003 ad
645 948 758 1018 ejus
785 949 1028 1004 inimicos
1065 948 1312 1014 Judzeos,
1358 963 1426 1003 ne
1463 948 1628 1016 magis
1655 947 1814 1002 etiam

243 1041 390 1094 illum
421 1039 472 1093 in
503 1048 552 1092 te
578 1053 831 1108 provoces
854 1057 867 1091 :
891 1038 983 1093 sed
1030 1038 1096 1093 ad
1140 1039 1343 1093 amicos
1370 1038 1528 1103 illius,
1558 1046 1817 1108 martyres

240 1148 308 1187 ac
336 1143 550 1186 sanctos
569 1173 582 1195 ,
615 1133 704 1200 qui
734 1131 806 1184 illi
846 1130 1188 1200 placuerunt,
1216 1131 1410 1201 quique
1437 1129 1654 1183 multam
1679 1127 1818 1198 apud

242 1223 390 1277 illum
420 1223 616 1277 habent
639 1223 1026 1277 auctoritatem.
1044 1222 1148 1277 Sed
1172 1223 1297 1293 quid
1321 1224 1506 1292 loquor
1519 1220 1586 1275 de
1607 1219 1819 1275 lanuuiis

243 1322 300 1367 et
335 1312 513 1368 heris?
547 1313 711 1368 Filius
749 1329 855 1367 non
880 1315 1074 1384 poterit
1103 1313 1205 1368 hoc
1231 1313 1435 1377 facere,
1475 1312 1762 1382 castigatus
1789 1325 1818 1363 a

248 1413 420 1473 patre,
452 1419 554 1458 nec
590 1404 850 1474 abut-gare
880 1405 1248 1473 cognationem
1273 1442 1288 1465 ,
1319 1417 1477 1472 quam
1511 1401 1668 1454 habet
1699 1414 1821 1455 cum

247 1502 421 1561 patre.
463 1493 593 1547 Nam
622 1502 676 1548 et
699 1502 900 1547 natura:
929 1494 1104 1564 leges,
1151 1502 1205 1546 et
1243 1493 1386 1561 leges
1413 1490 1481 1545 ab
1521 1489 1823 1544 hominibus

247 1581 519 1644 institutio,
548 1584 753 1637 etiamsi
785 1583 964 1652 flagris
991 1583 1158 1637 caedat
1187 1593 1355 1652 pater,
1383 1581 1428 1635 si
1454 1596 1483 1634 a
1515 1595 1696 1634 mensa
1724 1579 1822 1633 de-

249 1672 437 1742 pellat,
465 1673 511 1726 si
531 1673 734 1727 :cdibns
762 1674 956 1743 exigat,
997 1673 1040 1727 si
1070 1688 1400 1743 quocumque
1425 1671 1584 1725 modo
1612 1673 1822 1740 puniat,

244 1763 437 1833 jubent
465 1765 639 1818 omnia
683 1763 887 1818 fortiter
918 1765 1118 1834 perpeti
1139 1805 1155 1830 ,
1203 1779 1301 1818 nec
1326 1765 1482 1818 ullam
1511 1763 1585 1816 illi
1616 1762 1824 1816 veniam

235 1854 583 1930 concedunt,
625 1854 675 1908 ni
707 1856 935 1922 paruerit
968 1854 1366 1924 pertuleritqne.
1411 1855 1548 1918 Quin
1591 1855 1752 1906 etiam
1781 1852 1826 1906 si

253 1946 396 2000 illius
419 1961 590 2000 ecsus
616 1947 919 2001 innumeras
949 1947 1306 2016 querimonias
1335 1946 1620 2018 deplorans
1651 1944 1828 2015 profe-

253 2043 359 2100 rat,
389 2035 500 2088 lucc
532 2037 689 2089 verba
716 2037 865 2090 audit
890 2036 955 2090 ab
977 2036 1221 2091 omnibus
1247 2054 1262 2094 :
1290 2051 1438 2108 pater
1457 2049 1536 2091 est
1560 2039 1650 2107 qui
1686 2037 1828 2091 ceci-

251 2127 329 2180 dit
357 2141 418 2180 ae
443 2126 708 2191 dominus,
755 2127 1017 2198 habetque
1054 2141 1370 2197 pOtcstatettt
1399 2129 1450 2182 in
1481 2137 1534 2182 te
1558 2127 1696 2198 quod
1723 2127 1834 2180 vult

252 2215 504 2282 faciendi,
535 2225 586 2271 et
613 2227 824 2286 Opttl’lcl
853 2217 1030 2271 omnia
1058 2221 1266 2290 placide
1291 2221 1451 2275 ferre.
1482 2219 1623 2288 Ergo
1650 2217 1832 2271 famuli

253 2309 468 2378 quidem
507 2308 681 2364 lerunt
721 2309 1002 2376 dominos,
1053 2311 1151 2366 lilii
1205 2321 1484 2382 parentes,
1533 2311 1836 2380 frequenter

251 2411 314 2456 et
356 2411 550 2471 praeter
584 2416 791 2471 inquum
837 2401 1154 2470 pttnietites;
1207 2414 1258 2458 tu
1290 2418 1416 2458 vero
1454 2417 1558 2456 non
1607 2400 1836 2454 sustines

256 2493 426 2547 Deum
472 2501 522 2546 te
549 2492 922 2562 corripientem
947 2533 962 2559 ,
1012 2497 1105 2565 qui
1147 2495 1266 2566 plus
1312 2495 1473 2549 habet
1512 2494 1562 2548 in
1591 2502 1644 2547 te
1665 2492 1834 2561 juris,

256 2591 441 2652 utpote
468 2598 589 2636 vere
616 2583 891 2647 dominus;
939 2589 1028 2653 qui
1062 2588 1179 2656 plus
1207 2597 1258 2642 te
1287 2587 1459 2654 diligit
1481 2601 1639 2654 quam
1667 2592 1837 2653 pater,

239 2674 455 2753 quique
485 2673 611 2728 nihil
645 2690 738 2742 per
761 2674 1112 2744 iracundiam,
1141 2679 1231 2732 sed
1259 2678 1434 2731 omnia
1465 2677 1588 2732 facit
1613 2677 1664 2729 in
1695 2684 1837 2729 tuatn

257 2764 577 2818 utilitatem?
601 2765 706 2820 Sed
732 2765 774 2819 si
799 2765 928 2820 levis
951 2769 1144 2839 aliquis
1165 2769 1382 2822 morbus
1403 2768 1677 2832 acciderit,
1698 2767 1840 2820 illico

238 2855 506 2938 _resiliens
531 2857 598 2909 ab
625 2855 762 2910 illius
790 2845 1068 2926 dominio,
1109 2859 1174 2914 ad
1199 2859 1466 2913 daemones
1497 2858 1728 2913 accnrris
1747 2899 1760 2916 .
1789 2866 1843 2911 et

259 2945 331 3000 ad
378 2961 672 3017 synagogas
718 2946 1016 3016 Confugis?
1057 2951 1123 3005 Et
1159 2967 1314 3020 quant
1372 2948 1582 3004 tandem
1634 2950 1841 3002 veniam

259 3041 638 3111 consequeris?
665 3041 781 3109 Quo
809 3052 964 3111 pacto
999 3046 1200 3101 valebis
1226 3045 1373 3100 illum
1397 3044 1572 3098 denuo
1599 3042 1690 3096 tibi
1725 3055 1846 3110 pro-

262 3132 450 3201 pitium
483 3132 746 3187 reddere?
775 3133 911 3199 Quin
943 3137 1123 3204 potius
1151 3151 1250 3191 nec
1276 3135 1413 3189 alius
1443 3135 1718 3204 quisquam
1751 3146 1848 3200 pro

243 3232 319 3298 ‘te
344 3222 619 3293 deprecari
649 3226 863 3294 poterit,
912 3227 1128 3284 etiamsi
1164 3234 1370 3282 tantum
1400 3225 1576 3281 valeat
1615 3221 1846 3277 anctori-

243 3332 373 3396 _tatc
397 3361 412 3386 ,
438 3329 691 3391 quantunt
715 3318 909 3371 Moses.
939 3315 1054 3369 Non
1081 3323 1163 3369 est
1180 3355 1196 3382 ,
1219 3313 1307 3383 qui
1333 3315 1430 3367 huc
1461 3313 1634 3367 facere
1660 3313 1848 3382 possit.

247 3415 379 3482 Non
402 3411 552 3466 audis
572 3409 698 3480 quid
722 3409 858 3462 Deus
877 3407 1120 3476 loquatur
1143 3404 1208 3458 ad
1228 3403 1510 3459 Jcretuiam
1534 3403 1601 3457 de
1616 3403 1850 3457 inda-is?

245 3504 351 3575 _1\'e
392 3503 672 3572 depreceris
715 3515 807 3570 pro
856 3497 1044 3567 papula
1083 3497 1213 3558 ista,
1264 3496 1501 3564 quoniam
1547 3495 1592 3547 si
1627 3496 1850 3548 s:etcriut

265 3599 437 3652 Moses
465 3605 508 3649 et
538 3593 771 3654 Samuel,
806 3608 907 3644 non
935 3588 1200 3643 exaudiant
1239 3588 1355 3640 illos
1387 3585 1531 3658 (Jer.
1565 3587 1616 3640 7.
1665 3587 1752 3640 16.
1803 3598 1852 3640 et

267 3690 357 3745 15.
377 3691 398 3744 l
421 3689 460 3750 l.
484 3686 640 3742 Adeo
668 3692 791 3738 sunt
819 3690 1031 3750 peccata
1053 3694 1264 3734 omnem
1293 3678 1658 3732 remissionem
1690 3693 1850 3746 snpe-

266 3780 460 3845 rantia,
487 3791 708 3847 qumque
730 3774 924 3828 nullam
944 3771 1201 3840 recipiant
1225 3769 1640 3823 excusationem.
1675 3768 1853 3836 Itaque

266 3889 338 3930 ne
366 3881 564 3927 tantam
593 3883 689 3923 nos
716 3878 1065 3936 provocemus
1117 3861 1268 3914 iram.
1319 3859 1540 3913 Etiamsi
1579 3859 1720 3912 enim
1768 3858 1851 3911 vi-

265 3966 495 4019 deantur
545 3959 704 4028 aliqui
763 3956 964 4010 febtem
1019 3949 1425 4006 incantamentis
1481 3948 1700 4014 sedare,
1747 3962 1850 4000 non

266 4058 411 4113 enim
455 4067 582 4109 vere
624 4052 856 4105 sedant:
891 4057 1065 4099 tmuen
1094 4043 1249 4097 aliam
1299 4039 1746 4095 vehementiorem
1801 4039 1851 4090 in

274 4149 653 4206 conscientiam
700 4144 955 4199 inducunt
992 4137 1212 4203 febrem,
1269 4134 1477 4189 ratione
1519 4130 1754 4202 quotidie
1803 4141 1852 4184 te

275 4242 621 4303 stimulante,
667 4237 1101 4304 conscientiaque
1146 4229 1446 4300 ﬂagellante
1491 4242 1556 4280 ac
1601 4225 1848 4280 dicente:

259 4333 441 4402 .impie
492 4331 698 4393 fecisti,
755 4329 930 4397 inique
991 4325 1184 4395 egisti,
1250 4321 1452 4375 violasti
1504 4317 1678 4374 foedus
1731 4332 1852 4370 cum

276 4423 526 4488 Christo;
566 4422 635 4477 ob
676 4420 945 4490 paululum
991 4416 1230 4472 adversa:
1257 4411 1577 4468 valetudinis
1603 4412 1853 4481 pietatem

279 4514 580 4569 deseruisti.
608 4511 742 4566 Num
773 4519 829 4566 ιιι
851 4509 996 4564 solus
1041 4507 1155 4561 hinc
1180 4518 1368 4575 passus
1397 4502 1490 4557 es?
1542 4503 1733 4555 Annon
1765 4499 1854 4552 alii

283 4607 450 4660 multo
477 4620 637 4674 quam
663 4613 719 4656 tu
743 4602 1016 4657 acerbiora
1046 4599 1185 4668 passi
1214 4595 1370 4650 sunt?
1402 4594 1649 4649 Attamen
1678 4592 1855 4646 nullus

279 4695 492 4750 illorum
523 4695 626 4748 tale
651 4691 774 4763 quid
805 4704 966 4746 ausus
989 4730 1002 4755 ,
1035 4697 1091 4743 ιιι
1115 4702 1242 4741 vero
1271 4685 1446 4740 mollis
1479 4698 1542 4738 ac
1569 4682 1859 4738 dissolutus

281 4788 513 4842 animam
537 4797 676 4840 tuam
699 4782 961 4840 mactasti.
979 4781 1256 4850 Quomodo
1271 4776 1609 4832 excusaheris
1624 4774 1859 4830 Christo?

283 4877 558 4944 Quomodo
580 4877 728 4930 illum
756 4874 1064 4943 implorabis
1095 4869 1376 4941 precibus?
1397 4870 1508 4936 Qua
1533 4867 1856 4923 conscientia

286 4966 508 5038 posthac
532 4965 846 5034 ingredieris
871 4963 1200 5018 Ecclesiam?
1226 4958 1427 5028 Quibus
1461 4958 1631 5013 oculis
1655 4955 1859 5012 videbis

283 5056 658 5113 sacerdotem?
700 5055 814 5123 Qua
861 5069 1016 5108 manu
1061 5068 1267 5106 sacram
1315 5050 1545 5120 attinges
1578 5047 1862 5103 mensam?

285 5147 488 5213 Quibus
517 5145 731 5200 auribus
761 5145 944 5200 audies
969 5144 1272 5214 Scripturas
1299 5157 1418 5212 qua:
1444 5140 1553 5196 illic
1583 5138 1860 5210 leguntur?

359 5242 412 5296 7.
436 5241 809 5294 lncantationes
841 5248 886 5292 et
917 5238 1158 5308 ligamina
1191 5237 1244 5289 in
1266 5235 1449 5289 morbis
1483 5249 1582 5286 non
1616 5233 1862 5286 adhiben-

288 5337 378 5388 da.
409 5333 622 5386 —lla:c
659 5330 893 5402 quotidie
930 5343 1168 5400 pungens
1214 5336 1267 5382 te
1303 5328 1460 5391 ratio,
1488 5324 1866 5395 ﬂagellansque

271 5427 665 5495 conscientiam
707 5425 747 5488 ί,
787 5423 945 5479 dicet.
996 5421 1125 5489 Qua:
1173 5420 1332 5491 igitur
1370 5421 1483 5474 haec
1519 5426 1604 5472 est
1643 5417 1862 5483 sanitas,

354 5602 371 5633 ι
407 5607 457 5670 In
482 5607 689 5670 quatuor
735 5605 838 5670 Mss.
887 5595 1098 5670 legitur:
1126 5595 1257 5670 Ratio
1298 5597 1370 5648 sic
1423 5605 1468 5650 te
1500 5609 1867 5670 pungensncon-

642 5658 906 5726 ﬂagellum,
927 5657 1116 5721 dualem
1142 5657 1323 5718 febrem
1345 5673 1436 5711 non
1457 5657 1738 5723 superabit?
1761 5671 1871 5724 qtae

1398 295 1752 352 auvensus
1788 293 2082 352 JUDASOS.
2124 292 2254 366 vni.

3386 286 3487 340 93%

1925 421 2044 460 cum
2076 407 2218 462 intus
2242 415 2346 460 tam
2377 404 2572 459 multas
2597 402 2885 458 habeamus
2913 401 3254 471 cogitationes
3281 415 3494 456 aecus.-

1923 497 2118 552 trices?
2141 494 2294 563 Quod
2313 495 2357 550 si
2385 494 2753 564 perduraveris
2774 493 3060 563 paulisper,
3086 505 3285 559 eosque
3305 490 3392 560 qui
3414 489 3496 544 vel

1925 587 2337 644 incantationem
2361 585 2589 656 aliquam
2617 599 2812 640 canere
2835 583 3119 647 voluerint,
3141 582 3226 637 vel
3250 581 3496 651 ligamina

1922 679 2187 748 applicare
2229 678 2461 745 corpori,
2493 676 2642 731 nihili
2689 674 2912 741 feceris,
2961 673 3122 728 multa
3171 676 3328 726 etiam
3377 686 3499 724 cum

1923 768 2243 823 contumelia
2273 767 2376 822 tuis
2401 782 2463 822 ex
2493 767 2694 822 aedibus
2719 765 2941 836 ejeceris
2969 782 2982 818 :
3017 764 3258 833 protinus
3288 761 3355 815 ab
3385 762 3499 828 ipsa

1925 858 2247 913 conscientia
2276 855 2731 926 refrigerationem
2775 855 3023 925 accipies.
3057 854 3280 908 Etiamsi
3310 853 3502 906 millies

1926 958 2114 1004 exurat
2143 949 2306 1002 febris
2327 989 2341 1012 ,
2371 948 2544 1000 anima
2573 957 2659 1001 tua
2686 946 2875 1015 quovis
2904 946 3108 1014 liquore
3127 985 3141 1009 ,
3166 942 3352 1011 quovis
3380 957 3504 994 rora:

1927 1041 2200 1095 meliorem
2251 1039 2621 1107 utilioremque
2659 1035 3038 1106 mitigationem
3069 1033 3313 1088 adducet.
3357 1030 3503 1085 Sit-tt

1925 1130 2099 1194 enim,
2129 1138 2403 1198 postquam
2432 1125 2702 1194 receperis
2728 1125 3138 1178 incantationem
3165 1136 3322 1176 sanus
3343 1120 3463 1174 licet
3486 1160 3501 1184 ,

1930 1223 2174 1277 miserius
2199 1221 2416 1275 allectus
2441 1235 2500 1274 es
2523 1219 2588 1274 iis
2608 1218 2696 1286 qui
2721 1215 2870 1271 febre
2894 1216 3154 1280 laborant,
3184 1213 3308 1267 dum
3333 1224 3505 1266 tecum

1930 1323 2144 1382 reputas
2197 1311 2396 1380 peccati
2446 1308 2898 1379 magnitudinem;
2946 1305 3024 1359 sic
3073 1318 3214 1358 nunc
3253 1316 3503 1372 quoque,

1930 1404 2137 1461 etiamsi
2181 1404 2480 1468 febricites,
2523 1401 2905 1468 innumeraque
2944 1397 3159 1468 patiaris
3202 1396 3374 1459 mala,
3421 1410 3505 1448 re-

1932 1496 2097 1565 pulsis
2122 1495 2297 1563 impiis
2326 1494 2448 1558 illis,
2478 1493 2666 1562 quovis
2695 1505 2827 1546 sano
2856 1490 3073 1543 homine
3097 1487 3306 1548 melius,
3334 1494 3510 1538 mente

1931 1589 2231 1645 exsultante
2250 1628 2265 1652 ,
2298 1587 2405 1641 eris
2431 1585 2650 1641 allectus
2673 1625 2687 1648 ,
2714 1583 2890 1637 anima
2917 1580 3180 1651 gaudente
3214 1590 3268 1632 et
3307 1577 3509 1631 exhila-

1933 1690 2069 1744 rata,
2093 1678 2416 1734 conscientia
2445 1676 2692 1730 laudante
2720 1685 2802 1738 te,
2837 1672 3126 1741 probante,
3163 1685 3226 1724 ac
3263 1669 3508 1722 dicente:

1936 1775 2102 1844 Euge,
2144 1787 2311 1841 euge,
2357 1770 2490 1824 heus
2533 1770 2725 1832 homo,
2758 1765 2949 1820 Christi
2993 1778 3178 1825 serve,
3211 1760 3381 1815 fidelis
3411 1759 3510 1822 vir,

1936 1863 2132 1918 athleta
2165 1863 2395 1932 pietatis,
2419 1862 2508 1930 qui
2539 1857 2791 1913 malueris
2819 1855 3078 1908 molestiis
3098 1851 3330 1914 immori,
3357 1863 3514 1918 quam

1937 1954 2185 2008 deserere
2218 1953 2487 2021 pietatem,
2515 1965 2635 2003 cum
2668 1946 2987 2016 martyribus
3012 1941 3179 1997 stabis
3209 1943 3258 1994 in
3294 1939 3385 1991 illo
3406 1938 3511 1989 die.

1939 2043 2394 2112 Quemadmodum
2443 2042 2584 2096 enim
2635 2040 2706 2092 illi
2756 2042 3114 2106 pramptarnnt
3165 2032 3294 2085 caedi
3340 2029 3519 2098 flagris

1943 2139 2299 2208 torquerique,
2335 2147 2391 2188 nt
2418 2135 2482 2187 ad
2513 2134 2765 2187 honorem
2795 2127 3128 2198 pervenirent
3155 2142 3166 2178 :
3193 2125 3260 2178 ita
3294 2133 3345 2174 tn
3385 2136 3518 2188 quo-

1941 2207 2057 2300 que
2089 2227 2245 2284 hodie
2289 2224 2592 2296 praeoptasti
2639 2220 2890 2291 ﬂagellari
2935 2215 3276 2286 torquerique
3319 2228 3345 2264 a
3390 2207 3522 2264 febri

1945 2320 2391 2388 vulneribusque,
2438 2331 2504 2370 ne
2544 2313 2850 2366 admitteres
2892 2307 3049 2377 impia
3093 2308 3518 2366 incantamenta,

1946 2431 2080 2470 neve
2103 2413 2352 2477 amuleta,
2385 2419 2438 2463 et
2464 2409 2551 2463 tali
2579 2422 2674 2476 spe
2703 2405 2930 2458 nutritus
2951 2444 2965 2467 ,
2993 2416 3061 2455 ne
3083 2401 3280 2454 senties
3304 2395 3518 2465 quidem

1945 2509 2293 2561 adversantes
2320 2501 2554 2556 dolores.
2579 2498 2710 2553 Nam
2737 2498 2835 2552 etsi
2867 2504 2917 2549 te
2943 2508 3047 2548 non
3075 2489 3280 2545 auferat
3305 2489 3418 2542 hinc
3444 2486 3525 2540 fe-

1945 2599 2077 2662 bris,
2105 2597 2205 2651 alia
2235 2607 2454 2664 prorsus
2479 2589 2685 2646 auferet
2712 2606 2727 2644 :
2755 2596 2825 2652 et,
2855 2587 2899 2640 si
2927 2600 3066 2639 nunc
3089 2599 3192 2637 non
3217 2580 3524 2639 moriamur,

1948 2702 2125 2745 tamen
2157 2687 2376 2758 posthac
2406 2685 2713 2739 moriemur.
2736 2679 2958 2734 Mortale
2997 2692 3190 2743 corpus
3231 2673 3403 2727 sortiti
3434 2687 3526 2724 su-

1950 2798 2069 2837 mus
2089 2821 2104 2846 ,
2135 2794 2239 2835 non
2285 2786 2346 2832 ut
2383 2777 2526 2830 illius
2569 2771 2946 2842 cupiditatibus
2974 2769 3402 2835 obtemperantes
3431 2763 3528 2815 ima

1950 2873 2200 2944 pietatem
2228 2870 2629 2939 amplectamur,
2660 2863 2756 2920 sed
2794 2874 2851 2916 ut
2888 2860 3028 2914 illius
3069 2854 3436 2911 affectionibus
3461 2853 3526 2906 ad

1953 2943 2204 3036 pietatem
2236 2971 2464 3016 utamur.
2510 2958 2636 3012 ilice
2674 2957 2815 3010 enim
2861 2949 3310 3019 corruptibilitas,
3341 2954 3395 3000 et
3417 2943 3530 2997 hoc

1951 3057 2127 3126 ipsum
2168 3052 2395 3108 mortale
2420 3064 2612 3118 corpus
2635 3089 2650 3116 ,
2688 3046 2730 3101 si
2761 3043 2925 3100 sobrii
2953 3042 3206 3096 fuerimus
3225 3080 3240 3104 ,
3270 3035 3424 3091 nobis
3451 3043 3534 3088 est

1952 3147 2174 3204 materia
2198 3141 2701 3206 commendationis,
2729 3139 3053 3205 multamque
3084 3133 3236 3186 nobis
3261 3131 3314 3184 in
3339 3130 3428 3183 illo
3447 3127 3535 3180 die

1953 3238 2227 3311 prmstabit
2254 3235 2522 3300 ﬁduciam,
2549 3247 2653 3285 non
2690 3238 2868 3284 autem
2903 3227 2954 3280 in
2997 3225 3086 3279 illo
3112 3224 3320 3285 solum,
3348 3234 3533 3272 verum

1952 3331 2115 3387 etiam
2141 3329 2193 3383 in
2220 3325 2470 3398 prresenti
2504 3324 2628 3378 vita.
2659 3319 2928 3390 Siquidem
2955 3331 3075 3370 cum
3102 3311 3327 3383 ejeceris
3353 3311 3535 3364 incan-

1954 3431 2154 3478 tatores
2179 3419 2344 3474 multa
2370 3431 2492 3472 cum
2519 3412 2836 3470 contumelia
2864 3425 2931 3464 ex
2962 3407 3166 3462 adibus
3189 3403 3291 3459 tuis
3311 3444 3325 3467 ,
3349 3416 3539 3456 omnes

1955 3513 2058 3568 hoc
2081 3510 2261 3566 audito
2287 3507 2596 3571 laudabunt,
2620 3502 2972 3562 mirabuntur,
2999 3506 3055 3553 et
3079 3498 3216 3551 inter
3241 3509 3300 3548 se
3322 3492 3534 3548 dicent:

1955 3606 2044 3661 ille
2063 3603 2311 3659 laborans
2336 3607 2724 3670 :egrotansque,
2751 3591 3015 3664 aliquibus
3039 3587 3290 3644 infinities
3317 3583 3538 3638 hortan-

1957 3696 2118 3761 tibus,
2149 3691 2494 3749 suadentibus
2517 3698 2571 3744 et
2591 3686 2989 3743 consulentibus
3005 3692 3064 3737 ut
3087 3678 3304 3749 magicis
3324 3674 3544 3743 quibus-

1955 3790 2080 3846 dam
2109 3784 2518 3842 ineantamentis
2539 3789 2797 3843 uteretur,
2823 3793 2927 3833 non
2945 3775 3179 3835 admisit,
3205 3769 3299 3826 sed
3319 3781 3539 3836 respon-

1956 3883 2073 3938 dit:
2101 3881 2268 3936 satius
2293 3889 2376 3934 est
2403 3877 2507 3932 hoc
2537 3865 2695 3945 pacto
2723 3873 2881 3939 mori,
2910 3884 3069 3940 quam
3093 3867 3346 3923 deserere
3373 3862 3541 3929 pieta-

1960 3983 2089 4028 tem.
2113 3971 2193 4027 Ad
2222 3971 2338 4025 hate
2361 3977 2759 4036 consequentur
2785 3963 2935 4036 multi
2976 3962 3193 4030 plausus
3237 3957 3303 4010 ab
3342 3955 3424 4008 his
3453 3954 3543 4022 qtti

1959 4062 2247 4126 audierint,
2270 4058 2476 4114 cunctis
2499 4030 2879 4125 stupentibus:
2906 4053 3071 4106 Deum
3099 4045 3542 4118 gloriﬁcattlibus.

1962 4156 2073 4210 Hoc
2097 4161 2226 4222 quot
2253 4150 2442 4207 statuis
2469 4163 2572 4202 non
2601 4146 2704 4201 erit
2726 4143 2817 4198 tibi
2842 4138 3237 4196 honorabilius?
3261 4145 3390 4205 quot
3413 4134 3546 4188 ima-

1960 4246 2171 4317 ginibus
2225 4239 2680 4311 magnificentius?
2723 4243 2923 4307 quanto
2990 4232 3193 4286 honore
3251 4226 3546 4298 insignius?

1961 4338 2160 4392 Omnes
2189 4332 2479 4388 laudabunt
2501 4370 2514 4394 ,
2546 4343 2735 4385 omnes
2762 4339 2904 4382 tuam
2946 4323 3250 4379 felicitatem
3291 4317 3548 4389 prtedica-

1962 4429 2126 4490 bttnt,
2157 4439 2345 4481 omnes
2393 4432 2445 4478 te
2490 4420 2839 4477 coronabunt.
2883 4417 3147 4470 Praeterea
3197 4411 3294 4481 ipsi
3337 4422 3547 4480 quoque

1965 4519 2214 4575 meliores
2254 4517 2380 4570 fient
2403 4555 2419 4581 ,
2449 4529 2514 4569 ac
2538 4511 2768 4566 vicissim
2807 4518 2955 4563 tuum
2986 4504 3287 4574 exemplum
3321 4499 3545 4555 aemula-

1951 4612 2181 4674 buntur,
2208 4606 2662 4673 imitabnnturque
2689 4612 2832 4657 tuam
2865 4598 3224 4654 fortitudinem
3253 4613 3267 4649 :
3290 4603 3344 4650 et
3363 4593 3406 4647 si
3428 4593 3549 4662 quis

1964 4704 2099 4758 alius
2139 4701 2242 4756 tale
2283 4697 2552 4768 quidpiam
2593 4695 2797 4759 fecerit,
2840 4702 2893 4744 tu
2925 4688 3223 4744 mercedem
3270 4686 3427 4750 feres,
3458 4684 3548 4753 qui

1967 4793 2065 4847 zeli
2091 4791 2254 4844 fueris
2273 4796 2478 4842 auctor.
2504 4785 2684 4852 Neque
2712 4790 2913 4835 tantum
2941 4784 3336 4847 consequentur
3362 4773 3548 4828 laudes

1967 4895 2113 4941 reete
2132 4883 2411 4943 factorum,
2437 4891 2620 4932 verum
2647 4876 2804 4930 etiam
2826 4872 3103 4927 celerrima
3125 4868 3294 4922 morbi
3321 4867 3548 4922 levatio:

1968 4992 2089 5032 cum
2121 4976 2232 5046 ipsa
2254 4981 2342 5028 tua
2367 4969 2619 5040 praeclara
2637 4967 2908 5021 voluntate
2928 4962 3248 5018 conciliante
3268 4959 3358 5014 tibi
3385 4959 3548 5012 Deum

1969 5068 2034 5121 ad
2057 5066 2312 5134 majorem
2344 5059 2786 5123 benevolentiam,
2812 5068 2920 5111 tum
2945 5057 3144 5110 sanctis
3163 5051 3412 5107 omnibus
3431 5063 3553 5117 gra-

1973 5159 2260 5214 tulantihus
2283 5166 2386 5210 tuae
2407 5151 2844 5225 promptitudini,
2872 5157 3032 5219 atque
3057 5163 3120 5202 ex
3161 5145 3348 5199 intimo
3389 5141 3554 5197 corde

1970 5268 2069 5324 pro
2093 5261 2146 5308 te
2171 5263 2357 5321 preces
2385 5247 2744 5302 fundentibus.
2764 5244 2917 5310 Quod
2943 5243 2986 5296 si
3014 5241 3100 5295 hic
3127 5240 3246 5294 talia
3274 5244 3400 5290 sunt
3421 5250 3555 5302 prat-

1974 5345 2078 5399 mia
2119 5340 2443 5398 fortitudinis
2487 5339 2643 5408 hujus
2667 5379 2680 5399 .
2713 5336 2884 5406 cogita
2912 5342 3151 5404 quantas.
3179 5329 3286 5382 illic
3329 5327 3556 5395 recipies

1973 5449 2218 5497 coronas,
2247 5447 2388 5495 cmn,
2419 5429 2623 5500 angelis
2651 5425 3025 5497 przcsentibus,
3047 5420 3296 5477 omnibus
3320 5417 3552 5472 archan-

1967 5527 2126 5596 gelis,
2155 5523 2399 5580 Christus
2425 5519 2720 5576 adveniens
2744 5517 3006 5587 prehensa
3049 5526 3206 5566 manu
3241 5519 3325 5563 tua
3354 5509 3405 5562 in
3437 5523 3552 5562 me—

1974 5621 2120 5674 dium
2165 5628 2216 5673 te
2264 5615 2393 5671 illud
2437 5615 2702 5669 theatrum
2746 5606 3086 5680 produxerit,
3117 5604 3430 5672 cunctisque
3459 5617 3551 5653 au-

1977 5713 2246 5770 dientibus
2273 5709 2472 5766 dixerit
2503 5724 2515 5760 :
2549 5704 2636 5761 hic
2680 5703 2840 5758 homo
2861 5743 2877 5769 ,
2909 5714 3032 5757 cum
3075 5694 3360 5768 aliquando
3405 5692 3555 5750 febre
