1931 3114
163 123 215 152 059

163 186 301 216 mrreptus
314 185 397 215 esset,
411 182 560 209 innumeris
580 182 667 217 ipsum
682 181 885 210 exhortantibus
900 185 930 208 ut
943 188 958 208 a

165 226 260 254 morbo
274 226 439 258 liberaretur,
454 231 561 260 propter
571 234 669 254 nomen
679 234 778 259 meum,
791 234 822 254 ac
835 227 957 253 timorem

166 272 192 299 in
209 279 261 304 me,
276 279 310 299 ne
323 272 350 299 in
360 272 448 307 aliquo
460 271 618 305 oli'enderet,
632 279 726 299 omnes
737 272 782 306 qui
797 271 960 306 pollicebauc

171 324 214 345 tur
227 316 278 352 ipsi
292 323 344 345 Isto
358 321 438 345 ntodo
451 318 591 345 sanitatem
602 339 609 351 ,
626 319 740 352 repulit,
755 324 870 353 cumque
883 317 960 352 igno-

169 364 249 390 minia
265 364 357 398 rejecit
372 372 379 390 :
394 371 426 390 ac
440 364 596 398 pra-optavit
619 363 724 390 immori
740 363 827 397 potius
848 363 961 395 morbo,

168 416 248 444 quam
270 409 395 436 deserere
414 409 466 436 mei
487 409 614 436 studium.
627 409 730 437 Etenim
749 409 772 436 si
793 416 840 437 eos
853 408 898 444 qui
912 408 962 444 ipsi

171 461 260 488 pulum
273 453 415 488 dederunt,
431 455 475 490 qui
490 456 644 487 vestierunt,
661 455 704 489 qui
715 455 803 482 cibum
818 455 961 489 dederunt,

170 500 196 526 in
223 500 339 527 medium
360 500 486 527 adducit:
500 501 584 527 multo
606 501 689 535 magis
712 501 825 528 adducet
839 507 902 533 eos,
918 501 962 535 qui

171 550 281 579 propter
303 545 389 579 ipsum
412 550 536 581 optarunt
557 546 665 573 obnoxii
686 553 747 573 esse
771 546 849 574 febri.
873 546 964 581 Neque

171 589 243 617 enim
262 590 348 618 simile
361 595 404 618 est
418 591 482 618 dare
497 598 592 625 panem
607 597 639 618 ac
653 596 773 624 vestem,
793 595 818 619 et
842 592 963 619 morbum

171 635 302 664 diutinum
325 636 464 671 perferre:
478 637 532 664 imo
555 638 606 665 hoc
628 638 672 665 illo
696 638 780 665 multo
802 638 887 673 majus
911 642 963 665 est.

171 680 277 714 Quanto
286 686 374 709 autem
386 682 484 709 laboris
495 689 528 710 ac
539 682 640 710 doloris
651 683 709 717 plus
719 683 861 710 toleralum
874 683 962 715 inerit,

173 732 247 754 tanto
260 727 340 755 etiam
352 735 449 755 corona
464 728 516 755 erit
527 728 751 763 magniﬁeetttior.

209 772 317 800 Muralis
336 773 604 801 abeuntia—limo
627 779 652 800 et
678 774 734 801 sani
758 774 916 801 meditemur
939 777 967 801 et

173 823 334 853 :rgrotantes
345 839 352 851 ,
366 818 453 854 deque
469 819 510 846 his
525 819 596 846 inter
617 826 666 846 nos
685 820 878 854 eolloquatnur.
897 820 930 847 Et
943 819 966 847 si

174 865 319 892 viderimus
334 872 383 892 nos
397 865 470 899 ipsos
484 865 627 900 aliquando
643 866 708 893 febri
729 865 888 893 intolerabili
907 873 967 893 cor-

174 915 263 945 reptos
274 930 282 942 ,
298 910 361 937 illud
374 910 443 945 apud
458 919 507 938 nos
521 911 593 946 ipsos
607 911 727 938 dicamus
741 919 748 938 :
763 911 826 946 quid
839 916 929 938 autem
943 911 967 938 si

174 957 250 984 nobis
272 956 394 985 alicunde
417 957 548 985 intentata
573 957 618 985 lite
640 958 672 984 ad
692 958 806 985 tribunal
821 958 965 993 rapiamur,

174 1008 290 1036 moxque
304 1002 416 1029 sublatis
429 1002 566 1030 caedantur
578 1003 673 1036 latera,
684 1010 772 1030 annon
787 1009 898 1031 necesse
908 1002 967 1029 fue-

176 1047 212 1074 rit
224 1047 334 1074 omnino
348 1049 461 1082 perpeti,
479 1048 559 1083 idque
578 1048 652 1076 nullo
667 1049 740 1076 lucro
755 1049 880 1083 nullaque
894 1056 967 1075 mer-

173 1091 257 1119 eode?
279 1092 334 1120 lloc
355 1096 382 1119 et
405 1101 475 1120 nunc
497 1094 662 1128 cogitemus,
685 1094 821 1128 proposita
839 1093 874 1120 sit
888 1094 968 1120 etiant

176 1136 323 1164 tolerantiae
339 1144 458 1171 merces,
472 1138 537 1165 satis
551 1146 660 1173 magna,
676 1143 704 1165 ιιι
718 1138 803 1173 erigat
821 1138 969 1173 collapsum

175 1182 303 1210 animum.
319 1183 371 1211 Sed
387 1185 498 1212 molesta
518 1188 559 1212 est
582 1184 663 1212 febris
677 1193 684 1211 :
700 1192 790 1212 verum
812 1192 918 1219 oppone
932 1184 968 1211 illi

178 1228 331 1256 incendium
344 1228 484 1263 gehenna-,
495 1229 565 1264 quod
578 1229 690 1264 effugies
702 1230 826 1260 omnino.
840 1230 862 1257 si
877 1230 969 1256 volue-

177 1273 214 1301 ris
236 1274 313 1301 istam
329 1274 423 1302 febrim
437 1282 499 1302 cum
514 1275 586 1302 omni
610 1275 752 1302 tolerantia
767 1277 896 1310 perferre.
916 1276 970 1303 lte-

177 1324 240 1353 puta
253 1324 350 1353 tecum,
363 1328 442 1354 quain
455 1320 538 1347 multa
552 1320 620 1354 passi
631 1320 684 1347 sint
694 1320 816 1355 apostoli,
829 1320 970 1348 considera

173 1364 262 1399 justos
284 1370 413 1400 perpetuo
438 1366 463 1392 in
485 1365 675 1393 afflictionibus
697 1365 778 1393 fuisse
791 1386 798 1397 ,
826 1366 970 1394 recordare

177 1410 247 1437 beati
258 1409 402 1443 Timothei,
414 1411 459 1446 qui
472 1419 616 1446 numquam
636 1410 669 1438 ab
685 1410 840 1438 inﬁrntitate
853 1411 970 1445 respira—

177 1455 228 1489 vit,—
240 1456 286 1483 sed
308 1456 342 1483 ab
362 1456 542 1484 adolescentia
563 1457 618 1492 jugi
641 1457 736 1484 morbo
749 1462 806 1484 erat
823 1457 969 1492 obnoxius,

177 1501 257 1536 idque
281 1501 378 1528 Paulus
403 1502 541 1529 declarans
563 1502 631 1529 dixit
650 1511 657 1530 :
681 1502 783 1530 Modico
805 1505 862 1530 vino
882 1508 967 1536 utere,

174 1552 281 1585 propter
304 1548 460 1575 stomachum
482 1554 569 1581 tuum,
594 1556 624 1575 ac
647 1551 789 1584 frequentes
813 1549 971 1581 inﬁrmitates

177 1596 234 1620 tuas
246 1593 285 1628 (i.
304 1593 369 1620 Tim.
385 1594 411 1621 5.
426 1594 482 1628 25).
495 1594 571 1627 Quod
584 1595 605 1621 si
621 1594 708 1629 justus
723 1595 776 1624 ille,
791 1599 899 1622 sanctus
913 1594 969 1627 ille,

177 1639 221 1673 qui
234 1639 308 1666 orbis
321 1639 505 1673 praefecturam
519 1640 656 1674 suscepit,
669 1640 713 1674 qui
734 1645 855 1667 mortuos
871 1640 972 1666 excita-

179 1684 226 1717 vit,
241 1684 287 1718 qui
299 1683 435 1711 dtrmones
455 1684 564 1718 abegit,
580 1684 625 1719 qui
642 1685 750 1711 morbos
763 1684 971 1712 innumetabiles

179 1729 205 1755 in
219 1728 279 1755 aliis
292 1729 421 1760 correxit,
438 1732 492 1755 tam
502 1728 599 1755 acerba
615 1736 710 1763 passus
720 1733 779 1761 est,
795 1737 874 1763 quam
891 1738 972 1757 excu-

180 1773 311 1800 sationem
335 1773 444 1801 habebis
466 1779 510 1806 tu,
525 1774 570 1808 qui
589 1775 759 1802 tumultuaris
782 1783 813 1802 ac
833 1776 925 1803 deﬁcis
945 1777 971 1802 in

181 1818 281 1849 morbis
302 1819 490 1854 temporariis?
504 1819 560 1846 Non
579 1819 677 1847 audisti
697 1820 861 1855 Scripturtnn
882 1821 972 1849 dicen-

181 1871 244 1896 tem,
261 1864 341 1898 Quem
362 1864 446 1900 diligit
463 1864 602 1898 Dominus,
616 1865 723 1901 castigat
737 1874 747 1893 :
761 1867 873 1902 ﬂagellat
888 1874 972 1895 autem

180 1916 279 1936 omnem
291 1909 383 1943 ﬁlium,
395 1918 468 1944 quem
480 1911 568 1945 recipit
580 1910 672 1947 (llebr.
685 1911 728 1938 12.
741 1911 769 1946 6)
780 1911 791 1938 ?
802 1911 884 1944 Quam
897 1913 972 1940 multi

179 1954 333 1989 frequenter
343 1960 471 1990 optarunt
483 1957 603 1992 martyrii
617 1964 744 1984 coronam
758 1958 899 1992 accipere?
909 1959 973 1986 ilico

180 2004 221 2027 est
238 2005 330 2035 parata
343 2001 465 2037 martyrii
479 1996 589 2030 corona.
603 2002 660 2029 Non
676 2003 748 2030 enim
763 2002 789 2030 id
809 2004 889 2030 modo
912 2004 972 2032 facit

180 2050 334 2080 martyrem,
347 2047 370 2074 si
386 2047 432 2082 qui
451 2047 542 2082 jussus
561 2053 601 2075 est
613 2048 775 2081 sacrificare,
791 2049 879 2083 potius
894 2049 974 2076 ducat

179 2091 277 2123 emori,
294 2099 386 2119 verum
399 2092 479 2119 etiam
501 2092 524 2120 si
546 2093 606 2127 quis
628 2098 718 2120 servet
732 2093 881 2128 quidlibet,
902 2093 973 2128 quod

180 2141 296 2164 mortem
329 2142 418 2172 potest
451 2144 611 2170 accersere,
636 2138 804 2166 manifestum
833 2144 875 2166 est
902 2147 974 2167 mar-

180 2183 290 2218 tyritln.

215 2228 243 2256 8.
257 2229 297 2256 Ac
310 2233 338 2256 ut
347 2229 479 2264 intelligas
490 2229 541 2257 hoc
552 2236 612 2257 esse
624 2237 725 2262 verum,
740 2229 894 2262 recordare,
907 2237 974 2265 quo—

181 2274 262 2302 modo
276 2274 395 2302 Joannes
407 2275 524 2310 Baptista
538 2281 660 2302 mortuus
673 2276 718 2308 sit,
731 2279 758 2302 ct
767 2283 818 2309 qua
834 2275 868 2303 de
881 2283 972 2308 causa,

181 2319 317 2355 quomodo
336 2320 412 2348 Abel.
427 2320 527 2347 Neuter
545 2321 616 2348 enim
637 2320 731 2348 horum
745 2321 788 2348 vel
810 2321 894 2348 altare
909 2321 975 2348 vidit

182 2365 332 2397 incensum,
347 2365 389 2392 vel
401 2369 516 2392 statuam
529 2366 652 2400 positam,
663 2365 706 2393 vel
715 2365 806 2401 jussus
818 2366 865 2393 fuit
880 2367 975 2393 immo-

181 2410 240 2438 lare
251 2410 418 2438 daemonibus
431 2420 437 2438 :
453 2411 501 2439 sed
514 2411 560 2439 ille
573 2411 679 2447 quidem
688 2432 696 2444 ,
709 2412 771 2446 quia
791 2411 975 2440 tantummodo

182 2456 355 2491 reprehendit
369 2456 513 2490 Herodem,
525 2457 672 2485 decollatus
686 2462 728 2485 est
741 2466 747 2483 :
765 2457 807 2484 hic
821 2464 894 2488 vero,
908 2465 975 2492 quo—

182 2501 255 2529 niam
270 2501 354 2530 Deum
369 2502 473 2530 meliori
489 2502 620 2530 sacriﬁcio
634 2502 775 2529 honoravit
789 2509 868 2537 quam
881 2502 973 2536 frater,

181 2548 288 2576 occisus
302 2552 353 2576 est.
365 2548 433 2576 Nam
449 2549 529 2584 igitur
542 2549 635 2584 privati
647 2553 709 2576 sunt
721 2549 841 2584 martyrii
855 2548 973 2576 corona?

181 2595 217 2622 At
236 2595 298 2630 quis
319 2594 372 2623 hoc
390 2595 488 2623 audeat
510 2595 621 2623 dicere?
640 2595 861 2630 Quandoquidem
887 2596 974 2630 ipsum

181 2642 262 2669 etiam
282 2641 376 2669 mortis
395 2649 480 2677 genus
499 2641 598 2669 sufﬁcit
611 2641 649 2668 ad
663 2641 787 2668 omnibus
808 2640 973 2676 persuaden-

181 2687 245 2714 dum
258 2708 266 2721 ,
287 2694 335 2715 eos
348 2687 418 2715 inter
436 2687 537 2722 primos
551 2691 683 2722 martyres
702 2687 847 2714 numerari.
861 2686 938 2721 Quod
952 2688 974 2714 si

181 2733 262 2760 etiam
275 2733 391 2760 divinam
402 2733 560 2761 sententiam
573 2739 652 2768 super
665 2732 707 2760 his
719 2733 849 2767 prolatam
861 2733 969 2768 quatris,

182 2778 244 2806 andi
258 2778 321 2814 quid
335 2779 401 2807 dicit
418 2779 525 2807 Paulus.
544 2778 610 2806 Nam
631 2787 690 2814 quae
711 2779 757 2807 ille
776 2779 902 2814 loquitur,
918 2780 976 2807 sine

181 2823 266 2853 dubio
277 2824 392 2860 Spiritus
411 2830 483 2854 sunt.
499 2824 566 2853 Puto
580 2825 663 2860 enim,
684 2825 786 2860 inquit,
806 2824 875 2860 quod
889 2829 912 2852 et
927 2832 972 2860 ego

514 125 543 153 S.
565 125 704 153 JOANNIS
722 123 960 154 CllRYSOSTOMI
981 122 1139 151 ARCIIIEP.
1160 121 1430 150 CONSTANTINOP.

1751 120 1815 148 9ἂο

1011 179 1136 212 Spiritum
1152 177 1199 205 Dei
1213 178 1318 205 habeant
1331 178 1373 212 (i.
1390 176 1449 204 Cor.
1460 177 1486 204 7.
1498 177 1559 213 l0).
1572 179 1639 210 Quid
1660 179 1742 212 igitur
1765 176 1817 202 hic

1010 225 1090 252 dicit?
1102 225 1220 251 E'xursns
1232 223 1266 250 ab
1277 223 1353 254 Abel.
1363 230 1422 250 cum
1432 223 1543 250 dixisset
1553 222 1681 258 majorem
1690 222 1816 249 hostiam

1010 270 1077 298 Abel
1093 277 1147 305 prae
1160 270 1226 297 Cain
1247 270 1377 297 obtulisse
1393 270 1448 297 Deo
1458 290 1465 301 ,
1481 275 1508 296 et
1528 275 1637 304 propter
1647 269 1717 297 hanc
1731 277 1815 296 11101·-

1013 321 1086 343 tuum
1102 316 1188 342 adhuc
1204 315 1275 350 loqui
1293 324 1301 342 :
1316 315 1414 342 deinde
1437 315 1572 349 digressus
1593 315 1626 341 ad
1645 314 1798 349 prophetas

1012 369 1045 390 ac
1057 362 1166 390 decursa
1180 362 1250 389 serie
1264 368 1348 395 usque
1368 361 1402 388 ad
1416 360 1563 394 Joannem,
1585 361 1696 388 dixisset
1710 369 1717 387 :
1736 359 1816 386 Occi-

1012 409 1082 435 tione
1106 409 1183 442 gladii
1198 408 1288 434 mortui
1302 412 1358 433 sunt
1373 428 1378 439 ,
1394 407 1439 433 alii
1455 415 1509 434 vero
1525 407 1627 433 distenti
1640 412 1697 433 sunt
1711 406 1814 441 (Hebr.

1015 454 1057 479 ti.
1074 453 1137 488 57);
1158 453 1246 479 multis
1260 458 1285 479 ct
1301 453 1413 479 diversis
1429 453 1521 479 mortis
1537 452 1678 487 generibus
1690 459 1816 478 commc-

1015 500 1133 530 litoralis,
1150 498 1260 532 subjecit
1275 499 1325 524 hoc
1339 498 1434 524 modo:
1449 497 1538 533 Itaque
1549 506 1593 524 nos
1604 505 1700 531 quat/uc
1711 502 1816 522 tantam

1015 545 1131 570 [tabentes
1153 545 1349 570 circtttndantem
1365 552 1408 570 nos
1429 544 1519 569 nubem
1541 548 1697 577 martyrum,
1711 542 1817 575 objecta

1016 591 1082 616 omni
1097 591 1214 624 pondere,
1228 599 1272 625 per
1287 590 1445 616 tolerantiam
1460 597 1589 615 curramus
1611 588 1620 624 (
1642 588 1682 614 Ib.
1702 588 1745 614 i2.
1760 588 1772 614 ί
1793 588 1814 621 ).

1016 636 1095 662 Vides
1110 636 1179 670 quod
1193 636 1271 662 etiam
1286 636 1351 662 Abcl
1363 636 1503 669 appellavit
1515 640 1657 669 martyrem
1670 639 1697 660 et
1707 633 1773 665 Noe,
1787 638 1817 659 ct

1016 682 1161 714 Abraham,
1178 687 1203 709 ct
1218 682 1299 713 Isaac,
1316 687 1341 708 et
1352 681 1445 708 Jacob.
1457 681 1521 707 Nam
1538 685 1562 707 et
1578 681 1688 706 istorum
1702 680 1815 714 quidam

1016 729 1055 755 sic
1070 734 1178 762 propter
1192 729 1273 755 Dcutn
1291 729 1387 754 mmtui
1404 732 1476 759 sunt,
1491 726 1713 761 quemadmodum
1726 725 1817 760 inquit

1018 774 1123 805 Paulus,
1139 773 1256 806 Quotidie
1270 774 1363 799 morior
1378 773 1415 808 (l.
1431 773 1488 799 Cor.
1503 773 1546 799 15.
1562 772 1608 807 5i)
1621 781 1627 798 :
1641 779 1693 798 non
1703 772 1816 806 quidem

1018 818 1143 849 moriens,
1158 819 1204 845 sed
1219 818 1353 852 proposito
1365 823 1466 844 tantum
1478 824 1620 851 perpessus
1630 822 1756 843 mortem.
1769 816 1817 842 Sic

1017 867 1044 889 et
1059 869 1095 895 tu,
1108 864 1129 890 si
1145 863 1274 897 repuleris
1290 864 1494 894 incantamenta,
1511 862 1646 892 veneficia,
1660 869 1691 888 ac
1706 862 1817 895 praesti-

1018 910 1088 944 gias,
1107 911 1209 937 etiamsi
1227 910 1319 937 morbo
1336 910 1472 942 moriaris,
1488 914 1588 943 martyr
1608 908 1743 942 perfectus
1758 907 1818 935 Γυρ-

1019 957 1054 983 ris
1069 978 1076 988 ,
1097 964 1130 983 eo
1155 957 1244 990 quod,
1261 957 1320 983 aliis
1340 956 1525 990 pollicentibus
1545 955 1630 982 morbi
1653 955 1818 982 levationem

1018 1009 1078 1028 cutn
1101 1002 1252 1035 impietate,
1275 1002 1432 1036 prteoplaris
1447 1006 1559 1027 monent
1581 1008 1640 1027 cum
1658 1002 1766 1034 pietate.
1782 1000 1818 1027 Et

1019 1046 1076 1073 hare
1092 1047 1168 1073 nobis
1183 1047 1250 1073 dicta
1268 1052 1346 1073 sunto
1361 1047 1487 1074 adversus
1500 1054 1546 1074 eos
1557 1067 1563 1077 ,
1578 1047 1623 1081 qui
1637 1047 1758 1080 jactant,
1773 1046 1818 1073 di-

1019 1097 1134 1127 euntque
1147 1092 1282 1119 dwmones
1297 1092 1408 1119 mederi.
1423 1093 1565 1125 Czcterum,
1582 1097 1611 1118 ut
1626 1092 1769 1125 intelligas,
1783 1100 1820 1119 no

1020 1138 1070 1164 hoc
1083 1138 1188 1172 quidem
1202 1146 1261 1165 esse
1275 1146 1364 1165 verum
1376 1160 1383 1170 ,
1405 1138 1465 1164 audi
1482 1137 1544 1172 quid
1563 1137 1683 1165 Christus
1697 1137 1770 1165 dicat
1784 1138 1821 1165 de

1020 1183 1126 1209 diabolo
1138 1204 1145 1215 ,
1164 1183 1215 1210 Ille
1236 1184 1363 1210 homicida
1381 1189 1435 1210 erat
1454 1183 1487 1209 ab
1505 1184 1577 1209 initio
1592 1182 1688 1216 (Joan.
1701 1183 1729 1210 8.
1746 1183 1782 1209 Η
1796 1183 1819 1217 ).

1022 1229 1092 1256 Deus
1107 1229 1181 1259 dicit,
1196 1229 1328 1256 homicida
1342 1234 1382 1257 est
1396 1238 1403 1256 :
1418 1234 1445 1256 ct
1458 1234 1484 1256 ttt
1497 1229 1529 1256 ad
1545 1229 1619 1256 illum
1634 1234 1770 1264 tamquam
1784 1229 1820 1255 ad

1021 1274 1154 1301 medicum
1171 1275 1275 1302 curris?
1291 1275 1337 1302 Dic
1352 1274 1416 1301 mihi
1430 1295 1437 1307 ,
1459 1282 1517 1302 cum
1533 1274 1700 1302 accusaberis
1711 1295 1719 1306 ,
1736 1282 1822 1309 quam

1022 1320 1151 1347 rationem
1167 1320 1263 1347 afferre
1279 1321 1378 1354 poteris
1388 1341 1394 1352 ,
1407 1320 1452 1355 qui
1467 1321 1562 1347 credas
1578 1320 1671 1347 ltorum
1686 1320 1820 1355 imposui.

1021 1365 1058 1391 ris
1079 1372 1138 1391 esse
1162 1365 1295 1391 ﬁdendum
1318 1366 1423 1399 potius.
1439 1373 1517 1400 quam
1537 1365 1634 1393 Christi
1656 1366 1821 1392 sententias?

1021 1411 1087 1438 Cum
1113 1412 1182 1438 enim
1206 1412 1274 1439 Deus
1297 1412 1385 1443 dicat,
1402 1412 1535 1440 homicida
1556 1417 1619 1440 est:
1637 1412 1679 1439 isti
1696 1420 1761 1439 vero
1776 1411 1820 1439 di-

1022 1463 1102 1489 cant,
1122 1463 1208 1492 potest
1229 1466 1322 1485 curare
1343 1459 1469 1491 morbos,
1489 1459 1614 1485 nimirum
1638 1463 1821 1492 repugnante:

1022 1504 1263 1530 seutentiaedivinte
1274 1513 1279 1529 :
1291 1508 1317 1531 tu
1326 1511 1389 1531 vero
1400 1504 1513 1538 recipias
1523 1503 1616 1530 horum
1628 1502 1760 1530 maleﬁcia
1771 1503 1819 1530 illa

1022 1554 1048 1575 cl
1067 1550 1262 1576 incantamenta
1278 1571 1284 1582 ,
1301 1549 1365 1576 nihil
1380 1549 1450 1576 aliud
1466 1550 1529 1583 ipsis
1544 1548 1621 1576 factis
1635 1550 1686 1576 tuis
1698 1549 1818 1583 judicas,

1022 1602 1100 1629 quam
1127 1595 1236 1621 istorum
1253 1595 1341 1622 verbis
1364 1596 1450 1629 potius
1465 1594 1612 1622 habendam
1628 1594 1722 1627 ﬁdem,
1738 1603 1821 1629 quam

1023 1641 1119 1668 Christi
1134 1650 1140 1668 :
1156 1642 1218 1668 licet
1231 1642 1320 1669 verbis
1340 1641 1366 1668 id
1388 1648 1440 1668 non
1456 1641 1538 1668 dicas.
1553 1640 1628 1674 Quod
1650 1641 1671 1667 si
1694 1640 1821 1667 diabolus

1024 1686 1155 1713 homicida
1172 1691 1222 1719 est,
1241 1686 1409 1713 manifestum
1421 1685 1540 1721 estquod
1555 1686 1591 1712 illi
1604 1685 1752 1712 servientes
1765 1685 1821 1712 da:-

1024 1741 1115 1759 moncs
1128 1738 1198 1759 sunt.
1216 1733 1246 1759 Et
1260 1734 1309 1759 hoc
1319 1740 1424 1767 quoque
1437 1738 1461 1758 Ie
1473 1732 1536 1765 ipsis
1551 1731 1625 1758 factis
1639 1731 1729 1758 docuit
1743 1731 1822 1758 Chri-

1023 1785 1096 1809 stus,
1111 1779 1154 1813 qui
1173 1779 1291 1812 perntisit
1306 1779 1365 1805 illos
1382 1779 1482 1805 irruere
1495 1778 1522 1805 in
1537 1778 1609 1805 iliutn
1630 1785 1737 1812 gregem
1753 1785 1820 1812 por-

1023 1832 1126 1856 corum,
1143 1832 1221 1858 quem
1238 1825 1389 1851 unirersutn
1403 1825 1429 1850 in
1441 1831 1513 1850 mare
1525 1823 1724 1858 praecipitarunt
1741 1822 1818 1859 (Luc.

1024 1870 1049 1901 8,
1067 1869 1111 1896 59..
1126 1869 1217 1903 set/17.),
1231 1874 1259 1896 ut
1274 1869 1436 1904 intelligeres
1454 1868 1523 1903 quod
1538 1869 1629 1895 eadem
1651 1867 1747 1895 facturi
1761 1868 1818 1895 fue-

1024 1918 1076 1943 rint
1088 1917 1250 1948 hominibus,
1265 1917 1407 1950 statimque
1423 1915 1624 1950 przefocassent,
1641 1914 1663 1941 si
1679 1914 1751 1941 Deus
1764 1914 1819 1942 illis

1024 1963 1199 1997 pertiiisissct.
1214 1962 1287 1988 Nunc
1300 1969 1365 1988 vero
1386 1962 1443 1995 ipse
1463 1961 1522 1987 illos
1535 1960 1651 1987 coercuit
1669 1959 1819 1994 prohibuit-

1023 2015 1093 2041 que,
1118 2015 1167 2034 nec
1192 2007 1333 2042 quidquam
1356 2007 1393 2034 eis
1417 2006 1538 2041 permisit
1558 2005 1645 2032 facere
1659 2005 1816 2039 ejusmodi:

1023 2053 1092 2087 quod
1108 2053 1214 2087 quidem
1231 2053 1279 2087 ipsi
1298 2058 1429 2086 potestate
1449 2053 1475 2078 in
1490 2058 1586 2085 porcos
1605 2055 1712 2085 accepta
1729 2050 1818 2077 decla-

1024 2103 1126 2124 rarunt.
1142 2098 1246 2125 Etenim
1260 2098 1281 2124 si
1296 2098 1384 2132 porcis
1400 2104 1451 2123 non
1466 2100 1656 2130 pepercerunt,
1670 2095 1760 2122 multo
1770 2095 1818 2121 mi-

1024 2151 1073 2169 nus
1086 2151 1101 2169 a
1117 2144 1193 2170 nobis
1206 2143 1405 2174 abstinuissent,
1420 2142 1441 2168 si
1454 2141 1580 2168 adversus
1593 2147 1642 2167 nos
1656 2144 1817 2174 potestatem

1025 2189 1189 2216 habuissent.
1206 2188 1244 2216 Ne
1258 2189 1347 2223 igitur,
1364 2187 1460 2215 dilecte
1470 2207 1478 2219 ,
1496 2186 1631 2213 fraudibus
1645 2185 1754 2212 illorum
1767 2185 1814 2212 ab-

1024 2234 1144 2266 ducaris;
1161 2233 1207 2261 sed
1220 2239 1276 2261 esto
1291 2234 1463 2261 conﬁrmatus
1477 2233 1502 2259 in
1517 2232 1612 2258 timore
1623 2230 1681 2257 Dei.

1062 2279 1142 2313 Signo
1152 2279 1233 2305 crucis
1244 2287 1320 2312 prava
1332 2282 1440 2312 potestas
1453 2277 1533 2303 omnis
1542 2277 1653 2311 fugatur.
1664 2288 1702 2295 -—
1712 2275 1747 2302 Et
1754 2282 1819 2310 qno-

1026 2326 1104 2352 mnth
1127 2326 1282 2360 ingretlieris
1302 2324 1479 2359 synagogam?
1492 2323 1519 2350 Si
1535 2328 1648 2356 namque
1669 2321 1819 2355 signaveria

1027 2372 1139 2398 frontem
1152 2376 1233 2401 tuam,
1250 2370 1321 2397 illico
1334 2370 1415 2404 fugiet
1429 2374 1509 2404 prava
1524 2373 1642 2402 potestas
1653 2374 1818 2403 synagogam

1027 2418 1187 2445 inhabitans.
1204 2417 1231 2443 Si
1253 2424 1316 2443 vero
1332 2424 1383 2442 non
1399 2416 1563 2450 signavcris,
1587 2414 1613 2441 in
1636 2414 1701 2448 ipsis
1716 2413 1817 2440 foribus

1028 2465 1146 2500 protinus
1161 2471 1233 2490 arma
1248 2463 1384 2497 abjceisti,
1400 2470 1462 2488 mox
1475 2461 1574 2488 nudttm
1586 2465 1614 2488 et
1628 2461 1760 2487 inermem
1774 2459 1820 2485 ab-

1026 2515 1130 2544 reptum
1156 2514 1181 2536 te
1204 2508 1325 2535 diabolus
1351 2507 1428 2534 malis
1456 2507 1603 2534 innumeris
1630 2504 1740 2532 adiciet.
1768 2505 1817 2532 Sed

1026 2556 1088 2591 quid
1102 2555 1195 2582 attinet
1210 2554 1267 2581 haec
1279 2562 1293 2581 a
1306 2554 1381 2581 nobis
1394 2553 1467 2581 dici?
1481 2552 1545 2579 Nam
1560 2551 1629 2587 quod
1643 2551 1701 2586 ipse
1715 2557 1818 2585 quoque

1027 2601 1169 2628 maximum
1183 2604 1320 2634 peccatum
1330 2606 1389 2626 esse
1401 2598 1513 2633 judicas.
1526 2596 1559 2625 ad
1567 2598 1730 2626 sceleratum
1745 2597 1817 2624 illum

1026 2649 1112 2675 locum
1136 2653 1293 2677 accurrere,
1318 2644 1483 2671 manifestum
1503 2648 1544 2670 est
1567 2651 1601 2670 ex
1624 2643 1680 2676 ipso
1704 2641 1816 2669 adeundi

1027 2695 1116 2721 modo.
1133 2694 1236 2721 Etenim
1251 2692 1318 2718 ciant
1333 2692 1394 2718 illuc
1407 2690 1534 2717 accedere
1547 2688 1649 2719 studes,
1662 2691 1692 2714 et
1702 2687 1815 2717 famulis.

1026 2741 1129 2774 amicis,
1144 2746 1223 2775 atque
1238 2738 1331 2765 vicinis
1345 2736 1490 2767 interdicis,
1504 2743 1536 2762 ne
1551 2739 1576 2761 te
1592 2734 1714 2760 deferant
1731 2733 1767 2760 ad
1777 2741 1816 2759 δι

1027 2787 1151 2814 cerdotcs
1167 2796 1174 2814 :
1191 2792 1222 2812 ac
1245 2785 1267 2811 si
1289 2784 1347 2819 quis
1368 2782 1513 2813 detulerit,
1540 2779 1696 2815 indignaris.
1724 2779 1817 2806 Annon

1028 2833 1107 2867 igitur
1129 2839 1230 2866 magna:
1252 2830 1392 2858 dementia:
1405 2829 1458 2863 sit,
1474 2828 1598 2856 hemina
1616 2826 1686 2854 velle
1708 2824 1817 2858 fallere,
