3850 6224
222 308 330 366 959

223 425 303 495 τῷ
323 437 455 473 ποτε
483 419 728 490 ληφθεὶς,
767 421 978 491 μυρίων
1003 421 1154 492 αὐτῷ
1193 418 1602 490 παραινούντων
1631 417 1805 470 ἀπαλ-

224 508 456 577 λαγῆναι
496 505 595 574 τῆς
631 504 812 566 νόσου,
853 503 942 556 διὰ
978 504 1039 556 τὸ
1070 503 1241 572 ὄνομα
1283 503 1346 556 τὸ
1389 503 1539 572 ἐμὸν,
1588 501 1682 555 καὶ
1716 500 1809 553 τὸν

226 589 392 658 φόϐον
413 589 501 641 τὸν
523 590 602 650 είς
629 589 652 639 ὲ
662 587 750 657 μὲ,
777 587 861 640 ἵνα
887 589 946 639 ὲν
971 588 1160 658 μηδενὶ
1187 585 1556 658 προσκρούσῃ,
1580 583 1811 636 διώσατο

226 675 322 728 καὶ
347 673 591 742 ἠτίμωσε
622 671 750 734 τοὺς
787 671 1252 741 ὑπισχνουμένους
1291 671 1453 724 αὑτὸν
1486 667 1812 740 θεραπεύειν

225 758 421 826 ἐκείνῳ
450 755 526 825 τῷ
553 754 760 826 τρόπῳ,
798 755 892 807 καλ¹
922 755 1096 808 είλετο
1123 755 1324 826 μᾶλλον
1357 752 1708 806 ἐναποθανεῖν
1734 751 1810 821 τῷ

225 843 513 909 νοσήματι,
550 833 582 908 ἦ
615 836 908 908 προδοῦναι
939 838 1038 908 τὴν
1067 840 1147 901 είς
1181 838 1280 908 ἐμὲ
1307 836 1540 890 εὔνοιαν.
1570 835 1632 888 El
1655 834 1762 905 γὰρ
1792 845 1811 865 ⁸

223 925 354 986 τοὺς
384 921 710 984 ποτίσαντας
749 922 912 976 αὐτὸν
946 923 1041 975 καὶ
1073 921 1400 984 ὲνδύσαντας
1447 921 1539 973 καὶ
1572 918 1810 989 θρέψαν-

223 1024 326 1070 τας
356 1009 436 1068 είς
468 1005 632 1075 μέσον
661 1008 920 1076 παράγει,
951 1004 1132 1075 πολλῷ
1164 1005 1362 1076 μᾶλλον
1389 1004 1516 1066 τοὺς
1548 1002 1614 1055 δι’
1650 1002 1811 1056 αὑτὸν

224 1088 513 1159 ἑλομένους
559 1085 850 1158 ἀνέχεσθαι
899 1088 1172 1160 πυρετῶν.
1211 1089 1286 1141 Οὐ
1336 1089 1444 1159 γάρ
1477 1089 1626 1139 ἐστιν
1674 1086 1809 1147 ἴσον,

225 1171 391 1242 ἄρτον
436 1171 617 1224 δοῦναι
676 1173 768 1224 καὶ
816 1173 1050 1243 ἱμάτιον,
1091 1174 1185 1226 καὶ
1226 1172 1378 1224 νόσον
1420 1169 1637 1241 μακρὰν
1680 1169 1812 1221 ὐπο-

228 1257 432 1327 μένειν,
469 1254 605 1308 ἀλλά
655 1256 836 1325 πολλῷ
885 1257 1071 1326 μεῖζον
1113 1254 1274 1308 τοῦτο
1319 1256 1552 1308 ἐκείνου·
1597 1251 1708 1322 ὅσῳ
1755 1251 1811 1304 δὲ

227 1339 433 1409 μείζων
465 1340 494 1391 6
526 1338 708 1400 πόνος,
732 1338 974 1409 τοσούτῳ
1007 1337 1099 1392 καὶ
1127 1340 1156 1391 6
1197 1338 1459 1406 στέφανος
1491 1336 1644 1389 ἔσται
1674 1334 1814 1404 λαμ-

225 1423 517 1494 πρότερος.
1261 1424 1266 1429 ’

297 1505 342 1557 Τ
344 1505 484 1558 αὔτα
511 1505 603 1557 καὶ
633 1504 974 1572 ὑγιαίνοντες
1008 1503 1325 1574 μελετῶμεν
1363 1504 1459 1556 καὶ
1487 1503 1808 1573 κάμνοντες,

225 1588 322 1641 καὶ
342 1587 481 1657 πρὸς
507 1587 728 1656 ἑτέρους
755 1586 1024 1656 λέγωμεν
1061 1586 1165 1640 κᾶν
1193 1587 1392 1657 ἴδωμεν
1427 1586 1653 1649 ἑαυτούς
1680 1603 1810 1638 ποτε

225 1672 285 1724 ὲν
316 1669 538 1742 πυρετῷ
561 1670 889 1740 γενομένους
914 1670 1195 1740 ἀφορήτῳ,
1227 1672 1406 1723 ὲκείνο
1432 1670 1569 1742 πρὸς
1587 1669 1813 1732 ἑαυτοὺς

225 1754 490 1824 εἴπωμεν·
524 1752 588 1804 Τί
617 1753 728 1817 δαὶ,
763 1754 816 1805 εί
833 1752 996 1806 ποθεν
1023 1753 1404 1826 ἐπενεχθείσης
1423 1757 1557 1826 ἡμῖν
1581 1768 1816 1824 κατηγο-

228 1838 372 1908 ρίας,
400 1839 481 1900 είς
512 1835 862 1906 δικαστήριον
891 1836 1311 1907 είσηνέχθημεν,
1339 1834 1458 1892 εἶτα
1483 1837 1806 1908 ἀναρτηθέν-

222 1933 314 1983 τες
349 1917 778 1988 κατεξαινόμεθα
804 1918 902 1981 τὰς
929 1918 1191 1990 πλευρὰς,
1219 1921 1318 1973 οὐκ
1344 1921 1557 1992 ἀνάγκη
1586 1917 1654 1992 ἦν
1686 1924 1815 1974 ὑπο-

227 2005 411 2072 μεῖναι
443 2001 658 2064 πάντως
685 2001 783 2055 καὶ
811 2002 1058 2072 ἀκερδῶς
1096 2003 1190 2056 καὶ
1215 2005 1383 2075 χωρὶς
1423 2005 1614 2074 μισθοῦ
1638 2021 1812 2067 τινοςς

226 2084 398 2138 Τοῦτο
438 2085 532 2136 καὶ
572 2083 666 2137 νῦν
703 2082 1069 2155 λογιζώμεθα·
1112 2086 1460 2156 προσκείσθω
1505 2088 1686 2142 τοίνυν
1721 2089 1814 2140 καὶ

221 2167 325 2238 τῆς
370 2168 694 2238 ὑπομονῆςδ
749 2169 779 2219 ὁ
826 2166 1038 2238 μισθὸς,
1096 2169 1280 2232 ίκανὸς
1325 2169 1402 2221 ῶν
1450 2169 1665 2239 ἀλεῖψαι
1716 2169 1813 2240 τὴν

224 2253 578 2305 πεπτωκυῖαν
603 2251 861 2304 διάνοιαν.
899 2251 1059 2304 Ἀλλά
1083 2251 1316 2322 χαλεπὸς
1340 2254 1368 2306 6
1393 2253 1644 2324 πυρετός.
1670 2253 1812 2306 Ἀλλ’

223 2335 546 2404 ἀντίπησον
593 2333 672 2403 τῷ
712 2333 933 2405 πυρετῷ
970 2334 1032 2387 τὸ
1070 2334 1172 2404 τῆς
1218 2335 1444 2406 γεέννης
1476 2335 1607 2406 πῦρ,
1639 2336 1667 2388 ὃ
1695 2335 1812 2388 δια-

221 2418 397 2492 φεύξῃ
423 2417 659 2483 πάντως,
686 2417 782 2470 ἐὰν
803 2417 901 2490 ἕλῃ
926 2417 1113 2471 τοῦτον
1143 2418 1264 2489 μεθ’
1288 2419 1564 2490 ὑπομονῆς
1593 2420 1813 2490 ἀπάσης

223 2501 488 2568 ἐνεγκεῖνο
520 2501 897 2571 ἀναμνήσθητι
921 2500 1027 2554 τῶν
1051 2502 1385 2566 ἀποστόλων,
1415 2503 1517 2555 ὅσα
1550 2503 1808 2572 ἔπασχον·

222 2583 604 2654 ἀναμνήσθητι
655 2582 763 2635 τῶν
809 2583 1055 2647 δικαίων,
1097 2584 1180 2637 ὅτι
1231 2585 1525 2648 διαπαντὸς
1569 2580 1711 2654 ἦσαν
1756 2588 1814 2638 ὲν

223 2665 490 2736 θλίψεσιν·
539 2666 920 2739 ἀγαμνήσθητι
969 2665 1062 2720 τοῦ
1099 2668 1373 2739 μακαρίου
1411 2667 1696 2737 Τιμοθέου,
1733 2670 1814 2722 ὅτι

222 2749 478 2804 οὐδέτωτε
507 2750 570 2802 ὲκ
599 2751 696 2819 τῆς
721 2751 1035 2821 ἀρρωστίας
1058 2751 1410 2813 ἀνέπνευσεν,
1436 2750 1572 2803 ἀλλά
1601 2752 1817 2822 σύντρο-

223 2852 322 2903 φος
352 2829 422 2906 ἦν
444 2834 708 2903 νοσήματι
733 2833 987 2902 διηνεκεῖ.
1017 2835 1125 2886 Καὶ
1159 2834 1318 2887 τοῦτο
1345 2835 1374 2886 6
1405 2833 1616 2897 Παῦλος
1638 2834 1814 2905 δηλῶν

223 2918 430 2986 ἔλεγεν·
472 2918 626 2980 Οινῳ
653 2918 834 2986 ὀλίγῳ
871 2915 994 2984 χρῶ
1039 2915 1138 2970 διὰ
1172 2919 1280 2970 τὸν
1315 2918 1626 2985 στόμαχον
1673 2931 1811 2980 σου,

222 3002 321 3054 καί
373 3001 479 3065 τὰς
524 2999 761 3065 πυκνάς
801 3016 917 3053 σου
960 3000 1299 3065 ἀσθενείας.
1339 3000 1402 3050 Et
1435 2999 1491 3051 δὲ
1533 3001 1560 3051 6
1607 2999 1814 3062 δίκαιος

221 3085 432 3146 ἐκεῖνος
483 3083 579 3135 καὶ
627 3081 802 3158 ἀγιος,
846 3083 937 3135 καὶ
959 3080 1058 3151 τὴν
1108 3079 1208 3150 τῆς
1265 3082 1593 3150 οἰκουμένης
1679 3103 1816 3156 προ..

230 3160 968 3234 στασίανὲγκεχειρισμένος,
1010 3165 1104 3215 καὶ
1151 3165 1378 3232 νεκροὺς
1417 3162 1648 3232 ἐγείρων
1673 3201 1687 3226 ,
1717 3163 1812 3216 καὶ

218 3248 484 3316 δαίμονας
513 3245 773 3307 ἐλαύνων,
802 3246 897 3298 καὶ
926 3247 1098 3316 μυρία
1123 3249 1403 3317 νοσήματα
1431 3246 1813 3317 διορθούμενος

221 3331 282 3382 ἐν
314 3329 546 3400 ἑτέροις,
578 3328 815 3382 τοσαῦτα
847 3328 1049 3398 ἔπασχε
1084 3329 1250 3394 δεινά,
1283 3331 1405 3382 τίνα
1438 3329 1581 3395 ἕξεις
1613 3329 1811 3382 ἀπολο-

221 3412 352 3481 γίαν
382 3414 445 3466 σὺ
475 3415 503 3465 6
529 3411 923 3483 θορυϐούμενος
964 3414 1058 3465 καὶ
1096 3413 1379 3483 ἀσχάλλων
1415 3415 1508 3466 ἐπὶ
1548 3414 1814 3485 προσκαί-

223 3514 342 3569 ροις
370 3497 707 3566 νοσήμασιν;
743 3496 858 3548 Οὐκ
882 3496 1124 3565 ἤκουσας
1152 3499 1248 3566 τῆς
1274 3496 1495 3567 Γραφῆς
1526 3496 1812 3566 λεγούσης,

221 3581 308 3634 ὅτι
335 3581 445 3632 Ὃν
469 3576 672 3647 ἀγαπᾷ
696 3579 934 3646 Κύριος,
956 3579 1244 3639 παιδεύει,
1267 3579 1554 3649 μαστιγοῖ
1577 3579 1647 3632 δὲ
1674 3579 1818 3632 πάν-

222 3678 297 3715 τα
326 3661 482 3726 υἱόν,
512 3661 583 3714 ὃν
607 3661 1038 3731 πιιραδέχεται;
1074 3664 1238 3717 Πόσοι
1275 3664 1505 3726 ποσάκις
1531 3664 1813 3734 ἐπεθύμη-

223 3763 326 3799 σαν
363 3746 667 3815 μαρτυρίου
707 3745 971 3814 στέφανον
1010 3747 1226 3812 λαϐεῖν;
1264 3747 1436 3800 Τοῦτο
1471 3748 1816 3817 ἀπηρτισμέ-

224 3845 315 3892 νος
346 3826 463 3880 ἐστὶ
494 3829 791 3899 μαρτυρίου
821 3830 1104 3897 στέφανος.
1131 3832 1205 3883 Οὐ
1235 3831 1343 3901 γάρ
1369 3830 1429 3884 τὸ
1459 3829 1814 3900 κελευσθῆναι

225 3912 410 3972 θῦσαι,
445 3906 562 3963 εἶτα
595 3911 811 3965 ἑλέσθαι
845 3913 1045 3982 μᾶλλον
1075 3913 1366 3966 ἀποθανεῖν
1397 3913 1428 3982 ἢ
1457 3912 1638 3976 θῦσαι,
1673 3916 1817 3965 ποιεῖ

229 3997 484 4068 μάρτυρα
513 3995 695 4062 μόνον,
721 3996 856 4048 ἀλλά
883 3995 1056 4049 καὶτὸ
1087 3995 1264 4049 ὁτιοῦν
1291 3995 1440 4067 [(586]
1473 3995 1816 4064 φυλάττοντα

230 4080 391 4150 μόνον
424 4079 720 4148 δυνάμενον
761 4078 989 4132 θάνατον
1031 4078 1461 4144 ἐπισπάσασθαι,
1517 4076 1816 4150 μαρτύριόν

228 4165 347 4215 ἐστι
373 4161 564 4229 σαφές.

299 4251 370 4316 η’.
410 4246 522 4298 Καὶ
555 4245 640 4297 ἵνα
665 4243 842 4315 μάθῃς
869 4244 950 4296 ὅτι
975 4242 1133 4296 τοῦτό
1163 4244 1310 4295 ἐστιν
1326 4242 1544 4312 ἀληθὲς,
1569 4244 1817 4314 ἀναμνή-

229 4328 388 4398 σθητι
428 4328 544 4391 πῶς
585 4328 682 4397 μὲν
711 4328 740 4379 6
775 4327 1028 4396 Ἰωάννης
1051 4325 1309 4392 ἀπέθανε,
1348 4326 1443 4379 καὶ
1463 4326 1608 4389 τίνος
1630 4327 1818 4379 ἕνεκεν

227 4413 325 4466 καὶ⁵
349 4411 437 4465 διά
460 4411 532 4473 τί,
565 4409 682 4472 πῶς
710 4408 766 4461 δὲ
798 4409 827 4461 ὁ
865 4408 1050 4461 Ἅϐελ.
1077 4408 1369 4479 Οὐδέτερος
1397 4408 1506 4477 γὰρ
1525 4407 1731 4462 τούτων
1753 4411 1816 4462 ού

231 4494 415 4565 βωμὸν
448 4490 552 4546 εἶδε
577 4492 891 4562 καιόμενον,
941 4492 1002 4544 ού
1044 4490 1228 4557 ξόανον
1263 4491 1515 4560 ἑστηκὸς,
1559 4492 1621 4544 ού
1657 4491 1817 4545 θῦσαι

229 4576 475 4646 ὲπετάγη
501 4576 750 4647 δαίμοσιν
775 4588 788 4601 ·
827 4573 940 4626 ἀλλ’
973 4577 1001 4626 6
1031 4574 1148 4644 μὲν,
1193 4574 1378 4643 ἐπειδὴ
1428 4575 1588 4644 μόνον
1624 4575 1817 4646 ἦλεγξε

227 4658 603 4732 τὸνἪρὼδην,
629 4657 918 4728 ἀπετμήθη
942 4657 1042 4728 τὴν
1076 4655 1338 4727 κεφαλὴν,
1371 4659 1399 4710 ὁ
1425 4658 1482 4710 δὲ
1516 4658 1702 4729 ἐπειδὴ
1727 4659 1819 4711 τὸν

228 4745 367 4797 Θεὸν
401 4742 628 4813 ἐτίμησε
651 4740 811 4810 θυσίᾳ
838 4739 1044 4793 πλείονι
1073 4734 1168 4793 τοῦ
1202 4739 1434 4809 ἀδελφοῦ
1456 4781 1470 4804 ,
1521 4743 1818 4810 κατεσφάτ-

229 4845 374 4880 τετο.
406 4820 532 4896 Ἆρ’
558 4820 649 4878 οὖν
677 4824 1076 4894 ἀπεστέρηνται
1102 4823 1210 4875 τῶν
1230 4822 1323 4875 τοῦ
1361 4823 1661 4894 μαρτυρίου
1695 4841 1818 4875 στε-

233 4910 451 4979 φάνωνς
483 4908 576 4960 καὶ
597 4907 682 4970 τίς
707 4905 772 4958 ἂν
806 4904 964 4958 τοῦτο
989 4905 1306 4976 τολμήσειεν
1328 4907 1502 4957 εἰπεῖν
1527 4922 1542 4971 ;
1569 4905 1820 4960 Μάλιστα

235 4994 335 5065 μὲν
358 4991 468 5062 γὰρ
497 4992 591 5043 καὶ
619 4989 781 5052 αὐτὸς
802 4989 831 5040 6
847 4987 941 5040 τοῦ
966 4988 1194 5042 θανάτου
1217 4988 1414 5058 τρόπος
1441 4988 1620 5052 ἱκανὸς
1648 4989 1820 5042 ἀπαν-

231 5092 334 5138 τας
371 5076 573 5134 πεῖσαι,
601 5073 680 5125 ὃτι
708 5072 787 5133 είς
818 5072 944 5133 τοὺς
981 5071 1230 5139 πρώτους
1262 5071 1370 5122 τῶν
1409 5071 1703 5143 μαρτύρων
1728 5089 1818 5124 τε·

232 5156 440 5210 λοῦσιν.
476 5156 538 5208 Εί
568 5154 624 5207 δὲ
657 5155 751 5208 καὶ
778 5153 958 5223 ψῆφον
1007 5153 1188 5223 ξητεῖς
1227 5151 1375 5207 θείαν
1421 5153 1563 5224 ὑπὲρ
1615 5153 1819 5207 τούτων

231 5237 668 5310 ὲξενηνεγμένην
703 5236 852 5301 ίδεῖν,
884 5235 1112 5290 ἄκουσον
1145 5236 1198 5288 τί
1226 5252 1390 5304 φησιν
1424 5237 1452 5288 6
1496 5237 1705 5300 Παῦλος
1729 5253 1742 5267 ·
1783 5236 1820 5290 ἃ

232 5324 348 5395 γὰρ
365 5325 574 5384 ἐκεῖνος
592 5319 908 5390 φθέγγεται,
929 5319 1085 5385 δῆλον
1114 5320 1195 5371 ὅτι
1220 5318 1314 5370 τοῦ
1342 5320 1655 5389 Πνεύματός
1671 5321 1787 5372 ἐστι
1803 5337 1816 5351 ·

233 5405 402 5460 Δοκῶ
435 5416 458 5444 α
497 5405 627 5474 γὰρ,
656 5403 810 5472 φησὶ,
843 5399 1006 5470 κάγὼ
1042 5401 1285 5472 Πνεῦμα
1338 5401 1487 5456 Θεοῦ
1515 5402 1699 5471 ἔχειν.
1755 5402 1819 5454 Τί

299 5547 329 5614 ξ
351 5545 512 5614 {ﬂavi};
527 5546 608 5592 καὶ
629 5543 692 5602 μή
707 5541 1038 5614 ιθιξυμασῃςζεί
1056 5540 1159 5602 γάρ.

301 5606 331 5650 b
355 5607 522 5656 Μοηιί.
550 5603 820 5668 προκείσθω
840 5602 922 5648 καὶ
943 5605 1000 5662 τῇ
1021 5603 1251 5663 ὑπομονῇ.
1289 5602 1388 5653 Sed
1409 5609 1603 5666 septem
1628 5618 1744 5656 mss.
1767 5609 1821 5655 υι

239 5680 349 5717 ηος.
372 5669 491 5716 hon-

306 5731 328 5762 ⁵
353 5729 451 5780 Alii
474 5727 734 5789 πνεύματός
754 5724 846 5774 εἰσι
867 5724 1018 5784 νόμοι.
1044 5724 1202 5772 Δοκῶ.

1359 301 1725 360 Αυγιςειευδ
1762 302 1836 357 1U
1849 303 2071 359 DxEOS.
2117 303 2250 363 Vl”.

3382 309 3484 364 9.10

1914 416 2008 472 οὖν
2045 414 2200 485 οὗτός
2225 437 2421 492 φησιν;
2466 423 2796 494 Ἀρξάμενος
2821 422 2928 477 ἀπὸ
2951 420 3045 474 τοῦ
3073 419 3257 481 Ἅϐελ,
3287 422 3380 475 καὶ
3408 426 3486 477 εί-

1913 503 2049 568 πὼν,
2079 505 2162 559 ὅτι
2184 505 2403 560 πλείονα
2424 507 2615 560 θυσίαν
2643 507 2806 560 Ἀϐἐλ
2834 506 2986 578 παρὰ
3014 507 3153 560 Κάῖν
3179 507 3486 576 προσήνετο

1922 607 1981 640 κε
2010 588 2084 656 τῷ
2110 587 2247 655 Θεῷ,
2282 588 2375 638 καί
2406 587 2473 638 δι’
2514 587 2684 658 αὐτῆς
2716 587 3000 640 ἀποθανὼν
3038 587 3119 640 ἔτι
3159 587 3334 642 λαλεῖ·
3360 582 3480 640 εἶτα

1919 670 2158 733 καταϐὰς
2174 673 2252 734 εἰς
2263 671 2388 732 τοὺς
2403 672 2707 742 προφήτας,
2726 671 2819 724 καὶ
2836 669 3056 724 διελθὼν
3077 673 3158 733 είς
3177 671 3269 724 τὸν
3298 671 3480 724 Ἰωάν-

1917 772 2034 827 νην,
2061 755 2151 809 καὶ
2173 753 2340 807 εἰπών
2356 771 2370 785 ·
2403 756 2497 808 Ἐν
2521 756 2684 822 φόνῳ
2698 755 2995 823 μαχαίρας
3016 753 3338 815 ἀπέθανον,
3358 755 3478 807 ἕτε-

1907 857 2003 907 ροι
2034 838 2101 892 δὲ
2129 837 2702 907 ὲτυμπανίσθησανά
2725 853 2738 867 ’
2775 839 2868 890 καὶ
2895 837 3121 900 πολλοὺς
3169 838 3263 890 καὶ⁵
3294 836 3478 903 διαφό-

1917 939 2044 994 ρους
2065 923 2461 993 διηγησάμενος
2494 921 2774 986 θανάτους,
2816 922 3093 990 ἐπήγαγεν
3125 919 3303 971 οῦτω’
3359 923 3479 972 Τοι-

1915 1007 2138 1076 γαροῦν
2163 1006 2260 1058 καὶ
2285 1006 2456 1074 ἡμεῖς
2477 1006 2767 1060 τοσοῦτον
2797 1005 3041 1073 ἔχοντες
3065 1004 3480 1071 περικείμενον

1913 1091 2059 1160 ἡμῖν
2097 1090 2280 1160 νέερος
2303 1091 2638 1160 μαρτύρων,
2681 1088 2861 1157 ὄγκον
2892 1099 2914 1126 ε
2946 1087 3297 1156 ἀποθέμενοι
3325 1086 3476 1139 πήν-

1915 1188 2005 1232 τα,
2027 1171 2098 1224 δι’
2121 1170 2431 1240 ὑπομονῆς
2453 1170 2770 1240 τρέχωμεν.
2808 1171 2988 1240 Ὁρᾷς,
3003 1171 3083 1222 ὅτι
3101 1171 3194 1221 καὶ
3216 1170 3306 1222 τὸν
3327 1167 3491 1220 Ἀϐελ

1918 1255 2168 1324 μάρτυρα
2221 1254 2468 1313 ἐκάλεσε,
2517 1256 2611 1306 καὶ
2655 1253 2744 1306 τὸν
2780 1250 2923 1317 Νῶε,
2964 1252 3059 1304 καὶ
3087 1251 3176 1304 τὸν
3219 1251 3491 1322 Ἀϐραὰμ,

1915 1339 2010 1391 καὶ
2039 1337 2128 1390 τὸν
2169 1339 2372 1402 Ἰσαὰκ,
2404 1337 2616 1390 καὶτὸν
2673 1335 2885 1388 Ἰακώϐ.
2932 1337 2995 1387 Ol
3039 1335 3138 1404 μὲν
3171 1333 3282 1404 γάρ
3313 1334 3494 1386 αὐτῶν

1915 1421 2084 1484 οὕτως
2128 1419 2147 1458 ί
2179 1421 2448 1474 ἀπέθανον
2478 1419 2566 1472 διά
2595 1419 2684 1471 τὸν
2705 1419 2836 1471 Θεόν
2855 1436 2868 1448 '
2901 1418 3088 1488 ὥσπερ
3111 1414 3203 1470 οὖν
3235 1415 3331 1469 καὶ
3348 1415 3495 1469 Παῦο

1915 1505 2005 1568 λός
2032 1520 2185 1574 φησι,
2213 1506 2351 1558 Καθ’
2372 1503 2597 1570 ἡμέραν
2625 1502 3012 1567 ἀποθνήσκω·
3039 1503 3213 1554 καίτοι
3235 1501 3333 1554 οὐκ
3356 1502 3494 1554 ἀπο-

1917 1588 2186 1659 θνήσκων,
2214 1587 2352 1640 am
2377 1590 2442 1655 τῇ
2481 1585 2734 1656 προθέσει
2781 1587 2940 1655 μόνον
2986 1586 3273 1655 ὑπομένων
3314 1583 3495 1636 τοῦτο.

1916 1672 2072 1725 Οῦτω
2105 1672 2199 1724 καὶ
2220 1672 2306 1733 σὺ,
2343 1669 2408 1723 ἂν
2436 1668 2734 1739 διακρούσῃ
2762 1669 2860 1731 τὰς
2885 1668 3097 1738 ἐπῳδάς
3127 1667 3341 1732 καὶτὰς
3366 1681 3496 1738 cpan

1919 1755 2150 1826 μακείας
2170 1755 2266 1808 καὶ
2291 1754 2391 1817 τὰς
2424 1751 2781 1820 μαγγανείας,
2811 1751 2907 1805 καὶ
2937 1750 3214 1823 ἀποθάνῃς
3247 1753 3312 1820 τῇ
3333 1751 3497 1820 νόσῳ,

1919 1838 2126 1909 μάρτυς
2155 1836 2564 1908 ἀπηρτισμένος
2598 1830 2668 1898 εἴ,
2705 1836 2786 1888 ὅτι
2812 1833 3135 1904 ἀπαλλαγὴν
3178 1834 3316 1904 μετά
3371 1833 3498 1886 ἀσεο

1915 1922 2068 1985 ϐείας
2096 1919 2579 1990 ἐπαγγελλομένων
2607 1917 2808 1987 ἐτέρων
2831 1917 2975 1970 εἵλου
2999 1917 3230 1970 θάνατον
3264 1915 3380 1987 μετ’
3410 1913 3498 1968 εύ-

1917 2004 2135 2067 σεϐείας
2183 2004 2403 2074 μᾶλλον.
2443 2002 2551 2055 Καὶ
2592 2000 2765 2054 ταῦτα
2799 2001 2899 2071 μὲν
2934 2002 3067 2071 ἡμῖν
3121 2000 3335 2070 εἴρηται
3362 1995 3499 2069 πρὸς

1914 2092 2042 2154 τοὺς
2074 2086 2454 2160 κομπάζοντας
2480 2087 2572 2139 καὶ
2593 2086 2872 2154 λέγοντας,
2901 2085 2982 2138 ὅτι
3009 2083 3371 2154 θεραπεύουσι
3387 2081 3500 2134 δαί·

1921 2189 2106 2246 μονες·
2146 2175 2235 2226 ἵνα
2265 2172 2322 2225 δὲ
2369 2172 2578 2242 μάθῃς,
2613 2171 2695 2223 ὅτι
2729 2169 2852 2222 οὐδὲ
2891 2168 3050 2222 τοῦτό
3098 2169 3248 2220 ἐστιν
3278 2165 3502 2237 ἀληθὲς,

1917 2257 2148 2311 ἄκουσον
2174 2255 2228 2309 τί
2249 2272 2414 2326 φησιν
2441 2256 2469 2306 6
2493 2251 2727 2322 Χριστὸς
2753 2251 2994 2322 περὶτοῦ
3017 2250 3266 2304 διαϐόλου
3286 2267 3301 2280 ·
3325 2248 3501 2303 Ἐκεῖ·

1915 2359 2022 2406 νος
2048 2339 2539 2407 ἀνθρωποκτόνος
2569 2333 2648 2405 ἦν
2681 2336 2783 2389 ἀπ’
2810 2332 3025 2403 ἀρχῆς.
3077 2333 3135 2385 Ὁ
3164 2332 3299 2394 Θεὸς
3328 2331 3500 2400 λέγει,

1918 2421 2382 2495 ἀνθρωποκτόνος,
2412 2421 2506 2471 καὶ
2535 2420 2598 2471 σὺ
2629 2419 2702 2481 ὡς
2731 2417 2865 2488 πρὸς
2898 2417 3081 2487 ἰατρὸν
3105 2417 3350 2486 τρέχεις;
3392 2415 3501 2468 Καὶ

1915 2507 2036 2560 τίνα
2067 2506 2209 2572 ἓξεις
2242 2503 2400 2570 λόγον
2426 2504 2601 2555 εἰπεῖν
2629 2500 3030 2570 ἐγκαλούμενος
3049 2541 3064 2566 ,
3095 2500 3216 2552 εἰπέ
3253 2515 3361 2569 μοι.
3400 2497 3503 2568 τῆς

1915 2590 2242 2658 ἀποφάσεως
2269 2585 2363 2638 τοῦ
2390 2583 2625 2656 Χριστοῦ
2652 2583 2752 2646 τάς
2781 2583 3037 2654 γοητείας
3064 2581 3266 2634 τούτων
3289 2581 3500 2646 ἀξιοπι-

1918 2673 2172 2742 στοτέρας
2198 2667 2335 2723 εἶναι
2368 2668 2605 2739 νομίζων
2628 2686 2642 2733 ;
2669 2668 2838 2720 Ὅταν
2863 2667 2974 2737 γὰρ
3009 2669 3039 2720 6
3067 2667 3164 2736 μὲν
3190 2665 3325 2726 Θεὸς
3346 2662 3503 2734 λέγῃ,

1913 2758 1995 2811 ὅτι
2019 2754 2466 2826 ἀνθρωποκτόνος
2491 2754 2665 2816 ἐστὶν,
2705 2747 2850 2804 οὗτοι
2877 2751 2933 2803 δὲ
2980 2750 3061 2802 ὅτι
3104 2750 3386 2818 νοσήματα
3409 2745 3500 2799 δύ-

1913 2857 2071 2892 ναται
2101 2838 2248 2890 λύειν
2275 2837 2528 2904 λέγωσιν,
2557 2835 2884 2895 ἀπεναντίας
2907 2835 2973 2903 τῇ
2998 2833 3118 2901 θείᾳ
3142 2832 3331 2900 ψήφῳ,
3357 2829 3420 2882 σὺ
3445 2827 3506 2884 δὲ

1915 2921 2186 2992 καταδέχῃ
2216 2922 2315 2984 τάς
2365 2919 2704 2989 μαγγανείας
2762 2917 2966 2970 τούτων
3000 2916 3094 2968 καὶ
3125 2915 3221 2978 τὰς
3264 2913 3500 2983 ἐπῳδὰς,

1915 3008 2065 3061 οὐδὲν
2087 3007 2274 3076 ἕτερον
2309 3003 2422 3056 ἀλλ’
2455 3002 2735 3072 ἦτούτους
2773 2998 3252 3067 ἀξιοπιστοτέρους
3291 2995 3505 3048 ἐκείνου

1914 3091 2156 3159 νομίζεις
2180 3086 2319 3141 εἶναι
2353 3088 2418 3140 δι’
2448 3083 2522 3139 ὧν
2546 3088 2742 3149 ποιεῖς,
2768 3086 2870 3137 κᾶν
2903 3083 2977 3153 μὴ
3009 3082 3176 3153 λέγῃς
3202 3079 3360 3132 τοῦτο
3387 3079 3502 3142 τοῖς

1918 3175 2178 3244 ῥήμασιν.
2217 3171 2282 3223 Εἰ
2330 3170 2386 3222 δὲ
2422 3171 2449 3222 6
2473 3167 2716 3230 διάϐολος
2749 3165 3228 3237 ἀνθρωποκτόνος,
3283 3161 3526 3244 εῦδηλονο

1915 3243 1997 3309 ὅτι
2027 3257 2121 3307 καὶ
2151 3255 2200 3306 οἱ
2228 3253 2602 3312 διακονοῦντες
2632 3249 2782 3319 αύτῷ
2807 3249 3080 3318 δαίμονες.
3107 3247 3217 3298 Kal
3255 3243 3413 3298 τοῦτό
3440 3258 3501 3295 σε

1915 3339 1981 3392 δι’
2013 3337 2190 3392 αὐτῶν
2223 3335 2330 3389 τῶν
2360 3336 2538 3406 ἔργων
2559 3333 2879 3388 ἐπαίδευσεν
2908 3334 2935 3384 6
2960 3331 3193 3400 Χριστός
3214 3349 3225 3359 ·
3259 3329 3346 3382 ὅτε
3369 3326 3502 3395 γοῦν

1917 3423 2115 3484 αὐτοὺς
2150 3419 2364 3489 ἀφῆκεν
2396 3420 2657 3488 ἐμπεσεῖν
2687 3419 2766 3478 είς
2787 3415 2884 3485 τὴν
2915 3415 3116 3484 ἀγέλην
3147 3411 3254 3465 τῶν
3280 3411 3503 3482 χοίρων,

1918 3505 2311 3558 κατεπόντισαν
2351 3503 2430 3565 εἰς
2474 3501 2565 3554 τὸν
2611 3497 2854 3570 κρημνὸν
2896 3497 3112 3550 ἃπασαν
3142 3495 3241 3566 τὴν
3299 3494 3504 3563 ἀγέλην

1918 3588 2153 3658 ἐκείνην,
2196 3588 2281 3639 ἵνα
2335 3585 2532 3656 μάθῃς,
2579 3583 2661 3636 δτι
2686 3580 2930 3652 καὶτοὺς
2967 3578 3288 3650 ἀνθρώπους
3329 3577 3503 3630 ταῦτα

1917 3669 1982 3725 ἂν
2013 3672 2359 3740 εἰργάσαντο,
2391 3664 2812 3728 καὶάπέπνιξαν
2856 3663 3077 3726 εὐθέως,
3106 3664 3152 3715 εἰ
3189 3659 3502 3731 συνεχώρη-

1920 3772 2009 3807 σεν
2035 3756 2217 3817 αὐτοῖς
2240 3754 2268 3804 6
2296 3753 2446 3814 Θεὸς.
2481 3750 2618 3804 Νυνὶ
2639 3749 2695 3800 δὲ
2717 3747 2878 3811 αὐτὸς
2919 3746 3116 3809 αὐτοὺς
3159 3747 3376 3815 κατεῖχε
3407 3744 3504 3798 καὶ

1917 3837 2177 3903 ἐκώλυσε,
2210 3837 2305 3890 καὶ
2336 3835 2487 3888 οὐδὲν
2509 3834 2660 3904 ἠφίει
2687 3828 2930 3884 τοιοῦτον
2949 3828 3289 3901 ἐργάσασθαι
3308 3843 3324 3859 ·
3349 3825 3503 3899 [687]

1916 3925 2010 3976 καὶ
2032 3919 2190 3975 τοῦτο
2237 3917 2483 3983 ἐξουσίαν
2519 3915 2774 3978 λαϐόντες
2813 3913 2956 3967 κατὰ
2988 3911 3096 3964 τῶν
3146 3910 3343 3981 χοίρων
3377 3908 3503 3977 ἐδή-

1915 4009 2116 4057 λωσαν.
2152 4003 2213 4054 Et
2235 4002 2346 4070 γὰρ
2377 4000 2574 4069 χοίρων
2603 3997 2702 4049 οὐκ
2726 3997 3036 4064 ἐφείσαντο,
3078 3992 3260 4060 πολλῴ
3300 3991 3506 4060 μᾶλλον

1916 4090 2075 4160 ἡμῶν
2107 4087 2207 4138 οὐκ
2248 4085 2312 4137 ἂν
2348 4081 2668 4151 ἀπέσχοντο.
2705 4079 2796 4150 Μὴ
2821 4080 3021 4143 τοίνυν,
3049 4075 3298 4145 ἀγαπητὲ
3319 4117 3334 4140 ,
3376 4075 3504 4140 ταῖς

1918 4173 2140 4224 ἐκείνων
2169 4167 2407 4229 ἀπάταις
2434 4163 2776 4236 παρασύρου,
2811 4162 2925 4216 ἀλλ’
2975 4161 3066 4215 έσο
3103 4160 3501 4232 ὲστηριγμένος

1919 4260 1976 4309 ὲν
2010 4255 2087 4325 τῷ
2112 4253 2261 4324 φόϐῳ
2290 4250 2383 4304 τοῦ
2411 4248 2565 4302 Θεοῦ.

1992 4359 2114 4421 Πῶς
2141 4357 2196 4410 δὲ
2231 4355 2322 4408 καὶ
2351 4349 2633 4422 εἰσελεύσῃ
2660 4352 2739 4413 εἰς
2765 4347 2862 4420 τὴν
2897 4347 3216 4416 συναγωγήν
3238 4362 3252 4410 ;
3279 4345 3375 4398 Ἂν
3399 4344 3504 4415 μὲν

1920 4443 2228 4513 σφραγίσῃς
2277 4435 2337 4490 τὸ
2381 4436 2693 4507 πρόσωπον,
2724 4433 2925 4494 εὐθέως
2958 4428 3306 4498 ἀπεπήδησεν
3335 4431 3376 4513 Δἡ
3404 4444 3503 4478 πο-

1919 4509 2058 4596 νήρι
2091 4509 2318 4591 δύναμις
2359 4520 2392 4588 ὴ
2424 4520 2524 4588 τὴν
2570 4515 2894 4585 συναγωγὴν
2941 4513 3199 4596 οεκοῠσςι·
3231 4511 3300 4596 ἂν
3329 4509 3392 4596 δὲ
3424 4509 3501 4581 μὴ

1922 4593 2248 4679 σφραγίσῃς,
2280 4603 2388 4657 ἀπὸ
2407 4601 2514 4654 τῶν
2535 4599 2715 4670 θυρῶν
2744 4598 2946 4658 εὐθέως
2979 4596 3040 4648 τὸ
3057 4593 3219 4679 ὅπλον
3243 4594 3502 4679 ἔρριψας.

1921 4677 2038 4748 εἶτα
2069 4692 2274 4762 γυμνὸν
2307 4689 2400 4742 καὶ
2434 4686 2632 4741 ἀοπλόν
2666 4700 2724 4736 σε
2753 4680 2933 4735 λαϐὼν
2963 4681 2990 4732 ό
3009 4678 3248 4762 διάϐολος
3271 4717 3290 4762 ,
3315 4677 3502 4762 *μυρία

1921 4759 2344 4847 διαθήσειδεινά.
2369 4772 2479 4824 Καὶ
2502 4769 2554 4822 τί
2573 4766 2678 4838 χρὴ
2695 4764 2946 4832 λέγεσθαι
2963 4759 3497 4847 ταῦταᾼπαρέήμῶη

1925 4841 2187 4929 Ὄτιγάρ
2221 4857 2314 4910 καὶ
2339 4853 2498 4915 αύτὸς
2551 4853 2614 4903 σὺ
2647 4849 2910 4919 μεγίστην
2944 4845 3218 4916 ἁμαρτίαν
3250 4841 3390 4898 εἶναι
3415 4861 3504 4898 νο-

1926 4944 2099 5013 μίζεις
2124 4927 2182 4994 τὸ
2205 4939 2433 5009 δραμεῖν
2457 4936 2536 4997 είς
2570 4933 2630 4985 τὸ
2665 4930 2899 5001 πονηρὸν
2939 4930 3120 5013 έκεῖνο
3145 4927 3367 5013 χωρίον,
3394 4927 3501 5013 βῆ-

1921 5011 2011 5079 λον
2040 5024 2147 5078 ἀπὸ
2193 5020 2287 5074 τοῦ
2331 5019 2534 5089 τρόπου
2563 5016 2663 5085 τῆς
2713 5014 2970 5082 ἀφίξεως.
3023 5011 3134 5064 Καὶ¹
3179 5011 3288 5082 γὰρ
3316 5011 3502 5063 λαθεῖν

1925 5109 2244 5170 σπουδάζεις
2283 5101 2680 5174 ἀφικνούμενος
2733 5099 2934 5161 ἐκεῖσε,
2988 5097 3082 5150 καὶ
3123 5095 3364 5157 οἰκέταις
3410 5094 3504 5146 καὶ

1923 5194 2097 5263 φίλοις
2115 5190 2209 5243 καὶ
2223 5187 2426 5257 γείτοσι
2452 5181 2824 5253 παρακελεύῃ,
2853 5181 2926 5252 μὴ
2945 5183 3225 5233 κατειπεῖν
3251 5196 3344 5263 σου
3369 5177 3505 5263 πρὸς

1921 5255 2046 5340 τοὺς
2076 5255 2277 5345 ἱερέας,
2309 5270 2409 5323 κᾶν
2439 5267 2665 5340 διαϐάλῃ
2688 5284 2793 5331 τις,
2816 5266 3162 5334 ἀγανακτεῖς.
3197 5262 3384 5345 -Πόσης
3410 5255 3507 5312 οὖν

1921 5363 2020 5414 οὐκ
2051 5343 2230 5428 ἂνεῖη
2268 5353 2474 5416 ἀνοίας,
2514 5348 2832 5421 ἀνθρώπους
2871 5346 3164 5418 πειρᾶσθαι
3195 5343 3500 5406 λανθάνειν,

1985 5599 2010 5637 εἴ
2034 5599 2156 5648 Oclo
2179 5609 2291 5644 mss.
2318 5591 2794 5654 ἀπετυμπανίσθησαν

1990 5660 2191 5708 'Savil.
2219 5660 2370 5706 ὄκνον.
2441 5717 2448 5719 Α
2553 5715 2610 5719 Α
2722 5712 2732 5719 ,
2857 5711 2867 5719 ,
2952 5708 2961 5718 .
3058 5707 3071 5718 .
3119 5709 3139 5719 -
3237 5705 3250 5714 -σ

1992 5722 2012 5762 ί
2040 5723 2261 5782 Quinque
2291 5733 2404 5768 mss.
2439 5715 2631 5774 Ἰακὼϐ,
2653 5712 2805 5759 καίτοι
2830 5711 2870 5756 οἱ
2916 5711 2996 5770 μὲν
3027 5711 3175 5756 ;·;τῶν
3197 5711 3360 5764 οὑτως.
