1931 3114
148 144 198 172 Nl

145 209 206 229 cum
218 208 283 229 vero
292 201 362 229 Deus
374 200 463 229 videat
474 201 570 236 ubique
584 207 713 236 pratscns,
727 201 851 236 perfricta
864 200 932 227 facie

145 251 258 274 tatttum-
268 246 370 274 facinus
390 247 508 275 audere?
522 246 575 274 Sed
590 255 642 274 non
657 247 734 274 limes
746 247 850 274 Deum?
864 247 934 282 Ergo

145 293 239 320 saltem
263 293 335 328 ipsos
357 300 480 321 reverere
499 292 616 321 Judreos.
638 292 738 327 Quibus
758 293 829 320 enim
851 293 934 320 oculis

145 337 219 373 ipsos
232 338 395 366 intueberis?
407 338 466 372 Quo
479 345 527 366 ore
538 338 682 373 alloqueris
693 358 701 371 ,
722 338 785 365 dum
806 337 933 373 profitens

145 388 171 411 te
183 391 244 411 esse
253 383 444 417 Christianum,
458 389 545 411 tamen
556 384 588 410 ad
603 384 708 411 illorum
721 384 805 411 curris
819 390 933 418 synago-

144 435 201 463 gas,
215 432 243 456 et
256 428 290 456 ab
304 429 358 456 illis
370 436 448 464 opem
463 429 608 464 imploras?
622 429 679 456 Non
695 428 836 463 perpendis
847 436 934 464 quan-

146 479 200 501 tum
215 475 298 502 risum
311 475 337 502 in
352 480 379 502 tc
393 475 545 508 eﬂ'uudeut,
561 480 627 510 quot
638 480 795 508 scommata,
807 480 932 510 quatttam

145 519 379 548 subsannationent
390 540 399 553 ,
413 525 510 555 quanta
525 520 674 554 dedecora,
691 525 815 556 quamam
830 521 932 548 irrisio-

144 572 224 598 nem,
245 570 343 600 quanta
366 565 474 600 probra,
494 566 544 593 etsi
565 573 619 593 non
641 566 737 601 palattt,
757 571 830 594 certe
845 566 870 593 in
884 573 933 594 sua

144 610 262 645 ipsorum
276 612 437 639 conscientia
446 612 459 639 ?

180 655 207 683 9.
222 655 336 684 Proinde
345 657 388 684 dic
400 656 474 690 mihi,
487 656 604 684 hzeecine
616 661 680 684 sunt
691 657 850 690 tolerabilia,
862 657 932 684 lucc-

143 700 204 727 cine
217 699 345 728 ferenda?
358 701 470 729 Etiamsi
485 702 557 729 mille
575 707 676 730 mortes
689 702 742 729 sint
756 703 912 737 oppetenda:
921 723 930 736 ,

145 748 173 772 ct
186 745 341 780 gravissima
356 746 494 774 toleranda
515 746 569 774 sint
584 747 669 780 mala,
689 754 778 774 nonne
790 748 873 774 mttlto
887 755 931 775 sa-

144 790 196 818 tius
208 795 266 818 erat
278 798 373 819 omnes
393 791 453 819 illas
475 792 578 827 perpeti
599 792 782 825 calamitates,
802 800 881 827 qttam
904 797 932 820 ut

143 836 195 864 iste
208 836 382 864 scclestorutn
397 837 467 865 risus
479 841 508 865 et
519 838 691 865 subsannatio
707 837 801 870 fieret,
815 845 847 865 ac
861 846 931 872 prac-

143 885 217 909 terea
229 888 289 908 cum
303 881 372 909 mala
384 881 545 909 conscientia
556 881 708 910 viveretur?
722 882 784 909 [late
797 890 850 909 non
860 882 930 916 dico,

144 930 173 953 ut
185 926 298 954 audiatis
311 931 423 961 tantum,
436 935 528 955 verum
541 927 621 956 etiam
637 931 666 954 ut
678 927 719 954 his
741 928 842 955 morbis
857 927 934 955 labo-

142 976 233 1000 rantes
246 973 356 1000 sanetis.
369 973 596 1006 Quemadmodum
610 973 680 1000 cnim
696 973 755 1000 illos
770 973 931 1007 incusamus,

142 1018 214 1052 quod
229 1018 332 1046 infirma
347 1019 399 1045 sint
415 1019 466 1046 fide
480 1027 486 1045 :
500 1019 539 1046 sic
550 1023 578 1046 et
590 1026 649 1052 vos,
660 1019 730 1054 quod
745 1019 864 1047 intirmos
876 1027 933 1047 cor-

143 1062 230 1098 rigere
244 1071 297 1090 tton
311 1063 407 1091 velitis.
419 1063 478 1091 Non
491 1064 571 1099 igitur
585 1063 637 1090 ltoc
649 1069 690 1091 est
707 1064 778 1099 quod
792 1065 930 1099 quat-ritur,

143 1108 252 1141 dilecte,
266 1113 294 1135 ut
308 1108 359 1136 huc
372 1110 507 1143 ingressus
528 1113 629 1136 tantum
642 1109 750 1142 audias,
766 1118 826 1145 qua:
838 1110 932 1138 dicun-

144 1157 196 1180 tur.
208 1153 274 1180 Nam
299 1154 325 1181 id
346 1154 453 1189 quidem
468 1155 547 1182 etiam
568 1154 669 1182 crimen
682 1159 740 1187 est,
759 1163 819 1182 cunt
834 1156 931 1184 auditis

144 1200 314 1228 sermonibus
339 1209 391 1228 non
414 1201 565 1235 adjnngitur
589 1208 699 1235 operutn
728 1201 930 1229 demonstratio.

142 1245 286 1281 Propterea
301 1246 467 1273 Christianus
480 1254 518 1278 es,
532 1251 560 1273 ut
573 1246 708 1273 Christum
724 1246 844 1280 imiteris,
860 1247 931 1282 ejus-

142 1298 195 1325 que
209 1291 309 1326 legibus
322 1300 422 1318 ntoretn
434 1300 522 1327 geras.
537 1292 606 1325 Quid
619 1297 708 1320 autern
723 1293 766 1320 ille
778 1293 859 1320 fecit?
871 1293 930 1321 Non

142 1336 316 1372 Jerosolymis
331 1337 456 1364 desidens
471 1339 573 1365 vocavit
586 1339 619 1365 ad
634 1345 664 1366 se
677 1343 803 1373 aegrotos,
818 1339 866 1367 sed
880 1339 929 1366 ob-

141 1381 295 1409 ambulabat
312 1382 432 1410 civitates
452 1390 484 1409 ac
503 1383 576 1410 vicos
588 1404 595 1415 ,
610 1383 731 1417 geminos
743 1391 839 1411 curans
858 1392 930 1412 tttor-

142 1425 201 1459 hos,
211 1431 265 1455 tum
275 1427 367 1460 animi,
377 1431 433 1454 tum
445 1428 574 1462 corporis.
589 1428 711 1455 Attamen
723 1432 825 1463 poterat
834 1429 929 1457 eodem

142 1470 242 1498 inloco
254 1472 352 1499 sedens
373 1479 469 1499 omnes
489 1473 521 1499 ad
543 1480 574 1500 se
591 1472 749 1500 attrahere:
764 1481 815 1500 non
840 1478 928 1501 tanten

142 1515 193 1544 hoc
204 1516 276 1549 fecit,
290 1518 366 1544 nobis
381 1517 503 1552 pratbens
514 1518 675 1553 exemplum,
689 1523 718 1545 ut
728 1519 929 1548 obantbulcntus

141 1567 169 1590 et
192 1571 343 1598 quieramus
361 1571 426 1597 eos,
449 1564 493 1598 qui
515 1568 636 1598 pereunt.
656 1563 758 1591 Rursus
778 1564 829 1591 hoc
849 1565 929 1592 etiam

142 1608 267 1643 parabola
281 1608 313 1636 de
328 1613 433 1644 pastore
446 1608 604 1644 significavit
616 1609 696 1644 (Luc.
713 1610 756 1636 ιό.
777 1610 828 1637 4-6
835 1610 853 1645 ).
868 1610 925 1637 Non

141 1654 212 1680 enim
226 1653 364 1681 desidebat
377 1662 438 1682 cum
453 1654 595 1689 nonaginta
608 1662 703 1682 novem
717 1655 821 1689 ovibus,
835 1663 930 1690 exspe-

140 1704 216 1727 ctans
230 1698 325 1733 donec,
337 1708 396 1735 quae
406 1700 577 1729 aberraverat
586 1721 594 1733 ,
610 1702 713 1729 veniret
723 1702 756 1729 ad
768 1702 869 1737 ipsum;
881 1703 928 1730 sed

140 1744 206 1772 abiit
219 1745 286 1779 ipse,
300 1749 327 1773 et
339 1745 440 1773 invenit
452 1765 461 1778 ,
475 1747 663 1781 inventantque
680 1751 793 1782 gestam
811 1747 929 1776 humeris

140 1799 172 1819 ac
185 1791 300 1819 reduxit.
311 1792 408 1819 Annon
421 1792 495 1820 vides
508 1792 626 1820 ntedicos
646 1800 751 1828 qttoque
773 1793 824 1822 hoc
841 1794 927 1829 ipsum

141 1835 246 1863 facere?
266 1835 325 1863 Non
339 1841 437 1871 cogunt
457 1842 570 1872 aegrotos
592 1837 661 1865 lecto
683 1838 872 1866 deeumbcntes
894 1839 927 1867 ad

141 1881 258 1916 ipsorum
271 1881 343 1909 :cdes
355 1882 464 1915 deferri,
478 1882 525 1910 sed
541 1882 590 1917 ipsi
603 1888 745 1911 accurrunt
756 1884 788 1911 ad
803 1892 859 1912 eos.
873 1884 929 1912 lloc

141 1932 168 1955 et
190 1932 217 1955 tu
241 1928 338 1961 facito,
361 1928 459 1956 dilecte
470 1949 479 1961 ,
499 1930 588 1956 sciens
603 1934 760 1964 pratsentem
776 1930 856 1957 vitam
869 1938 929 1958 eSse

142 1973 251 2001 brevem
264 1994 272 2006 ,
286 1981 319 2001 ac
333 1973 382 2000 nisi
397 1974 454 2001 haec
466 1974 539 2001 lucra
554 1974 734 2008 paruvcrimus
744 1994 752 2007 ,
767 1974 865 2002 nullam
880 1983 929 2002 nos

141 2019 195 2047 illic
208 2019 345 2046 habituros
358 2026 418 2047 esse
434 2020 557 2047 salutem.
569 2020 645 2054 Saepe
659 2028 710 2046 una
724 2020 812 2047 attitna
823 2041 831 2053 ,
847 2029 926 2056 quam

141 2064 235 2092 lucrati
251 2064 396 2097 fuerimus,
410 2069 497 2099 potest
512 2065 741 2093 innumerabilium
757 2070 927 2100 peccatorum

141 2109 245 2144 pondus
257 2109 364 2137 abolere
373 2129 382 2142 ,
395 2110 544 2144 animasque
557 2109 719 2137 redimenda:
738 2109 795 2137 ﬂeri
814 2111 928 2145 prctiuttt

142 2155 169 2182 in
192 2155 238 2182 illo
257 2155 310 2183 die.
330 2156 424 2190 Cogita
444 2163 492 2183 cur
507 2157 642 2191 propheta:
653 2176 660 2188 ,
675 2164 723 2183 cur
734 2156 866 2191 apostoli,
882 2164 929 2184 cur

140 2199 215 2235 justi.
227 2207 276 2227 cur
291 2200 444 2235 frequettter
456 2201 545 2236 angeli
560 2201 634 2228 missi
647 2201 718 2235 sint,
733 2209 782 2228 cur
794 2202 853 2236 ipse
867 2201 927 2228 uui-

142 2245 246 2280 genitus
261 2246 308 2273 Dei
323 2246 405 2273 Filius
416 2246 565 2275 advenerit.
575 2244 672 2273 Annon
688 2251 718 2273 ut
734 2247 855 2274 homines
868 2255 928 2275 ser.

142 2291 347 2319 varetIAnnon
370 2296 399 2318 ut
412 2299 460 2319 eos
480 2295 600 2318 errantes
622 2291 770 2319 reduceret.
787 2291 844 2318 Hoc
858 2292 928 2319 idem
969 2299 975 2305 ‘

142 2345 205 2372 agas
225 2342 252 2364 tu
272 2345 378 2373 quoque
397 2345 445 2372 pro
463 2338 564 2364 viribus
578 2338 647 2370 tuis,
662 2345 794 2372 omneque
812 2338 927 2365 studium

142 2391 175 2410 ae
185 2382 390 2410 sollicitudinem
406 2383 545 2418 impendas
556 2383 590 2410 ad
603 2383 783 2411 reducendum
802 2391 849 2410 eos
860 2404 868 2417 ,
883 2384 928 2419 qui

142 2428 309 2455 aberrarunt.
323 2427 364 2455 Ad
378 2428 436 2455 hate
449 2436 498 2456 vos
509 2428 620 2463 singulis
637 2429 811 2456 concionibns
829 2428 927 2456 adhor-

143 2473 193 2500 tari
215 2480 267 2501 tton
289 2481 387 2502 cesso:
401 2473 457 2502 sive
479 2477 595 2502 mentem
618 2473 778 2507 adhibeatis,
799 2473 855 2501 sive
874 2481 927 2501 non

731 145 911 174 ADVERSUS
923 143 1071 174 ιυΜεοε.
1085 145 1152 174 Vill.

1721 146 1772 174 9t!

986 200 1144 233 adltibeatis,
1157 208 1206 236 ego
1220 201 1309 229 dicere
1322 209 1374 229 non
1385 200 1515 229 desinam.
1528 201 1592 229 Nam
1607 201 1673 229 hanc
1687 204 1770 237 Ιιιιωηι

987 246 1064 274 nobis
1076 247 1146 275 Deus
1159 248 1331 283 pra-scripsit,
1346 252 1375 275 ut
1387 248 1443 275 sive
1452 248 1565 275 audierit
1577 249 1646 283 quis,
1661 256 1707 276 seu
1719 257 1770 276 ηυη

986 292 1108 325 audierit,
1126 292 1176 320 hoc
1190 293 1365 321 ministerium
1381 293 1548 328 impleamus.
1562 293 1614 321 Sed
1625 294 1647 321 si
1664 294 1771 329 quidem

985 338 1122 376 audieritis
1140 343 1167 366 et
1191 338 1307 367 feceritis
1330 347 1361 367 ca
1385 347 1444 374 quae
1462 339 1600 372 dicuntur,
1615 340 1696 366 ntulta
1710 347 1772 367 cum

985 382 1122 417 voluptate
1134 383 1186 411 hoc
1199 384 1285 418 ipsum
1300 384 1446 416 faciemus;
1458 384 1499 411 sin
1517 389 1604 411 autem
1620 384 1770 419 neglexeri-

986 428 1020 454 tis
1029 435 1060 455 ac
1071 428 1177 456 desides
1189 428 1292 457 fueritis
1300 450 1308 462 ,
1321 422 1404 456 multa
1416 437 1476 456 cunt
1487 430 1603 457 tristitia.
1616 429 1698 458 Nobis
1709 431 1770 465 qui-

985 471 1046 499 dem
1059 480 1091 499 ex
1107 477 1195 501 vestra
1209 473 1387 501 inobedientia
1401 474 1502 501 nullum
1516 474 1631 501 fttturtttu
1644 479 1686 501 est
1700 475 1772 508 peri-

984 516 1085 550 culunt,
1099 518 1312 554 quandoquidem
1324 518 1451 554 quidquid
1462 523 1519 546 erat
1532 525 1652 546 nosmtm
1666 520 1771 555 pncsti-

985 561 1081 595 tintus;
1104 566 1132 589 at
1154 570 1314 598 quamquam
1341 571 1393 590 tton
1420 563 1601 598 periclitantur
1629 571 1700 596 nos,
1724 564 1770 599 qui

986 607 1185 641 prtestiterimus
1196 609 1298 642 omnia,
1309 617 1368 644 qua:
1383 608 1409 636 itt
1424 609 1500 636 nobis
1510 614 1581 642 sunt,
1596 609 1716 636 dolemus
1729 614 1770 637 ta-

984 660 1045 680 men
1061 653 1131 688 quod
1146 661 1194 681 vos
1208 654 1348 681 accusandi
1370 654 1427 681 sitis
1449 654 1475 681 itt
1490 654 1534 681 die
1549 655 1604 681 illo.
1617 654 1676 682 Non
1700 655 1771 682 enim

983 697 1084 733 absque
1103 700 1219 734 periculo
1237 700 1313 727 vobis
1334 700 1385 727 erit
1399 700 1525 732 audisse,
1540 701 1630 728 sinon
1650 708 1772 729 accesse-

983 743 1037 770 rittt
1056 751 1148 778 opera.
1169 744 1236 772 Audi
1256 744 1335 780 igitur
1346 745 1480 780 qttomodo
1496 745 1617 773 Christus
1642 754 1771 774 accusans

982 787 1105 816 doctores
1127 796 1278 817 sermonent
1300 791 1472 822 occultantes.
1493 791 1571 818 etiam
1587 792 1628 823 iis,
1650 792 1694 827 qni
1717 792 1768 819 do-

983 838 1086 866 centur,
1101 834 1233 869 loquatur.
1245 835 1311 863 Cum
1333 836 1404 863 ettim
1423 836 1551 864 dixisset:
1568 837 1706 873 Oportebat
1718 838 1765 866 da-

983 886 1075 914 ponere
1097 880 1228 914 pecuniam
1247 889 1327 907 nteant
1347 881 1416 915 apud
1435 882 1591 914 mensarios;
1610 888 1637 910 et
1656 883 1770 918 adiecis-

982 929 1024 952 set
1040 933 1047 952 :
1064 924 1118 960 Ego
1139 926 1238 953 veniens
1253 934 1310 953 cum
1329 935 1405 954 usura
1425 927 1509 961 utique
1526 928 1678 963 repetiimznt
1699 929 1771 956 illam

984 970 1090 1006 (Matth.
1113 971 1159 999 25.
1178 971 1224 1007 27)
1239 980 1246 999 :
1261 972 1387 1004 ostendit,
1402 973 1473 1007 qttod
1495 978 1634 1008 postquam
1657 974 1771 1003 audierit

983 1016 1056 1049 (nam
1072 1015 1129 1043 hmc
1143 1020 1184 1043 est
1198 1017 1317 1051 pecunia:
1335 1016 1477 1054 depositio)
1492 1018 1537 1052 qui
1558 1019 1660 1053 accepit
1673 1018 1772 1047 doctri-

983 1068 1055 1094 nam,
1070 1068 1177 1089 usuram
1197 1061 1285 1089 facere
1303 1062 1392 1095 debet,
1408 1067 1532 1098 tanquam
1547 1063 1655 1091 dontino
1670 1065 1769 1099 repeti-

983 1109 1053 1133 turo.
1074 1106 1161 1134 Usura
1186 1112 1274 1135 autem
1297 1107 1427 1135 doctrinas
1450 1108 1515 1136 nihil
1536 1108 1608 1136 aliud
1630 1113 1671 1136 est
1690 1117 1769 1144 quam

982 1159 1091 1186 operum
1113 1152 1252 1180 exhibitio.
1271 1153 1341 1188 Ergo
1361 1154 1485 1188 quoniam
1508 1161 1557 1182 nos
1568 1161 1673 1190 quoque
1686 1155 1770 1190 depo-

981 1197 1083 1224 suimus
1105 1197 1243 1232 pecuniam
1265 1198 1293 1225 in
1315 1206 1394 1226 aures
1409 1203 1534 1227 vestras:
1551 1207 1659 1228 necesse
1678 1205 1719 1228 est
1741 1206 1769 1228 ut

984 1249 1031 1269 vos
1055 1242 1172 1269 reddatis
1185 1249 1291 1270 usuratn
1306 1242 1424 1277 domino,
1443 1244 1494 1271 hoc
1512 1249 1564 1278 est,
1586 1244 1698 1273 salutem
1718 1245 1768 1273 fra-

983 1291 1051 1315 trum
1066 1293 1225 1316 vestrorum.
1240 1288 1330 1324 Itaque
1350 1290 1373 1317 si
1396 1290 1452 1317 hate
1474 1290 1541 1324 ipsa,
1562 1298 1622 1325 qua:
1633 1291 1768 1326 dicuntur,

981 1337 1083 1360 tatttum
1100 1333 1276 1367 detinueritis,
1292 1334 1356 1361 nihil
1378 1341 1411 1362 ex
1426 1334 1466 1361 his
1485 1335 1687 1369 lucrifaeientcs,
1710 1344 1767 1365 me-

983 1384 1028 1406 tuo
1047 1388 1080 1407 ne
1094 1379 1201 1406 easdem
1220 1379 1289 1407 detis
1303 1387 1404 1414 pmnas,
1419 1387 1485 1414 quas
1502 1380 1577 1408 dedit
1592 1381 1646 1413 ille,
1662 1382 1708 1416 qui
1727 1382 1770 1410 do-

981 1424 1085 1452 foderat
1098 1424 1235 1452 talentum.
1251 1424 1316 1451 Nam
1330 1425 1374 1452 ille
1391 1430 1531 1460 propterea
1548 1426 1669 1454 manibus
1681 1434 1713 1454 ae
1724 1434 1766 1462 pe.

982 1469 1060 1496 dibus
1073 1469 1178 1497 vittctus
1192 1469 1217 1496 in
1229 1470 1354 1497 tenebras
1366 1471 1469 1504 ejectus
1481 1474 1522 1497 est
1535 1471 1690 1502 exteriores.
1703 1480 1770 1507 quo-

981 1514 1052 1541 niam
1065 1521 1117 1541 non
1131 1514 1295 1550 deprompsit
1308 1514 1334 1542 in
1347 1515 1413 1542 alios
1424 1523 1483 1550 qua:
1497 1515 1624 1543 audierat.
1642 1516 1679 1544 Ne
1690 1517 1770 1552 igitur

980 1568 1030 1588 nos
1039 1568 1144 1596 quoque
1154 1560 1247 1588 eadem
1256 1560 1395 1595 patiamur,
1407 1567 1467 1588 eum
1477 1561 1521 1596 qui
1532 1561 1648 1596 quinque
1657 1562 1765 1595 talenta,

981 1611 1008 1634 et
1019 1607 1132 1642 eumqui
1144 1606 1196 1634 duo
1204 1607 1315 1642 accepit,
1328 1607 1475 1638 intitemur,
1488 1607 1591 1635 etiamsi
1602 1615 1768 1640 sermonem,

979 1651 1083 1681 etiamsi
1095 1653 1243 1687 pecuniam,
1257 1652 1362 1680 etiamsi
1378 1652 1498 1687 corporis
1517 1652 1645 1685 laborem,
1663 1653 1768 1681 etiamst

981 1705 1083 1733 preces,
1090 1701 1136 1725 aut
1144 1697 1215 1725 aliud
1223 1697 1357 1732 quidpiam
1364 1697 1389 1724 in
1399 1697 1509 1731 proximi
1517 1696 1629 1724 salutent
1636 1697 1769 1725 insumere

980 1744 1136 1778 oportuerit,
1149 1751 1182 1770 tte
1188 1737 1341 1779 graventur,
1353 1747 1382 1770 ttt
1392 1743 1576 1778 undecumque
1584 1743 1712 1771 talentum
1720 1751 1768 1771 nov

980 1789 1020 1817 bis
1026 1797 1042 1817 a
1050 1789 1103 1817 Deo
1111 1789 1235 1817 traditum
1242 1796 1291 1824 pro
1298 1797 1346 1817 sua
1353 1789 1464 1825 quisque
1470 1789 1591 1824 portione
1596 1788 1775 1824 multiplican—

981 1840 1031 1868 tes,
1048 1831 1179 1870 possimus
1196 1835 1266 1862 illam
1278 1835 1380 1862 beatam
1396 1834 1488 1862 audire
1497 1842 1598 1865 vocem.
1609 1833 1691 1870 Euge,
1700 1843 1769 1862 sm:

981 1881 1044 1907 bona
1062 1884 1086 1906 et
1109 1879 1211 1914 ﬁdelis;
1227 1880 1253 1906 in
1273 1880 1361 1914 paucis
1384 1880 1455 1915 fuisti
1475 1879 1568 1913 ﬁdelis,
1587 1887 1666 1914 supra
1690 1880 1771 1907 multa

980 1930 1004 1952 te
1017 1926 1183 1956 constituam;
1194 1925 1260 1951 intra
1273 1925 1299 1951 in
1312 1925 1432 1960 gaudium
1451 1924 1546 1952 domini
1559 1926 1595 1950 tul
1606 1923 1711 1960 (Matth.
1722 1924 1770 1959 25,

980 1970 1042 2005 2|);
1069 1978 1123 2005 quo
1152 1970 1229 1997 nobis
1255 1970 1379 1996 omnibus
1405 1969 1482 2003 potiri
1504 1969 1658 2003 contingat,
1684 1970 1769 2004 gratia

981 2020 1009 2042 et
1032 2015 1193 2049 benignitate
1214 2014 1319 2040 Domini
1345 2013 1429 2041 nostri
1449 2013 1512 2040 Jesu
1534 2013 1641 2045 Christi,
1663 2014 1769 2046 quicutl

981 2064 1008 2088 et
1029 2067 1076 2094 per
1097 2067 1176 2094 quem
1198 2059 1268 2087 Patri
1285 2059 1386 2094 gloria,
1403 2063 1430 2085 et
1452 2058 1590 2093 imperium
1610 2059 1690 2086 simul
1708 2066 1769 2086 cunt

980 2111 1072 2134 sancto
1085 2105 1195 2141 Spiritu,
1209 2105 1235 2132 in
1249 2105 1345 2132 saecula
1360 2105 1517 2132 sa:culorum
1529 2113 1536 2137 ;
1550 2105 1662 2132 Amen‘.

1011 2384 1020 2400 ί
1033 2387 1142 2408 Duottss.
1154 2386 1216 2414 post,
1228 2387 1309 2412 Amen,
1320 2383 1412 2414 habent
1422 2386 1604 2414 grluuautebeo,
1614 2385 1772 2411 Paternoucr

979 2414 1004 2439 in
1014 2413 1101 2439 sanctis
1112 2413 1290 2445 (Ιυῖυεοεωπιω
1300 2432 1311 2445 ι
1327 2413 1544 2445 orationibut‘suis,
1565 2418 1647 2440 contra
1663 2414 1771 2444 Judtzot,

979 2432 1101 2479 Siti-"3;
1112 2432 1768 2477 ῖιὶὲιῗεῖῖτινὶἇῖριἓῦη”ὢῖιὸἔιέάἰ”ΰείυε“ἕιῖἰεὶ”ὣῗοῖ’ἓ

979 2480 1037 2506 (tua:
1046 2478 1149 2506 qunque
1159 2478 1322 2500 mutarentur.
