3862 6228
1122 267 1177 323 s.
1215 267 1500 328 manus
1537 263 2028 335 CllltYSOSTOMl
2068 284 2385 345 ancmer.
2426 289 2973 351 CONSTANTINOP.

636 681 713 742 IN
746 680 1162 747 HOMILIAM
1205 690 1311 751 DE
1346 691 1508 754 NON
1550 695 2379 768 ANATHEMATIZANDIS
2413 710 2629 773 VIVIS
2667 715 2937 789 ATQUE
2978 716 3420 787 DEFUNCTIS

1709 957 2321 1057 MONITUM.

456 1430 583 1497 Quo
627 1441 869 1506 tempore
904 1439 1046 1497 banc
1096 1443 1350 1505 habuerit
1398 1451 1678 1512 homiliam
1709 1460 1953 1532 Chryso—

386 1531 620 1591 stomus,
650 1527 807 1585 initio
841 1529 1084 1589 declarat
1132 1536 1248 1607 ipse
1274 1556 1399 1594 cum
1430 1544 1505 1598 ait
1531 1563 1544 1599 :
1596 1546 1781 1618 Nuper
1811 1527 1953 1607 uobis

376 1614 448 1669 de
474 1617 1014 1684 incomprehensibilis
1038 1631 1332 1699 cognitione
1358 1632 1449 1688 Dei
1472 1637 1756 1708 disserens,
1781 1645 1953 1700 multa

378 1706 533 1761 verba
567 1709 689 1777 feci.
727 1728 791 1766 ac
829 1723 939 1768 tum
962 1715 1358 1789 Scripturarum
1391 1728 1623 1793 vocibus,
1655 1706 1765 1786 tum
1792 1743 1948 1790 natu-

379 1798 583 1854 ralibus
618 1803 915 1865 ratiociniis
947 1809 1325 1881 demonstravi,
1351 1819 1509 1871 etiam
1540 1821 1667 1888 ipsis
1707 1825 1947 1881 invisibi-

375 1887 516 1943 libus
558 1892 842 1949 virtutibus
879 1897 1204 1955 inaccessam
1249 1920 1467 1973 prorsus
1525 1887 1637 1964 esse
1692 1912 1943 1973 Numinis

373 1983 929 2052 comprehensionem;
975 1990 1085 2045 illis
1134 1996 1370 2061 scilicet,
1410 2014 1527 2069 qua-
1575 2007 1813 2061 materia:
1850 2024 1944 2063 ex-

372 2081 571 2137 pertem
597 2084 649 2128 et
680 2076 889 2133 beatam
931 2082 1092 2136 vitam
1132 2099 1338 2156 agunt:
1380 2107 1573 2161 nosque
1621 2106 1815 2161 tamen,
1849 2104 1941 2171 qui

369 2164 427 2217 in
464 2169 609 2221 omni
641 2170 862 2226 mollitie
889 2183 1046 2243 atque
1068 2179 1278 2247 ignavia
1308 2184 1468 2240 vitam
1501 2190 1804 2260 (legimus...
1827 2164 1939 2249 rem

366 2255 731 2343 inuisibilibus
760 2263 1070 2323 substantiis
1099 2274 1307 2340 penitus
1348 2255 1583 2346 ignotam
1615 2286 1824 2355 assequi
1850 2302 1937 2341 eo-

366 2350 509 2415 nari,
536 2360 640 2407 etc.
688 2340 814 2412 Haec
860 2370 993 2415 vero
1046 2365 1282 2421 maxime
1320 2377 1617 2437 pertractat
1674 2379 1936 2435 concione

362 2442 525 2496 tertia
556 2444 625 2501 de
650 2445 1185 2518 ineomprehensibili
1216 2475 1229 2511 :
1258 2473 1427 2527 quare
1472 2464 1555 2516 vel
1603 2476 1725 2535 post
1783 2469 1929 2525 illam

362 2532 452 2587 vel
501 2544 628 2603 post
674 2538 913 2609 aliquam
958 2556 1024 2598 ex
1077 2552 1435 2617 sequentibus
1490 2532 1630 2612 hanc
1686 2558 1934 2617 habuerit

364 2622 667 2691 homiliam,
690 2640 935 2687 vertente
964 2634 1222 2692 nimirum
1252 2656 1399 2697 anno
1421 2642 1544 2699 586.
1571 2646 1769 2704 Verum
1807 2653 1930 2707 licet

364 2714 479 2771 haec
509 2723 768 2790 temporis
794 2735 921 2779 nota
959 2728 1093 2783 nulli
1143 2730 1439 2790 difﬁcultati
1475 2738 1712 2796 obnoxia
1745 2742 1930 2799 videa-

356 2815 473 2875 tur,
526 2823 718 2868 contra
746 2830 867 2869 eam
918 2827 1099 2875 tamen
1134 2822 1336 2880 multas
1392 2838 1575 2884 movet
1603 2833 1929 2901 quaestiones

359 2900 774 2973 Tillernontius,
829 2908 923 2977 qui
976 2910 1029 2965 in
1069 2913 1353 2972 adversam
1411 2921 1525 2976 abit
1577 2928 1923 2983 sententiam.

352 2989 514 3059 Nam,
542 2994 738 3065 inquit,
768 2996 1009 3057 homiliat
1040 3003 1206 3073 hujus
1240 3010 1524 3066 exordium
1583 3029 1691 3070 non
1742 3018 1926 3073 colla:-

354 3089 439 3135 ret
463 3094 587 3136 eum
624 3090 980 3157 sequentibus
1014 3095 1192 3151 verbis
1221 3096 1389 3164 hisce,
1416 3104 1548 3174 φέρε
1573 3103 1637 3173 δὴ
1666 3107 1760 3160 καὶ
1794 3111 1924 3180 περὶ

348 3169 711 3244 άναθέματος,
754 3180 845 3234 ubi
877 3196 1038 3237 suum
1065 3186 1133 3239 de
1163 3169 1513 3247 anathemate
1543 3169 1920 3265 argumentum

349 3269 590 3320 tractare
620 3267 812 3339 incipit
865 3272 1332 3342 Chrysostomns:
1372 3296 1543 3351 quare
1599 3286 1918 3345 intermedia

350 3354 521 3409 multa
556 3356 742 3412 desint
781 3372 1018 3431 Oportet,
1052 3368 1275 3435 quando
1312 3372 1552 3428 maxime
1586 3375 1742 3445 longe
1794 3378 1919 3435 bre—

346 3445 471 3499 vior
506 3446 728 3504 humilia
774 3461 859 3507 est
905 3468 1068 3523 quam
1104 3459 1318 3514 soleant
1360 3461 1740 3535 Cbrysostomi
1774 3486 1912 3527 esse.

346 3536 534 3607 Neque
590 3554 719 3596 vero
764 3543 856 3598 hic
908 3547 1139 3615 gradum
1177 3550 1345 3617 sistit,
1386 3555 1482 3608 sed
1546 3566 1698 3627 putat
1739 3569 1912 3617 totum

342 3629 630 3684 exonlium
679 3633 903 3689 aliunde
963 3638 1249 3695 advectum
1300 3653 1354 3698 et
1400 3657 1648 3703 assutum
1704 3650 1909 3708 ίυὶεειτε

343 3730 467 3786 qua
520 3727 699 3775 autem
756 3725 823 3779 de
877 3726 1226 3787 anathemate
1283 3734 1730 3807 subjnngnntur,
1790 3756 1912 3811 pust

340 3818 569 3866 mortem
590 3812 802 3870 Paulini
833 3817 1180 3889 Antiocheni,
1208 3840 1334 3895 qua:
1367 3843 1513 3883 anno
1544 3831 1649 3887 588
1687 3835 1907 3898 accidit,

336 3901 480 3957 edita
514 3897 685 3963 fuisse
714 3913 895 3978 arguit
924 3927 991 3968 ex
1014 3915 1388 3988 Chrysostomi
1422 3924 1623 3988 verbis,
1668 3941 1789 3995 quae
1827 3929 1907 3983 sic

334 3994 452 4064 ipse
476 4000 680 4056 refert:
720 4001 911 4060 Patres
959 4007 1280 4064 damnarunt
1324 4028 1443 4066 eum
1468 4031 1617 4084 quem
1644 3994 1737 4087 ego
1770 4036 1903 4073 aua-

334 4086 641 4158 theittatizo,
690 4096 1019 4166 maximeque
1073 4098 1362 4154 Paulinum
1410 4103 1524 4172 ejus
1563 4086 1897 4174 maqistrum.

331 4180 431 4238 Hie
461 4184 747 4253 populares
777 4186 1141 4254 Antiochenos
1159 4192 1902 4272 loquentesinducitChryso-

329 4284 561 4341 stomus,
579 4291 676 4332 eos
688 4280 896 4333 scilicet
912 4282 1004 4350 qui
1023 4297 1138 4336 sua:
1161 4288 1560 4343 communionis
1580 4299 1754 4354 erant,
1768 4308 1900 4361 quo-

327 4377 447 4418 rum
464 4366 648 4433 verba,
675 4366 850 4439 inquit
867 4369 1550 4441 Tillemontius,l’aulinum
1564 4379 1678 4449 jam
1696 4382 1895 4438 defun-

325 4463 474 4509 ctum
501 4455 674 4514 fuisse
714 4471 982 4529 arguunt;
999 4465 1438 4532 quandoquidem
1452 4485 1561 4525 non
1582 4480 1688 4527 tam
1710 4473 1894 4531 Pauli-

326 4563 456 4605 num
496 4565 659 4619 quam
682 4551 802 4622 ejus
834 4554 1129 4624 discipulos
1153 4557 1409 4628 impetere
1440 4562 1690 4620 videntur
1715 4585 1728 4621 :
1758 4578 1814 4623 at
1844 4570 1888 4624 si

320 4638 911 4710 Paulinusﬁxissetdn
929 4664 1051 4702 eum
1080 4650 1336 4727 maxime,
1356 4663 1704 4712 utauclorem
1736 4662 1885 4723 mali,

319 4720 609 4788 anathema
640 4735 1022 4806 proferendum
1039 4724 1343 4799 videbatur.
1365 4744 1490 4802 Htee
1521 4748 1633 4813 ille,
1669 4764 1793 4819 quae
1820 4768 1889 4807 ne

323 4821 615 4878 minimum
644 4825 868 4894 quidem
897 4843 1001 4883 nos
1029 4845 1060 4884 a
1082 4831 1266 4901 priore
1288 4835 1556 4891 sententia
1581 4837 1881 4903 dimovent,

315 4928 485 4984 quam
542 4914 673 4971 item
722 4922 1048 4976 sententiam
1105 4924 1277 4979 secuti
1330 4935 1461 4981 sunt
1512 4926 1783 4986 Baronius
1829 4938 1884 4987 et

316 5004 687 5064 llermantius.
724 5008 882 5076 Quod
902 5012 1048 5067 enim
1078 5015 1176 5080 ait,
1203 5018 1490 5072 exordium
1526 5020 1747 5076 aliunde
1780 5023 1875 5076 ad-

312 5105 562 5162 vectum,
619 5112 868 5155 mancam
924 5101 1228 5171 bomiliam,
1282 5120 1515 5177 eamque
1568 5108 1873 5166 breviorem

309 5201 435 5243 esse
465 5202 632 5258 quam
688 5191 901 5246 soleant
937 5191 1313 5265 Chrysostomi
1352 5199 1688 5255 conciones:
1736 5201 1873 5268 haec,

308 5276 559 5347 inquam,
589 5279 775 5335 omnia
817 5283 988 5353 gratis
1045 5284 1321 5340 dicuntur.
1381 5286 1662 5358 Siquidem
1717 5307 1876 5348 exor-

307 5364 458 5420 dium
483 5368 712 5424 omnino
738 5370 977 5426 cohzeret
999 5387 1121 5427 eum
1159 5374 1248 5438 iis,
1282 5390 1406 5444 quae
1431 5377 1499 5432 de
1527 5381 1875 5440 anathemate

307 5457 756 5529 subjunguntur:
811 5462 1061 5518 ordiendi
1109 5465 1307 5522 modus
1355 5466 1755 5539 Chrysostomo
1789 5481 1873 5529 est

305 5543 602 5603 admodum
630 5549 940 5607 familiaris.
974 5551 1115 5619 Quid
1140 5555 1287 5612 enim
1317 5557 1683 5630 frequentius,
1707 5578 1868 5634 quam

312 5648 570 5697 sanctum
608 5642 889 5702 doctorem
940 5645 1124 5706 videre
1155 5649 1235 5708 sic
1268 5652 1564 5710 conciones
1619 5671 1750 5713 suas
1785 5657 1869 5712 in-

2067 1466 2405 1536 cipientem?
2441 1472 2622 1543 Nuper
2656 1479 2801 1533 vobis
2854 1481 2918 1535 de
2954 1482 3493 1555 incomprehensibilis
3542 1510 3637 1547 ro-

2061 1560 2297 1626 gnitione
2328 1562 2422 1618 Dei
2453 1567 2732 1635 disserens,
2792 1574 2959 1628 multa
3017 1580 3170 1632 verba
3228 1582 3349 1648 feci,
3389 1604 3452 1638 ac
3492 1603 3633 1641 -tum

2057 1646 2455 1719 Scripturerum
2494 1661 2719 1729 rocibus,
2769 1674 2878 1716 tum
2935 1671 3272 1727 naturalibus
3325 1677 3631 1734 ratiociniis

2050 1741 2442 1810 dentonstravi,
2500 1751 2663 1806 etiam
2720 1755 2849 1823 ipsis
2911 1758 3259 1819 inuisibilibus
3333 1769 3626 1830 uirtutibus

2048 1833 2368 1890 inaccessam
2392 1856 2607 1908 prorsus
2634 1861 2743 1899 esse
2768 1846 3014 1906 Numinis
3043 1861 3621 1926 eouzprelreusionem...

2046 1924 2155 1995 Age
2194 1941 2331 1981 nunc
2366 1941 2642 2002 postquam
2683 1939 2748 1991 de
2794 1943 3127 2000 anathemate
3164 1950 3305 2006 vobis
3356 1968 3623 2025 quantum

2042 2020 2280 2072 convenit
2310 2022 2738 2094 disseruerimus,
2768 2032 2969 2103 vimque
2991 2040 3119 2092 mali
3153 2041 3330 2111 huius,
3357 2049 3499 2115 quod
3519 2064 3622 2120 pro

2044 2107 2214 2161 nihilo
2251 2121 2545 2181 reputatur,
2577 2122 2975 2180 ostenderimus.
3009 2127 3131 2183 hinc
3159 2107 3296 2199 freni
3316 2107 3618 2206 impatien-

2042 2197 2118 2249 tia
2146 2213 2244 2252 ora
2303 2203 2656 2274 cohibeamus,
2689 2220 2792 2266 etc.
2815 2212 2906 2268 Sic
2940 2197 3167 2285 praefari
3199 2225 3336 2280 solet
3358 2197 3612 2302 Chryso-

2040 2297 2281 2345 stomns.
2321 2291 2421 2348 llic
2455 2297 2602 2352 utilia
2634 2299 2834 2366 hiatus,
2881 2305 3091 2364 lat-una:
3124 2313 3427 2385 cujuspiam
3460 2291 3616 2380 nuta

2039 2381 2286 2450 suspicio
2332 2385 2519 2443 haberi
2571 2402 2771 2460 potest.
2808 2393 2919 2453 Nec
2966 2402 3084 2469 plus
3136 2381 3362 2465 subsidii
3409 2415 3614 2475 referet

2037 2469 2415 2532 Tillemootius
2452 2496 2516 2535 ex
2574 2483 2809 2541 hmniliat
2842 2490 3105 2550 brevitate
3134 2540 3151 2562 ,
3188 2514 3335 2565 nam,
3372 2514 3433 2559 ut
3475 2523 3611 2565 sunt

2041 2565 2223 2617 mutue
2251 2564 2628 2639 Chrysostomi
2659 2578 2955 2637 conciones
2984 2582 3085 2640 hac
3134 2592 3476 2664 prolixiores,
3529 2599 3606 2657 ita

2038 2655 2327 2725 plusquam
2364 2661 2548 2731 viginti
2604 2681 2899 2734 possumus
2948 2676 3046 2733 hac
3105 2655 3264 2751 longe
3322 2684 3606 2749 breviores

2034 2748 2302 2814 proferre,
2336 2752 2388 2804 in
2417 2769 2555 2822 quas
2579 2764 2757 2813 tamen
2786 2765 2931 2819 nulla
2965 2768 3045 2822 vel
3076 2771 3285 2835 νοθείας
3309 2778 3388 2832 vel
3418 2780 3607 2841 hiatus

2032 2842 2279 2910 suspicio
2300 2846 2501 2902 cadat:
2536 2860 2726 2921 estque
2767 2854 2882 2912 haec
2909 2859 3129 2917 aliunde
3164 2868 3308 2931 talis,
3341 2880 3401 2925 ut
3434 2889 3606 2945 argu-

2028 2941 2210 2986 mento
2236 2935 2374 2990 nihil
2397 2937 2630 2999 deficiat.
2661 2944 2844 3015 sitque
2873 2951 3131 3009 omnibus
3158 2960 3272 3014 suis
3309 2970 3362 3016 et
3394 2981 3597 3023 nume-

2030 3020 2105 3076 ris
2133 3033 2187 3077 et
2231 3028 2477 3094 partibus
2503 3028 2776 3091 absoluta.
2809 3037 2986 3097 Locus
3038 3059 3220 3103 autem
3267 3050 3379 3119 ille,
3426 3074 3596 3129 quem

2025 3115 2181 3180 qnasi
2212 3131 2277 3170 ex
2334 3119 2435 3174 hac
2474 3122 2697 3177 humilia
2735 3142 3053 3200 excerptum
3091 3139 3247 3195 all‘ert
3293 3115 3597 3206 Tillemon-

2025 3206 2170 3267 tius,
2214 3216 2272 3261 ut
2320 3210 2537 3277 probet
2566 3209 2851 3270 Paulinum
2892 3220 3002 3287 jam
3058 3223 3261 3281 obiisse
3309 3244 3431 3286 eum
3476 3236 3596 3292 lucc

2022 3296 2450 3367 Cltrysostomus
2483 3305 2921 3375 concinnare'ur,
2956 3330 3168 3385 nempe,
3216 3316 3405 3377 Patres
3431 3327 3593 3381 dant-

2022 3401 2273 3444 naveruut
2330 3406 2449 3446 eum
2500 3411 2649 3465 quem
2678 3416 2770 3469 ego
2812 3403 3225 3476 auathematiso,
3262 3416 3593 3487 orariumque

2018 3477 2308 3534 Paulinum
2365 3483 2480 3552 ejus
2518 3489 2869 3557 magistrum;
2926 3494 3102 3560 locus,
3162 3496 3419 3570 inquam,
3469 3506 3588 3574 ille,

2015 3571 2229 3626 etiamsi
2255 3573 2630 3646 Chrysostomi
2659 3592 2820 3644 esset,
2867 3600 2977 3640 non
3033 3590 3187 3645 video
3218 3608 3318 3661 qua
3371 3600 3591 3659 ratione

2014 3662 2270 3729 probaret
2294 3663 2407 3731 jam
2435 3666 2748 3723 deuinctum
2780 3670 2948 3729 fuisse
2978 3672 3293 3745 Paulinum,
3327 3702 3427 3741 nec
3451 3703 3589 3756 puto

2011 3752 2320 3819 quempiam
2351 3752 2465 3807 fore.
2495 3764 2603 3809 tam
2635 3757 2908 3828 Lynceum
2939 3775 2996 3819 ut
3027 3768 3116 3823 hic
3134 3769 3344 3829 Paulini
3368 3752 3585 3836 obitum

2011 3843 2318 3912 perspiciat.
2348 3843 2547 3901 Verum
2575 3849 2738 3920 longe
2764 3854 2922 3909 aliter
2949 3871 3009 3913 se
3040 3859 3203 3917 habet
3229 3866 3371 3934 apud
3404 3868 3589 3945 Chry-

2007 3943 2313 3989 sostomum
2348 3937 2437 3992 ille
2463 3939 2638 4006 locus,
2674 3953 2733 3997 ut
2763 3961 2887 4000 mox
2942 3947 3074 4018 ipsis
3121 3952 3300 4013 verbis
3358 3959 3414 4015 in
3463 3978 3580 4018 me-

2005 4023 2155 4076 dium
2185 4025 2435 4082 adductis
2464 4031 2640 4096 palam
2670 4034 2792 4086 erit.

2079 4111 2150 4167 Ut
2176 4122 2357 4171 autem
2392 4131 2503 4186 quo
2531 4119 2583 4171 in
2615 4130 2759 4176 statu
2798 4133 2927 4180 tunc
2978 4142 3121 4185 esset
3172 4130 3413 4191 Ecclesia
3460 4136 3583 4193 An—

2004 4202 2253 4260 tioeltena
2316 4207 2667 4280 intelligatur.
2720 4216 2866 4283 quod
2922 4233 3054 4274 sane
3109 4222 3175 4275 ad
3232 4230 3575 4297 propositam

2000 4295 2355 4360 quaestionem
2409 4298 2721 4356 solvendam
2764 4304 2994 4361 multum
3041 4311 3288 4381 confert,
3336 4295 3445 4374 ires
3485 4334 3577 4379 est

1999 4385 2161 4441 altius
2184 4391 2491 4455 repetenda.
2516 4390 2831 4452 Eustathius
2850 4400 3141 4472 episcopus
3170 4404 3572 4481 Antiochcnus,

2001 4475 2088 4527 vir
2123 4489 2344 4534 sanctus
2374 4482 2796 4547 et.Catholicus.
2830 4490 3058 4562 ideoque
3083 4493 3297 4554 Arianis
3328 4501 3567 4569 invisus,

1999 4565 2238 4634 ipsorum
2280 4584 2439 4639 opera
2475 4585 2526 4628 et
2558 4576 2848 4633 calumniis
2878 4582 3161 4651 depositus
3198 4586 3252 4642 in
3277 4593 3569 4649 exsilium-

1991 4671 2103 4724 que
2131 4667 2288 4715 actus
2320 4660 2494 4718 fuerat
2531 4680 2676 4722 anno
2704 4670 2921 4726 circiter
2954 4672 3091 4743 350,
3135 4675 3186 4731 in
3219 4679 3448 4752 ejusque
3480 4685 3568 4739 lo-

1995 4758 2118 4799 cum
2153 4750 2482 4807 subslitutus
2514 4764 2599 4810 est
2630 4756 2771 4815 alius
2802 4762 3091 4834 episcopus
3119 4767 3381 4833 Arianus,
3405 4772 3567 4830 dein-

1994 4849 2229 4906 cepsque
2295 4843 2608 4900 continuata
2679 4853 3031 4911 successione
3100 4860 3344 4929 ejusdem
3393 4879 3563 4925 sertas

1986 4927 2231 4999 episcopi
2278 4931 2675 4993 Antiochenam
2714 4950 2936 4998 tenuere
2989 4927 3205 5017 sedem,
3260 4953 3563 5015 Catholicis

1988 5017 2203 5074 interim
2226 5036 2347 5076 cum
2366 5022 2515 5099 [690]
2532 5027 2886 5089 Eustathiauo
2900 5036 3044 5094 clero
3060 5043 3284 5098 seorsim
3303 5048 3560 5106 collectas

1989 5112 2293 5179 agentibus,
2338 5119 2513 5175 donec
2571 5122 2759 5179 Ariani
2814 5126 3107 5198 Meletium,
3142 5150 3304 5204 quem
3358 5139 3552 5196 haeresi

1985 5216 2101 5257 sua:
2124 5204 2397 5262 addictum
2444 5212 2727 5280 putabant,
2761 5219 2812 5272 in
2863 5220 3178 5292 episcopum
3208 5227 3547 5299 adh-gerunt.

1980 5291 2051 5347 At
2101 5292 2190 5349 ubi
2226 5308 2415 5366 postea
2470 5305 2866 5374 comperissent
2922 5291 3073 5367 illum
3133 5291 3414 5375 catholicas
3469 5324 3550 5378 rei

1979 5384 2253 5440 vindicem
2279 5387 2606 5464 Arianisque
2636 5395 2893 5453 infestum
2919 5417 3061 5470 esse,
3090 5406 3266 5463 virum
3297 5410 3350 5465 in
3399 5416 3551 5468 exsi-

1978 5474 2113 5530 lium
2150 5478 2277 5546 pelli
2306 5493 2523 5548 curant,
2552 5486 2607 5540 in
2639 5490 2868 5560 ejusque
2896 5493 3077 5552 locum
3105 5499 3365 5559 Euzoium
3392 5507 3546 5561 Aria-

1979 5583 2106 5622 num
2136 5570 2492 5631 substituunt.
2526 5576 2681 5635 Tunc
2713 5597 2841 5638 vero
2866 5593 2978 5643 tres
3008 5588 3063 5643 in
3114 5603 3293 5661 partes
3337 5595 3542 5653 distra~

1975 5666 2061 5714 cla
2092 5660 2282 5720 civitas
2313 5664 2416 5720 fuit
2458 5687 2470 5721 :
2505 5669 2677 5739 prima
2707 5682 2825 5729 erat
2855 5660 3359 5753 Eustathiauorum,
3417 5688 3541 5746 sive
