3862 6228
244 294 370 350 943⁸

248 422 438 463 eorum
471 407 563 476 qui
600 408 658 462 S.
710 407 980 463 Eustathii
1016 419 1197 479 partes
1224 415 1396 468 secuti
1427 414 1661 475 fuerant.
1689 423 1814 488 qui-

248 514 358 566 que
413 496 615 553 Meletii
662 501 1126 565 communionem,
1175 505 1319 572 quod
1365 505 1436 559 ab
1491 507 1704 562 Arianis
1761 513 1814 563 in

249 589 568 657 episcopum
600 599 887 659 cooptatus
918 590 1132 656 fuisset,
1167 596 1535 664 respuebant;
1577 600 1816 654 secumla

249 674 681 742 Meletianorum,
721 680 929 735 scilicet
964 682 1392 748 Catholicorum,
1422 688 1516 755 qui
1541 687 1814 743 Meletium

249 774 352 821 etsi
378 769 447 822 ab
468 770 688 824 Arianis
726 773 1054 838 ordinatum,
1090 785 1273 845 utpote
1319 777 1656 834 Catholicam
1693 798 1820 836 san-

251 863 670 932 ctissiniumque
711 866 912 927 virum.
953 869 1361 935 sequebantur;
1395 872 1549 925 tertia
1592 874 1820 927 Ariano-

252 965 396 1014 rum,
427 952 520 1018 qui
551 967 674 1004 cuni
708 951 914 1006 Enzoio
938 967 1239 1010 conventus
1263 959 1512 1027 agebant.
1549 959 1819 1017 Hactenus

253 1048 434 1094 tamen
464 1041 678 1094 nonnisi
711 1040 821 1094 duo
844 1043 1086 1112 episcopi
1115 1045 1421 1100 Antiochiae
1458 1057 1631 1112 erant,
1663 1049 1817 1101 nimi-

255 1144 378 1182 rum
411 1145 478 1182 ex
512 1139 663 1198 parte
693 1131 1100 1186 Catliolicorum
1148 1134 1414 1200 Meletius,
1471 1153 1536 1192 ex
1591 1139 1823 1193 Ariano-

257 1233 382 1272 rum
432 1235 564 1274 vcro
625 1232 773 1289 parte
807 1221 1083 1279 Euzoius:
1124 1242 1247 1280 nam
1307 1228 1641 1282 Eustathiani
1697 1245 1818 1283 cum

252 1308 482 1363 Paulino
547 1311 859 1380 presbytero
936 1314 1162 1367 seorsim
1237 1316 1492 1371 collectas
1568 1320 1816 1389 agebant.

254 1397 622 1466 Quamobrem
672 1401 1006 1458 Athanasius
1049 1405 1101 1458 in
1159 1409 1368 1476 synodo
1420 1408 1819 1473 Alexandrina,

255 1505 402 1543 anno
431 1490 556 1553 562,
608 1491 738 1547 totis
796 1493 1000 1547 viribus
1043 1495 1316 1549 nitebatur
1365 1506 1423 1550 ut
1477 1499 1822 1552 Eustathiani

257 1579 561 1637 Melctianis
633 1583 1098 1651 adjungerentnr,
1175 1601 1475 1656 omnesque
1561 1589 1822 1643 Catholici

257 1688 427 1727 unum
497 1671 770 1726 Meletium
806 1674 1120 1742 episcopum
1160 1686 1533 1744 agnoscerent,
1571 1681 1635 1732 ad
1669 1695 1820 1732 eain-

255 1780 363 1834 que
389 1780 499 1818 rem
541 1764 742 1834 legatos
787 1765 927 1821 duos
992 1766 1284 1821 Eusebium
1333 1767 1726 1824 Vercellenscm
1769 1780 1825 1824 et

255 1854 532 1908 Asterium
594 1853 878 1922 episcopos
928 1869 957 1907 a
1027 1855 1237 1926 synodo
1293 1857 1632 1912 Antiochiam
1685 1861 1823 1914 m'tti

255 1946 486 1998 curavit.
528 1944 726 1999 Verum
783 1947 996 2000 interim
1036 1947 1163 2001 dum
1214 1949 1373 2018 legati
1423 1951 1525 2004 iter
1561 1962 1821 2018 agerent,

257 2034 475 2090 Lucifer
519 2036 860 2090 Calaritanus
894 2037 1041 2106 pium
1096 2037 1380 2092 Athanasii
1410 2039 1820 2094 Alexandrinae-

254 2144 364 2197 que
407 2130 596 2198 synodi
631 2130 912 2183 consilium
959 2129 1354 2194 interturhavit,
1400 2132 1492 2199 qui
1537 2130 1821 2184 Paulinum

256 2217 312 2271 in
340 2219 651 2286 episcopum
694 2221 892 2287 adlegit
922 2237 935 2273 :
968 2220 1038 2271 ita
1079 2229 1137 2273 ut
1176 2230 1284 2274 tres
1307 2221 1416 2289 jam
1445 2222 1682 2291 episcopi
1713 2225 1825 2275 An-

259 2308 474 2361 tiochia:
500 2321 700 2373 essent,
743 2309 852 2364 duo
896 2310 1184 2370 Catholici,
1250 2326 1393 2365 unus
1449 2313 1704 2366 Ariamts.
1746 2315 1820 2367 Ex

262 2397 366 2452 hoc
397 2408 576 2453 autem
609 2400 1012 2454 Catholicorum
1041 2401 1291 2466 dissidio,
1330 2404 1475 2471 quod
1505 2403 1664 2457 annis
1689 2404 1826 2458 bene

259 2489 444 2544 multis
473 2493 728 2560 perstitit,
773 2493 1072 2546 innumerae
1093 2493 1223 2546 rixa:
1255 2495 1490 2548 subortu:
1520 2506 1668 2559 sunt,
1697 2511 1826 2549 cou-

257 2581 517 2641 tumeliae,
545 2583 790 2646 dicteria,
825 2583 1130 2645 maledicta,
1173 2586 1371 2653 quibus
1420 2601 1476 2639 se
1514 2595 1704 2639 mutuo
1739 2586 1822 2640 di-

255 2672 430 2725 versis
456 2673 655 2727 addiCIi
692 2675 935 2742 partilms
971 2675 1301 2728 lacerabant.
1383 2676 1641 2731 Paulinus
1695 2692 1825 2731 vero

256 2761 312 2815 in
362 2762 672 2832 episcopum
723 2765 966 2818 adiectus
1010 2766 1392 2820 Alexandrina:
1445 2769 1651 2838 synodo
1693 2769 1822 2822 sub-

257 2854 498 2922 scripsit,
555 2855 607 2908 in
650 2872 752 2925 qua
805 2855 1178 2926 Apollinarius
1223 2857 1584 2924 Laodicenus,
1631 2861 1722 2928 qui
1758 2875 1824 2913 eo

256 2953 506 2999 oratores
533 2960 663 2999 suos
694 2949 992 3003 monachos
1039 2948 1278 3015 miserat,
1331 2960 1387 3004 ut
1431 2951 1820 3019 professionem

257 3035 381 3088 fidei
421 3051 533 3089 sua,
567 3036 619 3089 in
665 3047 811 3090 metu
855 3036 1072 3092 Patrum
1134 3040 1380 3103 ederent,
1425 3042 1495 3094 ita
1555 3052 1729 3097 tamen
1767 3053 1826 3096 ut

252 3141 470 3182 errores
501 3142 632 3182 suos
662 3129 887 3183 subdole
927 3131 1234 3190 reticerem,
1289 3132 1345 3184 in
1386 3135 1821 3188 communionem

256 3216 582 3272 admittitur.
633 3218 893 3275 Paulinus
933 3231 1132 3285 autem,
1184 3237 1329 3275 anno
1363 3223 1468 3276 562
1519 3226 1820 3289 ordinatus,

256 3321 403 3360 anno
433 3306 537 3362 588
573 3308 654 3362 vel
688 3309 793 3362 589
819 3311 983 3363 linem
1009 3311 1220 3364 vivendi
1251 3311 1397 3366 fecit.

332 3410 454 3466 Haec
481 3413 854 3482 prtemittenda
889 3424 1065 3481 erant,
1117 3426 1175 3471 ut
1227 3417 1378 3473 locus
1413 3417 1782 3486 Chrysostomi
1808 3463 1822 3483 ,

257 3501 328 3556 de
352 3519 462 3572 quo
489 3519 632 3557 nunc
658 3505 855 3574 agitur,
901 3506 1128 3577 intelligi
1179 3510 1368 3576 possit.
1405 3507 1582 3564 Verba
1643 3520 1824 3564 autem

256 3594 399 3662 ejus,
431 3593 497 3648 ab
529 3595 594 3648 iis
617 3611 738 3664 quae
761 3593 1139 3652 'l‘illemoutius
1170 3598 1354 3653 retulit
1389 3599 1548 3668 longe
1590 3601 1824 3664 diversa,

259 3686 342 3739 sic
378 3685 612 3740 habent:
657 3686 817 3740 Ἀλλὰ
846 3688 900 3741 τί
931 3687 1180 3757 λέγουσιν
1219 3691 1267 3743 οἱ
1317 3693 1493 3746 πάντα.
1541 3693 1702 3748 δεινοὶ
1730 3695 1828 3766 τὴν

259 3777 485 3840 κακίαν;
524 3779 825 3849 Αἱρετικὸς.
852 3781 1034 3849 φησὶν,
1059 3783 1263 3845 ἐκεῖνος
1292 3785 1600 3855 γεγένηται,
1623 3785 1828 3839 ἔνοικον

257 3869 352 3920 τὸν
378 3868 619 3921 διάϐολον
646 3868 803 3938 ἔχων,
833 3873 924 3923 καὶ
949 3869 1123 3924 λαλῶν
1147 3875 1287 3931 κατὰ
1305 3875 1398 3927 τοῦ
1431 3875 1566 3928 Θεοῦ
1589 3877 1827 3942 ἀδικίαν,

259 3959 359 4012 καὶ
383 3959 610 4023 πολλοὺς
639 3960 727 4013 διὰ
761 3959 1138 4030 πιθανολογίας
1185 3966 1279 4017 καὶ
1308 3965 1471 4035 κενῆς
1508 3967 1723 4038 ἀπάτης
1751 3969 1830 4031 εἰς

263 4051 423 4120 βυθὸν
446 4052 717 4115 ἀπωλείας
746 4053 1000 4121 ἀπάγων·
1035 4056 1131 4108 καὶ
1157 4055 1244 4109 διὰ
1272 4057 1428 4108 τοῦτο
1457 4057 1560 4110 ὑπὸ
1592 4059 1700 4112 τῶν
1727 4075 1831 4112 πα-

259 4140 437 4211 τέρων
466 4141 813 4212 ὲκὸἐσληται,
841 4145 1078 4213 μάλιστα.
1096 4146 1126 4197 ὁ
1161 4145 1350 4199 τούτου
1376 4147 1694 4213 διδάσκαλος
1715 4153 1830 4220 μοῖ-

265 4245 366 4296 ραν
424 4228 524 4298 τῆς
587 4230 910 4300 Ἐκκλησιας
955 4233 1279 4302 ἀποτεμὼν,
1336 4235 1368 4303 ἢ
1413 4235 1500 4289 διὰ
1533 4238 1831 4291 "multava

265 4321 417 4388 (lege
439 4319 734 4389 Παυλῖνον)
765 4319 797 4391 ἢ
838 4321 1242 4394 Ἀπολλινάριον
1269 4323 1538 4392 λέγοντες.
1570 4326 1610 4382 1.
1641 4344 1690 4381 e.
1718 4327 1822 4383 Sed

262 4407 392 4477 quid
418 4409 599 4460 dicunt
636 4408 718 4461 illi
746 4409 815 4461 ad
863 4427 1066 4464 omnem
1103 4412 1366 4466 malitiam
1405 4416 1627 4471 audaces
1656 4418 1680 4471 Ρ
1707 4422 1832 4473 Ha:-

264 4501 483 4564 reticus,
523 4502 696 4562 aiunt,
743 4501 832 4554 ille
867 4503 1043 4570 [actus
1095 4513 1194 4569 est,
1247 4505 1633 4562 inhabitantem
1681 4509 1832 4563 habet

263 4590 560 4658 diabolum,
595 4603 643 4646 et
671 4593 906 4662 loquitur
935 4606 1118 4649 contra
1151 4597 1314 4650 Deum
1349 4601 1658 4669 nequitiam,
1697 4602 1834 4654 mul-

269 4693 452 4750 losqtte
478 4683 700 4735 suadela
728 4699 962 4753 vanaque
986 4684 1207 4751 fallacia
1243 4690 1296 4740 in
1327 4691 1645 4758 profundum
1687 4691 1836 4745 exitii

265 4775 525 4826 abducit:
573 4761 849 4844 ideoque‘a
909 4776 1164 4830 Patribus
1204 4781 1397 4846 ejecta;
1449 4790 1548 4840 est.
1611 4783 1837 4836 maxime

265 4863 428 4931 hujus
463 4865 734 4932 magister,
780 4867 870 4934 qui
899 4875 1101 4933 partem
1141 4865 1394 4921 Ecclesia:
1441 4869 1713 4923 abscidit:
1761 4873 1836 4923 sic

265 4964 360 5006 aut
417 4953 703 5008 Paulinum
755 4967 849 5009 aut
897 4957 1280 5024 Apollinarium
1320 4957 1618 5028 designant.
1685 4959 1831 5022 lltec,

267 5053 330 5097 ut
393 5044 569 5113 primo
623 5046 805 5099 statim
846 5056 1065 5115 aspectu
1097 5063 1216 5102 sese
1255 5047 1506 5114 oderunt,
1547 5049 1832 5105 Paulinum

264 5135 537 5186 viventem
566 5134 960 5203 docentemque
993 5135 1256 5198 iudicant,
1302 5136 1497 5188 nedum
1557 5146 1829 5189 mortuum

266 5233 576 5292 supponant
605 5243 618 5278 :
654 5241 778 5278 nam
812 5226 901 5279 ille
932 5226 1024 5294 qui
1051 5226 1291 5295 loquitur
1319 5236 1504 5280 contra
1547 5225 1713 5281 Deum
1744 5242 1838 5280 ne-

266 5315 495 5384 quitiam
556 5325 609 5369 ct
663 5317 862 5371 multos
903 5317 1141 5378 abducit,
1168 5327 1270 5379 est,
1324 5326 1383 5370 ut
1428 5318 1658 5383 videtur,
1696 5317 1840 5371 Pau-

264 5406 453 5472 linus;
523 5423 699 5477 neque
730 5408 875 5461 (nim
929 5408 1048 5461 haec
1099 5408 1151 5461 in
1187 5409 1351 5461 alium
1401 5408 1635 5463 conferri
1675 5424 1834 5478 posse

264 5507 544 5568 putamus.
577 5497 708 5569 Ejus
743 5513 876 5554 vero
914 5499 1190 5569 magister,
1229 5501 1319 5572 qui
1367 5516 1395 5554 a
1430 5499 1678 5556 l’atribns
1720 5500 1830 5571 eje-

1325 295 1409 353 DE
1444 297 1938 357 ANATllE‘lATE.
1971 331 2038 342 —
2069 297 2403 362 MONITUM.

3359 308 3484 364 964'

1925 429 2047 473 rtus
2105 429 2250 483 erat,
2285 429 2369 474 est
2426 418 2796 488 Apollinarius
2851 418 3092 473 secundo
3133 430 3483 484 memoratus,

1917 513 2033 581 qui,
2071 523 2356 580 postquam
2410 513 2462 565 in
2519 512 2727 582 synodo
2781 511 2847 566 ad
2905 513 3342 566 communionem
3383 515 3481 564 a.'-

1920 603 2123 657 missus
2165 601 2382 666 fuerat,
2432 603 2808 657 subscribente
2847 602 3109 667 Paulino,
3162 603 3355 657 deinde
3413 604 3482 657 ab

1921 693 2222 748 Athanasio
2277 694 2508 763 aliisque
2562 693 2852 759 Patribus,
2893 709 3016 747 cum
3055 693 3174 762 ejus
3234 694 3479 748 literesim

1921 785 2330 854 comperissent,
2367 785 2570 854 ejectus
2606 783 2725 838 fuit.
2757 784 2901 838 Sane
2955 784 3070 837 haec
3118 783 3483 837 multitudinis

1922 875 2066 929 dicta
2099 876 2236 931 duos
2264 885 2472 929 tantum
2503 877 2769 945 impctunt
2795 875 2963 936 viros,
2997 889 3188 942 nempe
3225 883 3282 927 nt
3311 874 3484 942 expli—

1922 976 2010 1020 cat
2033 966 2482 1037 Chrysostomus,
2517 965 2799 1019 Paulinum
2823 975 2876 1020 et
2905 965 3317 1034 Apollinarium.
3348 965 3480 1018 Nam

1922 1058 1968 1111 si
2005 1067 2126 1125 post
2158 1057 2473 1111 defunctum
2515 1056 2799 1110 Paulinum
2836 1073 2863 1108 a
2913 1056 3261 1125 popularibus
3320 1058 3482 1110 verl-a

1925 1149 2236 1218 lmjusmodi
2264 1150 2473 1219 prolata
2507 1160 2708 1212 essent.
2759 1148 3044 1216 Evagrtum
3098 1149 3217 1216 ejus
3264 1163 3482 1203 succes—

1922 1254 2098 1292 sorem
2130 1239 2270 1293 haud
2316 1241 2476 1295 dubie
2529 1243 2871 1309 impeterent,
2909 1238 3064 1308 cujus
3105 1249 3283 1293 tamen
3335 1239 3481 1292 nulla

1926 1328 2012 1382 hic
2052 1330 2273 1382 mentio.
2325 1329 2518 1383 Nolani
2568 1330 2732 1400 igitur
2785 1328 3065 1397 temporis,
3118 1343 3280 1397 quam
3329 1328 3484 1381 initio

1924 1419 2353 1490 Chrysostomus
2398 1421 2544 1474 clare
2588 1421 2792 1488 posuit,
2843 1421 2946 1475 hoc
3000 1421 3120 1474 loco
3174 1419 3483 1474 nullatenus

1929 1508 2244 1563 labefactari
2287 1510 2470 1578 palam‘
2497 1519 2597 1563 est.
2654 1507 2833 1574 Quare
2874 1510 2926 1562 in
2962 1509 3050 1566 iis.
3082 1524 3204 1577 quae
3249 1509 3314 1561 de
3346 1517 3484 1562 tem-

1927 1615 2058 1668 pore
2097 1601 2263 1670 hujus
2297 1601 2534 1654 homilia:
2575 1615 2738 1668 supra
2785 1599 3045 1664 diximus,
3089 1600 3312 1652 omnino
3341 1607 3487 1653 stan-

1927 1690 2056 1743 dum
2099 1701 2372 1759 putamus.
2402 1691 2667 1743 Cmterum
2725 1689 2878 1743 locus
2907 1689 3014 1753 ille,
3052 1704 3210 1757 quem
3259 1689 3483 1758 jamjam

1929 1781 2234 1845 retulimus,
2260 1789 2443 1850 utpote
2476 1781 2566 1848 qui
2593 1779 2881 1834 inconditae
2909 1778 3255 1848 profanmque
3299 1782 3482 1834 multi-

1927 1871 2132 1924 tudinis
2173 1871 2479 1924 convicium
2524 1879 2731 1923 tantum
2769 1870 2985 1931 referat,
3043 1885 3148 1922 non
3174 1878 3256 1922 est
3308 1870 3381 1924 ita
3417 1872 3483 1925 ad

1927 1962 2169 2014 litteram
2219 1962 2588 2030 arcipirrnlus,
2619 1973 2672 2013 ut
2720 1961 3053 2029 singulorum
3089 1960 3356 2014 dictorum
3400 1977 3488 2016 ra—

1927 2053 2129 2106 tionem
2167 2067 2405 2119 qumrere
2443 2066 2580 2118 opus
2619 2052 2708 2104 sit.

1999 2143 2268 2205 llalesius.
2297 2153 2355 2198 ut
2383 2145 2435 2197 in
2465 2143 2754 2197 Savilianis
2779 2140 2931 2195 Notis
2958 2141 3096 2196 infra
3124 2142 3303 2196 videre
3336 2143 3483 2209 licet,

1927 2235 2239 2308 suspicatur
2269 2237 2408 2288 hanc
2437 2235 2738 2294 homiliam.
2766 2246 2950 2303 utpote
2975 2234 3113 2304 style
3136 2235 3480 2298 dissimilem,

1928 2326 2010 2378 vel
2044 2327 2416 2396 Chrysostomi
2447 2343 2553 2379 non
2585 2344 2726 2391 esse,
2759 2327 2840 2380 vel
2879 2327 2922 2381 si
2972 2327 3343 2396 (ihrysostomi
3386 2328 3481 2388 sit,

1927 2419 1995 2470 ab
2035 2418 2143 2470 alio
2179 2428 2362 2486 postea
2411 2427 2755 2472 retractatam
2791 2419 2874 2472 vel
2926 2427 3138 2472 auctam
3192 2417 3396 2471 fuisse:
3434 2418 3486 2470 id

1928 2520 2108 2562 autem
2149 2511 2272 2563 hinc
2311 2509 2620 2563 confirmari
2653 2517 2822 2578 putat,
2885 2509 3025 2577 quod
3060 2507 3208 2562 Juris
3259 2507 3475 2560 Grarco-

1929 2595 2157 2650 Roniatti
2210 2597 2409 2665 partel
2462 2597 2774 2652 Pliilothctts
2829 2598 3130 2666 patriarcha
3183 2613 3245 2649 cx
3312 2597 3489 2649 Theo-

1927 2689 2062 2742 doro
2117 2689 2437 2743 Balsamonc
2483 2706 2644 2743 unam
2680 2691 2972 2745 alteramve
3037 2689 3270 2743 homilitc
3321 2689 3488 2756 hujus

1928 2781 2246 2848 particulam
2301 2781 2538 2835 referat:
2593 2781 2681 2834 ubi
2740 2781 3055 2835 continuata
3127 2781 3265 2833 serie
3321 2783 3488 2833 multa

1931 2870 2218 2935 habentur,
2251 2886 2374 2938 qua:
2406 2871 2647 2924 auctiora
2681 2870 3036 2939 pluribusque
3073 2868 3270 2922 referta
3311 2870 3491 2922 verbis

1927 2958 2180 3027 leguntur
2206 2959 2259 3013 in
2286 2958 2386 3014 hac
2414 2959 2671 3020 honiiiia;
2711 2959 2852 3012 unde
2877 2960 3130 3028 opinatur
3151 2959 3238 3011 ille
3259 2958 3492 3026 plurima

1926 3051 1979 3103 in
2019 3053 2158 3105 hanc
2193 3051 2472 3105 homiliam
2502 3051 2804 3118 irrepsisse,
2849 3066 2970 3119 qua:
3014 3066 3119 3102 non
3160 3051 3270 3102 sint
3314 3049 3490 3117 Chry-

1927 3137 2174 3191 sostomi.
2212 3135 2365 3202 Quod
2397 3137 2460 3189 ad
2487 3138 2613 3206 styli
2644 3137 3012 3190 diversitatem
3042 3137 3292 3205 pertinet,
3322 3136 3494 3188 fateor

1924 3235 1979 3279 et
2008 3241 2106 3295 ego
2145 3227 2352 3295 aliquot
2393 3242 2512 3280 esse
2541 3227 2680 3288 loca,
2711 3241 2830 3296 qua:
2860 3225 3235 3296 Chrysostomi
3277 3225 3492 3279 dicendi

1925 3331 2101 3384 genus
2134 3331 2239 3370 non
2278 3317 2558 3371 referant:
2601 3318 2759 3386 idque
2796 3317 2893 3370 hac
2921 3317 3150 3370 maxime
3205 3317 3273 3370 de
3327 3331 3492 3369 causa

1926 3409 2198 3464 accidisse
2228 3410 2486 3472 arbitror,
2521 3408 2646 3477 quia
2680 3423 2871 3475 nempe
2909 3409 3193 3476 populares
3224 3423 3351 3460 suos
3383 3408 3494 3475 ple-

1929 3516 2158 3569 rumque
2211 3501 2632 3572 Clirysostomus
2690 3500 2896 3554 inducit
2945 3501 3191 3555 convicia
3253 3510 3306 3554 et
3363 3515 3497 3552 aua-

1928 3594 2165 3648 themata
2204 3593 2258 3647 in
2300 3592 2512 3648 Paulini
2562 3601 2858 3646 sectatores
2892 3592 3191 3661 jactantcs;
3225 3591 3344 3644 ideo
3385 3606 3493 3644 non

1931 3694 2142 3739 tantum
2172 3685 2263 3739 ubi
2298 3686 2389 3739 illa
2438 3685 2624 3748 refert,
2658 3684 2751 3739 sed
2801 3684 2965 3738 etiam
3001 3684 3091 3737 ubi
3132 3683 3317 3736 cadent
3366 3697 3496 3750 pro-

1930 3777 2130 3844 pulsat.
2163 3779 2343 3847 aliqua
2399 3779 2780 3846 percgrinitate
2839 3778 3039 3846 stylum
3103 3791 3259 3828 suum
3304 3774 3492 3827 inlicit.

1931 3867 2011 3919 Ad
2043 3867 2154 3920 haec
2183 3882 2332 3927 vero,
2370 3874 2429 3919 ut
2459 3882 2565 3918 non
2602 3865 2768 3920 semel
2814 3865 2941 3918 alibi
2973 3864 3346 3927 observamus,
3385 3878 3497 3914 non

1933 3971 2103 4024 pauca
2137 3965 2265 4011 sunt
2288 3954 2668 4026 Chrysostomi
2712 3954 2993 4020 opuscula,
3026 3953 3144 4005 sine
3171 3951 3338 4006 dubio
3366 3951 3499 4021 γνή-

1933 4062 2044 4111 σια,
2081 4047 2172 4099 ubi
2207 4062 2235 4099 a
2258 4046 2419 4100 solito
2441 4045 2580 4114 stylo
2607 4054 2660 4097 et
2689 4042 2877 4095 oramli
2924 4057 3117 4111 genere
3157 4055 3263 4094 non
3301 4056 3499 4110 parum

1931 4136 2183 4190 deflectit.
2224 4135 2360 4188 Cum
2399 4145 2579 4188 autem
2615 4131 2860 4186 llalesius
2898 4131 3274 4200 interpolatam
3320 4131 3503 4184 homi-

1932 4227 2056 4279 liam
2089 4226 2210 4280 idco
2233 4225 2564 4293 suspicatur,
2593 4224 2736 4293 quod
2765 4221 3075 4277 Philotlieus
3103 4221 3348 4290 quaedam
3376 4222 3499 4276 loca

1931 4316 2174 4371 referens
2217 4318 2382 4371 multa
2433 4317 2830 4386 prmtermittat,
2879 4311 3032 4386 [691]
3075 4329 3196 4384 qua:
3235 4316 3287 4367 in
3321 4314 3503 4367 homi-

1933 4408 2003 4461 lia
2045 4409 2340 4477 leguntur,
2396 4407 2758 4478 incogitanter
2811 4421 2942 4461 sane
2991 4405 3272 4475 loquitur;
3329 4421 3393 4460 ac
3449 4405 3500 4459 si

1935 4497 2149 4564 ignoret
2211 4498 2358 4552 hunc
2386 4513 2508 4552 esse
2555 4512 2760 4550 morem
2819 4496 3146 4566 scriptorum
3205 4496 3500 4564 cujuslibet

1933 4592 2129 4647 tetatis.
2164 4599 2222 4643 ut
2277 4590 2322 4644 si
2355 4605 2514 4656 quem
2560 4589 2784 4642 alterius
2815 4587 2992 4641 locum
3041 4596 3334 4655 usurpent,
3400 4601 3500 4655 pro

1941 4679 2111 4734 lubito
2145 4697 2206 4734 ea
2236 4679 2549 4735 exscribant
2577 4693 2697 4747 qua:
2739 4678 2793 4730 in
2843 4693 2953 4732 rem
2994 4693 3147 4732 suam
3191 4677 3500 4730 conducere

1936 4780 2143 4842 putent,
2203 4772 2308 4828 alia
2364 4785 2494 4824 vero
2537 4770 2803 4823 arbitratu
2886 4782 2989 4822 suo
3039 4767 3498 4837 praetermittam:

1940 4863 2084 4930 quod
2117 4862 2389 4916 sexcentis
2419 4875 2705 4929 possemus
2727 4859 2991 4928 exemplis
3012 4858 3357 4922 confirmare,
3393 4859 3504 4916 nisi

1939 4968 2026 5007 res
2067 4969 2161 5020 per
2194 4967 2253 5006 se
2282 4952 2568 5020 perspicua
2610 4951 2980 5020 omnibusque
3015 4959 3142 5004 nota
3189 4959 3359 5006 esset.
3396 4949 3502 5005 Ita-

1938 5057 2045 5111 que
2092 5041 2234 5095 hanc
2286 5040 2563 5094 homiliam
2617 5050 2672 5095 et
2715 5041 2939 5111 dignam
2987 5021 3400 5112 Clirysostomo,
3449 5053 3505 5096 et

1943 5132 2234 5202 genuinam
2261 5146 2381 5186 esse
2410 5141 2666 5201 putamus
2693 5149 2706 5184 :
2743 5147 2807 5184 ac
2837 5147 2961 5186 cum
2996 5132 3225 5189 eruditis
3247 5132 3507 5188 omnibus

1940 5224 2074 5278 viris
2113 5221 2311 5278 llalcsii
2351 5221 2638 5292 scrupulos
2667 5221 2964 5284 ἀκινδύνως
2995 5220 3293 5290 rejicimus.

2012 5313 2518 5382 lnterprrtationem
2551 5312 2742 5366 incerti
2781 5312 3068 5381 cujusdam
3109 5311 3234 5374 viri,
3287 5325 3412 5378 qua:
3449 5311 3505 5364 in

1944 5404 2095 5475 prius
2146 5403 2320 5458 Editis
2367 5404 2676 5473 legebatur,
2709 5412 2893 5473 utpote
2945 5404 3126 5459 minus
3172 5412 3505 5467 accuratam,

1943 5499 2254 5568 rcjccimus,
2295 5512 2603 5568 novamque
2631 5496 2965 5567 paravimus.
