3862 6228
241 753 280 763 κ
307 758 649 766 --—.-_-—.—.._.———
674 751 1604 766 -ιμΜς-..η--αι--κ-ρφ

1806 2111 1902 2172 DE

907 2565 1198 2681 NON

1519 319 1608 375 DE
1644 315 1733 374 ΔΝ
1743 311 2139 372 ATIIEMA'I'E.

1329 2551 2806 2676 ANATHEMATIZANDIS

1367 3065 1579 3130 VlVlS
1630 3066 1785 3128 VEL
1835 3062 2263 3127 DEFUNCTIS
2301 3062 2340 3126 ¹.

311 4019 358 4068 l.
403 4012 576 4080 Nuper
617 4005 768 4061 vobis
807 4003 873 4059 de
917 3993 1472 4068 incomprehensibilis
1512 3991 1816 4060 cognitione

233 4109 328 4163 Dei
357 4105 645 4166 disserens,
673 4097 836 4152 multa
862 4093 1024 4149 verba
1053 4089 1172 4152 feci,
1201 4101 1263 4140 ac
1286 4095 1392 4138 tmn
1420 4083 1813 4152 Seripturarum

229 4201 493 4260 vocibus,
542 4204 652 4247 tttm
700 4187 1033 4244 naturalibus
1091 4177 1381 4234 ratiociniis
1431 4171 1811 4233 demonstravi.

229 4293 392 4346 etiam
420 4288 548 4356 ipsis
573 4280 924 4339 invisibilibus
943 4272 1226 4329 virtutibus
1249 4271 1572 4322 inaccessam
1595 4277 1814 4332 prorsus

231 4397 354 4437 esse
383 4377 615 4433 numinis
656 4367 1187 4440 comprehensionem
1211 4401 1226 4427 ,
1275 4360 1382 4414 illis
1409 4356 1649 4418 scilicet,
1695 4368 1814 4424 qua:

231 4470 472 4528 materia!
508 4473 780 4535 expertem
822 4469 877 4514 et
925 4457 1132 4511 beatam
1172 4453 1334 4505 vitam
1366 4455 1528 4517 agunt
1565 4463 1579 4500 :
1610 4457 1814 4514 uosque

231 4558 552 4631 tamen,qui
582 4557 633 4610 in
679 4551 823 4607 omni
855 4546 1076 4603 mollitie
1112 4553 1270 4610 atque
1299 4537 1503 4609 ignavia
1535 4536 1692 4590 vitam
1719 4535 1814 4588 de-

227 4656 404 4726 gimus
431 4691 445 4713 ,
486 4657 542 4702 et
579 4648 630 4700 in
678 4641 900 4714 quodvis
931 4635 1180 4706 nequitia:
1207 4645 1375 4701 genus
1414 4629 1617 4684 ruimus
1641 4668 1656 4690 ,
1702 4641 1812 4679 rem

227 4723 589 4803 invisibilibus
619 4734 926 4792 substantiis
945 4730 1152 4800 penitus
1175 4728 1404 4794 ignotam
1431 4725 1452 4755 ²
1480 4723 1689 4790 assequi
1719 4733 1813 4772 co-

225 4836 347 4891 nari
380 4851 392 4887 :
425 4846 586 4886 unum
619 4834 778 4881 tanta:
809 4823 883 4878 rei
929 4827 1294 4890 argumentum
1327 4815 1585 4868 habentes
1613 4810 1814 4880 cogita-

224 4931 438 4986 tinnttm
467 4933 765 4977 nostrarum
786 4914 1042 4985 judicium
1066 4918 1119 4965 et
1147 4909 1359 4962 inanem
1381 4904 1520 4974 apud
1546 4902 1814 4956 auditores

222 5018 496 5092 gloriam,
545 5024 717 5081 neque
761 5015 964 5062 natura:
1011 5009 1210 5056 nostra!
1256 5009 1561 5050 mensuram
1606 5004 1815 5092 ratione

223 5081 757 5165 circumSCribentes,
787 5108 960 5165 neque
985 5090 1219 5146 divinam
1249 5086 1578 5154 Scripturam
1606 5081 1816 5134 Patres-

224 5215 339 5272 que
363 5203 651 5266 sequentes
677 5206 692 5254 ;
740 5188 834 5243 sed
862 5182 1128 5255 opinionis
1157 5186 1355 5235 nostra:
1385 5171 1628 5245 phrenesi
1653 5212 1670 5237 ,
1716 5185 1814 5272 ceu

225 5261 476 5364 liyberno
505 5291 742 5342 torrente
767 5281 1032 5334 detractos
1055 5316 1071 5340 ,
1101 5273 1153 5326 in
1186 5279 1386 5364 tantum
1412 5274 1688 5364 peccatum
1717 5261 1814 5364 de-

227 5353 415 5453 lapsos
438 5393 578 5433 esse.
608 5377 718 5443 Age
744 5384 886 5425 nunc
909 5376 1190 5437 postquam
1216 5360 1285 5414 de
1302 5358 1640 5412 anathemate
1661 5353 1816 5406 vobis

298 5476 316 5506 ι
349 5470 526 5522 canam
548 5481 656 5518 cum
681 5473 760 5530 ius.
783 5458 1165 5530 vatiatnopjp.”
1473 5507 1491 5530 3

298 5505 320 5566 ί
350 5505 1234 5590 iiiééi7eiii'iu'bwiaiiiéew’:tibus
1264 5512 1450 5566 naritus
1471 5507 1704 5574 igneum.
1723 5505 1814 5556 de-

233 5596 351 5639 sunt
374 5594 422 5642 in
444 5591 687 5638 Vaticano,
1161 5595 1166 5600 ·

1925 4001 2178 4060 quantum
2203 3994 2446 4047 convenit
2471 3994 2901 4057 disseruerimus,
2932 3993 3140 4065 vimque
3167 3997 3288 4051 mali
3318 3998 3495 4068 hujus,

1924 4085 2062 4155 quod
2095 4101 2190 4154 pro
2225 4085 2388 4141 nihilo
2418 4095 2714 4155 reputatur,
2762 4087 3175 4157 ostenderimus,
3217 4089 3338 4145 hinc
3365 4091 3498 4148 freni

1927 4176 2251 4245 impatientia
2306 4191 2399 4230 ora
2461 4177 2843 4244 cohibeamus,
2895 4179 3137 4233 morbum
3189 4179 3501 4252 detegentes

1926 4281 2146 4332 eorum,
2171 4267 2259 4336 qui
2291 4283 2350 4322 ea
2392 4269 2441 4320 in
2489 4283 2546 4322 re
2581 4267 2779 4322 incuria
2832 4269 2994 4323 nimia
3039 4269 3281 4325 laborant
3327 4272 3367 4325 ¹.
3399 4272 3499 4327 Et-

1923 4361 2065 4416 enim
2109 4359 2164 4415 in
2211 4372 2314 4415 tam
2345 4360 2677 4430 deploratum
2713 4370 2910 4416 statum
2940 4371 3121 4416 nostra
3149 4362 3498 4431 devenerunt,

1925 4461 2004 4517 ut,
2051 4453 2281 4522 pessime
2325 4451 2600 4518 habentes,
2650 4453 2953 4522 ignoremus
2991 4467 3089 4506 nos
3133 4468 3200 4507 ne
3239 4454 3503 4522 turpiores

1923 4543 2136 4614 quidem
2181 4543 2403 4597 affectus
2444 4556 2733 4611 superare;
2767 4543 2836 4596 ita
2880 4551 2937 4595 nt
2966 4557 3064 4594 vox
3097 4541 3403 4612 prophetica
3448 4543 3500 4597 in

1925 4637 2076 4691 nobis
2118 4636 2440 4703 impleatur:
2476 4633 2595 4687 Non
2635 4642 2705 4686 cst
2744 4633 2879 4702 quod
2905 4633 3196 4699 imponatur
3223 4634 3502 4702 malagma,

1925 4744 2080 4796 neque
2108 4728 2274 4781 oleum
2301 4768 2316 4790 ,
2350 4741 2504 4795 neque
2546 4724 2786 4794 ligamina
2831 4723 2993 4794 (Iani.
3027 4724 3074 4776 Ι.
3101 4723 3190 4794 6).
3224 4723 3503 4779 Undenam

1925 4819 2083 4886 igitur
2125 4818 2191 4872 de
2235 4818 2333 4870 huc
2376 4817 2514 4870 malo
2561 4816 2768 4870 dieemli
2820 4816 3026 4870 initiutn
3075 4815 3308 4870 faciam?
3348 4818 3430 4872 An
3478 4836 3505 4870 a

1929 4907 2132 4960 Domini
2175 4906 2542 4960 mandatorum
2582 4906 2945 4960 sanctionibus
2969 4948 2984 4971 ,
3014 4922 3080 4961 an
3107 4907 3176 4961 ab
3212 4907 3418 4963 inscitia
3455 4919 3507 4962 ct

1925 5009 2142 5066 stupore
2191 4996 2416 5051 vestro?
2459 4997 2649 5050 Annon
2697 4996 2872 5050 ridear
2921 5006 2976 5051 et
3020 4997 3252 5053 insanire
3296 4998 3504 5063 videar,

1924 5091 2010 5159 qni
2045 5090 2113 5143 ita
2155 5088 2384 5158 loquar?
2423 5091 2612 5142 Annon
2654 5087 2977 5143 clamoribus
3009 5090 3245 5160 excipiar
3270 5092 3358 5160 qni
3393 5091 3507 5146 ha-c

1926 5181 2093 5234 tristia
2142 5189 2196 5233 et
2251 5180 2498 5250 lacrymis
2549 5179 2706 5248 digna
2759 5181 3124 5248 pertractanda
3175 5181 3506 5252 suscipiam?

1925 5270 2061 5338 Quid
2111 5269 2346 5324 faciam?
2391 5269 2596 5334 Doleo,
2642 5270 2822 5324 animo
2867 5269 3137 5334 dissecor,
3186 5283 3504 5340 rumpuntur

1924 5363 2152 5429 viscera,
2183 5362 2306 5415 dum
2339 5367 2540 5414 tantum
2567 5358 2722 5416 video
2747 5369 3040 5430 stuporem,
3079 5361 3200 5431 quia
3225 5359 3501 5416 Judaicatn

1925 5499 2018 5608 '1';
2037 5497 2312 5569 {tntioclxeni
2337 5494 2603 5549 Meletianze
2626 5494 3045 5560 partisanathema
3082 5492 3310 5544 dicebant
3343 5491 3508 5544 Pauli-

1961 5573 1972 5607 ι
2021 5572 2094 5608 us.

1961 5572 2094 5612 tauIS.
