3862 6228
388 310 496 366 917

396 419 874 491 transgressionem
905 424 959 472 et
981 415 1269 473 Gentilium
1308 415 1632 485 impietatem
1670 423 1850 469 nostra
1880 431 1971 470 su-

399 519 605 582 perant.
636 510 955 579 Progressus
1000 507 1141 563 enim
1174 507 1317 561 viros
1358 520 1541 572 cerno,
1587 521 1760 576 neque
1803 507 1969 561 ratio-

393 604 537 657 cinio
576 616 643 657 ex
681 600 854 655 divina
881 599 1150 669 Scriptura
1190 596 1381 653 edocto
1421 597 1693 667 praeditos,
1724 611 1823 652 nec
1843 613 1975 667 qua-

399 695 537 763 piam
564 691 755 747 divinae
782 689 1070 758 Scriptura:
1097 696 1244 757 parte
1270 686 1540 751 imbutos;
1586 688 1752 743 multa
1779 687 1974 742 erube-

394 798 551 840 scens
590 790 776 845 taceo;
811 778 1150 841 furibundos,
1184 792 1441 848 nugaces,
1474 777 1575 845 Qui
1602 778 1829 832 nesciunt
1861 792 1976 848 quas

395 876 567 937 dicunt
587 914 603 937 ,
633 888 791 942 neque
825 871 887 925 de
909 871 1088 941 quibus
1119 869 1369 940 afﬁrmant
1397 870 1475 939 (1.
1496 867 1631 922 Tim.
1656 870 1706 924 1.
1730 867 1786 940 7)
1810 884 1825 934 ;
1870 867 1974 924 hoc

397 979 559 1019 unum
604 963 845 1032 imperite
870 962 1062 1015 docere
1101 961 1355 1015 audentes
1378 1000 1396 1024 ,
1436 967 1490 1014 et
1525 959 1976 1014 anathematizare

395 1070 513 1125 quae
539 1053 839 1118 nesciunt‘,
873 1051 943 1105 ita
976 1060 1032 1105 ut
1072 1060 1249 1105 nostra
1292 1048 1363 1103 ab
1390 1050 1475 1114 iis,
1515 1050 1659 1118 quia
1688 1047 1789 1103 fide
1815 1047 1975 1102 alieni

395 1154 542 1211 sunt,
571 1144 910 1212 irrideatttur,
951 1142 1092 1213 quod
1121 1143 1316 1197 nullam
1360 1142 1696 1197 instituendas
1725 1142 1845 1195 vita:
1873 1155 1973 1196 cu-

397 1252 513 1292 ram
541 1236 848 1299 habeamus,
874 1251 1046 1304 neque
1071 1234 1386 1290 benefacere
1411 1234 1580 1290 edocti
1605 1235 1795 1291 simus.

468 1328 525 1382 2.
566 1328 682 1383 lleu
710 1327 862 1392 mihi,
906 1342 1063 1396 quam
1103 1329 1281 1396 gravia
1310 1326 1462 1382 hinc!
1496 1326 1599 1382 heu
1623 1327 1791 1383 mihi!
1837 1326 1978 1395 Quot

399 1418 529 1489 iusti
553 1428 607 1474 et
632 1418 905 1488 propheta:
923 1418 1359 1473 desideraverunt
1380 1418 1560 1474 videre
1582 1435 1700 1490 qtae
1727 1435 1823 1474 nos
1843 1420 1977 1474 vidi-

399 1524 543 1576 mus,
570 1518 624 1563 et
654 1525 759 1562 non
790 1508 1055 1572 viderunt,
1083 1518 1137 1561 et
1164 1508 1349 1563 audire
1375 1523 1494 1576 qua:
1531 1523 1628 1563 nos
1656 1509 1972 1577 audivimus,

399 1610 457 1655 et
499 1616 604 1654 non
647 1600 927 1655 audierunt
963 1598 1174 1671 (Matth.
1203 1600 1291 1655 15.
1319 1600 1408 1671 17)
1439 1618 1453 1655 :
1481 1609 1535 1655 et
1563 1616 1660 1656 nos
1687 1602 1801 1656 hmo
1823 1604 1975 1672 quasi

403 1692 575 1747 lusum
609 1692 889 1746 habemus.
924 1690 1224 1757 Attendite,
1259 1705 1465 1758 quzeso,
1496 1692 1562 1746 iis
1585 1708 1703 1761 quae
1730 1693 1974 1759 audistis,

402 1781 683 1851 nequando
728 1779 1055 1835 difﬂuamus.
1081 1779 1213 1834 Nam
1240 1780 1284 1834 si
1316 1797 1493 1836 sermo
1523 1798 1618 1851 per
1645 1784 1864 1852 angelos
1888 1783 1975 1836 di-

400 1881 518 1927 ctus
549 1871 736 1925 firmus
781 1870 877 1924 fuit
901 1911 915 1931 ,
948 1879 1002 1924 et
1042 1871 1215 1924 omnis
1263 1871 1627 1939 prurvaricatio
1665 1882 1721 1927 et
1761 1873 1978 1927 inobse-

401 1963 618 2031 quentia
641 1961 838 2027 justam
869 1961 1271 2015 retributionem
1298 1962 1522 2030 accepit,
1567 1962 1832 2031 quomodo
1858 1974 1978 2015 tau-

404 2060 509 2105 tatu
540 2051 762 2105 salutem
795 2049 1123 2119 negligentes
1164 2049 1521 2119 effugiemus?
1565 2051 1655 2105 Dic
1680 2053 1821 2106 enim
1846 2092 1859 2116 ,
1889 2053 1976 2122 qui

404 2154 601 2209 scopus
630 2139 893 2208 Evangelii
939 2139 1141 2204 gratias.
1187 2155 1439 2209 quorsum
1488 2141 1714 2194 carnalis
1747 2141 1835 2194 Dei
1882 2141 1977 2194 ad-

406 2239 617 2295 ventus,
644 2245 710 2283 an
742 2240 799 2282 ttt
836 2240 931 2282 nos
961 2239 1143 2282 mutuo
1174 2229 1515 2284 mordcamus
1540 2240 1593 2285 et
1618 2230 1979 2285 dcvorcmus?

406 2319 568 2389 Atqui
612 2333 731 2372 cum
774 2317 1073 2372 Christiana
1120 2318 1227 2371 sint
1272 2318 1426 2386 legali
1479 2326 1742 2385 prmccpto
1786 2317 1981 2386 ubique

409 2407 763 2480 perfectiora,
807 2409 1083 2461 caritatem
1133 2409 1298 2477 magis
1327 2424 1355 2461 a
1389 2408 1542 2462 nobis
1586 2411 1819 2479 exigunt.
1872 2410 1981 2464 Illic

411 2510 648 2565 namque
662 2495 893 2554 dicitur:
912 2494 1113 2565 Diliges
1126 2493 1427 2562 proximum
1446 2502 1591 2548 tuum
1607 2494 1745 2548 sicut
1760 2495 1983 2563 teipsum

410 2585 628 2653 (Matth.
654 2585 745 2652 22,
769 2586 860 2651 59;
882 2584 1050 2639 Levit.
1079 2584 1272 2651 19.18)
1294 2602 1309 2651 ;
1333 2584 1420 2638 hic
1437 2592 1618 2639 autem
1639 2585 1981 2641 moriendum

408 2691 534 2731 esse
552 2690 652 2746 pro
686 2675 956 2746 proximo.
980 2675 1122 2729 Audi
1150 2675 1330 2743 ipsum
1354 2674 1630 2728 Christum
1663 2674 1933 2729 dicentem
1967 2694 1980 2729 :

415 2763 590 2818 ﬂama
612 2764 827 2833 quidam
844 2764 1188 2818 descendebat
1208 2765 1273 2818 ab
1297 2764 1599 2817 Jerusalem
1615 2764 1671 2817 in
1695 2762 1984 2830 Iericho,ct

411 2855 601 2909 incidit
629 2856 683 2909 in
710 2856 963 2918 latrones,
988 2856 1080 2926 qui
1105 2855 1267 2909 etiam
1301 2854 1726 2923 despoliaverunt
1754 2873 1895 2916 eum,
1934 2866 1984 2911 et

406 2945 583 3013 plagis
602 2945 863 3015 impositis
885 2945 1147 3011 abierunt,
1172 2946 1417 2999 semivivo
1440 2938 1650 2999 'relt'cto.
1671 2947 1872 3000 Accidit
1887 2965 1985 3001 au-

412 3049 514 3091 tem
532 3046 588 3089 ut
619 3037 867 3091 sacerdos
884 3038 1098 3109 quidam
1117 3041 1452 3095 descenderet
1466 3041 1647 3096 eadem
1663 3046 1748 3096 vin
1775 3050 1858 3095 :ct
1876 3043 1984 3096 viso

406 3129 505 3182 illo
528 3131 814 3197 pra'terivit
843 3146 859 3183 :
882 3131 1131 3184 similiter
1149 3141 1199 3186 et
1230 3130 1433 3196 Levita,
1452 3149 1571 3186 cum
1593 3142 1726 3186 esset
1747 3150 1893 3187 secus
1907 3134 1985 3186 lo-

402 3238 547 3283 cum,
572 3231 619 3275 ct
646 3223 837 3276 videret
863 3238 1005 3287 eum,
1039 3226 1385 3292 pertransiit;
1411 3223 1783 3279 Samaritanus
1809 3237 1983 3279 autem

407 3313 624 3382 quidam
642 3316 848 3369 veniens
876 3315 932 3368 in
959 3315 1216 3379 locum,et
1242 3315 1422 3371 videns
1455 3334 1595 3381 eum,
1621 3318 1985 3371 misericordia

406 3413 584 3459 motus
617 3415 720 3459 est.
752 3403 822 3458 Et
868 3409 1293 3476 appropinquans
1324 3408 1563 3477 alligavit
1600 3408 1815 3462 vulnera
1846 3408 1981 3476 ejus,

407 3495 696 3565 infundens
726 3495 898 3549 oleum
928 3506 976 3549 et
1007 3497 1221 3551 vinum:
1253 3508 1301 3551 et
1326 3499 1595 3566 imponens
1625 3499 1777 3551 illum
1813 3500 1866 3552 in
1888 3499 1984 3568 ju-

406 3596 640 3640 mentum
670 3601 845 3652 suum,
877 3585 1029 3639 duxit
1051 3587 1201 3639 illum
1221 3588 1272 3641 in
1293 3589 1585 3653 stabulant,
1615 3600 1663 3643 et
1695 3607 1878 3643 curam
1913 3582 1984 3643 il-

409 3675 513 3727 lius
528 3675 733 3727 habuit.
753 3672 819 3726 Et
841 3673 1011 3727 altera
1029 3673 1113 3727 die
1135 3676 1407 3744 proferens
1425 3676 1559 3732 duos
1576 3679 1822 3732 denarios
1840 3680 1983 3733 dedit

406 3764 703 3820 stabulario
729 3769 907 3820 dicem
928 3786 948 3822 :
968 3768 1320 3825 curant.illius
1343 3768 1559 3829 habe.et
1579 3771 1626 3825 si
1650 3771 1775 3841 quid
1800 3786 1981 3836 super-

404 3857 721 3927 erogaveris,
745 3874 839 3931 ego
892 3876 1011 3913 cum
1041 3859 1243 3914 rediero
1267 3860 1481 3914 reddant
1514 3862 1626 3917 tibi.
1661 3857 1792 3928 Quis
1822 3865 1983 3933 igitur

410 3949 601 4004 horum
617 3950 775 4004 trium
797 3953 1072 4019 proximus
1085 3951 1288 4006 videtur
1305 3952 1400 4005 tibi
1422 3953 1586 4022 fuisse
1603 3955 1672 4015 ei,
1687 3956 1778 4025 qui
1799 3956 1981 4010 incutit

405 4035 459 4088 in
485 4034 715 4090 latrones
732 4039 761 4093 ?
774 4038 842 4090 At
867 4038 956 4092 ille
976 4038 1133 4100 dixit,
1152 4039 1243 4109 qui
1262 4039 1384 4108 fecit
1411 4056 1530 4094 cum
1563 4041 1659 4095 illo
1684 4045 1982 4098 misericor-

407 4124 577 4179 diam.
606 4126 756 4181 Dixit
777 4138 953 4183 autem
973 4131 1055 4182 illi
1079 4128 1268 4184 Iesus:
1297 4130 1460 4195 Vade,
1485 4142 1534 4187 et
1563 4142 1619 4186 tu
1634 4134 1719 4201 fac
1735 4136 1982 4190 similiter

407 4216 644 4286 (l.uc.ll)
681 4221 896 4280 50-57).
920 4220 1261 4292 Papte,quod
1288 4226 1634 4281 miraculum!
1660 4227 1774 4281 Non
1797 4244 1982 4285 sacer-

401 4309 613 4372 dotem,
642 4324 748 4364 non
783 4311 1023 4366 chitam
1050 4313 1189 4367 dixit
1223 4315 1550 4383 proximum,
1582 4317 1676 4371 sed
1709 4333 1855 4385 eum,
1885 4320 1979 4389 qui

406 4402 638 4456 decreto
675 4400 930 4457 aJudazis
955 4402 1165 4471 t-jectus
1184 4404 1399 4473 fuerat;
1431 4404 1861 4468 Samaritanum.
1896 4410 1979 4463 in-

399 4493 917 4562 quam,alienum,in
940 4495 1126 4549 multis
1145 4497 1786 4566 blasphemantcm,hunc
1800 4501 1978 4555 solum

402 4582 542 4635 dixit
560 4583 866 4650 proximum
890 4599 904 4634 :
928 4584 1056 4652 quia
1079 4586 1223 4654 apud
1245 4585 1396 4640 illtmt
1422 4587 1640 4641 inventa
1655 4597 1738 4643 est
1762 4589 1979 4644 miseri-

402 4670 612 4728 cordia.
624 4669 748 4725 Haac
759 4676 886 4725 sunt
897 4672 1061 4728 verba
1074 4671 1197 4729 Filii
1219 4673 1336 4740 Dei,
1347 4675 1461 4732 haec
1477 4680 1697 4734 veniens
1710 4680 1798 4735 ille
1813 4683 1975 4736 etiam

404 4745 657 4812 operibus
704 4748 941 4804 exhibuit
985 4769 999 4806 :
1042 4769 1143 4808 nec
1186 4770 1280 4824 pro
1325 4758 1510 4812 amicis
1549 4760 1718 4816 solum
1767 4774 1821 4820 et
1865 4768 1977 4822 suis

404 4843 645 4890 mortuus
670 4846 771 4901 est,
798 4839 890 4892 sed
918 4856 1013 4910 pro
1040 4844 1284 4912 inimicis,
1311 4862 1406 4915 pro
1434 4852 1692 4920 tyrannis,
1720 4870 1817 4922 pro
1843 4872 1977 4925 pra:-

403 4925 795 4995 stigiatoribus,
825 4945 921 4999 pro
949 4932 1249 4991 odieutibus
1273 4952 1366 5005 se,
1400 4955 1496 5009 pro
1520 4944 1971 5015 crucifigentibus,

402 5030 539 5083 quos
566 5025 691 5071 ante
734 5021 916 5075 mundi
945 5025 1375 5083 constitutionem
1409 5032 1537 5088 tales
1592 5033 1708 5091 fore
1751 5040 1971 5104 sciebat,

402 5115 599 5162 etcum
628 5111 916 5178 prarsciret,
946 5116 1175 5179 creavit,
1206 5117 1439 5177 bonitate
1466 5137 1560 5176 sua
1587 5130 1971 5194 pra-scientiam

402 5197 662 5252 vincens:
697 5215 792 5268 pro
837 5202 1009 5273 iisque
1056 5209 1362 5276 sanguinem
1394 5225 1546 5266 suum
1586 5215 1737 5281 fudit,
1771 5234 1866 5287 pro
1910 5222 1973 5275 iis

400 5286 596 5341 necarii
624 5302 684 5343 se
712 5304 899 5359 passus
926 5299 1027 5346 est.
1058 5293 1220 5349 Panis
1249 5299 1387 5352 enim
1407 5339 1423 5367 ,
1462 5301 1623 5372 inquit
1647 5345 1662 5371 ,
1708 5286 1825 5361 caro
1864 5326 1972 5363 mea

397 5383 468 5426 est
492 5412 508 5437 ,
552 5390 703 5443 quam
742 5386 836 5442 ego
867 5379 997 5433 dabo
1026 5398 1120 5450 pro
1150 5385 1322 5438 mundi
1351 5390 1452 5440 vita
1481 5387 1657 5459 (Joan.
1683 5391 1735 5447 6.
1762 5394 1874 5463 52).
1904 5398 1972 5452 Et

399 5463 592 5520 Paulus
619 5464 737 5522 haec
758 5482 856 5539 per
878 5470 1159 5540 epistolam
1198 5474 1330 5532 dicit
1354 5493 1367 5530 :
1400 5477 1463 5533 Si
1489 5481 1622 5534 enim
1641 5498 1753 5537 cum
1781 5486 1971 5543 inimici

459 5597 747 5684 I.“§f:?:..t!ff'
778 5602 1134 5684 359.41%?!
1167 5609 1569 5684 αιξςιφεηιαιίιανε
1598 5628 1707 5679 qm
1735 5618 1967 5684 ηεεσίιιηεν

397 5652 524 5714 hee,
549 5652 760 5722 inquam,
777 5665 932 5713 omnia
954 5652 1131 5717 destitit
1153 5652 1457 5725 aliialii;

1135 302 1193 359 S.
1232 298 1508 360 JOANNIS
1531 296 2004 357 CllRYSOSTOHl
2044 299 2366 360 ARCHIEP.
2405 304 2943 368 CONSTANTINOP.

3560 318 3673 374 913

2075 432 2294 471 essemus
2313 459 2328 483 ,
2369 422 2678 477 reconciliati
2720 439 2895 479 sumus
2918 421 3029 479 Deo
3053 440 3144 495 per
3173 435 3381 480 mortem
3403 427 3534 484 Filii
3555 433 3673 501 ejus

2077 505 2332 579 (Rettuli.
2360 509 2507 579 10);
2554 527 2875 583 rursumque
2922 514 2977 569 in
3023 515 3258 585 Epistola
3293 517 3361 571 ad
3404 517 3672 574 Hebraeus

2075 595 2206 652 dicit
2249 613 2371 654 eum
2415 615 2513 671 pro
2559 603 2822 659 universis
2869 614 3111 675 gustasse
3169 617 3395 663 mortem
3444 609 3669 682 (Hebr.

2074 685 2129 741 2.
2160 687 2256 761 9).

2145 779 2429 836 Anathema
2456 799 2559 839 non
2587 785 2683 839 leui
2723 784 2787 839 de
2826 803 2981 841 causa
3022 789 3245 859 cuipiam
3268 790 3559 850 dicendum.
3595 825 3673 838 —-

2077 869 2132 926 Si
2159 872 2337 944 itaque
2368 874 2481 932 luce
2508 878 2574 933 ab
2596 878 2711 947 ipso
2735 890 2882 949 gesta
2910 891 3057 946 sunt,
3083 892 3138 937 et
3168 883 3355 939 horum
3383 898 3542 956 typos
3568 903 3670 943 es-

2077 963 2260 1032 primit
2300 965 2535 1021 Ecclesia
2561 1008 2578 1034 ,
2620 969 2747 1023 dum
2798 972 3018 1041 singulis
3047 973 3235 1030 diebus
3266 991 3361 1044 pro
3394 981 3671 1034 universis

2079 1053 2412 1122 precationes
2441 1057 2629 1124 fundit,
2659 1060 2926 1128 quomodo
2961 1070 3014 1115 tu
3042 1063 3210 1118 audes
3252 1065 3373 1120 talia
3400 1068 3597 1139 loqui?

2147 1142 2431 1198 Anathema
2470 1147 2741 1217 aliquando
2787 1166 2879 1221 pro
2897 1152 2982 1221 pio
3025 1169 3231 1208 munere
3274 1157 3541 1226 accipitur.
3594 1190 3672 1200 —

2077 1231 2231 1299 Nam,
2260 1249 2459 1305 quasso,
2491 1237 2616 1305 quid
2643 1239 2771 1293 illud
2815 1249 2898 1295 est
2921 1243 3062 1311 quod
3096 1253 3149 1297 tu
3178 1245 3458 1300 anathema
3484 1248 3669 1304 dicis?

2079 1322 2211 1379 Vide
2230 1325 2354 1396 quid
2375 1326 2550 1392 dicas;
2576 1343 2837 1399 cognosce
2880 1332 3005 1401 quid
3054 1334 3304 1404 loqueris,
3336 1338 3530 1391 nostiu’
3559 1355 3667 1392 no-

2079 1414 2237 1468 minis
2265 1414 2484 1470 vim?ln
2515 1418 2697 1473 divina
2725 1420 2903 1489 utique
2942 1421 3213 1492 Scriptura
3251 1426 3380 1481 illud
3422 1430 3668 1497 reperies

2078 1502 2147 1558 dc
2164 1503 2376 1559 Iericho
2404 1506 2601 1561 dictum
2630 1525 2644 1561 :
2678 1507 2745 1562 Et
2765 1512 3206 1567 anathematisabis
3227 1524 3382 1569 totam
3405 1518 3668 1572 civitatem

2079 1593 2297 1647 Domino
2327 1593 2435 1649 Deo
2461 1607 2546 1650 tuo
2573 1597 2707 1669 (los.
2735 1601 2789 1656 6.
2822 1603 2934 1673 17).
2962 1603 3026 1657 Ει
3056 1619 3217 1673 penes
3262 1622 3361 1661 nos
3398 1608 3668 1665 hactenus

2081 1682 2166 1737 hic
2191 1699 2307 1739 mos
2336 1685 2554 1741 invaluit
2594 1689 2733 1757 apud
2774 1706 2993 1758 omnes,
3023 1705 3079 1748 ut
3119 1696 3324 1750 dicatur
3354 1716 3368 1750 :
3402 1700 3493 1754 ille
3540 1703 3669 1755 talis

2079 1788 2199 1827 cum
2223 1774 2324 1830 hoc
2354 1778 2584 1845 fecisset,
2616 1780 2895 1835 anathema
2930 1784 2979 1836 in
3009 1784 3148 1839 hunc
3176 1787 3388 1842 modum
3415 1791 3665 1847 abduxit.

2080 1863 2216 1917 Nunt
2262 1864 2361 1919 hoc
2404 1877 2485 1921 est
2529 1868 2842 1924 anathema?
2887 1874 3044 1940 Atqui
3094 1874 3195 1928 hoc
3243 1876 3562 1949 plerumque
3614 1884 3666 1934 iu

2084 1952 2272 2006 bonam
2297 1964 2495 2023 partem
2524 1960 2766 2023 sumitur,
2795 1961 2941 2027 quasi
2969 1961 3132 2023 dicas,
3160 1963 3336 2019 offerri
3369 1967 3498 2021 Deo.
3523 1969 3671 2036 Quid

2082 2045 2239 2112 igitur
2266 2046 2545 2102 anathema
2577 2065 2752 2114 vocas,
2778 2051 2874 2105 nisi
2902 2068 3023 2106 cum
3051 2055 3265 2122 dicitur,
3293 2057 3553 2115 oll'cratur
3577 2064 3673 2117 ille

2082 2135 2308 2198 diabolo,
2341 2152 2439 2193 nec
2462 2140 2593 2193 ultra
2627 2141 2797 2197 locum
2827 2145 3011 2198 salutis
3041 2145 3258 2215 habeat,
3287 2151 3358 2217 sit
3396 2154 3611 2207 alienus
3636 2173 3671 2209 a

2082 2227 2334 2282 Christo?
2386 2300 2393 2304 .

2153 2320 2207 2375 5.
2224 2321 2412 2391 Ecquis
2441 2330 2495 2375 tu
2520 2338 2580 2377 es
2607 2334 2763 2378 tantae
2781 2328 3029 2395 potentiae
3046 2339 3100 2383 et
3125 2333 3491 2389 auctoritatis?
3511 2336 3673 2391 Tunc

2083 2414 2224 2463 enim
2269 2412 2471 2467 sedebit
2507 2413 2671 2468 Filius
2697 2416 2808 2477 Dei,
2841 2426 3141 2489 statuetque
3165 2438 3289 2476 oves
3316 2439 3347 2476 a
3375 2425 3587 2481 dextris
3618 2440 3678 2483 et

2085 2501 2271 2561 hmdos
2291 2519 2321 2559 a
2348 2504 2593 2563 sinistris.
2625 2506 2734 2561 Cur
2769 2518 2964 2563 tantum
3016 2515 3279 2583 usui-pasti
3326 2515 3675 2585 dignitatern,

2084 2595 2235 2662 cujus
2263 2597 2620 2664 apostolorum
2642 2607 2811 2653 coetus
2842 2609 3042 2654 tantum
3074 2619 3294 2659 consors
3320 2617 3418 2667 est.
3453 2624 3676 2665 necnon

2083 2683 2138 2749 ii,
2167 2685 2395 2753 quicum
2438 2688 2580 2741 omni
2627 2691 2963 2745 accuratione
3004 2693 3213 2748 illorum
3243 2709 3301 2750 se
3321 2713 3677 2757 successores

2082 2772 2351 2840 exhibent,
2394 2775 2531 2845 pleni
2573 2779 2756 2846 gratia:
2784 2788 2837 2833 et
2878 2782 3123 2836 virtutis?
3162 2784 3302 2839 Sane
3344 2786 3413 2840 illi
3463 2805 3679 2856 puere-

2086 2875 2231 2933 ptum
2260 2865 2361 2920 hoc
2389 2867 2672 2936 diligenter
2693 2881 2983 2937 servantes,
3015 2889 3078 2927 ac
3106 2874 3149 2928 si
3174 2877 3380 2930 oculum
3408 2877 3676 2935 dextrum

2080 2956 2410 3025 ell'oderent,
2457 2961 2534 3014 sic
2595 2962 2874 3017 hmrelicos
2920 2979 2983 3018 ex
3030 2966 3263 3022 Ecclesia
3310 2954 3609 3038 ejiciehant
3659 2994 3673 3029 :

2082 3048 2223 3116 quod
2249 3062 2376 3103 sane
2404 3061 2771 3118 argumentum
2798 3064 2879 3106 est
2904 3069 3105 3124 magna:
3134 3057 3342 3111 illorum
3371 3062 3678 3120 commise-

2084 3138 2304 3193 rationis
2335 3147 2493 3210 atque
2545 3143 2811 3207 maeroris,
2842 3159 2904 3199 ac
2928 3145 2971 3198 si
3004 3146 3198 3214 putridi
3242 3150 3464 3205 membri
3492 3158 3677 3210 sectio

2084 3229 2249 3284 fieret.
2268 3229 2623 3297 Quamobrem
2650 3233 2888 3288 Christus
2919 3235 2966 3289 id
2995 3235 3239 3291 dextrum
3260 3240 3470 3295 oculum
3498 3260 3642 3300 voca
3664 3282 3677 3290 -

2084 3322 2181 3386 vit,
2210 3323 2416 3376 illorttm
2459 3324 2549 3393 qui
2596 3324 2888 3394 abjiecrent
2930 3328 3446 3386 commiserationem
3480 3336 3673 3393 decla-

2080 3428 2226 3467 rans.
2252 3415 2364 3480 Qua
2392 3413 2446 3469 in
2479 3431 2535 3470 re
2563 3415 2698 3471 sicut
2718 3426 2771 3471 et
2795 3419 2845 3471 in
2874 3419 2990 3473 aliis
3009 3419 3288 3491 diligenter
3314 3440 3674 3495 segcrcntes,

2082 3502 2315 3559 htcrcses
2339 3505 2551 3574 quidem
2577 3507 2919 3562 confutalmnt
2958 3520 3013 3564 et
3039 3512 3318 3580 ejiciebant
3348 3536 3361 3571 :
3389 3521 3519 3573 nulli
3563 3539 3675 3578 att—

2082 3602 2188 3647 tem
2220 3595 2589 3651 haereticorum
2634 3597 2773 3652 hanc
2813 3599 3116 3669 indigebant
3142 3620 3372 3672 poenam.
3406 3609 3586 3666 Porro
3620 3617 3674 3669 in

2079 3684 2285 3740 duobus
2333 3696 2532 3741 tantum
2576 3689 2705 3744 locis
2733 3692 3016 3759 Apostolus
3063 3693 3200 3750 hanc
3244 3714 3453 3763 vocem.
3505 3710 3672 3773 quasi

2081 3776 2395 3831 necessitate
2420 3786 2634 3831 coactus
2660 3780 2947 3848 protulisse
2980 3782 3188 3840 videtur
3217 3805 3229 3840 :
3261 3805 3435 3860 neque
3480 3803 3671 3853 tamen

2079 3879 2176 3933 pro
2201 3875 2340 3919 certa
2366 3878 2419 3920 et
2445 3867 2788 3923 determinota
2827 3886 3044 3938 persona
3079 3875 3218 3930 illam
3253 3894 3495 3952 usurpat,
3534 3901 3673 3943 cum

2080 3957 2130 4010 in
2177 3957 2406 4026 Epistula
2435 3960 2499 4013 ad
2527 3958 2832 4017 Corinthios
2850 3964 2978 4019 dicit
3004 3984 3020 4021 :
3048 3967 3109 4023 Si
3133 3970 3246 4039 quis
3266 3990 3365 4027 non
3399 3990 3540 4031 amat
3560 3981 3674 4036 llo-

2078 4049 2267 4101 mt'nnnt
2295 4060 2518 4105 nostrum
2554 4052 2735 4107 Jesum
2769 4056 3042 4120 Christum,
3062 4062 3124 4114 sit
3152 4067 3513 4139 anathema“.
3538 4073 3668 4130 Cor.

2081 4138 2274 4210 16522)
2296 4150 2378 4202 ,ct
2401 4180 2417 4205 ,
2448 4142 2508 4194 Si
2552 4144 2663 4210 quis
2706 4146 2841 4200 vobis
2881 4152 3284 4219 euangelizaverit
3326 4138 3669 4232 ρι’(υιετφιαιιι

2075 4229 2210 4295 quod
2228 4230 2508 4299 accepistis,
2529 4234 2796 4286 anathema
2825 4237 2889 4290 sit
2916 4237 3057 4306 (Gal.
3078 4242 3131 4298 1.
3151 4243 3187 4298 8
3195 4254 3231 4312 ).
3252 4246 3389 4313 Quid
3419 4229 3577 4321 ergo,
3595 4274 3667 4317 an

2074 4319 2214 4386 quod
2247 4335 2401 4374 nemo
2428 4337 2610 4377 eorum
2638 4325 2726 4393 qui
2762 4336 3072 4393 potestatem
3117 4348 3435 4404 acceperant
3481 4319 3667 4405 facere

2075 4408 2157 4463 vel
2205 4407 2491 4475 decernere
2536 4428 2696 4467 ausus
2743 4426 2845 4478 cst,
2875 4427 2928 4469 tu
2977 4418 3153 4476 facere
3199 4426 3456 4493 audebis,
3508 4435 3667 4501 plane

2077 4500 2374 4557 adversaria
2420 4504 2575 4557 morti
2624 4505 2830 4560 Domini
2878 4518 3210 4578 perpetrans,
3236 4530 3298 4570 ac
3337 4521 3481 4589 regis
3510 4500 3667 4593 ijndj.

2075 4591 2214 4685 cium
2244 4596 2611 4649 antevertens?
2637 4596 2806 4653 Vultis
2824 4598 3031 4655 discere
3050 4644 3064 4666 ,
3087 4604 3211 4672 quid
3231 4605 3423 4663 dixerit
3445 4591 3535 4667 vir
3547 4619 3667 4685 qui-

2077 4677 2199 4734 dam
2228 4690 2459 4745 sanctus,
2493 4685 2580 4753 qui
2606 4696 2729 4741 ante
2758 4704 2875 4757 nos,
2898 4698 2951 4743 et
2969 4691 3037 4747 de
3079 4699 3419 4755 successione
3439 4677 3665 4772 aposto-

2078 4767 2248 4823 lorum
2294 4770 2422 4834 fuit,
2468 4789 2531 4829 ac
2569 4780 2824 4849 martyrio
2869 4780 3115 4851 dignatus
3157 4796 3238 4842 est
3273 4790 3340 4844 ’ἲ
3385 4767 3664 4868 [lt-hujus

2141 4921 2609 5010 hieme.
2625 4933 2680 5010 Διε
2700 4929 2836 5010 cujus
2858 4928 2934 4978 hic
2947 4930 3124 5010 dictum
3157 4948 3507 5010 commemorat.
3524 4946 3663 5010 αυτ.

2074 4989 2329 5061 ΞῩῨΨἯ
2349 4997 2596 5061 fil”???
2616 4989 3170 5061 Αιμοξωιονειωιοιιψορο
3183 5003 3408 5061 martyrio
3428 4989 3662 5059 εἳθᾶἷιῗι

2073 5042 2206 5114 dicit,
2233 5051 2327 5101 est,
2352 5042 2406 5092 ut
2439 5042 2682 5099 existimat
2712 5053 2952 5122 Barcinus,
2996 5042 3411 5125 lgnatiuswt—tar'lvrv,

2076 5102 2276 5139 Emetnln
2315 5105 2372 5139 nd
2404 5113 2665 5139 emus-narum
2689 5123 2744 5139 cn
2763 5111 2869 5139 Imm
2891 5115 3096 5139 οςωειηη.
3114 5124 3351 5139 -......---.ςΑ
3368 5137 3401 5139 μ
3432 5138 3437 5139 ,

2075 5102 2278 5189 Fﬁl‘il‘l":
2315 5105 2668 5189 “ismyxuggos
2688 5111 2871 5189 gglyuic
2890 5102 3411 5189 εῐέρεῑέιιβρῡιξίῆέίὶιί
3430 5102 3660 5189 ι-ἓῖὲῥῇῖ

2073 5170 2233 5273 putat;
2254 5178 2397 5243 secus
2419 5169 2674 5217 arbitratur
2692 5170 3039 5233 Tillemontius,
3061 5179 3273 5248 dicitque
3296 5169 3455 5234 locum

2094 5237 2135 5273 te
2174 5225 2231 5273 ad
2270 5234 2535 5273 auivrnzeos
2555 5242 2664 5273 cum
2686 5232 2777 5273 hoc
2803 5234 3114 5273 (ιΙιι-νςηςιηι...
3155 5239 3259 5273 ιηρη
3298 5248 3376 5273 νὴ.
3409 5250 3494 5273 -..:
3533 5253 3656 5273 .4.--

2555 5225 3115 5312 stramen
3287 5225 3659 5312 ἐυῑάἰιὶῦῑῖ-ἒῖ

2070 5284 2312 5372 ﬁliiﬁlii?
2337 5284 2539 5372 ’ἐτέἓιοτεο
2554 5296 2615 5372 εει
2642 5294 2820 5372 Mf?“
2842 5284 2993 5344 te?“
3008 5284 3066 5372 5t!
3089 5284 3265 5350 έηῐιύἲῖι
3287 5284 3395 5365 έέέ»
3410 5284 3656 5372 τιἨῖ

2074 5348 2366 5431 Ἦῖιρμξξικιξ
2728 5354 2882 5431 locum
2906 5356 3175 5418 protulerat
3196 5348 3278 5413 sic

2070 5408 2878 5490 ﬁt.quiﬁt-amicti?mulsa-imorum
2902 5408 3658 5490 Weiin'ﬁhéfer'iTeuS

2070 5470 2730 5555 ἨἫἼἨΞᾸΕἎΨ
2747 5470 3199 5555 φὶιέδ,
3216 5470 3653 5555 ἀεὶῗῦᾇὶιῖἷᾶ

2068 5527 2791 5613 ἐξ.ίοίιξέειεέιῖξτξε.ιεερετρέι,ε,ἐ
2805 5527 3654 5613 sanun;

2068 5601 2196 5673 €332?
2216 5592 2755 5673 Ἱὲἱέἓξὲἰειζὲιέεἱὲβεὲῐη
2774 5600 2997 5673 ipsum
3016 5592 3070 5673 is
3091 5592 3372 5668 «infmia?
3387 5592 3551 5673 ἑὸῖὲ
3576 5592 3653 5667 ῐὲῐ

2197 5654 2607 5736 ,ἶςρξιερξξξιιίρςιῆ
2615 5670 2625 5704 :
2645 5654 2860 5728 Tquanto,
2896 5654 3097 5736 putatis,
3109 5654 3360 5729 'gravi'orvi'

2070 5710 2320 5772 supplicio,
2348 5715 2426 5776 qui
2449 5716 2557 5765 sine
2579 5710 2804 5782 Episcopo
2824 5710 2939 5785 quill
2978 5710 3114 5777 volet
3134 5710 3314 5793 ‘igiei'é;
