3862 6228
183 256 283 309 θη

182 371 347 424 έϐαλε
381 369 451 423 τά
482 368 650 438 ήμέτε
663 384 749 437 ρα.
799 367 1001 438 Θεωρῶ
1027 369 1135 440 γάρ
1164 369 1360 440 ἄνδρας
1394 369 1595 440 προῖὼν
1629 372 1766 438 μήτε

181 453 445 524 λογισμὸν
496 451 922 520 πεπαιδευμένον
967 454 1032 504 ἐκ
1065 453 1163 522 τῆς
1217 452 1367 515 θείας
1410 454 1446 504 Γ
1453 453 1628 523 ραφῆς
1672 468 1766 502 κε-

185 538 510 610 κτημένους,
542 538 678 607 μήτε
711 536 767 589 δέ
795 536 966 606 αὐτῆς
1005 536 1142 600 ὅλως
1173 555 1223 590 τι
1255 541 1355 608 τῆς
1397 538 1622 608 Γραφῆς
1655 537 1768 587 ἐπι-

186 625 506 695 σταμένους,
545 622 640 676 καὶ
675 620 746 674 τὰ
799 620 972 674 πολλὰ
1015 621 1283 692 ἐρυθριῶν
1340 622 1549 680 σιωπῶ,
1586 638 1766 691 μεμη-

192 713 344 770 ιὸτας
384 705 480 760 καὶ
511 703 954 776 ἐρεσχελοῦντας,
986 704 1083 772 Μὴ
1117 705 1347 771 εὶδότας
1387 705 1540 774 μήτε
1585 704 1624 758 ἃ
1669 702 1770 757 λέ-

184 805 392 858 roum,
447 789 601 857 μήτε
650 787 783 857 περὶ
843 789 1024 841 τίνων
1078 788 1582 852 διαϐεϐαιοῦνται,
1635 788 1767 840 αὐτὸ

180 873 340 926 τοῦτο
397 871 746 941 δογματίζειν
793 869 1020 942 ἀμαθῶς
1081 871 1241 942 μόνον
1289 871 1631 942 τολμῶντας,
1674 870 1769 922 καὶ

179 955 646 1025 ἁναθεματίζεινο
689 954 831 1023 ἅπερ
885 953 986 1006 οὐκ
1020 956 1218 1017 ίσασιν,
1259 954 1340 1018 ὼς
1391 953 1652 1022 γελᾶσθαι
1698 953 1765 1006 τά

183 1041 432 1110 ἡμέτερα
486 1039 635 1110 παρά
670 1039 778 1090 τῶν
823 1039 920 1108 τῆς
968 1040 1202 1103 πίστεως
1252 1037 1570 1110 ἀλλοτρίων,
1625 1040 1764 1109 μήτε

181 1125 460 1187 πολιτείας
502 1122 883 1195 φροντίζοντας
924 1123 1170 1193 ἀγαθῆς,
1223 1124 1359 1194 μηδὲ
1407 1123 1763 1195 ἀγαθοεργεῖν

188 1209 602 1280 μεμαθηκότας.

256 1417 407 1490 [699.]
441 1415 503 1488 β’.
531 1418 688 1487 Οῖμοι
720 1415 826 1468 τῶν
847 1415 1054 1476 δεινῶν,
1079 1416 1242 1485 οἴμοι.
1273 1416 1432 1469 Πόσοι
1453 1416 1646 1469 δίκαιοι
1673 1419 1765 1471 καὶ

185 1503 461 1573 προφῆται
489 1501 846 1570 ἐπεθύμησαν
879 1499 1007 1552 ίδείν
1029 1499 1066 1552 ἃ
1089 1499 1320 1568 εἴδομεν,
1349 1501 1442 1552 καὶ
1470 1501 1567 1552 οὐκ
1602 1496 1762 1564 εἶδον,

181 1589 280 1640 καὶ
312 1585 544 1639 ἀκοῦσαι
593 1585 628 1638 ἀ
682 1583 1021 1653 ἠκούσαμεν,
1067 1583 1162 1634 καὶ
1203 1584 1300 1635 οὐκ
1350 1584 1620 1654 ἥκουσαν·
1671 1584 1764 1636 καὶ

183 1673 346 1741 ἡμεῖς
392 1669 603 1731 τούτοις
657 1668 1016 1739 ἐμπαίζομεν.
1065 1668 1365 1739 Προσέχετε
1421 1671 1532 1731 τοῖς
1601 1669 1765 1722 ἀκου-

185 1754 385 1817 σθεῖσι,
435 1751 762 1822 παρακαλῶ,
820 1753 1031 1822 μήποτε
1089 1754 1515 1824 παραρῤυῶμεν.
1557 1754 1616 1806 Εἰ
1656 1753 1764 1823 γὰρ

180 1837 212 1888 ὁ
248 1837 314 1889 δι’
350 1837 596 1904 ἀγγέλων
626 1835 880 1906 λαληθεὶς
925 1835 1082 1901 λόγος
1124 1836 1342 1903 ἐγένετο
1391 1837 1628 1906 βέϐαιος,
1672 1839 1765 1891 καὶ

183 1922 336 1974 πᾶσα
381 1920 689 1991 παράϐασις
743 1921 835 1973 καὶ¹
866 1920 1122 1990 παρακοὴ
1151 1921 1342 1973 ἔλαϐεν
1371 1921 1580 1975 ἔνδικον
1609 1923 1766 1992 μισθ-

182 2004 496 2067 αποδοσίαν,
527 2004 646 2067 πῶς
674 2006 836 2074 ἡμεῖς
865 2003 1238 2074 ἐκφευξόμεθα
1265 2005 1600 2076 τηλικαύτης
1629 2009 1765 2077 ἀμε-

180 2086 447 2154 λήσαντες
474 2087 775 2157 σωτηρίας;
821 2087 952 2140 Είπέ
994 2087 1102 2158 γάρ
1129 2087 1211 2151 τίς
1238 2091 1266 2141 ό
1291 2089 1491 2151 σκοπὸς
1530 2090 1622 2142 τοῦ
1660 2091 1764 2142 Eb-

181 2169 433 2236 αγγελίου
475 2169 576 2238 τῆς
624 2170 873 2240 χάριτος;
909 2171 964 2222 τὶ
1012 2173 1043 2240 ή
1100 2171 1188 2223 διά
1239 2173 1442 2242 σαρκὸς
1487 2171 1582 2224 τοῦ
1634 2173 1764 2226 Υξοῦ

178 2253 278 2304 τοῦ
309 2253 443 2305 Θεοῦ
469 2254 770 2322 παρουσίας
806 2254 891 2306 ἵνα
917 2253 1175 2324 ἀλλήλους
1204 2255 1488 2324 δάκνωμεν
1520 2257 1614 2309 καὶ
1643 2275 1766 2310 κατ-

179 2334 482 2403 εσθίωμενς
543 2335 644 2389 Καὶ
678 2337 782 2407 μὴν
813 2337 906 2389 καὶ
938 2337 1210 2407 πανταχοῦ
1240 2338 1308 2390 τά
1355 2342 1496 2392 κατά
1529 2339 1764 2410 Χριστὸν

177 2421 491 2490 τελειότερα
541 2422 640 2492 τῆς
683 2423 915 2493 νομικῆς
957 2422 1250 2488 διατάξεως
1293 2424 1451 2487 ὄντα,
1505 2426 1766 2495 μειζόνως

179 2504 314 2574 παρ’
340 2507 496 2575 ήμῶν
523 2506 623 2576 τὴν
663 2507 884 2578 ἀγάπην
924 2507 1306 2562 ἀπαιτοῦνται.
1342 2509 1489 2562 Ἐκεῖ
1531 2510 1640 2581 γάρ
1670 2529 1766 2582 φη·

181 2606 289 2655 σιν,
335 2590 684 2658 Ἀγαπήσεις
725 2591 832 2645 τὸν
862 2593 1132 2659 πλησίον
1181 2609 1300 2647 σου
1341 2595 1424 2660 ὡς
1464 2598 1760 2649 σεαυτόν-ο

176 2673 416 2727 ἐνταῦθα
447 2675 504 2728 δὲ
553 2674 649 2729 καὶ
692 2675 944 2747 θνήσκειν
979 2678 1123 2748 ὑπὲρ
1164 2678 1258 2731 τοῦ
1289 2679 1536 2747 πλησίον.
1563 2681 1762 2736 Ἀκουε

176 2758 347 2810 αὑτοῦ
390 2758 483 2812 τοῦ
522 2759 758 2830 Χριστοῦ
796 2760 1074 2828 λέγοντος·
1132 2763 1466 2828 Ἄνθρωπός
1499 2781 1591 2829 τις
1633 2781 1764 2818 κατ-

175 2842 417 2895 έϐαινεν
448 2843 564 2896 ἀπὸ
600 2843 984 2913 Ἰερουσαλὴμ
1014 2847 1102 2911 είς
1132 2846 1475 2914 ’1εριχὼ,καὶ
1506 2851 1763 2919 λῃσταῖς

176 2926 559 2992 περιέπεσεν,
589 2927 646 2980 οἳ
676 2927 774 2981 καὶ
813 2928 1184 2994 ἐκδύσαντες
1225 2930 1415 2983 αὑτὸν
1449 2931 1548 2984 καί
1604 2937 1760 3000 πλη-

177 3008 292 3076 γὰς
322 3008 624 3075 ἐπιθέντες
662 3009 940 3077 ἀπῆλθον
982 3010 1236 3079 ἀφέντες
1281 3013 1566 3082 ἡμιθανῆ.
1603 3017 1764 3070 Κατὰ

171 3091 520 3157 συγκιφίαν
564 3091 633 3143 δὲ
681 3093 872 3160 ιερεύς
909 3110 997 3158 τις
1037 3094 1387 3148 κατέϐαινεν
1425 3097 1496 3149 ἐν
1528 3097 1601 3165 τῇ
1644 3100 1763 3166 ὀδῷ

172 3172 408 3240 ἐκείνῃ,
447 3174 545 3226 καὶ
591 3174 732 3227 ίδὼν
780 3176 967 3229 αὑτὸν
1018 3179 1484 3246 ἀντιπαρῆλθεν.
1529 3182 1763 3251 Ὁμοίως

175 3255 281 3308 καί
317 3257 586 3324 Λευῖτης,
635 3259 955 3328 γενόμενος
1003 3261 1155 3313 κατὰ
1198 3261 1308 3313 τὸν
1357 3264 1563 3327 τόπον,
1620 3265 1764 3319 ὶδὼν

172 3341 608 3410 ἁντιπορῆλθε.
655 3345 1021 3413 Σαμαρείτης
1055 3343 1122 3398 δέ
1153 3363 1242 3413 τις
1279 3346 1475 3403 ἐλθὼν
1524 3351 1610 3416 είς
1655 3352 1764 3404 τὸν

174 3426 373 3476 τόπον
417 3424 516 3479 καὶ
560 3425 703 3478 ὶδὼν
733 3427 919 3481 αὐτὸν
936 3426 1412 3499 ἐσπλαγχνίσθη,
1437 3432 1534 3486 καὶ
1573 3448 1762 3501 προσ-

171 3510 379 3563 ελθὼν
427 3509 722 3576 κατέδησε
776 3511 850 3563 τὰ
893 3511 1198 3579 τραύματα
1247 3515 1465 3577 αὐτοῦ,
1506 3515 1764 3584 ἐπιχέων

173 3595 392 3647 ἔλαιον
429 3595 523 3646 καί
575 3590 776 3647 οἶνον⁸
805 3594 1151 3662 ἐπιϐιϐάσας
1187 3597 1254 3650 δὲ
1305 3598 1496 3652 αὑτὸν
1538 3600 1635 3654 ἐπὶ
1696 3601 1762 3654 τὸ

176 3678 342 3730 ἴδιον
392 3676 634 3746 κτῆνος,
690 3677 920 3746 ἤγαγεν
954 3681 1042 3744 εἰς
1093 3681 1472 3751 πανδοχεῖον,
1505 3685 1601 3738 καὶ
1639 3686 1764 3738 ἑπε-

172 3759 415 3829 μελήθη
447 3760 653 3814 αὑτοῦ.
679 3761 789 3815 Καὶ
823 3761 921 3814 ἐπὶ
957 3762 1072 3829 τὴν
1100 3765 1309 3832 αὔριον
1348 3767 1623 3821 ἐκϐαλὼν
1654 3768 1762 3822 δύο

175 3843 435 3911 δηνάρια
471 3844 654 3897 ἔδωκε
679 3843 758 3910 τῷ
780 3846 1074 3914 πανδοχεῖ
1111 3849 1313 3911 εἰπὼν,
1344 3851 1764 3920 Ἐπιμελήθητι

174 3927 394 3990 αὑτοῦ,
425 3927 522 3979 καὶ
553 3927 588 3979 ὅ
619 3944 674 3980 τι
705 3926 782 3980 ἂν
817 3930 1358 3998 προσδαπανήσῃς,
1389 3934 1459 3986 ἐν
1490 3934 1566 3999 τῷ
1590 3935 1766 3987 ἐπαν-

174 4009 468 4076 έρχεσθαί
498 4026 576 4078 με
622 4010 915 4064 ἀποδώσω
957 4028 1074 4066 σοι.
1134 4015 1229 4080 Τίς
1276 4012 1390 4070 οὖν
1432 4017 1550 4070 τῶν
1588 4019 1766 4085 τριῶν

175 4093 458 4158 πλησίον
511 4093 819 4161 γεγονέναι
870 4111 972 4148 σοι
1021 4096 1192 4150 δοκεῖ
1240 4099 1343 4153 τοῦ
1392 4101 1766 4169 ἐμπεσόντος

170 4177 275 4240 είς
322 4175 462 4240 τοὺς
496 4175 770 4244 λῃστάς;
810 4177 863 4229 Ὀ
903 4177 971 4231 δὲ
1015 4174 1204 4244 εἶπεν,
1243 4182 1298 4232 '0
1339 4182 1602 4248 ποιήσας
1633 4186 1763 4254 μετ’

171 4258 373 4311 αὑτοῦ
431 4257 498 4311 τὸ
544 4259 735 4324 ἔλεος.
778 4256 928 4314 Εἷπε
969 4261 1038 4316 δὲ
1079 4263 1239 4328 αὑτῷ
1286 4267 1318 4318 ό
1354 4265 1606 4333 Ἰησοῦς,
1646 4273 1764 4324 Πο-

163 4342 364 4410 ρεύου
398 4341 496 4394 καὶ
531 4341 616 4394 σὺ
657 4344 812 4396 ποίει
856 4345 1088 4411 ὁμοίως.
1115 4345 1289 4398 Βαϐαῖ
1317 4347 1412 4400 τοῦ
1447 4347 1756 4419 θαύματοςί

171 4424 284 4492 οὐχ
317 4425 484 4495 ἱερέα,
513 4425 574 4477 ού
600 4427 829 4498 Λευῖτην
857 4422 980 4480 εἷπε
1017 4429 1264 4500 πλησίον,
1289 4431 1402 4484 ἀλλ’
1433 4435 1642 4487 ἐκεῖνον
1673 4437 1764 4490 τὸν

171 4505 331 4560 κατά
374 4508 435 4560 τὸ
485 4509 661 4578 δόγμα
717 4511 1116 4583 ἐκϐεϐλημένον
1159 4515 1264 4568 ύπδ
1314 4516 1426 4568 τῶν
1467 4517 1758 4583 Ἰουδαίων,

168 4585 277 4640 τὸν
306 4586 650 4659 Σαμαρείτην
679 4590 841 4660 φημὶ,
863 4591 954 4644 τὸν
974 4591 1272 4664 ἀλλότριον,
1291 4594 1383 4648 τὸν
1407 4595 1576 4649 πολλά
1604 4597 1766 4668 βλασ-

171 4670 490 4742 φημοῦντα,
539 4675 745 4727 ἐκεῖνον
798 4675 957 4745 μόνον
983 4673 1103 4730 εἷπε
1135 4679 1384 4749 πλησίον.
1411 4682 1596 4753 ἐπειδὴ
1627 4685 1756 4755 παρ’

169 4752 334 4824 αύτῷ
379 4755 575 4826 εὑρέθη
609 4757 669 4809 τὸ
700 4757 866 4821 ἕλεος.
910 4760 1093 4813 Ταῦτα
1124 4761 1192 4814 τά
1240 4765 1457 4834 ῥήματα
1495 4752 1594 4818 τοῦ
1634 4752 1763 4820 Υίοῦ

167 4835 277 4890 τοῦ
318 4837 474 4902 Θεοῦ,
516 4838 688 4892 ταῦτα
731 4841 824 4894 καὶ
855 4841 942 4895 διά
978 4843 1084 4896 τῶν
1110 4845 1326 4898 οἰκείων
1371 4846 1550 4918 ἔργων
1593 4847 1764 4901 ἐλθὼν

169 4922 514 4988 ἐπεδείξατο,
547 4926 645 4994 ούχ
683 4925 823 4997 ὑπὲρ
851 4926 1019 4995 φίλων
1061 4929 1220 5000 μόνον
1247 4931 1343 4983 καὶ
1377 4931 1521 4984 ἰδίων
1564 4933 1766 4986 ἀποθα-

167 5004 290 5062 νὼν
313 5006 361 5070 δ,
389 5008 502 5060 ἀλλ’
527 5009 665 5080 ὑπὲρ
700 5009 931 5081 ἐχθρῶν,
965 5012 1106 5084 ὑπὲρ
1132 5013 1432 5082 τυράννων,
1460 5015 1598 5087 ὑπὲρ
1639 5020 1764 5088 γοή-

167 5105 317 5161 των,
343 5092 484 5164 ὑπὲρ
521 5093 843 5162 μισούντων,
873 5095 1015 5168 ὑπὲρ
1047 5096 1154 5149 τῶν
1189 5099 1638 5165 σταυρωσάντων.
1669 5102 1764 5165 οὒς

169 5179 293 5250 πρὸ
347 5180 446 5249 τῆς
496 5178 597 5232 τοῦ
658 5179 866 5250 κόσμου
929 5179 1235 5252 καταϐολῆς
1295 5181 1413 5252 ᾔδει
1467 5185 1762 5255 ἐσομένους

169 5260 477 5326 τοιούτους,
509 5263 603 5315 καὶ¹
634 5263 900 5332 προειδὼς
935 5262 1624 5350 ἐδημιούργησε,ῗνικήσας
1659 5269 1759 5350 τήν

171 5344 496 5415 πρόγνωσιν
524 5347 591 5416 τῇ
630 5345 949 5417 ἀγαθότητι,
977 5347 1075 5399 καὶ
1108 5348 1248 5419 ὑπὲρ
1287 5349 1493 5403 τούτων
1526 5349 1588 5404 τὸ
1628 5344 1760 5405 ἴδιον

248 5553 274 5579 ’³
297 5552 428 5628 ιιι-ς,
466 5556 547 5628 μή⁸
574 5554 810 5628 εἰδότας...
844 5558 924 5604 καὶ
968 5559 1329 5622 ἀναθεματίζειν,
1370 5563 1494 5626 haec,
1543 5564 1759 5628 inquam,

173 5616 346 5665 omnia
376 5615 554 5661 «Insunt
581 5615 628 5661 in
655 5615 904 5666 Valicano.

252 5674 278 5714 δ
307 5674 439 5723 Valic
475 5674 556 5723 καὶ
572 5675 766 5723 δικαίων
788 5677 926 5729 ἀποθ.

503 5774 773 5834 ΡΑτιιοι.
822 5777 937 5833 (In.
986 5776 1267 5838 ΧΙΧΗΙ.

1528 240 1617 296 DE
1658 244 2145 307 ΑΝΑΤΗΕΜΛΤΕ.

3334 269 3441 323 948

1869 369 2082 440 ἐξέχεεν
2114 369 2271 444 αἷμα,
2315 377 2455 448 ὑπὲρ
2492 376 2694 430 τούτων
2721 378 2819 451 τὴν
2854 379 3067 449 σφαγὴν
3099 382 3441 449 κατεδέξατο.

1881 459 1934 510 Ὁ
1969 459 2077 528 γὰρ
2111 459 2310 527 ἄρτος,
2362 464 2547 533 φησὶν,
2584 465 2622 532 ἡ
2657 464 2814 532 σάρξ
2841 483 2960 534 μου
2999 466 3188 531 ἐστίν,
3227 466 3306 534 ἣν
3328 467 3444 538 ἐγὼ

1870 549 2042 604 δώσω
2069 553 2221 622 ὑπὲρ
2251 553 2360 622 τῆς
2392 556 2498 610 τοῦ
2540 559 2772 624 κόσμου
2801 557 2968 626 ζωῆς.
3002 560 3112 613 Καὶ
3145 558 3354 624 Παῦλος
3385 560 3444 614 δέ

1866 637 2038 690 ταῦτα
2071 638 2399 692 ἐπιστέλλων
2427 639 2607 709 λέγει·
2637 643 2707 695 Εἰ
2734 641 2842 712 γὰρ
2869 643 3067 712 ἐχθροὶ
3097 643 3268 708 ὄντες
3309 661 3448 696 κατ-

1865 721 2217 792 ηλλάγημεν
2262 723 2343 789 τῷ
2396 725 2516 790 Θεῷ
2547 724 2643 779 διὰ
2690 726 2797 780 τοῦ
2848 726 3106 782 θανάτου
3146 728 3252 781 τοῦ
3309 727 3447 782 Υιοῦ

1867 804 2072 858 αὐτοῦ.
2106 807 2211 860 Καὶ
2249 807 2413 860 πάλιν
2457 809 2514 861 ἐν
2546 811 2612 880 τῇ
2646 810 2781 880 πρὸς
2822 810 3104 882 Ἐϐραίους
3143 813 3281 884 ὑπὲρ
3312 829 3449 865 παν-

1868 887 1960 951 τὸς
1990 889 2152 943 αὐτὸν
2185 889 2332 958 λέγει
2365 891 2664 960 γεύσασθαι
2695 893 2945 951 θανάτου.

1937 1034 2000 1086 Εἰ
2050 1035 2228 1088 τοίνυν
2273 1036 2445 1091 ταῦτα
2479 1040 2768 1111 γεγένηται
2798 1043 2927 1112 παρ’
2962 1041 3148 1104 αὑτοῦ,
3193 1044 3287 1095 καὶ
3318 1042 3444 1097 τού-

1865 1130 1972 1166 των
1999 1118 2124 1177 τοὺς
2157 1117 2359 1182 τύπους
2393 1121 2426 1190 ή
2473 1120 2768 1192 Ἐκκλησία
2799 1123 3013 1195 πληροῖ,
3048 1123 3168 1176 καθ’
3208 1125 3444 1194 ἑκάστην

1867 1199 2007 1269 ὑπὲρ
2043 1201 2257 1255 πάντων
2286 1202 2385 1266 τάς
2416 1205 2693 1277 ἱκετηρίας
2733 1207 3056 1278 ποιουμένη,
3089 1207 3204 1269 πῶς
3241 1209 3303 1260 σὺ
3332 1209 3449 1260 τολ-

1869 1284 1975 1353 μᾷς
2001 1285 2223 1338 τοιαῦτα
2257 1286 2589 1356 φθέγγεσθαι
2607 1307 2620 1353 ;

1936 1431 2068 1482 Είπὲ
2118 1432 2226 1502 γάρ
2267 1451 2383 1503 μοι,
2436 1434 2490 1486 τί
2534 1433 2650 1488 ἔστι
2696 1436 2853 1489 τοῦτο
2884 1436 2913 1488 ὃ
2953 1435 3127 1504 λέγεις
3165 1435 3445 1505 ἀνάθεμας

1868 1514 2010 1584 Ὅρα
2043 1514 2071 1566 ὃ
2115 1515 2321 1583 λέγεις,
2353 1518 2645 1571 ἐπίστασαι
2677 1519 2732 1572 τί
2767 1521 2893 1589 φῂς,
2928 1520 3102 1589 ἔγνως
3133 1520 3323 1572 τούτου
3355 1519 3449 1572 δύο

1865 1613 2062 1665 ναμιν;
2094 1598 2285 1651 Καίτοι
2316 1616 2380 1667 γε
2410 1603 2469 1653 ἐν
2497 1604 2563 1672 τῇ
2599 1601 2937 1673 θεοπνεύστῳ
2971 1604 3161 1674 Γραφῇ
3193 1605 3447 1674 εὑρήσεις

1866 1682 1958 1734 ἐπὶ
1992 1681 2095 1750 τῆς
2133 1683 2339 1753 Ἱεριχὼ
2367 1684 2526 1738 τοῦτο
2557 1685 2865 1756 λεγόμενον,
2897 1686 3008 1739 Καὶ
3037 1687 3446 1756 ἀναθεματιεῙς

1866 1763 2074 1820 πᾶσαν
2105 1767 2221 1833 τὴν
2262 1771 2445 1821 πόλιν
2494 1770 2691 1838 Κυρίῳ
2719 1769 2800 1834 τῷ
2833 1769 2956 1835 Θεῷ
2983 1787 3123 1825 σου.
3157 1771 3308 1842 [U95]
3343 1770 3448 1824 Καὶ

1866 1850 1995 1920 παρ’
2023 1851 2154 1920 ἡμῖν
2185 1850 2316 1920 ἄχρι
2353 1853 2453 1922 τῆς
2484 1855 2722 1924 σήμερον
2751 1855 2966 1924 ἡμέρας
3003 1856 3156 1926 κοινὴ
3189 1855 3448 1925 συνήθεια

1867 1931 2021 2002 παρά
2059 1936 2192 1987 πᾶσι
2227 1938 2589 2006 κεκράτηκεν,
2619 1938 2648 1989 ό
2685 1937 2836 1991 δεῖνα
2866 1937 2984 1991 τόδε
3019 1939 3355 2009 πεποιηκὼς,
3385 1941 3448 1991 τὸ

1866 2019 2112 2090 ἀνάθεμα
2157 2022 2236 2084 είς
2292 2021 2438 2074 τόνδε
2489 2022 2580 2075 τὸν
2632 2023 2792 2076 τόπον
2854 2027 3153 2096 ἐπήγαγεν.
3185 2022 3335 2097 τΑρά
3382 2041 3447 2092 γε

1865 2101 2020 2154 τοῦτό
2064 2103 2180 2156 ἐστι
2229 2106 2290 2158 τὸ
2337 2105 2614 2176 ἀνάθεμα;
2664 2109 2854 2160 Καίτοι
2892 2126 2956 2178 γε
2993 2109 3152 2163 τοῦτο
3193 2112 3270 2174 ὡς
3317 2111 3448 2182 περί

1865 2203 2009 2249 τινος
2061 2187 2266 2254 ἀγαθοῦ
2320 2187 2568 2242 λέλεκται
2615 2191 2675 2242 τὸ
2726 2191 3021 2245 ἀναθέσθαι
3064 2192 3204 2263 Θεῷ.
3255 2193 3320 2245 Τί
3352 2189 3449 2246 οὖν

1867 2270 2012 2322 ἐστιν
2049 2271 2078 2323 ὃ
2107 2270 2286 2339 λέγεις
2336 2271 2613 2342 ἀνάθεμα,
2667 2273 2784 2326 ἀλλ’
2829 2277 2910 2328 ὅτι
2963 2276 3246 2329 ἀναθέσθω
3293 2269 3450 2337 οὗτος

1865 2353 2119 2424 διαϐόλῳ,
2151 2358 2245 2410 καὶ
2293 2360 2491 2429 μηκέτι
2526 2359 2710 2430 χώραν
2751 2360 3025 2431 σωτηρίας
3065 2358 3255 2428 ἐχέτω,
3290 2359 3448 2427 γενέ-

1868 2438 1979 2492 σθω
2017 2439 2298 2510 ἀλλότριος
2322 2441 2429 2495 ἀπὸ
2457 2443 2550 2496 τοῦ
2589 2442 2825 2515 Χριστοῦ
2852 2454 2875 2482 ο
2901 2460 2914 2510 ;

1935 2588 2006 2656 γ’.
2041 2589 2151 2642 Καὶ
2179 2589 2262 2652 τίς
2289 2586 2342 2643 εἷ
2365 2592 2431 2642 σὺ
2467 2589 2668 2658 ταύτης
2701 2592 2800 2662 τῆς
2830 2591 3076 2654 ἐξουσίας
3103 2592 3317 2661 καὶτῆς
3351 2609 3454 2661 με-

1866 2675 2038 2746 γάλης
2071 2674 2352 2745 δυνάμεως
2375 2674 2433 2740 d;
2471 2674 2604 2727 Τότε
2645 2676 2752 2745 γάρ
2784 2676 2999 2728 καθίσει
3032 2675 3158 2737 Υἱὸς
3183 2676 3278 2728 τοῦ
3311 2676 3447 2728 Θεοῦ

1865 2758 1960 2810 καὶ
2001 2757 2186 2828 στήσει
2218 2758 2288 2810 τὰ
2318 2758 2417 2828 μὲν
2450 2757 2694 2829 πρόϐατα
2727 2759 2791 2811 ἐκ
2822 2758 3034 2822 δεξιῶν,
3063 2759 3132 2812 τὰ
3166 2759 3222 2812 δὲ
3261 2760 3450 2828 ἐρίφια

1865 2842 1926 2905 ἐξ
1965 2840 2260 2911 εὐωνύμων
2287 2856 2300 2869 ·
2332 2841 2397 2894 Τί
2424 2837 2517 2894 οῦν
2544 2841 2645 2910 τῆς
2674 2841 2944 2910 τοσαύτης
2971 2841 3237 2894 ἐπελάϐου
3269 2842 3446 2908 ἀξίας,

1863 2923 1933 3000 ἧς
1970 2925 2031 2978 τὸ
2073 2925 2250 2978 κοινὸν
2282 2925 2442 2994 μόνον
2486 2924 2593 2977 τῶν
2623 2923 2940 2977 ἀποστόλων
2967 2923 3216 2994 ήξιώται,
3258 2926 3354 2977 καὶ
3397 2928 3448 2976 (ί

1865 3009 2007 3062 κατά
2039 3009 2220 3061 πᾶσαν
2251 3008 2539 3079 ἀκρίϐειαν
2570 3007 2776 3060 τούτων
2809 3008 2886 3069 ὡς
2918 3008 3133 3077 ἀληθῶς
3162 3010 3450 3076 γεγονότες

1864 3092 2119 3161 διάδοχοι,
2161 3091 2390 3161 πλήρεις
2435 3092 2657 3161 χάριτος
2692 3093 2785 3144 καὶ
2827 3091 3144 3160 δυνάμεως;
3184 3092 3295 3145 Καὶ
3343 3091 3449 3161 μὴν

1865 3177 2063 3229 ἐκεῖνοι
2108 3175 2208 3244 τὴν
2250 3173 2467 3242 ἐντολὴν
2515 3174 2761 3244 ἀκριϐῶς
2816 3173 3182 3243 φυλάξαντες,
3233 3175 3309 3238 ὡς
3356 3178 3448 3228 τὸν

1864 3256 2141 3326 ὀφθαλμὸν
2179 3258 2270 3308 τὸν
2313 3255 2484 3322 δεξιὸν
2529 3256 2926 3327 ἐξορύττοντες,
2956 3258 3098 3310 οὕτω
3139 3261 3266 3321 τοὺς
3291 3261 3447 3331 αἱρε-

1864 3341 2050 3404 τικοὺς
2083 3338 2188 3404 ἔξω
2219 3339 2320 3409 τῆς
2350 3339 2680 3410 Ἐκκλησίας
2721 3341 3021 3394 ἀπέϐαλον*
3054 3343 3191 3413 ὅπερ
3222 3343 3450 3409 ἔνδειξιν

1865 3424 1981 3495 ἔχει
2009 3423 2110 3493 τῆς
2148 3424 2390 3495 μεγάλης
2414 3423 2594 3476 αὐτῶν
2627 3424 2966 3494 συμπαθείας
2999 3427 3092 3478 καὶ
3133 3427 3448 3497 ἀλγηδόνος,

1865 3510 1940 3572 ὡς
1991 3509 2303 3579 ἐπικαιρίου
2369 3508 2564 3578 μέλους
2621 3510 2923 3579 γενομένης
2991 3513 3293 3583 ἀποκοπῆς.
3352 3517 3451 3568 Διά

1866 3592 2024 3645 τοῦτο
2069 3595 2198 3663 γὰρ·
2225 3591 2320 3645 καὶ
2372 3590 2544 3656 δεξιὸν
2573 3591 2852 3661 ὀφθαλμὸν
2889 3593 3080 3648 τοῦτον
3109 3597 3452 3658 ἀπεκάλεσεν

1865 3679 1893 3729 ό
1927 3678 2184 3748 Χριστὸς,
2210 3679 2310 3749 τὴν
2339 3676 2490 3748 παρὰ
2525 3677 2636 3728 τῶν
2677 3677 3059 3731 ἀποϐαλόντων
3104 3683 3450 3750 συμπάθειαν

1869 3761 2295 3831 ἐνδεικνύμενος.
2337 3761 2502 3814 Ὅθεν
2547 3762 2641 3813 καὶ
2687 3763 2744 3812 ἐν
2800 3761 2973 3830 τούτῳ
3023 3762 3098 3825 ὡς
3134 3765 3229 3817 καὶ
3283 3768 3450 3820 πᾶσιν

1869 3844 2159 3909 ἀκρίϐειαν
2193 3844 2426 3913 ἔχοντες,
2467 3844 2568 3907 τὰς
2607 3843 2707 3912 μὲν
2737 3845 2979 3914 αἱρέσεις
3024 3844 3308 3916 διήλεγχον
3358 3853 3451 3902 καὶ

1867 3928 2192 3990 ἀπέϐαλλον,
2238 3927 2413 3979 οὐδενὶ
2447 3926 2503 3978 δέ
2549 3928 2658 3978 τῶν
2700 3929 2992 3997 αἱρετικῶν
3036 3929 3241 4000 ταύτην
3280 3933 3452 3985 ἐπιτι-

1873 4014 2002 4082 μίαν
2065 4012 2360 4082 προσῆγον.
2412 4009 2712 4080 Τοιγαροῦν
2759 4012 2786 4063 ὁ
2827 4011 3144 4074 ’Λπόστολος
3200 4015 3262 4065 ἑν
3329 4015 3451 4069 δυσὶ

1872 4095 2053 4165 μόνοις
2090 4094 2272 4155 τόποις
2313 4092 2412 4162 τὴν
2446 4091 2629 4162 φωνὴν
2658 4092 2862 4160 ταύτην
2891 4092 2949 4156 ἐξ
2994 4095 3241 4164 ἀνάγκης
3271 4109 3293 4135 ε
3326 4100 3451 4165 φαε-

1868 4195 2018 4232 νεται
2073 4176 2263 4242 εἰπὼν,
2319 4177 2418 4246 οὐχ
2476 4175 2734 4247 ὁριστικῷ
2788 4176 2846 4228 δὲ
2913 4177 3190 4249 προσώπῳ
3245 4183 3452 4253 ταύτην

1869 4265 2170 4335 ἐπήγαγεν,
2208 4265 2264 4315 ἐν
2317 4263 2415 4332 μὲν
2475 4264 2540 4332 τῇ
2596 4262 2732 4332 πρὸς
2781 4261 3100 4330 Κορινθίους
3153 4263 3343 4333 εἰπὼν,
3381 4268 3454 4319 El

1869 4367 1960 4416 τις
1996 4351 2068 4403 οὐ
2115 4348 2284 4418 φιλεῖ
2315 4347 2420 4401 τὸν
2454 4350 2668 4416 Κύριον
2702 4347 2869 4416 ἡμῶν
2905 4349 3142 4416 Ἰησοῦν
3169 4353 3450 4418 Χριστόν,

1869 4433 2025 4486 ἔστω
2065 4431 2361 4501 ἀνάθεμα·
2410 4433 2534 4494 καὶ,
2564 4431 2638 4484 Εἴ
2680 4449 2770 4496 τις
2812 4429 2965 4501 ὑμᾶς
3017 4433 3451 4502 εὐαγγελίζεται

1871 4517 2006 4584 παρ’
2051 4515 2082 4570 ὃ
2109 4503 2536 4585 παρελάϐετε,
2585 4514 2851 4584 ἀνάθεμα
2903 4516 3080 4570 ἔστω.
3132 4518 3196 4570 Τί
3250 4514 3374 4581 ούν;
3419 4520 3451 4574 ὃ

1875 4600 2064 4671 μηδεὶς
2089 4599 2202 4653 τῶν
2255 4599 2554 4670 εἰληφότων
2586 4599 2684 4669 τὴν
2723 4599 2972 4665 ἐξουσίαν
3009 4599 3165 4653 τοῦτο
3219 4603 3449 4674 πεποίη-

1872 4702 1986 4748 κεν,
2020 4685 2054 4753 ἢ
2116 4683 2499 4754 ἀποφήνασθαι
2547 4681 2871 4752 τετόλμηκε,
2925 4684 2991 4736 σὺ
3023 4684 3230 4755 τολμᾷς
3273 4687 3451 4750 ταῦτα

1872 4772 2043 4822 ποιεῖν
2082 4768 2300 4822 ἐναντία
2355 4767 2449 4820 τοῦ
2507 4766 2825 4823 δεσποτικοῦ
2887 4766 3120 4826 θανάτου
3181 4770 3449 4843 διαπρατ-

1869 4855 2117 4925 τόμενος,
2166 4854 2261 4905 καὶ
2297 4851 2702 4923 προλαμϐάνεις
2750 4850 2846 4904 τοῦ
2883 4851 3146 4922 βασιλέως
3192 4853 3288 4925 τὴν
3335 4857 3451 4926 κρί-

1872 4957 1990 5004 σιν;
2029 4937 2293 4994 Βούλεσθε
2336 4937 2525 5007 μαθεῖν
2558 4931 2646 4990 οἶά
2689 4953 2774 5001 τις
2816 4937 3117 5006 ἐφθέγξατο
3165 4938 3320 5006 ἆγιός
3366 4958 3444 5004 τι.³

1869 5023 1973 5093 πρὸ
2003 5021 2158 5096 ήμῶν
2186 5019 2209 5060 ί
2243 5020 2345 5090 τῆς
2372 5019 2624 5090 διαδοχῆς
2646 5019 2754 5072 τῶν
2785 5020 3098 5074 ἀποστόλων
3129 5023 3444 5090 γενόμενος,

1865 5105 1922 5168 ὃς
1951 5106 2042 5158 καὶ
2076 5101 2379 5177 μαρτυρίου
2409 5102 2638 5173 ήξίωτος
2680 5106 2907 5168 Δεικνὺς
2940 5104 3132 5159 τούτου
3157 5103 3251 5156 τοῦ
3283 5103 3444 5171 λόγου

1931 5319 1954 5351 β
1981 5315 2094 5363 Haec
2114 5327 2162 5362 In
2188 5314 2310 5363 Jure
2345 5312 2758 5364 Graeco-Romano
2799 5325 2859 5358 ex
2887 5310 3148 5358 Plnﬂolheo
3167 5310 3444 5360 Palriarcha

1865 5377 2002 5438 quasi
2025 5376 2356 5438 (ΖΨ-γεοειοωί
2395 5375 2541 5422 verba
2562 5373 2850 5421 adferuntur
2875 5382 3012 5435 parte
3038 5371 3080 5429 ῐ,
3101 5371 3190 5421 sed
3213 5372 3437 5432 aliquam

1866 5435 2023 5506 ιὶιιμῃ]
2043 5435 2258 5506 ῥίγει-εει.¹
2405 5497 2437 5506 η
2539 5499 2550 5506 ¹
2755 5503 2765 5506 _
2929 5495 2950 5506 _
3027 5494 3033 5506 ν

1927 5498 1952 5536 ἀ
1975 5497 2126 5562 γειίο.
2160 5497 2277 5545 ihul.
2304 5497 2506 5562 μεγάλης
2528 5499 2906 5562 ἀντιποιούμενος
2925 5495 3178 5562 δυνάμεως.
3298 5553 3329 5562 Ι.

1927 5561 2071 5627 ’-Ἐξ
2106 5553 2316 5627 ᾀνα-γκης
2348 5553 2398 5606 ii!
2434 5558 2591 5606 Valic.
2631 5556 2754 5603 lnl'ra
2777 5553 2812 5601 ’ὓ
2834 5553 3162 5611 ἀποφήνασθαι
3205 5553 3406 5627 τετόλμη

1863 5641 1918 5673 κε
1948 5623 2091 5669 does!
2110 5619 2159 5669 in
2186 5621 2336 5668 Valic.

1934 5687 1947 5720 ι
1976 5685 2056 5732 Sic
2077 5682 2229 5731 Vane.
2259 5689 2397 5731 recte
2425 5700 2434 5728 :
2463 5676 2512 5726 in
2535 5679 2813 5742 οᾶὶιοὴμῶν
2835 5678 2994 5731 deest.

3041 5777 3118 5838 27
