3862 6228
254 340 364 397 om

257 457 405 512 veibi
451 455 748 511 molestiam
789 454 1065 521 indicaret,
1097 453 1198 509 hoc
1249 470 1374 512 usus
1420 460 1664 540 exemplo
1707 471 1789 515 est
1815 477 1831 491 ο

256 549 702 616 quemadmodum
729 549 773 604 si
802 551 939 619 quis,
961 550 1193 618 privatus
1221 564 1340 605 cum
1371 551 1461 617 sit,
1491 555 1688 623 regiam
1715 569 1838 623 pur-

257 655 441 709 puram
481 640 737 706 induerit,
791 649 898 694 tum
954 641 1066 710 ipse
1117 652 1226 695 tum
1263 644 1652 698 commilitones
1696 645 1834 714 ejus,

254 731 403 796 quasi
446 731 654 800 tyranni
698 731 1112 796 interﬁciuntur;
1146 733 1222 786 sic
1251 733 1339 802 qui
1369 734 1636 788 dominico
1678 747 1836 789 utun-

258 833 344 873 tur
366 821 602 886 decreto,
624 833 676 876 et
704 821 970 876 hominem
1002 824 1253 876 Ecclesia:
1295 825 1572 878 anathema
1613 825 1831 888 faciunt,

255 910 307 963 in
351 922 648 965 extremam
689 926 749 966 se
789 913 1074 980 perniciem
1109 912 1404 980 abducunt,
1454 915 1572 969 Filii
1610 915 1836 985 dignita-

255 1012 360 1054 tem
409 1012 743 1070 usurpantes.
794 1005 874 1055 An
916 1003 1032 1057 leve
1080 1005 1272 1072 putatis
1310 1018 1435 1059 esse
1458 1014 1581 1058 ante
1625 1015 1834 1076 tempus

251 1104 303 1144 et
327 1093 520 1160 judieis
545 1092 827 1147 adventum
853 1094 948 1146 tali
976 1095 1234 1148 sententia
1257 1095 1554 1164 quempiam
1576 1095 1831 1150 condem-

252 1183 417 1236 nare?
447 1183 576 1236 Nam
601 1184 883 1238 anathema
909 1199 940 1237 a
965 1183 1177 1238 Christo
1220 1199 1435 1254 prorsus
1464 1195 1693 1254 separat.
1724 1186 1830 1241 Sed

250 1273 374 1341 quid
405 1273 588 1328 dicunt
621 1274 696 1328 illi
721 1273 786 1328 ad
817 1289 1028 1329 omnem
1055 1275 1310 1329 malitiam
1338 1275 1604 1330 audaces?
1648 1276 1831 1332 Hiere-

250 1366 406 1429 ticns,
439 1367 606 1430 aiunt,
635 1366 721 1421 ille
767 1365 937 1421 factus
963 1375 1063 1429 est,
1111 1366 1492 1421 inhabitantem
1523 1367 1681 1422 habet
1711 1368 1828 1423 dia-

249 1457 962 1527 bolum,etloqniturcoutra
982 1459 1145 1512 Deum
1179 1459 1494 1528 nequitiam,
1527 1460 1828 1529 multosque

244 1548 462 1602 suadela
490 1563 727 1619 vanaque
753 1547 956 1603 fallacia
983 1549 1034 1603 itt
1063 1549 1382 1619 profundum
1407 1551 1550 1606 exitii
1571 1551 1784 1606 abducit
1809 1571 1822 1606 :

247 1639 471 1709 ideoque
493 1656 522 1694 a
545 1636 788 1693 Patribus
804 1638 1006 1708 ejectus
1020 1649 1094 1693 es?
1121 1639 1347 1694 maxime
1369 1641 1530 1712 hujus
1551 1645 1822 1714 magister,

244 1731 334 1799 qui
356 1739 556 1799 partem
599 1729 850 1785 Ecclesiae
885 1729 1128 1795 abscidit,
1155 1731 1231 1786 sic
1258 1741 1348 1787 aut
1387 1743 1604 1804 propter
1643 1734 1823 1790 Pauli-

242 1838 402 1886 num,
445 1831 537 1877 aut
576 1833 793 1892 propter
838 1824 1221 1894 Apollinarium
1261 1826 1541 1896 loquentes
1563 1829 1659 1899 (η).
1689 1828 1820 1884 Nam

243 1917 308 1970 de
329 1917 514 1970 horum
541 1917 869 1986 singulorum
894 1916 1190 1972 differentia
1218 1933 1394 1972 sermo
1422 1919 1604 1974 multis
1623 1921 1821 1975 novita-

243 2008 308 2059 tis
330 2014 507 2060 notam
526 2005 748 2072 pulchre
762 2003 966 2075 elingit,
979 2020 1212 2061 errorem
1235 2006 1284 2060 in
1305 2009 1664 2076 penetralibus
1681 2027 1820 2080 prie-

237 2095 487 2166 juilicata:
525 2099 789 2168 opinionis
830 2101 1116 2156 iuvaluisse
1161 2117 1389 2170 arguens
1421 2120 1434 2155 :
1469 2103 1606 2157 Doce
1640 2106 1691 2157 in
1714 2121 1819 2158 mo~

235 2188 397 2242 destia
440 2190 720 2259 corripiens
759 2206 866 2257 eos,
911 2192 996 2258 qui
1032 2193 1291 2256 resistunt,
1321 2208 1382 2246 ne
1405 2195 1606 2262 quando
1635 2195 1717 2248 det
1748 2197 1820 2249 eis

238 2277 376 2331 Deus
403 2280 738 2348 paenitentiam
772 2280 839 2333 ad
877 2282 1273 2352 cognoscendam
1318 2285 1590 2348 ueritatem,
1624 2294 1669 2337 et
1696 2285 1817 2338 resi-

237 2369 425 2436 piscent
449 2385 480 2422 a
509 2369 698 2422 diaboli
722 2369 918 2438 laqueo,
938 2387 970 2422 a
987 2387 1087 2440 quo
1114 2373 1296 2440 captivi
1322 2381 1551 2426 tenentur
1571 2374 1636 2426 ad
1660 2375 1818 2439 ipsius

235 2459 629 2530 rotuntatcm(2.
648 2458 777 2512 Tim.
796 2462 850 2513 2.
870 2460 1087 2530 “25.26).
1119 2462 1358 2516 Extende
1395 2478 1646 2534 sagenam
1674 2466 1813 2519 cari-

233 2549 375 2614 tatis,
400 2564 465 2603 ne
482 2551 621 2619 quod
645 2550 921 2616 claudicat,
941 2559 1237 2619 evertatur,
1261 2553 1352 2608 sed
1377 2555 1550 2622 potius
1577 2564 1811 2610 sanetur.

233 2639 468 2695 Ostende
483 2649 532 2694 te
552 2657 616 2696 ex
634 2641 824 2696 aﬁ‘ectu
843 2642 1009 2697 multo
1028 2642 1222 2698 bonum
1239 2646 1510 2714 proprium
1531 2661 1815 2701 commune

231 2728 406 2784 facere
425 2731 580 2786 velle.
605 2730 768 2800 lnjice
796 2732 1004 2788 dulcem
1043 2736 1520 2793 commiserationis
1556 2738 1771 2794 hamum
1794 2781 1808 2804 ,

229 2833 420 2874 etcum
440 2822 518 2875 sic
541 2823 747 2877 occulta
774 2833 1040 2880 scrutatus
1069 2825 1250 2893 fueris,
1265 2842 1330 2881 ex
1347 2828 1608 2898 profundo
1634 2834 1811 2901 perni-

231 2910 328 2965 ciei
371 2910 591 2967 extrahe
634 2927 778 2977 eum,
827 2914 914 2982 qui
959 2917 1221 2971 sententia
1263 2919 1576 2974 submersus
1621 2920 1810 2977 fuerat.

227 3001 381 3071 Quod
398 3003 477 3058 vel
491 3018 553 3057 ex
569 3003 904 3072 praejudicata
915 3005 1164 3076 opinione
1176 3007 1255 3062 vel
1267 3023 1334 3063 ex
1352 3009 1436 3078 ign
1444 3011 1645 3065 orantia
1663 3023 1815 3080 puta-

230 3091 387 3146 batur
412 3107 532 3148 esse
557 3093 776 3159 bonum,
795 3097 1002 3167 corrige
1032 3105 1090 3150 ut
1113 3097 1183 3152 ab
1211 3099 1501 3169 apostolica
1529 3101 1812 3156 traditione

230 3183 483 3236 alienum.
515 3184 592 3238 Ac
617 3185 660 3238 si
702 3185 916 3254 quidem
943 3186 996 3241 id
1023 3188 1265 3258 accipere
1291 3190 1418 3244 velit
1446 3192 1512 3257 is,
1539 3193 1626 3261 qui
1657 3207 1810 3248 erro-

230 3288 342 3327 rem
364 3283 665 3344 exceperat,
692 3277 982 3331 secundum
1023 3279 1297 3349 pr0phetae
1336 3296 1543 3348 vocem,
1576 3284 1664 3338 ille
1703 3283 1809 3337 vita

229 3366 389 3430 vivet,
412 3374 466 3420 et
491 3375 544 3420 tu
563 3367 792 3421 animam
817 3374 959 3422 tuam
985 3368 1235 3425 liberabis
1263 3369 1478 3441 (Ezech.
1497 3375 1551 3429 5.
1576 3373 1693 3446 21).
1717 3375 1810 3430 Sin

229 3457 378 3520 nolit,
400 3465 453 3511 et
467 3457 796 3512 contendens
815 3459 1085 3528 persistat,
1104 3475 1171 3516 ne
1184 3471 1239 3518 tu
1256 3478 1379 3518 reus
1395 3464 1488 3529 sis,
1506 3473 1812 3520 contestare

230 3547 400 3600 aulum
426 3563 545 3602 cum
573 3548 972 3618 longanimitate
1011 3560 1065 3606 et
1098 3553 1523 3621 mansuetudine,
1555 3570 1622 3610 ne
1648 3554 1810 3624 judex

228 3639 457 3692 animam
502 3641 618 3708 ejus
651 3640 718 3695 de
758 3655 916 3696 manu
959 3649 1047 3696 tua
1091 3644 1344 3712 requirat.
1388 3644 1465 3699 Ne
1509 3644 1709 3712 oderis,
1744 3662 1811 3700 ne

229 3728 524 3795 averseris,
567 3744 636 3784 ne
669 3731 1039 3802 persequaris,
1087 3731 1184 3787 sed
1225 3735 1487 3788 sinceram
1525 3750 1809 3806 veramque

229 3834 352 3889 erga
393 3834 517 3874 eum
563 3822 840 3876 caritatem
879 3821 1148 3878 ostendas.
1199 3823 1347 3878 llane
1391 3825 1636 3892 lucrare,
1683 3831 1806 3883 etsi

227 3909 358 3964 nihil
385 3911 526 3965 aliud
559 3911 800 3968 utilitatis
827 3915 1092 3983 acquiras,
1127 3914 1242 3970 haec
1265 3931 1450 3986 magna
1479 3925 1562 3972 est
1583 3919 1804 3987 utilitas,

227 4003 328 4057 hoc
349 4019 595 4072 maguum
629 4005 849 4071 lucrum,
880 4007 1022 4077 quod
1058 4007 1264 4077 diligas,
1293 4019 1346 4064 et
1374 4009 1570 4064 Christi
1604 4011 1805 4066 doctri-

225 4110 348 4149 nam
391 4096 602 4151 doceas.
643 4097 707 4152 ln
749 4099 842 4152 hoc
878 4100 1029 4166 enim,
1072 4099 1266 4171 inquit,
1310 4112 1626 4172 cognoscent,
1672 4105 1806 4174 quod

224 4186 462 4255 discipuli
494 4187 590 4240 mei
629 4188 766 4250 estis,
795 4189 840 4241 si
859 4189 1174 4242 dilectionem
1212 4189 1484 4245 habueritis
1506 4193 1573 4244 ad
1597 4194 1805 4246 invicem

230 4275 424 4346 (Joan.
474 4279 554 4331 15.
603 4277 706 4343 55)
737 4295 750 4332 :
782 4294 884 4347 qua
927 4280 1180 4345 absente,
1233 4296 1404 4351 neque
1446 4283 1800 4352 cognitionem

223 4366 595 4436 mysteriorum
655 4367 775 4432 Dei,
805 4383 977 4438 neque
1021 4369 1196 4433 Iidem,
1229 4386 1400 4440 neque
1446 4372 1798 4442 prophetiam,

220 4471 397 4524 neque
439 4465 833 4524 paupertatem,
879 4474 1052 4528 neque
1089 4459 1446 4514 testimonium
1482 4461 1550 4516 de
1589 4462 1802 4518 Christo

221 4546 502 4599 utilitatem
533 4546 725 4601 afferre
763 4547 1047 4617 Apostolus
1075 4549 1361 4606 declaravit
1382 4551 1463 4606 bis
1488 4553 1663 4608 verbis
1696 4573 1710 4609 :
1739 4554 1801 4608 Si

219 4636 442 4690 habuero
467 4638 702 4706 mysteria
727 4639 917 4704 omnia,
947 4649 995 4692 et
1020 4655 1216 4695 omnem
1248 4643 1528 4705 scientiam,
1555 4655 1601 4698 et
1625 4645 1796 4712 ﬁdem,

218 4733 290 4782 ita
319 4738 371 4783 ut
398 4737 585 4783 montes
605 4729 926 4799 transferam,
953 4732 1214 4785 caritatem
1237 4742 1404 4787 autem
1431 4751 1533 4788 non
1556 4735 1796 4799 habuero,

219 4820 352 4874 nihil
381 4821 504 4874 mihi
529 4821 729 4890 prodest
759 4838 779 4875 :
797 4830 844 4875 et
871 4822 916 4874 si
943 4823 1129 4893 linguis
1145 4823 1439 4894 angelorum
1463 4826 1659 4896 loquar,
1688 4837 1732 4880 et
1754 4830 1799 4881 si

214 4911 406 4966 dedero
442 4928 640 4966 omnem
675 4911 1004 4967 substantiam
1037 4929 1201 4968 meam
1233 4915 1286 4968 in
1311 4916 1466 4982 cibos,
1497 4926 1543 4970 et
1569 4919 1614 4970 si
1640 4920 1799 4972 tradi-

210 5100 453 5152 rumpens
475 5087 806 5152 et_decentem
827 5089 1046 5152 ordinem
1065 5088 1378 5152 confundens,
1402 5097 1493 5142 etc.
1513 5109 1536 5138 ι
1575 5096 1800 5147 Reddidit

211 5148 619 5219 ipse
638 5157 686 5200 et
693 5163 796 5219 non
818 5150 959 5219 verba
980 5148 1519 5219 chrysostomus,'atque
1540 5155 1606 5205 ad
1625 5169 1798 5219 propo-

210 5209 361 5280 situm
382 5209 511 5280 illud
529 5224 666 5260 suum
684 5211 888 5280 inﬂexit.
907 5209 1144 5280 Hactenus
1155 5209 1393 5263 Baronius.
1407 5209 1515 5280 Hice
1525 5209 1653 5277 cum,
1669 5209 1797 5280 quod

210 5273 275 5339 ad
297 5275 594 5339 sententiam
614 5273 818 5339 spectat,
833 5275 892 5339 iis
908 5286 1018 5335 quae
1039 5275 1398 5339 chrysostomus
1413 5279 1567 5339 refert
1582 5273 1656 5328 sat
1670 5273 1797 5328 simi-

211 5334 278 5382 lia
301 5336 416 5392 sint,
452 5332 594 5402 facile
622 5332 1072 5402 crediderirn'eum
1105 5332 1389 5402 memoriter
1425 5336 1705 5402 loquentem
1736 5341 1795 5388 ad

212 5403 540 5445 memoratum
562 5397 729 5457 tgnatii
753 5395 908 5445 locum
923 5399 1221 5458 respexisse,
1239 5395 1573 5458 verbaque'uti
1590 5415 1705 5450 sese
1730 5404 1804 5454 of-

213 5458 439 5520 ferebant
454 5469 515 5504 ex
526 5464 762 5520 tempore
785 5457 1063 5518 protulisse,
1075 5457 1222 5520 longe
1238 5457 1471 5509 absimiiia
1487 5463 1650 5511 verbis
1665 5469 1800 5520 lgna-

210 5519 283 5575 tii,
303 5519 390 5566 sed
408 5519 536 5580 quod
560 5518 618 5566 ad
643 5518 937 5580 sententiam
959 5532 1086 5580 pene
1111 5518 1300 5570 eadem.
1324 5529 1475 5580 Quem
1499 5524 1629 5572 enim
1650 5518 1796 5574 alium

210 5585 464 5647 Martyreni
489 5592 551 5629 ex
578 5579 906 5647 Apostolorum
919 5579 1264 5647 successione,
1290 5584 1547 5634 antiociiize
1570 5585 1794 5647 loquens,

208 5640 485 5704 protulerit,
509 5640 653 5704 quam
673 5641 940 5704 lgnatium?

269 5702 347 5812 ἕιέ
369 5701 647 5828 ζὲιξῗὲξξδο
657 5701 948 5754 Antiocheno
972 5711 1024 5755 et
1040 5702 1325 5767 Apollinario
1342 5709 1603 5761 taodiceno
1615 5712 1792 5774 agitur.

207 5763 347 5823 (Vide
372 5765 636 5823 ttonitunt).

1570 344 1656 400 DE
1696 346 2182 409 ANATHEMATE.

3421 385 3526 441 950
3583 362 3590 373 ’

1942 464 2062 519 dero
2106 484 2288 538 corpus
2320 488 2513 539 meum,
2550 484 2598 528 λι
2624 477 2908 547 comburar,
2951 486 3210 541 caritatem
3233 501 3397 548 autem
3423 514 3524 550 non

1943 558 2180 625 habuero,
2210 561 2337 615 nihil
2361 581 2493 621 sum.
2527 567 2725 625 Caritas
2766 572 2978 645 benigna
3005 589 3099 646 est,
3145 597 3246 637 non
3288 584 3522 655 inﬂatur;

1942 663 2040 700 non
2071 654 2248 719 quierit
2275 671 2387 724 qum
2412 674 2503 711 sua
2531 673 2647 714 sunt
2678 679 2697 717 :
2726 667 2894 720 omnia
2921 669 3117 737 sit/fert,
3147 677 3315 730 omnia
3337 680 3515 744 a'edit,

1940 743 2108 794 oumia
2134 758 2322 812 sperat,
2347 752 2514 803 omnia
2535 755 2742 809 sustinet
2766 757 2840 829 (l.
2868 759 2983 816 Cor.
3019 764 3106 818 15.
3134 766 3184 820 1.
3214 783 3303 837 sqq
3328 769 3366 837 ).

2009 834 2061 886 4.
2091 835 2256 890 Nemo
2286 855 2350 894 ex
2380 843 2553 909 vobis,
2587 845 2786 912 dilecti,
2821 851 2976 905 talem
3010 869 3106 922 pro
3134 834 3352 912 Christo
3387 861 3520 915 ali'e-

1937 932 2078 976 rtum
2125 927 2399 995 exhibuit,
2444 935 2652 1000 qualem
2717 949 2896 994 sancta
2951 943 3041 997 illa
3094 946 3290 1000 anima.
3334 949 3522 1006 Nullus

1938 1017 2209 1074 hominum
2243 1034 2433 1091 printer
2459 1027 2604 1082 illum
2635 1045 2793 1086 ausus
2833 1045 2916 1088 est
2955 1037 3077 1092 talia
3121 1039 3359 1108 proferre
3400 1059 3521 1098 ver—

1937 1109 2024 1164 ba.
2064 1112 2176 1180 Ipsa
2225 1116 2400 1171 anima
2441 1121 2853 1179 comburebatur
2897 1127 3079 1184 dicens
3113 1133 3419 1205 :‘Adimpleo
3458 1155 3518 1191 ea

1933 1217 2046 1268 qua:
2093 1203 2270 1257 desunt
2317 1207 2698 1266 tribulationum
2741 1213 2928 1271 Christi
2969 1219 3021 1271 in
3046 1238 3199 1277 carne
3241 1242 3350 1279 utea
3391 1225 3514 1294 (Co-

1936 1291 2058 1342 loss.
2099 1295 2148 1345 1.
2191 1293 2305 1366 2i);
2349 1307 2422 1360 et,
2490 1300 2737 1370 Optabam
2776 1306 2883 1374 ipse
2924 1325 3014 1380 ego
3055 1313 3319 1367 anathema
3355 1291 3518 1370 esset:

1932 1382 2130 1437 Christo
2160 1404 2252 1455 pro
2273 1393 2516 1459 fratribus
2543 1397 2663 1449 meis
2683 1395 2856 1467 (Rom.
2880 1399 2932 1454 9.
2955 1401 3033 1468 5);
3058 1413 3130 1468 et,
3154 1405 3277 1470 Quis
3291 1407 3516 1476 infirma-

1930 1482 2033 1534 tur,
2064 1485 2107 1528 et
2136 1493 2225 1544 ego
2267 1496 2367 1532 non
2390 1482 2622 1549 inﬁrmor
2654 1486 2728 1550 (2.
2759 1486 2877 1543 Cor.
2915 1491 2994 1546 Η.
3019 1493 3138 1564 9.9)?
3164 1495 3404 1568 Cumque
3425 1502 3515 1555 tali

1929 1580 2050 1634 erga
2085 1567 2249 1621 Deum
2279 1571 2466 1627 affectu
2494 1576 2745 1642 praeditus
2775 1590 2915 1635 esset
2939 1623 2954 1648 ,
2981 1599 3085 1638 non
3127 1567 3512 1654 contumelias,

1930 1668 2033 1708 non
2049 1656 2173 1721 vim,
2194 1673 2299 1712 non
2314 1662 2648 1718 anathemata
2662 1668 2888 1738 cuipiam
2908 1671 3184 1729 inferebat.
3206 1678 3351 1735 Alias
3369 1681 3511 1734 enim

1928 1759 2032 1800 non
2077 1758 2153 1802 tot
2194 1762 2381 1819 gentes
2420 1755 2686 1827 urbesque
2730 1769 2867 1815 totas
2918 1764 3025 1819 Deo
3065 1768 3384 1825 obtulisset:
3417 1775 3512 1828 sed

1927 1838 2249 1909 humiliatus,
2278 1860 2584 1917 percussus,
2611 1851 2851 1922 colaphis
2891 1871 3081 1924 cmsus,
3129 1861 3363 1932 risuique
3391 1882 3508 1919 0m-

1926 1931 2068 1986 nium
2098 1939 2392 2004 expositus,
2437 1940 2552 1996 hinc
2596 1949 2952 2015 perpetrabat,
3002 1931 3344 2019 blandiendo,
3379 1958 3503 2011 hers

1926 2023 2104 2089 tando,
2140 2027 2492 2086 obsecrando.

1998 2114 2150 2170 Pauli
2169 2123 2500 2176 mansuetudo
2517 2125 2568 2178 in
2590 2129 2855 2182 monendo.
2872 2161 2940 2170 —-
2954 2131 3044 2188 Sic
3061 2136 3196 2204 apud
3219 2137 3478 2195 Athenien
3492 2171 3509 2183 -

1921 2218 2008 2258 ses
2029 2206 2226 2262 aditum
2244 2210 2342 2266 sibi
2371 2213 2512 2278 fecit,
2531 2230 2758 2287 cumque
2790 2221 3078 2278 invenisset
3115 2240 3301 2283 omnes
3337 2230 3506 2285 idolo-

1922 2309 2038 2348 rum
2060 2298 2204 2352 cultu
2223 2300 2566 2373 insanientes,
2587 2323 2690 2361 non
2708 2311 3007 2378 opprobriis
3021 2331 3108 2368 eos
3123 2332 3403 2387 aggressus
3415 2335 3499 2376 cst

1918 2384 2003 2439 his
2033 2389 2208 2445 verbis
2236 2407 2249 2444 :
2278 2391 2420 2448 atiiei
2447 2398 2608 2462 estis,
2629 2403 2951 2474 omninoque
2985 2406 3162 2476 impii:
3189 2384 3291 2464 non
3330 2412 3459 2467 dixit
3487 2433 3504 2466 :

1919 2478 2096 2532 omnia
2120 2495 2216 2548 pro
2234 2481 2343 2536 Deo
2364 2483 2589 2555 habetis,
2606 2505 2877 2562 unumque
2897 2497 3060 2550 Deum
3079 2503 3304 2569 negatis,
3329 2505 3504 2559 Domi-

1919 2584 2043 2629 tium
2062 2580 2115 2626 et.
2129 2573 2374 2642 opiﬁcem
2397 2579 2628 2636 universi
2651 2585 2776 2638 :sed
2794 2587 2916 2655 quid
2938 2586 3501 2666 ?Circumiens.inqttit,

1917 2669 1964 2711 et
1982 2660 2150 2716 videns
2171 2663 2444 2721 simulacra
2459 2673 2813 2737 vestra,inveni
2827 2686 2871 2729 et
2891 2694 3054 2746 aram,
3073 2682 3124 2735 in
3145 2699 3244 2751 qua
3263 2687 3503 2757 scriptum

1916 2759 2041 2816 erat,
2061 2750 2254 2809 IGNOTO
2279 2756 2408 2814 Duo.
2433 2759 2592 2825 Quem
2613 2779 2730 2834 ergo
2751 2766 3039 2834 ignorantes
3061 2750 3242 2839 colitis,
3265 2775 3398 2830 hunc
3411 2796 3503 2848 ego

1915 2846 2160 2898 annuntio
2186 2848 2322 2904 vobis
2354 2851 2490 2919 (Act.
2517 2854 2603 2908 l7.
2641 2855 2757 2927 25).
2788 2859 2832 2914 Ο
2862 2863 3200 2921 miraculum!
3227 2883 3258 2921 ο
3284 2846 3502 2939 piterua

1918 2938 2158 2993 viscera!
2202 2941 2293 2996 Pie
2335 2945 2511 3000 colere
2550 2947 2768 3006 Grmcos
2807 2953 2968 3022 dicit,
3012 2957 3136 3012 licet
3175 2938 3499 3027 idololatras,

1916 3026 2040 3081 licet
2088 3030 2246 3099 impie
2287 3043 2524 3103 agentes.
2566 3037 2782 3105 Quare?
2820 3043 2952 3110 Quia
2996 3049 3144 3116 quasi
3192 3051 3262 3120 pii
3300 3026 3498 3108 cultum

1915 3130 2067 3171 suum
2111 3122 2502 3191 persolvebant,
2545 3127 2712 3183 Deum
2756 3147 2815 3187 se
2850 3135 3031 3192 colere
3071 3149 3335 3208 putantes,
3375 3159 3499 3200 cum

1916 3207 1987 3260 ita
2013 3207 2113 3263 sibi
2141 3215 2547 3280 persuasissent.
2572 3218 2740 3289 Hujus
2767 3239 2862 3279 vos
2889 3207 3087 3283 omnes,
3101 3229 3288 3286 hortor
3321 3207 3501 3290 imita-

1916 3304 2058 3352 tores
2084 3314 2224 3368 esse,
2264 3317 2325 3356 ac
2350 3305 2622 3363 vobiscum
2650 3311 2810 3366 etiam
2841 3316 3122 3385 meipsum.
3161 3321 3292 3378 Nam
3322 3327 3368 3380 si
3397 3327 3501 3380 Do-

1914 3389 2108 3456 minus,
2141 3393 2230 3463 qui
2265 3395 2590 3466 singulorum
2628 3403 2957 3462 voluntatem
2997 3413 3284 3482 prospicit,
3316 3426 3370 3471 et
3397 3425 3500 3474 scit

1913 3482 2084 3549 qualis
2111 3485 2334 3557 quisque
2361 3501 2606 3546 nostrum
2643 3493 2852 3552 futurus
2883 3499 2971 3566 sit,
3011 3502 3063 3556 id
3104 3504 3246 3570 fecit,
3276 3518 3336 3562 ut
3359 3510 3496 3566 dona

1913 3573 2466 3650 magniﬁcentiamqne
2507 3597 2656 3641 suam
2695 3587 2940 3658 impleret
2971 3611 2985 3647 :
3018 3610 3191 3666 neque
3228 3601 3370 3655 enim
3403 3621 3500 3672 pro

1913 3664 2066 3718 malis
2091 3677 2237 3722 creat
2265 3669 2404 3726 Deus
2436 3689 2450 3726 :
2482 3683 2537 3728 et
2571 3676 2650 3730 sic
2692 3687 2866 3734 tamen
2894 3698 2987 3739 eos
3020 3664 3498 3748 communibus-di-

1911 3761 2101 3821 gnatus
2128 3765 2213 3810 est
2238 3758 2408 3826 bonis,
2440 3777 2732 3836 omnesque
2752 3771 2865 3825 vult
2888 3773 3178 3832 imitatores
3198 3782 3313 3849 ejus
3336 3798 3455 3839 esse
3481 3804 3493 3836 :

1912 3859 2009 3898 cur
2038 3853 2092 3898 tu
2118 3851 2383 3904 contraria
2414 3850 2560 3918 facis,
2594 3857 2683 3926 qui
2719 3859 2770 3912 in
2805 3862 3095 3920 Ecclesiam
3131 3873 3413 3937 convenis,
3443 3887 3498 3929 et

1911 3935 2228 3993 sacrificium
2261 3940 2380 3996 Filii
2409 3944 2503 3999 Dei
2534 3948 2783 4014 perﬁcis?
2810 3951 3036 4010 Nescitis
3061 3959 3201 4027 quod
3228 3935 3493 4018 calamum

1911 4039 2320 4097 conquassatum
2349 4050 2454 4089 non
2495 4038 2786 4111 confregit,
2817 4052 2870 4098 et
2900 4045 3064 4101 linum
3093 4050 3352 4122 fumigans
3387 4072 3492 4112 nou

1910 4120 2164 4176 exstinxit
2191 4123 2346 4193 (Isai.
2406 4128 2497 4182 42.
2534 4130 2627 4200 5)?
2666 4133 2804 4202 Quid
2841 4137 2943 4194 sibi
2976 4141 3088 4195 vult
3124 4120 3294 4199 illud?
3327 4148 3492 4204 Audi.

1908 4209 2096 4266 Judam
2142 4214 2343 4286 ipsique
2387 4220 2590 4277 similes
2631 4223 2686 4278 in
2729 4226 2877 4296 lapsu
2921 4245 3028 4286 non
3069 4233 3279 4304 abjecit,
3321 4238 3493 4297 donec

1909 4301 2132 4373 quisque
2159 4321 2342 4362 eorum
2364 4320 2553 4379 sponte
2583 4313 2843 4374 abductus
2870 4322 3037 4376 errori
3060 4337 3119 4379 se
3135 4301 3486 4399 manciparet.

1906 4393 2094 4450 Nonne
2112 4413 2206 4466 pro
2228 4401 2406 4469 populi
2427 4404 2734 4472 iguorautiis
2749 4411 3162 4479 supplicationes
3181 4393 3490 4475 offerimus?

1907 4487 2094 4543 Nonne
2125 4505 2219 4558 pro
2245 4492 2494 4560 inimicis,
2529 4512 2623 4564 pro
2649 4498 2950 4556 odiemibus
2977 4513 3031 4558 et
3051 4512 3490 4577 persequentibus

1907 4594 2062 4634 orare
2086 4581 2216 4648 jussi
2249 4585 2470 4640 sumus?
2499 4588 2576 4641 Eii
2605 4589 2952 4647 ministerium
2984 4594 3283 4665 implemus,
3307 4601 3488 4655 horta-

1908 4685 2130 4739 murque
2171 4686 2265 4726 vos
2295 4688 2308 4724 :
2337 4674 2601 4731 ordinatio
2646 4694 2753 4734 non
2797 4682 2968 4750 eﬂ'ert,
3013 4699 3120 4739 non
3161 4687 3212 4741 in
3262 4691 3488 4748 sublime

1905 4763 2124 4826 extollit,
2183 4779 2287 4818 non
2345 4767 2631 4835 potentiam
2682 4783 2894 4840 praestat
2938 4792 2952 4826 :
3001 4791 3190 4834 omnes
3239 4783 3487 4838 eumdem

1907 4853 2160 4921 Spiritum
2199 4858 2521 4926 accepimus,
2563 4877 2751 4918 omnes
2790 4865 2842 4918 in
2871 4866 3208 4937 adoptionem
3253 4873 3484 4929 ﬁliorum

1907 4945 2076 4998 vocati
2106 4960 2290 5000 sumus
2329 4966 2342 5001 :
2376 4964 2513 5018 quos
2551 4951 2706 5007 Pater
2732 4955 3000 5023 probavit,
3037 4975 3131 5013 eos
3158 4961 3406 5018 fratribus
3437 4968 3488 5020 in

1907 5046 2166 5105 potestate
2210 5041 2413 5098 servire
2450 5043 2636 5097 voluit.
2677 5045 2995 5102 Servitutem
3039 5051 3213 5121 itaque
3246 5065 3486 5110 nostrain

1905 5127 2188 5197 implentes
2212 5128 2489 5186 hortamur
2517 5147 2613 5188 vos
2633 5134 3090 5209 obtestamurque,
3121 5150 3178 5196 ut
3201 5143 3270 5197 ab
3301 5143 3488 5214 hujus-

1904 5217 2048 5271 modi
2090 5219 2229 5272 malo
2267 5219 2553 5276 desistatis.
2587 5222 2720 5277 Nam
2764 5225 2830 5292 is,
2869 5243 3026 5297 quem
3065 5237 3120 5284 tu
3170 5232 3486 5288 anathema-

1906 5309 2068 5364 tizare
2106 5310 2408 5380 decrevisti,
2448 5315 2532 5368 vel
2561 5316 2688 5370 vivit
2714 5317 2767 5372 in
2792 5318 2893 5375 hac
2921 5323 3131 5378 mortali
3169 5325 3276 5380 vita
3300 5339 3489 5396 super

1903 5408 2032 5465 stes,
2073 5402 2158 5458 vel
2196 5415 2435 5461 mortuus
2469 5415 2584 5473 est;
2626 5409 2673 5464 si
2713 5425 2839 5482 ergo
2880 5427 3153 5484 superstes
3181 5426 3284 5487 est,
3322 5421 3486 5491 impie

1902 5492 2035 5561 agis,
2082 5493 2171 5563 qui
2217 5494 2390 5550 adhuc
2429 5499 2760 5566 versatilem,
2796 5504 2886 5572 qui
2926 5506 3094 5574 possit
3133 5506 3201 5563 de
3243 5512 3384 5566 malo
3428 5514 3480 5567 in

1903 5584 2100 5638 bonum
2143 5588 2358 5650 mutari,
2399 5589 2709 5655 abscindas;
2752 5594 2834 5648 sin
2879 5605 3121 5651 mortuus
3158 5607 3268 5663 est,
3315 5603 3482 5656 multo

1907 5673 2072 5742 magis
2119 5672 2408 5745 [abstinere
2450 5677 2657 5751 debes.]
2701 5680 2910 5748 Quare?
2946 5685 3078 5753 Quia
3126 5687 3348 5744 Domine
3386 5707 3483 5746 suo

1905 5775 2008 5820 stat
2036 5767 2115 5820 vel
2142 5765 2304 5834 cadit,
2334 5784 2502 5839 neque
2524 5769 2633 5839 jam
2658 5771 2758 5826 sub
2785 5773 3011 5830 humana
3043 5781 3247 5849 positus
3277 5792 3357 5838 est
3386 5799 3474 5854 po-
