3850 6224
351 328 448 384 951

354 447 560 496 testate.
591 435 668 490 Ac
693 433 760 489 de
789 448 874 500 eo,
908 431 1048 503 quod
1075 430 1340 486 occultum
1368 435 1470 493 est,
1501 426 1926 496 circulorumque

352 530 510 598 iudici
539 536 888 591 reservatum,
913 523 1230 578 sententiam
1256 520 1400 575 ferre
1428 518 1782 590 periculosum
1811 524 1922 579 est;

355 637 471 676 sunt
502 620 614 690 ipse
652 617 797 671 solus
827 614 973 668 novit
999 623 1053 668 et
1093 611 1331 668 scientia:
1368 623 1698 674 mensuram,
1721 616 1776 664 et
1804 605 1926 663 ﬁdei

349 711 586 768 utodutn.
625 707 924 771 Undenam,
969 717 1178 774 quaeso,
1215 702 1412 757 scimus
1443 700 1635 770 quibus
1664 713 1724 754 se
1751 697 1928 753 verbis

347 800 638 863 accusabit,
662 806 752 852 aut
773 811 929 868 quam
958 793 1322 850 defensionem
1355 791 1588 862 proferet
1608 791 1662 845 in
1682 790 1792 855 die,
1822 803 1926 859 qua

352 895 490 949 Deus
513 891 844 962 judicaturus
868 895 950 943 est
974 885 1183 942 occulta
1209 882 1519 939 hominum?
1549 881 1686 936 Vere
1719 881 1928 936 insem-

349 983 525 1038 tahilla
563 989 689 1038 sunt
721 978 919 1051 judicia
959 977 1093 1048 ejus,
1132 986 1186 1032 et
1218 974 1609 1045 investigabiles
1647 974 1746 1028 vite
1787 972 1922 1042 ejus.

349 1076 474 1140 Quis
515 1073 646 1128 enim
684 1072 818 1126 novit
854 1085 1053 1125 sensum
1082 1067 1310 1131 Domini,
1339 1075 1428 1120 aut
1454 1066 1567 1134 quis
1607 1061 1928 1117 consiliarius

346 1169 455 1237 ejus
483 1166 580 1235 fuit
623 1163 775 1234 (luti.
815 1160 906 1218 40.
937 1160 1005 1217 l5
1027 1157 1088 1231 )i’
1132 1158 1295 1214 Forte
1321 1157 1500 1212 nullus
1535 1171 1600 1210 ex
1627 1155 1814 1220 nobis,
1844 1154 1926 1208 di-

347 1257 490 1322 lecti,
518 1269 576 1310 se
596 1253 860 1324 baptismo
878 1250 1152 1322 dignatum
1177 1261 1296 1303 esse
1324 1254 1493 1317 putat,
1526 1259 1684 1300 nemo
1709 1245 1808 1297 scit
1838 1243 1929 1312 ju-

347 1347 544 1401 dicium
581 1357 830 1413 umquam
871 1340 1102 1395 futurum
1131 1351 1272 1394 esse.
1301 1335 1441 1403 Quid
1481 1335 1601 1390 dico
1623 1333 1927 1404 judicium?

349 1438 520 1505 Ipsam
561 1447 774 1504 quoque
804 1441 1031 1487 mortem
1069 1437 1124 1484 et
1158 1427 1358 1484 exitum
1399 1441 1431 1481 e
1461 1440 1688 1496 corpore
1719 1424 1928 1495 ignora-

348 1540 488 1590 mus,
517 1524 586 1579 ob
612 1524 754 1578 illam
780 1537 958 1578 rerum
981 1519 1314 1575 saecularium
1336 1517 1658 1588 phrenesim,
1681 1530 1801 1586 quae
1829 1529 1927 1570 nos

348 1614 558 1670 invasit.
587 1613 670 1668 Ab
698 1613 799 1668 hoc
819 1654 833 1679 ,
868 1625 1070 1682 quzeso,
1104 1608 1243 1664 malo
1265 1607 1526 1663 absistite.
1559 1606 1695 1661 Ecce
1722 1605 1843 1660 dico
1871 1614 1929 1661 et

347 1712 619 1760 contestor
647 1704 698 1759 in
724 1709 1016 1772 conspectu
1052 1700 1146 1756 Dei
1183 1708 1240 1756 et
1265 1699 1560 1754 electorum
1593 1697 1922 1768 angelorum,

348 1799 470 1852 hinc
497 1795 651 1852 nobis
681 1795 734 1850 in
762 1794 849 1850 die
867 1793 1054 1865 judicii
1081 1791 1278 1848 malum
1308 1799 1558 1861 magnum
1595 1800 1649 1844 et
1675 1788 1927 1844 intolera-

351 1884 511 1939 bilem
557 1886 738 1958 ignem
783 1882 988 1954 parari.
1023 1880 1158 1937 Nam
1186 1884 1233 1938 si
1264 1883 1318 1938 in
1346 1886 1619 1956 virginum
1664 1885 1923 1942 similitu-

350 1979 478 2034 dine
497 1992 592 2034 eos
613 1960 836 2046 (Matth.
861 1975 971 2048 ἓξὲξ
992 1976 1101 2046 Η),
1136 1976 1228 2046 qui
1252 1986 1388 2033 cum“
1403 1978 1689 2049 splendida
1720 1978 1826 2033 ﬁde
1862 1986 1918 2033 et

1058 320 1114 376 s.
1153 317 1426 376 JOANNIS
1463 309 1937 371 CllBYSOSTOMI
1975 309 2290 367 ARCHIEP.
2329 313 2864 373 CONSTANTINOP.

3517 316 3636 372 952

2045 439 2254 481 morum
2281 425 2514 481 candore
2539 427 2804 491 vixerunt,
2834 425 3087 482 Dominus
3119 429 3510 496 universorum,
3533 432 3631 502 qui

2040 518 2276 588 ipsorum
2301 533 2462 588 opera
2490 518 2652 581 vidit,
2680 519 2748 574 ob
2771 519 3249 575 commisetatiottis
3288 525 3569 591 penuriam
3599 539 3634 580 ι

2041 609 2277 664 thalamo
2323 609 2528 664 alienos
2572 608 2801 665 reddidit
2845 628 2858 664 :
2895 609 3162 680 quomodo
3200 625 3318 678 nos,
3355 613 3446 682 qui
3479 615 3634 670 omni

2039 716 2162 757 eum
2211 701 2422 758 licentia
2462 702 2709 767 vivimus,
2749 709 2804 756 et
2841 702 3289 757 itnmisericordes
3330 719 3456 773 erga
3492 720 3633 760 eon~

2041 792 2262 849 tribules
2287 802 2498 848 nostros
2526 807 2623 848 nos
2652 792 2995 859 exhibemus,
3034 793 3204 848 salute
3228 794 3370 864 digni
3404 796 3632 849 habebi-

2042 885 2193 940 mur?
2221 884 2577 954 Quamobrem
2607 886 2833 940 obsecro
2870 899 2988 952 vos,
3017 901 3085 940 ne
3114 886 3272 941 verba
3312 887 3426 941 bzcc
3457 889 3631 958 negli-

2039 986 2228 1050 genter
2265 969 2514 1035 audiatis.
2544 977 2807 1032 Hmretica
2850 977 3050 1048 quippe
3088 976 3330 1048 dogmata
3375 979 3460 1042 iis,
3506 996 3632 1050 qua:

2043 1087 2143 1126 nos
2193 1071 2516 1140 accepimus,
2557 1069 2826 1125 contraria
2867 1069 3335 1132 anatliematizare,
3371 1079 3428 1124 et
3464 1071 3630 1140 impia

2041 1161 2284 1230 dogmata
2309 1159 2583 1216 confutare
2605 1168 2833 1230 oportet,
2865 1159 3169 1214 hominibus
3192 1169 3366 1214 autem
3397 1175 3628 1230 parcen-

2041 1252 2190 1317 dum,
2220 1260 2274 1308 et
2315 1266 2408 1320 pro
2435 1265 2622 1307 eorum
2651 1250 2824 1306 salute
2859 1250 3120 1305 orandum
3152 1260 3254 1306 est.
3280 1249 3496 1306 Utinam
3528 1266 3630 1306 nos

2041 1356 2250 1408 omnes,
2277 1341 2369 1396 Dei
2393 1350 2448 1396 et
2475 1341 2702 1410 proximi
2733 1340 2904 1394 amori
2933 1339 3150 1406 addicti,
3172 1349 3328 1411 atque
3349 1341 3629 1397 Dominica

2042 1441 2400 1502 exsequentes
2424 1441 2722 1503 praecepta,
2752 1447 2873 1487 eum
2913 1432 3276 1488 misericordia
3313 1442 3369 1488 et
3410 1433 3629 1503 fulgidis

2043 1525 2395 1594 lampadibus,
2436 1525 2490 1580 iu
2530 1523 2617 1580 die
2647 1524 3050 1580 resurrectionis
3078 1524 3275 1580 caelesti
3302 1539 3504 1595 sponso
3529 1539 3625 1578 oc—

2042 1632 2338 1683 curramus.
2361 1615 2650 1673 oﬂ'erentes
2669 1615 2747 1670 illi
2774 1617 2826 1670 in
2849 1615 3015 1685 gloria
3041 1616 3462 1685 quamplurimas
3487 1631 3626 1670 coni-

2043 1709 2386 1767 miseratione
2436 1718 2618 1764 nostra
2665 1716 2929 1774 servatos,
2979 1707 3146 1778 gratia
3193 1716 3250 1762 et
3298 1707 3626 1776 benignitate

2044 1805 2209 1874 ipsius
2246 1802 2499 1873 unigeniti
2544 1801 2664 1856 Filii
2712 1801 2827 1867 Dei,
2870 1800 3082 1870 quicum
3135 1799 3277 1853 Patri
3314 1799 3483 1867 gloria
3523 1813 3626 1852 una

2041 1910 2162 1952 cum
2203 1905 2388 1952 sancto
2427 1895 2649 1966 Spiritu,
2692 1908 2832 1949 nunc
2874 1901 2932 1948 et
2961 1907 3174 1962 semper
3209 1899 3265 1946 et
3300 1891 3352 1946 itt
3386 1891 3585 1947 saecula
3607 1929 3622 1954 ,

2039 1989 2234 2044 Amen.

375 2355 3599 2410 w:'m

1401 2610 1512 2670 AD
1561 2605 1974 2668 HOMILIAM
2030 2606 2108 2666 ΙΝ
2161 2605 2577 2668 KALENDAS

438 3142 537 3200 ilic
575 3141 833 3200 Kalendae
876 3150 1256 3199 memorantur
1291 3139 1536 3196 Januarii
1575 3140 1781 3195 mensis
1804 3178 1819 3205 ,
1865 3154 1942 3193 eae

372 3247 583 3302 scilicet
607 3261 730 3315 qua:
745 3258 964 3300 annum
1016 3242 1288 3314 incipiunt
1326 3240 1469 3312 apud
1501 3239 1802 3304 Romanos,
1837 3253 1945 3309 qua

373 3350 462 3403 die
506 3362 626 3403 mos
668 3355 786 3402 erat
826 3345 977 3413 ξένια
1008 3360 1103 3401 seu
1146 3343 1472 3400 munuscula
1517 3343 1709 3395 amicis
1751 3355 1947 3411 cogna-

378 3447 558 3518 tisque
584 3447 806 3510 offerre,
829 3446 1083 3501 convivia
1122 3445 1421 3510 celebrare,
1465 3442 1682 3512 aliaque
1719 3442 1949 3512 publicae

381 3545 581 3598 laetitia:
611 3545 764 3614 signa
788 3543 940 3608 dare,
974 3543 1064 3599 ubi
1096 3544 1422 3614 plerumque
1461 3543 1745 3598 dissolutae
1777 3542 1950 3613 plebis

384 3647 554 3714 gesta,
583 3643 994 3714 superstitiosas
1024 3643 1430 3699 observationes
1453 3641 1670 3711 aliaque
1695 3641 1747 3696 id
1778 3656 1950 3711 genus

382 3742 566 3798 videre
595 3751 735 3809 erat,
758 3741 814 3798 itt
845 3758 967 3814 qua:
993 3741 1096 3797 hoc
1122 3755 1378 3798 sermone
1407 3739 1683 3794 invehitur
1726 3748 1950 3795 sanctus

377 3843 584 3898 doctor.
627 3842 888 3900 Libanius
918 3857 1081 3912 porro
1109 3841 1426 3912 opusculum
1459 3840 1628 3895 edidit
1665 3842 1719 3894 in
1745 3839 1949 3894 Kalen-

377 3942 474 3996 das
506 3942 863 4013 inscriptum,
898 3943 990 3997 ubi
1025 3957 1135 4012 quo
1170 3941 1278 3994 ritu
1309 3939 1564 3994 Kalendis
1610 3938 1801 3994 tierent
1837 3939 1946 3993 mi-

378 4043 609 4096 nutatim
630 4042 912 4106 describit,
936 4042 1120 4112 aitque
1146 4055 1313 4094 unam
1338 4038 1698 4107 eamdemque
1728 4037 1952 4093 celebri-

376 4150 543 4196 tatem
577 4157 671 4210 per
714 4151 888 4197 totum
928 4140 1236 4196 Romanum
1291 4137 1578 4206 imperium
1635 4137 1823 4190 eadem
1864 4135 1952 4190 die

378 4245 485 4310 agi,
513 4243 641 4314 μίαν
663 4242 721 4296 δὲ
746 4238 862 4297 οῖδα
920 4243 1102 4314 κοινὴν
1138 4243 1390 4296 ἁπάντων
1413 4239 1600 4292 ὁπόσοι
1636 4238 1800 4302 ζῶσιν
1846 4238 1953 4292 ὑπδ

380 4343 478 4412 τὴν
492 4341 781 4412 Ῥωμαίων
824 4341 998 4412 ἀρχήν
1022 4359 1034 4371 δ
1067 4342 1314 4410 γίγνεται
1343 4342 1398 4394 δὲ
1430 4341 1679 4396 ἐνιαυτοῦ
1719 4340 1812 4393 τοῦ
1851 4337 1952 4409 μὲν

380 4441 735 4520 πεπαυμένον
751 4437 881 4504 ,τοῦ
925 4439 981 4492 δὲ
1027 4438 1354 4510 ἀρχομένου.
1412 4439 1597 4510 Itaque
1644 4438 1711 4492 de
1769 4437 1856 4491 die
1889 4451 1954 4490 ac

387 4557 572 4596 mense
599 4541 744 4594 ttulla
776 4540 986 4594 videtur
1037 4539 1266 4608 quaestio
1310 4540 1516 4593 moveri
1557 4554 1749 4605 posse:
1793 4553 1953 4594 secus

384 4647 566 4694 autem
600 4638 667 4693 de
717 4653 882 4696 anno.
925 4652 1086 4708 quem
1144 4653 1212 4692 ne
1250 4639 1582 4708 eonjecturis
1612 4638 1831 4707 quidem
1869 4645 1955 4691 sat

385 4737 758 4806 probabilibus
790 4735 1056 4806 assignari
1093 4751 1252 4804 posse
1279 4746 1555 4805 putamus.
1601 4735 1955 4790 llermantitts

389 4834 751 4889 subodoratur
788 4833 842 4887 in
878 4835 1108 4903 primam
1158 4834 1301 4888 diem
1351 4835 1480 4887 anni
1526 4833 1626 4886 '587
1674 4833 1958 4888 conferen-

384 4935 508 4988 dam
556 4933 700 4986 hanc
758 4933 1037 4987 Itomiliatn
1093 4947 1233 4997 esse,
1285 4933 1413 5002 quia
1463 4943 1586 5002 post
1643 4933 1957 4986 encomiutn

387 5033 606 5103 aliquod
638 5033 815 5088 sancti
847 5031 998 5087 Pauli
1035 5034 1218 5088 habita
1267 5043 1371 5088 est.
1433 5032 1568 5087 Illud
1610 5045 1812 5100 autem,
1863 5034 1956 5097 ait,

386 5133 698 5188 eucomium
729 5133 964 5203 idipsum
997 5133 1210 5187 videtur
1236 5147 1376 5198 esse,
1412 5133 1555 5202 quod
1605 5133 1839 5203 legimus
1870 5146 1963 5186 su-

388 5249 508 5304 pra,
539 5233 764 5289 homilia
787 5233 862 5288 De
886 5233 1137 5301 petitione
1165 5234 1400 5303 ﬁliorum
1426 5232 1686 5298 Zebedwi,
1720 5250 1869 5288 nttttt.
1905 5233 1958 5299 5,

388 5347 510 5401 qua:
534 5335 703 5401 paulo
739 5340 862 5402 post
893 5331 1084 5386 Natale
1132 5333 1258 5386 anni
1293 5332 1396 5386 386
1443 5333 1556 5386 sive
1607 5345 1728 5404 post
1757 5335 1828 5388 25
1859 5333 1962 5387 De-

394 5433 631 5487 cembris
669 5432 851 5486 habita
903 5441 1006 5486 est.
1037 5430 1238 5486 Verum
1278 5432 1417 5484 hanc
1447 5430 1746 5486 llermantii
1774 5434 1962 5501 conje-

393 5541 606 5585 cturam
657 5531 851 5586 merito
892 5531 1098 5600 respuit
1126 5530 1527 5584 Tillemontius.
1564 5531 1720 5596 Nam,
1763 5528 1961 5603 inquit,

400 5629 536 5682 nihil
565 5630 903 5698 frequentius
933 5629 1074 5698 apud
1106 5630 1558 5699 Cltrysostomum
1591 5630 1742 5685 Pauli
1775 5633 1951 5686 laudi.

399 5725 502 5777 bus
526 5735 578 5778 et
608 5728 912 5793 encomiis;
971 5730 1026 5783 in
1058 5730 1145 5783 illa
1194 5747 1322 5786 vero
1358 5731 1579 5786 homilia
1639 5733 1964 5803 Cltrysosto-

2055 3132 2179 3173 mus
2233 3117 2409 3174 obiter
2459 3123 2672 3172 tantum
2709 3114 2864 3171 Pauli
2901 3115 3155 3169 virtutem
3209 3111 3492 3180 celebrat;
3555 3112 3626 3166 ad

2055 3217 2172 3272 haec
2196 3226 2381 3272 autem
2411 3216 2633 3272 homilia
2661 3215 2750 3270 illa
2785 3215 2852 3270 de
2889 3215 3015 3270 ﬁliis
3045 3214 3286 3269 Zebedzei
3329 3213 3473 3268 dicta
3525 3212 3630 3266 fuit

2054 3327 2178 3389 post
2208 3317 2486 3372 homiliam
2519 3317 2585 3370 de
2613 3315 3071 3370 Consubstatttiali
3102 3315 3241 3369 ludis
3271 3311 3632 3368 Circensibus

2055 3430 2203 3471 anno
2236 3415 2341 3470 587
2373 3415 2636 3482 habitant,
2669 3415 2876 3471 scilicet
2902 3415 2990 3469 die
3025 3415 3181 3469 tertia
3213 3413 3293 3467 vel
3319 3421 3518 3482 quarta
3543 3415 3630 3467 vel

2056 3517 2245 3584 quinta
2286 3514 2532 3571 Januarii
2583 3535 2596 3570 :
2635 3532 2759 3570 nam
2803 3515 2890 3571 bis
2937 3516 3128 3570 diebus
3191 3516 3301 3569 lttdi
3339 3515 3632 3572 Circenses

2059 3617 2402 3687 agebantur;
2457 3626 2622 3686 atque
2675 3616 2810 3670 adeo
2841 3629 2947 3669 non
2999 3614 3174 3684 potuit
3230 3613 3319 3668 die
3377 3614 3630 3684 ejusdem

2058 3719 2187 3774 anni
2221 3718 2396 3787 primo
2439 3717 2596 3786 quasi
2646 3719 2759 3785 jam
2813 3715 2995 3769 habita
3051 3715 3364 3771 memorari.
3425 3703 3636 3772 Mavnli

2057 3834 2219 3889 porro
2254 3816 2636 3872 Tillemontius
2687 3816 2840 3870 Pauli
2873 3817 3004 3870 illud
3053 3816 3358 3871 encontiutn
3393 3831 3518 3870 esse
3576 3817 3632 3870 in

2060 3917 2281 3972 homilia
2312 3917 2399 3971 cui
2430 3917 2637 3981 titulus,
2671 3915 2865 3979 Quales
2895 3913 3144 3968 ducendae
3173 3915 3277 3966 sint
3299 3929 3509 3976 uxores,
3538 3913 3634 3966 ubi

2059 4020 2249 4074 doctor
2287 4018 2378 4071 ille
2408 4017 2646 4086 gentium
2680 4015 2974 4069 identidem
3023 4015 3295 4069 laudatur.
3334 4012 3472 4068 Cum
3531 4029 3634 4065 au-

2059 4126 2165 4172 tem
2198 4121 2312 4170 haec
2354 4116 2572 4168 homilia
2624 4114 2828 4168 nullam
2864 4113 3126 4182 temporis
3180 4122 3363 4166 notam
3402 4127 3514 4181 pra:
3575 4124 3635 4164 se

2062 4219 2221 4281 ferat,
2257 4219 2384 4272 hinc
2418 4217 2666 4287 sequitur
2698 4216 2900 4269 nullam
2929 4213 3054 4267 inde
3085 4213 3190 4282 peti
3223 4220 3384 4281 posSe
3419 4219 3633 4273 notam,

2064 4334 2173 4388 qua
2208 4319 2442 4371 homilia:
2481 4317 2548 4370 de
2581 4312 2837 4369 Kalendis
2866 4322 3079 4382 tempus
3102 4321 3159 4367 et
3186 4328 3363 4366 annus
3387 4313 3640 4381 assigne-

2065 4429 2170 4472 tur.
2210 4416 2280 4472 Ut
2309 4415 2658 4470 Tillemontio
2680 4413 3076 4481 adstipulamur
3101 4410 3301 4465 dicenti
3333 4426 3441 4464 non
3475 4425 3639 4478 posse

2063 4533 2164 4572 nos
2219 4534 2284 4572 ex
2332 4516 2644 4572 memoratis
2690 4513 2848 4569 Pauli
2900 4511 3166 4569 encomiis
3214 4511 3455 4580 aliquant
3505 4510 3636 4563 anni

2057 4628 2247 4671 notant
2279 4617 2543 4679 mutuari,
2586 4615 2660 4670 ita
2691 4614 2766 4668 illi
2803 4613 3150 4681 acquiescere
3179 4625 3290 4664 non
3339 4623 3640 4677 possumus

2062 4716 2276 4788 putanti
2310 4715 2560 4770 encomia
2591 4715 2681 4768 illa
2716 4711 2908 4767 haberi
2936 4712 2991 4766 in
3030 4709 3252 4789 liomilia
3285 4711 3375 4763 cui
3423 4711 3638 4772 titulus,

2067 4817 2264 4882 Quales
2295 4816 2548 4870 ducenda:
2580 4816 2688 4868 sint
2715 4828 2928 4880 uxores,
2949 4812 3040 4867 ubi
3061 4820 3443 4881 argumentum
3468 4810 3641 4872 aliud,

2069 4936 2232 4988 quam
2264 4921 2510 4976 encetttia
2543 4920 2718 4985 Pauli,
2745 4919 3004 4974 nimirum
3030 4918 3085 4971 id
3107 4917 3251 4986 quod
3281 4915 3441 4969 titulo
3468 4929 3645 4967 enutr-

2071 5023 2257 5086 tiatut',
2284 5022 2604 5092 proponitur
2629 5036 2642 5072 :
2669 5018 2871 5073 Paulus
2904 5033 3034 5074 vero
3067 5018 3242 5072 obiter
3269 5023 3481 5069 tantum
3513 5014 3644 5065 hinc

2069 5133 2123 5179 et
2167 5123 2289 5176 inde
2323 5121 2597 5174 laudatur.
2636 5119 2706 5171 At
2749 5115 2998 5172 ettcomia
3037 5115 3191 5169 Pauli
3229 5129 3352 5182 qua:
3395 5112 3644 5182 Chryso-

2072 5233 2284 5279 stomus
2324 5221 2379 5276 in
2400 5220 2502 5274 hac
2524 5217 2787 5273 concione
2805 5223 3088 5280 tnemorat,
3116 5214 3345 5268 Paulum
3379 5215 3461 5266 vel
3481 5213 3644 5267 unice

2073 5327 2154 5380 vel
2174 5325 2442 5395 praecipue
2459 5329 2734 5392 spectasse
2750 5317 3021 5372 videntur.
3037 5315 3115 5369 En
3131 5313 3507 5386 Cltrysostomi
3528 5328 3588 5365 vc
3599 5329 3646 5363 r-

2076 5427 2139 5481 bzt
2168 5445 2181 5480 :
2212 5423 2411 5494 Πρὼην
2435 5421 2563 5490 γοῦν
2590 5418 2745 5490 ἡμῶν
2772 5415 3223 5486 ἐγκωμιαζόντων
3251 5413 3340 5466 τὸν
3371 5411 3644 5482 μακάριον

2077 5521 2310 5585 Παῦλον,
2335 5519 2509 5582 οὕτως
2532 5518 2912 5588 ἐσκιρτήσατε,
2942 5516 3019 5578 ὡς
3057 5514 3218 5568 αὐτὸν
3238 5512 3469 5583 ὁρῶντες
3500 5524 3648 5577 παρ-

2073 5625 2268 5676 όντα...
2307 5597 2413 5674 Καὶ
2449 5620 2746 5689 ἐϐουλόμην
2797 5617 2893 5688 μὲν
2927 5617 3007 5678 εἰς
3046 5614 3144 5683 τὴν
3195 5611 3361 5681 αὐτὴν
3387 5607 3648 5662 ὑπόθεσιν

2076 5723 2228 5794 [(597]
2263 5720 2562 5792 καταϐῆναι
2588 5720 2682 5774 καὶ
2707 5719 2965 5788 τήμερον,
2996 5713 3130 5768 ἀλλὰ
3165 5711 3300 5781 πρὸς
3321 5710 3483 5780 ἕτερα
3508 5724 3650 5759 κατ-
