3850 6224
255 434 532 500 ποσὸτητα
569 433 825 494 πίστεως.
845 431 1014 484 Πόθεν
1039 431 1148 504 γὰρ
1174 436 1353 506 ἴσμεν,
1388 436 1511 490 είπέ
1534 454 1644 508 μοι,
1667 451 1844 507 παρα-

252 513 427 571 καλῶ.
455 512 631 576 ποίοις
661 513 868 588 ῥήμασι
891 518 1261 587 κατηγορήσει
1293 517 1511 583 ἑαυτοῦ,
1537 519 1570 590 ἢ
1597 519 1692 572 καὶ
1715 518 1846 572 ἀπο-

252 597 545 666 λογήσεται
581 597 638 649 ὲν
691 595 906 667 ἡμέρᾳ,
943 597 1031 649 ὅτε
1066 599 1249 668 μέλλει
1291 601 1319 653 ό
1364 601 1498 665 Θεὸς
1542 601 1750 673 κρίνειν
1778 600 1847 654 τὰ

252 678 476 750 κρυπτά
521 677 631 730 τῶν
682 677 1024 748 ἀνθρώπων;
1072 681 1282 747 Ὄντως
1335 683 1732 755 ἀνεξερεύνητα
1777 685 1845 738 τὰ

253 763 501 832 κρίματα
534 759 722 825 αὐτοῦ,
753 761 848 813 καί⁵
881 761 1277 832 ἀνεξιχνίαστοι
1309 768 1364 820 αί
1399 767 1504 820 ὁδοὶ
1533 767 1717 820 αὑτοῦ.
1749 769 1847 834 Τίς

252 847 366 914 γὰρ
407 843 561 912 ἔγνω
597 843 750 897 νοῦν
777 846 1002 920 Κυρίου
1025 885 1039 906 ,
1075 845 1115 914 ἢ
1156 848 1250 914 τίς
1287 849 1633 918 σύμϐουλος
1657 850 1846 905 αὑτοῦ

252 927 526 995 egi-Vero;
555 925 708 995 Τάχα
737 925 913 989 οὐδεὶς
935 927 994 992 ἐξ
1023 929 1202 1000 ἡμῶν,
1253 931 1548 1003 ἀγαπητοὶ,
1578 933 1845 1003 ἠξιῶσθαι

256 1008 635 1078 βαπτίσματος
669 1010 862 1073 οίεται,
893 1011 1072 1075 οὐδεὶς
1103 1013 1391 1068 ἐπίσταται
1423 1016 1604 1084 κρίσιν
1630 1016 1850 1087 μέλλουο

256 1107 357 1143 σαν
399 1090 645 1157 γίνεσθαι
678 1091 921 1146 πώποτε.
970 1095 1036 1148 Τί
1087 1093 1232 1164 λέγω
1273 1097 1503 1168 κρίσιν;
1553 1099 1716 1152 αὑτὸν
1755 1100 1846 1153 τὸν

254 1172 487 1226 θάνατον
514 1174 610 1226 καὶ
636 1173 734 1244 τὴν
759 1177 825 1228 ὲκ
857 1175 951 1228 τοῦ
983 1177 1236 1247 σώματος
1267 1179 1444 1244 ἔξοδον
1471 1183 1845 1254 ἠγνοήσαμεν,

253 1259 324 1310 ὲκ
351 1257 450 1326 τῆς
488 1257 876 1330 ἐπισκηψάσης
912 1260 1060 1330 ἡμᾶς
1103 1262 1410 1333 φρενίτιδος
1444 1263 1554 1318 τῶν
1594 1264 1690 1318 τοῦ
1729 1265 1846 1336 βίου

256 1339 623 1411 πραγμάτων.
683 1342 983 1412 Ἀπόστητε
1016 1343 1112 1396 τοῦ
1149 1346 1394 1399 τοιούτου
1438 1347 1633 1413 κακοῦ,
1663 1367 1846 1420 παρα-

256 1423 427 1479 καλῶ.
481 1425 611 1478 Ἰδοὺ
653 1423 798 1494 λέγω
844 1428 938 1480 καὶ
975 1427 1423 1501 διαμαρτύρομαι
1467 1431 1698 1486 ἐνώπιον
1753 1434 1846 1487 τοῦ

255 1506 394 1561 Θεοῦ
425 1508 519 1560 καὶ
547 1506 654 1560 τῶν
677 1507 947 1562 ἐκλεκτῶν
981 1510 1232 1578 ἀγγέλων
1251 1553 1265 1577 ,
1294 1513 1370 1577 ὡς
1399 1515 1637 1584 μεγάλου
1671 1517 1844 1570 κακοῦ

258 1592 354 1644 καὶ
395 1589 567 1660 πυρὸς
614 1592 918 1662 ἀνηκέστου
963 1593 1257 1664 γενήσεται
1295 1597 1428 1666 ἡμῖν
1473 1598 1532 1650 ὲν
1577 1601 1643 1668 τῇ
1693 1598 1846 1670 [696]

259 1675 444 1746 ἡμέρᾳ
467 1677 566 1744 τῆς
593 1674 825 1746 κρίσεως
849 1676 1039 1728 αἴτιον.
1062 1677 1122 1730 Εί
1142 1677 1250 1749 γάρ
1279 1679 1336 1731 ὲν
1366 1683 1431 1751 τῇ
1457 1683 1842 1752 παραστάσειε

259 1758 370 1812 τῶν
429 1757 715 1828 παρθένων
759 1759 887 1822 τοὺς
952 1761 1094 1829 μετὰ
1161 1761 1423 1834 λαμπρᾶς
1469 1764 1710 1828 πίστεως
1752 1766 1864 1819 καὶ.

262 1840 620 1913 φαιδρότητος
651 1840 768 1911 βίου
791 1841 1078 1912 ζήσαντας,
1106 1843 1182 1908 ὼς
1213 1845 1379 1899 αὐτοῦ
1415 1845 1746 1919 θεωροῦντος
1773 1848 1843 1902 τά

323 2007 345 2033 ⁸
362 2009 517 2063 Vatic.
540 2016 599 2074 τῇ
626 2011 876 2074 παρουσίᾳ.

1413 323 1482 378 IN
1521 323 1908 379 KALENDAS.
1928 356 2000 367 ——
2027 322 2366 381 MONITUM.

1948 432 2086 504 ἔργα
2109 430 2288 485 αὐτῶν
2309 431 2404 484 τοῦ
2437 431 2546 486 τῶν
2593 431 2728 484 ὅλων
2756 427 3047 497 Δεσπότου,
3081 431 3397 504 ἀλλοτρίους
3430 436 3526 492 τοῦ

1945 514 2237 588 νυμφῶνος
2264 515 2352 568 διὰ
2383 516 2444 569 τὸ
2474 515 2798 586 ἀσυμπαθὲς
2829 516 3104 586 ἐποίησεν,
3132 516 3251 578 πῶς
3278 519 3459 588 ἡμεῖς,
3479 521 3530 574 oi

1947 599 2091 654 κατά
2119 601 2298 653 πᾶσαν
2335 599 2520 653 ἄδειαν
2567 599 2931 670 διαιτώμενοι,
2968 601 3066 654 καὶ
3105 599 3354 671 ἀνηλεῶς
3417 605 3532 669 τοῖς

1946 681 2237 754 ὁμοφύλοις
2267 681 2725 754 προσφερόμενοι,
2757 683 3032 754 σωτηρίας
3062 681 3417 755 ἀξιωθῶμεν;
3440 686 3532 739 Διὸ

1947 766 2137 835 δέομαι
2189 765 2376 836 ὑμῶν,
2419 766 2492 837 μὴ
2553 765 2848 836 παρέργως
2899 765 3009 820 τῶν
3049 765 3310 821 τοιούτων
3357 767 3532 837 λόγων

1947 848 2239 921 ἀκούσητε.
2271 849 2353 904 re
2403 850 2511 922 γὰρ
2561 849 2811 922 αἱρετικά
2859 849 3139 923 δόγματα,
3189 853 3258 906 τὰ
3293 853 3424 925 παρ’
3457 847 3533 906 ὧν

1949 932 2329 1004 παρελάϐομεν
2350 974 2364 997 ,
2394 933 2812 1006 ἀναθεματίζειν
2850 934 2982 1006 χρὴ.
3019 936 3114 990 καὶ
3136 936 3207 991 τά
3231 937 3404 1008 ἀσεϐῆ
3447 937 3531 991 δό-

1947 1033 2136 1087 γματα
2167 1016 2428 1088 ἐλέγχειν,
2447 1018 2627 1072 πᾶσαν
2651 1017 2709 1072 δὲ
2735 1016 2902 1086 φειδὼ
2921 1017 3223 1090 ἀνθρώπων
3239 1020 3531 1088 ποιεῖσθαι,

1949 1101 2044 1153 καὶ
2076 1099 2332 1171 εὔχεσθαι
2369 1102 2510 1172 ὑπὲρ
2542 1102 2641 1171 τῆς
2681 1102 2862 1156 αὐτῶν
2891 1104 3191 1173 σωτηρίας.
3229 1105 3446 1159 Γένοιτο
3473 1106 3533 1160 δὲ

1949 1184 2157 1247 πάντας
2182 1185 2328 1255 ἡμᾶς
2357 1184 2458 1254 τῆς
2487 1201 2554 1236 πε
2565 1185 2617 1255 pl
2652 1185 2745 1237 τὸν
2770 1185 2903 1238 Θεὸν
2939 1186 3033 1239 καὶ
3057 1187 3284 1256 πλησίον
3310 1189 3535 1259 ἀγάπης

1949 1267 2341 1338 ἀντεχομένους
2361 1309 2374 1328 ,
2411 1269 2505 1320 καὶ
2532 1267 2641 1322 τῶν
2669 1267 3005 1322 δεσποτικῶν
3041 1269 3270 1324 ἐντολῶν
3301 1271 3401 1342 τὴν
3445 1275 3536 1342 ἐρ·-

1949 1349 2150 1417 γασίαν
2177 1349 2540 1420 πληροῦντας,
2568 1349 2705 1420 μετά
2732 1350 2918 1414 ἐλέους
2937 1355 3031 1404 καὶ
3048 1351 3290 1423 φαιδρῶν
3316 1353 3538 1423 λαμπά-

1949 1431 2054 1484 δων
2081 1432 2389 1503 ἀπαντῆσαι
2416 1435 2472 1484 ἐν
2501 1433 2685 1504 ἡμέρᾳ
2714 1433 2812 1504 τῆς
2850 1435 3201 1499 ἀναστάσεως
3227 1435 3255 1475 δ
3282 1436 3434 1507 αὐτῷ
3456 1437 3536 1507 τῷ
3580 1431 3588 1438 ’

1951 1516 2259 1587 ἐπουρανίῳ
2285 1517 2524 1587 νυμφίῳ,
2551 1518 2964 1589 προσφέροντας
2985 1519 3137 1590 αὐτῷ
3164 1521 3453 1587 πλείστους
3477 1525 3537 1578 ὲν

1950 1596 2077 1670 δόξῃ
2097 1598 2480 1670 ὠφεληθέντας
2516 1601 2581 1652 ἐκ
2606 1599 2706 1670 τῆς
2743 1600 2900 1670 ἡμῶν
2938 1601 3320 1673 συμπαθείας,
3350 1606 3538 1677 χάριτι

1952 1684 2046 1735 καὶ
2066 1682 2447 1757 φιλανθρωπίᾳ
2469 1682 2635 1739 αὑτοῦ
2655 1685 2747 1738 τοῦ
2774 1687 3094 1756 μονογενοῦς
3113 1687 3242 1741 Υίοῦ
3264 1689 3358 1743 τοῦ
3375 1690 3534 1756 Θεοῦ,

1955 1765 2072 1836 μεθ’
2100 1763 2160 1821 οὗ
2188 1766 2266 1836 τῷ
2300 1769 2477 1840 Πατρὶ
2501 1766 2627 1832 δόξα
2660 1767 2776 1838 ἅμα
2800 1767 2878 1839 τῷ
2915 1769 3057 1842 ἁγίῳ
3100 1771 3379 1843 Πνεύματι
3399 1813 3413 1838 ,
3442 1773 3538 1828 νῦν

1951 1849 2044 1902 καὶ
2073 1850 2179 1916 ἀεὶ,
2212 1852 2304 1904 καὶ
2325 1851 2404 1914 είς
2438 1850 2660 1912 αἰῶνας.
2705 1850 2895 1920 Ἀμήν.

2013 2020 2044 2059 ι)
2069 2019 2220 2069 Valic.
2246 2027 2330 2079 τῆς
2351 2024 2569 2086 κρίσεως.

297 2313 1860 2353 W

1965 2321 3506 2374 Μ

1740 2565 1801 2628 Μ
1813 2564 2124 2630 ΟΝΙΤΗΜ
2133 2615 2148 2631 .

293 3101 582 3172 επείγοντα
604 3105 738 3175 ἡμῖν
760 3106 789 3158 ὁ
810 3104 966 3174 λόγος
987 3105 1264 3178 ὥρμηται,
1281 3105 1351 3160 τὰ
1373 3107 1614 3179 σήμερον
1643 3104 1748 3159 ὑπὸ
1772 3105 1869 3175 τῆς

293 3203 492 3266 πόλεος
527 3204 747 3276 ἀπάσης
784 3205 1186 3280 ἁμαρτηθέντα.
1230 3207 1369 3270 Τοὺς
1412 3206 1521 3279 γὰρ
1571 3205 1869 3269 ἀκούοντας

284 3305 398 3360 τῶν
434 3307 728 3378 ἐγκωμίων
772 3308 982 3360 Παύλου
1008 3348 1022 3372 ,
1067 3307 1334 3379 πρότερον
1378 3309 1478 3378 τῆς
1521 3308 1722 3378 ἀρετῆς
1773 3308 1868 3362 τοῦ

288 3405 505 3460 Παύλου
538 3405 786 3477 ζηλωτὰς
819 3404 957 3463 εἶναι
983 3409 1109 3481 χρὴ,
1144 3411 1238 3464 καὶ
1275 3412 1377 3481 τῆς
1419 3409 1624 3480 ταύτης
1663 3410 1868 3481 ἀκροά-

292 3524 432 3571 σεως
465 3507 640 3572 ἀξίου.
674 3508 712 3562 Ι.
747 3523 797 3563 e.
835 3508 1020 3580 Nuper
1047 3513 1211 3581 igitur
1236 3528 1352 3565 cum
1396 3511 1606 3566 beatum
1639 3509 1871 3565 Paulum

284 3609 539 3660 encomiis
564 3607 967 3672 celebraremus,
999 3611 1078 3663 ita
1108 3612 1490 3675 exsultavistis,
1516 3613 1670 3682 quasi
1695 3611 1870 3681 ipsum

289 3717 601 3776 prtesentem
627 3710 966 3766 vidissetis...
1007 3710 1256 3765 Volebam
1310 3721 1486 3765 autem
1518 3712 1574 3765 in
1603 3710 1742 3766 idem
1777 3728 1865 3765 ar-

288 3819 598 3878 gumentum
627 3809 780 3861 Itodie
820 3808 1172 3874 descendere;
1217 3809 1310 3864 sed
1343 3808 1413 3862 ad
1438 3809 1548 3863 alia
1601 3809 1866 3880 qutedam,

289 3924 412 3978 quae
441 3910 609 3977 magis
634 3920 840 3979 urgent,
871 3912 1045 3965 oratio
1073 3919 1256 3964 nostra
1289 3911 1610 3979 provehitur,
1662 3911 1714 3964 in
1745 3911 1867 3980 qui-

291 4009 446 4062 buaa
476 4018 588 4062 tota
636 4009 790 4065 hodie
841 4012 1054 4065 civitate
1104 4019 1372 4080 peccatur.
1426 4009 1533 4065 Eos
1583 4013 1721 4065 enim
1779 4013 1872 4082 qui

291 4111 478 4164 laudes
509 4109 674 4164 Pauli
697 4112 884 4164 audire
945 4112 1183 4181 cupiunt,
1236 4111 1387 4180 prius
1439 4111 1648 4164 virtutis
1708 4109 1872 4165 Pauli

291 4212 509 4266 amulos
535 4228 646 4265 esse
687 4219 909 4280 oportet,
945 4220 994 4264 et
1031 4209 1335 4279 hujusmodi
1383 4209 1629 4263 concione
1659 4208 1866 4279 dignos.

291 4312 393 4369 llic
423 4314 576 4370 vides
604 4315 923 4369 concionem
959 4311 1293 4375 memorari,
1327 4311 1490 4382 cujus
1548 4311 1869 4382 hypothesis

291 4433 392 4472 seu
427 4426 811 4486 argumentum
851 4423 1008 4469 erant
1035 4412 1187 4467 Pauli
1219 4411 1448 4478 laudes;
1501 4417 1665 4481 atque
1690 4409 1870 4481 Chry-

297 4525 600 4571 sostomum
636 4514 873 4584 idipsum
931 4521 1313 4578 argumentum
1346 4511 1470 4567 aliis
1501 4513 1556 4566 in
1586 4510 1870 4566 concioui-

293 4621 400 4674 bus
429 4627 673 4687 repetere
694 4616 1077 4673 destinavisse.
1132 4612 1289 4680 Quod
1347 4629 1474 4670 cum
1524 4615 1866 4685 exploratum

295 4721 388 4783 sit,
420 4720 549 4790 quid
582 4717 728 4774 aliud
780 4717 871 4772 hic
925 4714 1386 4784 indiearipolest,
1439 4729 1604 4782 quam
1663 4722 1869 4782 septem

292 4821 402 4876 illa:
456 4819 523 4874 de
582 4817 737 4873 Pauli
770 4816 1027 4873 laudibus
1061 4815 1318 4878 homiliae,
1350 4829 1491 4884 quas
1539 4811 1680 4868 infra
1732 4813 1875 4867 inter

289 4937 579 4978 sermones
611 4920 973 4991 panegyricos
1002 4916 1267 4973 edemus?
1295 4915 1404 4970 Illae
1455 4922 1636 4970 autem
1693 4913 1871 4968 homi-

288 5024 377 5078 lize
407 5022 610 5077 nullam
667 5035 778 5090 pra:
806 5034 866 5075 se
927 5017 1112 5074 ferunt
1169 5015 1434 5086 temporis
1486 5021 1710 5068 notam:
1767 5012 1872 5066 hoc

297 5136 468 5176 unum
501 5135 567 5175 ex
617 5119 722 5174 hac
751 5118 819 5175 de
851 5117 1110 5172 Kalendis
1161 5114 1387 5169 homilia
1444 5112 1713 5182 expiscari
1748 5125 1873 5180 pos-

291 5237 512 5288 sumus,
544 5219 689 5290 quod
722 5219 888 5277 etiam
919 5231 986 5272 ex
1018 5223 1213 5286 quarta
1271 5215 1328 5268 in
1380 5211 1608 5267 Paulum
1645 5212 1869 5266 homilia

293 5324 684 5384 conﬁrmatur,
723 5318 894 5374 fuisse
920 5317 1065 5380 illas,
1095 5313 1320 5385 perinde
1371 5321 1535 5382 atque
1594 5311 1872 5366 homiliam

291 5422 364 5477 de
393 5419 676 5484 Kalendis,
712 5418 1015 5474 Antiochia:
1049 5415 1307 5481 habitas;
1355 5428 1480 5468 nam
1522 5413 1680 5467 initio
1711 5411 1875 5481 hujus

294 5521 539 5577 homilia:
566 5517 718 5581 dicit,
775 5517 1115 5587 episcOpum,
1168 5528 1364 5583 nempe
1402 5513 1741 5576 Flavianum,
1775 5510 1869 5566 ab-

289 5632 502 5679 sentem
535 5629 670 5676 tunc
700 5618 894 5683 fuisse,
919 5632 1042 5672 cum
1079 5617 1196 5670 hazc
1224 5615 1315 5670 ille
1343 5614 1680 5684 praedicaret.

366 5723 542 5778 Aliam
593 5719 802 5797 profert
859 5716 1247 5789 Tillcmontius
1305 5713 1711 5784 conjecturam,
1763 5728 1868 5790 qua

1973 3105 2116 3162 hanc
2143 3105 2210 3160 de
2236 3104 2494 3162 Kalendis
2533 3104 2816 3162 homiliam
2849 3108 2905 3162 in
2937 3121 3140 3161 annum
3171 3105 3273 3160 δεῖ
3302 3105 3542 3163 conferri

1972 3220 2133 3276 posse
2163 3205 2516 3277 probabiliter
2545 3206 2844 3263 existimat.
2881 3203 3174 3260 Homiliam
3202 3205 3435 3276 primam
3471 3205 3542 3261 de

1973 3305 2216 3373 Lazaro,
2252 3305 2452 3376 inquit,
2492 3305 2802 3376 insequenti
2851 3312 2978 3374 post
3007 3304 3290 3359 homiliam
3335 3304 3402 3358 de
3431 3299 3546 3357 Ka-

1972 3403 2148 3460 lendis
2200 3404 2310 3469 die,
2351 3405 2464 3462 sive
2497 3401 2738 3459 secunda
2793 3398 3062 3466 Januarii,
3100 3399 3340 3456 habitam
3373 3397 3545 3455 fuisse

1973 3516 2181 3564 certum
2206 3517 2312 3564 est.
2337 3506 2448 3563 Cur
2477 3515 2659 3562 autem
2692 3505 2932 3562 secunda
2958 3501 3226 3568 Januarii,
3253 3510 3543 3573 postquam

1973 3608 2150 3678 prima
2189 3607 2319 3662 anni
2356 3607 2443 3663 die
2483 3605 2598 3677 jam
2633 3605 2956 3660 concionem
3009 3602 3292 3667 habuerat,
3347 3602 3543 3656 iterum

1973 3706 2404 3761 concionaturus
2436 3702 2633 3758 fuisset
2665 3716 2774 3762 non
2816 3700 3065 3756 videmus
3093 3717 3109 3766 ;
3146 3699 3251 3754 nisi
3306 3699 3426 3754 dies
3458 3700 3548 3755 ille

1974 3815 2281 3862 conventus
2315 3803 2531 3867 fuisset,
2573 3802 2833 3858 nimirum
2858 3809 2952 3855 aut
2997 3799 3280 3856 sabbatum
3312 3806 3408 3854 aut
3441 3798 3548 3854 Do-

1973 3905 2197 3971 minica,
2230 3904 2432 3974 quibus
2459 3902 2766 3958 certissime
2791 3900 2985 3954 diebus
3011 3897 3251 3954 collectae
3271 3896 3546 3952 habeban-

1973 4010 2104 4058 tur:
2139 4003 2292 4072 atqui
2321 4014 2466 4056 anno
2492 3997 2598 4055 '58?
2641 3999 2758 4053 dies
2796 3995 3036 4052 secunda
3069 3993 3316 4050 Januarii
3355 3995 3547 4051 incidit

1975 4106 2030 4160 in
2091 4103 2400 4170 sabbatum,
2453 4101 2689 4170 indeque
2728 4097 3097 4153 verisimiliter
3151 4094 3441 4165 conjicitur
3489 4097 3544 4150 in

1974 4223 2179 4262 annum
2211 4205 2316 4260 387
2348 4202 2735 4261 conferendam
2768 4215 2890 4257 esse
2927 4193 3075 4254 hanc
3109 4196 3411 4252 homiliam.
3442 4195 3546 4250 Leo

1973 4309 2210 4365 vissima-
2231 4321 2363 4362 sane
2392 4304 2708 4376 conjectura
2735 4320 2749 4358 :
2781 4316 2906 4356 nam
2932 4313 3077 4369 saepe
3116 4297 3544 4368 Chrysostomus

1973 4404 2152 4458 tribus
2209 4410 2516 4472 quatuorve
2576 4397 3084 4469 consequentibus,
3149 4395 3262 4450 imo
3315 4393 3544 4464 singulis

1973 4503 2328 4560 hebdomada:
2388 4501 2582 4555 diebus
2656 4499 3018 4555 concinnatus
3079 4493 3541 4568 deprehenditur:

1973 4618 2150 4675 neque
2179 4614 2478 4673 possumus
2505 4597 2590 4651 vel
2621 4605 2824 4652 certam
2879 4596 2960 4650 vel
3009 4597 3300 4650 admodum
3347 4595 3542 4666 proba-

1970 4702 2134 4758 bilem
2177 4713 2398 4755 causam
2431 4696 2676 4767 proferre
2705 4709 2804 4750 cur
2851 4703 2942 4747 aut
2978 4695 3162 4762 plures
3207 4708 3302 4762 per
3333 4693 3542 4748 hebdo-

1971 4800 2188 4858 madam
2220 4807 2316 4854 aut
2361 4795 2668 4866 pauciores,
2699 4799 2794 4847 aut
2828 4793 3194 4849 continuatas.
3230 4800 3325 4848 aut
3363 4792 3534 4846 inter-

1971 4900 2172 4955 missas
2201 4895 2493 4951 conciones
2523 4891 2951 4964 Chrysostomus
2978 4890 3247 4955 habuerit,
3304 4895 3365 4944 ut
3432 4891 3550 4958 ipse

1973 4998 2356 5056 Tillemontius
2390 5012 2499 5051 non
2526 4996 2692 5050 semel
2736 4993 2960 5057 fatetur,
2993 4999 3048 5046 et
3077 4992 3322 5062 pluribus
3364 4991 3546 5046 decla-

1971 5101 2185 5157 rabitur
2224 5099 2280 5153 in
2311 5095 2433 5151 Vita
2475 5093 2877 5166 Chryaostomi.
2914 5089 3204 5147 Homiliam
3245 5091 3428 5161 itaque
3481 5091 3550 5144 de

1974 5199 2231 5256 Kalendis
2260 5199 2366 5253 hoc
2397 5197 2519 5252 loco
2554 5193 2835 5264 ponimus,
2873 5193 3004 5262 quia
3037 5206 3146 5247 non
3173 5190 3438 5259 aptiorem
3470 5187 3551 5243 lo-

1972 5320 2096 5361 cum
2122 5301 2446 5373 consignare
2475 5297 2741 5352 valemus.

2045 5401 2549 5474 lnterpretationem
2598 5412 2731 5454 vero
2789 5394 3018 5452 Joannis
3062 5391 3226 5448 Checi
3259 5390 3551 5445 Cantabri-

1979 5505 2202 5578 giensis,
2261 5503 2513 5575 plurimis
2566 5501 2622 5556 in
2654 5500 2792 5558 locis
2845 5498 3190 5571 castigatam,
3243 5511 3273 5552 e
3327 5495 3548 5566 regione

1982 5611 2151 5667 Graeci
2190 5617 2367 5666 textus
2394 5607 2666 5678 ponimus.
