3862 6228
209 304 318 361 955

1606 291 1670 347 lN
1710 288 2095 349 KALENDAS.

3373 265 3479 321 935.

232 529 3401 560 WW—

217 891 501 935 EJUSDEM
535 890 768 933 ORATIO
797 891 1109 935 KALENDIS
1146 890 1403 945 ΗΔΒΙΤΑ,
1448 890 1579 934 CUM
1632 886 1761 932 NON
1802 888 2099 933 VENISSET
2148 887 2212 929 IN
2248 885 2570 930 PUBLICUM
2608 880 2687 925 ΕΟ
2728 882 2834 923 DIE
2872 878 3207 922 EPISCOPUS
3246 873 3474 921 ANTIO-

297 971 460 1012 C‘WE
495 970 868 1025 FMV'ANUS.
918 971 1170 1013 CONTRA
1208 970 1323 1011 EOS
1359 970 1468 1021 QUI
1510 968 1858 1011 NOVILUNIA
1893 966 2290 1023 onsenvsu'r,
2333 966 2411 1008 ET
2455 964 2520 1007 IN
2570 962 2865 1005 cmu're
2916 957 3162 1003 cnoaos
3193 955 3473 1012 nucum,

299 1050 376 1096 ετ
413 1050 474 1091 IN
510 1049 746 1093 merum
782 1022 1105 1106 Aposrou,
1143 1048 1344 1093 omxu
1378 1048 1442 1091 1N
1476 1045 1757 1092 omnum
1793 1049 1818 1089 r

1925 1048 2153 1092 mc.th
2186 1029 2237 1106 (1
2276 1022 2423 1088 Cor.
2463 1026 2558 1096 10,
2600 1022 2731 1099 31).-

291 1908 337 1961 ‘l.
368 1904 484 1958 "(cc
510 1901 755 1961 Flaviano
777 1896 1025 1966 Episcopo
1048 1907 1145 1945 non
1168 1893 1406 1959 prarsente
1426 1881 1559 1934 dicta
1584 1880 1717 1929 sunt.
1732 1896 1802 1907 -—

214 1993 668 2066 Quemadmodum
718 1990 913 2044 chorus
969 1981 1336 2053 praesultorcm
1365 2016 1379 2039 ,
1426 1980 1479 2027 et
1525 1975 1800 2023 nautarum

218 2086 503 2143 multitudo
532 2085 942 2154 gubernatorem
990 2072 1209 2141 inquirit
1235 2086 1248 2120 :
1278 2068 1357 2122 sic
1386 2072 1439 2118 et
1467 2057 1801 2116 sacerdotum

218 2183 319 2236 iste
348 2188 517 2234 coetus
546 2174 845 2244 pontificem
877 2167 1036 2222 hodie
1064 2177 1221 2218 suum
1251 2168 1304 2214 et
1335 2167 1672 2211 communem
1714 2163 1803 2216 pa-

220 2284 355 2326 trem
383 2269 667 2323 desiderat.
699 2263 805 2327 Sed
837 2262 887 2314 in
915 2259 1079 2313 choro
1109 2263 1163 2313 et
1187 2252 1305 2306 navi
1333 2262 1519 2304 eorum
1550 2242 1637 2311 qui
1666 2256 1804 2310 pra:—

219 2379 344 2419 csse
370 2362 565 2417 debent
602 2355 838 2413 absentia
858 2395 873 2419 ,
902 2351 1125 2407 multum
1167 2360 1310 2417 saepe
1344 2354 1453 2397 tum
1483 2334 1804 2401 ornamenti,

221 2469 332 2512 tum
363 2454 661 2511 securitatis
705 2447 937 2505 detrahit
966 2463 981 2499 :
1007 2444 1093 2497 hic
1134 2450 1308 2495 autem
1350 2448 1527 2490 secus.
1556 2425 1808 2496 Quamvis

220 2549 362 2601 enim
401 2559 562 2600 carne
588 2558 693 2596 non
724 2539 903 2603 adsit,
935 2534 1124 2604 spiritu
1170 2540 1344 2583 tamen
1372 2523 1561 2588 adest,
1590 2527 1643 2574 et
1668 2528 1809 2570 nunc

222 2638 497 2692 nobiscum
523 2641 638 2699 est,
663 2631 805 2685 domi
832 2644 953 2684 cum
994 2624 1175 2680 sedeat
1202 2660 1216 2685 ,
1242 2611 1685 2688 quemadmodum
1711 2620 1810 2661 nos

227 2744 351 2782 cum
381 2727 471 2780 illo
496 2738 699 2789 sumus,
731 2732 1050 2791 quamquam
1080 2713 1165 2768 hic
1190 2721 1412 2766 stemus.
1446 2706 1517 2759 Ita
1548 2701 1689 2757 enim
1716 2712 1808 2752 ca-

227 2819 404 2873 ritatis
426 2826 610 2870 natura
639 2822 753 2878 est,
778 2820 830 2865 ut
880 2811 1037 2878 longo
1062 2802 1339 2860 intervallo
1363 2797 1655 2867 disjunctos
1683 2805 1810 2845 con-

232 2918 421 2979 grcgct
449 2916 503 2962 et
530 2903 810 2960 devinciat.
844 2900 974 2954 Nam
1022 2896 1290 2951 hominem
1322 2891 1373 2944 in
1400 2888 1570 2942 aliena
1598 2883 1813 2952 regione

222 3006 678 3062 commorantcm,
736 3002 791 3049 et
847 2990 1051 3061 magnis
1107 3003 1134 3039 a
1177 2983 1332 3038 nobis
1377 2975 1678 3049 mquoribus
1705 2972 1813 3025 dis-

225 3093 467 3160 junctum
496 3088 541 3141 si
567 3086 867 3154 diligamus,
899 3078 1133 3150 quotidie
1160 3075 1339 3129 animo
1387 3065 1813 3139 cogitationeque

226 3182 521 3249 sequimur,
553 3172 1001 3248 quemadmodum
1029 3185 1148 3225 cum
1180 3180 1305 3235 erga
1331 3162 1562 3230 aliquem
1596 3171 1702 3210 non
1742 3153 1812 3207 ita

228 3246 404 3328 affecti
429 3246 641 3332 sumus,
670 3283 790 3322 eum
820 3281 886 3319 ne
916 3277 1078 3332 prope
1106 3258 1319 3328 quidem
1348 3253 1646 3308 adstantem
1674 3246 1815 3315 aspi-

229 3380 355 3419 cere
379 3363 680 3433 dignamur.
704 3356 808 3413 Sed
844 3364 902 3410 ut
929 3369 1048 3408 cum
1076 3349 1269 3404 caritas
1290 3344 1461 3410 adest,
1485 3340 1688 3395 nullum
1713 3337 1813 3390 im-

232 3456 595 3525 pedimentum
639 3467 707 3506 ex
745 3448 845 3504 loci
890 3442 1168 3500 intervallo
1209 3447 1319 3503 est;
1357 3436 1435 3490 sic
1470 3431 1659 3487 eadem
1695 3441 1815 3482 cum

232 3524 417 3611 abest,
445 3545 645 3598 nullum
679 3538 988 3611 praesidium
1016 3550 1082 3589 ex
1111 3533 1351 3587 locorum
1372 3524 1641 3580 vicinitate
1667 3533 1820 3589 para-

235 3646 343 3690 tur.
369 3634 545 3704 Nuper
564 3641 742 3686 autem
764 3644 883 3683 cum
912 3626 1124 3680 beatum
1147 3620 1367 3677 Paulum
1390 3611 1648 3670 encomiis
1674 3607 1817 3663 cele—

235 3727 545 3788 braremus,
580 3723 647 3775 ita
687 3715 1048 3775 exsultavistis
1068 3754 1082 3777 ,
1113 3711 1264 3782 quasi
1302 3708 1473 3775 ipsum
1501 3705 1817 3772 praesentem

240 3815 531 3870 vidissctis.
562 3811 722 3880 Atqui
751 3822 943 3877 corpus
968 3805 1085 3874 ejus
1108 3815 1228 3856 cum
1258 3798 1310 3852 in
1333 3795 1475 3865 regia
1500 3791 1631 3846 urbe
1650 3789 1818 3843 Roma

236 3908 432 3981 jaceat,
461 3906 637 3959 anima
669 3913 844 3957 autem
872 3900 925 3952 in
950 3910 1112 3950 manu
1140 3891 1231 3945 Dei
1259 3888 1366 3951 sit;
1396 3884 1660 3938 Justorum
1688 3878 1821 3933 enim

239 3979 427 4057 anima:
451 4000 504 4052 iu
530 4012 680 4050 manu
712 3993 808 4047 Dei
833 3998 968 4053 sunt,
991 3997 1037 4041 et
1068 4001 1168 4039 non
1189 3988 1356 4051 tanget
1380 3979 1495 4031 illo:
1521 3981 1820 4028 tormentum

241 4095 416 4167 (Sap.
456 4092 509 4145 3.
541 4089 608 4159 l)
645 4106 659 4141 :
690 4082 924 4140 caritatis
966 4088 1143 4133 tamen
1183 4074 1263 4128 vis
1292 4072 1441 4126 illum
1480 4074 1603 4121 ante
1639 4062 1822 4118 oculos

241 4158 451 4240 vestros
489 4158 788 4235 collocavit.
830 4171 1080 4227 Volebam
1123 4173 1300 4220 autem
1341 4162 1395 4215 in
1437 4158 1575 4214 idem
1613 4166 1822 4225 quoque

241 4280 613 4343 argumentum
645 4266 801 4320 hodie
828 4257 1152 4316 descendere
1174 4296 1189 4320 ,
1215 4252 1308 4308 sed
1336 4249 1403 4303 ad
1426 4249 1526 4303 alia
1556 4244 1819 4316 quredam,

244 4378 364 4433 qua:
386 4359 553 4429 magis
580 4364 787 4426 urgent,
815 4351 985 4406 oratio
1006 4354 1185 4401 nostra
1209 4338 1531 4413 provehitur,
1556 4335 1608 4389 in
1633 4331 1824 4402 quibus

244 4424 282 4509 τι
309 4461 414 4508 tota
445 4424 601 4506 hodie
639 4424 854 4503 civitate
890 4447 1158 4512 peccatur.
1190 4436 1294 4489 Eos
1333 4432 1473 4487 enim
1513 4428 1600 4498 qui
1640 4424 1824 4479 laudes

246 4546 397 4603 Pauli
424 4542 608 4597 audire
627 4539 869 4608 cupiunt,
894 4534 1040 4603 prius
1063 4528 1272 4583 virtutis
1293 4522 1439 4579 Pauli
1466 4517 1687 4575 aemulos
1706 4529 1825 4570 esse

246 4645 478 4708 oportet,
505 4643 556 4690 et
580 4628 881 4701 huiusmodi
908 4624 1165 4680 concione
1185 4620 1391 4687 dignos.
1414 4612 1676 4681 Quoniam
1698 4622 1825 4677 ergo

246 4698 356 4787 non
379 4698 528 4781 adest
548 4698 705 4777 hodie
731 4728 902 4791 pater,
935 4730 1049 4785 age,
1081 4710 1324 4782 precibus
1349 4707 1488 4761 illius
1515 4702 1655 4766 freti,
1683 4698 1823 4769 quod

247 4822 316 4876 ad
348 4817 733 4873 institutionem
776 4807 939 4865 vestri
978 4805 1206 4875 pertinet
1232 4802 1573 4866 attingamus.
1612 4790 1743 4844 Nam
1773 4795 1829 4843 et

250 4914 480 4983 Moyses,
513 4919 828 4978 quamquam
866 4915 970 4954 non
1000 4908 1227 4965 corpore
1257 4902 1491 4961 praesens
1529 4899 1649 4939 cum
1672 4896 1826 4937 exer-

250 5007 363 5060 citu
391 5001 506 5068 fuit,
533 4997 877 5054 nihilominus
909 5002 1106 5053 tamen,
1139 4987 1247 5040 imo
1277 4981 1443 5036 multo
1471 4976 1640 5046 magis
1669 4988 1827 5043 quam

250 5094 439 5165 reliqui
469 5090 795 5163 prmliantes,
826 5082 1104 5138 victoriam
1138 5072 1417 5148 promovit,
1452 5067 1630 5139 pansis
1657 5063 1829 5119 mani-

252 5190 353 5242 bus
373 5161 680 5241 sustentans
708 5190 922 5233 causam
950 5184 1164 5227 suorum
1185 5208 1201 5233 ,
1228 5174 1282 5221 et
1310 5161 1547 5217 hostibus
1572 5165 1830 5219 terrorem

254 5276 520 5331 incutiens
542 5269 729 5342 (Exod.
757 5268 864 5334 l7).
888 5258 1347 5331 Quemadmodum
1370 5250 1513 5307 enim
1544 5261 1713 5315 neque
1739 5258 1831 5298 ca-

254 5370 425 5425 ritatis
449 5334 564 5430 vis,
595 5364 667 5418 ita
714 5373 887 5429 neque
930 5350 1246 5424 precationis
1286 5342 1573 5402 efficacitas
1615 5335 1717 5392 loci
1754 5334 1835 5388 in-

257 5460 479 5516 tervallo
526 5462 843 5515 coercetur;
889 5446 984 5503 sed
1030 5445 1168 5499 sicut
1213 5440 1299 5493 illa
1346 5437 1503 5505 longe
1541 5429 1835 5498 disjunctos

256 5549 491 5619 copulat,
520 5547 598 5601 sic
624 5553 677 5599 et
704 5543 818 5596 haec
847 5552 941 5593 eos
966 5534 1057 5604 qui
1087 5529 1269 5602 procul
1300 5527 1522 5583 absunt,
1552 5516 1834 5574 admodum

256 5610 440 5715 jar-are
462 5610 658 5711 potest.
685 5633 935 5695 Fldentes
958 5627 1113 5698 igitur
1142 5624 1193 5678 in
1218 5635 1439 5704 pugnam
1463 5610 1833 5687 procedamus.

2365 1307 2444 1359 “‘-

1908 1864 2037 1920 Nam
2067 1876 2120 1921 et
2141 1868 2291 1922 nobis
2318 1866 2473 1922 hodie
2498 1866 2694 1921 bellum
2727 1867 2980 1921 indictum
3006 1874 3105 1933 est,
3138 1882 3241 1922 non
3269 1866 3471 1923 Amale-

1906 1956 2024 2009 citis
2052 1957 2435 2019 invadentibus,
2467 1967 2523 2010 ut
2553 1967 2662 2010 tum
2705 1959 2952 2019 fecerant,
2980 1966 3069 2011 aut
3098 1956 3216 2010 aliis
3242 1957 3475 2013 barbaris

1909 2046 2294 2102 incursantibus
2319 2087 2332 2112 ,
2361 2046 2452 2105 sed
2498 2046 2825 2105 tlwtnonibus
2868 2061 3111 2120 pompam
3153 2046 3203 2098 in
3237 2047 3350 2101 foro
3382 2047 3478 2100 du-

1908 2137 2167 2194 ccnlibus.

1984 2229 2094 2294 Quo
2135 2241 2280 2299 pacto
2322 2232 2518 2285 initium
2568 2233 2689 2285 anni
2712 2233 3060 2285 celebraretur.
3091 2261 3161 2272 —-
3201 2232 3479 2287 Diabolica'.

1910 2322 2050 2374 enim
2074 2324 2499 2390 pernoctationes
2524 2338 2641 2392 quae
2690 2322 2847 2377 hodie
2876 2324 3005 2377 liunt
3025 2331 3077 2378 et
3119 2323 3480 2383 cavillationes

1910 2420 1965 2465 et
1983 2412 2239 2477 convicia,
2285 2421 2339 2466 et
2374 2413 2684 2467 saltationes
2714 2423 2982 2467 nocturna:
3003 2453 3018 2477 ,
3048 2422 3102 2468 et
3128 2412 3343 2468 ridicula
3369 2413 3482 2467 haec

1911 2503 2416 2573 commdia,quovis
2468 2504 2618 2558 hoste
2644 2502 2881 2558 deterius
2929 2504 3194 2558 civitatem
3246 2513 3480 2558 nostram

1912 2594 2169 2661 captivam
2201 2592 2399 2648 faciunt
2430 2612 2442 2646 :
2476 2604 2529 2648 et
2573 2608 2695 2648 cum
2733 2602 3036 2664 oporteret,
3069 2601 3126 2647 ut
3153 2594 3330 2647 animo
3367 2609 3487 2646 con-

1913 2685 2272 2750 traherentur,
2303 2685 2565 2755 lugerent,
2613 2684 3015 2750 erubescerent,
3058 2693 3166 2738 tum
3217 2685 3303 2753 qui
3349 2684 3484 2737 deh-

1914 2784 2173 2845 querunt,
2228 2784 2339 2829 tum
2395 2776 2482 2844 qui
2538 2790 2644 2830 non
2702 2774 3072 2844 deliquerunt,
3121 2775 3194 2828 illi
3274 2774 3486 2844 quidem

1913 2877 2130 2937 propter
2150 2867 2378 2921 admissa
2409 2866 2640 2921 facinora
2662 2908 2678 2933 ,
2706 2866 2761 2920 hi
2794 2880 2920 2921 vero
2948 2866 3069 2935 quia
3115 2867 3304 2921 fratres
3342 2867 3489 2920 vidc—

1915 2968 2035 3013 runt
2065 2958 2286 3028 turpiter
2332 2967 2581 3028 agentes:
2616 2958 2735 3012 laeta
2755 2973 2874 3012 cum
2918 2958 3105 3026 primis
3135 2958 3319 3012 civitas
3349 2959 3483 3013 facta

1915 3058 2016 3115 est,
2044 3056 2097 3103 et
2122 3060 2392 3113 coronata,
2424 3059 2477 3102 et
2508 3049 2698 3112 forum,
2729 3048 2879 3116 quasi
2904 3046 3117 3115 elegans
3146 3055 3485 3115 sumptuosa-

1915 3156 2019 3211 que
2061 3140 2269 3205 mulier,
2300 3138 2580 3193 ambitiose
2607 3137 2764 3191 hodie
2789 3144 3098 3201 exornatur,
3131 3145 3185 3189 et
3226 3150 3374 3200 auro,
3408 3137 3490 3190 in-

1917 3231 2182 3286 dumentis
2225 3231 2495 3300 pretiosis,
2542 3229 2767 3295 calceis,
2796 3237 2851 3284 et
2876 3228 3093 3298 reliquis
3140 3227 3255 3297 ejus
3280 3231 3491 3297 generis

1918 3321 2157 3387 vestitur,
2185 3319 2406 3390 singulis
2444 3319 2497 3373 in
2526 3318 2736 3372 ofﬁcina
2784 3331 2877 3371 sua
2919 3316 3112 3385 opiﬁcii
3142 3318 3221 3370 sui
3249 3316 3492 3371 vendita-

1918 3413 2062 3467 tione
2089 3410 2325 3480 ejusdem
2356 3409 2563 3464 artiﬁcii
2593 3409 2765 3463 socios
2793 3407 3109 3462 antecellere
3137 3406 3491 3469 studentibus,

1918 3504 2045 3559 Haec
2071 3512 2246 3557 autem
2273 3502 2599 3557 concertatio
2624 3514 2943 3570 quamquam
2974 3498 3189 3568 puerilis
3218 3498 3493 3567 cujusdam

1919 3592 2251 3662 Cogitationis
2270 3598 2354 3645 est
2372 3632 2387 3657 ,
2415 3599 2469 3645 et
2493 3589 2654 3643 animi
2680 3589 2812 3643 nihil
2841 3603 3012 3657 neque
3045 3602 3294 3657 magnum
3325 3602 3497 3657 neque

1921 3685 2149 3739 sublime
2173 3682 2453 3753 cogitantis
2471 3722 2485 3748 ,
2515 3696 2619 3734 non
2645 3681 2714 3734 ita
2741 3679 2965 3734 multum
2990 3687 3163 3732 tamen
3194 3692 3375 3733 secum
3416 3677 3497 3733 in-

1921 3777 2187 3833 commodi
2217 3783 2490 3846 apportat;
2523 3773 2617 3829 sed
2662 3771 3050 3827 inconsiderata
3080 3770 3320 3839 quaedam
3347 3770 3497 3825 solli-

1921 3872 2100 3928 citudo
2138 3879 2221 3925 est
2240 3911 2256 3935 ,
2284 3884 2401 3938 qua:
2431 3865 2671 3922 sollicitis
2696 3865 2860 3918 risum
2894 3863 3047 3932 parit.
3074 3838 3128 3917 Si
3173 3863 3313 3916 enim
3338 3876 3499 3915 exor-
3560 3838 3564 3841 h

1925 3977 2053 4018 nare
2094 3958 2291 4029 aliquid
2324 3956 2548 4012 volueris
2570 3994 2585 4021 ,
2615 3969 2721 4009 non
2769 3952 3065 4017 officinam,
3096 3950 3190 4005 sed
3229 3958 3494 4017 mentem,

1925 4068 2029 4108 non
2080 4050 2274 4112 forum,
2320 4047 2413 4101 sed
2463 4043 2861 4114 intelligentiam
2912 4050 3053 4095 tuam
3102 4049 3395 4104 exornato,
3442 4050 3500 4095 ut

1925 4141 2097 4213 angeli
2132 4138 2410 4199 mirentur,
2439 4133 2742 4203 archangeli
2775 4131 2875 4186 hoc
2915 4129 3231 4201 approbent,
3259 4128 3374 4197 ipse
3403 4144 3499 4183 an-

1925 4236 2161 4306 gelorum
2191 4231 2446 4285 Dominus
2488 4228 2598 4282 suis
2638 4234 2690 4279 te
2736 4223 2892 4278 donis
2933 4228 3322 4276 remuneretur.
3372 4219 3499 4274 Haec

1924 4328 2065 4383 enim
2095 4339 2214 4395 quae
2242 4336 2381 4377 nunc
2401 4328 2485 4375 est
2511 4314 2820 4378 venditatio,
2842 4322 2953 4367 tum
2979 4312 3163 4375 risum,
3199 4320 3308 4365 tum
3329 4325 3497 4366 temu-

1926 4419 2177 4474 lationem
2208 4420 2481 4483 apportat;
2510 4409 2578 4463 ab
2619 4408 2683 4461 iis
2717 4407 2804 4475 qui
2852 4402 3065 4458 excelso
3115 4408 3240 4456 sunt
3284 4400 3498 4466 animo,

1926 4511 2127 4572 risum;
2160 4505 2354 4561 abillis
2380 4502 2468 4573 qui
2499 4501 2550 4555 in
2578 4498 2765 4554 eadem
2808 4494 3119 4565 aegritudine
3157 4500 3312 4557 sunt,
3336 4506 3503 4545 aemu-

1928 4599 2174 4654 lationem
2207 4592 2562 4660 invidiamque
2588 4586 2831 4642 multam.

1996 4689 2053 4744 2.
2094 4685 2218 4749 Sed,
2251 4693 2309 4739 ut
2336 4690 2489 4736 antea
2517 4678 2623 4733 dixi
2642 4718 2657 4742 ,
2690 4690 2797 4730 non
2820 4674 2887 4726 ita
2909 4668 3359 4740 reprehendenda;
3382 4679 3504 4723 sunt

1930 4782 2013 4835 Ine
2053 4767 2622 4837 concertationeszqui
2648 4779 2775 4820 vero
2817 4764 2869 4817 in
2915 4761 3149 4815 tabernis
3192 4759 3301 4814 ludi
3345 4757 3504 4812 hodie

1930 4873 2091 4933 fiunt,
2127 4868 2200 4923 illi
2235 4879 2322 4920 me
2350 4861 2578 4917 maxime
2600 4856 2939 4917 excruciant,
2961 4861 3016 4909 et
3036 4851 3321 4921 impietatis
3346 4858 3504 4918 atque

1932 4958 2351 5032 intemperantia
2395 4952 2532 5024 pleni
2572 4957 2728 5015 sunt;
2762 4944 3047 5016 impietatis
3092 4941 3327 5012 quidem,
3363 4940 3511 5009 quod

1933 5056 2021 5125 qni
2050 5029 2163 5107 haec
2191 5050 2386 5103 faciunt
2406 5087 2422 5112 ,
2449 5043 2562 5098 dies
2587 5038 2893 5103 observant,
2918 5043 2972 5091 et
2990 5033 3223 5104 auguriis
3250 5029 3480 5085 addicun
3497 5059 3509 5068 -

1937 5117 2040 5205 t-ur.
2068 5152 2123 5198 et
2146 5147 2328 5211 putant
2354 5136 2400 5190 si
2426 5129 2750 5188 novilunium
2777 5126 2976 5181 mensis
2993 5122 3149 5193 hujus
3193 5135 3313 5176 cum
3358 5117 3514 5172 volu-

1938 5244 2083 5308 ptate
2110 5208 2165 5288 et
2186 5228 2363 5285 lretitia
2392 5224 2617 5292 degant,
2644 5218 2911 5287 reliquum
2933 5227 2991 5269 se
3010 5225 3213 5267 annum
3236 5208 3315 5263 sic
3339 5214 3519 5261 trans.

1937 5333 2155 5383 acturos
2198 5338 2213 5385 ;
2267 5310 2692 5384 intemperantiae
2762 5320 2911 5371 vero,
2962 5301 3105 5373 quod
3174 5299 3343 5368 prima
3387 5295 3509 5350 luce

1941 5414 2152 5470 femina:
2180 5418 2233 5464 et
2261 5408 2361 5462 viri
2391 5402 2578 5475 pocula
2622 5397 2941 5467 implentes,
2970 5391 3132 5446 multa
3162 5403 3283 5443 cum
3314 5386 3511 5439 intem-

1942 5503 2181 5579 perantia
2208 5500 2390 5553 vinum
2437 5506 2643 5549 merum
2694 5487 2901 5543 bibunt.
2954 5482 3078 5536 Haec
3123 5478 3335 5547 indigna
3387 5485 3513 5527 sunt

1942 5563 2116 5654 vestra
2175 5585 2538 5663 philosophia,
2589 5581 2701 5637 sive
2744 5593 2806 5645 ea
2857 5587 2953 5630 vos
2998 5570 3097 5659 ipsi
3133 5566 3369 5636 faciatis,
3401 5563 3518 5619 sive
