3862 6228
349 250 456 305 955

362 369 494 424 alios
521 369 621 424 hoc
651 368 824 422 lacere
860 365 1214 435 permittatis,
1244 365 1356 418 sive
1403 362 1456 416 hi
1502 361 1681 416 famuli
1722 361 1925 425 vestri,

359 462 474 516 sive
513 459 692 520 amici,
721 459 834 512 sive
875 457 1030 510 vicini
1072 454 1288 509 fuerint.
1320 454 1433 508 Non
1478 453 1667 506 audisti
1711 453 1927 506 Paulum

359 551 657 604 dicentem:
703 547 824 602 Dies
889 546 1158 600 observatis
1211 554 1256 596 ιιι
1309 559 1536 608 menses,
1585 553 1631 596 et
1679 553 1925 611 tempora,

359 653 406 694 et
434 657 609 694 annos.
643 639 841 702 Metuo,
874 654 935 691 ne
963 640 1151 708 frustra
1194 635 1243 688 in
1291 635 1426 688 vobis
1446 628 1927 704 Ιαὸοηιυει-ἱηιίϐιιο

359 734 450 784 (at.
485 735 536 784 4.
573 730 658 784 10.
692 731 803 797 Η).

432 822 783 887 Auspiciorum
806 828 853 872 et
877 819 1100 872 ominum
1120 817 1332 872 vanitas.
1364 845 1435 856 —
1462 817 1707 885 Alioquin
1745 826 1927 870 extre-

361 931 460 970 ma:
488 913 586 968 hoc
615 921 699 966 est
723 911 989 973 amentiae,
1041 920 1253 979 propter
1277 924 1438 962 unum
1466 907 1607 962 diem
1627 947 1642 970 ,
1673 908 1718 962 si
1745 906 1923 975 auspi-

356 1016 504 1057 catus
530 1004 704 1066 fuerit,
736 1017 830 1070 per
859 1002 1163 1056 universum
1208 998 1310 1053 hoc
1357 1006 1668 1067 exspectare
1692 1012 1922 1052 annum:

353 1110 527 1164 neque
571 1093 818 1147 amentue
847 1091 1018 1146 solum
1040 1129 1057 1156 ,
1084 1089 1176 1143 sed
1202 1088 1475 1142 diabolica:
1503 1087 1772 1156 cujusdam
1803 1085 1923 1141 effi-

353 1187 565 1240 cientia:
589 1183 842 1254 judicium
871 1193 972 1248 est,
993 1197 1097 1236 non
1127 1181 1342 1250 proprio
1367 1180 1539 1233 studio
1563 1190 1617 1234 et
1641 1179 1922 1244 alacritati,

353 1275 445 1328 sed
471 1272 790 1344 quibusdam
823 1272 1027 1325 dierum
1056 1269 1454 1325 circuitionibus
1481 1269 1639 1322 vitam
1685 1281 1922 1323 nostram

352 1365 748 1421 commendare.
793 1363 1112 1418 Fortunatus
1179 1361 1270 1414 tibi
1323 1360 1376 1413 in
1412 1360 1714 1413 universum
1753 1375 1923 1413 annus

351 1459 472 1522 erit,
498 1471 603 1509 non
630 1454 675 1508 si
706 1454 756 1507 in
791 1453 1056 1507 novilunio
1081 1451 1258 1505 ebrius
1279 1449 1440 1503 fueris
1460 1491 1474 1515 ,
1506 1450 1596 1503 sed
1625 1451 1666 1502 si
1693 1451 1742 1502 in
1768 1452 1922 1502 novi—

351 1550 498 1601 lunio
522 1556 576 1601 et
599 1560 915 1614 ttnoquoque
939 1542 1026 1597 die
1050 1557 1167 1612 qua:
1193 1543 1298 1595 Deo
1325 1541 1539 1610 probata
1566 1550 1688 1594 sunt
1713 1541 1920 1595 feceris.

350 1641 476 1694 Dies
498 1639 639 1693 enim
680 1636 845 1689 bonus
866 1644 917 1688 et
947 1634 1114 1687 malus
1136 1642 1247 1696 est,
1277 1648 1379 1685 non
1401 1633 1627 1701 quadam
1659 1631 1758 1684 sibi
1797 1650 1920 1700 pru-

348 1732 463 1800 pria
491 1739 674 1782 natura
697 1769 709 1788 ,
745 1726 873 1779 nihil
899 1726 1039 1778 enim
1067 1723 1184 1777 dies
1212 1739 1240 1774 a
1271 1725 1354 1777 die
1379 1722 1586 1786 differt;
1619 1721 1712 1775 sed
1741 1733 1920 1776 nostra

348 1823 430 1878 vel
449 1821 714 1888 diligentia
736 1858 751 1883 ,
776 1819 859 1872 vel
891 1817 1114 1886 ignavia.
1141 1815 1196 1870 Si
1217 1815 1475 1884 justitiam
1503 1812 1692 1867 feceris
1710 1853 1725 1877 ,
1751 1813 1922 1866 bonus

350 1915 440 1966 tibi
479 1912 594 1966 dies
634 1910 873 1965 eritzsiu
920 1917 1189 1977 peccatum
1228 1905 1620 1975 designaveris,
1649 1905 1818 1959 malus
1869 1914 1923 1958 et

348 2003 586 2072 supplicii
617 2002 818 2069 plenus.
852 2000 904 2054 Si
936 2000 1035 2052 ista
1065 1997 1382 2060 meditatus,
1407 1997 1451 2050 si
1489 1997 1556 2048 ita
1587 1996 1764 2049 animo
1789 1995 1918 2048 affe-

347 2105 465 2147 ctus
491 2091 653 2145 fncris
674 2132 688 2155 ,
720 2099 773 2144 et
803 2103 987 2158 preces
1025 2088 1497 2157 eleemosynasque
1538 2085 1771 2156 quotidie
1821 2085 1916 2138 ad-

347 2183 610 2248 hibueris,
670 2182 992 2235 fortunatum
1045 2179 1265 2234 habebis
1341 2188 1508 2232 totum
1561 2193 1789 2232 annum:
1835 2180 1917 2230 sin

344 2269 594 2328 virtutem
650 2271 941 2341 neglexeris
969 2311 982 2330 .
1036 2279 1089 2323 et
1137 2268 1298 2322 initiis
1349 2269 1611 2321 mensium
1660 2282 1724 2320 ac
1768 2268 1919 2321 statis

352 2363 540 2420 diebus
587 2362 748 2415 animi
785 2361 855 2412 tui
887 2357 1291 2413 oblectationem
1340 2355 1735 2411 coiicredideris
1756 2397 1772 2422 ,
1799 2373 1917 2410 ont-

346 2454 491 2506 nium
513 2467 632 2520 qua:
659 2450 724 2503 ad
755 2459 804 2502 te
835 2449 1099 2517 pertinent
1128 2447 1298 2500 inanis
1329 2449 1436 2500 eris
1465 2446 1744 2500 bonorum.
1767 2446 1917 2514 Quod

345 2560 466 2597 cum
495 2544 732 2597 diabolus
757 2541 1067 2612 perspiciat,
1096 2551 1149 2594 et
1179 2539 1388 2593 studeat
1416 2548 1624 2594 nostros
1647 2539 1699 2593 in
1725 2540 1917 2596 virtute

351 2635 562 2687 labores
602 2633 840 2700 frangere
859 2669 876 2694 ,
906 2639 961 2684 et
1007 2629 1169 2682 animi
1196 2629 1518 2683 alacritatem
1539 2629 1877 2700 exstinguere
1898 2669 1914 2695 ,

352 2735 461 2776 tum
520 2724 706 2786 bonos,
739 2731 848 2774 tum
897 2720 1064 2773 malos
1117 2720 1450 2788 negotiorum
1507 2718 1683 2774 exitus
1731 2719 1918 2775 diebus

344 2813 648 2868 adscribere
696 2827 794 2865 nos
835 2811 1008 2867 docet.
1040 2810 1171 2865 Nam
1213 2811 1303 2880 qui
1344 2811 1445 2866 sibi
1494 2811 1593 2881 ipsi
1639 2812 1920 2882 persuadet

343 2906 483 2958 diem
510 2904 590 2957 vel
617 2902 812 2956 bonum
841 2902 922 2955 vel
950 2901 1144 2954 malum
1175 2915 1325 2965 esse,
1351 2916 1524 2971 neque
1551 2902 1602 2955 in
1641 2903 1780 2956 malo
1829 2905 1916 2958 die

342 2994 602 3046 bonorum
628 2993 880 3046 factorum
905 3006 1088 3045 curam
1114 2990 1365 3055 habebit,
1389 2991 1537 3060 quasi
1567 3004 1782 3060 propter
1808 2993 1914 3048 diei

343 3083 710 3138 necessitatem
739 3083 930 3136 frustra
961 3080 1252 3134 laborando
1273 3081 1406 3134 nihil
1445 3082 1686 3150 proficiat
1707 3099 1720 3135 :
1745 3099 1915 3152 neque

341 3185 523 3228 contra
570 3173 621 3226 in
649 3173 790 3226 bono
814 3171 901 3226 die
942 3171 1228 3240 quidquam
1260 3170 1452 3237 faciet,
1479 3171 1664 3243 quasi,
1697 3183 1914 3243 propter

344 3267 536 3317 bonum
564 3261 669 3316 diei
699 3277 1006 3316 successum
1026 3303 1041 3327 ,
1070 3262 1284 3331 propria
1313 3261 1556 3316 socordia
1582 3277 1912 3334 nequaquam

341 3355 580 3410 Lndatur.
608 3353 697 3408 Sic
726 3353 970 3421 utrinque
1013 3365 1166 3405 suam
1211 3351 1376 3420 ipsius
1423 3351 1612 3424 prodet
1649 3353 1911 3418 salutem,

339 3458 499 3515 atque
530 3443 792 3498 interdum
842 3450 900 3496 ut
931 3442 1208 3500 inutiliter,
1251 3440 1519 3496 interdum
1547 3443 1696 3512 quasi
1725 3459 1912 3512 super-

342 3550 572 3589 vacanee
601 3534 882 3595 laborans,
912 3533 964 3586 iu
1013 3532 1123 3585 otio
1150 3540 1205 3585 et
1246 3531 1480 3600 nequitia
1528 3533 1692 3587 vitam
1736 3533 1910 3600 deget.

340 3625 491 3694 Quod
517 3640 638 3679 cum
664 3625 910 3687 sciamus,
935 3621 1131 3676 diaboli
1171 3622 1393 3676 astutias
1441 3621 1623 3693 fugere
1667 3633 1910 3692 Oportet,

339 3729 394 3774 et
421 3719 559 3773 hunc
584 3717 743 3770 animi
763 3729 978 3769 sensum
1007 3713 1295 3783 deponere,
1327 3722 1384 3768 ut
1404 3728 1574 3784 neque
1591 3713 1706 3769 dies
1726 3715 1912 3768 obser-

339 3824 555 3875 vemus,
581 3823 751 3878 neque
800 3806 940 3862 hunc
967 3806 1106 3862 diem
1135 3805 1453 3876 refugiamus
1476 3847 1496 3872 ,
1524 3807 1670 3860 illum
1723 3808 1912 3877 diliga-

339 3916 479 3955 mus.
507 3899 624 3954 Non
650 3900 791 3953 enim
823 3897 993 3951 solum
1041 3904 1099 3950 ut
1125 3911 1224 3950 nos
1267 3897 1321 3950 in
1367 3897 1663 3952 socordiam
1693 3897 1911 3967 injiciat,

339 3991 431 4044 sed
455 3990 611 4044 etiam
639 3998 696 4043 ut
723 4002 882 4058 Opera
920 3987 1011 4041 Dei
1053 3984 1259 4055 sugillet
1286 4025 1302 4053 ,
1329 3991 1442 4042 lucc
1467 3987 1634 4041 malus
1655 3988 1742 4042 ille
1791 4003 1910 4041 mo-

340 4080 466 4134 lillll'
509 4081 738 4145 dwmon,
770 4087 827 4133 et
875 4077 926 4132 in
957 4077 1282 4146 impietatem
1325 4079 1725 4147 socordiamque
1754 4078 1911 4132 simul

339 4173 541 4225 animas
568 4179 776 4224 nostras
805 4166 1112 4238 pertrahere
1131 4166 1346 4236 cogitat.

410 4262 559 4317 Nihil
588 4262 798 4327 malum,
816 4259 912 4314 nisi
936 4269 1223 4329 peccatum;
1243 4257 1374 4311 nihil
1391 4259 1592 4323 bonum,
1609 4258 1706 4312 nisi
1734 4260 1910 4314 virtus.

339 4382 410 4394 -——
437 4351 542 4407 Sed
587 4350 791 4406 resilire
833 4363 929 4404 nos
961 4357 1188 4419 oportet,
1218 4357 1272 4403 et
1311 4357 1460 4404 certo
1498 4357 1749 4416 statuere,
1781 4349 1911 4404 nihil

339 4443 535 4496 malum
561 4455 679 4494 esse
701 4439 798 4493 nisi
828 4448 1099 4509 peccatum
1125 4439 1318 4505 solum,
1347 4449 1401 4492 et
1426 4438 1554 4492 nihil
1585 4439 1779 4494 bonum
1810 4439 1910 4495 nisi

337 4535 582 4586 virtutem
607 4532 794 4594 Solam,
818 4539 872 4585 et
896 4540 1205 4600 perpetuum
1221 4531 1418 4584 cultum
1449 4530 1561 4584 Dei.
1593 4528 1913 4587 Oblectalio-

339 4639 459 4677 nem
486 4622 668 4687 animi,
699 4637 805 4675 non
829 4619 1081 4684 ebrietas,
1099 4620 1190 4674 sed
1223 4619 1453 4687 precatio
1478 4621 1786 4690 spiritualis,
1804 4637 1910 4678 non

336 4715 539 4779 vinum,
562 4713 655 4767 sed
681 4712 896 4766 verbum
923 4709 1169 4766 erudiens
1193 4709 1364 4764 aﬂ‘ert.
1396 4709 1584 4765 Vinum
1610 4712 1749 4766 enim
1779 4721 1913 4768 tem-

336 4815 616 4875 pestatem,
637 4805 854 4858 verbum
884 4803 1308 4872 tranquillitatem
1333 4812 1477 4858 creat
1505 4821 1518 4856 :
1549 4804 1677 4858 illud
1709 4806 1908 4860 tumul-

342 4909 450 4950 tum
480 4895 787 4960 introducit,
821 4895 920 4948 hoc
951 4893 1326 4949 turbulentiam
1354 4895 1571 4963 expellit
1599 4912 1613 4948 :
1643 4895 1771 4952 illud
1809 4896 1908 4952 ob-

334 4996 516 5043 scurat
563 4999 828 5050 mentem,
882 4987 982 5040 hoc
1027 4986 1360 5042 obscuratam
1406 4988 1665 5042 illuminat
1716 5006 1730 5042 :
1783 4989 1908 5043 illud

337 5079 500 5134 animi
527 5093 788 5133 mwrores
811 5077 901 5147 qui
930 5086 1053 5131 ante
1081 5093 1186 5131 non
1212 5077 1418 5132 fuerant
1443 5078 1659 5144 invehit,
1695 5079 1796 5133 hoc
1815 5094 1910 5136 eos

331 5171 421 5239 qui
443 5169 635 5224 adsunt
658 5169 920 5223 exturbat.
952 5168 1092 5222 Nihil
1119 5168 1259 5223 enim
1288 5169 1356 5221 ita
1385 5168 1615 5223 laetitiam
1631 5169 1905 5240 gaudium—

333 5277 438 5330 que
468 5262 625 5331 parit,
662 5270 719 5314 ut
760 5261 875 5316 haec
915 5260 1261 5330 philosOphizp.
1291 5270 1485 5315 nostra:
1511 5262 1746 5317 instituta
1775 5281 1792 5318 :
1821 5278 1908 5319 res

333 5360 624 5422 prmsentes
651 5352 946 5422 despicere,
977 5351 1170 5406 futuris
1199 5351 1402 5406 inhiare
1429 5369 1442 5404 :
1470 5351 1598 5406 nihil
1619 5353 1906 5410 humanum

333 5445 522 5500 stabile
560 5444 834 5514 judicare,
883 5458 986 5498 non
1033 5442 1262 5508 divitias,
1314 5457 1418 5497 non
1467 5445 1773 5512 potentiam,
1801 5461 1908 5501 non

334 5538 584 5599 honores,
609 5550 710 5590 non
733 5535 1022 5589 clientelas.
1056 5534 1179 5588 llaec
1205 5533 1248 5588 si
1279 5543 1420 5588 recta
1444 5533 1645 5588 ratione
1673 5545 1904 5604 reputes,

333 5643 454 5682 cum
485 5626 699 5681 divitem
729 5626 941 5691 videris,
973 5640 1074 5680 non
1119 5635 1168 5680 te
1203 5625 1394 5679 invidia
1435 5624 1692 5682 mordebit
1725 5643 1734 5677 :
1769 5626 1811 5678 si
1852 5628 1902 5680 in

1059 249 1117 305 S.
1155 247 1432 306 JOANNIS
1470 245 1915 306 οιιιιῐδοδτοιι

2023 244 2290 301 ῐίϐΗἸΕΡ.
2317 245 2847 306 CONSTANTINOP.

3515 258 3628 314 956

2039 367 2400 429 paupertatem
2454 362 2734 429 incideris,
2782 379 2884 418 non
2941 364 3293 436 despondebis
3329 370 3616 436 animum;

2034 459 2192 516 atque
2215 450 2346 504 adeo
2378 465 2632 520 perpetuo
2660 452 2837 507 feriari
2872 466 3042 523 potes.
3072 457 3430 512 Christianum
3461 461 3616 514 enim

2034 556 2138 592 non
2172 542 2443 597 mensibus
2467 584 2482 608 ,
2511 558 2614 597 non
2645 545 2951 610 noviluniis,
2979 562 3082 600 non
3113 548 3394 603 dominicis
3420 551 3619 606 diebus

2031 625 2208 682 feriari
2245 637 2494 697 oportet:
2523 632 2616 685 sed
2667 647 2760 701 per
2796 649 3006 689 omnem
3035 631 3194 690 vitam
3235 638 3425 692 festum
3463 641 3616 695 diem

2031 718 2130 772 sibi
2175 720 2626 774 accommodatum
2675 737 2851 791 agere.
2897 727 2966 778 At
3005 726 3123 794 quis
3167 727 3240 780 illi
3286 727 3450 782 festus
3489 730 3617 783 dies

2029 811 2316 866 convenit?
2355 813 2644 867 Audiamus
2675 816 2893 871 Paulum
2914 817 3173 873 dicentem
3206 837 3220 873 :
3254 819 3434 890 Itaque
3455 825 3617 893 ferie—

2030 920 2164 968 ntur,
2195 921 2298 958 non
2321 906 2373 957 in
2403 911 2646 974 [ατηενιιο
2669 910 2838 974 veleri,
2869 927 3029 979 neque
3051 912 3104 964 in
3130 912 3369 980 fermento
3398 917 3618 968 ntalitic

2030 1004 2076 1047 et
2105 994 2376 1062 neqm'tia:
2399 999 2488 1048 sed
2527 997 2582 1050 in
2614 999 2805 1067 azymis
2841 1001 3140 1055 sinceritatis
3178 1013 3226 1055 et
3263 1005 3482 1058 veritatis
3526 1007 3611 1076 (Ι.

2030 1080 2147 1136 Cor.
2169 1084 2222 1136 5.
2254 1085 2332 1150 8).
2361 1085 2416 1138 Si
2444 1101 2571 1155 ergo
2591 1102 2774 1155 puram
2803 1089 2965 1144 habes
2984 1093 3380 1159 conscientiam,
3405 1095 3609 1150 festum

2028 1170 2168 1223 diem
2195 1188 2317 1239 ages
2345 1185 2599 1242 perpetuo
2616 1217 2631 1241 ,
2674 1176 2809 1230 bona
2837 1181 3062 1234 nutritus
3085 1197 3202 1250 spe,
3225 1193 3279 1236 et
3305 1185 3613 1241 futurorum

2027 1258 2284 1314 bonorum
2315 1264 2551 1329 perfusus
2574 1267 2957 1332 expectatione.
3002 1268 3094 1323 Sin
3133 1271 3309 1326 animo
3332 1273 3607 1339 diffidens,

2026 1359 2080 1402 et
2103 1351 2390 1407 sceleribus
2419 1355 2597 1408 multis
2621 1355 2881 1412 obnoxius
2917 1359 3105 1425 fueris,
3135 1378 3450 1432 quamquam
3474 1381 3612 1420 set-

2026 1452 2194 1496 centu:
2221 1442 2366 1496 feria:
2395 1453 2449 1497 et
2475 1445 2809 1501 celebritates
2833 1449 2958 1516 sint,
2989 1451 3153 1504 nihilo
3181 1463 3356 1508 tamen
3383 1456 3607 1520 melius,

2025 1549 2182 1602 quam
2213 1535 2243 1586 ii
2271 1535 2357 1603 qui
2383 1535 2559 1604 lugent
2587 1540 2902 1594 constitutus
2939 1556 3019 1596 es.
3068 1545 3198 1608 Qme
3239 1543 3379 1598 enim
3421 1546 3612 1612 splen-

2025 1624 2162 1678 dida:
2205 1627 2307 1680 diei
2357 1629 2554 1682 utilitas
2581 1645 2699 1684 esse
2728 1640 2916 1699 potest,
2959 1633 3003 1685 si
3044 1633 3171 1688 mihi
3200 1635 3373 1690 anima
3402 1638 3606 1694 obseu-

2031 1727 2146 1768 rata
2175 1731 2271 1784 per
2295 1719 2670 1772 conscientiam
2701 1720 2801 1773 sit?
2845 1723 2936 1774 Sin
2969 1722 3192 1776 fructum
3221 1725 3446 1795 aliquem
3476 1743 3607 1798 per-

2025 1806 2202 1872 cipere
2242 1821 2272 1859 e
2315 1809 2583 1863 noviluuio
2610 1810 2707 1874 vis,
2735 1810 2833 1865 hoc
2858 1812 3034 1868 facito.
3070 1813 3165 1868 Ubi
3194 1832 3386 1870 annum
3416 1821 3609 1890 exple-

2027 1902 2136 1948 tutu
2176 1895 2393 1962 videris,
2435 1899 2631 1966 gratias
2679 1914 2776 1969 age
2820 1901 3062 1970 Domino,
3107 1905 3194 1972 qui
3245 1915 3296 1960 te
3341 1907 3410 1961 ad
3459 1907 3608 1964 hanc

2023 2001 2282 2039 auuorum
2304 1988 2666 2043 circuitionem
2691 1989 2951 2059 perduxit.
2979 1993 3282 2064 Compauge
3305 2011 3398 2051 cor
3425 2009 3602 2066 tuum,

2025 2075 2143 2128 vita:
2169 2084 2271 2128 tua:
2303 2084 2507 2146 tempus
2548 2088 2720 2133 tecum
2765 2089 2967 2149 reputa,
2999 2093 3172 2138 tecum
3209 2086 3276 2140 ad
3315 2089 3456 2143 hunc
3479 2107 3603 2145 tuo-

2022 2166 2146 2219 dum
2175 2167 2332 2220 verba
2362 2167 2520 2222 facito
2553 2186 2567 2221 :
2602 2169 2716 2224 dies
2754 2171 2965 2227 avolant
3011 2185 3065 2228 et
3107 2185 3443 2246 prartereuot,
3467 2184 3602 2236 auiti

2022 2255 2316 2312 finiuntur:
2346 2273 2586 2328 magnam
2626 2260 2725 2315 via:
2759 2272 2954 2317 nostra:
2995 2274 3197 2333 partem
3229 2266 3559 2332 confecirnus
3583 2289 3602 2326 :

2021 2345 2145 2415 quid
2163 2347 2285 2401 boni
2306 2363 2336 2401 a
2358 2349 2510 2404 nobis
2529 2349 2722 2404 factum
2744 2353 2859 2407 est?
2887 2354 3021 2409 Num
3050 2355 3236 2412 inanes
3255 2359 3394 2428 hinc,
3420 2365 3604 2418 omni-

2020 2452 2124 2506 que
2160 2437 2365 2508 justitia
2401 2440 2635 2496 destituti
2675 2443 3046 2502 discedemus?
3085 2448 3346 2506 Judicium
3377 2454 3467 2509 Dei
3498 2471 3604 2524 pro

2021 2528 2220 2583 foribus
2255 2540 2357 2596 est,
2395 2541 2450 2586 et
2482 2533 2738 2604 reliquum
2778 2536 2898 2590 vitae
2939 2546 3151 2609 tempus
3174 2541 3242 2596 ad
3268 2553 3603 2601 senectutem

2020 2619 2183 2689 vergi.

2089 2709 2141 2763 5.
2165 2710 2289 2765 Haec
2307 2711 2358 2765 in
2378 2713 2660 2768 noviluniis
2680 2715 2963 2773 meditare:
2980 2717 3091 2773 haec
3105 2719 3174 2776 de
3187 2736 3441 2780 annorum
3465 2741 3603 2783 cou-

2021 2800 2353 2855 versionibus
2381 2806 2593 2860 revolvo
2623 2825 2636 2858 :
2669 2805 2856 2860 futura-
2905 2810 3007 2862 diei
3054 2823 3306 2880 perpetuo
3342 2819 3582 2873 recorde-

2019 2907 2160 2959 mur,
2189 2909 2254 2945 ne
2278 2893 2556 2948 adversum
2583 2912 2678 2950 nos
2709 2898 2954 2966 loquatur
2982 2902 3099 2970 quis
3129 2903 3278 2970 illud,
3311 2907 3452 2975 quod
3493 2911 3598 2963 ad-

2018 2996 2203 3036 versus
2225 2982 2435 3038 Juda-os
2464 3000 2492 3038 a
2517 2987 2768 3055 prepheta
2808 2988 3006 3043 dictum
3047 3000 3130 3045 est
3161 3010 3175 3046 :
3204 2991 3505 3062 Defecermu
3544 3001 3598 3052 in

2017 3072 2233 3126 vanitate
2275 3072 2382 3126 dies
2424 3091 2616 3143 eorum,
2653 3087 2698 3130 et
2744 3080 2864 3132 anni
2904 3097 3074 3134 eorum
3119 3099 3231 3136 cum
3277 3087 3603 3156 festinatione

2019 3161 2036 3234 (
2065 3160 2201 3217 Psal.
2232 3163 2316 3217 77.
2347 3165 2417 3219 35
2436 3167 2479 3233 ).
2523 3163 2627 3220 Has
2653 3182 2778 3236 ergo
2803 3167 2961 3224 ferias
2985 3182 3263 3241 perpetuas
3288 3186 3342 3230 et
3365 3179 3602 3234 ambitus

2017 3266 2273 3306 annorum
2289 3269 2391 3308 non
2408 3266 2792 3326 exspectantes,
2813 3275 2983 3330 neque
3003 3263 3207 3317 dierum
3225 3269 3600 3332 permensionc

2017 3342 2308 3413 descriptas
2331 3357 2436 3400 tum
2459 3347 2606 3403 dives
2632 3359 2739 3403 tum
2761 3367 2958 3422 pauper
2978 3367 3041 3407 ex
3060 3370 3212 3426 sequo
3232 3367 3400 3427 potest
3411 3375 3599 3429 agere.

2016 3435 2130 3489 Non
2149 3437 2288 3490 enim
2303 3440 2385 3493 hic
2402 3441 2656 3508 pecuniis,
2673 3457 2842 3512 neque
2859 3459 3032 3499 rerum
3049 3445 3318 3502 afﬂuentia
3336 3465 3470 3520 opus
3488 3463 3599 3518 est,

2016 3529 2109 3583 sed
2131 3531 2322 3586 virtute
2341 3533 2472 3587 sola.
2497 3533 2609 3588 Non
2634 3533 2793 3590 habes
2824 3538 3106 3606 pecunias?
3132 3541 3202 3595 At
3227 3541 3316 3596 Dei
3348 3545 3598 3603 timorem

2017 3619 2179 3676 habes
2191 3624 2436 3678 omnibus
2451 3625 2687 3694 pecuniis
2712 3627 3005 3683 uberiorem
3035 3629 3357 3699 thesaurum,
3379 3637 3467 3704 qui
3495 3651 3597 3692 ne-

2016 3729 2118 3783 que
2133 3715 2480 3779 consmnitur,
2496 3732 2666 3786 neque
2687 3718 3071 3788 intervertitur,
3095 3738 3265 3793 neque
3285 3726 3601 3782 exhauritur

2018 3820 2286 3876 umquam.
2310 3806 2582 3863 lntuerein
2598 3809 2881 3874 caelum,et
2905 3811 2957 3865 in
2986 3813 3174 3867 cadum
3204 3815 3341 3880 cadi,
3371 3825 3596 3882 terram,

2017 3911 2183 3962 mare,
2217 3911 2432 3965 aerem,
2475 3899 2527 3953 in
2569 3915 2764 3970 genera
2805 3902 3173 3972 animantium,
3196 3920 3260 3961 ac
3279 3908 3594 3963 varietatem
3671 3926 3676 3930 ·

2016 3988 2282 4058 stirpium,
2307 3989 2358 4044 in
2381 3998 2622 4045 natumut
2652 3992 2925 4048 hominum
2951 3994 3273 4052 universam.
3303 3997 3596 4054 Considera

2016 4079 2250 4149 angelos,
2285 4079 2654 4151 archangelos,
2681 4084 2982 4152 superiores
3009 4095 3294 4155 potestates
3317 4104 3506 4144 revoca
3539 4093 3595 4145 in

2017 4172 2366 4238 meritoriam,
2411 4173 2524 4227 bare
2559 4175 2733 4227 omnia
2764 4175 2816 4228 in
2849 4176 3056 4231 Domini
3097 4178 3168 4231 tui
3210 4188 3335 4233 sunt
3370 4180 3593 4237 diti0ne.

2019 4261 2168 4318 Haud
2209 4263 2321 4318 fieri
2363 4274 2554 4334 potest,
2582 4273 2639 4320 ut
2663 4265 2865 4321 domini
2895 4278 2999 4322 tam
3026 4268 3324 4339 locupletis,
3355 4287 3589 4340 praesen

2020 4353 2111 4408 tim
2136 4354 2180 4408 si
2211 4355 2491 4424 prepitium
2531 4357 2719 4412 habeat
2759 4359 3058 4425 Dominum,
3090 4376 3289 4430 pauper
3312 4363 3594 4433 quiSquam

2018 4459 2203 4499 servus
2242 4447 2330 4500 sit.
2378 4447 2498 4501 Dies
2533 4448 2816 4504 observare
2860 4465 2965 4506 non
3007 4451 3321 4507 Christiana:
3352 4455 3594 4524 philoso-

2018 4536 2175 4604 phiae,
2208 4535 2301 4591 Sed
2329 4537 2500 4592 ϐιωθί
2537 4539 2736 4592 erroris
2771 4548 2875 4595 est.
2920 4541 2976 4595 In
3016 4543 3283 4598 caelestem
3321 4545 3594 4602 civiuttem

2017 4629 2311 4695 adscriptus
2335 4644 2412 4694 es,
2440 4630 2490 4682 iu
2511 4631 2885 4700 rempublicam
2915 4648 3030 4688 eam
3061 4645 3302 4705 receptus
3327 4651 3406 4701 es,
3429 4653 3596 4708 ange-

2018 4719 2084 4771 lis
2113 4719 2335 4786 teipsum
2364 4721 2686 4775 admiscuisti
2719 4742 2731 4776 :
2762 4724 2846 4778 ubi
2887 4740 2991 4778 non
3035 4735 3119 4779 est
3160 4721 3334 4781 lumen
3363 4730 3504 4798 quod
3537 4731 3595 4784 in

2019 4812 2246 4863 tenebris
2271 4810 2495 4874 desinat,
2523 4827 2692 4881 neque
2716 4813 2830 4867 dies
2853 4829 2970 4884 qua:
3007 4816 3056 4868 itt
3091 4827 3297 4870 noctem
3335 4821 3595 4873 termine-

2019 4911 2122 4962 tur,
2150 4901 2242 4955 sed
2273 4913 2522 4970 perpetua
2559 4902 2704 4967 dies,
2747 4915 2800 4958 et
2842 4917 3089 4975 perpetua
3121 4909 3226 4962 lux.
3263 4909 3315 4962 In
3348 4910 3434 4964 illa
3463 4928 3596 4981 ergo

2016 5005 2226 5059 semper
2267 4992 2583 5046 intueamur.
2639 4993 2764 5058 Qua:
2801 5013 3001 5049 sursum
3041 5009 3194 5062 smn,
3251 5000 3419 5068 inquit
3478 5002 3594 5068 ille,

2015 5082 2240 5151 quaerite,
2263 5081 2345 5136 ubi
2367 5081 2594 5137 Christus
2614 5085 2681 5136 ad
2704 5086 2958 5139 dexteram
2983 5085 3080 5142 Dei
3107 5091 3243 5142 sedet
3264 5087 3398 5162 (Col.
3421 5092 3477 5146 5.
3514 5094 3592 5162 1).

2014 5171 2155 5226 Nihil
2192 5171 2354 5227 habes
2382 5188 2663 5228 commune
2692 5191 2810 5228 cum
2843 5188 2980 5230 terra
2999 5218 3016 5244 ,
3057 5179 3142 5232 ubi
3170 5180 3296 5234 sohs
3323 5195 3514 5237 cursus
3535 5194 3594 5237 et

2015 5262 2411 5329 conversiones,
2435 5273 2490 5317 et
2511 5263 2626 5319 dies
2649 5275 2791 5331 sunt,
2817 5267 2911 5321 sed
2940 5268 2983 5321 si
3015 5273 3158 5326 recte
3177 5271 3343 5337 vivas,
3366 5286 3469 5326 nox
3496 5275 3587 5327 tibi

2015 5350 2129 5406 dies
2152 5353 2252 5406 erit
2283 5369 2296 5404 :
2325 5363 2509 5408 contra
2538 5369 2660 5409 vero
2688 5355 2791 5410 illis
2819 5357 2909 5426 qui
2939 5357 2990 5412 in
3019 5358 3231 5415 lascivia
3259 5372 3310 5416 et
3334 5362 3590 5419 ebrietate

2015 5452 2070 5497 et
2111 5443 2514 5513 intemperantia
2540 5445 2738 5511 vivunt,
2783 5445 2896 5502 dies
2938 5449 3003 5503 ad
3051 5452 3223 5506 noctis
3266 5455 3587 5507 convertitur

2017 5533 2294 5598 tenebras,
2335 5551 2437 5587 non
2478 5535 2687 5604 quidem
2716 5537 3010 5594 defectione
3047 5543 3194 5608 solis,
3224 5543 3316 5597 sed
3354 5544 3583 5610 illorum,

2018 5637 2231 5697 propter
2273 5627 2618 5694 ebrietatem,
2660 5629 3030 5686 obscuratione
3059 5635 3268 5689 tuentis.
3315 5635 3430 5689 Dies
3456 5651 3581 5705 ergo
