3862 6228
219 303 329 359 955

216 418 382 488 τέρας
435 411 782 483 φιλοσοφίας,
836 407 942 460 κᾶν
995 404 1153 474 ὑμεῖς
1188 401 1405 471 ποιῆτε,
1440 398 1545 453 κᾶν
1584 399 1805 466 ἐτέρους

216 479 508 559 ποιοῦντας
549 479 855 565 περιίδητε,
884 489 989 542 κᾶν
1035 487 1278 550 οἰκέτας,
1305 485 1411 538 κᾶν
1465 481 1671 552 φίλους,
1705 479 1808 530 κᾶν

217 587 488 650 γείτονας.
537 580 653 632 Οὐκ
701 577 945 647 ἡκούσας
982 572 1199 626 Παύλου
1241 570 1524 638 λέγοντος·
1563 566 1809 633 Ἡμέρας

216 663 659 734 παρατηρεῖσθε
696 661 793 715 καί
829 657 1030 728 μῆνας
1055 657 1156 711 καί
1189 655 1439 726 καιροὺς
1483 653 1579 707 καὶ
1607 652 1810 704 ἐνίαυε

215 754 354 817 τούς
379 769 392 781 ·
429 748 723 819 φοϐοῦμαι
744 750 960 815 μήπως
980 741 1111 811 εικῆ
1143 743 1474 796 κεκοπίακα
1501 740 1587 803 εἰς
1627 735 1805 804 ὑμᾶς.

295 835 504 898 Ἄλλως
541 833 598 885 δὲ
627 831 722 886 καὶ
753 831 852 900 τῆς
884 829 1123 899 ἐσχάτης
1149 826 1335 888 ἀνοίας
1363 825 1430 877 ἂν
1468 823 1552 894 εἴη
1578 823 1687 875 ἀπὸ
1713 822 1812 889 τῆς

223 921 354 992 μιᾶς
386 919 624 990 ἡμέρας,
659 916 708 968 εἰ
732 914 884 980 δεξιά
910 912 1144 980 γένοιτο,
1174 906 1387 962 καὶτοῦ
1424 906 1630 992 παντὸς
1653 903 1814 992 τοῦτο

220 989 532 1076 προσδοκᾷν
559 997 811 1053 ἐνιαυτοῦ
834 1015 846 1028 ·
884 998 985 1050 οὐκ
1013 995 1201 1058 ἀνοίας
1242 993 1302 1048 δέ
1343 992 1524 1064 μόνον,
1555 990 1691 1044 ἀλλά
1718 989 1813 1076 καὶ

218 1073 534 1156 διάϐολικῆς
583 1082 867 1154 ἐνεργείας
917 1083 951 1150 ἡ
1001 1080 1184 1151 κρίσις
1219 1077 1381 1148 αὐτη,
1416 1076 1492 1147 μὴ
1533 1078 1600 1146 τῇ
1630 1073 1813 1143 οἰκεία

222 1173 429 1242 σπουδῇ
457 1171 553 1224 καὶ¹
580 1166 888 1240 προθυμίᾳ,
921 1163 1061 1217 ἀλλά
1086 1165 1209 1226 ταῖς
1236 1161 1346 1213 τῶν
1374 1158 1598 1231 ἡμερῶν
1627 1157 1814 1228 περιό-

220 1257 336 1320 δοις
364 1257 434 1309 τά
467 1252 611 1308 κατὰ
637 1252 730 1304 τὸν
766 1249 881 1320 βίον
920 1246 1241 1318 ἐπιτρέπειν
1268 1245 1361 1297 τὸν
1395 1243 1683 1314 ἡμέτερον.
1719 1242 1815 1292 Δε-

221 1340 336 1408 ξιὸς
367 1341 396 1392 ὁ
418 1338 662 1398 ἐνιαυτδς
695 1334 848 1388 ἔσται
879 1349 962 1386 σοι
995 1331 1061 1385 δι’
1093 1331 1237 1393 ὅλου,
1266 1329 1368 1381 οὐκ
1393 1327 1488 1380 ἐὰν
1521 1329 1577 1379 ὲν
1609 1342 1816 1394 νουμη-

221 1423 314 1494 vi;
347 1421 576 1494 μεθύῃς,
608 1418 724 1473 ἀλλ’
755 1417 853 1471 ἐὰν
875 1417 969 1470 καὶ
998 1417 1056 1470 ἐν
1085 1413 1376 1485 νουμηνίᾳ,
1402 1412 1498 1465 καὶ
1529 1410 1652 1465 καθ’
1675 1409 1810 1462 ἐκά-

225 1527 360 1580 στην
388 1508 608 1579 ἡμέραν
627 1505 696 1559 τὰ
712 1503 791 1575 τῷ
812 1503 932 1573 Θεῷ
961 1502 1223 1555 δοκοῦντα
1248 1502 1432 1570 ποιῇς.
1466 1497 1688 1569 Πονηρά
1703 1496 1814 1567 γὰρ

223 1593 412 1663 ἡμέρα
448 1591 541 1644 καὶ
571 1588 752 1660 ἀγαθὴ
778 1588 1012 1656 γίνεται,
1037 1586 1098 1638 οὐ
1131 1587 1283 1655 παρά
1327 1585 1427 1653 τὴν
1463 1583 1672 1636 οἰκείαν
1712 1581 1815 1651 φύ-

227 1698 334 1745 σιν,
369 1680 521 1733 οὐδέν
545 1678 655 1749 γὰρ
681 1676 864 1748 ἡμέρα
901 1675 1204 1744 διενήνοχεν
1227 1671 1462 1742 ἡμέρας,
1495 1668 1633 1722 ἀλλά
1661 1667 1813 1738 παρὰ

225 1769 329 1838 τὴν
362 1765 644 1837 ἡμετέραν
677 1762 914 1831 σπουδὴν
945 1760 1039 1812 καὶ
1086 1756 1380 1830 ρᾳθυμίαν.
1411 1756 1508 1806 Ἂν
1534 1752 1815 1838 δικαιοσύ-

226 1837 327 1923 νην
360 1850 590 1922 ἐργάσῃ,
618 1847 825 1920 χρηστή
863 1862 947 1897 σοι
980 1842 1203 1912 γέγονεν
1228 1843 1261 1911 ἡ
1287 1839 1471 1908 ἡμέρα
1490 1855 1503 1867 ·
1637 1837 1816 1923 ἀμαρ-

226 1917 352 1990 τίαν
377 1917 844 2006 ἐργάσῃξπονηρά
859 1928 952 1980 καὶ
977 1925 1254 1986 κολάσεως
1282 1923 1344 1991 γέ
1354 1938 1550 2006 μοῦσα.
1571 1920 1668 1971 Ἂν
1683 1917 1818 2006 ταῦ-

227 2038 302 2074 τα
329 2000 650 2089 φιλοσοφῇς,
688 2000 784 2069 καί
819 2012 966 2066 οὐτω
989 2010 1339 2079 διακείμενος
1369 2003 1458 2080 ᾖς,
1491 2005 1706 2089 ἅπαντα
1735 2000 1820 2089 δεῖ

229 2083 354 2170 ξιὸν
387 2083 673 2168 ἔξεις-’τὸν
725 2096 996 2158 ἐνιαυτὸν,
1045 2092 1234 2162 εὐχὰς,
1286 2087 1660 2158 ἐλεημοσύνας
1697 2083 1820 2138 καθ’

229 2189 472 2259 ἑκάστην
524 2182 900 2258 ἐργαζόμενος
962 2180 1061 2248 τὴν
1111 2175 1361 2247 ἡμέρανο
1401 2172 1467 2259 ἀν
1499 2171 1558 2225 δὲ
1588 2171 1688 2259 της
1722 2171 1820 2259 μὲν

232 2273 376 2328 κατά
416 2255 612 2324 σαυτόν
653 2267 856 2338 ἀρετῆς
899 2262 1131 2335 ἀμελῇς,
1167 2261 1366 2331 ἀρχαῖς
1413 2257 1470 2310 δὲ
1512 2255 1696 2327 μηνῶν
1727 2257 1822 2309 καὶ

231 2358 492 2431 ἀριθμοῖς
524 2352 748 2425 ἡμερῶν
804 2346 1180 2431 ἐμπιστεύσῃς
1237 2360 1356 2431 σου*
1379 2340 1480 2411 τῆς
1513 2339 1694 2431 ψμχῆς
1723 2340 1822 2431 τῃν

232 2423 597 2514 εὐφροσύνην,
641 2423 860 2490 πάντων
909 2432 1119 2514 ἔρημος
1287 2425 1406 2514 τῶν
1425 2424 1581 2514 ’κατά
1612 2423 1822 2514 Δσαυτὸν

231 2507 478 2594 ἀγαθῶν.
512 2507 690 2590 Ὅπερ
711 2515 805 2572 οὖν
836 2516 930 2570 καὶ
953 2517 980 2568 ό
1001 2511 1246 2574 διάϐολος
1263 2507 1516 2594 συνιδὼν,
1541 2507 1636 2560 καὶ
1653 2523 1823 2594 σπου⁸

233 2591 415 2673 δάζων
449 2603 608 2676 ἡμῶν
651 2601 881 2656 ἐκλῦσαι
910 2599 1039 2661 τοὺς
1079 2596 1208 2668 περὶ
1239 2594 1337 2664 τὴν
1366 2591 1567 2664 ἀρετὴν
1596 2591 1817 2654 πόνους,

233 2693 331 2746 καὶ
360 2691 460 2760 τῆς
487 2688 668 2758 ψυχῆς
699 2685 888 2738 σϐέσαι
917 2682 1016 2752 τὴν
1053 2679 1383 2751 προθυμίαν,
1421 2679 1545 2740 ταῖς
1588 2677 1824 2747 ἡμέραις

235 2774 568 2843 ἐπιγράφειν
596 2769 916 2822 ἐπαίδευσεν
945 2765 1044 2829 τάς
1076 2762 1384 2834 εὐπραγίας
1411 2761 1506 2814 καὶ
1533 2760 1634 2824 τάς
1658 2777 1824 2813 κακο-

235 2858 500 2930 πραγίας.
542 2856 599 2908 Ὀ
623 2854 734 2925 γὰρ
764 2852 959 2914 πείσας
984 2849 1179 2902 ἐαυτὸν
1210 2849 1292 2900 ὅτι
1323 2845 1507 2917 ἡμέρα
1537 2845 1653 2898 ἐστὶ
1678 2843 1824 2915 κακὴ

235 2944 336 2999 καὶ
357 2941 557 3012 ἀγαθὴ,
585 2939 708 2993 οὐτε
749 2939 807 2990 ἐν
838 2939 905 3007 τῇ
929 2937 1074 3005 κακῇ
1101 2933 1210 2986 τῶν
1243 2932 1465 3001 ἀγαθῶν
1497 2930 1673 3000 ἔργων
1707 2931 1827 2982 ἐπι-

239 3028 562 3100 μελήσεται,
600 3024 675 3087 ώς
710 3022 832 3091 εἰκῆ
873 3021 1052 3074 πάντα
1082 3017 1274 3081 ποιῶν,
1300 3016 1396 3068 καὶ
1421 3015 1574 3068 οὐδὲν
1600 3012 1826 3081 ὠφελῶν

235 3097 327 3166 διὰ
360 3097 458 3182 τὴν
491 3111 590 3179 τῆς
621 3107 836 3178 ἡμέρας
859 3104 1137 3172 ἀνάγκην·
1170 3098 1295 3153 οὐτε
1315 3099 1389 3182 ἐν
1411 3100 1478 3168 τῇ
1511 3097 1694 3182 ἀγαθῇ
1723 3097 1830 3150 πά-

237 3197 322 3249 λιν
345 3181 504 3247 τοῦτο
537 3190 856 3261 ἐργάσεται,
899 3187 974 3250 ὡς
1001 3184 1154 3238 οὐδὲν
1178 3186 1241 3237 ἐκ
1274 3181 1376 3252 τῆς
1415 3181 1622 3243 οἰκείας
1645 3198 1826 3250 παρα-

238 3279 617 3348 ϐλατπόμενος
666 3272 958 3345 ῥᾳθυμίας,
999 3268 1089 3322 διά
1131 3269 1229 3338 τὴν
1275 3266 1376 3336 τῆς
1420 3264 1830 3348 πάλινγὴμέρας

239 3364 410 3432 εὐκλη
421 3347 539 3431 ρίαν
557 3378 568 3390 ·
598 3360 692 3412 καὶ
712 3355 882 3418 οὕτως
911 3350 1249 3422 ἑκατέρωθεν
1277 3349 1375 3418 τὴν
1404 3347 1596 3401 ἐαυτοῦ
1621 3347 1829 3418 προδώ-

241 3467 328 3502 σει
364 3430 639 3515 σωτηρίαν
662 3459 675 3472 ·
703 3441 798 3494 καὶ
829 3438 958 3491 ποτέ
990 3436 1088 3507 μὲν
1109 3435 1184 3498 ὡς
1212 3434 1447 3503 ἀνόνητα
1473 3430 1671 3494 πονῶν,
1696 3432 1830 3484 ποτὲ

239 3532 301 3584 δέ
321 3531 397 3593 ὡς
424 3526 674 3598 περιττὰ,
696 3525 752 3576 ἐν
779 3521 946 3594 ἀργία
969 3520 1062 3573 καὶ
1090 3518 1324 3589 πονηρίᾳ
1353 3515 1630 3586 βιώσεται.
1654 3517 1830 3588 Ὅπερ

240 3613 337 3670 οὖν
372 3594 581 3673 εἰδότᾶς
614 3607 839 3677 φεύγειν
878 3607 958 3658 δεῖ
984 3601 1078 3656 τοῦ
1115 3601 1361 3654 διαϐόλου
1395 3599 1494 3664 τάς
1527 3599 1828 3670 μεθοδείας,

241 3702 341 3754 καὶ
364 3698 570 3766 ταύτην
600 3692 851 3746 ἐκϐαλεῖν
878 3689 980 3757 τῆς
1008 3686 1246 3749 διανοίας
1281 3687 1382 3756 τὴν
1400 3685 1600 3754 ψῆφον,
1630 3683 1722 3736 καὶ
1755 3683 1831 3755 μὴ

241 3784 586 3856 παρατηρεῖν
611 3776 844 3848 ἡμέρας,
877 3771 1011 3843 μηδέ
1035 3771 1134 3840 τὴν
1156 3767 1627 3856 Δμὲνμισεϊν,’τὴν
1648 3767 1711 3856 δε
1739 3785 1832 3835 φι-

243 3851 382 3923 λεῖν.
415 3851 490 3918 Οὐ
525 3863 634 3933 γὰρ
665 3861 751 3913 ἵνα
784 3858 935 3928 ἡμᾶς
967 3856 1046 3917 είς
1079 3851 1350 3924 ῥαθυμίαν
1381 3851 1598 3922 ἐμϐάλῃ
1644 3851 1830 3922 μόνον,

245 3950 366 4006 ἀλλ’
396 3950 482 4002 ἵνα
530 3946 624 3998 καὶ
659 3941 751 3994 τοῦ
801 3939 938 3993 Θεοῦ
970 3938 1038 3990 τά
1069 3936 1532 4007 δημιουργήματα
1577 3935 1830 4007 διαϐάλῃ,

242 4033 420 4088 ταῦτα
462 4033 490 4083 ό
535 4025 770 4096 πονηρὸς
803 4023 1014 4093 δαίμων
1053 4021 1262 4082 ἐκεῖνος
1296 4021 1584 4089 σκευωρεῖ,
1627 4019 1720 4072 καὶ
1753 4021 1835 4084 εἰς

241 4115 504 4173 ἀσέϐειαν
531 4109 666 4182 ὁμοῦ
691 4110 782 4162 καί
813 4109 889 4170 εἰς,
920 4104 1192 4178 ρᾳθυμίαν
1214 4103 1312 4167 τὰς
1334 4103 1610 4174 ἡμετέρας
1636 4103 1837 4157 καθελ-

245 4203 412 4259 κύσαι
446 4197 769 4270 βουλόμενος
794 4192 991 4262 ψυχάς.

334 4269 474 4339 Ἀλλ’
515 4282 663 4353 ἡμᾶς
707 4275 995 4346 ἀποπηδᾷν
1017 4272 1145 4344 χρὴ,
1171 4273 1268 4325 καὶ
1304 4269 1493 4340 σαφῶς
1522 4271 1723 4324 είδέναι
1752 4272 1833 4323 ὄτι

247 4368 406 4444 [700]
457 4366 608 4420 οὐδὲν
643 4361 833 4422 κακὸν,
882 4358 998 4444 ἀλλ’
1033 4356 1280 4444 ἁμαρτία
1328 4357 1508 4426 μόνον,
1546 4355 1643 4408 καὶ
1677 4355 1833 4408 οὐδὲν

249 4439 478 4523 ἀγαθον,
514 4449 628 4502 ἀλλ’
672 4445 844 4517 ἀρετὴ
881 4443 1063 4514 μόνον,
1104 4439 1288 4494 καὶτὸ
1333 4440 1422 4493 διά
1453 4441 1671 4493 πάντων
1705 4439 1836 4508 ἀρέ-

249 4534 553 4605 σκεινΘεῷ.
575 4534 648 4587 Οὐ
674 4531 819 4584 ποιεῖ
846 4528 983 4599 μέθη
1001 4525 1363 4598 εὐφροσύνην,
1382 4524 1495 4578 ἀλλ’
1519 4523 1653 4595 εὐχὴ
1676 4541 1838 4578 πνευ-

253 4623 459 4700 ματική
482 4637 494 4651 ·
529 4620 631 4672 οὐκ
652 4615 816 4700 οἶνος,
845 4614 982 4700 ἀλλά
1013 4613 1169 4681 λόγος
1196 4611 1594 4700 διδασκαλικός.
1624 4611 1681 4662 Ὀ
1697 4606 1836 4674 οἶνος

249 4692 524 4777 χειμῶνα,
552 4705 580 4755 ὁ
601 4701 656 4754 δὲ
692 4699 852 4768 λόγος
865 4696 1126 4777 αγαλήνην
1156 4692 1482 4766 ἐργάζεται·
1511 4697 1720 4757 ἐκεῖνος
1751 4694 1838 4748 θό-

256 4774 420 4861 ρυϐον
467 4785 770 4852 ἐπεισάγει,
829 4774 986 4844 οὗτος
1028 4781 1273 4850 ταραχὴν
1317 4779 1596 4834 ἐκϐάλλειο
1631 4781 1838 4843 ἐκεῖνος

255 4875 438 4927 σκοτοῖ
471 4871 586 4940 τὴν
631 4869 892 4930 διάνοιαν,
923 4861 1077 4928 οὗτος
1130 4865 1524 4934 ἐσκοτισμένην
1577 4865 1836 4932 φωτίζειο

253 4960 466 5020 ἐκεῖνος
505 4954 744 5023 ἀθυμίας
779 4950 880 5015 τὰς
913 4952 1013 5003 οὐκ
1043 4947 1210 5012 οὔσας
1239 4947 1519 5018 ἐμϐάλλει,
1560 4940 1716 5010 οὗτος
1737 4948 1839 5012 τὰς

251 5041 423 5104 οὔσας
458 5036 774 5092 ἀπελαύνει.
817 5035 980 5088 Οὐδὲν
1031 5034 1140 5104 γάρ
1188 5031 1361 5095 οὕτως
1395 5032 1707 5103 εὐθυμίανει
1741 5033 1838 5087 καὶ

252 5121 594 5194 εὐφροσύνην
645 5119 820 5173 ποιεί-ι
857 5117 1068 5182 εἴωθεν,
1110 5117 1183 5180 ώς
1218 5115 1287 5169 τά
1338 5117 1468 5186 περὶ
1512 5116 1838 5187 φιλοσοφίας

250 5207 517 5276 δόγματα,
544 5203 603 5256 τὸ
631 5203 738 5256 τῶν
771 5201 1055 5272 παρόντων
1089 5201 1365 5273 ὐπερορᾷν
1388 5200 1749 5271 πραγμάτων,
1776 5203 1838 5256 τὸ

251 5289 392 5359 πρὸς
435 5287 504 5339 τά
545 5286 804 5356 μέλλοντα
838 5283 1148 5354 κεχηνέναι,
1189 5284 1249 5337 τὸ
1284 5284 1450 5355 μηδὲν
1482 5284 1588 5338 τῶν
1635 5286 1840 5358 ἀνθρω-

254 5373 427 5427 πίνων
453 5371 670 5441 βέϐαιον
713 5365 853 5422 εἶναι
885 5367 1148 5438 νομίζειν,
1183 5367 1258 5439 μὴ
1294 5367 1540 5431 πλοῦτον,
1573 5369 1648 5440 μὴ
1679 5369 1840 5422 δυνα-

232 5459 463 5536 ιστείαν,
509 5455 584 5528 μὴ
629 5455 820 5526 τιμὰς,
869 5453 944 5525 μὴ
986 5453 1304 5524 θεραπείας·
1339 5454 1439 5536 Ἀ*
1467 5453 1639 5507 ταῦτα
1691 5454 1838 5536 εἰδῇς

256 5542 588 5613 φιλοσοφεῖν,
622 5538 726 5592 κᾶν
769 5536 1101 5592 πλουτοῦντα
1132 5537 1304 5608 θεάσῃ
1335 5535 1476 5602 τινά,
1504 5537 1563 5590 οὐ
1591 5535 1836 5608 δηχθήσῃ

259 5627 458 5696 φθόνῳ,
485 5624 589 5678 κᾶν
633 5624 713 5686 είς
746 5621 936 5674 πενίαν
979 5620 1317 5690 καταπέσῃς,
1350 5621 1410 5674 οὐ
1443 5621 1830 5694 ταπεινωθήσῃ

323 5772 341 5798 ⁸
365 5776 502 5828 Alius
525 5775 630 5827 cod.
659 5773 891 5836 εὐθηνίαν,
915 5773 1042 5822 alius
1065 5772 1326 5835 εὐρυθμίαν.

1646 290 1713 344 IN
1753 283 1981 342 KALEN
1991 281 2144 335 DAS.

3388 286 3497 341 956

1910 398 1976 464 τῇ
2014 393 2284 464 πτωχείᾳ⁹
2315 393 2460 448 οὕτω
2486 393 2782 456 διαπαντὸς
2813 391 3091 466 ἑορτάζειν
3118 391 3363 448 δύνασαι.
3387 395 3496 448 Τὸν

1908 477 2017 548 γάρ
2067 479 2394 545 Χριστιανὸν
2446 478 2566 549 οὐχὶ
2622 479 2818 549 μῆνας,
2848 477 2968 530 οὐδὲ
3016 476 3333 546 νουμηνίας,
3373 479 3498 531 οὐδε

1909 563 2180 630 κυριακάς
2225 563 2505 632 ἑορτάζειν
2546 563 2672 634 χρὴ,
2713 562 2850 615 ἀλλά
2897 560 2986 613 διὰ
3019 562 3221 624 παντὸς
3253 561 3347 614 τοῦ
3373 562 3490 632 βίου

1908 645 2007 714 τὴν
2024 646 2174 716 αὐτῷ
2201 647 2518 717 πρέπουσαν
2541 645 2731 718 ἐορτὴν
2763 645 2944 712 ἄγειν.
2972 645 3068 708 Τίς
3100 645 3144 697 δ’
3183 645 3332 714 αὐτῴ
3365 643 3498 715 πρέ-

1913 747 2092 784 πουσα
2129 733 2320 801 ἑορτῆς
2368 731 2718 802 Ἀκούσωμεν
2743 729 2961 782 Παύλου
2992 729 3244 796 λέγοντος
3265 747 3278 759 ·
3314 731 3498 783 Ὥστε

1911 813 2290 885 ἑορτάζωμεν,
2309 816 2396 885 μὴ
2413 816 2483 869 ἐν
2497 815 2643 884 ζύμῃ
2674 811 2919 880 παλαιᾷ,
2948 812 3099 881 μηδὲ
3119 814 3189 866 ἐν
3221 812 3366 882 ζύμῃ
3389 829 3499 865 κα-

1913 898 2047 963 κίας
2075 899 2174 951 καί
2213 899 2527 966 πονηρίας,
2555 898 2694 952 ἀλλ’
2721 898 2792 950 ἐν
2833 896 3076 966 ἀζύμοις
3106 896 3495 964 εἰλικρινείιις

1912 981 2010 1033 καὶ
2041 981 2351 1048 ἀληθείας.
2381 982 2477 1034 "Av
2509 983 2692 1034 τοίνυν
2717 981 2958 1050 καθαρὸν
2985 980 3118 1051 ἔχῃς
3139 981 3202 1035 τὸ
3233 980 3494 1046 συνειδὸς,

1913 1067 2104 1137 ἐορτὴν
2133 1065 2278 1135 ἔχεις
2308 1065 2620 1127 διαπαντὸς,
2651 1067 2917 1137 χρησταῖς
2951 1064 3386 1134 συντρεφόμενος
3416 1063 3504 1115 ἐλ-

1912 1153 2056 1215 πίσι,
2095 1153 2192 1204 καί
2214 1150 2497 1220 ἐντρυφῶν
2520 1152 2587 1220 τῇ
2613 1149 2722 1203 τῶν
2760 1148 3063 1220 μελλόντων
3086 1147 3304 1217 ἀγαθῶν
3331 1163 3503 1218 προσ-

1911 1237 2098 1309 δοκίᾳ’
2125 1236 2314 1307 ῶσπερ
2341 1231 2435 1290 οὖν
2471 1235 2537 1289 ἂν
2561 1234 3012 1308 ἀπαρρησίαστον
3032 1233 3184 1304 ἔχῃς,
3202 1233 3296 1286 καὶ
3321 1233 3504 1302 ἀμαρ-

1912 1321 2176 1392 τημάτων
2222 1319 2434 1374 πολλῶν
2492 1318 2794 1382 ὑπεύθυνος
2836 1313 2924 1391 ᾗς,
2963 1317 3067 1371 κάν
3127 1316 3317 1388 μυρίαι
3369 1309 3502 1368 ὦσιν

1914 1405 2100 1476 ἑορταὶ
2129 1407 2225 1459 καὶ
2254 1403 2615 1474 πανηγύρεις,
2647 1403 2758 1457 τῶν
2788 1400 3133 1455 πενθούντων
3176 1400 3328 1453 οὐδὲν
3355 1399 3507 1468 ἄμει-

1915 1507 2003 1543 νον
2047 1488 2317 1560 διακείσῃ.
2347 1488 2413 1540 Τί
2450 1487 2560 1558 γὰρ
2590 1487 2783 1556 ὄφελός
2823 1504 2915 1556 μοι
2954 1485 3218 1556 λαμπρᾶς
3265 1483 3501 1554 ἡμέρας.

1914 1576 2014 1644 τῆς
2037 1572 2217 1644 ψυχῆς
2241 1572 2636 1641 ἐσκοτισμένης
2671 1569 2861 1642 μοιτῴ
2894 1569 3186 1628 συνειδότι;
3214 1569 3277 1620 El
3307 1567 3364 1620 δέ
3398 1567 3504 1636 ἄρα

1914 1677 1969 1712 τι
2015 1659 2108 1712 καὶ
2147 1657 2546 1728 καρπώσασθαι
2576 1658 2684 1710 ἀπὸ
2725 1656 3025 1726 νουμηνίας
3053 1653 3299 1724 βούλειι),
3327 1654 3508 1705 ἐκεῖνο

1917 1742 2169 1812 ποίησον.
2198 1741 2371 1794 Ὅταν
2416 1740 2534 1812 ἴδῃς
2581 1739 2825 1794 ἐνιαυτὸν
2873 1737 3253 1809 πληρωθέντα,
3280 1735 3504 1806 εὐχαρί-

1919 1842 2119 1895 στησον
2146 1824 2227 1895 τῷ
2251 1825 2518 1896 Δεσπότῃ,
2559 1825 2642 1877 δτι
2677 1840 2737 1876 σε
2768 1822 3068 1892 εἰσήγαγεν
3094 1821 3174 1882 εἰς
3211 1819 3310 1890 τὴν
3344 1819 3506 1890 περί-

1916 1909 2034 1962 οδον
2065 1908 2271 1979 ταύτην
2293 1907 2404 1961 τῶν
2430 1905 2696 1962 ἐνιαυτῶν
2715 1922 2730 1936 ο
2767 1903 3065 1970 κατάνυξόν
3099 1920 3192 1955 σου
3235 1903 3335 1972 τὴν
3368 1920 3506 1974 καρ-

1917 1992 2054 2056 δίαν,
2080 1991 2452 2062 άναρίθμησαί
2480 2008 2573 2043 σου
2596 1989 2687 2042 τὸν
2703 1989 2894 2058 χρόνον
2909 1988 3009 2056 τῆς
3027 1986 3192 2056 ζωῆς,
3228 1985 3349 2039 εἰπὲ
3372 1986 3506 2057 πρὸς

1919 2077 2139 2129 ἐαυτόψ
2182 2076 2247 2127 At
2297 2075 2505 2145 ἡμέραι
2543 2073 2798 2144 τρέχουσι
2858 2071 2953 2124 καὶ
3007 2069 3408 2140 παρέρχονται,
3455 2069 3508 2121 οἱ

1920 2160 2163 2214 ἐνιαυτοὶ
2208 2157 2567 2228 πληροῦνται,
2607 2157 2741 2209 πολὺ
2781 2155 2877 2224 τῆς
2913 2153 3037 2207 ὀδοῦ
3083 2153 3503 2224 προεκόςῖδαμεν·

1920 2240 2030 2315 ἆρα
2050 2243 2102 2296 τί
2121 2245 2252 2314 ἡμῖν
2277 2242 2566 2312 εἴργασται
2599 2239 2799 2304 καλόν;
2831 2235 2940 2307 ἆρα
2970 2237 3045 2308 μὴ
3079 2237 3227 2290 κενοί
3256 2237 3352 2289 καὶ
3375 2235 3499 2308 ἔρησ

1923 2344 2012 2396 μοι
2041 2325 2392 2395 δικαιοσύνης
2419 2324 2638 2393 ἀπάσης
2673 2319 2926 2375 ἐντεῦθεν
2956 2319 3409 2390 ἀπελευσόμεθα,
3446 2320 3510 2372 τδ

1919 2411 2270 2482 δικαστήριον
2300 2409 2394 2462 ἐπὶ
2426 2407 2640 2479 θύραις,
2674 2405 2812 2477 πρὸς
2842 2403 3021 2475 γῆρας
3045 2403 3202 2475 ήμῶν
3227 2405 3512 2474 ἐπείγεται

1921 2493 2106 2570 λοιπὸν
2139 2497 2173 2565 ἡ
2206 2492 2343 2563 ζωή.

1991 2585 2061 2646 γ’.
2081 2577 2267 2631 Ταῦτα
2291 2576 2401 2629 ἀπὸ
2433 2573 2733 2645 νουμηνίας
2761 2573 3064 2643 φιλοσόφει,
3087 2571 3264 2628 ταῦτα
3283 2573 3391 2627 ἀπὺ
3411 2573 3514 2643 τῆς

1924 2663 2175 2736 περιόδου
2217 2661 2329 2714 τῶν
2364 2659 2631 2714 ἐνιαυτῶν
2661 2660 3116 2730 ἀναμιμνήσκου·
3148 2662 3250 2729 τῆς
3281 2658 3514 2728 μελλού-

1925 2764 2025 2816 σης
2073 2745 2291 2818 ὴμέρας
2321 2741 2793 2812 ἀναλογιζώμεθα,
2825 2742 3033 2812 μήποτε
3067 2742 3160 2794 καὶ
3188 2741 3324 2813 πρὸς
3363 2743 3514 2812 ἡμᾶς

1924 2832 2052 2900 εἴπῃ
2082 2848 2166 2895 τις
2195 2831 2392 2892 ἐκεῖνο,
2410 2828 2470 2880 τὸ
2495 2827 2633 2897 πρὸς
2661 2826 2787 2888 τοὺς
2822 2823 3105 2890 Ἰουδαίους
3126 2826 3417 2897 εἰρημένον
3436 2826 3514 2896 τῷ

1927 2915 2182 2984 προφήτῃ
2201 2929 2214 2943 ο
2272 2910 2586 2975 Ἑξέλιπον
2623 2909 2693 2961 ἐν
2713 2909 3062 2977 ματαιότητι
3094 2912 3153 2961 αἱ
3181 2908 3396 2977 ἡμέραι
3417 2910 3518 2962 αὺ-

1924 2995 2064 3059 τῶν,
2101 2995 2197 3048 καὶ
2229 2998 2302 3048 τὰ
2322 2995 2426 3060 ἔτη
2453 2993 2656 3046 αὐτῶν
2677 2992 2830 3062 μετὰ
2850 2989 3150 3059 σπουδῆς.
3171 2992 3389 3064 Ταύτην
3413 2995 3519 3063 τὴν

1926 3077 2121 3148 ἑορτὴν
2162 3077 2233 3147 ἢν
2283 3073 2436 3129 εἷπον
2486 3074 2620 3144 ἐγὼ,
2673 3075 2772 3146 τὴν
2804 3074 3052 3144 διηνεκῆ,
3092 3077 3188 3129 καὶ
3228 3077 3516 3147 περιόδους

1926 3159 2063 3214 ἐτῶν
2098 3160 2198 3213 οὐκ
2235 3159 2632 3229 ἀναμένουσαν,
2688 3158 2811 3211 οὐδέ
2857 3158 3340 3230 περιγραφομένην
3382 3159 3517 3229 ὴμέ-

1929 3262 2073 3316 ραις,
2089 3244 2182 3296 καὶ
2203 3243 2459 3305 πλούσιος
2491 3242 2585 3296 καὶ
2606 3242 2779 3313 πένης
2795 3241 2951 3311 ἄγειν
2977 3241 3265 3313 δυνήσεται
3280 3243 3481 3313 ὁμοίως
3496 3257 3514 3274 ο

1927 3329 1991 3381 οὐ
2023 3329 2131 3401 γὰρ
2160 3327 2463 3398 χρημάτων
2486 3325 2723 3380 ἐνταῦθα
2750 3326 2931 3398 χρεία,
2952 3327 3061 3380 οὐδ’
3089 3326 3370 3398 εὐπορίας,
3399 3326 3517 3379 ἀλλ’

1929 3412 2129 3483 ἀρετῆς
2187 3412 2376 3483 μόνης.
2423 3410 2538 3463 Οὐκ
2575 3409 2720 3480 ἔχεις
2758 3411 3051 3481 χρήματας
3099 3409 3215 3463 ἀλλ’
3249 3409 3390 3482 ἔχεις
3422 3410 3517 3464 τοῦ

1929 3495 2065 3549 Θεοῦ
2123 3495 2217 3548 τὸν
2258 3494 2462 3565 φόϐον,
2515 3493 2736 3548 πάντων
2791 3493 3096 3566 χρημάτων
3139 3492 3520 3564 εὐπορώτερον

1931 3579 2226 3651 θησαυρὸν,
2273 3579 2374 3632 οὐκ
2421 3577 2874 3648 ἀναλισκόμενον,
2916 3577 2976 3629 οὐ
3028 3575 3520 3648 μεταϐαλλόμενον,

1930 3663 1990 3716 οὐ
2015 3661 2430 3731 δαπανώμενον.
2467 3660 2574 3714 Ἴδε
2610 3663 2691 3724 εἰς
2720 3660 2813 3713 τὸν
2843 3660 3093 3729 οὐρανὸν,
3127 3659 3221 3713 καὶ
3244 3659 3335 3713 τὸν
3355 3658 3518 3728 οὐρα-.

1931 3746 2022 3798 νδν
2051 3744 2146 3797 τοῦ
2181 3742 2441 3815 οὐρανοῦ,
2475 3743 2575 3814 τὴν
2614 3744 2739 3814 γῆν,
2774 3743 2874 3813 τὴν
2904 3743 3203 3805 θάλασσαν,
3231 3742 3322 3796 τὸν
3355 3742 3526 3812 ἀέρα,

1932 3829 2002 3882 τὰ
2029 3829 2161 3897 γένη
2200 3826 2310 3880 τῶν
2344 3825 2522 3890 ζώων,
2555 3825 2624 3879 τά
2667 3825 2988 3879 παντοδαπὰ
3028 3825 3193 3894 φυτά,
3220 3825 3320 3896 τὴν
3355 3824 3529 3894 φύσιν.

1932 3912 2042 3966 τῶν
2071 3909 2376 3981 ἀνθρώπιον
2418 3909 2670 3962 ἃπασαν·
2701 3908 2957 3977 ἐννόησον
2986 3907 3274 3976 ἀγγέλους,
3309 3909 3519 3978 ἀρχαγ-

1934 3995 2148 4063 γέλους,
2183 3991 2334 4063 [701]
2369 3991 2469 4054 τὰς
2499 3989 2788 4062 ἀνωτέρας
2826 3989 3110 4059 δυνάμεις·
3139 3990 3529 4061 ἀναμνήσθητι

1934 4080 2016 4132 ὅτι
2066 4077 2241 4130 ταῦτα
2261 4075 2441 4128 πάντα
2467 4073 2562 4126 τοῦ
2599 4074 2870 4125 Δεσπότου
2921 4090 3015 4126 σου
3042 4073 3160 4126 ἐστὶ
3191 4075 3447 4142 κτήματα
3469 4085 3518 4130 ο.

1936 4163 2050 4215 Οὐκ
2086 4159 2198 4213 ἔστι
2231 4158 2287 4211 δέ
2324 4156 2498 4220 οὕτως
2531 4155 2767 4226 εὐπόρου
2797 4155 3068 4208 Δεσπότου
3097 4154 3283 4209 δοῦλον
3313 4157 3533 4224 πένητα,

1935 4242 2098 4304 εἶναι,
2141 4242 2235 4296 ἐάν
2271 4240 2402 4293 ἵλεω
2432 4241 2525 4292 τὸν
2564 4238 2760 4292 ἐαυτοῦ
2792 4237 2999 4310 Κύριον
3029 4238 3149 4310 ἔχῃ.
3175 4239 3250 4292 Τὸ
3275 4257 3522 4311 παρατη-

1941 4330 2054 4400 ρεῖν
2079 4325 2295 4397 ἡμέρας
2336 4324 2396 4376 οὐ
2428 4324 2826 4393 Χριστιανικῆς
2862 4321 3205 4391 φιλοσοφίας,
3238 4323 3367 4376 ἀλλ’
3405 4321 3528 4374 Ἑλ-.

1937 4411 2164 4481 ληνικῆς
2194 4407 2405 4475 πλάνης
2424 4405 2592 4459 ἐστίν.
2625 4407 2722 4468 Εἰς
2735 4404 2834 4476 τὴν
2867 4406 2980 4460 ἀνω
3007 4406 3163 4458 πόλιν
3192 4406 3528 4477 ἀπεγράιιω,

1938 4497 2018 4557 εἰς
2051 4493 2149 4564 τὴν
2180 4492 2298 4543 ἐκεῖ
2325 4489 2604 4544 πολιτείαν
2649 4487 2845 4551 τελεῖς,
2880 4487 3134 4556 ἀγγέλοις
3165 4487 3359 4541 σαυτὸν
3392 4490 3528 4542 ἀνα..

1942 4577 2098 4649 μίξας
2121 4592 2135 4606 ο
2163 4567 2224 4627 οὐ
2251 4574 2351 4626 οὐκ
2389 4571 2504 4624 ἔστι
2529 4571 2644 4639 φῶς
2666 4571 2747 4632 εἰς
2775 4569 2966 4632 σκότος
2993 4569 3180 4639 λῆγον,
3206 4569 3319 4623 οὐθ’
3341 4571 3531 4642 ἡμέρας

1937 4663 2018 4723 είς
2043 4658 2217 4712 νύκτα
2236 4653 2569 4716 τελευτῶσα,
2597 4651 2734 4706 ἀλλά
2749 4651 3042 4714 διαπαντὸς
3069 4651 3271 4723 ἡμέρα,
3293 4652 3521 4706 διαπαν-

1937 4743 2030 4807 τὸς
2063 4727 2200 4811 (ῥῶς,
2240 4739 2386 4810 Πρὸς
2427 4739 2612 4789 ἐκεῖνα
2657 4735 2837 4789 τοίνυν
2878 4735 3167 4806 βλέπωμεν
3205 4735 3526 4801 διαπαντός,

1945 4825 2022 4880 Τὰ
2054 4824 2176 4877 ἄνω
2204 4822 2344 4892 γάρ,·
2369 4820 2525 4891 φησὶ,
2556 4816 2801 4887 ζητεῖτε,
2830 4814 2902 4873 οὗ
2919 4821 2953 4872 ὀ
2977 4819 3232 4886 Χριστός
3256 4818 3430 4872 ἐστιν
3452 4820 3526 4873 ἐν

1940 4904 2110 4972 δεξιᾷ
2137 4904 2244 4959 τοῦ
2277 4902 2425 4957 Θεοῦ
2453 4901 2810 4970 καθήμενος.
2830 4901 3000 4954 Οὐδὲν
3022 4901 3166 4972 ἔχεις
3180 4902 3360 4956 κοινὸν
3386 4902 3528 4975 πρὸς

1939 4990 2040 5061 τὴν
2065 4989 2192 5059 γῆν,
2225 4987 2356 5040 ἔνθα
2403 4986 2560 5055 ἡλίου
2588 4985 2802 5056 δρόμοι,
2832 4985 2928 5038 καὶ
2956 4985 3220 5056 περίοδοι,
3255 4986 3350 5040 καὶ
3381 4988 3522 5057 ἠμέ-

1943 5089 2064 5146 ραι·
2099 5072 2215 5126 ἀλλ’
2245 5069 2339 5124 ἐὰν
2377 5069 2554 5141 ὀρθῶς
2583 5068 2702 5140 ζῇς,
2739 5069 2772 5138 ὴ
2799 5067 2896 5133 νὺξ
2929 5069 3114 5139 ἡμέρα
3160 5087 3242 5122 σοι
3274 5069 3484 5138 γίνεται
3505 5089 3518 5100 ·

1941 5157 2131 5228 ῶσπερ
2167 5151 2260 5208 οὖν
2291 5155 2403 5216 τοῖς
2439 5154 2498 5206 ἐν
2527 5149 2788 5221 ἀσελγείᾳ
2829 5151 2926 5204 καὶ
2963 5151 3105 5225 μέθῃ
3138 5152 3235 5205 md.
3256 5152 3524 5223 ἀκολασία

1945 5239 2151 5311 βιοῦσιν
2190 5239 2224 5309 ἡ
2245 5236 2432 5309 ἡμέρα
2453 5234 2633 5289 αὐτῶν
2664 5234 2802 5306 πρὸς
2831 5234 2892 5287 τὸ
2926 5235 3028 5305 τῆς
3060 5238 3256 5299 νυκτὸς
3287 5236 3523 5306 μεταφέ-

1945 5341 2096 5395 ρεται
2126 5321 2339 5384 σκότος,
2389 5319 2451 5372 οὐ
2505 5318 2600 5372 τοῦ
2639 5317 2792 5389 ἠλίου
2840 5317 3226 5388 σϐεννυμένου,
3256 5318 3392 5371 ἀλλά
3424 5319 3524 5390 τῆς

1942 5407 2168 5460 ἐκείνων
2216 5403 2454 5467 διανοίας
2505 5405 2590 5473 τῇ·
2619 5400 2759 5472 μέθῃ
2808 5400 3222 5472 σκοτιζομένης.
3256 5399 3330 5454 Τὸ
3384 5408 3524 5470 πρὸς

2005 5583 2378 5654 δμυῃιιεροάει
2422 5578 2718 5654 πανηγύρεις.
2761 5580 2940 5654 Τξὶγάρὶ
2972 5580 3188 5654 λαμπρὰς
3211 5582 3407 5654 ἡμέρας,

1943 5652 2096 5726 ψνᾉῆνς
2581 5643 2756 5701 οὐσης;
2802 5643 2860 5690 El
2897 5643 2950 5691 δέ
2985 5643 3078 5709 ἄρα
3101 5659 3146 5691 τι
3196 5643 3544 5710 καρπώσασθαῖ

1942 5706 2040 5760 ἀπό
2069 5706 2314 5766 νεομηνίας
2336 5706 2506 5766 βούλει.

2010 5772 2031 5801 τ
2061 5765 2169 5821 υυο
2190 5780 2301 5816 mss.
2329 5765 2512 5816 habent
2535 5767 2789 5824 κτίσματα.
