3862 6228
307 255 411 310 957

307 371 524 442 ἡμέρας
560 367 856 438 ἐπτοῆσθαι
888 366 1160 432 τοιαύτας,
1193 368 1285 422 καὶ
1314 367 1533 420 πλείονα
1583 371 1641 421 ἐν
1683 369 1874 433 αὐταῖς

306 453 558 524 δέχεσθαι
591 452 804 524 ἡδονὴν,
822 451 915 504 καὶ
934 451 1160 520 λύχνους
1193 452 1385 504 ἅπτειν
1411 452 1502 503 ἐπὶ
1532 451 1631 520 τῆς
1651 453 1874 522 ἀγορᾶς,

308 539 404 590 καὶ
439 534 837 605 στεφανώματα
859 534 1099 596 πλέκειν,
1118 533 1376 602 παιδικῆς
1405 534 1590 598 ἀνοίας
1611 534 1777 587 ἐστίν.
1805 535 1877 586 Σὺ

302 620 364 672 δὲ
405 619 606 688 ταύτης
638 618 940 689 ἀπήλλαξαι
971 617 1068 687 τῆς
1095 616 1397 681 ἀσθενείας,
1434 617 1530 670 καὶ
1561 619 1638 680 εἰς
1681 618 1882 688 ἄνδρας

303 703 502 766 τελεῖς,
526 702 620 754 καὶ
643 704 723 764 εἰς
738 701 834 771 τὴν
856 702 961 754 τῶν
982 701 1224 770 οὐρανῶν
1251 701 1557 771 ἐνεγράφης
1577 700 1877 752 πολιτείαν.

307 786 400 854 Μὴ
433 785 612 836 τοίνυν
643 785 735 836 ἐπὶ
764 784 860 854 τῆς
881 785 1085 853 ἀγορᾶς
1113 783 1428 855 ἀνακαύσῃς
1463 783 1573 853 πῦρ
1599 781 1879 851 αἰσθητὸν,

309 867 424 918 ἀλλ’
465 868 558 919 ἐπὶ
617 866 715 934 τῆς
755 865 991 928 διανοίας
1041 864 1242 933 ἀναψον
1266 877 1292 905 ι
1323 866 1438 932 φῶς
1492 864 1876 933 πνευματικόν.

309 948 610 1016 Λαμψάτω
637 949 766 1016 γὰρ,
797 948 950 1018 φησὶ,
969 946 1035 1001 τὸ
1065 946 1191 1016 φῶς
1213 947 1380 1016 ὑμῶν
1404 948 1744 1016 ἔμπροσθεν
1765 945 1883 998 τῶν

304 1029 654 1097 ἀνθρώπων,
693 1029 852 1095 ὅπως
885 1029 1055 1084 ἴδωσι
1088 1030 1160 1084 τὰ
1199 1029 1356 1083 καλὰ
1382 1031 1524 1098 ἔργα
1569 1027 1756 1096 ὑμῶν,
1782 1029 1880 1081 καί

303 1112 615 1176 δοξάσωσι
643 1114 750 1166 τὸν
764 1112 996 1180 Πατέρα
1019 1110 1188 1182 ἡμῶν
1216 1112 1407 1165 τόνέν
1435 1111 1560 1176 τοῖς
1585 1111 1878 1178 οὐρανοῖς.

307 1195 480 1249 Τοῦτο
501 1194 562 1248 τὸ
588 1194 703 1264 φῶς
733 1195 935 1265 πολλήν
958 1211 1040 1248 σοι
1073 1195 1228 1264 φέρει
1258 1195 1358 1265 τὴν
1387 1195 1642 1265 ἀμοιϐήν.
1673 1192 1766 1264 Μὴ
1784 1195 1884 1263 τὴν

310 1279 480 1349 θύραν
508 1278 607 1348 τῆς
643 1276 821 1340 οἰκίας
879 1277 1252 1349 στεφανώσῃς,
1283 1277 1420 1330 ἀλλά
1461 1276 1717 1343 τοιαύτην
1766 1275 1885 1328 ἐπί-

308 1361 480 1427 δειξαι
514 1359 810 1424 πολιτείαν,
837 1358 978 1412 ὥστε
1004 1359 1095 1412 τὸν
1119 1362 1216 1430 τῆς
1235 1359 1581 1430 δικαιοσύνης
1620 1358 1885 1427 στέφανον

313 1445 379 1512 σῇ
425 1441 633 1511 κεφαλῇ
666 1441 818 1514 παρὰ
843 1441 946 1511 τῆς
978 1441 1071 1495 τοῦ
1102 1441 1339 1514 Χριστοῦ
1387 1442 1642 1508 δέξασθαι
1681 1440 1882 1511 χειρός.

311 1525 493 1594 Μηδὲν
545 1524 688 1594 εἰκῆ,
753 1524 888 1594 μηδὲ
934 1523 1119 1588 ἁπλῶς
1175 1525 1445 1594 γενέσθω·
1493 1523 1638 1578 οὓτω
1669 1522 1884 1587 Παῦλος

311 1606 542 1670 ἐπέταξε
603 1608 782 1660 πάντα
836 1609 916 1670 εἰς
973 1607 1129 1674 δόξαν
1165 1606 1299 1660 Θεοῦ
1364 1609 1556 1661 ποιεῖν.
1591 1607 1726 1660 Εἴτε
1775 1604 1887 1676 γὰρ

309 1689 564 1753 ἐσθίετε,
596 1689 780 1760 φησὶν,
811 1689 929 1742 εἴτε
957 1691 1179 1753 πίνετε,
1203 1689 1322 1742 εἴτε
1345 1707 1400 1742 τι
1426 1688 1666 1755 ποιεῖτε,
1693 1689 1889 1742 πάντα

304 1776 397 1836 εἰς
427 1771 615 1835 δόξαν
659 1773 805 1826 Θεοῦ
839 1772 1076 1826 ποιεῖτε.
1113 1772 1225 1826 Καὶ
1259 1771 1377 1835 πῶς
1409 1771 1548 1838 ἐστι,
1591 1773 1746 1843 φησὶ,
1783 1789 1887 1840 φα-

311 1858 427 1921 γεῖν
471 1855 566 1908 καί
614 1857 789 1908 ποιεῖν
837 1856 917 1917 εἰς
969 1854 1125 1918 δόξαν
1169 1855 1337 1920 Θεοῦ;
1381 1853 1617 1908 Κάλεσον
1657 1855 1884 1925 πένητα,

311 1937 567 1990 κοινωνὸν
592 1937 823 2008 »ποίησον
858 1938 954 2007 τῆς
988 1937 1266 2008 τραπέζης
1285 1938 1376 1990 τὸν
1404 1937 1658 2006 Χριστὸν,
1685 1937 1779 1990 καὶ
1809 1938 1890 1996 εἰς

306 2020 466 2086 δόξαν
499 2020 636 2073 Θεοῦ
690 2020 893 2088 ἔφαγες
940 2021 1034 2073 καὶ
1081 2020 1252 2082 ἔπιες.
1270 2019 1409 2072 Ἀλλ’
1431 2020 1491 2072 οὑ
1525 2019 1684 2073 τοῦτο
1730 2019 1890 2088 μόνον

308 2102 573 2167 ἐπέταξεν
613 2105 693 2165 είς
739 2102 896 2168 δόξαν
939 2101 1073 2155 Θεοῦ
1118 2105 1311 2161 ποιεῖν,
1342 2102 1477 2156 ἀλλά
1507 2103 1602 2156 καὶ
1631 2102 1701 2156 τά
1728 2100 1891 2155 λοιπά

307 2186 546 2250 ἅπαντα,
572 2176 682 2238 οἷόν
715 2187 861 2237 ἐστιν
893 2185 1149 2256 ἐμϐαλεῖν
1186 2186 1266 2249 εἰς
1294 2187 1393 2257 τὴν
1421 2185 1648 2256 ἀγορὰν,
1682 2185 1778 2238 καὶ
1813 2184 1892 2236 οἵ-

309 2287 397 2322 κοι
428 2272 608 2340 μεῖναι
630 2287 643 2300 ο
681 2268 970 2337 ἀμφότερα
1003 2267 1178 2321 ταῦτα
1213 2268 1304 2322 διὰ
1331 2269 1422 2322 τὸν
1461 2269 1593 2322 Θεὸν
1622 2267 1885 2337 γενέσθω.

311 2354 423 2406 Καὶ
472 2352 589 2416 πῶς
633 2352 778 2406 ἐστιν
825 2354 1111 2424 ἀμφότερα
1162 2351 1334 2406 ταῦτα
1381 2352 1626 2420 γίνεσθαι
1665 2351 1753 2405 διὰ
1798 2349 1891 2403 τὸν

307 2437 480 2503 Θεόν;
514 2437 684 2489 Ὅταν
715 2437 794 2499 εἰς
821 2435 1117 2506 ἐκκλησίαν
1154 2435 1396 2506 βαδίζῃς,
1415 2436 1543 2487 ὅταν
1572 2435 1738 2504 εὐχῆς
1765 2451 1892 2504 μετ-

314 2520 464 2590 έχῃς,
500 2520 628 2573 ὅταν
664 2518 1011 2581 διδασκαλίας
1054 2518 1512 2588 πνευματικῆς,ή
1546 2517 1769 2588 πρόοδος
1812 2518 1892 2580 εἰς

307 2602 477 2665 δόξαμ
500 2600 636 2654 Θεοῦ
674 2601 887 2670 γέγονε.
930 2601 1096 2654 Πάλιν
1133 2602 1279 2654 ἐστὶν
1326 2601 1464 2654 οἴκοι
1496 2599 1582 2653 διὰ
1626 2601 1717 2654 τὸν
1757 2599 1890 2651 Θεὸν

315 2691 517 2754 μεῖναι.
551 2684 677 2748 Πῶς
717 2685 813 2737 καὶ
855 2684 959 2737 τίνι
989 2683 1206 2755 τρόπῳ;
1252 2684 1421 2736 Ὅταν
1461 2681 1700 2754 ἀκούσῃς
1735 2679 1892 2749 θορύ-

309 2767 460 2830 ϐους,
491 2766 715 2832 ἀταξίας
745 2766 839 2819 καὶ
878 2767 1104 2836 πομπὰς
1136 2763 1467 2830 διαϐολικάς,
1500 2762 1755 2835 πονηρῶν
1801 2765 1895 2815 ἀν-

313 2851 549 2920 θρώπων
595 2850 688 2904 καὶ
729 2849 1044 2903 ἀκολάστων
1073 2849 1173 2920 τὴν
1199 2848 1406 2918 ἀγοράν
1429 2847 1889 2918 πεπληρωμένην,

309 2934 454 2986 οῖκοι
487 2934 638 3004 μένε,
666 2935 761 2986 καὶ⁴
789 2933 891 3002 τῆς
912 2933 1156 3003 ταραχῆς
1178 2929 1519 2984 ἀπαλλάττου
1552 2929 1775 3000 ταύτης,
1800 2929 1894 2982 καὶ

313 3016 538 3086 ἔμεινας
575 3018 656 3078 εἰς
688 3015 844 3081 δόξαν
878 3014 1253 3083 Θεοῦ.”Ωσπερ
1284 3013 1341 3066 δὲ
1373 3013 1473 3076 τὰς
1501 3013 1640 3066 οἶκοι
1680 3012 1892 3082 διατρι-

315 3099 415 3162 ϐὰς
459 3101 551 3153 καὶ
598 3098 699 3162 τάς
748 3097 961 3162 ἐξόδους
989 3096 1165 3160 ἔξεστι
1200 3095 1468 3149 ποιεῖσθαι
1497 3095 1585 3149 διά
1615 3095 1707 3148 τὸν
1735 3094 1890 3160 Θεὸν,

311 3182 454 3235 οὕτω
489 3183 581 3236 καὶ
610 3182 866 3245 ἐπαίνους
904 3181 996 3234 καὶ
1025 3181 1246 3250 ψόγους.

386 3265 495 3318 Καὶ
515 3264 630 3327 πῶς
653 3265 798 3316 ἐστιν
819 3266 898 3326 εἰς
919 3264 1077 3329 δόξαν
1100 3263 1236 3316 Θεοῦ
1262 3280 1384 3316 τινα
1408 3263 1715 3326 ἐπαινέσαι,
1737 3263 1892 3334 φησι,

313 3349 407 3401 καὶ
445 3347 827 3412 αἰτιάσασθαι;
874 3346 1176 3409 Καθίζεσθε
1217 3345 1479 3409 πολλάκις
1529 3347 1587 3399 ἐν
1641 3349 1754 3409 τοῖς
1800 3348 1894 3418 ἐρ-

313 3431 656 3500 γαστηρίοις,
691 3431 852 3499 ὁρᾶτε
882 3430 1179 3500 παριόιτας
1204 3428 1475 3498 πονηροὺς
1521 3430 1615 3481 καὶ
1660 3429 1896 3498 φαύλους

315 3511 655 3581 ἀνθρώπους,
682 3512 779 3573 τὰς
811 3511 981 3581 ὀφρῦς
1009 3509 1388 3574 ἀνασπῶντας,
1420 3511 1891 3580 πεφυσιωμένους,

315 3595 651 3663 παρασίτους
678 3597 770 3647 καὶ
795 3594 1029 3658 κόλακας
1057 3593 1284 3657 πολλοὺς
1314 3595 1765 3665 ἐπισυρομένους,
1798 3613 1897 3648 πο-

314 3676 510 3746 λυτελῆ
544 3677 842 3746 φοροῦντας
877 3679 1066 3746 ἱμάτια
1087 3717 1101 3741 ,
1149 3675 1349 3747 πολλὴν
1396 3676 1896 3747 περιϐεϐλημένους

313 3760 414 3830 τὴν
445 3759 770 3827 φαντασίαν,
800 3761 868 3812 τὰ
899 3760 1115 3812 πάντων
1145 3758 1296 3831 [702]
1320 3758 1688 3828 ἁρπάζοντας,
1715 3758 1898 3811 πλεον-

314 3842 740 3904 εκτοῦντας.“Αν
769 3841 1009 3914 ἀκούσῃς
1030 3842 1174 3903 τινὸς
1203 3841 1475 3909 λέγοντος,
1501 3843 1632 3911 Ούχί
1657 3841 1897 3912 ζηλωτὸς

314 3921 489 3988 οὗτος,
526 3926 648 3994 οὐχὶ
691 3927 989 3998 μακάριος;
1036 3928 1384 3998 ἐπιτίμησον,
1421 3923 1735 3992 ἐγκάλεσον,
1784 3926 1900 3976 ἐπι-

317 4012 593 4079 στόμισον,
627 4010 935 4074 ταλάνισον,
964 4008 1236 4081 δάκρυσον
1257 4025 1270 4037 ·
1299 4007 1458 4061 τοῦτό
1483 4009 1597 4060 ἐστι
1626 4007 1787 4075 ψέξαι
1811 4006 1899 4062 διὰ

315 4095 409 4147 τὸν
456 4094 684 4149 Θεόν.’0
724 4093 892 4163 ψόγος
940 4093 1256 4147 διδασκαλία
1303 4093 1418 4155 τοῖς
1463 4090 1898 4162 συγκαθημένοις

317 4177 637 4246 φιλοσοφίας
680 4177 774 4229 καὶ
822 4176 1024 4246 ἀρετῆς
1066 4179 1094 4229 6
1129 4176 1392 4241 τοιοῦτος,
1431 4175 1626 4245 μηκέτι
1662 4173 1791 4243 περί
1827 4173 1900 4226 τά

320 4259 552 4330 βιωτικά
583 4258 892 4328 κεχηνέναι.
942 4259 1078 4312 Εἰπὲ
1108 4259 1242 4330 πρὸς
1270 4259 1361 4311 τὸν
1390 4257 1567 4310 ταῦτα
1598 4257 1861 4327 εἰρηκότα
1881 4271 1894 4286 ⁸

317 4343 414 4396 Διά
433 4342 485 4395 τί
520 4340 788 4412 μακάριος
822 4335 1006 4405 οῦτος;
1037 4340 1226 4412 ἐπειδὴ
1254 4339 1569 4410 θαυμαστὸν
1594 4341 1759 4392 ἵππον
1783 4338 1900 4409 ἐχει

318 4423 411 4478 καὶ
440 4422 846 4494 χρυσοχάλινον,
879 4424 974 4476 καὶ
1007 4424 1223 4487 οἰκέτας
1250 4423 1477 4486 πολλοὺς
1501 4422 1785 4491 κέκτηται,
1803 4423 1899 4476 καὶ

319 4506 594 4576 φαιδρὰνι)
625 4504 1017 4576 περιϐέϐληται
1053 4505 1264 4576 στολὴν,
1299 4507 1393 4559 καὶ
1421 4503 1558 4575 μέθῃ
1588 4506 1683 4556 καὶ
1715 4508 1895 4576 τρυφῇ

316 4590 711 4660 διαρῤήγνυται
740 4587 862 4640 καθ’
887 4589 1126 4659 ἑκάστην
1152 4589 1396 4659 ἡμέραν;
1433 4587 1592 4641 Ἀλλά
1625 4585 1714 4639 διὰ
1735 4586 1896 4641 τοῦτο

318 4672 498 4735 ἄθλιος
533 4671 598 4725 ἂν
629 4673 712 4743 εἵη
744 4672 838 4725 καὶ
874 4671 1237 4744 ταλαίπωρος,
1269 4673 1362 4726 καὶ
1395 4672 1606 4742 μυρίων
1643 4670 1894 4742 δακρύων

317 4755 646 4825 ἄξιος.’ορῶ
674 4755 804 4822 γοῦν
851 4756 995 4824 ὑμᾶς
1046 4757 1198 4810 οὐδὲν
1247 4756 1577 4826 δυναμένους
1614 4756 1896 4809 ἐπαινέσαι

315 4841 426 4894 τῶν
455 4839 643 4904 αὐτοῦ,
678 4838 813 4892 ἀλλά
854 4839 923 4892 τά
969 4840 1125 4902 ἐκτὸς
1151 4839 1318 4892 αὑτοῦ
1359 4841 1557 4905 πάντα,
1580 4840 1672 4892 τὸν
1708 4839 1896 4904 ἵππον,

315 4923 408 4976 τὸν
441 4922 679 4992 χαλινὸν,
705 4921 774 4975 τά
805 4923 1016 4992 ἰμάτια,
1044 4915 1117 4975 ὧν
1147 4923 1298 4976 οὐδέν
1328 4923 1444 4976 ἐστι
1473 4923 1610 4994 πρὸς
1639 4922 1896 4978 αύτόν.Τί

317 5005 515 5073 γένοιτ’
542 5005 610 5059 ἂν
653 5000 746 5057 οῦν
794 5004 1143 5077 ἀθλιώτερον,
1179 5006 1301 5059 είπέ
1336 5023 1448 5076 μοι,
1480 5005 1690 5070 τούτου,
1718 5006 1846 5060 ὅταν
1869 5005 1898 5057 6

320 5088 418 5158 μὲν
444 5088 612 5152 ἵππος
637 5087 824 5154 αὐτοῦ,
863 5089 960 5143 καὶ
983 5089 1011 5139 ὁ
1043 5088 1256 5159 χαλινὸς
1294 5088 1387 5142 τοῦ
1431 5089 1620 5156 ἵππου,
1653 5089 1749 5144 καὶ
1787 5088 1897 5142 τῶν

384 5223 514 5292 {Si};
537 5223 707 5292 _Savil.r
733 5228 788 5292 eg
809 5225 919 5292 duo-
945 5225 1421 5292 ms_s.;Morgl._veirp
1446 5228 1729 5292 ἀνάγραψον.
1761 5225 1899 5292 Upus

319 5285 561 5350 θοάάλλά
578 5291 750 5350 πιστῆς
769 5286 975 5342 διανοίας
999 5285 1194 5350 ἀναψον.
1210 5287 1332 5336 Infra
1356 5289 1488 5350 iQem
1511 5285 1615 5337 ciid.
1637 5285 1896 5350 πολιτείαν,

320 5346 401 5392 τὸν
422 5352 505 5410 τῆς
521 5346 828 5410 δικαιοσύνης
837 5349 1066 5410 στέφανον
1084 5346 1213 5409 παρὰ
1230 5355 1314 5410 τῆς
1333 5347 1418 5396 τοῦ
1444 5349 1653 5410 Χριστοῦ
1675 5351 1896 5405 δέξασθαι

320 5407 476 5514 ἄειξρς
514 5407 712 5515 ἐπίσῖἢν
753 5410 844 5465 σὴν
886 5407 1095 5471 κεφαλὴν
1119 5407 1410 5458 σπούδασον.

355 5483 388 5513 π
420 5486 482 5515 ωε
501 5485 596 5515 γινε
657 5487 716 5515 ω.

355 5483 482 5522 πλως
501 5483 716 5522 γινεσυω.

386 5485 847 5594 ἒῧῗιέιέξῗῖᾜπειδὴ
868 5529 1132 5594 ἵππονεκεε
1151 5533 1314 5592 χρυσῷ
1332 5533 1723 5594 κεχαλινωμένον.
1735 5532 1896 5589 ἐπειδὴ

319 5591 526 5658 πολλοῦς
545 5591 747 5658 οἰκέτας,
766 5591 1201 5658 καὶηφαιδράνζΜόὶ
1222 5591 1349 5642 unus
1368 5591 1447 5642 καὶ
1464 5591 1611 5658 τρυφῇ
1622 5595 1894 5658 περιϐέϐλη·

316 5668 402 5705 ται
423 5651 526 5699 καθ’
550 5651 754 5709 ἑκάστην
775 5651 970 5710 ἡμέραν.

1506 5413 1618 5469 ηδὲν
1645 5413 1748 5469 εἰκῆ
1779 5413 1900 5472 μηδὲ

1031 251 1091 307 S.
1131 249 1419 305 JOANNIS
1457 244 1947 302 LIIHYSOSTOMI
1988 241 2308 302 ARCHIEP.
2347 248 2902 307 CONSTANTINOP.

3455 261 3574 317 958

1991 369 2222 439 ἱματίων
2270 370 2332 422 τὸ
2371 370 2586 436 κάλλος,
2617 371 2711 424 καὶ
2756 373 2789 442 ή
2847 371 3134 443 σωματικὴ
3183 372 3290 424 τῶν
3334 375 3572 428 οἰκετων

1983 451 2164 516 εὐεξία
2195 451 2559 524 θαυμάζηται,
2599 454 2762 517 αὐτὸς
2805 454 2862 506 δέ
2910 453 3350 523 ἀνεγκωμίαστος
3383 475 3570 527 παρα-

1983 534 2185 605 τρέχῃς
2213 536 2279 587 Τί
2313 537 2491 589 τοίνυν
2536 537 2736 604 γένοιτ’
2767 536 2832 591 ἂν
2867 537 3190 608 πενέστερον
3225 538 3436 602 τούτου,
3465 540 3571 592 τοῦ

1987 615 2152 686 μηδὲν
2185 617 2400 686 ἐχοντος
2432 619 2596 672 καλὸν
2623 622 2823 673 οἰκεῖον
2853 618 2978 689 μήθ’
3006 618 3034 670 ὃ
3061 619 3348 688 δυνήσεται
3376 621 3570 673 ἐντεῦο

1984 697 2076 751 θεν
2103 700 2444 768 ἀπενεγκεῖν,
2471 702 2608 756 ἀλλά
2630 706 2743 765 τοῖς
2761 702 3061 772 ἀλλοτρίοις
3082 702 3572 772 καλλωπιζομένου

1985 783 2184 848 πᾶσιν;
2233 786 2443 847 Οίκεῖος
2489 784 2598 856 γάρ
2648 786 2805 856 ήμῶν
2850 785 3052 855 κόσμος
3077 787 3169 838 καὶ
3200 785 3430 850 πλοῦτος
3461 788 3573 840 οὐκ

1984 865 2192 918 οἰκέται
2223 868 2318 918 καὶ
2348 867 2538 935 ἱμάτια
2564 869 2660 920 καί
2683 869 2859 931 ἵπποι,
2887 867 3025 922 ἀλλά
3047 867 3226 938 ψυχῆς
3252 868 3444 939 ἀρετὴ,
3465 870 3576 922 καὶ

1986 949 2215 1012 πλοῦτος
2241 949 2463 1018 ἀγαθῶν
2491 949 2686 1020 ἔργων,
2715 951 2808 1003 καὶ
2834 951 2867 1021 ἡ
2895 950 3030 1022 πρὸς
3053 950 3145 1004 τὸν
3179 951 3312 1005 Θεὸν
3347 953 3543 1023 τοαρρη
3561 981 3576 990 -

1987 1030 2099 1084 σία.

2054 1114 2114 1166 δ’.
2139 1113 2307 1166 Πάλιν
2327 1115 2514 1184 ἐτερον
2537 1114 2603 1168 ἂν
2626 1114 2742 1186 ἴδῃς
2769 1116 3000 1185 πτωχὸν,
3018 1115 3448 1186 ἀπερριμμένον,
3464 1134 3577 1170 aca-

1985 1196 2252 1267 ταφρονού
2261 1214 2417 1267 μενον
2446 1198 2690 1268 πτωχεία
2717 1197 2812 1251 καὶ
2829 1209 2852 1236 ο
2876 1200 3044 1268 ἀρετῇ
3068 1198 3332 1262 συζῶντα,
3357 1201 3453 1253 καὶ
3470 1218 3576 1252 τα-

1986 1278 2336 1349 λανιζόμενον
2359 1281 2509 1350 παρά
2530 1280 2638 1332 τῶν
2663 1279 3112 1350 συγκαθημένων,
3137 1281 3424 1334 ἐπαίνεσον
3449 1282 3576 1334 τοῦ-

1985 1377 2097 1425 τον,
2135 1362 2228 1414 καὶ
2253 1362 2477 1430 γέγονεν
2521 1363 2550 1414 6
2590 1361 2812 1426 ἔπαινος
2842 1363 2936 1416 τοῦ
2971 1363 3330 1436 παρελθόντος
3361 1365 3576 1434 παραί-

1987 1461 2132 1507 νεσις
2179 1444 2272 1497 καὶ
2320 1445 2597 1517 συμϐουλὴ
2627 1447 2869 1514 χρηστῆς
2900 1446 2994 1500 καὶ
3025 1446 3235 1514 ἀγαθῆς
3265 1446 3571 1509 πολιτείας.

1989 1526 2050 1578 Εἰ
2083 1525 2350 1594 λέγουσιν,
2383 1527 2565 1590 ἄθλιος
2593 1528 2684 1579 καὶ
2709 1527 3072 1598 ταλαίπωρος,
3097 1531 3217 1582 εἰπὲ
3238 1530 3318 1582 ὅτι
3344 1530 3576 1582 πάντων

1992 1609 2089 1677 μὲν
2122 1605 2214 1662 οῦν
2259 1604 2410 1672 οὗτος
2447 1609 2882 1681 μακαριώτατος.
2914 1613 3006 1664 τὸν
3037 1611 3168 1664 Θεὸν
3209 1612 3346 1681 ἔχων
3388 1611 3572 1680 φίλον.

1989 1693 2156 1762 ἀρετῇ
2199 1691 2397 1756 συζῶν,
2430 1692 2660 1746 πλοῦτον
2713 1693 3048 1763 κεκτημένος
3095 1694 3336 1747 οὐδέποτ’
3366 1694 3581 1745 ἐπιλεί-

1990 1793 2182 1840 ποντα,
2214 1775 2448 1839 συνειδὸς
2481 1775 2618 1846 ἐχων
2649 1775 2904 1845 καθαρόν.
2944 1777 3008 1828 Τί
3045 1777 3153 1847 γάρ
3197 1777 3342 1846 αὐτῷ
3370 1776 3580 1846 βλάϐος

1990 1859 2054 1910 ἐκ
2098 1858 2198 1928 τῆς
2244 1857 2449 1921 ἐνδείας
2495 1858 2603 1910 τῶν
2650 1859 2947 1928 χρημάτων
2963 1858 3014 1920 ἀ,
3043 1860 3171 1911 ὅταν
3205 1859 3294 1911 τὸν
3343 1859 3590 1928 ούρανῖνη

1991 1941 2086 1993 καὶ
2114 1939 2182 1993 τά
2211 1942 2267 1993 ἐν
2291 1940 2368 2010 τῷ
2399 1939 2612 2009 οὐρανῷ
2646 1940 2814 2013 μέλλῃ
2840 1940 3196 2011 κληρονομεῖν
3227 1940 3440 2009 ἀγαθά;
3473 1942 3580 1993 "Av

1991 2023 2132 2076 οὕτω
2180 2023 2276 2075 καὶ
2319 2023 2483 2084 αὐτὸς
2524 2022 2841 2094 φιλοσοφῇς,
2877 2025 2970 2076 καὶ
3000 2023 3191 2086 ἄλλους
3228 2036 3251 2062 ε
3283 2024 3577 2096 παιδεύῃς,

1991 2104 2193 2174 πολλὴν
2231 2105 2375 2176 λήψῃ
2410 2105 2504 2158 καὶ
2530 2105 2622 2158 τοῦ
2642 2106 2811 2174 ψόγου
2839 2107 2931 2160 καὶ
2957 2106 3065 2159 τῶν
3091 2108 3324 2159 ἐπαίνων
3348 2107 3448 2178 τὴν
3482 2123 3581 2176 μι-

1993 2187 2370 2253 σθαποδοσίαν,
2405 2189 2689 2259 ἀμφότερα
2715 2191 2793 2252 είς
2819 2189 2980 2254 δόξαν
3007 2190 3144 2242 Θεοῦ
3172 2192 3425 2258 ποιήσας.
3461 2191 3582 2244 Καὶ

1991 2271 2071 2323 ὅτι
2093 2270 2151 2322 ού
2181 2271 2354 2340 μάτην
2377 2287 2436 2323 σε
2459 2271 2772 2340 ψυχαγωγῶ
2792 2271 2964 2324 ταῦτα
2988 2271 3181 2340 λέγων,
3200 2270 3333 2324 ἀλλά
3354 2272 3582 2341 μεγάλη

1991 2370 2075 2416 τις
2112 2355 2224 2416 τοῖς
2260 2352 2402 2405 οὓτω
2432 2354 2530 2423 τὴν
2559 2352 2783 2424 γνώμην
2816 2353 3179 2424 διακειμένοις
3211 2356 3387 2406 κεῖται
3421 2353 3582 2423 παρὰ

1990 2436 2086 2489 τοῦ
2120 2436 2254 2488 Θεοῦ
2282 2436 2388 2487 τῶν
2420 2435 2556 2488 ὅλων
2581 2437 2806 2506 ἀμοιϐὴ,
2831 2437 2926 2489 καὶ
2954 2437 3121 2507 ἀρετή
3148 2453 3232 2498 τις
3259 2437 3582 2504 νενόμισται

1992 2518 2053 2571 τὸ
2087 2520 2335 2589 πρᾶγμα,
2364 2519 2424 2570 τὸ
2441 2518 2509 2570 τά
2532 2518 2756 2571 τοιαῦτα
2779 2518 3131 2588 ψηφίζεσθαι,
3151 2521 3278 2590 περὶ
3297 2519 3404 2572 τῶν
3431 2518 3586 2572 οὕτω

1995 2600 2232 2665 ζώντων,
2264 2600 2494 2654 ἄκουσον
2523 2601 2575 2652 τί
2617 2618 2781 2670 φησιν
2827 2604 2854 2654 6
2901 2603 3212 2672 προφήτης,
3245 2602 3336 2655 καὶ
3366 2600 3485 2664 πῶς
3517 2603 3582 2653 ἐν

1991 2681 2144 2746 τάξει
2170 2682 2613 2754 κατορθωμάτων
2653 2684 2835 2754 τίθησι
2861 2683 2921 2737 τὸ
2951 2685 3078 2748 τοὺς
3107 2684 3584 2755 πονηρευομένους

1993 2765 2312 2831 ἐξουθενείν,
2345 2765 2437 2816 καὶ
2470 2766 2595 2828 τοὺς
2625 2765 2991 2836 φοϐουμένους
3017 2766 3108 2819 τὸν
3144 2766 3274 2819 Θεὸν
3305 2764 3584 2830 δοξάζειν,

1991 2845 2149 2900 Μετά
2181 2847 2284 2917 γὰρ
2310 2847 2369 2900 τὸ
2410 2847 2704 2913 καταλέξαι
2728 2849 2828 2918 τὴν
2865 2847 3032 2919 ἀλλην
3065 2849 3266 2918 ἀρετὴν
3306 2847 3402 2900 τοῦ
3439 2848 3580 2918 μέλ-

1993 2928 2171 2990 λοντος
2201 2928 2353 2999 παρά
2378 2928 2472 2980 τοῦ
2508 2929 2643 2982 Θεοῦ
2679 2929 2964 3000 τιμᾶσθαι,
2993 2931 3086 2984 καὶ
3124 2932 3315 2989 εἰπεῖν.
3352 2925 3464 2984 οἷον
3497 2926 3586 2983 εἷ-

1993 3028 2082 3065 ναι
2110 3009 2215 3082 χρὴ
2244 3010 2336 3062 τὸν
2371 3011 2428 3062 ἐν
2458 3011 2535 3080 τῷ
2559 3012 2698 3082 ἀγίῳ
2720 3012 3077 3068 κατοικοῦντα
3114 3012 3452 3084 σκηνώματι,
3493 3014 3583 3067 ὅτι

1993 3095 2242 3164 ἄμωμον,
2270 3093 2364 3147 καὶ
2407 3094 2773 3164 ἐργαζόμενον
2818 3094 3185 3167 δικαιοσύνην,
3233 3097 3328 3149 καί
3367 3096 3584 3166 ἀπόνη-

1995 3193 2108 3248 ρον,
2146 3175 2240 3230 καὶ
2288 3175 2449 3231 τοῦτο
2502 3177 2871 3248 προσέθηκενο
2918 3177 3089 3231 είπὼν
3141 3179 3275 3250 γάρ·
3319 3181 3417 3244 ’ος
3462 3181 3584 3232 οὐκ

1993 3259 2296 3315 ἐδόλωσεν
2332 3260 2401 3314 ἐν
2431 3259 2681 3329 γλώσσῃ
2716 3259 2924 3324 αὐτοῦ,
2957 3260 3055 3314 καὶ
3087 3262 3198 3315 οὐκ
3225 3261 3474 3328 ἐποίησε
3497 3260 3586 3325 τῷ

1994 3345 2268 3412 πλησίον
2311 3343 2499 3399 αὑτοῦ
2541 3344 2757 3397 κακῶν
2789 3343 3102 3412 ἐπήγαγεν
3151 3343 3583 3407 Ἐεουδένωται

1993 3426 2252 3482 ἐνώπιον
2281 3426 2468 3480 αὑτοῦ
2498 3425 2998 3494 πονηρευόμενος,
3016 3425 3160 3491 τοὺς
3184 3425 3253 3479 δὲ
3281 3426 3584 3494 φοϐουμέ-

1995 3526 2139 3575 νους
2187 3509 2294 3562 τὸν
2324 3509 2544 3576 Κύριον
2573 3507 2834 3572 δοξάζειο
2884 3507 3102 3571 δεικνὺς
3150 3509 3231 3561 ὅτι
3280 3509 3370 3562 καὶ
3421 3507 3582 3578 {703]

1995 3591 2153 3646 τοῦτο
2185 3591 2243 3644 ’έν
2286 3608 2340 3644 τι
2386 3590 2496 3642 τῶν
2537 3590 2977 3660 κατορθωμάτων
3003 3591 3138 3655 ἐστὶ,
3167 3588 3483 3662 [τουτέστι],
3515 3590 3584 3641 τὸ

1997 3674 2354 3743 καταφρονεῖν
2385 3671 2494 3724 τῶν
2522 3672 2797 3742 πονηρῶν,
2824 3673 2918 3726 καὶ
2942 3675 3184 3726 ἐπαινεῖν
3211 3673 3302 3725 καὶ
3339 3671 3583 3742 μακαρί-

1998 3754 2112 3819 ζειν
2146 3757 2273 3819 τοὺς
2305 3754 2563 3823 ἀγαθούς.
2592 3756 2703 3809 Καὶ
2727 3755 2887 3809 πάλιν
2917 3755 3152 3825 ἀλλαχοῦ
3179 3755 3240 3808 τὸ
3265 3755 3395 3807 αὐτὸ
3417 3753 3583 3806 τοῦτο

1996 3837 2172 3907 δηλῶν
2204 3837 2387 3905 έλεγεν
2407 3855 2420 3868 ·
2464 3836 2627 3906 Ἐμοί
2659 3837 2727 3889 δὲ
2754 3838 2897 3891 λίαν
2927 3837 3298 3906 ἐτιμήθησαν
3325 3839 3378 3890 οἱ
3407 3837 3580 3905 φίλοι

1997 3937 2134 3986 σου,
2171 3923 2204 3974 ὁ
2252 3919 2417 3985 Θεὸς,
2445 3920 2588 3974 λίαν
2626 3919 3108 3988 ἐκραταιώθησαν
3149 3923 3209 3972 αἰ
3247 3921 3420 3988 ἀρχαί
3467 3921 3578 3973 αὐ-

1997 4001 2134 4056 τῶν.
2148 4005 2242 4056 Ὃν
2276 4004 2304 4055 6
2335 4002 2466 4066 Θεὸς
2489 4003 2720 4067 ἐπαινεῖ,
2752 4002 2827 4072 μὴ
2864 4002 3086 4074 μέμψῃο
3124 4004 3334 4056 ἐπαινεῖ
3377 4001 3436 4055 δὲ
3481 4001 3580 4054 τὸν

1998 4088 2056 4140 ἐν
2084 4084 2398 4155 δικαιοσύνῃ
2427 4084 2625 4149 ζῶντα,
2663 4085 2763 4139 κᾶν
2804 4084 3012 4156 πτωχὸς
3037 4080 3200 4156 ᾖ,Ὃν
3225 4085 3254 4136 6
3285 4083 3413 4147 Θεὸς
3439 4084 3580 4136 ἀπο-

2000 4168 2312 4240 στρέφεται,
2362 4167 2437 4237 μὴ
2479 4167 2799 4239 ἐπαινέσῃς⁸
2840 4167 3241 4238 ἀποστρέφεται
3283 4166 3340 4220 δέ
3379 4165 3473 4218 τὸν
3515 4167 3580 4217 ἐν

1999 4251 2236 4321 πονηρία⁴
2284 4249 2484 4316 ζῶντα,
2519 4250 2620 4304 κᾶν
2669 4251 2833 4304 πολὺν
2926 4249 3383 4321 περιϐεϐλημένος
3410 4248 3582 4302 πλοῦ.

1998 4351 2108 4388 τον.
2128 4333 2266 4386 Ἀλλ’
2299 4334 2364 4387 ἀν
2391 4334 2439 4385 τ’
2468 4333 2719 4404 ἐπαινῇς,
2747 4334 2812 4387 ἀν
2835 4350 2895 4386 τε
2919 4332 3114 4406 ψέγῃς,
3143 4332 3428 4402 ἀμφότερα
3449 4333 3527 4396 ὼς
3547 4336 3580 4386 6

1998 4418 2130 4479 Θεὸς
2180 4416 2426 4486 βούλεται
2477 4417 2640 4469 ποίει.
2667 4418 2821 4470 Ἐστι
2852 4417 2945 4470 καὶ
2991 4416 3280 4484 ἐγκαλέσαι
3309 4419 3388 4480 εἰς
3417 4417 3580 4482 δόξαν

1999 4501 2155 4555 Θεοῦ.
2189 4500 2342 4565 Πῶς;
2392 4501 2516 4553 Ἐπὶ
2537 4500 2646 4552 τῶν
2669 4499 2893 4553 οἰκετῶν
2923 4501 3336 4570 ἀγανακτοῦμεν
3369 4502 3579 4556 πολλά·

2000 4603 2108 4649 κις.
2143 4584 2268 4647 Πῶς
2304 4581 2396 4638 οῦν
2421 4583 2567 4637 ἐστιν
2597 4583 2890 4652 ἐγκαλέσαι
2920 4582 3008 4636 διά
3037 4583 3129 4636 τὸν
3157 4583 3319 4648 Θεόν;
3346 4586 3445 4636 Ἂν
3477 4601 3580 4653 με-

2001 4667 2196 4720 θύοντα
2224 4667 2360 4738 ἵδῃς,
2395 4667 2460 4720 ἃν
2489 4667 2812 4727 κλέπτοντα,
2839 4666 2873 4735 ἢ
2910 4665 3002 4718 τὸν
3030 4665 3267 4736 οἰκέτην,
3293 4665 3326 4735 ἦ
3355 4665 3450 4718 τὸν
3488 4667 3584 4733 φξ-

1998 4748 2110 4813 λον,
2141 4749 2174 4820 ἢ
2201 4748 2386 4819 ἕτερόν
2415 4766 2534 4803 τινα
2561 4748 2670 4802 τῶν
2695 4765 2778 4801 σοι
2810 4747 3212 4818 προσηκόντων,
3241 4748 3308 4800 ἂν
3337 4749 3417 4814 εἰς
3451 4748 3584 4802 θέα-

1998 4850 2107 4904 τρα
2123 4830 2453 4904 (τρέχοντα,
2482 4831 2548 4885 ἂν
2575 4833 2675 4902 τῆς
2701 4831 2879 4901 ψυχῆς
2902 4829 3204 4901 ἀμελοῦντα
3227 4830 3327 4901 τῆς
3352 4831 3576 4896 ἑαυτοῦ,

2002 4899 2069 4971 ἂν
2100 4899 2385 4987 ὸιῖνῦοντα,
2419 4915 2484 4968 ἂν
2511 4899 2888 4986 ἐπιορκοῦντα,
2907 4899 2974 4968 ἂν
2996 4899 3342 4984 ψευδόμενον,
3363 4914 3578 4982 ἀγανά-

2001 5016 2221 5069 κτησον,
2257 4999 2504 5064 κόλασον,
2536 4997 2884 5068 ἐπίστρεψον,
2911 4997 3201 5067 διόρθωσαι
3224 5014 3237 5027 ·
3271 4998 3364 5051 καὶ
3396 4997 3578 5052 ταῦτα

1999 5083 2178 5136 πάντα
2211 5082 2471 5150 ἐποίησας
2497 5080 2583 5133 διά
2608 5081 2696 5133 τὸν
2720 5080 2974 5133 Θεόν.Ἂν
3000 5081 3080 5142 εἰς
3108 5081 3169 5133 σὲ
3189 5081 3574 5151 ἁμαρτάνοντα

2001 5165 2138 5236 ἴδῃς,
2173 5164 2268 5217 καὶ
2294 5164 2395 5233 τῆς
2423 5165 2501 5227 εἰς
2531 5163 2591 5216 σὲ
2617 5161 2912 5233 θεραπείας
2946 5161 3283 5227 ἐλλείποντα,
3322 5180 3575 5230 συγγνω-

2063 5289 2222 5355 οᾲΒιιο
2244 5305 2358 5355 mss.
2400 5292 2556 5355 gravqu
2575 5292 2656 5355 καὶ
2670 5291 2840 5355 ἀρετῇ.
2877 5287 3002 5338 Infra
3022 5289 3219 5351 quidam
3248 5295 3459 5353 χρηστῆς
3495 5293 3578 5338 καὶ

1999 5353 2216 5409 ἀληθινῆς
2237 5352 2489 5407 πολιτείας’
2513 5352 2601 5400 κᾶν
2625 5352 2815 5412 λέγωσι.

2063 5412 2091 5452 (ι
2112 5411 2212 5487 ξιὶἱ
2230 5415 2329 5487 τῶν
2354 5414 2403 5487 ἐν
2425 5419 2484 5475 τῇ
2501 5419 2561 5487 γῇ
2577 5409 2996 5487 χρημάτων.ιι]ί”ιί
3021 5410 3120 5460 duo
3138 5410 3411 5471 παιδεύσῃς,
3428 5411 3581 5458 πολὺν

2134 5474 2336 5521 ἐπαίνων
2352 5475 2434 5521 τὸν
2455 5474 2642 5534 μισθόν.

2060 5538 2079 5558 ⁸
2111 5537 2242 5598 Unus
2265 5553 2285 5581 .·
2310 5535 2419 5598 Κᾶν
2458 5533 2586 5598 ούτω
2626 5536 2710 5598 καῖ
2744 5533 2884 5598 αύτὸς
2921 5533 3040 5598 φιλ,
3085 5535 3167 5598 καὶ
3209 5533 3403 5598 ἄλλους,
3436 5534 3580 5598 ngat

2005 5595 2176 5658 Μοίηίί.
2203 5598 2286 5656 qui
2309 5597 2429 5656 legit
2454 5616 2465 5643 :
2497 5597 2582 5644 ’Ἂν
2595 5595 2721 5645 ούτώ
2745 5597 2858 5658 φιλ.,
2881 5591 2963 5642 καὶ
2984 5593 3154 5651 αὐτοὺς
3174 5596 3254 5644 καὶ
3274 5595 3459 5649 ἄλλους.
3483 5591 3576 5646 Ep.

2072 5657 2089 5695 ί
2119 5657 2227 5707 Duo
2247 5671 2355 5705 mss.
2385 5659 2593 5719 θέατρον.
