3862 6228
151 287 256 341 957

147 401 284 452 tales
310 397 362 450 in
388 395 734 452 admiratione
755 396 970 463 habere,
993 405 1047 450 et
1066 395 1319 465 majorem
1345 411 1408 450 ex
1437 395 1539 450 illis
1569 396 1717 449 volu-

145 499 348 557 ptatem
392 503 614 556 capere,
647 496 700 542 et
725 488 965 542 lucernas
991 488 1042 540 in
1072 487 1186 541 foro
1209 485 1522 553 accendere,
1548 496 1603 540 ct
1628 501 1721 539 co-

147 594 310 632 ronas
351 580 604 648 plectere,
650 579 866 648 puerilis
911 579 1187 648 cujusdam
1229 578 1472 632 anicutite
1511 586 1610 632 est.
1640 577 1724 631 Ab

149 671 251 723 hac
269 669 376 739 jam
401 670 755 724 imbecillitate
779 669 1030 724 liberatus
1049 685 1128 729 es,
1147 678 1199 722 et
1222 669 1273 722 iu
1297 669 1465 721 virum
1485 660 1718 730 efasisti,

143 771 203 814 ct
233 763 284 814 in
315 760 576 816 caelestem
601 761 895 830 adscriptus
922 776 981 814 es
1011 761 1381 830 rempublicam
1407 800 1422 824 ,
1455 774 1558 811 non
1597 771 1724 826 ergo

147 853 203 903 ia
249 851 363 904 foro
391 851 650 906 accendas
685 851 861 906 lumen
905 850 1188 912 sensibile,
1216 849 1309 904 sed
1337 851 1387 901 in
1416 847 1596 902 animo
1631 862 1722 900 ac-

147 941 320 994 ccnde
344 941 521 994 lumen
549 940 838 1009 Spirituale.
868 939 1052 993 Luceat
1073 940 1222 1003 enim,
1247 937 1430 1006 inquit,
1453 936 1543 991 lux
1565 948 1724 990 vestra

147 1050 322 1085 coram
350 1033 648 1095 hominibus,
683 1042 737 1086 ut
764 1032 962 1087 videant
989 1032 1118 1086 bona
1144 1048 1296 1101 opera
1319 1040 1482 1084 vestro
1501 1072 1515 1096 ,
1537 1040 1584 1084 et
1607 1029 1722 1100 glo-

146 1126 231 1177 ria
270 1125 497 1191 afﬁciant
524 1120 727 1179 Putrem
752 1134 966 1178 vestrum
990 1124 1233 1177 ca'lestem
1267 1121 1485 1193 (Matth.
1516 1121 1567 1176 5.
1598 1121 1720 1191 16).

146 1213 278 1267 llzec
308 1213 397 1267 lux
421 1213 637 1267 inultam
668 1213 822 1269 aﬂ'crt
843 1213 934 1269 tibi
955 1216 1459 1282 compensationem.
1487 1211 1602 1266 Noli
1629 1211 1725 1266 (10·

147 1319 274 1358 inus
304 1313 404 1357 tuas
433 1305 570 1358 fores
597 1305 754 1359 scrtis
775 1319 1034 1359 coronare
1055 1305 1096 1366 ί.
1122 1302 1216 1358 sed
1243 1303 1397 1357 talem
1421 1303 1540 1356 vita:
1564 1303 1723 1356 ratio-

151 1409 278 1447 nem
305 1393 528 1460 exhibe,
561 1401 616 1448 ut
652 1393 870 1463 justitia:
902 1407 1151 1448 coronam
1180 1392 1336 1462 capiti
1367 1391 1663 1461 impositam
1691 1406 1722 1445 a

145 1486 349 1540 Christi
373 1503 527 1540 manu
548 1487 795 1555 accipias.
820 1485 957 1540 Nihil
981 1495 1196 1550 temere,
1220 1484 1347 1536 nihil
1366 1483 1725 1552 imprudenter

147 1579 246 1634 hiat
277 1594 289 1629 :
323 1577 391 1631 ita
417 1578 556 1631 enim
584 1577 774 1631 Paulus
798 1577 1066 1647 praecepit,
1095 1577 1272 1629 omnia
1301 1575 1352 1628 in
1379 1575 1602 1644 gloriam
1632 1573 1721 1627 Dei

152 1678 212 1722 iit
239 1667 536 1723 faceremus
564 1686 578 1723 :
607 1668 725 1724 Sive
742 1670 891 1732 enim,
917 1669 1102 1737 inquit,
1122 1667 1280 1734 editis,
1309 1668 1411 1720 sive
1432 1666 1614 1730 bibitis,
1637 1680 1723 1718 seu

147 1760 276 1826 quid
301 1759 487 1828 facitis,
517 1760 684 1812 omnia
710 1761 777 1812 ad
803 1759 1014 1829 gloriam
1038 1757 1131 1810 Dei
1150 1757 1348 1828 faciatis
1384 1755 1458 1828 (l.
1487 1755 1604 1809 Cor.
1633 1755 1719 1808 i0.

149 1848 266 1921 5|).
299 1853 364 1904 At
387 1852 670 1915 quomodo,
696 1851 920 1920 inquies,
942 1850 1100 1903 edere
1127 1858 1178 1902 et
1204 1848 1382 1902 bibere
1410 1847 1475 1900 ad
1502 1846 1720 1915 gloriam

154 1941 248 1991 Ι)ρί
278 1943 589 2007 possumus?
617 1940 843 1994 Accerse
869 1953 1172 2007 pauperem,
1193 1937 1497 2006 participem
1526 1950 1722 1988 mensa:

153 2041 260 2082 tute
290 2029 449 2083 facias
474 2031 738 2083 Christum
757 2071 772 2094 ,
810 2038 863 2081 et
888 2028 950 2081 ad
981 2028 1200 2096 gloriam
1233 2027 1320 2079 Dei
1348 2025 1520 2091 edisti,
1550 2040 1610 2077 ac
1640 2023 1722 2077 hi-

154 2119 298 2172 liisti.
333 2121 401 2172 At
422 2136 524 2172 non
549 2119 646 2172 hoc
665 2121 832 2172 solum
860 2117 1105 2187 praecepit
1124 2116 1187 2169 ad
1213 2117 1432 2185 gloriam
1464 2115 1553 2168 Dei
1585 2113 1719 2178 fieri,

150 2209 248 2261 -cd
277 2217 328 2261 ct
356 2209 552 2278 reliqua
581 2209 776 2274 omnia,
807 2217 860 2261 ut
887 2208 938 2260 in
966 2206 1136 2260 forum
1163 2206 1269 2270 ire,
1301 2205 1441 2258 donli
1467 2220 1525 2259 se
1548 2205 1718 2258 conti-

152 2312 283 2351 izcrc
313 2315 323 2349 :
357 2297 470 2350 lucc
502 2308 717 2366 utraque
738 2308 953 2367 propter
980 2297 1140 2351 Deum
1169 2294 1315 2348 ﬁant.
1365 2298 1432 2348 At
1458 2293 1722 2362 quomodo

153 2397 376 2454 utraque
402 2387 499 2439 ista
528 2388 650 2440 lient
676 2395 892 2455 propter
921 2385 1122 2439 Deum?
1163 2384 1383 2452 Quando
1426 2384 1492 2436 ad
1537 2383 1720 2437 Eccle-

150 2476 286 2529 siain
320 2476 525 2530 accedis
548 2517 564 2541 ,
604 2477 814 2546 quando
852 2476 1186 2546 precationis,
1225 2475 1434 2544 quando
1469 2474 1722 2529 dtiCll'lntl}

151 2565 443 2632 spiritualis
486 2567 747 2636 particeps
782 2580 860 2632 es,
905 2567 1018 2620 haec
1066 2567 1361 2635 progressio
1401 2565 1466 2618 ad
1503 2564 1721 2634 gloriam

154 2657 249 2710 Dei
293 2666 391 2711 est.
445 2658 644 2711 Rursus
671 2658 811 2712 domi
840 2659 996 2713 etiam
1024 2659 1147 2712 licet
1174 2668 1386 2727 pr0pter
1413 2659 1576 2712 Deum
1607 2674 1721 2712 ma-

153 2762 305 2799 nere.
335 2747 646 2814 Quomodo?
672 2759 760 2801 aut
787 2763 888 2818 qua
918 2748 1160 2802 ratione?
1204 2747 1302 2802 Ubi
1341 2749 1604 2804 audiveris
1638 2756 1723 2800 tu-

152 2837 354 2889 multus
382 2837 742 2904 immodestos,
772 2853 991 2906 pompas
1018 2837 1306 2892 diabolicas
1329 2879 1344 2904 ,
1377 2839 1530 2892 malis
1569 2847 1725 2906 atque

154 2925 627 2994 intemperantihiis
654 2927 950 2981 hominibus
977 2928 1145 2981 forum
1175 2929 1384 2997 plenum
1416 2944 1554 2993 esse,
1582 2929 1722 2982 domi

152 3026 390 3079 maneto,
419 3024 472 3069 ct
496 3031 526 3069 a
556 3017 703 3071 turba
735 3018 820 3070 tali
845 3017 1120 3082 discedito,
1165 3025 1219 3072 et
1259 3017 1323 3071 ad
1368 3018 1586 3087 gloriam
1635 3019 1724 3072 Dei

156 3108 252 3159 tibi
284 3109 541 3162 mansisti.
590 3109 1041 3176 Quemadmodum
1086 3109 1224 3164 enim
1265 3120 1376 3164 tum
1417 3110 1559 3164 domi
1605 3126 1727 3179 per-

153 3200 386 3265 mansio,
413 3210 520 3253 tum
548 3202 780 3269 egressio
801 3201 960 3266 foras,
992 3203 1069 3256 sic
1099 3210 1206 3255 tum
1236 3201 1369 3266 laus,
1401 3210 1510 3256 tum
1531 3203 1730 3271 vitupe-

154 3292 295 3344 ratio
323 3306 530 3360 quoque
550 3291 614 3345 ad
646 3292 735 3346 Dei
761 3293 977 3361 gloriam
1005 3308 1122 3346 esse
1148 3301 1338 3362 potest.

234 3382 496 3444 Quomodo
537 3399 801 3449 possumus
843 3394 888 3436 et
929 3383 1134 3437 laudare
1157 3393 1203 3436 et
1230 3385 1507 3454 vituperare
1525 3383 1592 3437 ad
1617 3383 1730 3454 glo-

154 3477 291 3529 rimn
336 3475 540 3532 Dei.—
568 3477 843 3544 Quomodo
880 3488 1057 3531 autem
1103 3476 1169 3530 ad
1213 3477 1433 3546 gloriam
1472 3476 1567 3530 Dei
1608 3477 1730 3531 licet

155 3566 392 3633 aliquem
423 3565 637 3622 laudare
672 3581 734 3620 ac
760 3565 1096 3635 vituperare?
1143 3565 1350 3621 Sedetis
1375 3580 1516 3635 scepe
1540 3566 1592 3620 in
1617 3565 1733 3620 offi-

156 3659 296 3712 cinis
316 3701 330 3725 ,
360 3659 550 3713 videtis
577 3659 848 3727 praeterire
882 3658 1122 3712 homines
1149 3658 1314 3712 malos
1350 3666 1506 3728 atque
1532 3658 1731 3727 impro-

158 3752 280 3816 bus,
308 3752 587 3819 supercilia
614 3751 1004 3814 contrahentes,
1031 3751 1258 3814 inﬂatos,
1281 3751 1370 3820 qui
1401 3750 1593 3804 multos
1617 3758 1735 3818 post

159 3860 222 3897 se
251 3844 504 3912 parasitos
551 3851 604 3896 et
647 3843 948 3896 adulatores
990 3842 1206 3904 ducunt,
1237 3842 1324 3910 qui
1353 3841 1608 3910 pretiosas
1636 3839 1734 3893 ha—

162 3935 292 3987 bent
313 3942 508 4004 vestes,
538 3943 592 3987 et
621 3934 784 3986 multo
810 3931 945 3986 fastu
975 3932 1311 3994 amiciuntur,
1337 3931 1624 3983 alienarum
1651 3945 1736 3984 re-

160 4039 282 4078 rum
309 4024 624 4090 direptores,
657 4032 812 4091 atque
834 4036 1040 4076 avaros.
1089 4021 1184 4074 llic
1220 4020 1264 4074 si
1303 4034 1618 4088 quemquam
1644 4033 1736 4072 au-

163 4113 364 4168 diveris
407 4114 709 4168 dicentem:
738 4128 910 4166 annon
951 4110 1265 4181 prmstahilis
1309 4109 1395 4163 hic
1433 4109 1532 4174 vir,
1561 4123 1736 4161 annon

165 4204 387 4258 beatus?
415 4204 646 4272 increpa,
667 4202 1024 4271 redargue,’os
1053 4200 1289 4265 obstrue,
1317 4198 1736 4260 commiserator,

162 4296 457 4367 lacrymare
486 4312 501 4349 :
535 4295 634 4349 hoc
661 4305 741 4348 cst
766 4294 831 4346 ad
858 4293 1078 4361 gloriam
1109 4291 1200 4344 Dei
1233 4290 1553 4359 vituperare.
1587 4287 1739 4342 Vitu-

164 4385 372 4455 peratio
413 4385 552 4438 enim
593 4385 708 4438 talis
747 4382 960 4451 reliquis
1004 4380 1350 4448 prtesentibiis
1387 4378 1454 4432 ad
1503 4377 1736 4447 philoso-

166 4475 345 4544 phiam
371 4485 424 4530 et
449 4475 690 4528 virtutem
717 4472 989 4527 instructio
1017 4479 1127 4536 est,
1152 4477 1208 4524 ut
1249 4471 1300 4524 in
1337 4485 1422 4524 res
1454 4468 1520 4522 ad
1545 4469 1740 4523 victum

163 4574 467 4634 spectantes
496 4566 667 4618 minus
693 4563 914 4617 inhient.
937 4561 1124 4628 Qumre
1151 4561 1217 4614 ab
1243 4560 1333 4615 illo
1354 4561 1439 4630 qui
1462 4559 1548 4613 illa
1570 4558 1702 4613 dixit
1725 4576 1738 4613 :

164 4673 266 4709 cur
281 4657 462 4711 beatus
480 4657 565 4710 hic
584 4655 695 4710 est?
712 4654 844 4708 Num
860 4654 981 4726 quia
997 4652 1355 4706 admirabilem
1375 4651 1532 4705 habet
1549 4667 1741 4720 equum

165 4759 222 4801 et
252 4763 412 4802 aureo
435 4747 583 4801 freno
607 4745 957 4800 exornatum?
985 4753 1073 4797 aut
1099 4743 1217 4812 quia
1248 4757 1494 4810 miguum
1526 4740 1748 4794 famula.

168 4838 318 4890 tum?
352 4845 443 4891 aut
481 4837 600 4906 quia
641 4836 945 4905 prieclaram
977 4834 1134 4887 habet
1161 4843 1385 4895 vestem,
1413 4843 1466 4886 et
1491 4833 1745 4888 ebrietate

168 4930 480 4999 deliciisque
517 4928 751 4999 quotidie
786 4928 1048 4982 solvitur?
1090 4925 1194 4981 Sed
1237 4925 1357 4980 inde
1398 4927 1560 4979 miser
1587 4937 1747 4994 atque

170 5019 355 5075 infelix
380 5029 482 5086 est,
512 5031 566 5074 et
602 5020 780 5073 multis
823 5017 1071 5089 lacryniis
1119 5016 1535 5086 prosequendos.
1584 5017 1749 5071 Video

171 5124 318 5168 certe
346 5129 440 5168 vos
465 5113 660 5167 nullam
688 5112 828 5166 illius
853 5119 1054 5182 partem
1084 5109 1302 5164 laudare
1331 5123 1509 5176 posse,
1532 5110 1626 5166 sed
1655 5125 1750 5163 ex-

174 5221 352 5266 ternas
380 5226 468 5264 res
490 5226 698 5276 onmes,
719 5225 934 5280 equum,
957 5209 1181 5272 frenum,
1207 5221 1401 5273 chtes,
1424 5220 1543 5276 qua:
1571 5201 1748 5257 omnia

175 5306 318 5359 nulla
351 5305 491 5358 illius
519 5319 642 5372 pars
667 5302 914 5358 existunt.
947 5301 1039 5356 Dic
1066 5316 1210 5370 ergo,
1243 5298 1368 5370 quid
1401 5295 1616 5351 omnino
1652 5293 1752 5347 nii-

238 5563 254 5590 ί
297 5563 368 5607 sic
393 5569 494 5607 sav.
520 5567 568 5608 i-t
586 5559 682 5606 duo
710 5565 834 5606 Mssa
857 5555 946 5605 sed
966 5555 1088 5603 hanc
1111 5553 1218 5602 ritrr
1235 5551 1462 5600 ratimmn
1487 5548 1676 5600 habeas,
1698 5553 1752 5608 ut

168 5619 255 5666 tibi
289 5605 513 5670 riu-misit
553 5605 778 5680 accipere
803 5613 1272 5680 _(_'0l‘0nltﬂtjit81iiiw,
1293 5613 1354 5664 de
1393 5625 1534 5662 manu
1557 5605 1755 5665 t'ltrisli,

180 5695 318 5743 super
347 5690 486 5744 ci.sz
513 5689 645 5730 tuum
662 5676 684 5730 ’;
710 5676 830 5729 nihil
852 5685 1048 5737 temere,
1072 5685 1166 5725 etc.

1545 282 1608 339 IN
1636 281 2016 340 KALENDAS.

3291 291 3401 348 958

1827 395 1998 448 serius
2023 404 2142 447 esse
2172 397 2362 460 potest,
2389 403 2543 460 quam
2573 397 2628 442 ut
2655 402 2820 457 equus
2846 395 2898 443 et
2923 387 3044 456 equi
3075 385 3303 451 frenum,
3334 397 3390 439 et

1825 484 2050 539 vestium
2075 482 2324 551 splendor
2346 497 2407 536 ac
2432 481 2744 535 famulorum
2772 481 2908 534 bona
2931 481 3166 548 corporis
3189 479 3390 534 consti-

1827 575 1959 628 tutio
2000 573 2262 635 laudetur,
2294 573 2406 643 ipse
2432 572 2710 626 illaudatus
2750 584 2964 639 prorsus
3013 569 3395 636 praetereatur?

1825 663 1964 729 Quid
2002 677 2070 718 eo
2111 662 2322 717 homine
2360 662 2674 732 pauperius,
2709 660 2942 728 quicum
2973 659 3173 712 nullum
3200 658 3396 712 habeat

1827 753 2021 807 b0uutn
2051 753 2339 821 proprium,
2370 751 2453 806 vel
2477 750 2617 819 quod
2639 749 2762 802 hinc
2791 748 2955 818 possit
2982 749 3222 812 auferre,
3259 745 3390 800 alic-

1827 843 1910 897 nis
1933 842 2102 896 solum
2131 843 2288 896 rebus
2307 839 2627 896 exornetur?
2654 839 2927 910 Proprium
2947 837 3090 892 enim
3111 850 3392 891 ornamen-

1829 945 1936 988 tum
1958 932 2254 1001 divitiaaquc
2284 942 2477 985 nostra).
2511 937 2652 993 sunt,
2683 943 2788 983 non
2828 926 3025 989 famuli,
3059 942 3162 979 non
3191 934 3396 988 vestes,

1827 1040 1934 1078 non
1980 1024 2122 1093 equi,
2164 1021 2257 1076 sed
2302 1021 2462 1074 animi
2503 1021 2686 1082 virtus,
2729 1017 2825 1072 sed
2870 1017 3127 1072 bonorum
3171 1029 3388 1086 operui»

1827 1114 2164 1178 abundantia,
2196 1112 2291 1168 sed
2322 1112 2508 1166 fiducia
2537 1113 2586 1165 in
2615 1112 2799 1164 Deum.

1895 1207 1947 1259 4.
1982 1205 2180 1258 Rursus
2210 1218 2330 1258 cum
2360 1201 2553 1256 videris
2582 1214 2867 1270 pauperem
2894 1197 3188 1266 abiectum,
3229 1210 3378 1265 spre-

1827 1305 1959 1356 tum,
1988 1311 2109 1351 cuin
2138 1296 2353 1364 penuria
2373 1305 2427 1348 et
2455 1294 2647 1347 virtute
2667 1293 2826 1345 vitam
2853 1290 3252 1358 trausigcntem,
3281 1296 3335 1341 ct
3359 1304 3396 1340 a.

1825 1388 2112 1452 sodalibus,
2143 1386 2233 1455 qui
2261 1393 2436 1440 tecum
2465 1393 2608 1449 sunt,
2635 1384 2885 1438 miserum
2903 1381 3156 1444 habitum,
3181 1379 3401 1434 laudato
3470 1431 3473 1436 ,

1827 1479 2006 1532 illum:
2037 1477 2150 1530 hazc
2174 1476 2538 1544 praetereuntis
2564 1474 2704 1539 laus,
2733 1471 2994 1526 institutio
3018 1480 3098 1524 est
3125 1479 3178 1523 et
3201 1468 3389 1523 adhur'

1827 1571 1954 1623 latio
1999 1567 2064 1622 ad
2110 1567 2300 1622 bonam
2321 1573 2375 1620 et
2403 1565 2675 1619 honestam
2701 1563 2859 1616 vitam
2883 1559 3294 1629 transigendam.
3334 1557 3396 1612 Si

1826 1661 2088 1723 dixerint,
2121 1670 2451 1711 :crumnosus
2484 1663 2539 1708 et
2565 1654 2726 1707 miser
2770 1659 2883 1706 est:
2931 1659 2988 1703 tu
3036 1657 3218 1704 contra
3247 1648 3389 1701 illum

1827 1750 2063 1804 omnium
2090 1746 2450 1801 beatissimum
2475 1743 2700 1812 prtedica
2723 1782 2738 1807 ,
2759 1740 2849 1810 qui
2877 1739 3042 1793 Deum
3071 1737 3230 1792 habet
3258 1738 3391 1790 ami-

1827 1855 1946 1895 cum
1980 1881 1995 1905 ,
2040 1838 2132 1908 qui
2186 1837 2363 1891 virtuti
2409 1834 2701 1899 incumbit,
2748 1833 2836 1902 qui
2865 1831 3073 1884 divitias
3105 1845 3208 1883 non
3226 1828 3406 1882 fluxas.

1827 1930 2093 2000 possidet,
2124 1930 2211 1998 qui
2242 1926 2617 1982 conscientiam
2647 1922 2802 1977 habet
2824 1936 3028 1991 puram.
3073 1919 3208 1986 Quid
3251 1919 3390 1973 enim

1828 2021 1902 2074 illi
1946 2017 2269 2072 incommodi
2301 2028 2382 2071 est
2407 2057 2420 2080 ,
2465 2016 2508 2069 si
2539 2015 2776 2084 pecuniis
2803 2011 3025 2066 terrenis
3055 2017 3243 2079 egeat,
3273 2023 3401 2061 cuni.

1825 2111 1942 2164 ca-li
1985 2120 2039 2164 ct
2081 2109 2366 2163 ca'lestium
2399 2106 2743 2161 hereditatem
2794 2103 3031 2158 aditurus
3075 2101 3185 2154 sit?
3228 2100 3281 2152 Si
3337 2111 3402 2152 tua

1827 2218 1946 2257 cum
1970 2202 2070 2255 illis
2097 2201 2172 2254 sic
2198 2198 2567 2268 disputaveris,
2586 2206 2638 2250 et
2667 2196 2785 2249 illos
2805 2205 2961 2263 atque
2987 2193 3121 2246 alios
3147 2192 3390 2245 institue-

1827 2295 1902 2348 ris
1925 2335 1938 2353 ,
1965 2308 2206 2362 magnam
2222 2290 2444 2358 recipies
2458 2298 2566 2342 tum
2584 2285 2984 2356 vituperationis
3001 2294 3107 2338 tum
3131 2282 3394 2337 laudatio-

1827 2385 1908 2438 nis
1930 2393 2031 2438 tiiic
2061 2381 2382 2447 mercedem,
2404 2395 2524 2435 cum
2545 2371 2766 2447 utraque
2781 2376 2845 2430 ad
2859 2375 3079 2444 glociam
3096 2374 3184 2428 Dei
3213 2373 3389 2427 facias.

1825 2474 1976 2543 Quod
2001 2485 2174 2528 autem
2203 2486 2532 2542 nequaquam
2565 2467 3004 2524 tcmereanimum
3025 2474 3164 2519 tuum
3183 2464 3263 2517 his
3277 2479 3396 2518 ver-

1827 2568 1907 2620 bis
1933 2566 2261 2637 pellcxeriin,
2284 2563 2376 2618 sed
2394 2560 2533 2633 quod
2553 2577 2645 2631 per
2661 2575 2845 2629 magna
2864 2557 3102 2628 quicdam
3121 2556 3204 2621 iis,
3221 2556 3305 2624 qui
3326 2555 3396 2608 ita

1827 2657 2002 2709 animo
2029 2654 2296 2708 constituti
2325 2663 2466 2718 sunt,
2485 2667 2513 2704 a
2544 2653 2648 2705 Deo
2668 2647 3026 2718 compensatio
3057 2646 3225 2699 futura
3241 2644 3329 2708 sit,
3350 2654 3402 2695 ct

1829 2753 1880 2805 iu
1902 2765 2106 2806 summa
2123 2750 2222 2804 hoc
2243 2748 2430 2802 virtute
2461 2745 2730 2808 habeatur,
2745 2743 2813 2797 ita
2840 2741 2906 2795 de
2928 2741 3027 2794 illis
3047 2738 3222 2808 quisic
3243 2737 3399 2789 vitam

1829 2842 2018 2910 degunt
2037 2849 2286 2893 statuere:
2305 2837 2423 2890 audi
2438 2835 2558 2906 quid
2579 2833 2829 2903 propheta
2845 2830 3063 2896 dicat,et
3075 2830 3123 2882 in
3141 2841 3244 2896 quo
3259 2833 3405 2879 recte

1834 2935 2090 2987 facturum
2121 2943 2340 2983 numero
2381 2934 2559 2996 ponat,
2593 2934 2700 2976 tum
2741 2921 2907 2974 malos
2927 2918 3168 2971 homines
3195 2931 3289 2984 pro
3318 2913 3401 2966 ni-

1833 3024 1942 3078 hilo
1964 3022 2178 3082 habere,
2209 3029 2317 3072 tmn
2342 3018 2588 3070 timentes
2616 3013 2778 3066 Deum
2799 3009 2962 3080 gloria
2988 3005 3216 3060 afficere.
3246 3004 3399 3082 Post-

1835 3128 1990 3183 quam
2040 3111 2180 3163 enim
2222 3109 2448 3176 reliquas
2479 3105 2698 3158 virtutes
2744 3104 3211 3155 commemorasset
3241 3079 3401 3153 illius,

1835 3205 1923 3272 qui
1955 3218 1984 3255 a
2017 3202 2124 3254 Deo
2155 3197 2493 3260 honorandus
2520 3203 2692 3258 esset,
2723 3200 2779 3246 et
2807 3190 3026 3244 dixisset
3049 3186 3258 3256 qualem
3283 3199 3404 3238 esse

1839 3297 1985 3350 illum
2013 3298 2300 3362 oporteret,
2329 3288 2486 3358 quiin
2515 3293 2696 3338 sancto
2726 3282 2864 3336 illius
2890 3275 3228 3332 tabernaculo
3254 3273 3403 3327 habi-

1840 3399 2043 3442 taturus
2067 3393 2230 3446 esset,
2256 3383 2354 3434 hoc
2372 3388 2472 3441 est,
2502 3377 2822 3444 inculpatum
2843 3414 2858 3438 ,
2889 3383 2944 3425 et
2966 3369 3225 3423 colentem
3243 3365 3401 3434 justi-

1840 3478 1986 3538 tiam,
2018 3484 2073 3529 et
2097 3489 2127 3526 a
2157 3471 2386 3541 nequitia
2417 3481 2662 3530 vacuum,
2688 3465 2845 3518 etiam
2873 3457 3238 3527 hoc-subjecit:
3278 3470 3400 3509 cum

1837 3567 2078 3631 dixisset,
2106 3565 2204 3631 Qui
2228 3579 2327 3616 non
2350 3561 2553 3614 dolosas
2584 3558 2675 3626 fuit
2698 3557 2870 3622 lingua
2891 3569 3004 3616 sua,
3036 3566 3124 3604 nec
3149 3549 3262 3620 fecit
3287 3563 3405 3617 pro»

1839 3661 1975 3714 trimo
2003 3673 2092 3711 suo
2119 3653 2343 3718 malum;
2367 3651 2561 3720 adjecit
2587 3666 2598 3702 :
2630 3647 2708 3702 Ad
2749 3645 2963 3698 nihilum
3003 3640 3246 3694 deductus
3266 3647 3335 3692 est
3359 3638 3412 3690 in

1841 3755 2103 3816 conspectu
2127 3747 2233 3816 ejus
2262 3741 2530 3810 malignus,
2561 3740 2786 3792 timentes
2813 3745 2980 3789 autem
3009 3732 3281 3786 Dominum
3302 3729 3414 3800 glo-

1840 3837 2084 3907 riari/ﬁcit
2115 3834 2132 3904 (
2161 3833 2304 3888 Psal.
2351 3833 2436 3886 14.
2480 3832 2533 3885 5.
2570 3830 2603 3882 4
2630 3826 2672 3898 ).
2719 3827 2812 3880 His
2859 3823 3035 3878 verbis
3086 3821 3416 3875 demonstrat

1844 3947 2006 3985 unum
2037 3931 2152 3995 ejus
2184 3925 2410 3980 olliciuin
2436 3937 2575 3986 esse,
2610 3919 2776 3972 malos
2799 3926 3140 3971 contemnere
3161 3953 3176 3977 ,
3198 3910 3419 3965 laudare

1847 4033 1902 4076 ct
1933 4023 2090 4074 beare
2115 4018 2282 4070 honos
2315 4033 2327 4066 :
2359 4024 2414 4067 et
2441 4011 2564 4065 alibi
2595 4009 2733 4063 idem
2781 4003 3095 4073 significavit
3117 4015 3238 4054 cum
3267 3999 3412 4053 dice-

1844 4120 1957 4166 ret:
1993 4108 2122 4161 Mihi
2146 4116 2311 4159 autent
2349 4103 2496 4168 nimis
2536 4098 2766 4153 honorati
2789 4104 2906 4149 sunt
2946 4093 3094 4147 amici
3130 4091 3226 4157 tui,
3259 4089 3418 4154 Deus,

1845 4202 1992 4256 nimis
2036 4198 2348 4264 confortatus
2378 4202 2447 4246 cst
2479 4190 2789 4260 principatus
2845 4199 3016 4240 eorum
3063 4182 3082 4252 (
3111 4180 3259 4234 Psal.
3291 4178 3414 4233 138.

1848 4296 1912 4349 ΓΙ
1939 4295 1978 4361 ).
2007 4292 2173 4358 Quem
2221 4289 2362 4342 Deus
2416 4283 2637 4344 laudat,
2670 4290 2724 4333 tu
2775 4293 2842 4332 ne
2887 4277 3171 4344 vituperes.
3220 4269 3423 4325 Laudat

1846 4396 2022 4439 autem
2049 4396 2191 4444 eum,
2223 4378 2312 4448 qui
2339 4391 2458 4430 cum
2504 4372 2703 4442 justitia
2753 4368 2917 4430 vivit,
2951 4364 3192 4434 quamvis
3221 4373 3425 4431 pauper

1847 4481 1935 4533 sit.
1961 4478 2128 4546 Quem
2162 4475 2298 4528 Deus
2313 4476 2607 4530 aversatur,
2626 4475 2679 4517 tu
2698 4479 2764 4517 ne
2787 4458 3115 4514 laudaveris:
3147 4461 3424 4509 aversatur

1849 4543 2026 4626 autem
2051 4581 2262 4621 omnem
2293 4562 2381 4632 qui
2408 4575 2528 4614 cum
2557 4555 2787 4624 nequitia
2813 4552 2958 4615 vivit,
2981 4546 3222 4617 quamvis
3239 4543 3418 4597 multis

1849 4664 2035 4733 Opilius
2056 4656 2405 4714 circumﬂuat.
2430 4649 2533 4705 Sed
2563 4648 2673 4701 sive
2701 4641 2995 4698 laudaveris
3022 4679 3038 4705 ,
3067 4639 3178 4733 sive
3219 4635 3425 4733 vitupe-

1851 4723 2071 4815 raveris,
2108 4757 2327 4814 utraque
2351 4742 2415 4796 ad
2438 4739 2528 4794 Dei
2545 4737 2866 4791 voluntatem
2889 4729 3066 4784 facias.
3090 4725 3237 4780 Licet
3264 4723 3426 4778 etiam

1852 4843 1918 4899 ad
1948 4839 2169 4911 gloriam
2202 4836 2294 4890 Dei
2334 4833 2631 4901 ohjurgare.
2671 4825 2788 4892 Quo
2815 4820 3024 4875 tandem
3051 4816 3246 4871 modo?
3289 4815 3426 4911 Erga

1855 4903 2040 4988 servos
2064 4938 2274 4981 nostros
2317 4937 2458 4990 satpe
2483 4919 2660 4973 animo
2699 4925 3129 4969 commovemur:
3161 4903 3429 4976 quomodo

1853 5030 2029 5076 autem
2060 5017 2185 5071 licet
2233 5022 2448 5084 propter
2475 5010 2636 5061 Dciun
2667 4998 2984 5072 ohjnrgare‘l
3021 4998 3076 5052 Si
3105 4996 3310 5050 ebrium
3337 5002 3430 5046 aut

1856 5114 2118 5168 furentem
2144 5106 2340 5161 videris
2366 5103 2450 5156 vel
2478 5114 2687 5154 servum
2714 5140 2729 5160 ,
2774 5095 2853 5149 vel
2887 5093 3136 5154 amicum,
3167 5088 3249 5143 vel
3267 5086 3434 5140 alium

1855 5200 2155 5272 quempiam
2181 5195 2534 5266 propinquum
2579 5198 2725 5242 tuum
2754 5226 2771 5252 ,
2802 5191 2895 5237 aut
2936 5182 2986 5235 in
3020 5182 3281 5234 theatrum
3308 5192 3428 5230 cur-

1858 5268 2084 5353 rentem,
2115 5296 2207 5343 aut
2231 5286 2458 5340 animam
2482 5297 2630 5336 suam
2663 5276 2791 5332 nihil
2819 5281 3113 5334 curantem,
3138 5277 3228 5322 aut
3247 5268 3433 5338 jurau-

1859 5393 1990 5446 tem,
2013 5388 2106 5434 aut
2135 5377 2482 5448 pejerantcm,
2517 5378 2608 5423 aut
2635 5366 2977 5421 mentientem
3003 5377 3019 5414 :
3048 5359 3380 5413 stomacliare
3410 5394 3434 5418 ,

1861 5473 2064 5544 punito,
2096 5447 2310 5531 revoca,
2340 5463 2563 5530 corrige,
2591 5468 2644 5513 et
2668 5457 2783 5510 htec
2817 5453 2992 5507 omnia
3023 5456 3238 5519 propter
3264 5447 3428 5498 Deum

1863 5534 2059 5619 iecisti.
2074 5562 2130 5616 Si
2155 5575 2276 5628 eiga
2307 5567 2356 5611 te
2387 5560 2690 5624 peccantem
2718 5545 2912 5600 videris
2931 5584 2947 5608 ,
2976 5549 3067 5595 aut
3093 5539 3318 5607 aliquam
3341 5534 3431 5587 of-

1865 5655 1966 5710 ficii
1989 5662 2192 5724 partem
2212 5625 2335 5717 erga
2358 5657 2407 5702 te
2433 5645 2509 5700 siti
2544 5637 3026 5712 praetertuittcnteni
3057 5673 3071 5696 ,
3098 5628 3312 5684 remitte
3339 5625 3441 5682 hoc
