3862 6228
369 262 476 320 959

375 383 438 446 ei,
465 389 519 435 et
537 380 788 435 remisisti
818 389 1035 449 prepter
1061 381 1249 435 Deum.
1273 379 1425 434 Nunc
1448 395 1574 435 vero
1593 380 1744 434 multi
1769 388 1954 434 contra

370 473 568 526 faciunt
611 487 730 526 cum
770 488 894 541 erga
919 473 1118 526 amicos
1150 511 1167 537 ,
1201 481 1309 524 tum
1338 486 1461 540 erga
1488 485 1672 526 servos
1703 488 1715 523 :
1745 471 1961 540 quando

368 565 512 617 enim
538 579 660 632 erga
693 579 750 615 sc
773 564 858 616 alii
882 572 1121 632 peccant,
1145 562 1322 634 acerbi
1351 561 1811 632 incxorabilesque
1838 569 1962 615 sunt

368 653 602 722 iudices:
631 655 842 722 quando
873 663 1050 707 autem
1083 654 1134 706 in
1177 654 1341 707 Deum
1387 653 1757 708 contumeliosi
1783 663 1907 706 sunt
1938 695 1953 719 ,

367 754 421 798 et
447 760 572 800 suas
599 747 833 814 ipsorum
867 746 1094 814 perdunt
1120 747 1322 800 animas
1351 785 1368 812 ,
1400 746 1601 800 nullam
1626 747 1753 816 ejus
1772 747 1849 799 rei
1877 761 1962 799 ra.

371 837 570 891 tionem
615 837 830 891 habent.
876 837 1079 890 Rursus
1127 838 1283 892 amici
1314 838 1407 892 tibi
1460 838 1768 907 acquirendi
1796 837 1964 891 sunt?

371 927 596 996 Propter
643 929 808 981 Deum
845 930 1125 998 acquirito.
1170 929 1370 982 Inimici
1407 930 1497 983 tibi
1519 929 1761 998 capiendi
1800 929 1964 983 sunt?

373 1018 600 1086 Propter
641 1019 806 1072 Deum
837 1020 1032 1088 capite.
1089 1023 1160 1074 At
1188 1019 1453 1090 quomodo
1492 1020 1648 1075 amici
1679 1030 1734 1075 et
1763 1020 1963 1074 inimici

373 1119 590 1180 propter
613 1111 778 1165 Deum
802 1110 1113 1180 acquirendi
1141 1112 1306 1166 sunt?
1332 1111 1386 1167 Si
1407 1127 1512 1166 non
1542 1112 1806 1166 amicitias
1844 1112 1962 1166 illas

371 1203 702 1272 colligamus,
723 1203 862 1257 unde
893 1204 1143 1272 pecunias
1171 1219 1383 1274 cogere,
1413 1218 1611 1258 mensre
1633 1204 1961 1258 consortium

373 1295 572 1350 habere
597 1337 612 1359 ,
639 1295 930 1349 humanum
955 1295 1306 1364 patrocinium
1347 1295 1603 1364 consequi
1628 1295 1921 1362 poterimus
1947 1312 1962 1349 :

372 1386 467 1439 sed
518 1386 639 1440 ilfos
689 1401 1076 1455 prosequamur
1127 1393 1182 1440 et
1231 1386 1566 1455 acquiramus
1600 1384 1840 1450 amicos,
1873 1385 1964 1454 qui

372 1485 602 1530 mentem
634 1484 869 1530 nostrain
903 1476 1164 1530 moderari
1191 1515 1211 1542 ,
1243 1476 1521 1530 consulere
1549 1475 1768 1529 honesta
1793 1516 1807 1539 ,
1844 1482 1964 1543 pâ€˜ec-

373 1576 560 1620 cantes
587 1567 887 1635 increpare,
921 1567 1289 1636 delinquentes
1310 1581 1554 1635 arguere,
1593 1565 1964 1634 supplantatos

374 1659 600 1726 erigere,
629 1657 854 1711 censilio
877 1673 939 1710 ac
970 1659 1212 1726 precibus
1241 1672 1394 1725 opem
1425 1657 1564 1711 ferre
1584 1698 1598 1722 ,
1630 1667 1684 1711 et
1711 1657 1777 1711 ad
1802 1658 1965 1710 Deum

373 1747 639 1802 adducere
667 1756 905 1817 possunt.
935 1748 1137 1801 Rursus
1179 1749 1424 1803 inimicos
1471 1749 1600 1802 licet
1629 1747 1806 1803 facere
1841 1763 1968 1817 pro-

373 1847 489 1905 pter
521 1837 708 1891 Deum.
743 1837 798 1892 Si
829 1838 1026 1893 videris
1059 1839 1287 1908 aliquem
1316 1840 1756 1908 intemperantem
1777 1881 1792 1906 ,
1821 1839 1968 1893 nefa-

375 1926 532 1989 rium,
558 1929 804 1995 nequitia:
826 1929 1063 1997 plenum,
1090 1929 1664 1998 Opinionibusitnpuris
1687 1930 1963 1995 refertum,

375 2019 800 2087 supplantantem
828 2029 878 2072 te
904 2034 967 2073 ac
989 2019 1080 2072 tibi
1107 2035 1302 2074 nocere
1331 2004 1652 2088 cupientem,
1677 2019 1888 2083 recede,
1914 2027 1970 2072 et

376 2108 582 2162 resilias
601 2109 668 2160 ab
699 2109 820 2162 illo:
849 2109 926 2163 sic
951 2110 1092 2163 enim
1115 2109 1526 2178 Christusjubet
1545 2129 1558 2165 :
1578 2110 1639 2164 Si
1660 2110 1832 2163 oculus
1853 2120 1968 2163 tuus

378 2202 554 2253 dexter
567 2199 881 2254 scandalizat
907 2210 972 2266 te,
991 2217 1108 2254 erue
1128 2216 1260 2264 eum,
1285 2210 1330 2253 et
1353 2201 1560 2270 projicie
1579 2201 1667 2254 abs
1691 2211 1737 2252 te
1755 2199 1964 2270 (illati/t.

377 2289 431 2342 5.
449 2289 565 2358 29).
585 2289 697 2342 lloc
713 2304 904 2358 nempe
926 2290 1194 2358 praecepit,
1215 2299 1270 2343 ut
1284 2291 1482 2343 amicos
1494 2305 1626 2359 quos
1645 2305 1796 2359 aeque
1812 2289 1969 2359 atque

377 2383 560 2437 oculos
604 2397 760 2436 caros
800 2381 962 2436 habes
994 2423 1008 2445 ,
1056 2391 1112 2437 et
1137 2383 1202 2437 ad
1227 2399 1439 2436 onmem
1463 2383 1583 2436 vita:
1614 2399 1764 2436 usum
1787 2398 1970 2437 neces-

378 2472 546 2526 sarios
568 2513 584 2539 ,
631 2473 676 2526 si
701 2473 892 2526 animm
922 2473 1079 2526 saluti
1112 2480 1361 2540 noceant,
1393 2481 1636 2541 amputcs
1653 2484 1699 2526 et
1729 2472 1966 2541 abjicias.

379 2565 434 2618 Si
469 2564 521 2618 in
548 2573 744 2618 emtum
772 2563 1046 2618 hominum
1079 2563 1340 2633 prodicris
1358 2606 1373 2629 ,
1399 2573 1452 2617 et
1477 2565 1636 2618 verba
1660 2565 1823 2618 multa
1848 2580 1970 2618 cum

381 2655 500 2708 aliis
521 2654 729 2718 feceris,
751 2663 968 2724 propter
990 2655 1153 2708 Deum
1178 2653 1280 2707 hoc
1297 2653 1454 2706 facito
1473 2672 1484 2708 :
1500 2654 1544 2707 si
1575 2655 1823 2717 tacueris,
1843 2670 1969 2723 pro-

380 2755 499 2815 pter
517 2745 681 2800 Detnn
701 2729 893 2800 taceto.
909 2747 977 2800 At
996 2745 1262 2814 quomodo
1292 2746 1344 2799 iu
1371 2757 1510 2800 cmtu
1537 2749 1736 2800 versari
1757 2757 1972 2816 propter

381 2837 548 2890 Deum
568 2837 731 2891 licet?
750 2839 804 2893 Si
827 2853 947 2892 cum
974 2837 1093 2890 aliis
1114 2837 1327 2902 sedens,
1343 2854 1446 2892 non
1473 2836 1541 2892 de
1565 2838 1724 2893 rebus
1749 2839 1973 2893 sumula-

381 2930 526 2983 ribus
554 2929 808 2995 disseras,
837 2944 1009 2998 neque
1031 2928 1098 2983 de
1127 2929 1189 2982 iis
1219 2946 1335 2998 qua:
1358 2929 1509 2982 nobis
1536 2928 1692 2997 plane
1727 2944 1912 2998 parum
1948 2969 1964 2994 ,

379 3031 473 3074 aut
502 3020 634 3075 nihil
655 3021 964 3075 conducunt
991 3061 1007 3087 ,
1036 3020 1129 3075 sed
1156 3019 1221 3074 de
1243 3020 1500 3090 religione
1523 3028 1701 3074 nostra
1736 3062 1751 3087 ,
1793 3021 1860 3074 de
1881 3037 1973 3090 ge-

381 3111 577 3177 henna,
607 3111 674 3166 de
704 3127 870 3182 regno
895 3111 1172 3176 caelorum,
1203 3126 1309 3165 non
1336 3123 1514 3166 autem
1545 3111 1612 3165 de
1657 3110 1816 3165 rebus
1854 3111 1969 3165 ina-

382 3206 537 3262 nibus
565 3213 656 3258 aut
679 3204 1105 3275 supervacaneis,
1124 3205 1275 3273 cujus
1289 3203 1498 3274 generis
1519 3203 1634 3257 haec
1658 3212 1814 3257 sunt:
1843 3203 1972 3270 Quis

382 3299 748 3368 magistratum
778 3297 932 3351 iniit?
970 3298 1099 3364 Quis
1127 3298 1492 3367 magistratum
1521 3297 1734 3351 amisit?
1762 3297 1876 3364 Qua
1903 3295 1972 3350 de

382 3404 541 3442 causa
563 3389 646 3442 hic
670 3387 950 3442 mulctatus
977 3387 1104 3441 est?
1135 3387 1284 3441 Unde
1312 3387 1397 3441 ille
1423 3386 1658 3440 lucratus
1686 3397 1788 3451 est,
1815 3395 1869 3440 et
1895 3386 1974 3440 lo-

384 3479 779 3548 cupletissimus
799 3479 1000 3532 evasit?
1030 3478 1166 3546 Quid
1198 3480 1285 3533 ille
1313 3479 1434 3533 huic
1459 3479 1675 3548 reliquit
1704 3480 1935 3533 moriens
1949 3480 1973 3533 á¿¬

393 3569 673 3637 Quomodo
699 3571 787 3624 ille
811 3570 878 3624 ab
900 3569 1196 3624 hereditate
1223 3569 1410 3632 abfuit,
1441 3585 1562 3624 cum
1587 3570 1637 3625 in
1666 3569 1851 3639 primis
1881 3571 1974 3624 he-

385 3661 601 3717 redibus
621 3676 680 3716 se
705 3661 770 3715 ad
794 3660 1130 3716 scribendum
1151 3661 1450 3729 putaverit?
1473 3660 1551 3715 Ac
1576 3661 1742 3715 multa
1763 3661 1864 3715 alia
1891 3661 1974 3716 his

385 3753 597 3808 similia.
630 3753 706 3808 De
732 3752 816 3806 his
838 3753 996 3807 rebus
1021 3763 1196 3806 autem
1230 3765 1402 3821 neque
1428 3767 1527 3808 nos
1547 3747 1972 3818 confabulemur,

385 3861 562 3918 neque
585 3846 718 3901 alias
742 3845 1065 3901 confabulari
1094 3845 1494 3914 permittamus;
1543 3846 1637 3900 sed
1662 3844 1972 3899 considere-

388 3954 508 3994 mus
538 3938 713 4007 potius
743 3938 934 4008 quibus
961 3937 1116 3991 dictis
1161 3945 1250 3991 aut
1297 3935 1452 3990 factis
1481 3937 1592 3991 Deo
1621 3937 1972 4006 placebimus.

387 4029 594 4084 Rursus
623 4031 824 4100 poteris
853 4038 1070 4097 propter
1098 4028 1264 4081 Deum
1290 4028 1468 4092 silere,
1497 4028 1802 4097 exagitatus
1821 4069 1834 4090 ,
1860 4027 1974 4080 vio-

387 4123 548 4187 latus,
577 4121 776 4174 infinita
808 4121 944 4173 mala
975 4135 1179 4188 passus,
1210 4119 1254 4171 si
1283 4117 1420 4172 feras
1445 4133 1726 4188 generose,
1747 4127 1800 4171 ct
1829 4118 1974 4171 nulla

388 4211 671 4266 maledicta
702 4210 900 4264 referas
924 4211 996 4262 illi
1024 4210 1110 4278 qui
1144 4209 1258 4263 h:ec
1285 4209 1602 4278 designavit.
1647 4209 1762 4264 Non
1793 4216 1972 4263 autem

387 4303 606 4359 laudare
629 4304 797 4356 solum
823 4312 873 4354 et
897 4303 1195 4369 vituperare
1217 4341 1232 4362 ,
1284 4316 1382 4354 nec
1409 4299 1552 4353 domi
1602 4315 1818 4354 manere
1846 4341 1861 4366 ,
1889 4309 1978 4354 aut

390 4393 534 4450 foras
566 4394 662 4458 ire,
692 4408 795 4446 non
817 4393 978 4462 loqui,
1001 4399 1092 4444 ant
1112 4391 1290 4454 silere,
1310 4389 1400 4444 sed
1419 4391 1578 4445 etiam
1598 4389 1746 4452 ï¬‚ere,
1773 4390 1974 4456 dolere,

394 4495 448 4538 et
473 4483 638 4537 lauari
685 4497 894 4551 quoque
932 4481 997 4534 ad
1034 4482 1256 4549 gloriam
1289 4480 1382 4534 Dei
1412 4479 1554 4533 licet.
1584 4479 1807 4546 Quando
1833 4481 1978 4534 enim

393 4575 478 4630 vel
507 4575 722 4628 fratrem
746 4574 943 4627 videris
972 4581 1301 4642 peccantem,
1333 4572 1415 4626 vel
1445 4573 1672 4641 teipsum
1705 4573 1759 4626 in
1791 4588 1980 4643 pecea-

395 4677 506 4721 tum
534 4665 744 4735 aliquod
772 4664 1069 4733 delapsum,
1103 4662 1298 4718 deinde
1321 4663 1638 4732 ingemiscas
1663 4704 1679 4729 ,
1712 4678 1776 4718 ac
1799 4664 1979 4718 animo

393 4773 644 4821 mtercas,
657 4755 797 4810 haud
823 4754 1180 4823 ptenitendam
1201 4754 1426 4807 salutem
1443 4769 1507 4808 ex
1529 4753 1632 4808 hoc
1650 4753 1976 4809 lucrifecisti:

395 4846 845 4917 quemadmodum
864 4845 1059 4899 Paulus
1086 4846 1162 4898 ait
1185 4861 1198 4898 :
1249 4844 1348 4909 Qui
1397 4845 1671 4898 secundum
1689 4843 1859 4900 Deum
1883 4846 1980 4900 do-

396 4939 474 4991 lor
496 4947 589 5002 est,
611 4939 823 4990 salutem
843 4935 982 4988 haud
1003 4934 1344 5005 pwnitendam
1371 4935 1518 5005 efï¬cit
1540 4935 1620 5005 (2.
1643 4934 1762 4990 Cor.
1785 4936 1839 4990 7.
1863 4937 1977 5009 10).

393 5030 451 5086 Si
478 5030 753 5084 florentem
783 5029 1006 5082 alterum
1024 5027 1205 5083 videas
1223 5068 1238 5092 ,
1266 5027 1435 5082 nolito
1461 5027 1534 5082 illi
1561 5028 1819 5083 continuo
1843 5029 1980 5084 invi-

398 5123 546 5189 dere,
580 5121 675 5175 sed
708 5121 854 5186 Deo,
879 5121 969 5190 qui
1017 5131 1125 5174 tam
1175 5118 1492 5189 praeclarum
1542 5119 1721 5174 effecit
1763 5119 1980 5175 fratrem

399 5227 548 5270 tuum
574 5255 589 5280 ,
619 5213 838 5284 perinde
858 5228 922 5267 ac
947 5213 1013 5267 de
1040 5211 1268 5282 propriis
1307 5211 1463 5266 bonis
1489 5211 1686 5281 gratias
1710 5212 1852 5282 agito
1882 5251 1898 5280 ,
1927 5221 1983 5268 et

399 5307 557 5377 hujus
581 5306 778 5360 ltetitire
806 5319 1156 5375 permagnum
1187 5303 1353 5358 habes
1378 5303 1632 5358 fructum.

471 5400 527 5455 5.
563 5399 862 5453 Invidorum
884 5394 1182 5451 miserabilis
1201 5394 1444 5448 conditio.
1461 5423 1533 5434 â€”
1563 5393 1700 5460 Quid
1726 5394 1869 5449 enim
1896 5396 1983 5450 in-

400 5493 537 5547 vidis
576 5489 880 5545 hominibus
903 5495 988 5542 est
1015 5485 1391 5553 miserabilius,
1434 5484 1626 5555 quibus
1664 5491 1786 5540 cum
1828 5485 1986 5542 liceat

403 5581 636 5651 gaudere
667 5621 683 5647 ,
726 5588 782 5635 et
810 5579 1038 5633 fructum
1065 5577 1260 5631 laetitia:
1280 5589 1390 5630 suae
1413 5589 1607 5645 capere
1629 5617 1644 5643 ,
1674 5576 1774 5646 ipsi
1805 5586 1983 5632 tamen

405 5675 606 5729 malunt
637 5680 855 5743 propter
883 5670 1083 5725 alienas
1110 5667 1387 5724 felicitates
1415 5667 1633 5736 dolere;
1657 5680 1708 5728 et
1738 5688 1859 5728 cum
1881 5672 1980 5727 do-

1065 264 1122 320 S.
1160 263 1436 320 JOANNIS
1470 262 1944 321 CHRYSOSTOMI
1984 259 2299 317 ARCHIEP.
2340 263 2869 320 CONSâ€™Iâ€˜ANTINOP.

3587 274 3695 326 9:70

2075 377 2189 432 lore
2231 378 2345 446 ipso
2372 395 2579 448 pinnam
2623 397 2649 434 a
2681 381 2790 436 Deo
2822 425 2837 449 ,
2866 391 2920 437 et
2969 385 3284 454 supplicium
3333 386 3695 442 intolerabile

2069 469 2667 525 arcessere?C.-eterum
2711 471 2837 540 quid
2888 471 3072 529 laudes
3115 485 3170 530 et
3210 477 3690 546 vituperationes.

2069 558 2360 634 doloreset
2385 561 2593 616 la:titias
2613 577 3008 631 commemoro;
3031 567 3116 621 ubi
3138 569 3295 621 etiam
3321 583 3356 622 a
3383 569 3694 624 levissimis

2069 653 2232 707 rebus
2250 663 2302 707 et
2327 655 2599 708 vilissimis
2625 658 2883 712 maximas
2905 659 3160 713 utilitates
3193 661 3567 730 percipiemus
3591 705 3609 727 ,
3642 664 3692 715 si

2072 755 2287 814 propter
2331 746 2494 800 Deum
2543 748 2713 816 ipsum
2743 765 2835 802 eas
2865 748 3166 805 faciamus?
3212 753 3349 820 Quid
3399 754 3554 808 enim
3602 765 3696 808 est

2071 844 2289 888 tonsura
2343 837 2568 890 crinium
2620 838 2817 892 vilius?
2888 839 3000 894 lloc
3050 850 3223 895 tamen
3274 843 3399 898 licet
3454 854 3699 913 propter

2071 925 2236 980 Deum
2267 925 2462 981 facere.
2493 928 2717 995 Quando
2737 930 2877 983 enim
2906 945 3112 984 comam
3137 948 3241 986 non
3259 939 3653 1002 composueris
3671 977 3695 999 ,

2071 1033 2244 1085 neque
2268 1019 2468 1072 vultum
2493 1028 2640 1073 tuutn
2663 1023 2939 1075 ornaveris
2964 1064 2977 1088 ,
3006 1039 3178 1091 neque
3207 1033 3259 1079 te
3285 1025 3351 1078 ad
3387 1025 3690 1079 illecebras

2071 1123 2134 1162 ac
2158 1111 2418 1164 lenocinia
2451 1126 2658 1179 eorum,
2681 1113 2773 1182 qui
2803 1123 2854 1168 te
2877 1116 3150 1170 intuentur
3170 1159 3182 1181 ,
3211 1119 3551 1186 compseris,
3586 1119 3691 1171 ÎµÏ…Î¹á½¶

2071 1197 2271 1253 inculte
2297 1241 2313 1268 ,
2355 1210 2408 1254 et
2431 1211 2686 1271 quantum
2717 1218 2841 1257 usus
2867 1205 2968 1259 fert
2995 1246 3012 1269 ,
3065 1207 3290 1274 teipsum
3318 1211 3688 1277 apparaveris

2075 1303 2301 1360 tantum,
2337 1305 2555 1365 propter
2574 1295 2741 1350 Deum
2769 1297 2976 1362 fecisti,
3005 1308 3059 1353 et
3084 1299 3198 1368 ejus
3224 1301 3540 1354 mercedem
3594 1317 3690 1354 rc-

2073 1387 2314 1455 porlabis
2338 1430 2354 1454 ,
2398 1398 2509 1442 tum
2550 1389 2673 1458 quia
2720 1391 3066 1460 cupiditatem
3095 1394 3397 1460 repressisti
3427 1393 3632 1446 malam
3661 1435 3684 1458 ,

2075 1486 2183 1530 tum
2215 1478 2335 1546 quia
2367 1479 2709 1533 ambitionem
2730 1480 3086 1549 importunam
3112 1485 3418 1537 coercuisti.
3449 1483 3513 1539 Si
3530 1485 3682 1536 enim

2073 1567 2162 1636 qui
2199 1568 2446 1637 poculum
2479 1569 2666 1638 frigide
2693 1571 2866 1625 solum
2895 1572 2986 1624 dat
3016 1582 3232 1641 propter
3279 1573 3449 1632 Deum
3470 1617 3488 1637 .
3525 1577 3686 1645 regni

2073 1657 2325 1710 cmlornm
2366 1656 2714 1713 hereditatem
2745 1660 2904 1715 adibit
2927 1659 3136 1733 (Matth.
3160 1662 3245 1718 10.
3275 1661 3408 1733 42)Í¾
3437 1665 3536 1734 qui
3558 1681 3682 1719 oin-

2074 1749 2160 1802 nia
2187 1748 2370 1804 fecerit
2397 1759 2614 1819 propter
2642 1751 2829 1812 Denm.
2857 1753 3136 1808 considera
3165 1764 3421 1824 quantam
3454 1757 3688 1811 habebit

2073 1843 2584 1909 compensationem.
2615 1843 2752 1910 Quin
2785 1853 2838 1898 et
2865 1854 3082 1914 propter
3113 1845 3279 1900 Deum
3307 1846 3600 1910 incedere,
3631 1860 3690 1903 et

2073 1942 2293 2001 propter
2315 1934 2479 1986 Deum
2513 1934 2708 1990 intueri
2737 1951 3041 2004 possumus.
3068 1937 3136 1990 At
3158 1938 3434 2006 quomodo
3475 1939 3689 1995 intueri

2074 2035 2127 2079 ct
2149 2025 2397 2080 incedere
2425 2036 2642 2096 propter
2667 2027 2836 2082 Deum
2875 2028 3042 2083 licet?
3084 2028 3307 2095 Quando
3332 2045 3443 2082 non
3468 2029 3544 2082 ad
3582 2031 3688 2082 im-

2076 2117 2391 2186 probitatem
2419 2120 2619 2172 curris:
2649 2119 2872 2186 Quando
2894 2135 2998 2174 non
3025 2120 3077 2174 in
3104 2120 3330 2174 alienam
3370 2119 3687 2187 pulchritu-

2074 2207 2250 2262 dinem
2277 2209 2437 2264 nimis
2459 2210 2714 2279 inquiris:
2742 2211 2956 2280 quando
2987 2209 3264 2264 mulierem
3291 2222 3688 2265 occurrentem

2073 2298 2280 2363 videns,
2304 2298 2541 2353 refrenas
2561 2299 2764 2366 oculos,
2783 2309 2837 2354 et
2861 2300 3051 2354 timore
3073 2299 3166 2354 Dei
3182 2300 3354 2354 munis
3370 2310 3689 2369 aspectum,

2077 2387 2176 2440 hoc
2198 2399 2414 2456 propter
2444 2387 2611 2442 Deum
2645 2387 2811 2442 facis:
2848 2387 3060 2459 quando
3100 2403 3204 2443 non
3235 2390 3490 2459 pretiosis
3520 2391 3690 2444 vesti-

2076 2476 2174 2530 bus
2201 2485 2256 2532 et
2278 2477 2538 2544 delicatis,
2569 2477 2661 2532 sed
2687 2479 2751 2532 iis
2780 2494 2896 2548 quae
2923 2488 3100 2548 tegere
3145 2494 3241 2533 nos
3266 2480 3399 2534 satis
3427 2492 3689 2550 possunt,

2075 2568 2363 2623 induimur.
2378 2568 2484 2623 Sed
2497 2578 2549 2623 et
2567 2568 2632 2623 ad
2657 2570 2791 2624 imos
2816 2585 2980 2640 usque
2990 2569 3197 2625 calceos
3216 2568 3510 2625 demittere
3535 2569 3688 2625 hunc

2077 2675 2281 2715 morem
2322 2659 2465 2713 licet.
2515 2659 2764 2728 Eousque
2793 2661 2934 2714 enim
2966 2659 3206 2715 mollitiei
3234 2660 3505 2730 luxusque
3534 2660 3686 2715 dela-

2076 2749 2153 2818 psi
2173 2758 2297 2803 sunt
2314 2749 2486 2816 multi,
2503 2759 2559 2804 ut
2581 2759 2636 2804 et
2653 2751 2860 2805 calceos
2880 2761 3159 2818 exornent,
3175 2758 3229 2806 et
3243 2749 3471 2806 omniex
3498 2761 3685 2821 parte,

2075 2855 2227 2910 aeque
2250 2856 2312 2893 ac
2333 2839 2522 2895 faciem
2553 2856 2704 2895 suam
2724 2841 2811 2894 alii
2832 2850 3174 2909 componant,
3204 2841 3414 2895 variare
3433 2841 3686 2908 soleant,

2075 2929 2216 2998 quod
2241 2931 2433 2984 anima:
2462 2930 2681 2999 impura:
2709 2945 2772 2985 ac
2798 2929 3098 2999 depravata:
3118 2930 3325 3000 signum
3345 2939 3446 2984 est.
3469 2930 3687 2997 Quam-

2075 3037 2233 3090 quam
2271 3023 2411 3074 cnim
2431 3022 2775 3092 perexiguum
2801 3022 2902 3076 hoc
2923 3037 3044 3077 esse
3060 3021 3321 3088 videatur,
3342 3033 3532 3077 tamen
3565 3033 3684 3079 tum

2076 3112 2131 3166 in
2158 3112 2288 3167 viris
2319 3154 2334 3178 ,
2360 3124 2470 3167 tum
2499 3114 2551 3166 in
2580 3112 2792 3168 feminis
2818 3128 3064 3183 magnum
3093 3112 3312 3182 perdita:
3341 3114 3551 3168 mentis
3592 3130 3684 3167 ar-

2077 3212 2383 3272 gumentum
2410 3213 2511 3258 est.
2569 3203 2775 3257 Licebit
2801 3218 2930 3272 ergo
2973 3211 3027 3257 et
3072 3202 3264 3258 calceis
3290 3202 3421 3272 ipsis
3450 3215 3688 3273 propter

2025 3321 2039 3337 Î¿
2079 3296 2245 3349 Deum
2273 3295 2344 3348 uti
2373 3336 2389 3362 ,
2441 3309 2562 3348 cum
2602 3295 2820 3348 omnino
2847 3309 2998 3348 usum
3034 3294 3321 3363 quterimus
3351 3334 3366 3359 ,
3423 3304 3478 3348 et
3536 3295 3686 3350 hunc

2078 3385 2396 3440 utendorum
2426 3387 2724 3440 calceorum
2754 3385 2971 3439 modum
3019 3385 3381 3440 habuerimus.
3411 3384 3682 3456 lngressu

2078 3477 2220 3532 enim
2239 3486 2292 3531 ct
2320 3478 2514 3531 amictu
2540 3493 2637 3530 nos
2656 3477 2818 3531 Deum
2846 3476 3009 3546 gloria
3036 3475 3248 3530 afficere
3270 3491 3447 3545 posse,
3465 3491 3687 3548 cogno-

2079 3582 2168 3622 sce
2193 3583 2257 3621 ex
2289 3583 2374 3630 eo,
2403 3567 2543 3637 quod
2575 3568 2786 3636 sapiens
2815 3567 3029 3638 quidam
3065 3567 3196 3622 olim
3221 3568 3355 3622 dixit
3384 3610 3398 3623 .
3441 3568 3682 3625 Vestitu

2079 3657 2173 3711 uiri
2197 3697 2212 3723 ,
2253 3666 2299 3710 et
2327 3657 2458 3710 risus
2487 3657 2731 3721 dentium,
2757 3666 2801 3708 et
2831 3657 3054 3710 incessus
3092 3655 3280 3724 pedum
3314 3657 3555 3710 indicant
3589 3659 3684 3711 Ito-

2081 3747 2459 3819 minem(Eccli.
2493 3748 2580 3803 19.
2609 3747 2723 3820 27).
2751 3747 2974 3814 Quando
3001 3748 3143 3803 enim
3183 3748 3410 3804 honeste
3439 3750 3633 3804 vestiti
3666 3791 3682 3814 ,

2079 3841 2352 3911 gravitatis
2381 3839 2545 3910 pleni,
2591 3847 2646 3894 et
2686 3839 2906 3893 multam
2932 3839 2985 3893 in
3011 3839 3155 3893 omni
3185 3854 3246 3894 re
3273 3839 3510 3909 gerenda
3559 3856 3683 3893 mo-

2079 3932 2304 3986 destiam
2333 3930 2648 3985 adhibentes
2687 3929 2962 4000 prodimus
2995 3947 3008 3982 :
3041 3929 3132 3999 qui
3160 3928 3386 3983 infidelis
3407 3971 3423 3991 ,
3450 3931 3552 3999 qui
3587 3931 3674 3984 in-

2082 4032 2414 4092 temperans,
2459 4021 2550 4092 qui
2577 4020 2912 4075 turbulentus
2953 4028 3038 4075 est
3081 4021 3203 4086 vir,
3251 4020 3295 4073 is
3341 4035 3678 4089 quamquam

2083 4112 2510 4167 inconsideratus
2537 4111 2695 4166 fuerit
2723 4153 2738 4176 ,
2769 4120 2946 4165 tamen
2979 4111 3151 4178 primo
3197 4125 3408 4180 quoque
3437 4125 3677 4167 occursu

2083 4203 2134 4257 in
2161 4204 2386 4273 aliquem
2411 4203 2525 4271 ejus
2550 4202 2760 4271 generis
2784 4200 3054 4254 hominem
3085 4200 3315 4266 intuens,
3343 4205 3488 4254 omni
3524 4201 3676 4264 illum

2083 4293 2434 4350 admiratione
2472 4303 2838 4362 prosequetur.
2873 4290 2927 4345 Si
2949 4306 3168 4344 uxorem
3186 4290 3519 4353 duxerimus,
3554 4304 3680 4360 pro-

2083 4394 2202 4454 pter
2222 4384 2384 4438 Dcum
2403 4382 2504 4438 hoc
2525 4382 2799 4448 faciamus,
2821 4396 2923 4434 non
2941 4390 2998 4435 ut
3019 4381 3292 4435 facultates
3319 4381 3558 4450 majores
3587 4398 3676 4435 ac-

2083 4475 2376 4544 quiramus,
2408 4472 2505 4527 sed
2529 4479 2584 4526 ut
2603 4471 2794 4526 anima:
2818 4471 3148 4525 nobilitatem
3178 4470 3539 4540 inquirainus;
3573 4487 3676 4525 non

2085 4565 2426 4635 pecuniarum
2453 4563 2850 4630 abundantiam,
2881 4578 2984 4617 non
3013 4561 3270 4632 majorum
3302 4561 3676 4631 splendorem,

2085 4655 2178 4710 sed
2206 4669 2413 4709 morum
2432 4655 2681 4708 virtutem
2705 4669 3087 4724 persequamur
3104 4662 3160 4708 et
3179 4652 3517 4719 modestiam,
3553 4658 3676 4708 vita:

2086 4749 2307 4814 sociam,
2336 4763 2441 4802 non
2481 4747 2862 4803 lenociniorum
2902 4747 3150 4800 comitem
3172 4747 3464 4816 capiamus.
3494 4747 3678 4803 Caete-

2085 4857 2204 4896 rum
2225 4841 2348 4911 quid
2375 4856 2509 4908 Opus
2536 4849 2619 4894 est
2643 4841 2819 4893 omnia
2846 4837 3308 4893 commemorare?
3347 4837 3498 4893 Licet
3517 4840 3675 4893 vobis

2087 4949 2150 4990 ex
2183 4935 2246 4988 iis
2272 4947 2385 5002 qua:
2415 4932 2555 4986 dicta
2577 4941 2721 4996 sunt,
2752 4930 2954 5000 singula
2981 4945 3099 4998 qua:
3120 4929 3253 4984 fiunt
3277 4937 3370 4982 aut
3391 4940 3676 4999 geruntur,

2087 5039 2420 5096 percurrere,
2453 5032 2506 5077 et
2525 5023 2702 5076 omnia
2733 5032 2951 5092 propter
2994 5021 3163 5076 Deum
3191 5021 3386 5076 facere.
3441 5021 3511 5074 Et
3540 5022 3677 5076 sicut

2087 5126 2412 5172 mercatores
2424 5115 2728 5185 navigantes
2753 5115 2941 5180 maria,
2969 5123 3021 5168 et
3045 5113 3111 5168 ad
3139 5115 3378 5170 civitates
3398 5115 3675 5184 appellen-

2089 5219 2191 5276 tes,
2215 5225 2318 5264 non
2348 5211 2493 5279 prius
2518 5209 2715 5263 abeunt
2733 5223 2762 5261 a
2785 5216 2960 5277 portu,
2991 5215 3045 5261 et
3074 5207 3127 5260 in
3150 5206 3324 5261 forum
3352 5205 3672 5273 ascendunt,

2089 5319 2249 5374 quam
2277 5301 2572 5370 intelligant
2600 5300 2811 5370 aliquod
2842 5300 3048 5354 lucrum
3097 5298 3276 5354 inesse
3304 5299 3357 5352 in
3385 5300 3659 5353 mcrcimo

2090 5396 2228 5450 niis:
2259 5395 2336 5449 sic
2357 5410 2455 5448 nec
2480 5402 2536 5448 tu
2561 5391 2847 5463 quidquam
2877 5391 3060 5458 facias,
3087 5406 3188 5447 nec
3216 5391 3364 5446 dicas
3389 5431 3405 5456 ,
3459 5392 3561 5445 nisi
3593 5392 3664 5445 lu-

2089 5504 2240 5543 crum
2267 5487 2478 5557 aliquod
2504 5485 2697 5540 habeat
2739 5485 3034 5540 secundum
3061 5485 3255 5540 Deum.
3294 5483 3374 5548 Ne
3398 5483 3550 5538 dicas
3574 5501 3674 5537 au-

2091 5587 2196 5634 tem
2241 5579 2504 5632 neminem
2549 5591 2706 5644 posse
2751 5574 2929 5630 omnia
2975 5583 3196 5646 propter
3240 5574 3407 5630 Deum
3459 5576 3670 5628 facere:

2091 5669 2302 5740 quando
2343 5669 2483 5724 enim
2512 5667 2890 5736 calceamenta,
2919 5665 3188 5734 cmsarics,
3218 5667 3460 5735 vestitus,
3488 5664 3673 5721 inces-
