3862 6228
222 269 333 327 939

221 389 316 454 θι,
358 385 452 441 καὶ
485 392 755 456 συνέγνως
784 386 870 441 διὰ
895 385 986 439 τὸν
1014 382 1168 440 Θεόν.
1204 385 1340 440 Νυνὶ
1371 385 1427 439 δέ
1458 385 1642 439 πολλοὶ
1679 390 1803 442 τοὺ-

224 470 440 524 ναντίον
487 470 722 536 ποιοῦσι,
769 471 863 524 καὶ
911 470 1005 522 ἐπὶ
1043 469 1152 523 τῶν
1193 469 1363 538 φίλων
1383 510 1398 534 ,
1435 471 1530 522 καὶ
1574 472 1666 523 ἐπὶ
1701 471 1808 531 τῶν

219 553 648 608 οἰκετῶν.⁰’οταν
675 555 775 623 μὲν
797 552 906 626 γὰρ
932 555 1014 616 είς
1035 553 1230 616 αὐτοὺς
1252 553 1592 624 ἁμάρτωσιν,
1621 555 1810 626 πικροὶ

223 639 322 690 καὶ
348 636 723 706 ἁσύγγνωστοι
755 639 997 706 γίνονται
1024 636 1305 690 δικασταί·
1336 637 1464 690 ὅταν
1503 636 1560 689 δὲ
1603 639 1683 700 είς
1718 637 1810 692 τὸν

220 723 360 775 Θεὸν
411 720 752 792 ἐνυϐρίζωσι,
784 723 880 775 καὶ
926 721 1026 784 τὰς
1073 720 1286 774 ἑαυτῶν
1321 719 1564 774 ἀπόλωσι
1608 719 1806 792 ψυχὰς,

220 805 416 858 οὐδένα
442 805 720 857 ποιοῦνται
747 803 925 871 λόγον.
963 803 1152 868 Πάλιν,
1193 802 1382 872 φίλους
1413 804 1636 873 ποιῆσαι
1666 805 1805 875 Χρήῖ

223 889 326 942 Διά
359 888 454 941 τὸν
486 888 618 941 Θεὸν
643 888 887 957 ποίησον.
905 887 1164 958 Ἐχθροὺς
1185 887 1408 957 ποιῆσαι
1431 888 1568 958 χρή;
1595 888 1695 940 Διά
1717 889 1808 941 τὸν

219 971 358 1024 Θεὸν
387 970 630 1041 ποίησον.
663 971 773 1024 Καὶ
808 969 924 1034 πῶς
957 971 1073 1023 ἐστι
1114 969 1300 1039 φίλους
1339 970 1562 1039 ποιῆσαι
1595 969 1684 1023 διά
1717 970 1808 1025 τὸν

219 1054 357 1106 Θεὸν
398 1054 492 1107 καὶ
533 1052 790 1124 ἐχθρούς;
821 1054 918 1106 Ἂν
946 1053 1021 1124 μὴ
1053 1053 1152 1116 τὰς
1181 1052 1366 1122 φιλίας
1400 1053 1614 1116 ἐκείνας
1647 1053 1808 1123 ἐφελ-

219 1135 472 1207 κώμεθα,
503 1136 623 1190 ὃθεν
650 1137 766 1190 ἐστὶ
791 1139 1049 1209 χρήματα
1082 1137 1284 1203 λαϐεῖν,
1319 1136 1442 1190 ὅθεν
1479 1138 1806 1207 κοινωνῆσαι

217 1222 525 1292 τραπέζης,
554 1220 676 1274 ὅθεν
712 1222 1048 1292 προστασίας
1079 1219 1427 1293 ἀνθρωπίνης
1457 1224 1661 1292 τυχεῖν,
1692 1221 1806 1275 ἀλλ’

219 1306 466 1368 ἐκείνους
493 1305 813 1376 θηρεύωμεν
841 1307 936 1360 καὶ
964 1304 1208 1376 ποιῶμεν
1246 1303 1452 1376 φίλους,
1480 1307 1608 1368 τοὺς
1648 1304 1808 1359 δυνα-

222 1389 424 1458 μένους
455 1387 615 1459 ἡμῶν
650 1385 738 1442 ἀεὶ
764 1389 1023 1460 ρυθμίσαι
1055 1388 1153 1460 τὴν
1181 1389 1377 1460 ψυχὴν,
1405 1390 1806 1462 συμϐουλεῦσαι

217 1474 293 1526 τὶ
314 1473 521 1535 δέοντα,
559 1473 961 1543 ἁμαρτάνουσιν
987 1474 1328 1544 ἐπιτιμῆσαι,
1355 1473 1807 1544 πλημμελοῦντας

221 1557 464 1625 ἐλέγξαι,
498 1556 1020 1628 ὑποσκελιζομένους
1049 1557 1377 1629 ἀνορθώσαι,
1403 1559 1498 1612 καὶ
1526 1557 1802 1629 συμϐουλῇ

218 1643 320 1694 καὶ
355 1641 540 1711 εὐχαῖς
568 1640 896 1711 βοηθοῦντας
921 1644 1294 1712 προσαγαγεῖν
1338 1641 1417 1712 τῷ
1453 1641 1591 1712 Θεῷ.
1637 1643 1805 1696 Πάλιν

217 1725 452 1794 ἐχθροὺς
481 1724 657 1790 ἔξεστι
702 1724 926 1796 ποιῆσαι
951 1725 1039 1778 διὰ
1081 1726 1173 1780 τὸν
1206 1725 1358 1778 Θεόν.
1378 1726 1502 1779 Ἐἀν
1540 1727 1653 1797 ἴδῃς
1683 1726 1804 1780 τινὰ

216 1809 540 1869 ἀκόλαστον,
592 1806 787 1878 μιαρὸν
811 1847 827 1870 ,
876 1807 1141 1879 πονηρίας
1193 1810 1432 1877 γέμοντα
1456 1848 1471 1873 ,
1519 1809 1804 1878 δογμάτων

216 1891 552 1963 ἀκαθάρτων
610 1891 1075 1962 πεπληρωμένον,
1127 1891 1552 1957 ὑποσκελίζοντά
1609 1910 1668 1945 σε
1710 1893 1805 1946 καὶ

215 1975 686 2046 παραϐλάπτοντά
718 1993 798 2041 σε,
837 1974 1104 2044 ἀπόστηθι
1128 1977 1220 2028 καὶ
1243 1977 1613 2047 ἀποπήδησον,
1631 1977 1805 2030 καθά-

217 2077 330 2130 περ
373 2060 466 2112 καὶ
489 2061 517 2112 6
540 2059 774 2128 Χριστὸς
806 2058 1090 2112 ἐκέλευσεν
1120 2059 1289 2112 εἰπών
1309 2076 1323 2089 ο
1363 2059 1505 2114 Ἐὰν
1524 2063 1557 2114 d
1590 2060 1805 2129 ὀφθαλ-

208 2143 333 2213 μός
364 2158 480 2197 σου
509 2147 541 2196 ό
563 2142 759 2207 δεξιὸς
780 2141 1150 2211 σκανδαλίζῃ
1181 2161 1274 2205 σε,
1291 2143 1466 2209 ἐξελε
1493 2145 1681 2198 αὑτὸν
1704 2145 1803 2198 καὶ

210 2225 377 2290 βάλε
419 2226 537 2280 ἀπὸ
571 2224 708 2289 σοῦ,
737 2223 974 2278 κελεύων
1001 2226 1131 2289 τοὺς
1160 2226 1346 2296 φίλους
1379 2226 1640 2290 ἐκείνους,
1675 2227 1801 2290 τοὺς

213 2313 280 2362 ἐν
305 2309 598 2380 ὀφθαλμῶν
630 2308 782 2373 τάξει
812 2308 1092 2373 ποθεινοὺς
1120 2310 1300 2374 ϐντας,
1338 2311 1433 2364 καὶ
1474 2310 1801 2379 ἀναγκαίους

214 2395 281 2446 ἐν
331 2397 444 2457 τοῖς
493 2394 767 2462 βιωτικοῖς
814 2395 1156 2465 πράγμασιν,
1190 2395 1543 2456 ἀποκόπτειν,
1584 2395 1677 2448 καὶ
1709 2396 1801 2448 ἐκ·

212 2477 439 2532 ϐάλλειν
456 2490 504 2543 ι,
535 2478 602 2532 ἂν
631 2477 1100 2550 παραϐλάπτωσιν
1133 2479 1213 2542 είς
1238 2478 1336 2550 τὴν
1369 2480 1466 2550 τῆς
1498 2478 1677 2549 ψυχῆς
1703 2484 1802 2533 σω-

212 2560 415 2630 τηρίαν
448 2561 725 2632 ἡμᾶς.’¹Λν
758 2560 1028 2629 συλλόγων
1060 2563 1342 2632 κοινωνῇς,
1369 2563 1463 2614 καὶ
1491 2561 1648 2630 λόγον
1673 2563 1803 2616 ἀπο-

209 2646 401 2718 τείνῃς
437 2645 669 2716 μακρὸν,
713 2645 802 2698 διά
829 2644 920 2698 τὸν
949 2643 1079 2697 Θεὸν
1109 2645 1203 2698 καί¹
1229 2644 1388 2698 τοῦτο
1415 2645 1662 2716 ποίησον,
1697 2645 1800 2698 κᾶν

213 2729 400 2797 σιγᾷς,
432 2726 520 2781 διὰ
545 2728 638 2780 τὸν
664 2727 795 2780 Θεὸν
823 2727 1068 2798 σίγησον.
1112 2728 1224 2780 Καὶ
1249 2727 1365 2791 πῶς
1396 2726 1512 2780 ἐστι
1543 2726 1799 2796 συλλόγου

211 2813 492 2863 κοινωνεῖν
517 2811 606 2864 διὰ
635 2811 724 2864 τὸν
762 2810 926 2874 Θεόν;
959 2813 1056 2864 Ἂν
1089 2810 1502 2882 συγκαθήμενός
1529 2828 1662 2872 τισι,
1690 2829 1798 2882 μη-

206 2893 308 2946 δὲν
352 2895 480 2963 περὶ
531 2892 796 2962 βιωτικῶν
843 2893 1066 2964 διαλέγῃ
1118 2895 1483 2964 πραγμάτων,
1525 2893 1659 2964 μηδὲ
1690 2895 1799 2947 τῶν

209 2974 400 3028 ἁπλῶν
441 2976 535 3030 καί
579 2975 701 3046 εἰκῆ
751 2976 844 3029 καὶ
879 2976 1031 3028 οὐδὲν
1057 2977 1190 3046 ἡμῖν
1221 2976 1626 3046 προσηκόντων,
1661 2975 1800 3030 ἀλλά

211 3059 347 3129 περ).
391 3057 707 3127 φιλοσοφίας
738 3059 839 3128 τῆς
869 3059 1169 3130 ἡμετέρας,
1214 3054 1342 3128 περὶ
1382 3059 1628 3129 γεέννης,
1668 3057 1799 3129 περὶ

209 3142 494 3212 βασιλείας
517 3142 782 3214 οὐρανῶν,
815 3141 954 3196 ἀλλά
983 3143 1056 3213 μὴ
1079 3141 1152 3194 τὰ
1174 3141 1405 3212 περιττά
1424 3142 1518 3195 καὶ
1541 3142 1797 3211 ἀνόνητα,

205 3224 352 3279 οἷονο
383 3226 465 3290 τίς
500 3226 678 3296 ἀρχῆς
703 3225 874 3296 ἐπέϐη
895 3243 910 3290 ;
935 3225 1018 3290 τίς
1042 3225 1318 3298 παρελύθη
1345 3226 1446 3296 τῆς
1481 3229 1690 3299 ἀρχῆς;
1717 3228 1800 3280 τί-

210 3328 304 3374 νος
331 3307 422 3364 οὑν
448 3311 633 3364 ἐνεκεν
659 3310 688 3361 6
711 3309 857 3363 δεῖνα
881 3308 1180 3379 ἐζημίωται
1200 3325 1214 3374 ;
1233 3309 1394 3363 πόθεν
1417 3313 1446 3363 6
1474 3311 1620 3365 δεῖνα
1640 3311 1800 3382 ἐκέρὸ
1852 3349 1857 3360 .

205 3395 338 3447 δανε
404 3394 500 3447 καὶ
563 3391 716 3463 [704]
772 3391 1148 3463 εὐπορώτερος
1209 3393 1434 3460 γέγονε;
1480 3393 1533 3446 τί
1579 3394 1796 3448 κατέλι-

208 3493 315 3529 πεν
345 3479 372 3530 6
402 3476 550 3530 δεῖνα
599 3475 676 3545 τῷ
722 3477 855 3529 δεῖνι
887 3476 1184 3540 τελευτῶν;
1219 3477 1339 3541 πῶς
1369 3477 1426 3529 δὲ
1455 3481 1483 3531 6
1509 3479 1656 3532 δεῖνα
1690 3479 1798 3532 ἀπ·

207 3561 424 3628 ἐτυχεν,
451 3560 531 3620 είς
553 3559 679 3621 τοὺς
709 3559 958 3628 πρώτους
988 3557 1096 3611 τῶν
1123 3559 1478 3631 κληρονόμων
1518 3563 1798 3632 ἐγγραφή-

209 3641 404 3694 σεσθαι
436 3641 844 3711 προσδοκήσας
895 3642 990 3694 καὶ
1040 3642 1209 3696 πολλά
1236 3643 1398 3714 ἔτερα
1423 3645 1662 3698 τοιαῦτα.
1700 3646 1792 3716 Μὴ

206 3727 279 3794 δὴ
320 3725 388 3777 τά
431 3723 654 3778 τοιαῦτα
684 3724 1084 3796 διαλεγώμεθα,
1123 3726 1256 3797 μηδέ
1295 3727 1496 3798 ἐτέρων
1520 3728 1794 3797 διαλεγόν-

207 3827 323 3863 των
361 3808 711 3879 ἀνεχώμεθα’
746 3809 882 3862 ἀλλά
917 3809 1208 3879 σκοπῶμεν
1251 3810 1306 3863 τί
1338 3811 1644 3877 ποιοῦντας,
1673 3813 1705 3884 ῆ
1738 3814 1793 3866 τί

207 3894 470 3960 λέγοντας
507 3893 651 3945 ἐστιν
684 3893 883 3964 ἀρέσαι
910 3893 1050 3964 Θεῷ.
1077 3893 1244 3948 Πάλιν
1288 3894 1403 3948 ἐστι
1445 3896 1665 3966 σιγῆσαι
1704 3897 1792 3952 διὰ

207 3976 306 4028 τὸν
329 3975 481 4035 Θεὸν,
509 3973 882 4047 ὑϐριζόμενος,
911 3975 1335 4047 λοιδορούμενος,
1371 3977 1541 4046 μυρία
1570 3977 1792 4049 πάσχων

209 4058 382 4118 κακῖι,
418 4057 482 4109 ἂν
518 4057 688 4128 φέρῃς
720 4056 1002 4126 γενναίως,
1033 4059 1128 4110 καὶ
1164 4058 1330 4128 μηδὲν
1364 4059 1514 4129 ῥῆμα
1547 4058 1791 4132 βλάσφη-

211 4158 316 4211 μον
348 4140 635 4212 ἐξενέγκῃς
659 4143 736 4200 εἰς
756 4140 845 4192 τὸν
864 4140 1035 4193 ταῦτα
1059 4140 1334 4194 ποιοῦντα.
1369 4141 1482 4194 Οὐκ
1511 4143 1790 4196 ἐπαινέσαι

207 4224 272 4276 δὲ
305 4225 398 4277 καὶ
429 4223 588 4294 ψέξαι
621 4223 799 4294 μόνον,
833 4224 953 4277 οὐδέ
997 4223 1143 4277 ἐνδον
1181 4227 1360 4294 μεῖναι
1399 4226 1492 4278 καὶ
1529 4224 1786 4290 ἐξελθεῖν,

207 4307 334 4361 οὐδέ
368 4307 703 4376 φθέγξασθαι
736 4310 827 4361 καὶ
852 4309 1098 4377 σιγῆσαι,
1125 4308 1259 4361 ἀλλά
1295 4309 1389 4362 καὶ
1421 4308 1653 4362 κλαῦσαι
1695 4312 1789 4364 καὶ

206 4391 540 4461 λυπηθῆναι,
569 4390 660 4442 καὶ⁴
703 4390 933 4461 ἡσθῆναι
975 4391 1067 4443 καὶ
1115 4391 1484 4462 εὐφρανθῆναι
1531 4392 1676 4445 ἐστιν
1710 4395 1790 4457 είς

202 4473 364 4537 δόξαν
393 4473 726 4527 Θεοῦ.”οταν
767 4475 875 4545 γὰρ
917 4474 1031 4546 ἴδῃς
1068 4475 1102 4545 ἢ
1128 4474 1353 4543 ἀδελφὸν
1382 4477 1786 4547 ἁμαρτάνοντα,

203 4558 241 4627 ἢ
278 4557 470 4610 σαυτὸν
504 4557 908 4627 παραπτώματι
942 4556 1329 4628 περιπεσόντα,
1371 4552 1490 4610 εἶτα
1530 4557 1788 4630 στενάξῃς

203 4643 305 4694 καὶ
352 4641 620 4712 λυπηθῇς,
646 4641 941 4711 ἐκέρδανας
983 4638 1094 4693 ἀπὸ
1133 4640 1228 4710 τῆς
1285 4639 1462 4710 λύπης
1515 4643 1786 4712 σωτηρίαν

203 4724 641 4796 ἀμεταμέλητον,
692 4722 942 4792 καθάπερ
987 4723 1016 4774 6
1061 4721 1270 4784 Παῦλος
1315 4739 1510 4794 φησιν’
1565 4723 1628 4777 Ἠ
1675 4727 1786 4792 γὰρ

203 4806 360 4860 κατὰ
395 4806 542 4860 Θεὸν
565 4808 729 4872 λύπη
763 4805 1065 4872 σωτηρίαν
1091 4804 1539 4873 ἀμεταμέλητον
1575 4823 1784 4874 κατερ-

205 4888 562 4960 πτίζεται.“Λν
603 4889 717 4961 ῐδῃς
739 4889 765 4928 δ
795 4888 1184 4959 εὐδοκιμοῦντα
1211 4889 1420 4960 ἐτερον,
1451 4885 1570 4942 εἶτα
1599 4890 1671 4962 μὴ
1695 4892 1787 4962 βαο

205 4975 436 5044 ακήνῃς,
468 4972 582 5025 ἀλλ’
615 4971 690 5034 ὡς
733 4972 824 5024 ἐπὶ
869 4972 1089 5034 οἰκείοις
1131 4971 1353 5040 ἀγαθοῖς
1385 4972 1784 5046 εὐχαριστήσῃς

199 5055 285 5124 τῷ
320 5055 460 5124 Θεῷ,
490 5054 570 5124 τῷ
597 5055 880 5124 ποιήσαντι
905 5053 1155 5125 λαμπρόν
1181 5070 1277 5107 σου
1303 5054 1397 5107 τὸν
1426 5055 1673 5125 ἀδελφὸν,
1689 5057 1783 5110 καὶ

199 5140 305 5208 τῆς
332 5140 504 5209 χαρᾶς
526 5137 732 5208 ταύτης
771 5135 938 5191 πολὺν
961 5136 1155 5200 ἔλαϐες
1176 5137 1268 5190 τὸν
1297 5137 1508 5208 μισθόν.

265 5457 283 5480 ⁸
309 5459 392 5528 Sic
428 5458 540 5528 Sav,
574 5461 728 5522 magis
758 5462 965 5528 prqpﬁg
983 5475 1141 5528 φησι
1173 5461 1360 5528 Μοηιῆ,
1384 5451 1625 5528 συί-ἰεεὶι
1663 5467 1777 5528 βά).-

196 5518 427 5573 )¢-v,ha:c
455 5518 678 5577 notans?
711 5535 730 5568 ι
761 5518 866 5570 ’καῖ
891 5518 1077 5585 βάλλειν
1109 5524 1254 5572 deest.
1289 5518 1586 5600 in’d'uobué;
1607 5518 1720 5575 mis.
1753 5544 1772 5576 ›

261 5639 290 5679 b
311 5641 439 5714 ᾼηῐρ
458 5645 562 5714 ἴδῃς
587 5644 757 5695 Morel.
777 5645 926 5697 habet
948 5647 1113 5702 οὕτως.
1129 5647 1238 5696 Mox
1259 5645 1454 5708 quidam
1480 5588 1682 5705 ωεξῠίιῖξ
1703 5651 1777 5698 ἐπὶ

195 5706 370 5759 κοινοῖς
395 5706 597 5766 ἀγαθοῖς.

1601 283 1668 340 IN
1703 280 2085 339 KALENDAS.

3383 273 3490 333 960

1987 390 2116 443 ε’.Τί
2144 389 2337 458 γένοιτ’
2361 389 2428 444 ἂν
2449 387 2563 452 οῦν,
2595 391 2714 444 είπέ
2745 407 2854 462 μοι.
2877 390 2985 444 τῶν
3012 389 3296 460 βασκάνων
3327 389 3495 442 ἐλεει-

1909 473 2144 542 νότερον,
2161 473 2290 526 ὅταν
2317 473 2435 538 ἐξὸν
2466 475 2561 528 καὶ
2590 475 2796 545 χαίρειν
2828 474 2924 527 καὶ
2954 471 3257 543 κερδαίνειν
3283 470 3373 524 διὰ
3394 472 3493 542 τὴν

1909 557 2106 628 χαρὰν,
2138 557 2292 610 αὐτοὶ
2317 558 2412 611 καί⁹
2439 558 2725 612 λυπεῖσθαι
2745 559 3007 629 αἱρῶνται
3037 558 3236 630 μᾶλλον
3258 557 3353 610 ἐπὶ
3373 561 3492 621 ταῖς

1907 641 2015 693 τῶν
2047 641 2248 714 ἐτέρων
2288 641 2696 713 εὐδοκιμήσεσι,
2723 642 2819 695 καὶ
2871 642 3009 713 μετὰ
3052 644 3151 713 τῆς
3193 641 3369 712 λύπης
3411 641 3491 694 ἔτι

1907 723 2001 776 καὶ
2051 723 2270 776 κόλασιν
2321 725 2656 778 ἐπισπᾶσθαι
2701 725 2854 796 παρά
2888 724 2980 778 τοῦ
3012 724 3170 790 Θεοῦ,
3198 726 3294 778 καί
3322 741 3493 795 τιμω-

1909 806 2032 878 ρίαν
2061 807 2364 879 ἀφόρητον;
2399 809 2510 862 Καὶ
2537 809 2590 862 τί
2617 808 2723 880 χρὴ
2751 807 2929 878 λέγειν
2963 810 3234 875 ἐπαίνους,
3269 810 3361 862 καὶ
3394 807 3492 877 ψό-

1907 905 2060 957 γους,
2095 891 2190 943 καὶ
2234 891 2432 956 λύπας,
2464 893 2558 945 καὶ
2604 891 2794 963 χαρὰς,
2823 893 2956 946 ὅπου
2999 910 3062 961 γε
3106 893 3201 945 καὶ
3252 891 3360 944 ἀπὸ
3385 891 3491 944 τῶν

1910 973 2252 1044 μικροτάτων
2276 975 2454 1027 αὐτῶν
2495 975 2589 1028 καὶ
2629 975 3023 1029 εὐτελεστάτων
3060 976 3398 1047 πραγμάτων
3423 975 3492 1028 τὰ

1910 1055 2121 1125 μέγιστ’
2161 1056 2276 1110 ἐστι
2327 1056 2746 1129 καρπώσασθαι,
2793 1059 2858 1112 ἂν
2897 1058 2983 1112 διὰ
3038 1057 3128 1112 τὸν
3175 1058 3307 1110 Θεὸν
3354 1057 3491 1110 αὑτά

1907 1140 2190 1211 ποιῶμεν;
2226 1142 2292 1194 Τί
2321 1143 2429 1213 γὰρ
2457 1141 2552 1195 τοῦ
2584 1141 2874 1213 κείρασθαι
2902 1142 3314 1212 εὐτελέστερονς
3351 1141 3490 1194 Ἀλλ’

1907 1223 2024 1277 ἐστι
2071 1226 2168 1278 καὶ
2210 1224 2370 1278 τοῦτο
2403 1226 2629 1294 ποιῆσαι
2657 1225 2744 1279 διὰ
2776 1225 2868 1279 τὸν
2908 1226 3240 1279 Θεόν.”οταν
3274 1225 3384 1297 γὰρ
3414 1227 3488 1296 μὴ

1904 1309 2004 1379 τὴν
2046 1309 2222 1380 κόμην
2251 1309 2460 1381 διαθῇς,
2492 1309 2626 1380 μηδέ
2658 1311 3008 1382 καλλωπίσῃς
3035 1309 3134 1381 τὴν
3173 1310 3317 1378 ὄψιν,
3354 1309 3489 1380 μηδέ

1906 1391 2045 1462 πρὸς
2069 1392 2264 1464 δέλεαρ
2296 1394 2386 1447 καὶ
2425 1393 2642 1464 ἀπάτην
2678 1393 2786 1446 τῶν
2819 1393 3070 1464 ὁρώντων
3102 1393 3294 1446 σαυτὸν
3323 1410 3492 1446 κατα-

1905 1477 2222 1548 κοσμήσῃς,
2257 1477 2370 1530 ἀλλ’
2403 1475 2589 1539 ἁπλῶς
2636 1477 2730 1529 καὶ
2771 1476 2847 1540 ὡς
2898 1476 3087 1546 ἔτυχεν
3130 1476 3224 1531 καὶ
3275 1476 3399 1529 ὅσον
3455 1477 3489 1546 ή

1903 1559 2065 1629 χρεία
2113 1561 2336 1614 ἀπαιτεῖ
2377 1560 2560 1631 μόνον,
2595 1559 2683 1612 διὰ
2712 1559 2803 1612 τὸν
2836 1559 2968 1613 Θεὸν
3006 1559 3165 1611 τοῦτο
3203 1558 3487 1629 ἐποίησας,

1904 1640 2000 1694 καὶ
2025 1642 2243 1707 πάντως
2276 1643 2419 1707 ἕξεις
2459 1643 2551 1696 τὸν
2587 1641 2799 1713 μισθὸν,
2833 1642 2916 1694 ὅτι
2963 1641 3259 1711 ἐπιθυμίαν
3301 1642 3492 1694 ἐκόλα-

1905 1739 2003 1786 σας
2047 1727 2309 1795 πονηρὰν,
2353 1726 2446 1779 καὶ
2489 1725 2815 1795 φιλοτιμίανῄ
2845 1723 3072 1795 ἄκαιρον
3105 1725 3388 1793 ἐνέκοψας.
3425 1725 3489 1776 El

1902 1806 2008 1876 γὰρ
2052 1810 2080 1860 6
2125 1792 2384 1878 ποτήριον
2435 1792 2594 1877 μόνον
2639 1792 2847 1878 ψυχροῦ
2891 1792 3014 1871 δοὺς
3065 1807 3155 1860 διὰ
3200 1792 3294 1861 τὸν
3332 1807 3486 1870 Θεὸν,

1904 1890 2182 1959 βασιλείαν
2230 1891 2478 1962 οὐρανῶν
2526 1891 2948 1963 κληρονομήσει,
3004 1893 3033 1944 6
3085 1891 3258 1944 πάντα
3317 1890 3490 1944 ποιῶν

1900 1972 1986 2025 διὰ
2014 1973 2103 2026 τὸν
2131 1973 2264 2026 Θεὸν
2284 1975 2537 2045 ἐννόησον
2569 1974 2742 2045 πόσης
2777 1973 3143 2027 ἀπολαύσεται
3186 1973 3289 2044 τῆς
3328 1975 3487 2043 ἀμοι-

1901 2057 2187 2126 ϐῆς.Ἔστι
2237 2058 2332 2111 καὶ¹
2382 2058 2617 2127 βαδίζειν
2659 2057 2747 2110 διὰ
2794 2057 2887 2110 τὸν
2937 2056 3090 2122 Θεὸν,
3129 2058 3223 2110 καὶ
3269 2057 3487 2126 βλέπειν

1899 2141 1986 2194 διὰ
2026 2142 2118 2194 τὸν
2163 2141 2316 2195 Θεόν.
2345 2141 2470 2206 Πῶς
2519 2141 2635 2195 ἐστι
2688 2141 2906 2212 βλέπειν
2947 2140 3037 2194 διὰ
3083 2141 3177 2193 τὸν
3197 2132 3360 2203 Θεὸν,
3391 2141 3485 2193 καὶ

1902 2223 2171 2294 βαδίζειν;
2218 2223 2385 2277 Ὅταν
2439 2224 2514 2295 μὴ
2565 2223 2702 2293 πρὸς
2757 2224 3023 2294 πονηρίαν
3079 2223 3301 2294 τρέχῃς,
3355 2219 3489 2275 ὅταν

1907 2305 1982 2377 μὴ
2037 2306 2377 2379 περιεργάζῃ
2431 2307 2500 2360 τὰ
2559 2307 2815 2374 ἀλλότρια
2887 2306 3056 2378 κάλλη
3091 2344 3106 2368 ,
3169 2306 3296 2358 ὅταν
3361 2303 3486 2358 ἰδὼν

1899 2390 2126 2457 γυναῖκα
2163 2389 2509 2453 ἁπαντῶσαν,
2534 2388 2839 2460 χαλινώσῃς
2875 2389 2966 2441 τὸν
2995 2386 3293 2457 ὀφθαλμὸν,
3317 2386 3485 2456 τειχί-

1901 2487 2000 2541 σῃς
2023 2471 2120 2542 τὴν
2143 2470 2264 2540 ὄψιν
2288 2472 2366 2542 τῷ
2388 2471 2482 2524 τοῦ
2525 2471 2658 2524 Θεοῦ
2701 2471 2874 2541 φόϐῳ,
2905 2469 2996 2524 διὰ
3031 2470 3122 2522 τὸν
3164 2470 3298 2522 Θεὸν
3334 2469 3482 2521 τοῦτ’

1898 2553 2163 2624 ἐποίησας
2183 2572 2194 2584 ·
2224 2555 2353 2608 ὅταν
2376 2553 2445 2607 τὰ
2480 2553 2556 2624 μὴ
2607 2553 2899 2620 πολυτελῆ,
2930 2554 3024 2606 καὶ
3061 2552 3484 2623 μαλακωτέρους

1897 2639 2046 2707 ἡμᾶς
2091 2637 2384 2703 ποιοῦντα,
2437 2637 2573 2692 ἀλλά
2608 2637 2677 2690 τὰ
2721 2637 2997 2707 δυνάμενα
3039 2637 3185 2707 ἡμᾶς
3237 2635 3480 2700 σκέπειν,

1897 2720 2069 2773 ταῦτα
2107 2720 2563 2794 περιϐαλλώμεθα
2601 2721 2780 2790 μόνον.
2822 2721 2977 2773 Ἔστι
3004 2718 3324 2789 καὶιμέχρις
3351 2719 3482 2772 ὑπο.

1909 2802 2169 2873 δημάτων
2183 2803 2371 2857 τοῦτον
2401 2804 2687 2872 ἐξαγαγεῖν
2702 2803 2792 2856 τὸν
2816 2803 2998 2873 νόμον.
3032 2804 3142 2855 Καὶ
3161 2803 3271 2873 γὰρ
3293 2801 3480 2854 πολλοὶ

1898 2890 2034 2960 πρὸς
2063 2890 2222 2943 τοῦτο
2253 2889 2511 2960 βλακείας
2542 2889 2636 2943 καὶ
2664 2889 2902 2952 ἀσωτίας
2936 2887 3247 2955 ἐξώλισθον,
3280 2888 3356 2951 ὡς
3384 2887 3480 2941 καὶ

1896 2973 1964 3025 τὰ
1988 2972 2309 3044 ὑποδήματα
2339 2971 2720 3036 καλλωπίζειν,
2772 2973 2864 3025 καὶ
2890 2971 3152 3025 πάντοθεν
3196 2970 3335 3024 αὐτὰ
3359 2988 3480 3024 ποι-

1897 3053 2122 3117 κίλλειν,
2157 3055 2255 3124 οὐχ
2285 3049 2450 3125 ἦττον
2491 3053 2524 3124 ἢ
2558 3056 2656 3117 τὰς
2687 3055 2839 3124 ὄψεις
2871 3054 3050 3126 ἐτεροι
3073 3071 3088 3085 ⁸
3123 3054 3261 3124 ὅπερ
3296 3053 3479 3124 ψυχῆς

1897 3139 2045 3190 ἐστιν
2065 3137 2379 3209 ἀκαθάρτου
2401 3139 2498 3190 καὶ
2524 3137 2948 3209 διεφθαρμένης.
2983 3138 3046 3190 Et
3068 3137 3175 3208 γὰρ
3205 3138 3299 3190 καὶ
3345 3139 3478 3190 αὐτὸ

1899 3220 2094 3291 μικρὸν
2121 3215 2261 3273 εἷναι
2297 3220 2479 3285 δοκεῖ,
2527 3221 2664 3274 ἀλλὰ
2701 3219 2945 3290 μεγάλης
2977 3219 3234 3284 ἐξωλείας
3277 3220 3476 3289 δεῖγμα

1896 3305 1991 3356 καὶ
2007 3303 2229 3373 ἔλεγχος
2247 3303 2312 3356 ἂν
2337 3303 2422 3373 εἴη
2440 3302 2619 3368 τοῦτο,
2640 3305 2732 3356 καὶ
2753 3305 2842 3355 ἐπ’
2865 3302 3074 3370 ἀνδρῶν
3088 3305 3182 3355 καὶ
3207 3303 3300 3354 ἐπὶ
3322 3301 3473 3372 [705]

1894 3386 2187 3453 γυναικῶν.
2228 3384 2443 3450 Ἔξεστι
2464 3387 2642 3439 τοίνυν
2671 3387 2765 3439 καὶ
2789 3385 3098 3457 ὑποδήμασι
3131 3386 3364 3456 χρῆσθαι
3385 3385 3478 3438 διὰ

1895 3469 1985 3522 τὸν
2011 3468 2162 3533 Θεὸν,
2189 3467 2316 3521 ὅταν
2345 3468 2619 3538 πανταχοῦ
2649 3469 2747 3540 τὴν
2774 3469 2963 3541 χρείαν
2992 3469 3358 3540 ἐπιζητῶμεν,
3379 3469 3475 3521 καὶ

1894 3551 2052 3605 τοῦτο
2091 3551 2290 3621 μέτρον
2313 3552 2415 3620 τῆς
2444 3551 2800 3616 ἀπολαύσεως
2827 3551 3129 3623 ποιώμεθα.
3151 3554 3259 3606 Καὶ
3278 3554 3358 3606 ὅτι
3381 3553 3475 3606 καὶ

1894 3635 1983 3688 διὰ
2027 3635 2288 3705 βαδίσεως
2316 3636 2408 3688 καὶ
2431 3635 2520 3688 διά
2561 3636 2751 3706 στολῆς
2792 3635 2882 3689 ἐστ
2936 3636 3025 3690 τὸν
3051 3635 3183 3688 Θεὸν
3227 3635 3470 3699 δοξάσαι,

1896 3719 2128 3772 ἄκουσον
2147 3719 2200 3771 τί
2232 3735 2365 3788 φησι
2392 3720 2554 3788 σοφός
2584 3737 2668 3782 τις
2690 3721 2852 3790 ἀνήρ’
2869 3719 3205 3788 Στολισμὸς
3230 3720 3470 3787 ἀνδρὸς,

1895 3801 1994 3855 καὶ
2028 3801 2219 3870 γέλως
2250 3801 2534 3865 ὀδόντων,
2566 3803 2664 3855 καὶ
2699 3801 2872 3870 ,βῆμα
2897 3802 3083 3868 ποδὸς
3113 3804 3472 3872 ἀναγγέλλει

1892 3885 1967 3938 τὰ
2009 3886 2143 3952 περὶ
2204 3885 2413 3939 αὐτοῦ.
2459 3886 2630 3938 Ὅταν
2692 3887 2800 3956 γὰρ
2852 3885 3278 3956 κατεσταλμένοι
3335 3887 3470 3958 [καὶ

1895 3966 2130 4038 σεμνοὶ],
2156 3969 2250 4021 καὶ
2279 3968 2608 4039 σεμνότητος
2646 3969 2930 4040 γέμοντες,
2962 3970 3057 4024 καὶ
3087 3970 3286 4040 πολλὴν
3334 3989 3469 4023 παν-

1891 4050 2120 4122 ταχόθεν
2142 4051 2578 4121 ἐπιδεικνύμενοι
2608 4053 2706 4121 τὴν
2732 4053 3085 4124 σωφροσύνην
3113 4053 3432 4124 φαινώμεθα
3450 4072 3466 4088 ο

1893 4136 1990 4187 καὶ
2027 4134 2136 4186 ἀπὸ
2172 4134 2335 4206 ψιλῆς
2382 4135 2482 4204 τῆς
2527 4135 2815 4205 συντυχίας
2849 4137 2944 4189 καὶ
2975 4139 3002 4189 6
3034 4137 3285 4200 ἄπιστος,
3317 4138 3410 4190 καὶ
3440 4141 3470 4192 6

1892 4217 2210 4282 ἀκόλαστος,
2237 4219 2333 4271 καὶ
2362 4218 2390 4269 ὁ
2418 4216 2730 4290 θορυϐώδης
2757 4218 2849 4272 τὸν
2880 4218 3121 4273 τοιοῦτον
3172 4219 3294 4275 ἰδὼν
3341 4221 3470 4274 θαυ-

1895 4300 2147 4372 μάσεται,
2174 4299 2277 4354 κᾶν
2292 4301 2544 4354 ἁπάντων
2568 4301 3020 4374 ἀναισθητότερος
3102 4302 3220 4356 Κᾶν
3237 4308 3469 4372 γυναῖκα

1891 4384 2176 4456 ἀγώμεθα,
2211 4383 2299 4437 διά
2330 4384 2421 4436 τὸν
2455 4383 2589 4437 Θεὸν
2617 4384 2774 4437 τοῦτο
2819 4385 3082 4454 ποιῶμεν,
3114 4385 3202 4438 ἵνα
3251 4404 3464 4456 σωφρο-

1891 4467 2089 4538 νῶμεν,
2118 4467 2218 4536 οὐχ
2248 4465 2333 4519 ἵνα
2357 4466 2456 4535 τὴν
2472 4465 2658 4518 οὐσίαν
2678 4468 3060 4538 εὐπορωτέραν
3081 4467 3464 4539 ἐργαζώμεθα,

1892 4549 1978 4603 ἵνα
2011 4548 2189 4620 ψυχῆς
2222 4548 2503 4615 εὐγένειαν
2532 4547 2900 4620 ἐπιζητῶμεν,
2934 4549 3008 4620 μὴ
3036 4551 3332 4620 χρημάτων
3365 4569 3463 4604 πε-

1892 4633 2157 4703 ριουσίαν,
2213 4632 2350 4700 μηδὲ
2373 4632 2654 4702 προγόνων
2678 4634 3055 4702 περιφάνειαν,
3083 4633 3219 4687 ἀλλά
3246 4635 3463 4705 τρόπων

1887 4714 2086 4786 ἀρετὴν
2110 4715 2204 4767 καὶ⁸
2232 4714 2561 4768 ἐπιείκειαν
2599 4715 2938 4786 συνέμπορον
2976 4715 3068 4769 τοῦ
3100 4714 3214 4784 βίου
3253 4717 3464 4788 λαμϐά-

1887 4815 2088 4868 νωμεν,
2119 4797 2240 4865 οὐχὶ
2276 4797 2578 4868 καπηλείας
2617 4799 2893 4851 κοινωνόν.
2924 4798 3033 4851 Καὶ
3060 4798 3113 4852 τί
3157 4800 3239 4853 δεῖ
3285 4804 3465 4858 πάντα

1888 4880 2250 4948 καταλέγειν;
2295 4880 2511 4943 Ἔξεστι
2545 4879 2654 4951 γάρ
2704 4881 2891 4935 λοιπὸν
2945 4883 3077 4954 ἡμῖν
3129 4885 3194 4937 ἐκ
3246 4887 3354 4940 τῶν
3386 4891 3462 4940 εί-

1890 4981 1956 5035 ρη
1965 4964 2139 5034 μένων
2164 4962 2396 5016 ἕκαστον
2420 4963 2692 5033 ἐφοδεύειν
2720 4965 2830 5019 τῶν
2855 4967 3154 5038 γινομένων
3179 4971 3271 5024 καὶ⁸
3295 4988 3462 5042 πρατ-

1884 5045 2148 5116 τομένων,
2173 5045 2266 5097 καὶ
2283 5045 2460 5100 πάντα
2490 5045 2580 5101 διὰ
2599 5047 2690 5101 τὸν
2713 5048 2846 5102 Θεὸν
2862 5053 3053 5104 ποιεῖν.
3077 5053 3187 5105 Καὶ
3211 5054 3461 5126 καθάπερ

1885 5131 1935 5182 οἱ
1965 5128 2196 5198 ἔμποροι
2223 5129 2608 5200 περιπλέοντες
2642 5131 2705 5184 τὸ
2735 5132 2990 5200 πέλαγος,
3037 5137 3131 5189 καὶ
3157 5137 3236 5198 είς
3278 5138 3459 5202 πόλεις

1882 5211 2221 5282 ὁρμίζοντες,
2269 5212 2328 5265 οὐ
2359 5213 2624 5285 πρότερον
2674 5211 3024 5271 ἀποϐαίνουσι
3074 5218 3166 5272 τοῦ
3218 5220 3454 5288 λιμένος,

1883 5295 2003 5348 οὐδὲ
2033 5296 2112 5356 εἰς
2139 5295 2236 5366 τὴν
2263 5295 2470 5366 ἀγοράν
2491 5297 2892 5362 ἀναϐαίνουσιν,
2923 5301 3029 5363 ἕως
3055 5301 3120 5354 ἂν
3155 5302 3454 5366 πύθωνται,

1881 5378 1962 5429 ὅτι
1994 5377 2183 5445 κέρδος
2203 5378 2316 5448 ἔχει
2343 5397 2397 5432 τι
2424 5381 2531 5434 τῶν
2557 5383 2674 5436 ἐκεῖ
2697 5385 3130 5454 ἀποτεθειμένων
3154 5401 3168 5414 ο
3193 5384 3334 5438 οὑτω
3362 5389 3456 5439 καὶ

1885 5462 1948 5542 σύ
1973 5460 2140 5529 μηδὲν
2166 5462 2302 5532 μήτε
2331 5463 2565 5538 πράξῃς,
2583 5468 2705 5537 μήτ’
2732 5468 2911 5538 εἴπῃς,
2943 5468 3009 5522 ἂν
3035 5468 3108 5538 μὴ
3139 5468 3325 5540 κέρδος
3355 5471 3453 5542 ἔχῃ

1881 5541 1942 5595 τό
1965 5543 2104 5595 κατὰ
2130 5543 2285 5598 Θεόν.
2305 5547 2414 5599 Καὶ
2439 5549 2512 5618 μή
2541 5566 2630 5618 μοι
2658 5550 2781 5618 λέγε
2807 5552 2889 5604 ὅτι
2919 5551 2978 5602 οὐ
3012 5551 3231 5604 δυνατὸν
3252 5551 3340 5605 διὰ
3366 5541 3456 5605 τὸν

1882 5625 2014 5678 Θεὸν
2059 5627 2237 5681 πάντα
2266 5633 2457 5684 ποιεῖν.
2486 5630 2652 5686 Ὅταν
2678 5634 2785 5706 γὰρ
2818 5635 3088 5699 ὑπόδεσις,
3123 5635 3215 5688 καὶ
3247 5635 3416 5706 κουρά
3435 5677 3452 5702 ,

1888 5708 1982 5761 καὶ
2005 5709 2233 5778 ἱματίων
2259 5713 2436 5784 στολὴ,
2464 5716 2555 5769 καὶ
2573 5715 2797 5786 βάδισις,
2826 5720 2919 5773 καὶ
2935 5719 3076 5790 ὄψις,
3103 5721 3194 5774 καὶ
3210 5720 3452 5793 ῥήματα,
