3860 6224
386 245 490 305 961

388 370 485 419 καὶ
524 361 796 433 συνέδρια,
832 362 926 416 καὶ
955 362 1150 417 είσοδοι
1184 363 1278 417 καὶ
1305 361 1493 429 ἔξοδοι,
1527 364 1622 417 καὶ
1652 363 1963 434 σκώμματα

388 446 484 500 καὶ
513 445 748 509 ἔπαινοι,
772 445 868 500 καὶ
902 444 1060 515 ψόγοι
1090 446 1185 499 καὶ
1214 445 1488 516 ἐγκώμια,
1520 446 1616 499 καὶ
1657 447 1830 514 φιλίαι
1871 449 1965 500 καὶ

388 528 581 599 ἔχθραι
601 528 865 583 δύνωνται
892 527 980 582 διά
1002 527 1092 581 τὸν
1119 527 1252 580 Θεὸν
1275 528 1541 596 γίνεσθαι,
1562 529 1615 581 τί
1635 529 1749 583 ἐστι
1778 529 1965 583 λοιπὸν

389 611 419 664 ὃ
443 611 518 683 μὴ
535 612 761 665 δυνατὸν
789 610 1040 680 γενέσθαι
1062 610 1151 664 διὰ
1187 611 1278 664 τὸν
1307 612 1462 673 Θεὸν,
1490 613 1557 666 ἂν
1592 612 1864 683 θέλωμεν;
1898 613 1963 665 Τί

390 693 799 765 δεσμοφύλακος
825 698 1030 766 χεῖρον;
1066 696 1128 749 ού
1160 697 1377 750 πάντων
1409 697 1520 767 βίος
1546 698 1576 749 ό
1602 697 1966 768 πονηρότατος

392 773 533 832 εἶναι
569 779 742 841 δοκεῖ;
809 779 948 832 Ἀλλ’
986 779 1163 845 ἔξεστι
1211 780 1290 851 τῷ
1344 779 1653 850 βουλομένῳ
1713 779 1965 832 κάκεῖθεν

393 861 671 934 κερδᾶναι,
700 862 830 915 ὅταν
854 860 961 915 τῶν
988 862 1287 933 δεδεμένων
1317 863 1567 933 φείδηται
1591 902 1607 927 ,
1661 864 1788 916 ὅταν
1840 863 1966 925 τοὺς

391 944 594 1008 ἀδίκως
625 943 1070 1015 ἐμϐεϐλημένους
1098 946 1396 1018 θεραπεύῃ,
1428 946 1557 999 ὃταν
1593 946 1669 1017 μὴ
1700 962 1966 1016 πραγμα-

389 1027 615 1098 τεύηται
639 1028 733 1080 ἀπ’
760 1027 1048 1099 ἀλλοτρίας
1076 1032 1362 1100 συμφορᾶς
1386 1041 1436 1092 ι,
1462 1029 1591 1081 ὅταν
1626 1028 1804 1091 κοινὸς
1834 1044 1967 1097 προ-

390 1113 583 1182 κέηται
627 1110 793 1181 λιμὴν
821 1113 936 1173 τοῖς
966 1111 1239 1180 δεομένοις
1276 1110 1466 1165 ἅπασι.
1496 1111 1682 1174 υῦτως
1721 1113 1750 1164 ό
1773 1110 1969 1180 δεσμο-

391 1195 566 1263 φύλαξ
594 1196 802 1255 ἐκεῖνος
840 1192 1017 1262 ἐσώθη
1050 1195 1079 1246 ὁ
1118 1194 1211 1245 ἐπὶ
1260 1194 1471 1248 Παύλου
1492 1211 1503 1223 ·
1536 1193 1661 1247 ὅθεν
1701 1193 1858 1264 δῆλον
1884 1194 1968 1247 ὅτι

392 1277 678 1340 πάντοθεν,
701 1277 767 1329 ἂν
796 1276 1059 1346 θέλωμεν,
1093 1278 1369 1347 δυνάμεθα
1397 1276 1902 1349 πραγματεύεσθαι.

465 1360 620 1424 ς’.Τί
652 1360 812 1428 φόνου
843 1358 1244 1430 χαλεπώτερον,
1266 1360 1387 1413 είπέ
1412 1376 1537 1431 μοι;
1571 1359 1709 1413 Ἀλλ’
1728 1358 1965 1430 ἠδυνήθη

394 1443 525 1495 ποτὲ
547 1440 891 1512 δικαιοσύνην
920 1444 1099 1496 τεκεῖν
1124 1443 1201 1513 τῷ
1227 1445 1513 1513 ποιήσαντι
1528 1441 1758 1496 τοῦτοτὸ
1773 1441 1972 1513 τόλμη-

398 1543 505 1597 μα·
538 1524 789 1578 τοσοῦτόν
818 1525 935 1578 ἐστι
958 1525 1020 1578 τὸ
1050 1524 1140 1579 διὰ
1166 1526 1258 1579 τὸν
1277 1526 1410 1580 Θεόν
1432 1545 1484 1580 τι
1508 1529 1703 1580 ποιεῖν.
1720 1525 1828 1580 Καὶ
1849 1525 1968 1590 πῶς

391 1609 629 1679 ἠδυνήθη
664 1607 1011 1677 δικαιοσύνην
1045 1608 1379 1679 ἐργάσασθαι
1416 1610 1605 1678 φόνος;
1653 1611 1716 1663 Ol
1757 1608 1967 1679 Μαδιη-

393 1694 533 1746 ναῖοι
573 1692 701 1745 ποτὲ
734 1691 1043 1761 βουλόμενοι
1094 1691 1185 1745 τὸν
1237 1693 1369 1746 Θεὸν
1421 1692 1804 1764 ἐκπολεμῶσαι
1853 1695 1967 1755 τοῖς

405 1774 702 1838 Ἰουδαίοις.
729 1774 1018 1845 καὶταύτῃ
1061 1775 1466 1846 προσδοκῶντες
1499 1776 1679 1830 αὐτῶν
1717 1775 1968 1847 περιέσε-

396 1857 544 1921 σθαι,
563 1860 612 1911 εί
628 1857 727 1927 τῆς
742 1856 953 1921 εὐνοίας
980 1857 1175 1921 αὐτοὺς
1203 1859 1637 1931 ἀποστερήσαιεν
1652 1858 1744 1913 τοῦ
1771 1858 1970 1912 Δεσπό-

391 1958 511 2003 του,
547 1940 714 2010 κόρας
758 1940 1233 2005 καλλωπίσαντες,
1301 1943 1396 1995 καὶ
1449 1942 1543 1996 τοῦ
1602 1942 1967 2015 στρατοπέδου

395 2025 836 2094 προστήσαντες,
882 2022 1170 2078 ἐδελέασαν
1205 2025 1425 2090 αὐτοὺς,
1476 2024 1573 2078 καὶ
1602 2027 1681 2089 είς
1709 2024 1968 2093 πορνείαν

395 2109 623 2177 ήγαγον,
655 2102 774 2160 εἶτα
790 2106 997 2161 ἐκεῖθεν
1021 2109 1102 2168 είς
1124 2106 1399 2162 ἀσέϐειαν.
1420 2106 1594 2161 Τοῦτο
1620 2108 1742 2162 ίδὼν
1764 2109 1967 2173 Φινεὲς,

400 2189 918 2261 μεταχειρισάμενος
943 2190 1114 2259 ξίφος,
1152 2191 1247 2244 καὶ
1282 2191 1645 2262 πορνεύοντας
1674 2191 1770 2245 δύο
1808 2209 1973 2246 κατα-

396 2273 598 2336 λαϐὼν,
628 2276 685 2327 ὲν
710 2274 845 2345 αὐτῇ
868 2276 931 2345 τῇ
965 2274 1210 2345 ἁμαρτίᾳ
1257 2276 1600 2347 ἀμφοτέρους
1628 2274 1966 2346 ἐξεκέντησε,

398 2360 492 2413 καὶ
516 2357 709 2427 ἔστησε
734 2355 828 2410 τοῦ
858 2355 993 2410 Θεοῦ
1016 2355 1114 2427 τὴν
1133 2356 1303 2428 ὀργὴν
1333 2358 1441 2412 ἀπὸ
1464 2358 1565 2427 τῆς
1584 2358 1826 2429 γνώμης.
1860 2360 1971 2412 Καὶ

397 2440 460 2495 τὸ
484 2439 584 2510 μὲν
603 2438 895 2509 γενόμενον
912 2437 1064 2511 [706]
1087 2439 1248 2508 φόνος
1269 2435 1361 2511 ἦν,
1380 2440 1442 2494 τὸ
1461 2441 1517 2495 δὲ
1539 2441 1972 2512 κατορθούμενον

399 2522 459 2588 ἐξ
486 2521 693 2576 ἐκείνου
725 2522 966 2594 σωτηρία
988 2521 1097 2575 τῶν
1127 2523 1519 2595 ἀπολλυμένων
1549 2525 1823 2590 ἁπάντων,
1849 2526 1971 2579 ὅθεν

332 2595 339 2603 ’
400 2605 497 2660 καὶ
515 2604 861 2675 δικαιοσύνην
888 2606 1087 2677 ἤνεγκε
1120 2606 1198 2676 τῷ
1232 2608 1542 2677 ποιήσαντι.
1572 2608 1682 2661 Καὶ
1719 2609 1779 2662 οὐ
1812 2610 1971 2679 μόνον

398 2689 500 2742 ούκ
520 2688 713 2758 ἐμίανε
736 2686 836 2751 τὰς
864 2690 1075 2758 χεῖρας,
1102 2688 1238 2742 ἀλλὰ
1265 2691 1358 2743 καὶ
1374 2688 1766 2762 καθαρωτέρας
1788 2692 1972 2762 εἰργά⁶

403 2788 533 2826 σατο
556 2774 584 2824 ὁ
618 2772 777 2840 φόνος
806 2772 1034 2836 ἐκεῖνος,
1062 2772 1155 2827 καὶ
1185 2772 1330 2843 μάλα
1344 2774 1599 2837 εἰκότως·
1630 2776 1692 2828 οὐ
1721 2775 1829 2846 γὰρ
1848 2778 1974 2840 τοὺς

401 2854 785 2926 ἀναιρεθέντας
808 2855 836 2895 ι)
864 2854 1057 2924 μισῶν,
1100 2854 1236 2908 ἀλλὰ
1267 2856 1376 2908 τῶν
1408 2855 1610 2909 λοιπῶν
1662 2857 1976 2928 φειδόμενος

401 2936 550 2991 τοῦτ’
586 2937 904 3007 εἰργάσατο·
928 2938 1217 2991 ἀπέκτεινε
1238 2938 1350 3000 δύο,
1379 2939 1473 2992 καὶ
1506 2940 1677 2992 ἔσωσε
1709 2941 1977 3012 μυριάδας

401 3020 683 3091 ἀπείρους.
711 3020 974 3091 Καθάπερ
996 3021 1104 3092 γὰρ
1128 3024 1303 3092 ἰατροὶ
1330 3022 1542 3077 ποιοῦσι
1584 3023 1652 3077 τά
1701 3025 1978 3094 σεσηπότα

399 3104 511 3155 τῶν
539 3104 716 3173 μελῶν
745 3104 1128 3174 ἐκτάμνοντες,
1165 3104 1458 3175 ὁλόκληρον
1481 3104 1709 3171 σώζουσι
1735 3107 1796 3159 τὸ
1818 3107 1979 3177 σῶμα

404 3184 520 3256 [καὶ
553 3184 753 3256 ύγιές]·
780 3186 921 3239 οῦτω
958 3187 1211 3250 κάκεῖνος
1236 3188 1479 3258 ἐποίησε.
1508 3189 1607 3241 Διά
1632 3187 1791 3241 τοῦτό
1812 3207 1978 3260 φησιν

404 3271 434 3320 ό
477 3267 765 3338 ψαλμῳδός
784 3286 797 3299 ·
834 3270 1026 3336 Ἐστη
1066 3269 1275 3336 Φινεὲς
1324 3272 1424 3325 καί
1482 3271 1828 3335 ὲξιλάσατο,
1878 3274 1978 3328 καὶ

403 3350 711 3404 ἐκόπασεν
738 3351 776 3418 ἡ
805 3350 1077 3417 θραῦσις,
1127 3352 1226 3406 καί
1264 3353 1550 3421 dior/(7071
1594 3354 1755 3419 αὐτῷ
1776 3358 1864 3422 είς
1887 3355 1979 3409 δι-

406 3434 742 3500 καιοσύνην
767 3434 854 3495 εἰς
874 3432 1086 3501 γενεὰν
1100 3433 1199 3486 καὶ
1226 3435 1458 3503 γενεὰν,
1475 3435 1587 3501 ἓως
1607 3435 1713 3489 τοῦ
1741 3437 1977 3505 αἰῶνος.

419 3514 710 3577 Ἀθάνατος
739 3513 870 3582 γοῦν
899 3515 932 3584 ἡ
967 3516 1154 3585 μνήμη
1186 3515 1281 3569 τοῦ
1330 3517 1757 3589 κατορθώματος
1807 3521 1977 3590 μένει.

408 3597 579 3650 Πάλιν
617 3597 805 3667 ἐτερος
847 3595 1084 3665 ηὔξατο,
1136 3599 1229 3651 καὶ
1276 3600 1649 3670 προσέκρουσε
1695 3602 1775 3672 τῷ
1817 3604 1936 3675 Θεῷ
1965 3621 1981 3637 ·

407 3679 659 3732 τοσοῦτόν
682 3681 798 3733 ἐστι
840 3679 899 3732 τὸ
934 3679 1007 3751 μὴ
1039 3682 1211 3734 ποιεῖν
1240 3698 1293 3734 τι
1317 3681 1405 3734 διὰ
1427 3682 1517 3736 τὸν
1552 3684 1683 3737 Θεόν
1705 3705 1718 3718 ·
1747 3688 1776 3739 ό
1818 3688 1984 3759 Φαρι-

410 3765 562 3826 σαίος
611 3761 773 3830 λέγω.
818 3762 957 3815 Ἀλλ’
992 3761 1181 3835 ὥσπερ
1210 3766 1397 3829 Φινεὲς
1440 3766 1599 3836 φόνον
1629 3770 1861 3840 ποιήσας
1890 3772 1983 3824 εύ-

472 3905 493 3928 ¹
513 3906 638 3980 Tres
672 3909 1270 3981 ιηεειπραγματεύηταιτάς
1288 3912 1532 3982 ἀλλοτρίας
1552 3917 1809 3980 συμφοράς.
1832 3917 1984 3969 Paulo

472 3973 521 4017 st
538 3970 618 4018 alil
645 3972 1044 4018 πανταγοθενάιιίἰ
1067 3974 1305 4018 πάντοθεν.

410 3973 521 4034 post
538 3972 618 4018 alii
645 3972 1044 4034 πανταχόθεν,31ἰὶ
1067 3974 1305 4022 πάντοθεν.
1432 3972 1442 3982 ’
1616 3972 1626 3978 ’
1658 3972 1669 3979 ’
1713 3972 1724 3980 ’
1784 3972 1787 3973 ν

431 4093 447 4103 _
474 4030 502 4069 δ
520 4030 610 4103 Sic
626 4045 796 4103 clunes
820 4046 933 4103 mss.
960 4035 1130 4103 μοι-ει.
1156 4046 1272 4103 vero
1293 4036 1666 4103 ἀναιρουμένους.
1688 4038 1763 4086 Ad
1787 4052 1985 4090 eorum-

413 4093 693 4158 t_l_em_li_dem
718 4093 841 4144 infra
861 4095 1082 4158 ἀπείρους
1112 4108 1201 4157 pro
1228 4093 1413 4158 ἑτέρους
1442 4093 1711 4158 posuimus.
1735 4108 1789 4148 et
1812 4115 1984 4151 vocem

412 4154 684 4226 ὁλοκλήρως
704 4162 814 4216 post
1022 4154 1318 4226 sequentem'
1339 4154 1685 4221 expunximus.
1700 4161 1854 4211 Paulo
1878 4171 1987 4226 post

411 4215 608 4276 meum
627 4215 743 4264 ωεε.
768 4215 903 4279 φησὶν
923 4219 950 4265 ό
971 4215 1173 4280 ψαλμθς,
1207 4218 1338 4276 ἔστη.

1063 234 1123 288 8.
1161 231 1446 289 JOANNIS
1481 231 1970 291 CHRYSOSTOMI
2011 236 2331 296 AllClllEP.
2373 237 2923 299 CONSTANTINOP.

3560 229 3679 283 ΜΞ

2065 362 2379 433 δοκίμησεν,
2412 359 2555 413 οὕτω
2580 357 2671 412 καὶ
2702 349 2856 420 οὗτος
2878 354 2940 409 ού
2968 349 3119 423 παρά
3148 349 3249 420 τὴν
3278 345 3481 433 εὐχὴν,
3528 345 3679 398 ἀλλὰ

2065 432 2218 515 παρά
2237 444 2334 515 τὴν
2363 442 2608 513 γνώμην,
2650 441 2768 512 μεθ’
2806 435 2882 511 ἧς
2921 435 3140 508 ηὔξατο,
3172 432 3452 515 κατέπεσε
3486 445 3648 515 προσ
3668 458 3683 468 ο

2065 511 2327 597 κρούσας.
2377 511 2565 588 Οὕτως
2590 511 2719 577 ὅταν
2756 522 2831 593 μὴ
2868 521 2961 574 διὰ
2999 518 3090 571 τὸν
3118 516 3254 569 Θεὸν
3314 511 3565 597 γίνηταί
3577 528 3678 597 Ατι,

2065 593 2171 665 κάν
2206 609 2574 681 πνευματικὸν
2688 608 2749 659 τὸ
2779 606 3106 688 γινόμενονο,
3131 600 3201 688 ’ῗά
3236 598 3484 688 μέγιστα
3537 593 3683 688 pl?-

2064 695 2244 764 ψειεν·
2289 695 2478 763 ὥσπερ
2512 688 2607 744 οὖν
2648 693 2776 743 ὅταν
2816 689 2903 742 διὰ
2942 688 3035 740 τὸν
3075 684 3206 737 Θεὸν
3246 683 3514 764 γίνηται,

2069 761 2320 848 βιωτικὸν
2345 761 2459 849 ᾗτὸ
2482 775 2798 845 γινόμενον,⁶
2811 773 2879 827 τὰ
2906 772 3136 842 μέγιστα
3158 767 3357 835 ὠφελεῖ
3384 763 3487 816 τὸν
3526 761 3679 849 μετά

2069 843 2317 931 φιλοθέου
2344 843 2569 930 γνώμης
2601 843 2878 911 ποιοῦντα.
2910 855 2976 908 Τί
3008 854 3118 925 γὰρ
3148 850 3311 921 φόνου
3335 849 3543 918 χεῖρον
3575 843 3675 931 καὶ

2068 923 2490 1015 λαλεπώτείθονξ
2523 923 2663 995 ’ἀλλ’
2722 941 2874 1011 ὅμως
2924 923 3136 992 δίκαιον
3174 933 3508 1019 εἰργάσατο
3530 923 3673 1019 -τὸξ

2067 1012 2434 1098 τολμήσαντα.
2486 1025 2651 1079 Ποίαν
2695 1020 2790 1079 οὖν
2823 1022 3018 1092 ἕξομεν
3067 1016 3371 1098 ἀπολογίαν,
3405 1012 3592 1084 ἡμεῖς

2067 1092 2340 1177 λέγοντες,
2375 1111 2457 1163 ὅτι
2503 1108 2566 1160 οὐ
2620 1107 2843 1161 δυνατὸν
2875 1103 3137 1159 πάντοθεν
3184 1097 3528 1170 κερδαίνειν,
3574 1092 3681 1144 καὶ

2068 1194 2248 1248 πάντα
2272 1192 2360 1246 διὰ
2386 1191 2478 1245 τὸν
2517 1191 2649 1243 Θεὸν
2679 1189 3006 1261 ἐργάξεσθαι
3031 1198 3080 1251 ι,
3124 1185 3252 1239 ὅταν
3300 1178 3513 1251 εὑρεθῇ
3582 1192 3679 1236 τις

2068 1278 2164 1331 καὶ
2194 1276 2303 1329 ἀπὸ
2347 1275 2509 1344 φόνου
2544 1274 2842 1345 κερδάνας;
2878 1274 2976 1325 Ἂν
3010 1270 3281 1338 ἐθέλωμεν
3329 1261 3672 1334 προσέχειν.

2067 1360 2158 1414 διὰ
2182 1358 2382 1422 παντὸς
2405 1358 2498 1412 τοῦ
2532 1358 2646 1429 βίον
2674 1357 2773 1428 τὴν
2814 1352 3192 1426 πνευματικὴν
3227 1348 3437 1417 ταύτην
3470 1346 3673 1414 ἐμπο-

2074 1442 2376 1516 ρευσόμεθα
2412 1440 2819 1514 πραγματείαν,
2850 1438 2955 1493 κᾶν
2987 1434 3247 1509 πρίασθαί
3269 1451 3346 1493 τι,
3375 1430 3486 1484 κᾶν

2069 1511 2254 1579 δόσθαι
2282 1524 2411 1596 δέῃ·
2448 1511 2722 1578 οἶωήόταν
2770 1522 2845 1593 μὴ
2897 1520 3059 1574 πλέον
3105 1519 3207 1588 τῆς
3250 1511 3672 1584 νενομισμένης

2074 1607 2396 1679 ἀπαιτῶμεν
2426 1607 2625 1679 τιμῆς,
2662 1608 2792 1661 ὅταν
2829 1605 2903 1677 μὴ
2932 1605 3060 1667 τοὺς
3096 1601 3319 1670 καιροὺς
3342 1596 3447 1665 τῆς
3478 1609 3677 1646 στενο-

2074 1692 2282 1762 χωρίοις
2313 1691 2741 1763 παρατηρῶμεν,
2772 1691 2871 1743 καὶ
2897 1690 3016 1742 τότε
3043 1688 3158 1748 τοῖς
3180 1681 3455 1763 δεομένοις
3481 1692 3666 1747 μετα·

2073 1761 2325 1845 διδῶμεν·
2356 1775 2418 1827 ’0
2434 1761 2547 1844 γὰρ
2563 1761 2926 1844 τιμιουλκῶν
2953 1770 3128 1824 σῖτον
3140 1761 3669 1845 δημοκατίίρατσς.

2076 1843 2229 1930 φησί.
2265 1859 2373 1911 Καὶ
2400 1858 2454 1911 τί
2625 1857 2746 1911 καθ’
2769 1857 3001 1909 ἕκαστον
3028 1853 3206 1921 λέγειν
3224 1891 3238 1911 ,
3287 1848 3408 1901 δέον
3433 1845 3506 1930 διξ
3541 1843 3669 1930 ἐνὸς

2075 1925 2594 2012 ὑποδείγματοςτὸ
2630 1942 2738 1994 πᾶν
2785 1938 3101 2002 συλλαϐεῖνς
3134 1934 3398 2002 Καθάπερ
3446 1929 3569 1998 γὰρ
3594 1925 3670 2012 ,οἱ

2074 2010 2368 2095 οἰκοδόμοι,
2402 2024 2624 2078 ἐπειδὰν
2651 2023 3073 2095 μέλλωσιτοῖχον
3100 2018 3355 2088 ἐγείρειν.
3384 2010 3672 2083 σπαρτξον

2074 2108 2349 2173 τείναντες
2385 2109 2493 2162 ἀπὸ
2531 2109 2734 2177 γωνίας
2773 2108 2850 2169 εἰς
2885 2105 3110 2174 γωνίαν,
3153 2101 3327 2164 οὓτως
3361 2095 3671 2177 ὑφαίνουσ.

2076 2193 2174 2263 τὴν
2220 2175 2711 2262 οίκοδομὴνίῶστε
2744 2190 2816 2260 μὴ
2866 2187 3153 2258 ἀνώμαλον
3190 2185 3358 2255 αὐτῆς
3394 2175 3673 2263 γενέσθαι

2075 2262 2175 2346 τὴν
2204 2276 2524 2342 ἐπιφάνειαν
2544 2290 2558 2305 ·
2589 2275 2730 2328 οὕτω
2759 2274 2825 2344 δὴ
2852 2273 2947 2326 καὶ
2971 2273 3130 2343 ἡμεῖς
3163 2269 3281 2322 ἀντὶ
3304 2263 3582 2336 σπαρτὶου
3605 2262 3670 2312 τὸ

2079 2359 2228 2428 ῥῆμα
2255 2358 2413 2412 τοῦτο
2439 2359 2712 2420 τείναντες
2741 2356 2801 2409 τὸ
2843 2356 3028 2423 λέγον·
3062 2354 3200 2409 Εἴτε
3232 2352 3467 2405 ἐσθίετε
3487 2390 3501 2408 ,
3540 2346 3669 2399 sire
3777 2350 3785 2354 ’

2078 2442 2301 2504 πίνετε,
2330 2442 2451 2494 εἴτε
2490 2458 2543 2494 τι
2589 2440 2797 2507 ἕτερον
2822 2438 3062 2500 ποιεῖτε,
3108 2434 3305 2490 πάντα
3345 2434 3435 2497 είς
3466 2431 3671 2492 δόξαν

2081 2525 2230 2579 Θεοῦ
2253 2525 2493 2579 ποιεῖτε.
2540 2526 2637 2578 ’Δν
2665 2542 2723 2577 τε
2750 2522 3058 2594 εὐχώμεθα,
3088 2522 3154 2575 ἄν
3192 2537 3253 2572 τε
3279 2516 3665 2588 νηστεύωμεν,

2078 2609 2143 2663 ἀν
2193 2626 2253 2662 τε
2308 2609 2655 2679 ἐγκαλῶμεν,
2706 2608 2771 2662 ἄν
2828 2623 2884 2658 τε
2932 2602 3415 2673 συγγινώσκωμεν,
3485 2599 3557 2652 ἀν
3607 2613 3670 2648 τε

2080 2692 2417 2763 ἐπαινῶμεν,
2465 2694 2531 2747 ἄν
2571 2708 2630 2744 τε
2668 2692 2947 2759 ψέγωμεν,
2973 2688 3039 2742 ἀν
3068 2704 3131 2741 τε
3168 2684 3448 2753 εἰσίωμεν,
3496 2682 3567 2736 ἄν
3607 2696 3671 2734 τε

2080 2775 2335 2843 ἐξίωμεν,
2362 2775 2430 2829 ἄν
2468 2791 2526 2827 τε
2567 2773 2857 2843 πωλῶμεν,
2892 2772 2958 2826 ἄν
2985 2787 3045 2822 τε
3081 2767 3469 2839 άγοράζωμεν,
3498 2763 3574 2817 ἄν
3606 2779 3669 2815 τε

2084 2857 2346 2926 σιγῶμεν,
2376 2856 2442 2911 ἀν
2469 2873 2527 2909 τε
2543 2853 2942 2924 διαλεγώμεθα,
2972 2853 3037 2907 ἄν
3054 2868 3113 2904 τε
3136 2850 3262 2906 ἄλλο
3283 2847 3462 2902 ὁτιοῦν
3489 2846 3670 2916 πράτ-

2081 2957 2286 3010 τωμεν,
2317 2941 2398 3004 εἰς
2420 2940 2577 3004 δόξαν
2601 2937 2736 2992 Θεοῦ
2762 2940 2939 2992 πάντα
2972 2936 3101 2989 ποιοῖ
3118 2952 3236 3005 μεν,
3260 2934 3365 2988 κᾶν
3396 2933 3473 3002 μή
3507 2949 3564 2983 τι
3590 2932 3672 2991 εἰς

2082 3023 2240 3088 δόξαν
2295 3022 2432 3076 Θεοῦ
2467 3023 2706 3093 γίνηται,
2757 3021 2891 3091 μηδέ
2924 3018 3178 3086 γινέσθω,
3235 3016 3369 3087 μηδέ
3416 3012 3673 3082 λεγέσθω

2084 3108 2214 3176 παρ’
2243 3105 2422 3177 ἡμῶν·
2443 3105 2557 3160 ἀλλ’
2583 3105 2705 3159 ἀντὶ
2735 3103 3036 3173 βακτηρίας
3070 3100 3332 3172 μεγάλης.
3361 3095 3671 3151 ἀνθ’ὂπλου

2084 3190 2180 3242 καὶ
2209 3188 2537 3259 ἀσφαλείας,
2582 3187 2701 3243 ἀντὶ
2726 3185 3017 3256 θησαυρῶν
3043 3183 3287 3253 ἀφάτων,
3321 3182 3580 3249 ὅπουπερ
3609 3178 3676 3232 ἂν

2085 3267 2269 3344 ὦμεν,
2324 3273 2385 3326 τὸ
2439 3273 2588 3343 ῥῆμα
2628 3269 2789 3323 τοῦτο
2829 3269 2948 3340 μεθ’
2981 3267 3193 3322 ἑαυτῶν
3235 3267 3671 3338 περιφέρωμεν,

2086 3357 2461 3427 ἐγγράψαντες
2490 3357 2556 3425 τῇ
2588 3353 2818 3422 διανοίᾳ,
2865 3354 2953 3405 ἵνα
3001 3351 3178 3405 πάντα
3206 3353 3287 3413 εἰς
3316 3350 3484 3415 δόξαν
3534 3347 3672 3401 Θεοῦ

2087 3442 2181 3495 καὶ
2214 3440 2542 3508 ποιήσαντες
2562 3436 2656 3490 καὶ
2674 3437 2917 3495 εἰπόντες
2947 3434 3042 3488 καὶ
3072 3433 3671 3504 πραγματευσάμενοι,

2086 3523 2186 3594 τῆς
2220 3522 2350 3593 παρ’
2379 3520 2543 3575 αὐτοῦ
2567 3513 2824 3591 ττύχωμεν
2855 3517 3013 3587 δόξης
3037 3518 3130 3570 καὶ
3151 3515 3390 3571 ἐνταῦθα
3412 3517 3514 3569 καὶ
3537 3516 3679 3586 μετὰ

2087 3607 2187 3677 τὴν
2216 3603 2464 3659 ἐντεῦθεν
2497 3602 2826 3674 ἀποδημίαν.
2853 3601 3001 3666 Τοὺς
3023 3601 3132 3672 γὰρ
3170 3597 3539 3665 δοξάζοντάς
3570 3616 3671 3668 με,

2089 3690 2225 3759 φησὶ
2248 3687 2418 3759 [707],
2452 3685 2713 3751 δοξάσω.
2762 3684 2854 3755 Μὴ
2899 3684 3077 3738 τοίνυν
3107 3684 3369 3754 ῥήμασιν,
3404 3681 3545 3735 ἀλλά
3578 3684 3673 3736 καὶ

2089 3772 2177 3826 διὰ
2209 3771 2319 3825 τῶν
2350 3771 2692 3841 πραγμάτων
2740 3767 2903 3821 αὐτὸν
2931 3765 3245 3834 δοξάζωμεν
3284 3764 3534 3835 συνεχῶς
3572 3768 3672 3819 σὺν

2090 3853 2311 3925 Χριστῷ
2353 3852 2433 3923 τῷ
2467 3850 2586 3920 Θεῷ
2615 3850 2796 3921 ἡμῶν,
2830 3850 2913 3903 ὅτι
2938 3847 3086 3917 αὐτῷ
3111 3847 3311 3918 πρέπει
3334 3849 3489 3900 πᾶσα
3520 3848 3667 3913 δόξα,

2090 3938 2222 4008 τιμὴ
2243 3938 2339 3991 καὶ
2358 3933 2745 4007 προσκύνησις,
2762 3932 2854 3988 νῦν
2876 3933 2970 3987 καὶ
2998 3932 3086 3986 ἀεὶ
3111 3930 3207 3984 καὶ
3226 3932 3307 3994 είς
3319 3931 3447 3994 τοὺς
3460 3931 3669 3994 αίῶνας

2088 4020 2199 4074 τῶν
2231 4018 2462 4073 αἰώνων.
2510 4017 2700 4088 Ἀμήν.

2156 4162 2179 4192 ⁸
2210 4159 2292 4209 Sic
2310 4161 2407 4207 duo
2429 4172 2542 4208 mss.
2565 4165 2619 4207 et
2649 4158 2773 4212 ειν.
2790 4165 2938 4219 atque
2962 4157 3177 4220 italegit
3197 4158 3469 4220 interpres.
3493 4156 3663 4208 Morel.

2091 4235 2211 4272 vero
2234 4223 2288 4270 οὗ
2308 4222 2500 4269 δυνατὸν
2519 4220 2672 4268 πάντα
2691 4222 2754 4276 εἰς
2776 4218 2911 4274 δόξαν
2931 4218 3056 4268 Θεοῦ
3077 4218 3244 4268 ποιεῖν.

415 4417 3663 4451 W

1543 4543 1654 4604 AD
1689 4541 2081 4604 HOMILIAS
2127 4542 2235 4604 DE
2285 4541 2599 4603 LAZARO

504 4725 624 4794 Qua
652 4727 779 4782 anni
822 4735 1144 4797 tempestate
1171 4736 1229 4782 et
1258 4741 1364 4797 qua
1403 4725 1492 4782 die
1528 4726 1759 4797 primam
1796 4727 1861 4781 de
1897 4724 2001 4779 La-

432 4834 563 4873 zaro
595 4819 874 4874 homiliam
905 4818 1160 4874 habuerit
1200 4818 1646 4889 Chrysostomus,
1701 4833 1825 4873 cum
1883 4818 2000 4888 ipse

434 4907 624 4961 titulus
656 4907 915 4975 declarat,
945 4908 1083 4979 μετά
1111 4908 1210 4971 τὰς
1238 4908 1505 4972 καλάνδας
1529 4911 1595 4981 τῇ
1635 4909 1759 4979 ἑξῆς
1788 4911 1846 4962 ἐν
1892 4909 2013 4963 ’Δν‹.

433 4995 639 5067 τιοχείᾳ
688 4995 917 5066 λεχθείς,
959 4996 1223 5053 Postridie
1252 4996 1524 5052 Kalendas
1566 4999 1864 5054 Antiochiae
1902 4999 1999 5053 ha-

432 5087 572 5139 bitus
612 5102 822 5153 sermo;
856 5095 971 5142 tum
1010 5089 1174 5143 etiam
1214 5091 1318 5144 hoc
1366 5088 1649 5144 concionis
1711 5090 1992 5144 exordium

435 5175 749 5232 Hesternum
780 5180 940 5241 diem,
978 5195 1097 5233 cum
1128 5189 1262 5234 esset
1302 5180 1491 5248 festum
1519 5179 1759 5245 Saluum,
1799 5180 1999 5249 fecistis

430 5268 624 5335 festum
660 5269 911 5339 Spiritus,
942 5271 1068 5340 quia
1094 5271 1261 5326 multo
1300 5288 1420 5325 cum
1445 5273 1611 5325 animi
1653 5272 1828 5326 studio
1858 5288 2000 5326 rece-

432 5360 582 5426 pistis
618 5377 681 5416 ea
709 5378 827 5432 qum
859 5379 894 5415 α
923 5362 1072 5417 nobis
1092 5364 1426 5428 dicebantur,
1457 5374 1561 5419 etc.
1611 5364 1764 5419 Unde
1793 5364 1996 5420 inferas

435 5450 662 5515 primam
717 5451 866 5506 illam
909 5451 975 5506 de
1011 5450 1224 5506 Lazaro
1261 5453 1540 5507 homiliam
1590 5453 1786 5507 dictam
1825 5455 1995 5509 fuisse

439 5545 678 5594 secundo
704 5538 954 5596 Januarii
1002 5542 1113 5608 die,
1176 5551 1298 5613 post
1335 5541 1535 5598 festum
1596 5540 1991 5611 Saturualium,

442 5626 579 5688 mod
604 5642 728 5684 vere
760 5629 959 5686 festum
993 5629 1208 5688 Satanae
1225 5640 1363 5700 erat,
1395 5632 1487 5688 ubi
1517 5633 1869 5698 temulentiae,
1898 5634 1994 5689 tri-

2102 4728 2306 4798 pudiis,
2340 4729 2749 4795 saltationibus,
2789 4727 3303 4795 comessationibus,
3345 4726 3586 4798 aliisque
3602 4741 3668 4785 ex

2105 4818 2374 4875 Bacchica
2406 4821 2498 4875 illo
2527 4820 2712 4876 furore
2737 4821 3220 4889 consequentibus.
3257 4834 3477 4890 operam
3512 4819 3669 4873 dabat

2101 4925 2227 4981 pars
2281 4911 2519 4965 maxima
2573 4911 2830 4967 civitatis.
2890 4910 3228 4980 Videturque
3271 4909 3466 4965 eodem
3524 4926 3665 4964 anno

2102 5000 2284 5056 habita
2321 5017 2433 5071 quo
2472 5002 2695 5056 homilia
2729 5002 2781 5056 in
2817 5000 3107 5067 Kalendas,
3138 5000 3360 5071 quando
3401 5010 3463 5055 ut
3493 5000 3665 5056 disso-

2102 5092 2249 5147 lutos
2276 5107 2456 5147 mores
2481 5092 2533 5145 vi
2575 5100 2964 5162 compesceret,
2992 5101 3215 5147 strenue
3239 5099 3437 5146 contra
3464 5093 3658 5145 solani-

2101 5201 2218 5238 eam
2244 5184 2387 5241 hanc
2422 5185 2873 5241 consuetudinem
2900 5183 3256 5239 coneionatus
3320 5190 3407 5237 est
3448 5192 3661 5237 sanctus

2101 5277 2330 5341 doctor;
2362 5275 2596 5345 idipsum
2630 5276 2774 5329 enim
2806 5274 3047 5329 declarat
3077 5275 3129 5328 in
3163 5274 3394 5330 exordio
3433 5274 3659 5329 homilim

2103 5366 2268 5433 hujus
2299 5364 2488 5434 primas
2513 5364 2581 5418 de
2611 5363 2832 5417 Lazaro.
2870 5363 2943 5417 De
2977 5378 3120 5417 anno
3147 5372 3331 5417 autem
3363 5377 3433 5417 ne
3472 5362 3656 5431 proha-

2103 5454 2196 5509 bili
2229 5455 2445 5524 quidem
2484 5452 2795 5522 conjectura
2841 5453 3123 5523 quidpiam
3171 5461 3413 5508 statuere
3471 5467 3657 5523 pmu-

2101 5561 2242 5601 mus.
2297 5544 2435 5600 Nam
2496 5560 2618 5615 quae
2672 5544 3019 5601 Hermantius
3074 5556 3237 5615 atque
3286 5544 3655 5600 Tillemontius

2098 5635 2312 5704 dicunt,
2348 5644 2409 5691 ut
2433 5639 2532 5692 has
2567 5636 2816 5692 homilias
2872 5637 2924 5692 in
2960 5652 3165 5692 annum
3200 5636 3308 5690 587
3360 5634 3649 5716 conferant,
