3862 6228
222 265 317 320 961

216 404 329 452 sus,
363 395 628 456 aspectus,
658 384 815 441 verba
841 427 856 451 ,
884 399 1166 440 consessus
1186 427 1200 450 ,
1224 387 1494 454 ingressus
1522 428 1536 450 ,
1573 389 1746 443 exitus
1773 429 1792 457 ,

216 478 424 534 facetia:
451 518 468 540 ,
497 476 825 531 laudationes
844 517 859 542 ,
894 475 1336 546 vituperationes,
1382 478 1798 533 commendatio-

216 586 336 636 nes,
363 568 632 634 amicitiae,
664 567 949 620 inimicitia:
969 577 1189 636 possunt
1215 579 1434 637 propter
1458 570 1622 622 Deum
1650 570 1797 625 fieri:

213 662 340 730 quid
370 666 554 724 restat,
581 659 623 711 si
644 658 982 719 voluerimus,
1004 657 1143 726 quod
1172 673 1277 711 non
1303 660 1566 726 possimus
1585 674 1802 728 prop:el‘

217 756 387 809 Deum
417 750 628 806 facere?
653 749 789 816 Quid
817 751 1049 803 careeris
1072 750 1382 805 custodibus
1407 750 1642 805 deterius
1682 767 1802 806 esse

216 845 431 915 potest?
478 843 663 898 Nonne
690 844 802 895 hmc
828 842 931 895 vita
957 843 1194 894 omnium
1217 841 1540 911 nequissima
1576 857 1696 896 esse
1719 842 1798 896 vi-

219 937 412 993 detur?
449 937 596 990 Licet
624 945 801 989 tamen
830 935 878 988 ei
908 935 998 1003 qui
1041 934 1165 987 velit
1215 934 1339 988 inde
1368 935 1574 988 lucrum
1619 950 1802 1004 repor-

219 1039 354 1092 tare,
370 1025 584 1097 quando
600 1025 794 1077 "vinctis
808 1024 994 1092 parcit,
1017 1024 1437 1092 quandoinjuste
1459 1026 1800 1080 incarcerem

215 1119 488 1189 conjectos
507 1124 680 1180 curat,
703 1123 756 1168 et
785 1116 836 1168 in
866 1114 1054 1168 alienis
1075 1115 1466 1169 calamitatibus
1490 1131 1596 1168 non
1637 1131 1802 1185 nego-

215 1213 380 1265 tiatur
419 1226 434 1262 :
462 1208 675 1278 quando
714 1205 1011 1259 communis
1055 1206 1365 1274 proponitur
1393 1207 1638 1260 omnibus
1665 1206 1804 1259 allii-

215 1307 320 1358 ctis
354 1311 561 1372 portus.
602 1299 677 1353 lta
717 1307 898 1352 custos
923 1299 1153 1352 carceris
1185 1297 1331 1351 Pauli
1363 1299 1586 1352 salutem
1614 1307 1800 1353 nactus

216 1403 302 1449 est
330 1395 354 1465 (
379 1395 488 1446 Act.
519 1392 607 1446 16.
629 1393 718 1445 ‘27.
748 1408 858 1463 sqq.
897 1393 950 1459 ):
985 1389 1124 1443 unde
1150 1391 1313 1459 liquet
1341 1407 1437 1444 nos
1460 1406 1527 1444 ex
1557 1392 1802 1445 omnibus

217 1486 402 1548 rebus,
437 1484 482 1537 si
505 1485 852 1548 voluerimus,
883 1482 1085 1536 lucrum
1118 1482 1291 1536 facere
1313 1497 1492 1550 posse.

291 1576 344 1630 6.
372 1574 536 1642 Quid,
564 1588 772 1644 qua-so,
802 1572 949 1627 caede
973 1572 1238 1642 indignius
1260 1587 1379 1627 esse
1406 1571 1619 1642 potest?
1644 1577 1801 1627 Atta-

217 1682 342 1721 men
367 1665 624 1736 justitiam
654 1663 844 1719 afferre
873 1664 1044 1733 potuit
1066 1663 1225 1717 etiam
1257 1665 1354 1718 hoc
1383 1664 1604 1730 facinus,
1634 1664 1683 1718 ei
1711 1664 1802 1733 qui

218 1752 506 1812 admiserat
537 1773 549 1807 :
579 1755 708 1808 tanti
735 1763 816 1808 est
846 1765 1062 1823 propter
1092 1755 1255 1807 Deum
1286 1754 1571 1823 quidquam
1602 1753 1798 1808 facere.

219 1853 291 1902 At
317 1846 581 1918 quomodo
607 1845 960 1914 potuitcmdes
977 1844 1236 1914 justitiam
1254 1843 1481 1898 afferre?
1508 1845 1804 1897 Madianitze

216 1935 346 1995 olim
375 1941 620 1994 volebant
647 1938 910 1992 infcnsmu
942 1937 1103 1991 Deum
1133 1936 1334 1991 Judaeis
1364 1940 1538 1991 facere
1558 1979 1572 2000 ,
1603 1936 1700 1990 hac
1721 1939 1801 1988 via

218 2030 460 2085 arbitrati
487 2045 546 2084 se
576 2029 693 2083 illos
719 2043 969 2098 superare
1000 2042 1154 2097 posse
1179 2070 1193 2093 ,
1232 2027 1277 2082 si
1307 2027 1676 2082 benevolentia
1710 2027 1802 2080 Dei

217 2124 342 2176 illos
377 2122 683 2191 privarent;
731 2119 934 2189 puellas
973 2128 1328 2184 exornantcs,
1357 2127 1413 2172 et
1450 2118 1503 2172 in
1533 2120 1800 2172 exercitus

218 2221 511 2283 conspectu
531 2211 878 2274 collocantes,
909 2211 1345 2265 lenocinabantur
1374 2225 1488 2275 eos,
1521 2221 1574 2264 et
1599 2211 1664 2263 ad
1694 2220 1806 2264 stu-

219 2323 375 2376 prum
397 2308 589 2377 primo,
612 2304 806 2359 deinde
829 2304 989 2359 etiam
1009 2303 1076 2358 ad
1099 2304 1421 2372 impietatem
1451 2303 1801 2358 adducebant.

217 2398 334 2455 Hoc
358 2413 480 2454 cum
503 2397 723 2452 vidisset
749 2396 976 2452 Phinees
1002 2437 1017 2464 ,
1053 2397 1187 2451 duos
1225 2398 1276 2450 in
1318 2397 1430 2466 ipsa
1456 2396 1805 2452 fornicatione

221 2490 662 2560 deprehendens,
705 2489 946 2544 districto
986 2488 1160 2559 gladio
1205 2497 1457 2557 utrosque
1488 2488 1802 2548 transfodit.

222 2585 421 2652 Deique
451 2582 583 2635 iram
613 2596 643 2635 a
674 2581 936 2635 destinata
962 2581 1223 2635 sententia
1245 2579 1460 2633 deduxit
1480 2578 1668 2650 (Nam.
1688 2579 1804 2648 ‘25).

222 2678 302 2729 Ac
328 2677 528 2729 facinus
553 2673 768 2744 quidem
798 2673 968 2743 ipsum
997 2672 1171 2727 ea:ch
1205 2671 1303 2726 fuit
1335 2690 1348 2726 :
1384 2671 1586 2725 fructus
1625 2681 1801 2726 autem

223 2769 384 2831 illius,
410 2767 643 2820 omnium
669 2764 1056 2834 perdendormn
1085 2764 1229 2817 salus
1258 2780 1271 2814 :
1303 2765 1441 2816 unde
1470 2771 1524 2816 et
1545 2762 1802 2831 justitiam

221 2858 400 2911 attulit
418 2858 488 2924 ci,
519 2857 609 2926 qui
637 2856 736 2909 hoc
765 2856 908 2910 fecit.
942 2853 1009 2908 Et
1035 2869 1138 2907 non
1168 2854 1325 2907 modo
1351 2868 1456 2905 non
1487 2867 1671 2906 manus
1696 2851 1810 2906 hare

223 2947 399 3001 caedes
439 2945 732 3016 inquinavit
764 2985 778 3006 ,
821 2945 915 2998 sed
958 2944 1127 2996 multo
1169 2943 1327 2995 etiam
1375 2941 1615 3010 put-iores
1659 2938 1803 2994 fecit.

224 3043 398 3110 Atque
427 3039 475 3092 id
497 3039 618 3109 jure
642 3037 853 3106 quidem
879 3052 893 3088 :
923 3050 1027 3089 non
1056 3034 1196 3089 enim
1223 3049 1287 3088 ex
1313 3048 1498 3087 eorum
1523 3033 1646 3087 od;o
1675 3046 1809 3102 quos

223 3128 514 3194 interfecit,
538 3141 590 3184 et
617 3129 831 3193 invidia,
863 3127 959 3182 sed
989 3136 1046 3181 ut
1069 3141 1274 3187 eorum,
1299 3125 1388 3194 qui
1414 3124 1806 3192 superfuerant,

224 3223 383 3278 saluti
423 3221 758 3287 consuleret,
792 3220 890 3273 hoc
919 3217 1173 3288 suscepit.
1227 3216 1368 3270 Duos
1412 3212 1716 3279 interfecit,
1758 3222 1812 3266 et

227 3315 486 3370 infinitam
537 3313 810 3368 hominum
854 3311 1241 3366 multitudinem
1288 3309 1538 3364 servavit.
1583 3306 1811 3361 Periale

227 3417 406 3461 autem
437 3404 563 3460 fecit
587 3419 651 3459 ac
676 3402 869 3458 medici
897 3403 1093 3468 solent,
1120 3400 1207 3471 qui
1241 3410 1416 3469 partes
1439 3397 1680 3466 corporis
1711 3412 1778 3465 pu
1796 3426 1810 3436 -

229 3506 523 3552 trescentes
543 3493 881 3564 amputando,
908 3494 1168 3563 integrum
1189 3499 1244 3544 ct
1262 3504 1448 3544 sanum
1470 3502 1662 3557 corpus
1683 3503 1812 3540 con—

229 3598 446 3644 servant
477 3606 490 3643 :
523 3587 602 3642 sic
629 3595 682 3641 et
723 3586 811 3640 ille
850 3583 994 3639 fecit.
1041 3583 1330 3651 Propterea
1374 3580 1651 3634 Psalmista
1690 3578 1763 3630 ait
1797 3595 1808 3630 :

232 3681 382 3734 Stetit
412 3678 629 3733 Pltinees
647 3719 662 3744 ,
695 3687 740 3730 et
773 3676 1020 3746 placavit,
1049 3685 1094 3728 et
1122 3674 1328 3728 cessavit
1354 3673 1630 3742 quassatio,
1653 3681 1698 3722 et
1725 3686 1808 3722 re-

234 3785 462 3842 pntatnm
480 3784 548 3826 est
572 3772 647 3825 illi
672 3771 740 3823 ad
753 3771 1027 3836 justitiam,
1056 3785 1086 3820 α
1115 3768 1433 3838 generatione
1454 3764 1520 3816 ad
1545 3764 1818 3834 generatio-

234 3881 382 3926 nem,
415 3879 567 3932 usque
609 3862 659 3914 in
696 3860 1051 3926 sempiternam
1078 3860 1096 3929 (
1130 3857 1271 3910 l’sal.
1303 3856 1424 3909 105.
1455 3854 1524 3909 50
1549 3854 1567 3924 )
1595 3871 1606 3905 :
1642 3854 1818 3921 itaque

235 3953 547 4007 immortalis
565 3951 718 4020 hujus
737 3961 880 4005 recte
897 3951 1014 4003 facti
1035 3949 1284 4002 memoria
1305 3955 1594 4016 pt'l‘tltttttel.
1617 3945 1817 3996 liursus

235 4044 369 4097 alius
403 4043 572 4096 oravit
597 4050 650 4095 et
673 4040 941 4095 lacessivit
975 4039 1138 4092 Deum
1169 4055 1183 4091 :
1211 4037 1342 4091 adeo
1370 4047 1452 4090 est
1479 4033 1676 4104 aliquid
1713 4049 1818 4086 non

238 4147 452 4207 propter
484 4138 650 4210 Deum
695 4135 871 4190 facere
903 4153 918 4189 :
949 4133 1274 4188 Pharisantm
1316 4131 1436 4184 dico
1484 4128 1652 4202 (Luc.
1686 4127 1816 4195 l8).

239 4228 341 4284 Sed
367 4226 810 4298 quemadmodum
839 4224 1067 4279 Phiuees
1095 4224 1253 4278 etiam
1278 4236 1399 4275 cum
1428 4219 1626 4274 αυαυιυ
1656 4217 1815 4270 fecis-

1917 4467 2215 4472 _._____
2232 4467 2535 4470 ἡκ

1228 273 1538 332 11⁷01111.ῐῶ
1583 278 1668 332 DE
1707 278 2003 335 LAZARO.
2034 311 2101 322 --
2133 281 2477 340 MONITUM.

1900 401 2020 457 set,
2051 396 2313 462 gratiosus
2340 398 2481 467 apud
2526 400 2689 456 Deum
2737 401 2869 458 fuit:
2902 404 2978 459 sic
3005 413 3058 460 et
3103 406 3203 463 iste
3244 423 3349 462 non
3390 423 3486 478 per

1907 486 2265 553 precationem
2286 490 2524 557 offendit,
2551 492 2645 546 sed
2671 508 2767 563 per
2791 496 2952 549 animi
2975 496 3326 559 affectionem,
3353 515 3487 567 qua-

1905 587 2027 627 cum
2055 578 2391 644 precabatur,
2419 583 2696 651 prolapsus
2721 593 2821 638 est.
2853 586 2925 638 Ita
2949 586 3108 640 etiam
3138 589 3180 641 si
3211 588 3486 656 spirituale

1906 663 2100 733 aliquid
2127 666 2319 735 fuerit,
2351 670 2395 723 si
2429 681 2602 726 tamen
2633 684 2850 742 propter
2878 676 3044 730 Deum
3073 692 3177 730 non
3210 679 3333 743 fiat,
3362 693 3486 733 cum

1908 757 2267 822 primisilium
2297 761 2470 826 laedit,
2501 764 2590 832 qui
2633 766 2774 820 facit.
2807 766 3264 832 Quemadmodum
3299 771 3343 823 si
3383 772 3484 823 ali—

1908 846 2032 914 quid
2072 850 2326 906 szeculare
2365 865 2580 922 propter
2620 856 2780 909 Deum
2817 860 2927 922 fiat,
2956 859 3239 912 admodum
3273 861 3487 928 adjuvat

1907 950 2051 1002 cum,
2079 938 2167 1007 qui
2209 954 2327 994 cum
2371 943 2612 1012 religiosa
2658 947 2710 999 id
2755 948 2877 1001 facit
2925 959 3119 1002 mente.
3165 950 3299 1014 Quil
3343 952 3484 1004 enim

1906 1030 2052 1084 unde
2080 1034 2288 1100 gravius
2316 1044 2407 1089 aut
2443 1038 2750 1092 horribilius
2779 1056 2897 1094 esse
2927 1042 3138 1109 potest?
3165 1042 3370 1096 Justum
3405 1055 3483 1095 ta-

1907 1135 2027 1174 meu
2058 1121 2232 1176 effecit
2257 1141 2378 1178 eum
2408 1127 2498 1196 qui
2541 1127 2592 1180 id
2621 1143 2780 1183 ausus
2805 1140 2905 1183 est.
2929 1131 3146 1196 Qualem
3173 1147 3299 1200 ergo
3325 1149 3485 1185 excito

1905 1212 2163 1268 sationem
2190 1215 2504 1273 habebimus
2526 1235 2622 1274 nos
2642 1261 2656 1284 ,
2680 1221 2768 1290 qui
2785 1222 3009 1276 dicimus
3034 1238 3095 1276 ex
3123 1224 3368 1277 omnibus
3397 1240 3483 1278 re-

1907 1301 2007 1357 bus
2027 1304 2336 1361 lucrifacere
2358 1316 2412 1361 et
2432 1310 2609 1362 omnia
2638 1320 2854 1380 propter
2876 1311 3040 1364 Deum
3069 1327 3165 1365 nos
3186 1315 3356 1367 facere
3379 1330 3484 1368 non

1906 1405 2064 1460 posse
2083 1435 2097 1458 ,
2127 1409 2247 1449 cum
2288 1397 2619 1453 inveniamus
2646 1401 2804 1454 etiant
2832 1401 2922 1470 qui
2943 1417 2973 1454 e
3004 1402 3149 1456 crede
3178 1404 3379 1456 lucrum
3413 1404 3486 1456 fe-

1906 1486 2131 1538 cerunt?
2159 1486 2213 1540 Si
2237 1488 2469 1541 animum
2492 1491 2768 1544 advertere
2800 1492 3138 1554 voluerimus,
3162 1492 3274 1546 sive
3298 1507 3485 1546 emen-

1906 1575 2066 1641 dum,
2096 1579 2209 1630 sive
2251 1580 2586 1633 vendendum
2629 1583 2732 1642 sit,
2785 1582 2836 1635 in
2877 1590 2984 1636 tota
3021 1583 3123 1635 vita
3155 1584 3484 1653 spiritualem

1909 1666 2046 1721 hanc
2071 1680 2420 1724 mercaturam
2449 1671 2706 1726 faciemus
2735 1690 2750 1724 :
2784 1683 2841 1726 ut
2868 1674 2912 1726 si
2943 1674 3175 1742 legitimo
3204 1675 3373 1742 pretio
3404 1676 3486 1727 ni-

1909 1754 1981 1808 hil
2010 1759 2235 1826 amplius
2265 1761 2615 1830 requiramus,
2643 1761 3006 1816 diflicultatcm
3035 1779 3260 1817 annona:
3287 1782 3484 1834 nequa-

1908 1863 2064 1916 quam
2083 1851 2446 1918 observemus,
2469 1861 2523 1906 ct
2547 1863 2653 1906 tum
2672 1855 2950 1923 egentibus
2970 1854 3337 1908 divendamus.
3367 1854 3484 1907 Μα-

1911 1939 2117 1992 ledictns
2145 1943 2306 2004 enim,
2335 1942 2522 2011 iuqttit,
2554 1944 2657 2007 ille,
2685 1945 2772 2013 qui
2797 1944 3035 2014 frumenti
3061 1947 3314 1997 caritatem
3341 1955 3490 2014 auget

1911 2033 1928 2100 (
1961 2029 2111 2084 Prov.
2141 2033 2225 2087 li.
2248 2032 2374 2104 26).
2402 2034 2507 2088 Sed
2533 2034 2655 2102 quid
2681 2043 2889 2101 Oportet
2915 2036 3120 2104 singula
3146 2051 3485 2104 percensere.

1913 2123 2028 2178 Uno
2057 2127 2300 2194 exemplo
2337 2128 2512 2179 otnnia
2543 2127 2840 2196 colligenda
2877 2129 3102 2182 fuerant.
3139 2130 3488 2196 Quemadmo-

1909 2219 2034 2273 dntn
2063 2221 2204 2272 enim
2231 2219 2581 2274 aediliCatores
2609 2236 2728 2272 cum
2761 2236 2968 2272 murum
2993 2221 3310 2274 chtt-ucturi
3341 2232 3488 2282 sunt,

1911 2310 2161 2364 amussim
2189 2310 2257 2364 ab
2278 2312 2469 2380 angulo
2489 2311 2554 2364 ad
2580 2312 2829 2380 angulum
2852 2311 3068 2372 ducunt,
3097 2321 3254 2380 atque
3283 2312 3351 2364 ita
3380 2329 3490 2364 tutt-

1912 2417 2028 2454 rum
2056 2410 2388 2465 construunt,
2416 2413 2472 2455 ut
2499 2403 2714 2455 minime
2743 2403 3018 2471 inaequalis
3046 2402 3159 2470 ejus
3186 2404 3491 2470 superlieics

1912 2501 2132 2546 exsnstat
2165 2511 2176 2546 :
2201 2495 2278 2545 sic
2305 2501 2356 2546 et
2386 2508 2482 2546 nos
2509 2508 2604 2561 pro
2629 2493 2825 2545 amussi
2851 2493 3070 2546 verbum
3106 2493 3206 2545 hoc
3234 2492 3488 2544 adhibea-

1914 2601 2030 2638 mus
2055 2587 2192 2655 quotl
2220 2585 2356 2650 apud
2375 2582 2681 2650 Apostolum
2712 2588 2792 2638 est
2817 2601 2829 2635 :
2855 2583 2971 2638 Sive
2996 2583 3162 2649 editis,
3185 2583 3284 2636 sive
3306 2582 3487 2645 bibitis,

1911 2679 2012 2730 sire
2054 2677 2173 2747 quid
2209 2677 2349 2730 aliud
2394 2679 2559 2748 facitis
2589 2718 2602 2740 ,
2647 2677 2815 2730 omnia
2850 2678 2914 2729 ad
2951 2676 3164 2746 gloriam
3211 2676 3300 2727 Dei
3347 2676 3494 2745 facim

1915 2768 1935 2840 (
1964 2770 2006 2820 Ι.
2036 2768 2153 2821 Cor.
2177 2767 2260 2821 l0.
2284 2765 2394 2837 31).
2423 2767 2542 2821 Sive
2559 2782 2684 2836 ergo
2709 2781 3005 2835 precemur,
3033 2764 3144 2818 sive
3169 2765 3492 2833 jt‘jllllClllUS,

1913 2861 2025 2915 sive
2049 2874 2377 2922 accusemus,
2401 2858 2510 2911 sive
2531 2858 2913 2922 condonemus,
2951 2857 3062 2910 sive
3084 2855 3356 2909 laudemus
3387 2855 3497 2907 sive

1915 2954 2274 3019 vituperemus
2299 2989 2314 3014 ,
2358 2950 2470 3003 sive
2517 2948 2874 3017 ingrediantur
2914 2949 3026 3000 sive
3053 2961 3340 3008 exeamus,
3387 2945 3496 2997 sive

1918 3043 2210 3095 vendamus
2245 3043 2358 3094 sive
2398 3055 2655 3104 cmamus,
2693 3039 2804 3091 sive
2833 3047 3100 3091 taceamus
3126 3036 3236 3088 sive
3262 3035 3498 3102 dispute-

1917 3149 2055 3197 mus,
2087 3134 2198 3187 sive
2217 3131 2354 3185 aliud
2383 3131 2506 3201 quid
2534 3129 2824 3183 faciamus:
2854 3128 3030 3180 omnia
3055 3126 3118 3178 ad
3145 3126 3368 3194 gloriam
3400 3125 3498 3176 Dei

1919 3225 2206 3288 faciamus,
2239 3233 2292 3278 et
2320 3223 2362 3276 si
2407 3222 2532 3291 quid
2561 3221 2626 3274 ad
2656 3220 2876 3290 gloriam
2921 3219 3010 3270 Dei
3055 3232 3158 3270 non
3199 3217 3492 3285 pertineat,

1919 3316 2046 3370 illud
2079 3331 2244 3384 ne.,ue
2274 3315 2413 3368 facto
2432 3354 2448 3380 ,
2478 3329 2645 3381 neque
2667 3313 2808 3364 dicto
2832 3325 2861 3362 a
2889 3309 3040 3362 nobis
3067 3318 3377 3375 usurpetur;
3406 3304 3499 3359 sed

1922 3426 2017 3478 pro
2048 3409 2231 3462 baculo
2263 3421 2472 3475 magno,
2505 3422 2600 3474 pro
2629 3405 2814 3467 armis,
2844 3417 2938 3470 pro
2971 3400 3234 3469 prtesidio,
3262 3415 3356 3468 pro
3385 3399 3500 3451 the-

1919 3501 2091 3553 sauris
2114 3499 2406 3561 immensis,
2425 3496 2744 3563 ubicumque
2769 3494 2954 3556 simus,
2982 3490 3083 3543 hoc
3106 3490 3301 3543 dictum
3324 3487 3501 3540 animo

1923 3591 2273 3648 inscribeutes
2293 3631 2307 3653 ,
2343 3589 2616 3642 nobiscum
2643 3583 3080 3639 circumferamus
3100 3625 3114 3646 ,
3147 3590 3202 3632 ttt
3231 3579 3402 3632 omnia
3434 3576 3501 3629 ad

1920 3682 2140 3753 gloriam
2176 3680 2266 3733 Dei
2306 3678 2587 3738 facientes,
2620 3677 2896 3744 loquentes
2920 3714 2933 3735 ,
2969 3673 3316 3741 suscipientes
3339 3713 3352 3734 ,
3390 3679 3501 3720 tum

1926 3777 2029 3836 hic,
2062 3785 2170 3826 tum
2200 3783 2315 3841 post
2345 3771 2497 3839 hujus
2529 3771 2650 3822 vita:
2682 3767 3159 3837 peregrinationem
3190 3765 3410 3833 gloriam
3437 3761 3503 3813 ab

1924 3882 1988 3920 co
2016 3877 2423 3930 Consequamur.
2457 3860 2543 3912 Ait
2567 3860 2708 3911 enim
2741 3875 2754 3910 :
2787 3856 2962 3910 Gloria
2984 3856 3249 3924 amt-iantes
3276 3870 3371 3915 me,
3401 3854 3504 3921 glo-

1924 3957 2002 4010 ria
2023 3955 2235 4025 aﬁiriam
2262 3953 2332 4023 (Ι.
2362 3951 2488 4019 Reg.
2509 3951 2563 4002 2.
2596 3949 2707 4019 '50).
2733 3947 2846 4000 Non
2875 3947 3028 3999 dictis
3055 3961 3202 4013 ergo,
3227 3945 3320 3997 sed
3354 3942 3504 3995 faelis

1927 4048 2054 4115 ipsis
2077 4046 2220 4098 illum
2246 4042 2454 4095 assidue
2478 4040 2641 4108 gloria
2666 4037 2958 4090 afficiamus
2996 4049 3115 4088 cum
3138 4034 3347 4087 Christo
3398 4033 3506 4086 Deo

1930 4151 2110 4194 n05tro
2143 4153 2156 4189 :
2189 4137 2308 4206 quia
2341 4135 2488 4188 illum
2511 4132 2665 4186 decet
2689 4130 2866 4183 omnis
2891 4128 3079 4197 gloria,
3114 4126 3284 4179 honor
3306 4124 3507 4178 Cladi)-

1930 4233 2084 4293 ratio,
2109 4242 2248 4282 nunc
2265 4235 2321 4281 et
2337 4239 2549 4294 semper
2577 4230 2631 4277 et
2656 4222 2709 4277 in
2734 4219 2928 4275 sazcula
2948 4218 3282 4273 szeculorum.
3311 4216 3502 4269 Amen.

3117 4469 3482 4479 .———-—.————o

1945 4462 2606 4472 ._.._.——._—__~———_-——
2641 4462 2657 4467 -
2754 4461 2824 4466 _._-

1671 4613 2061 4675 MONITUM.

257 4825 487 4881 prorsus
524 4806 669 4861 nulla
715 4819 836 4860 esse
881 4803 1231 4874 probavimus
1276 4817 1330 4855 tn
1375 4798 1576 4853 Monito
1626 4811 1828 4866 praece-

263 4901 410 4955 denti
440 4899 507 4952 ad
544 4897 826 4950 homiliam
854 4896 906 4947 in
939 4893 1229 4955 Kalendas,
1259 4891 1350 4944 ubi
1384 4889 1505 4942 vide
1544 4887 1641 4942 sis.

333 4987 510 5042 llasee
535 4999 666 5038 vero
703 4982 998 5038 conciones
1030 4989 1426 5048 consequenter
1462 4976 1670 5040 habuit,
1698 4990 1830 5045 pau-

262 5081 453 5147 cisque
506 5075 843 5144 interpositis
887 5073 1027 5137 inter
1070 5070 1314 5140 singulas
1365 5069 1577 5123 diebus.
1629 5066 1828 5121 Earum

269 5184 431 5238 porro
469 5181 692 5222 cursum
746 5167 1082 5234 intercepere
1113 5163 1248 5218 festa
1298 5162 1471 5216 sancti
1502 5159 1735 5230 Babylte,
1779 5167 1834 5213 et

265 5271 581 5317 sanctorum
611 5257 886 5313 Juventini
913 5269 968 5312 et
996 5255 1277 5310 Maximini
1320 5264 1642 5325 martyrum,
1689 5267 1829 5322 quo-

263 5369 382 5409 rum
412 5354 659 5408 encomia
686 5361 745 5406 ut
768 5351 1068 5406 celebraret
1093 5348 1540 5419 Chrysostomus,
1573 5354 1824 5413 quartam

261 5447 328 5497 tte
354 5443 562 5499 Lazaro
588 5442 1106 5510 homiliam‘aliquot
1139 5441 1331 5494 diebus
1370 5438 1579 5494 tardius
1617 5437 1826 5503 habuit,

265 5544 323 5588 ut
352 5535 467 5603 ipse
515 5540 698 5589 ntonet
733 5532 891 5586 initio
938 5543 1168 5600 quartze.
1231 5529 1377 5584 Cave
1437 5536 1616 5582 autem
1675 5538 1827 5596 putes

264 5625 435 5688 litato,
463 5639 625 5694 quam
651 5624 850 5680 ibidem
883 5631 1169 5688 memorat,
1207 5623 1260 5676 in
1288 5629 1536 5678 sanctum
1574 5618 1826 5690 Bahylam

1922 4795 2266 4858 concionem,
2301 4807 2423 4848 esse
2449 4791 2646 4846 librum
2669 4791 2820 4844 illum
2851 4790 3118 4860 prolixum
3162 4790 3213 4844 in
3240 4799 3488 4845 sanetum

1925 4889 2185 4961 Babylam
2233 4896 2288 4943 et
2331 4894 2525 4940 contra
2560 4883 2809 4952 gentiles,
2843 4890 2903 4935 ut
2949 4881 3280 4935 existimavit
3325 4888 3376 4934 et
3437 4881 3492 4934 in

1927 4981 2174 5051 margine
2195 4977 2407 5032 notavit
2442 4975 2484 5028 F
2490 4982 2646 5028 ronto
2693 4972 2939 5026 Ducants.
2999 4969 3133 5024 Nam
3179 4977 3238 5024 ut
3289 4971 3341 5024 in
3377 4971 3493 5024 Mo-

1928 5072 2043 5125 nito
2068 5069 2135 5123 ad
2171 5067 2450 5121 homiliam
2478 5063 2531 5118 in
2558 5063 2810 5132 Bahylam
2833 5071 2887 5115 et
2905 5062 2971 5114 ad
2995 5075 3267 5114 annexum
3295 5060 3493 5113 librum

1929 5163 2197 5227 dicemus,
2224 5159 2315 5213 hic
2361 5158 2476 5226 ipse
2505 5156 2639 5210 liber
2670 5169 2945 5220 nunquam
2976 5151 3078 5206 fttit
3123 5153 3174 5204 iu
3204 5159 3350 5206 caatu
3396 5150 3499 5206 Ec-

1933 5253 2118 5309 clesiae
2168 5248 2591 5322 pronuntiatus;
2629 5261 2728 5298 nec
2771 5246 2840 5299 ob
2877 5244 3244 5313 prolixitatem
3281 5242 3498 5311 potuit:

1931 5343 2025 5399 sed
2057 5342 2236 5413 agitur
2269 5339 2378 5394 illic
2408 5341 2475 5394 de
2509 5337 2732 5392 homilia
2779 5337 2832 5388 in
2873 5334 3151 5405 Babylam,
3207 5341 3268 5387 ut
3299 5333 3499 5403 cuique

1932 5449 2044 5489 rem
2083 5430 2392 5502 inspicienti
2424 5429 2600 5499 palam
2641 5429 2764 5480 erit.

2007 5525 2253 5591 Quatuor
2279 5523 2516 5592 priorum
2570 5522 2636 5574 de
2678 5518 2884 5572 Lazaro
2933 5515 3284 5570 bomiliarum
3331 5517 3501 5570 inter-

1935 5615 2165 5685 pretatio
2205 5624 2284 5670 est
2324 5611 2557 5678 Erasmi,
2591 5610 2799 5679 aliquot
2833 5608 2886 5663 in
2927 5607 3062 5664 locis
3083 5605 3391 5662 emendata.

3383 296 3487 350 are
3557 287 3570 297 '
