3862 6228
1157 270 1214 331 S.
1252 275 1528 332 JOANNIS
1563 273 2026 331 CHRYSOSTOMI
2065 273 2380 330 ARCIIIEP.
2424 274 2964 332 CONSTANTINOP.
3585 271 3695 324 ΒΜ

1679 613 3495 638 ________________________—__.

388 981 658 1025 HOMILIA
698 980 1034 1024 POSTBIDIE
1073 981 1403 1024 KALENDAS
1443 981 1806 1025 ANTIOCHIB
1864 981 2102 1024 ΗΔΒῙΤΔ
2159 983 2241 1023 DE
2283 981 2390 1037 IIS,
2435 981 2544 1034 QUI
2613 982 3085 1035 lNEBRIANTUR,
3132 982 3341 1036 DEQUE
3382 984 3469 1026 IIS
3536 984 3662 1038 ρω

469 1060 817 1102 COMMEANT
845 1061 929 1102 AD
971 1059 1287 1103 CAUPONAS
1313 1087 1330 1115 ,
1377 1060 1614 1112 QUIQUE
1668 1060 1952 1103 CHOREAS
1997 1061 2252 1103 DUCUNT
2293 1062 2414 1103 PER
2455 1061 2802 1104 CIVITATEM
2848 1064 2862 1102 1
2913 1063 3260 1104 PRAETEREA
3301 1063 3475 1114 QUOD
3520 1063 3661 1105 NON

468 1138 795 1181 OPORTEAT
837 1138 1307 1180 PBECEPTOREM
1349 1139 1714 1181 DESPERABE
1757 1141 1839 1180 DE
1883 1139 2252 1194 DISCIPULIS,
2283 1141 2646 1183 ETIAMSI‘IN
2676 1140 2964 1184 PRESENS
2999 1140 3126 1183 NON
3150 1140 3659 1184 OBTEMPERENT:

470 1216 800 1260 POSTREMO
843 1218 923 1258 DE
967 1217 1204 1259 LAZARO
1247 1217 1540 1260 MENDICO.
1595 1218 1672 1260 AC
1715 1218 1798 1259 DE
1842 1217 2080 1261 οινιτε.

905 1545 1088 1584 cnncm
1125 1546 1282 1585 parua
1313 1538 1360 1603 (ο
1373 1532 1415 1596 ).

435 1623 488 1677 Ι.
531 1622 843 1677 llesternum
871 1622 1034 1690 diem,
1060 1638 1180 1678 cum
1209 1632 1353 1678 esset
1382 1623 1570 1676 festum
1598 1623 1826 1687 Satanas,
1859 1620 1936 1676 fe-

363 1716 511 1771 cistis
539 1716 731 1772 festum
762 1716 990 1786 Spiritus
1013 1757 1030 1783 ,
1065 1716 1186 1784 quia
1217 1716 1385 1770 multo
1410 1729 1529 1770 cum
1571 1713 1730 1768 animi
1759 1713 1936 1768 studio

364 1806 637 1874 recepistis
679 1821 763 1873 ea,
805 1823 922 1876 qua:
951 1822 982 1860 a
1008 1807 1160 1862 nobis
1185 1805 1515 1874 dicebantur,
1546 1806 1936 1874 maximamque

362 1897 469 1952 diei
495 1906 696 1967 partem
725 1898 776 1951 in
797 1913 862 1954 co
887 1898 1308 1968 consumpsistis,
1327 1897 1456 1952 ebrii
1475 1897 1782 1952 temulentia
1803 1911 1938 1966 qua-

365 1988 488 2041 dam
529 1987 832 2042 sobrietatis
860 1988 1013 2057 plena
1037 2028 1052 2054 ,
1082 2003 1307 2057 cumque
1337 1987 1500 2041 Paulo
1525 1987 1780 2042 ducentes
1807 1986 1936 2040 cho-

362 2092 500 2131 reas.
529 2077 641 2143 Qua
666 2077 877 2147 quidem
906 2093 972 2132 ex
1008 2093 1067 2133 re
1091 2079 1240 2134 vobis
1275 2079 1540 2148 geminum
1581 2079 1809 2132 accrevit
1850 2079 1936 2133 lu-

363 2182 534 2232 crum,
562 2167 788 2236 primum
816 2167 954 2237 quod
981 2167 1048 2221 ab
1074 2168 1320 2223 indecora
1346 2168 1752 2224 temulentorum
1777 2168 1937 2222 salta-

365 2258 507 2313 tione
538 2259 865 2313 abstinuistis
888 2301 902 2323 ,
949 2258 1141 2314 deinde
1174 2259 1312 2328 quod
1353 2259 1676 2328 spiritalibus
1703 2260 1935 2315 saltastis

363 2349 626 2418 tripudiis,
649 2349 836 2420 quibus
856 2349 1138 2419 plurimum
1155 2351 1306 2404 adest
1323 2351 1533 2405 decoris
1548 2366 1612 2406 ac
1636 2352 1932 2407 modestiae.

365 2441 444 2495 Ad
475 2441 591 2495 hmc
615 2441 754 2510 quod
783 2442 1003 2496 cratcris
1031 2443 1312 2512 participes
1347 2441 1523 2497 fuistis
1547 2483 1562 2505 ,
1602 2459 1706 2497 non
1746 2457 1894 2498 mero
1915 2484 1932 2509 ,

366 2531 461 2592 sed
502 2532 721 2600 spiritali
766 2532 1007 2587 doctrina
1050 2532 1433 2600 redundantis;
1477 2543 1635 2604 atque
1673 2536 1771 2604 ipsi
1807 2535 1935 2590 tibia

364 2621 672 2691 citharaque
715 2621 887 2678 fuistis
932 2623 1146 2693 Spiritui
1190 2634 1377 2679 sancto
1425 2642 1440 2678 :
1479 2639 1704 2694 cumque
1753 2625 1934 2681 cmteri

363 2713 558 2767 choros
592 2713 845 2768 ducerent
885 2713 1099 2769 diabolo
1123 2755 1139 2780 ,
1184 2730 1280 2769 vos
1317 2730 1381 2768 eo
1406 2715 1546 2785 quod
1588 2715 1688 2770 hoc
1721 2715 1773 2769 in
1815 2715 1935 2770 loco

361 2803 733 2871 versabamini,
757 2804 1052 2874 praebuistis
1070 2819 1164 2859 vos
1191 2805 1332 2875 ipsos
1351 2820 1545 2876 organa
1572 2821 1803 2875 vasaque
1829 2805 1936 2876 spi-

363 2896 556 2962 ritalia,
587 2895 1000 2966 exhibuistisque
1031 2897 1234 2952 animas
1262 2907 1465 2952 vestras
1495 2912 1591 2953 ceu
1621 2899 1820 2953 musica
1852 2899 1934 2952 in.

362 2998 676 3055 strumenta,
706 3003 826 3058 qua:
847 2987 1075 3060 Spiritus
1098 2999 1310 3044 sanctus
1337 2990 1589 3060 pulsaret,
1613 3001 1669 3046 et
1694 2993 1744 3044 in
1771 2991 1932 3045 corda

362 3089 534 3133 vestra
579 3079 800 3150 gratiam
846 3095 996 3136 suam
1050 3081 1352 3151 inspiraret.
1406 3081 1556 3137 Unde
1607 3082 1932 3137 modulatum

359 3178 672 3224 concentum
695 3169 1014 3234 reddidistis,
1041 3187 1149 3226 non
1174 3172 1342 3226 solum
1368 3171 1610 3226 homines
1629 3171 1934 3227 demulcen-

361 3268 490 3325 tem,
521 3277 702 3316 verum
729 3263 886 3317 etiam
916 3278 1172 3332 supernas
1199 3263 1419 3317 virtutes
1454 3263 1823 3318 dclectantem.

434 3349 566 3406 Mali
592 3369 692 3406 non
717 3353 1020 3421 infamandi,
1049 3353 1136 3407 sed
1152 3353 1454 3424 corrigendi.
1470 3354 1651 3422 --Age
1671 3355 1850 3423 itaque
1875 3362 1930 3408 et

365 3441 522 3498 hodie
571 3442 831 3497 adversus
881 3442 1192 3498 ebrietatem
1245 3457 1515 3497 armemus
1544 3443 1808 3513 linguam,
1854 3443 1930 3499 is-

364 3544 576 3602 tamqne
599 3534 758 3588 vitam
779 3532 1043 3588 madidam
1073 3547 1136 3588 ac
1163 3533 1470 3588 dissolutam
1497 3543 1928 3602 prosternamus:

364 3626 726 3693 vitnperemus
764 3625 895 3679 istos
920 3627 1007 3694 qui
1037 3626 1088 3679 in
1131 3641 1195 3680 ea
1227 3625 1350 3680 totis
1376 3624 1565 3680 diebus
1614 3635 1926 3693 versantur,

364 3728 470 3766 non
499 3722 555 3767 ut
581 3714 699 3768 illos
727 3713 1124 3784 pudefaciamus
1144 3756 1159 3782 ,
1187 3715 1279 3770 sed
1309 3725 1367 3770 ut
1407 3730 1500 3771 eos
1547 3715 1615 3769 ab
1643 3716 1930 3786 ignominia

359 3805 678 3860 liberemus:
711 3822 814 3860 non
844 3815 901 3860 ut
930 3807 1046 3861 illos
1067 3807 1272 3876 probris
1295 3807 1607 3875 aﬂiciamus,
1641 3809 1735 3864 sed
1761 3819 1818 3863 ut
1838 3824 1930 3865 eos

359 3896 688 3965 corrigamus
720 3913 735 3951 :
761 3912 867 3951 non
899 3908 956 3952 ut
979 3899 1099 3953 illos
1129 3899 1501 3966 traducamus,
1533 3901 1624 3955 sed
1670 3911 1727 3955 nt
1754 3903 1820 3956 ab
1845 3903 1927 3958 in-

359 3986 483 4041 fami
515 3988 888 4056 traductione,
937 3997 992 4046 et
1031 4005 1061 4044 a
1086 3991 1281 4047 diaboli
1330 3993 1574 4047 manibus
1618 3995 1925 4064 eripiamus.

355 4078 606 4148 Quisquis
630 4081 771 4134 enim
801 4079 853 4134 in
885 4081 1189 4136 temulentia
1221 4091 1361 4137 totos
1391 4084 1500 4152 agit
1524 4083 1668 4150 dies,
1691 4085 1928 4154 quisquis

356 4169 408 4222 in
439 4169 642 4225 deliciis
669 4178 723 4224 et
748 4169 1157 4240 ingurgitatioue
1179 4213 1195 4238 ,
1222 4172 1322 4227 sub
1346 4172 1540 4228 diaboli
1591 4177 1927 4246 tyrannidem

359 4259 606 4314 redactus
648 4269 752 4314 est.
783 4263 957 4331 Atque
985 4263 1186 4320 utinam
1209 4263 1380 4317 oratio
1430 4275 1610 4319 nostra
1659 4265 1928 4335 profectus

353 4351 548 4421 aliquid
575 4350 780 4406 afferat.
809 4351 961 4419 Quod
989 4354 1033 4407 si
1060 4362 1177 4423 post
1217 4363 1454 4409 nostram
1493 4358 1652 4411 etiam
1687 4358 1928 4413 admoni-

355 4444 552 4497 tionem
576 4441 627 4496 in
653 4442 838 4498 iisdem
861 4444 998 4500 vitiis
1020 4447 1491 4515 perseveraverint,
1521 4464 1589 4503 ne
1615 4449 1692 4506 sic
1711 4450 1924 4520 quidem

355 4548 452 4586 nos
498 4531 819 4587 desistemus
867 4534 974 4589 illis
1019 4535 1158 4604 quod
1227 4545 1428 4591 rectum
1482 4548 1564 4593 est
1608 4542 1922 4608 consulere;

352 4622 777 4692 quandoquidem
801 4634 855 4678 et
877 4639 1134 4694 aquarum
1163 4641 1344 4693 venae,
1377 4629 1582 4683 etiamsi
1626 4630 1804 4686 nullus
1829 4647 1924 4688 ve-

353 4713 464 4766 niat
489 4722 737 4783 aquatum
762 4755 778 4779 ,
824 4725 1042 4770 manant
1091 4725 1266 4771 tamen
1299 4735 1312 4770 :
1344 4728 1398 4772 et
1434 4717 1638 4786 fontes,
1684 4723 1924 4790 quamvis

357 4801 567 4856 hauriat
589 4818 744 4857 nemo
767 4844 782 4868 ,
811 4812 989 4859 tamen
1018 4806 1286 4860 scatebras
1313 4809 1560 4863 emittunt
1586 4827 1600 4864 :
1629 4819 1885 4867 etamnes
1905 4855 1918 4879 ,

349 4891 556 4946 etiamsi
575 4906 729 4946 nemo
749 4893 912 4960 bibat,
935 4893 1097 4948 nihilo
1123 4896 1296 4951 secius
1318 4897 1504 4952 fluunt:
1531 4899 1607 4954 sic
1635 4910 1842 4969 oportet
1868 4913 1923 4958 et

349 4979 497 5033 illum
521 4980 610 5050 qui
628 4983 1000 5050 concionatur,
1027 4987 1264 5054 quamvis
1292 4988 1471 5043 nullus
1507 4991 1804 5060 auscultet,
1839 5002 1920 5047 ta-

351 5088 472 5126 men
497 5081 752 5141 praestare
777 5075 1031 5146 quidquid
1057 5078 1108 5132 in
1139 5077 1255 5148 ipso
1280 5078 1436 5134 situm
1463 5090 1564 5135 est.

426 5161 574 5216 Verbi
592 5163 814 5220 minister
827 5183 1098 5238 numquam
1113 5184 1308 5223 cessare
1325 5171 1465 5225 debet
1482 5174 1544 5225 ab
1555 5173 1732 5243 oﬁicio.
1757 5202 1826 5215 --
1837 5174 1920 5230 Si-

345 5257 558 5326 quidem
602 5254 725 5313 haec
754 5258 840 5314 lex
877 5260 1031 5316 nobis
1053 5300 1070 5328 ,
1099 5261 1190 5331 qui
1217 5263 1356 5317 sacri
1397 5265 1658 5319 sermonis
1696 5265 1921 5320 admini-

344 5350 658 5406 strationem
689 5352 1037 5421 suscepimus,
1061 5368 1092 5407 a
1111 5353 1338 5425 benigno
1361 5357 1663 5426 praescripta
1681 5367 1763 5412 est
1783 5358 1914 5425 Deo,

345 5454 414 5492 ne
440 5455 690 5510 umquam
719 5441 860 5512 quod
888 5443 1101 5514 quidem
1126 5443 1181 5498 in
1210 5445 1362 5500 nobis
1390 5445 1548 5501 fuerit
1570 5447 1741 5503 facere
1765 5449 1916 5503 defa-

345 5530 732 5599 tigemurznec
777 5535 888 5590 ullo
944 5544 1182 5605 tempore
1232 5537 1521 5606 sileamus,
1567 5539 1678 5594 sive
1703 5539 1773 5594 sit
1821 5541 1909 5609 qui

428 5652 480 5721 ς)
499 5652 677 5721 Collata
696 5667 807 5721 cum
828 5658 1107 5721 Mssnegiis
1123 5657 1262 5721 1819.
1290 5659 1423 5721 1832,
1451 5659 1588 5720 1932,
1614 5661 1752 5721 1960,
1779 5661 1914 5720 1965,

344 5713 479 5775 I967,
508 5715 789 5766 colbertinis
815 5730 929 5768 vero
952 5713 1165 5777 49:36i,
1192 5720 1329 5770 1050.

2048 1529 2350 1586 auscultet,
2381 1521 2494 1581 sive
2525 1522 2600 1580 sit
2630 1525 2724 1595 qui
2761 1535 3135 1599 praetercurrat
3179 1526 3453 1595 negligens
3483 1527 3629 1593 quod

2045 1620 2258 1674 dicitur.
2287 1617 2418 1672 Nam
2447 1626 2503 1672 et
2534 1603 2826 1683 Jercmias,
2859 1632 2980 1671 cum
3023 1615 3221 1670 Judaeis
3252 1616 3415 1668 multa
3466 1616 3635 1667 mini-

2045 1721 2162 1767 tans
2183 1752 2199 1778 ,
2227 1712 2469 1782 malaque
2513 1711 2840 1765 imminentia
2868 1709 3160 1779 prmdicens
3183 1750 3197 1774 ,
3242 1708 3309 1761 ab
3351 1708 3636 1762 audienti-

2045 1803 2143 1858 bus
2166 1803 2586 1858 snbsannaretur
2606 1842 2623 1867 ,
2671 1811 2885 1870 totoque
2913 1801 2999 1855 die
3024 1799 3286 1854 rideretur
3307 1841 3322 1865 ,
3355 1800 3643 1868 cogitabat

2044 1897 2112 1950 ab
2142 1896 2230 1949 illa
2262 1895 2537 1964 prophetia
2583 1894 2878 1958 desistere,
2926 1893 3176 1946 nimirum
3206 1891 3440 1945 humano
3489 1907 3640 1960 qun-

2044 1984 2165 2040 dam
2191 1986 2382 2039 alTectu
2413 1986 2584 2039 victus
2609 2025 2623 2048 ,
2676 1997 2870 2037 sannas
2899 1983 3016 2036 illas
3059 1989 3113 2036 et
3159 1982 3388 2034 convicia
3420 1984 3642 2050 perpeti

2044 2090 2151 2129 non
2179 2075 2358 2129 valens
2383 2117 2396 2138 ,
2422 2075 2597 2143 aitque
2630 2092 2643 2127 :
2676 2072 2866 2126 Factus
2895 2089 3006 2125 sum
3045 2071 3289 2124 ridiculus
3333 2080 3438 2123 toto
3496 2072 3586 2123 die
3608 2111 3628 2136 ,

2045 2165 2152 2219 dixi
2185 2181 2205 2219 :
2226 2181 2326 2218 non
2351 2165 2527 2234 loquar
2551 2206 2565 2228 ,
2594 2180 2750 2233 neque
2780 2161 3045 2216 nominabo
3089 2178 3268 2215 nomen
3305 2159 3553 2224 Domini,
3593 2171 3643 2212 ει

2047 2258 2216 2327 factus
2235 2266 2306 2311 est
2346 2257 2400 2310 in
2443 2273 2522 2310 me
2546 2255 2678 2309 velut
2723 2255 2855 2325 ignis
2883 2251 3066 2307 ardens
3091 2294 3105 2316 ,
3154 2262 3299 2322 atque
3324 2262 3552 2305 wstuans
3587 2255 3642 2304 in

2047 2347 2240 2401 ossibus
2284 2348 2407 2400 meis
2453 2362 2472 2401 :
2522 2345 2767 2398 dissolvor
2815 2345 3038 2412 undique
3088 2359 3179 2396 nec
3236 2359 3442 2411 possum
3503 2343 3645 2410 [ιιιτά

2044 2437 2177 2510 (ler.
2204 2437 2363 2494 20.7.
2387 2436 2460 2506 9).
2482 2437 2631 2504 Quod
2658 2445 2832 2490 autem
2856 2435 3004 2500 dicit,
3024 2433 3168 2488 hunc
3185 2435 3341 2488 habet
3367 2449 3598 2486 sensum
3628 2453 3641 2487 :

2044 2531 2314 2592 volebam,
2353 2527 2556 2598 inquit,
2602 2544 2631 2581 a
2663 2526 3008 2596 pra'dictione
3052 2525 3328 2588 desistere,
3379 2533 3643 2593 prepter-

2045 2634 2106 2674 ea
2123 2619 2261 2689 quod
2280 2633 2381 2673 non
2408 2617 2771 2672 auscultabant
2786 2615 2953 2671 Jndzei
2973 2624 3054 2670 :ct
3077 2615 3400 2683 simulatque
3421 2615 3526 2667 hoc
3540 2629 3643 2668 co-

2043 2711 2294 2780 gitassem
2317 2749 2334 2773 ,
2368 2709 2518 2764 irruit
2548 2710 2599 2764 in
2631 2709 2862 2762 animam
2890 2722 3064 2762 meam
3087 2707 3306 2776 spiritus
3331 2707 3410 2760 vis
3439 2747 3454 2771 ,
3485 2705 3644 2759 velut

2045 2802 2183 2872 ignis
2207 2841 2224 2868 ,
2253 2802 2532 2870 omniaque
2582 2800 2763 2854 intima
2790 2814 2919 2853 mca'
2953 2798 3260 2862 succendit,
3305 2811 3644 2851 consumens

2044 2892 2259 2961 insuper
2279 2932 2293 2956 ,
2327 2900 2381 2945 et
2407 2891 2644 2945 exedens
2665 2903 2784 2944 ossa
2815 2903 2955 2954 mea,
2977 2888 3111 2943 adeo
3141 2897 3198 2942 ut
3227 2887 3534 2942 incendium
3568 2887 3642 2940 ii-

2045 2981 2132 3036 lnd
2162 2983 2298 3036 ferre
2320 2996 2424 3034 non
2450 2994 2684 3050 possem.
2706 2978 2860 3048 Quod
2899 2978 2944 3033 si
2973 2977 3230 3048 propheta
3259 2978 3349 3046 qui
3386 2977 3644 3046 quotidie

2044 3072 2274 3127 ludibrio
2301 3071 2618 3136 habebatur,
2661 3070 2896 3141 quotidie
2934 3069 3190 3124 conviciis
3222 3071 3640 3134 incessebatur,

2044 3164 2123 3218 sic
2167 3163 2516 3217 discruciatus
2559 3171 2671 3227 est,
2718 3177 2784 3216 co
2812 3161 2951 3232 quod
2988 3168 3242 3214 statuerat
3286 3160 3452 3214 silere
3485 3177 3500 3213 :
3529 3176 3643 3230 qua

2043 3253 2254 3308 tandem
2281 3269 2379 3308 nos
2400 3253 2550 3308 venia
2571 3253 2711 3322 digni
2732 3251 3083 3315 censebimur,
3101 3251 3145 3305 si
3165 3250 3254 3320 qui
3278 3250 3524 3305 nondum
3553 3259 3609 3304 ta
3628 3283 3640 3289 -

2043 3345 2095 3400 le
2119 3345 2402 3414 quidquam
2442 3345 2678 3414 perpessi
2707 3359 2891 3397 sumus
2917 3384 2931 3406 ,
2971 3351 3148 3396 tamen
3177 3344 3246 3396 ob
3271 3344 3640 3410 quorumdam

2043 3435 2415 3506 negligentiam
2454 3433 2767 3502 dejiciamus
2808 3433 3041 3486 animum
3067 3472 3081 3496 ,
3121 3441 3175 3485 et
3215 3431 3284 3484 ab
3325 3433 3639 3486 exhibenda

2044 3525 2150 3580 illis
2181 3524 2422 3579 doctrina
2447 3538 2721 3578 cessemus
2739 3565 2754 3590 ,
2780 3523 3010 3578 maxime
3034 3536 3160 3577 vero
3180 3537 3301 3577 cum
3333 3532 3443 3575 tam
3475 3525 3640 3577 multi

2043 3619 2148 3672 sint
2175 3659 2191 3684 ,
2223 3617 2315 3687 qui
2345 3632 2404 3672 se
2432 3616 2670 3686 przebent
2697 3614 2974 3670 attentos?

2109 3708 2162 3762 2.
2194 3708 2309 3763 Νοη
2339 3707 2452 3762 lucc
2497 3707 2685 3777 loquor
2735 3705 2837 3760 mei
2872 3704 3178 3760 consolandi
3227 3703 3640 3774 deliniendique

2039 3801 2225 3872 gratia.
2253 3800 2386 3856 Nam
2413 3815 2533 3854 meo
2561 3799 2772 3869 quidem
2805 3798 2967 3867 ipsius
3003 3797 3181 3851 animo
3210 3798 3492 3866 persuasi,
3523 3815 3638 3867 quo

2038 3891 2416 3961 adspiravero,
2453 3899 2510 3944 et
2547 3890 2719 3944 donec
2760 3890 2984 3943 Domino
3024 3891 3192 3942 visum
3232 3887 3394 3942 fuerit
3424 3905 3527 3944 nos
3577 3891 3633 3942 in

2039 3983 2288 4051 presenti
2341 3983 2445 4035 vita
2477 3979 2711 4044 versari,
2743 3979 2843 4033 hoc
2883 3979 3105 4048 implere
3135 3979 3494 4033 ministerium
3523 4020 3538 4037 ,
3573 3988 3634 4032 et

2035 4073 2148 4127 sive
2173 4073 2291 4142 quis
2317 4073 2588 4138 attendat,
2630 4071 2742 4125 sive
2765 4085 2867 4124 non
2903 4069 3176 4135 attendat,
3207 4067 3382 4123 facere
3409 4085 3475 4122 ea
3504 4085 3630 4138 qua:

2035 4164 2433 4235 prmcipiuntur.
2481 4163 2677 4217 Verum
2719 4161 2970 4231 quoniam
3017 4169 3142 4214 sunt
3193 4161 3473 4226 nonnulli,
3527 4163 3626 4228 qui

2035 4257 2323 4310 multorum
2370 4271 2560 4310 manus
2604 4254 2936 4320 dissolvunt,
2976 4269 3149 4323 neque
3193 4253 3429 4307 contenti
3476 4255 3625 4322 quod

2034 4347 2134 4416 ipsi
2165 4346 2296 4400 nihil
2337 4345 2578 4400 utilitatis
2607 4345 2837 4399 afferunt
2863 4344 2986 4398 vita;
3013 4353 3214 4398 nostra:
3235 4385 3248 4409 ,
3290 4344 3452 4398 etiam
3487 4345 3628 4398 alio-

2032 4455 2151 4494 rum
2180 4438 2414 4493 studium
2445 4453 2508 4492 ac
2534 4437 2797 4493 fervorem
2822 4436 3130 4506 refrigerant
3156 4436 3340 4490 sannis
3364 4451 3428 4489 ac
3449 4437 3626 4490 dicte-

2032 4531 2126 4584 riis
2152 4571 2166 4595 ,
2196 4529 2322 4584 dum
2348 4529 2496 4584 aiunt
2520 4545 2533 4583 :
2557 4528 2740 4584 desine
2765 4528 2900 4582 bene
2927 4527 3207 4582 consulere
3227 4569 3240 4592 ,
3263 4526 3466 4580 desiste
3495 4542 3620 4580 mo-

2033 4636 2194 4686 nere,
2227 4620 2413 4674 nolunt
2459 4620 2552 4674 tibi
2594 4621 2931 4684 auscultare;
2980 4634 3049 4673 ne
3076 4619 3201 4688 quid
3249 4619 3318 4672 sit
3362 4619 3456 4672 tibi
3492 4635 3621 4672 cum

2031 4712 2139 4767 illis
2165 4712 2508 4766 commercii:
2549 4711 2797 4781 quoniam
2827 4725 2952 4780 ergo
2981 4719 3105 4764 sunt
3147 4709 3361 4780 quidam
3406 4712 3511 4764 ista
3540 4712 3626 4764 lo-

2035 4811 2260 4872 quentes
2283 4843 2299 4867 ,
2324 4801 2668 4856 inhumanam
2712 4801 2851 4855 hanc
2895 4800 3214 4854 sententiam
3238 4839 3254 4864 ,
3287 4799 3623 4869 insidiasque

2029 4892 2317 4948 diabolicas
2345 4900 2597 4947 excutere
2643 4891 2830 4945 volens
2853 4905 2885 4944 e
2914 4890 3199 4944 multorum
3234 4890 3459 4956 animis,
3493 4891 3621 4959 plu-

2027 4985 2174 5038 ribus
2200 4983 2300 5038 hac
2326 4982 2394 5038 de
2421 4999 2478 5038 re
2505 4983 2731 5038 dissero.
2759 4983 3028 5053 Siquidem
3052 4991 3105 5036 et
3123 4981 3238 5036 heri
3265 4984 3386 5036 novi
3414 4982 3619 5037 multos

2027 5073 2115 5143 qui
2169 5074 2292 5126 talia
2337 5073 2499 5128 verba
2548 5072 2896 5142 protulerint,
2945 5073 3035 5142 qui
3072 5089 3195 5128 cum
3235 5074 3618 5142 conspicerent

2027 5166 2234 5236 aliquos
2260 5166 2311 5219 in
2340 5179 2579 5235 caupona
2606 5164 2887 5220 detrivisse
2912 5172 3149 5234 tempus,
3195 5180 3316 5218 cum
3344 5165 3454 5219 risu
3488 5179 3614 5219 san-

2027 5258 2215 5328 nisque
2235 5257 2481 5313 dicebant
2510 5275 2525 5312 :
2557 5259 2764 5313 scilicet
2789 5258 3008 5312 omnino
3051 5258 3288 5326 persuasi
3319 5267 3483 5321 sunt;
3517 5273 3616 5310 ne-

2025 5366 2115 5406 mo
2129 5367 2350 5422 prorsus
2374 5367 2666 5424 cauponam
2683 5354 2949 5424 ingressus
2965 5361 3066 5416 est;
3091 5367 3279 5407 omnes
3298 5354 3459 5406 sobrii
3487 5363 3613 5405 sunt

2025 5444 2243 5500 redditi.

2105 5533 2323 5588 Verbum
2349 5550 2545 5604 semper
2586 5535 2640 5588 in
2685 5535 2858 5605 aliquo
2905 5535 3198 5605 fructi/ient.
3221 5530 3446 5599 —-Qui(l
3487 5531 3566 5583 ais
3587 5571 3610 5595 ,

2027 5623 2233 5679 homo?
2263 5623 2522 5678 Videlicet
2572 5627 2707 5679 istnc
2733 5625 2950 5693 polliciti
2996 5639 3181 5679 sumus
3208 5665 3224 5689 ,
3258 5637 3354 5675 nos
3383 5635 3491 5674 uno
3524 5620 3613 5672 die

2025 5729 2213 5771 omnes
2239 5716 2354 5770 illos
2381 5717 2478 5772 reti
2506 5717 2791 5788 capturos?
2833 5715 2963 5772 Nam
2989 5716 3031 5770 si
3058 5714 3244 5770 decem
3291 5719 3449 5768 modo
3489 5724 3599 5782 pcr-

3413 5979 3448 6008 ἓ
