3860 6224
173 341 286 399 963

1396 353 1484 408 DE
1525 348 1804 406 LAZARO
1840 349 2094 409 GONCIO
2125 353 2166 415 ἰ.

174 1027 340 1080 Μετὰ
371 1025 477 1093 τὰς
507 1025 823 1094 Καλάνδας
853 1029 924 1098 τῇ
950 1028 1097 1099 ἑξῆς
1131 1029 1200 1083 ἐν
1241 1033 1570 1101 Ἀντιοχείᾳ
1605 1039 1846 1107 λεχθεὶς
1883 1041 2032 1095 κατὰ
2070 1044 2447 1110 μεθυόντων,
2500 1043 2599 1098 καὶ
2648 1044 2781 1114 περὶ
2830 1043 2950 1098 τῶν
2999 1047 3088 1112 εὶς
3129 1048 3425 1113 καπηλεῖα

247 1119 558 1173 εἰσιόντων
578 1120 676 1174 καί
702 1124 788 1188 εἷς
825 1123 938 1190 τὴν
962 1124 1146 1177 πόλιν
1178 1125 1417 1195 χορείας
1456 1129 1817 1197 τελούντων,
1856 1133 1958 1188 καὶ
2009 1133 2100 1187 ὅτι
2137 1132 2246 1186 τὸν
2297 1132 2674 1188 διδάσκαλον
2716 1135 2788 1190 οὐ
2831 1134 2948 1204 χρὴ
2989 1136 3425 1207 ἀπογινώσκων

244 1211 365 1265 τῶν
425 1212 739 1281 μαθητῶν,
786 1213 900 1266 κᾶν
965 1217 1117 1283 πρὸς
1173 1215 1241 1269 τὸ
1293 1217 1488 1286 παρὸν
1545 1219 1632 1288 μὴ
1691 1223 2038 1290 πείθωνται,
2102 1223 2201 1278 καὶ
2263 1225 2352 1290 είς
2397 1225 2504 1286 τὸν
2562 1225 2802 1295 πτωχὸν
2843 1224 3110 1296 Λάζαρον
3167 1226 3268 1281 καὶ
3320 1229 3427 1281 τὸν

248 1305 566 1362 πλούσιον.

731 1817 921 1885 Λόγος
953 1814 1202 1882 πρῶτος.

241 1897 311 1951 α’.
344 1895 456 1967 Τὴν
494 1895 620 1966 χθὲς
655 1898 906 1968 ἡμέραν,
939 1899 1130 1969 ἑορτὴν
1170 1894 1335 1952 οὖσαν
1367 1898 1663 1970 σατανικὴν
1701 1908 1745 1963 ⁸,

168 1982 466 2052 ἐποιήσατε
505 1981 661 2050 ὑμεῖς
690 1981 884 2053 ἑορτὴν
916 1982 1292 2051 πνευματικὴν
1313 2022 1327 2044 ,
1369 1982 1509 2052 μετά
1541 1982 1746 2049 πολλῆς

168 2067 272 2135 τῆς
304 2062 514 2124 εὐνοίας
537 2063 661 2125 τοὺς
685 2063 813 2130 παρ’
841 2062 996 2134 ἡμῶν
1010 2063 1296 2133 δεξάμενοι
1321 2063 1537 2132 λόγους,
1572 2065 1666 2118 καὶ
1688 2065 1746 2117 τὺ

169 2147 334 2202 πλέον
354 2145 588 2200 ἐνταῦθα
629 2146 728 2217 τῆς
765 2147 980 2216 ἡμέρας
1016 2146 1416 2218 διατρίψαντες,
1447 2148 1543 2202 καὶ
1577 2147 1748 2219 μέθην

169 2230 535 2301 μεθυσθέντες
577 2229 932 2300 σωφροσύνης
972 2227 1252 2300 γέμουσαν
1277 2269 1292 2293 ,
1338 2232 1431 2284 καὶ
1482 2231 1620 2302 μετά
1651 2230 1745 2283 τοῦ

170 2315 384 2370 Παύλου
416 2312 791 2385 χορεύσαντες.
828 2312 1060 2366 Διπλοῦν
1088 2312 1268 2366 τοίνυν
1298 2312 1440 2367 οὕτω
1466 2313 1527 2366 τὸ
1557 2313 1748 2384 κέρδος

171 2401 305 2470 ὑμῖν
341 2399 562 2468 γέγονεν
582 2435 598 2458 ,
639 2397 720 2449 ὅτι
750 2397 844 2449 καὶ
880 2397 979 2467 τῆς
1019 2396 1259 2450 ἀτάκτου
1295 2395 1404 2449 τῶν
1442 2396 1748 2468 μεθυόντων

167 2483 529 2555 ἀπηλλάγητε
559 2481 798 2552 χορείας,
818 2481 909 2533 καὶ
944 2481 1291 2550 σκιρτήματα
1315 2477 1469 2552 {708]
1490 2481 1746 2552 ἐσκιρτή-

171 2584 301 2620 σατε
332 2562 905 2634 πνευματικά,πολλὴν
939 2559 1192 2625 εὐταξίαν
1227 2561 1452 2632 ἔχοντα·
1483 2563 1576 2616 καὶ
1613 2579 1748 2632 μετ-

168 2652 362 2719 έσχετε
405 2646 712 2718 κρατῆρος,
768 2645 868 2698 οὑκ
943 2643 1185 2714 ἄκρατον
1241 2646 1560 2715 ἐκχέοντος,
1612 2645 1749 2698 ἀλλὰ

165 2729 516 2792 διδασκαλίας
550 2726 978 2798 πεπληρωμένον
1005 2728 1414 2798 πνευματικῆς·
1456 2728 1552 2781 καὶ⁵
1586 2728 1750 2792 αὑλὸς

169 2812 424 2883 ἐγένεσθε
449 2811 542 2864 καὶ
565 2809 765 2881 κιθάρα
789 2809 867 2880 τῷ
895 2809 1177 2880 Πνεύματι
1197 2809 1277 2880 τῷ
1311 2811 1450 2881 ἁγίῳ
1473 2825 1488 2841 ·
1523 2809 1618 2864 καὶ
1641 2810 1750 2863 τῶν

167 2900 348 2956 ἄλλων
399 2895 477 2967 τῷ
509 2895 740 2964 διαϐόλῳ
779 2894 1135 2965 χορευόντων,
1190 2893 1348 2964 ὑμεῖς
1397 2892 1605 2963 ὄργανα
1656 2893 1750 2945 καὶ

169 2981 346 3050 σκεύη
383 2976 724 3049 πνευματικά
781 2976 1294 3037 κατασκευάσαντες
1344 2975 1604 3038 ἑαυτοὺς,
1661 2973 1749 3026 διά

166 3066 271 3134 τῆς
290 3061 522 3117 ἐνταῦθα
546 3057 851 3130 διατριϐῆς,
874 3057 1111 3112 ἐδώκατε
1125 3057 1204 3128 τῷ
1226 3056 1502 3127 Πνεύματι
1518 3055 1747 3128 κροῦσαι

167 3147 270 3210 τὰς
323 3144 593 3215 ὑμετέρας
646 3142 846 3212 ψυχάς,
895 3142 991 3194 καὶ
1023 3141 1120 3212 τὴν
1168 3141 1298 3212 παρ’
1345 3138 1536 3193 ἐαυτοῦ
1585 3140 1748 3212 χάριν

167 3228 476 3303 ἐμπνεῦσαι
507 3229 625 3289 ταῖς
657 3226 954 3297 ὑμετέραις
978 3225 1229 3297 καρδίαις
1245 3225 1296 3264 δ’
1337 3223 1460 3278 ὃθεν
1486 3220 1581 3277 καὶ
1607 3242 1746 3277 παν-

168 3314 433 3387 αρμόνιον
476 3311 717 3381 ῆχήσατε
744 3308 926 3378 μέλος,
945 3309 1044 3361 οὑκ
1061 3307 1381 3380 ἀνθρώπους
1413 3305 1746 3378 μόνον,ἀλλά

167 3401 264 3454 καὶ
294 3398 392 3460 τὰς
415 3395 526 3448 ἄνω
548 3394 806 3463 δυνάμεις
829 3393 1138 3464 εὐφραῖνον.

238 3481 380 3551 Φέρε
407 3474 501 3532 οὖν
528 3477 622 3531 καὶ
649 3478 888 3546 σήμερον
925 3475 1068 3526 κατά
1101 3473 1272 3545 μέθης
1303 3472 1616 3542 όπλίσωμεν
1649 3472 1748 3543 τὴν

167 3564 448 3634 γλῶσσαν,
478 3559 679 3613 καὶτὸν
705 3557 872 3628 ὑγρὸν
898 3557 992 3610 καὶ
1015 3555 1336 3627 διαρῤέοντα
1351 3555 1748 3626 καταϐάλωμεν

170 3649 318 3718 βίον·
371 3644 838 3716 κατηγορήσωμεν
885 3639 994 3692 τῶν
1030 3641 1088 3692 ἐν
1113 3639 1248 3710 αὑτῇ
1292 3637 1744 3710 διημερευόντων,

169 3733 270 3801 οὑχ
328 3729 415 3781 ἵνα
467 3724 663 3787 αὑτοὺς
717 3721 1192 3792 καταισχύνωμεν,
1246 3721 1360 3774 ἀλλ’
1405 3722 1492 3774 ἵνα
1547 3722 1748 3785 αὑτοὺς

169 3811 434 3882 αἰσχύνης
459 3805 856 3876 ἀπαλλάξωμεν
875 3823 889 3838 ·
915 3806 1015 3875 οὑχ
1035 3805 1122 3856 ἵνα
1147 3803 1345 3866 αὑτοὺς
1366 3801 1746 3874 όνειδίσωμεν,

169 3896 287 3950 ἀλλ’
323 3894 411 3946 ἵνα
453 3892 652 3954 αὐτοὺς
677 3887 1100 3960 διορθωσώμεθα
1123 3903 1136 3916 ·
1165 3886 1264 3954 οὑχ
1308 3885 1396 3938 ἵνα
1432 3885 1628 3948 αὑτοὺς
1649 3885 1746 3937 ἐκ·

172 3975 604 4049 πομπεύσωμεν,
635 3972 750 4026 ἀλλ’
793 3972 878 4023 ἵνα
916 3970 1142 4041 πομπῆς
1191 3969 1499 4038 ἀσχήμονος
1530 3965 1748 4035 ἀπαγά-

167 4077 380 4131 γωμεν,
415 4057 508 4111 καὶ
535 4055 644 4109 τῶν
668 4054 762 4107 τοῦ
794 4053 1041 4107 διαϐόλου
1078 4051 1278 4122 χειρῶν
1311 4050 1709 4131 ἐξαρπάσωμεν
1730 4065 1744 4080 ·

167 4149 196 4198 ό
225 4130 337 4214 γάρ
364 4143 422 4195 ἐν
459 4140 598 4212 μέθῃ
618 4136 958 4209 διημερεύων
989 4137 1082 4189 καὶ
1112 4135 1292 4205 τρυφῇ
1321 4133 1413 4185 καὶ
1445 4130 1745 4214 ἀδηφαγίσι,

168 4229 260 4282 ὑπ’
285 4225 455 4296 αὐτὴν
478 4222 571 4275 τοῦ
593 4221 839 4274 διαϐόλου
855 4220 954 4290 τὴν
979 4216 1270 4289 τυραννίδα
1299 4215 1611 4285 γεγένηται.
1639 4213 1746 4266 Καὶ

167 4310 384 4379 γένοιτο
427 4305 525 4376 μέν
571 4321 624 4357 τι
670 4302 831 4356 πλέον
882 4300 1135 4370 γενέσθαι
1188 4299 1253 4351 ἐκ
1303 4296 1412 4351 τῶν
1464 4297 1745 4368 ἡμετέρων

171 4392 468 4464 ῥημάτων·
497 4387 562 4441 ἂν
589 4387 633 4440 δ’
656 4386 763 4456 ἄρα
797 4387 910 4447 τοῖς
941 4383 1123 4445 αὑτοῖς
1147 4381 1450 4451 ἐπιμένωσι
1471 4379 1577 4464 καέ
1609 4379 1746 4464 μετὰ

167 4461 267 4548 την
301 4472 642 4544 παραίνεσιν,
677 4469 796 4521 ούδέ
818 4465 992 4530 οὕτως
1013 4467 1173 4536 ἡμεῖς
1200 4461 1627 4548 ἀποστησόμεθα
1648 4462 1747 4548 τῆς

168 4543 310 4631 πρὸς
344 4543 541 4616 αὑτοὺς
588 4550 934 4622 συμϐουλῆς·
987 4548 1080 4602 καὶ⁸
1117 4548 1227 4619 γάρ
1275 4548 1332 4599 αἱ
1375 4545 1596 4631 κρῆναι,
1644 4543 1746 4631 κάν

171 4628 367 4711 μηδεὶς
405 4635 724 4708 ὑδρεύηται,
761 4634 964 4706 ῥέουσι.
991 4632 1088 4686 κα)⁸
1107 4632 1164 4684 αἱ
1194 4631 1389 4700 πηγαὶ,
1419 4629 1522 4682 κᾶν
1561 4628 1749 4711 μηδεὶς

167 4710 431 4793 ἀρύηται,
463 4717 843 4780 ἀναϐλύζουσι,
891 4717 988 4768 καὶ
1032 4716 1082 4767 οἱ
1113 4713 1367 4783 ποταμοὶ,
1407 4711 1512 4764 κᾶν
1559 4710 1747 4782 μηδεὶς

169 4807 327 4877 πίνῃ,
341 4805 614 4874 τρέχουσι.
644 4801 736 4852 Δεῖ
749 4799 928 4852 τοίνυν
949 4798 1044 4850 καὶ
1065 4796 1155 4850 τὸν
1169 4797 1418 4877 λέγοντα,
1436 4793 1540 4848 κᾶν
1560 4793 1748 4865 μηδεὶς

168 4876 438 4961 προσέχῃ,
471 4886 541 4940 τὰ
573 4885 705 4954 παρ’
737 4880 930 4936 ἐαυτοῦ
959 4880 1136 4933 πάντα
1173 4876 1432 4950 πληροῦν.

242 4983 358 5040 Καὶ
385 4981 494 5052 γὰρ
521 4983 687 5051 νόμος
716 4980 848 5050 ἡμῖν
877 4979 994 5039 τοῖς
1019 4975 1116 5046 τὴν
1146 4974 1239 5029 τοῦ
1264 4974 1423 5042 λόγου
1469 4971 1747 5026 διακονίαν

169 5064 672 5137 ἐγκεχειρισμένοις
693 5061 845 5132 παρά
864 5058 959 5112 τοῦ
978 5057 1362 5129 φιλανθρώπου
1385 5058 1560 5110 κεῖται
1587 5053 1744 5116 Θεοῦ,

175 5149 448 5222 μηδέποτε
475 5145 546 5200 τά
582 5145 712 5216 παρ’
733 5143 944 5197 ἑαυτῶν
977 5142 1348 5214 ἐλλιμπάνειν,
1393 5139 1528 5222 μηδὲ
1564 5139 1745 5222 σιγᾷν,

175 5220 278 5286 κᾶν
301 5230 474 5301 ἀκούῃ
509 5247 611 5291 τις,
641 5227 745 5282 κᾶν
783 5225 1126 5298 παρατρέχῃ.
1177 5225 1234 5278 '0
1279 5222 1408 5292 γοῦν
1455 5220 1745 5292 Ἱερεμίας,

172 5313 366 5385 ἐπειδὴ
395 5311 565 5364 πολλὰ
597 5313 712 5373 τοῖς
761 5307 1036 5372 Ἰουδαίοις
1088 5306 1347 5369 ἀπειλῶν,
1392 5306 1486 5358 καὶ
1523 5303 1592 5356 τά
1623 5302 1749 5373 μέλ-

173 5396 334 5451 λοντα
387 5391 792 5466 προαναφωνῶν
834 5389 984 5444 δεινὰ
1003 5432 1020 5456 ,
1075 5389 1227 5461 παρά
1280 5389 1390 5441 τῶν
1443 5387 1748 5441 ἀκουόντων

173 5477 540 5550 ἐκωμῳδεῖτο,
583 5477 676 5530 καί⁵
699 5475 765 5529 δι’
790 5475 920 5546 ὅλης
953 5473 1177 5543 ἐγελᾶτο
1213 5474 1312 5545 τῆς
1335 5470 1567 5544 ἡμέρας,
1595 5471 1750 5524 ἐϐου-

173 5561 404 5615 λεύσατό
452 5575 584 5613 ποτε
613 5559 715 5630 τῆς
764 5557 1102 5630 προφητείας
1151 5555 1456 5624 ἀποστῆναι
1510 5553 1748 5622 ἐκείνης,

237 5684 256 5707 ⁸
283 5687 429 5737 ςηνὶι.
460 5691 513 5735 et
545 5699 672 5734 unus
698 5699 786 5732 ms.
808 5683 954 5732 οὖσαν
973 5683 1261 5740 ᾰαϐολικῆν.

236 5747 265 5787 b
290 5751 435 5798 Saxil.
461 5755 514 5796 el
547 5756 756 5809 quatuor
775 5759 890 5793 mss.
914 5747 1162 5806 ὑμετέραις
1175 5741 1419 5794 διανοίισυ,

485 5838 755 5898 ΡΑτιιοιη
801 5834 919 5894 Gn.
961 5837 1244 5897 XLVIII.

1850 1816 2186 1888 ἀνθρώπινόν
2236 1832 2291 1868 τι
2342 1814 2554 1880 παθὼν,
2606 1817 2702 1871 καὶ
2742 1817 2810 1871 τά
2846 1819 3154 1890 σκώμματα
3193 1821 3288 1873 καὶ
3324 1820 3425 1884 τὰς

1849 1900 2117 1970 λοιδορίας
2150 1898 2251 1952 οὑκ
2303 1898 2562 1967 ἐνεγκών.
2594 1900 2704 1953 Καὶ
2731 1899 2898 1953 ἄκουε
2928 1900 3094 1954 αὑτοῦ
3123 1900 3283 1955 τοῦτο
3329 1903 3426 1974 δηο

1844 1981 2067 2046 ’λοῦντος
2079 1983 2146 2036 δι’
2158 1976 2234 2036 ὧν
2253 1997 2440 2051 φησιν·
2458 1983 2776 2052 Ἐγ-ενόμην
2799 1985 2884 2050 είς
2904 1984 3130 2054 γέλωτα
3144 1984 3298 2052 ὅλην
3312 1987 3427 2051 τὴν

1847 2065 2110 2135 ἡμέραν·
2138 2061 2312 2119 εἷπον·
2343 2066 2416 2119 οὐ
2445 2065 2534 2134 μὴ
2569 2065 2844 2132 λαλήσω,
2867 2066 3010 2121 οὐδὲ
3031 2068 3120 2136 μὴ
3145 2067 3444 2138 ὀνομάσω,

1850 2148 1914 2201 τὸ
1965 2147 2153 2216 ὄνομα
2201 2147 2448 2215 Κυρίου.
2501 2148 2612 2201 Καὶ
2654 2148 2892 2219 ἐγένετο
2919 2149 3141 2218 ἐνέμοί
3175 2150 3256 2216 ὠς
3301 2151 3423 2217 πῐφ

1849 2231 2166 2300 καιόμενον
2198 2229 2297 2283 καί
2325 2230 2730 2299 φλεγμαῖνονο
2763 2230 2834 2284 ἐν
2864 2231 2988 2298 τοῖς
3013 2232 3246 2300 ὀστέοις
3269 2251 3388 2303 μου
3407 2251 3422 2265 ·

1849 2311 2130 2381 παρεῖμαι
2157 2309 2474 2377 πάντοθεν,
2509 2313 2604 2368 καί
2647 2313 2718 2367 οὐ
2741 2312 2996 2383 δύναμαι
3025 2314 3247 2384 φέρειν.
3283 2317 3350 2370 '0
3369 2316 3426 2368 δὲ

1848 2393 2018 2463 λέγει,
2052 2393 2295 2448 τοιοῦτόν
2325 2395 2474 2448 ἐστιν
2493 2412 2510 2428 ·
2541 2395 2954 2467 ἐϐουλευσάμην
2997 2397 3301 2467 ἀποστῆναι
3325 2399 3427 2461 τῆς

1850 2477 2206 2548 προφητείας,
2237 2477 2425 2546 φησὶν,
2459 2477 2649 2548 ἐπειδὴ
2677 2479 2778 2531 οὑκ
2826 2480 3024 2550 ἤκουον
3071 2482 3122 2533 οἱ
3156 2480 3422 2533 Ἰουδαῖοι·

1850 2559 1944 2613 καὶ
1977 2560 2095 2632 ἅμα
2125 2557 2284 2612 τοῦτο
2315 2558 2740 2631 ἐϐουλευσάμην,
2761 2559 2790 2599 ἀ
2813 2562 3062 2636 καθάπερ
3091 2561 3204 2634 πῦρ
3230 2565 3312 2626 εἰς
3328 2563 3428 2634 τὴν

1848 2641 2027 2715 ψυχὴν
2054 2641 2279 2696 ἐνέπεσε
2305 2642 2405 2710 τὴν
2441 2641 2582 2712 ἐμὴν
2613 2644 2646 2712 ἡ
2684 2641 2777 2696 τοῦ
2812 2644 3126 2714 πνεύματος
3152 2646 3426 2716 ἐνέργεια,

1851 2726 1946 2777 καὶ
1970 2725 2149 2778 πάντα
2183 2725 2253 2778 τὰ
2300 2722 2450 2776 ἔνδον
2501 2723 2858 2792 κατέφλεγεν,
2888 2726 3284 2780 ἐπιδαπανῶσά
3324 2745 3427 2798 μου

1851 2807 1919 2860 τὰ
1941 2807 2098 2870 ὀστᾶ,
2133 2807 2229 2861 καὶ
2249 2805 2614 2882 κατεσθίουσα
2644 2805 2841 2871 οὓτως,
2878 2808 2954 2871 ὡς
2980 2808 3056 2879 μὴ
3078 2807 3337 2864 δύνασθαί
3361 2829 3430 2882 με

1850 2891 2094 2958 ἐνεγκεῖν
2122 2890 2212 2942 τὸν
2239 2877 2569 2960 ἐμπρησμὸν
2597 2891 2826 2944 ἐκεῖνον.
2873 2891 2937 2943 El
2967 2877 3025 2944 δέ
3046 2877 3082 2943 ό
3115 2877 3429 2963 γελώμενος

1852 2974 1946 3024 καὶ
1970 2969 2366 3043 χλευαζόμενος
2390 2972 2599 3035 ἐκεῖνος
2622 2971 2719 3026 καὶ
2748 2971 2870 3026 καθ’
2889 2973 3130 3044 ἑκάστην
3158 2974 3431 3047 λοιδορούο

1856 3071 2014 3126 μενος
2045 3055 2146 3125 τὴν
2174 3054 2410 3126 ἡμέραν,
2443 3053 2632 3127 ἐπειδὴ
2657 3054 3016 3110 ἐϐουλεύσατο
3056 3058 3300 3128 σιγῆσαι,
3335 3077 3427 3112 το-

1853 3137 2057 3208 σαύτην
2091 3136 2299 3207 ὑπέστη
2329 3136 2620 3208 τιμωρίαν,
2643 3137 2787 3200 τίνος
2816 3137 2882 3191 ἂν
2903 3139 2986 3208 εῐη
2994 3156 3096 3208 μεν
3117 3141 3277 3210 ἡμεῖς
3301 3158 3432 3210 συγ-

1849 3220 2078 3292 γνώμης
2110 3219 2272 3285 άξιοι,
2299 3219 2541 3272 τοιοῦτον
2579 3219 2678 3292 μὲν
2715 3220 2926 3275 ούδέπω
2957 3219 3226 3286 παθόντες
3253 3224 3428 3294 οὐδὲν,

1847 3303 1936 3357 διὰ
1971 3303 2029 3356 δὲ
2059 3303 2160 3374 τὴν
2212 3301 2483 3374 ρᾳθυμίαν
2534 3302 2698 3356 τινῶν
2751 3305 3282 3378 μικροψυχήσαντες,
3336 3311 3431 3363 καὶ

1847 3387 1946 3458 τῆς
1990 3385 2340 3449 διδασκαλίας
2375 3385 2710 3448 ἀποστάντες
2735 3387 2833 3457 τῆς
2877 3390 3014 3460 πρὸς
3043 3389 3304 3457 ἐκείνους,
3338 3393 3432 3446 καὶ

1851 3471 2108 3541 μάλιστα,
2143 3471 2273 3523 ὅταν
2303 3468 2547 3523 τοσοῦτοι
2578 3468 2628 3520 oi
2661 3469 3018 3540 προσέχοντες
3039 3465 3179 3540 (om;

1925 3550 2074 3624 [709]
2107 3550 2173 3620 β’.
2189 3549 2378 3604 Ταῦτα
2402 3550 2461 3604 δὲ
2487 3548 2654 3618 λέγω,
2672 3550 2772 3604 οὑκ
2807 3551 3044 3621 ἐμαυτὸν
3075 3555 3430 3626 παραμυθού-

1852 3653 2031 3708 μενος,
2048 3635 2172 3689 οὐδὲ
2197 3633 2554 3706 παρακαλῶν·
2571 3633 2792 3706 καὶγὰρ
2816 3633 3056 3688 πέπεικα
3071 3637 3171 3707 τὴν
3190 3639 3430 3708 ἐμαυτοῦ

1847 3721 2049 3790 ψυχὴν,
2077 3719 2184 3782 ἓως
2230 3717 2297 3776 ἂν
2331 3717 2583 3789 ἐμπνέω,
2617 3717 2714 3771 καὶ
2743 3716 2872 3788 δοκῇ
2908 3716 2988 3788 τῷ
3015 3716 3134 3789 Θεῷ
3175 3722 3319 3775 κατά
3337 3723 3432 3777 τὸν

1848 3804 2096 3874 παρόντα
2126 3801 2237 3872 βίον
2265 3801 2414 3871 ημᾶς
2441 3797 2602 3864 εἶναι,
2627 3800 2833 3870 ταύτην
2863 3800 3106 3873 πληροῦν
3128 3803 3228 3875 τὴν
3251 3806 3434 3861 διακο-

1849 3887 1988 3953 νίαν,
2031 3888 2126 3940 καὶ
2157 3887 2224 3941 ἄν
2257 3902 2317 3938 τε
2351 3883 2602 3957 προσέχῃ
2627 3902 2730 3949 τις,
2768 3885 2834 3939 ἄν
2870 3902 2931 3939 τε
2973 3885 3048 3956 μὴ
3082 3888 3346 3960 προσέχῃ,
3372 3893 3433 3945 τὸ

1848 3972 2139 4042 ἐπιταχθὲν
2170 3973 2374 4024 ποιεῖν·
2411 3970 2526 4024 ἀλλ’
2557 3970 2746 4039 ἐπειδή
2777 3969 2923 4032 τινές
2947 3970 3088 4023 είσιν
3120 3973 3168 4023 οί
3199 3971 3298 4036 τὰς
3322 3974 3432 4027 τῶν

1849 4054 2059 4108 πολλῶν
2093 4053 2377 4118 ἐκλύοντες
2400 4056 2610 4125 χεῖρας,
2631 4053 2728 4106 καὶ
2751 4051 2889 4124 πρὸς
2927 4051 3006 4123 τῷ
3034 4054 3202 4125 μηδὲν
3234 4057 3432 4119 αὑτοὺς

1848 4141 2119 4210 χρήσιμον
2149 4140 2231 4203 εἰς
2260 4137 2352 4192 τὸν
2391 4137 2506 4207 βίον
2553 4137 2828 4209 εἰσφέρειν
2857 4137 2950 4191 τὸν
2995 4137 3290 4210 ἡμέτερον.
3333 4143 3430 4194 καὶ

1848 4221 1948 4292 τὴν
1982 4220 2182 4290 ἐτέρων
2225 4219 2600 4292 παραλύοντες
2659 4221 2921 4292 σπουδὴν,
2949 4221 3306 4292 χλευάζοντες
3341 4224 3433 4277 καὶ

1849 4301 2352 4374 διακωμῳδοῦντες,
2394 4303 2490 4358 καὶ¹
2533 4302 2819 4374 λέγοντες·
2865 4305 3136 4377 ἀπόστηθι
3190 4308 3431 4379 συμϐου-

1848 4386 2041 4453 λεύων,
2082 4387 2288 4441 παῦσαι
2332 4388 2646 4461 παραινῶν·
2673 4390 2736 4444 οὐ
2775 4389 3052 4460 βούλονταί
3081 4404 3106 4432 ε
3138 4411 3220 4447 σοι
3264 4411 3436 4466 προσο

1849 4471 2016 4541 έχειν,
2061 4471 2225 4542 μηδὲν
2257 4473 2435 4526 κοινὸν
2468 4472 2558 4544 έχε
2594 4473 2731 4543 πρὸς
2781 4474 3015 4540 αὑτούς·
3071 4479 3254 4548 ἐπειδή
3289 4479 3433 4544 τινές

1848 4556 1953 4608 είσι
1983 4553 2156 4608 ταῦτα
2201 4555 2472 4623 λέγοντες,
2509 4554 2608 4625 τὴν
2639 4557 2882 4629 πονηρὰν
2924 4561 3020 4612 καὶ
3062 4561 3435 4632 ἀπάνθρωπον

1846 4637 2052 4708 ταύτην
2078 4637 2304 4709 γνώμην
2340 4639 2434 4690 καὶ
2462 4638 2773 4711 διαϐολικὴν
2803 4641 3096 4712 ἐπιϐουλὴν
3133 4643 3233 4714 τῆς
3256 4645 3434 4717 ψυχῆς

1849 4722 1956 4775 τῶν
1994 4720 2202 4774 πολλῶν
2228 4721 2459 4790 ἐκκόψαι
2488 4719 2828 4792 βουλόμενος,
2859 4725 3196 4797 μακρότερον
3245 4727 3434 4783 τοῦτον

1849 4805 1989 4860 ποιῶ
2007 4805 2100 4859 τὸν
2131 4806 2306 4874 λόγον.
2337 4806 2447 4858 Καὶ
2473 4806 2583 4877 γὰρ
2607 4806 2703 4860 καὶ
2731 4807 2856 4877 χθὲς
2883 4804 3002 4863 οἶδα
3028 4810 3254 4875 πολλοὺς
3278 4817 3433 4884 εἰρη-

1849 4891 2014 4954 κότας
2042 4890 2215 4944 ταῦτα
2253 4889 2321 4943 τά
2356 4891 2600 4960 ῥήματα,
2626 4889 2698 4955 οἶ,
2728 4892 2948 4946 ἐπειδάν
2997 4910 3150 4958 τινας
3199 4890 3340 4948 εἶδον
3376 4899 3434 4950 ἐν

1849 4974 2131 5045 καπηλείῳ
2162 4973 2566 5044 διατρίψαντας,
2603 4974 2870 5043 γελῶντες
2941 4978 3036 5032 καὶ
3083 4979 3435 5050 χλευάζοντες

1849 5057 2066 5126 ἐλεγον·
2098 5057 2309 5125 πάνυγε
2363 5057 2471 5130 γὰρ
2539 5058 2902 5128 ἐπείσθησαν·
2948 5061 3086 5125 ὅλως
3124 5063 3298 5127 οὐδεὶς
3347 5067 3432 5128 είς

1849 5141 2148 5211 καπηλεῖον
2172 5139 2390 5212 εἰσῆλθε
2407 5159 2420 5172 ·
2454 5141 2694 5207 ἅπαντες
2723 5143 3111 5216 ἐσωφρόνησαν
3133 5147 3176 5201 ί.

1920 5225 1984 5277 Τί
2010 5223 2211 5292 λέγεις,
2261 5224 2547 5295 άνθρωπε;
2581 5226 2741 5280 τοῦτο
2779 5227 2889 5298 γὰρ
2913 5227 3268 5298 ὑπεσχόμεθα
3294 5233 3434 5284 πάν-

1849 5325 1949 5372 τας
1995 5309 2055 5362 ἐν
2087 5309 2189 5379 μιᾷ
2235 5307 2558 5378 σαγηνεύειν
2607 5309 2824 5381 ἡμέρας
2864 5311 2930 5364 Εἰ
2973 5311 3083 5384 γὰρ
3109 5312 3242 5366 δέκα
3270 5314 3435 5384 μόνον

1851 5391 2206 5462 ἐπείσθησαν,
2233 5391 2281 5444 εί
2311 5390 2419 5462 γὰρ
2443 5392 2604 5447 πέντε
2633 5394 2818 5464 μόνον,
2849 5397 2898 5448 εί
2921 5395 3029 5467 γὰρ
3051 5393 3152 5461 εἷς,
3180 5398 3277 5468 οὑχ
3307 5401 3432 5453 ικα-

1912 5498 1938 5572 Σ
1965 5497 2061 5572 ΔΨ
2082 5495 2384 5572 ελεγδιιενεν·

1910 5554 1940 5596 tl
1966 5554 2155 5619 ευρριε
2180 5554 2279 5606 itii.
2309 5557 2443 5606 Enn.

1911 5619 1932 5641 ‘
1953 5619 2177 5688 ξετίιπὶιι
2199 5625 2345 5688 Διεξιιι
2453 5620 2720 5688 βούλονται,
2740 5623 2798 5688 ιι),
2816 5635 2968 5684 marg.
2995 5624 3051 5671 οὐ
3072 5622 3312 5688 βούλεται,
3330 5624 3430 5676 bio-

1851 5691 1950 5746 qug
1968 5678 2138 5746 Morel.
2164 5684 2216 5726 et
2236 5677 2338 5746 alii.
2372 5677 2678 5746 UnigsAoﬁaci;
2703 5677 2936 5746 βούλεταιῖ

1920 5738 1940 5778 ί
1968 5739 2102 5790 Unus
2123 5753 2211 5789 ms.
2243 5740 2678 5802 ἐσωφρονίσθησαν.

3021 5820 3102 5882 28
