3860 6224
441 307 550 402 ιδεμ

438 426 530 482 νδν
560 428 692 500 η’μῖν
743 431 824 497 είς
861 432 1250 505 παραμυθίαν;
1295 437 1438 505 Ἐγὼ
1481 437 1538 490 δὲ
1579 441 1671 491 καὶ
1715 436 2020 509 ὑπερϐολὴν

437 513 632 586 ἑτέραν
691 519 971 590 ποιοῦμαι.
1037 522 1255 576 Κείσθω
1317 525 1524 595 μηδένα
1577 524 1872 578 πεπεῖσθαι
1906 526 2021 588 τοῖς

438 603 729 676 ⁴ἡμετέροις
744 606 945 676 λόγοις,
966 610 1104 682 ὅπερ
1133 611 1398 666 ἀδύνατον
1433 614 1514 677 είς
1545 613 1818 677 τοσαύτας
1847 613 2019 675 ἀκοάς

438 693 798 766 σπειρόμενον
843 697 1000 766 λόγον
1057 701 1307 770 ἄκαρπον
1363 702 1618 771 γενέσθαι
1674 701 1844 756 ποτέ·
1878 701 2019 774 πλὴν

435 782 575 836 ἀλλά
623 781 826 839 κείσθω
852 787 1012 841 τοῦτο
1066 790 1228 844 αὑτό·
1257 791 1379 843 οὑδὲ
1409 790 1583 854 οὕτως
1615 791 1850 864 ἀκερδὴς
1885 793 2019 862 ἡμῖν

433 871 464 922 6
498 871 673 940 λόγος.

502 959 565 1030 Εἰ
607 959 716 1031 γὰρ
747 963 839 1016 καὶ
870 963 1120 1040 είσῇλθον
1151 968 1228 1030 εἰς
1265 967 1583 1039 καπηλεῖον,
1637 967 1750 1022 ἀλλ’
1781 968 1842 1022 οὑ
1878 969 2018 1039 μετὰ

430 1046 532 1115 τῆς
565 1048 736 1120 αὐτῆς
767 1052 1150 1122 ἀναισχυντίας
1179 1057 1448 1127 εἰσῆλθον,
1481 1058 1616 1112 ἀλλά
1652 1058 1746 1110 καὶ
1787 1057 1878 1111 ἐπὶ
1915 1057 2016 1124 τῆς

431 1138 712 1206 τραπέζης
751 1140 1013 1206 πολλάκις
1050 1143 1160 1196 τῶν
1202 1145 1490 1216 ἡμετέρων
1522 1145 1877 1218 ἐμνήσθησαν
1925 1146 2015 1200 λό-

431 1241 565 1291 γων,
613 1226 714 1296 τῆς
761 1229 1155 1301 ἐπιτιμήσεως.
1195 1233 1297 1303 τῆς
1334 1233 1700 1305 ὲπιπλήξεως,
1742 1236 1838 1288 καὶ
1881 1253 2016 1306 μνη-

433 1315 652 1379 σθέντες
680 1318 1051 1390 ᾐσχύνθησαν,
1093 1322 1436 1393 ἠρυθρίασαν
1466 1325 1608 1378 κατά
1654 1324 1918 1378 διάνοιαν·
1951 1327 2013 1379 οὑ

435 1405 574 1472 μετά
623 1408 893 1479 τοσαύτης
951 1411 1328 1483 ίταμότητοςει
1359 1414 1427 1468 τὰ
1471 1415 1698 1469 εἰωθότα
1747 1414 2012 1485 ἔπραξαν.

431 1491 602 1546 Τοῦτο
633 1493 689 1546 δὲ
727 1497 871 1567 ἁρχὴ
900 1499 1175 1570 σωτηρίας
1204 1502 1299 1555 καὶ
1328 1503 1634 1574 μεταϐολῆς
1666 1506 1917 1578 ἀρίστης,
1952 1507 2014 1561 τδ

429 1581 566 1645 ὅλως
599 1584 977 1655 αἰσχυνθῆναι.
1015 1587 1075 1640 τὸ
1108 1589 1243 1654 ὅλως
1287 1590 1630 1660 καταγνῶναι
1659 1594 1768 1647 τῶν
1803 1597 2016 1666 γινομέ-

429 1689 555 1726 νων.
587 1672 732 1744 Πρὸς
766 1675 974 1739 τούτοις
1011 1677 1067 1730 δὲ
1111 1680 1211 1732 οὑκ
1248 1680 1466 1733 ἔλαττον
1511 1683 1604 1734 καὶ
1648 1683 1834 1755 ἕτερον
1879 1687 2013 1756 ἡμῖν

429 1761 495 1812 ὲκ
527 1760 712 1814 τούτου
741 1764 1030 1835 γεγένηται
1064 1768 1271 1837 κέρδος.
1297 1771 1454 1825 Ποῖον
1487 1771 1550 1837 δὴ
1579 1773 1769 1839 τοῦτο;
1811 1775 1885 1828 Τδ
1917 1775 2012 1828 καὶ

426 1849 554 1914 τοὺς
583 1853 994 1924 σωφρονοῦντας
1025 1859 1382 1931 σεμνοτέρους
1414 1862 1658 1933 ποιῆσαι,
1694 1865 1788 1918 καὶ
1825 1867 2011 1920 πεῖσαι

426 1937 514 1992 διὰ
545 1938 654 1992 τῶν
695 1941 1002 2013 εἰρημένων
1043 1946 1124 2000 ὃτι
1169 1948 1366 2019 ἄριστα
1416 1953 1634 2006 πάντων
1679 1954 1788 2007 είσλ⁸
1824 1954 2012 2025 βεϐου-

427 2026 712 2097 λευμένοι,
771 2030 846 2103 μὴ
919 2037 1359 2107 συναπαγόμενοι
1425 2042 1539 2104 τοῖς
1609 2042 1844 2106 πολλοῖς.
1896 2046 2011 2100 Οὐκ

427 2115 704 2186 ἀνέστησα
734 2122 861 2184 τοὺς
903 2124 1224 2190 νοσοῦντας;
1269 2127 1404 2184 ἀλλά
1445 2131 1573 2195 τοὺς
1623 2132 1795 2200 ὑγιεῖς
1836 2133 2012 2202 ἀσφα-

427 2205 712 2278 λεστέρους
741 2210 1000 2282 ἐποίησα·
1034 2214 1134 2268 οὑκ
1187 2217 1444 2287 ἀπήγαγέ
1488 2237 1642 2284 τινας
1672 2221 1772 2290 τῆς
1814 2224 2011 2289 κακίας

427 2297 456 2347 δ
491 2295 649 2364 λόγος
664 2313 679 2362 ζ
719 2297 853 2352 ἀλλά
901 2301 1028 2364 τοὺς
1074 2303 1131 2356 ὲν
1181 2305 1350 2375 ἀρετῇ
1417 2305 1625 2373 ζῶντας
1687 2311 2011 2381 ἀκριϐεστέ-

430 2385 901 2454 ρουςιείρνγάσατο.
953 2390 1108 2445 Εἴπω
1151 2411 1203 2446 τι
1238 2395 1332 2447 καὶ
1368 2396 1506 2467 πρὸς
1542 2399 1756 2464 τούτοις
1803 2403 2006 2472 τρίτον.

428 2474 542 2528 Οὐκ
596 2473 792 2531 ἔπεισα
839 2480 1108 2549 σήμερον;
1151 2483 1266 2536 ἀλλ’
1309 2483 1498 2557 αῦριον
1540 2485 1672 2552 ἴσως
1709 2489 2009 2562 δυνήσομαι

428 2564 634 2616 πεῖσαι.
677 2563 818 2618 Ἀλλ’
861 2567 983 2621 οὐδὲ
1030 2568 1250 2640 αῦριον;
1289 2573 1425 2626 ἀλλά
1470 2577 1611 2646 μετὰ
1646 2577 1744 2646 τὴν
1796 2579 2008 2652 αὔριον,

427 2649 461 2718 ἢ
506 2651 599 2704 καὶ
629 2653 747 2722 μετ’
788 2655 1003 2728 εκείνην
1048 2657 1198 2722 ἴσως.
1243 2660 1300 2712 '0
1332 2663 1572 2734 σήμερον
1623 2649 1883 2730 ἀκούσας⁷
1917 2673 2012 2724 καὶ

427 2736 910 2811 διακρουσάμενος,
959 2743 1149 2817 αῦριον
1203 2749 1334 2812 ἴσως
1383 2751 1675 2807 ἀκούσεται
1712 2755 1807 2810 καὶ
1840 2773 2012 2810 κατα-

426 2824 669 2890 δέξεται*
701 2831 730 2882 6
775 2831 832 2885 δὲ
889 2833 1129 2906 σήμερον
1177 2837 1271 2890 καὶ
1320 2839 1510 2911 αὔριον
1557 2845 2010 2914 καταφρονήσας,

432 2915 573 2984 μετά
611 2916 830 2983 πλείους
883 2921 1013 2986 ῐσως
1058 2923 1275 2996 ἡμέρας
1314 2928 1567 2999 προσέξει
1620 2933 1733 2996 τοῖς
1778 2931 2010 3004 λεγομέ-

428 3020 562 3066 νοις.
593 3005 703 3094 Kal
729 3005 838 3079 γάρ
867 3009 960 3062 καὶ
987 3011 1172 3076 ἀλιεὺς
1198 3013 1460 3080 πολλάκις
1488 3016 1555 3072 δι’
1583 3017 1714 3090 ὅλης
1743 3020 1841 3094 τῆς
1874 3021 2013 3092 ἡμέ-

429 3107 532 3161 ρας
564 3092 720 3148 κενὸν
761 3095 1084 3162 ἀνασπάσας
1112 3100 1175 3153 τὸ
1209 3101 1445 3167 δίκτυον,
1489 3104 1547 3158 ὲν
1576 3092 2012 3178 ἐσπέρᾳπολλά-

427 3178 697 3267 κις[710]
727 3183 1032 3255 ἀναχωρεῖν
1071 3188 1304 3258 μέλλων,
1337 3191 1427 3245 τὸν
1454 3192 1521 3246 δι’
1549 3194 1676 3265 ὅλης
1709 3197 1873 3250 αὑτὸν
1911 3199 2010 3267 τῆς

428 3266 640 3338 ἡμέρας
681 3271 1010 3340 διαφυγόντα
1056 3276 1208 3346 ἰχθὺν
1251 3278 1507 3344 ἀλιεύσας
1561 3283 1825 3354 ἀπῆλθεν.
1860 3287 1924 3340 Εί
1956 3266 2012 3339 δὲ

432 3355 720 3429 μέλλοιμεν
753 3359 841 3414 διὰ
868 3361 966 3426 τάς
999 3363 1085 3416 ἀεὶ
1114 3368 1404 3435 γινομένας
1427 3369 1728 3441 ἀποτυχίας
1754 3374 1813 3426 ὲν
1843 3375 2012 3448 ἀργίᾳ

428 3443 605 3514 εἶναι,
661 3449 754 3502 καὶ⁹
808 3451 920 3505 τῶν
977 3455 1319 3523 πραγμάτων
1383 3457 1717 3527 ἀφίστασθαι
1768 3443 2007 3527 πάντων,

429 3531 577 3598 ἄπας
616 3537 748 3608 ἡμῖν
780 3538 810 3590 6
850 3537 964 3607 βίος
1007 3540 1317 3594 ἀπολεῖται·
1356 3544 1450 3596 καὶ
1496 3546 1615 3615 οὐχὶ
1644 3546 1716 3600 τὰ
1768 3566 2013 3618 πνευμα-

427 3623 558 3676 τικά
589 3623 769 3693 μόνον,
797 3624 936 3680 ἀλλά
965 3627 1058 3680 καὶ
1101 3627 1170 3682 τά
1216 3629 1446 3698 βιωτικά
1497 3633 1776 3703 οἰχήσεται
1811 3636 2008 3692 πάντα.

429 3711 543 3764 Καὶ
581 3711 691 3782 γάρ
715 3713 743 3764 6
771 3715 1037 3786 γεωργὸς,
1066 3719 1114 3770 εἰ
1147 3718 1331 3788 μέλλοι
1365 3719 1455 3773 διὰ
1486 3721 1584 3785 τὰς
1614 3721 1761 3788 ἅπαξ
1801 3727 1895 3780 καὶ
1930 3727 2012 3786 δὶς

430 3798 528 3851 καὶ
603 3799 866 3865 πολλάκις
933 3805 1225 3876 γινομένας
1284 3808 1393 3861 τῶν
1455 3810 1635 3882 ἀέρων
1692 3813 2012 3884 ἀνωμαλίας

426 3888 530 3956 τῆς
596 3890 871 3962 γεωργίας
925 3895 1246 3966 ἀποπηδᾷν,
1298 3896 1442 3970 λιμῷ
1508 3899 1721 3970 ταχέως
1781 3901 2012 3957 ἀπολού-

432 3976 574 4046 μεθα
597 3977 626 4018 ι)
653 3978 875 4044 πάντες.
904 3982 1015 4036 Kal
1051 3984 1396 4058 κυϐερνήτης
1426 3986 1504 4054 δὲ,
1544 3991 1592 4042 εί
1621 3989 1710 4044 διά
1740 3990 1832 4045 τὸν
1862 3991 2014 4056 ἅπαξ

429 4067 526 4118 καὶ
561 4066 644 4130 δὶς
686 4069 782 4122 καὶ
820 4069 1081 4134 πολλάκις
1113 4073 1396 4142 συμϐάντα
1431 4077 1678 4147 χειμῶνα
1717 4079 1878 4148 φύγοι
1912 4069 2011 4152 τῆν

431 4152 722 4220 θάλατταν,
773 4156 1021 4210 ἄπλωτον
1076 4160 1210 4230 ἡμῖν
1265 4161 1416 4216 έσται
1476 4163 1538 4217 τὸ
1590 4166 1859 4235 πέλαγος,
1921 4171 2013 4222 καὶ

429 4242 702 4313 ἄχρηστος
728 4243 822 4298 καὶ
845 4245 1094 4299 ἐντεῦθεν
1120 4249 1250 4318 ἡμῖν
1284 4252 1313 4302 6
1357 4251 1469 4320 βίος
1506 4253 1668 4308 πάλιν
1698 4259 2010 4327 γενήσεται.

409 4328 568 4404 ,Καθ’
592 4329 830 4402 ἑκάστην
861 4332 917 4386 δὲ
946 4333 1143 4405 τέχνην
1181 4337 1369 4403 ἐπιὼν,
1402 4342 1449 4394 εί
1482 4340 1655 4394 ταῦτα
1689 4347 2011 4415 παραινοίης

431 4419 524 4472 καὶ
563 4420 977 4490 συμϐουλεύοις,
1019 4424 1197 4480 πάντα
1226 4428 1395 4499 ἄρδην
1435 4431 1732 4496 ἀπολεῖται,
1765 4437 1860 4488 καὶ¹
1900 4436 2014 4488 ἀοί-

431 4525 597 4576 κητος
637 4509 789 4563 ἔσται
821 4511 853 4581 ἡ
900 4512 992 4581 γῆ.
1021 4512 1201 4586 Ἀπερ
1246 4511 1339 4570 οῦν
1368 4516 1606 4584 ἅπαντες
1654 4522 1874 4588 ειδότες,
1911 4524 2012 4578 κᾶν

431 4595 600 4662 ἅπαξ,
641 4596 745 4651 κᾶν
772 4597 874 4662 δἰς,
910 4598 1013 4652 κᾶν
1056 4601 1316 4668 πολλάκις
1357 4605 1669 4676 ἀποτύχωσι
1700 4609 1794 4664 τοῦ
1827 4611 2013 4676 τέλους

431 4683 538 4737 τῶν
572 4685 934 4758 πραγμάτων,
977 4689 1035 4742 ὲν
1067 4687 1150 4754 οἷς
1184 4693 1290 4745 εἰσι
1320 4695 1416 4747 καὶ
1459 4694 1820 4767 διατρίϐουσι,
1853 4700 2015 4754 πάλιν

431 4772 611 4826 αὐτῶν
675 4774 1139 4847 ἐπιλαμϐάνονται
1203 4780 1343 4852 μετὰ,
1409 4772 1510 4856 τῆς
1578 4783 1746 4857 αὐτῆς
1805 4787 2023 4858 προθυοη

435 4860 586 4936 μίας.

500 4977 570 5038 γ’.
593 4970 772 5044 Ἀπερ
801 4973 1019 5031 ἅπαντα
1043 4975 1108 5049 δὴ
1138 4977 1233 5031 καὶ
1262 4979 1424 5050 ἡμεῖς
1456 4981 1684 5050 είδότες,
1717 4980 2010 5057 ἀγαπητοὶ,

437 5058 546 5130 μὴ.
587 5062 912 5132 παρακαλῶ,
947 5060 1022 5136 μὴ
1072 5065 1245 5120 ταῦτα
1294 5066 1689 5142 φθεγγώμεθα,
1745 5074 1879 5145 μηδὲ
1927 5075 2012 5128 λέ-

430 5164 652 5219 γωμεν·
683 5150 737 5204 τί
766 5153 849 5206 δεῖ
875 5152 1049 5221 λόγων
1082 5155 1212 5226 ἡμῖν
1247 5157 1548 5226 τοιτούτων;
1597 5161 1752 5215 οὐδὲν
1799 5165 1862 5216 ὲκ
1903 5163 2013 5216 τῶν

431 5237 606 5305 λόγων
640 5237 846 5293 τούτων
892 5241 1083 5308 ὄφελος
1131 5243 1361 5309 γίνεται.
1411 5246 1520 5300 Καὶ
1567 5248 1676 5319 γὰρ
1718 5250 1746 5301 6
1777 5252 2015 5320 γηπόνος

432 5321 582 5389 ἅπαξ
605 5323 701 5378 καὶ
732 5324 812 5387 δὶς
845 5327 939 5379 καὶ
971 5327 1228 5392 πολλάκις
1260 5331 1360 5402 τὴν
1392 5333 1561 5404 αὐτὴν
1593 5336 1824 5407 σπείρας
1853 5337 2014 5409 ἄρου-

496 5570 524 5656 :
547 5572 903 5656 Qual'uozmss;
933 5575 1050 5656 με.τὰ
1173 5576 1316 5633 αὐτῆς
1335 5577 1634 5656 ῖταμότητρς.

492 5629 524 5702 ξ
550 5632 723 5702 sivi]:
747 5629 1000 5683 Morelfel.
1021 5629 1162 5702 mulli
1185 5629 1296 5702 mss:
1326 5629 1645 5702 ἀπολούμεθα,
1666 5654 1792 5690 unus
1817 5644 2016 5691 ἀπολοί-

438 5693 576 5761 ιιιθιιιἒ
596 5692 744 5761 ξυνῇ.
770 5707 821 5761 1n
842 5709 995 5761 marg.
1025 5697 1225 5761 el.__alius
1250 5692 1570 5761 ἀπολλύμεθα.

497 5753 524 5784 ⁶
549 5753 693 5800 Alius
714 5753 799 5802 τοῦ
819 5753 998 5815 τέλους,
1022 5758 1178 5807 πάλιν.

1155 321 1212 377 S.
1251 320 1537 376 JOANNIS
1573 321 2061 381 CIIRYSOSTOMI
2102 328 2419 382 ARCIIIEP.
2464 325 3005 385 CONSTANTINOP.

3623 326 3725 383 966

2134 452 2254 506 ραν,
2295 437 2390 490 καὶ
2419 439 2708 511 ἀποτυχὼν
2732 443 2826 497 τοῦ
2854 443 3098 516 κέρδους,
3145 443 3307 497 πάλιν
3330 453 3357 484 ε
3393 443 3579 516 αὐτὴν
3611 447 3720 515 εἱρ-

2129 525 2365 592 γάσατο,
2401 528 2495 581 καὶ
2535 531 2593 583 ὲν
2642 530 2724 584 ἐνὶ
2786 531 3045 596 πολλάκις
3088 532 3322 603 ἐνιαυτῷ
3365 531 3466 585 τοῦ
3510 534 3722 595 παντὸς

2122 613 2322 685 χρόνου
2345 615 2444 688 τὴν
2471 617 2672 690 ζημίαν
2696 620 2957 676 ἀνέσωσε.
2979 605 3093 678 Καὶ
3120 621 3366 693 ἔμπορος
3386 622 3448 676 δὲ
3476 622 3723 690 ναυάγια

2126 703 2298 756 πολλὰ
2329 705 2588 770 πολλάκις
2615 708 2935 778 ὑπομείνας,
2966 711 3066 764 οὐκ
3096 710 3306 782 ἀπέστη
3334 709 3433 763 τοῦ
3468 709 3722 780 λιμένος,

2125 790 2260 845 ἀλλά
2291 793 2384 846 καὶ
2414 793 2596 849 πλοῖον
2623 797 2968 863 καθείλκυσε,
2991 799 3086 852 καὶ
3109 799 3310 863 ναύτας
3333 799 3722 870 ἐμισθώσατο,

2125 879 2220 932 καὶ⁹
2249 881 2506 952 χρήματα
2550 883 2935 956 δανεισάμενος
2966 884 3076 939 τῶν
3105 885 3284 941 αὐτῶν
3331 886 3518 956 ἥψατο
3572 903 3724 954 πρα-

2124 969 2372 1038 γμάτων,
2411 973 2586 1025 καίτοι
2614 973 2710 1027 τοῦ
2743 974 3028 1044 μέλλοντος
3065 975 3266 1046 ὁμοίως
3297 976 3455 1040 ὄντος
3484 976 3718 1046 ἀδήλου.

2123 1055 2234 1109 Kal
2271 1057 2501 1123 ἕκαστος
2531 1061 2587 1113 δὲ
2628 1063 2738 1116 τῶν
2787 1063 2964 1117 ὁτιοῦν
3015 1066 3310 1137 μετιόντων
3349 1064 3498 1118 οὕτω
3538 1067 3720 1117 ποιεῖν

2123 1143 2397 1213 εἰώθασιν,
2439 1148 2628 1220 ὥσπερ
2666 1153 2694 1204 6
2741 1151 2984 1225 γεωργὸς
3036 1154 3130 1207 καὶ
3177 1154 3206 1206 6
3249 1153 3519 1224 ἔμπορος.
3584 1151 3720 1206 Εἶτα

2122 1235 2322 1288 ἐκεῖνοι
2382 1236 2481 1307 μὲν
2528 1238 2762 1312 τοσαύτῃ
2813 1241 3046 1313 χρῶνται
3084 1241 3112 1280 ἀ
3159 1242 3294 1313 πρὸς
3345 1241 3419 1294 τά
3477 1241 3721 1311 βιωτικὰ

2075 1356 2080 1361 -
2125 1325 2353 1395 σπουδῇ.
2401 1327 2576 1380 καίτοι
2603 1328 2698 1381 τοῦ
2737 1329 2921 1392 τέλους
2964 1330 3116 1394 δντος
3165 1331 3379 1399 ἀδήλου,
3416 1333 3592 1402 ἡμεῖς
3640 1333 3717 1396 δὲ,

2126 1411 2193 1464 ἂν
2224 1413 2470 1476 εἰπόντες
2505 1415 2580 1486 μὴ
2608 1416 2985 1488 ἀκουσθῶμεν.
3009 1417 3210 1481 εὐθέως
3238 1419 3680 1491 ἀποστησόμεθα
3703 1439 3718 1484 ;

2122 1501 2216 1553 καὶ
2248 1502 2408 1556 ποίαν
2458 1504 2653 1576 ἕξομεν
2700 1503 3053 1576 συγγνώμηη
3103 1505 3224 1559 τίνα
3259 1507 3317 1559 δὲ
3361 1507 3718 1575 ἀπολογίαν;

2121 1591 2314 1645 Καίτοι
2344 1593 2573 1658 ἐκείνοις
2609 1595 2707 1666 μὲν
2746 1598 2804 1649 ὲν
2833 1598 2954 1658 ταῖς
2986 1595 3307 1666 ἀποτυχίαις
3345 1597 3528 1662 οὐδείς
3566 1600 3719 1652 ἐστιν

2119 1682 2148 1733 6
2175 1681 2273 1752 τὴν
2303 1679 2508 1753 ζημίαν
2561 1685 3112 1758 παραμυθησόμενος,
3151 1682 3262 1744 οἷον
3291 1690 3387 1744 ἐὰν
3433 1689 3717 1759 ὲπικλύσῃ

2119 1771 2180 1826 τὸ
2215 1773 2399 1827 πλοῖον
2441 1777 2474 1846 ἡ
2521 1774 2788 1841 θάλασσα,
2828 1777 3004 1842 οὐδεὶς
3031 1780 3129 1849 τὴν
3161 1780 3352 1835 πενίαν
3389 1779 3491 1834 τοῦ
3545 1798 3721 1833 ναυαο

2118 1860 2344 1930 γοῦντος
2401 1863 2785 1934 διορθώσεται⁹
2839 1865 2904 1920 ἂν
2960 1867 3252 1942 καταχώσῃ
3308 1869 3411 1939 τὴν
3465 1868 3722 1940 ἄρουραν

2119 1947 2393 2019 ἑπομϐρία
2437 1961 2483 2013 ο,
2528 1951 2621 2004 καὶ
2677 1952 2951 2027 ἀποπνίξῃ
3005 1955 3074 2008 τὰ
3124 1955 3435 2026 σπέρματα,
3487 1957 3718 2024 ἀνάγκη

2119 2040 2305 2100 κεναῖς
2328 2037 2419 2093 τὸν
2454 2040 2700 2110 γεωργὸν
2729 2041 2912 2096 οίκαδε
2945 2043 3296 2114 ἀναχωρῆσαι
3336 2042 3556 2112 χερσίν.
3596 2045 3718 2112 Ἐφ’

2117 2125 2276 2196 ἡμῶν
2320 2126 2377 2180 δὲ
2421 2129 2531 2181 τῶν
2569 2129 2835 2198 λεγόντων
2881 2130 2976 2184 καὶ
3023 2132 3434 2203 παραινούντων
3465 2133 3572 2202 οὐχ
3619 2132 3720 2186 οὗ·
3825 2185 3827 2203 λ

2117 2231 2245 2276 τως.

2201 2325 2359 2380 Ἀλλά
2388 2329 2493 2382 κᾶν
2528 2329 2841 2404 καταϐάλῃς
2869 2330 2936 2385 τά
2967 2332 3276 2403 σπέρματα.
3306 2333 3401 2386 καὶ
3434 2333 3464 2384 6
3502 2333 3719 2401 ἀκροα-

2117 2414 2215 2485 τὴς
2252 2417 2325 2488 μὴ
2367 2416 2618 2487 δέξηται,
2672 2419 2806 2489 μηδὲ
2839 2419 3035 2491 ἐνέγκῃ
3068 2420 3158 2473 τὸν
3205 2421 3415 2492 καρπδν
3446 2421 3551 2490 τῆς
3605 2423 3717 2474 ὑπ’

2119 2501 2312 2572 ακοῆς,
2352 2504 2416 2556 σὺ
2447 2504 2538 2558 τὸν
2575 2505 2764 2575 μισθὸν
2805 2506 2948 2578 ἔχεις
2987 2508 3389 2580 ἀπηρτισμένον
3419 2509 3582 2581 παρά
3616 2510 3715 2564 τοῦ

2118 2589 2254 2644 Θεοῦ
2301 2592 2400 2663 τῆς
2450 2593 2780 2665 συμϐουλῆς,
2830 2597 2923 2650 καὶ
2977 2597 3244 2669 τοσαύτην
3291 2598 3556 2672 ἀπολήψῃ
3617 2603 3716 2670 τὴν

2119 2679 2375 2752 ἀμοιϐὴν,
2415 2682 2510 2735 καὶ
2563 2684 3014 2754 παρακούσαντος
3060 2685 3293 2748 ἐκείνου,
3338 2687 3470 2756 δσην
3511 2689 3715 2753 ἔλαϐες
3826 2675 3827 2692 ἦ

2120 2767 2205 2826 ἂν.
2255 2770 2304 2821 εί
2357 2767 2667 2841 ὑπήκουσε·
2710 2771 2772 2825 τὸ
2807 2772 2915 2844 γάρ
2958 2773 3157 2826 σαυτοῦ
3198 2776 3304 2828 πᾶν
3347 2775 3708 2845 ὲπλήρωσας.

2119 2855 2225 2910 Τοῦ
2257 2857 2332 2929 μὴ
2365 2861 2551 2912 πεῖσαι
2581 2862 2708 2922 τοὺς
2735 2861 3034 2925 ἀκούοντας
3059 2861 3162 2916 οὑκ
3189 2862 3354 2933 ἐσμὲν
3386 2863 3708 2926 ὑπεύθυνοι,

2119 2943 2255 2998 ἀλλά
2301 2944 2396 3000 τοῦ
2433 2946 2836 3018 συμϐουλεῦσαι
2887 2949 3081 3020 μόνον·
3119 2950 3179 3003 τὸ
3215 2950 3313 3021 μὲν
3341 2950 3456 3022 γὰρ
3506 2968 3712 3023 παραι-

2119 3033 2272 3086 νέσαι
2299 3035 2586 3106 ἡμέτερον,
2610 3037 2672 3091 τὸ
2703 3037 2761 3092 δὲ
2793 3038 3077 3110 πεισθῆναι
3104 3041 3348 3094 ἐκείνων.
3374 3041 3492 3094 Kal
3533 3043 3711 3098 καθά-

2118 3139 2230 3194 περ
2259 3121 2325 3177 ἂν
2360 3125 2516 3194 ἡμῶν
2548 3125 2622 3195 μὴ
2668 3127 3116 3196 παραινεσάντων
3168 3125 3319 3200 [7H]
3357 3129 3535 3200 μυρία
3577 3147 3712 3183 κατ-

2119 3209 2432 3280 ορθώσωσιν
2498 3212 2728 3273 ἐκεῖνοι,
2780 3213 2962 3282 μόνοις
3009 3215 3191 3278 αὐτοῖς
3253 3214 3400 3278 ἄπας
3444 3217 3474 3268 6
3516 3218 3710 3285 μισθὸς

2120 3297 2383 3360 κείσεται.
2419 3301 2553 3370 ἡμῖν
2582 3299 2638 3352 δὲ
2671 3301 2820 3354 οὐδὲν
2852 3302 3003 3355 ἔσται
3033 3302 3095 3356 τὸ
3125 3302 3335 3372 κέρδος,
3379 3304 3583 3374 ἐπειδὴ
3640 3310 3710 3375 μὴ

2122 3385 2649 3458 συνεϐουλεύσαμεν·
2699 3389 2874 3454 οὕτως
2917 3391 2983 3444 ἂν
3041 3391 3203 3462 ἡμῶν
3252 3393 3713 3463 παραινεσάντων

2121 3473 2316 3523 ἐκεῖνοι
2372 3473 2445 3544 μὴ
2489 3476 2851 3546 προσέχωσιν,
2902 3476 3089 3531 ἅπασα
3139 3479 3403 3551 αὑτοὺςή
3462 3482 3714 3551 τιμωρία

2121 3561 2514 3632 καταλήψεται,
2561 3565 2691 3634 ἡμῖν
2735 3565 2790 3618 δὲ
2832 3565 2984 3619 οὐδὲν
3023 3567 3176 3620 ἔσται
3227 3567 3524 3638 ἔγκλημα,
3578 3569 3716 3623 ἀλλά

2120 3650 2214 3702 καὶ
2250 3649 2414 3712 πολὺς
2459 3653 2486 3702 6
2525 3651 2715 3721 μισθὸς
2762 3652 3139 3722 ἀπαντήσεται.
3192 3655 3344 3727 παρά
3389 3657 3490 3710 τοῦ
3537 3657 3711 3710 Θεοῦ·

2119 3737 2178 3788 τὸ
2205 3739 2314 3808 γάρ
2347 3738 2503 3809 ἡμῶν
2535 3740 2680 3793 ἆπαν
2707 3741 3132 3813 ἐπληρώσαμεν.
3167 3743 3519 3798 Καταϐαλεῖν
3547 3746 3714 3816 μόνον

2121 3822 2455 3894 κελευόμεθα
2492 3825 2561 3878 τά
2595 3827 2836 3898 ἀργύρια
2861 3829 2952 3882 ἐπὶ
2981 3832 3109 3893 τοὺς
3136 3829 3498 3902 τραπεζίτας,
3535 3838 3716 3889 εἰπεῖν

2120 3911 2214 3963 καὶ
2264 3912 2681 3983 συμϐουλεῦσαι.
2728 3917 2863 3969 Εἰπὲ
2895 3917 3092 3980 τοίνυν,
3137 3919 3230 3971 καὶ
3263 3923 3606 3991 παραίνεσον
3641 3925 3718 3994 τῷ

2120 3998 2354 4069 ἀδελφῷ.
2399 4000 2538 4054 Ἀλλ’
2586 4002 2688 4056 οὐκ
2741 4004 3002 4075 ἦκουσεν;
3047 4005 3208 4058 Ἀλλά
3259 4008 3322 4060 σὺ
3377 4008 3470 4061 τὸν
3518 4010 3716 4079 μισθὸν

2121 4085 2264 4155 ἔχεις
2292 4088 2723 4160 ἁπηρτισμένον,
2757 4091 2918 4160 μόνον
2950 4093 3015 4146 ἂν
3061 4093 3152 4146 ἀεὶ
3191 4093 3353 4146 τοῦτο
3398 4098 3598 4165 ποιῇς,
3651 4098 3716 4152 ἂν

2123 4174 2392 4244 μηδέποτε
2425 4177 2692 4247 ἀποστῇς,
2719 4178 2823 4242 ἓως
2855 4178 2921 4232 ἂν
2951 4179 3166 4252 πείσῃς,
3198 4181 3302 4244 ἕως
3336 4181 3402 4234 ἂν
3441 4183 3712 4255 ἐμπνέῃς-

2122 4261 2302 4332 Πέρας
2333 4262 2476 4316 έστω
2511 4263 2610 4332 τῆς
2648 4265 2960 4337 συμϐουλῆς
2989 4269 3020 4336 ἡ
3051 4268 3269 4340 ὑπακοὴ
3300 4271 3398 4322 τοῦ
3429 4272 3536 4342 τὴν
3577 4289 3716 4344 παρ-

2120 4349 2326 4403 αίνεσιν
2380 4352 2795 4423 ὑποδεχομένου.
2833 4355 2893 4408 Ὃ
2926 4355 3171 4419 διάϐολος
3212 4357 3357 4412 κατά
3385 4359 3488 4428 τῆς
3540 4377 3722 4429 σωτη-

2123 4441 2246 4511 ρίας
2288 4441 2378 4494 ἀεὶ
2405 4441 2589 4513 τρέχει
2616 4443 2718 4511 τῆς
2748 4443 3044 4515 ἡμετέρας,
3093 4446 3247 4498 οὐδὲν
3297 4447 3467 4510 αὐτὸς
3499 4450 3719 4520 12.06:!-

2121 4545 2248 4595 νων,
2299 4529 2434 4582 ἀλλά
2471 4529 2566 4582 καὶ
2617 4531 2686 4584 τὰ
2744 4532 2980 4601 μέγιστα
3029 4531 3405 4603 βλαπτόμενος
3455 4537 3573 4590 ἀπὸ
3623 4539 3722 4606 τῆς

2122 4617 2388 4688 σπουδῆςο
2419 4618 2534 4670 ἀλλ’
2563 4619 2712 4688 ὅμως
2762 4619 3036 4690 τοσαύτην
3068 4620 3181 4690 ἔχει
3224 4622 3451 4692 μανίαν,
3507 4625 3588 4688 ὡς
3624 4627 3723 4680 καὶ

2121 4705 2380 4768 πολλάκις
2424 4706 2708 4768 ἀδυνάτοις
2756 4707 3055 4777 ἐπιχειρεῖν
3089 4708 3402 4779 πράγμασι,
3444 4713 3550 4765 καὶ
3594 4716 3724 4765 ὲπι-

2122 4792 2310 4848 θέσθαι
2365 4795 2440 4863 μὴ
2484 4795 2641 4864 μόνον
2694 4794 2958 4858 ἐκείνοις,
3003 4794 3097 4859 οὓς
3148 4796 3428 4869 προσδοκᾷ
3494 4802 3724 4864 πάντως

2120 4881 2494 4947 ὑποσκελίζειν
2549 4885 2642 4936 καὶ
2695 4885 3068 4956 περιτρέπειν,
3113 4886 3248 4939 ἀ“λά
3285 4888 3382 4940 καὶ
3426 4888 3530 4953 οὓς
3570 4892 3726 4954 εἰκὸς

2121 4970 2469 5040 περιέσεσθαι
2535 4971 2644 5024 τῶν
2713 4975 3120 5044 μηχανημάτων
3172 4973 3361 5028 αὑτοῦ.
3414 4976 3526 5029 Τὸν
3587 4979 3723 5046 γοῦν

2133 5065 2252 5118 Ἰὼϐ
2284 5063 2495 5118 ἀκούων
2525 5063 2913 5133 ἐπαινούμενον
2944 5063 2959 5100 ί
2997 5061 3153 5134 παρὰ,
3178 5061 3274 5116 τοῦ
3306 5064 3376 5117 τά
3417 5066 3723 5138 ἀπόρρητα

2121 5155 2298 5208 πάντα
2355 5153 2556 5215 εἰδότος
2604 5150 2761 5215 Θεοῦ,
2808 5149 3178 5220 προσεδόκησε
3237 5149 3576 5221 δυνήσεσθαι
3625 5157 3722 5210 καὶ

2123 5242 2508 5315 περιτρέπεινο
2573 5241 2667 5294 καὶ
2728 5240 2828 5294 οὑκ
2886 5238 3098 5309 ἀπέστη
3163 5239 3343 5292 πάντα
3396 5241 3568 5294 κινῶν
3623 5243 3721 5296 καὶ

2125 5329 2516 5402 μηχανώμενος
2541 5330 2570 5380 6
2598 5327 2768 5390 δόλιος
2797 5330 2842 5391 ε,
2890 5327 3030 5384 ὥστε
3078 5327 3439 5381 ὑποσκελίσαι
3473 5328 3570 5382 τὸν
3622 5332 3719 5385 ἂν·

2186 5579 2211 5619 (1
2235 5580 2374 5628 17mm
2412 5593 2504 5628 ms.
2531 5577 2997 5641 ἐχρήσαντοβεινλῐι
3027 5590 3177 5638 marg.
3207 5581 3254 5626 el
3278 5575 3408 5626 alius
3429 5578 3712 5640 χρήσαινω.

2182 5644 2201 5665 ‘
2225 5643 2348 5691 Trvs
2369 5656 2486 5689 mss.
2511 5640 2606 5688 τῶν
2627 5640 2969 5700 ναυαγούντων.

2191 5702 2212 5741 τ
2239 5706 2330 5752 Alii
2359 5711 2460 5762 pos!
2487 5701 3020 5762 ἐπαινούμενονεάᾶιιηί.
3041 5701 3121 5747 καὶ
3147 5701 3524 5762 θαυμαζόμενα-ιι.

2189 5768 2215 5807 8
2241 5765 2299 5815 Ὅ
2326 5760 2479 5820 δόλιος
2493 5765 2631 5812 dcesl
2661 5760 2708 5810 ii)
2730 5760 3017 5824 quibusdam
3049 5775 3161 5810 mss.
