3862 6228
130 336 241 390 96.5

127 451 279 503 suasi
338 448 561 513 fuerint,
595 427 660 503 si.
686 458 922 520 quinque
964 459 1199 517 tantum,
1239 452 1283 506 si
1332 469 1514 520 unus;
1545 471 1721 511 nonne

132 541 295 593 nobis
327 539 429 593 hoc
457 539 657 593 sufiicit
681 540 747 593 ad
774 543 1238 597 consolationem?
1260 543 1372 614 Ego
1402 561 1526 601 vero
1547 546 1718 601 dicam

128 632 391 700 quiddam
420 632 521 685 hoc
546 633 705 685 etiam
733 631 1124 688 vehementius.
1155 634 1300 690 Pone
1326 637 1590 691 neminem
1619 652 1716 690 ηοι

128 721 262 773 stris
279 719 433 773 dictis
451 719 613 773 fuisse
642 735 980 789 persuasum;
999 737 1315 793 quamquam
1346 725 1396 778 id
1421 725 1532 780 fieri
1562 743 1718 781 num-

129 825 298 876 quam
321 817 515 878 potest,
533 810 776 863 nimirum
795 819 850 864 ttt
864 826 1040 865 sermo
1055 813 1104 865 in
1123 821 1227 866 tam
1247 814 1437 868 multas
1453 815 1722 873 auresdis-

133 899 428 953 ειειιιίιιιιιιιε
452 909 601 954 vaCet
621 901 762 954 omni
788 901 956 956 fructu
982 920 995 954 :
1026 914 1386 958 verumtamen
1423 919 1560 975 pone
1585 907 1718 960 istuc

128 1005 258 1044 esse
281 1029 299 1054 ,
326 1005 392 1044 ne
415 991 494 1044 sic
517 990 747 1058 quidem
777 992 930 1048 nobis
974 993 1105 1047 nihil
1141 993 1344 1048 adferet
1370 995 1500 1049 lucri
1541 1010 1719 1051 sermo

134 1091 345 1134 noster.

214 1169 416 1223 Gradus
439 1171 508 1222 ad
535 1171 766 1224 virtutem
792 1180 862 1225 est
880 1172 1045 1225 minus
1068 1173 1384 1244 impudenter
1407 1191 1632 1244 peccare.
1647 1202 1720 1215 --

135 1259 273 1314 Nam
303 1260 512 1315 etiamsi
546 1262 784 1315 nonnulli
836 1263 1057 1332 ingressi
1088 1275 1211 1318 sunt
1249 1280 1542 1332 cauponam
1562 1305 1578 1330 ,
1610 1281 1714 1319 non

132 1362 316 1406 tamen
346 1367 467 1406 cum
495 1353 607 1423 pari
636 1368 735 1422 qua
762 1355 937 1409 solent
964 1356 1291 1425 impudentia
1317 1369 1440 1411 sunt
1472 1357 1713 1427 ingressi,

127 1443 230 1496 sed
260 1443 326 1496 ad
371 1443 537 1512 ipsam
581 1444 741 1497 etiam
773 1459 1010 1499 mensam
1039 1447 1229 1501 crebro
1270 1461 1570 1502 nostrorum
1599 1465 1718 1502 ver-

136 1537 331 1590 borum
353 1535 614 1590 recordati
643 1545 786 1604 sunt,
819 1537 980 1592 subiit
1006 1538 1107 1592 illis
1138 1550 1316 1593 nostra
1345 1539 1711 1610 reprehensio,

137 1626 295 1680 rediit
319 1625 372 1682 in
401 1625 711 1680 memoriam
737 1636 915 1681 nostra
936 1628 1233 1699 objurgatio
1250 1671 1264 1693 ,
1289 1645 1351 1685 ac
1375 1631 1716 1686 recordantes

136 1717 337 1772 rubore
362 1717 546 1772 suffusi
573 1728 730 1785 sunt,
776 1719 1106 1775 erubuerunt
1149 1723 1307 1776 tacita
1353 1723 1712 1793 cogitatione,

136 1824 238 1863 nec
263 1809 421 1862 simili
449 1809 770 1878 impudentia
797 1810 1036 1866 fecerunt
1063 1828 1124 1867 ea
1155 1830 1273 1884 quae
1312 1814 1574 1871 solebant.
1601 1815 1716 1872 Hoc

138 1912 323 1956 autem
363 1902 567 1956 initium
615 1911 699 1958 est
725 1903 909 1959 salutis
937 1904 1257 1977 optimaeque
1279 1906 1619 1974 mutationis,
1668 1909 1713 1963 si

133 2008 301 2062 quem
330 1991 538 2062 penitus
567 1992 650 2048 sui
690 1993 920 2064 pudeat,
967 1997 1010 2050 si
1039 1997 1158 2066 quis
1183 2012 1404 2068 prorsus
1443 1997 1581 2054 facta
1619 2014 1714 2055 sua

128 2084 378 2138 damnet.
423 2083 558 2151 Quin
589 2098 655 2140 ex
689 2085 788 2140 hoc
817 2086 1034 2156 insuper
1057 2097 1112 2144 et
1152 2089 1296 2143 aliud
1327 2089 1482 2145 nobis
1507 2090 1714 2146 lucrum

133 2191 248 2228 non
285 2175 460 2229 minus
487 2176 739 2231 nascitur.
773 2175 1052 2244 Quodnam
1094 2177 1238 2233 hoc?
1279 2178 1541 2234 Nimirum
1585 2180 1714 2236 illttd

137 2264 287 2332 quod
337 2279 433 2319 eos
478 2265 569 2335 qui
599 2265 944 2323 sobrietatem
971 2267 1400 2338 amplectuntur,
1442 2269 1716 2327 reddimus

135 2356 498 2412 modestiores
521 2359 794 2430 magisque
830 2362 1153 2431 compositos
1177 2403 1194 2430 ,
1233 2363 1357 2418 dum
1384 2379 1452 2420 ex
1475 2365 1715 2422 oratione

131 2458 321 2503 ltOslt‘a
350 2450 682 2518 declaratur,
724 2452 865 2522 quod
898 2453 1112 2523 optimis
1151 2455 1412 2512 ducantur
1445 2456 1710 2523 consiliis,

129 2543 226 2610 qui
266 2557 369 2597 non
395 2542 722 2598 abducantur
746 2547 990 2616 exemplo
1013 2546 1387 2602 multitudinis.
1416 2547 1534 2604 Non
1565 2550 1713 2605 erexi

130 2634 354 2702 quidem
379 2642 698 2704 mgrotantes
723 2677 739 2704 ,
762 2646 996 2693 attamen
1020 2653 1114 2693 cos
1143 2639 1231 2710 qui
1259 2640 1476 2707 valent,
1505 2641 1712 2696 reddidi

132 2725 440 2790 firmiores;
470 2741 578 2780 non
619 2726 842 2782 abduxit
879 2728 1136 2798 quosdam
1179 2745 1209 2783 a
1239 2730 1368 2785 vitio
1401 2745 1580 2787 sermo
1617 2745 1714 2786 n0-

129 2828 252 2870 ster
273 2855 288 2881 ,
330 2815 424 2870 sed
455 2825 629 2872 tamen
675 2832 769 2873 eos
793 2818 884 2888 qui
931 2833 1054 2874 cum
1085 2819 1278 2875 virtute
1311 2820 1472 2875 vitam
1513 2827 1712 2891 agunt,

131 2907 371 2963 reddidit
389 2910 718 2965 attentiores.
744 2910 823 2964 Ad
846 2911 962 2967 hare
981 2912 1229 2982 quiddam
1249 2913 1439 2970 addam
1464 2922 1532 2970 tet
1542 2915 1674 2972 tium
1697 2932 1712 2970 :

137 2999 302 3054 hodie
331 3015 434 3054 non
468 3001 705 3070 persuasi
727 3041 742 3068 ,
767 3003 861 3057 sed
887 3017 1004 3058 cras
1030 3004 1254 3060 fortasse
1271 3006 1591 3075 persuadere
1612 3019 1708 3076 po-

132 3100 277 3144 tero.
322 3089 472 3156 Quod
516 3091 562 3145 si
593 3091 769 3146 minus
816 3107 968 3160 cras,
1018 3095 1251 3150 attamen
1283 3096 1578 3166 petentlic,
1623 3104 1716 3151 aut

132 3190 330 3252 quarto
375 3183 442 3236 ab
484 3182 608 3236 hinc
633 3182 722 3238 die
765 3182 1004 3239 fortassis
1043 3198 1384 3254 persuaseru.
1413 3189 1517 3254 Qut
1557 3185 1714 3242 hodie

130 3269 278 3339 quod
303 3269 500 3326 audivit
525 3272 748 3341 repulit,
775 3287 894 3327 cras
915 3272 1154 3328 fortassis
1173 3274 1352 3329 audiet
1373 3289 1437 3330 ac
1461 3273 1713 3345 recipiet:

133 3371 250 3415 tum
280 3362 367 3431 qtti
397 3361 652 3417 hodierno
668 3364 1107 3433 crastinoqttedie
1149 3366 1563 3436 contempserit,
1608 3366 1716 3422 for-

133 3453 304 3537 tusis
326 3459 444 3521 post
467 3452 581 3507 dies
623 3455 926 3523 complures
956 3455 1214 3525 pnebebit
1238 3457 1472 3511 animum
1504 3457 1568 3512 iis
1595 3473 1712 3528 qua:

131 3544 408 3598 dicuntur.
437 3543 874 3614 Quandoquidem
914 3561 1056 3618 sarpe
1095 3547 1332 3618 piscator
1350 3589 1364 3614 ,
1390 3550 1480 3619 qui
1509 3566 1604 3620 per
1632 3559 1712 3604 to-

133 3647 251 3688 tum
269 3635 409 3690 diem
428 3650 648 3690 vacuum
666 3637 881 3691 attraxit
905 3645 1018 3693 rete
1037 3679 1053 3704 ,
1078 3639 1177 3693 sub
1202 3651 1412 3695 noctem
1430 3641 1542 3712 jam
1568 3642 1715 3698 abire

131 3739 364 3796 parans,
395 3735 584 3795 capto,
610 3727 698 3796 qui
729 3728 896 3796 ipsum
931 3743 1022 3798 per
1051 3737 1216 3784 totum
1250 3730 1510 3788 fefellerat
1538 3733 1710 3802 diem,

138 3820 323 3885 pisce,
352 3816 597 3872 discedit.
626 3817 777 3885 Quod
806 3820 850 3873 si
889 3819 1010 3874 ideo
1048 3820 1241 3876 victuri
1260 3833 1451 3874 sumus
1487 3821 1538 3875 in
1566 3823 1712 3890 otio,

130 3919 191 3963 et
219 3907 288 3962 ab
311 3908 556 3963 omnibus
588 3908 885 3964 actionibus
909 3909 1173 3966 videbitur
1195 3911 1565 3968 abstinendum
1589 3953 1606 3980 ,
1648 3929 1715 3969 eo

130 3999 282 4071 quod
307 4014 517 4069 semper
553 4001 764 4068 evenit,
799 4011 856 4057 ut
901 4001 1094 4058 alicubi
1131 4001 1450 4059 frustremur
1486 4007 1711 4076 optatis,

132 4093 386 4148 universa
435 4093 589 4148 nobis
629 4095 846 4164 perierit
875 4096 980 4150 vita
1013 4113 1029 4148 :
1059 4110 1158 4150 nec
1189 4095 1482 4166 spiritualia
1517 4097 1712 4165 modo,

133 4198 326 4236 verum
352 4185 509 4237 ctiam
537 4183 623 4237 illa
651 4199 770 4254 quae
812 4184 878 4238 ad
910 4184 1031 4240 vita:
1059 4185 1336 4255 praesentis
1376 4201 1528 4240 usum
1555 4186 1718 4256 perti-

133 4282 308 4341 nent,
361 4275 519 4328 simul
561 4275 861 4331 interierint
900 4277 1100 4332 omnia.
1141 4277 1350 4334 Etenim
1395 4279 1440 4334 si
1485 4279 1714 4349 agricola

133 4367 384 4438 protinus
420 4366 488 4419 ab
536 4366 854 4437 agricultura
895 4369 1136 4436 resiliat,
1181 4369 1321 4440 quod
1347 4369 1513 4424 semel
1557 4379 1716 4442 atque

138 4461 334 4512 iterum
365 4466 458 4511 aut
481 4460 675 4528 saepius
701 4458 956 4514 acciderit
995 4461 1134 4516 aeris
1161 4461 1490 4532 inaequalitas
1509 4502 1526 4528 ,
1567 4462 1713 4518 brevi

138 4548 289 4603 fume
317 4549 608 4617 peribimus
635 4564 845 4606 omnes.
893 4549 1024 4605 item
1064 4550 1110 4605 si
1137 4553 1418 4607 nauclerus
1445 4553 1515 4606 ob
1548 4555 1712 4608 semel

133 4653 301 4710 atque
338 4641 527 4696 iterum
555 4681 570 4706 ,
604 4651 695 4696 aut
732 4643 927 4712 smpius
952 4643 1192 4698 obortam
1232 4653 1598 4714 tempestatem
1630 4643 1714 4700 fu-

129 4732 249 4802 giat
295 4746 479 4800 mare,
522 4731 754 4788 futurum
794 4743 905 4800 est,
937 4744 998 4789 ut
1039 4749 1198 4790 nemo
1224 4737 1449 4790 vehatur
1491 4738 1712 4808 pelago,

130 4835 298 4893 atque
318 4823 440 4880 hinc
478 4841 688 4880 rursum
736 4827 985 4896 peribunt
1030 4827 1184 4883 nobis
1208 4829 1385 4884 omnia
1413 4831 1538 4885 vita:
1567 4845 1714 4886 com-

134 4915 319 4971 moda.
368 4915 522 4984 Quod
562 4917 606 4973 si
642 4932 738 4987 per
763 4918 995 4990 singulas
1034 4931 1177 4976 artes
1223 4937 1569 4992 percurrens,
1617 4923 1715 4980 ista

132 5023 260 5076 quae
306 5024 403 5063 nos
443 5007 618 5066 facere
663 5011 780 5078 vis,
821 5012 1080 5076 suadeas,
1127 5029 1486 5086 ntoneasque,
1526 5026 1716 5072 cuncta

130 5097 376 5153 funditus
413 5098 737 5165 interibunt,
786 5111 1030 5172 terraque
1054 5105 1255 5159 carebit
1298 5105 1504 5161 incolis.
1537 5106 1716 5176 Itaque

133 5201 265 5241 eum
293 5186 410 5242 haec
437 5203 627 5244 omnes
671 5190 843 5245 sciant
862 5233 879 5258 ,
908 5192 1116 5247 etiamsi
1144 5195 1309 5249 semel
1337 5204 1496 5265 atque
1527 5197 1715 5250 iterum

132 5286 232 5331 aut
279 5280 474 5347 smpius
528 5281 764 5336 frustrati
811 5283 1006 5340 fuerint
1051 5295 1234 5357 optato
1277 5290 1612 5358 negotiorum
1664 5291 1715 5344 itt

132 5369 336 5440 quibus
384 5383 666 5428 versantur
702 5375 851 5430 exitu
883 5393 896 5432 :
929 5377 1108 5433 denuo
1135 5378 1250 5450 pari
1289 5395 1409 5435 cum
1443 5381 1718 5438 alacritate

130 5459 364 5516 redeunt
387 5461 452 5517 ad
476 5463 683 5519 eadem.

223 5550 277 5604 δ.
303 5550 435 5620 Qua:
457 5568 576 5608 cum
607 5555 760 5611 nobis
779 5557 938 5612 etiam
969 5567 1094 5613 nota
1119 5559 1227 5615 sint
1250 5560 1456 5626 omnia,
1485 5561 1720 5616 dilectis-

132 5639 293 5704 simi,
345 5657 414 5697 ne
451 5660 632 5714 qumso
684 5646 1018 5717 proferamus
1066 5649 1204 5716 ista,
1255 5666 1388 5705 neve
1435 5652 1715 5719 dicamus,

137 5729 270 5796 quid
303 5733 453 5789 nobis
483 5744 564 5791 est
590 5746 667 5792 tot
694 5739 867 5794 verbis
895 5739 1063 5810 opus?
1090 5739 1242 5795 Nulla
1285 5755 1350 5796 ex
1377 5740 1479 5796 hoc
1507 5756 1714 5797 sermo-

1375 343 1461 398 υΕ
1502 341 1775 400 LAZARO
1806 340 2061 403 CONCIO
2090 348 2132 402 l.

3303 353 3407 412 966

1829 473 1896 511 ne
1926 467 2202 528 promanat
2233 468 2450 515 utilitas.
2474 464 2606 516 Nam
2637 471 2690 516 et
2714 464 2964 534 agricola,
2996 465 3082 519 ubi
3127 471 3292 525 semel
3322 481 3410 524 at-

1827 563 1931 616 que
1961 549 2152 602 iterum
2199 565 2262 604 ac
2309 552 2503 619 smpius
2547 567 2732 608 semen
2784 568 2912 609 arvo
2959 557 3261 620 commisit,
3298 575 3404 616 nec

1826 639 1964 693 votis
2002 638 2278 708 respondit
2312 651 2636 710 proventus,
2682 658 2865 698 rursus
2906 644 3149 699 eamdem
3190 659 3407 701 exercet

1827 738 2060 798 segetem
2088 744 2260 799 neque
2302 745 2426 785 raro
2451 730 2537 798 fit,
2567 741 2623 785 ut
2653 733 2816 787 totius
2861 733 3116 804 temporis
3141 735 3404 804 jacturam

1826 836 1932 874 uno
1957 821 2151 875 sarciat
2193 836 2354 876 anno.
2385 821 2472 878 Sic
2503 832 2556 878 et
2585 825 2883 895 negotiator
2919 839 3240 895 quamquam
3283 841 3404 882 cre—

1826 909 1925 964 bro
1952 911 2078 966 fecit
2104 912 2444 982 naufragium
2466 954 2482 981 ,
2513 929 2618 969 non
2660 924 2838 971 tamen
2883 916 3114 972 abstinet
3138 931 3170 971 a
3199 925 3354 988 portu
3382 958 3402 985 ,

1823 1001 1998 1057 sedet
2041 1011 2387 1074 posteaquam
2433 1006 2607 1060 navim
2637 1006 2906 1074 detraxit,
2955 1016 3011 1061 et
3060 1016 3245 1061 nautas
3269 1021 3403 1061 con-

1822 1093 2011 1158 duxit,
2067 1095 2306 1163 pecuniis
2352 1101 2537 1150 mutuo
2566 1096 2830 1166 acceptis,
2859 1096 3045 1152 eadem
3096 1097 3404 1168 aggreditur

1821 1184 2064 1253 negotia,
2097 1184 2252 1255 idque
2278 1201 2397 1240 cum
2425 1185 2593 1240 nihilo
2633 1189 2800 1257 magis
2832 1196 2958 1242 tunc
2980 1189 3111 1243 sciat
3136 1188 3406 1259 quomodo

1821 1288 2096 1329 cessurum
2122 1276 2220 1343 sit,
2254 1293 2411 1348 quant
2449 1279 2644 1332 scierat
2669 1286 2846 1334 antea.
2889 1279 3125 1351 Denique
3163 1282 3402 1352 quicum-

1821 1382 1924 1436 que
1952 1367 2128 1422 solent
2164 1368 2377 1438 aggredi
2405 1384 2515 1423 rem
2542 1384 2930 1440 quamcumque
2949 1410 2964 1434 ,
2993 1371 3063 1426 ita
3085 1370 3258 1427 facere
3282 1385 3401 1426 cano

1821 1467 2106 1512 sueverunt
2129 1499 2145 1525 ,
2174 1460 2619 1530 quemadmodum
2667 1459 2866 1517 faciunt
2892 1462 3122 1532 agricola
3151 1478 3217 1518 ac
3237 1478 3401 1534 nego-

1823 1551 1998 1604 tiator.
2025 1549 2092 1604 Et
2124 1562 2243 1619 post
2271 1551 2386 1605 ha-c
2411 1567 2530 1606 cum
2564 1552 2634 1606 illi
2674 1562 2870 1607 tantam
2901 1553 3188 1609 adhibeant
3218 1568 3400 1610 curam

1821 1641 2165 1710 studiumque
2194 1641 2334 1696 circa
2362 1657 2451 1697 res
2491 1643 2556 1696 ad
2595 1644 2867 1712 praesentis
2895 1659 3049 1698 usum
3079 1645 3200 1700 vita:
3242 1646 3403 1715 perti-

1821 1738 2006 1786 nentes
2025 1772 2041 1795 ,
2071 1731 2194 1786 licet
2215 1732 2387 1786 exitus
2407 1731 2476 1786 sit
2506 1732 2736 1788 incertus
2767 1745 2783 1787 :
2811 1747 2910 1788 nos
2927 1734 2973 1788 si
2999 1733 3274 1804 loquentes
3294 1750 3399 1788 non

1818 1821 1982 1876 auditi
2004 1820 2256 1876 fuerimus
2277 1863 2293 1886 ,
2320 1822 2460 1876 illico
2488 1822 2829 1878 desinemus?
2856 1823 2926 1879 Et
2950 1839 3108 1895 quam
3141 1824 3402 1881 obtinebi-

1822 1926 1940 1967 mns
1967 1912 2219 1966 veniam?
2243 1911 2377 1980 Quid
2399 1912 2752 1968 excusationis
2776 1913 3100 1969 aiferemus?
3127 1915 3193 1970 Et
3222 1925 3398 1970 tamen

1821 2002 1926 2056 illis
1949 2042 1965 2068 ,
1997 2001 2040 2056 si
2072 2016 2176 2056 non
2208 2003 2554 2068 successerit,
2586 2002 2759 2057 nullus
2787 2012 2868 2058 est
2910 2003 2999 2073 qtti
3027 2003 3280 2060 damnum
3307 2019 3399 2059 ac-

1821 2102 2031 2163 ceptum
2065 2093 2229 2149 leniat
2263 2111 2279 2148 :
2311 2093 2471 2148 veluti
2510 2094 2555 2148 si
2585 2110 2730 2149 mare
2757 2095 2931 2149 navim
2961 2093 3207 2151 [luctibus
3235 2096 3398 2151 obru-

1819 2184 1954 2252 erit,
1987 2198 2146 2238 nemo
2193 2182 2487 2238 medebitur
2532 2183 2723 2253 inopiae
2766 2183 3006 2256 naufragi
3037 2201 3051 2239 :
3082 2185 3126 2240 si
3167 2185 3250 2240 vis
3293 2186 3400 2240 im-

1820 2276 1991 2330 brium
2023 2274 2187 2331 efl'usa
2212 2275 2264 2330 in
2291 2289 2475 2330 arvum
2502 2274 2799 2344 praefocarit
2825 2285 3116 2332 sementem
3141 2317 3156 2340 ,
3186 2277 3394 2346 cogitur

1820 2367 2048 2437 agricola
2073 2367 2254 2422 vacuis
2281 2366 2526 2422 manibus
2570 2366 2716 2422 abire
2741 2367 2977 2422 domum.
3002 2365 3194 2422 Nostra
3226 2383 3354 2422 vero
3371 2409 3390 2435 ,

1819 2475 1939 2515 cum
1951 2459 2217 2530 loquimur
2227 2466 2316 2513 aut
2331 2458 2694 2523 exhortamur,
2713 2473 2817 2514 non
2830 2469 2910 2514 est
2925 2457 3114 2514 eadem
3136 2458 3392 2515 conditio.

1893 2549 2128 2604 Ministro
2185 2548 2319 2608 verbi
2336 2589 2351 2613 ,
2381 2549 2530 2602 etiam
2566 2549 2611 2602 si
2654 2556 2821 2618 pereat
2860 2564 3043 2619 opera,
3081 2564 3182 2602 non
3228 2557 3394 2602 tamen

1821 2642 1969 2713 periit
1997 2657 2203 2696 merces.
2228 2669 2301 2682 —-
2326 2639 2438 2695 lmo
2465 2640 2508 2694 si
2547 2655 2730 2695 semen
2763 2655 2860 2710 per
2889 2649 2939 2695 te
2963 2640 3162 2710 jactum
3191 2641 3401 2696 auditor

1817 2747 1926 2787 non
1967 2731 2260 2800 receperit,
2293 2745 2389 2785 nec
2417 2729 2732 2785 obedientize
2761 2730 2988 2785 fructum
3019 2731 3261 2786 retulerit
3286 2773 3300 2792 .
3333 2745 3395 2791 tu

1819 2828 1996 2874 tamen
2039 2819 2411 2874 communicati
2453 2818 2656 2874 consilii
2693 2818 2989 2874 mercedem
3029 2818 3138 2874 fers
3177 2834 3206 2872 a
3246 2819 3393 2878 Deo.

1821 2925 1920 2966 nec
1947 2909 2122 2964 minus
2157 2909 2387 2978 accipies
2416 2909 2616 2979 praemii
2649 2924 2754 2962 non
2793 2909 3022 2976 auditus,
3054 2925 3212 2981 quam
3447 2908 3456 2922 '

1820 3009 2007 3069 ptttrus
2035 3013 2157 3054 eras
2181 3039 2197 3065 ,
2232 2999 2278 3052 si
2307 2998 2397 3053 ille
2434 2997 2869 3067 obtemperasset.
2898 2999 3048 3067 Quod
3081 3011 3193 3055 erat
3221 3001 3272 3054 in
3302 3011 3355 3055 te
3375 3039 3392 3066 .

1819 3090 2110 3161 praestitisti
2141 3107 2154 3143 :
2182 3098 2430 3145 caeterum
2457 3089 2523 3143 ad
2551 3088 2600 3143 id
2620 3130 2636 3156 ,
2665 3098 2723 3144 ttt
2750 3091 3162 3160 persuadeamus
3185 3076 3395 3146 audito-

1818 3181 1999 3247 ribus,
2027 3195 2131 3235 non
2159 3194 2344 3235 sumus
2369 3179 2637 3243 obstricti,
2665 3179 2757 3234 sed
2786 3189 2989 3235 tantum
3019 3190 3074 3249 ut
3103 3167 3392 3238 admonea-

1819 3287 1955 3328 mus.
1990 3272 2198 3329 Nostrae
2222 3272 2434 3343 quidem
2471 3282 2651 3340 partes
2675 3281 2798 3328 sunt
2821 3272 3108 3346 admonere
3130 3315 3147 3341 ,
3180 3274 3390 3329 illorum

1819 3380 1949 3420 vero
1989 3364 2377 3433 obtemperare.
2412 3363 2479 3417 Et
2515 3359 2958 3434 quemadmodmn
3001 3364 3046 3418 si
3082 3379 3180 3420 nos
3207 3365 3396 3419 admo-

1819 3457 1979 3512 nendi
2023 3454 2202 3511 officio
2245 3454 2410 3511 functi
2449 3470 2554 3528 non
2586 3441 2842 3510 fuerimus
2865 3494 2881 3520 ,
2909 3455 3115 3510 etiamsi
3144 3465 3395 3511 sexcenta

1819 3549 1895 3604 illi
1933 3547 2073 3604 bona
2111 3562 2275 3618 opera
2314 3547 2608 3614 ediderint,
2650 3546 2779 3617 ipsis
2820 3545 2948 3602 solis
2983 3547 3276 3618 repositum
3314 3557 3398 3602 est

1819 3638 2096 3710 praemium
2121 3680 2136 3704 ,
2166 3638 2233 3693 ad
2263 3653 2361 3693 nos
2388 3638 2517 3693 nihil
2545 3637 2737 3693 redibit
2772 3637 2938 3704 lucri,
2971 3637 3394 3708 quandoquidem

1819 3745 1926 3785 non
1964 3729 2207 3785 dedimus
2240 3727 2519 3784 consilium
2552 3729 2666 3782 :ita
2705 3728 2750 3783 si
2795 3728 2947 3783 nobis
2989 3727 3397 3783 admonentibus

1819 3822 1897 3877 illi
1941 3835 2048 3876 non
2092 3820 2461 3887 auscultarint,
2505 3818 2572 3874 ad
2615 3821 2758 3889 ipsos
2797 3820 2941 3874 solos
2981 3819 3177 3875 redibit
3221 3820 3398 3876 omnis

1820 3914 1990 3979 ultio,
2035 3911 2188 3966 nobis
2231 3921 2405 3966 autem
2451 3909 2583 3964 nihil
2627 3910 3010 3979 imputabitur,
3055 3911 3180 3982 quin
3223 3911 3397 3981 potius

1819 4002 2032 4072 copiosa
2064 4014 2270 4056 merces
2296 3999 2449 4055 nobis
2476 3999 2656 4055 veniet
2692 4015 2722 4053 a
2755 4001 2882 4054 Deo.
2929 3999 3199 4068 Siquidem
3241 3999 3394 4069 quid-

1818 4091 1942 4162 quid
1986 4091 2039 4145 in
2089 4091 2242 4146 nobis
2279 4098 2394 4146 erat
2429 4090 2621 4155 situm,
2670 4091 3027 4160 prtestitimus.
3071 4089 3212 4144 Nihil
3254 4088 3396 4144 aliud

1815 4184 2096 4254 iubemur,
2124 4198 2282 4253 quam
2317 4181 2456 4252 apud
2494 4183 2789 4238 mensarios
2825 4181 3092 4250 deponere
3118 4180 3393 4251 pecuniam

1819 4272 2030 4345 (Matth.
2055 4271 2148 4328 25.
2173 4272 2286 4344 27),
2315 4273 2456 4342 loqui
2483 4282 2537 4328 et
2562 4272 2861 4328 consulere.
2894 4273 3137 4342 Loquere
3162 4272 3321 4342 igitur
3343 4283 3395 4326 et

1819 4363 2048 4418 admone
2077 4361 2316 4419 fratrem.
2342 4363 2538 4419 Verum
2564 4379 2668 4418 non
2694 4363 2912 4418 audivit.
2935 4363 3014 4418 Tu
3038 4363 3203 4418 nihilo
3226 4363 3396 4418 secius

1823 4454 1989 4511 habes
2027 4465 2262 4525 paratam
2297 4456 2628 4521 mercedem,
2668 4457 2715 4510 si
2753 4471 2858 4510 non
2893 4456 3181 4522 destiteris,
3224 4458 3398 4526 prius-

1819 4559 1977 4614 quam
1999 4546 2342 4616 persuadeas,
2362 4545 2531 4600 donec
2551 4546 2791 4617 spiritum
2816 4545 3097 4601 efﬂaveris.
3121 4546 3399 4602 Terminus

1821 4636 2070 4690 monendi
2106 4636 2175 4690 sit
2201 4636 2502 4691 obedientia
2528 4637 2873 4691 monitionem
2904 4646 3044 4690 tuam
3071 4635 3394 4706 recipientis.

1823 4728 2073 4782 Diabolus
2096 4729 2477 4783 circumcursat
2504 4727 2763 4784 obsistere
2787 4729 3006 4798 cupiens
3034 4737 3234 4783 nostra
3257 4730 3398 4784 salu-

1825 4817 1898 4880 ti,
1931 4832 2032 4870 nou
2059 4817 2230 4873 solum
2259 4818 2372 4886 ipse
2395 4817 2525 4872 nihil
2555 4816 2679 4872 hinc
2704 4817 2833 4872 lucri
2863 4826 3178 4887 reportans,
3211 4834 3397 4874 verum

1821 4908 1978 4962 etiam
2004 4922 2099 4961 suo
2117 4907 2291 4962 studio
2309 4909 2618 4977 gravissima
2633 4907 2944 4963 detrimenta
2967 4909 3066 4964 sibi
3086 4911 3397 4966 concilians.

1821 4997 1871 5052 ls
1899 5007 2074 5053 tamen
2099 5013 2266 5069 usque
2289 4999 2424 5054 adeo
2449 5014 2675 5054 vesanus
2698 5008 2800 5068 est,
2823 5011 2879 5054 ut
2907 5001 3211 5071 frequenter
3234 5011 3288 5058 et
3312 5004 3397 5058 illa

1821 5099 2028 5157 tentet,
2056 5106 2175 5159 quae
2202 5089 2316 5146 fieri
2355 5105 2460 5146 non
2489 5099 2709 5161 possunt
2735 5109 2748 5144 :
2777 5107 2876 5146 nec
2914 5090 3032 5147 illos
3060 5093 3232 5148 solum
3262 5094 3396 5148 ado-

1821 5183 2010 5248 riatur,
2041 5195 2177 5252 quos
2200 5181 2418 5236 omnino
2443 5181 2660 5236 conlidit
2683 5197 2743 5236 se
2771 5182 3224 5252 supplantaturum
3249 5183 3397 5251 deje—

1820 5283 2152 5342 cturumque,
2178 5287 2363 5327 verum
2389 5273 2549 5327 etiam
2571 5287 2685 5339 eos,
2707 5288 2841 5343 quos
2867 5274 3136 5343 probabile
3158 5283 3241 5329 est
3263 5275 3395 5329 arti-

1821 5365 1920 5419 bns
1938 5363 2106 5433 ipsius
2128 5363 2239 5418 fore
2257 5363 2576 5434 superiores.
2596 5363 2781 5434 itaque
2797 5379 2915 5419 cum
2934 5365 3141 5420 audiret
3161 5365 3363 5420 laudari
3376 5366 3394 5400 '

1819 5455 1918 5513 Job
1951 5457 2016 5512 ab
2040 5471 2107 5511 eo
2130 5497 2144 5519 ,
2172 5455 2262 5527 qui
2301 5455 2446 5512 novit
2484 5469 2675 5510 arcana
2702 5455 2879 5510 omnia
2903 5497 2920 5523 ,
2949 5451 3192 5509 nimirum
3235 5455 3347 5511 Deo
3368 5497 3386 5522 ,

1820 5547 2064 5621 sperabat
2092 5547 2223 5611 fore,
2253 5553 2310 5600 ttt
2335 5562 2455 5602 eum
2480 5547 2793 5601 subvertere
2817 5554 2997 5614 posset
3024 5563 3038 5600 :
3065 5559 3162 5600 nec
3188 5544 3396 5602 destitit

1821 5639 1997 5694 omnia
2025 5653 2240 5694 movere
2262 5638 2561 5708 molirique,
2588 5652 2694 5708 quo
2719 5638 3078 5708 supplantaret
3099 5636 3390 5704 hominem,

1887 5754 1904 5785 ί
1940 5751 2026 5802 Alii
2048 5758 2174 5815 post,
2198 5749 2392 5800 (attdari
2410 5789 2423 5810 ,
2449 5749 2645 5810 addunt,
2671 5749 3127 5815 admirationcmqne
3148 5744 3375 5801 oblinere.
