3862 6228
425 367 532 428 967

425 501 529 542 nec
567 486 875 556 desperavit
914 488 1154 561 impurus
1194 488 1282 544 ille
1319 504 1384 544 ac
1419 487 1865 545 sceleratissimus
1904 488 2014 542 da:-

426 589 555 631 mon
589 594 604 632 :
636 577 792 650 idque
822 595 942 635 cunt
976 580 1116 637 Deus
1153 582 1297 651 justo
1324 579 1398 636 illi
1441 588 1646 634 tantum
1685 579 1893 634 virtutis
1921 593 2020 632 suo

423 667 680 739 suffragio
713 669 1004 727 tribuisset.
1050 672 1117 728 Et
1156 680 1276 742 post
1312 669 1429 727 haec
1471 686 1578 727 non
1620 670 2017 737 erubescimus,

431 774 606 829 neque
635 761 839 831 pudore
867 762 1244 831 suffundimur,
1271 762 1359 820 dic
1385 763 1537 829 mihi,
1562 763 1605 818 si
1631 778 1753 819 cum
1780 761 2021 818 diabolus

393 883 412 894 νς
430 868 718 924 numquam
742 853 991 925 desperet
1013 865 1249 912 nostram
1272 857 1584 928 perniciem,
1607 855 1700 912 sed
1725 854 2023 911 indesinen-

427 952 510 998 ter
529 959 646 1000 eam
669 957 960 1016 exspectet,
985 963 1084 1002 nos
1100 946 1322 1004 fratrum
1339 949 1566 1004 salutem
1588 947 2024 1018 desperabimus?

425 1034 491 1088 Et
525 1043 699 1089 tamen
742 1037 889 1094 illum
924 1039 1183 1104 decebat,
1225 1040 1389 1095 etiam
1431 1040 1739 1110 priusquam
1773 1049 2024 1109 expertus

429 1135 592 1193 esset,
623 1143 654 1182 e
682 1128 822 1184 lucta
849 1130 1120 1192 abstinere
1148 1149 1164 1188 :
1194 1147 1318 1187 nam
1349 1132 1488 1187 Deus
1515 1141 1629 1187 erat
1655 1132 1742 1202 qui
1773 1131 2020 1185 testimo-

423 1218 568 1274 ninm
614 1217 816 1274 ferebat
843 1220 910 1276 de
944 1221 1074 1291 justi
1112 1222 1330 1278 virtute.
1374 1221 1485 1278 Nec
1519 1231 1694 1278 tamen
1725 1223 2016 1288 abstinuit,

436 1308 532 1364 sed
555 1326 664 1379 prze
687 1311 852 1367 nimio
873 1311 1074 1381 furore,
1101 1330 1207 1386 quo
1229 1315 1399 1370 fertur
1417 1314 1698 1370 adversum
1722 1331 1840 1384 nos,
1863 1315 2024 1371 etiam

433 1411 556 1471 post
585 1404 673 1457 Dei
707 1405 1066 1462 testimonium
1093 1407 1342 1478 sperabat
1371 1406 1628 1476 futurum,
1653 1417 1710 1463 ut
1734 1408 1875 1463 illius
1898 1417 2028 1462 atta-

435 1494 506 1546 tis
547 1497 988 1563 prtestantissimo
1025 1498 1142 1553 viro
1167 1499 1411 1568 superior
1448 1499 1718 1554 evaderet.
1761 1497 2026 1554 Caeterum

434 1585 568 1639 nihil
599 1595 683 1640 est
711 1588 816 1642 tale
839 1629 855 1652 ,
889 1588 1030 1658 quod
1060 1604 1158 1644 nos
1189 1589 1240 1644 in
1271 1589 1702 1659 desperationem
1733 1589 1947 1660 adigat,
1976 1597 2030 1644 et

429 1685 611 1730 tamen
641 1675 966 1732 desistimus.
993 1681 1070 1734 Ac
1099 1679 1342 1734 diabolus
1369 1679 1583 1750 quidem
1623 1687 1837 1733 vetante
1870 1680 1979 1733 Deo
2009 1721 2025 1745 ,

432 1783 538 1820 non
565 1767 791 1823 discedit
823 1784 852 1823 a
882 1784 1057 1838 pugna
1087 1769 1368 1824 adversum
1397 1785 1495 1824 nos
1519 1777 1765 1840 suscepta
1801 1785 1814 1822 :
1848 1778 1905 1823 tu
1935 1784 2028 1824 ve-

428 1873 486 1910 ro
512 1873 631 1912 cum
662 1859 800 1913 Deus
825 1860 1043 1914 mandet
1072 1861 1486 1931 exstimuletqne
1507 1860 1572 1916 ad
1601 1860 2029 1917 subveniendum

429 1950 588 2020 lapsis
612 1994 627 2014 ,
661 1952 836 2007 resilis
872 1951 1196 2024 refugisque.
1230 1953 1487 2008 Audierat
1512 1953 1758 2009 diabolus
1789 1955 2014 2024 loquen-

429 2052 534 2097 tem
558 2043 743 2108 Dcum,
769 2042 938 2098 Homo
949 2048 1141 2116 justus,
1165 2061 1338 2110 verax,
1363 2047 1540 2100 timens
1565 2045 1746 2110 Deum,
1767 2045 2023 2100 abstinens

431 2136 490 2195 ut)
517 2136 654 2190 omni
679 2152 828 2206 opere
854 2138 988 2192 malo
1018 2137 1159 2207 (Job.
1193 2139 1241 2192 1.
1273 2139 1333 2207 8)
1357 2179 1374 2206 ,
1401 2139 1652 2211 quodque
1683 2140 1857 2196 nullus
1881 2151 2024 2197 esset

432 2226 506 2279 illi
533 2226 725 2281 similis
745 2242 810 2281 ex
833 2227 918 2296 iis,
942 2229 1032 2298 qui
1056 2237 1182 2283 sunt
1199 2245 1362 2300 super
1381 2239 1578 2285 terram
1592 2272 1607 2295 ,
1630 2239 1685 2286 et
1705 2239 1880 2287 tamen
1909 2240 2028 2301 past

437 2327 584 2372 tanta
630 2319 862 2390 taliaque
905 2321 1103 2391 judicia
1147 2323 1508 2392 perseveravit
1548 2321 1777 2378 dicere:
1810 2322 1940 2394 quid
1986 2324 2034 2379 si

438 2408 654 2477 quando
674 2411 1027 2480 perpetuitate
1053 2411 1521 2483 magnitudineque
1541 2412 1802 2468 malorum
1828 2413 2038 2468 irruen-

444 2501 574 2552 tium
618 2500 821 2554 valeam
853 2499 1000 2555 illunt
1027 2517 1282 2571 superare
1305 2543 1321 2569 ,
1350 2513 1403 2558 et
1431 2501 1570 2558 hanc
1598 2502 1866 2559 excelsam
1895 2502 2033 2573 deji-

440 2606 564 2644 cere
595 2591 824 2645 turrim?

513 2681 566 2735 4.
600 2680 731 2750 Quis
759 2681 918 2752 igitur
942 2682 1045 2737 erit
1070 2683 1222 2738 nobis
1253 2685 1423 2740 venite
1454 2684 1601 2738 locus
1620 2726 1636 2752 ,
1667 2685 2033 2755 dilectissimi,

434 2784 526 2828 aut
557 2774 685 2843 qttid
713 2776 1106 2844 exeusabimus,
1133 2777 1325 2832 si'cutn
1356 2788 1498 2831 tanta
1527 2777 1592 2832 sit
1626 2777 1749 2832 mali
1775 2778 2037 2834 dit-monis

436 2870 486 2921 in
525 2877 764 2925 nostrum
787 2867 1098 2924 insanientis
1139 2869 1357 2924 exitium
1383 2869 1653 2940 vigilantia
1676 2910 1691 2935 ,
1716 2884 1815 2924 nos
1838 2886 1906 2925 ne
1928 2881 2034 2925 tau-

437 2960 601 3015 tulutn
627 2961 844 3032 quidem
866 2960 1057 3017 similis
1101 2961 1389 3032 diligentia:
1408 2961 1692 3018 atl'eramus
1710 2962 1778 3017 ad
1801 2963 2028 3018 salutem

445 3053 667 3108 fratrum
700 3063 1002 3109 nostrorum
1023 3093 1040 3119 ,
1070 3054 1363 3124 praesertim
1390 3069 1509 3108 cum
1550 3052 1714 3109 Deum
1745 3052 2036 3110 habeamus

441 3144 847 3200 auxiliatorem?
869 3144 1048 3216 Itaque
1065 3161 1184 3200 cum
1204 3145 1400 3200 videris
1417 3143 1635 3201 fratrem
1655 3157 1802 3201 tuum
1821 3146 2035 3214 durum,

437 3235 686 3305 rigidum,
713 3236 1035 3308 minimeque
1063 3246 1349 3305 attentum,
1380 3237 1468 3293 dic
1491 3237 1630 3307 apud
1662 3239 2034 3309 temetipsum:

441 3327 567 3396 quid
597 3328 641 3381 si
672 3342 956 3399 progressu
989 3329 1248 3400 temporis
1277 3329 1561 3398 aliquando
1591 3327 1864 3384 valeamus
1891 3329 2038 3384 illum

439 3416 694 3472 ﬂectere?
725 3418 836 3472 lloc
878 3419 1128 3472 nimirum
1169 3427 1225 3474 et
1265 3419 1460 3474 Paulus
1501 3420 1753 3489 prmccpit
1780 3438 1793 3473 :
1824 3419 2041 3476 Seruum

443 3507 655 3562 Domini
702 3525 799 3562 non
842 3519 1036 3578 oportet
1082 3513 1310 3583 litigare,
1354 3511 1443 3565 sed
1483 3511 1742 3582 placidum
1780 3528 1887 3567 esse
1921 3529 2043 3585 erga

442 3610 666 3660 rtntctos,
703 3600 1010 3654 erudientem
1041 3617 1125 3656 eos
1149 3601 1237 3671 qui
1263 3602 1498 3655 resistunt
1527 3603 1743 3668 veritati,
1773 3603 1820 3656 si
1839 3606 2043 3670 quando

448 3689 531 3744 de!
570 3689 671 3742 illis
711 3686 848 3742 Deus
888 3691 1230 3760 pamitentiam
1267 3691 1320 3745 in
1360 3691 1668 3761 agnitionem
1707 3693 1928 3747 veritatis
1961 3693 2040 3762 (2.

445 3778 574 3833 Tim.
598 3779 652 3834 2.
681 3780 768 3834 Ξῖ.
797 3781 909 3850 ‘25).
935 3782 1126 3837 Annon
1159 3783 1303 3837 vides
1329 3791 1598 3854 parentes,
1620 3784 1891 3855 quomodo
1915 3784 2038 3841 filiis

443 3872 573 3934 suis,
595 3872 718 3926 licet
745 3871 1053 3942 frequenter
1066 3873 1382 3944 desperatis,
1401 3875 1637 3930 assident
1653 3877 2008 3950 lacrymantes
2021 3920 2037 3947 ,

419 3961 822 4023 'lanmntantes.
847 3964 1237 4030 exosculantes,
1259 3965 1441 4020 omnia
1462 3981 1583 4037 qua:
1610 3977 1831 4037 possunt
1852 3967 2038 4024 admo-

454 4065 642 4107 ventes
671 4055 735 4107 ad
775 4068 1083 4124 supremum
1112 4071 1279 4127 usque
1307 4056 1572 4114 halitum?
1603 4060 1714 4116 Hoc
1745 4069 1799 4116 tu
1832 4077 2045 4132 quoque

450 4145 610 4200 faetto
644 4160 739 4213 pro
773 4145 1045 4201 fratribus.
1078 4148 1142 4202 Et
1176 4157 1353 4204 tattten
1382 4150 1454 4204 illi
1483 4167 1587 4205 non
1618 4165 1843 4222 possunt
1867 4154 2042 4225 lacry-

448 4234 549 4287 mis
571 4250 632 4287 ac
660 4236 905 4291 lamentis
928 4253 1101 4308 neque
1129 4239 1370 4294 morbum
1391 4241 1680 4312 depellere,
1704 4259 1879 4314 neque
1899 4261 2045 4298 mor-

448 4333 554 4377 tem
582 4323 946 4382 imminentem
977 4328 1212 4399 abigere.
1244 4331 1326 4385 Tu
1354 4347 1484 4387 vero
1510 4331 1820 4403 frequenter
1846 4337 2045 4404 poteris

446 4414 676 4469 animam
692 4415 1022 4486 deploratam
1039 4419 1346 4477 assiduitate
1362 4423 1716 4494 instantiaque
1733 4441 1828 4495 per
1844 4426 2036 4480 lamen-

437 4512 498 4564 ttt
539 4521 793 4563 revocare
819 4525 881 4565 ac
901 4511 1180 4567 suscitare.
1214 4513 1413 4568 Dedisti
1439 4515 1723 4571 consilium
1745 4559 1761 4582 ,
1789 4533 1890 4574 nec
1915 4535 2037 4589 per-

454 4597 689 4662 suasisti,
721 4598 1013 4670 illacryma,
1045 4618 1217 4670 punge
1243 4604 1568 4674 frequenter,
1593 4623 1656 4662 ac
1680 4608 1888 4679 suspira
1916 4625 2047 4679 pau-

450 4680 614 4738 iulum
641 4729 656 4752 ,
697 4699 756 4742 ut
792 4699 880 4744 tua
911 4693 1212 4748 sollicitudo
1247 4695 1468 4750 incutiat
1509 4698 1583 4753 illi
1622 4699 1996 4756 verecundiam
2026 4741 2043 4768 ,

459 4774 634 4845 itaque
664 4794 722 4834 se
749 4792 1025 4838 convertat
1051 4783 1119 4839 ad
1148 4785 1402 4842 salutem.
1427 4788 1566 4856 Quid
1596 4805 1725 4861 ergo
1748 4792 1897 4847 solus
1926 4808 2050 4862 pos-

455 4883 570 4920 sem
611 4869 863 4926 efficere?
900 4873 1083 4944 Neque
1124 4877 1266 4932 enim
1314 4881 1553 4949 quotidie
1598 4883 1752 4938 vocis
1798 4884 2050 4940 omnibus

457 4959 605 5012 solus
629 4961 816 5016 adesse
844 4965 995 5018 valeo
1019 5007 1036 5032 ,
1067 4982 1240 5038 neque
1267 4973 1500 5042 suppetit
1533 4973 1662 5029 mihi
1689 4973 1914 5032 facultas
1937 5017 1954 5046 ,
1987 4987 2044 5033 ut

456 5050 605 5106 solus
636 5067 759 5106 cum
791 5064 934 5110 tanta
963 5056 1228 5128 disputem
1258 5063 1619 5121 multitudine.

529 5140 714 5196 Frater
738 5142 950 5212 fratrem
977 5148 1144 5203 trahat
1167 5151 1236 5204 ad
1254 5152 1488 5209 salutem.
1507 5185 1578 5196 —
1593 5157 1854 5214 Caeterum
1883 5159 1930 5216 si
1954 5176 2050 5216 vos

458 5232 631 5311 velitis
659 5234 798 5289 inter
821 5251 918 5293 vos
942 5238 1061 5294 aliis
1085 5241 1310 5299 aliorum
1335 5247 1519 5314 partiri
1543 5262 1726 5304 curam
1752 5251 1961 5318 salutis,
1987 5268 2051 5306 ac

458 5333 693 5379 vestrum
710 5327 934 5399 quisque
954 5345 1117 5386 unum
1137 5335 1408 5406 suscipere
1424 5338 1642 5394 fratrum
1662 5343 2047 5412 neglectorum,

458 5413 606 5471 illico
632 5417 787 5474 nobis
806 5432 1077 5478 cresceret
1101 5424 1404 5482 adificatio.
1429 5430 1495 5484 Et
1515 5431 1640 5500 qttid
1664 5435 1854 5489 attinet
1872 5433 2052 5491 dicere

457 5507 526 5562 de
561 5509 660 5574 iis,
694 5511 782 5580 qui
827 5523 946 5583 post
982 5517 1201 5573 multam
1239 5529 1296 5576 et
1331 5521 1594 5577 diutinam
1632 5524 2050 5585 admonitionem

459 5600 665 5670 seipsos
683 5602 750 5658 ad
773 5605 1052 5662 meliorem
1075 5607 1280 5681 frugem
1305 5613 1600 5682 recipiunt?
1617 5614 1800 5688 Neque
1819 5620 1962 5675 enim
1984 5621 2054 5677 ab

461 5689 568 5744 illis
586 5732 602 5756 ,
631 5693 790 5748 etiam
818 5696 862 5750 si
895 5707 1204 5756 tenerentur
1232 5702 1602 5762 intmedicabili
1631 5709 1820 5764 morbo
1838 5751 1855 5777 ,
1886 5726 2050 5781 opor-

464 5793 599 5840 teret
622 5785 882 5845 desistere
903 5832 918 5859 ,
957 5807 1130 5864 neque
1158 5809 1340 5852 curam
1365 5798 1599 5871 abjicere
1620 5842 1636 5871 ,
1669 5803 1878 5858 etiamsi
1905 5815 2052 5862 certo

1142 375 1196 431 S.
1239 371 1520 430 JOANNIS
1554 369 2033 429 CHRYSOSTOMI
2075 369 2396 426 ARCIIIEP.
2436 369 2976 428 CONSTANTINOP.

3631 365 3726 423 968

2130 489 2501 558 prteseiremus
2525 487 2784 557 futurum,
2812 499 2870 544 ttt
2895 498 3012 559 post
3035 489 3254 546 multam
3278 490 3728 560 sollicitudinem,

2127 579 2456 650 multamque
2482 579 2770 636 adhibitam
2797 580 3237 646 admonitionem,
3270 582 3441 638 nihilo
3473 586 3606 654 plus
3630 584 3731 638 sint

2127 665 2437 735 profecturi.
2467 664 2619 734 Quod
2657 666 2703 722 si
2733 667 2850 722 hmc
2878 667 3048 721 oratio
3077 667 3229 722 vobis
3255 667 3470 726 videtur
3501 670 3711 724 incretﬁ

2129 755 2252 810 bilis
2277 796 2294 822 ,
2325 770 2423 826 age
2447 797 2462 823 ,
2490 770 2557 811 cx
2589 755 2741 812 factis
2769 756 3034 828 dictisque
3061 757 3254 814 Christi
3287 759 3592 814 reddemus
3620 775 3733 815 aut

2129 849 2461 905 credibilem.
2487 849 2619 905 Nam
2645 865 2744 906 nos
2764 850 2978 921 quidem
3001 851 3171 922 ignari
3191 865 3374 905 sumus
3397 851 3738 913 futurorum,

2130 940 2274 997 unde
2316 957 2418 997 nec
2461 941 2751 1012 dijudicare
2793 958 3077 1014 possumus
3115 942 3182 998 de
3222 942 3286 998 iis
3323 945 3414 1014 qui
3458 944 3738 1009 audiunt,

2130 1042 2306 1087 tttrum
2343 1032 2761 1103 obtemperaturi
2805 1034 2913 1090 sint
2951 1033 3108 1090 dictis
3147 1035 3344 1089 nostris
3367 1075 3385 1102 ,
3417 1052 3488 1088 an
3529 1051 3738 1090 secus:

2130 1121 2378 1178 Christus
2404 1131 2584 1178 autem
2613 1140 2734 1178 cum
2763 1124 2881 1180 brec
2910 1132 3135 1195 utraque
3163 1127 3328 1196 probe
3357 1135 3555 1181 nosset
3579 1170 3597 1194 ,
3635 1145 3742 1181 lll'tl

2128 1218 2359 1274 cessavit
2382 1217 2448 1272 ad
2476 1226 2774 1273 extremum
2802 1234 2968 1290 usque
2991 1219 3262 1290 corrigere
3288 1219 3474 1284 illum,
3512 1219 3614 1292 qui
3634 1219 3740 1275 sibi

2132 1326 2238 1365 non
2268 1318 2416 1366 esset
2440 1311 2852 1366 auscultaturus.

2190 1399 2393 1455 Christi
2416 1418 2538 1473 erga
2561 1401 2753 1456 ludam
2781 1402 2982 1457 lenitas.
3001 1431 3076 1444 —
3091 1400 3270 1474 Itaque
3290 1417 3416 1459 cum
3443 1403 3629 1459 sciret
3647 1402 3741 1457 Ju-

2132 1490 2257 1548 dam
2279 1508 2388 1547 non
2419 1501 2726 1548 revocatum
2759 1493 2822 1548 iri
2847 1507 2876 1547 a
2910 1493 3230 1564 proditione,
3261 1509 3366 1549 non
3401 1505 3596 1550 tamen
3626 1509 3744 1549 ces-

2136 1584 2276 1638 savit
2321 1583 2548 1639 assiduis
2589 1585 2856 1649 consiliis,
2901 1586 3151 1653 monitis,
3198 1585 3500 1652 beneficiis,
3558 1589 3744 1652 minis,

2133 1673 2349 1730 demum
2375 1675 2519 1730 omni
2545 1675 2804 1730 doctrina:
2832 1676 3014 1746 specie
3035 1691 3066 1730 a
3091 1675 3391 1747 proditione
3422 1677 3743 1740 retrahere,

2135 1782 2234 1822 nec
2262 1766 2466 1823 destitit
2505 1767 2654 1823 illum
2681 1768 2835 1824 dictis
2861 1784 2960 1825 ceu
3003 1768 3158 1824 freno
3184 1770 3462 1825 cohibere.
3499 1770 3625 1826 lloc
3651 1789 3750 1825 au-

2135 1868 2242 1912 tem
2278 1857 2405 1914 fecit
2432 1874 2530 1913 nos
2555 1859 2860 1924 instituens,
2892 1869 2950 1916 ttt
2973 1861 3184 1917 etiarnsi
3215 1861 3579 1931 pneseiamtts
3601 1863 3750 1916 futu-

2137 1966 2275 2018 rum,
2302 1961 2360 2006 ιιι
2397 1951 2589 2007 fratres
2619 1969 2726 2007 non
2751 1954 3144 2024 obtemperent,
3178 1964 3353 2009 tamen
3384 1953 3668 2024 quidquid
3702 1958 3754 2008 in

2137 2053 2320 2098 nostra
2351 2042 2509 2097 fuerit
2539 2042 2789 2100 facultate
2835 2053 3171 2115 praestemus,
3225 2055 3508 2117 tamquam
3559 2061 3752 2118 parata

2139 2133 2295 2188 nobis
2351 2133 2732 2190 admonitionis
2782 2145 2980 2192 nostra:
3027 2135 3295 2192 mercede.
3363 2136 3508 2194 Vide
3565 2149 3750 2193 autem

2135 2235 2332 2296 quanta
2371 2226 2704 2295 assiduitate,
2734 2239 3040 2300 quantaque
3086 2228 3342 2299 sapientia
3385 2230 3549 2285 illum
3594 2235 3753 2286 colli-

2137 2319 2332 2375 buerit.
2366 2318 2510 2376 Unus
2525 2331 2744 2376 vestrum
2767 2338 2846 2377 me
2863 2322 3159 2392 proditurus
3174 2331 3245 2376 est
3264 2322 3487 2394 (Matth.
3507 2323 3614 2381 26.
3632 2323 3754 2388 21).

2141 2413 2216 2467 Ac
2243 2428 2489 2467 rursum:
2527 2409 2650 2467 Non
2675 2411 2740 2467 de
2775 2413 3006 2467 omnibus
3042 2414 3180 2468 nobis
3218 2415 3422 2484 loquor,
3466 2415 3602 2469 novi
3628 2433 3759 2488 qius

2141 2502 2267 2574 elegi
2287 2501 2470 2571 (Joan.
2515 2505 2605 2560 15.
2658 2503 2768 2575 18).
2812 2503 2923 2560 Et:
2972 2503 3118 2560 Unus
3145 2522 3208 2560 ea:
3232 2506 3369 2560 vobis
3400 2507 3658 2563 diabolus
3687 2521 3759 2560 tst

2143 2592 2323 2665 (Joan.
2351 2593 2406 2651 6.
2437 2596 2550 2664 71).
2580 2595 2843 2651 Sustinuit
2867 2610 3055 2650 omnes
3081 2595 3134 2650 in
3160 2611 3416 2668 angorem
3453 2597 3754 2665 inducere,

2131 2703 2208 2750 ne
2246 2685 2487 2757 vulgaret
2527 2686 2879 2758 proditorem,
2924 2702 2988 2743 ac
3033 2687 3308 2743 manifesta
3354 2687 3756 2760 redargutiote

2139 2777 2389 2833 redderet
2407 2778 2566 2832 etiam
2596 2777 3063 2848 impudentiorem.
3085 2777 3216 2833 Nam
3236 2790 3289 2833 ut
3309 2779 3591 2851 intelligas
3608 2784 3756 2852 quid

2139 2869 2258 2924 aliis
2284 2871 2443 2924 etiam
2469 2885 2724 2940 angorem
2747 2879 2802 2926 et
2825 2879 3023 2925 metmn
3047 2870 3324 2940 injeceriut
3343 2869 3554 2927 Christi
3582 2868 3754 2932 dicta.

2141 2960 2266 3015 licet
2294 2961 2392 3016 sibi
2417 2959 2613 3016 nullius
2635 2962 2760 3016 mali
2788 2961 3038 3028 consciis,
3061 2962 3184 3016 audi
3210 2962 3480 3032 quomodo
3501 2965 3749 3033 quisque

2139 3052 2332 3108 anxius
2357 3052 2492 3108 dixit
2520 3071 2533 3107 :
2565 3051 2830 3125 Numquid
2853 3070 2944 3126 ego
2972 3071 3104 3119 sum,
3146 3050 3363 3108 Domine
3390 3053 3621 3125 (Matth.
3651 3056 3756 3110 25;.

2139 3145 2276 3216 22)?
2303 3145 2487 3218 Neque
2511 3163 2640 3202 vero
2668 3147 2823 3202 dictis
2849 3156 3075 3213 tantum,
3103 3163 3287 3203 verum
3321 3157 3372 3203 et
3405 3146 3568 3204 factis
3596 3151 3758 3205 illum

2142 3237 2418 3307 corripuit.
2459 3237 2593 3292 Cum
2637 3239 2779 3294 enim
2827 3238 3206 3308 benignitatem
3243 3253 3394 3292 suam
3426 3238 3761 3310 frequenter

2142 3343 2205 3383 ac
2245 3328 2423 3384 modis
2466 3329 2718 3384 onmibus
2759 3328 3100 3394 declarasset,
3139 3327 3382 3399 leprosos
3415 3330 3756 3391 etuuttdan~.

2143 3418 2416 3474 daemones
2443 3419 2685 3490 abigens,
2711 3427 2942 3489 aegrotos
2965 3434 3178 3484 sanans,
3207 3429 3450 3475 mortuos
3471 3423 3752 3488 excitans,

2146 3509 2466 3581 paralyticos
2493 3509 2815 3576 restituens;
2841 3507 3076 3565 breviter
3093 3525 3214 3564 cum
3235 3511 3487 3565 omnibus
3527 3511 3750 3567 benele-

2145 3601 2331 3668 cisset,
2363 3601 2629 3656 nemiuem
2663 3609 2840 3655 tamen
2868 3601 3055 3669 puniit,
3079 3616 3289 3671 semper
3310 3599 3518 3656 habens
3547 3603 3602 3657 in
3623 3617 3742 3668 ore,

2150 3689 2272 3744 Non
2301 3691 2414 3745 veni
2441 3699 2495 3744 ut
2511 3691 2737 3760 judirem
2780 3691 3048 3756 mundum,
3078 3690 3168 3744 sed
3194 3699 3250 3744 ut
3273 3706 3466 3745 servent
3493 3694 3749 3746 mundum

2149 3780 2328 3850 (Joan.
2353 3781 2439 3837 12.
2470 3783 2580 3852 47).
2608 3781 2685 3838 Ne
2707 3792 2916 3852 putaret
2939 3781 3127 3850 ludas,
3155 3783 3296 3854 quod
3322 3792 3531 3838 tantum
3559 3799 3748 3840 nosset

2149 3873 2486 3939 benefacere,
2518 3873 2706 3943 punire
2737 3888 2862 3929 vero
2891 3888 3244 3945 nequaquam,
3279 3884 3334 3929 et
3360 3874 3498 3931 hanc
3527 3892 3753 3947 qucque:

2148 3973 2353 4033 partem
2385 3963 2556 4034 ipsum
2601 3962 2806 4032 docuit,
2848 3963 3100 4021 videlicet
3127 3965 3268 4036 quod
3305 3969 3495 4036 punire
3542 3983 3748 4039 μοδει-ι,

2147 4055 2513 4126 supplicioque
2537 4055 2752 4112 afficere
2783 4064 3085 4126 peccantes.

2219 4147 2274 4203 5.
2321 4146 2490 4215 Quare
2513 4146 2744 4202 Christus
2767 4164 2883 4201 cum
2898 4148 3128 4203 omnibus
3154 4148 3468 4218 benefecerit,
3493 4153 3746 4206 uestium

2150 4237 2369 4308 punierit
2397 4237 2451 4290 in
2479 4237 2642 4290 terris.
2662 4237 2827 4292 —Ac
2867 4236 2991 4292 vide
3025 4252 3186 4309 quam
3229 4239 3505 4308 sapienter
3528 4251 3589 4297 et
3614 4257 3743 4296 ctut-

2151 4336 2404 4398 gruenter
2432 4327 2536 4382 hoc
2583 4326 2747 4383 etiam
2795 4325 3070 4384 docuerit:
3097 4343 3198 4385 nec
3244 4337 3424 4384 tamen
3473 4331 3748 4388 lmsuinem

2150 4421 2453 4491 uuempiam
2485 4419 2734 4490 punierit,
2779 4419 3148 4492 supplicioque
3187 4418 3453 4478 alfecerit.
3487 4424 3595 4494 Qui
3636 4428 3752 4480 sit?

2153 4511 2225 4568 Ut
2247 4512 2537 4584 discipulus
2565 4513 2816 4585 puniendi
2853 4512 3161 4570 facultatem
3201 4514 3254 4570 in
3281 4531 3346 4570 eo
3371 4530 3750 4587 cognosceret.

2157 4605 2366 4661 Etenim
2389 4607 2433 4661 si
2453 4622 2610 4678 quem
2634 4606 2896 4676 punisset,
2909 4621 3092 4662 secum
3113 4622 3349 4678 pugnare
3369 4608 3521 4663 visus
3543 4609 3758 4672 fuisset,

2152 4697 2242 4768 qui
2269 4697 2508 4753 dixerat:
2538 4695 2660 4752 Non
2689 4699 2800 4752 veni
2829 4708 2883 4752 ut
2897 4698 3127 4770 judicent
3155 4699 3419 4765 mundum,
3451 4702 3544 4754 sed
3570 4714 3628 4756 ut
3652 4721 3748 4756 srr-

2153 4806 2262 4845 vem
2283 4791 2527 4844 mundum
2556 4788 2736 4863 (Joan.
2765 4789 2853 4847 η.
2879 4789 2993 4862 47).
3022 4790 3250 4846 Rursum
3273 4791 3316 4844 si
3345 4793 3624 4848 neminem
3657 4807 3751 4860 pa.

2155 4879 2342 4946 nisset,
2370 4880 2656 4936 mansisset
2672 4879 3046 4950 incorrigibilis
3059 4880 3371 4951 discipulus,
3392 4882 3500 4938 nisi
3522 4894 3581 4938 et
3603 4879 3761 4935 factis

2154 4971 2429 5027 didicisset
2441 4971 2514 5027 illi
2525 4986 2644 5028 esse
2657 4972 2905 5042 puniendi
2929 4969 3255 5028 facultatem.
3275 4972 3548 5039 Quorsum
3563 4975 3752 5046 igitur?

2226 5060 2381 5118 Ficui
2405 5080 2562 5134 quare
2585 5063 2921 5119 maledixerit.
2944 5094 3017 5105 —
3041 5063 3110 5121 Ut
3136 5064 3294 5120 simul
3323 5074 3379 5120 et
3406 5075 3644 5124 teneret
3669 5069 3753 5122 dt-

2157 5155 2445 5228 scipulum,
2469 5170 2536 5211 ne
2562 5169 2660 5226 per
2679 5165 3046 5227 contemptum
3073 5154 3227 5212 fieret
3249 5157 3507 5224 deterior,
3541 5175 3646 5214 nec
3670 5161 3752 5214 ul-

2157 5248 2242 5303 lus
2268 5259 2447 5304 tamen
2477 5246 2752 5303 hominum
2782 5245 3147 5314 afﬂictionem,
3169 5261 3404 5318 penam,
3430 5258 3526 5304 aut
3543 5253 3750 5322 suppli—

2155 5341 2300 5398 cium
2327 5350 2617 5412 pateretur,
2644 5339 2696 5395 in
2719 5339 2874 5395 ficum
2897 5340 3144 5395 arborem
3165 5337 3408 5395 Christus
3433 5340 3574 5395 hanc
3601 5359 3747 5397 suam
3828 5379 3832 5400 λ

2159 5433 2475 5506 potestatem
2506 5433 2764 5498 exercuit,
2793 5432 3012 5489 dicens:
3045 5431 3131 5487 Ne
3159 5434 3369 5501 posthac
3391 5449 3458 5486 ex
3477 5443 3525 5486 te
3549 5433 3749 5503 fructu

2158 5535 2400 5581 nascatur
2429 5523 2642 5597 (Matth.
2668 5524 2760 5579 21.
2794 5522 2905 5595 19),
2928 5539 3156 5595 eamque
3184 5539 3304 5578 mox
3327 5523 3558 5594 simplici
3589 5527 3748 5580 verbo

2158 5617 2400 5674 arefecit.
2433 5616 2546 5673 Hoc
2572 5626 2729 5688 pacto
2756 5615 2949 5671 factum
2992 5624 3076 5671 est
3103 5616 3322 5687 pariter,
3351 5623 3407 5668 ut
3439 5614 3574 5669 nihil
3601 5631 3750 5669 nom

2161 5711 2361 5768 rediret
2383 5711 2452 5767 ad
2481 5711 2645 5766 ullum
2685 5709 2978 5778 hominem,
3024 5720 3082 5766 et
3122 5712 3237 5782 ipse
3275 5725 3424 5765 suam
3457 5715 3749 5779 potentiam

2164 5804 2482 5872 declararet,
2517 5803 2750 5862 vindicta
2793 5805 2848 5860 in
2888 5804 3136 5862 arborem
3167 5805 3411 5874 impacta.
3451 5802 3747 5875 Disciputus

3821 5591 3832 5804 ἕ

3823 5875 3832 5998 l
