3862 6228
192 260 307 313 9“?

189 373 450 444 οριιιπον·
495 377 590 430 καὶ
629 379 728 432 οὐκ
769 380 1144 451 ἀπεγίνωσκεν
1183 385 1214 438 6
1262 387 1456 456 μιαρὸς
1498 389 1594 437 καὶ
1625 399 1775 453 παμ-

193 459 438 552 πόνηρος
460 459 676 552 ,δαίμων
707 464 943 552 ἐκεῖνος,
986 467 1163 552 καίτοι
1193 468 1290 521 τοῦ
1326 465 1462 521 Θεοῦ
1506 465 1775 536 τοσαύτην

188 541 278 610 τῷ
327 541 521 613 δικαίῳ
551 545 931 617 ψηφισαμένου
960 551 1062 622 τὴν
1115 553 1338 622 ἀρετήν.
1385 547 1518 607 Εἶτα
1561 552 1664 606 οὐκ
1691 553 1776 605 αἱ·

195 625 528 696 σκυνόμεθα,
553 628 672 682 οὐδὲ
701 632 1116 706 ἐρυθριάζομεν,
1141 638 1262 691 είπέ
1295 655 1405 707 μοι,
1427 638 1498 701 εἰ,
1525 637 1619 690 τοῦ
1660 636 1776 690 διας

192 707 653 802 ,μηδέποτε
681 714 1148 802 ἀπογινώσκοντας
1175 720 1277 790 τῆς
1298 720 1571 784 ἀπωλείας
1592 719 1771 790 ἡμῶν,

197 790 318 885 ἀλλ’
361 792 448 888 ἀεὶ
479 796 886 888 προσδοκώντος
937 801 1126 873 αὐτὴν,
1163 803 1319 856 αὐτοὶ
1348 803 1447 874 τῆς
1478 803 1586 855 τῶν
1620 801 1776 855 ἀδελ-

196 879 319 941 φῶν
353 879 786 950 ἀπογνωσόμεθα
831 886 1133 957 σωτηρίαςς
1169 886 1360 940 Καίτοι
1415 888 1620 939 ἐκεῖνον
1675 883 1774 954 μὲν

199 958 299 1041 καὶ
332 959 438 1029 πρὸ
475 961 572 1031 τῆς
619 964 815 1035 πείρας
867 967 1168 1041 ἀποστῆναι
1211 968 1320 1022 τῶν
1375 967 1772 1040 παλαισμάτων

347 1041 486 1136 Θεὸς
506 1043 616 1136 γάρ
636 1041 703 1136 ἦν
789 1039 1083 1136 μαρτυρῶν
1109 1050 1186 1136 τῷ
1209 1051 1402 1136 δικαίῳ
1423 1052 1523 1123 τὴν
1547 1052 1770 1122 ἀρετήν’

197 1124 317 1176 ἀλλ’
345 1127 494 1196 ὅμως
518 1129 619 1182 οὐκ
643 1131 875 1204 ἀπέστη,
909 1134 1024 1188 ἀλλ’
1060 1135 1166 1189 ὑπὸ
1197 1135 1399 1207 πολλῆς
1439 1135 1636 1206 μανίας
1672 1135 1774 1203 τῆς

197 1207 324 1259 καθ’
353 1211 385 1279 ὴ
396 1210 512 1278 μῶν
535 1213 630 1266 καὶ
661 1213 800 1282 μετά
822 1215 921 1287 τὴν
947 1215 1041 1269 τοῦ
1079 1217 1214 1270 Θεοῦ
1246 1217 1552 1289 μαρτυρίαν
1576 1219 1773 1288 ἧλπισε

197 1291 552 1362 περιέσεσθαι
588 1295 684 1350 τοῦ
730 1299 979 1367 γενναίου
1016 1301 1137 1353 τότε
1189 1301 1421 1355 ἐκείνου.
1487 1301 1665 1371 Ἠμᾶς
1715 1301 1772 1352 δὲ

195 1373 356 1427 οὐδέν
375 1377 489 1430 ἐστι
502 1378 743 1433 τοιοῦτον
755 1379 819 1433 τὸ
837 1381 1112 1446 ποιοῦνείς
1129 1384 1436 1453 ἀπόγνωσιν
1455 1384 1771 1453 ἐμπίπτειν,

197 1457 296 1509 καὶ
337 1459 487 1528 ὅμως
517 1461 890 1533 ἀφιστάμεθα.
929 1466 1039 1520 Καὶ
1075 1466 1105 1520 6
1138 1468 1238 1538 μὲν
1280 1465 1560 1529 διάϐολος,
1591 1466 1772 1519 καίτοι

194 1540 294 1594 τοῦ
325 1540 462 1596 Θεοῦ
497 1542 818 1610 κωλύοντος,
861 1549 964 1602 οὐκ
997 1551 1272 1622 ἀναχωρεῖ
1316 1549 1417 1620 τῆς
1458 1548 1581 1603 καθ’
1613 1547 1773 1620 ήμῶν

201 1625 405 1696 μάχης·
443 1628 508 1681 σὺ
542 1627 621 1693 δέ,
645 1629 738 1683 τοῦ
766 1630 902 1685 Θεοῦ
934 1632 1334 1705 προτρέποντός
1367 1650 1426 1686 σε
1459 1633 1552 1686 καὶ
1579 1633 1775 1702 διεγεί-

201 1725 390 1779 ροντος
406 1712 486 1774 είς
506 1712 604 1782 τὴν
619 1714 900 1786 ἀντίληψιν
921 1715 1030 1770 τῶν
1047 1718 1434 1782 πεπτωκότων,
1450 1717 1770 1788 άποπηδᾷςς

203 1792 478 1846 Ἤκουσεν
499 1797 528 1848 6
553 1794 798 1862 διάϐολος
823 1799 917 1852 τοῦ
940 1799 1076 1853 Θεοῦ
1115 1798 1388 1869 λέγοντος·
1429 1801 1774 1868 Ἀνθρωπος

197 1871 464 1942 δίκαιος,
513 1877 830 1946 ἀληθινὸς,
876 1882 1199 1948 θεοσεϐὴς,
1243 1882 1613 1952 ἀπεχόμενος
1652 1880 1772 1936 ἀπὸ

199 1959 430 2050 παντὸς
473 1974 583 2050 πον
595 1961 744 2050 ηροῦ
781 1961 1170 2050 πράγματος,
1212 1966 1306 2020 καὶ
1336 1967 1418 2019 ὅτι
1453 1965 1628 2029 οὐδείς
1655 1967 1772 2020 ἐστι

199 2042 442 2104 τοιοῦτος
480 2042 588 2094 τῶν
624 2042 717 2096 ἐπὶ
748 2043 848 2115 τῆς
881 2047 985 2116 γῆς
1007 2062 1020 2076 ·
1056 2049 1150 2102 καὶ
1193 2046 1334 2119 μετά
1379 2047 1647 2110 τοσαύτας
1678 2047 1773 2101 καὶ

198 2121 456 2184 τοιαύτας
487 2123 701 2193 ψήφους
735 2127 1008 2197 ἐνέμεινεν
1045 2128 1194 2201 ὅμως
1218 2129 1421 2199 λέγων·
1464 2131 1670 2200 μήποτε
1703 2131 1770 2201 τῇ

201 2207 454 2278 συνεχείᾳ
489 2209 582 2261 καὶ
613 2210 692 2281 τῷ
723 2210 942 2281 μεγέθει
968 2212 1076 2267 τῶν
1109 2214 1468 2285 ἐπαγομένων
1497 2213 1645 2284 αὐτῷ
1669 2232 1773 2267 κα-

198 2289 314 2342 κῶν
332 2290 544 2362 δυνηθῶ
566 2293 730 2348 αὐτοῦ
748 2294 1142 2367 περιγίνεσθαι,
1160 2299 1255 2352 καὶ
1277 2297 1368 2351 τὸν
1385 2296 1560 2369 μέγαν
1584 2297 1774 2352 τοῦτον

201 2372 450 2426 καθελεῖν
471 2373 546 2427 πύ
557 2392 683 2448 ργον
699 2392 715 2442 ;

270 2501 334 2557 δ’.
358 2503 455 2568 Τίς
485 2500 578 2557 οὖν
605 2506 739 2577 ἡμῖν
761 2505 915 2562 ἐσται
943 2507 1262 2580 συγγνώμη.
1287 2509 1582 2581 ἀγαπητοὶ,
1609 2510 1694 2574 τίς
1714 2509 1773 2563 δέ

197 2587 485 2656 ἀπολογία,
505 2590 552 2641 εί
573 2589 810 2662 τοσαύτῃ
823 2590 916 2644 τοῦ
940 2591 1177 2663 πονηροῦ
1201 2593 1453 2665 δαίμονος
1480 2593 1600 2646 καθ’
1616 2593 1772 2664 ἡμῶν

198 2671 546 2742 κεχρημένου
594 2673 800 2751 μανίᾳ,
835 2675 998 2744 ἡμεῖς
1039 2674 1175 2746 μηδὲ
1228 2675 1291 2728 τὸ
1338 2676 1635 2729 ’πολλοστὸν
1673 2675 1774 2745 τῆς

200 2751 466 2824 τοσαύτης
494 2754 732 2824 σπουδῆς
760 2757 840 2820 είς
883 2755 982 2828 τὴν
1021 2757 1295 2830 σωτηρίαν
1336 2759 1445 2812 τῶν
1489 2759 1772 2830 ἡμετέρων

198 2836 445 2904 ἀδελφῶν
477 2837 910 2910 εἰσενέγκοιμεν,
943 2841 1038 2894 καὶ
1065 2841 1238 2895 ταῦτα
1262 2843 1352 2896 τὸν
1389 2842 1522 2895 Θεδν
1555 2842 1774 2912 σύμμα-

199 2936 294 2988 χον
315 2917 528 2989 ἔχοντες
546 2936 561 2985 ;
581 2921 749 2974 Ὅταν
768 2922 899 2991 γοῦν
921 2923 1035 2994 ῐδῃς
1052 2923 1287 2995 σκληρὸν
1307 2924 1402 2978 καὶ
1423 2925 1605 2996 ἀπηνῆ
1625 2923 1772 2997 [712]

199 3001 292 3054 τόν
319 3001 565 3072 ἀδελφὸν,
601 3005 695 3057 καὶ
721 3003 796 3075 μὴ
824 3005 1160 3077 προσέχοντά
1189 3007 1431 3076 σοι,λέγε
1456 3008 1592 3079 πρὸς
1615 3023 1774 3060 σεαυο

196 3084 311 3137 τόν·
327 3083 554 3156 Μήποτε
583 3085 664 3156 τῷ
693 3087 872 3159 χρόνῳ
897 3087 1218 3160 δυνηθῶμεν
1250 3092 1468 3156 πεῖσαι;
1495 3091 1650 3144 Οῦτω
1677 3093 1772 3145 καὶ

201 3166 410 3232 Παῦλος
439 3168 690 3222 ἐκέλευσε
723 3172 918 3223 ποιεῖν·
953 3171 1184 3225 Δοῦλον
1210 3171 1281 3226 δὲ
1311 3175 1534 3242 Κυρίου
1572 3177 1644 3229 οὺ
1685 3173 1779 3228 δεῖ

193 3253 492 3322 μάχεσθαι
514 3292 529 3316 ,
573 3253 712 3308 ἀλλ’
755 3252 939 3322 ἤπιον
988 3249 1142 3308 εῖναι
1194 3256 1343 3324 πρὸς
1399 3257 1630 3324 πάντας
1648 3297 1663 3322 ,
1703 3260 1774 3312 ἐν

193 3337 484 3406 ,πραότητι
510 3335 869 3396 παιδεύοντα
892 3336 1032 3403 τοὺς
1057 3338 1651 3408 ἀντιδιατιθεμένους,
1665 3340 1774 3410 μή-

196 3435 346 3472 ποτε
371 3418 491 3488 δώῃ
519 3419 727 3484 αὐτοῖς
763 3422 797 3474 ὁ
825 3419 969 3486 Θεὸς
993 3420 1317 3491 μετάνοιαν
1340 3424 1427 3488 είς
1447 3423 1774 3493 ἐπίγνωσιν

194 3506 237 3556 (ί
260 3503 502 3568 lanatae.
523 3503 634 3572 υύχ
652 3503 786 3573 ὁρᾷς
810 3505 936 3566 τοὺς
967 3503 1360 3574 πατέρας,πῶς
1381 3505 1641 3568 πολλάκις
1664 3507 1773 3560 τῶν

201 3585 333 3636 υἱῶν
360 3586 542 3648 αὐτοῖς
576 3585 1036 3656 ἀπεγνωσμένων,
1071 3586 1492 3658 παρακάθηνται
1521 3588 1774 3660 δακρύον-

198 3686 324 3733 τες,
371 3666 733 3738 θρηνοῦντες,
779 3667 1236 3737 καταφιλοῦντες,
1279 3670 1348 3723 τά
1395 3671 1526 3742 παρ’
1563 3671 1772 3725 ἑαυτῶν

197 3751 549 3822 εἰσφέροντες
591 3749 808 3803 ἅπαντα
845 3749 952 3815 ἓως
985 3751 1222 3822 ἐσχάτης
1256 3753 1568 3824 ἀναπνοῆς;
1600 3755 1772 3808 Τοῦτο

201 3837 295 3886 καὶ
322 3835 385 3885 σὺ
419 3835 544 3903 περὶ
577 3832 668 3886 τὸν
694 3832 919 3902 ἀδελφὺν
946 3834 1192 3904 ποίησον.
1227 3834 1419 3888 Καίτοι
1447 3838 1642 3890 ἐκεῖνοι
1673 3837 1774 3907 μὲν

198 3918 312 3971 ἀπὸ
333 3916 439 3970 τῶν
461 3916 673 3987 θρήνων
696 3915 911 3970 καὶτῶν
934 3917 1184 3990 δακρύων
1205 3916 1328 3971 οὔτε
1343 3920 1440 3990 τὴν
1461 3919 1773 3991 ἀρρωστίαν

196 3999 492 4064 ἀπελάσαι,
511 3997 634 4052 οὐτε
658 3999 748 4052 τὸν
769 3998 996 4052 θάνατον
1012 3999 1307 4054 ἐπελθόντα
1327 4001 1772 4073 ἀποκρούσασθαι

198 4087 472 4140 δύνανται·
507 4085 572 4138 σὺ
601 4082 658 4135 δὲ
694 4082 873 4153 ψυχὴν
912 4083 1359 4151 ἀπογνωσθεῖσαν
1400 4088 1467 4158 τῇ
1507 4089 1773 4160 καρτερία

196 4171 296 4225 καὶ
331 4171 397 4240 τῇ
435 4166 736 4239 προσεδρίᾳ
771 4165 976 4238 δυνήσῃ
1019 4167 1280 4232 πολλάκις
1305 4167 1395 4222 διά
1422 4170 1530 4223 τῶν
1557 4171 1773 4244 θρήνων

200 4253 423 4307 καὶτῶν
447 4249 698 4321 δακρύων
726 4249 1132 4304 ἐπισπάσασθαι
1158 4251 1254 4306 καὶ
1295 4253 1617 4324 ἀναστῆσαι.
1636 4257 1771 4309 Συν-

193 4336 543 4398 εϐούλευσας,
567 4334 662 4387 καὶ
683 4332 783 4386 οὐκ
807 4332 1029 4397 ἔπεισας
1051 4351 1067 4401 ;
1110 4334 1400 4407 δάκρνσον,
1434 4341 1528 4392 καὶ
1551 4339 1771 4414 καθάψῃ

197 4421 476 4484 πολλάκις·
530 4418 784 4485 στέναξον
826 4415 1056 4489 πικρὸν,
1096 4416 1183 4472 ῖνα
1221 4419 1489 4485 αἰδεσθείς
1530 4439 1624 4476 σου
1674 4424 1772 4496 τὴν

196 4503 543 4576 κηδεμονίαν,
574 4499 880 4573 ἐπιστρέψῃ
901 4501 1039 4572 πρὸς
1073 4501 1174 4573 τὴν
1207 4503 1502 4574 σωτηρίαν.
1523 4506 1587 4559 Τί
1608 4507 1772 4580 δυνή-

199 4608 365 4661 mpm
397 4587 508 4658 ἐγὼ
543 4587 704 4658 μόνος
732 4588 934 4649 ποιεϊν;
971 4586 1035 4641 οὐ
1067 4585 1178 4657 γάρ
1208 4587 1272 4658 δὴ
1302 4590 1469 4642 πᾶσιν
1499 4591 1626 4662 ύμῖν
1649 4593 1771 4648 καθ’

195 4674 436 4742 ἑκάστην
470 4669 820 4739 συγγίνεσθαι
852 4668 1083 4740 δύναμαι
1113 4683 1142 4710 ι
1175 4671 1336 4740 μόνος
1380 4672 1480 4743 τὴν
1526 4676 1768 4748 ἡμέραν,

187 4755 318 4812 οὐδὲ
345 4754 501 4826 ἀρκῶ
529 4751 723 4823 πλήθει
749 4751 988 4822 τοσούτῳ
1015 4751 1358 4821 διαλέγεσθαι
1396 4755 1576 4826 μόνος.

280 4880 469 4951 Ὑμεῖς
494 4878 571 4940 δέ,
612 4877 661 4931 εί
706 4875 1053 4948 βουληθείητε
1088 4878 1188 4951 τὴν
1222 4879 1468 4953 ἀλλήλων
1491 4884 1771 4960 διανείμα-

193 4964 322 5019 σθαι
354 4962 650 5032 σωτηρίαν,
675 4960 770 5044 καὶ
795 4960 1025 5024 ἐκαστος
1053 4961 1151 5015 ἐνα
1174 4963 1466 5020 ἀπολαϐεῖν
1495 4969 1603 5023 τῶν
1631 4974 1772 5044 ἡμε..

191 5046 451 5116 λημένων
496 5041 773 5113 ἀδελφῶν.
810 5045 1022 5128 ταχέως
1059 5047 1193 5116 ἡμῖν
1233 5047 1302 5101 τά
1343 5049 1442 5120 τῆς
1482 5041 1773 5128 οἰκοδομῆς

189 5129 585 5202 αὐξηθήσεται.
621 5129 733 5182 Καὶ
772 5127 842 5213 τί
870 5129 974 5201 χρὴ
1020 5129 1200 5199 λέγειν
1230 5132 1340 5186 τῶν
1385 5136 1523 5205 μετά
1569 5127 1772 5213 πολλην

192 5215 521 5285 παραίνεσιν
553 5212 957 5282 ἀνακτωμένων
982 5214 1241 5282 ἐαυτούς;
1262 5218 1395 5272 Οὐδὲ
1417 5219 1528 5291 γὰρ
1548 5212 1771 5280 ἐκείνων

187 5297 305 5351 τῶν
333 5296 525 5349 ἀνίατα
550 5293 854 5375 νοσούντων
889 5295 1219 5365 ἀφίστασθαι
1252 5299 1357 5372 χρὴ
1394 5303 1488 5356 καί
1526 5305 1770 5375 ἀμελεῖν·

193 5379 300 5431 κᾶν
335 5378 640 5449 προειδότες
667 5373 817 5449 ὦμεν
847 5378 1056 5449 σαφῶς,
1089 5380 1172 5435 ὅτι
1200 5382 1402 5454 πολλῆς
1431 5373 1772 5445 ἀπολαύσαν.

190 5479 288 5526 τες
317 5463 414 5532 τῆς
435 5461 672 5533 σπουδῆς
699 5461 914 5533 καὶτῆς
935 5463 1263 5537 συμϐουλῆς,
1280 5467 1432 5524 οὐδὲν
1452 5472 1772 5544 κερδανοῦσι

257 5684 283 5711 ⁸
301 5689 399 5740 Alli
421 5693 698 5746 δυνήσομαι.

1429 265 1517 321 DI'I
1556 265 1834 324 LAZARO
1869 266 2124 325 CONCIO
2161 269 2200 325 ί.

3332 266 3437 320 968

1881 383 2064 443 πλέον.
2099 389 2160 441 Εἰ
2189 387 2246 441 δέ
2278 385 2580 457 παράδοξος
2609 385 2737 457 ὑμῖν
2780 387 2810 439 ό
2833 384 2989 453 λόγος
3019 376 3172 448 οὗτος
3195 379 3332 436 εἶναι
3364 383 3450 434 δοτ-

1880 473 1990 532 κεῖ,
2030 472 2185 544 φέρε,
2222 473 2316 541 ἀφ’
2348 464 2424 525 ὧν
2465 473 2496 524 6
2529 469 2762 540 Χριστὸς
2793 467 3020 538 ἐποίησέ
3049 484 3111 520 τε
3148 467 3244 520 καὶ
3272 461 3445 522 εἴπεν.

1877 553 1988 607 ἀπὸ
2010 555 2216 609 τούτων
2254 556 2416 609 αὐτὸν
2456 550 2860 622 πιστωσόμεθα.
2895 551 3086 621 Ἡμεῖς
3126 549 3224 619 μέν
3259 547 3367 616 γάρ
3399 552 3449 599 οἱ

1878 635 2155 707 ἄνθρωποι
2180 638 2242 692 τὸ
2270 637 2461 709 μέλλον
2484 634 2804 706 ἀγνοοῦμεν,
2832 634 2953 687 ὅθεν
2980 633 3101 687 οὐδέ
3123 630 3449 701 διισχυρίζε-

1881 717 2006 771 σθαι
2036 719 2313 790 δυνάμεθα
2335 719 2592 792 περὶτῶν
2615 717 2940 777 ἀκουόντων,
2980 714 3091 768 εἴτε
3125 713 3445 784 πεισθήσονο

1880 818 1989 866 ται,
2017 803 2128 856 εῖτε
2163 804 2518 876 ἀπειθήσουσι
2552 804 2664 867 τοῖς
2695 802 2824 872 παρ’
2863 798 3023 870 ἡμῶν
3058 795 3389 866 λεγομένω-ς’
3423 796 3451 845 ὁ

1879 884 1934 938 δὲ
1966 887 2201 958 Χριστὸς
2224 888 2399 942 ταῦτα
2419 885 2708 959 ἀμφότερα
2733 882 2888 946 είδὼς
2919 881 3123 950 σαφῶς,
3159 879 3220 933 οὐ
3243 876 3450 931 διέλιπε

1879 969 1970 1022 τὸν
2002 970 2103 1024 οὐκ
2131 971 2494 1044 ἀκουσόμενον
2534 967 2700 1024 αὐτοῦ
2745 965 3121 1038 διορθούμενος
3158 963 3320 1034 μέχρι
3361 961 3450 1014 τέ-

1880 1052 2026 1117 λους.

1943 1181 2057 1234 Τὸν
2091 1178 2222 1248 γοῦν
2277 1178 2479 1233 Ἰούδαν
2533 1176 2687 1241 εἰδὼς
2723 1176 2823 1230 οὐκ
2871 1172 3314 1242 ἀποστησόμενον
3353 1170 3453 1240 τῆς

1882 1264 2194 1337 προδοσίας,
2243 1266 2304 1318 οὐ
2348 1263 2557 1317 διέλιπε
2607 1259 2971 1332 συμϐουλαῖς,
3022 1254 3451 1326 παραινέσεσιν,

1881 1348 2253 1420 εὐεργεσίαις,
2307 1347 2593 1411 ἀπειλαῖς,
2656 1344 2819 1398 παντὶ
2870 1341 3056 1412 τρόπῳ
3107 1337 3455 1420 διδασκαλίας

1879 1419 2220 1486 ἀναστέλλων
2267 1430 2428 1486 αὐτὸν
2477 1430 2543 1483 ἐκ
2574 1428 2673 1498 τῆς
2713 1425 3038 1498 προδοσίας.
3076 1421 3173 1475 καὶ
3217 1419 3453 1488 συνεχῶς

1880 1513 2334 1586 ἀνακρουόμενος,
2365 1513 2554 1584 ὥσπερ
2583 1511 2691 1565 τινὶ
2729 1507 2947 1580 χαλινῷ,
2982 1505 3060 1575 τῷ
3088 1505 3249 1586 λόγιῳ,
3284 1502 3455 1554 Τοῦτο

1879 1597 1936 1650 δὲ
1966 1581 2128 1660 ποιεῖ,
2157 1581 2429 1650 *παιδεύων
2456 1581 2634 1664 ἡμᾶς,
2681 1592 2784 1646 κᾶν
2825 1588 3134 1662 προειδότες
3165 1581 3336 1656 ὦμεν,
3375 1586 3454 1637 ὅτι

1879 1679 1940 1732 οὐ
1964 1678 2352 1751 πεισθήσονται
2380 1680 2430 1731 οἱ
2459 1675 2700 1746 ἀδελφοὶ,
2729 1674 2797 1728 τὰ
2835 1672 2964 1744 παρ’
3004 1670 3210 1724 ἑαυτῶν
3240 1671 3456 1722 ἅπαντα

1880 1763 2254 1835 ἀποπληροῦν,
2282 1762 2360 1825 ὡς
2399 1759 2814 1832 ἀπηρτισμένου
2852 1757 2952 1827 τῆς
2982 1753 3294 1825 συμϐουλῆς
3324 1753 3454 1822 ἡμῖν

1879 1845 1973 1901 τοῦ
2003 1847 2214 1918 μισθοῦ,
2253 1847 2363 1899 Καὶ
2389 1845 2490 1916 δρα
2517 1843 2633 1907 πῶς
2663 1841 2906 1912 συνεχῶς
2943 1839 3105 1894 αὐτὸν
3153 1838 3247 1890 καὶ
3277 1837 3456 1906 σοφῶς

1881 1930 2165 1984 ἀνέστελλε
2195 1929 2262 1982 δι’
2299 1922 2374 1982 ὧν
2404 1927 2607 1995 ἔλεγεν·
2656 1922 2762 1990 Εἷς
2790 1924 2859 1990 ἐξ
2903 1921 3070 1992 ὑμῶν
3115 1919 3453 1990 παραδώσει

1875 2031 1972 2082 με.
2000 2014 2110 2067 Καὶ
2137 2012 2318 2066 πάλιν·
2345 2012 2429 2064 Οὐ
2453 2009 2586 2077 περὶ
2628 2007 2869 2063 πάντων
2909 2003 3078 2074 ὑμῶν
3105 2004 3260 2072 λέγω
3277 2019 3291 2032 ο
3322 1997 3455 2054 οἶδα

1880 2096 1988 2161 οὓς
2009 2093 2398 2164 ἐξελεξάμην.
2420 2094 2530 2148 Καὶ
2559 2091 2744 2145 πάλιν·
2766 2084 2872 2156 Εἷς
2889 2088 2957 2153 ἐξ
2983 2086 3148 2157 ὑμῶν
3177 2084 3456 2148 διάϐολός

1878 2179 2031 2234 ἐστι.
2057 2177 2168 2231 Καὶ
2188 2178 2432 2248 ἠνείχετο
2458 2176 2664 2237 πάντας
2690 2175 2748 2226 ἐν
2777 2171 2986 2242 ἀγωνία
3011 2169 3294 2239 καθιστᾷν,
3315 2165 3453 2219 ὥστε

1883 2263 1958 2334 μὴ
1987 2259 2370 2331 ἐκπομπεῦσαι
2394 2259 2486 2313 τὸν
2515 2257 2803 2329 προδότην,
2851 2255 2944 2308 καὶ
2978 2251 3456 2334 ἀναισχυντότερον

1879 2332 2104 2414 ποιῆσαι
2131 2346 2196 2415 τῇ
2222 2342 2331 2395 τῶν
2376 2342 2616 2411 ἐλέγχων
2660 2337 3004 2412 περιφανείᾳ.
3052 2335 3174 2387 Ὅτι
3215 2335 3321 2404 γάρ
3364 2332 3457 2385 καὶ

1875 2429 1992 2490 τοῖς
2016 2426 2197 2490 ἄλλοις
2235 2424 2473 2494 ἀγωνίαν
2511 2424 2604 2477 καὶ
2630 2422 2792 2492 φόϐον
2821 2420 3040 2475 ἐνέϐαλε
3068 2418 3136 2472 τά
3166 2416 3452 2486 λεγόμενα,

1880 2511 2057 2564 καίτοι
2085 2511 2250 2582 μηδὲν
2275 2511 2490 2573 ἑαυτοῖς
2519 2506 2781 2560 συνειδόσι
2809 2504 3063 2575 πονηρὸν,
3087 2503 3314 2557 ἄκουσον
3340 2499 3456 2562 πῶς

1879 2593 2110 2658 ἕκαστος
2133 2593 2382 2663 ἀγωνιῶν
2409 2593 2563 2662 ἔλεγε
2588 2592 2639 2631 δ·
2661 2590 2814 2659 Μήτι
2845 2589 2959 2658 ἐγώ
2980 2591 3118 2663 ειμι,
3139 2587 3348 2654 Κύριε;
3379 2585 3454 2638 Οὐ

1879 2676 1968 2730 διά
1996 2657 2258 2748 ῥημάτων
2291 2676 2349 2729 δέ
2378 2657 2558 2746 μόνον,
2593 2657 2855 2728 ἀλλὰκαὶ
2887 2657 2978 2725 διὰ
3008 2657 3159 2742 [τιὸ]
3195 2667 3454 2738 πραγμά-

1878 2777 1988 2813 των
2021 2761 2181 2813 αὐτὸν
2213 2759 2512 2812 ἐπαίδευεν.
2541 2756 2757 2828 Ἐπειδὴ
2780 2756 2887 2825 γὰρ
2915 2754 3013 2826 τὴν
3047 2752 3240 2808 ἑαυτοῦ
3270 2750 3455 2820 φιλαν-

1881 2843 2127 2915 θρωπίαν
2155 2841 2466 2909 ἐπεδείξατο
2485 2842 2742 2905 πολλάκις
2761 2840 2956 2895 καὶδιά
2971 2838 3208 2901 πάντων,
3222 2835 3457 2906 λεπροὺς

1881 2925 2183 2998 καθαίρων,
2211 2925 2470 2996 δαίμονας
2503 2924 2845 2986 ἀπελαύνων,
2877 2921 3166 2984 νοσοῦντας
3202 2918 3453 2988 ίώμενος,

1879 3009 2110 3080 νεκροὺς
2163 3009 2430 3082 ἐγείρων,
2488 3006 2966 3080 παραλελυμένους
3024 3005 3299 3074 σφίγγων,
3361 2999 3456 3082 καί

1881 3092 2090 3156 πάντας
2130 3093 2228 3162 μὲν
2281 3081 2677 3163 εὐηργέτησεν,
2717 3088 2946 3142 ἐκόλασε
2994 3087 3052 3140 δὲ
3099 3085 3312 3148 οὐδένα,
3361 3081 3455 3135 καὶ

1883 3173 2120 3244 συνεχῶς
2153 3174 2355 3242 ἔλεγεν,
2376 3175 2498 3226 Οὐκ
2520 3168 2711 3242 ἦλθον
2734 3172 2834 3225 ἵνα
2866 3170 3046 3238 κρίνω
3074 3167 3179 3222 τὸν
3199 3167 3452 3234 κόσμον,

1879 3259 2016 3312 ἀλλ’
2039 3258 2140 3310 ἵνα
2171 3255 2350 3311 σώσω
2381 3254 2490 3309 τὸν
2520 3258 2771 3325 κόσμον·
2797 3255 2882 3309 ἴνα
2918 3255 2992 3324 μὴ
3027 3251 3221 3322 νομίσῃ
3255 3252 3283 3303 6
3322 3248 3452 3302 ἰο-5-

1879 3341 1995 3406 δας,
2017 3341 2098 3394 ὅτι
2126 3341 2436 3411 εὐεργετεῖν
2476 3340 2576 3412 μὲν
2604 3340 2764 3410 μόνον
2786 3333 2924 3391 οἶδεν
2954 3341 2981 3390 ὁ
3013 3337 3266 3408 Χριστὸς,
3297 3334 3457 3386 κολά-

1881 3423 1993 3489 ζειν
2019 3423 2075 3477 δὲ
2109 3424 2314 3486 οὐκέτι,
2352 3424 2448 3476 καὶ
2489 3421 2646 3476 τοῦτο
2695 3421 2857 3475 αὐτὸν
2887 3420 3131 3474 διδάσκει
3165 3419 3223 3470 τὸ
3267 3418 3451 3488 μέρος,

1879 3503 1990 3560 οἷον
2021 3507 2104 3560 ὅτι
2133 3507 2226 3560 καὶ
2252 3506 2502 3572 κολάζειν
2548 3505 2768 3561 δύναται
2801 3505 2895 3559 καὶ
2938 3501 3297 3574 τιμωρεῖσθαι
3329 3501 3454 3562 τοὺς

1881 3591 2314 3664 ἁμαρτάνοντας.
2624 3581 2629 3585 ’

1949 3726 2010 3772 ε’.
2043 3717 2155 3771 Καὶ
2184 3717 2287 3790 ὅρα
2315 3715 2432 3780 πῶς
2460 3715 2638 3785 σοφῶς
2665 3716 2760 3769 καὶ
2796 3713 3182 3786 προσηκόντως
3213 3712 3304 3765 καὶ
3333 3709 3454 3763 τοῦ·

1877 3818 1968 3855 τον
1989 3811 2012 3841 ε
2040 3801 2140 3872 μὲν
2171 3799 2482 3861 ἐπαίδευσε,
2531 3798 2625 3852 καὶ
2657 3796 2960 3867 ἀνθρώπων
2995 3796 3185 3849 οὐδένα
3235 3793 3454 3845 κολάσαι

1879 3885 2000 3938 οὐδέ
2027 3881 2445 3954 τιμωρήσασθαι
2471 3881 2748 3952 ἠνέσχετο.
2773 3879 2896 3943 Πῶς
2922 3875 3155 3943 οὗν;”ινα
3186 3878 3333 3948 μάθῃ
3357 3878 3454 3946 τὴν

1879 3965 2253 4037 τιμωρητικὴν
2287 3964 2452 4017 αὐτοῦ
2481 3963 2711 4034 δύναμιν
2739 3965 2767 4016 6
2807 3961 3075 4032 μαθητής.
3113 3961 3175 4012 Εἰ
3220 3960 3319 4030 μὲν
3346 3962 3453 4028 γάρ

1880 4049 2109 4105 ἐκόλασέ
2136 4065 2280 4110 τινα,
2312 4044 2488 4111 ἔδοξεν
2516 4047 2582 4100 ἂν
2607 4045 2980 4099 ἐναντιοῦσθαι
3011 4044 3188 4113 ἐαυτῷ
3215 4043 3450 4110 λέγοντι-

1883 4138 2005 4189 Οὺκ
2030 4130 2222 4204 ἦλθον
2265 4133 2365 4186 ἵνα
2394 4132 2573 4199 κρίνω
2597 4129 2702 4184 τὸν
2723 4130 2974 4198 κόσμον,
2992 4127 3128 4182 ἀλλ’
3144 4129 3245 4180 ἵνα
3275 4133 3454 4180 σώσω

1878 4218 1987 4273 τὸν
2011 4217 2262 4286 κόσμον.
2293 4214 2481 4281 Πάλιν,
2509 4215 2557 4267 εί
2592 4211 2795 4284 μηδένα
2828 4211 3107 4275 ἐκόλασεν,
3125 4209 3451 4279 ἀδιόρθωτος

1880 4302 2074 4373 ἑμενεν
2100 4302 2130 4354 6
2159 4299 2429 4370 μαθητὴς,
2462 4299 2524 4352 οὐ
2566 4295 2854 4368 μανθάνων
2877 4295 2965 4349 διὰ
2999 4295 3109 4348 τῶν
3152 4294 3327 4366 ἔργων
3356 4293 3452 4363 τὴν

1879 4385 2211 4455 κολαστικην
2235 4381 2398 4436 αὐτοῦ
2427 4382 2675 4454 δύναμιν.
2701 4380 2767 4434 Τί
2804 4376 2897 4435 οῦν
2925 4379 3016 4434 ἵνα
3041 4379 3296 4450 γένηται;

1952 4525 2117 4577 Ὥστε
2145 4521 2241 4576 καὶ
2276 4521 2366 4574 τὸν
2405 4519 2654 4593 μαθητὴν
2675 4520 2980 4591 φοϐηθῆναι
3021 4519 3117 4572 καὶ
3161 4516 3236 4588 μὴ
3284 4506 3452 4573 κατᾶ-

1881 4612 2227 4680 φρονήσαντα
2261 4603 2514 4672 γενέσθαι
2547 4604 2737 4673 χείρω,
2772 4603 2866 4656 καὶ
2909 4599 3211 4672 ἀνθρώπων
3247 4598 3451 4670 μηδένα

1880 4692 2176 4767 πληγῆναι,
2203 4688 2339 4760 μηδὲ
2371 4687 2590 4740 κόλασιν
2616 4687 2904 4757 ὑπομεῖναι
2927 4686 3021 4739 καὶ⁸
3053 4683 3345 4755 τιμωρίαν,
3365 4685 3451 4745 εἰς

1877 4778 1978 4848 τὴν
2003 4772 2176 4843 συκῆν
2210 4770 2308 4842 τὴν
2349 4769 2578 4840 δύναμιν
2621 4769 2830 4838 ταύτην
2868 4768 3237 4822 ἐπιδείκνυται
3265 4769 3294 4819 6
3318 4768 3451 4836 Χρι-

1881 4859 2026 4924 στὸς,
2062 4853 2252 4914 εἰπὼν,
2294 4851 2517 4920 Μηκέτι
2547 4853 2613 4905 ἐκ
2644 4850 2762 4905 σοῦ
2805 4850 3030 4919 καρπὸς
3064 4852 3324 4920 γένηται,
3358 4852 3450 4903 καὶ

1882 4945 2086 5016 ῥήματι
2109 4936 2251 5009 ψιλῷ
2268 4934 2294 4972 ἀ
2325 4937 2561 5004 ξηράνας
2582 4935 2747 5006 αὐτὴν
2773 4935 3134 5006 παραχρῆμα.
3158 4932 3314 4986 Οῦτω
3341 4935 3450 5002 γάρ

1879 5029 1932 5080 οἵ
1951 5043 2007 5078 τε
2039 5021 2316 5092 ἄνθρωποι
2336 5020 2535 5082 πάντες
2564 5018 2754 5090 έμενον
2776 5018 3048 5081 ἀϐλαϐεῖς,
3079 5017 3242 5080 αὐτός
3270 5034 3330 5069 τε
3353 5018 3448 5085 τὴν

1879 5108 2072 5165 ἐαυτοῦ
2096 5105 2324 5176 δύναμιν
2345 5103 2709 5162 ἐπεδείκνυτο,
2730 5102 2822 5155 τοῦ
2850 5103 3017 5171 φυτοῦ
3040 5101 3332 5172 δεξαμένου
3352 5102 3449 5172 τὴν

1879 5191 2168 5265 τιμωρίαν.
2229 5188 2336 5242 Καὶ
2377 5189 2406 5241 6
2447 5188 2695 5259 μαθητὴς
2714 5187 2773 5240 δὲ
2808 5189 2856 5240 εἰ
2885 5189 3172 5258 προσεῖχε,
3205 5186 3450 5254 μεγάλην

1881 5279 1948 5332 ἀν
1976 5275 2083 5331 ἀπὸ
2119 5274 2217 5343 τῆς
2241 5271 2518 5329 κολάσεως
2552 5272 2754 5341 ταύτης
2798 5268 3159 5341 ἐκαρπώσατο
3184 5268 3284 5341 τῂν
3307 5269 3450 5338 ὠφέ-

1946 5514 1972 5551 ί³
2001 5514 2136 5561 l'mxs
2154 5527 2244 5561 ms.
2272 5515 2470 5568 ἕκαστος
2492 5513 2690 5561 συνιδὼν
2716 5513 2862 5572 ἔλεγε.

1946 5580 1967 5605 ο
1999 5577 2131 5624 Unus
2155 5588 2241 5623 mn.
2285 5577 2364 5623 καὶ
2397 5566 2557 5631 τοῦτο,
2594 5572 2768 5622 melius
2803 5566 2952 5633 ἰμιιιηι
2983 5568 3066 5633 alii
3105 5566 3264 5633 τοῦτο,
3291 5568 3450 5630 inquit

1883 5637 2075 5690 Μωιτ..
2095 5638 2170 5684 mn
2198 5651 2284 5683 ειυς
2309 5630 2659 5683 dissentientes
2677 5630 2846 5681 τοῦτον
2869 5630 3159 5695 recepimm.
3188 5631 3329 5684 Enn.

1961 5700 2142 5748 (Sana
2167 5696 2216 5746 in
2243 5712 2394 5761 marg.
2414 5700 2490 5746 καὶ
2511 5699 2638 5762 ῥῆμα
2661 5698 2815 5759 ψιλόν.
