3862 6228
402 216 498 275 ππ
1127 221 1184 278 8.
1216 222 1492 283 JO.\NNiS
1525 225 1997 286 CHRYSOSTOMI
2023 232 2341 290 ARCIII’EP.
2373 234 2908 293 CONSTANTINOP.
3480 248 3491 255 ·
3555 237 3672 291 9η

400 340 555 394 quem
572 325 795 380 sortitus
811 336 910 393 est,
932 336 986 384 et
1006 329 1131 386 item
1151 344 1275 390 ante
1301 334 1422 388 vitm
1447 337 1645 391 exitum
1661 352 1727 392 ex
1747 353 1813 393 eo
1831 339 1974 409 quod

356 480 359 483 ι
397 417 477 471 sic
520 415 771 473 fastidivit
797 433 1105 491 pauperem.
1146 422 1281 480 Nam
1309 426 1407 482 ista
1432 443 1519 483 res
1541 428 1794 496 declarat,
1834 432 1975 502 quod

400 521 506 560 non
539 506 693 577 hujus
715 509 889 565 solum
916 513 1003 583 qui
1029 512 1236 583 iacebat
1270 517 1321 570 in
1347 519 1631 594 vestibulo,
1670 538 1852 577 verum
1879 540 1976 579 nec

396 595 614 651 alterius
636 600 942 670 cujusquam
964 602 1054 659 ille
1073 604 1321 662 misertus
1341 606 1516 666 fuerit.
1540 612 1745 667 Etenim
1767 614 1809 666 si
1829 614 1974 669 illum

400 697 656 754 perpetuo
691 689 747 744 in
779 691 1040 748 vestibulo
1062 705 1405 763 prostratum,
1435 715 1592 769 quem
1625 703 1860 771 quotidie
1885 719 1975 759 se-

397 774 503 829 mel
547 785 703 845 atque
736 777 925 834 iterum
971 796 1035 837 ac
1058 785 1255 853 smpius
1284 788 1462 845 videre
1486 792 1790 859 cogebatur,
1835 795 1974 852 foras

400 865 649 931 prodiens
673 883 737 924 ac
764 868 980 925 domum
1003 873 1215 930 rediens
1243 896 1258 932 :
1303 894 1411 934 non
1437 881 1578 935 enim
1611 884 1660 936 in
1687 884 1846 949 bivio,
1877 902 1975 943 nec

397 955 455 1007 in
479 957 756 1026 angiportu
779 1001 796 1027 ,
840 962 1116 1020 occultove
1156 967 1275 1023 loco
1316 969 1704 1040 decumbebat,
1748 976 1842 1032 sed
1870 994 1971 1047 qua

396 1046 704 1116 frequenter
727 1052 905 1108 exibat
927 1055 1263 1129 intrabatque
1287 1060 1438 1117 dives
1458 1103 1475 1129 ,
1497 1064 1574 1119 sic
1594 1075 1650 1119 ut
1676 1066 1760 1122 vel
1786 1046 1973 1125 uolens

394 1139 633 1208 aspicere
668 1155 984 1213 cogeretur;
1029 1146 1076 1202 si
1102 1148 1259 1214 hunc,
1303 1150 1538 1222 inquam,
1570 1170 1674 1209 non
1704 1166 1787 1212 est
1822 1173 1969 1212 com-

395 1228 701 1300 miseratus,
744 1244 885 1290 tanta
914 1236 1167 1296 afﬂictum
1197 1243 1531 1310 aegritudine,
1562 1245 1615 1299 in
1646 1257 1880 1317 egestate
1911 1265 1974 1304 ac

396 1323 617 1388 penuria
652 1325 811 1380 vitam
842 1326 1123 1398 degentem
1148 1370 1165 1397 ,
1207 1334 1291 1389 vel
1337 1336 1512 1404 potius
1550 1345 1661 1391 toto
1692 1340 1817 1393 vita:
1861 1357 1973 1396 sua:

397 1422 636 1485 tempore
663 1417 851 1473 morbo
890 1431 1051 1491 atque
1092 1424 1228 1478 adeo
1254 1427 1572 1495 gravissimo
1619 1428 1970 1497 laborantem,

394 1504 668 1575 cujusnam
697 1509 837 1564 obvii
869 1511 1117 1569 misertus
1144 1517 1328 1571 esset?
1366 1517 1575 1574 Etenim
1607 1531 1666 1577 ut
1697 1524 1865 1592 primo
1886 1526 1973 1581 die

395 1599 707 1669 neglexerit,
747 1612 894 1660 certe
929 1617 1346 1665 consentaneum
1388 1622 1534 1679 erat,
1571 1623 1628 1669 ut
1672 1616 1846 1672 altero
1886 1618 1973 1673 die

393 1690 614 1745 sentiret
642 1692 841 1762 aliquid
869 1695 1108 1753 affectus.
1150 1699 1300 1768 Quod
1326 1702 1371 1756 si
1402 1701 1504 1758 hoc
1523 1719 1733 1775 quoque
1758 1707 1843 1762 die
1863 1707 1973 1763 dis-

392 1780 679 1851 simulavit,
709 1794 854 1841 certe
884 1789 1040 1843 tertio
1062 1789 1171 1857 die,
1201 1802 1347 1848 certe
1362 1804 1573 1865 quarto,
1593 1807 1741 1853 certe
1762 1801 1966 1869 quinto,

392 1878 484 1925 attt
520 1872 644 1929 huic
684 1878 928 1946 proximo
964 1880 1052 1935 die
1086 1897 1304 1951 prorsus
1331 1886 1510 1940 animo
1538 1887 1677 1943 ﬂecti
1722 1891 1970 1960 debebat,

392 1961 514 2018 licet
542 1962 668 2021 feris
692 1982 906 2037 quoque
932 1969 1117 2028 fuisset
1137 1973 1408 2030 immitior.
1428 1975 1622 2032 Verum
1646 1979 1776 2036 nihil
1798 1981 1973 2037 istius-

392 2044 534 2106 modi
563 2056 751 2121 sensit,
787 2057 880 2112 sed
906 2058 1000 2114 illo
1024 2075 1237 2132 quoque
1255 2063 1456 2134 judice,
1480 2067 1569 2136 qui
1597 2084 1770 2140 neque
1801 2071 1969 2126 Deum

392 2146 680 2214 metuebat,
714 2162 812 2203 nec
844 2148 1113 2207 hominem
1148 2157 1508 2224 reverebatur,
1536 2171 1590 2215 et
1614 2162 1973 2232 impudentior

391 2243 506 2290 erat
530 2245 583 2290 et
609 2237 1001 2296 inexorabilior.
1027 2242 1159 2300 Nam
1184 2246 1328 2303 illum
1346 2249 1560 2318 quidem
1585 2253 1754 2309 vidnte
1773 2256 1970 2311 instan-

394 2325 488 2394 tia,
526 2329 771 2396 quamvis
812 2332 1083 2389 crudelem
1119 2345 1174 2391 et
1199 2353 1469 2407 asperum,
1511 2351 1686 2399 tamen
1720 2346 1866 2401 ﬂexit
1903 2348 1971 2403 ad

390 2418 814 2487 gratificandum,
854 2425 1084 2497 vicitque
1123 2430 1363 2487 mulieris
1405 2436 1721 2505 supplicatio
1762 2454 1777 2492 :
1828 2438 1973 2496 hunc

390 2523 519 2566 vero
548 2527 613 2567 ne
634 2512 735 2568 ista
761 2514 972 2587 quidem
1002 2533 1088 2573 res
1115 2518 1329 2581 ﬂectere
1352 2525 1522 2595 potuit
1548 2528 1614 2583 ad
1654 2530 1973 2587 subvenien—

390 2599 515 2654 dum
547 2605 785 2673 pauperi.
822 2605 1147 2678 Quamquam
1175 2626 1283 2667 non
1308 2624 1423 2670 erat
1447 2616 1634 2672 similis
1663 2620 1968 2689 postulatio,

390 2689 483 2744 sed
513 2690 691 2760 hujus,
720 2710 911 2765 nempe
930 2695 1140 2768 Lazari,
1161 2701 1331 2756 multo
1356 2701 1455 2757 fuit
1477 2714 1585 2760 tum
1612 2706 1837 2776 facilior,
1860 2720 1969 2767 tum

388 2779 598 2850 justior.
621 2782 755 2840 Nam
786 2786 937 2842 vidua
967 2789 1179 2859 quidem
1202 2792 1347 2849 illum
1373 2794 1689 2865 implorabat
1712 2799 1969 2858 adversus

392 2870 572 2929 hostes
596 2889 761 2931 suos:
790 2876 880 2937 hic
906 2880 1039 2935 nihil
1059 2882 1199 2937 aliud
1227 2886 1460 2954 petebat,
1491 2876 1649 2957 quam
1679 2900 1734 2945 ut
1758 2893 1973 2950 sedaret

390 2961 611 3031 famem,
641 2975 696 3020 et
721 2983 789 3023 ne
814 2978 1181 3027 contemneret
1214 2985 1542 3044 pereuntem.
1584 2979 1674 3036 Illa
1704 2982 1972 3053 flagitabat

388 3053 723 3125 obstrepens,
747 3057 834 3115 hic
849 3069 1026 3116 autem
1051 3064 1246 3133 stepius
1271 3081 1377 3121 uno
1395 3068 1483 3124 die
1505 3070 1668 3127 silens
1683 3076 1972 3144 apparebat

388 3145 535 3201 diviti
561 3147 872 3221 jacensque.
918 3152 1031 3209 Hoc
1057 3165 1206 3212 certe
1230 3158 1360 3213 satis
1390 3168 1507 3215 erat
1534 3162 1615 3217 vel
1655 3164 1721 3218 ad
1751 3180 1968 3222 saxeum

388 3251 482 3290 cor
509 3239 909 3298 emolliendum.
952 3244 1161 3301 Etenim
1189 3248 1276 3317 qui
1297 3248 1617 3321 obtunduut,
1646 3252 1699 3308 iu
1729 3254 1830 3312 hos
1861 3257 1969 3314 fre-

387 3338 614 3396 quenter
631 3332 788 3387 etiam
810 3348 1167 3405 provocamur
1193 3340 1289 3394 ira.
1312 3341 1573 3399 Caeterum
1599 3348 1806 3416 quoties
1826 3350 1970 3407 vide—

390 3433 508 3473 mus
533 3420 732 3478 auxilio
750 3424 1046 3499 indigentes
1066 3468 1081 3492 ,
1110 3430 1278 3486 multo
1301 3445 1422 3488 cum
1442 3434 1656 3492 silentio
1674 3438 1967 3509 adstantes,

389 3523 560 3579 neque
608 3527 792 3569 vocem
819 3515 978 3571 ullam
1021 3518 1272 3586 edentes,
1320 3523 1427 3579 imo
1468 3526 1628 3581 etiam
1673 3528 1722 3583 si
1757 3544 1971 3599 semper

390 3598 729 3669 frustrentur,
777 3620 882 3663 non
926 3614 1101 3664 tamen
1145 3611 1369 3668 moleste
1410 3614 1663 3686 ferentes,
1691 3619 1786 3675 sed
1815 3598 1970 3678 tacite

388 3690 671 3785 offerentes
694 3709 815 3754 sese
838 3708 1022 3757 nostro
1047 3708 1375 3774 conspectui,
1395 3711 1636 3779 quamvis
1653 3712 1820 3769 simus
1839 3714 1970 3785 ipsis

391 3783 653 3853 lapidibus
690 3787 969 3859 duriores,
1018 3803 1197 3854 tamen
1223 3799 1588 3859 admirabilem
1616 3804 1758 3862 illam
1786 3783 1971 3865 mode-

386 3875 543 3930 stiam
584 3880 798 3936 reveriti
828 3882 1109 3941 ﬂectimur.
1150 3887 1270 3944 Jam
1312 3900 1366 3946 et
1392 3892 1534 3949 aliud
1571 3898 1860 3954 accedebat
1887 3899 1969 3957 his

386 3981 507 4036 qua
526 3967 635 4061 dixi
655 3985 759 4026 non
781 3971 975 4038 minus,
1004 3976 1249 4034 videlicet
1264 3981 1404 4051 quod
1430 3982 1541 4053 ipsa
1572 3999 1781 4061 quoque
1808 3987 1970 4044 facies

390 4058 633 4150 pauperis
657 4072 773 4117 erat
807 4063 1147 4136 miserabilis,
1178 4078 1361 4142 utpote
1387 4073 1524 4130 fame
1549 4058 1854 4150 diutinaque
1879 4098 1971 4135 vac

385 4145 621 4208 letudine
656 4155 916 4211 confecta.
948 4158 1196 4216 Attamen
1235 4177 1336 4219 nec
1373 4164 1560 4223 harum
1599 4145 1783 4227 rerum
1816 4172 1970 4243 quid-

387 4257 543 4310 quam
573 4244 959 4315 implacabilem
989 4251 1136 4306 illum
1162 4254 1406 4311 emolliit.

460 4334 513 4389 7.
551 4334 664 4391 lloc
697 4337 855 4408 igitur
875 4340 1101 4411 primum
1125 4346 1310 4402 vitium
1332 4348 1617 4405 crudelitas
1639 4361 1775 4419 erat,
1803 4353 1964 4409 inhu-

390 4425 721 4498 manitasque
773 4429 860 4485 cui
905 4431 1037 4489 nihil
1080 4444 1289 4506 poterat
1329 4438 1604 4495 accedere.
1662 4442 1773 4498 Nec
1824 4447 1965 4500 enim

388 4514 561 4572 simile
604 4530 706 4587 est,
747 4522 792 4576 si
834 4524 900 4591 is,
927 4527 1016 4596 qui
1046 4527 1101 4582 in
1130 4530 1350 4598 penuria
1376 4531 1521 4603 degit
1548 4550 1653 4589 non
1694 4547 1968 4594 succurrat

388 4609 594 4679 egenis,
630 4621 685 4666 et
723 4613 767 4669 si
800 4617 959 4671 tantis
980 4617 1207 4675 afﬂuens
1231 4621 1457 4689 deliciis,
1484 4625 1619 4680 alios
1655 4626 1794 4681 fame
1820 4629 1967 4683 tabe-

388 4712 596 4759 scentes
619 4704 895 4777 despiciat.
927 4710 1159 4767 Rursum
1184 4714 1357 4773 simile
1377 4731 1487 4772 non
1510 4726 1591 4773 est
1611 4718 1653 4773 si
1677 4734 1963 4790 pauperem

388 4794 554 4849 semel
581 4805 740 4867 atque
760 4801 948 4856 iterum
977 4812 1318 4874 conspectum
1342 4815 1740 4878 prmtercurras,
1765 4822 1819 4866 et
1844 4827 1962 4867 cum

388 4886 625 4953 quotidie
648 4890 847 4956 videas,
884 4908 953 4949 ne
981 4896 1061 4950 sic
1087 4896 1301 4965 quidem
1331 4914 1395 4954 ex
1430 4900 1646 4957 assiduo
1674 4914 1963 4973 conspectu

385 4977 636 5033 excitaris
677 4981 745 5036 ad
785 4983 1225 5042 misericordiam.
1255 4988 1459 5046 Rursus
1484 4990 1626 5046 aliud
1653 5001 1755 5060 est,
1794 4994 1838 5048 si
1873 4995 1962 5064 qui

386 5070 776 5131 calamitatibus
821 5085 877 5131 et
917 5080 1174 5149 angustiis
1216 5081 1493 5151 premitur,
1544 5084 1792 5154 maleque
1835 5085 1964 5139 aﬂ‘c—

384 5169 503 5217 ctus
524 5172 607 5218 est
630 5165 831 5235 animo,
860 5183 967 5224 non
996 5170 1287 5239 epituletur
1311 5173 1557 5242 proximo
1589 5191 1603 5228 :
1634 5174 1778 5231 aliud
1807 5175 1852 5229 si
1872 5176 1963 5245 qui

387 5264 529 5309 tanta
578 5254 771 5314 fruitur
811 5260 1084 5331 voluptate
1128 5272 1491 5336 perpetuaque
1530 5265 1781 5323 felicitate
1828 5267 1963 5324 alios

384 5345 525 5399 fame
548 5345 884 5405 tabescentes
925 5352 1175 5422 negligat,
1215 5354 1567 5424 oceludatque
1606 5357 1831 5424 viscera,
1863 5372 1962 5413 nec

384 5436 473 5504 Fiet
505 5436 575 5495 ab
614 5438 728 5509 ipsa
776 5440 959 5497 laetitia
1009 5443 1262 5500 reddatur
1311 5445 1611 5503 humanior.
1657 5448 1788 5504 Nam
1833 5448 1962 5504 illud

383 5528 621 5596 profecto
661 5531 851 5598 nostis,
882 5532 1025 5603 quod
1063 5534 1188 5591 licet
1230 5536 1397 5592 simus
1433 5540 1669 5593 omnium
1714 5540 1962 5596 immitis-

385 5617 529 5688 simi,
559 5629 739 5679 tamen
761 5638 1019 5697 prospero
1054 5641 1306 5685 necesse
1335 5643 1514 5687 rerum
1544 5631 1788 5688 mitiores
1803 5631 1960 5689 beni-

2087 340 2406 412 gnioresque
2449 343 2597 399 reddi
2639 346 3031 401 consuevimus.
3080 347 3151 401 At
3192 347 3338 402 illum
3382 365 3452 404 ne
3505 367 3667 421 copia

2080 432 2291 502 quidem
2319 449 2496 489 rerum
2521 434 2776 492 reddebat
2823 438 3120 502 meliorem,
3157 439 3249 493 sed
3280 444 3666 508 perseVerahat

2079 537 2267 579 versus
2290 525 2346 579 in
2373 525 2559 591 feram,
2606 528 2715 581 imo
2739 529 2912 598 potius
2936 529 3171 583 omnium
3199 529 3430 585 ferarum
3463 533 3664 586 crude-

2078 616 2280 671 litatem
2319 626 2375 672 et
2401 617 2836 675 inbumanitatem
2874 619 3111 674 moribus
3149 623 3436 691 superavit.
3479 622 3549 676 Et
3580 635 3662 677 ta-

2078 722 2201 761 men
2250 706 2388 764 banc
2422 709 2740 763 scelerosam
2783 717 2840 764 et
2882 709 3218 764 inhumanam
3261 711 3420 764 vitam
3456 722 3662 775 agens,

2078 797 2223 851 omni
2243 814 2419 852 rerum
2440 801 2790 870 prosperitate
2813 800 3083 856 fruebatur
3109 818 3122 855 :
3145 801 3280 855 alter
3298 817 3427 856 vero
3448 802 3659 868 justus,

2077 902 2143 943 ac
2178 888 2389 942 virtutis
2435 890 2705 945 studiosus
2741 891 2794 945 in
2841 893 3094 945 extremis
3139 900 3256 946 erat
3295 893 3467 946 malis.
3514 892 3657 946 Nam

2077 977 2333 1032 Lazarum
2357 979 2523 1035 fuisse
2544 980 2766 1050 justum,
2796 981 3123 1036 declaratum
3152 991 3236 1038 est
3253 991 3363 1038 tum
3390 984 3540 1038 exitu
3569 984 3658 1038 vi—

2078 1076 2165 1134 taz,
2199 1078 2309 1124 tum
2349 1079 2405 1125 et
2437 1081 2561 1127 ante
2588 1071 2712 1126 vitae
2752 1072 2908 1127 finem
2939 1074 3049 1142 ipsa
3085 1072 3314 1128 hominis
3338 1074 3389 1128 in
3420 1089 3662 1143 pauper-

2078 1168 2184 1216 tate
2217 1161 2512 1217 tolerantia.
2553 1164 2770 1230 Quzeso,
2810 1179 2987 1220 nonne
3034 1165 3284 1221 videmini
3318 1168 3433 1221 haec
3477 1168 3660 1221 oculis

2077 1252 2312 1308 intueri?
2337 1255 2493 1309 Diviti
2516 1257 2669 1310 navis
2697 1268 2811 1311 erat
2832 1258 2982 1327 plena
3012 1259 3291 1325 mercium,
3321 1273 3387 1313 ac
3409 1258 3661 1313 secundo

2077 1345 2359 1414 navigabat
2389 1356 2566 1402 vento.
2594 1347 2788 1402 Verum
2816 1366 2881 1404 ne
2908 1349 3034 1419 quid
3074 1348 3302 1412 mireris,
3343 1350 3412 1404 ad
3441 1348 3660 1404 naufra-

2074 1433 2217 1501 gium
2249 1434 2549 1502 festinabat,
2583 1452 2649 1491 eo
2673 1438 2813 1509 quod
2839 1454 2974 1493 onus
3014 1440 3228 1494 nolebat
3251 1451 3403 1495 caute
3426 1456 3657 1508 mttere.

2078 1522 2169 1578 Vis
2200 1524 2291 1578 tibi
2317 1540 2730 1581 commemorem
2769 1538 2824 1582 et
2863 1528 3003 1583 aliud
3033 1530 3171 1585 illius
3208 1530 3431 1585 vitium?
3454 1531 3657 1597 Quali-

2074 1612 2162 1667 die
2192 1615 2411 1669 vacabat
2435 1615 2637 1671 deliciis
2665 1618 2782 1673 sine
2810 1618 2920 1672 ullo
2957 1629 3123 1673 metu.
3153 1617 3285 1674 Nam
3309 1629 3365 1675 et
3401 1619 3509 1675 hoc
3535 1632 3659 1691 erat

2077 1702 2282 1771 vitium,
2320 1720 2426 1758 non
2456 1705 2616 1760 modo
2645 1706 2747 1761 hoc
2780 1716 3043 1777 tempore,
3082 1724 3203 1763 cum
3233 1717 3376 1764 tanta
3425 1725 3454 1763 a
3495 1711 3659 1763 nobis

2074 1790 2301 1861 exigitur
2333 1792 2687 1865 pbil050pbia,
2717 1813 2901 1854 verum
2942 1798 3102 1853 etiam
3143 1799 3293 1853 initio
3328 1799 3429 1854 sub
3466 1799 3657 1855 Veteri

2075 1882 2437 1952 Tesmmento,
2482 1902 2602 1941 cum
2646 1889 2878 1943 nondum
2916 1890 3071 1945 nobis
3116 1898 3258 1945 esset
3288 1900 3507 1946 ostensa
3540 1901 3657 1946 tam

2074 1983 2257 2029 exacta
2285 1976 2635 2046 philosophia.
2666 1980 2801 2034 Audi
2840 1981 3001 2051 igitur
3026 1980 3152 2051 quid
3178 1981 3319 2037 dicat
3343 1980 3614 2052 propheta
3640 2002 3655 2036 :

2084 2063 2172 2118 Vw
2204 2066 2358 2129 vobis,
2397 2069 2484 2139 qui
2507 2070 2701 2123 venturi
2729 2071 2846 2125 estis
2873 2073 2927 2125 in
2955 2072 3089 2126 diem
3112 2075 3319 2139 malum,
3345 2074 3432 2138 qui
3455 2091 3659 2145 appro-

2076 2156 2347 2225 pinquatis,
2390 2166 2438 2210 et
2478 2160 2679 2229 tangitis
2707 2161 2913 2215 sabbata
2952 2163 3212 2217 mendacia
3238 2164 3437 2235 (Amos.
3478 2165 3536 2220 6.
3566 2166 3656 2237 5).

2075 2247 2209 2313 Quid
2236 2257 2338 2310 est,
2372 2248 2601 2319 Tangitis
2624 2250 2830 2305 sabbata
2853 2253 3156 2308 mendacia?

2146 2336 2427 2391 Sabbatum
2466 2356 2568 2393 non
2607 2341 2719 2408 otii,
2762 2342 2852 2395 sed
2890 2342 3229 2398 meditationis
3266 2359 3422 2397 causa
3445 2343 3657 2399 datm.

2072 2457 2144 2468 -—
2162 2428 2329 2484 Judaei
2356 2440 2543 2500 putant
2580 2432 2681 2487 sibi
2723 2433 3002 2488 sabbatum
3028 2434 3121 2488 otii
3162 2436 3330 2505 gratia
3358 2435 3523 2493 fuisse
3548 2437 3656 2490 da-

2075 2527 2207 2584 tum,
2238 2535 2422 2575 verum
2450 2537 2557 2575 non
2600 2522 2699 2577 ista
2744 2533 2826 2577 est
2863 2539 3021 2579 causa
3050 2539 3064 2577 :
3092 2524 3186 2580 sed
3229 2526 3427 2596 potius,
3472 2537 3532 2581 ut
3555 2528 3658 2585 ab-

2072 2609 2213 2663 ducti
2237 2625 2267 2663 a
2311 2611 2451 2665 curis
2496 2627 2674 2667 rerum
2715 2614 3106 2684 temporalium,
3137 2616 3303 2669 otium
3330 2631 3492 2673 omne
3515 2633 3655 2673 eou~

2073 2709 2348 2754 sumerent
2395 2702 2446 2755 in
2482 2701 2827 2772 spiritalibus.
2875 2703 3028 2772 Quod
3062 2704 3206 2760 enim
3235 2705 3514 2761 sabbatum
3542 2722 3658 2761 non

2073 2791 2189 2857 otii,
2236 2792 2330 2846 sed
2372 2793 2661 2867 spiritualis
2706 2794 2933 2849 actionis
2974 2796 3193 2851 materia
3236 2797 3326 2863 sit,
3354 2797 3655 2853 dilucidum

2073 2891 2157 2937 est
2184 2898 2249 2938 ex
2276 2883 2406 2954 ipsis
2430 2885 2611 2939 rebus.
2632 2885 2764 2940 Nam
2793 2885 3045 2940 sacerdos
3071 2900 3139 2941 eo
3161 2885 3250 2942 die
3273 2886 3497 2957 duplum
3524 2886 3655 2942 facit

2073 2976 2274 3044 operis,
2300 2976 2389 3045 qui
2411 2976 2646 3045 quotidie
2679 2991 2782 3031 non
2814 2976 2913 3031 nisi
2944 2977 3153 3033 unicam
3189 2977 3419 3039 hostiam
3444 2977 3658 3034 oﬂ'erre

2073 3066 2279 3130 solitus,
2328 3067 2548 3121 sabbato
2589 3066 2809 3137 jubetur
2847 3068 3038 3123 offerre
3084 3068 3371 3138 geminam.
3406 3068 3561 3137 Quod
3606 3071 3661 3123 si

2072 3172 2295 3227 prorsus
2313 3166 2455 3211 esset
2477 3158 2570 3212 otii
2591 3158 2725 3223 dies,
2753 3160 3033 3229 Oportebat
3055 3160 3386 3214 sacerdotem
3410 3158 3658 3214 mnnium

2073 3250 2301 3303 maxime
2325 3249 2491 3303 otium
2516 3264 2693 3319 agere.
2722 3249 2978 3317 Quoniam
3008 3250 3165 3320 igitur
3190 3249 3357 3304 Judaei
3396 3265 3658 3319 corpora-

2072 3338 2201 3393 lium
2232 3354 2411 3393 rerum
2437 3341 2578 3393 curis
2604 3339 2831 3405 liberati,
2856 3355 2960 3394 non
3000 3338 3255 3395 vacabant
3297 3340 3655 3407 spiritalibus,

2072 3439 2198 3499 puta
2241 3430 2535 3496 sobrietati,
2580 3430 2878 3499 modestiae,
2913 3441 2968 3488 et
3008 3432 3283 3487 audiendis
3307 3433 3506 3487 divinis
3532 3448 3653 3488 ser-

2072 3522 2343 3589 monibus,
2370 3522 2462 3577 sed
2488 3523 2812 3578 contrarium
2838 3524 3011 3593 potius
3038 3522 3318 3585 faciebant,
3351 3523 3659 3578 servientes

2071 3613 2264 3679 ventri,
2296 3612 2628 3683 indulgentes
2679 3613 2942 3677 ebrietati,
2971 3613 3188 3668 distenti
3215 3613 3368 3677 cibis,
3393 3613 3653 3668 dclician-

2074 3716 2186 3772 tes,
2239 3704 2363 3760 ideo
2417 3705 2537 3759 illos
2592 3705 2935 3773 reprehendit
2985 3704 3264 3775 proiiheta.
3314 3704 3450 3759 Cum
3504 3707 3651 3760 enim

2072 3795 2313 3859 dixisset,
2347 3793 2433 3848 Vte
2452 3795 2535 3865 qui
2560 3794 2736 3849 venitis
2770 3795 2823 3848 in
2849 3794 2981 3848 diem
3006 3795 3194 3848 malam
3217 3809 3235 3848 :
3258 3802 3314 3849 et
3351 3810 3478 3849 eum
3505 3796 3655 3849 addi-

2071 3884 2260 3952 disset,
2289 3884 2390 3950 Qui
2428 3885 2673 3955 attingitis
2712 3884 2917 3938 sabbata
2958 3885 3239 3949 mendacia,
3285 3885 3545 3940 indicavit
3585 3903 3652 3941 ex

2071 3976 2362 4043 additione,
2392 3990 2499 4047 quo
2538 3986 2693 4045 pacto
2734 3975 3011 4030 mendacia
3056 3975 3159 4030 illis
3198 3975 3417 4031 sabbata
3445 3986 3651 4031 essent.

2071 4067 2353 4135 Quomodo
2382 4068 2540 4139 igitur
2580 4082 2645 4122 ea
2674 4067 2949 4122 mendacia
2992 4066 3327 4123 reddebant?
3352 4068 3490 4122 Dum
3517 4084 3650 4138 ope-

2071 4162 2325 4217 rabantur
2362 4160 2714 4231 iniquitatem,
2746 4160 2952 4216 deliciis
2992 4168 3047 4215 et
3085 4159 3328 4215 ebrietati
3369 4172 3650 4221 vacantes,

2070 4260 2125 4306 et
2178 4260 2426 4307 sexcenta
2469 4249 2570 4304 alia
2624 4248 2917 4304 foedissima
2970 4256 3356 4318 perpetrantes.
3399 4248 3560 4316 Quod
3599 4260 3653 4302 nt

2069 4357 2255 4397 verum
2309 4356 2430 4397 esse
2477 4340 2759 4411 intelligas,
2803 4339 2925 4394 audi
2970 4355 3090 4409 qua:
3142 4341 3649 4411 sequunturzquod

2070 4448 2171 4504 ego
2198 4433 2321 4489 dico
2350 4447 2446 4503 per
2467 4447 2528 4487 ea
2558 4432 2775 4492 indicat.
2798 4448 2915 4502 qum
2938 4432 3117 4485 statim
3144 4431 3387 4498 adjunxit
3417 4431 3610 4487 dicens
3640 4452 3651 4486 :

2073 4527 2174 4594 Qui
2198 4526 2428 4581 dormitis
2467 4528 2519 4578 in
2565 4524 2701 4578 lectis
2732 4523 2980 4589 eburneis,
3022 4539 3082 4576 ac
3123 4523 3360 4577 lascivitis
3388 4523 3441 4576 in
3481 4528 3653 4578 stratis

2069 4619 2262 4673 uestris.
2297 4617 2395 4685 Qui
2446 4616 2703 4671 comeditis
2742 4615 2913 4671 Iuedos
2936 4632 2965 4670 e
2993 4616 3176 4679 caulis,
3215 4626 3264 4669 et
3289 4616 3475 4669 situlos
3505 4634 3534 4669 ε
3562 4616 3650 4669 bo-

2068 4710 2251 4764 uilibus
2280 4710 2536 4774 lactentes,
2565 4708 2653 4776 qui
2682 4707 2843 4762 bibitis
2873 4707 3042 4760 uiuum
3082 4706 3404 4775 deferamur,
3446 4723 3513 4758 ac
3544 4710 3648 4775 μή

2069 4803 2165 4855 mis
2210 4801 2477 4872 unguentis
2515 4798 2762 4869 ungimiui
2811 4797 3007 4867 (Amas.
3056 4798 3110 4851 6.
3154 4798 3210 4852 ι.
3258 4797 3339 4867 6).
3382 4798 3649 4867 Accepisti

2068 4894 2368 4954 sabbatum,
2397 4900 2456 4946 ut
2483 4892 2713 4945 animam
2746 4900 2887 4944 tuam
2916 4888 3171 4943 liberares
3188 4904 3219 4942 a
3239 4889 3385 4942 vitiis
3407 4907 3419 4940 :
3441 4900 3500 4943 tu
3525 4906 3650 4943 vero

2070 4994 2178 5039 tum
2208 4983 2375 5054 magis
2414 4983 2499 5037 illa
2525 4981 2832 5036 committis.
2863 4980 3001 5047 Quid
3031 4980 3173 5034 enim
3200 4993 3319 5033 esse
3347 4978 3519 5048 possit
3552 4981 3645 5033 isut

2068 5077 2291 5134 mollitie
2332 5075 2577 5146 nequius,
2622 5088 2779 5144 quam
2825 5064 3118 5127 iudormire
3157 5070 3309 5125 lectis
3350 5071 3645 5125 eburneisi

2068 5168 2199 5223 Nam
2223 5176 2414 5223 caetera
2441 5166 2655 5237 quidem
2688 5174 2903 5234 peccata
2934 5163 3123 5219 saltem
3143 5163 3374 5232 aliquam
3400 5162 3648 5231 exiguam

2067 5259 2475 5315 delectationem
2522 5256 2739 5323 habent,
2769 5255 2930 5311 veluti
2962 5252 3295 5317 temulentia,
3335 5254 3560 5307 avaritia
3596 5266 3646 5306 et

2067 5351 2275 5409 luxuria
2309 5359 2600 5405 :catterum
2631 5348 2683 5401 in
2715 5347 2868 5402 lectis
2894 5344 3151 5400 eburneis
3185 5344 3442 5411 dormire,
3488 5360 3649 5412 quam

2066 5443 2221 5498 affert
2262 5440 2624 5511 voluptatem?
2670 5437 2812 5509 quod
2859 5436 3149 5492 solatium?
3187 5435 3321 5490 Num
3376 5435 3500 5489 lecti
3544 5435 3649 5503 puL

2066 5533 2311 5591 chritudo
2337 5533 2511 5589 reddit
2549 5532 2703 5587 nobis
2725 5546 2970 5586 somnum
2995 5529 3297 5587 suaviorem
3322 5526 3651 5581 dulciorem

2066 5629 2217 5701 que?
2247 5628 2359 5683 lmo
2385 5624 2760 5697 gravissimum
2795 5632 2879 5680 est
2917 5621 3049 5679 illud
3077 5619 3656 5688 molestissmmtque,

3802 5570 3809 5779 1

3802 5854 3809 6067 1
