3862 6228
188 238 284 295 971

188 354 269 426 τῷ
297 352 525 417 πυλῶνι,
553 352 670 407 ἀλλ’
694 352 800 407 οὐδ’
829 350 985 406 ἄλλον
1016 351 1137 407 τινά
1171 354 1342 424 ἠλέει,
1373 355 1535 418 αὐτὸς
1560 354 1766 415 ἐκεῖνος

188 444 349 497 τοῦτο
380 442 597 506 ἔδειξεν.
632 443 695 495 EE
716 444 825 514 γάρ
849 442 940 495 τὸν
968 444 1026 496 ἐν
1055 443 1131 513 τῷ
1166 444 1371 497 πυλῶνι
1393 440 1652 513 διηνεκῶς
1678 442 1769 511 ἐρ⁴

194 530 479 601 ριμμένον.
506 532 600 585 καὶ
630 530 737 603 πρὸ
786 530 894 585 τῶν
926 530 1221 602 ὀφθαλμῶν
1254 531 1532 602 κείμενον,
1562 528 1620 582 δν
1646 527 1767 581 καθ’

193 618 431 687 ἑκάστην
455 617 690 688 ἡμέραν,
721 619 814 671 καὶ
834 618 1002 685 ἅπαξ,
1044 619 1138 672 καὶ
1174 619 1278 682 δὶς,
1314 618 1409 671 καὶ
1443 615 1769 677 πλεονάκις,

193 705 327 774 ὀρᾷν
357 705 699 773 ἠναγκάζετο
731 704 916 757 εἰσιὼν
950 706 1042 758 καὶ
1068 705 1252 769 ἐξιώνο
1279 704 1339 757 οὐ
1363 703 1471 774 γὰρ
1500 704 1557 755 ἐν
1587 698 1770 769 ἀμφό-

192 794 287 861 δῳν
332 794 440 846 οὐδ’
471 796 528 846 ἐν
577 794 806 865 κρυπτῷ
838 796 932 849 καὶ⁷
980 795 1242 865 στενωπῴ
1288 792 1572 846 κατέκειτο
1596 788 1767 857 τόπῳ,

192 883 308 936 ἀλλ’
357 884 486 938 ἔνθα
543 888 786 954 συνεχεῖς
832 885 930 948 τάς
989 885 1223 947 είσόδους
1278 884 1370 937 καὶ
1422 883 1521 946 τὰς
1558 879 1771 945 ἐξόδους

195 971 516 1043 ποιούμενος
543 976 571 1026 ὁ
592 974 865 1036 πλούσιος,
896 975 1043 1028 ἄκων
1076 973 1237 1026 αὐτὸν
1255 973 1386 1043 όρᾷν
1408 968 1767 1041 ἠναγκάζετο·

192 1064 244 1116 εί
278 1064 457 1118 τοίνυν
480 1065 670 1118 τοῦτον
698 1066 797 1119 οὐκ
828 1066 1049 1137 ἠλέησε,
1084 1066 1176 1118 τὸν
1200 1067 1258 1119 ἐν
1281 1063 1521 1133 τοσούτῳ
1550 1058 1770 1132 χαλεπῷ

192 1150 355 1205 πάθει
383 1154 797 1224 κατακείμενον,
848 1153 943 1206 καὶ
983 1154 1187 1225 ἀπορίᾳ
1219 1153 1455 1225 τοσαύτῃ
1492 1151 1768 1216 συζῶντα,

198 1240 399 1309 μᾶλλον
421 1240 476 1292 δέ
510 1241 597 1293 διά
641 1241 842 1305 παντὸς
875 1242 971 1295 τοῦ
1015 1242 1129 1313 βίου
1169 1242 1450 1314 ἀρρωστία
1495 1242 1773 1295 ταλαιπω-

197 1328 416 1398 ροῦντα,
441 1330 534 1382 καὶ
560 1329 842 1401 ἀρρωστίᾳ
864 1330 1241 1404 χαλεπωτάτῃ·
1261 1330 1396 1401 πρὸς
1426 1330 1546 1383 τίνα
1573 1329 1639 1383 ἀν
1661 1330 1771 1384 τῶν

193 1416 631 1487 ἐντυγχανόντων
655 1417 983 1489 ἐπεκάμφθη
1006 1419 1135 1470 ποτέ
1152 1437 1165 1483 ;
1190 1420 1300 1473 Καὶ
1314 1418 1422 1490 γὰρ
1438 1419 1515 1483 είς
1532 1418 1629 1490 τὴν
1647 1434 1775 1491 προ-

192 1504 361 1576 τέραν
394 1506 609 1576 ἡμέραν
639 1507 981 1578 παρέδραμε,
1012 1507 1110 1577 τὴν
1152 1507 1409 1579 δευτέραν
1442 1508 1587 1572 εἰκὸς
1615 1502 1684 1579 ἦν
1716 1524 1772 1561 τι

196 1594 412 1647 παθεῖν’
434 1597 482 1647 εί
507 1595 563 1647 δέ
590 1597 684 1649 καὶ
717 1597 775 1649 ἐν
802 1597 972 1667 ταύτῃ
993 1596 1264 1668 παρεῖδεν,
1286 1596 1420 1650 ἀλλά
1441 1598 1539 1668 τὴν
1557 1597 1770 1669 τρίτην,

197 1685 231 1754 ἢ
264 1683 363 1754 τὴν
392 1684 660 1755 τετάρτην
680 1727 693 1748 ,
731 1682 764 1755 ἢ
813 1684 911 1754 τὴν
939 1686 1056 1755 μετ’
1084 1685 1320 1754 ἐκείνην,
1350 1684 1567 1750 πάντως
1610 1686 1773 1743 αὐτὸν

193 1777 610 1847 ἐπικαμφθῆναι
632 1776 757 1840 ἔδει,
782 1778 877 1831 καὶ
899 1778 946 1830 εί
969 1776 1075 1829 τῶν
1097 1775 1300 1848 θηρίων
1325 1774 1659 1849 ἀγριώτερος
1679 1773 1770 1848 ἦν.

193 1864 340 1917 Ἀλλ’
366 1864 516 1917 οὐδὲν
554 1864 723 1917 ἔπαθε
748 1864 1005 1917 τοιοῦτον·
1038 1864 1172 1918 ἀλλά
1205 1866 1298 1919 καὶ
1330 1865 1540 1918 ἐκείνου
1566 1865 1660 1918 τοῦ
1693 1866 1773 1919 δι-

195 1952 424 2014 καστοῦ,
447 1950 541 2006 τοῦ
568 1954 704 2022 μήτε
736 1951 830 2005 τὸν
856 1952 988 2007 Θεὸν
1011 1951 1367 2020 φοϐουμένου,
1402 1956 1539 2023 μήτε
1569 1953 1774 2025 ἀνθρὼ-

196 2058 334 2104 πους
353 2039 672 2110 αἰδουμένου
704 2042 796 2093 καὶ
819 2039 1151 2115 ἰταμώτερος
1174 2043 1273 2094 καὶ
1293 2041 1663 2112 ἀπηνέστερος
1689 2041 1774 2108 γέ-

194 2147 376 2198 γονεν.
403 2131 642 2183 Ἐκεῖνον
675 2130 772 2200 μὲν
804 2129 913 2201 γὰρ
953 2132 986 2200 ἡ
1022 2130 1122 2201 τῆς
1166 2131 1339 2200 χήρας
1374 2129 1643 2200 συνέχεια.
1679 2130 1774 2184 καὶ

194 2218 370 2271 ταῦτα
398 2218 547 2288 ὠμὸν
565 2218 692 2272 ὄντα
718 2218 809 2271 καὶ
835 2219 1040 2289 ἄγριον,
1057 2216 1237 2271 δοῦναι
1263 2219 1363 2288 τὴν
1382 2219 1542 2288 χάριν
1564 2217 1770 2281 ἔπεισε,

197 2308 295 2362 καὶ
317 2306 450 2378 πρὸς
464 2306 563 2378 τὴν
594 2306 874 2377 ἱκετηρίαν
892 2305 1178 2376 ἐπέκαμψε
1217 2306 1405 2359 τοῦτον
1416 2306 1472 2359 δέ
1487 2307 1607 2360 οὐδέ
1622 2306 1747 2378 [716
1762 2306 1771 2376 |

195 2398 359 2451 τοῦτο
386 2398 605 2467 ἴσχυσεν
628 2395 937 2465 ἐπικάμψαι
968 2394 1105 2465 πρὸς
1121 2394 1218 2464 τὴν
1246 2394 1341 2448 τοῦ
1375 2395 1601 2465 πένητος
1623 2394 1773 2447 ἀντί-

196 2485 362 2556 ληψιν
425 2484 601 2537 καίτοι
626 2499 690 2551 γε
728 2484 828 2535 οὐκ
880 2483 968 2552 ἴση
1007 2477 1075 2552 ἦν
1114 2483 1147 2551 ἡ
1187 2481 1424 2551 αἴτησις,
1480 2481 1594 2535 ἀλλ’
1632 2481 1773 2551 αὐτη

196 2574 380 2646 πολλῷ
416 2574 760 2643 εὐκολωτέρα
791 2572 885 2625 καὶ
916 2572 1246 2644 δικαιοτέρα.
1274 2573 1338 2625 Ἠ
1373 2573 1472 2643 μὲν
1503 2574 1612 2643 γάρ
1632 2574 1774 2627 κατὰ

194 2666 307 2719 τῶν
337 2664 545 2736 ἐχθρῶν
571 2663 731 2717 αὐτὸν
777 2661 1108 2730 παρεκάλει,
1148 2653 1303 2724 οὗτος
1335 2661 1392 2714 δέ
1426 2661 1577 2730 ἠξίου
1614 2661 1774 2714 λῦσαι

193 2753 376 2825 λιμὸν.
402 2752 496 2806 καὶ
530 2752 604 2823 μὴ
650 2752 911 2821 περιιδεῖν
945 2749 1351 2816 ἀπολλύμενον’
1404 2750 1628 2820 κάκείνη
1674 2750 1773 2820 μὲν

192 2841 429 2913 ἠνώχλει
455 2837 866 2911 παρακαλοῦσα,
893 2832 1045 2900 οὗτος
1069 2837 1123 2889 δὲ
1154 2836 1413 2900 πολλάκις
1446 2838 1543 2907 τῆς
1564 2839 1775 2918 ἡμέρας

138 2934 141 2937 ’
195 2929 455 2999 ἐφαίνετο
478 2927 553 2998 τῷ
592 2926 831 2997 πλουσίῳ
867 2927 993 2995 σιγῇ
1035 2924 1306 2994 κείμενος·
1361 2925 1494 2978 πολὺ
1527 2925 1584 2977 δέ
1617 2926 1776 2979 τοῦτο

198 3018 385 3072 ἱκανὸν
412 3015 649 3087 μαλάξαι
678 3013 880 3081 μᾶλλον
936 3012 1030 3065 καὶ
1092 3011 1302 3082 λιθίνην
1358 3011 1617 3067 διάνοιαν.
1658 3014 1774 3066 Ἑν-

195 3106 514 3176 οχλούμενοι
537 3103 646 3173 γὰρ
667 3099 926 3163 πολλάκις
958 3099 1052 3152 καὶ
1094 3097 1530 3170 παροξυνόμεθα·
1565 3100 1691 3153 ὅταν
1720 3100 1775 3153 δὲ

194 3196 326 3251 τοὺς
362 3191 651 3262 δεομένους
700 3188 952 3259 βοηθείας
991 3186 1188 3250 ἴδωμεν
1234 3188 1359 3257 σιγῇ
1415 3185 1581 3257 πολλῇ
1637 3204 1775 3257 παρα

194 3281 462 3343 εστῶτας,
481 3278 573 3332 καὶ
604 3276 769 3347 μηδὲν
793 3272 1220 3344 φθεγγομένους,
1246 3273 1358 3325 ἀλλ’
1376 3274 1777 3343 ἀποτυγχάνονο

194 3390 299 3434 τας
324 3371 422 3441 μὲν
451 3369 558 3430 ἀεὶ,
598 3367 672 3438 μὴ
695 3366 1145 3439 δυσχεραίνοντας
1171 3363 1248 3426 δὲ,
1269 3363 1402 3416 ἀλλά
1432 3368 1556 3435 σιγῇ
1590 3382 1778 3433 φαινο-

201 3462 401 3530 μένους
458 3457 615 3528 μόνον
659 3456 829 3525 ἡμῖν,
875 3451 978 3506 κᾶν
1035 3452 1215 3504 αὐτῶν
1264 3452 1374 3506 τῶν
1417 3452 1579 3505 λίθων
1626 3448 1777 3521 ὦμεν

194 3547 661 3619 ἀναισθητότεροι,
701 3543 800 3614 τὴν
834 3540 1139 3611 ὑπερϐολὴν
1168 3540 1267 3610 τῆς
1293 3543 1596 3607 ἐπιεικείας
1636 3545 1778 3598 αἰδε-

198 3637 421 3698 σθέντες
475 3628 1002 3701 κατακαμπτόμεθα.
1050 3630 1162 3683 Καὶ
1208 3628 1396 3700 ἕτερον
1432 3630 1491 3684 δέ
1536 3649 1591 3686 τι
1641 3633 1777 3704 πρὸς

196 3725 410 3787 τούτοις
440 3721 642 3777 τούτων
667 3720 767 3772 οὐκ
802 3718 1022 3772 ἔλαττον
1042 3713 1131 3789 ἦν,
1151 3718 1212 3771 τὸ
1232 3719 1325 3772 καὶ
1341 3720 1440 3791 τὴν
1459 3720 1582 3789 δψιν
1609 3723 1777 3793 αὐτὴν

196 3812 440 3884 ἐλεεινὴν
502 3807 641 3864 εἶναι
688 3805 781 3861 τοῦ
833 3806 1099 3877 πένητος,
1145 3806 1289 3877 λιμῷ
1347 3797 1439 3861 καὶ
1494 3810 1779 3881 ἀρρωστίᾳ

202 3902 392 3973 μακρᾷ
412 3897 906 3969 κατεργασθεῖσαν.
938 3894 1077 3948 ’Δλλ’
1098 3895 1248 3966 ὅμως
1279 3896 1431 3950 οὐδὲν
1462 3897 1667 3951 τούτων
1688 3899 1780 3952 τὸν

193 3991 302 4058 ἀνὴ
312 4006 376 4057 με
386 4005 475 4058 ρον
503 3988 711 4039 ἐκεῖνον
742 3983 1003 4052 ἐμάλαξε.

273 4101 337 4167 ζ’.
357 4098 554 4171 Πρώτη
587 4098 684 4168 μὲν
704 4094 796 4151 οὖν
818 4096 986 4152 κακία
1013 4095 1150 4166 αὐτη
1170 4093 1471 4166 ὠμότητος,
1497 4098 1589 4149 καὶ
1612 4097 1778 4149 ἀπαν-

195 4190 417 4260 Θρωπία
450 4187 752 4259 ὑπερϐολὴν
782 4188 881 4241 οὐκ
911 4187 1123 4257 ἔχουσα.
1153 4187 1226 4240 Οὐ
1261 4187 1371 4258 γάρ
1397 4188 1543 4239 ἐστιν
1577 4188 1688 4239 ἴσον
1719 4189 1778 4239 ἐν

196 4279 364 4351 πενία
409 4277 587 4341 ζῶντα
626 4275 701 4347 μὴ
733 4274 948 4346 βοηθεῖν
989 4277 1101 4339 τοῖς
1127 4275 1424 4345 δεομένοις,
1467 4275 1558 4328 καὶ
1590 4274 1780 4327 τοσαύ⁴

192 4384 300 4437 της
341 4362 681 4420 ἀπολαύοντα
720 4363 952 4434 τρυφῆς,
990 4361 1133 4433 λιμῴ
1173 4362 1511 4432 τηκομένους
1558 4362 1778 4431 ἐτέρους

199 4456 487 4527 περιορᾷν.
543 4452 711 4507 Πάλιν
761 4453 861 4506 οὐκ
916 4451 1059 4506 ἐστιν
1109 4452 1240 4515 ἴσον,
1270 4451 1417 4517 ἅπαξ
1457 4452 1490 4524 ἢ
1526 4452 1777 4523 δεύτερον

202 4546 378 4599 ἰδόντα
403 4541 636 4611 πτωχὸν,
672 4539 1068 4611 παραδραμεῖν,
1105 4540 1198 4591 καὶ
1232 4539 1350 4593 καθ’
1380 4540 1616 4611 ἑκάστην
1644 4541 1675 4611 ἡ
1686 4538 1780 4608 μέ-

202 4649 304 4705 ραν
339 4631 598 4701 βλέποντα
635 4628 769 4699 μηδέ
796 4628 901 4680 ὐπὸ
931 4628 1029 4698 τῆς
1054 4626 1193 4681 κατά
1223 4629 1321 4698 τῆν
1348 4628 1470 4697 ὄψιν
1500 4628 1780 4698 συνεχείας

200 4720 339 4791 πρὸς
382 4718 471 4773 τὸν
506 4718 653 4772 ἔλεον
693 4716 788 4770 καὶ
826 4716 925 4787 τὴν
975 4715 1386 4785 φιλανθρωπίαν
1426 4717 1779 4788 διαναστῆναι

192 4808 427 4876 ταύτην.
456 4806 627 4861 Πάλιν
660 4806 759 4858 οὐκ
786 4805 932 4858 ἐστιν
965 4804 1077 4856 ίσον
1111 4805 1168 4857 ἐν
1197 4808 1502 4875 συμφοραῖς
1528 4806 1655 4859 ὄντα
1685 4807 1781 4861 καὶ

198 4898 462 4967 ἀθυμίαις
493 4897 587 4949 καὶ
618 4895 806 4958 κακῶς
831 4894 928 4965 τὴν
959 4893 1137 4966 ψυχὴν
1165 4894 1505 4965 διακείμενον
1542 4896 1616 4967 μὴ
1650 4896 1781 4967 βοη-

202 4987 318 5039 θεῖν
362 4988 473 5049 τοῖς
503 4983 748 5054 πλησίον,
786 4984 879 5036 καὶ
908 4981 1175 5050 τοσαύτης
1207 4982 1549 5037 ἀπολαύοντα
1582 4986 1781 5055 εὐφρο-

206 5074 373 5143 σύνης
416 5073 509 5125 καί
557 5071 835 5142 διηνεκοῦς
885 5070 1209 5141 εὐπραγίας,
1258 5070 1400 5142 λιμῷ
1448 5073 1782 5143 τηκομένους

204 5167 427 5236 ἐτέρους
458 5166 741 5235 περιορᾷν,
781 5163 874 5216 καὶ
902 5163 1223 5216 ἀποκλεῖσαι
1262 5164 1329 5217 τά
1354 5164 1654 5234 σπλάγχνα,
1687 5166 1783 5219 καὶ

206 5254 344 5326 μηδέ
389 5252 493 5306 ὑπὸ
523 5253 621 5321 τῆς
655 5254 827 5322 χαρᾶς
857 5252 1027 5320 αὐτῆς
1069 5250 1319 5315 γενέσθαι
1355 5252 1786 5325 φιλανθρωπότεο

205 5362 321 5415 ρον.
357 5343 500 5394 Ἴστε
535 5340 643 5411 γὰρ
671 5341 840 5411 δήπου
882 5338 1062 5405 τοῦτο,
1087 5339 1168 5393 ὅτι
1208 5339 1309 5392 κάν
1340 5340 1595 5394 ἀπάντων
1631 5336 1783 5413 ὦμεν

201 5428 551 5501 ἀγριώτεροι,
582 5431 699 5491 ταῖς
730 5427 1054 5496 εὐπραγίαις
1081 5426 1421 5499 ἡμερώτεροι
1447 5430 1784 5501 καὶχρηστό-

202 5533 354 5585 τεροι
396 5514 720 5583 πεφύκαμεν
771 5514 1035 5582 γίνεσθαι.
1086 5514 1209 5568 Ἀλλ
1260 5516 1469 5579 ἐκεῖνος
1514 5520 1635 5572 οὐδέ
1679 5521 1785 5573 ὑπὸ

204 5606 307 5678 τῆς
336 5607 634 5679 εὐημερίας
672 5605 897 5674 βελτίων
931 5607 1164 5675 ἐγένετο,
1194 5608 1313 5664 ἀλλ’
1332 5609 1522 5680 ἔμενεν
1555 5615 1781 5688 ἐκτεθη-

1388 224 1478 281 DE
1514 219 1796 279 ιταλιιο
1833 221 2083 278 οοΝιῖιο
2118 224 2160 280 ι.

1877 357 2157 425 ριωμένος,
2192 356 2392 427 μᾶλλον
2419 357 2476 411 δὲ
2502 359 2598 412 καὶ
2619 357 2808 430 θηρίου
2841 355 3036 418 παντὸς
3063 352 3321 424 ὡμότητα
3348 354 3444 407 καὶ

1870 443 2263 515 ἀπανθρωπίαν
2288 449 2401 509 τοῖς
2434 446 2660 517 τρόποις
2689 446 3021 515 ἀπέκρυψεν.
3070 443 3210 497 Ἀλλ’
3240 443 3388 512 ὅμως
3415 444 3444 493 ὁ

1875 531 1974 600 μὲν
1998 534 2056 584 ἐν
2080 534 2314 605 πονηρίᾳ
2337 533 2445 598 ζῶν
2468 534 2561 588 καὶ
2581 532 2945 605 ἀπανθρωπίᾳ
2969 532 3146 600 πάσης
3166 530 3444 601 ἀπήλαυεν

1873 619 2200 689 εὐπραγίας.
2229 623 2257 674 ό
2283 621 2339 674 δέ
2367 621 2574 684 δίκαιος
2596 622 2690 674 καὶ
2713 621 2909 692 ἀρετῆς
2937 618 3362 689 ἐπιμελούμενος
3385 618 3444 669 ἐν

1872 708 2119 777 ἐσχάτοις
2159 701 2229 777 ἦν
2252 712 2458 773 κακοῖς.
2492 711 2613 763 Ὅτι
2648 709 2754 780 γάρ
2789 709 2993 771 δίκαιος
3022 710 3050 761 ὁ
3078 707 3326 777 Λάζαρος
3352 700 3443 775 ἦν.

1872 795 2038 848 πάλιν
2083 797 2177 848 καὶ
2211 795 2443 849 ἐνταῦθα
2488 797 2549 850 τὸ
2588 797 2739 860 τέλος
2773 796 3039 861 ἀπέδειξε,
3077 797 3171 848 καὶ
3207 792 3313 862 πρὸ
3349 790 3441 844 τοῦ

1872 882 2059 945 τέλους
2112 884 2252 955 αὐτὴ
2293 886 2326 955 ἡ
2368 884 2510 938 κατά
2550 884 2649 955 τὴν
2688 884 2875 939 πενίαν
2910 884 3177 953 ὐπομονὴ.
3205 877 3350 950 ’Δρα
3380 877 3443 931 οὐ

1873 973 2081 1026 δοκεῖτε
2120 972 2259 1026 αὐτά
2289 973 2533 1043 παρόντα
2568 974 2638 1026 τὰ
2674 974 2975 1042 πράγματα
3017 972 3189 1042 όρᾷν;
3223 970 3443 1039 Πλὴρης

1871 1061 1951 1133 τῷ
1984 1061 2223 1131 πλουσίῳ
2256 1064 2290 1133 ἡ
2320 1061 2452 1124 ναῦς
2480 1061 2579 1132 τῆς
2617 1061 2886 1133 ἐμπορίας
2926 1056 3014 1131 ἦν,
3044 1061 3137 1113 καὶ
3167 1059 3227 1123 ἐξ
3256 1058 3444 1129 οὐρίας

1874 1149 2043 1204 ἔπλει.
2090 1150 2249 1203 Ἀλλά
2283 1152 2358 1220 μὴ
2392 1149 2726 1221 θαυμάσητεο
2754 1152 2833 1212 είς
2857 1151 3114 1216 ναυάγιον
3139 1148 3250 1218 γάρ
3282 1145 3444 1217 ἡπεί-

1873 1255 2019 1307 γετο,
2050 1238 2237 1308 ἐπειδὴ
2271 1238 2363 1291 τὸν
2398 1237 2595 1308 φόρτον
2623 1238 2722 1291 οὐκ
2754 1237 2984 1309 ἡθέλησε
3018 1235 3294 1290 διαθέσθαι
3325 1235 3443 1303 μετ’

1874 1327 2177 1391 εὐλαϐείας.
2206 1326 2393 1379 Βούλει
2424 1344 2506 1379 σοι
2532 1328 2625 1380 καὶ
2650 1326 2844 1398 ἑτέραν
2869 1326 3008 1379 είπω
3032 1324 3228 1378 κακίαν
3248 1320 3442 1385 αὐτοῦς

1874 1418 1948 1470 Τὸ
1982 1418 2103 1471 καθ’
2130 1418 2365 1487 ἑκάστην
2393 1416 2607 1490 ἡμέραν
2626 1418 2837 1489 τρυφᾷν
2866 1416 3056 1478 ἀδεῶς.
3083 1414 3191 1467 Καὶ
3215 1413 3324 1483 γάρ
3351 1412 3444 1465 καὶ

1871 1504 2033 1559 τοῦτο
2057 1507 2224 1559 κακία
2248 1506 2472 1577 ἐσχάτη,
2500 1505 2758 1577 οὐχὶηνῦν,
2778 1506 2866 1558 ὅτε
2894 1503 3162 1572 τοσαύτην
3183 1498 3443 1554 ἀπαιτού-

1878 1593 2015 1664 μεθα
2044 1594 2380 1663 φιλοσοφίαν,
2410 1594 2545 1648 ἀλλὰ
2565 1595 2660 1647 καὶ
2684 1595 2740 1645 ἐν
2768 1593 2909 1664 ἀρχῇ
2935 1593 3026 1644 ἐπὶ
3053 1592 3149 1661 τῆς
3179 1589 3440 1652 Παλαιᾶς,

1873 1682 1963 1735 ὅτε
2002 1683 2065 1736 οὐ
2102 1681 2371 1751 τοσαύτης
2418 1682 2734 1752 φιλοσοφίας
2771 1680 3028 1745 ἐπίδειξις
3061 1674 3147 1749 ἦν.
3181 1680 3443 1730 Ἀκουσον

1873 1770 2006 1838 γοῦν
2046 1771 2100 1823 τί
2131 1788 2295 1841 φησιν
2331 1773 2360 1824 ό
2399 1772 2704 1842 προφήτης·
2738 1768 2883 1823 Οὐαί
2926 1771 2980 1822 οἱ
3010 1767 3321 1837 ἐρχόμενοι
3358 1765 3446 1829 είς

1872 1858 2102 1928 ἡμέραν
2135 1859 2354 1927 κακὴν,
2382 1863 2434 1914 οί
2468 1858 2796 1929 ἐγγίζοντες
2822 1857 2919 1911 καὶ
2950 1856 3269 1923 ἁπτόμενοι
3301 1853 3447 1905 σαϐ-

1875 1945 2067 2000 ϐάτων
2099 1948 2359 2015 ψευδῶν.
2394 1947 2458 2000 Τί
2481 1950 2651 2013 ἐστιν,
2693 1948 2748 2000 οί
2780 1946 3101 2015 ἁπτόμενοι
3133 1938 3448 1996 σαϐϐάτων

1872 2034 2120 2103 ψευδῶν
2139 2051 2158 2099 ;

1946 2138 2007 2189 Οί
2061 2137 2295 2190 Ἰουδαῖοι
2330 2136 2662 2204 νομίζουσιν,
2695 2136 2780 2189 ὅτι
2822 2134 2890 2188 δι’
2916 2132 3113 2205 ἀργίαν
3157 2132 3341 2194 αὐτοῖς
3385 2128 3445 2182 τὸ

1876 2223 2141 2278 σάϐϐατον
2178 2222 2327 2296 [717]
2357 2223 2583 2278 δέδοται.
2638 2224 2752 2276 Οὐκ
2794 2223 2908 2275 ἐστι
2940 2222 2997 2275 δέ
3038 2219 3174 2291 αὐτη
3206 2220 3240 2290 ἡ
3275 2218 3441 2280 αίτία,

1876 2313 1989 2366 ἀλλ’
2035 2312 2121 2366 ἵνα
2165 2313 2274 2365 τῶν
2314 2313 2581 2381 βιωτικῶν
2623 2311 2849 2375 ἑαυτοὺς
2896 2309 3293 2378 ἀπαγαγόντες,
3343 2308 3445 2377 τὴν

1878 2402 2073 2471 σχολὴν
2105 2400 2322 2455 ἅπασαν
2344 2402 2421 2463 είς
2446 2400 2520 2453 τά
2543 2398 2887 2470 πνευματικά
2915 2397 3295 2451 ἀναλίσκωσιν.
3324 2397 3444 2449 Ὀτι

1874 2490 1984 2559 γὰρ
2019 2505 2038 2525 ·
2075 2489 2175 2541 οὐκ
2219 2489 2413 2559 ἀργίας
2443 2490 2560 2541 ἐστὶ
2609 2486 2668 2540 τὸ
2708 2486 2996 2547 σάϐϐατον,
3041 2484 3154 2537 ἀλλ’
3185 2482 3446 2554 ἐργασίας

1875 2578 1993 2628 ἐστὶ
2039 2578 2414 2646 πνευματικῆς
2443 2573 2718 2638 ὑπόθεσις,
2749 2573 2842 2626 ἀπ’
2866 2572 3045 2626 αὐτῶν
3065 2570 3173 2623 τῶν
3198 2569 3447 2641 πραγμίι-

1873 2681 1982 2716 των
2010 2664 2188 2733 δῆλον.
2237 2663 2294 2716 Ὀ
2324 2662 2454 2731 γοῦν
2498 2663 2677 2733 ἱερεὺς
2716 2660 2934 2715 διπλοῦν
2973 2659 3129 2729 ἔργον
3169 2659 3226 2709 ἐν
3263 2656 3444 2724 ἐκείνῃ

1874 2756 1939 2822 τῇ
1967 2752 2148 2822 ἡμέρᾳ.
2176 2754 2333 2804 ποιεῖ·
2358 2752 2451 2805 καὶ
2480 2750 2600 2803 καθ’
2628 2749 2864 2820 ἐκάστην
2892 2746 3103 2818 ἡμέραν
3133 2744 3306 2814 ἁπλῆς
3329 2746 3449 2796 ἀνα-

1876 2840 2183 2910 φερομένης
2219 2840 2426 2902 θυσίας,
2456 2838 2651 2907 διπλῆν
2674 2837 2965 2906 ἀναφέρειν
2999 2832 3276 2888 κελεύεται
3300 2831 3446 2887 τότε.

1877 2930 1938 2981 Εί
1970 2929 2027 2980 δὲ
2057 2925 2313 2991 καθάπαξ
2347 2927 2544 2997 ἀργίας
2568 2921 2635 2997 ἦν
2660 2925 2721 2978 τὸ
2756 2924 3043 2985 σάϐϐατον,
3084 2921 3189 2992 πρὸ
3212 2920 3323 2975 τῶν
3350 2919 3445 2974 ἄλ-

1877 3016 1983 3068 λων
2023 3015 2115 3068 τὸν
2153 3016 2304 3086 ίερέα
2338 3016 2526 3085 ἀργεῖν
2564 3013 2750 3084 ἐχρῆν.
2798 3011 2951 3064 Ἐπεὶ
2992 3007 3084 3064 οὖν
3112 3011 3161 3063 οί
3210 3009 3454 3062 Ἰουδαῖοι

1875 3103 1983 3157 τῶν
2014 3102 2281 3173 βιωτικῶν
2309 3101 2713 3169 ἀπαλλαγέντες
2751 3098 3110 3170 πραγμάτων,
3141 3099 3255 3159 τοῖς
3285 3113 3449 3148 πνευ-

1880 3196 2129 3264 ματικοῖς
2147 3193 2208 3244 οὐ
2245 3196 2554 3265 προσεῖχον,
2588 3190 2911 3263 σωφροσύνῃ
2940 3190 3035 3242 καὶ
3064 3186 3328 3256 ἐπιεικείᾳ
3358 3186 3456 3238 καὶ⁸

1877 3282 2138 3351 ἀκροάσει
2193 3281 2352 3334 θείων
2407 3280 2626 3348 λογίων,
2666 3277 2804 3331 ἀλλά
2853 3276 3157 3330 τούναντίον
3208 3274 3449 3335 ἐποίουν,

1876 3367 2311 3440 γαστριζόμενοι,
2350 3368 2657 3438 μεθύοντες,
2691 3365 3167 3437 διαρῤηγνύμενοι.
3200 3361 3449 3433 τρυφῶν-

1875 3473 1987 3520 τες,
2022 3457 2109 3510 διὰ
2142 3457 2299 3509 τοῦτο
2337 3456 2712 3527 κατηγόρησεν
2744 3456 2924 3508 αὐτῶν
2953 3455 2982 3507 ό
3017 3453 3322 3523 προφήτης.
3356 3451 3450 3502 Εί-

1878 3544 1996 3597 πὼν
2029 3545 2160 3614 γάρ,
2207 3544 2349 3597 Οὐαί
2401 3547 2454 3597 οί
2495 3544 2805 3613 ἐρχόμενοι
2835 3544 2921 3608 εις
2968 3540 3194 3609 ἡμέραν
3232 3538 3450 3603 κακὴν,

1878 3634 1971 3686 καὶ
1995 3631 2311 3701 ἐπαγαγὼν,
2341 3635 2405 3685 Οἱ
2429 3631 2825 3702 ἐφαπτόμενοι
2852 3627 3164 3681 σαϐϐάτων
3186 3623 3456 3693 ψευδῶν,

1876 3723 2043 3787 ἔδειξε
2076 3723 2164 3776 διὰ
2190 3724 2289 3793 τῆς
2322 3724 2638 3793 ἐπαγωγῆς,
2667 3721 2782 3783 πῶς
2809 3715 2877 3791 ῆν
2898 3719 3081 3781 αὐτοῖς
3113 3717 3183 3771 τά
3210 3716 3461 3771 σάϐϐατα

1877 3815 2066 3886 ψευδῆ.
2098 3815 2222 3878 Πῶς
2255 3811 2347 3867 οὗν
2377 3815 2516 3867 αὐτά
2543 3813 2757 3865 ἐποίουν
2785 3809 2992 3880 ψευδῆ;
3022 3808 3111 3879 Τῷ
3140 3806 3336 3861 κακίαν
3365 3808 3459 3876 ἐρ-

1878 3903 2164 3971 γάζεσθαι,
2217 3902 2552 3974 τρυφῶντες,
2618 3899 2938 3970 μεθύοντες,
2997 3896 3092 3950 καὶ⁵
3145 3896 3214 3949 τά
3284 3895 3466 3966 μυρίοι

1879 3990 2135 4061 αἴσχιστα
2197 3992 2291 4045 καὶ
2344 3988 2555 4060 χαλεπά
2599 3989 2949 4058 πράσσοντες.
3013 3985 3122 4038 Καὶ⁸
3165 3985 3246 4037 ὅτι
3296 3982 3466 4037 τοῦτᾶ

1879 4088 2028 4140 ἐστιν
2057 4083 2274 4153 ἀληθὲς,
2297 4081 2526 4134 ἄκουσον
2551 4076 2658 4131 τῶν
2683 4076 2826 4147 ἑξῆς,
2856 4074 3104 4128 Δείκνυσι
3126 4073 3235 4144 γάρ
3257 4072 3285 4126 ὃ
3306 4072 3463 4140 λέγω

1879 4177 1945 4230 δι’
1975 4170 2049 4229 ὧν
2083 4173 2242 4236 εὐθὺς
2272 4173 2464 4238 ἐπάγει
2508 4170 2600 4223 καὶ
2634 4168 2800 4235 λέγει’
2832 4169 2897 4221 Οἱ
2932 4164 3326 4228 καθεύδοντες
3354 4161 3466 4214 ἐπὶ

1881 4264 2108 4320 κλινῶν
2142 4261 2565 4332 ἐλεφαντίνων,
2608 4258 2708 4312 καί
2744 4252 3324 4318 κατασπαταλῶντες
3356 4248 3468 4303 ἐπιἰ

1880 4356 1997 4411 τῶν
2038 4351 2362 4423 στρωμνῶν
2406 4347 2625 4413 αὐτῶν,
2658 4349 2713 4401 οι
2752 4346 3059 4410 ἐσθίοντες
3100 4343 3347 4413 ἐρίφους
3386 4340 3461 4394 ἐκ

1881 4445 2192 4515 ποιμνίων,
2224 4441 2319 4495 καί
2344 4437 2647 4509 μοσχάριιι
2671 4435 2739 4489 ἐκ
2754 4434 3100 4500 ,Βουκολίων
3124 4431 3467 4503 γαλαθηνὰι

1881 4539 1935 4591 οἱ
1965 4536 2241 4597 πίνοντες
2275 4528 2381 4583 τὸν
2408 4523 2799 4594 διυλισμένον
2822 4518 3010 4587 οἶνον,
3034 4520 3133 4574 καί
3162 4520 3235 4574 τὰ
3256 4517 3459 4587 πρῶτα

1876 4627 2037 4697 μύρα
2062 4614 2623 4692 χριόμενοι.Ἔλαϐες
2642 4613 2702 4666 τὸ
2736 4611 3025 4674 σάϐϐατον,
3058 4610 3144 4664 ῖνα
3168 4608 3265 4677 τῆς
3299 4625 3468 4676 πονη..

1884 4717 2007 4789 ρίας
2040 4709 2355 4779 ἀπαλλάξῃς
2372 4706 2471 4766 τὴν
2502 4703 2701 4774 ψυχὴνο
2740 4702 2805 4755 σὺ
2845 4700 2902 4753 δέ
2932 4698 3102 4789 αὐτὴν
3137 4696 3457 4789 κατεργάζη

1883 4787 2063 4858 πλέον.
2106 4798 2171 4851 Τί
2205 4798 2311 4867 γάρ
2354 4794 2419 4848 ἂν
2450 4794 2656 4861 γένοιτο
2691 4792 2788 4859 τῆς
2828 4787 3085 4860 βλακείας
3116 4787 3317 4859 ταύτης
3341 4790 3461 4857 χεῖ-

1884 4912 1997 4966 ρον,
2028 4892 2062 4962 ἡ
2100 4889 2161 4943 τὸ
2183 4888 2273 4941 ἐπὶ
2308 4882 2504 4939 κλινῶν
2539 4880 2895 4949 ἐλεφαντίνων
2931 4877 3333 4966 καθεύδεινςΑί
3368 4879 3460 4932 ἀλ-

1881 4963 1970 5035 λαι
1994 4974 2258 5048 ἁμαρτίαι
2294 4971 2398 5026 κᾶν
2425 4969 2625 5041 μικράν
2649 4985 2771 5022 τινα
2804 4967 2998 5037 ἡδονὴν
3030 4966 3248 5037 ἔχωσιν,
3279 4963 3389 5021 οἷον
3425 4971 3458 5038 ἡ

1887 5068 2046 5141 μέθη,
2076 5068 2109 5137 ἡ
2147 5061 2426 5126 πλεονεξία
2457 5059 2551 5112 καὶ
2579 5057 2804 5111 ἀσωτία·
2833 5056 2894 5108 τὸ
2930 5056 2987 5108 δέ
3020 5057 3113 5109 ἐπὶ
3132 5055 3329 5109 κλινῶν
3350 5055 3459 5108 ἐλεη

1885 5156 2156 5227 φαντίνων
2216 5148 2567 5219 καθευδῆσαι,
2621 5144 2782 5199 ποίαν
2845 5144 3037 5215 ἡδονὴν
3088 5144 3235 5214 ἐχει;
3298 5145 3461 5198 ποίαν

1888 5242 2269 5316 παραμυθίανς
2300 5237 2392 5309 Μὴ
2421 5235 2531 5305 γὰρ
2563 5233 2697 5303 ἡδίω
2722 5232 2815 5286 καὶ
2844 5231 3174 5304 γλυκύτερον
3204 5234 3337 5302 ἡμῖν
3368 5234 3457 5286 τὸν

1886 5337 2052 5389 ὕπνον
2082 5330 2375 5402 ἐργάζεται
2405 5326 2503 5395 τῆς
2533 5323 2720 5392 κλίνης
2749 5322 2810 5375 τὸ
2844 5321 3071 5386 κάλλος;
3116 5322 3461 5392 Φορτικιὶπα-

1884 5443 1974 5480 τον
2007 5422 2207 5494 μᾶλλον
2232 5418 2329 5489 μὲν
2355 5410 2449 5469 οὖν
2473 5413 2566 5467 καὶ
2588 5410 2986 5481 ἐπαχθέστατον
3015 5411 3192 5474 τοῦτο,
3216 5410 3312 5465 ἐάν
3337 5411 3461 5467 νοῦν

1953 5623 1969 5645 ⁸
1996 5621 2080 5671 Sic
2106 5624 2209 5669 lres
2231 5629 2369 5670 mss.,
2394 5616 2449 5662 et
2466 5614 2536 5663 sic
2561 5613 2686 5675 ιριςει
2708 5611 2953 5660 Erasmus.
2984 5607 3080 5658 Alii
3106 5608 3177 5656 ὅτι
3202 5607 3272 5657 δέ.
