3862 6228
369 235 487 295 973‘

370 355 605 428 ἔχωμεν.
630 355 799 410 Ὅταν
844 353 954 427 7&9
999 355 1261 427 ἐννοήσῃς
1313 354 1420 421 δτι,
1458 353 1557 408 σοῦ
1591 350 1951 414 καθεύδοντος

370 440 465 492 ἐπὶ
490 427 710 511 κλίνης
760 427 1136 510 ἐλεφαντίνης,
1182 439 1368 510 ἕτερος
1424 437 1536 491 οὐδ’
1581 435 1749 508 ἀρτου
1810 432 1949 505 μετά

369 520 555 581 ἁδείας
605 522 902 577 ἀπολαύειν
962 521 1097 593 ἔχει,
1144 521 1206 575 οὐ
1261 518 1670 589 καταγνώσεται
1729 533 1826 571 σου
1882 522 1950 571 τὸ

372 606 630 671 συνειδὸς,
657 608 751 661 καὶ
775 607 1214 677 ἐπαναστήσεται
1236 604 1575 677 κατηγοροῦν
1605 603 1709 672 τῆς
1734 602 1951 672 ἀνωμα-

367 688 491 754 ἶίας
514 690 750 762 ταύτης;
780 691 839 743 Εί
873 690 930 743 δέ
960 689 1022 743 τὸ
1050 689 1144 743 ἐπὶ
1175 688 1538 759 ἐλεφαντίνων
1571 685 1771 741 κλινῶν
1815 682 1950 738 καθ-

369 771 545 827 εύδειν
587 774 856 845 ἔγκλημα,
894 774 1022 827 ὅταν
1069 773 1165 827 καὶ
1216 771 1444 843 ἀργύρῳ
1483 767 1947 843 περιϐεϐλημέναι

369 856 634 911 πάντοθεν
676 850 803 920 ὦσι,
832 856 993 911 ποίαν
1020 855 1214 927 ἕξομεν
1236 853 1566 925 ἀπολογίαν;
1600 852 1786 906 Βούλει
1814 849 1948 905 κάλ·

366 939 459 1005 λος
483 941 672 1011 κλίνης
708 941 864 1008 ίδεῖν;
901 939 1043 1009 Ἐγώ
1070 958 1152 995 σοι
1180 940 1428 1011 δείκνυμι
1455 937 1572 1003 νῦν,
1610 937 1711 991 οὐκ
1749 936 1947 991 ἰδιωτι-

366 1024 493 1093 κῆς,
535 1022 655 1077 οὐδὲ
696 1025 1116 1096 στρατιωτικῆς,
1155 1024 1292 1078 ἀλλά
1321 1022 1604 1094 βασιλικῆς
1640 1020 1830 1091 κλίνης
1857 1019 1946 1072 εὐ-

366 1104 663 1177 πρέπειαν.
687 1106 805 1161 Κᾶν
831 1107 940 1179 γάρ
968 1107 1380 1178 φιλοτιμότατος
1407 1102 1474 1180 ᾗς
1504 1105 1743 1167 πάντων,
1779 1098 1838 1156 εὖ
1872 1096 1945 1154 ol-

362 1187 431 1243 δα
468 1189 552 1243 ὅτι
586 1190 687 1261 τῆς
722 1188 817 1245 τοῦ
856 1191 1120 1263 βασιλέως
1146 1190 1331 1261 κλίνης
1366 1190 1466 1242 οὐκ
1494 1187 1769 1259 ἐθελήσεις
1799 1186 1943 1255 ἐχειν

363 1271 833 1347 εὐπρεπεστέρανσ
878 1276 974 1330 καὶ
1012 1275 1074 1330 τὸ
1113 1275 1180 1347 δὴ
1216 1274 1419 1346 μεῖζον,
1450 1273 1513 1327 οὐ
1548 1272 1643 1326 τοῦ
1689 1272 1945 1341 τυχόντος

366 1353 653 1425 βασιλέως,
691 1356 832 1411 ἀλλά
868 1356 964 1413 τοῦ
996 1358 1236 1431 πρώτου,
1275 1359 1372 1412 καὶ
1405 1356 1499 1410 τοῦ
1541 1357 1757 1411 πάντων
1789 1353 1944 1423 βασι-

363 1437 502 1494 λέων
537 1440 982 1515 βασιλικωτέρου,
1008 1444 1102 1497 καὶ
1137 1443 1300 1515 μέχρι
1331 1441 1423 1497 νῦν
1452 1441 1710 1514 ᾀδομένου
1740 1457 1942 1493 παντα-

363 1524 462 1594 χοῦ
480 1525 581 1597 τῆς
599 1527 943 1600 οἰκουμένηςο
961 1528 1212 1599 δείκνυμί
1232 1543 1314 1580 σοι
1330 1526 1517 1597 κλίνην
1532 1526 1631 1596 τὴν
1649 1524 1741 1579 τοῦ
1758 1541 1939 1594 μακα-

367 1608 482 1679 ρίου
523 1609 705 1663 Δαυῖδ.
744 1610 969 1682 Ποταπὴ
1011 1611 1192 1665 τοίνυν
1218 1606 1285 1682 ἦν
1316 1609 1533 1681 ἐκείνη;
1563 1610 1676 1663 Οὐκ
1714 1608 1940 1679 ἀργύρῳ

361 1690 458 1744 καὶ
484 1691 690 1764 χρυσῷ,
726 1692 863 1747 ἀλλά
890 1694 1119 1765 δάκρυσι
1152 1694 1247 1748 καὶ
1284 1692 1704 1764 ἐξομολογήσεσι
1743 1692 1942 1745 πάντο-

359 1775 453 1830 θεν
503 1772 571 1848 ἦν
618 1776 1128 1850 κεκαλλωπισμένη.
1175 1778 1286 1830 Kal
1343 1775 1513 1831 ταῦτα
1559 1774 1720 1849 αὐτός
1776 1791 1940 1844 φησιν

359 1856 504 1912 οὕτω
538 1858 731 1929 λέγων’
759 1862 975 1916 Λούσω
998 1860 1126 1915 καθ’
1155 1860 1422 1929 ἑκάστην
1447 1860 1641 1914 νύκτα
1670 1856 1786 1926 τὴν
1813 1858 1941 1911 κλί-

358 1958 478 2011 νην
518 1958 658 2012 μου⁶
717 1944 789 1998 ἐν
836 1942 1099 2013 δάκρυσί
1138 1962 1259 2014 μου
1309 1943 1425 2011 τὴν
1464 1942 1786 2013 στρωμνήν
1818 1959 1938 2011 μου

352 2025 572 2094 βρέξω.
599 2028 812 2099 Ὠσπερ
836 2029 945 2102 γὰρ
977 2032 1310 2101 μαργαρῖται
1333 2028 1401 2082 τά
1421 2027 1629 2099 δάκρυα
1658 2027 1798 2097 αὐτῇ
1845 2027 1942 2078 ἐπ-

357 2113 555 2183 επήγει
584 2111 881 2167 πάντοθεν..

432 2243 502 2310 η’.
535 2239 645 2294 Kal
679 2239 871 2294 σκόπει
903 2253 992 2312 μοι
1023 2239 1266 2309 φιλόθεον
1296 2239 1493 2310 ψυχήν·
1521 2238 1707 2309 ἐπειδὴ
1736 2236 1846 2308 7&9
1879 2237 1937 2290 ἐν

360 2323 546 2394 ἡμέρᾳ
582 2322 776 2377 πολλαὶ
805 2324 862 2376 al
902 2325 1180 2394 φροντίδες
1207 2323 1502 2395 ἀρχόντων,
1529 2321 1681 2394 [718]
1714 2322 1936 2394 ταξιαρ-

358 2404 489 2474 χῶν,
521 2405 711 2471 ἐθνῶν,
740 2406 949 2477 δήμων,
995 2405 1364 2477 στρατιωτῶν,
1390 2404 1661 2475 πολέμων,
1692 2407 1936 2477 εἰρήνης,

359 2487 467 2541 τῶν
508 2488 800 2543 πολιτικῶν
860 2491 1222 2561 πραγμάτιον,
1262 2487 1370 2542 τῶν
1418 2488 1560 2542 κατὰ
1603 2488 1701 2560 τὴν
1738 2487 1936 2550 οίκίαν,

356 2570 468 2625 τῶν
515 2573 816 2645 πόρρωθεν,
867 2574 976 2627 τῶν
1016 2574 1263 2646 πλησίον,
1299 2573 1609 2645 περιεῖλκον
1650 2572 1811 2626 αὐτὸν
1844 2573 1940 2626 καὶ

356 2654 589 2726 ἀπῆγον
625 2656 724 2728 τήν
760 2657 975 2729 σχολὴν,
1004 2659 1070 2728 ἢν
1102 2657 1304 2719 πάντες
1330 2658 1411 2720 είς
1436 2656 1499 2709 τὸ
1532 2656 1814 2711 καθεύδειν
1846 2658 1937 2709 ἀνι

357 2737 675 2809 αλίσκομεν,
728 2741 808 2804 είς
861 2740 1244 2812 ἐξομολόγησιν
1278 2738 1374 2793 καὶ
1412 2739 1578 2810 εὐχὰς
1611 2740 1706 2793 καὶ
1729 2740 1940 2809 δάκρυα

357 2820 647 2893 ἀνήλισκεν
705 2823 932 2885 ἐκεῖνος.
984 2824 1096 2877 Kal
1138 2824 1260 2894 οὐχ)⁸
1316 2822 1446 2893 μίαν
1499 2823 1658 2876 τοῦτο
1714 2823 1937 2895 ἐποίησε

358 2906 549 2968 νύκτα,
570 2905 671 2977 τὴν
693 2906 752 2959 δέ
775 2906 1034 2976 δευτέραν
1061 2907 1359 2973 ἐπαύσατο,
1387 2907 1511 2961 οὐδὲ
1534 2907 1629 2961 δύο
1648 2910 1742 2962 καὶ
1765 2912 1934 2980 τρεῖς,

357 2990 458 3054 τὰς
501 2990 559 3045 δέ
606 2991 810 3062 μεταξύ
852 2993 1110 3059 διέλιπεν,
1163 2991 1301 3046 ἀλλά
1331 2992 1453 3047 καθ’
1485 2993 1725 3065 ἑκάστην
1768 2993 1937 3048 νύκτα

353 3072 515 3127 τοῦτο
546 3073 804 3145 ἔπραττε.
849 3076 1065 3131 Λούσω
1103 3075 1212 3148 7&9
1255 3078 1382 3131 καθ’
1419 3074 1688 3145 ἑκάστην
1725 3078 1936 3141 νύκτα,

357 3156 512 3228 φησὶ,
542 3158 658 3226 τὴν
679 3159 901 3227 κλίνην
917 3176 1057 3228 μουο
1093 3160 1165 3214 ἐν
1194 3158 1456 3229 δάκρυσί
1470 3177 1589 3231 μου
1622 3159 1738 3228 τὴν
1759 3178 1939 3230 στρω-

350 3238 518 3310 μνήν
543 3257 658 3306 μου
694 3241 916 3309 βρέξω,
962 3242 1063 3312 τὴν
1092 3242 1372 3313 δαψίλειαν
1400 3244 1509 3298 τῶν
1545 3243 1800 3314 δακρύων
1842 3242 1938 3297 καὶ

354 3323 457 3395 τὴν
489 3326 766 3397 συνέχειαν
788 3326 1087 3396 ἐμφαίνων.
1124 3328 1349 3382 Πάντων
1387 3328 1497 3400 γὰρ
1529 3328 1935 3399 ἡσυχαζόντων,

356 3409 453 3463 καὶ
474 3410 532 3463 ἐν
551 3411 756 3482 ἠρεμίᾳ.
786 3410 976 3475 ὄντων,
1004 3410 1165 3482 μόνος
1194 3411 1270 3482 τῷ
1299 3413 1417 3484 Θεῴ
1444 3412 1564 3467 τότε
1588 3412 1951 3484 ἐνετύγχανε,

355 3494 454 3547 καὶ
480 3495 662 3565 παρῆν
683 3495 711 3547 ὁ
738 3492 1035 3565 ἁκοίμητος
1056 3493 1330 3564 ὀφθαλμὸς
1356 3495 1665 3567 ὀδυρομένῳ
1688 3496 1783 3550 καὶ
1808 3496 1939 3569 θρη-

356 3575 536 3630 νοῦντι
582 3576 676 3630 καὶ
718 3576 785 3629 τὰ
831 3580 1007 3631 οἰκεῖα
1042 3576 1420 3647 ἐξαγγέλλοντι
1464 3581 1628 3634 κακά.
1670 3581 1937 3654 Τοιαύτην

358 3658 454 3712 καὶ
500 3661 564 3714 σὺ
598 3658 1006 3715 κατασκεύασον
1054 3661 1261 3733 κλίνην.
1321 3663 1379 3716 '0
1412 3662 1515 3734 μὲν
1552 3664 1661 3737 γάρ
1697 3666 1938 3738 ἄργυρος

357 3744 738 3819 περικείμενος
761 3742 856 3797 καὶ
881 3743 1073 3813 φθόνον
1095 3746 1246 3818 παρά
1268 3745 1365 3800 ἀνθ
1374 3749 1570 3819 ρώπων
1595 3747 1818 3823 ἐγείρει,
1845 3751 1939 3804 καὶ

354 3830 526 3904 ὀργήν
561 3827 777 3883 ἐκκαίει
803 3827 900 3896 τήν
926 3826 1150 3882 ἄνωθεν.

429 3958 512 4015 Τά
535 3959 594 4014 δὲ
617 3958 840 4013 τοιαῦτα
870 3957 1100 4028 δάκρυα,
1126 3954 1213 4013 οἷα
1240 3957 1311 4013 τά
1338 3957 1433 4013 τοῦ
1454 3959 1639 4025 Δαυῖδ,
1678 3961 1774 4016 καὶ
1805 3961 1938 4015 αὐτὸ

355 4044 419 4099 τὸ
446 4043 548 4111 τῆς
579 4044 804 4113 γεέννης
829 4039 936 4096 οἶδε
967 4042 1303 4096 κατασϐέσαι
1328 4041 1459 4114 πῦρ.
1496 4043 1685 4100 Βούλει
1722 4062 1804 4098 σοι
1843 4048 1938 4101 καὶ

356 4127 553 4199 έτέραν
582 4127 743 4192 δείξω
765 4126 987 4197 κλίνην;
1018 4125 1118 4198 τὴν
1144 4124 1239 4179 τοῦ
1286 4126 1483 4181 Ἰακὼϐ
1505 4128 1670 4198 λέγω.
1704 4130 1939 4200 Ἔδαφος

357 4209 504 4283 εῖχεν
538 4210 918 4280 ὑποκείμενον,
966 4210 1062 4264 καὶ⁵
1106 4210 1252 4263 λίθον
1294 4212 1398 4265 ὐπὸ
1438 4211 1539 4285 τὴν
1570 4213 1811 4287 κεφαλὴν
1842 4217 1939 4269 αὐ-

356 4296 474 4351 τοῦ·
520 4294 608 4349 διά
655 4292 815 4349 τοῦτο
865 4293 960 4348 καὶ
1011 4293 1103 4346 τὸν
1147 4294 1336 4366 νοητὸν
1378 4294 1487 4349 είδε
1523 4296 1689 4364 λίθον,
1723 4299 1817 4353 καὶ
1842 4300 1938 4371 τήν

358 4381 605 4452 κλίμακα
644 4377 884 4450 ἐκείνην,
924 4375 990 4429 δι’
1029 4370 1097 4449 ἦς
1135 4378 1417 4433 ἀνέϐαινον
1468 4381 1563 4435 καὶ
1615 4370 1938 4436 κατέϐαινον

357 4463 599 4534 ἄγγελοι.
646 4459 914 4523 Τοιαύτας
945 4459 1249 4531 ἐπινοῶμεν
1282 4462 1470 4527 κλίνας
1513 4464 1608 4518 καὶ
1643 4465 1822 4536 ἡμεῖς,
1851 4465 1938 4519 ἵνα

359 4548 453 4603 καὶ
484 4545 708 4601 τοιαῦτα
738 4543 1023 4615 βλέπωμεν
1056 4543 1333 4616 ὀνείρατα.
1371 4547 1468 4600 Ἂν
1500 4546 1557 4600 δέ
1597 4548 1815 4618 ἐπὶ,τῆς
1841 4552 1940 4621 ἀρ-

359 4632 534 4701 γυρᾶς
556 4624 706 4700 ὦμεν
737 4626 1146 4697 κατακείμενοι,
1181 4627 1242 4679 οὐ
1268 4627 1428 4697 μόνον
1458 4629 1716 4701 οὐδεμίαν
1746 4632 1936 4704 ήδονὴν

360 4710 787 4783 καρπωσόμεθα,
811 4708 945 4764 ἁλλά
968 4710 1063 4771 καὶ
1083 4708 1322 4781 ἀθυμίαν
1348 4712 1617 4782 ὑπομενοῦ
1626 4731 1743 4784 μεν.
1771 4715 1838 4768 ’⁷0
1849 4736 1863 4765 ·.
1873 4732 1939 4769 αν

356 4796 468 4869 γὰρ
495 4796 777 4866 ἐννοήσῃς,
804 4795 884 4848 δτι
915 4794 973 4847 ἐν
1003 4794 1201 4865 κρυμῷ
1230 4795 1463 4867 ἐσχάτῳ,
1496 4798 1555 4851 ἐν
1588 4800 1743 4852 νυκτὶ
1771 4801 1935 4872 μέσῃ,

360 4881 457 4935 σοῦ
488 4879 839 4942 καθεύδοντος
868 4878 961 4930 ἐπὶ
992 4878 1200 4949 κλίνης,
1221 4880 1250 4931 ὁ
1275 4878 1446 4952 πένης
1470 4881 1564 4934 ἐπὶ
1588 4882 1835 4947 στιϐάδος
1858 4886 1942 4957 ἔρα

361 4965 546 5035 ριπται
582 4964 639 5015 ἐν
671 4963 783 5025 τοῖς
813 4961 922 5013 τῶν
950 4960 1245 5029 βαλανείων
1270 4963 1647 5033 προπυλαίοις,
1683 4966 1941 5039 καλάμην

362 5045 847 5120 περιϐεϐλημένος,
893 5044 1135 5115 τρέμων,
1189 5046 1539 5119 πηγνύμενος
1584 5047 1664 5120 τῷ
1707 5050 1937 5122 κρύειει⁹

361 5133 666 5204 ἀγχόμενος
688 5130 766 5202 τῷ
787 5129 951 5201 λιμῴο
985 5130 1090 5184 κᾶν
1117 5129 1372 5186 ἀπάντων
1401 5132 1603 5204 μᾶλλον
1624 5132 1821 5199 λίθινος
1851 5131 1938 5209 ᾗς,

361 5214 422 5272 εὖ
466 5211 584 5270 οῖδα
629 5216 711 5270 ὅτι
766 5213 1092 5287 καταγνώση
1142 5215 1367 5283 σαυτοῦ,
1409 5218 1474 5271 σύ
1528 5218 1630 5289 μέν
1673 5218 1814 5292 ὑπὲρ
1843 5222 1941 5293 τὴν

359 5301 550 5375 χρείαν
598 5298 840 5373 τρυφῶν,
885 5300 1091 5354 ἐκεῖνον
1135 5300 1195 5355 δὲ
1240 5301 1377 5374 μηδὲ
1423 5302 1533 5356 τῶν
1577 5303 1719 5358 κατά
1750 5306 1943 5378 χρείαν

359 5383 657 5440 ἀπολαύειν
697 5384 876 5455 ἀφείς.
899 5383 1090 5448 Οὐδεὶς
1127 5384 1574 5457 στρατευόμενος,
1611 5389 1798 5460 φησὶν,
1839 5391 1942 5458 ἐμ-

360 5469 622 5523 πλέκεται
649 5471 770 5529 ταῖς
801 5467 895 5521 τοῦ
925 5467 1042 5539 βίου
1073 5467 1497 5542 πραγματείαις.
1523 5468 1867 5546 Στρατιώτης
1892 5471 1942 5529 εἰ

421 5659 445 5685 ⁸
465 5665 684 5723 Quum!
703 5679 818 5716 unus.
842 5668 910 5732 τῷ
928 5668 1112 5731 κρυμῷ.

1083 241 1141 298 s.
1170 240 1455 298 manuus
1483 204 1940 295 ιιιιιιιὲοετοιι

2045 238 2323 300 RCIIIEP.
2364 238 2906 299 CONSTANTINOP.

3530 229 3647 289 974

2054 354 2441 425 πνευματικός·
2481 352 2820 425 στρατιώτης
2855 350 2883 391 ι
2909 348 2969 402 δέ
3016 345 3260 413 τοιοῦτος
3289 347 3354 401 οὐ
3381 346 3641 401 καθεύδει

2050 438 2146 491 ἐπὶ
2170 438 2357 511 κλίνης
2381 436 2755 507 ἐλεφαντίνης,
2778 433 2915 490 ἀλλά
2934 434 3027 488 ἐπὶ
3054 432 3306 503 ἐδάφους·
3330 432 3395 486 οὐ
3418 432 3641 502 χρίεται

2053 519 2267 592 μύροις’
2301 522 2411 576 τῶν
2451 521 2560 593 γὰρ
2601 518 2981 591 ήταιρηκότων
3027 516 3123 570 καὶ
3157 513 3578 587 διεφθαρμένων
3606 519 3643 584 ἡ

2050 604 2275 676 τοιαύτη
2298 604 2524 674 σπουδή,
2547 603 2657 658 τῶν
2681 603 2774 656 ἐπὶ
2800 601 2897 673 τῆς
2922 598 3150 671 σκηνῆς,
3177 597 3285 652 τῶν
3314 599 3373 651 ἐν
3401 597 3646 668 ἀμελείᾳ

2050 686 2290 760 ζώντων·
2335 697 2396 749 σέ
2448 695 2504 749 δὲ
2546 694 2667 765 οὐχὶ
2717 692 2924 765 μύρων,
2965 690 3082 746 ἀλλ’
3114 688 3318 760 ἀρετῆς
3364 690 3646 744 ἀποπνεῖν

2047 778 2147 833 δεῖ.
2205 778 2370 832 Οὐδὲν
2417 778 2596 848 ψυχῆς
2654 775 3116 847 ἀκαθαρτότερον,
3177 773 3307 826 ὅταν
3357 771 3424 826 τὸ
3469 771 3643 843 σῶμα

2047 859 2302 932 τοιαύτην
2355 860 2453 931 ἔχῃ
2503 860 2602 931 τὴν
2648 859 2896 913 εὐωδίαν.
2941 857 3056 928 Τῆς
3095 854 3205 928 γάρ
3234 855 3500 919 δυσωδίας
3534 855 3646 922 τῆς

2048 943 2195 998 ἔνδον
2223 945 2318 999 καὶ
2341 945 2443 1015 τῆς
2474 943 2817 1015 ἀκαθαρσίας
2842 942 3042 1013 δεῖγμα
3075 941 3109 1011 ή
3138 939 3232 993 τοῦ
3262 936 3514 1009 σώματος
3538 938 3644 991 καὶ

2046 1026 2155 1079 τῶν
2181 1028 2411 1097 ἱματίων
2432 1026 2628 1080 εὐωδία
2649 1025 2845 1095 γένοιτ’
2880 1024 2964 1079 ἄν.
2997 1023 3166 1077 Ὅταν
3191 1020 3302 1092 γὰρ
3333 1020 3584 1074 ἐπελθὼν
3610 1020 3643 1074 6

2045 1109 2292 1174 διάϐολος
2319 1108 2588 1181 διαθρύψῃ
2615 1109 2715 1181 τὴν
2739 1106 2940 1179 ψυχὴν,
2961 1107 3056 1160 καὶ
3086 1104 3344 1176 βλακείας
3370 1103 3642 1177 ἐμπλήσῃ

2047 1192 2269 1264 πολλῆς,
2302 1194 2424 1246 τότε
2452 1193 2547 1245 καὶ
2576 1193 2656 1254 είς
2688 1193 2750 1244 τὸ
2773 1190 2931 1260 σῶμα
2960 1189 3062 1260 τῆς
3093 1187 3300 1252 οίκείας
3329 1187 3644 1257 διαφθορᾶς

2044 1275 2144 1347 τήν
2205 1275 2396 1346 κηλῖδα
2451 1275 2892 1345 ὲναπομάσσεται
2946 1272 3036 1326 διὰ
3082 1270 3192 1324 τῶν
3251 1268 3461 1342 μύρων.
3518 1270 3643 1322 Καὶ

2045 1358 2296 1430 καθάπερ
2360 1359 2409 1410 οἱ
2468 1355 2676 1431 κορύζῃ
2732 1358 2839 1409 τινὶ
2899 1357 2995 1409 καὶ
3050 1354 3314 1426 κατάρρῳ
3359 1351 3641 1424 διηνεκῶς

2047 1441 2414 1512 ἁλισκόμενοι,
2448 1442 2540 1494 καὶ
2578 1440 2647 1494 τά
2687 1440 2882 1510 ἱμάτια
2925 1438 3020 1492 καὶ
3048 1437 3148 1502 τάς
3179 1439 3372 1508 χεῖρας
3402 1434 3501 1490 καὶ
3527 1434 3639 1507 τὴν

2043 1525 2165 1595 ὄψιν
2202 1525 2510 1597 μολύνουσι,
2551 1525 2612 1578 τὸ
2654 1524 2742 1578 διὰ
2767 1524 2876 1577 τῶν
2905 1522 3067 1595 ῥινῶν
3100 1521 3222 1594 ῥέον
3255 1518 3494 1591 συνεχῶς
3538 1519 3636 1572 ἐν·-

2044 1610 2516 1680 απομασσόμενοιο
2565 1609 2707 1662 οὕτω
2745 1607 2811 1678 δὴ
2859 1608 2951 1662 καὶ
2992 1609 3025 1678 ή
3065 1604 3211 1678 ψυχὴ
3248 1602 3344 1658 τοῦ
3387 1602 3633 1675 πονηροῦ

2042 1693 2236 1748 τούτου
2269 1693 2539 1766 ῥεύματος
2564 1693 2662 1765 τὴν
2697 1692 2896 1746 κακίαν
2922 1693 3002 1754 είς
3032 1690 3095 1744 τὸ
3124 1689 3284 1760 σῶμα
3312 1686 3638 1757 ἐναπομάσ-

2045 1795 2217 1832 σεται.
2247 1778 2343 1841 Τίς
2382 1778 2491 1850 γὰρ
2542 1777 2785 1846 γενναῖόν
2822 1793 2875 1829 τι
2908 1776 3003 1830 καὶ
3031 1775 3267 1846 χρηστὸν
3293 1771 3632 1844 ὑπολήψεται

2044 1862 2172 1932 περὶ
2198 1861 2290 1915 τοῦ
2329 1861 2515 1933 μύρων
2540 1872 2562 1900 ο
2588 1860 2800 1926 δζοντος
2822 1861 2915 1915 καὶ
2931 1858 3404 1929 γυναικιζομένου,
3427 1855 3634 1929 μᾶλλον

2042 1944 2097 1995 δὲ
2130 1943 2560 2014 ἐταιριζομένου,
2591 1945 2685 1997 καὶ
2706 1941 3031 2015 ὀρχηστικὸν
3057 1940 3455 2012 ἀναιρουμένου
3474 1939 3632 2010 βίον;

2044 2027 2193 2099 [7191
2226 2027 2434 2080 Πνείτω
2462 2046 2555 2081 σου
2592 2027 2972 2099 πνευματικῆς
2998 2025 3227 2088 εὐωδίας
3265 2027 3299 2096 ή
3336 2023 3507 2096 ψυχὴ,
3539 2022 3632 2077 ἴνα

2043 2112 2135 2165 καὶ
2158 2112 2351 2167 σαυτὸν
2376 2112 2619 2175 καὶτοὺς
2639 2109 3058 2181 συγγινομένους
3083 2125 3165 2164 σοι
3190 2106 3407 2180 ώφελῇς
3427 2107 3502 2162 τά
3527 2107 3634 2180 μέ·-

2041 2209 2226 2262 γιστα.

2113 2279 2281 2333 Οὐδὲν
2320 2278 2451 2351 7&9,
2481 2278 2632 2332 οὐδὲν
2664 2278 2877 2350 τρυφῆς
2916 2275 3319 2349 χαλεπώτερον.
3358 2278 3633 2331 Ἄκουσον

2042 2361 2094 2413 τί
2129 2364 2259 2434 περὶ
2302 2366 2471 2435 αὐτῆς
2514 2380 2648 2434 φησι
2693 2362 2856 2416 πάλιν
2897 2364 2926 2415 ὁ
2963 2361 3227 2432 Μωῦσῆς·
3274 2358 3631 2425 Ἔλικάγοη.

2041 2447 2373 2514 ἐπαχύνθη,
2404 2448 2773 2515 ἐπλατύνθη,
2816 2446 2917 2501 καὶ
2964 2444 3373 2501 ἀπελάκτισε-ν
3416 2446 3452 2498 ό
3480 2444 3633 2512 ἠγα-

2042 2528 2331 2599 πημένος.
2370 2530 2480 2584 Kal
2505 2530 2606 2584 οὐκ
2630 2525 2807 2594 εἶπεν,
2833 2529 2915 2583 ὅτι
2944 2528 3176 2599 ἀπέστη,
3202 2528 3339 2589 ἀλλ’,
3377 2526 3633 2581 Ἀπελεί-

2043 2629 2251 2667 κτισεν
2290 2617 2323 2667 ό
2350 2613 2758 2684 ἡταπημένος,
2794 2615 2855 2667 τὸ
2886 2613 3092 2683 γαῦρον
3128 2612 3223 2665 καὶ
3250 2611 3502 2681 δυσήνιον
3529 2611 3634 2662 αὐο

2040 2696 2135 2751 τοῦ
2166 2698 2565 2770 παρεμφαίνων
2595 2701 2750 2771 ήμῖν.
2783 2699 2895 2753 Kal
2934 2697 3095 2752 πάλιν
3122 2694 3377 2766 ἀλλαχοῦ·
3414 2693 3633 2762 «bay-chr

2042 2780 2141 2834 καί
2178 2781 2333 2833 πιὼν
2373 2781 2637 2850 πρόσεχε
2667 2780 2925 2847 σεαυτῷ,
2946 2780 3181 2849 μήποτε
3210 2776 3469 2845 man
3503 2775 3626 2830 liv-

2032 2865 2172 2932 ρίου
2196 2862 2303 2917 τοῦ
2333 2864 2480 2919 Θεοῦ
2509 2880 2649 2919 σου.
2680 2863 2867 2928 Οὕτως
2898 2867 2930 2935 ή
2958 2863 3137 2936 τρυφὴ
3174 2862 3309 2934 πρὸς
3331 2860 3504 2932 λήθην
3535 2859 3630 2925 ἐξ·

2040 2946 2194 3014 άγειν
2230 2945 2410 3000 εἴωθε.
2454 2947 2566 3001 Kal
2610 2948 2674 3001 σύ
2704 2946 2904 3009 τοίνυν,
2940 2945 3213 3016 ἀγαπητὴ
3254 2945 3349 2998 ἐὰν
3390 2942 3632 3014 καθίσῃς

2041 3028 2132 3082 ἐπὶ
2160 3028 2261 3099 τῆς
2284 3027 2586 3102 τραπέζης,
2616 3028 2991 3102 ἀναμνήσθητι
3018 3029 3100 3083 δτι
3133 3026 3271 3101 μετὰ
3296 3027 3393 3098 τὴν
3418 3027 3631 3097 τράπε·

2041 3109 2142 3173 ζαν
2167 3109 2421 3181 εὔχεσθαί
2447 3128 2507 3165 σε
2539 3111 2640 3167 δεῖ·
2679 3113 2776 3167 καὶ
2808 3111 2950 3167 οὕτω
2984 3110 3317 3184 συμμέτρως
3344 3108 3633 3180 ἔμπλησον

2038 3194 2139 3263 τὴν
2168 3194 2433 3267 γαστέρα,
2468 3195 2555 3249 ἵνα
2597 3196 2672 3268 μὴ
2715 3188 3080 3269 βαρυνόμενος
3117 3196 3460 3265 ἀδυνατήσης
3492 3193 3631 3261 γόνυ

2040 3277 2239 3341 κλῖναι,
2274 3279 2368 3331 καὶ
2393 3279 2484 3334 τὸν
2506 3279 2640 3333 Θεὸν
2658 3280 3061 3352 παρακαλέσαι.
3085 3280 3197 3351 Οὐχ
3214 3279 3377 3350 δρᾶτε
3404 3277 3473 3330 τά
3499 3276 3631 3329 ὐπο-

2040 3362 2226 3430 ζύγια,
2250 3364 2333 3417 ὅτι
2369 3363 2507 3435 μετά
2538 3364 2638 3437 τὴν
2668 3365 2876 3436 φάτνην
2904 3363 3215 3437 ὁδοιπορίας
3240 3363 3492 3427 ἅπτεται,
3527 3372 3624 3421 καὶ

2039 3448 2356 3521 ἀχθοφορεῖ,
2385 3449 2482 3503 καὶ
2502 3448 2603 3520 τὴν
2631 3448 2840 3503 οἰκείαν
2867 3449 3140 3503 διακονίαν
3169 3450 3481 3529 ἀποπληροῖ
3497 3468 3513 3517 ;
3548 3453 3627 3506 Σὺ

2038 3532 2096 3586 δὲ
2128 3532 2267 3604 μετά
2292 3533 2391 3603 τήν
2418 3532 2700 3605 τράπεζαν
2726 3531 2999 3605 ἄχρηστος
3034 3531 3169 3604 πρὸς
3196 3535 3306 3587 πᾶν
3334 3533 3496 3605 ἔργον
3531 3536 3625 3588 καὶ

2040 3616 2411 3689 ἀνεπιτήδειος
2449 3616 2594 3689 γίνῃ.
2627 3617 2739 3672 Kal
2776 3616 2894 3681 πῶς
2935 3618 3037 3672 οὐκ
3077 3616 3178 3690 ἐστι
3221 3618 3317 3671 καὶ
3346 3617 3457 3672 τῶν
3484 3618 3629 3672 δνων

2040 3699 2220 3754 αὐτῶν
2246 3700 2605 3771 ἀτιμότερος;
2640 3700 2799 3764 Τίνος
2825 3700 3046 3766 ἐνε·κεν;
3079 3702 3201 3754 Ὅτι
3228 3702 3348 3755 τότε
3386 3701 3626 3773 μάλιστα

2039 3785 2231 3854 νήφειν
2258 3783 2382 3855 ,χρὴ
2415 3783 2509 3838 καὶ
2532 3783 2913 3856 ἐγρηγορέναι.
2956 3784 3016 3837 '0
3049 3783 3158 3855 7&9
3191 3784 3328 3851 μετά
3354 3783 3452 3854 τὴν
3489 3786 3626 3855 τρά-

2039 3866 2211 3930 πεζαν
2247 3866 2439 3937 καιρὸς
2477 3865 2830 3938 εὐχαριστίας
2863 3865 2984 3920 ἐστὶ
3016 3866 3226 3940 καιρόςο
3255 3867 3346 3921 τὸν
3371 3868 3428 3921 δὲ
3458 3868 3628 3938 εὐχα-

2043 3949 2328 4022 ριστοῦντα
2354 3948 2473 4019 οὐχὶ
2503 3947 2743 4020 μεθύειν,
2773 3947 2907 4003 ἀλλά
2936 3950 3129 4020 νήφειν
3150 3949 3233 4003 δεῖ
3260 3952 3355 4004 καὶ
3394 3951 3631 4022 ἐγρηγο-

2043 4032 2212 4106 ρέναι.
2248 4031 2381 4086 Ἀπὸ
2404 4031 2683 4104 τραπέζης
2710 4031 2785 4103 μὴ
2813 4032 2905 4085 ἐπὶ
2943 4032 3151 4104 κλίνην,
3187 4032 3305 4086 ἀλλ’
3335 4032 3422 4086 ἐπ’
3454 4033 3625 4104 εὐχὴν

2037 4114 2392 4187 τρεπώμεθα,
2444 4115 2531 4170 ἴνα
2590 4114 2683 4188 μὴν
2716 4114 2823 4168 τῶν
2885 4115 3096 4184 ἀλόγων
3152 4112 3485 4187 ἀλογώτεροι
3535 4133 3625 4186 γι-

2038 4196 2281 4268 νώμεθα.

2108 4280 2173 4335 θ’.
2197 4276 2330 4335 Οἶδα
2358 4280 2441 4334 δτι
2472 4279 2663 4334 πολλοϊ
2686 4279 3128 4352 καταγνώσονται
3160 4278 3269 4333 τῶν
3287 4280 3623 4352 λεγομένων,

2038 4364 2116 4430 ὡς
2142 4366 2335 4438 καινήν
2364 4381 2488 4420 τινα
2509 4365 2605 4419 καὶ
2642 4364 2949 4438 παράδοξον
2978 4365 3266 4423 συνήθειαν
3287 4368 3627 4435 εἰσαγόντων

2037 4448 2117 4521 τῷ
2136 4448 2254 4521 βίῳο
2274 4448 2389 4503 ἀλλ’
2405 4447 2517 4519 ἐγὼ
2537 4447 2800 4518 μειζόνως
2818 4449 2918 4520 τῆς
2938 4450 3179 4519 πονηρᾶς
3198 4448 3627 4523 καταγνώσομαι

2041 4531 2328 4603 συνηθείας
2350 4531 2449 4602 τῆς
2474 4530 2569 4586 νῦν
2592 4531 2932 4603 κατεχούσης
2961 4534 3110 4603 ἡμᾶς
3135 4531 3185 4585 ἀ.
3213 4533 3334 4586 Ὀτι
3352 4533 3462 4604 7&9
3485 4536 3627 4606 μετὰ

2037 4616 2246 4687 τροφὴν
2270 4616 2366 4669 καὶ
2392 4614 2675 4687 τράπεζαν
2700 4616 2799 4684 οὐχ
2821 4614 2986 4669 ὕπνον
3013 4615 3134 4669 οὐδὲ
3166 4616 3348 4688 εὐνὴν,
3384 4618 3500 4671 ἀλλ’
3529 4621 3628 4673 εὐ-

2039 4699 2140 4769 χάς
2160 4699 2256 4755 xal
2305 4698 2466 4754 θείων
2498 4698 2731 4771 Γραφῶν
2763 4699 3066 4767 ἀνάγνωσιν
3103 4698 3448 4770 διαδέχεσθαι
3491 4703 3625 4774 χρὴ,

2038 4779 2197 4835 τοῦτο
2219 4781 2553 4855 σαφέστερον
2575 4781 2845 4855 ἐδήλωσεν
2866 4784 2895 4837 ό
2919 4782 3174 4853 Χριστός.
3198 4782 3280 4835 Τά
3306 4782 3437 4852 γοῦν
3459 4785 3625 4839 ἀπει-

2041 4880 2112 4936 ρα
2141 4864 2318 4937 πλήθη
2342 4864 2465 4919 τότε
2498 4866 2757 4928 ἑστιάσας
2779 4865 2872 4919 ἐπὶ
2892 4867 2991 4935 τῆς
3017 4866 3247 4937 ἐρήμου,
3268 4867 3367 4919 οὐκ
3387 4868 3485 4921 ἐπὶ
3514 4868 3625 4922 κλίο

2039 4963 2138 5017 νην
2163 4947 2258 5001 καὶ
2286 4946 2453 5002 ὕπνον
2478 4948 2678 5011 αὐτοὺς
2702 4947 2970 5018 ἐπεμψεν,
2988 4947 3102 5000 ἀλλ’
3124 4948 3216 5001 ἐπὶ
3231 4948 3391 5002 θείων
3419 4949 3625 5021 ἀκρόα-

2042 5045 2128 5083 σιν
2157 5030 2384 5085 ἐκάλεσε
2437 5029 2655 5100 λογίων.
2701 5031 2776 5084 Οὐ
2805 5030 2916 5101 7&9
2966 5030 3252 5102 διέρρηξεν
3309 5031 3492 5086 αὐτῶν
3521 5035 3623 5096 τὰς

2039 5112 2334 5185 γαστέρας,
2356 5112 2480 5168 οὐδέ
2507 5115 2586 5176 είς
2617 5112 2792 5185 μέθην
2824 5112 3109 5179 ἐξέϐαλεν,
3154 5113 3291 5167 ἀλλά
3326 5114 3621 5186 πληρώσας

2040 5195 2220 5251 αὐτῶν
2262 5195 2361 5268 τὴν
2403 5197 2593 5268 χρείαν
2611 5236 2629 5266 ,
2674 5197 2813 5269 πρὸς
2838 5198 2938 5269 τὴν
2965 5196 3341 5269 πνευματικὴν
3365 5193 3467 5269 ἦγε
3493 5215 3623 5270 τρο-

2102 5365 2133 5408 ιι
2156 5366 2295 5433 Unus
2316 5380 2410 5433 ms2
2434 5366 2774 5433 πραγματείας,
2793 5368 2872 5433 ἶνα
2886 5368 2966 5433 τῷ
2987 5369 3419 5433 στρατολογήσαντι
3450 5370 3622 5433 ἀρέσῃ.

2042 5428 2354 5493 Στρατιώτης.
2394 5428 2520 5479 Infi'a
2542 5428 2655 5491 tios!
2685 5432 2783 5478 τῶν
2824 5431 2902 5480 ἐπὶ
2940 5428 3375 5493 ξτῆςᾉσκηνῆςίιηιιε
3397 5428 3495 5479 ms'
3524 5428 3624 5480 «in

2042 5491 2285 5568 iv‘
2306 5493 2513 5552 ζώντων,
2535 5493 2610 5543 sic
2650 5493 2911 5553 mendose,
2931 5491 3086 5543 εει-ξι.
3112 5495 3163 5543 in
3183 5507 3339 5558 marg.
3361 5495 3456 5543 τῶν
3479 5493 3531 5542 ἐν
3547 5493 3619 5549 εει

2040 5552 2414 5664 ωλσῗίῧιξῗέτὲζ
2429 5613 2577 5686 habet
2600 5614 2761 5725 μῦρον.

2106 5674 2134 5715 ει
2166 5673 2319 5725 Ἧιιᾱε
2339 5678 2483 5725 deest
2501 5690 2548 5725 ιιι
2572 5690 2657 5725 nul
2696 5690 2761 5725 υει

2106 5674 2134 5715 ει
2166 5673 2319 5739 Ἧμᾶς
2339 5678 2483 5726 deest
2501 5677 2548 5725 iu
2572 5673 2863 5739 quibusdam
2886 5688 3002 5725 mss.
