3862 6228
291 276 396 334 973

285 392 328 444 si
362 390 520 444 modo
540 388 828 460 sapiamus.
852 388 1061 444 Etenim
1087 388 1131 443 si
1158 388 1282 443 dum
1315 398 1371 442 tu
1397 387 1600 443 dormis
1626 388 1682 441 in'
1704 393 1860 441 ebur-

285 498 388 536 neo
420 483 579 545 lecto,
623 490 796 537 tecum
822 490 1057 550 reputes,
1089 480 1229 550 quod
1270 480 1405 534 alius
1436 495 1504 534 ne
1529 495 1718 548 panem
1749 479 1865 547 qui-

284 574 403 628 dem
443 573 603 628 habet
624 588 731 643 quo
757 587 945 639 secure
968 580 1230 636 vescatur,
1263 585 1440 626 nonne
1463 578 1515 624 te
1546 580 1630 624 tua
1658 569 1861 623 conde-

288 664 493 718 mnabit
547 663 905 730 conscientia,
956 673 1011 719 et
1063 663 1302 732 insurget
1360 662 1413 717 in
1467 661 1863 716 accusationem

285 755 439 809 istius
465 754 875 825 inzeqnalitatis?
901 752 1050 821 Quod
1089 753 1133 808 si
1162 755 1364 807 crimen
1401 760 1484 806 est
1510 750 1757 805 eburneis
1783 751 1864 803 in-

282 846 517 899 dormire
556 846 743 910 lectis,
772 859 894 901 cum
937 844 1169 914 undique
1209 843 1368 897 etiam
1410 852 1630 913 argento
1669 840 1865 897 fuerint

284 939 588 1003 convestiti,
616 952 775 1006 quam
813 936 1097 991 aﬂ‘eretnus
1136 933 1576 990 excusationem?
1620 931 1712 987 Vis
1740 932 1861 986 lecti

284 1028 464 1083 videre
505 1027 988 1096 pulchritudinem?
1020 1026 1129 1095 Ego
1168 1025 1261 1079 tibi
1308 1038 1449 1079 nunc
1473 1031 1858 1087 commonstro,

285 1135 388 1173 non
418 1120 630 1189 plebeii,
661 1135 833 1189 neque
870 1117 1132 1183 militaris,
1160 1117 1253 1172 sed
1280 1115 1411 1185 regii
1440 1115 1561 1170 lecti
1591 1124 1856 1169 ornatum.

286 1212 492 1266 l‘ltenim
521 1213 764 1281 quamvis
803 1212 963 1267 fueris
989 1210 1227 1264 omnium
1267 1208 1749 1272 ambitiosissimus,
1777 1215 1861 1261 sat

280 1305 413 1368 scio,
439 1319 542 1356 non
564 1304 772 1373 optabis
795 1304 888 1358 tibi
912 1305 1106 1358 lectum
1134 1300 1493 1372 pulchriorem
1516 1316 1673 1368 quam
1698 1299 1855 1367 regis,

284 1406 336 1449 et
370 1396 513 1467 quod
550 1396 724 1466 majus
749 1404 850 1462 est,
879 1397 1017 1466 regis
1045 1411 1148 1450 non
1174 1394 1473 1464 cujuslibet,
1502 1393 1594 1447 sed
1623 1392 1859 1463 primarii

280 1503 573 1556 regumque
623 1487 857 1542 omnium
904 1487 1141 1547 maximi,
1201 1485 1393 1554 quique
1444 1484 1495 1537 in
1545 1482 1857 1537 hodiernum

282 1579 602 1646 nsquediem
621 1578 922 1632 celebratur
940 1586 1049 1632 toto
1068 1584 1325 1630 terrarum
1344 1574 1488 1628 orbe.
1515 1574 1614 1638 En,
1634 1572 1857 1627 ostendo

283 1670 373 1721 tibi
400 1669 591 1722 lectum
622 1668 761 1723 beati
794 1668 1026 1722 Davidis.
1059 1667 1244 1735 Qualis
1271 1667 1429 1736 igitur
1447 1674 1561 1720 erat
1591 1665 1717 1719 ille?
1742 1665 1855 1719 Non

280 1768 506 1828 argento
535 1767 589 1813 et
613 1774 767 1825 auro,
794 1758 890 1813 sed
920 1757 1150 1826 undique
1175 1758 1422 1828 laerymis
1450 1766 1503 1811 et
1522 1756 1857 1811 confessione

277 1862 392 1905 erat
416 1861 720 1904 exornatus.
748 1850 873 1905 llzec
901 1852 1016 1920 ipse
1044 1850 1238 1903 fatetur
1263 1850 1332 1903 ita
1360 1849 1581 1919 loquens
1611 1864 1622 1901 :
1655 1846 1856 1900 Lavabo

278 1958 368 2012 per
395 1944 621 2014 singulas
663 1952 831 1996 nocte:
866 1944 1046 1997 lectum
1085 1959 1270 2012 meum,
1303 1942 1539 2012 lacrymis
1574 1941 1697 1995 nteis
1727 1950 1859 1994 stra-

277 2045 380 2087 tum
406 2052 572 2088 meum
595 2035 769 2105 rigabo
790 2034 961 2108 (Psal.
983 2035 1036 2088 6.
1068 2034 1167 2103 7.).
1198 2035 1378 2104 Itaque
1396 2034 1513 2089 vice
1536 2033 1849 2103 margarita-

278 2142 394 2181 rum
428 2126 656 2197 undique
685 2127 931 2197 lacrymis
957 2135 1071 2181 erat
1094 2126 1393 2181 distinctus.

345 2217 399 2272 8.
432 2218 525 2271 llic
542 2217 668 2272 mihi
680 2218 958 2272 considera
976 2226 1206 2272 mentem
1218 2232 1399 2271 amore
1414 2215 1505 2270 Dei
1522 2214 1854 2286 ﬂagrantem.

276 2310 406 2365 Nam
452 2310 699 2380 quoniam
737 2309 968 2366 interdiu
1000 2310 1159 2363 varia:
1187 2307 1570 2365 sollicitudines
1603 2320 1856 2376 curaeque

276 2401 593 2470 principum,
617 2400 832 2467 ducum,
849 2400 1106 2469 gentium,
1126 2398 1458 2469 p0pnlorum,
1477 2398 1726 2462 militum,
1753 2396 1858 2450 bel-

275 2491 468 2556 lorum,
484 2491 646 2560 pacis,
663 2490 897 2545 civilium
909 2505 973 2545 ac
984 2490 1396 2545 domesticorum
1411 2489 1759 2558 negotiorum,
1774 2504 1863 2541 eo-

275 2597 391 2635 rum
409 2597 526 2650 qna:
542 2581 745 2651 procul,
763 2596 945 2636 eorum
962 2595 1081 2650 quae
1103 2593 1265 2650 prope
1280 2579 1643 2633 distrahebant
1658 2586 1709 2632 et
1730 2593 1858 2632 avo-

273 2674 465 2728 cabant
495 2672 785 2741 hominem,
809 2673 949 2743 quod
978 2673 1070 2727 otii
1093 2672 1273 2727 caeteri
1300 2682 1619 2727 consumunt
1644 2686 1852 2735 somno,

278 2764 367 2817 ille
390 2763 441 2817 in
464 2763 819 2827 confessione,
850 2762 1118 2834 lacrymis,
1145 2777 1209 2817 ac
1231 2762 1474 2831 precibus
1496 2761 1850 2831 impendebat.

274 2854 456 2925 Neque
476 2854 527 2909 id
555 2859 625 2910 ita
647 2855 869 2911 faciebat
896 2871 990 2925 per
1011 2870 1167 2910 unam
1190 2863 1420 2921 noctem,
1447 2864 1501 2910 ut
1518 2855 1682 2910 altera
1701 2857 1853 2925 quie-

272 2956 468 3008 sccret,
493 2960 663 3016 neque
683 2946 760 3000 sic
779 2961 874 3016 per
893 2946 1024 3000 duas
1046 2953 1240 3005 tresve,
1263 2953 1322 2999 ut
1342 2945 1549 3000 interim
1575 2945 1848 3014 deficeret,

276 3051 462 3090 verum
487 3036 704 3106 singulis
726 3036 969 3091 noctibus
990 3036 1041 3090 id
1069 3036 1294 3091 faciebat
1318 3036 1550 3093 :Lavaba
1577 3037 1740 3103 enim,
1771 3039 1853 3092 in-

272 3127 427 3195 quit,
462 3143 549 3193 per
593 3127 818 3197 singulas
866 3136 1032 3181 noctes
1079 3126 1259 3181 lectum
1308 3136 1563 3191 meum,et
1615 3128 1850 3198 lacrymis

273 3219 397 3272 meis
449 3228 661 3272 uratum
708 3235 871 3272 meum
924 3218 1099 3289 rigabo
1135 3235 1154 3272 :
1192 3218 1444 3274 videlicet
1496 3216 1850 3290 lacrymarum

272 3310 567 3364 ubertatem
601 3310 925 3379 exprimens,
975 3309 1134 3364 simul
1168 3318 1223 3365 et
1249 3309 1672 3380 perpetuitatem.
1715 3311 1848 3365 Cum

271 3417 460 3456 ontnes
504 3402 738 3471 quietem
785 3411 839 3456 et
889 3401 1055 3455 otium
1098 3409 1337 3470 agerent,
1388 3400 1535 3456 solus
1587 3401 1675 3455 ille
1726 3409 1850 3456 tunc

274 3493 440 3548 Deum
472 3492 862 3561 interpellabat,
893 3502 947 3547 et
992 3482 1179 3547 aderat
1221 3491 1385 3562 sopiri
1417 3492 1628 3548 nescius
1664 3494 1851 3549 oculus

273 3582 499 3649 ploranti
528 3582 972 3653 lamentantique,
1021 3597 1224 3653 suaque
1262 3582 1530 3651 profitenti
1558 3585 1718 3639 mala.
1754 3584 1852 3639 Ta-

271 3675 374 3728 lem
415 3682 467 3727 tu
513 3688 724 3743 quoque
772 3673 862 3728 tibi
911 3681 1094 3743 parato
1121 3674 1338 3728 lectum.
1382 3673 1516 3729 Nam
1560 3675 1727 3730 lectus
1772 3691 1851 3729 ar-

270 3774 430 3836 gento
462 3765 705 3820 obtectus
733 3779 856 3820 cum
886 3764 1138 3819 invidiam
1184 3764 1458 3819 hominum
1488 3765 1705 3831 excitat,
1738 3774 1851 3820 tum

272 3859 401 3911 iram
431 3856 666 3926 supremi
693 3856 925 3911 numinis
954 3856 1268 3910 inflammat.

342 3948 608 4018 Lari-gnta:
633 3948 956 4019 mtinguunt
995 3947 1235 4017 gehennae
1256 3947 1561 4000 incendium.
1584 3976 1656 3987 —
1678 3947 1851 4003 Caele.

273 4058 388 4096 rum
413 4042 546 4096 tales
567 4040 815 4111 lacrymae
842 4038 1026 4109 quales
1046 4046 1200 4093 erant
1224 4037 1457 4102 Davidis,
1488 4038 1657 4105 ipsum
1687 4040 1846 4092 etiam

271 4131 531 4201 gehennae
579 4130 880 4185 incendium
937 4136 1137 4183 norunt
1197 4128 1559 4197 exstinguere.
1614 4128 1708 4182 Vis
1755 4127 1849 4182 tibi

272 4226 433 4278 alium
475 4232 886 4279 commonstrem
933 4221 1127 4276 lectum
1157 4220 1365 4275 Jacob?
1400 4220 1583 4276 Solum
1622 4220 1850 4277 habebat

272 4314 623 4381 substratum,
653 4323 706 4368 et
735 4312 964 4383 lapidem
991 4312 1150 4382 capiti
1189 4311 1543 4381 suppositum,
1575 4326 1743 4381 eoque
1768 4311 1849 4365 vi-

272 4406 352 4461 dit
373 4406 517 4461 illum
547 4406 933 4476 intelligibilem
976 4402 1226 4474 lapidem,
1258 4419 1483 4474 eamque
1518 4403 1713 4459 scalam
1755 4419 1851 4473 per

274 4514 432 4568 quam
461 4497 822 4553 ascendebant
851 4512 912 4550 ac
938 4496 1334 4551 descendebant
1359 4495 1528 4563 angeli
1562 4493 1709 4564 (Gen.
1732 4493 1846 4565 28).

279 4590 591 4659 llujnsmodi
638 4590 805 4644 lectos
841 4588 1222 4658 excogitemus,
1268 4596 1323 4642 ut
1366 4587 1626 4655 ejusmodi
1666 4586 1849 4640 vidca-

276 4698 396 4739 mus
430 4682 655 4737 somnia.
689 4680 840 4749 Quod
880 4680 925 4735 si
951 4680 1090 4734 lecto
1114 4687 1365 4749 argenteo
1395 4678 1846 4740 indormicrimus,

275 4791 384 4831 non
411 4774 569 4829 modo
592 4774 788 4828 nullam
817 4772 1087 4842 capiemus
1110 4771 1455 4839 voluptatem,
1486 4785 1667 4824 verum
1689 4770 1847 4824 etiam

273 4867 439 4922 animi
474 4864 770 4921 molestiam
801 4864 1148 4933 perferemus.
1180 4860 1311 4915 Cum
1342 4861 1482 4914 enim
1520 4859 1612 4914 tibi
1636 4873 1850 4913 succur-

276 4960 367 5023 rit,
397 4956 535 5027 quod
572 4957 625 5011 in
653 4970 863 5011 summo
903 4954 1079 5023 rigore
1109 4952 1391 5021 mediaque
1430 4958 1604 5014 nocte,
1633 4950 1757 5004 dum
1796 4960 1853 5004 tu

274 5047 414 5102 lecto
444 5045 722 5110 indormis,
769 5059 970 5114 pauper
1012 5042 1063 5096 in
1099 5041 1410 5096 balneorum
1437 5039 1731 5104 vestibulis,
1760 5055 1851 5108 pa-

276 5137 375 5190 leis
400 5136 683 5191 substratis
706 5134 939 5200 incubat,
967 5133 1154 5187 culmis
1183 5131 1579 5195 circnmtectus,
1614 5140 1852 5185 tremens

275 5242 340 5282 ac
369 5229 545 5296 rigore
568 5235 869 5289 concretus,
899 5224 1039 5278 fame
1066 5221 1330 5277 cruciatus
1353 5238 1366 5275 :
1392 5221 1599 5275 etiamsi
1623 5220 1851 5274 maxime

276 5320 351 5374 sis
373 5319 631 5388 lapideus,
663 5326 746 5373 sat
788 5317 919 5378 scio.
949 5314 1327 5369 condemnabis
1357 5313 1604 5381 teipsum,
1635 5312 1763 5366 dum
1795 5321 1849 5366 tu

276 5412 417 5482 plus,
447 5426 604 5478 quam
627 5425 760 5479 Opus
786 5418 887 5475 est,
918 5407 1200 5471 deliciaris,
1232 5420 1352 5461 cum
1379 5405 1455 5460 illi
1484 5420 1581 5461 nec
1609 5404 1673 5459 ad
1696 5420 1849 5459 usum

276 5511 541 5572 suppetat.
582 5501 789 5566 Nullus,
819 5500 1011 5569 inquit,
1043 5499 1278 5553 militans
1317 5497 1617 5566 implicatur
1648 5505 1849 5566 tempo-

276 5594 433 5647 rariis
460 5591 688 5663 negotiis
711 5610 725 5645 :
752 5591 904 5646 miles
928 5605 986 5644 es
1016 5588 1290 5659 spiritalis.
1322 5588 1468 5643 Talis
1492 5594 1669 5641 autem
1698 5588 1850 5643 miles

276 5699 381 5740 non
413 5683 608 5740 dormit
638 5684 690 5738 in
718 5682 853 5739 lecto
890 5681 1146 5749 eburneo,
1184 5678 1277 5736 sed
1325 5678 1491 5735 humi.
1518 5677 1631 5734 Non
1658 5677 1843 5734 oblini-

1525 272 1612 327 DE
1653 271 1925 327 LAZARO
1963 269 2205 326 CONCIO
2242 271 2289 330 Ι.

3440 275 3543 333 9η

1972 396 2057 440 tur
2081 389 2397 456 unguentis:
2430 404 2552 444 nam
2587 390 2685 445 ista
2712 405 2838 446 cura
2877 404 2959 447 est
2986 395 3308 453 meretriciis
3341 400 3508 453 amori

1964 479 2063 534 bus
2093 474 2481 550 implicatorum
2520 498 2582 537 ac
2613 485 2958 552 perditorum,
2994 488 3349 553 scenicorum,
3378 496 3539 557 atque

1966 568 2017 622 in
2047 567 2248 623 desidia
2280 570 2563 625 viventium
2598 573 2888 628 hominum.
2921 575 2996 630 Te
3027 592 3155 630 vero
3193 591 3297 630 non
3328 586 3538 644 oportet

1965 660 2112 715 olere
2157 673 2501 732 unguentum,
2561 666 2655 719 sed
2699 666 2901 733 spirare
2944 668 3209 723 virtutem.
3248 668 3388 722 Nihil
3432 670 3536 722 im-

1963 755 2214 810 mundius
2239 757 2435 825 anima,
2462 759 2668 826 quoties
2701 774 2892 829 corpus
2919 761 3076 815 talem
3106 762 3263 816 habet
3303 764 3537 831 fragran-

1967 846 2112 901 tiam.
2140 846 2393 917 Corporis
2419 850 2560 905 enim
2594 865 2657 905 ac
2682 853 2908 906 vestium
2948 853 3229 923 fragrantia
3255 856 3426 925 arguit
3456 856 3537 910 in-

1966 946 2049 993 tus
2080 940 2243 995 latere
2270 942 2504 996 animum
2525 944 2918 1014 graveolenlem
2940 955 2995 1000 et
3020 946 3370 1001 immundum.
3398 948 3531 1002 Cum

1964 1030 2106 1085 enim
2139 1031 2380 1086 diabolus
2405 1047 2702 1103 aggressus,
2734 1035 2937 1090 deliciis
2976 1038 3243 1092 enervarit
3280 1040 3533 1101 animam,

1963 1124 2214 1192 omnique
2244 1132 2456 1192 torpore
2494 1126 2861 1195 compleverit,
2904 1135 3015 1181 tum
3054 1138 3106 1181 et
3145 1144 3335 1198 corpus
3364 1131 3533 1199 ipsum

1961 1214 2317 1282 Corruptionis
2362 1231 2472 1270 sua:
2519 1217 2766 1271 sordibus
2810 1233 2904 1286 per
2957 1228 3221 1287 unguenta
3280 1221 3447 1276 inlicit
3482 1233 3538 1276 et

1962 1306 2306 1360 contaminat.
2348 1306 2456 1362 Nec
2497 1323 2652 1362 secus
2690 1318 2847 1379 atque
2872 1309 2926 1364 hi
2958 1311 3046 1380 qui
3090 1313 3270 1381 pituita
3309 1315 3420 1368 nasi
3450 1331 3509 1369 ca

1964 1397 2248 1467 tharroqne
2274 1408 2532 1468 perpetuo
2561 1400 2820 1463 laborant,
2864 1412 2917 1456 et
2946 1411 3121 1457 vestes
3163 1415 3217 1458 et
3255 1421 3440 1459 manus
3485 1418 3537 1461 et

1964 1486 2149 1541 faciem
2180 1489 2565 1554 contaminant,
2594 1504 2659 1543 eo
2686 1489 2826 1559 quod
2853 1491 3079 1546 subinde
3108 1494 3311 1547 narium
3346 1495 3539 1562 proﬂu-

1963 1580 2105 1632 vium
2134 1580 2462 1648 abstergunt,
2500 1581 2677 1634 anima
2703 1597 2912 1651 quoque
2948 1582 3100 1637 istius
3125 1583 3269 1653 pravi
3298 1586 3536 1652 proﬂuvii

1963 1669 2215 1724 malitiam
2259 1670 2310 1723 in
2340 1686 2532 1740 corpus
2574 1671 2846 1741 abstergit.
2879 1673 3009 1739 Quis
3045 1676 3185 1727 enim
3226 1678 3537 1744 praeclarum

1962 1759 2181 1828 aliquid,
2224 1768 2312 1814 aut
2338 1761 2488 1814 home
2514 1759 2679 1830 frugis
2706 1762 3008 1830 opinabitur
3031 1763 3098 1816 de
3137 1779 3202 1816 eo
3244 1765 3333 1834 qui
3371 1768 3539 1834 spirat

1963 1859 2251 1919 Unguenta,
2293 1851 2381 1920 qui
2426 1851 2770 1906 muliebribus
2806 1852 3020 1921 gaudet,
3052 1853 3134 1907 vel
3166 1855 3336 1923 potius
3366 1872 3539 1911 mere-

1965 1943 2115 1997 tricie
2141 1957 2200 1997 se
2227 1944 2382 2011 gerit,
2407 1943 2494 2011 qui
2521 1943 2966 1998 Saltatricularnm
2993 1945 3149 2015 elegit
3188 1947 3347 2000 vitam
3370 1948 3394 2000 ?
3418 1947 3538 2017 Spi-

1963 2042 2045 2087 ret
2075 2033 2250 2087 anima
2296 2042 2380 2087 tua
2411 2032 2750 2103 fragrantiam
2785 2036 3128 2104 spiritualem,
3161 2052 3265 2107 quo
3307 2047 3414 2092 tum
3447 2040 3537 2094 tibi

1963 2123 2084 2192 ipsi,
2113 2134 2222 2177 tum
2249 2124 2365 2177 aliis
2391 2133 2563 2178 tecum
2590 2124 2887 2180 viventibus
2908 2127 3190 2180 maximam
3216 2128 3407 2183 afferas
3438 2130 3538 2184 uti-

1964 2214 2185 2270 litatem.

2033 2304 2243 2359 Deliria:
2264 2306 2715 2374 perniciosissima
2742 2337 2814 2348 —
2837 2306 2974 2362 Nihil
2996 2317 3075 2362 est
3096 2307 3258 2376 cnim,
3285 2309 3411 2365 nihil
3433 2324 3534 2379 cst,

1962 2397 2196 2465 inquam,
2237 2396 2439 2451 deliciis
2475 2392 2841 2466 perniciosius.
2873 2399 3008 2453 Audi
3050 2414 3258 2454 rursum
3301 2402 3426 2471 quid
3470 2404 3537 2458 de

1962 2487 2065 2542 illis
2086 2487 2228 2542 dicat
2254 2487 2428 2542 Moses
2459 2505 2471 2539 :
2501 2487 2859 2557 lmpingualus
2884 2499 2974 2553 est,
3003 2490 3313 2544 incrussalus
3333 2502 3427 2559 est,
3460 2495 3538 2546 d1-

1962 2578 2146 2631 lalams
2170 2586 2263 2644 est,
2295 2586 2341 2632 et
2371 2577 2700 2632 recalcitraoit
2727 2579 2937 2633 dilectus
2962 2578 3137 2652 (Deut.
3169 2581 3258 2636 32.
3290 2583 3402 2652 15).
3432 2584 3537 2641 Nec

1960 2670 2054 2732 ait,
2090 2670 2327 2734 recessit,
2368 2669 2481 2734 sed,
2526 2668 2883 2724 Recalcitravit
2914 2671 3146 2736 dilectus,
3192 2674 3330 2728 illius
3370 2676 3534 2729 intra-

1957 2759 2204 2813 ctabilem
2225 2758 2460 2813 animum
2490 2760 2642 2815 nobis
2671 2760 2995 2830 significans.
3027 2762 3198 2831 Atque
3224 2765 3328 2817 alio
3353 2780 3536 2820 rursus

1958 2852 2117 2905 loco:
2154 2850 2253 2906 Ubi
2278 2853 2550 2905 comederis
2579 2868 2639 2905 ac
2684 2852 2884 2918 biberis,
2931 2870 3050 2907 cave
3086 2855 3192 2919 tibi,
3232 2873 3296 2910 ne
3334 2861 3535 2925 quando

1958 2941 2264 2995 obliviscaris
2321 2940 2531 2995 Domini
2588 2941 2687 2995 Dei
2730 2943 2803 2995 tui
2852 2941 2979 3016 (Id.
3009 2943 3061 2998 8.
3099 2942 3338 3017 NI“).
3388 2948 3536 3001 Adeo

1957 3033 2163 3087 deliciae
2214 3033 2388 3087 solent
2448 3033 2515 3088 ad
2568 3034 2798 3088 numinis
2869 3035 3190 3090 oblivionem
3248 3039 3531 3094 adducere.

1956 3124 2185 3180 Proinde
2214 3132 2269 3179 tu
2304 3138 2535 3194 quoque,
2566 3124 2860 3189 earissirne,
2890 3140 3011 3181 cum
3057 3126 3259 3181 sederis
3289 3129 3353 3181 ad
3384 3144 3533 3183 men-

1956 3230 2090 3283 sam,
2140 3225 2410 3271 memento
2457 3216 2599 3286 quod
2643 3224 2763 3286 post
2802 3216 3101 3272 convivium
3149 3218 3408 3274 orandum
3450 3233 3534 3276 est

1956 3306 2070 3361 tibi.
2115 3305 2189 3361 lta
2224 3306 2496 3361 moderate
2540 3315 2777 3361 ventrem
2821 3307 2997 3378 exple,
3027 3324 3095 3364 ne
3137 3322 3383 3380 gravatus
3426 3329 3531 3367 non

1953 3411 2116 3468 queas
2140 3411 2310 3467 genua
2350 3396 2583 3459 ﬂectere.
2627 3411 2691 3451 ac
2719 3398 2884 3452 Deum
2923 3399 3197 3454 invocare.
3230 3401 3423 3456 Annon
3450 3419 3527 3455 vt-

1952 3486 2113 3553 detis,
2141 3487 2282 3556 quod
2311 3486 2551 3556 jumenta
2574 3488 2759 3557 jugum
2790 3489 3032 3556 ferentia,
3080 3499 3421 3564 posteaquam
3465 3495 3531 3546 ad

1953 3596 2191 3651 praesepe
2215 3590 2361 3650 pasta
2387 3588 2531 3646 sunt,
2560 3580 2662 3635 iter
2685 3590 2866 3650 agunt,
2896 3597 3059 3637 onera
3092 3591 3313 3652 gestant,
3345 3600 3531 3639 suntn-

1953 3690 2056 3744 que
2088 3674 2304 3744 explent
2328 3673 2715 3729 ministerium?
2742 3674 2820 3728 Tu
2842 3689 2968 3729 vero
2987 3675 3075 3745 qui
3102 3675 3303 3729 sublata
3327 3692 3527 3739 mensa,

1953 3767 2019 3821 ad
2035 3780 2193 3820 omne
2208 3780 2343 3835 opus
2360 3765 2557 3819 inutilis
2572 3779 2629 3819 es
2644 3773 2696 3820 et
2725 3765 2950 3834 ineptus,
2972 3781 3097 3820 num
3118 3768 3287 3820 vitare
3309 3770 3529 3835 poteris,

1953 3872 2058 3927 quo
2079 3857 2252 3910 minus
2272 3854 2500 3910 videaris
2519 3855 2682 3910 asinis
2697 3854 2965 3910 deterior?
2984 3856 3373 3923 Quamobrem?
3400 3858 3530 3925 Quia

1956 3957 2066 4003 tum
2108 3947 2339 4001 maxime
2376 3947 2624 4002 convenit
2664 3960 2785 4000 esse
2821 3946 3056 4000 sobrium
3091 3962 3154 4002 ac
3182 3949 3503 4018 vigilantem.

2024 4040 2065 4092 Α
2101 4039 2209 4092 cibo
2245 4046 2442 4108 sumpto
2467 4038 2812 4091 orandum.-—
2826 4037 2957 4091 Nam
2989 4045 3198 4109 tempus
3226 4050 3345 4109 post
3376 4057 3523 4094 men-

1953 4144 2064 4185 sam
2113 4128 2302 4199 agendi
2350 4129 2546 4197 gratias
2581 4136 2789 4198 tempus
2830 4137 2949 4183 est:
2996 4144 3102 4184 non
3151 4130 3303 4186 decet
3351 4141 3526 4187 autem

1952 4228 2197 4289 agentem
2237 4219 2436 4289 gratias
2476 4218 2681 4274 ebrium
2707 4233 2847 4286 esse,
2893 4219 2987 4274 sed
3031 4219 3267 4277 sobrium
3310 4236 3372 4277 ac
3400 4222 3529 4292 vigi—

1954 4312 2171 4367 lantem.
2198 4311 2237 4363 A
2267 4324 2451 4364 mensa
2483 4324 2589 4363 non
2614 4308 2677 4363 ad
2701 4311 2919 4375 lectum,
2947 4310 3040 4364 sed
3070 4310 3135 4365 ad
3169 4312 3526 4380 precationem

1954 4414 2241 4467 vertamnr,
2283 4416 2349 4456 ne
2388 4401 2555 4456 brutis
2584 4400 2938 4455 animantibus
2976 4400 3143 4456 simus
3169 4404 3336 4473 magis
3364 4402 3526 4458 hrut‘.

2024 4493 2076 4548 9.
2116 4491 2248 4546 Novi
2279 4492 2391 4545 fore
2420 4492 2613 4545 ntultos
2638 4491 2724 4559 qui
2752 4489 3004 4544 damnent
3032 4504 3094 4544 ea
3123 4507 3241 4560 quae
3278 4508 3417 4548 nunc
3441 4494 3525 4547 di-

1953 4595 2163 4651 cuntur,
2194 4583 2355 4638 veluti
2385 4599 2503 4653 quae
2540 4597 2730 4636 novam
2769 4582 3049 4652 quamdam
3080 4593 3136 4637 et
3178 4584 3362 4638 miram
3408 4586 3530 4641 viae

1953 4674 2388 4730 consuetudinem
2421 4672 2693 4727 inveltant.
2724 4673 2790 4727 At
2817 4687 2915 4741 ego
2938 4672 3102 4742 magis
3125 4672 3389 4730 damnabo
3410 4692 3527 4745 pra‘

1953 4782 2072 4820 vam
2093 4764 2551 4831 consuetudinem,
2581 4779 2699 4833 qua:
2721 4779 2860 4819 nunc
2876 4763 3122 4818 obtinuit.
3152 4764 3363 4820 Etenim
3388 4768 3529 4837 quod

1955 4870 2073 4930 post
2097 4860 2273 4915 cibum
2300 4875 2365 4914 ac
2387 4873 2624 4914 mensam
2654 4874 2759 4912 non
2785 4858 2853 4913 ad
2888 4875 3131 4915 somnum
3161 4868 3405 4931 oporteat
3429 4860 3526 4923 ire,

1956 4967 2055 5007 nec
2082 4950 2146 5005 ad
2168 4950 2361 5017 cubile,
2404 4949 2498 5004 sed
2527 4956 2767 5018 oporteat
2789 4950 2910 5003 cibo
2936 4965 3120 5019 preces
3147 4965 3209 5004 ac
3228 4950 3529 5005 divinarmn

1953 5042 2342 5111 Scripturarum
2390 5040 2671 5093 lectionem
2718 5040 3022 5105 succedere,
3071 5040 3401 5097 manifestius
3431 5041 3528 5095 de-

1955 5132 2176 5187 claravit
2205 5132 2317 5200 ipse
2342 5130 2602 5191 Christus,
2628 5130 2716 5201 qui
2741 5147 2859 5185 cum
2890 5132 3203 5187 immensam
3228 5133 3491 5186 multitudi

1956 5240 2078 5279 nem
2096 5223 2392 5292 excepisset
2406 5223 2648 5278 convivio
2667 5223 2718 5276 in
2732 5222 2963 5289 deserto,
2983 5238 3089 5278 non
3103 5223 3436 5279 remisitillos
3462 5224 3529 5276 ad

1956 5314 2149 5370 lectum
2175 5323 2265 5369 ant
2293 5330 2570 5381 somnum,
2591 5314 2686 5369 sed
2729 5313 2797 5369 ad
2823 5314 3112 5370 audiendos
3142 5329 3415 5369 semoncs
3443 5315 3531 5367 (1'-

1956 5406 2107 5462 vinos
2150 5405 2409 5461 invitavit.
2444 5404 2558 5459 Non
2600 5405 2742 5460 enim
2771 5403 3100 5459 distenderat
3140 5403 3349 5457 illorum
3395 5418 3525 5457 ven-

1956 5505 2085 5561 tres,
2117 5512 2290 5567 neque
2333 5496 2397 5551 ad
2423 5496 2731 5553 ebrietatem
2772 5496 3072 5564 impulerat,
3098 5509 3281 5548 verum
3311 5493 3401 5546 ubi
3443 5506 3527 5546 sa-

1956 5598 2186 5643 turasset
2211 5588 2347 5652 illos,
2381 5597 2634 5657 quantum
2662 5585 2906 5657 exigebat
2941 5585 3247 5647 necessitas,
3275 5583 3339 5637 ad
3369 5584 3524 5652 spiri-

1962 5679 2156 5734 tualem
2182 5676 2401 5733 adduxit
2432 5677 2757 5733 alinnmiam.
2787 5675 2973 5732 Itidem
3001 5690 3097 5731 nos
3125 5688 3339 5745 quoque
3368 5666 3537 5724 facia-
