3860 6224
377 249 486 307 978

367 375 518 427 unus,
547 374 717 430 eoque
747 357 906 414 modo
929 368 1342 414 consuescamus
1366 368 1560 424 capere
1585 351 1784 416 cibum,
1815 359 1870 402 ιιι
1889 350 1955 402 ad

369 453 544 506 vitam
575 449 826 506 tuendam
852 449 1128 504 dumtaxat
1149 445 1400 510 sufficiat,
1439 459 1547 498 non
1573 451 1634 498 ut
1659 457 1758 497 nos
1787 441 1960 496 valeat

368 541 714 612 disrumpere
738 549 795 597 et
813 553 1053 610 gravare.

459 631 579 683 Non
617 631 762 684 enim
817 629 872 681 in
918 629 1022 682 hoc
1068 625 1179 680 uati
1234 640 1424 681 sumus
1473 639 1540 680 ac
1588 622 1841 691 vivimus,
1890 634 1952 679 ut

376 721 613 776 edamus
659 735 722 773 ac
759 719 1048 773 bibamus:
1104 716 1199 772 sed
1249 716 1370 771 ideo
1411 715 1644 781 edimus,
1692 724 1753 770 ut
1806 717 1958 771 viva-

380 825 531 864 mus.
579 809 662 864 Ab
692 807 846 862 initio
877 823 988 862 non
1022 815 1142 862 erat
1181 805 1288 861 cibi
1335 819 1500 860 causa
1535 805 1660 861 data
1690 806 1817 872 vita,
1863 807 1958 861 sed

390 901 516 954 vita:
555 913 718 956 causa
745 899 904 953 datus
941 905 1028 953 est
1053 897 1225 952 cibus.
1258 895 1369 952 Nos
1403 912 1532 952 vero
1559 898 1782 968 perinde
1810 899 1960 968 quasi

377 993 460 1048 «ob
513 992 616 1046 hoc
656 988 834 1060 ipshm
874 989 1202 1052 viveremus,
1255 989 1328 1044 ita
1375 996 1572 1043 cuncta
1621 987 1674 1041 in
1730 988 1832 1043 hoc
1881 989 1964 1042 in-

378 1083 672 1149 sumimus.
712 1082 979 1137 Caeterum
1011 1088 1071 1135 ut
1111 1079 1483 1135 vehementior
1530 1079 1696 1134 etiam
1750 1079 1842 1134 flat
1865 1080 1963 1134 de-

387 1175 630 1230 liciarum
669 1172 994 1244 redargutio,
1033 1171 1319 1241 acriusque
1349 1177 1548 1242 pungat
1591 1171 1647 1225 iu
1691 1169 1775 1224 his
1800 1171 1962 1225 vitam

381 1271 630 1332 agentes,
660 1276 758 1331 age
790 1276 980 1316 rursus
1015 1261 1084 1317 ad
1113 1260 1374 1315 Lazarum
1412 1261 1709 1316 referamus
1755 1276 1961 1314 sermo-

388 1369 534 1407 nem.
580 1352 695 1408 Hoc
736 1352 882 1408 enim
937 1360 1093 1422 pacto
1142 1351 1254 1413 fiet,
1287 1358 1348 1403 ut
1384 1351 1540 1406 nobis
1583 1351 1653 1406 sit
1696 1351 1962 1407 ellicat-ior

384 1443 687 1498 admonitio
722 1443 1117 1512 consiliumque
1146 1452 1408 1506 nostrum,
1443 1457 1567 1497 cum
1600 1442 1824 1498 videatis
1851 1457 1958 1495 non

387 1535 589 1598 verbis,
636 1535 731 1590 sed
786 1534 941 1590 factis
988 1534 1186 1604 corripi
1241 1533 1526 1605 puuirique
1569 1551 1686 1596 eos,
1737 1535 1832 1605 qui
1873 1534 1960 1588 iu-

382 1626 611 1698 dulgent
638 1626 914 1698 ingluviei.
950 1626 1107 1682 Dives
1145 1627 1308 1698 igitur
1341 1627 1427 1684 ille
1471 1643 1594 1682 cum
1623 1637 1768 1682 tanta
1810 1627 1958 1682 vive-

388 1718 481 1773 bat
515 1717 880 1788 improbitate,
917 1719 1162 1788 quotidie
1199 1718 1411 1773 deliciis
1437 1734 1656 1784 vacans,
1690 1720 1960 1790 lautisque

389 1809 587 1879 patinis
614 1809 914 1876 fruebatur,
947 1818 1002 1865 et
1023 1809 1323 1880 splendidis
1343 1811 1584 1865 vestibus
1614 1811 1958 1878 induebatur,

384 1899 606 1970 gravius
653 1901 755 1955 sibi
802 1900 905 1971 ipsi
951 1901 1274 1971 supplicium
1322 1911 1625 1967 accersens,
1679 1903 1961 1972 majusque

393 2007 588 2061 parans
615 1991 968 2058 incendium,
1012 2007 1078 2048 ac
1127 1991 1418 2048 vindictam
1457 1992 1552 2047 Dei
1599 1994 1829 2049 reddens
1863 1993 1964 2048 im-

386 2081 729 2151 placabilem,
758 2081 1019 2140 ultionem
1037 2098 1387 2154 exasperans,
1407 2083 1487 2140 sic
1519 2092 1580 2139 ιιι
1605 2084 1780 2141 veniae
1810 2085 1962 2140 locus

383 2190 496 2229 non
540 2184 708 2230 esset.

455 2265 737 2334 Paupertas
765 2281 868 2320 non
893 2261 1130 2335 querula.
1157 2293 1229 2304 —
1258 2263 1463 2332 Pauper
1492 2271 1668 2317 autem
1694 2261 1960 2333 projectus

371 2366 495 2412 erat
521 2357 572 2411 in
599 2355 882 2420 vestibulo,
923 2371 1020 2410 nec
1058 2364 1232 2409 tamen
1259 2362 1374 2408 erat
1399 2367 1662 2416 morosus,
1690 2369 1790 2408 nec
1813 2352 1959 2407 dice-

371 2450 469 2506 .bat
492 2449 752 2514 convicia,
794 2463 894 2504 nec
935 2446 1326 2518 indignabatur.
1357 2444 1470 2500 Non
1495 2445 1707 2500 dicebat
1735 2444 1873 2514 apud
1900 2458 1960 2499 se

367 2541 520 2615 quod
548 2540 732 2596 dicunt
775 2541 1118 2610 complures:
1155 2537 1283 2607 quid
1314 2537 1526 2593 tandem
1563 2547 1648 2593 est
1691 2536 1830 2592 hoc?
1857 2536 1961 2592 Iste

367 2631 467 2700 .qui
495 2631 786 2701 improbam
804 2629 1180 2699 crudelemque
1195 2629 1356 2682 vitam
1382 2628 1490 2698 agit
1516 2637 1572 2683 et
1591 2626 1954 2692 inhumanam,

368 2723 627 2778 munibus
652 2738 811 2792 supra
837 2737 994 2792 quam
1024 2736 1162 2790 opus
1198 2728 1283 2775 est
1321 2717 1514 2774 fruitur
1541 2718 1719 2781 rebus,
1749 2732 1849 2773 nec
1877 2717 1958 2771 ul-

371 2815 483 2873 lam
510 2813 672 2868 animi
701 2813 998 2868 molestiam
1020 2813 1237 2884 patitur,
1270 2825 1369 2866 nec
1391 2810 1538 2865 aliud
1563 2810 1850 2881 quidquam
1879 2810 1959 2864 in-

369 2905 674 2973 opinatum,
696 2905 872 2974 qualia
903 2904 1068 2957 multa
1093 2899 1268 2958 solent
1305 2902 1357 2957 in
1397 2902 1559 2957 rebus
1599 2901 1843 2956 humanis
1867 2915 1958 2955 ac-

369 2995 576 3060 cidere,
598 2995 692 3051 sed
723 3010 851 3065 pura
891 2997 1162 3063 voluptate
1182 2993 1372 3048 fruitur
1396 3009 1410 3048 :
1436 2992 1565 3048 mihi
1595 3008 1722 3048 vero
1746 3007 1815 3048 ne
1839 3001 1954 3046 tan-

375 3099 490 3146 ιιιιιι
530 3087 745 3159 quidem
778 3087 1082 3157 impartitur
1116 3087 1403 3153 alimonize,
1433 3098 1688 3157 quantmn
1730 3086 1963 3157 postulat

372 3179 691 3235 necessitas.
717 3178 913 3233 Verum
947 3179 1032 3234 isti
1059 3178 1148 3247 qui
1179 3179 1230 3233 in
1262 3179 1522 3248 parasitos
1549 3189 1602 3233 et
1630 3178 1956 3245 adulatores,

371 3287 442 3326 ac
481 3270 844 3326 tcmulentiam
869 3267 1124 3340 quidquid
1155 3268 1315 3324 habet
1356 3269 1645 3335 consumit,
1675 3283 1780 3323 non
1807 3268 1964 3324 aliter

371 3377 536 3430 quam
588 3377 620 3418 e
649 3360 796 3416 fonte
835 3371 1025 3416 cuncta
1063 3361 1305 3416 aflluunt.
1333 3361 1445 3432 Ego
1471 3376 1630 3430 porro
1659 3361 1744 3416 hic
1783 3361 1958 3431 jaceo,

373 3453 683 3524 exemplum
712 3454 776 3508 iis
803 3455 893 3524 qui
922 3468 1009 3510 me
1044 3453 1398 3522 conspiciunt,
1435 3454 1689 3524 probrum
1720 3469 1782 3508 ac
1821 3453 1962 3508 ludi-

379 3545 579 3609 brium,
611 3543 747 3598 fame
773 3542 1176 3598 contabescens.
1200 3544 1280 3598 An
1305 3541 1421 3598 hcc
1443 3551 1569 3598 sunt
1590 3543 1962 3612 providentiae?

382 3637 464 3688 Au
493 3633 601 3688 ulla
639 3632 844 3702 justitia
877 3631 1092 3703 respicit
1121 3647 1208 3687 res
1247 3632 1566 3688 hominum?
1603 3632 1742 3688 Nihil
1773 3633 1960 3689 horum

380 3738 556 3794 neque
581 3722 735 3786 dixit,
761 3737 934 3792 neque
959 3722 1228 3792 cogitavit.
1257 3722 1408 3779 Unde
1436 3722 1537 3778 boc
1567 3723 1766 3794 liquet?
1797 3726 1872 3780 Ex
1897 3739 1964 3780 eo

377 3815 520 3886 quod
541 3813 712 3885 angeli
745 3815 1000 3884 stipatum
1047 3813 1195 3870 illum
1215 3814 1569 3883 deduxerunt,
1601 3817 1760 3886 inque
1785 3816 1961 3872 sinum

381 3906 610 3963 Abrahae.
653 3905 892 3962 delatum
923 3905 1305 3977 deposuerunt.
1345 3907 1497 3975 Quod
1541 3908 1586 3962 si
1619 3908 1964 3979 blasphemus

381 3996 584 4060 fuisset,
624 4012 954 4068 nequaquam
1000 3997 1076 4052 illi
1122 4007 1324 4053 tantum
1351 3997 1667 4068 contigisset
1710 3998 1958 4054 honoris.

381 4085 457 4142 Ita
484 4088 662 4142 caeteri
689 4088 902 4159 quidem
927 4089 997 4144 ob
1023 4087 1126 4143 hoc
1151 4089 1365 4145 demum
1393 4097 1669 4159 tantopere
1705 4091 1967 4145 mirantur

383 4178 650 4237 hominem
669 4178 811 4249 quod
829 4179 884 4233 in
896 4187 1203 4248 paupertate
1221 4179 1429 4235 vixerit.
1455 4179 1566 4250 Ego
1578 4195 1705 4236 vero
1719 4180 1887 4236 doceo
1907 4181 1966 4235 il-

385 4269 490 4326 tum
510 4284 700 4324 novem
719 4269 980 4340 supplicia
999 4270 1300 4340 pertulisse,
1320 4285 1425 4326 non
1436 4287 1543 4342 quo
1558 4272 1852 4342 puniretur,
1869 4273 1964 4328 sed

382 4376 490 4430 quo
516 4361 710 4416 clarior
739 4361 1088 4429 redderetur;
1135 4363 1278 4434 quod
1319 4363 1534 4436 quidem
1561 4365 1721 4420 etiam
1763 4367 1962 4422 evenit.

459 4449 742 4520 Paupertas
781 4454 949 4524 grauis
975 4453 1086 4509 sine
1113 4452 1458 4524 philosophia.
1478 4483 1552 4496 ——
1574 4453 1706 4510 Nam
1733 4471 1964 4528 pauper-

382 4553 465 4601 tas
490 4543 703 4615 quidem
729 4561 816 4600 res
837 4555 920 4601 est
947 4560 1072 4600 vere
1095 4546 1314 4600 molesta
1337 4561 1354 4600 :
1378 4545 1481 4602 hoc
1505 4557 1701 4602 norunt
1723 4549 1966 4618 quicum-

385 4634 487 4702 que
515 4646 640 4690 sunt
659 4636 887 4706 experti.
919 4634 1028 4692 Nec
1055 4636 1200 4693 enim
1225 4636 1330 4693 ulla
1363 4637 1535 4693 oratio
1563 4639 1732 4709 possit
1753 4639 1963 4710 assequi

383 4726 696 4792 crueiatum,
725 4741 885 4797 quem
913 4727 1177 4783 sustinent
1221 4728 1257 4783 ii
1282 4729 1374 4799 qui
1407 4730 1458 4784 in
1505 4738 1816 4800 paupertate
1859 4731 1930 4786 de

386 4825 534 4883 euut.
567 4815 612 4870 si
639 4818 878 4872 nesciant
905 4819 980 4872 uti
1011 4819 1369 4890 philosophia.
1398 4818 1456 4875 In
1482 4819 1682 4876 Lazaro
1707 4835 1837 4876 vero
1859 4838 1964 4876 non

387 4907 485 4962 ista
512 4916 712 4961 tamqu
751 4919 864 4962 erat
888 4909 1184 4978 calamitas,
1213 4925 1396 4966 verum
1423 4911 1583 4966 etiam
1621 4911 1844 4967 adversa
1872 4927 1932 4966 vtl

390 4999 569 5054 letudo
612 5009 728 5054 erat
751 4999 929 5066 affixa,
971 5016 1142 5072 eaque
1183 5018 1342 5072 supra
1371 5003 1585 5058 modum
1611 5005 1806 5073 gravis.
1838 5003 1970 5060 Vide

388 5089 648 5160 siquidem
679 5090 1124 5160 quemadmodum
1145 5092 1382 5148 declarat
1401 5103 1678 5163 utramque
1697 5094 1969 5149 calamita-

389 5191 496 5235 tem
523 5180 590 5235 ad
614 5195 878 5236 suuunum
904 5183 1238 5252 pervenisse.
1263 5184 1392 5239 Nam
1419 5185 1561 5255 quod
1589 5201 1802 5240 omnem
1831 5201 1968 5256 pau-

318 5273 342 5294 κ
393 5280 650 5338 perlatem
677 5270 860 5326 Lazari
893 5283 1174 5344 paupertas
1204 5283 1316 5329 tum
1343 5276 1693 5345 superaverit,
1725 5276 1970 5332 declara-

390 5363 462 5414 vit
495 5363 697 5429 dicens,
718 5363 860 5432 quod
891 5380 956 5418 ne
983 5365 1136 5422 micis
1170 5366 1387 5434 quidem
1417 5369 1573 5436 potiri
1601 5367 1828 5432 licuerit,
1851 5383 1974 5438 qua:

391 5450 652 5505 cadebant
679 5451 746 5506 de
771 5467 955 5508 mensa
977 5453 1156 5510 divitis
1183 5455 1336 5522 (Luc.
1363 5457 1452 5512 l6.
1477 5457 1538 5511 21
1554 5459 1592 5527 ).
1623 5457 1790 5513 Porro
1829 5457 1970 5528 quod

395 5540 642 5594 valetudo
667 5557 881 5613 quoque
905 5543 970 5598 ad
989 5545 1232 5599 eatndem
1255 5563 1557 5602 mensuram
1585 5550 1881 5619 pervenerit
1902 5549 1970 5603 ad

397 5645 556 5699 quam
577 5642 880 5702 “inponas,
910 5634 1045 5689 ultra
1069 5651 1225 5706 quam
1257 5654 1368 5694 non
1396 5649 1574 5708 posset
1597 5641 1828 5710 amplius
1849 5655 1969 5710 pro-

1083 241 1141 300 8.
1180 238 1456 298 JOANNIS
1492 235 1955 294 CllllYSOS‘l‘Olll
1996 233 2308 292 ARClllEP.
2347 235 2876 293 CONSTANTINOP.

3765 83 3806 304 i

2070 349 2217 414 ferri,
2267 358 2322 404 et
2362 349 2412 402 id
2453 364 2666 420 quoque
2695 365 2877 405 rursus
2913 348 3220 418 declaravit,
3252 351 3458 416 dicens,
3505 356 3660 422 quod

2062 454 2226 495 canes
2249 439 2515 510 liugebant
2537 441 2711 495 ulcera
2743 440 2897 510 ejus:
2927 441 3062 496 adeo
3078 452 3193 496 erat
3214 443 3394 496 fractis
3420 445 3651 508 Viribus,

2064 541 2124 588 ut
2153 547 2220 588 ne
2247 547 2410 587 canes
2437 533 2652 602 quidem
2683 542 2862 603 posset
2886 533 3120 604 abigere,
3150 535 3242 589 sed
3274 536 3452 589 vivum
3482 535 3657 589 cada-

2066 638 2164 677 ver
2185 623 2414 692 iacebat,
2442 624 2630 678 videns
2667 623 2879 694 quidem
2904 640 2999 680 eos
3037 637 3400 690 accurrentes,
3436 644 3654 697 nequa-

2063 731 2222 786 quam
2248 724 2423 770 tamen
2452 715 2635 771 valens
2652 715 2958 785 depellere:
2985 731 3156 788 usque
3181 719 3317 772 adeo
3361 719 3438 773 illi
3470 736 3652 774 mem-

2065 806 2160 862 bra
2189 815 2342 862 erant
2369 806 2562 873 soluta,
2594 823 2759 878 usque
2801 808 2937 863 adeo
2974 818 3130 864 erant
3168 810 3397 864 arefacta
3430 813 3651 875 morbo,

2065 914 2233 968 usque
2260 898 2396 954 adeo
2421 909 2732 969 consumpta
2756 909 2906 954 erant
2929 899 3234 955 afflictione.
3280 901 3443 956 Vides
3484 901 3657 955 velte-

2066 1001 2274 1045 menter
2309 1006 2574 1062 supraque
2602 992 2817 1046 modum
2840 999 2896 1046 et
2935 1000 3324 1062 paupertatem,
3353 1003 3408 1048 et
3435 995 3654 1048 valetu-

2063 1082 2242 1136 dinem
2267 1092 2658 1152 oppugnantem
2704 1097 2896 1152 corpus
2944 1082 3121 1137 illius?
3156 1082 3308 1151 Quod
3355 1083 3404 1138 si
3456 1083 3655 1138 hormn

2064 1173 2480 1243 unumquodque
2511 1187 2604 1243 per
2622 1187 2683 1228 se
2699 1173 3032 1228 intolerabile
3056 1181 3140 1229 est
3159 1183 3212 1228 et
3229 1175 3508 1240 acerbum,
3527 1190 3653 1229 cum

2064 1263 2222 1319 simul
2257 1263 2652 1334 conglomerata
2680 1263 2892 1328 fuerint,
2923 1278 3102 1319 annon
3137 1264 3356 1320 adamas
3381 1267 3655 1336 quispiam

2065 1354 2244 1420 fuerit,
2273 1355 2364 1426 qui
2407 1354 2522 1410 hac
2564 1354 2832 1424 perferat?
2861 1353 3006 1409 Multi
3051 1353 3358 1425 frequenter
3404 1354 3657 1411 laborant

2064 1447 2284 1501 adversa
2329 1445 2644 1508 valetudine,
2693 1454 2944 1500 caatcrum
2974 1460 3078 1500 non
3103 1455 3261 1516 egent
3304 1446 3391 1507 iis.
3429 1463 3556 1516 qua:
3583 1448 3649 1501 ad

2066 1537 2260 1589 victum
2290 1543 2416 1590 sunt
2443 1535 2763 1590 necessaria.
2795 1535 2898 1589 Alii
2930 1537 3224 1605 paupertati
3246 1545 3511 1591 extrema:
3532 1548 3655 1592 sunt

2064 1626 2302 1691 obnoxii,
2333 1641 2518 1681 verum
2549 1627 2819 1696 potiuntur
2843 1626 2979 1681 bona
3011 1628 3331 1693 valetudine,
3363 1630 3445 1684 sic
3478 1640 3539 1684 ut
3573 1631 3652 1686 al-

2067 1727 2177 1774 tera
2206 1732 2298 1774 res
2328 1718 2550 1775 alterius
2587 1718 2658 1775 sit
2696 1719 2969 1785 solatium,
3020 1719 3144 1775 huic
3173 1736 3299 1775 vero
3323 1722 3490 1778 ambo
3519 1737 3652 1778 con-

2064 1809 2353 1866 currebant
2398 1810 2556 1865 mala.
2602 1811 2716 1881 Age
2759 1811 3118 1880 posses'mihi
3147 1813 3429 1868 nominare
3457 1829 3652 1882 quem-

2065 1902 2227 1973 piam,
2257 1900 2416 1954 simul
2445 1908 2500 1956 et
2526 1899 2766 1956 adversa:
2811 1901 3096 1956 valetudini
3123 1910 3177 1956 et
3219 1905 3528 1972 paupertati
3554 1905 3650 1957 ob-

2065 1992 2280 2047 noxium
2293 1991 2318 2046 τ
2329 1991 2434 2047 Sed
2453 2007 2558 2045 non
2574 2006 2742 2061 usque
2765 1991 2899 2046 adeo
2915 1991 3211 2046 desolalum
3228 2007 3291 2046 ac
3309 1994 3650 2047 destitutum.

2064 2083 2195 2139 Nam
2224 2084 2314 2139 ille
2359 2083 2575 2154 quidem
2613 2098 2931 2154 quamquam
2962 2099 3066 2138 non
3113 2099 3182 2138 ex
3224 2099 3348 2140 sese
3395 2101 3578 2154 neque
3622 2102 3651 2140 a

2065 2175 2392 2238 domesticis,
2439 2185 2615 2229 tamen
2645 2174 2713 2228 ab
2757 2174 2841 2237 iis,
2888 2174 2977 2244 qui
3022 2174 3225 2241 vident,
3271 2177 3648 2231 misericordia

2065 2265 2220 2320 flexis
2259 2263 2524 2320 sublevari
2564 2273 2758 2334 potest,
2807 2264 2860 2318 in
2894 2264 3126 2318 medium
3174 2267 3494 2334 projectus:
3532 2267 3652 2319 huic

2065 2371 2194 2411 vero
2235 2356 2508 2412 molestias
2531 2370 2643 2420 cas,
2675 2369 2810 2426 quas
2832 2366 2987 2411 antea
3011 2355 3263 2421 diximus,
3312 2357 3654 2412 molestiores

2066 2447 2340 2512 reddebat,
2371 2446 2514 2518 quod
2559 2455 2703 2501 esset
2740 2446 2810 2501 ab
2840 2446 3087 2500 omnibus
3114 2446 3363 2501 desertus
3392 2465 3408 2502 :
3437 2457 3493 2502 et
3520 2447 3653 2502 banc

2067 2539 2234 2609 ipsam
2262 2538 2602 2593 solitudinem
2619 2551 2831 2594 rursum
2858 2536 3219 2592 molestiorem
3242 2536 3491 2602 faciebat,
3510 2538 3652 2607 quod

2067 2631 2120 2685 in
2150 2629 2414 2686 vestibulo
2431 2630 2611 2685 divitis
2631 2629 2854 2700 iaeeret.
2882 2629 3090 2684 Etenim
3119 2629 3164 2684 si
3193 2629 3244 2684 iu
3270 2638 3413 2685 terra
3440 2629 3652 2685 deserta

2068 2722 2333 2793 nullisque
2362 2721 2594 2778 habitata
2635 2721 2822 2792 jacens
2850 2721 2966 2778 lucc
3005 2737 3192 2792 passus
3225 2722 3440 2787 fuisset,
3477 2726 3654 2792 nege-

2063 2822 2289 2884 ctusque
2311 2810 2588 2883 jacuissel,
2617 2828 2723 2869 non
2752 2822 2955 2869 tantum
2985 2813 3279 2870 doluisset:
3309 2831 3437 2870 nam
3463 2817 3510 2869 si
3539 2818 3655 2870 nul-

2067 2905 2152 2960 lus
2178 2905 2336 2969 adsit,
2365 2905 2466 2960 hoc
2490 2905 2662 2975 ipsum
2691 2905 2851 2960 etiam
2881 2903 3079 2962 nolenti
3102 2904 3410 2974 persuadet,
3434 2916 3490 2960 ut
3523 2907 3655 2961 ferat

2063 3012 2183 3067 quze
2201 2995 2468 3052 accidunt.
2491 2995 2754 3052 Caeterum
2783 2995 2998 3066 quodin
3025 2996 3202 3051 medio
3225 3004 3332 3050 tam
3361 2997 3653 3050 nmltorum

2060 3087 2268 3158 jaceus,
2298 3087 2541 3142 ebrietati
2568 3086 2973 3157 indulgentium,
3004 3087 3242 3142 suaviter
3279 3087 3598 3153 viventium,
3624 3104 3654 3142 a

2066 3179 2280 3234 nemine
2295 3179 2379 3235 vel
2399 3179 2668 3249 vulgarem
2685 3192 2868 3233 curam
2889 3178 3309 3244 nancisceretur,
3326 3178 3376 3232 id
3395 3179 3656 3233 reddebat

2065 3283 2283 3325 sensum
2307 3269 2551 3324 dolorum
2579 3270 2865 3335 acriorem,
2893 3270 3166 3339 magisque
3193 3269 3524 3324 incendebat
3545 3272 3658 3323 aui-

2067 3361 2138 3415 mi
2169 3360 2558 3432 mgritudinem.
2585 3359 2700 3414 Non
2727 3359 2869 3413 enim
2896 3359 3117 3430 perinde
3139 3358 3186 3414 si
3209 3358 3388 3414 absint
3412 3359 3505 3430 qui
3533 3375 3655 3414 suc-

2065 3458 2303 3517 currant,
2327 3458 2487 3520 atque
2514 3449 2558 3504 si
2582 3449 2760 3504 adsint
2783 3449 3019 3519 quidem,
3053 3449 3147 3504 sed
3177 3449 3352 3504 nolint
3378 3451 3657 3521 porrigere

2066 3557 2304 3607 manum,
2321 3539 2568 3596 mordere
2590 3539 2726 3594 solet
2750 3540 2982 3594 animum
3006 3541 3056 3594 in
3077 3540 3494 3603 calamitatibus,
3516 3541 3655 3610 quod

2066 3631 2280 3701 quidem
2317 3639 2427 3686 tum
2459 3631 2579 3685 huic
2606 3630 2818 3686 accidit.
2857 3629 3043 3684 Nullus
3072 3640 3188 3684 erat
3215 3630 3304 3700 qui
3334 3630 3498 3686 dictis
3525 3647 3656 3694 con-

2066 3721 2350 3786 solaretur,
2396 3720 2574 3775 nullus
2621 3721 2710 3791 qui
2756 3721 2907 3774 factis
2952 3719 3170 3776 afferret
3214 3721 3495 3790 solatium,
3551 3740 3658 3778 non

2065 3813 2292 3879 amicus,
2328 3827 2436 3868 non
2477 3812 2706 3878 vicinus,
2747 3826 2852 3867 non
2894 3823 3174 3882 cognatus,
3217 3829 3326 3869 non
3357 3815 3656 3870 videntium

2066 3903 2346 3975 quisquam
2371 3921 2386 3959 :
2413 3905 2548 3960 adeo
2573 3913 2689 3960 erat
2720 3915 2825 3959 tota
2851 3904 3027 3958 divitis
3051 3917 3303 3976 corrupta
3333 3905 3558 3961 familia.

2139 3997 2228 4052 10.
2267 3997 2348 4052 Ad
2378 3995 2494 4052 lucc
2514 3996 2671 4052 aliam
2689 3997 2890 4053 doloris
2910 3999 3274 4054 accessionem
3298 3998 3657 4070 adjungebat,

2067 4087 2211 4158 quod
2255 4087 2482 4143 alterum
2532 4087 2681 4142 illum
2727 4087 2782 4142 in
2832 4087 3085 4144 felicitate
3109 4089 3504 4157 cuuspiciebat,
3553 4106 3658 4144 lmu

2069 4178 2210 4249 quod
2237 4179 2450 4236 invidus
2473 4187 2619 4235 esset
2636 4193 2700 4234 ac
2729 4195 2942 4250 pravus,
2965 4181 3062 4236 sed
3089 4180 3230 4252 quod
3258 4197 3454 4237 omnes
3484 4185 3660 4238 solent

2071 4271 2125 4326 iu
2153 4271 2380 4326 aliorum
2422 4273 2780 4342 prosperitate
2824 4273 3002 4328 acrius
3030 4288 3155 4328 suas
3185 4276 3391 4329 sentire
3429 4275 3657 4330 calami-

2072 4372 2228 4420 tates.
2257 4363 2314 4419 ln
2333 4363 2500 4420 divite
2519 4374 2696 4420 autem
2719 4372 2837 4421 erat
2859 4365 3056 4436 aliquid
3082 4366 3251 4436 majus
3276 4367 3343 4420 ad
3377 4366 3528 4422 illius
3547 4368 3659 4422 aui-

2071 4471 2216 4511 mum
2245 4456 2680 4512 exulcerandum.
2721 4456 2836 4512 Non
2882 4459 3024 4513 enim
3066 4458 3238 4514 solum
3288 4473 3444 4512 suam
3494 4460 3659 4528 ipsius

2069 4545 2424 4603 calamitatem
2465 4563 2588 4603 cum
2627 4548 2768 4604 illius
2794 4549 3142 4618 prosperitate
3183 4548 3499 4614 conferens,
3542 4565 3659 4620 gm-

2071 4638 2274 4692 viorem
2313 4637 2569 4694 reddebat
2609 4653 2826 4694 suorum
2863 4638 3123 4693 malorum
3167 4653 3422 4704 sensum,
3469 4656 3656 4694 vennn

2072 4729 2232 4784 etiam
2280 4729 2612 4800 perpendens
2655 4729 2798 4799 quod
2826 4730 2916 4784 ille
2943 4730 3105 4784 vitam
3146 4728 3349 4784 ducens
3378 4731 3657 4784 crudelem

2073 4829 2130 4876 et
2155 4821 2518 4887 inhumanam,
2547 4820 2602 4877 in
2629 4820 2877 4876 omnibus
2915 4830 3339 4889 prosperantur,
3373 4820 3493 4888 ipse
3535 4837 3661 4874 vero

2073 4909 2322 4966 virtutem
2351 4925 2413 4966 ac
2439 4910 2752 4966 modestiam
2782 4910 3082 4978 amplexus,
3112 4919 3352 4964 extrema
3383 4919 3658 4976 pateretur

2073 5001 2248 5068 mala,
2312 5001 2748 5057 iueonsolabilem
2818 5001 2980 5055 animi
3036 5000 3336 5055 molestiam
3409 5011 3466 5055 et
3541 5002 3661 5056 hinc

2073 5093 2341 5148 sustinuit.
2398 5092 2528 5147 Nam
2579 5094 2624 5146 si
2671 5092 2753 5146 vir
2787 5090 2960 5161 justus
3006 5090 3192 5146 fuisset
3221 5092 3395 5155 dives,
3446 5093 3492 5144 si
3549 5109 3660 5144 m0-

2073 5180 2277 5248 destus,
2325 5183 2371 5236 si
2419 5181 2807 5252 suspiciendas,
2853 5181 2897 5234 si
2942 5181 3087 5234 omni
3127 5181 3323 5234 virtute
3375 5183 3655 5249 prasinus,

2076 5286 2410 5343 nequaquam
2464 5271 2535 5326 illi
2583 5271 2801 5342 perinde
2845 5271 3125 5326 doluisset.
3157 5269 3313 5324 Nunc
3361 5285 3492 5323 vero
3536 5286 3657 5324 cum

2073 5361 2225 5417 dives
2251 5371 2412 5427 esset,
2443 5363 2801 5432 improbaaque
2821 5363 2964 5428 vitxe,
2989 5371 3043 5416 et
3065 5362 3133 5416 ad
3161 5371 3466 5417 extremum
3493 5378 3660 5430 usque

2076 5452 2291 5507 malitia:
2319 5462 2619 5522 provectus,
2667 5463 2721 5506 et
2755 5460 2954 5507 tantam
2984 5452 3435 5507 inhumanitatem
3480 5465 3663 5505 osten-

2076 5545 2230 5605 dens,
2273 5555 2330 5600 et
2371 5544 2616 5600 hostilem
2659 5544 2896 5598 animum
2924 5559 3139 5613 gerens,
3169 5560 3271 5600 nec
3307 5561 3468 5602 secus
3495 5558 3658 5610 ςιιιμιε

2079 5637 2306 5706 lapidem
2343 5638 2520 5706 ipsum
2552 5646 2986 5708 prat‘tercurrcus,
3017 5638 3133 5693 sine
3163 5641 3514 5703 verecundia,
3542 5641 3663 5694 sitio
