3860 6224
239 321 348 379 973

243 443 376 511 φήν.
405 438 560 491 ωὐτω
588 440 679 492 καὶ
700 441 861 511 ἡμεῖς
882 441 1145 510 ποιῶμεν,
1170 460 1266 496 και
1282 445 1535 500 τοσοῦτον
1557 447 1827 518 ἐθίσωμεν

245 526 473 586 ἑαυτοὺς
523 524 744 586 ἐσθίειν.
787 525 909 577 ὅσον
952 526 1091 596 πρὸς
1118 528 1179 580 rb
1210 527 1311 599 ζῆν
1349 529 1531 600 μόνον,
1578 533 1677 603 οὐχ
1705 533 1829 586 ὅσον

244 606 577 661 διασπᾶσθαι
607 607 701 659 καὶ
732 607 1081 677 βαρύνεσθαι.

320 691 395 743 Οὐ
433 690 541 759 γάρ
560 691 648 743 διά
671 690 827 742 τοῦτο
858 692 1154 762 ἐγενόμεθα
1176 696 1269 748 καὶ
1291 694 1495 766 ζῶμεν,
1522 695 1607 750 ἴνα
1640 694 1829 766 φάγω-

252 791 352 843 μεν
385 774 478 826 καὶ
512 772 723 843 πίωμεν
750 790 764 803 ο
796 774 933 828 ἀλλά
964 774 1051 828 διὰ
1079 775 1238 829 τοῦτο
1269 777 1567 849 ἐσθίωμεν,
1607 782 1692 833 ἵνα
1723 780 1829 845 ζῶ-

254 875 374 928 μεν.
406 859 481 911 06
511 858 571 911 rb
598 856 697 928 ζῇν
715 858 804 911 διὰ
827 859 889 911 τὸ
922 864 1136 927 φαγεῖν,
1170 859 1307 914 ἀλλά
1325 862 1413 915 διὰ
1434 862 1494 915 rb
1514 863 1613 933 ζῇν
1637 863 1698 916 rb
1727 880 1831 932 φα·-

249 944 367 1009 γεῖν
395 942 616 1010 γέγονεν
642 940 697 1006 ἐξ
726 942 920 1012 ἀρχῆς.
965 940 1157 1013 Ἡμεῖς
1173 943 1231 995 δὲ
1260 944 1337 1007 ὡς
1355 944 1443 997 διὰ
1471 944 1630 998 τοῦτο
1650 945 1830 1001 ἐλθόν-

249 1042 342 1089 τες
366 1027 446 1089 είς
476 1025 568 1078 τὸν
602 1026 825 1095 κόσμον,
860 1024 1033 1088 οὕτως
1055 1026 1270 1079 ᾶπαντα
1295 1029 1374 1091 είς
1402 1026 1561 1081 τοῦτο
1592 1046 1830 1083 κατανα-

250 1106 530 1178 λίσκομεν.
574 1107 711 1161 Ἀλλ’
749 1109 834 1162 ἵνα
865 1109 1194 1180 σφοδροτέρα
1232 1110 1456 1181 γένηται
1487 1112 1589 1182 τῆς
1619 1115 1831 1184 τρυφῆς

252 1194 287 1263 ή
322 1192 641 1262 κατηγορία,
670 1194 764 1246 καὶ
790 1192 935 1263 μάλα
963 1193 1256 1265 καθίκηται
1288 1194 1398 1248 τῶν
1433 1196 1490 1248 ἐν
1523 1196 1659 1267 αὐτῇ
1696 1196 1833 1261 ζών-

249 1292 383 1337 των,
420 1275 581 1345 φέρε,
616 1276 776 1329 πάλιν
802 1277 896 1329 ἐπὶ
918 1277 1010 1329 τὸν
1037 1275 1285 1349 Λάζαρον
1312 1278 1403 1332 τὸν
1433 1278 1591 1347 λόγον
1619 1281 1834 1349 ἀγάγω-

255 1375 375 1427 μεν.
412 1358 567 1411 οὖτω
585 1359 693 1429 γάρ
714 1361 844 1430 ἡμῖν
878 1359 1217 1432 ἀληθεστέρα
1248 1379 1306 1415 τε
1340 1364 1433 1415 καὶ
1464 1363 1833 1434 ἐναργεστέρα

252 1442 288 1511 ἡ
308 1442 629 1512 παραίνεσις
653 1442 806 1495 ἔσται
830 1444 926 1496 καὶ
954 1444 988 1513 ἡ
1018 1443 1316 1515 συμϐουλὴ,
1354 1446 1482 1499 ὅταν
1505 1447 1580 1517 μὴ
1609 1445 1698 1499 διὰ
1731 1450 1831 1518 ρη-

257 1526 465 1595 μάτων,
488 1524 622 1578 ἀλλά
644 1525 731 1579 διὰ
752 1527 1095 1597 πραγμάτων
1126 1527 1271 1599 ῖδητε
1297 1529 1718 1600 παιδευομένους
1738 1531 1834 1584 καὶ

253 1608 653 1679 κολαζομένους
704 1612 831 1672 τοὺς
864 1610 1144 1681 ἀδηφαγία
1202 1612 1590 1683 προσέχοντας.
1642 1614 1699 1667 '0
1736 1616 1835 1684 μὲν

252 1688 349 1745 οὖν
380 1691 635 1756 πλούσιος
656 1692 890 1765 τοσαύτῃ
923 1693 1159 1765 πονηρία
1185 1695 1405 1766 συνέζη,
1439 1698 1533 1751 καὶ
1557 1697 1680 1750 καθ’
1708 1698 1836 1751 ἐκά-

256 1791 390 1845 στην
422 1774 696 1844 ἐνετρύφα
725 1788 752 1816 ιι
786 1776 885 1847 τὴν
911 1776 1146 1848 ἡμέραν,
1177 1777 1272 1830 καὶ
1299 1778 1669 1832 ἐνεδιδύσκετο
1695 1780 1836 1850 λαμ-

256 1856 432 1927 πρῶς,
456 1856 844 1930 χαλεπωτέραν
876 1860 1053 1930 ἐαυτῴ
1075 1859 1331 1913 ἀνάπτων
1354 1861 1453 1933 τὴν
1474 1862 1715 1927 κόλασιν,
1740 1864 1836 1916 καὶ

258 1940 444 2012 μεῖζον
476 1942 537 1994 τὸ
571 1941 685 2014 πῦρ
711 1943 1077 2014 ἐργαζόμενος
1105 1944 1199 1996 καὶ
1226 1944 1660 2016 ἀπαραμύθητον
1682 1946 1834 2018 [7‘20]

257 2024 438 2095 ἐαυτῷ
462 2024 631 2081 ποιῶν
659 2028 758 2099 τὴν
785 2027 965 2099 δίκην,
1000 2028 1096 2081 καὶ
1124 2026 1510 2097 ἀσύγγνωστον
1538 2029 1637 2101 τὴν
1668 2047 1839 2102 τιμω-

258 2124 404 2177 ριαν.

339 2232 399 2286 ’0
424 2231 481 2285 δέ
517 2231 687 2303 πένης
716 2232 944 2306 ἔρριπτο
972 2233 1124 2306 παρά
1150 2234 1243 2289 τὸν
1267 2234 1489 2290 πυλῶνα
1518 2236 1705 2303 αὐτοῦ,
1748 2240 1838 2293 καί

257 2315 369 2370 οὔτ’
400 2316 865 2389 ἀπεδυσπέτησεν,
888 2316 1000 2371 οὐτ’
1028 2319 1470 2392 ἐϐλασφήμησεν,
1494 2320 1604 2375 οὐτ’
1638 2322 1841 2392 ἠγανά-

260 2418 459 2471 κτησεν
477 2418 493 2433 ο
520 2403 620 2454 οὐκ
639 2396 760 2454 εἷπε
780 2401 918 2472 πρὸς
948 2402 1169 2469 ἐαυτὸν,
1191 2403 1221 2456 δ
1265 2402 1450 2457 πολλοὶ
1487 2405 1742 2473 λέγουσι·
1786 2405 1839 2458 τί

260 2500 393 2537 ποτε
415 2484 574 2537 τοῦτό
596 2486 778 2549 ἐστιν;
807 2479 962 2547 οὗτος
985 2484 1084 2555 μὲν
1109 2485 1346 2556 πονηρίᾳ
1373 2486 1550 2549 συζῶν
1571 2488 1665 2540 καὶ
1694 2486 1738 2538 ὠ
1746 2487 1841 2558 μό-

260 2583 384 2636 τητι
407 2569 502 2620 καὶ
534 2567 921 2639 ἀπανθρωπίᾳ,
945 2568 1040 2620 καὶ
1068 2567 1178 2620 τῶν
1205 2568 1347 2639 ὐπέρ
1371 2570 1469 2641 τὴν
1494 2570 1680 2641 χρείαν
1708 2572 1843 2622 ἀπο-

261 2650 419 2705 λαύει
444 2652 681 2716 πάντων,
718 2653 814 2705 καὶ
836 2651 945 2705 οὐδ’
976 2650 1214 2721 ἀθυμίαν
1246 2653 1508 2723 ὑπομένει
1527 2693 1542 2716 ,
1576 2653 1681 2706 οὐδ’
1715 2654 1844 2707 ἄλλο

260 2751 316 2786 τι
365 2735 473 2788 τῶν
524 2733 822 2805 ἀδοκήτων,
879 2727 966 2787 οἷα
1018 2734 1191 2788 πολλά
1244 2734 1309 2788 τά
1361 2736 1513 2807 παρά
1538 2736 1843 2808 ἀνθρώποις

264 2818 432 2881 ἐστὶν,
461 2817 596 2870 ἀλλά
616 2819 710 2872 καὶ
740 2818 988 2890 καθαρὰν
1014 2819 1320 2891 καρποῦται
1348 2820 1447 2891 τὴν
1478 2820 1668 2891 ἡδονήν
1688 2839 1701 2850 ’
1733 2820 1842 2887 ἐγὼ

263 2900 322 2952 δὲ
345 2901 465 2953 οὐδέ
490 2902 588 2971 τῆς
610 2902 912 2969 ἀναγκαίας
939 2901 1048 2971 ἔχω
1079 2903 1284 2973 τροφῆς
1327 2906 1633 2974 μετασχεῖν.
1683 2904 1844 2957 Ἀλλά

263 2982 442 3055 τούτῳ
470 2985 568 3055 μὲν
598 2985 677 3047 είς
699 2984 1033 3055 παρασίτους
1058 2988 1150 3038 καὶ
1173 2987 1409 3051 κόλακας
1441 2989 1534 3041 καὶ
1572 2986 1743 3059 μέθην
1775 2987 1845 3041 τά

264 3067 396 3119 ὄντα
452 3067 666 3120 ᾶπαντα
706 3066 1033 3129 δαπανῶντι,
1085 3066 1274 3139 ὥσπερ
1319 3072 1382 3122 ἐκ
1409 3070 1600 3140 πηγῶν
1630 3069 1846 3124 ἅπαντα

265 3152 517 3221 ἐπιρρεῖ·
558 3150 669 3218 ἐγὼ
693 3150 753 3203 δέ
789 3151 1140 3221 παράδειγμα
1163 3154 1276 3214 τοῖς
1310 3152 1478 3223 ὁρῶσι
1511 3155 1699 3223 κεῖμαι
1752 3155 1847 3207 καὶ

266 3232 498 3302 αἰσχύνη
528 3234 620 3285 καὶ
640 3232 834 3302 γέλως,
852 3232 995 3304 λιμῷ
1009 3233 1328 3304 τηκόμενος.
1346 3229 1493 3306 τΑρα
1517 3235 1689 3288 ταῦτα
1715 3254 1849 3307 προ-

264 3317 446 3381 νοίας;
481 3313 592 3388 ἄρα
619 3319 792 3388 ἐφορᾷ
811 3318 937 3388 δίκη
958 3332 1045 3381 τις
1073 3316 1143 3371 τά
1170 3316 1488 3391 ἀνθρώπινα
1508 3320 1808 3392 πράγματα
1830 3339 1846 3387 ;

269 3402 435 3455 υύδέν
462 3401 665 3456 τούτων
698 3404 799 3457 οὐκ
841 3398 1015 3467 εἶπεν,
1050 3404 1153 3457 οὐκ
1182 3405 1453 3475 ἐνενόησε.
1487 3405 1656 3461 Πόθεν
1692 3408 1850 3461 τοῦτο

266 3486 462 3557 δῆλον;
517 3486 607 3554 Ἐξ
646 3480 723 3540 ὧν
752 3487 1038 3558 ἀπήγαγον
1074 3487 1237 3541 αὐτὸν
1275 3491 1323 3541 οἰ
1360 3488 1580 3558 ἄγγελοι
1623 3492 1851 3561 δορυφο-

271 3573 513 3645 ροῦντες,
550 3574 645 3627 καὶ
678 3575 759 3635 είς
782 3574 873 3626 τὸν
908 3573 1108 3627 κόλπον
1150 3573 1245 3627 τοῦ
1292 3575 1543 3646 ’Λϐραάμ
1576 3578 1849 3632 ἀποκατέ-

275 3674 480 3728 στησαν
503 3676 519 3691 ·
544 3658 644 3711 οὐκ
663 3657 730 3710 ἂν
756 3657 836 3720 δὲ,
868 3660 917 3710 εἰ
951 3658 1270 3729 βλάσφημος
1302 3655 1390 3730 ἦν,
1441 3661 1709 3733 τοσαύτης
1747 3666 1853 3717 ἀπο

272 3740 469 3794 έλαυσε
494 3741 678 3811 τιμῆς.
707 3740 863 3794 Οὐτω
896 3742 994 3812 μὲν
1025 3738 1118 3795 οὖν
1146 3743 1198 3795 οί
1225 3743 1410 3797 πολλοὶ
1426 3743 1512 3799 διὰ
1540 3747 1697 3800 τοῦτο
1725 3746 1855 3799 θαυ-

279 3822 512 3893 μάζουσι
535 3823 626 3876 τὸν
657 3822 940 3894 ἄνθρωπον
969 3823 1161 3894 μόνον,
1198 3825 1282 3878 ὅτι
1323 3828 1381 3878 ἐν
1422 3828 1580 3898 πενίᾳ
1604 3824 1672 3899 ἦν
1696 3846 1709 3859 ο
1744 3828 1855 3897 ἐγὼ

275 3906 333 3958 δὲ
359 3905 607 3974 δείκνυμι
628 3906 897 3977 τιμωρίας
921 3907 1077 3960 ἐννέα
1112 3908 1205 3961 τὸν
1257 3909 1491 3982 ἀριθμὸν
1532 3910 1691 3963 αὐτὸν
1730 3912 1854 3963 ὐπο-

280 3989 564 4059 μείναντα,
601 3990 699 4060 οὐχ
749 3989 835 4042 ἵνα
863 3989 1177 4059 κολάζηται,
1212 3991 1326 4045 ἀλλ’
1357 3993 1444 4046 ἵνα
1476 3992 1855 4067 λαμπρότερος

276 4073 496 4144 γίνηται
516 4088 529 4103 ο
563 4073 698 4143 ὅπερ
723 4067 817 4126 οὖν
844 4072 939 4125 καὶ
966 4074 1203 4143 ἐγένετο.

350 4200 534 4253 Δεινὸν
559 4199 658 4269 μὲν
685 4200 794 4270 γὰρ
822 4199 991 4265 ὅντως
1017 4203 1113 4256 καὶ
1141 4201 1173 4272 ή
1198 4201 1381 4267 πενία,
1408 4205 1503 4257 καὶ
1534 4204 1712 4259 ἴσασιν
1741 4207 1856 4260 ὅσοι

283 4287 480 4354 πεῖραν
510 4284 715 4353 ταύτης
742 4283 1034 4354 εἰλήφασι·
1059 4284 1215 4354 λόγος
1243 4286 1353 4358 γάρ
1376 4287 1551 4353 οὐδεὶς
1572 4292 1860 4362 παραστῆ-

284 4385 376 4421 σαι
400 4366 687 4437 δυνήσεται
711 4366 808 4437 τὴν
833 4366 1046 4439 ὀδύνην,
1081 4369 1212 4441 ὅσην
1233 4372 1599 4444 ὑπομένουσιν
1628 4377 1676 4427 οί
1713 4392 1860 4429 πτω-

283 4451 407 4520 χείᾳ
449 4448 737 4512 συζῶντες,
767 4450 861 4503 καὶ
893 4451 1204 4521 φιλοσοφεῖν
1234 4455 1335 4509 οὐκ
1380 4457 1601 4522 εἰδότες.
1651 4458 1772 4512 Ἐπὶ
1800 4459 1857 4513 δέ

282 4534 378 4587 τοῦ
406 4533 655 4605 Λαζάρου
689 4534 748 4586 οὐ
776 4530 933 4587 τοῦτο
962 4535 1121 4605 μόνον
1145 4533 1213 4609 ἦν
1255 4540 1316 4592 rb
1345 4540 1516 4594 δεινὸν
1535 4581 1551 4605 ,
1591 4542 1727 4596 ἀλλά
1764 4544 1860 4596 καὶ

285 4618 565 4689 ἀρρωστία
586 4616 734 4687 αὐτῷ
757 4617 785 4657 ιι
816 4618 1157 4686 συνέζευκτο,
1192 4623 1286 4675 καὶ
1318 4623 1456 4695 αὐτη
1487 4625 1606 4695 μεθ’
1628 4627 1861 4698 ὑπερϐο-

285 4703 407 4773 λῆς.
437 4703 546 4756 Καὶ
567 4704 668 4773 ὅρα
709 4702 827 4767 πῶς
861 4704 1129 4776 ἑκατέρας
1158 4706 1255 4767 τὰς
1284 4710 1569 4781 συμφορὰς
1591 4711 1861 4765 δείκνυσιν

287 4786 566 4867 είςάκρον
609 4785 891 4851 ἐλθούσας.
919 4789 1041 4841 Ὀτι
1083 4789 1183 4859 μὲν
1234 4790 1344 4863 γὰρ
1379 4795 1561 4847 πᾶσαν
1591 4796 1781 4851 πενίαν
1825 4796 1859 4867 ή

284 4866 382 4919 τοῦ
408 4868 660 4939 Λαζάρου
675 4868 837 4922 πενία
857 4870 978 4923 τότε
1013 4871 1290 4942 ἐνίκησεν,
1320 4874 1521 4941 ἔδειξεν
1549 4880 1738 4943 εἰπὼν,
1779 4866 1861 4933 ὅτι

287 4951 409 5004 οὐδὲ
435 4952 542 5005 τῶν
580 4953 777 5023 ψιχίων
822 4954 1068 5028 ἀπήλαυε
1127 4957 1236 5010 τῶν
1267 4960 1574 5017 πιπτόντων
1620 4962 1728 5017 ἀπὸ
1763 4965 1863 5034 τῆς

287 5034 568 5118 τραπέζης
595 5036 691 5089 τοῦ
716 5037 966 5092 πλουσίου
987 5056 1001 5069 °
1036 5040 1118 5094 ότι
1146 5039 1203 5094 δὲ
1228 5041 1323 5094 καὶ
1349 5043 1382 5112 ἡ
1416 5044 1697 5114 ἀρρωστία
1727 5047 1862 5118 πρὸς

287 5118 350 5171 τὸ
376 5117 510 5172 αὐτὸ
536 5118 734 5189 μέτρον
756 5120 983 5190 ἐφθάκει
1003 5125 1070 5193 τῇ
1094 5122 1275 5194 πενίᾳ,
1306 5125 1424 5195 μεθ’
1445 5126 1473 5179 ὃ
1491 5126 1675 5182 λοιπὸν
1701 5117 1864 5183 ἐκτα-

290 5201 452 5273 θῆναι
477 5202 576 5256 οὐκ
594 5197 683 5273 ἦν,
713 5204 806 5257 καὶ
838 5203 997 5257 τοῦτο
1013 5206 1147 5259 αὐτὸ
1172 5207 1335 5263 πάλιν
1374 5208 1663 5280 ἐδήλωσεν,
1693 5211 1862 5266 εἰπὼν

288 5287 387 5371 ὅτι
405 5287 453 5339 οἰ
478 5287 637 5371 κύνες
656 5289 938 5360 ἀπέλειχον
960 5289 1030 5344 τά
1060 5290 1191 5364 ἓλκη
1215 5294 1404 5349 αὐτοῦ.
1431 5296 1617 5362 Οὕτως
1656 5295 1725 5371 ἦν
1775 5301 1864 5367 ἐξ·

289 5369 630 5442 ησθενηκὼς,
644 5372 720 5435 ὡς
746 5372 879 5443 μηδέ
900 5374 1026 5437 τοὺς
1048 5374 1215 5440 κύνας
1230 5377 1568 5450 ἀποσοϐῆσαι
1584 5369 1863 5448 δύνασθαι,

287 5453 427 5508 ἀλλὰ
457 5455 651 5527 νεκρὸς
698 5456 937 5528 ἔμψυχος
965 5458 1164 5530 ἔκειτο,
1209 5463 1463 5529 ἐπιόντας
1522 5467 1621 5537 μὲν
1667 5470 1868 5535 αὐτοὺς

358 5678 385 5749 _‘
409 5678 546 5749 us
566 5694 656 5749 rus:
681 5684 846 5749 συνέζη
861 5685 973 5749 καθ’
996 5685 1199 5743 ἑκάστην
1217 5689 1419 5749 τρυφῶν.

355 5739 383 5781 δ
407 5744 507 5792 Alii
536 5744 685 5806 αὐτῷ,
710 5746 793 5792 alii
820 5746 938 5801 αὐτῇ

1458 327 1548 383 DE
1588 330 1862 386 ιΑΖιιιυ
1899 334 2157 390 C(DNCIO
2200 339 2238 396 Ι.

3396 360 3501 414 ⁸)76

1935 455 2175 528 θεωρῶν,
2211 458 2734 530 ἀμύνασθιῖί·δέ⁵οὐκ
2764 466 2987 537 ἰσχύων.
3031 466 3219 532 υῦτως
3256 471 3402 542 αύτῷ
3433 475 3503 529 τὰ

1933 546 2070 619 μέλη
2095 553 2340 619 παρεῖτο,
2370 551 2512 605 οὕτω
2536 556 2889 626 τεταρίχευτο
2915 559 2980 627 τῇ
3008 558 3292 632 ἀρρωστίᾳ
3309 601 3322 623 ,
3363 562 3504 615 οὕτω

1928 637 2263 712 δεδαπάνητο
2284 642 2361 713 τῷ
2393 646 2704 718 πειρασμῷ.
2733 647 2885 714 Εἶδες
2914 652 3033 721 μετ’
3058 651 3234 723 ἀκρας
3267 654 3506 725 ὑπερϐο-

1929 731 2029 803 λῆς
2058 735 2153 787 καὶ
2179 736 2279 807 τὴν
2309 738 2500 791 πενίαν
2535 741 2629 793 καί
2653 742 2753 813 τὴν
2782 742 3092 813 ἀρρωστίαν
3126 755 3147 782 ο
3184 743 3502 811 πολιορκοῦ-

1931 840 2031 876 σαν
2053 825 2216 879 αὐτοῦ
2242 826 2304 880 rb
2331 828 2520 900 σῶμα;
2549 831 2612 885 Εἰ
2630 830 2685 884 δὲ
2712 831 2830 885 καθ’
2854 833 3015 888 ἑαυτὸ
3042 834 3248 887 τούτων
3275 835 3508 888 ἕκαστον

1930 916 2207 987 ἀφόρητον
2243 920 2336 972 καί¹
2367 920 2558 986 δεινὸν,
2598 923 2728 977 ὅταν
2752 923 2887 995 ὁμοῦ
2936 925 3401 997 συμπεπλεγμένα
3446 923 3505 998 ᾖ,

1930 1008 2049 1074 πῶς
2069 1010 2168 1064 ούκ
2216 1012 2426 1084 ἀδάμας
2456 1032 2540 1079 τις
2571 1010 2640 1087 ἦν
2675 1016 2704 1068 ὁ
2740 1016 2915 1070 ταῦτα
2947 1016 3266 1088 ὐπομένων;
3313 1018 3509 1071 Πολλοὶ

1931 1102 2193 1168 πολλάκις
2216 1106 2610 1177 ἀρῤωστοῦσιν,
2638 1109 2776 1163 ἀλλὰ
2802 1109 2903 1180 τῆς
2928 1110 3234 1179 ἀναγκαίας
3258 1111 3359 1165 οὐκ
3378 1113 3516 1164 ἀποο

1937 1195 2089 1267 ροῢσι
2146 1198 2381 1268 τροφῆςο
2421 1199 2569 1253 ἄλλοι
2627 1200 2789 1272 πενία
2844 1201 2944 1271 μὲν
2984 1201 3216 1265 συζῶσιν
3259 1202 3464 1274 ἐσχάτῃ
3490 1243 3513 1267 ,

1933 1285 2049 1340 ἀλλ’
2081 1286 2293 1357 ὑγιείας
2312 1291 2668 1356 ἀπολαύουσι,
2700 1293 2795 1346 καὶ
2814 1292 3043 1363 θάτερον
3074 1292 3305 1363 θατέρου
3331 1311 3505 1365 παρα-

1937 1377 2105 1449 μυθία
2128 1379 2367 1447 γίνεται·
2400 1381 2635 1436 ἐνταῦθα
2676 1381 2733 1434 δέ
2763 1382 3052 1453 ἀμφότερα
3087 1382 3266 1437 ταῦτα
3300 1384 3506 1437 συνεδε-

1932 1470 2226 1542 δραμήκει.
2261 1470 2400 1525 Ἀλλ’
2429 1472 2574 1543 ἔχεις
2610 1474 2702 1543 μοί
2739 1491 2862 1529 τινα
2889 1476 3067 1529 εἰπεῖν
3099 1476 3196 1529 καὶ
3238 1477 3296 1529 ἐν
3330 1477 3520 1548 ἀρρω-

1936 1560 2060 1632 στία
2086 1560 2214 1615 ὄντα
2241 1563 2334 1615 καὶ
2360 1564 2419 1615 ἐν
2441 1563 2618 1634 πενίᾳ.
2651 1564 2792 1618 Ἀλλ’
2818 1566 2918 1619 οὐκ
2937 1567 2996 1619 ἐν
3016 1566 3223 1637 ἐρημία
3247 1566 3512 1640 τοσαύτῃ.

1935 1654 1999 1706 Et
2022 1654 2132 1725 γάρ
2158 1655 2252 1709 καὶ
2286 1654 2362 1725 μὴ
2395 1656 2525 1727 παρ’
2556 1657 2750 1711 ἐαυτοῦ
2778 1657 2914 1729 μηδὲ
2950 1657 3101 1730 [721]
3134 1657 3364 1723 οἴκοθεν,
3393 1656 3521 1712 ἀλλν

1937 1747 2043 1800 ὑπὸ
2083 1746 2191 1802 τῶν
2221 1747 2472 1819 ὁρώντων
2506 1747 2772 1803 ἐλεεῖσθαι
2801 1749 3017 1803 δύναιτο
3044 1749 3112 1803 ἂν
3152 1752 3231 1813 εἰς
3256 1749 3316 1803 τὸ
3348 1749 3522 1819 μέσον

1936 1839 2297 1911 προκείμενος
2316 1856 2330 1871 ·
2362 1839 2537 1911 τούτῳ
2561 1840 2619 1893 δέ
2659 1840 2729 1893 τά
2755 1841 3130 1912 προειρημένα
3165 1839 3315 1893 δεινά
3356 1839 3524 1910 χαλευ

1939 1928 2160 2001 πώτερα
2183 1929 2357 1982 ἐποίει
2390 1929 2639 1997 γίνεσθαι
2672 1929 2782 1981 τῶν
2826 1929 3290 1999 προστησομένων
3318 1930 3355 1999 ή
3386 1929 3522 1999 ἐρη-

1941 2021 2077 2091 μία·
2116 2021 2211 2074 καὶ
2246 2020 2418 2092 αὐτὴν
2463 2020 2668 2091 ταύτην
2708 2020 2870 2075 πάλιν
2920 2020 3309 2090 χαλεπωτέραν
3340 2022 3441 2072 ἐπο
3500 2044 3509 2054 -

1940 2113 2224 2181 φαίνεσθαι
2241 2112 2304 2166 rb
2329 2114 2388 2167 ἐν
2408 2113 2613 2167 πυλῶνι
2642 2112 2855 2167 κεῖσθαι
2879 2112 2973 2165 τοῦ
3007 2112 3281 2165 πλουσίου.
3319 2112 3385 2165 Εἰ
3416 2112 3524 2180 μὲν

1938 2202 2050 2275 γὰρ
2078 2204 2172 2256 ἐπὶ
2192 2202 2294 2272 τῆς
2309 2204 2520 2275 ἐρήμου
2542 2203 2635 2257 καὶ
2657 2204 2754 2274 τῆς
2775 2202 3033 2273 ἀοικήτου
3059 2203 3331 2271 κείμενος,
3361 2199 3515 2253 ταῦτ’

1942 2293 2144 2364 ἔπασχε
2193 2296 2289 2347 καὶ
2327 2296 2672 2367 παρεωρᾶτο,
2718 2295 2818 2347 οὐκ
2858 2292 2926 2348 ἂν
2975 2292 3148 2356 οὕτως
3183 2292 3423 2363 ήλγησε·
3455 2291 3524 2343 rb

1940 2383 2050 2454 γὰρ
2084 2383 2290 2455 μηδένα
2314 2387 2566 2455 παρεῖναι
2611 2384 2704 2438 καὶ
2742 2385 2945 2438 ἄκοντα
3001 2382 3188 2453 φέρειν
3219 2379 3403 2436 ἐπειθε
3445 2380 3523 2432 τά

1944 2478 2309 2547 συμϐαίνοντα
2336 2476 2363 2516 ἀ
2384 2494 2399 2509 ⁸
2421 2478 2482 2532 rb
2507 2478 2565 2531 δὲ
2591 2480 2650 2531 ἐν
2674 2478 2825 2549 μέσῳ
2850 2476 3118 2532 τοσούτων
3144 2475 3397 2547 κείμενον
3422 2491 3521 2545 μευ

1943 2568 2198 2631 θυόντων,
2226 2568 2662 2641 εὐημερούντων,
2685 2568 2837 2642 παρά
2868 2569 3095 2639 μηδενὸς
3128 2567 3265 2639 μηδέ
3292 2566 3393 2636 τῆς
3420 2581 3522 2617 τυ-

1943 2659 2143 2731 χούσης
2166 2662 2484 2731 ἐπιμελείας
2508 2662 2798 2731 τυγχάνειν
2814 2702 2828 2727 ,
2854 2660 3188 2731 δριμυτέραν
3212 2658 3384 2714 ἐποίει
3407 2655 3522 2709 τῶν

1942 2749 2143 2803 ὀδυνῶν
2173 2750 2417 2818 γίνεσθαι
2449 2751 2550 2822 τὴν
2584 2751 2854 2821 αἴσθησιν,
2875 2749 2970 2802 καὶ
3005 2748 3103 2820 τὴν
3141 2748 3380 2818 ἀθυμίαν
3434 2745 3522 2810 ἐξ-

1946 2840 2095 2895 έκαιε
2116 2840 2339 2912 μᾶλλον.
2358 2842 2432 2894 υύ
2456 2840 2566 2912 γάρ
2581 2841 2752 2904 οὕτως
2768 2840 3016 2893 ἀπόντων
3030 2839 3139 2891 τῶν
3157 2836 3516 2908 βοηθούντων,

1944 2931 2019 2995 ὡς
2054 2932 2337 3003 παρόντων
2395 2933 2511 3003 μὲν,
2568 2933 2670 2985 οὐκ
2701 2932 2993 2985 ἐθελόντων
3026 2930 3081 2983 δὲ
3117 2930 3304 3001 ὀρέξαι
3337 2930 3516 2999 χεῖρα,

1945 3022 2234 3078 δάκνεσθαι
2266 3023 2589 3093 πεφύκαμεν
2616 3026 2673 3077 ἐν
2700 3026 2822 3086 ταῖς
2852 3023 3159 3093 συμφοραῖς
3183 3037 3197 3051 ·
3245 3021 3383 3090 ὅπερ
3426 3014 3522 3070 οὖν

1946 3118 2196 3178 κάκεῖνος
2242 3116 2363 3169 τότε
2421 3114 2677 3185 ἔπασχεν.
2713 3115 2901 3179 Οὐδεὶς
2940 3113 3049 3184 γὰρ
3090 3109 3179 3183 ἦν.
3206 3111 3305 3180 οὐχ
3326 3112 3355 3164 ό
3379 3108 3524 3181 λόγῳ

1948 3205 2307 3279 παρακαλῶν,
2331 3205 2426 3275 οὐχ
2456 3207 2485 3259 ὁ
2512 3204 2656 3276 ἔργῳ
2699 3203 3214 3275 παραμυθούμενος,
3252 3201 3312 3253 οὐ
3348 3199 3527 3269 φίλω..

1948 3302 2009 3355 οὐ
2035 3300 2250 3369 γείτων,
2283 3299 2345 3351 οὐ
2376 3297 2660 3369 συγγενής,
2688 3299 2750 3350 οὐ
2777 3296 2887 3350 τῶν
2919 3296 3168 3367 δρώντων
3190 3293 3385 3359 οὐδεὶς,
3414 3294 3524 3352 πάι·

1952 3407 2052 3462 σης
2082 3388 2184 3461 τῆς
2214 3389 2312 3443 τοῦ
2344 3388 2596 3442 πλουσίου
2626 3386 3026 3459 διεφθαρμένης
3054 3386 3252 3450 οἰκίας.

2024 3530 2205 3588 ι’.¹Ἐτι
2231 3534 2367 3606 πρὸς
2386 3533 2598 3597 τούτοις
2618 3532 2814 3604 ἐτέραν
2830 3530 2978 3602 αὐτῷ
2997 3530 3316 3602 προσθήκην
3334 3528 3537 3601 ὀδύνης

1951 3627 2183 3681 ἐνεποίει
2205 3628 2267 3680 rb
2290 3628 2383 3681 καὶ
2412 3627 2595 3699 ἕτερον
2615 3624 2996 3698 εὐπραγοῦντα
3018 3627 3150 3698 δρᾷν
3167 3641 3183 3657 ·
3213 3626 3314 3679 οὐκ
3338 3624 3538 3702 ἐπειεὴ

1954 3720 2221 3790 βάσκανος
2260 3716 2328 3792 ῆν
2375 3721 2471 3773 καὶ
2503 3718 2759 3793 πονηρὸς,
2813 3718 2929 3771 ἀλλ’
2975 3716 3162 3788 ἐπειδὴ
3202 3716 3537 3788 πεφύκαμεν,

1955 3813 2190 3875 ἅπαντες
2220 3813 2278 3864 ἐν
2299 3814 2420 3875 ταῖς
2442 3810 2647 3881 ἐτέρων
2672 3810 2992 3882 εὐημερίαις
3018 3808 3405 3880 ἀκριϐέστερον
3429 3808 3537 3878 τὶς

1953 3905 2160 3968 οἰκείας
2182 3904 2617 3975 καταμανθάνειν
2649 3904 2959 3976 συμφοράς.
3000 3903 3123 3956 Ἐπὶ
3153 3903 3211 3955 δέ
3243 3901 3337 3955 τοῦ
3368 3902 3540 3955 πλούιι.

1957 3996 2071 4050 σίου
2124 3995 2219 4050 καὶ
2249 3996 2432 4065 μεῖζον
2466 3996 2674 4067 προσῆν
2711 3994 2860 4067 αὐτῷ
2901 3995 3087 4065 ἕτερον
3120 3994 3179 4047 rb
3233 3993 3541 4064 δυνάμενοῆ

1955 4088 2117 4143 αὐτὸν
2136 4088 2341 4143 δακεῖν.
2368 4088 2444 4141 Οὐ
2467 4088 2575 4160 γὰρ
2607 4088 2671 4159 δὴ
2713 4088 2870 4159 μόνον
2909 4089 3031 4150 ταῖς
3070 4086 3390 4157 εὐημερίαις
3410 4088 3533 4149 ταῖς

1957 4180 2165 4235 ἐκείνου
2200 4180 2508 4252 συγκρίνων
2536 4180 2633 4253 τὴν
2672 4177 2867 4233 ἐαυτοῦ
2895 4178 3271 4250 δυσπραγίαν,
3309 4177 3540 4247 μείζονα

1955 4275 2056 4345 τὴν
2094 4272 2343 4343 αἴσθησιν
2366 4272 2635 4344 ἐλάμϐανε
2665 4272 2773 4327 τῶν
2802 4272 3019 4325 οἰκείων
3043 4269 3248 4331 κακῶν,
3280 4268 3415 4323 ἀλλά
3440 4267 3542 4329 καὶ

1957 4369 2325 4439 λογιζόμενος,
2372 4366 2453 4421 ὃτι
2481 4367 2511 4421 ὁ
2544 4369 2641 4439 μέν
2670 4368 2788 4438 μετ’
2809 4365 3092 4439 ὠμότητος
3120 4367 3215 4419 καὶ
3246 4363 3541 4434 ἀπανθρως

1959 4462 2089 4524 πίας
2118 4461 2247 4525 ζῶν,
2276 4463 2335 4514 ἐν
2364 4460 2568 4515 ἀπασιν
2591 4460 2893 4525 εὐοδοῦται,
2909 4453 3065 4523 οὗτος
3086 4458 3142 4518 δὲ
3175 4456 3314 4528 μετά
3333 4455 3535 4532 ἀρετῆς

1959 4551 2055 4605 καὶ
2086 4550 2387 4616 ἐπιεικείας
2419 4549 2489 4603 τά
2532 4549 2736 4619 ἔσχατα
2794 4550 2992 4619 πάσχει
3031 4546 3220 4601 δεινάκ
3245 4545 3340 4599 καὶ
3383 4544 3545 4602 ἐνθεν.

1960 4636 2392 4709 ἀπαραμύθητον
2424 4637 2522 4709 τὴν
2568 4637 2800 4708 ἀθυμίαν
2830 4636 2989 4692 πάλιν
3015 4636 3305 4707 ὑπέμενεν.
3336 4634 3397 4687 Εἰ
3428 4633 3544 4705 γὰρ

1960 4729 2167 4795 δίκαιος
2193 4728 2283 4803 ῆν,
2309 4733 2357 4785 εί
2383 4731 2491 4801 γὰρ
2507 4731 2782 4801 ἐπιεικὴς,
2799 4732 2846 4784 εί
2870 4730 2978 4802 γὰρ
3001 4728 3312 4801 θαυμαστὸς
3327 4727 3356 4780 ὁ
3376 4728 3541 4801 ἀνὴρ,

1963 4824 2014 4876 εἰ
2041 4822 2149 4893 γάρ
2178 4822 2359 4892 πάσης
2388 4823 2576 4892 γέμων
2607 4822 2828 4894 ἀρετῆς,
2854 4822 2953 4875 οὐκ
2984 4822 3048 4876 ἂν
3080 4821 3250 4881 αὐτὸν.
3272 4820 3541 4893 ἐλύπησεο·

1963 4917 2080 4970 νυνὶ
2108 4916 2165 4969 δέ
2194 4916 2290 4970 καὶ
2323 4914 2558 4986 πονηρία
2585 4913 2782 4979 συζῶν,
2815 4913 3069 4985 καὶπρὸς
3087 4912 3315 4989 ἔσχατον
3341 4912 3544 4983 κακίας

1965 5008 2273 5080 ἐληλακὼς,
2307 5008 2403 5062 καὶ
2425 5006 2703 5073 τοσαύτην
2738 5006 3135 5079 ἀπανθρωπίαν
3162 5005 3543 5077 ἐπιδεικνύμεη

1964 5118 2072 5165 νος,
2102 5101 2197 5155 καὶ
2224 5099 2293 5153 τά
2317 5098 2425 5152 τῶν
2448 5097 2661 5170 ἐχθρῶν
2682 5097 2860 5152 αὐτῶν
2894 5096 3211 5164 οδιατιθεὶς,
3235 5100 3329 5157 καὶ
3350 5095 3546 5168 ὥσπερ

1964 5192 2110 5246 λίθον
2142 5192 2304 5247 αὐτὸν
2354 5191 2716 5265 παρατρέχων
2752 5189 3121 5261 ἀναισχύντως
3149 5189 3245 5244 καὶ
3288 5187 3543 5255 ἀνιλέως,

1968 5284 2060 5339 καὶ
2089 5285 2229 5355 μετὰ
2248 5284 2422 5339 ταῦτα
2450 5283 2626 5338 πάντα
2647 5283 2914 5355 τοσαύτης
2938 5280 3229 5337 ἀπολαύων
3253 5279 3541 5355 εὐπορίαςα

2035 5571 2058 5635 ξ
2086 5567 2420 5635 ᾼιίίγεῑβενὶι.
2440 5567 2493 5615 in
2518 5578 2669 5635 marg.
2692 5564 2873 5635 καὶτὸν
2894 5563 3029 5635 λιμδν
3052 5561 3239 5635 καίει-ἠν
3256 5560 3545 5635 Win.

2015 5630 2061 5706 ἀἱ
2083 5632 2234 5679 Savil.
2260 5632 2309 5679 in
2335 5643 2487 5690 marg.
2514 5631 2574 5677 τὰ
2598 5627 2942 5688 συμπίπτοντα.
2966 5627 3152 5686 aliquot
3188 5638 3302 5676 mss.
3326 5627 3390 5677 τὰ
3425 5637 3548 5685 συνε-

1972 5695 2001 5741 c
2036 5710 2223 5804 ngxn.
2248 5755 2299 5802 in
2324 5757 2463 5801 lexlu
2485 5756 2537 5799 el
2555 5750 2749 5809 qundam
2771 5750 2851 5799 a!ii
2871 5748 3027 5799 αὐτόν.
