3862 6228
210 364 311 419 αττ

207 471 599 537 misericordia,
622 466 851 535 denique
866 476 1025 533 super
1046 460 1161 514 hate
1187 456 1386 520 omnia,
1410 463 1552 508 tanta
1577 455 1786 523 ponens

209 581 388 622 rerum
417 564 594 632 copia,
621 559 794 628 cogita
819 569 978 625 quam
1011 549 1285 621 probabile
1323 551 1416 612 sit,
1445 545 1590 598 velut
1618 542 1784 596 alter-

205 660 292 712 nis
322 631 566 710 ﬂuctibus
595 650 900 704 demersum
927 641 1174 713 pauperis
1201 638 1434 693 animum
1469 634 1658 690 fuisse.
1685 631 1788 687 Co-

209 758 317 815 gita
360 745 586 816 qualiter
613 740 861 795 affectum
889 735 1058 791 fuisse
1083 733 1339 788 Lazarum
1374 735 1790 783 consentaneum

207 844 300 904 sit,
322 854 442 894 cum
461 835 668 891 videret
697 830 978 902 parasitos,
999 827 1322 890 adulatores,
1349 820 1572 874 famulos
1601 831 1788 872 ascen-

207 938 416 993 dentes,
445 923 864 986 descendentes,
895 917 1250 989 egredientes,
1279 911 1656 982 ingredientes,
1684 906 1794 962 cir-

209 1027 630 1079 euincursantes,
665 1012 1070 1070 tumultuantes,
1094 1005 1289 1071 ebrios,
1321 1003 1598 1064 salientes,
1631 1012 1791 1054 omne

213 1113 440 1167 lascivia:
459 1125 627 1181 genus
645 1105 955 1162 exhibentes
971 1100 1148 1172 :quasi
1165 1098 1306 1152 enim
1333 1102 1550 1166 propter
1577 1092 1679 1146 hoc
1698 1105 1793 1146 ve-

213 1204 399 1267 nisset,
418 1209 476 1254 ut
497 1206 640 1254 esset
663 1197 958 1251 alienorum
979 1193 1238 1248 bonorum
1270 1187 1442 1251 testis,
1461 1186 1532 1239 ita
1551 1185 1606 1238 in
1629 1183 1793 1236 vesti-

213 1296 341 1352 bulo
366 1293 633 1364 projectus
653 1299 784 1353 erat,
802 1287 978 1343 solum
994 1284 1114 1340 vitae
1133 1290 1338 1337 tantum
1364 1279 1594 1345 habens,
1617 1284 1675 1331 ut
1695 1289 1791 1330 sua

210 1388 354 1444 mala
374 1385 572 1440 sentire
598 1391 795 1458 posset,
819 1381 870 1434 in
897 1385 1050 1449 portu
1075 1375 1273 1430 faciens
1300 1369 1650 1441 naufragium,
1667 1366 1794 1438 jus-

216 1489 267 1533 la
288 1480 317 1532 f.
343 1487 484 1532 ntem
514 1472 890 1528 molestissima
916 1468 1005 1524 siti
1032 1464 1382 1520 discruciatus
1407 1461 1614 1514 animo.

288 1569 637 1634 Prooerbium,
664 1566 718 1618 in
746 1571 893 1634 portu
916 1557 1339 1631 naufragium.—
1358 1553 1544 1607 Dicam
1570 1557 1625 1604 et
1648 1545 1794 1602 aliud

213 1660 482 1733 quoddam
504 1667 700 1728 prmter
721 1656 833 1709 haec
853 1651 1049 1707 malum
1069 1667 1082 1703 :
1109 1663 1213 1702 non
1233 1653 1437 1716 poterat
1452 1643 1680 1697 alterum
1707 1640 1796 1693 vi-

217 1757 348 1812 dere
387 1755 666 1809 Lazarum.
708 1748 839 1804 Nam
870 1760 968 1802 nos
1000 1741 1206 1799 etiamsi
1234 1741 1510 1794 innumera
1535 1735 1797 1804 patiamur

219 1847 381 1910 mala,
405 1845 659 1899 habemus
680 1849 854 1894 tamen
883 1835 951 1890 ad
973 1835 1118 1889 illum
1140 1838 1464 1902 spectantes,
1485 1824 1628 1882 unde
1647 1821 1796 1878 suffi-

217 1938 446 1992 cientem
471 1932 792 2002 accipiamus
811 1924 1246 1984 consolationem,
1276 1929 1631 1988 magnumque
1658 1912 1800 1968 fera-

218 2041 341 2082 mus
370 2023 624 2079 molestiae
651 2020 1074 2075 delinimentum.
1118 2012 1250 2068 Nam
1291 2009 1552 2064 malorum
1583 2013 1794 2060 nostro-

219 2133 338 2174 rum
380 2115 611 2185 reperire
638 2118 949 2176 consortes,
976 2106 1088 2161 sive
1117 2103 1169 2158 in
1200 2101 1372 2165 factis,
1403 2099 1516 2154 sive
1545 2097 1598 2151 in
1618 2095 1796 2160 dictis,

223 2211 448 2265 multum
476 2206 632 2261 all‘ert
664 2201 835 2258 solatii
864 2197 1187 2271 lugentibus.
1216 2193 1310 2249 lllc
1357 2205 1486 2247 vero
1528 2188 1797 2244 neminem

219 2302 383 2356 alium
408 2297 652 2359 habebat,
670 2292 734 2347 ad
753 2306 912 2362 quem
939 2287 1229 2357 respiceret
1243 2282 1428 2357 eadem
1443 2295 1563 2336 cum
1581 2278 1668 2333 illo
1688 2291 1802 2347 pas-

222 2409 364 2457 sum,
394 2391 500 2444 imo
528 2403 596 2443 ne
618 2386 802 2440 audire
826 2383 1038 2453 quidem
1065 2387 1273 2450 poterat
1298 2376 1366 2431 de
1390 2387 1680 2446 quoquam,
1707 2370 1798 2441 qui

224 2483 484 2554 majorum
509 2480 673 2550 ipsius
690 2487 844 2532 aetate
863 2485 969 2530 tam
988 2471 1180 2528 acerba
1200 2469 1558 2526 sustinuisset.
1580 2464 1692 2520 Hoc
1707 2478 1802 2518 au-

225 2585 333 2630 tem
350 2573 476 2627 satis
493 2580 573 2626 est
593 2569 658 2624 ad
685 2566 1041 2623 inducendum
1061 2563 1241 2618 animo
1259 2560 1561 2631 caliginem.
1575 2557 1800 2613 Possum

225 2661 436 2720 etaliud
471 2661 552 2716 his
571 2657 816 2714 omnibus
841 2653 1059 2721 addere,
1084 2651 1332 2707 videlicet
1359 2648 1500 2720 quod
1529 2663 1598 2703 ne
1623 2647 1692 2702 de
1716 2661 1804 2701 re-

226 2753 552 2810 surrectione
585 2749 797 2818 quidem
827 2745 1114 2815 quidquam
1145 2741 1377 2804 noluerit
1400 2737 1761 2811 phiIOSOphari
1781 2776 1800 2806 ,

230 2845 322 2905 sed
353 2845 506 2913 hujus
529 2843 651 2896 vita:
681 2856 763 2894 res
791 2837 1036 2894 crederet
1059 2834 1214 2905 hujus
1233 2833 1355 2888 vita:
1378 2832 1483 2886 fine
1503 2829 1797 2885 terminari.

228 2937 356 2992 Erat
383 2934 526 2989 enim
552 2947 618 2987 ex
644 2944 829 2986 eorum
860 2940 1085 2982 numero
1104 2965 1119 2990 ,
1154 2925 1243 2995 qui
1271 2921 1492 2992 gratiam
1530 2919 1802 2989 Evangelii

155 3059 162 3064 -
236 3029 642 3094 prmcesseruttt.
670 3019 820 3088 Quod
850 3017 896 3072 si
917 3031 1056 3072 nunc
1082 3014 1164 3069 his
1190 3011 1513 3082 temporibus
1536 3019 1655 3080 post
1680 3017 1803 3062 tan-

229 3127 337 3170 tam
361 3115 450 3170 Dei
467 3113 842 3184 cognitionem,
856 3118 977 3180 post
990 3106 1226 3178 egregias
1238 3103 1640 3160 resurrectionis
1657 3114 1800 3172 spes,

232 3214 352 3277 post
393 3205 500 3260 illic
527 3203 754 3273 reposita
793 3197 1134 3271 peccantibus
1159 3195 1437 3266 supplicia,
1469 3200 1588 3263 post
1622 3201 1804 3261 parata

231 3300 296 3353 iis
335 3299 420 3367 qui
451 3305 595 3350 recte
621 3296 869 3348 vixerunt
896 3293 1054 3353 bona,
1100 3287 1235 3342 adeo
1275 3283 1496 3354 dejectis
1522 3283 1714 3337 animis
1740 3295 1806 3337 ac

232 3388 443 3444 miseris
471 3395 594 3441 sunt
616 3384 875 3448 nonnulli,
906 3391 964 3436 ut
993 3396 1060 3435 ne
1081 3379 1269 3433 horum
1297 3375 1512 3447 quidem
1534 3381 1805 3443 exspecta-

233 3484 379 3537 tione
404 3480 776 3548 corrigantur;
803 3473 930 3545 quid
957 3471 1168 3527 tandem
1195 3478 1277 3525 est
1303 3467 1589 3538 putandum
1620 3466 1696 3520 illi
1717 3480 1808 3519 ac-

230 3572 445 3638 cidisse,
497 3570 656 3624 etiam
709 3567 808 3620 hac
835 3563 1086 3620 destituto
1133 3559 1365 3615 ancora?
1405 3557 1534 3612 Nam
1565 3557 1656 3612 ille
1703 3555 1807 3611 tale

234 3663 364 3719 nihil
391 3675 638 3730 umquam
683 3655 1042 3728 philosojihari
1074 3654 1263 3721 potuit,
1289 3665 1354 3705 eo
1383 3649 1526 3720 quod
1570 3647 1806 3702 nondum

233 3752 537 3808 advenisset
577 3757 786 3820 tempus
828 3745 1087 3815 ejusmodi
1133 3743 1458 3812 dogmatum.
1491 3739 1572 3794 Ad
1603 3739 1718 3794 bace
1753 3746 1810 3793 et

233 3843 376 3902 aliud
395 3841 642 3912 quiddam
672 3838 914 3902 accessit,
946 3836 1086 3907 quod
1113 3845 1166 3890 et
1192 3834 1330 3890 fama
1360 3833 1525 3904 ipsius
1547 3831 1686 3902 apud
1706 3831 1806 3886 ho-

235 3932 408 3987 mines
437 3930 769 4000 impudentes
800 3926 1183 3982 traduceretur.

309 4021 583 4077 Catamitus
607 4019 734 4090 facit
754 4019 1022 4073 obnoxium
1046 4014 1320 4086 suspicioni
1338 4013 1562 4067 malitia.
1581 4011 1810 4068 —Solet

234 4116 380 4172 enim
427 4114 698 4175 hominum
731 4112 939 4180 vulgus,
990 4108 1078 4163 ubi
1123 4121 1258 4177 quos
1300 4105 1531 4160 viderint
1572 4105 1625 4159 in
1673 4104 1810 4159 fame

237 4216 597 4278 perpetuoque
639 4203 825 4258 morbo
866 4211 920 4256 et
959 4199 1211 4256 extremis
1235 4206 1450 4267 agentes
1492 4195 1664 4262 malis,
1711 4209 1810 4249 nec

236 4299 542 4369 opinionem
573 4295 640 4350 de
668 4295 746 4350 eis
773 4293 971 4348 habere
1001 4292 1213 4355 bonam,
1241 4287 1335 4344 sed
1361 4303 1424 4342 ex
1453 4287 1564 4356 ipsa
1591 4285 1808 4339 calami-

239 4400 350 4444 tate
377 4387 643 4442 testimarc
671 4385 850 4447 vitam,
877 4392 930 4437 et
954 4381 1172 4436 omnino
1193 4378 1433 4448 judicare
1463 4376 1580 4431 illos
1600 4375 1668 4430 ob
1698 4389 1811 4428 ma-

239 4479 406 4533 litiam
433 4476 509 4531 sic
551 4474 750 4546 afﬂigi:
792 4473 999 4542 aliaque
1029 4470 1187 4524 multa
1216 4467 1373 4537 hujus
1411 4466 1622 4537 generis
1674 4465 1812 4520 inter

237 4585 302 4626 se
330 4569 635 4638 loquuntur,
666 4564 824 4618 stulte
863 4561 1074 4633 quidem
1125 4559 1224 4625 illi,
1267 4558 1557 4628 loquuntur
1590 4565 1765 4610 tamen
1794 4571 1809 4609 :

237 4659 328 4715 hic
371 4658 415 4712 si
467 4657 575 4710 Deo
599 4670 753 4709 carus
777 4661 938 4715 esset,
969 4663 1299 4721 nequaquam
1331 4647 1502 4718 ipsum
1533 4646 1586 4700 in
1634 4645 1814 4715 hujus-

237 4747 382 4803 modi
414 4745 567 4800 malis
592 4759 711 4799 esse
755 4749 1039 4812 pateretur.
1072 4739 1182 4793 Hoc
1209 4747 1262 4793 et
1285 4738 1336 4792 in
1361 4737 1462 4792 Job
1490 4744 1543 4791 et
1569 4736 1621 4790 in
1647 4735 1814 4790 Paulo

240 4857 340 4893 ttstl
363 4839 526 4892 venit.
556 4837 687 4892 Nam
716 4845 769 4891 et
798 4835 867 4888 illi
890 4833 1137 4888 dicebant
1163 4849 1176 4884 :
1207 4829 1396 4883 Nonne
1420 4833 1702 4902 frequenter
1725 4826 1815 4880 tibi

237 4934 431 4986 dictum
459 4941 530 4984 est
559 4930 612 4982 in
653 4928 844 4993 labore,
875 4928 970 4980 vim
999 4935 1165 4977 autent
1192 4907 1451 4977 uerborum
1479 4929 1680 4974 tuorum
1699 4918 1813 4986 quis

236 5022 502 5079 sustinebit
525 5020 551 5074 γ
579 5018 640 5075 Si
669 5018 800 5072 enim
830 5027 880 5070 tu
911 5016 1178 5071 erudiisses
1201 5012 1406 5075 multos,
1445 5019 1493 5064 et
1515 5025 1698 5063 manus
1735 5009 1817 5062 in-

239 5117 417 5184 ﬁrmas
445 5111 733 5166 consolatus
761 5125 910 5174 esses,
952 5118 999 5162 et
1029 5123 1112 5160 eos
1136 5105 1221 5176 qui
1245 5101 1634 5172 inﬁrmabantttr
1657 5099 1817 5154 verbis

239 5210 504 5268 erexisses,
525 5205 827 5274 genibusque
849 5199 1065 5269 inﬁrmis
1086 5198 1366 5252 addidisses
1387 5194 1626 5264 ﬁduciam
1645 5208 1663 5248 :
1682 5208 1817 5246 nunc

240 5313 363 5353 vero
408 5296 627 5366 pervenit
655 5295 706 5348 in
734 5304 781 5348 te
809 5292 970 5355 labor,
1000 5299 1054 5344 tu
1080 5305 1194 5344 vero
1220 5287 1426 5342 curasti.
1477 5283 1664 5340 Nonne
1703 5293 1817 5338 tuus

239 5393 394 5443 timor
416 5398 488 5442 cst
512 5387 562 5440 in
589 5385 801 5440 stultitia
821 5381 964 5453 (Job.
991 5382 1044 5436 4.
1065 5381 1119 5434 2.
1150 5380 1208 5448 6)
1230 5380 1254 5433 Ἰ
1275 5378 1472 5433 Horum
1497 5383 1673 5430 autem
1693 5389 1812 5428 ver-

241 5481 434 5533 borum
479 5477 564 5531 hic
593 5490 782 5531 sensus
825 5481 907 5528 est
933 5491 947 5526 :
974 5473 1018 5528 si
1048 5471 1172 5542 quid
1202 5470 1312 5536 tibi,
1341 5469 1532 5541 inquit,
1558 5467 1715 5522 bona:
1739 5466 1817 5520 rei

242 5580 454 5640 gestum
483 5567 686 5628 fuisset,
721 5565 1124 5634 haudquaquam
1153 5562 1248 5615 ista
1274 5558 1553 5630 patereris,
1581 5555 1676 5612 sed
1698 5570 1824 5626 pce-

243 5669 486 5714 catorum
516 5667 571 5713 et
597 5655 892 5726 iniquitatis
934 5653 1035 5708 luis
1058 5666 1264 5722 pennas.
1299 5650 1369 5705 Et
1392 5649 1495 5705 hoc
1521 5655 1641 5704 erat
1678 5645 1820 5716 quod

243 5752 476 5808 maxime
505 5747 781 5805 mordebat
807 5746 1040 5801 animum
1066 5743 1186 5800 Job.
1216 5744 1290 5799 Ac
1319 5743 1387 5799 de
1411 5740 1575 5797 Paulo
1611 5735 1822 5796 barbari

1455 343 1540 398 DE
1580 337 1850 395 LAZARO
1886 332 2127 390 CONCIO
2164 331 2213 386 l.

3367 316 3466 372 378

1896 443 1998 497 hoc
2040 443 2210 512 ipsum
2255 438 2539 494 dicebant:
2586 449 2705 489 cum
2753 431 2895 487 enim
2947 431 3183 485 viderent
3234 429 3475 498 viperam

1895 532 2214 604 pendentem
2244 529 2312 588 de
2357 544 2516 583 manu
2565 527 2727 589 illius,
2760 524 2887 579 nihil
2919 523 3040 578 boui
3083 523 3150 576 de
3178 521 3268 576 illo
3295 521 3471 589 suspi-

1892 625 2172 688 cabantur,
2219 621 2313 676 sed
2358 620 2735 676 existimabant
2764 634 2884 673 eum
2917 617 3187 672 hominem
3235 631 3356 671 esse
3402 615 3471 669 de

1894 732 2116 772 numero
2142 731 2349 779 eorum,
2380 715 2469 785 qui
2499 723 2733 768 extrema
2763 720 3133 782 perpetrarunt
3161 710 3383 764 scelera.
3419 709 3470 762 ld

1897 810 2230 879 perspicuum
2260 817 2342 862 est
2361 823 2426 862 ex
2450 807 2532 860 his
2550 823 2669 876 qua:
2693 805 2980 860 dicebant:
3008 802 3184 870 Hunc,
3209 803 3472 872 inquiunt,

1893 917 1924 952 a
1950 899 2078 953 mari
2099 907 2371 963 servatum,
2395 899 2521 951 ultio
2544 914 2644 950 non
2669 914 2818 966 passa
2839 905 2911 950 est
2937 896 3098 950 vivere
3115 895 3251 967 (Act.
3274 895 3363 948 28.
3392 895 3469 965 4).

1895 991 2008 1046 Hoc
2043 1001 2221 1046 autem
2255 1006 2360 1044 non
2406 989 2746 1044 mediocriter
2773 1003 2872 1043 nos
2905 1003 3116 1058 quoque
3153 988 3473 1042 conturbare

1893 1083 2189 1137 consuevit.
2240 1083 2490 1137 Attamen
2539 1097 2658 1135 cum
2705 1081 2893 1136 fluctus
2919 1090 3099 1136 essent
3139 1091 3245 1134 tam
3295 1081 3469 1144 multi,

1897 1176 2235 1245 vicissimque
2285 1175 2373 1229 alii
2423 1189 2581 1244 super
2625 1174 2755 1228 alios
2785 1173 2933 1227 illum
2979 1174 3318 1244 impetereut,
3366 1189 3474 1228 non

1897 1277 2069 1320 tamen
2100 1266 2402 1320 demersum
2433 1273 2517 1320 cst
2544 1265 2829 1334 navigium,
2861 1264 2955 1320 sed
2986 1263 3225 1333 perinde,
3258 1279 3321 1319 ac
3347 1263 3389 1327 si
3421 1264 3473 1314 in

1899 1356 2111 1411 fornace
2154 1360 2359 1426 positus
2398 1357 2556 1412 veluti
2606 1367 2861 1426 perpetuo
2899 1372 3024 1412 rore
3069 1355 3476 1421 refocillaretur,

1898 1448 1968 1503 ita
2003 1449 2496 1518 philosophabatur.

1971 1540 2056 1594 11.
2093 1538 2418 1593 Proverbium
2457 1539 2701 1608 impium,
2728 1540 2866 1610 quod
2911 1539 3129 1610 explicat
3173 1540 3472 1612 σὴν-νεοπο-

1897 1646 2030 1685 mus.
2056 1660 2129 1670 —
2154 1629 2270 1686 Non
2301 1631 2442 1685 enim
2482 1631 2695 1687 dicebat
2721 1633 2859 1702 apud
2888 1648 3006 1688 sese
3035 1633 3321 1704 quidquam
3351 1635 3474 1698 tale,

1896 1719 2054 1789 quale
2078 1719 2261 1790 vulgus
2288 1720 2466 1776 dicere
2492 1723 2775 1778 verisimile
2814 1733 2896 1778 est
2928 1742 2940 1776 :
2973 1725 3071 1779 iste
3092 1725 3240 1780 dives
3262 1727 3306 1781 si
3336 1742 3476 1781 mor-

1899 1819 2020 1867 tuus
2068 1812 2176 1867 illic
2221 1814 2436 1883 punitur
2481 1814 2676 1884 datque
2719 1831 2922 1885 poenas,
2963 1833 3123 1872 unum
3174 1818 3368 1874 factum
3395 1829 3479 1875 est

1901 1918 2104 1956 unum:
2134 1905 2177 1958 si
2220 1919 2348 1960 vero
2395 1905 2503 1960 illic
2549 1907 2735 1962 iisdem
2777 1911 2976 1978 potitur
3015 1909 3324 1978 honoribus,
3369 1913 3478 1967 duo

1901 1993 2036 2048 facta
2062 2007 2186 2050 sunt
2215 1997 2364 2051 nihil.
2394 1999 2584 2053 Annon
2612 2000 2724 2054 haec
2754 2015 2848 2070 per
2868 2001 2980 2055 fora
3003 2003 3355 2059 circumfertis
3383 2021 3478 2060 vos

1902 2087 2160 2156 plerique,
2191 2103 2259 2143 ex
2301 2089 2449 2143 circo
2491 2091 2793 2162 exterisque
2837 2091 3057 2148 theatris
3099 2095 3152 2148 in
3185 2095 3476 2151 Ecclesium

1905 2178 2295 2247 importantes?
2324 2180 2491 2236 Pudet
2521 2198 2606 2237 me
2633 2183 2846 2252 quidem
2875 2201 2937 2239 ac
2961 2186 3156 2242 rubore
3180 2187 3477 2254 sull‘nndor,

1904 2269 1991 2338 qui
2023 2271 2143 2324 talia
2173 2271 2334 2326 verba
2381 2273 2433 2326 in
2479 2274 2712 2330 medium
2755 2277 3050 2346 proferam,
3083 2279 3182 2333 nisi
3211 2280 3349 2350 quod
3382 2297 3481 2335 ne-

1903 2376 2053 2417 cesse
2079 2373 2160 2417 est
2187 2362 2303 2417 hmo
2328 2362 2528 2428 dicere,
2560 2374 2616 2420 ut
2639 2379 2732 2420 vos
2754 2382 2785 2422 a
2814 2368 2922 2422 risu
2947 2368 3320 2439 incomposito,
3357 2388 3479 2441 pro-

1905 2451 2020 2518 hro,
2071 2462 2124 2508 et
2153 2453 2385 2523 pernicie
2429 2455 2616 2508 horum
2653 2456 2935 2512 verborum
2980 2459 3258 2530 noxiisque
3303 2461 3484 2516 verbis

1905 2544 2225 2598 liberemiui.
2269 2543 2394 2599 ﬂare
2435 2545 2581 2599 multi
2630 2546 2934 2617 frequenter
2973 2547 3155 2604 dicunt
3198 2551 3479 2606 ridentes:

1905 2648 2086 2686 verum
2113 2633 2214 2687 hoc
2237 2649 2451 2704 quoque
2472 2635 2747 2691 diabolicae
2769 2639 3018 2693 versutia:
3036 2648 3139 2704 est,
3164 2639 3285 2695 loco
3305 2641 3478 2696 dicto-

1905 2738 2021 2776 rum
2049 2723 2280 2776 civilium
2309 2733 2362 2778 et
2393 2725 2716 2780 urbanorum
2767 2727 3062 2796 perniciosa
3110 2728 3164 2784 in
3189 2730 3350 2784 vitam
3379 2747 3481 2784 no-

1905 2822 2069 2867 stram
2139 2814 2390 2870 inducere
2461 2815 2728 2885 dogmata.
2784 2815 2910 2871 llaze
2965 2817 3271 2887 frequenter
3324 2829 3378 2876 et
3429 2821 3482 2877 in

1904 2905 2132 2961 oflicinis
2159 2916 2212 2962 et
2241 2907 2293 2960 in
2343 2906 2478 2973 foro,
2521 2917 2574 2962 et
2615 2908 2668 2962 in
2700 2907 2901 2964 mdibus
2931 2910 3168 2979 plerique
3205 2912 3484 2969 circumfe-

1905 3007 2048 3065 runt,
2081 3014 2199 3068 qua:
2243 3014 2331 3054 res
2373 3007 2625 3054 extrema:
2674 3007 2758 3055 est
2799 3001 3180 3057 incredulitatis
3220 3011 3275 3058 et
3301 3019 3486 3059 amen-

1908 3089 2029 3156 t?:e,
2074 3089 2295 3143 ridicula
2339 3089 2607 3161 animique
2643 3078 2894 3160 puerilis.
2936 3092 3066 3147 Nam
3113 3093 3324 3159 dicere,
3357 3111 3482 3150 num

1906 3179 2031 3233 hinc
2074 3178 2293 3248 profecti
2341 3180 2462 3234 mali
2504 3181 2808 3251 puniantur,
2852 3197 2952 3237 nec
2991 3181 3093 3238 hoc
3137 3184 3485 3240 vehementer

1909 3268 2106 3323 habere
2156 3285 2486 3339 persuasum,
2533 3271 2674 3340 quod
2701 3273 2918 3326 omnino
2948 3273 3196 3343 puniendi
3226 3284 3370 3343 sunt,
3399 3276 3482 3330 in-

1909 3359 2143 3414 ﬁdelium
2173 3371 2254 3414 est
2279 3376 2341 3415 ac
2365 3360 2742 3416 dubitantium.
2787 3361 2916 3417 Illud
2945 3378 3092 3429 vero,
3120 3366 3358 3435 quamvis
3383 3366 3484 3422 hoc

1911 3450 2167 3518 evenerit,
2189 3452 2635 3522 quemadmodum
2659 3454 2816 3508 etiam
2842 3463 3150 3510 eventurum
3180 3463 3280 3524 est,
3301 3467 3485 3526 putare

1909 3543 2078 3597 malos
2117 3543 2321 3613 aequale
2373 3545 2648 3613 praemium
2696 3559 2817 3600 cum
2849 3544 3008 3616 justis
3049 3557 3342 3618 reportare,
3389 3564 3482 3604 ex-

1911 3643 2094 3689 trema:
2118 3633 2398 3690 dementia;
2426 3644 2528 3690 est.
2562 3677 2566 3680 .

1983 3723 2149 3778 Nulla
2200 3728 2512 3796 comparatio
2573 3725 2706 3780 inter
2750 3727 2903 3780 vitam
2951 3726 3082 3780 lianc
3135 3738 3183 3782 et
3237 3733 3481 3800 futuram.

1907 3813 2116 3882 -—Quid
2147 3830 2328 3884 quaeso
2347 3815 2525 3870 dicis?
2551 3817 2604 3870 Si
2629 3815 2780 3871 dives
2800 3816 2925 3872 illuc
2953 3817 3222 3886 profectus
3251 3823 3486 3890 punitur,

1912 3919 2073 3957 unum
2128 3903 2322 3958 factum
2361 3913 2444 3958 est
2482 3905 2688 3959 unum?
2729 3907 2795 3960 Et
2836 3908 3104 3976 quomodo
3149 3909 3283 3964 istuc
3323 3913 3489 3978 possit

1909 3994 2235 4048 consistere?
2250 3995 2389 4058 Quot
2403 3995 2544 4050 enim
2557 3995 2709 4049 annis
2724 3996 2802 4049 vis
2817 3997 2962 4050 illum
2977 3997 3061 4051 hic
3074 4000 3310 4067 pecuniis
3326 3999 3488 4057 fuisse

1913 4083 2173 4139 fruitum?
2201 4084 2294 4139 Vis
2323 4098 2580 4154 ponamus
2608 4086 2865 4140 centum?
2894 4086 3006 4155 Ego
3040 4103 3168 4142 vero
3197 4090 3356 4145 etiam
3385 4091 3488 4146 du-

1913 4188 2098 4233 ceutos
2128 4193 2289 4249 pono,
2323 4193 2462 4248 pono
2489 4187 2774 4244 trecentos,
2817 4193 2958 4248 pono
2985 4178 3067 4234 bis
3111 4189 3337 4248 tantum,
3365 4193 3418 4237 et
3442 4184 3488 4239 si

1913 4271 1993 4324 vis
2021 4269 2184 4333 mille,
2217 4267 2356 4337 quod
2387 4283 2516 4324 sane
2547 4267 2660 4324 fieri
2686 4283 2792 4324 non
2835 4272 3044 4339 potuit:
3074 4269 3193 4327 Dies
3218 4273 3371 4338 enim,
3405 4273 3489 4328 in-

1913 4362 2046 4432 quit,
2069 4378 2315 4416 annorum
2344 4370 2624 4415 nostrorum
2648 4361 2898 4431 octoginta
2917 4364 3037 4416 anni
3061 4362 3227 4433 (Psal.
3255 4363 3343 4420 89.
3375 4365 3487 4438 10):
3576 4431 3578 4433 ,

1914 4464 2148 4509 attamen
2175 4463 2437 4522 ponantur
2458 4453 2600 4508 mille
2629 4470 2642 4505 :
2675 4468 2798 4507 num
2827 4462 2996 4523 potes,
3023 4469 3204 4524 quteso
3232 4462 3304 4520 te.
3328 4456 3490 4510 vitam
3558 4502 3562 4506 .

1915 4545 2195 4599 ostendere
2221 4559 2340 4614 qua:
2384 4543 2540 4597 linem
2589 4558 2693 4598 non
2741 4543 2948 4606 habeat,
2989 4559 3052 4599 ae
3094 4545 3374 4599 terminum
3399 4561 3493 4601 ne-

1915 4636 2066 4700 sciat,
2098 4635 2269 4705 qualis
2308 4642 2390 4689 est
2431 4634 2538 4688 illic
2561 4633 2868 4703 justorum?
2896 4635 3007 4703 Age
3049 4635 3222 4705 igitur,
3263 4637 3414 4702 cedo,
3444 4637 3492 4692 si

1916 4728 2036 4797 quis
2065 4727 2117 4780 ili
2137 4726 2290 4781 annis
2317 4733 2529 4780 centum
2561 4723 2776 4778 vidisset
2805 4739 2900 4794 per
2920 4740 3076 4779 unam
3099 4734 3309 4781 noctem
3331 4743 3495 4785 suave

1917 4819 2180 4874 somnium
2207 4858 2223 4883 ,
2275 4817 2557 4886 multisque
2604 4815 2806 4871 deliciis
2858 4831 2956 4886 per
2995 4818 3257 4873 somnium
3303 4817 3496 4874 fruitus

1918 4918 2078 4974 esset,
2110 4922 2173 4963 ac
2215 4916 2426 4962 centum
2470 4908 2624 4961 annis
2673 4907 2982 4978 puniretur:
3027 4923 3154 4963 num
3197 4909 3242 4964 is
3287 4908 3357 4964 de
3392 4909 3496 4965 hoc

1918 5001 2098 5056 dicere
2125 5009 2318 5070 posset,
2351 5015 2512 5054 unum
2543 5007 2598 5054 et
2624 5013 2811 5066 unum,
2840 5005 2894 5054 et
2918 4999 3126 5054 unicam
3164 5009 3373 5056 noctem
3393 5016 3496 5071 qua

1920 5091 2220 5155 somniavit,
2267 5098 2477 5145 centum
2521 5089 2675 5145 annis
2712 5089 3080 5160 aequiparare?
3119 5091 3269 5146 Dictu
3313 5091 3500 5146 absur-

1920 5181 2067 5237 dum.
2094 5181 2208 5236 Hoc
2228 5180 2339 5250 jam
2376 5188 2428 5235 et
2457 5179 2524 5236 de
2547 5178 2720 5234 futura
2749 5180 2857 5235 vita
2878 5181 3073 5250 cogita.
3099 5179 3228 5235 Nam
3258 5180 3397 5250 quod
3417 5189 3501 5235 est

1922 5273 2186 5329 somnium
2216 5287 2378 5326 unum
2416 5273 2482 5325 ad
2526 5285 2697 5326 annos
2742 5281 2978 5337 centum,
3014 5271 3116 5326 hoc
3143 5281 3225 5326 est
3268 5280 3501 5341 praesens

1923 5365 2032 5418 vita
2057 5364 2124 5418 ad
2149 5365 2309 5418 vitam
2337 5362 2585 5428 futuram,
2604 5361 2710 5416 imo
2731 5361 2905 5431 potius
2933 5361 3101 5415 multo
3127 5362 3320 5414 minus.
3349 5361 3502 5429 Quod

1923 5465 2005 5510 est
2050 5455 2236 5525 exigua
2283 5463 2426 5523 gutta
2471 5453 2537 5507 ad
2589 5451 2802 5522 pelagus
2854 5452 3189 5514 immensum,
3236 5451 3338 5507 hoc
3382 5459 3506 5508 sunt

1924 5547 2049 5601 anni
2097 5536 2243 5601 mille
2270 5545 2334 5598 ad
2383 5543 2612 5599 futuram
2643 5543 2786 5598 illam
2813 5543 3033 5613 gloriam
3075 5550 3131 5596 et
3177 5541 3502 5597 lruitionem.

1930 5639 1996 5694 Et
2031 5635 2155 5706 quid
2207 5635 2418 5690 tandem
2465 5643 2625 5704 queat
2669 5633 2859 5703 aliquis
2907 5631 3136 5700 amplius
3176 5631 3375 5694 dicere,
3404 5633 3506 5689 nisi

1928 5730 2066 5802 quod
2096 5728 2377 5784 terminum
2406 5743 2510 5782 non
2538 5725 2714 5792 habet,
2732 5733 2786 5780 et
2813 5723 2970 5781 ﬁnem
2998 5721 3168 5780 nescit
3192 5741 3205 5776 :
3229 5737 3504 5796 quantum-
