3862 6228
394 348 500 401 979
1172 346 1223 403 S.
1267 345 1542 403 JO.\NNlS
1576 342 2048 400 CHRYSOSTOMI
2090 343 2405 399 AllClllf-IP.
2446 346 2983 407 CONSTANTl-NOP.
3590 346 3695 401 980

395 486 501 539 que
549 468 776 523 interest
826 465 964 521 inter
992 465 1197 520 somnia
1245 474 1299 518 et
1345 479 1433 518 res
1462 478 1635 530 vcras,
1672 472 1874 519 tantum
1904 463 1984 517 in-

405 571 571 614 tot-est
618 562 755 614 inter
786 558 942 628 hujus
967 557 1087 611 vitae
1112 564 1306 611 statum
1335 566 1389 609 et
1417 555 1591 609 illius?

473 650 540 704 Et
561 650 643 704 hic
667 650 946 721 puniuntur
967 647 1129 717 impii.
1147 675 1220 686 â€”
1238 644 1375 712 Quin
1404 656 1459 699 et
1486 644 1679 716 alioqui
1705 652 1988 713 antequam

397 745 510 799 illic
564 743 869 814 puniantur,
894 740 1005 809 jam
1037 754 1178 794 nunc
1219 739 1308 809 qui
1356 737 1597 807 improbe
1621 747 1803 807 agunt,
1832 745 1992 805 atque

399 839 450 893 in
480 838 711 909 peccatis
738 836 940 901 vivunt,
975 835 1285 903 puniuntur.
1312 831 1426 887 Nec
1448 831 1591 886 enim
1636 830 1764 884 tnihi
1792 829 1993 883 dixeris

397 933 546 990 illum
580 944 761 983 mensa
788 936 1093 997 sumptuosa
1142 924 1265 990 frui,
1298 925 1534 980 vestibus
1560 922 1874 979 circumdari
1904 936 1991 974 se-

399 1025 542 1089 ricis,
573 1020 958 1092 mancipiorum
1001 1033 1189 1089 greges
1217 1019 1581 1083 circumferre,
1604 1016 1738 1070 alios
1771 1016 1993 1070 submo-

396 1132 525 1170 vere
578 1115 629 1168 itt
662 1113 780 1168 foro
808 1130 822 1164 :
854 1111 948 1166 sed
981 1112 1186 1180 explica
1229 1108 1361 1163 mihi
1391 1108 1541 1162 istius
1568 1106 1948 1161 conscientiam
1975 1144 1991 1167 ,

395 1219 451 1263 et
478 1208 683 1262 videbis
709 1206 852 1260 intus
879 1219 1097 1274 gravem
1126 1211 1463 1273 peccatorum
1488 1198 1791 1261 tumultum,
1810 1197 1993 1267 jugem

398 1309 619 1363 metum,
668 1307 1062 1367 tempestatem,
1094 1294 1446 1351 turbationem
1484 1310 1498 1346 :
1530 1292 1732 1347 videbis
1768 1291 1912 1344 velut
1939 1290 1992 1345 in

392 1394 596 1463 judicio
623 1404 856 1445 mentem
886 1389 952 1443 ad
978 1389 1225 1443 thronum
1246 1385 1587 1441 conscientiae
1613 1382 1994 1438 conscendisse

399 1486 659 1555 regalem,
689 1493 739 1538 et
776 1492 1044 1551 tamquam
1070 1479 1304 1550 judicem
1346 1478 1646 1548 quempiam
1677 1475 1990 1540 sedentem,

397 1589 451 1633 et
477 1576 823 1647 cogitationes
854 1575 971 1628 loco
994 1570 1303 1627 carnificum
1354 1567 1718 1632 adhibentem,
1753 1567 1988 1620 animum

399 1668 841 1740 suspendetttem,
893 1681 988 1735 pro
1022 1663 1252 1733 peccatis
1280 1662 1621 1722 lacerantem,
1650 1657 1993 1713 vehementer

403 1763 802 1824 iuclamantetn,
834 1772 955 1812 cum
1006 1770 1164 1809 nemo
1214 1752 1368 1816 sciat,
1414 1750 1514 1804 nisi
1544 1749 1691 1805 solus
1722 1748 1861 1804 Deus
1901 1747 1991 1818 qui

399 1853 513 1907 lucc
567 1851 847 1919 conspicit.
902 1849 1111 1902 Etenim
1161 1847 1252 1917 qui
1297 1844 1578 1899 committit
1629 1842 1990 1905 adulterium,

396 1944 608 2000 etiamsi
662 1943 857 1996 millies
887 1941 1039 1996 fuerit
1084 1942 1253 2005 dives,
1298 1939 1507 1995 etiamsi
1555 1937 1760 1993 nullum
1802 1937 1994 1991 habeat

398 2047 786 2097 accusatorem,
815 2048 918 2087 non
948 2031 1143 2087 desiuit
1186 2040 1360 2085 tamen
1393 2032 1532 2085 intus
1570 2031 1806 2099 seipsum
1835 2044 1994 2083 accu-

397 2142 517 2181 sare
550 2143 564 2180 :
593 2137 647 2180 et
676 2125 920 2194 voluptas
948 2123 1163 2194 quidem
1192 2122 1511 2192 temporaria
1541 2131 1643 2187 est,
1678 2121 1829 2174 dolor
1863 2135 1991 2174 vero

402 2228 713 2288 perpetuus,
744 2219 904 2271 timor
947 2215 1183 2285 undique
1209 2229 1272 2269 ac
1302 2223 1519 2278 tremor,
1554 2213 1785 2282 suSpieio
1814 2221 1867 2266 et
1894 2228 1989 2265 an-

398 2302 939 2371 xietaszaugiportus
979 2298 1205 2363 metuit,
1254 2298 1468 2353 umbras
1514 2296 1656 2367 ipsas
1699 2295 1987 2364 formidat,

397 2409 525 2448 suos
571 2391 735 2461 ipsius
783 2389 1040 2456 famulos,
1071 2389 1336 2455 conscios,
1383 2388 1600 2453 inscios,
1634 2386 1777 2442 illam
1822 2387 1989 2457 ipsam

396 2500 556 2555 quam
586 2481 843 2553 eorrupit,
895 2490 951 2537 et
992 2481 1164 2536 virum
1207 2494 1366 2551 quem
1409 2478 1586 2534 affecit
1625 2478 1987 2534 contumelia:

396 2575 710 2630 obambulat
748 2588 986 2627 amarum
1033 2582 1396 2626 accusatorem
1439 2570 1819 2625 circumferens
1856 2585 1989 2624 cun-

396 2666 694 2731 scieutiam,
719 2679 840 2719 cum
858 2664 926 2718 sit
946 2677 1044 2718 suo
1063 2661 1441 2732 ipsiusjudicio
1456 2660 1759 2727 damnatus,
1787 2675 1887 2717 nec
1906 2662 1990 2716 vel

394 2758 461 2811 ad
492 2758 653 2811 breve
672 2766 880 2825 tempus
906 2754 1072 2824 possit
1096 2753 1378 2823 respirare.
1404 2750 1536 2806 Nam
1561 2762 1617 2807 et
1641 2752 1693 2806 in
1717 2752 1853 2807 lecto
1870 2752 1988 2806 etin

397 2866 604 2915 mensa,
632 2859 685 2903 ct
713 2850 764 2902 iu
792 2848 909 2903 foro
935 2856 990 2901 et
1016 2850 1069 2901 in
1097 2846 1277 2911 domo,
1310 2852 1366 2900 et
1393 2845 1621 2900 interdiu
1647 2855 1701 2899 et
1724 2852 1905 2909 noctu,
1935 2852 1991 2899 et

402 2944 455 2996 in
486 2942 612 3011 ipsis
652 2940 961 3010 frequenter
988 2940 1209 2995 somniis
1237 2938 1352 2993 haec
1388 2939 1677 3009 iniquitatis
1705 2938 1988 2994 simulacra

396 3032 564 3096 videt,
595 3031 866 3103 ipsiusque
892 3029 1023 3086 Cain
1054 3032 1216 3085 vitam
1244 3030 1392 3096 vivit,
1417 3044 1637 3099 gemens
1664 3044 1727 3083 ae
1756 3040 1989 3084 tremens

390 3140 557 3194 super
599 3134 820 3191 terram,
850 3138 970 3177 cum
998 3136 1156 3177 nemo
1186 3122 1319 3175 sciat
1348 3118 1501 3192 (Gen.
1531 3119 1612 3191 4),
1643 3119 1784 3174 intus
1813 3129 1987 3174 tamen

394 3215 558 3271 habet
588 3215 763 3285 ignem
806 3228 1017 3284 semper
1042 3221 1433 3268 coacerVatum.
1466 3210 1610 3267 Idem
1639 3213 1908 3282 patiuntur
1932 3222 1989 3269 et

394 3306 486 3376 qui
515 3306 753 3374 rapinam
785 3313 1056 3369 exercent,
1101 3312 1156 3359 et
1181 3304 1271 3374 qtti
1301 3302 1489 3357 fraude
1516 3302 1722 3357 lucrum
1748 3301 1985 3359 faciunt:

392 3398 574 3457 hocet
612 3397 831 3463 ebriosi,
886 3395 940 3451 itt
990 3410 1199 3451 summa
1246 3404 1506 3466 quotquot
1534 3396 1585 3450 in
1635 3396 1865 3465 peccatis
1910 3396 1989 3450 vi-

397 3500 545 3547 runt.
589 3489 775 3559 Neque
803 3487 945 3543 enim
977 3487 1082 3542 ulla
1124 3487 1331 3542 ratione
1360 3486 1621 3555 judicium
1651 3487 1777 3542 illud
1814 3498 1988 3558 potest

388 3581 683 3650 corrumpi.
727 3578 838 3636 ltno
866 3578 1074 3633 etiamsi
1102 3592 1208 3631 non
1234 3587 1503 3632 sectemur
1541 3576 1807 3643 virtutem,
1839 3577 1989 3634 dole-

391 3686 515 3728 mus
537 3682 712 3725 tamen
738 3686 804 3724 eo
826 3668 966 3739 quod
991 3684 1111 3723 eam
1133 3685 1236 3724 non
1261 3667 1600 3738 assequimur
1625 3686 1639 3723 :
1668 3680 1722 3724 et
1746 3670 1871 3725 licet
1888 3670 1987 3725 im-

393 3762 713 3835 probitatem
743 3770 1031 3828 sectemur,
1059 3770 1235 3815 tanten
1257 3768 1501 3815 cessante
1538 3760 1803 3831 voluptate
1826 3776 1984 3831 quam

393 3868 460 3906 ex
510 3851 1137 3922 peccatopercipimus,
1188 3851 1450 3907 sentimus
1495 3850 1757 3907 dolorem.
1806 3852 1985 3924 Itaque

392 3962 462 4003 ne
486 3945 774 3999 dixerimus
803 3943 871 3998 de
908 3943 1159 3998 divitibus
1187 3942 1273 3998 hic
1313 3943 1554 4013 improbe
1583 3943 1900 4012 viventibus,
1930 3954 1987 4000 et

392 4038 465 4094 de
509 4038 668 4107 justis
710 4037 819 4093 illic
860 4035 1111 4091 felicitate
1158 4035 1471 4099 fruentibus,
1516 4035 1658 4107 quod
1706 4052 1869 4091 unum
1915 4036 1986 4091 sit

395 4144 579 4194 unum,
610 4127 704 4183 sed
730 4127 872 4196 quod
900 4128 1007 4181 duo
1046 4127 1152 4181 sint
1176 4126 1329 4181 nihil.
1355 4126 1791 4197 Quandoquidem
1827 4127 1985 4199 justis

391 4232 447 4275 et
471 4236 531 4275 ea
559 4236 678 4289 quze
708 4217 815 4273 illic
836 4229 981 4281 sunt,
1009 4228 1063 4272 et
1089 4233 1151 4271 ea
1174 4234 1294 4288 quae
1319 4217 1408 4272 hic
1432 4228 1576 4283 sunt,
1598 4220 1817 4273 multam
1848 4235 1985 4290 pra:-

396 4315 522 4367 hent
550 4312 873 4380 voluptatem
899 4327 912 4364 :
941 4311 1030 4380 qui
1080 4326 1206 4364 vero
1233 4310 1285 4363 itt
1333 4311 1566 4380 nequitia
1595 4319 1649 4365 et
1688 4310 1872 4367 fraude
1898 4313 1984 4367 vi-

392 4416 502 4468 tam
524 4415 704 4476 agunt,
722 4414 777 4459 et
805 4404 891 4458 hic
915 4415 969 4459 et
996 4404 1101 4458 illic
1126 4404 1416 4473 puniuntur
1441 4421 1455 4457 :
1491 4404 1577 4459 hic
1591 4404 1978 4461 discruciantur

393 4497 790 4566 exspectatione
814 4494 1057 4564 supplicii
1088 4494 1193 4549 illic
1220 4492 1400 4558 futuri,
1429 4493 1623 4549 deinde
1660 4495 1798 4550 mala
1822 4512 1982 4567 quam

392 4590 461 4645 ab
501 4589 748 4647 omnibus
790 4587 967 4641 ferunt
1007 4586 1276 4655 opinione,
1321 4595 1577 4655 pra-terea
1617 4586 1758 4657 quod
1807 4586 1981 4657 ipsum

391 4680 551 4734 etiam
579 4688 848 4748 peccatum
869 4678 1100 4732 animam
1124 4677 1357 4746 ipsorum
1383 4678 1675 4748 corrumpit
1707 4695 1722 4733 :
1753 4677 1981 4748 denique

396 4780 669 4840 postquam
686 4769 809 4824 hinc
828 4767 1046 4838 profecti
1064 4777 1207 4832 sunt,
1240 4768 1590 4825 intolerabilia
1616 4772 1982 4842 perpetiuntur

392 4859 672 4929 supplicia.
701 4859 928 4915 Rursum
954 4859 1081 4929 justi
1123 4859 1330 4915 etiamsi
1361 4859 1449 4914 hic
1480 4861 1755 4916 innumera
1785 4876 1979 4933 perpe-

393 4951 591 5009 tiantur
607 4950 818 5015 acerba,
837 4949 1085 5018 quoniam
1109 4949 1246 5004 bona
1269 4965 1391 5021 spes
1409 4951 1502 5005 alit
1521 4952 1661 5015 illos,
1677 4952 1980 5026 habentque

392 5043 716 5112 voluptatem
747 5056 954 5111 puram,
988 5041 1216 5107 firmam,
1242 5053 1298 5097 et
1343 5043 1609 5111 stabilem,
1656 5045 1816 5101 etiam
1860 5057 1981 5119 post

390 5136 527 5201 haec,
554 5135 831 5190 innumera
870 5135 991 5190 illos
1017 5135 1288 5205 excipiunt
1331 5135 1487 5201 bona,
1531 5137 1978 5207 quemadmodum

396 5240 453 5289 et
472 5228 675 5285 Lazaro
697 5227 909 5284 accidit.
940 5226 1049 5284 Nec
1073 5229 1219 5284 enim
1256 5227 1431 5285 istbuc
1457 5229 1587 5286 mihi
1609 5229 1832 5297 dixeris,
1863 5240 1981 5288 erat

393 5323 688 5388 ulcerosus,
716 5334 901 5375 verum
932 5318 1063 5375 illud
1106 5319 1403 5385 considera,
1431 5321 1574 5392 quod
1615 5323 1806 5393 quovis
1848 5340 1979 5379 auro

392 5415 762 5487 pretiosiorem
793 5414 937 5470 intus
963 5412 1193 5469 habebat
1228 5414 1461 5469 animam
1482 5455 1499 5479 ,
1531 5414 1639 5469 imo
1665 5416 1843 5472 verius
1873 5433 1978 5474 non

389 5509 622 5563 animam
652 5515 877 5569 tantum,
907 5519 1093 5560 verum
1137 5504 1298 5559 etiam
1341 5520 1538 5576 corpus
1581 5506 1766 5578 ipsius.
1799 5509 1979 5566 Virtus

391 5601 533 5655 enim
559 5598 799 5669 corporis
826 5612 931 5652 non
957 5607 1043 5652 est
1064 5595 1298 5652 obesitas
1320 5596 1561 5668 bonaque
1590 5597 1860 5667 habitudo,
1882 5600 1977 5657 sed

394 5702 567 5747 tantus
611 5706 673 5746 ac
702 5690 837 5746 tales
863 5690 1005 5746 ferre
1046 5691 1332 5746 cruciatus.
1358 5691 1474 5747 Non
1512 5692 1655 5749 enim
1695 5695 1740 5750 si
1764 5696 1882 5765 quis
1925 5696 1978 5751 in

390 5798 617 5851 corpore
645 5793 808 5852 gestet
854 5782 973 5836 talia
1001 5782 1213 5837 vulnera
1243 5783 1625 5840 abominandus
1666 5796 1765 5851 est,
1795 5802 1976 5842 verum

2105 461 2147 515 si
2174 463 2292 532 'lulS
2319 465 2368 518 in
2394 465 2571 520 animo
2598 465 2871 523 innumera
2900 469 3102 525 habens
3130 470 3327 537 ulcera,
3354 474 3559 529 nullam
3581 476 3696 531 illo-

2100 567 2217 606 rum
2246 568 2428 608 curam
2459 566 2611 630 agat,
2644 557 2688 611 is
2713 557 3097 614 abominandus
3125 571 3228 628 est,
3260 564 3433 633 qualis
3457 577 3579 620 erat
3608 568 3696 622 illc

2098 642 2266 707 dives,
2302 645 2442 699 intus
2467 655 2608 701 totus
2636 648 2927 704 ulcerosus.
2961 653 3019 706 Et
3058 656 3505 722 quemadmodum
3535 672 3697 712 canes

2101 733 2255 802 hujus
2282 735 2553 805 lingebant
2593 738 2832 804 vulnera,
2873 742 2951 797 sic
2978 750 3032 797 et
3059 742 3332 799 (iactitantes
3376 748 3520 802 illius
3567 765 3697 819 pec-

2098 836 2213 880 cata
2246 842 2260 880 :
2291 838 2346 882 et
2371 830 2817 898 quemadmodum
2849 832 2936 889 hic
2961 834 3015 890 in
3061 833 3201 893 fame
3239 836 3365 905 cibi,
3394 839 3465 894 ita
3508 841 3603 895 ille
3643 842 3695 897 in

2099 916 2238 971 fame
2262 919 2436 973 omnis
2478 919 2687 977 virtutis
2717 923 2944 979 vivebat.

2172 1007 2258 1062 l2.
2286 1009 2410 1064 llzec
2432 1010 2588 1081 igitur
2606 1014 2783 1068 omnia
2803 1029 2925 1069 cum
2948 1015 3203 1083 sciamus,
3232 1017 3693 1090 pbilusopheruur,

2099 1113 2273 1169 neque
2297 1099 2537 1157 dicamus
2560 1120 2574 1156 :
2597 1103 2643 1158 si
2670 1103 2817 1159 illum
2844 1106 2983 1161 Deus
3003 1120 3255 1174 amasset,
3282 1109 3693 1182 haudquaquam

2098 1205 2220 1244 eum
2269 1205 2555 1261 pauperem
2593 1209 2714 1251 esse
2744 1210 2932 1267 passus
2976 1198 3178 1255 fuisset.
3225 1200 3357 1256 Nam
3388 1202 3490 1258 hoc
3517 1204 3694 1274 ipsum

2098 1279 2313 1349 quidem
2340 1283 2632 1339 maximum
2664 1296 2745 1340 est
2773 1285 3072 1343 dilectionis
3100 1302 3490 1360 argumentum.
3527 1296 3695 1359 Quem

2098 1372 2231 1425 enim
2256 1372 2421 1444 diligit
2442 1373 2597 1442 Deus,
2619 1379 2851 1449 castigat,
2872 1380 3100 1452 ï¬‚agellat
3118 1393 3283 1437 autem
3298 1400 3495 1438 onmem
3525 1386 3695 1454 ï¬lium

2097 1478 2245 1531 quem
2270 1465 2444 1535 recipit
2470 1465 2650 1536 (Hebr.
2681 1468 2768 1526 12.
2795 1470 2870 1541 6).
2895 1470 2963 1526 Et
2989 1488 3173 1527 rursus
3201 1490 3218 1528 :
3244 1471 3369 1541 Fili,
3397 1479 3448 1529 si
3469 1493 3697 1531 accesse-

2097 1554 2168 1608 ris
2195 1555 2265 1609 ad
2291 1558 2607 1614 serviendum
2645 1560 2885 1632 Domino,
2926 1580 3159 1636 prepare
3187 1569 3411 1621 animant
3454 1578 3601 1622 tuam
3623 1573 3694 1623 ad

2097 1647 2439 1712 tentationem,
2470 1650 2632 1720 dirige
2651 1667 2740 1705 cor
2764 1662 2905 1707 tuum
2940 1671 3000 1708 ac
3025 1672 3282 1725 persevera
3308 1657 3494 1728 (Eccli.
3519 1660 3577 1714 2.
3615 1661 3692 1729 1).

2099 1736 2387 1808 Ejiciamus
2416 1742 2597 1811 igitur,
2624 1743 2972 1813 dilectissimi,
3002 1747 3130 1803 istas
3174 1764 3531 1821 supervacuas
3571 1754 3693 1821 opi-

2098 1830 2303 1896 niones,
2337 1834 2679 1903 vulgariaque
2701 1836 2996 1892 istiusmodi
3025 1839 3184 1894 dicta.
3215 1839 3500 1907 Turpitudo
3522 1844 3691 1905 enim,

2098 1920 2285 1991 inquit.
2315 1940 2376 1977 ac
2398 1926 2768 1996 stultiloquium
2796 1940 2842 1982 et
2866 1932 3147 1986 scurrilitas
3169 1949 3233 1986 ne
3256 1934 3501 2004 proderant
3518 1952 3584 1987 et
3608 1952 3693 1988 ore

2096 2023 2258 2066 vestro
2306 2012 2521 2084 (Ep/tes.
2553 2018 2606 2073 5.
2636 2018 2715 2087 4).
2747 2018 2856 2075 Nec
2899 2021 2995 2092 ipsi
3046 2022 3168 2077 talia
3210 2024 3492 2094 loquamur
3523 2042 3537 2078 :
3566 2036 3621 2080 et
3648 2026 3692 2078 si

2095 2100 2228 2156 alios
2251 2104 2524 2161 videamus
2541 2106 2663 2161 talia
2686 2108 2985 2179 loquentes,
3005 2112 3316 2169 ohturemus
3336 2115 3439 2169 illis
3459 2128 3546 2179 os,
3562 2130 3692 2170 con-

2098 2202 2175 2247 tra
2207 2194 2541 2265 insurgamus
2566 2198 2780 2265 acriter,
2809 2202 3155 2259 cohibeamus
3178 2220 3362 2261 eorum
3408 2208 3691 2278 impuden.

2100 2293 2206 2338 tem
2236 2286 2489 2357 linguam.
2534 2290 2647 2358 Age
2691 2291 2735 2346 si
2761 2307 2919 2363 quem
2951 2294 3174 2351 vidisses
3199 2297 3458 2353 latrocinii
3492 2300 3689 2369 princi-

2096 2391 2216 2445 pem
2236 2390 2568 2447 grassantem
2596 2399 2691 2453 per
2706 2384 2836 2449 vias,
2856 2388 3295 2455 prmtereuntibus
3322 2390 3687 2455 insidiantem,

2094 2485 2155 2524 ea
2182 2486 2300 2540 qua:
2319 2481 2443 2529 sunt
2467 2475 2518 2530 in
2544 2477 2686 2546 agris
2704 2478 3019 2548 rapientem,
3044 2480 3096 2535 in
3121 2482 3401 2552 speluncas
3416 2500 3479 2540 ac
3508 2485 3687 2542 foveas

2094 2562 2471 2621 subterraneas
2499 2580 2686 2622 aurum
2713 2577 2766 2624 et
2788 2580 3063 2640 argentum
3084 2571 3463 2643 defodientem,
3490 2593 3559 2632 ac
3583 2579 3686 2632 illic

2095 2653 2257 2707 multa
2290 2657 2649 2713 recludentem
2668 2674 2929 2726 armenta,
2951 2673 3127 2721 vestes
3148 2679 3212 2720 ac
3239 2669 3501 2737 mancipia
3524 2673 3687 2723 multa

2093 2760 2158 2799 ex
2187 2745 2580 2804 incursionibus
2598 2751 2700 2807 illis
2726 2752 3110 2823 possidentem,
3138 2772 3237 2826 age
3260 2758 3344 2814 dic
3372 2761 3528 2830 mihi,
3560 2779 3691 2816 nutu

2096 2835 2242 2893 illum
2286 2840 2497 2897 beatum
2524 2844 2733 2900 diceres
2774 2858 2992 2917 propter
3016 2848 3226 2906 divitias
3253 2851 3368 2906 illas
3396 2868 3463 2907 an
3512 2856 3694 2925 potius

2092 2934 2349 2988 miserum
2374 2936 2693 3005 praedicarcs
2711 2948 2927 3010 propter
2943 2943 3257 3012 supplicium
3280 2945 3354 3000 illi
3377 2952 3695 3002 venturum?

2092 3025 2251 3094 Atqui
2296 3027 2531 3082 nondum
2579 3032 2999 3101 comprehensus
3036 3045 3137 3099 est,
3190 3052 3360 3107 neque
3394 3039 3446 3093 in
3492 3057 3697 3097 manus

2087 3115 2285 3186 judicis
2331 3118 2574 3187 traditus,
2627 3135 2726 3177 nec
2768 3123 2819 3176 in
2863 3139 3132 3180 carcerem
3172 3127 3464 3197 conjectus,
3512 3148 3697 3201 neque

2090 3218 2454 3265 accusatorem
2480 3209 2681 3278 habuit,
2710 3228 2881 3283 neque
2908 3216 2959 3269 in
2985 3215 3243 3286 judicium
3269 3221 3436 3285 venit,
3466 3223 3568 3277 sed
3593 3224 3695 3278 de.-

2092 3302 2228 3357 liciis
2273 3302 2543 3375 indulget,
2593 3305 2918 3374 inebriatur,
2960 3310 3229 3382 multaque
3271 3329 3449 3369 rerum
3495 3316 3699 3372 fruitur

2089 3393 2384 3449 affluentia.
2413 3398 2663 3451 Attamen
2709 3414 2814 3452 non
2858 3410 3077 3471 propter
3124 3405 3425 3472 pnesentia,
3456 3421 3698 3478 qua-que

2090 3484 2374 3553 videntur,
2420 3486 2723 3556 judicamus
2794 3489 2941 3544 illum
2991 3492 3201 3549 beatum
3250 3513 3265 3551 :
3311 3497 3407 3551 sed
3459 3513 3698 3569 propter

2091 3577 2286 3644 futura,
2334 3594 2556 3649 quaaque
2601 3580 2899 3647 inuniueut,
2932 3583 3077 3639 illum
3121 3585 3373 3643 miserum
3418 3593 3695 3660 pta-dica-

2089 3683 2230 3724 mus.

2162 3761 2312 3817 Dives
2337 3762 2539 3833 iniquus
2568 3764 2718 3819 latro.
2748 3796 2819 3806 â€”
2842 3765 2955 3822 Hoc
3000 3768 3127 3824 item
3170 3780 3225 3827 et
3251 3772 3319 3828 de
3344 3771 3607 3830 divitibus
3636 3789 3695 3832 ct

2089 3852 2158 3909 de
2184 3853 2360 3910 avaris
2386 3856 2580 3927 cogita.
2613 3856 2870 3914 Latrones
2912 3861 3144 3932 quipiam
3185 3875 3329 3931 sunt,
3375 3866 3493 3921 vlas
3533 3868 3690 3923 obsi-

2088 3945 2301 4015 dentes,
2332 3963 2420 4003 res
2444 3952 2873 4019 przetereuntium
2900 3959 3187 4024 rapientes,
3212 3958 3356 4012 velut
3381 3959 3435 4014 in
3462 3963 3692 4029 Spelun-

2088 4041 2169 4095 cis
2187 4055 2249 4095 ac
2271 4039 2439 4095 foveis
2451 4041 2831 4105 subterraneis,
2846 4045 3073 4101 aliorum
3095 4047 3371 4104 facultates
3391 4051 3444 4105 itt
3463 4054 3584 4107 suis
3598 4068 3687 4108 cuâ€”

2089 4129 2278 4186 biculis
2296 4130 2647 4188 defodientes.
2665 4131 2741 4190 Ne
2764 4135 2920 4204 igitur
2941 4136 3121 4193 beatos
3141 4138 3380 4195 dicamus
3401 4142 3526 4198 illos
3554 4161 3686 4214 proâ€”

2087 4235 2207 4293 pter
2222 4225 2525 4294 przesentia,
2540 4224 2633 4281 sed
2651 4227 2874 4283 miseros
2891 4239 3105 4299 propter
3120 4230 3318 4298 futura,
3342 4243 3568 4303 propter
3585 4236 3689 4292 for-

2088 4316 2397 4373 ntidandum
2419 4316 2546 4372 illud
2566 4317 2845 4388 judicium,
2869 4331 3087 4391 propter
3112 4321 3445 4381 inevitabiles
3468 4343 3684 4396 poenas,

2086 4416 2306 4478 propter
2322 4410 2568 4464 tenebras
2582 4410 2894 4474 exteriores,
2909 4427 3029 4481 qua:
3049 4411 3193 4482 ipsos
3208 4425 3515 4485 exceptura:
3534 4431 3684 4473 sunt.

2086 4494 2219 4552 Nam
2242 4497 2474 4554 latrones
2490 4499 2703 4569 quidem
2729 4500 3035 4571 frequenter
3048 4519 3115 4558 ex
3137 4504 3410 4561 hominum
3428 4511 3687 4565 manibus

2087 4588 2256 4658 elapsi
2305 4598 2471 4654 sunt,
2520 4590 2864 4648 nihilominus
2910 4608 3031 4649 cum
3085 4596 3187 4651 hoc
3225 4598 3499 4668 sciamus,
3551 4616 3608 4657 et
3654 4622 3685 4658 a

2087 4678 2243 4735 nobis
2288 4680 2416 4751 ipsis
2457 4681 2809 4752 deprecamur
2844 4694 2899 4740 et
2936 4686 3005 4742 ab
3035 4685 3274 4743 hostibus
3316 4690 3687 4761 imprecantur

2087 4770 2310 4826 istorum
2339 4773 2523 4841 vitam,
2551 4790 2655 4828 una
2679 4791 2799 4830 eum
2824 4778 3138 4834 exsecrabili
3168 4796 3344 4836 rerum
3373 4787 3557 4853 copia.
3590 4792 3687 4841 At-

2084 4862 2179 4931 qui
2208 4863 2307 4918 sub
2334 4863 2443 4918 Deo
2463 4878 2570 4919 non
2600 4864 2723 4920 licet
2752 4866 2888 4921 istud
2916 4866 3117 4924 dicere.
3148 4869 3335 4927 Nullus
3359 4874 3510 4928 enim
3540 4876 3685 4931 illius

2084 4951 2300 5025 effugiet
2348 4957 2687 5022 sententiam,
2734 4957 2826 5013 sed
2879 4974 3068 5015 omnes
3114 4965 3372 5031 omnino,
3417 4968 3512 5035 qui
3557 4984 3683 5023 cunt

2085 5044 2361 5101 fraudibus
2383 5055 2437 5103 et
2462 5049 2659 5118 rapinis
2686 5049 2885 5112 vivunt,
2920 5050 3015 5106 Dei
3041 5052 3324 5108 vindictam
3350 5056 3449 5111 sibi
3495 5075 3685 5114 accer-

2085 5145 2211 5191 sunt
2238 5132 2775 5194 illam'immortalem
2819 5141 3031 5212 fineque
3084 5156 3374 5211 carentem,
3418 5152 3685 5217 quemad-

2086 5228 2303 5284 modum
2340 5237 2397 5284 et
2421 5229 2570 5285 dives
2612 5230 2723 5286 ille.
2769 5232 2898 5300 Qua:
2938 5235 3152 5303 quidem
3182 5238 3358 5290 omnia
3404 5240 3551 5307 apud
3580 5257 3684 5295 nos

2088 5321 2233 5392 ipsos
2274 5320 2631 5387 conferentes,
2673 5322 3026 5393 dilectissimi,
3071 5342 3138 5382 ne
3165 5325 3346 5383 beatos
3372 5329 3685 5399 judicemtts

2085 5416 2175 5489 qui
2203 5415 2421 5482 divitiis,
2466 5416 2560 5472 sed
2589 5418 2678 5486 qui
2706 5418 2900 5473 virtute
2944 5418 3148 5488 praediti
3175 5429 3298 5476 sunt
3326 5438 3340 5474 :
3369 5438 3549 5493 neque
3575 5427 3685 5479 nti-

2085 5523 2237 5563 seros
2260 5507 2521 5573 dicamus,
2544 5508 2635 5578 qui
2659 5509 2855 5579 degunt
2882 5510 2932 5563 itt
2956 5520 3284 5581 paupertate,
3312 5512 3407 5567 sed
3436 5514 3683 5584 quicum

2087 5600 2427 5672 improbitate
2459 5617 2475 5657 :
2505 5615 2573 5655 ne
2611 5602 2891 5670 przeseutia
2944 5604 3321 5673 respiciamus,
3352 5604 3445 5660 sed
3500 5606 3685 5660 futura

2088 5693 2474 5764 prospiciamus
2503 5710 2516 5747 :
2545 5708 2615 5748 ne
2656 5703 2936 5749 externum
2976 5695 3251 5758 amictum,
3295 5694 3386 5749 sed
3413 5696 3685 5766 cujusqtu:

2089 5787 2468 5842 conscientiam
2502 5788 2896 5853 examiuctntts;
2934 5800 3302 5862 scotantcsquc
3329 5792 3585 5849 virtutem
3622 5807 3689 5846 ac

3778 5818 3818 6075 l
