3860 6224
155 307 258 363 979

154 419 266 476 τῶν
308 418 652 489 πραγμάτων
697 417 978 488 ἀληθείας,
1008 417 1263 473 τοσοῦτόν
1286 422 1402 475 ἐστι
1435 422 1536 492 τῆς
1569 439 1740 476 κατα-

155 499 403 561 στάσεως
419 501 625 570 ταύτης
647 503 740 554 καὶ
777 501 879 570 τῆς
905 505 1022 554 ἑκεί
1045 502 1107 554 τὸ
1135 502 1421 575 διάφορον;

233 583 445 645 Ἀλλως
471 582 528 636 δὲ
561 585 657 637 καὶ
686 585 792 654 πρὺ
813 586 913 654 τῆς
948 587 1067 638 ἐκεῖ
1093 587 1384 652 κολάσεως,
1413 588 1660 642 ἐντεῦθεν
1691 589 1740 641 οί

159 666 584 736 πονηρευόμενοι
617 669 711 720 καὶ
747 669 806 719 ἐν
831 669 1127 739 ἁμαρτίαις
1163 669 1362 734 ζῶντες
1403 670 1738 735 κολάζονται.

161 749 252 818 Μὴ
282 748 392 818 γάρ
424 765 513 817 μοι
557 749 648 802 τὸν
699 751 982 821 τραπέζης
1031 752 1372 806 ἀπολαύοντα
1422 753 1742 816 πολυτελοῦς

159 829 350 893 ἁπλῶς
381 832 563 902 εἴπῃς,
599 833 693 884 καὶ
725 833 820 885 τὸν
867 834 1057 904 ίμάτια
1095 836 1558 906 περιϐεϐλημένον
1591 853 1744 907 σηρι-

161 911 256 975 κὰ,
290 914 383 966 καὶ
398 914 746 983 ἀνδραπόδων
764 917 962 983 ἀγέλας
990 920 1374 989 περιφέροντα,
1401 921 1494 974 καί
1524 920 1742 973 σοϐοῦν-

161 1013 232 1049 τα
261 998 352 1048 ἐπὶ
382 997 484 1067 τῆς
527 999 754 1070 ἀγορᾶς⁹
785 1001 902 1054 ἀλλ’
956 1002 1264 1066 ἀνάπτυξόν
1313 1020 1404 1072 μοι
1436 1002 1626 1056 τούτου
1681 1003 1744 1055 τὸ

166 1079 423 1143 συνειδὸς,
449 1081 545 1133 καὶ
575 1081 696 1148 ὄψει
728 1082 895 1136 πολὺν
923 1083 1134 1137 ἔνδοθεν
1155 1084 1382 1154 θόρυϐον
1418 1086 1525 1137 τῶν
1564 1086 1742 1156 ἀμαρ-

163 1162 443 1230 τημάτων,
462 1162 625 1231 φόϐον
652 1163 897 1235 διηνεκῆ,
914 1165 1180 1236 χειμῶνα,
1210 1167 1474 1238 ταραχὴν,
1493 1168 1743 1238 καθάπερ

165 1247 224 1296 ἑν
242 1245 577 1316 δικαστηρίῳ
598 1246 689 1300 τὸν
722 1249 846 1300 νοῦν
867 1249 960 1302 ὲπὶ
1004 1250 1096 1301 τὸν
1122 1249 1309 1317 θρόνον
1344 1251 1622 1305 ἀναϐάντα
1651 1252 1741 1304 τὸν

167 1325 444 1394 βασιλικὸν
469 1341 495 1369 ι
532 1329 626 1382 τοῦ
646 1332 968 1394 συνειδότος,
999 1333 1093 1384 καὶ
1113 1332 1303 1403 ὥσπερ
1328 1333 1448 1386 τινὰ
1481 1333 1741 1403 δικαστὴν

167 1409 502 1480 καθήμενον,
521 1414 615 1466 καὶ
645 1416 770 1476 τοὺς
786 1415 1080 1484 λογισμοὺς
1101 1415 1470 1485 παριστῶντα,
1489 1415 1741 1480 καθάπερ

164 1491 416 1562 δημίους,
456 1495 551 1548 καὶ
578 1497 898 1566 άναρτῶντα
934 1498 1033 1566 τὴν
1063 1497 1320 1561 διάνοιαν,
1356 1500 1449 1551 καὶ
1493 1497 1741 1562 καταξαί-

165 1592 322 1627 νοντα
339 1577 479 1647 ὑπὲρ
507 1578 616 1630 τῶν
630 1579 1052 1649 ἡμαρτημένων,
1081 1581 1174 1632 καὶ
1203 1580 1481 1650 ἑμϐοῶντα
1509 1582 1738 1650 μεγάλα,

168 1657 396 1726 μηδενὸς
430 1660 651 1723 εἰδότος,
683 1661 798 1713 ἀλλ’
824 1660 974 1731 ἢτοῦ
1004 1662 1177 1716 ταῦτα
1220 1664 1586 1732 ἐπισταμένου
1619 1663 1735 1732 βλέ-

166 1757 290 1792 πειν
315 1742 450 1795 Θεοῦ
480 1744 663 1813 μόνου.
721 1744 830 1798 Καὶ
863 1745 970 1816 γάρ
1015 1747 1044 1798 ὁ
1093 1745 1380 1816 μοιχεύων,
1438 1747 1544 1799 κᾶν
1589 1745 1741 1818 [ἹἩ]

168 1823 428 1892 μυριάκις
519 1825 794 1890 πλούσιος,
827 1828 928 1882 κᾶν
963 1827 1164 1898 μηδένα
1196 1828 1599 1900 κατηγοροῦντα
1621 1831 1741 1900 ἔχῃ,

163 1905 227 1956 οὐ
254 1907 488 1959 παύεται
514 1908 710 1961 ἑαυτοῦ
733 1909 1056 1979 κατηγορῶν
1087 1910 1252 1963 ἔνδον·
1287 1911 1379 1964 καὶ
1406 1913 1438 1981 ή
1466 1912 1563 1981 μὲν
1585 1912 1744 1982 ἡδονὴ

166 1989 526 2058 πρόσκαιρος,
550 1993 582 2060 ή
610 1991 668 2044 δὲ
699 1991 860 2062 ὀδύνη
898 1992 1171 2063 διηνεκὴς,
1213 1993 1376 2063 φόϐος
1406 1994 1744 2064 πανταχόθεν

165 2072 262 2122 καὶ
309 2071 530 2141 τρόμος,
585 2073 789 2142 ὑποψία
851 2075 944 2127 καὶ
988 2077 1215 2144 ἀγωνίαο
1263 2077 1389 2142 τοὺς
1437 2079 1744 2141 στενωποὺς

167 2151 391 2216 δέδοικε,
438 2155 538 2218 τὰς
598 2157 756 2220 σκιάς
784 2157 954 2221 αὐτάς
981 2158 1192 2229 τρέμει,
1220 2163 1344 2224 τοὺς
1373 2161 1590 2225 οἰκέτας
1619 2165 1742 2226 τοὺς

169 2231 382 2298 ἑαυτοῦ,
415 2235 540 2299 τούς
567 2239 892 2304 συνειδότας,
914 2241 1040 2304 τοὺς
1064 2243 1410 2310 ἀγνοοῦντας,
1429 2244 1526 2315 τὴν
1555 2244 1743 2316 ἠδικη-

171 2314 336 2382 μένην
359 2317 550 2388 αὐτὴν,
577 2319 669 2372 τὸν
699 2321 1026 2392 ὑϐρισμένον
1058 2324 1251 2394 άνδραυ
1272 2314 1619 2396 περιέρχεται
1649 2314 1736 2381 πι-

168 2397 298 2465 κρὸν
324 2401 627 2474 κατήγορον
656 2406 968 2477 περιφέρων
991 2407 1050 2459 τὸ
1081 2408 1336 2470 συνειδὸς,
1353 2409 1743 2482 αὐτοκατάκρι-

170 2494 262 2541 τος
289 2478 384 2540 ὢν,
416 2484 510 2535 καὶ
541 2484 662 2536 οὐδὲ
697 2487 891 2556 μικρὸν
925 2488 1258 2542 ἀναπνεῦσαι
1285 2490 1600 2560 δυνάμενος.
1633 2478 1742 2546 Καὶ

168 2561 278 2630 γάρ
316 2565 409 2615 καὶ
439 2565 533 2616 ἐπὶ
566 2566 771 2637 κλίνης,
805 2571 898 2622 καὶ
940 2573 998 2623 ἐν
1029 2572 1293 2644 τραπέζῃ,
1327 2575 1420 2626 καὶ⁵
1455 2576 1513 2626 ἑν
1542 2576 1737 2646 ἀγορᾷ,

167 2645 263 2696 καὶ
281 2646 338 2696 ὲν
357 2646 526 2715 οἰκίᾳ,
559 2650 652 2702 καὶ
678 2653 734 2703 ὲν
765 2653 963 2724 ήμέρᾳ,
995 2657 1089 2708 καὶ
1133 2657 1190 2709 ἐν
1225 2659 1398 2721 νυκτὶ,
1434 2659 1527 2712 καὶ
1555 2661 1612 2711 ἐν
1645 2645 1741 2712 αὐ-

165 2729 278 2810 τοῖς
298 2732 409 2791 τοῖς
436 2731 675 2802 ὀνείρασι
709 2735 968 2799 πολλάκις
999 2739 1067 2791 τά
1103 2740 1201 2810 τῆς
1243 2741 1514 2810 ἁμαρτίας
1547 2742 1740 2796 εἴδωλα

167 2807 258 2896 βλέ
271 2827 375 2896 πει,
410 2813 610 2896 καὶτὸν
638 2815 732 2868 τοῦ
763 2818 902 2871 Κάῖν
926 2817 990 2890 ζῇ
1029 2807 1166 2889 βίον,
1189 2807 1388 2876 στένων
1405 2825 1497 2877 καὶ
1522 2825 1742 2896 τρέμων

163 2890 258 2942 ἐπὶ
289 2893 390 2979 τῆς
427 2895 548 2979 γῆς,
583 2898 677 2949 καὶ
729 2900 956 2969 μηδενὸς
981 2903 1201 2967 εἰδότος.
1235 2905 1381 2960 ἔνδον
1398 2905 1511 2976 ἔχει
1542 2890 1604 2959 τὸ
1624 2890 1739 2979 πῦρ

167 2973 578 3056 συνειλεγμένον
609 2981 715 3034 άεί.
761 2983 930 3036 Τοῦτο
959 2985 1053 3036 καὶ
1076 2988 1124 3038 οί
1160 2973 1512 3056 ἁρπάζοντες,
1545 2990 1639 3042 καλ⁴
1692 2973 1739 3043 όι

167 3055 612 3124 πλεονεκτοῦντες
633 3064 922 3133 πάσχουσιο
950 3065 1110 3121 τοῦτο
1127 3055 1221 3122 καλ.
1247 3072 1296 3123 οί
1317 3073 1630 3142 μεθύοντες,
1646 3077 1741 3128 καὶ

163 3137 478 3229 Ξκαστοςλδὲ
522 3144 709 3209 ἁπλῶς
739 3148 848 3200 τῶν
886 3151 945 3202 ἑν
994 3152 1291 3223 ἁμαρτίαις
1318 3137 1562 3220 ζώντων·
1597 3137 1740 3229 ἀμή-

164 3239 326 3310 χανον
347 3224 456 3310 γὰρ
486 3229 660 3310 έκεῖνο
685 3231 1048 3304 διαφθαρῆναι
1087 3237 1146 3289 τὸ
1185 3237 1553 3310 δικαστήριον·
1603 3224 1739 3295 ἀλλά

162 3305 268 3392 κάν
299 3306 372 3392 μὴ
401 3309 675 3380 μετίωμεν
705 3313 804 3384 τὴν
835 3315 1054 3387 ἀρετὴν,
1070 3318 1218 3388 ὅμως
1243 3305 1739 3392 ὀδυνώμεθαλπεια

162 3387 225 3458 δὴ
261 3391 338 3476 μὴ
362 3394 763 3465 μετερχόμεθα,
787 3398 888 3451 κᾶν
918 3387 1195 3470 μετίωμεν
1225 3403 1326 3474 τὴν
1355 3387 1572 3469 κακίαν,
1591 3407 1739 3476 ὅμως

165 3475 504 3558 παυσάμενοι
525 3480 624 3549 τῆς
656 3480 848 3552 ἡδονῆς
879 3483 978 3553 τῆς
1014 3486 1157 3538 κατά
1183 3486 1280 3556 τὴν
1319 3475 1738 3558 ἁμαρτίαν,ίαί-

166 3556 474 3641 σθανόμεθα
501 3560 600 3630 τῆς
627 3561 838 3634 ὀδύνης.
867 3565 960 3635 Μὴ
1006 3565 1186 3620 τοίνυν
1217 3556 1461 3641 λέγωμεν
1492 3556 1739 3627 ἐπὶτῶν

164 3639 535 3694 πλουτούντων
565 3645 796 3698 ἐνταῦθα
843 3648 938 3700 καὶ
968 3639 1445 3722 πονηρευομένων,
1485 3656 1578 3708 καὶ
1629 3657 1737 3711 τῶν

160 3720 384 3774 δικαίων
415 3726 521 3778 τῶν
547 3726 926 3782 ἀπολαυόντων
967 3720 1123 3794 ἐκεῖ,
1149 3733 1231 3786 ὅτι
1267 3733 1325 3786 ἓν
1369 3734 1448 3796 ἓν,
1499 3735 1616 3789 ἀλλ’
1655 3740 1737 3791 ὅτι

161 3803 254 3858 δύο
301 3806 474 3860 οὐδέν.
508 3809 632 3872 Τοῖς
663 3810 762 3881 μὲν
792 3812 900 3883 γάρ
927 3815 1157 3879 δικαίοις
1187 3819 1279 3871 καὶ
1309 3821 1377 3870 τά
1414 3821 1529 3872 ἐκεῖ
1551 3823 1644 3874 καὶ
1667 3823 1738 3875 τά

165 3887 405 3974 ἐνταῦθα
429 3891 628 3961 πολλὴν
668 3895 896 3966 παρέχει
939 3896 1035 3968 τὴν
1077 3899 1290 3970 ἡδονήν·
1331 3903 1378 3953 οί
1407 3903 1463 3955 δὲ
1493 3905 1549 3956 ὲν
1575 3921 1738 3974 πονη-

165 3971 309 4038 ρίαις
325 3973 417 4024 καὶ
446 3974 504 4026 ἑν
524 3974 881 4043 πλεονεξίαις,
908 3981 1003 4033 καὶ⁵
1042 3981 1274 4036 ἐνταῦθα
1303 3984 1397 4037 καὶ
1432 3987 1549 4038 ἐκεῖ
1579 3971 1738 4041 κολά-

162 4054 364 4143 ζονται.
381 4055 483 4143 βαι
499 4058 606 4130 γὰρ
625 4061 719 4112 καὶ
743 4062 975 4116 ἐνταῦθα
998 4064 1316 4130 κολάζονται
1343 4071 1408 4139 τῇ
1442 4070 1738 4143 προσδοκίᾳ

161 4137 261 4220 τῆς
289 4139 408 4190 ἐκεῖ
424 4143 712 4211 τιμωρίας,
740 4145 832 4196 καὶ
872 4148 936 4216 τῇ
969 4150 1182 4219 πονηρᾷ
1213 4150 1366 4220 παρά
1385 4137 1604 4206 πάντων
1632 4137 1738 4207 ὁπλ-

159 4218 331 4306 οψίᾳὶ
364 4221 458 4306 καὶ
485 4222 634 4292 αὐτῷ
689 4225 765 4296 τῷ
794 4218 1130 4297 ἁμαρτάνειν
1163 4231 1257 4283 καὶ
1296 4218 1401 4304 τὴν
1436 4234 1614 4305 ψυχὴν
1638 4235 1736 4306 τὴν

163 4304 372 4390 ἑαυτῶν
392 4305 744 4378 διαφθείρεινο
768 4311 859 4362 καὶ
884 4312 1020 4380 μετά
1043 4313 1140 4384 τὴν
1156 4314 1403 4370 ἐντεῦθεν
1428 4304 1735 4390 ἀποδημίαν

160 4389 470 4460 ἀφορήτους
514 4390 843 4460 ὑπομένουσι
893 4397 1184 4466 τιμωρίας.
1230 4399 1398 4453 Πάλιν
1432 4403 1480 4454 οί
1514 4389 1733 4470 δίκαιοι,

160 4470 267 4523 κᾶν
300 4471 470 4541 μυρία
504 4472 788 4543 πάσχωσιν
836 4477 1069 4530 ἐνταῦθα
1111 4479 1281 4544 δεινά,
1317 4487 1579 4553 χρησταῖς
1619 4502 1736 4538 συν-

159 4553 452 4638 τρέφονται
507 4557 626 4638 ταῖς
682 4556 912 4622 ἐλπίσιν,
971 4559 1162 4631 ἡδονὴν
1212 4562 1428 4632 ἔχοντες
1464 4566 1732 4638 καθαράν,

163 4635 410 4704 βεϐαίαν,
434 4637 710 4708 ἀκίνητονο
742 4642 833 4693 καὶ
871 4643 1009 4711 μετά
1047 4643 1221 4697 ταῦτα
1249 4646 1316 4698 τά
1349 4650 1515 4719 μυρία
1539 4635 1734 4714 αὐτοὺς

161 4717 461 4782 διαδέξεται
486 4720 686 4804 άγαθά,
720 4723 971 4795 καθάπερ
992 4721 1084 4778 οὖν
1106 4727 1200 4780 καὶ
1223 4727 1313 4780 τὸν
1346 4717 1614 4801 Λάζαρον.
1643 4734 1732 4804 Μὴ

162 4801 270 4869 γάρ
312 4817 402 4869 μοι
423 4801 578 4854 τοῦτο
616 4803 796 4875 εἴπῃς,
824 4807 904 4858 ὅτι
929 4807 1160 4876 ἦλκωτο,
1189 4810 1324 4862 άλλά
1341 4811 1496 4864 τοῦτο
1518 4801 1730 4881 σκόπει,

161 4883 243 4935 ὅτι
273 4882 473 4969 χρυσοῦ
501 4884 700 4969 παντὸς
730 4888 1062 4960 τιμιωτέραν
1083 4890 1230 4945 ἔνδον
1262 4889 1374 4963 εἶχε
1404 4896 1504 4968 τὴν
1529 4900 1729 4969 ψυχήνο

163 4965 453 5052 μάλλονδὲ
499 4969 557 5052 οὐ
587 4967 684 5052 τὴν
730 4969 906 5052 ψυχὴν
950 4972 1129 5040 μόνον,
1160 4974 1294 5028 ἀλλὰ
1344 4979 1436 5031 καὶ
1459 4965 1542 5032 ’τὸ
1574 4965 1732 5052 σῶμα

161 5047 350 5132 αὐτοῦ’
369 5050 538 5132 ἀρετὴ
554 5050 661 5122 γὰρ
691 5051 941 5122 σώματος
960 5056 1020 5107 οὐ
1047 5057 1385 5128 πολυσαρκία
1407 5063 1499 5114 καὶ
1528 5047 1730 5132 εὐεξία,

160 5128 298 5181 ἀλλὰ
327 5129 590 5194 τοσαύτας
647 5135 741 5186 καὶ
795 5136 1048 5200 τοιαύτας
1077 5139 1263 5208 φέρειν
1319 5141 1604 5211 βασάνους.
1633 5128 1732 5201 ⁷Οὐ

161 5216 290 5282 γὰρ,
309 5211 364 5263 εί
387 5229 470 5275 τις
492 5215 584 5266 ἐπὶ
613 5216 706 5269 τοῦ
735 5215 988 5288 σώματος
1028 5222 1318 5292 τραύματα
1347 5225 1458 5295 ἔχοι
1484 5229 1731 5298 τοιαῦτα,

161 5295 450 5385 βδελμκτδς
478 5297 508 5349 ὁ
535 5298 793 5385 τοιοῦτος’
826 5299 1029 5385 mter
1056 5319 1141 5366 τις
1164 5306 1255 5357 ἐπὶ
1276 5307 1373 5376 τῆς
1395 5307 1570 5381 ψυχῆς
1599 5295 1733 5385 ελκή

163 5377 333 5459 μυρία
361 5376 521 5446 ἔχων,
551 5377 818 5449 μηδεμίαν
838 5381 1015 5435 αὐτῶν
1030 5386 1345 5454 ἐπιμέλειαν
1367 5376 1593 5444 ποιοί-το·
1623 5376 1734 5459 οἷος

162 5457 225 5530 ἦν
266 5462 528 5522 ἐκεῖνος-ό
546 5460 820 5528 πλούσιος,
854 5462 1064 5519 ἔνδοθεν
1093 5468 1404 5539 ήλκωμένος
1433 5474 1595 5539 ἄπας.
1624 5457 1734 5533 Καὶ

223 5685 254 5715 ⁸
276 5687 373 5744 Ῑὸι
385 5687 632 5748 βασιλικόν
651 5689 795 5740 deest
812 5692 862 5740 In
888 5692 1037 5742 Savil.
1063 5701 1114 5743 et
1137 5697 1295 5745 tribus
1315 5712 1428 5747 ms.

458 5796 729 5858 ΡΔτιιοι.
778 5799 896 5860 Gn.
938 5800 1220 5861 XLVIII.

1392 301 1477 356 DE
1516 303 1794 362 LAZARO
1834 309 2085 366 CONCIO
2123 312 2164 365 1.

3311 316 3414 367 980

1846 420 2098 492 καθάπερ
2127 424 2176 474 οί
2214 421 2372 486 κύνες
2407 422 2596 476 τούτου
2633 425 2966 496 περιέλειχον
3005 433 3072 485 τὰ
3107 430 3413 501 τραύματα,

1845 511 2018 576 οὓτως
2051 513 2260 567 ἐκείνου
2289 513 2622 584 δαίμονεςτά
2646 519 3035 591 ἁμαρτήματα·
3059 521 3154 574 καὶ
3169 522 3418 596 καθάπερ

1846 600 1996 670 οὗτος
2014 606 2071 658 ἐν
2089 606 2233 676 λιμῷ
2262 609 2489 680 τροφῆς,
2520 609 2693 674 οὕτως
2723 615 2930 677 ἐκεῖνος
2967 615 3025 666 ἑν
3062 612 3205 685 λιμῷ
3241 616 3419 687 πάσης

1847 698 2048 770 ἀρετῆς
2075 698 2191 769 ἔζη·
2915 703 2937 716 ’

1909 821 2002 876 ιϐ’.
2020 821 2184 875 Ταῦτ’
2210 816 2304 875 οὖν
2331 821 2528 886 εἰδότες
2559 822 2772 876 ἅπαντα
2800 823 3196 894 φιλοσοφῶμεν,
3225 828 3316 880 καὶ
3341 831 3422 902 μὴ

1845 915 2112 985 λέγωμεν,
2137 917 2219 969 ὅτι
2247 919 2294 968 εί
2321 915 2411 968 τὸν
2436 916 2581 969 δεῖνα
2609 917 2782 984 ἑφὶλει
2810 918 3004 980 ὁΘεὸς,
3030 921 3129 973 οὐκ
3163 921 3229 974 ἂν
3255 921 3426 976 αὐτὸν

1845 1010 2022 1077 ἀφῆκε
2041 1006 2294 1075 γενέσθαι
2316 1008 2539 1077 πένητα.
2573 1009 2713 1061 Αὐτὸ
2743 1010 2841 1078 μὲν
2869 1006 2959 1062 οὖν
2981 1011 3137 1063 τοῦτο
3163 1013 3416 1082 μέγιστον

1846 1093 2064 1164 ἀγάπης
2099 1093 2396 1165 τεκμήριόν
2437 1097 2603 1148 ἐστιν·
2648 1099 2755 1150 Ὃν
2786 1103 2896 1168 γὰρ
2932 1099 3134 1170 ἀγαπᾷ
3183 1103 3418 1180 Κύριοςν

1846 1184 2130 1239 παιδεύειο
2160 1187 2447 1256 μαστιγοῖ
2485 1188 2554 1241 δὲ
2583 1189 2783 1244 πάντα
2811 1193 2964 1256 υἱὸν,
2995 1194 3068 1247 ὃν
3091 1197 3390 1266 παραδέχε

1848 1294 1957 1329 ται.
1997 1276 2145 1349 [725]
2180 1279 2290 1332 Καὶ
2318 1280 2497 1346 πάλιν,
2535 1282 2773 1346 Τέκνον,
2801 1284 2908 1338 ἐὰν
2935 1289 3238 1356 προσέρχῃ
3278 1288 3417 1342 δου-

1846 1371 2050 1423 ,ιίεὐειν
2085 1374 2297 1438 Κιφίῳ,
2321 1373 2644 1442 ἐτοΙμασον
2673 1376 2787 1444 τὴν
2808 1378 3019 1446 ψυχήν
3039 1397 3154 1432 σου
3180 1383 3267 1445 εἰς
3303 1397 3419 1434 πει-

1839 1461 2100 1530 ρασμόν,
2129 1464 2392 1518 εὔθυνον
2414 1466 2530 1533 τὴν
2556 1468 2811 1537 καρδίαν
2832 1486 2970 1532 σου,
3009 1472 3104 1526 καὶ
3137 1488 3390 1542 καρτερη
3409 1504 3420 1513 -

1846 1569 1982 1609 σον.
2026 1555 2374 1628 Ἐκϐάλωμεν
2399 1555 2513 1622 οῦν,
2546 1561 2842 1630 ἀγαπητοὶ,
2870 1562 2968 1626 τὰς
2996 1566 3258 1635 περιττὰς
3299 1568 3419 1620 ταύ-

1845 1665 1944 1711 τας
1967 1648 2263 1719 προλήψεις
2285 1652 2379 1719 ἀφ’
2396 1651 2626 1716 ἑαυτῶν,
2652 1654 2745 1706 καὶ
2768 1653 2836 1708 τὰ
2874 1654 3098 1726 δημώδη
3127 1656 3296 1711 ταῦτα
3325 1662 3418 1728 ρή-

1851 1753 2014 1804 ματα.
2053 1741 2386 1808 Αίσχρότης
2421 1744 2550 1814 γὰρ,
2582 1743 2737 1815 φησὶ,
2774 1747 2874 1800 καὶ
2909 1749 3267 1817 μωρολογία,
3319 1750 3418 1802 καὶ

1846 1828 2208 1894 εὐτραπελία
2245 1830 2331 1898 μὴ
2385 1833 2802 1900 ἐκπορευέσθω
2853 1837 2923 1889 ἐκ
2967 1837 3074 1890 τοῦ
3122 1840 3418 1907 στόματος

1846 1914 2030 1982 ὑμῶν.
2061 1918 2214 1988 Μήτε
2241 1915 2333 1972 οῦν
2360 1922 2515 1980 αὐτοὶ
2537 1922 2710 1976 ταῦτα
2729 1923 2996 1995 λέγωμεν,
3021 1926 3156 1980 ἀλλὰ
3185 1927 3286 1982 κᾶν
3306 1931 3419 1982 ἑτὲο

1849 2026 1974 2078 ρους
2004 2009 2203 2080 ἴδωμεν
2234 2012 2409 2066 ταῦτα
2431 2012 2710 2080 λέγοντας,
2737 2015 3199 2086 ἑπιστομίσωμεν,
3228 2019 3418 2082 κατεξο

1846 2102 2164 2172 αναστῶμεν
2197 2103 2460 2174 σφοδρῶς,
2493 2105 2802 2176 ὲπίσχωμεν
2831 2106 2928 2178 τὴν
2950 2109 3300 2179 ἀναίσχυντον
3322 2113 3416 2163 αὐ-

1847 2193 1954 2246 τῶν
1977 2193 2242 2262 γλῶτταν.
2283 2194 2351 2248 Εἴ
2376 2213 2501 2250 τινα
2528 2196 2672 2268 ἴδῃς,
2697 2199 2816 2252 εἰπέ
2845 2217 2953 2269 μοι,
2984 2199 3285 2273 λῄσταρχον
3314 2221 3416 2256 κα-

1846 2287 2179 2358 τατρέχοντα
2205 2287 2303 2353 τὰς
2347 2289 2522 2352 ὀδοὺς,
2569 2293 2680 2353 τοῖς
2721 2291 3010 2361 παριοῦσιν
3040 2293 3415 2363 ἐφεδρεύοντα,

1844 2379 1912 2432 τά
1944 2381 2008 2432 ὲκ
2040 2379 2149 2434 τῶν
2176 2381 2360 2451 ἀγρῶν
2389 2381 2724 2451 ἁρπάζοντα,
2753 2385 2832 2447 εἰς
2863 2385 3100 2454 σπήλαια
3126 2389 3218 2440 καὶ
3251 2404 3416 2440 κατα·

1843 2467 2021 2532 δύσεις
2045 2471 2262 2542 χρυσίον
2279 2472 2373 2525 καὶ
2396 2471 2655 2544 ἀργύριον
2671 2475 3084 2544 κατορύττοντα,
3109 2477 3201 2531 καὶ
3221 2478 3416 2547 ἀγέλας

1845 2561 2204 2616 ἀποκλείοντα
2229 2563 2430 2626 πολλάς
2461 2564 2597 2627 ἐκεῖ,
2639 2566 2733 2618 καὶ
2761 2567 2950 2636 ἱμάτια
2985 2570 3078 2621 καὶ
3110 2571 3414 2641 ἀνδράποδα

1845 2652 2015 2704 πολλὰ
2047 2655 2382 2722 κεκτημένον
2416 2656 2478 2707 ὲκ
2505 2657 2601 2725 τῆς
2643 2658 2990 2728 καταδρομῆς
3038 2661 3271 2730 ἐκείνης,
3308 2659 3416 2733 ἆρα

1844 2744 2026 2807 αὐτὸν,
2053 2745 2173 2796 εἰπέ
2197 2763 2307 2814 μοι,
2338 2746 2663 2818 μακαρίζεις
2695 2749 2782 2809 διά
2813 2749 2903 2802 τὸν
2942 2749 3167 2805 πλοῦτον
3189 2753 3413 2818 ἐκεῖνον,

1843 2833 2214 2902 ῆταλανίζεις
2257 2836 2344 2889 διὰ
2393 2837 2489 2908 τὴν
2539 2839 2842 2908 μέλλουσαν
2887 2841 3047 2894 αὐτὸν
3081 2842 3416 2913 διαδέχεσθαι

1843 2924 2030 2993 δίκην;
2063 2926 2256 2979 Καίτοι
2283 2926 2435 2982 οὔπω
2457 2931 2824 3001 συνείληπται,
2863 2934 2982 2987 οὐδὲ
3012 2936 3090 2996 εἰς
3117 2939 3302 3006 χεῖρας
3320 2935 3416 2990 τοῦ

1842 3016 2096 3069 δικαστοῦ
2128 3018 2508 3087 παραδέδοται,
2544 3021 2665 3074 οὐδὲ
2705 3025 2783 3086 είς
2822 3023 3196 3095 δεσμωτήριον
3229 3027 3413 3079 ἑνέπε-

1845 3124 1956 3171 σεν,
1985 3109 2100 3161 οὐδὲ
2122 3112 2426 3181 κατήγορον
2455 3113 2634 3183 ἔσχεν,
2668 3115 2788 3167 οὐδὲ
2821 3116 2925 3169 ὑπὸ
2957 3115 3135 3188 ψῆφον
3173 3119 3412 3186 ἐγένετο,

1843 3200 1979 3254 ἀλλά
2000 3205 2200 3272 τρυφᾷ,
2223 3203 2435 3273 μεθύει,
2473 3206 2732 3277 εὐπορίας
2762 3207 3023 3261 ἀπολαύει
3045 3209 3266 3279 πολλῆς·
3301 3211 3415 3264 ἀλλ’

1841 3293 1990 3363 ὅμως
2021 3293 2081 3345 οὐ
2111 3295 2200 3348 διὰ
2226 3296 2292 3348 τά
2321 3296 2565 3366 παρόντα
2606 3297 2700 3350 καὶ
2728 3299 2796 3352 τά
2822 3299 3075 3370 ὁρώμενα
3115 3303 3274 3356 αὐτὸν
3311 3320 3416 3374 μαι

1843 3385 2160 3455 καρίζομεν,
2182 3387 2320 3440 άλλᾶι
2349 3387 2436 3441 διὰ
2461 3387 2530 3440 τά
2573 3389 2837 3458 μέλλοντα
2867 3392 2962 3446 καὶ
2990 3393 3416 3464 προσδοκώμενα

1841 3477 2212 3550 ταλανίζομεν.

1911 3591 2080 3644 Τοῦτο
2109 3593 2204 3645 καὶ
2227 3593 2318 3646 ἑπὶ
2341 3592 2448 3647 τῶν
2480 3593 2853 3650 πλουτούντων
2895 3598 2990 3651 καὶ
3029 3597 3413 3656 πλεονεκτούν-

1838 3699 1947 3736 των
1999 3683 2232 3752 λόγισαι.
2283 3686 2489 3756 Λῃσταί
2519 3687 2663 3749 τινές
2689 3688 2824 3742 εἰσιν
2851 3689 2991 3752 ὁδοῖς
3011 3690 3411 3765 ἐφεδρεύοντες,

1839 3775 1908 3826 τὰ
1964 3776 2073 3828 τῶν
2136 3777 2441 3847 παριόντων
2498 3778 2855 3849 ἁρπάζοντες,
2903 3781 3092 3850 ὥσπερ
3150 3785 3209 3838 ἑν
3275 3801 3414 3856 σπη-

1839 3866 2011 3930 λαίοις
2063 3867 2156 3920 καὶ
2208 3869 2555 3933 καταδύσεσι,
2586 3873 2697 3934 τοῖς
2745 3872 2954 3930 ἑαυτῶν
2996 3873 3260 3944 θαλάμοις
3283 3893 3414 3930 κατ-

1839 3957 2158 4027 ορύττοντες
2196 3959 2295 4022 τὰς
2349 3959 2550 4027 ἐτέρων
2593 3963 2926 4032 περιουσίας.
2962 3963 3052 4034 Μὴ
3100 3964 3279 4018 τοίνυν
3306 3983 3413 4037 μα-

1843 4048 2158 4120 καρίζωμεν
2191 4051 2390 4114 αὐτοὺς
2430 4051 2518 4104 διὰ
2549 4050 2620 4104 τά
2649 4053 2912 4122 παρόντα,
2946 4053 3082 4107 ἀλλὰ
3104 4056 3406 4120 ταλανίζω-

1843 4157 1943 4211 μεν
1970 4140 2056 4192 διά
2078 4139 2146 4193 τὰ
2169 4140 2450 4211 μέλλοντα,
2479 4142 2568 4195 διὰ
2599 4142 2661 4196 τὸ
2691 4143 2918 4214 φοϐερὸν
2949 4144 3124 4200 ἑκεῖνο
3156 4145 3409 4216 δικαστή-

1841 4249 1978 4302 ριον,
2001 4231 2090 4286 διὰ
2141 4232 2240 4296 τὰς
2281 4235 2689 4306 ἀπαραιτήτους
2718 4235 2967 4300 εὐθύνας,
2995 4235 3084 4290 διὰ
3115 4237 3179 4290 τὸ
3221 4238 3412 4303 σκότος

1837 4323 1901 4376 τὺ
1933 4322 2214 4396 ἐξώτερον,
2264 4325 2293 4378 δ
2335 4324 2516 4397 μέλλει
2560 4327 2756 4391 αὐτοὺς
2798 4327 3171 4398 ὑποδέχεσθαι.
3217 4329 3408 4384 Καίτοι

1838 4416 1888 4468 οί
1930 4416 2027 4486 μὲν
2081 4416 2275 4487 λῃσταὶ
2321 4417 2579 4481 πολλάκις
2635 4418 2894 4488 ἐξέφυγον
2942 4419 3244 4490 ἀνθρώπων
3295 4424 3407 4492 χεῖ-

1840 4525 1958 4578 ρας·
1992 4509 2104 4562 ἀλλ’
2132 4511 2280 4580 ὅμως
2332 4511 2425 4563 καὶ
2470 4509 2628 4564 τοῦτο
2661 4511 2880 4574 ειδότες,
2941 4512 3036 4564 καὶ
3065 4512 3275 4574 ἑαυτοῖς
3317 4514 3412 4566 καὶ

1837 4600 2049 4672 ἑχθροϊς
2099 4600 2452 4673 ἀπευξάμεθα
2495 4601 2560 4656 ἂν
2582 4602 2672 4656 τὸν
2731 4603 2954 4656 ἐκείνων
2999 4602 3132 4672 βίον,
3181 4603 3273 4657 καὶ
3312 4603 3412 4675 τὴν

1837 4692 2091 4763 εὐπορίαν
2144 4693 2243 4764 τὴν
2302 4695 2596 4763 ἐπάρατον.
2665 4694 2787 4748 Ἐπὶ
2838 4693 2896 4748 δὲ
2962 4693 3058 4747 τοῦ
3112 4693 3248 4746 Θεοῦ
3313 4695 3412 4747 οὐκ

1836 4783 1950 4836 ἔστι
1977 4782 2134 4836 τοῦτο
2178 4786 2371 4838 εἰπεῖν·
2404 4784 2578 4848 οὐδεὶς
2609 4785 2718 4855 γὰρ
2748 4784 2912 4840 αὐτοῦ
2951 4784 3293 4854 διαφεύξεται
3317 4785 3413 4856 τὴν

1833 4873 2032 4944 ψῆφον,
2053 4875 2188 4930 ἀλλὰ
2219 4878 2416 4939 πάντες
2438 4876 2654 4938 πάντως
2678 4877 2726 4930 οί
2750 4877 2808 4930 ἑν
2839 4874 3172 4940 πλεονεξίαις
3204 4876 3299 4929 καὶ
3316 4876 3410 4946 ἀρ-

1835 4966 2038 5032 παγαῖς
2071 4965 2272 5029 ζῶντες
2299 4965 2398 5036 τὴν
2445 4967 2579 5036 παρ’
2619 4963 2783 5018 αὐτοῦ
2833 4963 2990 5035 δίκην
3016 4964 3412 5020 ἑπισπάσονται

1834 5056 1932 5126 τὴν
1974 5056 2240 5110 ἀθάνατον
2283 5056 2500 5125 ἐκείνην
2557 5057 2655 5110 καὶ
2683 5055 2836 5118 τέλος
2868 5056 2968 5109 οὐκ
3000 5055 3250 5126 ἔχουσαν,
3307 5074 3410 5110 κα-

1835 5147 2013 5217 θάπερ
2042 5142 2136 5200 οὖν
2157 5146 2253 5201 καὶ
2287 5149 2317 5200 ό
2343 5147 2594 5209 πλούσιος
2620 5148 2848 5210 ἐκεῖνος.
2873 5148 3050 5219 ’Δπερ
3081 5145 3174 5202 οὖν
3197 5149 3408 5206 ἅπαντα

1835 5241 1966 5310 παρ’
2019 5240 2230 5302 ἑαυτοῖς
2295 5238 2657 5306 συλλέγοντες,
2715 5240 3003 5310 ἀγαπητοὶ,
3060 5239 3134 5309 μὴ
3185 5241 3311 5302 τοὺς
3349 5243 3407 5301 έν

1836 5331 2069 5403 πλούτῳ,
2103 5331 2239 5384 ἀλλὰ
2269 5333 2392 5394 τοὺς
2424 5332 2482 5383 ἑν
2513 5331 2678 5402 ἀρετῇ
2741 5329 2946 5395 ζῶντας
2996 5328 3403 5399 μακαρίζωμεν·

1839 5425 1913 5495 μὴ
1942 5425 2066 5486 τοὺς
2094 5425 2150 5476 ἑν
2183 5423 2358 5494 πενίᾳ,
2389 5423 2524 5478 ἀλλὰ
2559 5425 2683 5486 τοὺς
2731 5424 2787 5475 ὲν
2818 5421 2986 5492 κακίᾳ
3012 5421 3402 5491 ταλανίζωμεν·

1841 5515 1916 5585 μὴ
1945 5515 2012 5566 τὰ
2041 5514 2283 5585 παρόντα
2339 5514 2645 5585 βλέπωμεν,
2695 5513 2832 5567 ἀλλὰ
2865 5513 2934 5566 τὰ
2987 5511 3246 5582 μέλλοντα
3283 5529 3407 5565 σκο-

1839 5605 2047 5673 πῶμεν·
2085 5605 2158 5675 μὴ
2205 5605 2302 5674 τὴν
2331 5603 2526 5668 ἔξωθεν
2558 5605 2866 5676 περιϐολὴν,
2903 5603 3038 5657 ἀλλὰ
3075 5604 3136 5656 τὸ
3174 5602 3405 5658 ἑκάστου

1842 5697 2077 5760 συνειδὸς
2104 5695 2462 5766 ἐξετάζωμεν,
2491 5696 2583 5751 καὶ
2611 5696 2708 5768 τὴν
2753 5698 2818 5750 ἑκ
2841 5695 2950 5750 τῶν
2972 5695 3407 5767 κατορθωμάτων

3039 5791 3117 5850 ‘29
