3862 6228
432 271 528 328 98!

429 385 629 458 ἀρετὴν
664 386 758 440 καὶ
791 387 964 458 χαρὰν
1003 386 1312 453 διώκοντες,
1355 387 1690 458 ζηλώσωμεν
1720 391 1813 443 τὸν
1839 390 2020 453 Λάζα-

432 482 524 538 ρον
550 470 642 522 καὶ
675 469 918 523 πλούσιοι
947 471 1042 524 καὶ
1072 471 1320 541 πένητες.
1342 473 1416 523 Οὐ
1446 470 1554 547 γὰρ
1576 472 1672 525 ἕνα
1701 473 1907 526 καὶδύο
1926 474 2020 528 καὶ

427 554 578 623 τρεῖς
618 553 777 622 μόνον
812 549 985 617 οὗτος,
1014 555 1182 608 νιάλλά
1229 555 1511 619 πλείστους
1569 556 1763 620 ἄθλους
1818 558 2018 628 ἀρετῆς

429 633 690 704 ὑπέμενε,
719 637 817 705 τὴν
853 637 1042 690 πενίαν
1071 637 1234 706 λέγω,
1268 640 1366 710 τὴν
1387 640 1722 710 ἀρρωστίαν,
1759 641 1857 710 τὴν
1891 643 2018 712 ἐρη-

433 721 563 790 μίαν
588 721 697 774 τῶν
744 723 1224 792 προστησομένων,
1284 725 1344 777 τὸ
1379 725 1438 776 ἐν
1468 726 1615 795 οίκίᾳ
1647 726 1916 801 δυναμένῃ
1949 728 2017 781 τά

426 802 654 856 τοιαῦτα
684 803 874 857 σϐέσαι
922 806 1068 858 κακά
1093 805 1308 861 ἅπαντα
1345 809 1634 878 ὑπομεῖναι
1664 811 1866 875 ἐκεῖνα,
1921 811 2016 863 καὶ

431 887 658 956 μηδενὸς
689 889 768 950 είς
805 890 1159 959 παραμυθίας
1190 891 1346 960 λόγον
1374 891 1679 956 ἀξιοῦσθαι,
1715 894 1774 945 τὸ
1806 895 2016 962 τρυφῆς

427 969 697 1040 τοσαύτης
729 972 1071 1027 ἀπολαύοντα
1109 974 1201 1027 τὸν
1233 975 1588 1046 ὑπερορῶντα
1638 977 1790 1046 ὁρᾷν,
1832 977 1925 1029 καὶ
1953 978 2013 1029 οὐ

426 1055 638 1125 τρυφῆς
653 1055 996 1110 ἀπολαύοντα
1019 1059 1197 1128 μόνον,
1221 1059 1356 1112 ἀλλά
1374 1059 1467 1112 καὶ
1487 1061 1544 1112 ἐν
1565 1059 1796 1131 πονηρίᾳ
1815 1059 2011 1124 ζῶντα,

427 1137 523 1190 καὶ
559 1139 721 1208 μηδὲν
778 1139 1052 1210 πάσχοντα
1095 1141 1286 1194 δεινόν’
1334 1141 1396 1194 τὸ
1428 1141 1518 1194 καὶ
1555 1143 1628 1212 μὴ
1678 1143 1812 1213 πρὸς
1863 1142 2011 1214 [726]

427 1222 677 1291 Λάζαρον
701 1222 888 1292 ἕτερον
911 1223 1056 1292 ἔχειν
1081 1223 1227 1286 ίδεῖν,
1243 1224 1303 1275 τὸ
1329 1225 1495 1294 μηδὲν
1515 1226 1640 1295 περὶ
1668 1225 2015 1288 ἀναστάσεως

425 1301 684 1356 δύνασθαι
712 1304 1042 1373 φιλοσοφεῖν,
1084 1305 1145 1356 τὸ
1199 1307 1340 1374 μετὰ
1361 1305 1469 1359 τῶν
1499 1308 1806 1377 εἰρημένων
1829 1309 2014 1362 κακῶν

427 1385 521 1437 καὶ
561 1387 802 1457 πονηρὰν
828 1386 978 1458 παρά
1022 1390 1136 1450 τοὶς
1183 1387 1395 1452 πολλοῖς
1438 1389 1546 1441 ἀπὸ
1574 1390 1684 1442 τῶν
1717 1390 2014 1459 συμφτρῶν

425 1467 652 1519 ἐκείνων
681 1469 976 1538 λαμϐάνειν
1005 1468 1270 1540 ὑπόληψιν
1299 1483 1346 1534 ι,
1383 1470 1443 1524 τὸ
1496 1471 1570 1542 μὴ
1613 1473 1773 1542 μέχρι
1796 1472 1890 1524 δύο
1918 1474 2013 1525 καὶ

425 1550 592 1621 τριῶν
617 1552 862 1622 ἡμερῶν,
897 1552 1032 1606 ἀλλά
1049 1553 1137 1606 διὰ
1170 1554 1368 1617 παντὸς
1389 1553 1483 1607 τοῦ
1521 1555 1656 1624 βίου,
1704 1555 1798 1608 καὶ
1822 1555 2012 1610 ἐαυτὸν

428 1635 486 1685 ἐν
511 1633 742 1697 τούτοις,
775 1636 869 1688 καὶ
906 1635 996 1688 τὸν
1033 1635 1286 1690 πλούσιον
1312 1637 1371 1688 ἐν
1409 1639 1522 1699 τοῖς
1565 1637 1826 1700 ἐναντίοις
1856 1639 2010 1709 ὀρᾷν.

428 1717 564 1770 Τίνα
599 1714 691 1770 οὑν
750 1718 941 1789 ἕξομεν
977 1721 1296 1789 ἀπολογίαν.
1350 1722 1398 1773 εί
1431 1720 1623 1774 τούτου
1671 1721 1847 1774 πάντα
1877 1721 2013 1792 ὁμοῦ

428 1800 496 1854 τά
520 1800 667 1854 δεινά
685 1803 822 1870 μετά
844 1804 1112 1874 τοσαύτης
1130 1807 1388 1875 φέροντος
1411 1803 1684 1874 ἀνδρείας,
1705 1806 1865 1874 ἡμεῖς
1881 1804 2016 1874 μηδὲ

427 1882 495 1936 τὰ
524 1883 696 1954 ἡμίση
715 1885 916 1939 τούτων
954 1887 1174 1958 οἴσομεν
1203 1905 1216 1953 ;
1257 1888 1331 1940 Οὐ
1369 1887 1480 1958 γάρ
1531 1885 1708 1956 ἔχεις,
1739 1888 1839 1940 οὐκ
1871 1888 2018 1957 έχεις

490 2069 512 2094 ⁸
533 2068 632 2121 Alii
655 2070 776 2131 ἔχειν
796 2069 932 2115 ὑπολ.

1187 284 1244 338 S.
1285 280 1568 338 JOANNIS
1607 277 2012 337 CHRYSOSTO

2131 277 2450 334 ARCHIEP.
2493 275 3042 333 CONSTANTINOP.

3615 288 3726 345 983

2119 392 2308 460 δεῖξαι.
2365 394 2485 448 οὐδὲ
2519 396 2692 448 είπεῖν
2732 398 2888 451 ἄλλον
2937 400 3054 452 τινὰ
3087 401 3326 455 τοσαῦτα
3359 402 3453 456 καὶ
3483 407 3724 458 τοιαῦτα

2119 479 2425 532 πεπονθότα
2461 483 2626 534 κακά.
2659 482 2756 535 Διά
2795 483 2904 553 γάρ
2935 484 3095 538 τοῦτο
3120 487 3280 539 αὑτὸν
3307 488 3399 539 καὶ
3423 489 3506 551 είς
3545 492 3714 558 μέσοι

2117 561 2426 632 προῦθηκεν
2467 566 2495 616 ὁ
2529 567 2784 634 Χριστὸς,
2837 569 2924 621 ἵνα
2961 569 3204 640 ὅπουπερ
3258 570 3324 623 ἂν
3378 571 3723 641 ἐμπέσωμεν

2116 645 2224 698 τῶν
2277 646 2486 707 δεινῶν,
2537 649 2770 718 ὁρῶντες
2822 651 2977 721 παρὰ
3031 653 3209 722 τούτῳ
3262 653 3360 723 τὴν
3400 655 3724 725 ὑπερϐολὴν

2115 725 2281 782 οὖσαν
2312 730 2424 783 τῶν
2443 731 2696 800 θλίψεων,
2723 735 2910 804 ἱκανὴν
2932 737 2995 786 ἐκ
3013 736 3114 805 τῆς
3143 737 3352 790 ἐκείνου
3384 739 3720 808 φιλοσοφίας

2116 813 2210 864 καὶ
2234 813 2509 883 ὑπομονῆς
2538 816 2898 886 ἀναλάϐωμεν
2946 819 3291 889 παράκλησιν
3320 821 3412 873 καὶ
3449 838 3604 892 παρα
3615 842 3728 892 μυο

2117 895 2258 949 θίαν’
2293 897 2471 959 κοινὸς
2503 897 2613 968 γὰρ
2642 898 2740 968 τῆς
2770 901 3098 971 οἰκουμένης
3142 901 3461 966 διδάσκαλος
3493 906 3672 974 πρόκε
3685 924 3730 956 ι-

2114 997 2204 1032 ται
2230 983 2342 1042 τοῖς
2360 980 2539 1033 ὁτιοῦν
2564 983 2833 1052 πάσχουσι
2865 985 3059 1048 δεινὸν,
3095 985 3232 1056 πρὸς
3254 987 3416 1039 αὐτὸν
3447 991 3728 1058 παρέχων

2117 1064 2282 1115 πᾶσιν
2313 1065 2465 1132 ὁρᾷν,
2497 1065 2590 1116 καὶ
2622 1065 2831 1129 πάντας
2853 1067 3048 1129 αὐτοὺς
3066 1067 3232 1120 νικῶν
3254 1071 3319 1138 τῇ
3343 1069 3452 1122 τῶν
3486 1073 3728 1123 οίκείων

2115 1144 2303 1198 κακῶν
2351 1147 2648 1218 ὑπερϐολῇ.
2692 1149 2865 1219 ’Υπὲρ
2921 1150 2983 1221 δὴ
3009 1149 3215 1203 τούτων
3250 1151 3504 1204 ἁπάντων
3544 1153 3727 1222 εὐχαο

2117 1230 2469 1299 ριστήσαντες
2493 1231 2570 1300 τῷ
2593 1231 2958 1304 φιλανθρώπῳ
2987 1234 3126 1303 Θεῷ,
3162 1237 3587 1305 καρπωσώμεθα
3612 1239 3726 1306 τὴν

2114 1312 2178 1362 ἐκ
2233 1311 2321 1363 τοῦ
2349 1312 2685 1382 διηγήματος
2717 1315 3008 1384 ὠφέλειαν,
3042 1319 3280 1386 συνεχῶς
3314 1319 3473 1370 αὐτὸν
3506 1321 3605 1371 καί
3653 1323 3724 1372 ἐν

2115 1393 2433 1464 συνεδρίοις,
2465 1398 2556 1449 καὶ
2587 1399 2644 1449 ἐν
2670 1400 2834 1469 οἰκίᾳ,
2874 1399 2966 1451 καὶ
2996 1400 3054 1452 ὲν
3082 1402 3276 1470 ἀγορᾷ,
3309 1403 3402 1454 καὶ
3426 1403 3721 1470 πανταχοῦ

2113 1479 2522 1549 περιφέροντες,
2551 1482 2645 1534 καὶ¹
2681 1485 2817 1552 μετά
2840 1484 3124 1555 ἀκριϐείας
3143 1485 3359 1538 ἃπαντα
3395 1488 3487 1538 τὸν
3517 1489 3584 1539 ἐκ
3611 1488 3724 1555 τῆς

2114 1563 2431 1633 παραϐολῆς
2461 1565 2664 1636 ταύτης
2687 1568 3200 1637 καταμανθάνοντες
3223 1570 3475 1637 πλοῦτον,
3501 1572 3591 1623 ἵνα
3617 1573 3721 1624 καὶ

2112 1647 2181 1698 τά
2231 1647 2471 1716 παρόντα
2501 1648 2724 1714 ἀλύπως
2758 1652 3210 1724 παραδράμωμεν
3263 1655 3430 1717 δεινὰ,
3465 1658 3559 1708 καὶ
3599 1657 3720 1709 τῶν

2119 1727 2423 1796 μελλόντων
2478 1733 2825 1803 ἐπιτύχωμεν
2859 1735 3102 1803 ἀγαθῶνο
3139 1730 3212 1789 ὧν
3246 1737 3455 1804 γένοιτο
3497 1739 3719 1800 πάντας

2115 1813 2264 1882 ἡμᾶς
2301 1813 2632 1884 ἀξιωθῆναι,
2687 1818 2871 1889 χάριτι
2911 1820 3000 1872 καὶ
3047 1818 3426 1892 φιλανθρωπίᾳ
3465 1822 3557 1874 τοῦ
3593 1824 3716 1874 Ku-

2120 1894 2235 1962 ρίου
2267 1895 2423 1965 ὴμῶν
2451 1899 2625 1966 Ἰησοῦ
2657 1901 2915 1971 Χριστοῦ.
2971 1902 3090 1971 μεθ’
3148 1897 3210 1955 οὑ
3232 1903 3310 1973 τῷ
3358 1905 3558 1975 Πατρὶ,
3593 1906 3716 1975 ἅμα

2119 1975 2198 2046 τῷ
2227 1977 2366 2048 ἁγίῳ
2399 1981 2864 2051 Πνεύματι,δόξα,
2888 1984 3042 2055 τιμὴ,
3073 1985 3461 2056 προσκύνησις,
3487 1988 3584 2040 νῦν
3615 1990 3718 2042 καὶ

2120 2060 2227 2124 ἀεὶ,
2261 2062 2355 2114 καὶ
2381 2064 2463 2127 είς
2492 2066 2616 2128 τούς
2645 2065 2848 2129 αἰῶνας
2885 2067 2993 2120 τῶν
3035 2067 3264 2122 αἰώνων.
3311 2071 3500 2140 Ἀμήν.

431 2582 534 2646 Εἰς
568 2581 671 2634 τὸν
695 2580 954 2650 Λάζαρον
983 2583 1159 2648 λόγος
1198 2579 1492 2649 δεύτερος.
1550 2580 1647 2632 καὶ
1712 2579 1799 2631 ὅτι
1837 2582 1895 2631 al
1935 2578 2127 2647 ψυχαὶ
2173 2577 2288 2631 τῶν
2331 2577 2709 2641 ,βιοθανάτων
2745 2577 2774 2618 δ
2803 2580 2876 2632 οὐ
2920 2581 3182 2647 γίνονται
3229 2579 3303 2632 δα
3318 2581 3507 2648 ξιιενες
3533 2621 3550 2645 ,
3597 2577 3696 2630 καὶ

1556 2671 1685 2738 περὶ
1718 2671 1970 2736 κρίσεως
1998 2669 2096 2723 καὶ
2132 2669 2570 2736 ἑλεημοσύνης.

502 3045 910 3116 α’.Ἐθαύμασα
945 3045 1044 3115 τὴν
1078 3044 1297 3113 ἀγάπην
1327 3043 1503 3114 ὑμῶν,
1523 3043 1608 3096 ὅτε
1631 3044 1722 3096 τὸν
1754 3043 1882 3112 περὶ
1916 3041 2007 3094 τοῦ

430 3129 683 3200 Λαζάρου
712 3127 902 3200 πρώην
933 3127 1160 3197 ἐκίνησα
1181 3127 1356 3194 λόγον,
1381 3127 1461 3179 ὅτι
1495 3126 1588 3178 καὶ
1615 3127 1714 3194 τὴν
1735 3123 2012 3194 ὑπομονὴν

427 3211 523 3266 τοῦ
549 3213 780 3281 πένητος
810 3211 1164 3275 ἀπεδέξασθε,
1181 3211 1276 3264 καὶ
1307 3213 1404 3280 την
1429 3209 1688 3279 ὡμότητα
1721 3208 1815 3260 καὶ
1841 3210 2012 3260 ἀπαν-

429 3296 676 3368 θρωπίαν
709 3294 803 3347 τοῦ
844 3293 1201 3356 πλουτοῦντος
1232 3294 1640 3362 ἀπεστράφητε·
1661 3293 1721 3344 οὐ
1758 3290 1929 3362 μικρά
1955 3290 2012 3342 δὲ

426 3379 600 3432 ταῦτα
626 3377 1028 3444 καλοκαγαθίας
1061 3376 1349 3444 δείγματα.
1395 3374 1514 3427 Κάν
1546 3373 1654 3444 γὰρ
1683 3373 1758 3444 μὴ
1813 3373 2011 3442 μετίω-

433 3481 531 3532 μεν
553 3462 777 3533 ἀρετὴν,
834 3461 1144 3530 ἐπαινῶμεν
1166 3460 1222 3512 δὲ
1259 3460 1478 3528 ἀρετὴν,
1509 3457 1850 3528 δυνησόμεθα
1877 3457 2013 3509 πάν-

428 3564 536 3610 τως
568 3545 736 3615 αὐτὴν
769 3544 1062 3614 μετελθεῖν·
1089 3544 1192 3596 κᾶν
1216 3544 1290 3613 μὴ
1315 3542 1604 3611 φεύγωμεν
1634 3541 1853 3604 κακίαν,
1879 3539 2013 3592 ἀλλά

430 3630 686 3699 ψέγωμεν
735 3627 953 3690 κακίαν,
981 3625 1326 3696 δυνησόμεθα
1371 3625 1588 3686 πάντως
1637 3623 1807 3692 αὐτὴν
1845 3624 2013 3690 ἐκφυ-

429 3714 565 3780 γεῖν.
603 3711 754 3764 Ἐπεὶ
793 3706 885 3764 οὖν
927 3709 1063 3779 μετὰ
1108 3709 1308 3778 πολλῆς
1364 3708 1575 3768 εὐνοίας
1615 3705 1856 3768 ἐκείνους
1910 3707 2013 3758 ὑπ-

429 3795 683 3862 εδέξασθε
707 3794 834 3856 τοὺς
858 3793 1072 3861 λόγους,
1099 3791 1232 3863 φέρε
1256 3833 1269 3854 ,
1305 3793 1399 3844 καὶ
1432 3790 1501 3843 τὰ
1546 3791 1842 3860 λειπόμενα
1885 3789 2012 3858 ὑμῖν

428 3877 818 3948 ἀποδώσωμεν.
851 3875 1034 3941 Είδετε
1075 3875 1238 3929 αὐτὸν
1277 3878 1335 3927 ἐν
1373 3873 1450 3942 τῷ
1481 3873 1686 3925 πυλῶνι
1727 3871 1820 3924 τοῦ
1850 3871 2012 3923 πλου-

431 3950 550 4015 ὀίου
574 3960 727 4020 τότε,
777 3957 1002 4028 βλέπετε
1044 3958 1205 4011 αὐτὸν
1250 3957 1491 4026 σήμερον
1536 3958 1592 4008 ἐν
1638 3957 1748 4017 τοῖς
1791 3953 2012 4015 κόλποις

428 4042 524 4098 τοῦ
568 4041 819 4112 Ἀϐραάμ
843 4057 856 4070 °
887 4040 1058 4092 εἴδετε
1094 4041 1256 4092 αὑτὸν
1291 4039 1394 4091 ὑπὸ
1428 4037 1604 4090 κυνῶν
1637 4035 2013 4107 περιλειχόμε-

429 4142 520 4180 νον
538 4141 553 4157 ο
587 4122 815 4195 βλέπετέ
843 4122 1004 4176 αὐτὸν
1049 4121 1154 4174 ὑπὸ
1180 4121 1288 4174 τῶν
1314 4119 1561 4188 ἀγγέλων
1603 4118 2012 4188 δορυφορούμε-

429 4223 540 4262 νον’
583 4206 753 4259 εἴδετε
781 4205 946 4258 αὐτὸν
986 4205 1044 4256 ἐν
1087 4204 1250 4274 πενίᾳ
1285 4203 1404 4255 τότε
1426 4243 1439 4264 ,
1479 4201 1704 4271 βλέπετε
1741 4202 1798 4253 ἐν
1830 4201 2009 4269 τρυφῇ

429 4289 546 4344 νῦνο
580 4289 750 4342 εῐδετε
780 4289 836 4339 ἐν
871 4285 1036 4356 λιμῷ,
1077 4285 1300 4355 βλέπετε
1331 4287 1386 4336 ἐν
1425 4283 1656 4354 ἀφθονίᾳ
1685 4282 1853 4352 πολλῇ
1881 4299 1894 4311 ⁸
1935 4282 2013 4332 εί-

427 4373 550 4426 δετε
587 4369 1010 4440 ἀγωνιζόμενον,
1063 4369 1287 4438 βλέπετε
1331 4365 1794 4437 στεφανούμενον·
1839 4365 2011 4418 εἴδετε

429 4457 557 4518 τοὺς
596 4454 813 4519 πόνους,
840 4453 1066 4521 βλέπετε
1095 4455 1193 4515 τὰς
1222 4451 1458 4521 ἀμοιϐὰς
1489 4452 1583 4503 καὶ
1627 4449 1871 4502 πλούσιοι
1919 4449 2012 4502 καὶ

430 4533 1091 4608 πένητες·[727]πλούσιοι
1107 4535 1228 4603 μὲν,
1243 4535 1328 4586 ἵνα
1347 4534 1420 4604 μὴ
1439 4533 1580 4602 μέγα
1597 4527 1736 4586 εἶναι
1753 4531 2012 4602 νομίζητε

430 4621 520 4673 τὸν
548 4619 779 4672 πλοῦτον
818 4617 986 4690 χωρὶς
1031 4617 1262 4687 ἀρετῆς,
1308 4617 1538 4684 πένητες
1579 4616 1670 4679 δέ,
1726 4617 1811 4668 ἵνα
1849 4616 2012 4685 μηδὲν

431 4703 602 4757 κακὸν
641 4703 900 4772 νομίζητε
935 4697 1076 4754 εἶναι
1117 4699 1214 4770 τὴν
1249 4700 1436 4753 πενίαν
1458 4716 1472 4730 ο
1528 4699 1811 4770 ἑκατέροις
1841 4699 1898 4752 δὲ
1931 4700 2010 4752 δι-

429 4785 695 4846 δάσκαλος
711 4779 865 4846 οὗτος
891 4783 1142 4853 ἔστηκεν.
1181 4783 1242 4833 Εἰ
1279 4782 1387 4852 γὰρ
1423 4784 1479 4833 ἐν
1507 4782 1668 4852 πενίᾳ
1701 4785 1907 4844 ἐκεῖνος
1936 4781 2013 4833 ὢν

430 4869 531 4920 οὐκ
577 4865 992 4935 ἀπεδυσπέτησε
1019 4905 1032 4926 ,
1077 4864 1200 4916 τίνα
1248 4865 1430 4929 ἕξουσι
1485 4863 1816 4934 συγγνώμην
1854 4865 1904 4916 οἱ
1954 4865 2013 4914 ἐν

431 4950 647 5020 πλούτῳ
671 4948 830 5002 τοῦτο
863 4947 1180 5012 ποιοῦντες;
1230 4948 1279 4998 εί
1322 4948 1380 4998 ἐν
1427 4946 1570 5019 λιμῴ
1610 4948 1704 5000 καὶ
1737 4946 2012 5008 τοσούτοις

429 5037 620 5096 κακοῖς
644 5033 720 5084 ὢν
752 5032 1117 5102 εὐχαρίστησε
1138 5071 1153 5094 ,
1194 5032 1355 5084 ποίαν
1391 5031 1603 5096 ἕξουσιν
1637 5030 1934 5096 ἀπολογίαν
1961 5030 2010 5081 οί

432 5115 552 5187 μετ’
582 5115 843 5184 ἀφθονίας
877 5113 952 5184 μὴ
983 5113 1296 5184 βουλόμενοι
1338 5113 1476 5184 πρὸς
1505 5113 1603 5184 τὴν
1641 5112 1807 5182 αὐτὴν
1837 5113 2012 5164 ἐλθεῖν

428 5201 666 5272 ἀρετήν;
701 5198 869 5252 Πάλιν
893 5198 942 5250 οί
980 5197 1211 5267 πένητες
1236 5199 1286 5249 οί
1303 5196 1393 5250 διά
1411 5196 1510 5267 τὴν
1534 5195 1780 5264 πτωχίαν
1801 5196 2010 5264 ἀγανα-

389 5281 685 5344 ’κτοῦντες
731 5280 826 5334 καὶ
865 5280 1310 5350 δυσχεραίνοντες
1367 5293 1415 5340 ε,
1483 5278 1602 5331 τίνα
1651 5277 1833 5344 ἕξουσι
1881 5296 2013 5348 συγ-

427 5363 688 5434 γνώμην,
714 5363 841 5416 ᾰταν
880 5357 1031 5425 οὗτος
1063 5365 1120 5415 ἐν
1154 5361 1296 5432 λιμῷ
1339 5362 1434 5414 καὶ
1475 5361 1635 5431 πενίᾳ
1676 5363 1771 5414 καὶ
1802 5363 2011 5435 ἐρημίᾳ

429 5448 526 5515 καὶ
548 5447 828 5519 ἀρρωστίᾳ
855 5446 1094 5516 διηνεκεῖ
1125 5445 1234 5510 ζῶν
1259 5449 1316 5499 ἐν
1331 5446 1480 5516 οἰκίᾳ
1504 5445 1884 5516 πλουτοῦντος,
1914 5448 2008 5502 καὶ

492 5605 522 5646 δ
539 5605 668 5655 Tres
689 5618 803 5652 mss.
828 5603 1010 5652 habent
1035 5605 1278 5664 βιοθανῶν.

490 5671 518 5700 ο
541 5666 690 5717 Savil.
716 5668 765 5715 in
789 5678 926 5727 marg
970 5665 1436 5728 δυσανασχετοῦντες.

2117 3043 2266 3110 παρὰ
2321 3042 2538 3095 πάντων
2588 3042 3046 3113 ὑπερορώμενος,
3093 3045 3188 3098 καὶ
3239 3047 3375 3118 πρὸς
3416 3047 3607 3119 ἕτερον
3641 3050 3719 3103 τὰ

2115 3126 2257 3178 αὐτά
2280 3125 2430 3195 αὐτῷ
2461 3127 2766 3179 πεπονθότα
2799 3127 2924 3182 ἰδεῖν
2951 3129 3052 3181 οὐκ
3083 3129 3242 3198 ἔχων,
3271 3129 3414 3184 οὕτω
3442 3133 3719 3203 φαίνηται

2116 3210 2421 3278 φιλοσοφῶν
2435 3226 2449 3273 ;

2197 3293 2328 3345 Ἀπὸ
2346 3291 2537 3344 τούτου
2563 3291 2848 3363 μάθωμεν,
2877 3294 2950 3364 μὴ
2980 3296 3108 3359 τοὺς
3140 3296 3502 3359 πλουτοῦντας
3528 3315 3723 3365 μακαο

2119 3375 2307 3447 ρίςειν,
2345 3375 2479 3446 μηδὲ
2511 3377 2636 3438 τοὺς
2663 3377 2997 3445 πενομένους
3029 3377 3364 3438 ταλανίζειν.
3385 3379 3608 3432 Μᾶλλον
3626 3381 3716 3445 δὲ,

2114 3461 2162 3511 εἰ
2195 3459 2298 3528 χρὴ
2334 3457 2568 3526 τάληθὲς
2605 3459 2811 3521 εἰπεῖν,
2843 3459 2962 3512 οὐδὲ
3007 3461 3262 3524 πλούσιός
3312 3462 3462 3513 ἐστιν
3496 3464 3720 3527 ἐκεῖνος

2114 3544 2141 3595 ὁ
2196 3541 2365 3594 πολλά
2417 3540 2919 3610 περιϐεϐλημένος,
2954 3542 3070 3596 ἀλλ’
3122 3545 3150 3596 ὁ
3197 3543 3271 3614 μὴ
3323 3544 3529 3597 πολλῶν
3588 3545 3719 3598 δεό-

2118 3623 2438 3692 ιιενοςοοὺδέ
2471 3623 2640 3691 πένης
2668 3625 2816 3676 ἐστὶν
2843 3626 3050 3686 ἐκεῖνος
3075 3628 3103 3678 ὁ
3135 3627 3301 3693 μηδὲν
3337 3630 3717 3696 κεκτημένος,

2115 3705 2230 3757 ἀλλ’
2257 3709 2284 3759 ὁ
2315 3706 2524 3760 πολλῶν
2554 3706 2860 3775 ἐφιέμενος
2896 3709 2991 3759 καὶ
3025 3708 3180 3760 τοῦτο
3225 3709 3348 3776 ὅρον
3385 3711 3584 3774 πενίας
3615 3713 3722 3765 καὶ

2115 3788 2346 3842 πλούτου
2373 3789 2456 3841 δεῖ
2476 3788 2720 3859 νομίζειν
2747 3785 2908 3844 εἶναι.
2941 3791 3036 3842 Ἂν
3067 3791 3247 3842 τοίνυν
3287 3791 3399 3863 ἴδῃς
3429 3793 3554 3844 τι·ιά
3583 3797 3720 3846 πολ-

2114 3871 2221 3922 λῶν
2252 3873 2573 3940 ἐφιέμενον,
2620 3871 2838 3924 πάντων
2885 3873 3048 3925 αὐτὸν
3085 3873 3409 3944 πενέστερον
3440 3871 3584 3928 εἶναι
3621 3879 3716 3929 νό-

2119 3954 2262 4022 μιζε,
2295 3954 2396 4006 κᾶν
2427 3953 2496 4008 τά
2525 3951 2796 4027 πάντωνῇ
2828 3956 3171 4024 κεκτημένος
3207 3957 3465 4026 χρήματα
3488 3977 3500 3986 ·
3552 3959 3619 4012 ἂν
3653 3961 3720 4013 ἃ

2117 4037 2277 4090 πάλιν
2311 4037 2425 4107 ἴδῃς
2459 4037 2580 4089 τινὰ
2621 4037 2695 4107 μὴ
2721 4037 2928 4089 πολλῶν
2983 4038 3258 4108 δεόμενον,
3291 4041 3511 4092 πάντων
3545 4043 3717 4095 αὑτὸν

2116 4118 2494 4190 εὐπορώτερον
2525 4115 2664 4172 εἶναι
2691 4119 2952 4188 ψηφίζου,
2977 4121 3081 4172 κάν
3103 4120 3268 4190 μηδὲν
3291 4125 3634 4193 κεκτημένος

2116 4205 2194 4274 Τῇ
2227 4203 2335 4274 γάρ
2362 4202 2600 4255 διαθέσει
2630 4202 2730 4271 τῆς
2765 4202 3011 4271 γνώμης,
3057 4205 3116 4256 οὐ
3149 4204 3225 4273 τῷ
3266 4205 3449 4275 μέτρ·;›
3486 4209 3589 4276 τῆς
3616 4210 3713 4260 οὐ-

2116 4289 2272 4352 σίας,
2325 4286 2422 4349 τὰς
2457 4287 2648 4349 πενίας
2700 4287 2795 4339 καὶ
2842 4286 3102 4357 εὐπορίας
3151 4288 3357 4358 κρίνειν
3408 4290 3710 4360 είώθαμεν.

2116 4371 2328 4440 ’Ὠσπερ
2352 4365 2446 4422 οὖν
2481 4369 2575 4422 τὸν
2602 4369 2866 4439 διηνεκῶς
2911 4369 3150 4435 διψῶντα
3192 4371 3292 4422 οὐκ
3339 4370 3405 4423 ἂν
3453 4373 3711 4443 εἴποιμεν

2115 4453 2400 4520 ὑγιαίνειν,
2438 4452 2540 4504 κᾶν
2577 4449 2841 4519 ἀφθονίας
2881 4450 3160 4521 ἀπολαύῃ,
3203 4453 3306 4505 κάν
3354 4456 3508 4524 παρά
3544 4473 3711 4509 ποτα-

2117 4527 2254 4604 μοὺς
2282 4535 2378 4586 καὶ
2407 4532 2591 4602 πηγὰς
2625 4534 2963 4604 κατακέηται
2993 4534 3066 4602 (τί
3093 4534 3202 4604 γάρ
3235 4535 3430 4601 ὄφελος
3471 4539 3573 4606 τῆς
3599 4539 3706 4590 τῶν

2114 4619 2323 4671 ὑδάτων
2361 4617 2642 4685 δαψιλείας
2671 4616 2918 4686 ἐκείνης,
2953 4617 3080 4670 ὅταν
3116 4618 3175 4669 τὸ
3217 4618 3388 4680 πάθος
3435 4620 3709 4674 ἄσϐεστον

2117 4700 2306 4770 μέν’ςμ)
2333 4699 2477 4750 οὓτω
2504 4699 2568 4768 δὴ
2599 4700 2693 4750 καὶ
2732 4699 2824 4751 ἐπὶ
2863 4698 2970 4752 τῶν
3013 4699 3391 4751 πλουτούντων
3433 4704 3707 4772 ποιῶμεν-

2111 4784 2239 4842 τοῦς
2269 4781 2672 4850 ἐπιθυμοῦντας
2698 4782 2785 4834 ἀεὶ
2823 4783 2914 4835 καὶ
2955 4781 3222 4850 διψῶντας
3253 4782 3363 4834 τῶν
3401 4784 3709 4855 ἀλλοτρίων

2117 4864 2384 4934 μηδέποτε
2411 4865 2719 4934 νομίζωμεν
2754 4865 3047 4930 ὑγιαίνειν,
3095 4866 3229 4934 μηδὲ
3263 4866 3531 4934 ἀφθονίας
3568 4871 3709 4922 ἀπο-

2113 4945 2300 4998 λαύειν
2332 4947 2496 5008 τινός.
2541 4946 2597 4998 Ὀ
2624 4946 2731 5015 γάρ
2760 4947 2857 5016 τὴν
2899 4946 3093 5000 ἐαυτοῦ
3126 4947 3322 5016 στῆσαι
3355 4948 3428 5017 μὴ
3472 4949 3711 5020 δυνάμε-

2114 5046 2201 5092 νος
2252 5028 2574 5097 ἐπιθυμίαν,
2603 5027 2705 5080 κᾶν
2745 5030 2813 5081 τὰ
2864 5029 3081 5091 πάντως
3121 5030 3514 5100 περιϐέϐληται
3541 5074 3554 5089 ,
3592 5035 3708 5094 πῶς

2112 5106 2267 5175 οὗτος
2303 5111 2456 5164 ἔσται
2488 5114 2545 5163 ἐν
2584 5111 2816 5181 εὐπορίᾳ
2853 5112 3018 5174 ποτέ;
3059 5112 3198 5174 Τοὺς
3245 5113 3430 5181 μέντοι
3471 5119 3589 5176 τοῖς
3627 5108 3732 5185 οἱῆ

2113 5193 2282 5255 κείοις
2311 5194 2706 5262 ἀρκουμένους,
2733 5194 2827 5245 καὶ
2857 5193 3188 5264 στέργοντας
3222 5195 3291 5247 τά
3325 5196 3535 5248 ἑαυτῶν
3556 5239 3573 5260 ,
3614 5203 3708 5250 καὶ

2116 5276 2191 5347 μὴ
2241 5275 2784 5346 περισκοπουμένους
2829 5275 2928 5338 τὰς
2985 5276 3269 5346 ἀλλοτρίας
3317 5279 3542 5341 οὐσίας,
3603 5282 3707 5334 κᾶν

2111 5359 2366 5411 ἁπάντων
2417 5351 2550 5410 ὦσιν
2599 5357 2974 5428 ἀπορώτεροι,
3009 5361 3228 5413 πάντων
3289 5360 3707 5432 εὐπορωτέρους

2112 5438 2249 5494 εἷναι
2284 5443 2390 5512 χρὴ
2438 5440 2700 5510 νομίζειν.
2746 5443 2804 5494 '0
2842 5444 2951 5514 γάρ
2987 5443 3062 5513 μὴ
3099 5443 3353 5514 δεόμενος
3386 5445 3496 5496 τῶν
3543 5447 3708 5499 ἀλλο-

2116 5524 2317 5594 τρίων,
2367 5523 2483 5575 ἀλλ’
2530 5525 2587 5576 ἐν
2625 5525 2928 5597 αὐταρκείᾳ
2967 5525 3197 5593 ἀγαπῶν
3244 5521 3383 5579 εἶναι
3409 5526 3436 5564 ἀ
3483 5529 3706 5582 πάντων

2185 5663 2214 5703 ⁸
2233 5664 2295 5713 Sa
2306 5666 2380 5713 v‘i‘l.
2405 5666 2455 5714 in
2478 5679 2628 5728 marg.
2653 5673 2704 5716 el
2726 5666 2822 5716 duo
2846 5680 2956 5716 mss.
2995 5667 3042 5715 ἐν
3063 5668 3315 5732 αὐταρκείᾳ
3337 5669 3538 5729 νομίζων
3565 5670 3696 5717 εἶναι.
