3862 6228
154 328 253 387 981

101 455 106 468 ·
149 443 478 513 voluptatem
505 461 619 515 qum.
647 462 709 500 ex
740 457 882 502 recte
913 448 1060 501 factis
1086 450 1452 518 proficisi-itur,
1478 450 1732 505 Lazarum

155 535 450 603 imitemur,
477 537 668 592 divites
694 539 850 593 simul
877 554 938 593 ac
967 556 1247 609 pauperes.
1270 539 1383 594 Non
1411 543 1548 594 enim
1576 558 1739 596 unmn

157 633 368 679 tantum
398 635 488 681 aut
517 626 642 694 duo,
673 628 836 682 triave
875 629 1083 683 virtutis
1125 631 1414 684 certamina
1452 632 1696 686 sustinuit
1726 649 1739 685 :

152 729 345 770 verum
371 725 426 770 et
469 718 638 772 multo
664 719 835 788 plura,
871 730 1257 789 paupertatem,
1289 720 1564 774 adversam
1595 723 1740 776 vale-

153 808 418 876 tudinem,
450 810 789 866 solitudinem
819 827 881 866 ac
907 811 1307 866 destitutionem
1335 814 1402 866 ab
1428 815 1491 867 iis
1528 815 1616 883 qui
1646 830 1742 867 eu-

146 913 270 952 ram
303 900 441 954 illius
481 917 669 971 gerere
695 902 955 956 debebant
984 922 996 957 :
1026 903 1215 957 deinde
1241 905 1378 973 quod
1406 903 1519 957 hinc
1554 905 1741 962 ,omuia

153 990 452 1057 patiebatur
480 993 532 1044 in
561 992 879 1062 domo,qu;e
909 1004 1116 1062 poterat
1143 993 1256 1048 haec
1283 995 1417 1047 mala
1449 994 1736 1060 depellere,

155 1094 333 1147 neque
371 1096 492 1135 eum
523 1083 630 1136 ullo
672 1083 864 1137 solatio
904 1084 1178 1152 quisquam
1210 1084 1553 1152 dignabatur;
1599 1083 1738 1152 quod

147 1167 358 1224 videret
385 1170 554 1237 illiilli,
582 1185 611 1224 a
634 1187 740 1240 quo
765 1171 1174 1241 despiciebatur,
1208 1172 1366 1225 tantis
1387 1171 1485 1225 frui
1509 1171 1735 1236 deliciis,

149 1270 326 1326 neque
353 1257 561 1313 deliciis
588 1261 748 1314 modo
777 1260 901 1325 frui,
934 1277 1117 1315 verum
1158 1262 1317 1314 etiam
1349 1276 1468 1314 cum
1501 1262 1740 1330 improbe

146 1347 372 1411 viveret,
421 1348 551 1402 nihil
584 1358 759 1404 tamen
803 1367 965 1420 grave
1010 1351 1211 1420 perpeti
1248 1368 1259 1402 :
1294 1359 1547 1418 prmterea
1595 1351 1734 1420 quod

157 1450 267 1489 non
316 1438 532 1492 haberet
561 1439 786 1494 alterum
814 1440 1072 1493 Lazarum
1111 1440 1176 1492 ad
1225 1456 1381 1508 quem
1415 1442 1734 1508 respiceret;

147 1536 409 1593 praeterea
439 1529 582 1597 quod
612 1529 678 1583 de
718 1530 1104 1584 resurrectione
1129 1531 1258 1584 nihil
1289 1539 1470 1600 posset
1501 1531 1736 1598 philoso-

152 1613 301 1682 phari
330 1633 343 1666 :
371 1616 436 1670 ad
468 1618 580 1672 haee
611 1619 752 1688 quod
797 1634 958 1689 super
986 1619 1101 1675 haec
1144 1635 1263 1690 quae
1303 1621 1536 1675 diximus
1563 1621 1695 1673 mala
1719 1663 1733 1686 ,

146 1719 212 1757 ex
245 1705 632 1762 calamitatibus
673 1709 773 1762 illis
814 1725 843 1762 a
876 1710 1030 1780 vuigo
1079 1713 1269 1763 malam
1324 1711 1484 1763 ferret
1525 1711 1736 1779 opinio-

147 1809 270 1848 nem
296 1812 310 1862 ;
342 1798 482 1866 quod
514 1814 617 1852 non
667 1799 882 1854 biduum
917 1801 1238 1864 triduumve,
1269 1800 1362 1854 sed
1391 1815 1485 1869 per
1524 1815 1734 1854 omnem

148 1883 307 1937 vitam
355 1894 409 1939 et
449 1888 899 1956 seipsumvideret
947 1891 997 1943 in
1038 1889 1299 1960 ejusmodi
1327 1890 1732 1954 calamitatibus,

142 1981 202 2027 et
225 1977 440 2031 divitem
491 1980 543 2032 in
575 1980 787 2036 diverso
839 1997 1016 2036 rerum
1067 1991 1225 2036 statu.
1257 1983 1537 2049 Quomodo
1579 1983 1736 2051 igitur

140 2069 343 2123 erimus
383 2070 706 2136 excusandi,
758 2071 804 2124 si
850 2087 971 2126 cum
1021 2072 1107 2126 hic
1153 2081 1372 2126 cunctas
1419 2072 1734 2127 afﬂictiones

142 2159 303 2213 simul
349 2161 774 2230 conglomeratas
820 2171 961 2217 tanta
1017 2163 1290 2232 pertulerit
1319 2162 1478 2216 animi
1528 2163 1734 2217 fortitu-

146 2251 295 2315 dine,
337 2267 435 2306 nos
466 2268 532 2306 ne
578 2253 852 2308 dimidium
905 2254 1116 2325 quidem
1174 2256 1358 2309 horum
1415 2255 1732 2308 tulerimus?

147 2341 265 2395 Non
292 2344 432 2395 enim
455 2353 626 2413 potes,
650 2359 754 2397 non
780 2355 947 2412 potes,
973 2345 1203 2413 inquam,
1235 2345 1394 2398 alium
1413 2361 1728 2413 quemquam

136 2586 223 2626 DE
269 2587 508 2631 LAZARO
551 2589 777 2632 CONCIO
839 2590 1123 2633 SECUNDA
1183 2592 1198 2630 2

998 2691 1309 2734 DEMONES
1356 2695 1370 2732 2

207 2943 259 2997 1.
294 2941 496 2996 Primus
525 2944 592 2997 ad
618 2945 845 2999 virtutem
869 2946 1059 3016 gradus
1085 2987 1099 3010 ,
1124 2958 1194 2999 est
1220 2946 1402 2999 aliena:
1423 2947 1594 2999 virtuti
1620 2963 1718 3016 ap-

131 3034 393 3109 p!aydm:e.
430 3064 497 3074 --
529 3036 830 3092 Admiratus
857 3051 971 3093 sum
999 3037 1272 3098 caritatem
1305 3047 1534 3096 vestram
1558 3086 1571 3108 ,
1601 3052 1719 3097 cum

129 3149 304 3201 nuper
343 3133 409 3187 de
451 3133 651 3187 Lazaro
694 3136 853 3189 verba
895 3135 1154 3199 facerem,
1205 3136 1345 3204 quod
1382 3144 1436 3188 et
1473 3136 1717 3203 pauperis

130 3223 276 3278 illius
313 3224 640 3278 tolerantiam
684 3226 976 3290 laudastis,
1022 3234 1076 3280 et
1121 3226 1296 3279 divitis
1339 3226 1715 3280 immanitatem

129 3313 683 3386 inhumanitatemque
724 3316 969 3371 detestati
1006 3318 1152 3370 estis.
1182 3316 1311 3370 Nam
1341 3317 1439 3370 ista
1468 3333 1571 3370 non
1600 3317 1716 3369 vul-

128 3405 276 3475 garia
304 3416 430 3460 sunt
455 3407 606 3460 bona:
631 3409 822 3461 mentis
853 3418 1184 3477 argumenta.
1236 3408 1447 3462 Etenim
1477 3409 1720 3477 quamvis

127 3510 238 3550 non
268 3506 532 3552 sectemur
561 3498 831 3562 virtutem,
860 3498 904 3552 si
932 3498 1210 3553 laudemus
1236 3506 1412 3553 tamen
1443 3500 1714 3566 virtutem,

127 3589 349 3642 omnino
379 3589 669 3657 poterimus
706 3589 771 3643 ad
814 3591 952 3643 illam
981 3591 1304 3660 pertingere.
1346 3591 1602 3646 Similiter
1626 3606 1720 3644 au-

127 3687 262 3741 tem,
290 3678 495 3732 etiamsi
528 3695 634 3733 non
679 3679 938 3749 fugiamus
969 3681 1222 3734 malitiam
1250 3721 1266 3746 ,
1295 3682 1338 3734 si
1373 3690 1548 3735 tamen
1581 3683 1719 3734 vitu-

127 3785 380 3840 peremus
413 3770 664 3824 malitiam
690 3813 705 3836 ,
753 3772 867 3825 sine
893 3771 1053 3824 dubio
1081 3773 1368 3840 poterimus
1406 3773 1548 3826 illam
1579 3772 1714 3828 effu-

125 3875 275 3929 gere.
316 3860 574 3928 Quoniam
606 3861 765 3931 igitur
807 3862 968 3915 multa
997 3877 1117 3914 cum
1141 3862 1301 3915 animi
1348 3862 1713 3916 benevolentia

125 3966 405 4007 sermones
432 3953 549 4008 illos
565 3952 866 4022 excepistis,
895 3968 992 4022 age
1016 3970 1133 4024 qua:
1159 3963 1360 4007 restant
1388 3955 1544 4008 etiam
1564 3955 1712 4008 vobis

127 4042 514 4110 per-solvamus.
549 4042 762 4096 Vidistis
786 4043 932 4096 illum
959 4045 1008 4096 in
1028 4044 1290 4097 vestibulo
1314 4044 1512 4108 divitis,
1539 4045 1714 4099 videte

124 4133 376 4188 eumdem
405 4132 564 4187 hodie
593 4134 642 4186 in
683 4134 801 4187 sinu
831 4134 1058 4186 Abrahze
1090 4151 1103 4188 :
1131 4133 1332 4187 vidistis
1357 4133 1500 4187 illum
1531 4150 1650 4188 cum
1681 4151 1710 4188 a

123 4223 350 4276 canibus
384 4224 912 4292 circumlingerelur,
943 4223 1118 4277 videte
1149 4224 1393 4278 eumdem
1421 4225 1487 4278 ab
1511 4226 1711 4294 angelis

122 4314 424 4383 stipatum:
457 4314 660 4368 vidistis
711 4315 854 4368 illum
904 4323 1012 4367 tum
1065 4315 1116 4368 in
1147 4324 1488 4384 paupertate,
1535 4317 1710 4370 videte

122 4421 270 4460 nunc
293 4406 535 4460 eumdem
563 4407 614 4460 iu
645 4407 846 4460 deliciis
877 4406 1118 4462 :vidistis
1160 4407 1307 4460 illum
1345 4408 1397 4461 in
1437 4407 1605 4474 fame,
1629 4409 1708 4462 vi-

121 4497 250 4549 dete
293 4496 343 4548 in
394 4497 556 4548 multa
603 4512 779 4550 rerum
821 4496 1086 4550 affluentia
1119 4515 1133 4551 :
1161 4497 1367 4551 vidistis
1407 4498 1554 4552 illum
1594 4514 1712 4552 cer-

123 4594 330 4641 tantem
357 4626 372 4649 ,
405 4585 582 4640 videte
621 4596 932 4640 coronatum
971 4605 983 4639 :
1016 4585 1222 4639 vidistis
1251 4587 1461 4640 labores
1486 4629 1498 4652 ,
1533 4588 1710 4642 videte

121 4674 404 4742 prtemium
430 4717 444 4740 ,
489 4685 744 4745 quotquot
773 4677 902 4729 estis
921 4675 1006 4730 vel
1034 4676 1252 4742 divites,
1291 4677 1377 4730 vel
1407 4692 1663 4747 pauperes
1695 4696 1707 4732 :

119 4767 318 4821 divites
333 4767 566 4837 quidem,
590 4783 657 4822 ne
681 4768 876 4844 putetis
904 4768 1112 4822 divitias
1133 4768 1330 4837 aliquid
1363 4784 1482 4822 esse
1509 4772 1706 4839 magni,

119 4857 169 4910 si
200 4856 338 4910 desit
360 4857 566 4920 virtus;
609 4873 869 4926 pauperes
893 4873 1018 4912 vero
1042 4898 1057 4923 ,
1091 4873 1158 4911 ne
1192 4857 1440 4926 iudicetis
1479 4874 1706 4927 panper-

120 4956 292 5001 tatem
325 4947 486 4999 ullum
514 4963 632 5002 esse
657 4947 854 5000 malum
887 4966 898 5000 :
933 4947 1168 5016 utrisque
1197 4963 1324 5001 vero
1358 4951 1711 5004 communiter

118 5047 232 5091 stat
262 5035 346 5090 hic
390 5045 701 5106 praeceptor.
744 5038 951 5092 Etenim
997 5037 1039 5091 si
1080 5037 1168 5092 hic
1197 5039 1246 5091 in
1273 5047 1578 5107 paupertate
1605 5056 1707 5094 non

119 5128 428 5197 indignatus
451 5138 549 5190 est,
578 5144 734 5198 quam
765 5131 969 5182 veniam
995 5139 1284 5194 merentur,
1308 5131 1395 5198 qui
1428 5130 1478 5182 id
1511 5131 1706 5184 faciunt

119 5224 176 5276 in
225 5220 466 5275 divitiis?
514 5220 570 5275 Si
618 5222 701 5275 hic
745 5223 794 5275 in
824 5221 960 5275 fame
1011 5222 1274 5290 tantisque
1318 5221 1470 5276 malis
1510 5222 1709 5291 degens

117 5313 321 5383 gratias
363 5312 507 5380 egit,
552 5312 675 5381 quid
721 5313 1075 5367 excusationis
1122 5312 1380 5378 afferent,
1427 5313 1514 5381 qui
1554 5314 1709 5366 rebus

116 5402 465 5456 affluentibus
497 5419 598 5455 non
643 5403 709 5456 ad
751 5403 991 5457 eamdem
1022 5404 1205 5457 volunt
1231 5403 1507 5472 pervenire
1541 5404 1707 5457 virtu-

122 5505 228 5545 tem
252 5494 274 5544 ‘?
301 5492 504 5545 Rursus
523 5507 798 5560 pauperes,
827 5495 914 5562 qui
939 5493 1155 5563 indigne
1179 5494 1504 5562 molesteque
1535 5492 1710 5546 ferunt

117 5592 414 5652 egestatem
436 5621 453 5646 ,
500 5598 657 5652 quam
690 5583 1045 5652 impetrabunt
1089 5585 1296 5639 veniam
1323 5626 1338 5650 ,
1393 5598 1512 5637 cum
1545 5583 1628 5636 hic
1656 5583 1707 5636 iu

137 5770 142 5774 .
188 5721 209 5779 '_
240 5715 419 5779 Collata
445 5728 561 5779 eum
859 5724 961 5768 Mss.
1001 5718 1158 5779 Regiis
1195 5715 1330 5774 1819,
1378 5714 1517 5776 1960,
1545 5713 1705 5764 1963:

112 5769 409 5825 [Lotbertinis
430 5776 510 5836 49,
533 5777 642 5826 561.

1419 339 1498 394 DE
1537 340 1804 396 LAZARO
1842 342 2085 398 CONCIO
2123 342 2185 398 ll.

3325 342 3430 399 982

1845 469 2284 522 commemorare,
2313 458 2402 526 qui
2445 459 2564 512 talia
2594 470 2838 530 tantaque
2865 478 3146 532 perpessus
3175 467 3243 520 sit
3267 471 3424 522 mala.

1846 544 2084 614 Eamque
2126 546 2194 600 ob
2219 562 2330 601 rem
2375 549 2618 604 Christus
2647 549 2786 605 hunc
2830 553 3160 620 potissimum
3201 561 3427 628 exempli

1845 651 2002 690 causa
2030 639 2302 706 proposuit
2334 639 2384 693 in
2426 640 2681 708 medium,
2711 650 2769 696 ut
2806 644 2850 697 si
2895 646 3106 714 quando
3127 647 3178 700 in
3210 663 3296 702 res
3327 651 3424 703 tri-
3493 671 3500 712 3

1845 739 1956 782 stes
1997 728 2358 795 inciderirnus,
2390 731 2790 787 considerantes
2819 745 3015 804 quanto
3043 737 3129 791 ille
3153 737 3428 796 intervallo

1845 833 1944 873 nos
1985 821 2285 888 superarit,
2335 837 2402 876 ex
2451 822 2590 876 illius
2625 823 2956 894 philos0pbia
3006 828 3134 881 satis
3177 843 3426 898 magnum

1844 907 2092 962 solatium
2133 910 2496 980 molestiasque
2525 911 2754 966 lenimen
2799 914 3086 982 capiamus.
3115 915 3424 975 Communis

1844 999 1984 1052 enim
2015 1000 2160 1054 orbis
2189 1000 2374 1055 doctor
2403 1002 2490 1055 ille
2520 1003 2818 1072 propositus
2842 1014 2942 1071 est,
2973 1021 3084 1059 rem
3116 1022 3423 1075 quamcum-

1843 1105 1946 1159 que
1973 1091 2248 1144 molestam
2280 1092 2618 1160 patientibus,
2637 1094 2724 1162 qui
2747 1109 2805 1148 se
2825 1096 3255 1164 conspiciendum
3284 1113 3418 1165 prte-

1843 1179 1933 1234 bet
1976 1181 2240 1246 omnibus,
2287 1181 2488 1251 hosque
2531 1198 2716 1238 omnes
2765 1199 3021 1253 superans
3073 1185 3419 1240 afflictionum

1842 1271 2222 1340 magnitudine.
2253 1272 2356 1326 Pro
2382 1272 2466 1327 his
2512 1272 2670 1342 igitur
2698 1275 2943 1328 omnibus
2987 1276 3180 1344 gratias
3206 1286 3423 1344 agentes

1842 1360 2070 1429 benigno
2116 1361 2243 1425 Deo,
2277 1371 2610 1430 reportemus
2636 1379 2698 1416 ex
2730 1363 2827 1416 hac
2868 1365 3168 1418 narratione
3199 1365 3421 1418 fructum

1841 1458 1894 1503 et
1921 1451 2198 1504 utilitatem
2231 1469 2242 1504 :
2274 1453 2608 1507 continenter
2658 1454 2797 1506 hunc
2821 1461 2875 1507 et
2905 1455 2954 1506 in
2981 1454 3340 1517 consessibus,
3370 1464 3424 1508 et

1842 1539 1894 1592 in
1939 1539 2159 1604 mdibus,
2191 1549 2241 1593 et
2270 1541 2321 1594 in
2365 1538 2500 1604 foro,
2533 1541 2758 1609 denique
2787 1542 2838 1594 in
2870 1541 3012 1595 omni
3052 1543 3169 1596 loco
3193 1543 3421 1596 circum-

1843 1626 2095 1695 ferentes,
2117 1643 2428 1698 summoque
2454 1629 2628 1682 studio
2643 1630 2851 1683 divitias
2877 1645 3082 1695 omnes,
3107 1647 3236 1700 quas
3263 1631 3422 1686 habet

1843 1717 1956 1772 lucc
1997 1719 2264 1787 parabola,
2315 1720 2691 1788 pereipientes,
2721 1735 2829 1789 quo
2875 1722 3028 1775 simul
3059 1730 3112 1776 et
3141 1726 3420 1791 praesentia

1839 1811 1969 1863 citra
1997 1810 2290 1864 molestiam
2319 1811 2911 1876 malatranscurramus,
2930 1821 2982 1866 et
3007 1811 3298 1865 futurorum
3327 1813 3420 1865 bo-

1841 1914 2029 1952 norum
2091 1907 2365 1967 compotes
2426 1899 2900 1970 evadamuszqtne
2963 1901 3114 1955 nobis
3172 1902 3418 1955 omnibus

1839 1990 2073 2058 eontigat
2099 1989 2309 2058 assequi
2352 1990 2522 2059 gratia
2564 1989 2990 2059 benignitateque
3018 1991 3227 2045 Domini
3254 1997 3417 2046 nostri

1839 2078 1964 2135 Jesu
1985 2078 2205 2143 Christi,
2233 2079 2317 2133 cui
2361 2094 2480 2132 cum
2526 2079 2684 2134 Patre
2712 2088 2766 2133 et
2791 2080 2990 2149 Spiritu
3019 2090 3203 2135 sancto
3228 2081 3415 2152 gloria,

1839 2169 2031 2232 honor,
2059 2169 2318 2232 adoratio,
2350 2183 2491 2222 nunc
2517 2179 2570 2223 et
2596 2184 2827 2238 semper,
2867 2180 2920 2224 et
2947 2171 2997 2224 in
3026 2173 3218 2225 saecula
3249 2187 3416 2225 sareu-

1839 2259 2032 2345 lorum.
2065 2262 2253 2313 Amen.

1261 2591 1340 2631 ET
1394 2590 1562 2640 QUOD
1607 2590 1823 2631 ΑΝΙΜίΕ
1880 2588 2093 2629 MORTE
2148 2587 2458 2630 VIOLENTA
2517 2589 2996 2646 DECEDENTIUM,
3053 2592 3174 2633 NON
3222 2593 3412 2634 FIUNT

1419 2692 1628 2744 DEQUE
1673 2691 1923 2733 wmcro
1969 2692 2046 2732 ΕΤ
2093 2679 2554 2734 ει.ΕΕΜοεγΝΑ¹.
3009 2681 3020 2690 ‘

1834 2946 1972 2999 fame
2019 2945 2342 3014 penuriaque
2367 2987 2380 3008 ,
2422 2946 2708 3001 solitudine
2752 2958 2806 3002 et
2847 2949 3077 3004 adversa
3111 2951 3410 3014 valetttdina

1829 3037 1988 3096 vitam
2022 3035 2234 3096 assidue
2260 3041 2475 3096 trahens
2501 3035 2550 3096 in
2579 3039 2782 3098 aedibus
2810 3038 2987 3100 divitis
3011 3087 3026 3110 ,
3059 3056 3112 3100 ct
3137 3048 3204 3100 ab
3233 3050 3404 3101 omni-

1831 3133 1926 3187 bus
1969 3133 2284 3202 despectus,
2333 3133 2399 3185 ad
2442 3134 2554 3186 haec
2585 3150 2687 3187 non
2733 3135 2931 3189 habens
2963 3137 3121 3190 alium
3147 3137 3213 3192 ad
3250 3155 3409 3208 quem

1827 3223 2012 3278 eadem
2059 3239 2364 3292 perpessum
2410 3224 2731 3292 respiceret,
2775 3227 2853 3281 sic
2880 3238 3128 3296 appareat
3169 3228 3407 3298 philoso-

1829 3313 2016 3382 phatus
2037 3312 2060 3364 ἱ)

1901 3403 2047 3456 Dives
2072 3419 2184 3455 vere
2207 3402 2337 3470 quis.
2358 3431 2430 3441 —
2459 3401 2539 3455 Ab
2567 3401 2669 3456 hoc
2694 3403 2963 3458 discamus
2989 3421 3090 3460 non
3121 3422 3216 3475 pro
3241 3408 3409 3463 beatis

1827 3493 2022 3546 habere
2067 3491 2277 3555 divites,
2328 3507 2499 3561 neque
2522 3495 2848 3559 promiseris
2880 3495 3075 3549 habere
3107 3513 3364 3567 pauperes
3392 3519 3403 3552 τ

1825 3583 1931 3637 imo
1969 3583 2012 3635 si
2045 3598 2227 3636 verum
2271 3582 2420 3635 fateri
2459 3583 2615 3646 licet,
2652 3600 2716 3636 ne
2743 3583 2889 3638 dives
2927 3586 3138 3654 quidem
3171 3588 3255 3641 ille
3283 3603 3359 3642 ρει
3389 3631 3406 3652 ,

1822 3673 1910 3741 qui
1936 3671 2110 3724 multis
2126 3671 2315 3740 opibus
2331 3672 2756 3726 circumvallatos
2778 3685 2876 3738 est,
2901 3676 2993 3728 sed
3021 3677 3109 3745 qui
3137 3693 3241 3730 non
3292 3683 3412 3746 eget

1824 3766 2001 3819 multis
2036 3783 2048 3818 :
2080 3781 2178 3818 nec
2203 3765 2247 3817 is
2277 3779 2474 3832 pauper
2503 3773 2606 3830 est,
2638 3767 2724 3834 qui
2755 3766 2884 3819 nihil
2917 3768 3167 3834 possidet,
3197 3769 3288 3822 sed
3312 3771 3402 3838 qui

1823 3858 1982 3911 multa
2014 3857 2340 3924 concupiscit
2369 3875 2382 3909 :
2415 3857 2601 3910 discite
2648 3857 2788 3909 hunc
2835 3873 2952 3911 esse
2983 3859 3139 3913 finem
3175 3874 3398 3928 pauper-

1823 3947 1944 4000 tatis
1963 3955 2014 4000 et
2034 3945 2340 4014 opulentize.
2370 3945 2425 3998 Si
2448 3960 2602 4013 quem
2623 3944 2816 3999 videris
2843 3947 3003 3999 multa
3027 3951 3408 4015 c0ucupisceu.

1821 4049 1926 4094 tem
1952 4081 1966 4104 ,
2016 4039 2316 4093 existimato
2357 4038 2501 4090 illum
2545 4037 2780 4090 omnium
2820 4052 2938 4091 esse
2987 4041 3398 4108 pauperrimum,

1817 4131 1976 4185 etiam
2025 4131 2068 4183 si
2123 4129 2389 4198 possideat
2430 4129 2668 4182 omnium
2708 4143 2859 4196 opes.
2913 4129 3140 4182 liursum
3169 4134 3209 4184 si
3242 4149 3403 4201 quem

1818 4223 2015 4277 videris
2056 4239 2158 4275 non
2189 4223 2368 4276 multis
2397 4231 2676 4290 egentem,
2717 4221 2862 4274 illum
2899 4222 3146 4275 omnibus
3175 4225 3402 4292 epulen-

1821 4316 2009 4370 liorem
2033 4327 2151 4366 esse
2176 4313 2373 4376 ducito,
2393 4312 2598 4366 etiamsi
2625 4311 2754 4364 nihil
2781 4311 3064 4380 possideat.
3091 4311 3220 4365 Nam
3243 4330 3363 4369 men
3387 4348 3399 4359 -

1819 4407 1887 4460 tis
1933 4405 2157 4467 affectu,
2209 4421 2313 4456 non
2363 4403 2668 4458 facultatum
2714 4403 2911 4467 modo,
2964 4415 3321 4472 paupertatem
3347 4421 3404 4462 et

1817 4498 2139 4566 epulentiam
2186 4496 2450 4548 :estimare
2496 4497 2891 4548 consuevimus.
2939 4496 3397 4559 Quemadmodum

1817 4590 1978 4658 igitur
2006 4604 2158 4652 eum,
2204 4587 2292 4655 qui
2322 4594 2576 4654 perpetuo
2614 4584 2725 4636 sitit
2768 4600 2873 4636 non
2917 4585 3214 4638 dixerimus
3253 4597 3398 4641 recte

1816 4678 1994 4731 valere
2018 4717 2031 4738 ,
2075 4676 2233 4729 etiam
2264 4675 2306 4727 si
2337 4673 2487 4741 copia
2514 4689 2690 4727 rerum
2731 4671 2946 4734 affluat,
2974 4673 3132 4726 etiam
3165 4674 3208 4726 si
3232 4674 3396 4741 ,juxta

1817 4769 2007 4821 ﬂuvios
2049 4781 2111 4819 ac
2153 4765 2326 4818 fontes
2370 4762 2649 4816 accumhat
2680 4780 2692 4814 :
2723 4760 2866 4832 (quid
2895 4763 3033 4814 enim
3065 4763 3278 4829 prodest
3310 4763 3400 4816 illa

1817 4873 2070 4925 aquarum
2103 4857 2288 4925 cepia,
2335 4869 2454 4907 cum
2499 4852 2707 4906 affectio
2751 4861 2962 4905 maneat
3001 4852 3403 4923 inexstincta)?

1816 4947 1998 5002 itidem
2027 4956 2080 5001 et
2108 4946 2158 4999 in
2181 4945 2429 4999 divitibus
2457 4942 2727 5004 faciamus,
2757 4955 2850 4993 eos
2872 4939 2958 5008 qui
2989 4951 3244 5010 perpetuo
3269 4958 3397 4997 eon-

1816 5041 2127 5110 cupiscunt,
2174 5037 2461 5104 sitiuntque
2507 5034 2714 5098 aliena,
2767 5047 2832 5085 ne
2875 5044 3118 5100 putemus
3145 5049 3395 5104 umquam

1817 5147 1937 5185 esse
1963 5143 2156 5190 sanos,
2201 5141 2301 5180 nec
2347 5125 2451 5177 ulla
2498 5124 2595 5177 frui
2632 5139 2808 5176 rerum
2847 5124 3020 5192 copia.
3064 5123 3270 5176 Etenim
3303 5124 3392 5192 qui

1816 5237 1966 5274 suam
2021 5219 2185 5288 ipsius
2239 5215 2721 5284 concupiscentiam
2779 5230 2882 5266 non
2939 5223 3115 5283 potest
3171 5213 3394 5275 sistere.

1816 5312 2021 5366 etiamsi
2059 5321 2368 5364 cunctorum
2417 5308 2605 5372 opibus
2635 5307 2858 5359 vallatus
2887 5306 2949 5358 sit
2973 5345 2988 5371 ,
3019 5305 3282 5372 quomodo
3311 5306 3394 5358 fu-

1817 5411 1964 5455 turus
1989 5409 2073 5455 est
2101 5399 2145 5453 is
2171 5413 2419 5467 umquam
2469 5397 2520 5450 in
2562 5395 2756 5450 divitiis
2775 5400 2799 5448 ‘!
2847 5395 2956 5448 Eos
2981 5411 3104 5446 vero
3134 5395 3220 5462 qui
3252 5394 3391 5462 quod

1819 5493 2016 5547 habent
2061 5492 2188 5545 satis
2213 5506 2331 5544 esse
2363 5489 2596 5552 ducunt,
2631 5488 2824 5556 quique
2851 5501 2942 5538 sua
2975 5496 3116 5538 sorte
3153 5486 3389 5537 contenti

1817 5593 1973 5648 sunt,
2007 5599 2103 5636 nec
2127 5583 2322 5634 alienas
2351 5581 2793 5646 circumspectant
2834 5576 3104 5629 facultates
3125 5614 3140 5634 .
3183 5576 3391 5630 etiamsi

1820 5673 2018 5728 fuerint
2037 5673 2270 5725 omnium
2298 5668 2626 5738 cgentissimi
2649 5709 2664 5733 ,
2693 5666 2928 5720 omnium
2958 5664 3390 5733 opulentissimus

1821 5765 2015 5820 ducere
2054 5771 2280 5833 oportet.
2328 5761 2458 5816 Nam
2491 5759 2582 5831 qui
2627 5772 2734 5812 non
2788 5755 2986 5828 indiget
3034 5753 3245 5820 alienis,
3285 5759 3382 5812 sed
