3862 6228
468 335 571 391 983

470 458 618 520 putat
647 447 746 504 sibi
773 445 901 500 satis
926 458 1043 499 esse
1070 439 1208 512 quod
1240 439 1420 502 habet,
1443 433 1681 490 omnium
1718 439 1798 486 est
1823 426 2044 498 opulen-

469 541 722 596 tissimus.
771 536 876 593 Sed
914 534 1134 605 agedum
1163 533 1206 584 si
1247 531 1451 598 placet,
1483 525 1547 579 ad
1582 521 1903 593 propositam
1931 531 2044 571 ma-

471 634 654 686 teriam
706 636 1052 684 revertamur.
1127 622 1358 686 Accidit,
1412 618 1615 686 inquit,
1665 624 1719 666 ut
1773 619 2048 665 moreretur

469 722 714 784 Lazarus,
741 736 800 772 ac
822 721 1166 787 deportaretur
1191 713 1251 766 ab
1271 711 1461 781 angelis
1489 706 1637 780 (Luc.
1673 705 1758 760 16.
1788 702 1901 771 22).

542 813 748 865 Animas
783 810 996 862 violenta
1024 814 1181 858 morte
1209 800 1554 857 deccdentium
1576 814 1676 850 non
1711 794 1822 863 fieri
1853 793 2045 845 daemo-

468 921 572 958 nes.
606 932 678 942 —
703 901 798 955 llic
813 899 1011 953 malum
1034 895 1315 964 quemdam
1343 891 1583 945 morbum
1605 887 1761 954 cupio
1777 900 1842 939 ex
1859 881 2048 937 vestris

370 1013 373 1018 ·
469 993 660 1045 animis
685 990 919 1058 exigere.
975 986 1109 1041 Sunt
1138 984 1278 1038 enim
1324 981 1563 1051 plerique
1611 974 1912 1044 simplices,
1959 970 2047 1040 qui

471 1090 656 1152 putant
697 1081 901 1133 animas
928 1076 1159 1130 violenta
1196 1082 1366 1126 morte
1400 1066 1766 1123 decedentium
1797 1063 1907 1117 ﬁeri
1936 1061 2046 1114 dm-

472 1151 678 1226 tnunes.
725 1169 842 1224 Non
869 1168 940 1222 ita
979 1181 1039 1220 se
1067 1180 1153 1219 res
1195 1162 1391 1225 habet,
1439 1174 1543 1212 non
1573 1157 1643 1209 ita
1669 1169 1820 1208 sane.
1868 1151 2049 1219 Neque

477 1264 619 1318 ettim
664 1261 856 1314 animae
894 1257 1124 1311 violenta
1171 1262 1339 1307 tnurlc
1372 1246 1738 1303 decedentium
1785 1242 1916 1296 ﬁunt
1941 1240 2050 1294 dae-

473 1370 679 1419 moues,
713 1351 806 1406 sed
831 1351 1020 1404 animae
1047 1348 1219 1416 potius
1247 1347 1297 1400 in
1321 1342 1552 1414 peccatis
1577 1338 1865 1394 viventium
1899 1352 1912 1389 :
1944 1349 2047 1387 non

483 1445 622 1515 quod
662 1453 897 1499 mutetur
926 1441 1130 1494 illarum
1161 1435 1449 1492 substantia
1476 1475 1491 1501 ,
1533 1431 1626 1486 sed
1652 1428 1790 1499 quod
1819 1429 2049 1497 ipsarum

472 1538 720 1590 voluntas
746 1534 1046 1588 dtemonum
1068 1529 1377 1599 pravitatem
1409 1527 1659 1580 imitetur.
1693 1521 1807 1576 Hoc
1827 1530 1880 1574 et
1897 1518 2050 1572 Chri-

473 1639 591 1684 stus
620 1628 752 1683 dixit
775 1625 974 1680 Iudaeis
995 1665 1009 1690 ,
1049 1621 1150 1677 Vos
1175 1621 1269 1689 ﬁlii
1294 1617 1482 1672 diaboli
1510 1617 1625 1671 estis
1647 1614 1818 1684 (Joan.
1845 1611 1896 1665 8.
1922 1609 2010 1678 44)
2036 1625 2049 1662 :

479 1721 615 1775 ﬁlios
638 1717 830 1773 diaboli
859 1715 1005 1780 dicit,
1035 1729 1140 1769 non
1168 1711 1308 1780 quod
1338 1710 1390 1763 in
1418 1709 1560 1762 illius
1594 1713 1833 1761 naturam
1869 1707 2052 1773 essent

476 1809 808 1864 transmutati
835 1848 848 1871 ,
881 1807 975 1861 sed
1000 1803 1248 1874 quoniam
1291 1801 1431 1854 illius
1461 1813 1624 1867 opera
1652 1795 1930 1849 faciebant.
1965 1790 2050 1844 ld-

477 1903 622 1956 circo
680 1902 840 1974 etjam
893 1897 1105 1966 subjicit
1149 1913 1164 1948 :
1211 1892 1350 1947 Nam
1402 1890 1650 1944 desideria
1701 1886 1856 1953 patris
1905 1883 2052 1937 vestri

475 1993 623 2044 vultis
651 1992 815 2058 facere
841 1984 1031 2058 (Joan.
1058 1985 1110 2039 8.
1144 1987 1263 2054 44).
1304 1983 1506 2036 Rursus
1547 1979 1780 2034 Joannes
1809 1993 1822 2028 :
1854 1974 2051 2044 Proge-

478 2083 580 2134 nies
611 2081 894 2148 viperarum
917 2119 932 2140 ,
973 2077 1082 2140 quis
1115 2070 1472 2128 demonstravit
1500 2069 1639 2123 vobis
1677 2067 1849 2135 fugere
1872 2081 1903 2116 a
1932 2080 2053 2116 ven-

479 2181 593 2223 tura
620 2169 738 2221 ira?
780 2166 958 2221 Facite
982 2165 1137 2234 igitur
1164 2167 1382 2232 fructum
1414 2159 1618 2229 dign-um
1648 2154 1962 2226 pmttitentite,
1995 2167 2055 2204 ac

479 2276 540 2312 ne
583 2259 736 2312 velitis
774 2257 938 2309 dicere
970 2271 986 2308 :
1015 2262 1206 2324 putrem
1245 2250 1484 2304 habemus
1528 2247 1802 2300 Abraham.
1849 2245 2054 2298 Etenim

478 2366 570 2402 eas
601 2350 743 2416 leges
778 2347 1014 2415 aguo~eit
1062 2340 1464 2413 prepinquitatis
1501 2338 1805 2406 Scriptura,
1854 2344 1912 2388 ut
1951 2350 2056 2388 non

479 2439 568 2508 qui
596 2447 779 2490 natura
813 2435 1080 2504 conjuncti
1123 2442 1276 2496 sunt,
1321 2429 1413 2484 sed
1453 2428 1538 2499 qui
1570 2429 1764 2480 virtute
1793 2425 2058 2478 malitiave

483 2527 762 2598 prapinqui
808 2536 962 2588 sunt,
991 2525 1158 2577 soleat
1183 2520 1449 2590 appellare
1478 2525 1748 2586 cognatos.
1787 2515 1853 2568 Et
1882 2514 2059 2582 cujus-

483 2634 712 2688 cumque
750 2631 928 2670 morcs
955 2614 1144 2683 aliquis
1172 2610 1527 2681 expresserit,
1560 2607 1714 2677 hujus
1734 2615 1788 2660 et
1815 2607 1975 2659 lilium
2006 2614 2061 2658 et

484 2712 700 2767 fratrem
728 2709 873 2764 illum
900 2723 1019 2762 esse
1039 2707 1166 2761 dicit
1189 2705 1481 2771 Scriptura.

550 2805 606 2856 2.
639 2804 705 2855 At
745 2801 895 2870 cujus
934 2799 1007 2853 rei
1050 2798 1213 2866 gratia
1257 2793 1498 2848 diabolus
1544 2793 1697 2845 istam
1750 2803 2057 2861 perversam

483 2892 789 2962 opinionem
821 2887 1063 2943 invexit?
1108 2886 1341 2940 Conatus
1369 2892 1452 2936 est
1496 2891 1786 2952 martyrum
1813 2876 2062 2932 defodere

485 2994 539 3041 et
567 2985 792 3040 obruere
821 2981 1066 3051 gloriam.
1117 2979 1325 3031 Etenim
1370 2989 1490 3028 cum
1529 2973 1603 3026 illi
1643 2981 1812 3026 morte
1837 2968 2061 3022 violenta

484 3075 838 3140 decesserint,
869 3073 1086 3142 cupiens
1118 3084 1330 3139 pravam
1359 3067 1426 3122 de
1455 3067 1556 3120 illis
1580 3066 1796 3136 gignere
1816 3063 2065 3131 suspieio-

487 3185 630 3233 nem,
655 3168 756 3222 hoc
773 3166 898 3220 fecit
925 3183 938 3220 :
963 3178 1144 3218 verum
1175 3177 1280 3215 non
1309 3159 1480 3229 potuit
1510 3175 1524 3210 :
1555 3163 1902 3226 perseverant
1922 3153 2062 3207 enim

488 3271 788 3333 martyres,
842 3257 1112 3327 premium
1167 3255 1467 3308 obtinentes
1515 3247 1874 3318 splendorem.
1927 3245 2064 3310 Quin

488 3352 628 3408 aliud
673 3351 840 3404 multo
874 3347 1140 3402 crudelius
1179 3343 1532 3415 perpetravit,
1577 3339 1829 3394 malelicis
1859 3337 2064 3407 ipsique

492 3439 898 3497 iuservientibus
925 3451 1019 3506 per
1043 3435 1137 3487 has
1161 3434 1442 3503 Opiniones
1467 3430 1732 3500 persuasis
1755 3469 1772 3494 ,
1800 3436 1856 3481 ut
1886 3437 2067 3480 tenera

493 3525 774 3585 multarum
798 3526 1194 3581 adolescentum
1227 3535 1448 3590 corpora
1477 3517 1822 3582 trucidarent,
1853 3531 2069 3584 speran-

496 3631 576 3676 tes
617 3619 880 3678 futurum,
930 3625 988 3668 ut
1027 3615 1214 3668 ﬁerent
1257 3611 1562 3675 daemones,
1613 3622 1902 3676 rursusque
1944 3607 2070 3676 ipsis

496 3711 832 3767 inservirent.
865 3706 1062 3761 Verum
1092 3721 1195 3757 non
1223 3712 1343 3759 sunt
1372 3703 1468 3754 ista
1498 3715 1620 3755 vera
1640 3741 1654 3762 ,
1696 3714 1798 3752 non
1839 3707 1961 3752 sunt
1987 3699 2070 3751 itt-

498 3804 674 3873 quam.
699 3798 834 3868 Quid
862 3798 1016 3868 igitur
1036 3803 1119 3850 est
1142 3793 1280 3863 quod
1303 3792 1570 3846 daemones
1596 3789 1798 3854 dicunt,
1827 3787 2070 3842 monachi

499 3895 641 3949 illius
691 3907 807 3946 sum
857 3886 1074 3942 anima?
1128 3885 1268 3939 Sane
1321 3893 1534 3951 promer
1592 3880 1694 3933 hoc
1743 3880 1914 3948 ipsum
1966 3893 2073 3931 non

499 3984 694 4047 credo,
745 3980 866 4052 quia
911 3977 1182 4032 daemones
1226 3975 1460 4028 dicunt“:
1481 3971 1750 4040 decipiunt
1793 3970 1934 4024 enim
1976 3985 2074 4022 au-

499 4075 720 4128 ditores.

571 4164 785 4218 Daemon
809 4176 897 4213 nec
921 4174 1035 4212 vera
1057 4157 1226 4209 dicens
1241 4153 1521 4207 audiendus
1550 4160 1641 4206 est.
1660 4150 2078 4219 —-Quaproptcr

502 4264 558 4308 et
587 4252 777 4307 Paulus
805 4250 930 4318 ipsis
953 4247 1158 4301 tametsi
1186 4259 1310 4298 vera
1330 4242 1627 4297 dicentibus
1649 4239 1898 4309 imposuit
1925 4240 2080 4293 silen-

505 4348 659 4410 tium,
688 4358 754 4397 ue
774 4356 836 4395 ex
867 4340 1006 4394 veris
1027 4338 1165 4392 nacti
1202 4336 1553 4397 occasionem,
1582 4342 1701 4402 post
1727 4332 2078 4387 admiscereut

508 4432 814 4494 mendacia,
871 4429 1131 4498 ﬁdemque
1184 4427 1282 4481 sibi
1334 4424 1698 4480 conciliarent.
1754 4424 1883 4478 Cum
1936 4425 2078 4478 enim

510 4525 801 4583 dixissent,
831 4519 926 4572 Isti
947 4519 1170 4570 homines
1195 4517 1321 4569 servi
1343 4514 1434 4568 Dei
1459 4513 1692 4568 altissimi
1719 4522 1852 4577 sunt,
1885 4530 2083 4567 annun-

510 4617 687 4668 tiantes
719 4612 855 4665 vobis
895 4611 1025 4662 viam
1062 4608 1237 4660 salutis
1267 4607 1402 4674 (Act.
1435 4604 1521 4658 l6.
1550 4606 1639 4673 17)
1659 4646 1674 4670 ,
1720 4603 1905 4658 dolens
1939 4607 2081 4672 Apo-

510 4707 679 4762 stolus
720 4702 1008 4771 increpavit
1049 4699 1382 4770 Pythonem,
1431 4709 1588 4765 atque
1635 4697 1779 4751 exire
1802 4697 1979 4765 jussit.
2017 4696 2086 4750 Et

512 4808 687 4851 tamen
713 4793 836 4864 quid
866 4792 988 4845 mali
1015 4789 1259 4844 dicebant
1289 4805 1301 4840 :
1335 4787 1430 4840 Isti
1470 4788 1693 4840 homines
1730 4787 1859 4840 servi
1890 4784 1986 4839 Dei
2009 4786 2090 4839 al-

512 4887 689 4941 tissimi
718 4883 873 4937 sunt?
910 4881 1014 4936 Sed
1049 4880 1298 4948 quoniam
1329 4878 1565 4946 plerique
1598 4876 1950 4945 simpliciores
1977 4892 2085 4930 non

513 4983 710 5030 norunt
735 4986 942 5040 semper
966 4970 1258 5038 dijudicare
1286 4983 1404 5036 quae
1423 4982 1452 5020 a
1469 4966 1798 5020 daemonibus
1817 4966 2084 5030 dicuntur,

515 5065 682 5121 semel
711 5077 803 5117 eos
838 5061 1056 5114 exclusit
1084 5076 1112 5112 a
1140 5059 1261 5114 ﬁde.
1310 5058 1390 5112 Ex
1437 5057 1710 5111 infantium
1753 5073 1976 5112 numero
2003 5073 2085 5124 es,

516 5157 706 5226 inquit,
739 5169 842 5206 non
872 5161 953 5206 est
980 5162 1126 5205 tuutn
1153 5150 1318 5204 libere
1346 5148 1485 5218 loqui
1510 5189 1526 5214 ,
1555 5157 1670 5203 tace
1693 5191 1708 5214 ,
1735 5149 2044 5214 obmutesce
2073 5168 2086 5205 :

519 5263 623 5302 nou
655 5255 737 5300 est
763 5255 909 5298 tuum
935 5243 1226 5311 prmdicare
1245 5282 1260 5306 ,
1290 5242 1648 5309 apostolorum
1676 5242 1774 5296 ista
1801 5251 1883 5297 est
1903 5253 2089 5298 aucto-

524 5341 677 5394 ritas.
723 5337 858 5404 Quid
888 5349 1109 5403 usurpas
1136 5335 1275 5402 quod
1311 5343 1456 5387 tuum
1486 5349 1590 5387 non
1624 5333 1741 5388 est?
1781 5333 1924 5400 Sile,
1959 5336 2093 5389 infa-

511 5431 624 5486 mis
648 5444 726 5484 es.
755 5429 842 5481 Sic
866 5437 919 5482 et
945 5425 1188 5480 Christus
1213 5425 1451 5478 dicentes
1481 5425 1580 5493 ipsi
1607 5423 1897 5488 daamones,
1929 5425 2091 5479 Novi-

519 5537 631 5573 mus
652 5529 697 5572 te
719 5519 805 5587 qui
827 5518 916 5580 sis,
945 5514 1234 5581 increpavit
1255 5513 1417 5566 multa
1439 5528 1557 5567 cum
1590 5514 1875 5568 acrimonia
1900 5513 2088 5585 (Marc.

523 5613 575 5665 1.
606 5611 706 5675 24,
731 5619 778 5662 et
802 5607 923 5662 Luc.
947 5607 998 5660 4.
1022 5607 1114 5674 54)
1143 5623 1156 5658 :
1183 5605 1334 5660 nobis
1385 5605 1553 5675 legem
1595 5608 1976 5674 praescribens,
2026 5623 2093 5663 ne

519 5713 628 5768 quo
660 5711 815 5770 pacto
838 5698 1064 5755 datmoni
1095 5696 1316 5752 ﬁdamus
1338 5735 1354 5764 ,
1397 5698 1605 5752 etiamsi
1633 5697 1726 5752 tibi
1753 5698 1947 5768 aliquid
1979 5700 2091 5754 veri

1234 324 1286 380 S.
1328 317 1605 378 JOANNlS
1641 305 2112 371 CllBYSOSTOMl
2153 301 2467 361 ARCHIEP.
2510 296 3045 353 CONSTANTINOP.

3655 292 3755 342 985

2159 420 2372 475 dixerit.
2405 419 2500 474 llis
2521 417 2680 488 igitur
2705 418 2949 485 cognitis,
2982 431 3047 469 ne
3077 430 3298 483 prorsus
3317 421 3627 474 credamus
3648 418 3754 471 dae.

2153 511 2296 566 muni
2331 527 2343 562 :
2375 510 2481 564 imo
2503 510 2660 563 etiam
2681 509 2726 562 si
2747 507 2873 576 quid
2893 507 3004 561 veri
3032 506 3301 574 loquatur,
3329 503 3616 574 fugiamus
3637 516 3752 554 eum

2154 610 2209 656 et
2236 615 2557 656 averscmur.
2609 599 2740 653 Nam
2769 614 2899 654 sana
2941 598 3187 668 dogmata
3225 594 3625 662 salutiferaque
3656 608 3752 646 non

2154 710 2182 745 a
2215 691 2546 745 dmmonibns
2569 733 2585 756 ,
2627 690 2720 744 sed
2761 705 2827 744 ex
2874 689 3050 743 divina
3078 689 3354 758 Scriptura
3387 687 3523 742 licet
3567 699 3755 740 caele

2155 783 2381 838 discere.
2439 783 2509 838 Ut
2551 782 2709 851 igitur
2736 781 3071 851 cognoscatis
3117 794 3221 834 non
3271 794 3431 848 posse
3483 777 3651 839 ﬁeri,
3708 788 3755 826 ιιι

2155 873 2336 928 anima
2363 888 2589 941 corpore
2616 887 2831 942 egressa
2855 872 3036 926 veniat
3058 871 3158 926 sub
3180 870 3522 942 tyrannidem
3549 869 3755 922 damo-

2157 981 2316 1030 num,
2356 965 2476 1017 audi
2508 963 2633 1034 quid
2675 963 2803 1017 dicit
2842 964 3038 1017 Paulus
3070 979 3084 1016 :
3112 961 3212 1028 Qui
3237 961 3371 1014 enim
3396 971 3643 1014 mortuus
3667 971 3752 1023 est,

2146 1058 2456 1128 justi/icatus
2483 1067 2554 1110 est
2578 1073 2609 1108 a
2630 1066 2831 1126 peccato
2859 1053 3035 1127 (Rom.
3062 1054 3114 1109 6.
3147 1055 3226 1129 7)Ρ
3255 1055 3359 1106 hoc
3383 1061 3470 1106 est
3503 1067 3618 1105 non
3645 1067 3754 1103 am-

2156 1149 2294 1218 plius
2329 1157 2530 1216 peccat.
2579 1146 2710 1200 Nam
2739 1147 2783 1199 si
2813 1147 3005 1200 animae
3031 1146 3082 1197 in
3113 1158 3335 1213 corpore
3365 1143 3619 1198 manenti
3647 1143 3755 1196 dia-

2156 1238 2312 1291 bolus
2346 1253 2453 1291 non
2483 1234 2658 1306 potest
2683 1236 2882 1291 inferre
2911 1237 3016 1288 vim
3041 1277 3057 1300 ,
3099 1236 3432 1304 perspicuum
3477 1244 3570 1290 est
3611 1234 3753 1303 quod

2157 1343 2256 1382 nec
2285 1343 2533 1398 egressa}.
2565 1327 2856 1395 Quomodo
2875 1326 3054 1394 igitur,
3078 1326 3270 1394 inquis,
3295 1334 3549 1394 peccant,
3583 1326 3631 1378 si
3654 1327 3750 1378 vim

2097 1423 2113 1434 ‘
2159 1436 2262 1472 non
2295 1420 2597 1488 patiuntur?
2622 1418 2876 1473 Veientes
2905 1425 3202 1487 sponteque
3224 1431 3288 1471 ac
3312 1421 3528 1485 seipsas
3558 1416 3750 1485 injuria

2157 1512 2450 1566 atﬁcientes
2506 1518 2762 1580 peccant,
2815 1525 2922 1563 non
2977 1517 3179 1564 coacta:
3227 1523 3408 1578 neque
3462 1509 3752 1579 tyrannide

2157 1617 2426 1672 oppressa:
2455 1619 2470 1656 :
2499 1602 2655 1672 idque
2679 1601 2950 1656 declarant
2975 1616 3164 1655 omnes
3190 1641 3205 1665 ,
3236 1601 3325 1670 qui
3351 1611 3750 1669 superaverunt

2159 1693 2298 1748 illius
2327 1693 2774 1747 machinamenta.
2806 1692 2979 1746 Veluti
3003 1691 3217 1746 beatum
3241 1691 3342 1746 Job
3368 1733 3382 1757 ,
3411 1706 3542 1745 cum
3572 1694 3750 1745 omnia

2162 1785 2496 1850 miscuisset,
2533 1800 2638 1838 non
2667 1783 2836 1853 potuit
2861 1793 3038 1838 tamen
3063 1783 3412 1852 persuadere,
3440 1793 3501 1836 ut
3536 1784 3751 1854 aliquod

2158 1876 2375 1930 verbum
2398 1874 2768 1944 blasphemutn
2792 1875 3056 1943 proferret
3081 1873 3204 1944 (Job
3228 1873 3280 1926 2.
3309 1874 3363 1928 9.
3395 1873 3518 1944 10).

2229 1964 2464 2019 Liberum
2497 1965 2779 2018 arbitrium.
2805 1995 2878 2006 —
2904 1965 3056 2021 Unde
3082 1966 3416 2035 perspicuum
3450 1978 3541 2020 est
3573 1968 3628 2020 in
3661 1984 3752 2020 no-

2159 2055 2240 2109 bis
2265 2056 2423 2109 situm
2449 2069 2588 2118 esse,
2619 2064 2677 2109 ut
2704 2055 2787 2110 vel
2809 2056 3258 2124 obtemperemus,
3290 2055 3374 2108 vel
3405 2070 3516 2109 non
3546 2057 3758 2110 olm-ru-

2161 2161 2408 2215 peremus
2438 2146 2577 2199 illius
2602 2145 2840 2200 consiliis
2860 2187 2878 2214 ,
2922 2161 3020 2200 nec
3044 2160 3142 2199 nos
3162 2145 3320 2200 ullam
3350 2148 3755 2211 necessitatem,

2161 2253 2334 2306 neque
2358 2237 2695 2308 tyrannidem
2724 2237 2833 2306 pati
2858 2237 2927 2292 ab
2952 2237 3067 2292 illo.
3095 2237 3211 2292 Non
3239 2239 3410 2292 solum
3438 2254 3506 2292 ex
3539 2240 3605 2292 iis
3635 2256 3754 2309 qua:

2161 2329 2298 2383 dicta
2326 2337 2468 2394 sunt,
2497 2343 2680 2382 verum
2712 2328 2871 2382 etiam
2894 2344 2958 2382 ex
2980 2327 3081 2382 bac
3108 2327 3356 2397 parabola
3389 2328 3583 2397 liquet,
3614 2328 3754 2397 quod

2161 2419 2354 2473 animae
2379 2433 2570 2487 corpus
2594 2433 2823 2487 egressio
2844 2457 2862 2484 ,
2904 2433 3010 2472 non
3050 2419 3137 2473 hic
3179 2429 3619 2484 commorantur,
3665 2421 3755 2474 sed

2164 2511 2403 2578 protinus
2423 2508 2775 2562 abducuntur.
2807 2509 2870 2562 Et
2890 2508 3176 2577 quomodo,
3195 2508 3337 2562 audi.
3357 2509 3561 2563 Accidit
3587 2512 3752 2574 enim,

2165 2600 2363 2669 inquit,
2401 2607 2454 2652 ut
2499 2609 2807 2661 moreretur,
2840 2614 2899 2650 ac
2921 2598 3247 2651 deduceretur
3278 2599 3341 2651 ab
3373 2599 3574 2668 angelis
3603 2599 3755 2667 (an.

2165 2690 2252 2743 16.
2279 2689 2394 2758 ‘22).
2443 2689 2561 2742 Non
2602 2689 2770 2742 solum
2798 2697 2973 2744 autem
3013 2688 3279 2757 justorum
3315 2690 3511 2742 anima:
3537 2733 3552 2752 ,
3586 2691 3681 2744 sed
3707 2701 3761 2744 et

2165 2797 2348 2837 eorum
2376 2783 2463 2851 qui
2495 2780 2634 2834 male
2663 2781 2925 2847 vixerunt,
2958 2779 3081 2834 illuc
3112 2779 3486 2834 deducuntur:
3520 2791 3686 2850 atque
3711 2783 3762 2835 id

2165 2889 2374 2928 rursum
2405 2889 2472 2927 ex
2497 2873 2598 2926 alio
2627 2872 2788 2926 divite
2819 2873 3153 2941 perspicuum
3177 2880 3278 2926 est.
3303 2872 3599 2942 Postquam
3617 2875 3763 2927 enim

2166 2964 2382 3018 uberem
2404 2971 2716 3031 proventum
2747 2961 3118 3031 produxissent
3137 2963 3249 3031 agri
3282 2962 3468 3031 ipsius,
3499 2963 3636 3016 dicit
3665 2964 3764 3017 sibi

2167 3054 2269 3122 ipsi
2302 3071 2315 3106 :
2353 3053 2488 3119 Quid
2522 3053 2707 3122 facium
2738 3067 2758 3106 :
2785 3052 3032 3105 demotiar
3059 3053 3242 3106 horrea
3275 3069 3384 3105 mea
3405 3092 3422 3118 ,
3462 3069 3527 3104 ac
3559 3056 3766 3123 majora

2167 3145 2429 3212 tediﬁcabo
2457 3142 2567 3211 (Id.
2595 3142 2682 3196 12.
2732 3141 2866 3212 18)?
2916 3142 3055 3196 Nihil
3100 3141 3198 3196 hac
3239 3150 3416 3196 mente
3464 3141 3765 3197 infelicius.

2169 3234 2307 3288 Vere
2347 3234 2631 3288 demolitus
2672 3242 2755 3287 est
2793 3247 2888 3287 sua
2934 3232 3098 3302 ipsius
3137 3232 3325 3286 horrea
3357 3250 3369 3285 :
3402 3247 3526 3284 nam
3569 3231 3767 3287 horrea

2169 3341 2288 3395 qum
2316 3323 2612 3394 deprardari
2639 3339 2742 3377 non
2767 3331 2988 3393 possunt
3010 3337 3116 3376 non
3145 3333 3266 3375 sunt
3301 3323 3461 3386 muri,
3491 3322 3592 3374 sed
3639 3338 3768 3391 pau-

2170 3435 2357 3490 perum
2384 3427 2616 3481 ventres,
2640 3417 2832 3486 quibus
2860 3415 2948 3469 ille
2976 3415 3230 3484 neglectis
3249 3413 3514 3467 sollicitus
3546 3425 3672 3467 erat
3702 3414 3770 3468 de

2173 3512 2482 3582 parietibus.
2536 3509 2672 3576 Quid
2718 3509 2873 3579 igitur
2909 3507 3037 3562 dicit
3084 3507 3156 3560 illi
3207 3507 3382 3560 Deus?
3430 3505 3645 3570 Stulte,
3677 3508 3772 3559 hac

2173 3613 2316 3656 nocte
2334 3611 2554 3671 repetent
2587 3601 2810 3653 animum
2835 3609 2972 3652 tuam
3004 3598 3092 3652 abs
3116 3608 3162 3651 te
3201 3596 3305 3668 (Ib.
3330 3613 3376 3649 υ.
3409 3596 3526 3668 20).
3559 3598 3660 3651 llic
3689 3600 3769 3652 in-

2173 3694 2287 3763 quit
2308 3691 2592 3746 deductum
2619 3690 2780 3744 fuisse
2801 3690 2866 3743 ab
2887 3689 3109 3759 angelis,
3139 3688 3246 3742 illic
3272 3698 3450 3741 autem
3479 3698 3765 3758 repetunt:

2175 3793 2230 3838 et
2254 3783 2622 3852 huncquidem
2638 3797 2736 3836 ceu
2758 3782 2990 3834 vinctum
3020 3780 3336 3839 educebant.
3372 3780 3523 3832 illum
3553 3795 3692 3833 vero
3716 3789 3770 3832 ut

2174 3887 2426 3927 coronam
2445 3879 2739 3940 gestantem
2762 3869 3045 3938 stipabant.
3066 3869 3130 3922 Et
3151 3867 3600 3938 quemadmodum
3618 3884 3762 3931 eum,

2177 3965 2264 4035 qui
2299 3966 2442 4033 prius
2469 3964 2520 4016 in
2559 3962 2732 4018 stadio
2773 3963 2935 4015 multa
2983 3961 3200 4015 vulnera
3245 3962 3449 4028 accepit
3475 4002 3490 4020 ,
3544 3976 3611 4014 ac
3639 3976 3764 4015 san-

2178 4056 2336 4124 guine
2355 4068 2674 4122 conspersus
2700 4061 2801 4116 est,
2830 4061 2948 4120 post
2968 4066 3164 4106 corona
3193 4052 3352 4118 capiti
3379 4051 3587 4115 addita,
3614 4053 3648 4106 ii
3680 4053 3766 4122 qui

2179 4157 2302 4200 ante
2339 4145 2566 4199 stadium
2605 4151 2786 4210 stant,
2815 4152 3118 4212 susceptum
3147 4144 3305 4196 multa
3332 4157 3453 4195 cum
3487 4143 3647 4197 laude
3676 4144 3767 4197 do-

2182 4255 2325 4293 mum
2346 4237 2634 4300 deducuut,
2663 4237 3060 4306 applaudentes,
3087 4235 3223 4289 bene
3243 4234 3569 4299 ominantes,
3602 4236 3768 4288 admi-

2183 4340 2380 4390 rantes.
2410 4329 2487 4385 sic
2514 4339 2569 4385 et
2594 4329 2764 4398 angeli
2794 4327 3052 4382 Lazarum
3081 4335 3189 4380 tum
3217 4324 3556 4378 deducebant
3581 4368 3596 4388 ,
3630 4326 3766 4378 illius

2182 4438 2314 4477 vero
2333 4422 2563 4475 animam
2589 4421 2897 4490 repetebant
2926 4415 3222 4471 metuendae
3249 4413 3493 4484 quazdam
3518 4417 3760 4470 virtutes.

2187 4514 2424 4569 fortassis
2447 4512 2513 4566 ad
2539 4512 2639 4566 hoc
2658 4511 2834 4566 missae
2866 4528 2879 4565 :
2904 4523 3074 4578 neque
3098 4509 3239 4564 enim
3269 4523 3360 4559 sua
3378 4517 3578 4574 sponte
3596 4509 3763 4561 anima

2186 4606 2252 4660 ad
2294 4605 2437 4658 illam
2478 4602 2680 4657 secedit
2715 4602 2875 4655 vitam
2900 4639 2916 4664 ,
2955 4609 3231 4668 propterea
3257 4596 3397 4666 quod
3432 4599 3538 4651 hoc
3565 4614 3636 4651 ne
3664 4597 3765 4651 ﬁeri

2186 4697 2398 4767 quidem
2443 4695 2626 4765 possit.
2678 4691 2811 4746 Nam
2852 4692 2898 4746 si
2940 4691 3202 4744 civitatem
3247 4689 3460 4742 (‘Ivitate
3505 4700 3768 4742 mutantes

2188 4801 2406 4857 egemus
2443 4783 2857 4845 deductoribus,
2903 4782 3070 4834 multo
3113 4780 3278 4848 magis
3320 4778 3498 4831 anima
3539 4793 3570 4830 a
3616 4795 3769 4833 mnus

2189 4879 2392 4933 divulsa
2411 4919 2425 4943 ,
2466 4885 2522 4932 et
2553 4875 2620 4930 ad
2648 4873 2877 4929 futuram
2906 4871 3166 4926 transiens
3196 4872 3355 4923 vitam
3386 4885 3525 4938 opus
3560 4870 3768 4923 habt-lit

2191 4973 2290 5025 vite
2325 4969 2565 5024 ducibus.
2613 4967 2947 5035 QuaprOpter
2989 4962 3292 5029 frequenter
3339 4974 3482 5014 nunc
3522 4962 3766 5030 emergit,

2191 5077 2333 5118 nunc
2359 5062 2408 5115 in
2438 5057 2754 5130 profundum
2781 5054 3103 5124 demergitur
3123 5092 3140 5119 ,
3169 5050 3457 5120 metuitque
3495 5059 3552 5104 et
3596 5052 3765 5106 horret

2192 5167 2311 5208 cum
2341 5160 2475 5205 esta
2499 5163 2660 5202 carne
2695 5146 3014 5200 discessura.
3074 5143 3205 5197 Nam
3250 5157 3371 5195 cum
3419 5156 3644 5211 semper
3682 5155 3766 5196 nus

2193 5245 2428 5300 stimulat
2454 5250 2788 5311 peccatorum
2815 5237 3171 5300 conscientia,
3217 5243 3326 5288 tum
3373 5248 3501 5287 vero
3543 5235 3766 5288 maxime

2196 5335 2283 5390 illa
2312 5334 2462 5398 hora,
2490 5347 2610 5386 cum
2640 5329 2764 5383 hinc
2789 5342 2970 5382 sumus
2995 5324 3286 5379 abducendi
3313 5323 3378 5377 ad
3406 5323 3496 5376 illa
3528 5325 3762 5378 ιτίιιιιιιςς-

2197 5429 2298 5494 lia,
2345 5424 2791 5492 metuendumque
2831 5420 3085 5490 judicium
3122 5435 3134 5470 :
3167 5427 3276 5470 tum
3321 5416 3461 5471 enim
3503 5416 3627 5470 sive
3662 5416 3765 5485 quis

2197 5517 2406 5585 rapuit,
2453 5514 2568 5568 sive
2597 5512 2897 5574 fraudavit,
2937 5509 3050 5563 sive
3077 5506 3392 5561 contumelia
3419 5505 3602 5559 affecit
3623 5547 3639 5569 ,
3668 5508 3762 5560 sive

2196 5609 2439 5676 cuiquam
2458 5614 2652 5675 przeter
2670 5617 2884 5658 causam
2903 5601 3146 5654 inimicus
3173 5597 3341 5651 factus
3360 5605 3461 5660 est,
3489 5595 3609 5649 sive
3641 5595 3760 5650 aliud

2197 5697 2567 5769 quodcumque
2589 5694 2791 5753 facinus
2815 5688 3135 5763 perpetravit
3169 5706 3181 5742 :
3214 5687 3488 5742 universus
3519 5684 3639 5742 illic
3663 5699 3758 5755 pce

3813 5671 3822 5696 t
