3862 6228
146 316 253 373 983

146 425 292 481 ἐστὶν
318 422 714 494 εὐπορώτερος.
769 420 910 473 Ἀλλ’
941 421 988 473 εί
1024 420 1191 484 δοκεῖ,
1236 419 1330 473 ἐπὶ
1361 417 1462 490 τὴν
1495 434 1720 490 προκει-

149 507 318 579 μένην
335 506 590 559 ὑπόθεσιν
623 503 1023 574 ἐπανέλθωμεν.
1061 501 1345 572 Ἐγένετο,
1371 501 1558 571 φησὶν,
1579 499 1726 554 ἀπο-

149 587 350 645 θανεῖν
376 588 484 642 τὸν
523 586 814 655 Λάζαρον,
861 585 960 639 καὶ
1007 583 1413 654 ἀπενεχθῆναι
1443 583 1561 638 ὑπὸ
1608 581 1729 635 τῶν

147 675 436 730 ἀγγέλων.

189 673 496 808 ﬁgi-Oa.
534 751 769 821 πονηρὸν
811 751 1027 820 νόσημα
1067 750 1168 818 τῆς
1211 748 1484 819 ὑμετέρας
1528 744 1730 812 ἐξελεῖν

149 837 411 908 βούλομαι
444 835 644 906 ψυχῆς.
684 835 794 889 Καὶ
827 835 936 905 γὰρ
976 832 1164 886 πολλοὶ
1201 831 1311 884 τῶν
1351 830 1730 901 ἀφελεστέρων

147 921 428 990 νομίζουσι
452 919 552 982 τὰς
577 918 756 989 ψυχὰς
795 917 904 971 τῶν
931 917 1090 988 βιαίῳ
1111 916 1325 984 θανάτῳ
1350 913 1729 967 τελευτώντων

147 1001 704 1075 δαίμοναςγίνεσθαι.
729 1003 841 1055 Οὐκ
871 1001 986 1053 ἐστι
1015 1000 1073 1053 δὲ
1100 998 1287 1064 τοῦτο,
1317 999 1418 1052 οὐκ
1447 997 1617 1051 ἐστιν.
1655 997 1728 1050 Οὐ

149 1088 259 1157 γὰρ
280 1089 336 1139 αἱ
357 1086 527 1156 ψυχαὶ
556 1085 664 1138 τῶν
689 1084 1148 1155 βιοθανατούντων
1171 1082 1425 1152 δαίμονες
1455 1079 1727 1149 γίνονται,

151 1170 266 1223 ἀλλ’
307 1171 364 1224 αἱ
403 1169 577 1239 ψυχαὶ
605 1169 714 1222 τῶν
747 1171 806 1222 ἐν
847 1168 1209 1239 ἁμαρτήμασι
1249 1164 1488 1228 ζώντων,
1538 1163 1598 1215 οὐ
1634 1162 1732 1232 τῆς

149 1253 338 1316 οὐσίας
355 1253 534 1306 αὐτῶν
563 1251 1060 1324 μεταϐαλλομένης,
1083 1249 1218 1304 ἀλλά
1243 1249 1341 1319 τῆς
1361 1246 1733 1318 προαιρέσεως

153 1336 336 1390 αὐτῶν
368 1335 465 1406 τὴν
499 1335 722 1388 ἐκείνων
755 1333 1098 1405 μιμουμένης
1119 1331 1340 1385 κακίαν.
1387 1329 1560 1383 Τοῦτο
1602 1327 1732 1396 γοῦν

153 1421 409 1492 καὶπρὸς
447 1421 574 1482 τοὺς
615 1417 900 1478 Ἰουδαίους
942 1417 1116 1487 δηλῶν
1160 1415 1190 1467 ό
1217 1413 1453 1485 Χριστὸς
1503 1413 1690 1480 ἔλεγεν
1715 1427 1729 1442 ⁸

165 1504 364 1574 ’Υμεῖς
393 1501 500 1556 τοῦ
543 1501 825 1554 διαϐόλου
858 1501 978 1554 υίοί
1007 1500 1168 1554 ἐστε·
1209 1499 1362 1560 υἱοὺς
1397 1498 1456 1550 δὲ
1487 1495 1732 1549 διαϐόλου

155 1589 352 1649 αὐτοὺς
385 1583 555 1650 εἶπεν,
593 1584 694 1636 οὐκ
731 1581 920 1653 ἐπειδὴ
961 1582 1041 1645 εἰς
1086 1583 1186 1651 τὴν
1224 1579 1380 1652 [7Ξ8]
1411 1579 1600 1632 οὐσίαν
1638 1577 1734 1648 τὴν

156 1669 363 1723 ἐκείνου
419 1667 738 1738 μετέπεσον,
791 1666 928 1719 ἀλλά
967 1665 1155 1736 ἐπειδὴ
1213 1666 1280 1718 τά
1332 1664 1470 1735 ἔργα
1523 1662 1734 1717 ἐκείνου

156 1754 376 1806 ἐποίουν
402 1769 416 1783 ι
444 1752 526 1805 διὸ
568 1753 662 1805 καὶ
692 1749 1016 1822 προστίθησι
1046 1765 1060 1778 ⁸
1118 1749 1229 1814 Τὰς
1277 1748 1387 1820 γὰρ
1421 1748 1736 1816 ἐπιθυμίας

156 1836 265 1890 τοῦ
297 1835 520 1904 πατρὸς
569 1833 736 1903 ὑμῶν
785 1829 984 1889 θέλετε
1029 1833 1248 1885 ποιεῖν·
1320 1832 1433 1885 Kal
1488 1830 1652 1884 πάλιν
1708 1834 1737 1883 ὁ

170 1920 443 1989 Ἰωάννης·
467 1917 820 1986 Γεννήματα
844 1914 1115 1983 ἐχιδνῶν,
1145 1916 1237 1980 τίς
1255 1915 1574 1980 ὑπέδειξεν
1597 1914 1739 1985 ὑμῖν

157 2002 373 2073 φυγεῖν
398 2001 517 2056 ἀπὸ
551 1999 659 2067 τῆς
678 2000 1027 2068 μελλούσης
1059 1997 1277 2067 ὀργῆς
1301 1999 1600 2067 Ποιήσατε
1624 1994 1738 2053 οὖν

159 2086 396 2154 καρπὸν
413 2085 585 2148 ἄξιον
606 2082 715 2150 τῆς
727 2082 1068 2150 μετανοίας,
1087 2081 1184 2133 καί
1200 2081 1286 2149 μὴ
1308 2081 1523 2149 δόξητε
1536 2081 1757 2150 λέγειν.

156 2166 392 2237 Πατέρα
413 2169 633 2236 ἔχομεν
659 2166 766 2219 τὸν
803 2163 1077 2233 Ἀϐραάμ.
1122 2165 1456 2233 Συγγενείας
1495 2166 1608 2236 γὰρ
1650 2165 1738 2217 νό-

162 2269 322 2321 μους,
360 2252 420 2304 οὐ
455 2251 582 2313 τοὺς
615 2250 722 2302 ἀπὸ
749 2249 848 2318 τῆς
879 2247 1115 2317 φύσεως,
1150 2247 1287 2300 ἀλλά
1321 2250 1450 2310 τοὺς
1493 2249 1602 2302 ἀπὸ
1638 2247 1740 2317 τῆς

158 2335 366 2404 ἀρετῆς
403 2334 499 2386 καὶ
531 2333 634 2402 τῆς
681 2331 881 2392 κακίας
923 2327 1062 2383 οἶδεν
1093 2331 1125 2400 ἡ
1159 2331 1349 2401 Γραφὴ
1384 2330 1570 2384 καλεῖν
1591 2348 1604 2360 ·
1647 2331 1742 2383 καὶ

159 2408 240 2470 ὧν
271 2415 336 2468 ἄν
373 2431 456 2478 τις
479 2413 780 2485 ὁμότροπος
805 2412 1066 2482 γένηται,
1103 2410 1293 2465 τοῦτον
1340 2414 1433 2466 καὶ
1483 2413 1598 2466 υἱὸν
1649 2413 1741 2466 καὶ

161 2498 391 2567 ἀδελφὺν
427 2493 566 2551 εἶναί
601 2513 765 2566 φησιν
794 2498 827 2565 ἡ
856 2496 1071 2565 Γραφή.

239 2582 303 2650 β’.
323 2580 482 2634 Ἀλλά
508 2579 650 2641 τίνος
669 2579 853 2631 ἕνεκεν
881 2580 909 2630 ό
935 2575 1178 2641 διάϐολος
1204 2576 1264 2628 τὸ
1304 2578 1537 2647 πονηρὸν
1565 2577 1743 2647 δόγμα

163 2664 326 2717 τοῦτο
345 2665 606 2734 εἰσήγαγε
627 2679 642 2725 ;
667 2661 778 2731 Τὴν
804 2659 914 2713 τῶν
943 2659 1235 2731 μαρτύρων
1272 2661 1598 2731 ἐπεχείρησε
1634 2661 1743 2713 διο-

169 2745 330 2817 ρύξαι
357 2745 537 2808 δόξαν.
581 2742 798 2814 Ἐπειδὴ
840 2742 950 2813 γὰρ
987 2741 1145 2812 βιαίῳ
1175 2741 1391 2812 θανάτῳ
1420 2742 1742 2796 τελευτῶσιν

165 2830 400 2891 ἐκεῖνοι,
447 2826 764 2896 βουλόμενος
815 2824 996 2878 αὐτῶν
1047 2825 1449 2878 κατασκεδάσαι
1501 2826 1744 2895 πονηράν

167 2909 479 2980 ὑπόληψιν,
535 2907 692 2962 τοῦτο
743 2908 1018 2976 ἐποίησεν.
1087 2907 1247 2959 Ἀλλά
1294 2908 1453 2960 τοῦτο
1507 2907 1605 2978 μὲν
1647 2909 1745 2959 οὐκ

168 2994 359 3063 ἴσχυσε
385 3009 398 3020 ⁸
438 2991 654 3062 μένουσι
696 2989 804 3062 γὰρ
852 2989 949 3059 τὴν
998 2989 1204 3042 οἰκείαν
1250 2989 1464 3058 ἔχοντες
1499 2989 1746 3060 λαμπρό-

166 3094 328 3148 τητα·
381 3075 568 3145 ἓτερον
604 3074 661 3127 δὲ
705 3073 1087 3144 χαλεπώτατον
1139 3073 1570 3142 κατειργάσατο,
1622 3073 1746 3136 τοὺς

167 3160 374 3228 γόητας
398 3160 522 3222 τοὺς
552 3156 1022 3227 ὐπηρετουμένους
1049 3155 1196 3225 αὐτῷ
1215 3156 1300 3209 διὰ
1321 3155 1529 3209 τούτων
1552 3156 1747 3218 πείσας

165 3244 282 3295 τῶν
335 3241 620 3310 δογμάτων
647 3280 658 3301 ,
710 3237 922 3291 πολλῶν
969 3239 1104 3291 νέων
1139 3238 1325 3291 ἁπλῶν
1371 3239 1598 3309 σώματα
1647 3257 1746 3292 κα-

167 3325 500 3392 τασφάττειν
527 3321 702 3374 ἐλπίδι
736 3321 828 3373 τοῦ
867 3320 1127 3389 δαίμονας
1170 3320 1408 3383 ἔσεσθαι,
1456 3323 1551 3374 καὶ
1590 3321 1748 3374 πάλιν

169 3408 358 3470 αὐτοῖς
388 3407 698 3474 ὑπηρετεῖν.
741 3403 880 3456 Ἀλλ’
929 3404 1028 3455 οὐκ
1060 3402 1175 3455 ἐστι
1219 3402 1421 3468 ταῦτα,
1466 3404 1566 3456 οὐκ
1610 3402 1744 3456 ἐστι.

171 3490 240 3542 Τί
284 3484 378 3540 οὗν
400 3530 413 3548 ,
452 3489 534 3540 ὅτι
571 3489 620 3539 οἱ
654 3487 907 3556 δαίμονες
954 3485 1194 3551 λέγουσι,
1229 3485 1340 3540 Τοῦ
1375 3485 1610 3555 μοναχοῦ
1655 3484 1749 3537 τοῦ

167 3575 345 3634 δεῖνος
366 3573 399 3641 ἡ
417 3571 562 3640 ψυχή
589 3572 724 3640 εἰμι,
758 3569 924 3638 φησί;
962 3570 1058 3620 Διά
1081 3569 1190 3639 γάρ
1217 3569 1372 3621 τοῦτο
1401 3571 1461 3621 οὐ
1487 3569 1747 3634 πιστεύω,

170 3655 363 3724 ἐπειδη
387 3655 636 3722 δαίμονες
659 3653 928 3721 λέγουσιν·
957 3650 1209 3704 ἀπατῶσι
1238 3651 1345 3722 γὰρ
1373 3652 1495 3714 τούς
1525 3650 1749 3704 ἀκούον-

167 3756 293 3801 τας.

248 3820 346 3873 Διά
377 3820 538 3873 τοῦτο
591 3819 684 3872 καὶ
723 3819 750 3870 ό
791 3817 1003 3880 Παῦλος
1047 3815 1225 3870 καίτοι
1274 3834 1338 3885 γε
1385 3815 1750 3886 ἀληθεύοντας

171 3903 531 3972 ἐπεστόμισεν
568 3902 782 3964 αὐτοὺς,
818 3901 904 3953 ἵνα
937 3901 1010 3971 μὴ
1049 3899 1320 3970 πρόφασιν
1356 3898 1612 3961 λαϐόντες
1639 3902 1750 3963 τοῖς

171 3985 401 4055 ἀληθέσι
435 3985 528 4036 καὶ
558 3983 726 4052 ψευδῆ
758 3981 920 4034 πάλιν
948 3980 1285 4052 ἁναμίξωσι,
1323 3981 1415 4033 καὶ
1448 3980 1748 4044 ἀξιόπιστοι

172 4067 464 4135 γένωνται.
503 4064 726 4134 Ἐπειδὴ
763 4064 874 4136 γάρ
917 4064 1120 4131 ἐλεγον,
1151 4059 1327 4118 Οὗτοι
1370 4066 1422 4115 οί
1456 4063 1750 4130 ἅνθρωποι

168 4150 385 4204 δοῦλοι
408 4149 516 4203 τοῦ
544 4148 695 4202 Θεοῦ
734 4148 838 4202 τοῦ
857 4149 1121 4216 ὑψίστου
1145 4147 1285 4208 εἰσὶ,
1314 4145 1752 4214 καταγγέλλονη

172 4249 278 4298 τες
296 4232 439 4301 ὑμῖν
463 4232 609 4286 ὁδὸν
639 4232 953 4299 σωτηρίας,
998 4228 1340 4296 διαπονηθεὶς
1368 4227 1445 4297 τῷ
1482 4226 1751 4295 πνεύματι

172 4316 478 4386 ἐπετίμησε
507 4314 584 4385 τῷ
629 4315 860 4378 Πύθωνι,
904 4313 997 4366 καὶ
1049 4311 1281 4378 ἐξελθεῖν
1327 4311 1598 4362 ἐκέλευσε·
1631 4311 1753 4362 καί-

173 4415 327 4466 τοιγε
357 4399 409 4450 τί
442 4397 678 4468 πονηρὸν
710 4397 927 4463 ἐλεγον;
957 4390 1132 4449 οὗτοι
1181 4397 1234 4446 οί
1273 4393 1572 4461 ἅνθρωποι
1612 4392 1754 4446 δοῦ-

171 4486 278 4536 λοι
322 4480 430 4534 τοῦ
465 4481 611 4534 Θεοῦ
653 4479 761 4533 τοῦ
813 4480 1079 4546 ὑψίστου
1139 4478 1317 4529 εἰσίν,
1383 4477 1518 4528 Ἀλλ’
1565 4476 1750 4548 ἐπειδὴ

177 4563 365 4618 πολλοὶ
389 4562 498 4616 τῶν
525 4575 550 4604 α
581 4563 959 4631 ἀφελεστέρων
1004 4563 1089 4612 ἀεὶ
1120 4560 1415 4631 διακρίνειν
1458 4562 1556 4612 οὐκ
1607 4562 1751 4613 ἴσασι

175 4647 252 4701 τά
284 4647 430 4717 παρά
458 4645 567 4698 τῶν
616 4647 881 4716 δαιμόνων
934 4645 1231 4713 λεγόμενα,
1282 4642 1535 4707 καθάπαξ
1572 4645 1752 4706 αὐτοῖς

176 4733 475 4787 ἀπέκλεισε
495 4731 556 4782 τὸ
573 4729 938 4783 πιστεύεσθαι.
963 4727 1082 4780 Τῶν
1099 4729 1459 4796 ὴτιμωμένων
1476 4722 1544 4789 εἴ,
1565 4728 1748 4796 φησὶν,

177 4815 631 4886 ἀπαρρησίαστος
664 4807 733 4879 εἷ,
764 4812 962 4877 σιώπα,
1009 4811 1314 4879 πεφίμωσο·
1350 4810 1450 4861 οὐκ
1496 4809 1610 4863 ἐστι
1661 4810 1752 4863 σὸν

176 4900 240 4951 τὸ
269 4897 583 4968 κηρύττειν,
612 4895 923 4949 ἀποστόλων
966 4895 1082 4946 ἐστὶ
1115 4892 1274 4946 τοῦτο
1316 4893 1377 4945 τὸ
1421 4892 1654 4964 ἀξίωμα.
1687 4893 1753 4945 Τί

178 4977 454 5049 ἀρπάζεις
485 4978 549 5030 τὸ
595 4978 670 5048 μὴ
716 4977 837 5041 σόν;
876 4977 1032 5045 Σίγα,
1076 4975 1365 5045 ἡτίμωσαι.
1411 4975 1566 5028 Οὐτω
1609 4975 1754 5028 καὶὸ

181 5063 419 5132 Χριστὸς
475 5061 699 5130 ἐποίησε
729 5076 745 5093 ο
799 5061 1048 5129 λέγουσιν
1101 5058 1248 5128 αὐτῷ
1294 5061 1406 5122 τοῖς
1461 5059 1752 5129 δαίμοσιν,

178 5145 421 5214 υίεαμέν
452 5161 510 5197 σε
536 5145 621 5208 τίς
649 5138 720 5208 εἶ,
754 5144 1086 5214 ἐπετίμησεν
1138 5145 1321 5206 αὐτοῖς
1368 5143 1504 5212 μετὰ
1555 5143 1755 5213 πολλῆς

176 5230 280 5301 τῆς
312 5227 688 5299 σφοδρότητος,
714 5226 978 5280 διδάσκων
1003 5227 1149 5297 ἡμᾶς
1177 5227 1224 5290 b,
1257 5225 1505 5297 μηδαμοῦ
1540 5225 1754 5295 δαίμονι

246 5397 275 5426 ⁸
295 5395 421 5444 Tres
441 5408 555 5458 mss.
596 5399 648 5444 et
689 5394 800 5443 Sav.
840 5394 1040 5458 ὐψίστου
1063 5395 1172 5458 εἰσὶ,
1215 5396 1607 5458 καταγγέλλοντες
1645 5393 1757 5458 ἡμῖν

185 5459 292 5505 ὁδὸν
316 5457 569 5518 σωτηρίας,
590 5455 892 5512 διαπονηθεὶς
914 5457 983 5515 τῷ
1005 5455 1250 5518 πνεύματι,
1277 5455 1531 5518 ἐπετίμησε
1563 5458 1632 5518 τῷ
1655 5455 1757 5518 ῌύ-

185 5473 292 5505 οοον
316 5473 448 5514 σωτη
481 5473 569 5513 ιας,
590 5473 881 5512 οιαπονηυεις
914 5473 983 5515 τῳ
1005 5473 1250 5517 πνευματι,
1277 5473 1531 5518 επετιμησε
1563 5473 1632 5518 τῳ
1655 5473 1757 5503 uu-

184 5520 312 5573 θωνι,
335 5519 417 5565 καὶ
435 5473 626 5579 ἐξελθεῖν
663 5518 912 5579 ἐκέλευσεζ
937 5516 1090 5579 καίτοι
1109 5517 1153 5579 τί
1191 5519 1392 5579 πονηρὸν
1419 5519 1575 5579 ἔλεγον
1589 5535 1612 5579 ;γ
1627 5517 1757 5564 οὗτοι

187 5534 312 5573 nam,
335 5534 417 5565 και
435 5534 626 5572 εςελυιιν
663 5534 896 5565 annuas.
937 5534 1090 5564 καιτοι
1109 5534 1153 5563 τι
1191 5534 1392 5579 πονηρον
1419 5534 1492 5565 εΑε
1523 5534 1602 5574 ον;
1627 5534 1756 5564 ουτοι

187 5583 228 5626 οἱ
250 5579 484 5654 άχθριιητοι
504 5577 664 5654 δοῦλοι
685 5575 771 5624 τοῦ
794 5575 919 5654 ς)εοῦ
939 5575 1244 5654 τοῦιύιξίστου
1266 5579 1397 5626 εἰσίν.
1446 5534 1572 5628 Ἀλλ’
1596 5578 1756 5635 ἐπειδὴ

189 5638 351 5686 πολλοὶ
373 5641 483 5687 τῶν.
515 5639 630 5688 Haec
647 5651 767 5686 vero
791 5638 999 5686 deerant
1021 5638 1070 5684 in

249 5709 276 5740 ι
301 5698 390 5748 Alii
411 5701 674 5756 νομοθετῶν
692 5699 816 5759 ἡμῖν.

1140 5639 1264 5687 orel.

1421 301 1509 356 me
1547 277 2117 356 LAZARO'CONCIO
2154 300 2213 356 ιι.

3293 307 3400 362 984

1830 416 2137 482 πείθεσθαι,
2172 417 2305 488 μηδέ
2335 417 2400 472 ἄν
2441 435 2523 475 σοι
2553 417 2701 486 ὐγιές
2734 434 2785 470 τι
2813 417 2945 488 λέγῃ
3004 418 3177 488 "Amp
3207 418 3271 489 δή
3312 420 3403 473 καὶ

1831 497 2093 570 μαθόντες
2123 501 2198 572 μὴ
2243 498 2560 570 πειθώμεθα
2607 500 2820 571 δαίμονι
2849 501 3101 564 καθόλου,
3136 499 3271 553 ἀλλὰ
3305 501 3408 554 κᾶν

1828 581 2029 652 ἀληθές
2077 599 2132 634 τι
2188 583 2533 653 φθέγγηται,
2575 583 2864 652 φεύγωμεν
2915 583 3078 636 αὐτὸν
3131 585 3224 636 καὶ
3272 585 3408 636 ἀπο-

1833 663 2194 737 στρεφώμεθα
2213 683 2227 697 ο
2255 665 2323 718 τὰ
2350 669 2459 735 γὰρ
2486 666 2612 735 ὑγιῆ
2647 666 2894 735 δόγματα
2932 669 3026 719 καὶ
3073 668 3315 736 σωτήρια
3348 667 3406 718 οὐ

1832 749 1983 821 παρά
2025 749 2316 820 δαιμόνων,
2354 749 2488 802 ἀλλά
2534 749 2685 821 παρά
2730 750 2832 819 τῆς
2865 749 3012 812 θείας
3039 751 3260 820 Γραφῆς
3296 753 3410 802 ἐστι

1835 831 1953 902 μετ’
1985 831 2269 903 ἀκριϐείας
2307 833 2648 902 μαθεῖν.”οτι
2677 833 2784 904 γὰρ
2821 833 2920 885 οὐκ
2952 833 3067 885 ἔστι
3107 831 3280 902 ψυχήν
3315 829 3408 883 τοῦ

1835 917 2086 986 σώματος
2117 915 2440 981 ἐξελθοῦσαν
2469 915 2574 970 ὐπὸ
2601 917 2700 987 τὴν
2734 917 2841 969 τῶν
2863 917 3133 987 δαιμόνων
3155 915 3411 984 γενέσθαι

1832 998 2143 1070 τυραννίδα,
2167 1000 2397 1053 ἄκουσον
2419 1001 2473 1052 τί
2500 1016 2662 1070 φησιν
2690 1002 2718 1052 ὁ
2750 998 2962 1062 Παῦλος
2981 1015 2994 1029 ·
3042 1000 3094 1050 '0
3123 999 3232 1067 γὰρ
3263 999 3413 1052 ἀπο-

1833 1082 2032 1135 θανὼν
2075 1081 2443 1134 δεδικαίωται
2484 1082 2592 1134 ἀπὸ
2638 1082 2737 1152 τῆς
2789 1082 3081 1153 ἁμαρτίας,
3113 1081 3409 1142 τουτέστιν,

1833 1165 1937 1216 οὐκ
1964 1165 2042 1216 ἔτι
2079 1164 2402 1234 ἁμαρτάνει.
2438 1165 2500 1216 El
2526 1163 2633 1235 γὰρ
2661 1165 2718 1216 ἐν
2745 1163 2823 1233 τῷ
2853 1165 3066 1234 σώματι
3094 1163 3315 1235 οἰκούσῃ
3343 1166 3410 1232 τῇ

1833 1249 1981 1318 ψυχῇ
2014 1246 2134 1316 βίαν
2159 1248 2458 1314 ἐπαγαγεῖν
2487 1245 2546 1298 οὐ
2580 1246 2868 1316 δυνήσεται
2898 1249 2927 1300 ό
2958 1247 3220 1309 διάϐολος,
3258 1245 3413 1316 εὐδη-

1834 1328 1928 1383 λον
1951 1331 2032 1383 ὅτι
2066 1329 2186 1383 οὐδὲ
2215 1329 2544 1402 ἀπελθούσῃ.
2581 1328 2706 1392 Πῶς
2747 1325 2840 1382 οῦν
2883 1332 3279 1402 ἁμαρτάνουσι,
3313 1347 3415 1398 φη-

1838 1412 1940 1477 σὶν,
1970 1414 2020 1483 εί
2057 1413 2130 1482 μὴ
2165 1411 2285 1481 βίαν
2312 1413 2628 1481 πάσχωσιν;
2668 1411 2920 1465 Ἐκοῦσαι
2947 1414 3042 1465 καὶ
3071 1412 3411 1482 βουλόμεναι,

1836 1496 1932 1548 καὶ
1980 1494 2130 1567 [729]
2176 1497 2376 1558 ἑαυτὰς
2428 1493 2754 1558 ἐκδιδοῦσαι,
2803 1497 2904 1548 οὐκ
2951 1495 3413 1565 ἀναγκαζόμεναι,

1836 1579 1954 1632 οὐδὲ
1979 1577 2430 1649 τυραννούμεναι.
2465 1581 2574 1632 Kal
2608 1579 2766 1632 τοῦτο
2799 1579 3072 1649 ἐδήλωσαν
3103 1579 3340 1643 ἅπαντες
3366 1581 3414 1631 οι

1839 1662 2252 1733 περιγενόμενοι
2298 1663 2406 1717 τῶν
2449 1663 2657 1716 ἐκείνου
2691 1663 3120 1734 μηχανημάτων.
3159 1664 3261 1716 Τὸν
3285 1663 3416 1731 γοῦν

1852 1745 1972 1798 Ἰὼϐ
2021 1746 2188 1817 μυρία
2225 1747 2473 1817 κυκήσας
2507 1747 2605 1799 οὐκ
2637 1744 2825 1815 ἴσχυσε
2862 1749 3047 1798 πεῖσαι
3097 1746 3417 1818 βλάσφημόν

1837 1845 1890 1881 τι
1923 1830 2074 1899 ῥῆμα
2108 1829 2436 1897 ἐξενεγκεῖν.

1911 1909 2074 1963 Ὅθεν
2103 1911 2260 1982 δῆλον
2289 1913 2372 1964 ὃτι
2403 1910 2612 1964 καὶτοῦ
2639 1910 2921 1964 πείθεσθαι
2953 1912 3046 1964 καὶ
3075 1910 3167 1963 τοῦ
3198 1910 3272 1980 μὴ
3302 1912 3419 1964 πεί-

1840 1990 2028 2046 θεσθαι
2057 1995 2180 2056 ταῖς
2211 1995 2418 2046 ἐκείνου
2465 1993 2795 2063 συμϐουλαῖς
2829 1996 2989 2065 ἡμεῖς
3022 1996 3187 2064 ἐσμεν
3216 1994 3417 2065 κύριοι,

1840 2075 1936 2130 καὶ
1987 2077 2233 2147 ἀνάγκην
2268 2077 2543 2148 οὐδεμίαν,
2575 2076 2696 2129 οὐδέ
2738 2077 3032 2148 τυραννίδα
3078 2077 3421 2146 ὐφιστάμεθα

1842 2161 1971 2230 παρ’
1999 2160 2229 2214 ἐκείνου.
2260 2161 2373 2213 Οὐκ
2415 2163 2480 2213 ἐκ
2521 2161 2628 2213 τῶν
2658 2161 2960 2232 εἰρημένων
2990 2163 3044 2215 δὲ
3076 2163 3256 2232 μόνον,
3287 2161 3423 2216 ἀλλὰ

1842 2243 1936 2294 καὶ
1965 2244 2028 2294 ἐκ
2059 2242 2160 2311 τῆς
2190 2245 2560 2313 προκειμένης
2601 2244 2914 2316 παραϐολῆς
2945 2245 3186 2316 εὔδηλον,
3219 2245 3298 2298 ὅτι
3327 2245 3420 2298 τοῦ

1843 2324 2094 2394 σώματος
2119 2326 2174 2377 αί
2205 2325 2375 2394 ψυχαὶ
2414 2323 2746 2391 ἐξελθοῦσαι,
2774 2329 2872 2381 οὐκ
2912 2328 2991 2381 ἐτι
3035 2328 3265 2381 ἐνταῦθα
3303 2327 3421 2380 δια-

1841 2407 2140 2478 τρίϐουσιν,
2182 2407 2298 2460 ἀλλ’
2324 2408 2528 2472 εὐθέως
2577 2411 2918 2479 ἀπάγονται·
2964 2413 3056 2464 καὶ
3089 2411 3250 2464 ἄκουε
3283 2411 3419 2474 πῶς.

1855 2489 2122 2558 Ἐγένετο
2161 2491 2269 2561 γὰρ
2302 2491 2510 2554 αὐτὸν,
2547 2494 2732 2562 φησὶν,
2775 2495 3120 2558 ἀποθανεῖν,
3170 2496 3264 2548 καί
3310 2497 3423 2548 ἀπ-

1841 2570 2160 2641 ενεχθῆναι
2207 2573 2328 2628 ὑπὸ
2373 2573 2490 2628 τῶν
2519 2575 2807 2644 ἀγγέλων.
2838 2578 2947 2646 Οὐχ
2979 2580 3034 2630 αἱ
3065 2578 3172 2630 τῶν
3203 2578 3426 2630 δικαίων

1843 2656 1900 2708 δὲ
1932 2655 2112 2726 μόνον,
2147 2656 2283 2709 ἀλλά
2311 2659 2404 2710 καὶ
2431 2655 2539 2711 τῶν
2572 2661 2629 2711 ὲν
2664 2660 2900 2732 πονηρίᾳ
2939 2660 3153 2724 ζώντων
3187 2662 3428 2727 ἀπάγον-

1843 2755 1934 2791 ται
1957 2740 2073 2791 ἐκεῖ
2091 2739 2148 2791 αἱ
2168 2739 2336 2810 ψυχαί
2358 2759 2370 2771 ο
2400 2742 2490 2793 καὶ
2514 2741 2670 2793 τοῦτο
2697 2743 2754 2795 δὲ
2778 2743 2937 2796 πάλιν
2965 2743 3023 2808 ἐξ
3046 2745 3232 2814 ἐτέρου
3262 2744 3426 2796 πλου⁸

1847 2821 1960 2873 σίου
1990 2821 2169 2891 δῆλον.
2187 2823 2403 2893 Ἐπειδὴ
2431 2824 2541 2894 γὰρ
2570 2824 2870 2894 εὐφόρησεν
2897 2827 2930 2895 ή
2961 2825 3112 2897 χώρα
3137 2826 3320 2889 αὐτοῦ,
3351 2822 3428 2878 εἷ-

1848 2921 1946 2957 πεν
1983 2905 2040 2956 ἐν
2074 2903 2281 2974 ἐαυτῷ·
2335 2907 2395 2959 Τί
2434 2906 2698 2970 ποιήσω;
2733 2907 2962 2961 καθελῶ
2982 2926 3102 2976 μου
3140 2911 3246 2973 τὰς
3277 2910 3425 2962 ἀπο-

1847 2989 2057 3055 θήκας,
2099 2988 2198 3041 καὶ
2235 2989 2511 3056 μείζονας
2540 2990 2932 3059 οἰκοδομήσω.
2969 2993 3133 3045 Οὐδὲν
3174 2991 3429 3044 ἀθλιώτε-

1850 3088 1942 3141 ρον
1966 3070 2066 3140 τῆς
2090 3070 2345 3140 τοιαύτης
2377 3071 2840 3141 γνώμης.¹¹οντως
2867 3075 3113 3127 καθεῖλεν
3136 3075 3298 3127 αὐτοῦ
3327 3075 3424 3137 τὰς

1849 3150 2162 3222 ἀποθήκας⁸
2196 3153 2470 3223 ἀποθῆκαι
2505 3155 2611 3224 γάρ
2645 3154 2829 3212 ἄσυλοι
2879 3157 2976 3226 οὐχ
3010 3158 3057 3208 οἱ
3090 3159 3278 3226 τοῖχοι,
3311 3158 3425 3210 ἀλλ’

1850 3235 1907 3287 αἱ
1942 3235 2051 3287 τῶν
2095 3237 2344 3305 πενήτων
2393 3237 2498 3288 εἰσὶ
2537 3237 2801 3308 γαστέρες
2825 3252 2837 3264 ·
2869 3239 2897 3290 ὁ
2924 3239 2978 3290 δὲ
3006 3239 3218 3302 ἐκείνας
3248 3240 3426 3307 ἀφεὶς,

1853 3317 1981 3388 περὶ
2031 3319 2243 3387 τοίχους
2287 3319 2586 3389 ἠσχολεῖτο.
2619 3319 2684 3372 Τί
2731 3315 2824 3372 οὖν
2871 3336 3003 3389 φησι
3050 3321 3186 3392 πρὸς
3213 3321 3372 3374 αὐτὸν
3399 3323 3428 3372 ό

1851 3398 2016 3465 Θεός;
2050 3401 2284 3469 Ἀερρον,
2307 3403 2490 3469 ταύτῃ
2525 3401 2600 3468 τῇ
2627 3402 2797 3455 νυκτὶ
2824 3403 3142 3457 ἀπαιτοῦσι
3169 3403 3284 3467 τὴν
3307 3407 3428 3472 ψυ-

1853 3483 1973 3554 χήν
2012 3497 2128 3538 σου
2152 3484 2270 3538 ἀπὸ
2299 3485 2434 3538 σοῦ.
2469 3487 2576 3538 Καὶ
2609 3485 2742 3555 ὄρα’
2773 3486 3004 3540 ἐνταῦθά
3033 3504 3196 3557 φησιν
3228 3490 3426 3540 ἀπενε-

1852 3567 2047 3637 χθῆναι
2099 3567 2204 3620 ὑπὸ
2248 3567 2356 3620 τῶν
2385 3568 2652 3636 ἀγγέλων,
2691 3572 2808 3622 ἐκεῖ
2843 3570 3166 3624 ἀπαιτοῦσι·
3199 3571 3294 3623 καὶ
3339 3573 3428 3624 τὸν

1857 3652 1954 3720 μὲν
1979 3651 2053 3713 ώς
2075 3650 2358 3720 δεσμώτην
2388 3650 2600 3721 ἐξῆγον,
2632 3653 2720 3706 τὸν
2751 3653 2807 3705 δὲ
2833 3654 2908 3716 ὡς
2951 3654 3275 3723 στεφανίτην
3318 3655 3432 3706 ἐδο-

1859 3736 2144 3806 ρυφόρουν.
2177 3736 2284 3787 Καὶ
2319 3736 2566 3807 καθάπερ
2603 3739 2660 3788 ἐν
2690 3737 2767 3806 τῷ
2799 3738 3080 3807 σκάμματι
3114 3739 3282 3791 πολλά
3311 3756 3428 3791 τινα

1853 3819 2145 3888 τραύματα
2193 3818 2424 3871 λαϐόντα
2477 3821 2571 3872 καὶ
2617 3821 2808 3890 αἵματι
2867 3823 3426 3893 κατερραντισμένον,

1854 3897 1972 3954 εἷτα
1999 3900 2098 3971 τὴν
2125 3901 2368 3972 κεφαλὴν
2403 3902 2811 3973 άναδησάμενον
2835 3905 2881 3955 οἱ
2917 3905 3022 3974 πρὸ
3047 3904 3141 3957 τοῦ
3173 3905 3431 3975 σκάμμα-

1852 4003 1943 4048 τος
1972 3984 2200 4046 ἑστῶτες
2226 3985 2612 4054 ὑποδεξάμενοι
2644 3986 2779 4056 μετά
2808 3987 3006 4056 πολλῆς
3029 3990 3129 4059 τῆς
3156 3989 3430 4058 εὐφημίας

1854 4066 2034 4119 οἴκαδε
2070 4067 2262 4134 ἄγουσι
2307 4066 2646 4136 κροτοῦντες,
2683 4069 3075 4138 εὐφημοῦντες,
3121 4061 3430 4139 θαυμάζον·-

1853 4167 1944 4211 τες
1964 4166 1976 4179 ·
2009 4149 2150 4200 οὕτω
2176 4150 2267 4202 καὶ
2293 4150 2383 4201 τὸν
2411 4149 2657 4220 Λάζαρον
2700 4151 2917 4217 ἄγγελοι
2946 4152 3065 4206 τότε
3100 4154 3384 4223 ἀπήγαγον
3410 4168 3425 4183 ⁶

1855 4233 2064 4284 ἐκείνου
2112 4231 2168 4283 δὲ
2195 4232 2294 4301 τὴν
2325 4232 2504 4302 ψυχὴν
2536 4232 2775 4302 ἀπῄτουν
2812 4233 3039 4303 φοϐεραί
3085 4252 3228 4297 τινες
3275 4236 3430 4288 δυνά-

1859 4331 1997 4384 μεις,
2032 4315 2160 4377 ἴσως
2191 4315 2597 4385 ἀπεσταλμέναι
2647 4317 2739 4368 ἐπὶ
2784 4317 2956 4386 τούτῳ
2977 4334 2992 4348 ·
3038 4321 3098 4371 οὐ
3130 4319 3238 4390 γάρ
3272 4319 3428 4371 αὐτό·

1859 4414 2026 4465 ματος
2067 4399 2100 4466 ή
2157 4397 2302 4467 ψυχὴ
2349 4399 2488 4469 πρὸς
2528 4397 2742 4467 ἐκείνην
2792 4401 3064 4471 ἀναχωρεῖ
3108 4403 3205 4471 τὴν
3250 4403 3426 4471 ζωὴν,

1857 4479 2045 4549 ἐπειδὴ
2090 4479 2222 4548 μηδὲ
2264 4481 2507 4534 δυνατόν.
2539 4481 2600 4532 El
2627 4482 2736 4551 γὰρ
2761 4482 2915 4534 πόλιν
2947 4485 3011 4535 ἐκ
3038 4483 3242 4546 πόλεως
3275 4484 3431 4553 ἀμεί-

1857 4563 2063 4623 ϐοντες,
2095 4563 2190 4614 τοῦ
2214 4564 2682 4635 χειραγωγοῦντος
2718 4565 2970 4634 δεόμεθα,
3007 4567 3185 4636 πολλῷ
3229 4566 3428 4636 μᾶλλον

1857 4647 1890 4714 ἡ
1924 4645 2068 4714 ψυχὴ
2093 4645 2192 4713 τῆς
2221 4646 2422 4715 σαρκὸς
2451 4647 2849 4716 ἀπορραγεῖσα,
2885 4650 2979 4702 καί
3014 4650 3150 4718 πρὸς
3176 4649 3273 4719 τὴν
3305 4650 3432 4718 μέλ-

1855 4727 2054 4778 λουσαν
2102 4727 2466 4798 μεθισταμένη
2504 4728 2670 4794 ζωὴν,
2710 4729 2816 4781 τῶν
2859 4731 3234 4801 όδηγησόντων
3263 4733 3430 4801 αὐτὴν

1856 4809 2125 4878 δεήσεται.
2151 4809 2250 4860 Διά
2281 4809 2439 4861 τοῦτο
2463 4811 2720 4873 πολλάκις
2751 4812 3055 4874 ἀναδύεται,
3096 4817 3188 4867 καὶ
3215 4814 3349 4884 πρὸς
3371 4815 3431 4866 τὸ

1859 4891 2019 4961 βάθος
2043 4892 2190 4944 κάτω
2221 4895 2406 4962 χωρεῖ,
2435 4894 2528 4945 καὶ
2557 4893 2759 4946 δέδοικε
2791 4896 2883 4947 καὶ
2905 4897 3138 4965 φρίττει,
3165 4898 3432 4967 μέλλουσα

1855 4976 1954 5045 τῆς
2006 4975 2205 5045 σαρκὸς
2253 4975 2741 5042 ἀφίπτασθαι.Ἀεὶ
2782 4979 2882 5046 μὲν
2921 4980 3029 5050 γὰρ
3076 4983 3220 5051 ἡμᾶς
3255 4982 3434 5034 κεντεῖ

1857 5057 1965 5109 τῶν
1985 5058 2397 5126 ἁμαρτημάτων
2417 5058 2478 5110 τὸ
2506 5060 2766 5125 συνειδὸς,
2801 5061 3032 5130 μάλιστα
3063 5063 3119 5115 δὲ
3149 5066 3266 5115 κατ’
3289 5064 3432 5115 ἐκεί-

1857 5154 1954 5207 νην
1993 5137 2088 5207 τὴν
2120 5137 2289 5208 ῶραν,
2323 5140 2452 5193 ὅταν
2502 5142 2788 5211 μέλλωμεν
2835 5145 3083 5198 ἐντεῦθεν
3128 5146 3430 5214 ἀπάγεσθαι

1859 5219 1994 5289 πρὸς
2019 5219 2118 5282 τὰς
2145 5219 2370 5285 εὐθύνας
2412 5222 2526 5284 τὰς,
2556 5225 2670 5276 ἐκεῖ
2702 5227 2794 5278 καὶ
2827 5228 2886 5279 τὸ
2919 5227 3143 5296 φοϐερὸν
3171 5228 3430 5296 δικαστὴ-
3492 5257 3497 5268 ·

1860 5318 1994 5371 ριον.
2023 5302 2177 5365 Τότε,
2203 5304 2312 5356 εἴτε
2341 5305 2558 5374 ἥρπασε
2579 5324 2680 5373 τις,
2712 5309 2820 5360 εἴτε
2850 5310 3293 5380 ἐπλεονέκτησεν,
3320 5311 3428 5364 εἴτε

1859 5384 1982 5437 τινά
2027 5387 2356 5457 ἐπηρέασεν,
2391 5389 2499 5441 εἴτε
2542 5390 2686 5453 τινὸς
2718 5393 2938 5460 γέγονεν
2987 5393 3178 5464 ἐχθρὸς
3210 5393 3429 5456 ἀδίκως,

1858 5470 1968 5521 εἶτε
1995 5469 2122 5523 ἄλλο
2143 5471 2319 5525 ὁτιοῦν
2349 5473 2518 5527 δεινὸν
2543 5475 2854 5545 είργάσατο,
2883 5476 3026 5538 ἆπας
3055 5480 3085 5529 ὁ
3115 5478 3222 5529 τῶν
3251 5479 3432 5550 ἁμαρ-

1861 5554 2119 5623 τημάτων
2148 5555 2315 5625 ἐσμὸς
2353 5558 2670 5612 ἀνανεοῦται
2694 5570 2715 5598 ε
2750 5562 2844 5614 καὶ
2874 5561 2977 5630 πρὸ
3005 5561 3112 5614 τῶν
3140 5562 3432 5634 ὀφθαλμῶν

1928 5710 1948 5735 ⁸⁵
1973 5707 2093 5756 Trcs
2118 5723 2232 5758 mss.
2259 5712 2608 5772 épapt-qp..5twv
2633 5715 2769 5774 χορὸς
2798 5715 2924 5766 άναν.
