3862 6228
475 299 578 355 985

475 406 708 469 ἵσταται,
735 407 830 461 καὶ
865 407 963 479 τὴν
991 407 1228 461 διάνοιαν
1255 409 1451 461 κεντεῖ.
1481 407 1592 461 Καὶ
1617 406 1868 479 καθάπερ
1899 407 1950 458 οἱ
1987 405 2049 457 τὸ

473 490 843 561 δεσμωτήριον
872 490 1168 554 οἰκοῦντες,
1191 491 1280 544 ἀεὶ
1307 489 1407 560 μὲν
1434 493 1492 542 ἐν
1523 491 1798 562 κατηφείᾳ
1823 492 1917 543 καὶ
1941 489 2056 541 ὀδύ-

473 589 589 634 ναις
623 574 749 632 εἰσὶ.
776 573 1011 642 μάλιστα
1037 572 1092 625 δὲ
1124 573 1265 626 κατά
1295 572 1394 642 τὴν
1423 573 1632 644 ἡμέραν
1658 573 1899 641 ἐκείνην,
1931 570 2052 623 καθ’

473 654 540 722 ἣν
577 654 642 707 ἂν
679 652 944 724 μέλλωσιν
971 655 1282 723 ἐξάγεσθαι,
1309 656 1406 708 καί
1452 657 1580 724 παρ’
1607 655 1774 718 αὑτὰς
1814 655 1912 718 τὰς
1958 653 2052 706 τοῦ

475 737 785 800 δικάζοντος
829 738 1060 806 ἄγεσθαι
1111 737 1301 807 θύρας,
1332 739 1425 789 καὶ
1473 738 1579 808 πρὸ
1624 737 1731 790 τῶν
1767 736 2055 804 κιγκλίδων

474 819 730 882 ἑστῶτες,
753 822 844 874 καὶ
868 821 964 890 τῆς
987 821 1079 874 τοῦ
1103 821 1382 892 κρίνοντος
1405 821 1588 889 φωνῆς
1608 819 1817 873 ἔνδοθεν
1839 819 2056 873 ἀκούον-

472 918 583 966 τες,
628 904 1039 973 ἀποπήγνυνται
1067 904 1142 972 τῷ
1182 903 1345 973 φόϐῳ,
1380 904 1470 955 καὶ
1517 902 1625 954 τῶν
1657 902 1865 973 νεκρῶν
1903 901 2055 954 οὐδὲν

473 985 694 1055 ἄμεινον
743 986 1041 1039 διάκεινται
1067 1004 1079 1016 ο
1123 986 1265 1039 οὕτω
1309 987 1401 1038 καὶ
1450 988 1482 1056 ἡ
1517 986 1659 1056 ψυχὴ
1691 987 1922 1055 μάλιστα
1959 987 2054 1056 μὲν

474 1069 570 1120 καὶ
611 1070 668 1122 ἐν
714 1069 862 1140 αὐτῷ
903 1069 982 1140 τῷ
1031 1069 1206 1141 καιρῷ
1253 1069 1351 1138 τῆς
1387 1068 1657 1138 ἁμαρτίας
1687 1069 1934 1121 ὀδυνᾶται
1960 1069 2055 1121 καὶ

477 1155 911 1223 στενοχωρεῖται,
940 1153 1122 1224 πολλῷ
1167 1153 1224 1206 δὲ
1264 1153 1426 1206 πλέον
1471 1155 1599 1207 ὅταν
1631 1153 1878 1207 ἐντεῦθεν
1921 1154 2056 1206 ἀπο-

473 1237 777 1289 σπασθεῖσα
809 1237 1116 1304 ἀπάγεσθαι
1157 1237 1344 1310 μέλλῃ.

546 1317 696 1388 [750]
737 1319 806 1386 γ’.
838 1320 1035 1387 Σιγᾶτε
1082 1319 1256 1373 ταῦτα
1300 1319 1623 1382 ἀκούοντες;
1677 1320 1881 1390 Πολλὴν
1927 1323 2054 1391 ὑμῖν

473 1397 583 1469 ἔχω
620 1401 782 1473 χάριν
806 1401 905 1471 τῆς
939 1403 1098 1471 σιγῆς
1134 1402 1334 1470 ταύτης
1361 1401 1581 1472 μᾶλλον,
1607 1401 1640 1471 ἢ
1673 1403 1778 1456 τῶν
1806 1403 2013 1474 κρότων
2037 1419 2050 1435 ⁶

472 1485 522 1536 οἱ
557 1483 655 1552 μὲν
699 1484 806 1555 γάρ
843 1485 1026 1556 κρότοι
1066 1486 1160 1537 καὶ
1193 1486 1242 1537 οἰ
1276 1486 1488 1538 ἔπαινοι
1531 1483 1906 1556 λαμπρότερον
1955 1487 2056 1555 ἐμὲ

472 1564 737 1625 ποιοῦσιν.
777 1568 810 1636 ὴ
843 1566 968 1637 σιγὴ
1000 1567 1058 1620 δὲ
1089 1566 1227 1636 αὐτη
1280 1567 1757 1638 σωφρονεστέρους
1786 1569 1930 1638 ὑμᾶς
1965 1573 2056 1638 ἐρ-

472 1647 719 1716 γάζεται.
752 1646 882 1703 Οἶδα
910 1651 990 1703 ὅτι
1014 1650 1174 1702 λυπεῖ
1199 1651 1266 1702 τά
1290 1650 1578 1721 λεγόμενα,
1603 1650 1738 1704 ἀλλά
1767 1651 1902 1704 πολὺ
1928 1651 2051 1722 κέρ-

471 1731 559 1795 δος
594 1731 704 1801 ἔχει
731 1733 822 1786 καὶ
849 1733 1074 1801 ἄφατον.
1094 1734 1150 1786 Ὀ
1182 1733 1436 1796 πλούσιος
1465 1735 1692 1797 ἐκεῖνος,
1719 1735 1772 1787 εἴ
1796 1751 1916 1788 τινα
1941 1731 2052 1805 εἶχε

368 1821 378 1829 '
471 1815 693 1868 τοιαῦτα
736 1815 882 1885 αὐτῷ
917 1815 1306 1887 παραινοῦντα,
1349 1816 1483 1869 ἀλλά
1535 1818 1608 1887 μὴ
1651 1817 1887 1879 κόλακας
1931 1819 2054 1880 τοὺς

471 1897 610 1968 πρὸς
641 1899 799 1969 χάριν
821 1897 1038 1952 ἅπαντα
1072 1898 1559 1968 συμϐουλεύοντας,
1595 1900 1689 1951 καὶ
1729 1903 1807 1962 εἰς
1844 1901 2054 1971 τρυφὴν

471 1981 750 2044 ἕλκοντας,
778 1983 875 2034 οὐκ
902 1983 967 2034 ἂν
997 1984 1076 2044 εἰς
1117 1982 1213 2053 τὴν
1244 1983 1464 2050 γέενναν
1495 1979 1659 2052 ἦλθεν
1693 1983 1926 2054 ἐκείνην,
1955 1985 2054 2036 οὐκ

473 2062 541 2116 ἂν
585 2064 684 2126 τὰς
734 2064 1000 2133 βασάνους
1033 2065 1292 2134 ὑπέμεινε
1339 2066 1438 2126 τάς
1491 2066 1814 2136 ἀφορήτους,
1851 2067 1950 2118 οὐκ
1989 2066 2052 2118 ἂν

472 2147 867 2217 ἀπαρηγόρητα
895 2146 1032 2216 μετὰ
1055 2148 1230 2200 ταῦτα
1258 2148 1580 2218 μετενόησεν
1601 2165 1612 2176 ·
1641 2147 1756 2202 ἀλλ’
1778 2150 1966 2220 ἐπειδὴ
1986 2149 2054 2202 τὰ

473 2229 610 2299 πρὸς
631 2230 789 2300 χάριν
824 2229 1063 2291 ἅπαντες
1091 2230 1411 2298 διελέγοντο,
1443 2230 1766 2300 παρέδωκαν
1794 2231 1954 2283 αὑτὸν
1977 2231 2055 2300 τῷ

473 2313 624 2382 πυρί.
657 2310 783 2365 Εἴθε
807 2310 874 2384 ἦν
899 2314 984 2366 ἀεὶ
1007 2315 1100 2366 καὶ
1119 2313 1383 2384 διηνεκῶς
1406 2313 1577 2366 ταῦτα
1611 2313 1938 2381 φιλοσοφεῖν,
1965 2315 2055 2366 καὶ

473 2395 602 2466 περὶ
635 2395 858 2468 γεέννης
896 2395 1250 2466 φθέγγεσθαι.
1271 2398 1372 2449 Ἐν
1404 2395 1554 2450 πᾶσι
1585 2397 1713 2468 γὰρ,
1745 2398 1899 2466 φησί,
1931 2397 2056 2462 τοῖς

471 2480 676 2548 λόγοις
711 2493 827 2532 σου
865 2480 1214 2548 μιμνήσκου
1268 2481 1337 2532 τὰ
1387 2479 1619 2545 ἕσχατά
1648 2494 1788 2542 σου,
1818 2481 1916 2532 καὶ
1969 2483 2056 2545 εὶς

473 2563 580 2616 τὸν
613 2561 798 2616 αἰῶνα
824 2567 895 2618 οὐ
926 2563 1012 2632 μὴ
1042 2563 1331 2632 ἁμάρτῃς.
1373 2565 1484 2615 Καὶ
1521 2565 1679 2616 πάλιν
1701 2579 1714 2594 ³
1759 2564 2056 2632 Ἐτοίμαζε

473 2650 560 2712 εἰς
598 2646 712 2713 τὴν
752 2646 967 2711 ἔξοδον
1005 2647 1076 2699 τὰ
1105 2648 1247 2715 ἔργα
1292 2661 1430 2707 σου,
1472 2647 1568 2699 καὶ
1602 2647 2055 2713 παρασκευάζου

475 2729 626 2797 πρὸς
658 2731 773 2797 τὴν
806 2731 1007 2784 ὀδόνιι.
1046 2731 1110 2782 Et
1146 2747 1290 2792 τινος
1319 2729 1573 2798 ἥρπασάς
1615 2747 1688 2794 τι,
1719 2729 1933 2792 ἀπόδος,
1964 2732 2056 2782 καὶ

475 2813 594 2864 εἰπὲ
642 2813 780 2866 κατὰ
823 2814 913 2865 τὸν
965 2814 1259 2883 Ζακχαῖον·
1309 2813 1520 2880 Δίδωμι
1577 2812 2057 2878 τετραπλασίογα

473 2894 547 2947 τὰ
582 2894 921 2965 ἁρπαγέντα
944 2913 955 2924 ·
991 2897 1041 2948 εῐ
1069 2895 1209 2958 τινός
1243 2913 1294 2947 τι
1325 2895 1790 2964 ἐσυκοφάντησας,
1826 2895 1880 2947 εἴ
1912 2912 2056 2957 τινος

474 2977 704 3045 γέγονας
735 2977 947 3048 ἐχθρὸς,
979 2977 1350 3046 καταλλάγηθι
1384 2979 1490 3048 πρὸ
1538 2977 1631 3029 τοῦ
1678 2977 2050 3048 δικαστηρίου.

477 3059 659 3112 Πάντα
713 3059 943 3114 ἐνταῦθα
993 3060 1261 3126 διάλυσαι,
1295 3061 1380 3113 ἵνα
1415 3061 1584 3130 χωρὶς
1615 3061 1955 3130 πραγμάτων
1998 3061 2057 3112 τὸ

478 3142 628 3212 βῆμα
659 3144 773 3216 ἴδῃς
803 3147 995 3198 ἐκεῖνο.

549 3227 696 3290 Ἕως
725 3227 790 3279 ἂν
822 3227 1056 3281 ἐνταῦθα
1078 3221 1249 3298 ὦμεν,
1288 3227 1510 3291 ἐλπίδας
1543 3227 1736 3297 ἔχομεν
1778 3225 2052 3298 χρηστάς·

476 3311 694 3365 ἐπειδὰν
728 3310 782 3363 δὲ
823 3311 1148 3380 ἀπέλθωμεν
1180 3313 1316 3376 ἐκεῖ,
1351 3311 1529 3382 κύριοι
1557 3311 1741 3364 λοιπὸν
1770 3311 2056 3380 μετανοίας

476 3396 579 3449 οὐκ
607 3395 794 3465 ἐσμὲν,
821 3395 941 3448 οὑδέ
978 3395 1072 3448 τοῦ
1117 3394 1188 3448 τά
1234 3395 1598 3465 ἡμαρτημένα
1630 3397 1761 3464 ἡμῖν
1788 3393 2054 3464 ἀπονίψα-

478 3480 625 3533 σθαι.
657 3479 747 3531 Διὸ
793 3478 899 3549 χρὴ
948 3477 1465 3549 παρασκευάζεσθαι
1498 3477 1738 3547 συνεχῶς
1780 3477 1916 3548 πρὸς
1957 3478 2056 3546 τὴν

477 3562 687 3617 ἐνθένδε
715 3559 912 3625 ἔξοδον.
943 3561 1007 3612 Τί
1041 3560 1148 3631 γὰρ
1175 3560 1268 3613 ὲάν
1290 3562 1528 3630 ἑσπέρας
1557 3561 1683 3632 δόξῃ
1710 3559 1785 3630 τῷ
1810 3561 2058 3632 Δεσπότῃ

476 3645 704 3699 καλέσαι
751 3645 938 3714 ήμᾶς;
988 3643 1040 3695 τί
1087 3643 1142 3694 δὲ
1179 3642 1272 3696 ἐὰν
1307 3641 1533 3712 αὖριον;
1564 3641 1792 3712 ’Ἄδηλον
1840 3642 1948 3714 γὰρ
1995 3643 2056 3694 τὸ

481 3726 697 3796 μέλλον,
733 3725 818 3778 ἵνα
849 3724 1131 3793 ἐναγώνιοι
1165 3724 1427 3794 διηνεκῶς
1453 3719 1626 3795 ὦμεν,
1668 3725 1759 3776 καὶ
1790 3725 1924 3794 πρὸς
1957 3724 2057 3794 τὴν

477 3807 785 3878 ἀποδημίαν
819 3809 1103 3879 εὐτρεπεῖς
1144 3807 1379 3876 ἐκείνην,
1413 3808 1662 3879 καθάπερ
1706 3804 1798 3861 οὖν
1846 3803 2000 3869 οὗτος
2028 3809 2056 3860 6

477 3894 726 3964 Λάζαρος
754 3892 1044 3954 διαπαντὸς
1075 3887 1142 3962 ἦν
1171 3894 1228 3944 ἐν
1254 3893 1497 3962 ὑπομονῇ
1525 3892 1619 3943 καὶ
1654 3893 1945 3963 καρτερίαο
1976 3892 2056 3944 διὸ

476 3977 572 4030 καὶ
623 3975 760 4046 μετά
810 3977 1078 4045 τοσαύτης
1107 3975 1354 4044 ἀπήγετο
1377 3973 1563 4044 τιμῆς.
1583 3975 1847 4028 Ἀπέθανε
1879 3975 1935 4028 δὲ
1965 3976 2058 4027 καὶ

475 4061 504 4112 6
532 4058 801 4122 πλούσιος,
843 4058 936 4110 καὶ
966 4057 1159 4127 ἐτάφη,
1198 4055 1444 4126 καθάπερ
1482 4059 1537 4108 ἐν
1573 4058 1812 4126 μνήματι
1841 4057 1920 4126 τῷ
1951 4056 2057 4109 σώ-

482 4157 610 4209 ματι
657 4141 756 4209 τῆς
797 4138 975 4208 ψυχῆς
1019 4139 1184 4192 αὑτοῦ
1219 4139 1734 4209 κατορωρυγμένης,
1765 4141 1858 4193 καὶ
1884 4140 2056 4207 τάφον

479 4222 881 4292 περιφερούσης
913 4222 1010 4292 τὴν
1039 4222 1454 4294 σάρκα.Ὦσπερ
1483 4221 1590 4291 γὰρ
1624 4222 1810 4275 ἁλύσει
1840 4223 1964 4286 τινὶ,
1989 4226 2055 4294 τῇ

483 4306 619 4376 μέθῃ
679 4304 773 4357 καί⁹
837 4307 900 4375 τῇ
962 4303 1376 4375 γαστριμαργίᾳ
1430 4304 1836 4374 πεπεδημένος,
1885 4305 2056 4369 οὑτως

478 4389 759 4458 ἄπρακτον
811 4387 979 4456 αὐτὴν
1023 4387 1114 4439 καὶ
1156 4385 1355 4456 νεκρὰν
1393 4386 1704 4456 εἰργάσατο.
1733 4387 1824 4457 Μὴ
1871 4388 2057 4452 ἁπλῶς

479 4470 866 4541 παραδράμῃς,
898 4469 1173 4540 ἀγαπητὲ,
1205 4469 1285 4531 τὸ,
1316 4467 1504 4538 ἐτάφη
1526 4487 1540 4500 ο
1571 4468 1683 4522 ἀλλ’
1709 4471 1942 4524 ἐνταῦθά
1967 4490 2056 4540 μοι

479 4554 588 4607 νόει
615 4553 714 4616 τὰς
740 4551 1016 4622 τραπέζας
1036 4551 1134 4613 τάς
1156 4551 1700 4622 περιηργυρωμένας,
1725 4551 1824 4616 τάς
1850 4553 2053 4617 κλίνας,

478 4640 605 4701 τοὺς
634 4636 902 4706 τάπητας,
938 4634 1006 4688 τά
1035 4635 1228 4705 ὲπιϐλή
1239 4651 1402 4705 ματα,
1431 4635 1501 4688 τά
1523 4634 1658 4690 ἄλλα
1693 4635 1760 4688 τά
1789 4637 1929 4690 κατά
1960 4638 2058 4708 τὴν

480 4720 656 4773 οἰκίαν
705 4720 937 4781 ἅπαντα,
981 4717 1049 4770 τὰ
1103 4717 1271 4787 μύρα,
1302 4717 1372 4770 τά
1418 4717 1707 4789 ἀρώματα,
1744 4719 1835 4772 τὸν
1890 4719 2057 4774 πολὺν

481 4803 742 4871 ἄκρατον,
769 4801 875 4853 τῶν
903 4800 1214 4869 ἐδεσμάτων
1239 4802 1338 4864 τάς
1373 4801 1664 4865 ποικιλίας,
1694 4801 1762 4854 τά
1790 4803 2059 4874 καρυκεύ-

484 4901 648 4956 ματα,
680 4885 806 4946 τοὺς
853 4883 1167 4952 μαγείρους,
1206 4884 1329 4946 τοὺς
1381 4883 1635 4948 κόλακας,
1668 4885 1794 4949 τοὺς
1830 4885 2059 4956 δορυφό-

482 4984 632 5039 ρους,
689 4968 812 5030 τοὺς
863 4968 1100 5030 οἰκέτας,
1136 4966 1234 5037 τὴν
1281 4965 1448 5036 ἀλλην
1493 4967 1710 5026 ἃπασαν
1759 4971 2057 5036 φαντασίαν

479 5049 922 5119 κατεσϐεσμένην
967 5052 1060 5103 καὶ
1107 5050 1642 5120 καταμαρανθεῖσαν.
1695 5051 1881 5104 Πάντα
1925 5070 2058 5105 σπο-

477 5133 562 5194 δὸς
582 5134 629 5192 δ,
664 5131 841 5184 πάντα
887 5132 1059 5203 τέφρα
1096 5132 1191 5185 καὶ
1233 5132 1401 5195 κόνις,
1447 5133 1632 5203 θρῆνοι
1678 5135 1770 5186 καὶ
1810 5135 2055 5206 ὀδυρμοὶ,

479 5215 692 5277 οὐδενὸς
721 5214 1018 5284 δυναμένου
1051 5213 1315 5284 βοηθῆσαι
1344 5214 1546 5277 λοιπὸν,
1580 5217 1688 5268 οὐδ’
1719 5216 2057 5270 ἀπελθοῦσαν

481 5299 846 5366 ἐπαναγαγεῖν
868 5296 962 5368 τὴν
991 5297 1340 5367 ψυχήν.Τότε
1367 5298 1400 5367 ὴ
1428 5297 1656 5368 δύναμις
1682 5299 1942 5369 ἠλέγχετο
1963 5301 2055 5352 τοῦ

480 5382 726 5451 χρυσίου,
758 5383 852 5434 καὶ
881 5381 981 5450 τῆς
1014 5380 1211 5450 πολλῆς
1238 5381 1569 5451 περιουσίας.
1589 5383 1682 5434 Ἐκ
1709 5383 1818 5454 γὰρ
1859 5385 2057 5436 τοσαύ-

545 5575 571 5642 _‘
594 5574 728 5642 [Inus
752 5588 843 5621 ms.
865 5581 919 5642 εἰ
944 5574 1074 5642 1}th_._
1090 5573 1449 5642 παρασκευάζου
1474 5573 1538 5628 εἰς
1556 5573 1635 5642 τὸν
1655 5571 1816 5642 ἀγρόν.

548 5635 572 5702 ξ)
605 5636 841 5708 Dm,_m_ss.
864 5636 1093 5708 lethSavil.
1122 5638 1172 5684 in
1202 5648 1363 5708 marg.
1391 5635 1633 5708 πανταχοῦ
1661 5635 1857 5708 σποδὸς,
1877 5649 2055 5682 παντα-

481 5697 590 5761 χοῦ,
613 5709 664 5746 οι
681 5696 750 5746 sic
779 5697 900 5759 legit
919 5695 1164 5746 Erasmus.
1188 5694 1468 5747 Aliioinnes
1488 5694 1639 5744 πάντα
1661 5694 1750 5744 bis.

1148 305 1204 360 S.
1241 303 1526 362 JOANNIS
1560 301 2044 360 CHRYSOSTOMI
2085 302 2409 359 ARCHIEP.
2445 301 3000 360 CONSTANTINOP.

3646 294 3746 350 986

2158 423 2258 476 της
2302 405 2594 477 θεραπείας
2619 408 2824 478 γυμνὸς
2868 409 2964 462 καί
2998 407 3158 478 μόνος
3185 407 3449 476 ἀπήγετο,
3482 406 3646 460 οὐδὲν
3685 411 3747 463 ἐκ

2155 489 2252 558 τῆς
2279 489 2544 560 τοσαύτης
2571 491 2830 561 εὐπορίας
2864 493 3187 560 ἀπενεγκεῖν
3230 489 3481 544 ἐντεῦθεν
3514 490 3747 562 δυνάμε-

2156 590 2264 635 νος,
2289 572 2401 626 ἀλλ’
2423 573 2650 644 ἔρημος,
2674 575 3110 645 ἀπροστάτευτος
3133 576 3376 645 ἀπήγετο
3395 589 3408 602 °
3433 574 3618 637 οὐδεὶς
3643 575 3747 627 τῶν

2157 653 2632 725 θεραπευσάντων,
2663 657 2836 720 οὐδεὶς
2865 658 2973 711 τῶν
3017 657 3392 728 βοηθησόντων
3432 657 3628 727 παρῆν
3664 657 3745 720 ἐξ-

2155 737 2518 807 αιρησόμενος
2541 749 2562 776 ⁸
2592 739 2691 808 τῆς
2723 739 2996 802 κολάσεως
3028 739 3121 792 καὶ
3153 739 3252 808 τῆς
3276 739 3576 808 τιμωρίας,
3615 739 3747 791 ἀλλα

2157 819 2374 871 πάντων
2423 820 2645 873 ἐκείνων
2695 820 3096 882 ἀποσπασθεὶς,
3131 822 3290 890 μόνον
3327 819 3752 890 ἀπελαμϐάνετο

2155 900 2254 963 τὰς
2295 903 2604 973 ἀφορήτους
2654 903 2944 973 ὑπομένειν
2994 903 3282 974 τιμωρίας.
3317 905 3529 966 Ὄντως
3571 904 3754 958 Πᾶσα

2157 984 2315 1051 σὰρξ
2355 987 2436 1052 ὡς
2475 988 2706 1055 χόρτος,
2741 988 2838 1040 καὶ
2883 986 3052 1041 πᾶσα
3089 987 3240 1049 δόξα
3285 987 3640 1055 ἀνθρώπου.
3676 990 3753 1054 ὡς

2155 1069 2339 1135 ἄνθος
2388 1072 2626 1138 χόρτου.
2646 1070 2974 1138 Ἐξηράνθη
3008 1074 3041 1124 d
3074 1070 3225 1142 [751]
3257 1073 3495 1140 χόρτος,
3537 1072 3644 1125 καὶ
3691 1073 3749 1124 τὸ

2155 1149 2339 1215 ἄνθος
2367 1152 2552 1206 αὐτοῦ
2579 1153 2832 1216 ἐξέπεσε
2857 1170 2872 1183 ο
2914 1155 2979 1206 τὸ
3021 1152 3088 1205 δὲ
3117 1151 3282 1222 ῥῆμα
3321 1157 3550 1220 Κηρίου
3579 1155 3754 1222 μένει

2155 1234 2243 1298 είς
2267 1233 2376 1285 τὸν
2401 1232 2814 1289 αὶῶναΪΗλθεν
2838 1238 2864 1288 ό
2901 1236 3146 1301 θάνατος,
3179 1238 3275 1290 καὶ
3311 1239 3492 1291 πάντα
3523 1237 3754 1290 ἔσϐεσεν

2155 1316 2367 1368 ἐκεῖναο
2411 1319 2506 1370 καὶ
2554 1317 2805 1387 καθάπερ
2831 1318 3175 1388 αἰχμάλωτον
3201 1318 3401 1383 λαϐὼν,
3431 1321 3618 1383 οὑτως
3648 1323 3753 1373 ἀπ-

2157 1398 2330 1466 ήγαγε
2365 1400 2516 1452 κάτω
2555 1400 2845 1464 κύπτοντα,
2883 1402 3146 1472 αἰσχύνης
3187 1405 3448 1474 γέμοντα,
3484 1405 3751 1476 ἀωρῤηο

2159 1480 2395 1547 σίαστον,
2431 1484 2724 1554 τρέμοντα,
2755 1484 3029 1538 δεδοικότα
3051 1485 3240 1556 ὥσπερ
3269 1489 3326 1541 ἐν
3352 1488 3594 1558 ὀνείροις
3617 1492 3753 1542 ἀπο.

2156 1562 2432 1618 λαύσαντα
2476 1565 2574 1634 τῆς
2611 1568 2822 1638 τρυφῆς
2856 1568 3071 1638 ἐκείνης
3115 1570 3364 1640 ἁπάσης·
3409 1573 3508 1624 καὶ
3561 1572 3754 1625 λοιπὸν

2160 1649 2346 1718 ἱκέτης
2377 1652 2404 1702 6
2433 1650 2688 1714 πλούσιος
2714 1651 2810 1705 τοῦ
2847 1653 3076 1722 πένητος
3109 1654 3335 1721 ἐγίνετο,
3361 1655 3454 1708 καὶ
3485 1654 3592 1725 τῆς
3632 1657 3755 1708 τού-

2157 1749 2249 1784 του
2284 1732 2564 1804 τραπέζης
2593 1733 2782 1798 ὲδεῖτο,
2822 1735 2917 1788 τοῦ
2946 1735 3306 1807 λιμώττοντός
3330 1756 3483 1805 ποτε,
3509 1741 3611 1792 καὶ
3641 1743 3753 1804 toi;

2159 1815 2390 1884 στόμασι
2423 1815 2532 1868 τῶν
2560 1817 2736 1871 κυνῶν
2769 1821 3132 1890 προκειμένου
3162 1838 3177 1854 ο
3225 1825 3318 1875 καὶ
3344 1822 3414 1875 τά
3441 1824 3755 1894 πράγματα

2161 1897 2538 1967 μετεϐάλλετο,
2570 1900 2660 1952 καὶ
2693 1900 2996 1970 ἐμάνθανον
3026 1903 3284 1967 ἅπαντες,
3317 1905 3400 1967 τίς
3424 1901 3494 1974 ῆν
3526 1908 3556 1958 6
3585 1906 3753 1961 πλούο

2159 1997 2292 2044 σιος,
2317 1982 2409 2034 καὶ
2437 1982 2520 2045 τίς
2540 1978 2606 2052 ῆν
2635 1984 2664 2034 6
2688 1984 2876 2054 πένης,
2909 1985 3004 2036 καὶ
3032 1985 3113 2038 ὅτι
3137 1987 3164 2038 6
3196 1986 3294 2056 μὲν
3321 1987 3583 2058 Λάζαρος
3603 1991 3755 2048 ,πάν-

2155 2081 2263 2118 των
2307 2061 2373 2136 ἦν
2419 2065 2818 2137 εὐπορώτερος,
2861 2063 3017 2132 οὗτος
3045 2069 3100 2122 δὲ
3135 2071 3350 2124 πάντων
3395 2073 3753 2146 πενέστερος.

2158 2147 2422 2216 Καθάπερ
2469 2148 2578 2219 γάρ
2625 2151 2683 2201 ὲν
2741 2154 2913 2221 σκηνῇ
2967 2157 3286 2222 προσωπεῖα
3338 2155 3615 2224 βασιλέων
3665 2163 3759 2214 καὶ

2159 2231 2478 2302 στρατηγῶν
2509 2233 2600 2285 καὶ
2642 2233 2841 2304 ἰατρῶν
2885 2235 2979 2288 καὶ
3031 2236 3274 2306 ρητόρων
3327 2239 3424 2291 καὶ
3474 2243 3755 2308 σοφιστῶν

2158 2317 2251 2368 καὶ
2285 2316 2631 2385 στρατιωτῶν
2673 2317 3044 2386 λαμϐάνοντες
3073 2320 3411 2391 εἰσέρχονται
3449 2341 3628 2388 τινες,
3664 2329 3755 2378 οὐ-

2155 2398 2242 2449 δὲν
2273 2398 2477 2450 τούτων
2507 2399 2659 2462 ὅντες
2685 2400 2839 2452 αὐτοί
2863 2417 2876 2431 ·
2906 2399 3048 2454 οὑτω
3074 2401 3140 2472 δὴ
3167 2405 3261 2456 καὶ
3291 2404 3383 2456 ἐπὶ
3416 2405 3514 2458 τοῦ
3550 2407 3754 2478 παρόν-

2156 2499 2244 2543 τος
2275 2482 2388 2551 βίου
2420 2483 2514 2534 καὶ
2541 2483 2701 2539 πενία
2732 2485 2824 2536 καὶ
2856 2484 3084 2547 πλοῦτος
3122 2489 3442 2556 προσωπεῖα
3477 2491 3650 2558 μόνον
3678 2493 3755 2542 εξ-

2160 2565 2483 2635 σίν.”Ωσπερ
2507 2561 2600 2616 οὑν
2627 2568 2686 2618 ἐν
2707 2565 2784 2634 τῷ
2808 2566 3019 2636 θεάτρῳ
3043 2567 3370 2638 καθήμενος,
3394 2571 3459 2624 ἂν
3489 2573 3610 2644 ῑδῃς
3637 2573 3755 2625 τινὰ

2158 2648 2263 2700 τῶν
2307 2649 2457 2701 κάτω
2507 2648 2812 2712 παιζόντων
2859 2653 3201 2719 προσωπεῖον
3231 2652 3422 2721 ἔχοντα
3455 2656 3754 2724 βασιλέως,

2156 2731 2216 2782 οὑ
2271 2730 2594 2800 μακαρίζεις
2641 2731 2822 2795 αὑτὸν,
2853 2732 2972 2783 οὐδὲ
3019 2731 3243 2800 βασιλέα
3296 2731 3437 2790 εἶναι
3481 2740 3753 2806 νομίζεις,

2157 2813 2264 2864 οὐδ’
2288 2813 2352 2866 ἂν
2375 2813 2558 2880 εὔξαιο
2579 2814 2832 2882 γενέσθαι
2866 2814 3103 2879 τοιοῦτος
3125 2834 3138 2848 ·
3175 2817 3289 2870 ἀλλ’
3319 2819 3497 2883 εἰδὼς,
3530 2823 3616 2874 ὅτι
3643 2825 3750 2874 τῶν

2157 2895 2434 2965 ἀγοραίων
2472 2897 2554 2960 τίς
2587 2900 2722 2960 ἐστι,
2758 2897 3170 2967 σχοινοστρόφος
3205 2901 3386 2970 τυχὸν,
3419 2903 3452 2971 ἢ
3478 2904 3756 2972 χαλκοτύ-

2160 2994 2278 3040 πος,
2303 2977 2335 3047 ἢ
2361 2977 2550 3049 ἐτερόν
2582 2996 2631 3031 τι
2655 2979 2917 3044 τοιοῦτον,
2944 2980 3006 3031 οὐ
3031 2981 3356 3052 μακαρίζεις
3385 2983 3473 3037 διὰ
3499 2986 3565 3038 τὸ
3594 3005 3760 3055 πρόσ-

2156 3065 2355 3114 ωπεῖον
2385 3061 2478 3114 καὶ
2507 3063 2604 3131 τὴν
2644 3061 2856 3132 στολὴν,
2884 3063 2993 3116 οὐδ’
3029 3065 3136 3117 ἀπὸ
3171 3067 3374 3118 τούτων
3411 3067 3588 3120 αὑτοῦ
3632 3071 3758 3140 κρίο

2159 3160 2270 3204 νεις
2293 3141 2391 3213 τὴν
2429 3142 2724 3204 πολιτείαν,
2755 3145 2890 3198 ἀλλὰ
2917 3147 3292 3210 καταπτύειςά
3323 3148 3494 3201 αὑτοῦ
3526 3151 3622 3203 διὰ
3661 3156 3759 3222 τὴν

2157 3225 2322 3293 ἀλλην
2356 3225 2661 3278 εὐτέλειαν·
2705 3225 2850 3280 οὑτω
2891 3227 2955 3297 δὴ
2999 3230 3090 3281 καὶ
3117 3228 3367 3292 ἐνταῦθα,
3399 3231 3669 3304 καθάπερ
3705 3239 3760 3287 ἐν

2159 3305 2390 3378 θεάτρῳ,
2421 3307 2500 3378 τῷ
2524 3309 2713 3378 κόσμῳ
2742 3308 3049 3379 καθήμενος
3099 3309 3192 3362 καὶ
3240 3312 3333 3363 ἐπὶ
3381 3315 3598 3384 σκηνῆς
3628 3318 3760 3369 παί-

2159 3388 2350 3452 ζοντας
2381 3388 2613 3458 βλέπων,
2653 3391 2870 3446 ἐπειδάν
2925 3392 3040 3463 ἴδῃς
3086 3393 3448 3456 πλουτοῦντας
3492 3397 3754 3461 πολλοὺς.

2161 3473 2235 3543 μὴ
2267 3472 2554 3536 πλουσίους
2603 3474 2820 3545 ἀληθῶς
2863 3469 3004 3527 εῖναι
3052 3475 3262 3544 νόμιζε,
3295 3475 3434 3528 ἀλλά
3473 3478 3756 3532 πλουσίωκ

2158 3555 2503 3626 περικεῖσθαι
2548 3559 2884 3628 προσωπεῖα.
2922 3557 3188 3628 Καθάπερ
3222 3557 3330 3628 γάρ
3355 3558 3571 3622 ἐκεῖνος
3600 3563 3633 3613 6
3667 3563 3756 3613 in;

2157 3639 2256 3708 τῆς
2283 3639 2488 3709 σκηνῆς
2513 3638 2603 3692 τὸν
2639 3639 2861 3709 βασιλέα
2887 3641 2979 3693 καὶ
3004 3640 3094 3692 τὸν
3123 3641 3428 3710 στρατηγὸν
3459 3641 3758 3713 ὑποκρινό-

2162 3737 2340 3789 μενος,
2369 3720 2627 3783 πολλάκις
2653 3721 2866 3792 οἰκέτης
2890 3721 2963 3774 ὣν
2992 3722 3267 3792 τυγχάνει,
3295 3721 3327 3790 ἢ
3351 3723 3459 3775 τῶν
3491 3724 3643 3784 σῦκα
3664 3727 3756 3778 καὶ

2161 3803 2354 3873 βότρυς
2391 3803 2712 3856 πωλούντων
2759 3807 2844 3857 ἐπ’
2877 3806 3111 3875 ἀγορᾶςο
3140 3804 3283 3857 οὕτω
3303 3805 3368 3876 δὴ
3411 3807 3511 3859 καὶ
3541 3803 3703 3871 οὗτος
3727 3812 3754 3862 6

2160 3885 2410 3947 πλούσιος
2461 3885 2721 3949 πολλάκις
2760 3887 2977 3939 πάντων
3008 3887 3328 3958 πενέστερος
3354 3887 3432 3940 ὢν
3459 3893 3748 3960 τυγχάνει.

2161 3969 2257 4018 Ἂν
2289 3969 2398 4038 γὰρ
2429 3968 2682 4040 περιέλῃς
2713 3968 2874 4020 αὐτοῦ
2919 3969 2980 4020 τὸ
3009 3973 3369 4039 προσωπεῖον,
3402 3972 3500 4023 καὶ
3527 3975 3591 4024 τὸ
3631 3991 3753 4025 συν-

2159 4049 2295 4112 ειδὸς
2331 4050 2660 4120 ἀναπτύξῃς,
2695 4052 2790 4104 καὶ
2818 4052 2897 4114 είς
2922 4052 3020 4120 τὴν
3045 4051 3282 4105 διάνοιαν
3310 4053 3590 4127 εἰσέλθῃς,
3620 4057 3753 4108 πολ-

2158 4132 2253 4202 λὴν
2286 4132 2534 4202 εὑρήσεις
2563 4133 2762 4202 ἀρετῆς
2788 4133 2904 4185 ἐκεῖ
2935 4134 3147 4199 πενίαν,
3183 4134 3274 4186 καὶ
3302 4135 3528 4188 πάντων
3561 4140 3754 4208 ἀτιμό-

2158 4232 2313 4284 τερον
2349 4213 2476 4266 δντα
2509 4214 2617 4266 τῶν
2648 4213 3180 4286 ἀνθρώπων.Ὧσπερ
3207 4216 3315 4287 γάρ
3357 4218 3452 4269 ἐπὶ
3485 4221 3597 4272 τῶν
3631 4221 3751 4274 θεάς

2159 4315 2302 4368 τρων
2331 4297 2430 4366 τῆς
2463 4297 2702 4368 ἑσπέρας
2729 4297 3161 4370 καταλαϐούσης,
3193 4300 3287 4352 καὶ
3319 4299 3430 4352 τῶν
3470 4305 3752 4371 συγκαθηο

2162 4379 2336 4448 μένων
2367 4380 2857 4451 ἀναχωρησάντων.
2877 4381 3184 4445 ἐξελθόντες
3206 4383 3329 4447 ἔξω,
3356 4383 3453 4436 καὶ
3476 4385 3542 4436 τὸ
3568 4388 3750 4455 σχῆμα

2159 4465 2256 4532 τῆς
2304 4464 2645 4534 ὑποκρίσεως
2683 4476 2705 4502 e
2737 4465 3082 4535 ἀποθέμενοι,
3112 4467 3158 4519 οἱ
3187 4465 3427 4536 βασιλεῖς
3457 4470 3559 4521 καὶ
3597 4487 3751 4540 etp:-

2160 4547 2316 4616 τηγοὶ
2353 4548 2522 4599 πᾶσιν
2567 4541 2705 4599 εἶναι
2739 4546 3019 4609 δοκοῦντες
3068 4547 3346 4616 φαίνονται
3380 4549 3578 4603 λοιπὸν
3619 4555 3751 4621 ὅπερ

2160 4629 2294 4681 εἰσίν
2317 4645 2328 4657 ·
2365 4628 2506 4680 οὑτω
2549 4628 2611 4698 δὴ
2642 4630 2736 4681 καὶ
2773 4628 2866 4681 νῦν
2908 4628 3002 4681 τοῦ
3032 4629 3261 4683 θανάτου
3293 4636 3750 4703 παραγενομένου

2162 4711 2364 4763 καὶτοῦ
2393 4711 2621 4782 θεάτρου
2651 4711 2922 4773 λυθέντος,
2954 4712 3021 4765 τά
3050 4712 3143 4765 τοῦ
3167 4713 3400 4766 πλούτου
3425 4722 3751 4783 προσωπεῐι

2165 4796 2256 4847 καὶ
2281 4794 2349 4847 τὰ
2373 4795 2472 4864 τῆς
2501 4794 2689 4858 πενίας
2717 4795 3040 4864 ἀποθέμενοι
3069 4795 3289 4858 πάντες,
3324 4797 3578 4866 ἀπῆλθον
3606 4803 3750 4852 ἐκεῖ·

2161 4877 2251 4929 καὶ
2279 4877 2386 4930 ἀπὸ
2416 4877 2526 4929 τῶν
2547 4877 2723 4947 έργων
2755 4877 2914 4948 μόνον
2937 4878 3246 4948 κρινόμενοι
3277 4880 3590 4946 φαίνονται,
3617 4885 3750 4944 τίνες

2164 4961 2262 5028 μὲν
2282 4960 2497 5031 ἀληθῶς
2523 4961 2789 5022 πλούσιοι,
2820 4961 2964 5024 τίνες
2992 4962 3049 5014 δὲ
3073 4961 3322 5032 πένητες,
3345 4965 3443 5016 καὶ
3473 4967 3627 5029 τίνες
3656 4969 3749 5035 μὲν

2161 5044 2392 5112 ἔντιμοι,
2424 5043 2567 5106 τίνες
2595 5045 2652 5095 δὲ
2685 5043 2878 5108 ἄδοξοι.

2230 5127 2290 5179 δ’.
2313 5125 2576 5188 Πολλάκις
2599 5125 2729 5193 γοῦν
2752 5126 2857 5179 τῶν
2877 5125 3113 5178 ἐνταῦθά
3137 5144 3222 5189 τις
3248 5126 3638 5183 πλουτούντων
3667 5134 3743 5183 εὑ-

2163 5209 2293 5280 ρέθη
2333 5209 2547 5262 πάντων
2569 5209 2686 5260 ἐκεῖ
2713 5210 3036 5278 πενέστερος
3058 5208 3154 5271 ῶν,
3188 5209 3440 5280 καθάπερ
3473 5210 3575 5264 οὖν
3607 5216 3696 5266 καὶ
3721 5216 3745 5265 ὁ

2161 5292 2412 5353 πλούσιος
2438 5287 2612 5354 οὗτος.
2630 5291 2846 5362 Ἐπειδὴ
2869 5291 2976 5360 γὰρ
2997 5293 3030 5361 ἡ
3055 5292 3262 5362 ἑσπέρα
3286 5292 3584 5356 κατέλαϐε,
3601 5312 3742 5348 τουτ-

2160 5376 2309 5428 έστιν
2354 5377 2382 5428 6
2428 5375 2672 5438 θάνατος,
2707 5376 2800 5427 καὶ
2833 5377 2896 5428 ἐκ
2930 5373 3024 5428 τοῦ
3057 5373 3284 5446 θεάτρου
3319 5375 3422 5444 τῆς
3465 5380 3744 5448 παροὺπς

2224 5517 2245 5542 ε
2274 5513 2372 5561 Alii
2391 5513 2763 5577 ἐξαιησὸμενος.
2793 5513 2946 5563 Paulo
2985 5520 3092 5577 post
3118 5527 3245 5564 unus
3264 5527 3351 5564 ωε.
3379 5516 3528 5575 μόνος
3552 5518 3738 5576 {uultur

2159 5577 2332 5623 πάνετο
2352 5574 2451 5628 τάς.

2223 5635 2248 5674 ά
2283 5639 2314 5682 Α
2327 5636 2374 5682 lii
2399 5634 2649 5688 διαπτύεις.

2233 5699 2250 5719 ⁸
2275 5695 2374 5745 Alii
2398 5701 2478 5752 τῆς
2499 5697 2780 5750 ὑποθέσεως.
