3862 6228
173 330 279 386 985

169 453 410 497 natorum
456 438 701 494 cumulus
742 445 1055 499 renovatur.
1109 443 1162 490 et
1209 435 1377 492 oculis
1431 433 1738 500 exhibetur,

172 541 510 598 mentemque
548 528 800 582 stimulat.
831 527 898 579 Et
924 523 1366 594 quemadmodum
1397 524 1485 593 qui
1507 530 1754 576 tenentur

175 621 227 674 in
243 635 476 678 carcere,
495 633 706 686 semper
729 615 940 685 quidem
967 614 1156 682 dejecti
1185 624 1578 681 monentesque
1605 618 1749 676 sunt,

179 712 411 765 maxime
435 719 608 764 tamen
635 708 733 761 sub
759 708 903 760 illuttt
932 707 1071 760 dietn
1097 722 1201 774 quo
1220 716 1344 758 sunt
1375 703 1629 758 educendi
1649 745 1663 769 ,
1699 711 1754 756 et

174 804 241 857 ad
283 805 423 870 ipsas
459 801 654 870 judicis
697 799 838 854 fores
881 796 1251 866 pet-trahendi,
1294 812 1356 850 ac
1382 810 1478 864 pro
1502 792 1751 847 cancellis

175 894 276 947 fori
297 900 497 946 stantes
519 891 710 960 jndicis
731 903 914 943 vocem
943 887 1084 941 intus
1110 887 1344 948 audiunt,
1379 885 1749 939 exanimantur

176 993 350 1047 metu,
394 982 662 1051 nihiIOq-te
708 979 897 1033 melius
943 976 1278 1042 afﬁciuntur,
1313 990 1468 1046 quam
1509 973 1747 1027 mortui:

174 1076 254 1129 sic
279 1083 332 1128 et
370 1074 544 1126 anima
569 1111 584 1136 ,
634 1069 867 1124 maxime
896 1067 1105 1138 quidem
1152 1068 1201 1120 in
1241 1069 1354 1135 ipso
1382 1065 1579 1134 peccati
1615 1073 1752 1117 tem-

177 1183 307 1236 pore
349 1165 613 1220 cruciatur
645 1173 699 1217 et
738 1162 945 1230 angitur
967 1201 982 1225 ,
1029 1160 1196 1214 multo
1229 1168 1400 1213 tamen
1441 1156 1606 1227 magis
1631 1170 1750 1209 cum

181 1256 307 1312 hinc
330 1257 508 1310 avulsa
537 1253 842 1308 abducenda
877 1260 978 1306 est.

251 1350 305 1403 5.
332 1347 601 1402 Silentium
628 1345 813 1397 mavult
839 1342 1222 1411 Chrysostomus
1251 1356 1402 1410 quam
1429 1339 1656 1408 plausus.
1686 1367 1755 1377 —

178 1440 391 1509 Ergone
438 1439 658 1502 tacetis,
689 1435 814 1489 dum
853 1433 1078 1487 auditis?
1125 1432 1285 1489 Multo
1313 1431 1567 1500 majorem
1602 1430 1751 1484 vobis

179 1531 353 1584 habeo
395 1529 615 1599 gratiam
661 1541 757 1596 pro
796 1526 1007 1580 silentio
1032 1567 1046 1591 ,
1089 1539 1245 1594 quam
1290 1538 1386 1593 pro
1436 1521 1753 1592 plausibus:

180 1630 459 1691 propterea
485 1619 623 1689 quod
651 1619 862 1689 plausus
892 1616 1102 1686 quidem
1135 1631 1198 1670 ac
1227 1615 1406 1670 laudes
1448 1630 1532 1668 me
1561 1613 1758 1667 faciunt

178 1711 627 1782 splendidiorem,
656 1709 919 1763 silentium
951 1723 1079 1761 vero
1105 1707 1205 1762 hoc
1243 1723 1336 1760 vos
1376 1705 1548 1760 reddit
1575 1704 1756 1758 mode-

179 1808 395 1858 stiores.
443 1802 572 1856 Novi
613 1799 752 1870 quod
794 1801 906 1853 haec
932 1815 1050 1868 qua:
1079 1799 1326 1852 dicuntur
1359 1797 1581 1850 molesta
1613 1803 1754 1862 sunt,

178 1908 365 1947 verum
404 1893 622 1945 multum
669 1890 798 1944 lucri
833 1898 887 1943 et
931 1888 1334 1942 inenarrabilem
1381 1886 1604 1940 fructum
1633 1885 1760 1939 alle-

180 1995 328 2040 runt.
389 1984 544 2037 Dives
596 1983 682 2036 ille
723 1982 764 2034 si
799 1997 955 2049 quem
1006 1979 1314 2043 habuisset,
1363 1978 1450 2046 qtti
1499 1976 1597 2046 ipsi
1637 1975 1757 2028 talia

179 2079 383 2130 monita
409 2074 679 2136 dedisset,
713 2087 774 2126 ac
805 2086 906 2124 non
938 2070 1110 2139 potius
1145 2069 1448 2122 adulatores
1487 2067 1662 2121 omnia
1690 2065 1755 2120 ad

179 2166 406 2232 gratiam
433 2164 769 2217 consulentes
788 2202 804 2224 ,
833 2170 990 2229 atque
1009 2159 1072 2211 ad
1100 2158 1314 2212 delicias
1342 2156 1630 2220 trahentes,
1660 2171 1756 2208 ne-

180 2267 447 2324 quaquam
477 2255 709 2308 vcnisset
752 2253 816 2305 ad
860 2253 1002 2305 illam
1043 2251 1337 2320 gehennam
1366 2291 1378 2312 ,
1419 2262 1750 2318 nequaquam

182 2346 438 2414 supplicia
479 2360 664 2414 passus
702 2351 843 2397 esset
884 2340 1227 2395 intolerabilia
1254 2380 1268 2402 ,
1320 2353 1647 2408 nequaquam
1675 2337 1758 2390 itt-

181 2437 579 2491 consolabiliter
615 2451 733 2489 eum
777 2441 956 2501 postea
1005 2431 1358 2500 pmnituissct.
1405 2429 1598 2483 Verum
1630 2443 1763 2497 quo-

184 2530 328 2583 niam
376 2541 562 2580 omnes
608 2525 672 2578 ad
725 2523 945 2593 gratiam
995 2521 1376 2589 loquebantur,
1435 2518 1764 2573 tradidcrttnt

184 2618 336 2670 illum
367 2615 630 2669 incendio.
661 2614 871 2668 Utinam
895 2613 1079 2664 liceret
1109 2610 1223 2663 haec
1247 2622 1456 2678 semper
1480 2616 1764 2676 perpetuo-

186 2721 296 2775 que
323 2704 676 2773 philosophari
695 2744 710 2768 ,
742 2717 803 2756 ac
831 2702 896 2756 de
923 2700 1158 2770 gehenna
1189 2699 1350 2768 loqui.
1408 2697 1475 2751 In
1512 2697 1758 2762 omnibus,

187 2797 378 2865 inquit,
406 2797 551 2848 dictis
578 2797 673 2848 tuis
699 2803 940 2848 memento
964 2793 1229 2845 novissima
1247 2801 1354 2857 tua,
1380 2791 1499 2846 etin
1519 2799 1760 2844 internum

187 2905 293 2946 non
332 2887 554 2956 peccabis
576 2885 759 2955 (Eccli.
790 2886 842 2938 7.
866 2884 976 2953 40).
1019 2885 1093 2936 Αε
1134 2897 1314 2935 rursus
1348 2898 1360 2934 :
1396 2879 1535 2932 Para
1564 2879 1630 2931 ad
1657 2879 1766 2931 exi-

189 2991 300 3032 tum
325 2995 476 3048 Opera
499 2988 622 3040 tua,
663 2985 712 3030 et
751 2991 946 3045 appara
989 2984 1034 3026 te
1066 2973 1133 3025 ad
1170 2974 1298 3025 viam
1323 2971 1482 3039 (Prov
1529 2971 1618 3024 24.
1645 2967 1760 3039 27).

189 3070 248 3125 Si
289 3070 412 3139 quid
451 3070 534 3123 etii
587 3069 802 3136 rapuisti
829 3108 843 3128 ,
896 3065 1093 3128 redde,
1141 3074 1195 3118 et
1239 3064 1401 3118 dicito
1436 3064 1583 3131 juxta
1627 3061 1760 3115 Zac-

188 3161 398 3214 chreum
434 3177 446 3212 :
475 3158 554 3212 Do
577 3157 915 3227 quadruplum
936 3197 949 3220 ,
981 3158 1026 3210 si
1056 3156 1176 3226 quid
1208 3155 1354 3223 rapui
1389 3153 1539 3225 (Luc.
1570 3153 1655 3208 l9.
1686 3151 1762 3222 8).

188 3250 249 3304 Si
303 3265 459 3318 quem
509 3249 859 3302 calumniatus
903 3261 996 3309 es,
1054 3248 1097 3300 si
1140 3246 1223 3300 cui
1265 3244 1434 3298 factus
1473 3259 1531 3298 es
1576 3243 1756 3297 inimi-

189 3355 290 3394 cus
313 3382 328 3407 ,
362 3341 702 3393 reconciliare
723 3381 738 3404 ,
775 3338 1074 3407 priusquam
1106 3337 1348 3390 veniatur
1388 3335 1452 3388 ad
1490 3335 1764 3403 judicium.

190 3432 386 3487 Omnia
414 3432 498 3485 hic
538 3431 768 3484 dissolve
793 3469 808 3493 ,
850 3438 909 3483 ttt
936 3429 1066 3482 citra
1103 3427 1400 3482 molestiam
1428 3425 1556 3480 illud
1587 3425 1768 3479 videas

193 3522 446 3577 tribunal.

271 3613 567 3668 Paenitentia
586 3629 696 3665 sera
720 3621 830 3682 post
851 3619 1079 3665 mortem.
1101 3640 1168 3649 —
1185 3609 1358 3664 Donec
1381 3609 1465 3664 hic
1485 3608 1764 3672 fuerimus,

193 3719 320 3774 spes
343 3704 596 3758 habemus
623 3703 906 3772 praeclaras
930 3720 942 3755 :
969 3701 1126 3756 simul
1168 3711 1327 3771 atque
1351 3715 1478 3756 vero
1505 3700 1768 3754 discesse-

194 3799 366 3852 rimus
394 3799 538 3861 illuc,
565 3813 670 3851 non
695 3803 776 3850 est
802 3805 982 3865 postea
1012 3795 1064 3849 in
1097 3793 1249 3850 nobis
1278 3793 1437 3848 situm
1466 3791 1727 3863 ptenitere
1750 3829 1767 3856 ,

197 3903 373 3955 neque
399 3886 678 3942 commissa
705 3885 928 3940 diluere.
960 3884 1292 3953 Quapropter
1316 3890 1525 3952 oportet
1553 3895 1652 3936 nos
1678 3895 1767 3932 as-

198 3977 350 4031 sidue
394 3975 674 4046 pra-parari
713 3974 779 4028 ad
807 3989 1078 4042 egressum
1120 3973 1242 4026 hinc
1284 3971 1602 4026 faciendum.
1635 3969 1771 4036 Quid

194 4068 339 4122 enim
361 4067 402 4120 si
434 4067 652 4119 Domino
679 4066 847 4119 visum
872 4064 1027 4117 fuerit
1053 4063 1153 4117 hoc
1177 4076 1396 4130 vespere
1421 4075 1609 4114 vocare
1639 4059 1770 4112 nos?

195 4157 336 4223 Quid
363 4157 405 4209 si
427 4159 584 4210 cras?
611 4156 870 4208 Incertum
897 4155 1036 4209 enim
1063 4151 1185 4222 quid
1213 4153 1442 4205 futurum
1463 4151 1548 4213 sit,
1582 4160 1632 4204 ut
1657 4165 1771 4218 per-

200 4256 360 4316 petuo
388 4248 552 4300 simus
593 4246 642 4298 in
686 4244 1007 4308 certamine,
1036 4253 1089 4296 et
1128 4242 1192 4295 ad
1225 4241 1366 4295 illam
1396 4240 1772 4308 profectionem

198 4337 476 4401 instructi,
506 4333 946 4405 quemadmodum
974 4333 1057 4386 hic
1085 4333 1313 4386 Lazarus
1340 4346 1551 4399 semper
1575 4339 1689 4384 erat
1717 4330 1770 4384 in

207 4428 485 4482 tolerantia
519 4427 891 4495 patientiaque,
922 4433 1242 4494 quapropter
1265 4432 1407 4476 tanto
1425 4438 1545 4476 cum
1573 4421 1775 4475 honore

198 4520 456 4574 deductus
481 4528 580 4571 est.
628 4517 862 4570 Mortuus
889 4524 969 4569 est
1007 4524 1182 4568 autem
1213 4514 1361 4568 dives
1382 4554 1396 4575 ,
1441 4522 1494 4566 et
1537 4512 1774 4580 sepultus

200 4619 307 4673 cst,
333 4608 574 4660 nitnirutn
603 4608 775 4660 anitna
801 4605 940 4658 illius
971 4605 1020 4657 in
1043 4619 1285 4672 corpore,
1310 4611 1554 4670 tanquam
1584 4603 1636 4655 in
1660 4615 1776 4654 mo-

199 4712 456 4755 ntnncnto
481 4698 708 4762 defossa,
747 4713 808 4751 ac
842 4696 1139 4766 sepulcrum
1166 4693 1568 4748 circumferente
1589 4707 1778 4760 nempe

197 4806 437 4845 carnem.
470 4775 584 4842 Non
614 4804 766 4842 secus
798 4788 938 4841 cnim
985 4786 1069 4839 ille
1093 4826 1108 4848 ,
1157 4799 1310 4851 qnam
1339 4783 1383 4836 si
1426 4793 1608 4836 eatena
1645 4797 1776 4850 qna-

197 4883 345 4944 dam,
377 4880 681 4934 temulentia
704 4919 719 4942 ,
765 4893 827 4932 ac
853 4878 1050 4931 ventris
1092 4877 1318 4944 ingluvie
1368 4875 1574 4927 vinctus
1603 4884 1774 4935 esset,

199 4973 282 5027 sic
312 4972 537 5024 otiosam
568 4970 705 5022 illam
736 4984 798 5022 ac
827 4976 1086 5022 mortuam
1117 4966 1437 5020 reddiderat.
1482 4965 1557 5018 Ne
1586 4965 1776 5019 leviter

202 5069 611 5132 j'rzetercnrras,
641 5058 867 5123 dilecte,
905 5055 1070 5119 illud.
1115 5057 1339 5126 sepultus
1379 5065 1468 5108 est.
1518 5055 1612 5110 Hic
1652 5057 1776 5110 tnihi

202 5151 484 5206 considera
511 5163 722 5202 mensas
750 5159 964 5217 argento
989 5148 1355 5201 circumtcctas
1373 5187 1386 5208 ,
1417 5147 1598 5208 lectos,
1630 5155 1778 5216 tape-

206 5251 289 5293 tes
311 5279 324 5298 .
361 5245 668 5290 ornamenta
690 5278 703 5295 .
729 5252 845 5305 qua:
874 5246 975 5289 tota
1010 5237 1060 5288 in
1090 5235 1248 5287 domo
1281 5243 1402 5286 sunt
1429 5235 1603 5286 omnia
1623 5274 1638 5296 ,
1679 5250 1778 5286 un-

204 5339 421 5397 guenta,
451 5337 707 5391 aromata,
735 5327 839 5380 vini
867 5327 998 5381 meri
1029 5327 1254 5395 copiam,
1284 5325 1578 5378 eduliornm
1607 5325 1780 5377 varic-

208 5429 367 5484 tates,
395 5419 632 5472 ciborum
659 5417 874 5472 delicias
896 5457 911 5483 ,
939 5432 1154 5486 coquos,
1205 5415 1526 5480 adulatores,
1559 5415 1778 5483 stipato-

209 5528 320 5575 res,
348 5510 594 5572 famulos,
621 5524 682 5563 ac
707 5510 959 5578 reliquam
983 5510 1275 5562 universam
1299 5523 1563 5577 pompam,
1591 5509 1781 5576 strepi-

210 5614 427 5671 tumque
476 5601 827 5661 exstinctum,
881 5600 1275 5669 marcidttmque
1329 5602 1540 5654 factum.
1593 5600 1778 5654 Omnia

205 5691 364 5757 cinis,
391 5689 568 5747 omnia
597 5688 770 5743 favilla
796 5698 848 5744 et
877 5690 1073 5758 pulvis.
1117 5689 1341 5743 lamenta
1381 5699 1434 5744 et
1460 5691 1658 5753 luctus,
1691 5704 1781 5746 nc-

1411 324 1494 378 DE
1533 320 1804 378 LAZARO
1841 320 2096 381 CONCIO'
2122 323 2186 379 ll.

3320 332 3425 388 986

1860 436 2004 489 mine
2045 447 2415 505 succurrente,
2467 454 2638 510 neque
2685 441 2846 496 semel
2878 457 3147 512 egressam
3194 443 3428 501 animam

1859 537 2039 597 postea
2069 539 2386 584 revocante:
2425 538 2548 586 tunc
2583 530 2946 586 declarabatur
2968 533 3094 602 quid
3136 535 3302 602 possit
3327 548 3426 588 au-

1859 636 2004 685 rum,
2038 621 2162 690 quid
2190 622 2394 690 possint
2425 623 2653 692 copiosae
2683 623 2898 678 divitiae.
2931 623 3202 694 Siquidem
3227 640 3294 679 ex
3321 634 3426 678 tam

1859 709 2118 780 frequenti
2151 710 2403 765 famulitio
2427 711 2601 766 nudus
2625 712 2882 767 abductus
2908 723 2990 768 est
3018 722 3070 768 et
3091 714 3236 767 solus
3253 757 3269 777 ,
3298 713 3431 767 nihil

1859 816 1924 854 ex
1955 809 2095 854 tanta
2121 800 2389 856 afﬂuentia
2415 817 2592 856 secum
2620 801 2756 858 ferre
2783 803 2995 869 valens,
3028 804 3122 859 sed
3147 805 3390 858 desertus
3411 845 3426 866 ,

1860 890 2197 956 indefensus,
2240 907 2303 945 ac
2347 891 2651 961 neglectus:
2685 893 2860 947 nullus
2884 909 3102 958 eorum,
3146 896 3234 964 qui
3282 901 3428 962 prius

1858 995 1980 1035 eum
2006 982 2252 1036 colebant
2273 1025 2285 1044 ,
2314 984 2402 1052 qui
2426 983 2830 1048 auxiliabantur,
2859 984 3070 1051 aderat,
3096 993 3374 1052 erepturus
3398 1001 3428 1037 a

1861 1087 2014 1141 paena
2040 1089 2103 1128 ac
2131 1073 2417 1144 supplicio,
2450 1075 2540 1128 sed
2567 1075 2636 1128 ab
2675 1075 2776 1129 illis
2801 1075 3042 1130 omnibus
3067 1075 3324 1140 divulsus,
3352 1090 3430 1129 so-

1859 1165 1942 1218 lus
1968 1165 2286 1234 interceptus
2307 1177 2408 1230 est,
2433 1176 2488 1220 ut
2511 1167 2592 1219 illa
2621 1181 2726 1220 non
2756 1166 2966 1222 ferenda
2997 1169 3250 1238 supplicia
3273 1169 3431 1222 susti-

1859 1265 2031 1310 neret.
2066 1257 2197 1311 Vere
2235 1256 2411 1310 Omnis
2445 1274 2562 1310 caro
2596 1263 2782 1328 frenum
2811 1268 2857 1312 et
2890 1259 3050 1312 omnis
3085 1259 3248 1328 gloria
3272 1259 3432 1311 homi~

1864 1347 1944 1400 uis
1969 1356 2222 1416 tamquam
2248 1349 2345 1416 ﬂos
2369 1349 2488 1415 faeni
2513 1364 2531 1402 .°
2559 1349 2751 1402 exaruit
2777 1363 2979 1418 gramen
2995 1391 3009 1413 ,
3037 1358 3080 1403 et
3103 1351 3199 1417 ﬂos
3225 1349 3431 1412 decidit,

1861 1438 1949 1491 sed
1973 1439 2171 1492 verbum
2209 1438 2414 1492 Domini
2441 1449 2604 1492 manet
2629 1440 2681 1492 in
2709 1449 2947 1493 wternum
2975 1439 3124 1510 (lsai.
3155 1439 3242 1494 40.
3271 1439 3324 1493 6.
3353 1438 3432 1509 8).

1863 1528 2017 1582 Venit
2047 1545 2188 1584 mors
2216 1540 2268 1584 et
2293 1531 2543 1584 exstinxit
2569 1531 2654 1584 illa
2696 1531 2894 1585 omnia.
2935 1530 3045 1584 Nec
3081 1531 3235 1584 aliter
3277 1544 3435 1599 quam

1863 1621 2123 1688 captivum
2150 1631 2416 1689 arreptum
2448 1621 2591 1674 illum
2617 1620 2834 1675 abduxit
2856 1621 3103 1675 demissis
3123 1621 3313 1686 oculis,
3343 1635 3436 1689 pu-

1862 1709 1992 1764 dore
2022 1710 2255 1779 plenum,
2291 1725 2394 1764 non
2423 1710 2703 1764 audentem
2731 1710 2956 1774 hiscere,
2989 1717 3324 1772 trementem,
3349 1723 3437 1777 pa-

1863 1801 2063 1865 vidum,
2094 1801 2311 1868 perinde
2331 1802 2476 1870 quasi
2505 1802 2554 1855 in
2579 1803 2799 1856 somniis
2820 1803 3082 1858 universis
3105 1802 3207 1855 illis
3231 1802 3438 1857 deliciis

1863 1889 2051 1944 fruitus
2081 1890 2280 1945 fuisset.
2314 1891 2391 1944 Ac
2417 1901 2534 1960 post
2574 1890 2688 1945 haec
2733 1891 2951 1960 supplex
2981 1891 3131 1946 dives
3159 1889 3330 1946 factus
3356 1899 3438 1946 est

1865 1981 2100 2048 pauperi,
2131 1988 2289 2048 atque
2329 1996 2469 2035 nunc
2515 1981 2653 2034 illius
2695 1989 2814 2050 eget
2857 1996 3073 2044 mensa,
3121 1981 3210 2050 qui
3239 1982 3436 2035 dudttm

1864 2063 2333 2136 esuriebat,'illius
2373 2072 2459 2141 qui
2490 2087 2680 2125 canum
2710 2074 2894 2126 rostris
2938 2072 3177 2142 ohjectus
3209 2072 3436 2141 jacebat.

1864 2159 1970 2213 Res
1990 2169 2325 2214 commutata:
2345 2170 2488 2227 sunt,
2515 2163 2740 2215 universi
2762 2172 3122 2231 cognoverunt
3142 2171 3259 2216 uter
3283 2162 3441 2218 fuerit

1864 2252 2034 2318 dives,
2065 2260 2180 2306 uter
2205 2268 2420 2322 panper,
2445 2251 2692 2322 quodque
2717 2253 2944 2306 Lazarus
2968 2253 3180 2322 quidem
3207 2254 3440 2308 omnium

1866 2342 2026 2398 fuerit
2069 2343 2500 2410 opulentissimus
2520 2385 2532 2406 ,
2565 2344 2653 2396 ille
2688 2352 2869 2397 contra
2895 2345 3130 2397 omnium
3162 2343 3440 2412 pauperri-

1866 2451 2004 2489 mus.
2037 2433 2489 2501 Quemadmodum
2518 2435 2658 2488 enim
2687 2443 2896 2489 actores
2925 2436 2976 2488 in
3015 2449 3174 2489 scena
3193 2475 3208 2497 ,
3252 2449 3434 2503 regum

1867 2540 1930 2580 ac
1953 2527 2144 2580 ducum
2184 2541 2436 2594 personas
2457 2568 2472 2589 ,
2507 2525 2630 2579 item
2674 2526 2996 2580 medicorum
3025 2541 3088 2580 ac
3130 2525 3402 2580 rhetorum
3427 2566 3442 2590 ,

1867 2615 2260 2684 sophistarum,
2306 2631 2369 2670 ac
2419 2617 2641 2670 militum
2689 2627 3019 2672 assumentes
3059 2616 3443 2686 ingrediuntur,

1868 2720 1986 2759 cmn
2020 2706 2116 2774 ipsi
2165 2705 2296 2759 nihil
2344 2705 2528 2760 horum
2572 2707 2714 2760 sint:
2744 2708 2821 2760 sic
2850 2721 2977 2760 sane
3001 2715 3056 2761 et
3102 2707 3154 2760 itt
3197 2706 3445 2775 praesenti

1869 2795 1971 2847 vita
2001 2803 2279 2863 paupertas
2321 2810 2382 2850 ac
2405 2795 2601 2849 divitim
2632 2796 2758 2849 nihil
2786 2796 2926 2850 aliud
2955 2804 3111 2861 sunt,
3141 2812 3298 2866 quam
3326 2811 3447 2865 per-

1873 2897 2073 2942 sonata:
2101 2890 2278 2942 larvtc.
2308 2889 2453 2944 Sicut
2481 2890 2637 2958 igitur
2661 2890 2711 2943 in
2741 2889 2946 2943 theatro
2971 2889 3184 2954 sedens,
3215 2892 3260 2944 si
3287 2906 3446 2960 quem

1870 2979 2097 3044 videris,
2128 2993 2192 3032 ex
2222 2978 2286 3031 iis
2310 2979 2396 3047 qui
2441 2978 2659 3032 inferius
2689 2978 2892 3043 ludunt,
2925 2993 3204 3045 personam
3229 2989 3446 3048 gestan-

1872 3080 1976 3127 tem
2007 3072 2145 3140 regis
2167 3113 2181 3135 ,
2231 3087 2334 3125 non
2375 3069 2584 3140 judicas
2628 3086 2749 3125 eum
2781 3070 3022 3134 beatum,
3072 3085 3241 3139 neque
3270 3086 3446 3140 regem

1871 3177 1989 3215 esse
2017 3161 2188 3216 credis
2213 3203 2227 3224 ,
2258 3161 2365 3215 imo
2392 3175 2490 3214 nec
2519 3161 2630 3229 ipse
2653 3160 2852 3228 optaris
2881 3175 2999 3214 esse
3025 3159 3143 3214 talis
3167 3178 3180 3212 :
3212 3159 3305 3214 sed
3327 3175 3448 3214 cunt

1872 3251 2008 3305 scias
2031 3249 2169 3320 quod
2198 3251 2266 3303 sit
2292 3251 2551 3319 quispiam
2581 3266 2645 3304 ex
2676 3251 2737 3304 iis
2777 3251 2866 3319 qui
2895 3259 3172 3304 versantur
3199 3250 3250 3303 in
3296 3249 3411 3304 foro
3431 3292 3448 3316 ,

1874 3339 2074 3403 funium
2105 3340 2280 3410 opifex
2306 3349 2396 3394 aut
2421 3340 2567 3394 faber
2595 3341 2814 3395 aerarius
2837 3382 2851 3404 ,
2882 3350 2973 3396 aut
2996 3341 3138 3395 aliud
3163 3342 3449 3412 quidquam

1874 3432 1978 3485 tale
1999 3473 2012 3495 ,
2045 3447 2148 3486 non
2171 3431 2378 3501 judicas
2409 3431 2554 3484 illum
2583 3431 2792 3486 beatum
2818 3431 2886 3484 ob
2910 3447 3189 3499 personam
3213 3473 3226 3494 ,
3269 3439 3361 3484 aut
3381 3432 3451 3486 ob

1873 3529 2109 3586 vestem,
2160 3536 2330 3590 neque
2359 3537 2422 3575 ex
2453 3521 2596 3574 hisce
2637 3519 2797 3574 rebus
2823 3522 3054 3574 :estimas
3084 3521 3222 3575 illius
3249 3522 3449 3585 vitam,

1875 3610 1969 3666 sed
1996 3609 2208 3680 despuis
2236 3611 2408 3679 potius
2432 3610 2578 3664 illum
2614 3610 2682 3664 ob
2707 3611 2862 3664 aliam
2892 3612 3144 3665 vilitatem
3171 3629 3184 3666 :
3215 3612 3293 3664 sic
3314 3625 3446 3666 sane

1875 3709 1928 3755 et
1951 3699 2036 3753 hic
2064 3701 2204 3754 velut
2226 3701 2278 3753 in
2309 3701 2538 3765 theatro,
2570 3699 2813 3754 videlicet
2839 3700 2890 3754 in
2924 3701 3121 3755 mundo
3145 3700 3360 3767 sedens,
3393 3709 3452 3756 et

1880 3790 1930 3842 in
1960 3805 2116 3845 scena
2143 3790 2384 3844 ludentes
2414 3799 2680 3859 spectans,
2714 3791 2802 3858 ubi
2829 3790 3024 3846 videris
3043 3792 3348 3861 complures
3369 3791 3455 3846 di-

1877 3880 2033 3944 vites,
2061 3896 2127 3934 ne
2150 3888 2298 3948 putes
2323 3895 2445 3934 vere
2469 3879 2658 3934 divites
2683 3895 2821 3944 esse,
2847 3880 2940 3934 sed
2965 3880 3186 3935 divitum
3212 3882 3454 3938 obtectos

1880 3968 2138 4036 personis.
2184 3967 2314 4021 Nam
2343 3967 2788 4036 quemadmodum
2832 3969 2940 4032 ille,
2971 3970 3059 4038 qui
3097 3970 3150 4023 in
3179 3984 3338 4025 scena
3365 3985 3454 4025 re-

1875 4074 1993 4127 gem
2021 4066 2112 4110 aut
2137 4057 2259 4112 belli
2285 4056 2627 4126 ducentlagit,
2659 4057 2964 4126 frequenter
2992 4069 3075 4112 est
3105 4058 3330 4113 famulus
3357 4074 3449 4114 co-

1879 4163 2017 4210 rum,
2049 4148 2138 4217 qui
2182 4147 2312 4202 licus
2335 4157 2424 4201 aut
2451 4147 2633 4200 botros
2658 4147 2896 4202 vendunt
2925 4149 2975 4200 in
3003 4148 3117 4201 foro
3141 4165 3154 4200 :
3188 4148 3370 4203 itidem
3398 4158 3454 4204 et

1883 4239 1965 4293 hic
1991 4239 2137 4292 dives
2166 4238 2354 4294 crebro
2384 4238 2665 4308 pauperior
2703 4248 2784 4292 est
2813 4239 3073 4292 omnibus.
3117 4239 3269 4305 Quod
3295 4241 3338 4292 si
3357 4240 3456 4294 de-

1883 4328 2102 4382 traxeris
2129 4329 2200 4382 illi
2229 4343 2528 4396 personam,
2557 4327 2602 4382 si
2629 4328 3006 4382 conscientiam
3035 4328 3270 4397 explices
3290 4339 3344 4384 et
3377 4331 3456 4384 in.

1881 4417 2135 4485 grediuris
2184 4418 2416 4470 animum
2439 4457 2451 4479 ,
2493 4418 2709 4471 multam
2749 4417 2853 4471 illic
2880 4417 3112 4473 offendes
3139 4419 3345 4473 virtutis
3374 4421 3457 4474 itt-

1881 4509 2092 4576 oplatn,
2137 4509 2538 4578 comperiesque
2585 4508 2819 4562 Omnium
2861 4509 3132 4563 hominum
3159 4511 3456 4578 abjectissi—

1885 4613 2046 4650 mum.
2077 4598 2529 4662 Quemadmodum
2561 4598 2701 4652 enim
2731 4600 2960 4654 instante
2987 4613 3228 4669 vespera,
3255 4602 3455 4671 digres-
3527 4653 3530 4656 .

1883 4687 2061 4756 sisque
2083 4689 2170 4756 qui
2197 4687 2571 4749 consederant,
2606 4688 2691 4741 ubi
2723 4689 2921 4742 fuerint
2941 4705 2970 4742 ε
3003 4689 3208 4743 theatro
3233 4691 3456 4759 egressi,

1885 4775 2228 4847 habitumque
2269 4777 2461 4830 fabula:
2484 4777 2824 4845 deposuerint
2855 4797 2867 4832 :
2913 4779 3001 4847 qui
3047 4781 3192 4848 prius
3217 4795 3368 4852 rcges
3392 4797 3455 4836 ac

1885 4867 2046 4922 duces
2075 4883 2193 4922 esse
2217 4869 2547 4933 videbantur,
2580 4878 2698 4937 post
2718 4880 2975 4938 apparent
2999 4870 3097 4924 hoc
3124 4873 3262 4941 quod
3290 4881 3412 4927 sunt
3435 4890 3448 4926 :

1887 4961 1954 5012 ita
1978 4975 2105 5013 sane
2125 4969 2176 5013 et
2199 4976 2353 5023 nunc,
2380 4969 2656 5030 postquam
2679 4976 2823 5015 mors
2843 4962 3142 5030 advenerit,
3168 4964 3459 5020 theatrum-

1887 5065 1988 5118 que
2011 5049 2286 5103 dimissum
2316 5049 2503 5113 fuerit,
2547 5066 2665 5104 cmn
2695 5051 2996 5106 divitiarum
3029 5056 3456 5124 paupertatisque

1890 5157 2145 5208 personas
2174 5141 2536 5210 deposuerint,
2561 5156 2748 5196 omnes
2774 5134 2898 5198 illuc
2924 5144 3142 5212 profecti
3165 5187 3180 5208 ,
3208 5155 3365 5214 atquc
3389 5161 3458 5202 ex

1887 5233 2014 5287 solis
2036 5233 2283 5302 operibus
2303 5232 2542 5302 judicati,
2566 5233 2837 5288 declarant
2856 5236 2945 5304 qui
2967 5251 3091 5290 vere
3116 5237 3224 5291 sint
3241 5236 3457 5310 divites,

1887 5325 1976 5393 qui
2009 5339 2133 5378 vere
2161 5339 2414 5393 pauperes
2443 5343 2455 5378 :
2488 5327 2576 5394 qui
2605 5327 2867 5390 honorati,
2901 5337 2954 5381 et
2975 5328 3063 5397 qui
3085 5327 3320 5385 obscuri.

1957 5417 2010 5470 4.
2045 5416 2220 5470 Divitis
2259 5427 2445 5483 quanta
2490 5417 2640 5484 fuerit
2695 5428 2988 5488 paupertas.
3021 5418 3289 5488 —-ltaquc
3345 5418 3454 5472 fre—

1887 5518 2113 5578 quenter
2155 5509 2246 5570 fit,
2285 5515 2342 5561 ut
2387 5507 2474 5576 qui
2527 5507 2612 5561 hic
2652 5508 2702 5561 in
2755 5509 2975 5562 divitum
3024 5524 3246 5563 numero
3282 5511 3460 5577 luerit,
3536 5561 3545 5571 ,

1890 5597 1998 5652 illic
2046 5598 2340 5667 reperiatur
2390 5597 2624 5649 omnium
2668 5598 3054 5668 pauperrimus,
3099 5597 3150 5651 id
3187 5599 3326 5667 quod
3368 5613 3460 5674 acf

1890 5691 2016 5745 cidit
2037 5689 2158 5744 huic
2183 5687 2351 5742 diviti.
2380 5686 2510 5742 Nam
2538 5687 2856 5758 simulatque
2893 5687 3202 5750 incubuerat
3222 5704 3462 5760 vespera,
