3862 6228
427 301 526 355 987

428 417 530 470 hoc
555 421 636 470 est
681 426 824 466 mors
845 453 861 478 ,
904 424 1054 480 teque
1104 406 1379 477 prtesentis
1404 404 1525 458 vitae
1555 401 1766 457 theatro
1811 411 2002 470 egres~

431 522 523 562 sns
567 513 652 560 est
672 542 690 566 ,
723 514 1110 572 personamque
1134 497 1383 566 depttsuit
1403 537 1419 561 ,
1450 495 1595 548 visus
1629 502 1712 548 est
1756 491 1861 546 illic
1885 505 2007 544 om-

429 599 576 652 nium
615 609 736 650 esse
764 590 1128 662 pauperrimus
1161 605 1174 641 :
1206 587 1343 642 adeo
1389 598 1518 640 vero
1572 594 1801 653 pauper,
1834 589 1892 635 ut
1944 593 2010 633 ne

431 699 635 758 guttam
666 685 878 757 quidem
903 699 1055 755 aqua:
1105 681 1326 736 haberet
1372 679 1426 735 in
1463 693 1559 735 sua
1588 685 1847 748 potestate
1870 715 1886 741 ,
1916 673 2011 729 sed

435 798 533 852 pro
583 784 682 834 hac
725 786 974 849 rogaret,
1015 791 1188 846 neque
1233 772 1375 845 quod
1453 771 1665 843 petebat
1691 811 1710 838 ,
1758 767 2012 838 consequi

439 874 688 944 potuerit.
715 870 852 939 Quid
877 871 978 927 hac
1025 876 1333 940 paupertate
1357 865 1641 937 pauperies
1664 878 1784 919 esse
1808 860 2013 933 posset?

433 967 664 1022 Sublatis
675 964 817 1020 enim
826 962 996 1018 oculis
1007 961 1292 1028 suis,aitad
1305 955 2014 1023 Abraham:Pater,miserere

435 1058 552 1123 ntei,
577 1067 624 1111 et
647 1058 788 1111 mitte
815 1055 1086 1119 Lazarum,
1109 1061 1163 1107 ut
1188 1053 1404 1122 intingat
1422 1064 1672 1105 sumntum
1689 1048 1835 1118 digiti
1859 1047 1938 1102 sui
1962 1046 2017 1099 in

435 1164 661 1218 «quant,
712 1157 760 1201 et
807 1147 1016 1200 instiliet
1085 1145 1162 1198 ori
1210 1158 1320 1197 meo
1371 1141 1520 1215 (Luc.
1571 1141 1657 1196 i6.
1687 1141 1806 1209 24).
1855 1137 2018 1192 Vides

437 1247 636 1310 quanta
677 1253 764 1294 res
793 1237 864 1292 sit
910 1235 1170 1291 afﬂictio?
1197 1235 1328 1290 Cum
1360 1233 1636 1303 proximus
1679 1241 1825 1288 esset
1854 1230 2020 1285 Laza-

439 1343 530 1385 rus
550 1371 566 1397 ,
599 1327 905 1400 pmwribat
936 1346 950 1382 :
978 1342 1120 1381 nunc
1147 1341 1268 1381 cum
1318 1325 1500 1394 procul
1540 1323 1712 1388 absit,
1763 1323 1972 1377 invocat
1999 1340 2015 1375 :

440 1435 598 1488 quem
651 1418 956 1488 frequenter
981 1415 1283 1486 ingrediens
1323 1423 1378 1470 et
1413 1413 1694 1485 egrediens
1740 1427 1846 1466 non
1872 1410 2022 1466 vide-

442 1511 566 1578 bat,
599 1510 741 1564 hunc
787 1508 971 1578 procul
1020 1515 1284 1562 semotum
1329 1505 1613 1576 diligenter
1653 1504 1860 1574 aspicit.
1912 1501 2023 1557 Sed

443 1614 602 1669 quam
647 1598 719 1653 ob
761 1611 973 1652 causam
1024 1597 1174 1650 illum
1221 1595 1499 1650 intuetur?
1544 1594 1872 1664 Frequenter
1910 1591 2022 1646 for-

445 1699 586 1746 tasse
614 1689 819 1746 dixerat
846 1689 994 1744 dives
1035 1689 1134 1742 iste
1154 1730 1170 1756 ,
1201 1703 1455 1757 quorsum
1495 1686 1624 1741 mihi
1662 1700 1796 1757 opus
1828 1687 2025 1756 pietate

443 1795 508 1835 ac
535 1779 771 1834 virtute?
795 1780 994 1834 Cuncta
1024 1777 1154 1832 mihi
1180 1777 1322 1832 velut
1355 1793 1387 1832 e
1414 1776 1558 1830 fonte
1587 1775 1827 1839 afﬂuunt,
1859 1774 2024 1829 multa

423 1869 595 1924 ‘frttor
635 1870 1022 1940 prosperitate,
1083 1867 1268 1923 multis
1314 1867 1549 1936 opibus,
1605 1865 1738 1920 nihil
1787 1864 2026 1928 sustineo

446 1976 624 2016 rerum
653 1961 1043 2030 inopinatarum
1078 1977 1092 2012 :
1133 1974 1292 2029 quam
1322 1959 1392 2013 ob
1417 1973 1532 2012 rem
1583 1966 1828 2026 expetam
1859 1957 2026 2009 virtu-

447 2052 600 2108 tem?
628 2052 726 2106 ilic
769 2065 970 2121 panper
995 2052 1082 2120 qui
1108 2050 1251 2120 juste
1296 2050 1487 2119 pieque
1526 2048 1699 2112 vivit,
1750 2049 2026 2101 innumera

449 2145 646 2214 patitur
691 2144 851 2197 mala.
905 2143 1030 2196 llaec
1066 2157 1207 2196 nunc
1258 2155 1470 2210 quoque
1517 2140 1666 2194 multi
1720 2139 2027 2207 frequenter

446 2237 650 2291 dicunt.
680 2234 749 2291 Ut
801 2235 959 2304 igitur
982 2233 1237 2288 radicitus
1265 2231 1362 2286 has
1389 2246 1577 2301 pravas
1610 2232 1893 2286 reVelleret
1920 2232 2030 2299 opi-

447 2330 634 2382 niones
661 2367 678 2391 ,
711 2326 1040 2380 demonstrat
1089 2325 1164 2380 illi
1187 2364 1203 2390 ,
1254 2324 1393 2394 quod
1443 2324 1662 2378 malitia:
1700 2323 1929 2392 reposita
1960 2323 2030 2376 sit

450 2419 580 2472 ultio
609 2434 623 2473 :
652 2426 837 2471 contra
883 2415 1058 2470 honor
1097 2425 1151 2470 et
1177 2431 1374 2470 corona
1413 2415 1684 2469 laboribus
1711 2428 1807 2484 pro
1834 2417 2029 2484 pietate

446 2509 728 2577 susceptis.
766 2507 880 2562 Non
910 2516 1128 2577 propter
1152 2507 1253 2561 hoc
1281 2506 1453 2561 solum
1480 2517 1656 2561 autem
1687 2506 1814 2559 vidit
1857 2505 2026 2569 illum,

449 2601 542 2657 sed
586 2610 643 2655 ttt
690 2616 809 2670 qua:
838 2615 1026 2669 passus
1067 2599 1255 2654 fuisset
1275 2613 1493 2669 pauper,
1529 2599 1642 2652 hare
1681 2613 1822 2652 nunc
1867 2607 1917 2652 et
1947 2597 2030 2650 di-

447 2708 542 2749 ves
571 2701 843 2763 pateretur
893 2691 1061 2745 multo
1111 2691 1344 2758 gravius.
1374 2689 1831 2756 Quemadmodum
1884 2688 2028 2744 enim

449 2785 525 2839 illi
573 2782 934 2837 molestiorem
980 2781 1210 2836 reddidit
1259 2781 1585 2844 cruciatum,
1639 2779 1779 2849 quod
1826 2780 1876 2832 in
1934 2794 2030 2833 ve.

449 2875 646 2932 stibulo
669 2875 844 2929 divitis
865 2873 1089 2943 jaceret,
1109 2873 1248 2944 quod
1281 2873 1485 2926 videret
1512 2873 1681 2926 aliena
1708 2871 1985 2928 commoda
2011 2888 2026 2924 :

455 2968 534 3021 sic
563 2977 616 3021 et
656 2966 780 3020 huic
829 2965 1127 3034 graviorem
1165 2963 1392 3018 reddidit
1440 2964 1729 3019 cruciatum
1755 3004 1771 3028 ,
1807 2962 1945 3032 quod
1978 2963 2028 3016 in

451 3058 692 3128 gehenna
717 3059 918 3126 jaceret
940 3098 955 3122 ,
985 3055 1126 3126 quod
1156 3054 1341 3108 Lazari
1381 3054 1584 3108 videret
1618 3055 1836 3109 delicias
1860 3095 1875 3120 ,
1924 3069 2030 3122 quo

454 3164 560 3203 non
609 3149 780 3202 solum
813 3156 999 3200 natura
1033 3145 1414 3216 suppliciorum
1441 3186 1454 3208 ,
1483 3159 1668 3199 verum
1708 3147 1866 3198 etiam
1893 3157 2032 3198 com-

449 3241 724 3309 paratione
751 3237 970 3292 honoris
995 3237 1132 3291 illius
1162 3236 1633 3290 intolerabiliorem
1665 3235 1885 3290 haberet
1906 3250 2028 3290 eru-

445 3331 664 3385 eiatum.
693 3330 761 3384 Et
781 3327 1226 3399 quemadmodum
1250 3327 1418 3381 Adam
1445 3341 1476 3381 e
1503 3326 1749 3395 paradiso
1776 3327 2027 3397 ejectum,

448 3437 480 3478 e
508 3421 726 3490 regione
756 3421 986 3490 paradisi
1033 3419 1273 3473 habitare
1293 3419 1452 3488 jussit
1483 3419 1622 3472 Deus
1646 3460 1660 3484 ,
1689 3426 1748 3472 ut
1787 3418 2032 3473 assiduus

448 3524 765 3584 conspectus
803 3527 1067 3567 renovans
1092 3512 1389 3566 molestiam
1413 3554 1428 3578 ,
1455 3513 1778 3566 exactiorem
1801 3513 1873 3566 illi
1897 3529 2032 3580 prte-

449 3605 599 3661 beret
641 3609 855 3660 sensum
901 3604 1227 3672 expulsionis
1259 3619 1289 3658 e
1315 3603 1472 3657 bonis
1498 3621 1512 3658 :
1537 3604 1607 3656 ita
1651 3618 1780 3658 sane
1810 3613 1863 3658 et
1892 3605 2033 3659 hunc

448 3712 481 3751 e
511 3697 726 3766 regione
775 3695 962 3750 Lazari
988 3694 1280 3759 constituit,
1303 3709 1408 3764 quo
1434 3693 1640 3748 videret
1659 3693 1849 3762 quibus
1880 3695 2033 3748 b0nis

451 3789 684 3857 seipsnm
731 3787 1012 3857 privasset.
1049 3786 1166 3840 Misi
1209 3786 1337 3851 tibi,
1391 3785 1590 3855 inquit,
1669 3785 1722 3839 in
1771 3786 2032 3840 vestibulo

449 3880 706 3936 Lazarum
733 3893 1017 3950 pauperem
1042 3920 1056 3944 ,
1083 3885 1139 3932 ut
1163 3877 1258 3932 tibi
1284 3876 1348 3930 ad
1370 3876 1618 3930 virtutem
1641 3875 1830 3930 doctor
1853 3885 2028 3938 esset,

446 3990 510 4029 ac
537 3973 875 4044 benignitatis
893 3972 1110 4026 materia
1129 3985 1143 4022 :
1160 3969 1524 4038 contempsisti
1553 3970 1756 4023 itterum
1779 3985 1791 4020 :
1818 3969 2030 4022 noluisti

445 4065 512 4120 ad
537 4064 678 4134 quod
702 4064 934 4132 oportuit
969 4061 1044 4115 uti
1071 4061 1254 4116 salutis
1285 4061 1568 4114 occasione
1595 4101 1609 4122 ,
1633 4067 1783 4114 utere
1807 4057 2031 4127 posthac

444 4157 537 4212 illo
579 4155 645 4210 ad
686 4154 903 4224 majoris
921 4153 1189 4208 cruciatus
1208 4151 1561 4220 supplieiique
1590 4149 1892 4203 materiam.
1937 4147 2020 4201 Ex

443 4247 530 4303 his
573 4247 857 4312 discimus,
883 4243 1024 4315 quod
1067 4258 1253 4300 omnes
1302 4243 1446 4313 quia
1497 4243 1651 4296 nobis
1693 4251 1817 4296 sunt
1843 4249 2034 4295 contu-

447 4338 623 4394 meliis
651 4346 708 4392 et
749 4336 956 4403 injuriis
985 4334 1194 4398 aﬂ'ecti,
1243 4343 1367 4388 tunc
1392 4345 1515 4387 ante
1555 4333 1744 4388 faciem
1791 4341 2028 4386 nostram

447 4437 766 4486 statuentur.
795 4427 1126 4496 Quamquam
1173 4424 1260 4480 hic
1288 4424 1415 4478 nihil
1455 4439 1484 4477 a
1529 4424 1690 4477 divite
1713 4423 1916 4492 accepit
1946 4423 2030 4476 in-

449 4521 602 4591 juriae
628 4537 642 4572 :
666 4533 842 4588 neque
865 4518 1008 4573 enim
1034 4516 1176 4571 illius
1194 4515 1445 4585 pecunias
1459 4522 1741 4584 usurparat
1761 4513 2028 4576 dives,sed

448 4627 574 4667 suas
601 4627 706 4666 non
735 4609 1084 4680 impartierat.
1120 4605 1270 4673 Quod
1310 4607 1353 4660 si
1380 4606 1423 4660 is
1452 4606 1540 4676 qui
1586 4620 1679 4659 sua
1711 4620 1813 4658 non
1837 4605 2032 4674 impar-

445 4703 548 4768 tiit,
602 4711 967 4758 accusatorem
994 4699 1155 4754 habet
1181 4713 1302 4753 eum
1329 4740 1343 4763 ,
1372 4698 1456 4753 cui
1487 4697 1696 4766 negavit
1724 4696 2029 4749 misericor-

451 4792 760 4863 diam:qui
811 4791 984 4846 aliena
1036 4803 1247 4860 quoque
1303 4788 1572 4857 rapuerit,
1626 4799 1784 4856 quam
1819 4784 2027 4838 veniam

446 4891 834 4952 consequetur,
889 4879 1122 4949 unditjue
1161 4879 1330 4949 ipsum
1383 4874 1850 4930 circumstantibus
1895 4890 2030 4944 quos

450 4973 631 5030 affecit
658 4973 894 5044 injuria?
915 4971 1030 5027 Non
1059 4971 1200 5027 enim
1232 4971 1339 5025 illic
1366 4984 1500 5039 opus
1523 4968 1626 5023 erit
1654 4969 1904 5033 testibus,
1935 4984 2030 5022 ne-

446 5081 554 5138 que
587 5065 986 5122 accusatoribus
1005 5107 1021 5132 ,
1071 5076 1246 5133 neque
1290 5059 1689 5130 probationibus
1712 5099 1727 5124 ,
1754 5072 1924 5127 neque
1951 5059 2025 5112 si-

441 5161 584 5232 gnis,
612 5169 796 5214 verum
826 5156 956 5227 ipsae
987 5169 1081 5224 per
1110 5165 1168 5207 se
1210 5166 1298 5208 res
1325 5152 1457 5205 tales
1475 5191 1490 5217 ,
1520 5149 1705 5220 quales
1729 5165 1823 5203 eas
1852 5149 2022 5218 gessi-

449 5265 590 5316 mus,
621 5259 746 5305 ante
774 5250 960 5304 oculos
991 5253 1206 5300 nostros
1232 5242 1579 5313 apparebunt.

508 5343 713 5413 Rapina
741 5348 814 5394 est
838 5355 938 5393 non
967 5337 1335 5391 communicare
1364 5333 1664 5403 pauperibus
1694 5331 2027 5385 sam—Ecce

446 5434 612 5500 enim,
639 5432 844 5502 inquit,
874 5429 1034 5483 homo
1060 5436 1115 5481 et
1141 5440 1304 5494 opera
1343 5423 1496 5493 ejus:
1528 5421 1789 5491 siquidem
1831 5431 1886 5475 et
1925 5421 2026 5474 hoc

447 5525 632 5594 rapina
660 5531 778 5587 est,
821 5535 928 5574 non
978 5516 1235 5588 impartiri
1272 5515 1340 5569 de
1395 5513 1496 5567 tuis
1543 5512 1898 5568 facultatibus.
1951 5513 2026 5565 Ac

448 5617 687 5672 fortassis
716 5615 866 5668 vobis
898 5611 1087 5666 mirum
1117 5607 1328 5662 videtur
1353 5620 1471 5661 esse
1497 5604 1635 5675 quod
1666 5605 1805 5667 dico,
1837 5617 2022 5656 verum

449 5722 519 5764 ne
546 5706 809 5762 miremini
837 5723 846 5758 :
875 5700 1234 5761 testimonium
1262 5699 1405 5756 enim
1433 5696 1584 5752 vobis
1613 5711 1640 5752 e
1667 5696 1858 5750 divinis
1885 5693 2023 5750 Scri-

1099 287 1155 347 S.
1195 284 1472 344 JOANNIS
1503 279 1969 339 CliRYSOSTOMI
2011 276 2322 335 ARCIIIEP.
2362 275 2892 333 CONSTANTINOP.

3597 275 3701 329 983

2115 397 2282 466 pluris
2334 397 2637 468 proferam,
2681 398 2898 463 dicens,
2935 397 3078 468 quod
3123 411 3228 452 non
3279 397 3456 451 solum
3513 410 3705 466 rapere

2115 488 2284 542 aliena
2311 527 2327 553 ,
2356 503 2538 544 verum
2566 489 2726 543 etiam
2770 499 2856 542 tua
2899 503 3006 543 non
3057 488 3333 557 impartire
3360 489 3584 541 caeteris
3608 527 3622 549 ,
3652 496 3706 538 et

2113 579 2299 647 rapina
2327 579 2428 645 sit,
2461 589 2513 633 et
2537 578 2797 634 frattdatio
2820 619 2835 643 ,
2865 587 2922 633 et
2955 578 3221 648 spoliatio.
3265 579 3552 644 Quodnam
3577 577 3705 632 illud

2114 669 2244 724 est?
2276 670 2533 724 Dominus
2555 671 2767 726 Judazos
2792 687 3046 726 accusans
3078 687 3170 740 per
3197 672 3511 742 prephetam
3541 672 3708 726 dixit:

2116 757 2369 814 Produai!
2398 772 2530 815 terra
2550 773 2840 833 proventum
2861 779 3030 829 suum,
3045 773 3090 817 et
3107 780 3206 818 non
3222 765 3436 818 intulisti
3457 766 3710 828 decimas,

2117 851 2206 905 sed
2232 852 2415 923 rapina
2442 854 2676 924 pauperis
2695 863 2766 907 est
2794 855 2844 908 in
2865 855 3096 908 domibus
3124 857 3298 909 vestris
3326 855 3482 922 (Μαι.
3515 856 3573 910 5.
3599 856 3714 925 10).

2115 943 2402 1012 Quoniam,
2443 946 2629 1016 inquit,
2661 947 2955 1002 oblationes
2984 945 3165 1002 solitas
3199 963 3304 1002 non
3332 949 3562 1003 dedistis
3586 989 3602 1012 ,
3633 965 3719 1002 ra-

2120 1037 2309 1107 puistis
2347 1049 2408 1092 ea
2441 1052 2561 1108 quze
2607 1047 2730 1092 sunt
2773 1039 3035 1109 pauperis.
3060 1039 3172 1094 Hoc
3210 1049 3384 1094 autem
3427 1039 3586 1103 dicit,
3619 1040 3719 1093 de—

2121 1128 2333 1183 clarans
2374 1128 2667 1192 divitibus,
2715 1130 2855 1198 quod
2902 1142 2990 1184 res
3026 1141 3311 1199 pauperum
3361 1130 3719 1199 possideant,

2124 1222 2331 1276 etiamsi
2369 1231 2584 1291 paterna
2616 1222 2912 1279 hereditate
2937 1223 3271 1289 obvenerint,
3299 1225 3510 1279 etiamsi
3547 1225 3724 1279 unde-

2123 1325 2352 1383 cumque
2402 1313 2617 1368 aliunde
2677 1314 2991 1384 collegerint
3039 1316 3310 1384 pecunias.
3364 1317 3441 1369 Ac
3502 1331 3723 1369 rursum

2124 1401 2254 1456 alibi
2283 1403 2413 1457 dicit
2444 1421 2458 1458 :
2489 1403 2572 1458 Ne
2609 1403 2798 1473 spolies
2839 1406 2991 1458 vitam
3021 1407 3258 1475 pauperis
3308 1405 3495 1476 (Ereti.
3528 1406 3585 1460 ι.
3623 1407 3675 1477 l)
3708 1422 3723 1460 :

2127 1495 2215 1562 qtti
2247 1507 2377 1550 vero
2417 1496 2607 1565 Spoliat
2638 1538 2653 1563 ,
2693 1497 2866 1552 aliena
2919 1497 3074 1552 tollit.
3112 1497 3244 1552 Nam
3288 1498 3543 1568 spoiiatio
3571 1514 3728 1568 qum-

2129 1585 2250 1639 dam
2280 1586 2507 1654 dicitur,
2547 1603 2670 1642 cum
2697 1589 2868 1644 aliena
2895 1598 3109 1660 accepta
3136 1591 3458 1645 detinemus.
3493 1591 3729 1659 Propter

2132 1679 2233 1732 hoc
2279 1679 2441 1748 igitur
2497 1681 2802 1748 discamus,
2870 1682 3012 1752 quod
3063 1684 3270 1750 quoties
3319 1683 3730 1754 eleemosynam

2132 1781 2237 1823 non
2287 1771 2712 1839 praestiterimus,
2740 1773 2850 1840 pari
2881 1813 2896 1840 ,
2946 1785 3068 1828 cum
3099 1774 3164 1828 iis
3190 1774 3279 1844 qui
3306 1774 3570 1844 spoliant,
3601 1789 3731 1844 sup-

2131 1858 2291 1930 plicio
2336 1861 2650 1918 afﬁciemur.
2680 1863 2887 1919 lieriies
2925 1865 3067 1919 enim
3118 1866 3355 1936 pecuniae
3401 1874 3536 1919 sunt
3568 1866 3733 1920 unde-

2133 1969 2360 2025 cumque
2387 1970 2480 2010 eas
2508 1956 2869 2026 colligerimus
2899 1974 2912 2009 :
2943 1971 3079 2027 quos
3105 1958 3149 2012 si
3177 1957 3228 2011 in
3256 1969 3457 2027 egenos
3475 1973 3579 2012 eas
3607 1973 3733 2012 ero-

2131 2046 2472 2114 gaverimus,
2529 2046 2713 2100 multae
2759 2046 2913 2102 nobis
2951 2061 3083 2117 opes
3134 2062 3199 2102 ac
3226 2045 3509 2103 facultates
3568 2049 3738 2102 obve-

2135 2136 2304 2190 uient.
2333 2134 2563 2206 ideoque
2606 2137 2698 2192 tibi
2730 2138 2880 2207 plura
2929 2137 3208 2207 possidere
3249 2140 3522 2194 concessit
3571 2141 3737 2202 Deus,

2135 2242 2240 2280 non
2288 2235 2346 2281 ut
2380 2228 2432 2281 in
2477 2229 2857 2294 scortationes,
2887 2231 3249 2284 temulentiam
3273 2273 3288 2296 ,
3312 2231 3608 2301 ingluviem
3637 2274 3654 2295 ,
3687 2233 3738 2288 in

2133 2328 2310 2374 vestes
2346 2329 2684 2389 sumptuosas
2703 2363 2717 2385 ,
2746 2321 3012 2392 aliamque
3040 2321 3315 2378 mollitiem
3354 2337 3736 2388 consumeres,

2137 2409 2230 2464 sed
2281 2418 2339 2464 ut
2406 2425 2468 2464 ea
2512 2409 2859 2466 distribueres
2912 2412 3212 2482 egentibus.
3267 2412 3736 2480 Quemadmodum

2133 2502 2276 2556 enim
2327 2511 2544 2556 exactor
2570 2503 2830 2572 quispiam
2875 2503 2963 2572 qui
2994 2502 3166 2573 regias
3204 2504 3458 2572 pecunias
3500 2507 3736 2574 accepit,

2134 2593 2176 2646 si
2208 2592 2508 2662 neglexerit
2535 2593 2620 2660 iis,
2666 2594 2861 2664 quibus
2885 2593 3068 2664 jussus
3096 2605 3177 2650 est
3200 2637 3214 2662 ,
3245 2595 3582 2652 distribuere
3605 2639 3622 2661 ,
3657 2600 3737 2650 iu-

2133 2698 2237 2754 que
2294 2685 2539 2754 pr0prias
2590 2685 2983 2755 consumpserit
3031 2685 3288 2752 delicias,
3335 2688 3517 2756 poenis
3580 2698 3738 2758 atque

2132 2775 2300 2829 exitio
2349 2769 2576 2829 traditur
2605 2791 2620 2828 :
2651 2775 2724 2829 ita
2764 2791 2893 2829 sane
2916 2785 2971 2830 et
3007 2775 3156 2831 dives
3183 2787 3428 2846 receptor
3463 2779 3741 2847 quispiam

2135 2875 2217 2920 est
2247 2865 2592 2934 pecuniarum
2619 2907 2635 2933 ,
2661 2881 2779 2936 quae
2804 2867 3124 2936 pauperibus
3150 2867 3392 2922 distribui
3438 2869 3742 2927 debebant.

2137 2955 2319 3025 itaque
2363 2970 2482 3009 cum
2514 2957 2565 3010 in
2599 2957 2859 3011 mandatis
2884 2957 3110 3023 habeat,
3152 2973 3244 3012 eas
3271 2956 3606 3015 distribuere
3635 2964 3745 3016 Suis

2135 3047 2407 3102 conservis
2431 3047 2707 3116 egentibus
2725 3088 2740 3110 ,
2796 3049 2840 3101 si
2867 3047 2991 3118 quid
3017 3049 3246 3118 amplius
3266 3091 3280 3114 ,
3313 3065 3472 3120 quam
3504 3055 3746 3121 postulet

2137 3140 2427 3194 necessitas
2448 3180 2463 3205 ,
2500 3139 2550 3193 in
2581 3140 2817 3209 seipsnm
2845 3141 3186 3210 insumpserit
3210 3183 3224 3206 ,
3251 3144 3611 3212 gravissimas
3640 3147 3748 3201 illic

2135 3227 2355 3282 daturus
2382 3237 2466 3282 est
2491 3243 2696 3298 poenas.
2719 3229 2832 3284 Non
2859 3231 3002 3285 enim
3029 3241 3152 3286 sunt
3203 3231 3369 3302 ipsius
3396 3249 3524 3304 qua:
3571 3239 3747 3306 possi-

2135 3319 2229 3373 det
2253 3359 2267 3384 ,
2318 3319 2412 3374 sed
2441 3330 2819 3376 conservorum
2845 3321 3004 3375 illius.

2210 3411 2266 3466 5.
2286 3409 2489 3465 Divitias
2517 3421 2622 3464 tum
2647 3412 2846 3466 demum
2871 3423 3058 3468 nostrte
3081 3415 3208 3479 ﬁunt
3235 3430 3347 3468 cum
3373 3415 3582 3470 dantur
3610 3435 3745 3488 ptru-

2139 3501 2436 3570 peribus.—
2454 3501 2744 3558 Parcamus
2792 3504 2952 3574 igitur
2990 3505 3053 3558 iis
3084 3515 3352 3575 tamquam
3381 3508 3586 3564 alienis
3618 3553 3632 3575 ,
3693 3523 3747 3566 ut

2140 3591 2268 3646 {iant
2298 3603 2501 3648 nostra.
2543 3594 2823 3660 Quomodo
2868 3606 3043 3650 autem
3093 3597 3200 3652 illis
3241 3613 3536 3668 parcemus
3596 3615 3739 3657 tam-

2139 3697 2298 3752 quam
2337 3684 2559 3738 alienis?
2589 3684 2644 3739 Si
2676 3686 2792 3740 illas
2845 3701 2950 3741 non
2995 3689 3047 3741 in
3088 3704 3214 3742 usus
3251 3704 3630 3759 supervacuos
3661 3697 3743 3748 in-

2140 3776 2559 3846 sumpserimus,
2596 3791 2769 3847 neque
2806 3777 2942 3834 adeo
2972 3779 3023 3834 in
3055 3789 3268 3836 nostros
3303 3791 3511 3838 tantum
3559 3803 3692 3841 usus
3722 3830 3738 3852 ,

2137 3869 2230 3924 sed
2272 3881 2562 3938 pauperum
2592 3869 2834 3925 manibus
2864 3870 3331 3940 impartiverimus.
3361 3873 3599 3930 Etiamsi
3628 3880 3740 3932 fue-

2138 3961 2212 4014 ris
2241 3961 2553 4029 opulentus,
2589 3959 2681 4015 sed
2709 3960 2826 4030 plus
2866 3975 3024 4030 quam
3054 3977 3188 4031 opus
3234 3974 3316 4017 est
3349 3965 3735 4036 insumpseris,

2138 4052 2396 4106 rationem
2457 4051 2647 4106 reddes
2697 4051 3039 4121 pecuniarum
3089 4054 3180 4107 tibi
3220 4056 3578 4112 creditarum.
3627 4060 3739 4116 [ioc

2140 4141 2280 4196 idem
2339 4142 2396 4196 fit
2445 4142 2496 4195 in
2525 4143 2839 4212 optimatum
2868 4143 3090 4197 :edihus.
3132 4144 3277 4198 Multi
3306 4161 3434 4201 suas
3489 4148 3736 4218 ipsorum

2137 4233 2426 4303 apothecas
2441 4231 2652 4288 famulis
2674 4235 2783 4288 suis
2799 4235 3198 4300 commiserunt,
3222 4252 3405 4290 verum
3435 4239 3511 4294 iiii
3541 4243 3737 4311 quibus

2136 4325 2439 4380 commissae
2497 4335 2652 4392 sunt,
2702 4335 2917 4381 servant
2984 4343 3102 4396 qua:
3150 4329 3339 4384 tradita
3386 4344 3557 4400 sunt,
3637 4354 3736 4392 nec

2137 4417 2426 4471 abutuntur
2469 4417 2769 4472 commissis
2797 4436 2811 4471 :
2835 4434 3020 4473 verum
3064 4421 3256 4490 quibus
3289 4431 3341 4476 et
3372 4424 3464 4478 ubi
3506 4427 3736 4494 jusserit

2137 4508 2414 4572 dominus,
2461 4507 2808 4562 distribuunt.
2837 4508 2951 4566 Hoc
2976 4521 3028 4564 ttt
3057 4527 3265 4581 quoque
3296 4514 3478 4571 facito.
3516 4519 3732 4575 Etenim

2136 4598 2386 4667 accepisti
2431 4599 2585 4668 plura
2615 4601 2824 4654 cmteris
2845 4642 2860 4664 ,
2909 4615 3012 4654 non
3049 4610 3106 4654 ttt
3145 4617 3207 4655 ea
3238 4604 3384 4658 solus
3410 4622 3733 4676 consumas,

2136 4691 2228 4745 sed
2261 4702 2316 4744 ttt
2363 4705 2548 4745 eorum
2592 4692 2799 4747 catteris
2840 4693 3010 4747 bonus
3057 4695 3149 4748 tias
3176 4695 3545 4760 dispensator.

2205 4783 2430 4838 Lazarus
2459 4801 2612 4853 quare
2656 4785 2706 4838 in
2742 4787 2855 4838 sinu
2899 4786 3131 4840 Abt-alue.
3161 4817 3233 4827 -—-
3255 4789 3447 4858 Opera:
3493 4803 3734 4860 puellum

2134 4887 2309 4931 autem
2343 4878 2496 4934 fuerit
2530 4886 2585 4932 et
2622 4877 2750 4931 illud
2781 4878 3145 4944 considerare,
3177 4895 3333 4950 quam
3379 4883 3629 4940 tamdem
3667 4891 3737 4944 ob

2134 4985 2346 5024 causam
2373 4983 2476 5022 non
2508 4967 2645 5039 apud
2670 4969 2828 5022 alium
2856 4968 3054 5037 justum
3086 4969 3360 5034 Lazarum,
3393 4973 3489 5027 sed
3526 4975 3583 5030 in
3614 4977 3735 5032 sinu

2134 5061 2325 5116 viderit
2367 5059 2612 5113 Abrahte.
2646 5058 2933 5127 Iinspitalis
2961 5071 3074 5113 erat
3108 5059 3415 5124 Abraham;
3456 5073 3524 5117 ut
3575 5066 3737 5134 igitur

2134 5153 2479 5220 redargttatttr
2502 5149 2677 5204 divitis
2705 5149 3121 5220 inhospitalitas,
3153 5160 3431 5220 propterea
3460 5149 3731 5210 Lazarum

2133 5259 2253 5297 cum
2283 5241 2371 5295 illo
2395 5240 2559 5296 videt.
2598 5240 2688 5294 ille
2726 5239 2884 5293 etiam
2918 5248 3296 5308 praetereuntes
3325 5243 3648 5311 venabatur,
3677 5259 3734 5300 et

2134 5331 2185 5385 in
2224 5331 2437 5384 domum
2489 5328 2827 5400 pertrahebat
2868 5345 3016 5384 suam
3051 5349 3064 5383 :
3098 5331 3182 5385 hic
3224 5347 3350 5387 vero
3378 5334 3547 5389 etiam
3594 5339 3729 5391 intra

2131 5420 2345 5474 domum
2372 5419 2638 5490 jaceutem
2665 5418 2936 5488 despexit,
2966 5435 3192 5490 cumque
3221 5421 3378 5477 talem
3407 5424 3730 5481 thesaurum

2134 5510 2370 5575 haberet,
2393 5518 2446 5564 et
2467 5511 2649 5565 salutis
2671 5510 2917 5578 paranda:
2945 5512 3239 5578 materiam,
3268 5516 3586 5582 prieteribat
3611 5535 3732 5587 quo-

2133 5601 2258 5655 tidie
2277 5643 2292 5666 ,
2325 5615 2422 5654 nec
2449 5600 2500 5654 in
2532 5599 2671 5668 quod
2699 5601 2977 5668 Oportebat
3003 5617 3128 5655 usus
3155 5613 3236 5657 est
3266 5608 3517 5673 pauperis
3552 5621 3730 5675 ρεηιιο.

2135 5692 2292 5747 cinio.
2336 5691 2404 5745 At
2444 5703 2550 5745 non
2585 5690 2652 5744 ita
2694 5690 2987 5759 patriarcha
3010 5731 3025 5758 ,
3055 5693 3145 5749 sed
3175 5697 3349 5748 omnia
3369 5659 3595 5752 contrar.
3631 5691 3734 5745 i‘to
3827 5659 3834 5682 4

3821 2169 3834 2296 t‘
