3862 6228
211 316 314 373 987

215 429 358 498 ζωῆς
383 423 592 495 ἐξῆλθε,
621 422 713 476 καὶ
734 420 794 474 τὸ
819 420 1158 492 προσωπεῖον
1189 413 1442 498 ἀπέθετο,
1471 408 1626 498 ὤφθη
1650 407 1782 498 πάνς

213 489 328 565 των,
356 489 475 562 ἐκεί
497 507 818 576 πενέστερος
847 489 945 568 ῶν,
987 503 1082 555 καὶ
1132 499 1276 553 οὕτω
1320 495 1507 564 πένης,
1544 491 1620 554 ὡς
1651 489 1784 560 μηδὲ

217 591 472 661 σταγόνος
499 589 688 651 ὓδατος
712 583 848 640 εἶναι
869 585 1076 656 κύριος,
1101 580 1214 637 ἀλλ’
1240 581 1378 650 ὑπὲρ
1399 576 1600 661 ταύτης
1619 589 1788 661 προσ-τ

217 652 408 734 αιτείν,
439 672 534 725 καὶ
583 669 704 742 μηδ’
730 669 898 738 αὐτῆς
943 652 1224 735 ’ἐπιτυχεῖν
1270 662 1367 730 τῆς
1411 659 1695 742 αἰτήσεως.
1723 652 1787 704 Τί

217 756 420 824 ταύτης
447 753 546 822 τῆς
576 738 764 814 πενίας
796 751 1117 820 πενέστερον
1144 746 1339 815 γένοιτ’
1365 742 1462 807 ἄν;
1492 739 1609 824 ΚαὶΔ
1625 738 1788 824 ἄκουε

218 819 611 907 πῶς’-ἐπάρας
644 835 752 905 γὰρ
785 835 909 895 τοὺς
935 819 1246 902 ὀφθαλμοὺς
1279 825 1464 890 αὐτοῦ,
1490 819 1789 907 φησὶ-πρὸς

218 925 308 976 τὸν
319 901 582 990 -Ἃϐραάμ
597 937 609 950 ·
631 901 840 985 Πάτερ,
855 901 1230 983 ἐλεήσόννμε,
1254 911 1352 965 καὶ
1381 909 1622 977 πέμψον
1639 901 1788 990 [752]

221 988 505 1071 Λάζαρον,
544 988 644 1056 ἵνα
681 1000 857 1069 ,βάψῃ
899 999 966 1052 τὸ
1005 998 1191 1066 ἄκρον
1217 995 1321 1050 τοῦ
1357 992 1658 1046 δακτύλου
1687 988 1794 1044 αὑ·-

220 1087 328 1142 τοῦ
361 1087 598 1151 ὕδατος,
633 1084 731 1139 καί
771 1080 1068 1149 ἐπιστάξῃ
1097 1079 1174 1144 τῷ
1204 1076 1455 1146 στόματί
1473 1071 1792 1143 μου.”ορᾷς

223 1171 388 1223 πόσον
413 1169 557 1222 ἐστὶν
609 1168 642 1236 ή
687 1164 895 1233 θλῖψιςς
925 1163 1161 1233 Πλησίον
1185 1161 1314 1214 δντα
1344 1158 1672 1226 παρέτρεχε,
1699 1153 1794 1236 καί

224 1254 414 1324 πόρρω
443 1267 505 1319 γε
535 1234 661 1302 δντα
682 1248 834 1302 καλεί
852 1247 946 1299 νῦν
966 1263 981 1278 ο
1021 1245 1080 1298 δν
1121 1243 1380 1304 πολλάκις
1399 1238 1582 1292 εἰσιών
1603 1254 1677 1324 τε⁸
1699 1234 1795 1324 καὶ

224 1318 382 1401 ὲξίών
401 1318 498 1403 οὐχ
524 1332 690 1403 ἐώρα,
712 1329 896 1384 τοῦτον
931 1327 1200 1398 μακρόθεν
1228 1325 1356 1379 ὄντα
1381 1323 1497 1393 μετ’
1515 1318 1795 1403 ἀκριϐείας

229 1416 431 1486 βλέπει.
461 1402 615 1477 Τίνος
653 1413 709 1466 δὲ
747 1411 932 1465 ’ἐνεκεν
966 1407 1129 1462 αὐτὸν
1172 1408 1309 1478 όρᾷ;
1355 1403 1620 1486 Πολλάκις
1667 1402 1796 1486 ἴσως

225 1483 380 1554 εἶπεν
409 1499 436 1553 6
468 1497 718 1558 πλούσιος
751 1487 904 1556 οὗτος
923 1512 934 1522 ·
957 1491 1011 1545 τί
1043 1509 1131 1562 μοι
1158 1486 1439 1550 εὐλαϐείας
1473 1483 1566 1539 καὶ
1595 1483 1797 1555 ἀρετῆς

227 1582 415 1652 χρείας
443 1580 618 1633 πάντα
648 1595 737 1648 μοι
763 1575 1014 1644 καθάπερ
1039 1576 1102 1626 ἐκ
1127 1572 1316 1642 πηγῶν
1339 1570 1572 1652 ἐπιρρεῖ.
1597 1563 1796 1652 πολλῇς

229 1647 484 1718 ἀπολαύω
513 1663 612 1731 τῆς
641 1647 922 1728 ἀφθονίας,
950 1656 1150 1726 πολλῆς
1179 1655 1278 1724 τῆς
1297 1650 1613 1722 εὐημερίας,
1645 1647 1796 1731 οὐδὲν

230 1745 484 1814 ὑπομένω
503 1729 609 1796 τῶν
637 1742 913 1811 ἀδοκήτων
932 1755 948 1770 '
975 1738 1118 1801 τίνος
1132 1739 1294 1790 ’ἑνεκα
1317 1735 1648 1804 μετέρχομαι
1669 1729 1797 1814 ἀρε-

229 1830 328 1898 τήν
341 1809 364 1892 ⁷;
397 1822 560 1887 Οὗτος
589 1828 616 1877 6
647 1809 813 1894 πένης
846 1825 902 1874 έν
930 1819 1242 1888 δικαιοσύνῃ
1271 1818 1364 1869 καὶ
1396 1812 1645 1881 εὐσεϐείᾳ
1669 1809 1796 1873 ζῶν,

237 1893 406 1980 μυρία
433 1909 628 1977 πάσχει
648 1893 814 1960 δεινά.
846 1903 1031 1958 Ταῦτα
1053 1903 1116 1971 δὴ
1147 1900 1333 1953 πολλοὶ
1353 1899 1447 1950 καὶ
1476 1896 1569 1948 νῦν
1603 1893 1800 1980 πολλάῖ

232 1975 326 2055 κις
343 1975 604 2059 λέγουσιν,
631 1989 726 2041 θίν’
761 1984 854 2040 οὖν
881 1983 1153 2058 πρόρριζα
1183 1981 1352 2034 ταῦτα
1383 1975 1701 2045 ἀνασπασθῇ
1733 1975 1802 2059 τά

234 2074 380 2126 κακά
401 2057 664 2142 δόγματα,
685 2057 958 2124 δείκνυσιν
986 2065 1154 2136 αὐτῷ,
1189 2066 1269 2118 ὅτι
1299 2064 1392 2116 καὶ¹
1411 2065 1479 2131 τῇ
1509 2060 1676 2142 κακία
1714 2057 1803 2142 7:6-

234 2157 387 2219 λασις
415 2139 610 2214 κεῖται.
642 2153 737 2206 καὶ
771 2151 903 2222 τιμὴ
933 2152 1025 2204 καὶ
1075 2148 1334 2216 στέφανος
1363 2146 1475 2206 τοῖς
1512 2140 1651 2210 ὑπὲρ
1670 2139 1803 2222 ιτῆς

235 2217 516 2300 εὐσεϐείας
541 2236 744 2298 πόνοις.
780 2217 855 2288 Οὐ
883 2217 971 2286 διά
997 2232 1154 2287 τοῦτο
1170 2230 1228 2284 δὲ
1268 2227 1428 2299 μόνον
1449 2223 1610 2278 αὐτὸν
1642 2217 1801 2285 εἶδεν,

234 2320 348 2375 ἀλλ’
381 2321 488 2380 ἵνα,
520 2319 658 2388 ὅπερ
681 2316 878 2370 ἔπαθεν
910 2318 938 2369 6
966 2314 1154 2383 πένης,
1175 2310 1334 2365 τοῦτο
1361 2308 1454 2361 καὶ
1488 2309 1518 2360 6
1554 2303 1806 2388 πλούσιος

236 2402 385 2474 πάθῃ
414 2401 508 2455 νῦν
543 2386 678 2471 μετά
731 2398 976 2470 μείζονος
1021 2397 1119 2466 τῆς
1164 2391 1490 2474 ὑπερϐολῆς.
1545 2386 1826 2474 Καθάπερ-

235 2469 559 2554 γάρέκείνῴ
587 2469 972 2552 χαλεπωτέραν
1005 2480 1235 2532 ἐποιεῖτο
1259 2477 1359 2545 τήν
1398 2473 1625 2554 βάσανον
1663 2469 1807 2554 έν

347 2550 550 2620 πυλῶνι
580 2550 672 2617 τοῦ
698 2550 954 2615 πλουσίου
985 2559 1218 2622 κεῖσθαι,
1271 2556 1364 2610 καὶ
1392 2556 1524 2638 ὁρᾷν
1560 2550 1809 2638 τάλάλλό-

236 2633 368 2722 τρια
401 2647 598 2715 ἀγαθὰ,
623 2643 765 2698 οὐτω
789 2644 852 2715 δή
883 2644 974 2698 καὶ
1007 2642 1177 2710 τούτῳ
1214 2637 1600 2711 χαλεπωτέραν
1636 2633 1810 2686 ἐποίει

236 2717 337 2802 τήν
358 2730 627 2801 τιμωρίαν
660 2728 755 2780 νῦν
780 2727 840 2779 τὸ
869 2729 924 2779 έν
962 2729 1025 2796 τῇ
1055 2725 1248 2795 γεέννῃ
1287 2721 1522 2781 κεῖσθαι,
1552 2719 1646 2802 καί
1679 2717 1811 2802 ὁρᾷν

239 2800 341 2884 τήν
371 2800 464 2865 τοῦ
498 2810 752 2882 Λαζάρου
781 2809 1012 2878 τρυφὴν,
1055 2809 1143 2860 ἵνα
1185 2809 1259 2877 μὴ
1289 2809 1353 2885 τῇ
1390 2805 1549 2873 φύσει
1570 2801 1678 2885 τῶν
1720 2800 1813 2871 βα-

243 2897 419 2948 σάνων
447 2894 625 2964 μόνον,
653 2892 789 2946 ἀλλά
829 2893 923 2944 καὶ
948 2893 1014 2962 τῇ
1042 2884 1337 2960 παραθέσει
1363 2889 1459 2956 τῆς
1497 2884 1706 2938 ἐκείνου
1731 2899 1815 2934 τι-

243 2976 354 3046 μῆς
380 2974 783 3046 ἀφορητοτέραν
809 2973 906 3043 ἔχῃ
929 2973 1026 3042 τὴν
1050 2973 1289 3024 κόλασιν.
1323 2971 1431 3023 Καὶ
1453 2967 1703 3037 καθάπερ
1724 2966 1814 3018 τὸν

254 3059 428 3128 Ἀδάμ
465 3057 740 3111 ἐκϐάλλων
775 3068 800 3096 ει
831 3055 924 3109 τοῦ
958 3054 1308 3125 παραδείσου,
1352 3049 1682 3118 καταντικρύ
1721 3047 1814 3100 τοῦ

243 3141 576 3211 παραδείσου
603 3138 906 3209 κατῴκισεν
954 3140 982 3190 ό
1010 3135 1163 3198 Θεὸς,
1198 3135 1286 3188 ἵνα
1329 3136 1363 3203 ἡ
1421 3130 1646 3201 συνεχὴς
1694 3130 1812 3198 ὄψις

244 3224 541 3278 ἀνανεοῦσα
592 3223 653 3275 τὸ
687 3221 881 3283 πάθος,
926 3217 1319 3290 ἀκριϐεστέραν
1372 3215 1520 3282 αὐτῷ
1558 3216 1817 3286 παράσχῃ

243 3309 348 3378 τῆς
376 3307 700 3369 ἐκπτώσεως
731 3305 839 3357 τῶν
876 3303 1093 3371 ἀγαθῶν
1125 3302 1221 3371 τὴν
1255 3300 1535 3370 αἴσθησιν·
1580 3298 1724 3351 οὓτω
1753 3298 1817 3368 δή

248 3391 345 3442 καὶ
391 3390 576 3442 τοῦτον
620 3387 908 3440 κατέναντι
954 3385 1048 3437 τοῦ
1081 3383 1330 3452 Λαζάρου
1372 3380 1698 3449 κατῴκισεν,
1732 3380 1819 3432 ἵνα

251 3473 337 3542 ἴδῃ
367 3471 525 3524 τίνων
555 3469 744 3523 ἑαυτὸν
763 3467 1156 3538 ἀπεστέρησεν.
1193 3464 1458 3534 Ἔπεμψά
1489 3480 1591 3529 σοι,
1631 3463 1816 3532 φησιν,

224 3557 330 3616 -είς
352 3554 439 3605 τὸν
475 3552 694 3604 πυλῶνα
715 3551 804 3604 τὸν
831 3551 1036 3618 πένητα
1060 3548 1328 3618 Λάζαρον,
1364 3547 1452 3599 ἵνα
1488 3563 1570 3598 σοι
1600 3545 1819 3614 γένηται

247 3636 568 3698 διδάσκαλος
598 3635 821 3705 ἀρετῆς,
845 3633 938 3686 καὶ
960 3630 1365 3701 φιλανθρωπίας
1381 3625 1656 3692 ὑπόθεσις
1678 3646 1820 3700 παρ-

252 3719 393 3780 εῖδες
439 3719 498 3769 τὸ
548 3717 738 3788 κέρδος
761 3757 775 3782 ,
822 3717 923 3768 οὐκ
948 3714 1221 3784 ἠθέλησας
1260 3714 1339 3774 είς
1367 3713 1483 3765 δέον
1517 3711 1821 3782 χρήσασθαι

253 3803 320 3872 τῇ
367 3801 465 3870 τῆς
514 3801 787 3872 σωτηρίας
838 3801 1058 3870 ἀφορμῇ
1083 3816 1096 3827 ·
1133 3799 1313 3869 χρήσῃ
1340 3796 1525 3850 λοιπὸν
1563 3794 1710 3864 αὐτῴ
1743 3798 1822 3858 είς

257 3882 479 3950 μείζονα
504 3881 776 3945 κολάσεως
801 3883 896 3934 καὶ
922 3881 1192 3951 τιμωρίας
1223 3879 1496 3934 ὑπόθεσιν.
1543 3877 1675 3931 Ἀπὸ
1701 3877 1822 3930 τού-

253 3983 363 4019 των
395 3966 754 4036 μανθάνομεν,
780 3966 862 4017 ὅτι
885 3964 1082 4026 πάντες
1108 3965 1154 4016 οί
1183 3963 1311 4033 παρ’
1339 3961 1493 4032 ήμῶν
1523 3959 1822 4030 ἐπηρεαζό-

259 4065 410 4118 μενοι
446 4049 538 4101 καὶ
586 4047 966 4117 ἀδικούμενοι,
1010 4046 1148 4099 κατὰ
1182 4044 1471 4116 πρόσωπον
1509 4044 1665 4114 ήμῶν
1697 4046 1824 4115 στή-

257 4146 441 4184 σονται
491 4130 630 4184 τότε.
677 4129 866 4182 Καίτοι
901 4122 1056 4190 οὗτος
1099 4127 1252 4180 οὐδὲν
1281 4126 1502 4196 ἠδίκητο
1532 4124 1684 4196 παρὰ
1729 4125 1822 4178 τοῦ

259 4212 511 4265 πλουσίου
529 4227 541 4240 ⁸
567 4213 625 4264 οὐ
651 4212 758 4282 γὰρ
785 4215 854 4265 τά
879 4212 1087 4263 ἐκείνου
1115 4209 1272 4262 ἔλαϐε
1307 4214 1562 4278 χρήματα
1594 4211 1622 4261 6
1661 4207 1824 4260 πλού-

260 4311 396 4359 σιος,
418 4294 550 4347 ἀλλὰ
567 4294 674 4346 τῶν
690 4293 886 4347 ἑαυτοῦ
912 4293 973 4345 οὐ
1000 4292 1320 4362 μετέδωκεν.
1337 4292 1400 4343 Et
1427 4291 1482 4344 δὲ
1503 4291 1610 4343 τῶν
1631 4289 1822 4342 ἑαυτοῦ

264 4378 341 4448 μὴ
369 4376 700 4447 μεταδιδοὺς,
735 4377 1032 4446 κατήγορον
1055 4375 1168 4443 ἔχει
1209 4374 1300 4426 τὸν
1329 4375 1428 4426 οὐκ
1461 4373 1767 4444 ὲλεηθέντα,
1797 4375 1825 4426 6

262 4461 357 4513 καὶ
381 4459 447 4512 τά
463 4459 714 4529 ἀλλότρια
742 4459 1015 4528 ἀρπάσας,
1038 4458 1192 4519 ποίας
1208 4454 1451 4520 τεύξεται
1473 4454 1821 4526 συγγνώμης,

262 4541 593 4610 πανταχόθεν
626 4541 788 4594 αὐτὸν
823 4541 851 4579 δ
886 4538 1263 4609 περιεστώτων
1296 4538 1402 4590 τῶν
1454 4538 1824 4608 ήδικημένωη

261 4625 339 4676 Οὐ
364 4625 470 4696 γὰρ
497 4623 784 4694 μαρτύρων
811 4625 929 4674 έκεί
961 4621 1140 4691 χρεία,
1173 4621 1294 4674 οὐδὲ
1326 4622 1664 4692 κατηγόρων,
1704 4622 1826 4674 οὐδὲ

261 4707 610 4772 ἀποδείξεων,
636 4707 758 4760 οὐδὲ
803 4706 1142 4776 τεκμηρίωνο
1179 4703 1295 4756 ἀλλ’
1321 4705 1460 4757 αὐτά
1507 4703 1625 4756 καθ’
1660 4705 1828 4757 έαυτά

261 4791 334 4842 τά
385 4791 682 4860 πράγματα
707 4828 722 4852 ,
777 4783 973 4858 οἷάπερ
1002 4787 1142 4839 αὐτά
1187 4786 1691 4856 κατεσκευάσαμεν,
1724 4787 1830 4856 πρὸ

262 4871 374 4925 τῶν
399 4871 690 4942 ὀφθαλμῶν
722 4873 969 4940 φαίνεται
1005 4870 1112 4922 τῶν
1139 4871 1442 4941 ἡμετέρων.

349 4955 477 5008 Ἰδοὺ
503 4955 611 5026 γάρ
633 4996 646 5020 ,
679 4957 862 5024 φησὶν,
903 4954 1206 5025 ἄνθρωπος,
1234 4953 1328 5007 καὶ
1363 4954 1430 5007 τά
1469 4954 1604 5026 ἔργα
1633 4953 1828 5007 αὐτοῦ·

265 5036 497 5107 καὶγὰρ
529 5037 622 5090 καί
666 5038 824 5090 τοῦτο
872 5037 1094 5108 ἁρπαγὴ
1143 5037 1204 5088 τὸ
1239 5035 1312 5106 μὴ
1367 5037 1685 5106 μεταδοῦναι
1723 5037 1831 5090 τῶν

262 5119 454 5172 ὅντων.
485 5118 594 5172 Καὶ
624 5120 762 5189 τάχα
793 5120 920 5189 ὑμῖν
943 5119 1251 5188 θαυμαστὸν
1269 5115 1404 5171 εἶναι
1434 5119 1580 5172 δοκεῖ
1602 5119 1662 5171 τὸ
1686 5119 1834 5187 λεγό-

266 5217 452 5272 μενον,
502 5201 638 5255 ἀλλά
687 5203 763 5272 μὴ
803 5202 1157 5272 θαυμάσητε·
1205 5200 1510 5271 μαρτυρίαν
1563 5199 1672 5271 γὰρ
1705 5203 1834 5271 ὐμίν

264 5283 374 5337 ἀπὸ
397 5283 502 5335 τῶν
525 5283 681 5336 θείων
699 5284 1001 5354 παρέξομαι
1021 5283 1249 5354 Γραφῶν
1276 5283 1556 5351 λέγουσαν,
1578 5284 1660 5336 ὅτι
1685 5286 1745 5338 οὐ
1774 5285 1835 5336 τὸ

263 5367 331 5418 τὰ
351 5365 604 5436 ἀλλότρια
632 5367 900 5436 ἁρπάζειν
937 5367 1117 5436 μόνον,
1143 5365 1280 5418 άλλά
1303 5367 1394 5418 καίΙ
1424 5367 1484 5418 τὸ
1501 5365 1609 5419 τῶν
1638 5365 1832 5419 ἑαυτοῦ

329 5587 357 5649 ἒ
377 5588 575 5649 Aliquot
593 5602 709 5638 mss.
731 5590 956 5636 ἐκϐαλών.

330 5647 356 5688 δ
384 5647 582 5713 unum
601 5663 716 5698 mss.
743 5653 885 5712 αὐτῷ.

1404 287 1494 344 BE
1529 285 1805 344 LAZARO
1836 285 2088 348 CONCIO
2122 290 2192 349 ll.

3343 281 3447 337 988

1891 406 1964 476 μὴ
1986 402 2322 476 μεταδιδόναι
2348 400 2575 472 ἑτέροις,
2602 399 2694 452 καὶ
2718 392 3122 476 τοῦτοᾷᾼάρπαγή
3151 393 3244 476 καὶ
3265 392 3453 476 πλεον-

1887 474 2004 551 εξία
2051 487 2145 539 καὶ
2169 481 2533 552 ἀποστέρησίς
2552 484 2694 534 ἐστι.
2731 479 2827 542 Τίς
2844 474 2935 530 οὖν
2953 480 3100 529 ἐστιν
3123 475 3259 546 αὐτη
3280 492 3294 540 ;
3327 475 3452 538 Τοῖς

1899 569 2175 632 Ἰουδαίοις
2201 566 2445 636 ἐγκαλῶν
2466 567 2494 617 6
2524 563 2658 625 Θεὸς
2688 562 2774 614 διὰ
2803 561 2896 614 τοῦ
2921 561 3219 630 προφήτου,
3254 557 3416 628 φησίν
3438 574 3452 588 ο

1901 651 2254 721 Ἐξήνεγκεν
2288 648 2322 709 ’ἡ
2343 647 2418 717 γῆ
2448 648 2518 701 τὰ
2547 646 2794 714 ἐκφόρια
2824 641 3034 710 αὐτῆς,
3065 641 3162 695 καί
3191 643 3300 694 οὐκ
3342 643 3458 693 εἰσ-

1887 733 2180 801 ηνέγκατε
2200 731 2270 783 τὰ
2289 728 2607 790 επιδέκατα
2625 745 2640 761 ·
2677 729 2814 781 ἀλλ’
2837 728 2875 793 ἡ
2906 723 3143 794 ἁρπαγὴ
3172 723 3278 776 τοῦ
3307 721 3456 795 [755]

1889 815 2128 885 πτωχοῦ
2153 815 2222 867 ἐν
2245 813 2370 876 τοῖς
2389 814 2576 878 οἴκοις
2611 810 2799 880 ὑμῶν.
2846 808 3063 880 Ἐπειδὴ
3087 809 3187 870 τὰς
3221 823 3460 878 προσφο-

1892 899 2013 971 ράς,
2045 898 2199 968 φησὶ,
2224 896 2323 959 τάς
2350 895 2603 958 εἰωθυίας
2622 896 2722 948 οὐκ
2758 893 3018 956 ἐδώκατε,
3066 893 3352 962 ήρπάσατε
3390 891 3461 943 τά

1889 981 1984 1034 τοῦ
2015 982 2265 1052 πένητος.
2299 978 2471 1032 Τοῦτο
2497 977 2554 1030 δὲ
2586 978 2755 1046 λέγει,
2780 977 2994 1038 δεικνὺς
3019 978 3131 1038 τοῖς
3164 975 3459 1040 πλουσίοις,

1891 1063 1972 1117 ὅτι
1995 1061 2063 1116 τά
2090 1062 2200 1115 τῶν
2245 1061 2492 1129 πενήτων
2518 1057 2722 1130 έχουσι,
2752 1058 2856 1112 κᾶν
2886 1056 3138 1128 πατρῷον
3177 1056 3460 1120 διαδέξων-

1891 1163 1982 1198 ται
2015 1145 2237 1216 κλῆρον,
2263 1144 2367 1198 κᾶν
2391 1143 2713 1212 ὁθενδήποτε
2756 1140 3046 1204 συλλέξωσι
3083 1139 3150 1192 τά
3183 1141 3460 1210 χρήματα.

1893 1228 2002 1281 Καὶ
2029 1227 2191 1281 πάλιν
2240 1224 2476 1294 ἀλλαχοῦ
2508 1223 2687 1293 λέγει·
2724 1223 2820 1291 Μὴ
2873 1223 3300 1289 ἀποστερήσῃς
3350 1220 3466 1288 τὴν

1895 1311 2046 1378 ζωὴν
2068 1308 2173 1364 τοῦ
2202 1309 2442 1378 πτωχοῦ
2467 1325 2482 1339 ο
2537 1311 2564 1360 ό
2591 1307 2647 1360 δὲ
2701 1305 3050 1378 ἀποστερῶν,
3096 1306 3164 1358 τὰ
3209 1306 3467 1376 ἀλλότρια

1893 1392 2218 1463 ἀποστερεῖ·
2255 1391 2619 1461 ἀποστέρησις
2650 1389 2758 1460 γὰρ
2784 1389 2998 1457 λέγεται
3022 1431 3035 1448 ,
3066 1390 3192 1442 ὅταν
3215 1389 3283 1440 τὰ
3309 1389 3465 1442 ἀλλό-

1894 1492 2020 1546 τρια
2050 1473 2303 1536 λαϐόντες
2323 1473 2661 1544 κατέχωμεν.
2688 1473 2794 1524 Καὶ
2823 1469 2910 1524 διὰ
2925 1468 3114 1524 τούτου
3143 1471 3322 1524 τοίνυν
3343 1475 3468 1524 παι-

1895 1557 2181 1628 δευόμεθα,
2213 1557 2294 1610 δτι
2322 1557 2450 1610 ὃταν
2473 1555 2841 1627 ἐλεημοσύνην
2875 1559 2947 1626 μη
2984 1556 3372 1627 παράσχωμεν,
3409 1557 3468 1607 έν

1900 1639 1999 1711 ἴσῳ
2033 1643 2144 1703 τοῖς
2171 1637 2529 1710 ἀποστεροῦσι
2563 1638 2903 1708 κολασόμεθα
2936 1649 2982 1690 ο.
3027 1639 3328 1692 Δεσποτικά
3360 1639 3469 1709 γάρ

1898 1724 2014 1776 ἐστι
2037 1723 2106 1776 τὰ
2127 1723 2407 1793 χρήματα,
2431 1721 2552 1774 ὅθεν
2579 1720 2645 1774 ἂν
2666 1721 2806 1775 αὐτά
2832 1721 3172 1790 συλλέξωμεν
3188 1737 3202 1751 ·
3235 1721 3335 1774 κάν
3357 1726 3469 1784 τοῖς

1897 1808 2170 1877 δεομένοις
2219 1806 2359 1859 αὐτά
2408 1805 2750 1876 παρέξωμεν,
2821 1805 3020 1871 πολλῆς
3076 1803 3471 1875 ἐπιτευξόμεθα

1899 1890 1999 1958 τῆς
2025 1887 2300 1957 ἀφθονίας.
2328 1888 2437 1941 Καὶ
2474 1887 2562 1941 διὰ
2588 1887 2748 1941 τοῦτό
2799 1905 2881 1940 σοι
2920 1887 3142 1941 πλείονα
3176 1889 3319 1958 ἔχειν
3348 1905 3473 1940 συν-

1901 1971 2178 2042 εχώρησεν
2204 1973 2232 2024 6
2272 1971 2425 2034 Θεὸς,
2480 1971 2578 2040 οὐχ
2611 1969 2697 2023 ἵνα
2734 1973 2814 2034 είς
2845 1970 3117 2041 πορνείαν,
3153 1972 3248 2023 καὶ
3280 1969 3466 2039 μέθην,

1903 2055 1996 2108 καὶ
2021 2055 2347 2124 ἀδηφαγίαν,
2381 2053 2476 2106 καὶ
2495 2053 2722 2124 ἱματίων
2751 2049 3118 2119 πολυτέλειαν,
3152 2053 3246 2106 καὶ
3271 2052 3364 2123 τὴν
3386 2052 3475 2106 άλ-

1901 2137 1998 2208 λην
2030 2137 2284 2207 βλακείαν
2302 2136 2610 2208 ἀναλώσῃς,
2640 2136 2754 2189 ἀλλ’
2786 2135 2871 2189 ἵνα
2896 2138 3010 2199 τοῖς
3040 2135 3314 2206 δεομένοις
3335 2133 3474 2188 αὐτά

1902 2222 2200 2294 διανείμῃς.
2266 2220 2534 2291 Καθάπερ
2567 2219 2674 2290 γάρ
2730 2220 3032 2291 ύποδέκτης
3085 2237 3169 2285 τις
3220 2220 3475 2291 βασιλικά

1903 2304 2193 2374 δεξάμενος
2223 2306 2499 2374 χρήματα,
2530 2303 2595 2356 ἂν
2629 2305 2787 2371 ἀφεὶς
2831 2298 2909 2366 οίς
2937 2303 3002 2356 ἂν
3039 2303 3324 2375 κελεύηται
3363 2305 3477 2357 δια-

1905 2389 2123 2456 νεῖμαι,
2170 2387 2249 2449 είς
2296 2386 2501 2438 οἰκείαν
2539 2384 2895 2458 καταναλώσῃ
2936 2385 3212 2455 βλακείαν,
3248 2385 3476 2450 εὐθύνας

1905 2469 2088 2522 δίδωσι
2117 2470 2212 2522 καὶ
2247 2469 2686 2540 προσαπόλλυται
2703 2487 2717 2502 ’
2742 2468 2884 2523 οὕτω
2910 2470 2974 2542 δὴ
3000 2471 3091 2523 καὶ
3133 2472 3162 2524 6
3187 2471 3436 2536 πλούσιος
3455 2513 3472 2537 ,

1909 2550 2208 2620 ὐποδέκτης
2259 2553 2344 2614 τίς
2392 2554 2507 2605 ἐστι
2535 2551 2645 2606 τῶν
2674 2556 2780 2616 τοῖς
2837 2553 3063 2623 πένησιν
3113 2554 3478 2625 ὀφειλομένων

1908 2634 2206 2707 χρημάτων
2228 2634 2638 2705 διανεμηθῆναι,
2672 2636 2985 2706 ἐπιταχθεὶς
3014 2636 3155 2689 αὐτά
3203 2637 3476 2707 διανέμειν

1909 2718 2017 2771 τῶν
2032 2715 2222 2770 ἑαυτοῦ
2247 2717 2545 2771 συνδούλων
2571 2720 2684 2780 τοῖς
2713 2717 3051 2788 πενομένοις.
3091 2721 3185 2772 Ἂν
3201 2716 3294 2773 οὖν
3320 2720 3479 2773 πλέον

1911 2818 1962 2854 τι
1998 2800 2100 2871 τῆς
2133 2799 2323 2870 χρείας
2379 2801 2459 2864 είς
2509 2801 2698 2854 ἑαυτὸν
2729 2800 2980 2872 ἀναλώσῃ
3025 2803 3125 2871 τῆς
3157 2804 3479 2872 ἀναγκαίας,

1912 2883 2299 2954 χαλεπωτάτας
2327 2885 2442 2934 ἐκεῖ
2477 2883 2638 2935 δώσει
2667 2883 2765 2946 τὰς
2790 2883 3040 2948 εὐθύνας.
3084 2885 3158 2937 Οὐ
3197 2884 3305 2957 γάρ
3333 2889 3483 2939 ἐστιν

1913 2965 2078 3019 αὐτοῦ
2104 2965 2171 3018 τὰ
2194 2963 2355 3018 αὐτοῦ
2383 3003 2397 3028 ,
2431 2964 2569 3018 ἀλλά
2595 2964 2705 3018 τῶν
2739 2965 3033 3019 συνδούλων
3062 2967 3168 3021 τῶν
3195 2969 3407 3022 ἑαυτοῦ.

1985 3077 2047 3126 ε’.
2069 3068 2384 3140 Φειδώμεθα
2405 3070 2584 3123 τοίνυν
2609 3069 2808 3133 αὐτῶν,
2835 3071 2910 3132 ὼς
2933 3071 3244 3144 ἀλλοτρίων,
3279 3074 3363 3126 ἵνα
3391 3074 3484 3141 γέ-

1915 3170 2071 3225 νηται
2099 3151 2364 3225 ἡμέτερα.
2385 3155 2511 3219 Πῶς
2532 3152 2588 3205 δὲ
2624 3153 2802 3206 αὐτῶν
2841 3155 3138 3224 φεισόμεθα
3165 3197 3180 3222 ,
3230 3157 3305 3218 ὼς
3328 3156 3484 3209 ἀλλο-

1918 3236 2112 3307 τρίων;
2154 3235 2322 3288 Ὅταν
2358 3235 2432 3306 μὴ
2489 3235 2568 3298 είς
2620 3235 2880 3306 περιττάς
2917 3237 3057 3290 αὐτά
3107 3238 3485 3308 άναλίσκωμεν

1917 3318 2138 3388 χρείας,
2177 3316 2312 3388 μηδὲ
2362 3320 2440 3381 είς
2483 3319 2761 3388 ἡμετέρας
2792 3319 2972 3388 μόνον,
3024 3321 3159 3374 άλλά
3208 3324 3326 3384 ταῖς
3375 3322 3484 3374 τῶν

1917 3403 2166 3472 πενήτων
2209 3400 2350 3454 αὐτά
2395 3402 2822 3471 συμμερίζωμεν
2879 3403 3068 3472 χερσί·
3107 3404 3214 3459 κᾶν
3255 3404 3485 3476 εὐπορος

1917 3480 2004 3558 ᾖς,
2039 3484 2199 3537 πλέον
2231 3484 2288 3536 δέ
2310 3501 2361 3536 τι
2392 3485 2491 3554 τῆς
2531 3485 2721 3555 χρείας
2750 3485 3066 3558 ἀναλίσκῃς,
3109 3488 3262 3555 λόγον
3293 3487 3482 3552 δώσεις

1918 3567 2026 3620 τῶν
2067 3565 2535 3637 ἐμπιστευθέντων
2564 3583 2645 3618 σοι
2683 3568 2998 3638 χρημάτων.
3049 3570 3218 3623 Τοῦτο
3266 3574 3360 3625 καὶ
3389 3574 3483 3625 ἐπὶ

1918 3649 2027 3702 τῶν
2051 3649 2238 3702 οἰκιῶν
2267 3648 2476 3716 γίνεται
2494 3648 2600 3701 τῶν
2625 3652 2894 3720 μεγάλων.
2927 3652 3117 3706 Πολλοὶ
3149 3655 3278 3722 γοῦν
3307 3656 3375 3708 τά
3394 3673 3487 3707 τα-

1925 3736 2051 3802 μεῖα
2083 3733 2150 3785 τὰ
2177 3732 2382 3785 ἑαυτῶν
2409 3735 2521 3794 τοῖς
2550 3734 2790 3796 οίκέταις
2804 3737 2914 3798 τοῖς
2941 3737 3148 3790 ἑαυτῶν
3180 3738 3487 3791 ἐνεπίστευ-

1924 3833 2020 3868 σαν
2041 3833 2054 3847 ·
2086 3815 2201 3869 ἀλλ’
2231 3816 2378 3885 ὅμως
2407 3817 2456 3868 οί
2501 3818 2879 3880 πιστευθέντες
2919 3821 3116 3874 ἐκείνοι
3163 3822 3489 3890 φυλάττουσι

1921 3900 1990 3952 τά
2006 3899 2282 3968 δεδομένα,
2297 3899 2391 3952 καὶ
2412 3902 2510 3952 οὐκ
2533 3901 2878 3970 ἀποχρῶνται
2899 3905 3012 3966 τοῖς
3030 3905 3486 3972 ὲμπιστευθεῖσιν,

1923 3979 2038 4035 ἀλλ’
2082 3977 2161 4045 οἷς
2198 3982 2264 4034 ἂν
2305 3985 2333 4035 6
2359 3983 2653 4052 δεσπότης,
2697 3984 2791 4035 καὶ
2834 3985 2993 4054 ἡνίκα
3034 3986 3282 4058 κελεύσῃ,
3313 3989 3489 4042 διανέ-

1926 4083 2105 4136 μουσι.
2131 4066 2300 4118 Τοῦτο
2329 4067 2423 4119 καὶ
2450 4067 2514 4119 σὺ
2545 4066 2788 4136 ποίησον.
2806 4067 2916 4119 Καὶ
2944 4068 3051 4139 γὰρ
3075 4069 3260 4133 ἔλαϐες
3291 4073 3491 4140 ἑτέρων

1924 4149 2164 4207 πλείονα,
2193 4150 2287 4202 καὶ
2307 4148 2569 4211 ὑπεδέξω,
2601 4150 2698 4219 οὐχ
2725 4149 2812 4201 ἵνα
2831 4149 2969 4203 αὐτὰ
2997 4151 3277 4223 ἀναλώσῃς
3308 4154 3488 4224 μόνος,

1924 4233 2038 4285 ἀλλ’
2069 4233 2155 4287 ἵνα
2182 4232 2276 4286 καὶ
2318 4233 2526 4302 ἑτέροις
2557 4235 2836 4304 οἰκονόμος
2875 4237 3010 4309 γένῃ
3041 4236 3225 4300 καλός.

1995 4334 2179 4400 Ἀξιον
2198 4335 2254 4387 δὲ
2281 4336 2503 4388 κάκεῖνο
2536 4337 2767 4408 ζητῆσαι
2797 4338 2847 4404 d,
2879 4339 2932 4391 τί
2960 4339 3158 4410 δήποτε
3202 4341 3323 4411 οὐχί
3360 4351 3497 4414 παρ’

1925 4418 2096 4490 έτέρῳ
2123 4419 2314 4484 δικαίῳ
2341 4420 2433 4472 τὸν
2464 4420 2713 4491 Λάζαρον
2745 4423 2862 4492 ὁρᾷ,
2894 4422 3008 4476 ἀλλ’
3039 4427 3096 4476 έν
3131 4427 3242 4488 τοῖς
3270 4424 3491 4488 κόλποις

1926 4500 2034 4555 εἶδε
2065 4501 2160 4554 τοῦ
2206 4501 2478 4572 Ἀϐραάμ.
2508 4502 2784 4567 Φιλόξενος
2811 4501 2878 4574 ἦν
2914 4507 2942 4557 6
2986 4506 3235 4577 Ἀϐραάμ
3254 4527 3266 4539 ο
3305 4508 3370 4561 ἵν’
3396 4505 3493 4561 οὖν

1927 4587 2021 4639 καὶ
2045 4580 2201 4647 οὗτος
2236 4585 2452 4654 ἔλεγχος
2473 4586 2623 4655 αὐτῷ
2660 4588 2880 4657 γένηται
2910 4589 3008 4659 τῆς
3042 4589 3363 4658 μισοξενίας,
3401 4590 3496 4646 διὰ

1928 4666 2085 4720 τοῦτο
2104 4667 2264 4720 αὐτὸν
2303 4668 2418 4737 μετ’
2455 4669 2663 4720 ἐκείνου
2699 4669 2906 4738 βλέπει.
2974 4672 3207 4735 Ἐκεῖνος
3259 4673 3368 4744 γὰρ
3397 4675 3494 4727 καὶ

1926 4751 2052 4813 τούς
2097 4750 2392 4819 παριόντας
2443 4750 2691 4820 ἐθήρευε,
2733 4752 2826 4804 καὶ
2855 4753 2934 4814 είς
2970 4754 3070 4824 τὴν
3108 4756 3283 4810 οἰκίαν
3315 4752 3497 4811 εἷλκεν

1929 4832 2058 4914 εἵσω
2089 4831 2188 4902 τὴν
2209 4831 2401 4914 ἑαυτοῦ
2419 4849 2430 4861 ·
2458 4825 2613 4914 οὗτος
2638 4832 2693 4884 δὲ
2723 4834 2816 4885 καὶ
2839 4834 2929 4885 τὸν
2954 4835 3060 4888 ἔσω
3079 4841 3326 4907 κείμενον
3357 4859 3497 4914 παρρ

1931 4912 2100 4983 εώρα,
2138 4915 2232 4965 καὶ
2295 4913 2568 4984 θησαυρὸν
2609 4915 2861 4968 τοσοῦτον
2909 4918 3046 4987 ἔχων
3091 4923 3184 4974 καὶ
3224 4912 3497 4994 σωτηρίας

1933 4995 2208 5056 ὑπόθεσιν,
2259 4995 2558 5066 παρέτρεχε
2612 4998 2732 5050 καθ’
2764 4999 2998 5068 ἑκάστην
3021 5003 3251 5074 ἡμέραν,
3281 5006 3374 5058 καὶ
3399 5008 3499 5058 οὐκ

1931 5079 2201 5148 ἐχρήσατο
2234 5079 2314 5140 εἰς
2360 5077 2478 5131 δέον
2500 5081 2566 5148 τῇ
2595 5079 2687 5131 τοῦ
2717 5081 2945 5150 πένητος
2987 5087 3311 5157 προστασίᾳ.
3356 5088 3500 5140 Ἀλλ’

1931 5159 2027 5227 οὐχ
2055 5161 2083 5211 6
2112 5160 2457 5229 πατριάρχης
2499 5161 2756 5225 τοιοῦτος,
2794 5164 2932 5217 ἀλλά
2980 5169 3284 5221 τούναντίον
3316 5169 3460 5222 ἀπαν
3482 5183 3496 5197 ·

1935 5241 2041 5308 πρὸ
2065 5241 2171 5294 τῶν
2194 5241 2371 5312 θυρῶν
2398 5243 2704 5314 καθήμενος
2727 5249 3021 5317 ἐσαγήνευε
3053 5251 3175 5312 τούς
3205 5253 3500 5322 παριόντας

2001 5485 2022 5545 ’ᾗ
2055 5483 2156 5545 Duo
2175 5495 2288 5545 ms‘s.
2312 5484 2616 5545 κολαζόμεθά.

1998 5539 2025 5611 ξι
2048 5542 2145 5610 Alii
2167 5543 2355 5615 κάκῴο
2379 5539 2620 5622 έΪνΟῆσΞιω
2650 5545 2770 5595 infra
2796 5550 2972 5622 a‘liquo‘l
3006 5565 3116 5599 mss.
3151 5556 3229 5602 καὶ
3261 5557 3287 5602 ὁ
3315 5557 3504 5614 nam;

1938 5603 2103 5710 1951?;
2130 5606 2331 5710 ἐπαινῶν
2377 5608 2514 5666 ἔλεγε
2545 5608 2737 5656 διώκετε
2779 5603 3172 5676 τὴν’φι>.οξενίαν,
3216 5617 3294 5665 διὰ
3319 5603 3504 5677 ίςαύτηξ

1941 5679 2026 5710 γαο
2047 5681 2065 5710 ε
2089 5682 2127 5710 ,α
2157 5680 2225 5710 ον.

1941 5679 2026 5726 γαρ
2047 5679 2225 5713 ελαοον.
