3860 6224
353 310 457 369 989

357 428 624 487 ἃπαντας,
663 420 758 475 xal
784 418 1034 491 καθάπερ
1060 430 1144 483 τις
1166 418 1348 481 ἀλιεῦς
1376 416 1790 488 ἀμφίϐληστρον
1813 414 1933 485 βάλ-

356 509 466 564 λων
498 508 579 571 είς
606 504 705 576 τὴν
732 503 1008 560 θάλασσαν
1035 503 1255 572 ἀνασπᾷ
1288 502 1387 570 μὲν
1421 501 1595 571 ίχθύν,
1628 499 1850 569 ἀνασπᾷ
1882 496 1941 550 δέ

361 593 455 647 καὶ
479 589 700 663 χρυσίον
725 586 986 650 πολλάκις
1025 585 1119 638 καὶ
1170 584 1517 656 μαργαρίτας
1535 600 1548 612 ·
1584 582 1728 636 οῦτω
1756 581 1821 651 δὴ
1847 578 1942 633 καὶ

360 673 537 741 οὗτος,
571 670 885 742 σαγηνεύων
905 667 1248 739 ἀνθρώπους,
1289 666 1506 739 ήλίευσέ
1543 683 1675 720 ποτε
1709 664 1804 718 καὶ
1840 663 1944 730 ἀγ-

363 760 579 831 γέλους,
608 759 703 812 καὶ
731 755 791 809 τὸ
822 752 973 827 [754]
1004 752 1318 824 θαυμαστὸν
1349 751 1510 805 τοῦτό
1538 752 1705 814 ἐστιν,
1751 750 1833 803 ὃτι
1869 742 1946 816 μὴ

363 844 539 908 είδώς.

438 930 615 997 Ὀπερ
636 920 729 979 οὖν
754 924 848 979 καὶ
863 922 1076 986 Παῦλος
1104 919 1544 991 ἐκπληττόμενος
1570 916 1829 989 παραινεῖ
1852 912 1947 967 καὶ

362 1014 540 1081 λέγει’
576 1010 689 1077 Τῆς
716 1008 1063 1078 φιλοξενίας
1074 1006 1160 1076 μὴ
1188 1004 1663 1059 ἐπιλανθάνεσθε
1682 1019 1695 1032 ·
1723 1001 1823 1055 διὰ
1840 998 1948 1068 γὰρ

364 1097 587 1163 ταύτης
633 1094 855 1148 ἔλαθόν
889 1108 1047 1157 τινες
1078 1090 1435 1155 ξενίσαντες
1472 1086 1790 1156 ἀγγέλους.
1840 1083 1949 1135 Kal

366 1180 549 1243 καλῶς
575 1173 750 1239 εἶπεν,
788 1178 1076 1230 Ἐλαθον.
1107 1175 1170 1228 El
1191 1174 1300 1245 γὰρ
1334 1171 1490 1234 εἰδὼς
1517 1170 1714 1232 αὐτοὺς
1753 1166 1948 1221 ὐπεδέ-

369 1263 499 1330 ξατο
523 1262 662 1334 μετά
680 1259 953 1330 τοσαύτης
979 1257 1214 1322 εὐνοίας,
1246 1256 1400 1310 οὐδὲν
1435 1255 1578 1325 μέγα
1608 1254 1702 1307 καὶ
1735 1251 1950 1321 θαυμα-

372 1349 497 1401 στὸν
530 1346 785 1415 ἐποίησεν
803 1359 818 1375 ·
849 1344 878 1395 ὁ
901 1342 958 1395 δὲ
986 1343 1093 1404 πᾶς
1122 1340 1361 1405 ἔπαινος,
1385 1340 1467 1392 ὃτι
1494 1336 1703 1405 ἀγνοῶν
1731 1335 1877 1398 τίνες
1901 1334 1949 1386 οἱ

372 1429 668 1501 παριόντες
696 1422 857 1497 ἦσαν,
895 1424 988 1477 καὶ
1010 1421 1331 1494 ἀνθρώπους
1361 1433 1387 1461 ι
1420 1421 1616 1482 αὐτοὺς
1644 1414 1782 1471 εἶναι
1807 1414 1953 1486 νομί-

370 1499 482 1580 ζων
501 1511 688 1575 ἀπλῶς
720 1510 917 1572 ὁδίτας,
943 1508 1080 1579 μετά
1108 1506 1381 1577 τοσαύτης
1404 1505 1602 1568 αὐτοὺς
1629 1503 1776 1556 ἐνδον
1819 1499 1951 1554 ἐκά-

376 1598 500 1651 λεσε
531 1597 631 1665 τῆς
650 1591 990 1665 προθυμίας.
1025 1591 1135 1646 Kal
1161 1592 1225 1645 σύ
1251 1590 1452 1651 τοίνυν,
1484 1589 1550 1643 ἀν
1583 1588 1681 1658 μέν
1705 1603 1829 1640 τινα
1852 1601 1950 1637 πε-

376 1662 975 1752 ριφανῆ-κάῖνλαμπρὸν
1013 1672 1432 1743 ὑποδεξάμενος,
1466 1671 1664 1741 πολλὴν
1711 1668 1953 1740 ἐπιδείξῃ

372 1763 474 1833 τὴν
524 1759 852 1832 προθυμίαν,
903 1756 1219 1829 θαυμαστὸν
1275 1757 1425 1810 οὐδὲν
1475 1757 1744 1827 εἰργάσω
1778 1757 1811 1826 ἡ
1844 1753 1954 1824 γάρ

373 1843 543 1917 ἀρετὴ
575 1843 667 1895 τοῦ
704 1839 1035 1906 ξενισθέντος
1070 1840 1160 1893 καὶ
1193 1840 1284 1892 τὸν
1304 1839 1581 1910 μισόξενον
1603 1836 1953 1905 καταναγκά-

376 1927 460 1992 ζει
495 1926 756 1988 πολλάκις
784 1926 963 1977 πᾶσαν
985 1921 1201 1976 εὔνοιαν
1230 1920 1639 1988 ἐπιδείξασθαι·
1668 1919 1728 1973 τὸ
1762 1920 1820 1973 δὲ
1858 1920 1957 1991 μέ-

376 2028 563 2081 γιστον
592 2010 687 2063 καὶ
712 2007 1056 2077 θαυμαστὸν,
1087 2007 1215 2060 ὅταν
1244 2008 1337 2060 καὶ
1364 2006 1493 2069 τοὺς
1534 2004 1798 2075 τυχόντας
1818 2046 1833 2071 ,
1864 2007 1960 2061 καὶ

374 2096 503 2158 τοὺς
530 2089 976 2164 ἀπεῤῥιμμένους
998 2130 1013 2154 ,
1036 2088 1131 2142 καὶ⁵
1157 2090 1285 2152 τοὺς
1315 2087 1549 2151 εὐτελεῖς
1579 2087 1716 2157 μετὰ
1760 2089 1960 2159 πολλῆς

375 2175 663 2247 δεχώμεθα
695 2174 792 2242 τῆς
823 2172 1055 2234 εὐνοίας.
1090 2171 1189 2224 Διά
1220 2171 1379 2225 τοῦτο
1400 2173 1540 2225 καῖὸ
1575 2172 1810 2241 Χριστὸς
1832 2173 1961 2237 τοὺς

380 2258 673 2319 ποιοῦντας
702 2254 879 2318 οὕτως
932 2254 1331 2324 ὑποδεχόμενος
1360 2254 1545 2323 ἔλεγεν
1570 2272 1584 2287 ⁸
1656 2256 1779 2325 Ἐφ’
1810 2255 1963 2309 ὅσον

380 2342 703 2407 ἐποιήσατε
725 2339 814 2392 ἐνὶ
836 2338 1063 2391 τούτων
1087 2337 1207 2390 τῶν
1224 2338 1585 2407 ἐλαχίστων,
1606 2340 1737 2409 ἐμοὶ
1756 2337 1963 2406 ἐποιή-

380 2440 550 2478 σατε.
611 2423 720 2477 Kal
769 2420 960 2474 πάλιν·
1011 2420 1211 2485 Οὕτως
1259 2423 1370 2473 οὐκ
1414 2421 1547 2474 ἔστι
1593 2420 1825 2489 θέλημα
1858 2421 1963 2491 έμ-

382 2509 650 2575 προσθεν
679 2504 785 2557 τοῦ
812 2501 1045 2569 Πατρός
1068 2501 1253 2570 ὑμῶν,
1293 2503 1393 2555 ἵνα
1415 2503 1715 2569 ἀπόληται
1741 2497 1831 2567 εἷς
1849 2500 1967 2555 τῶν

379 2589 611 2662 μικρῶν
631 2588 876 2641 τούτων.
914 2587 1023 2638 Καὶ
1049 2585 1210 2637 πάλιν
1235 2602 1248 2617 ·
1279 2588 1385 2651 ’ος
1431 2585 1537 2639 ἐὰν
1575 2585 1964 2653 σκανδαλίσῃ

384 2674 495 2728 ἕνα
517 2669 636 2725 τῶν
650 2668 881 2739 μικρῶν
909 2669 1154 2729 τούτων,
1183 2668 1475 2736 συμφέρει
1499 2666 1680 2733 αὐτῷ,
1710 2668 1812 2722 ἵνα
1839 2684 1970 2735 κρε-

381 2752 593 2826 μασθῇ
637 2754 833 2822 μύλος
879 2749 1082 2815 ὀνικὸς
1127 2751 1262 2816 περὶ
1303 2750 1409 2802 τὸν
1432 2750 1736 2819 τράχηλον
1758 2750 1967 2815 αὐτοῦ,

388 2838 487 2891 καί
508 2833 660 2904 ριφῇ
696 2835 765 2887 ἐν
790 2831 864 2900 τῇ
894 2830 1200 2899 θαλάσσῃ.
1238 2832 1346 2884 Καὶ
1375 2832 1647 2901 πανταχοῦ
1696 2832 1863 2896 πολὺς
1893 2832 1971 2903 τῷ

387 2917 615 2992 Χριστῷ
661 2916 770 2970 τῶν
804 2915 1017 2987 μικρῶν
1063 2916 1158 2968 καὶ
1195 2915 1495 2986 ἐλαχίστων
1531 2920 1560 2970 ὁ
1587 2917 1762 2985 λόγος.
1793 2918 1970 2988 Ὅπερ

387 3001 482 3059 οὖν
509 3004 604 3057 καὶ
636 3005 664 3055 6
698 3000 951 3072 Ἀϐραὰμ
977 2999 1153 3063 εἰδὼς,
1185 3002 1286 3053 οὐκ
1320 3000 1547 3069 ἐξήταζε
1585 3002 1711 3064 τοὺς
1747 3000 1973 3071 παριόν-

388 3105 486 3151 τας
520 3086 662 3148 τίνες
693 3081 821 3147 εἷεν,
860 3085 954 3136 καὶ
986 3083 1171 3145 πόθεν,
1207 3083 1457 3153 καθάπερ
1495 3086 1658 3154 ἡμεῖς
1695 3083 1790 3137 νῦν
1811 3101 1823 3113 ο
1855 3083 1970 3136 ἀλλ’

390 3169 580 3231 ἁπλῶς
606 3168 734 3229 τοὺς
785 3166 1084 3236 παριόντας
1131 3164 1423 3235 ὑπεδέχετο
1466 3166 1694 3229 πάντας.
1729 3167 1833 3219 Τὸν
1864 3168 1972 3238 γὰρ

391 3251 793 3324 φιλοφροσύνην
822 3248 1265 3319 ἐπιδεικνύμενον
1308 3249 1408 3302 οὐκ
1448 3252 1677 3314 εὐθύνας
1723 3251 1975 3303 ἀπαιτεῖν

392 3337 475 3390 δεῖ
518 3335 634 3404 βίου
658 3374 672 3397 ,
703 3332 839 3385 ἀλλά
883 3333 1043 3401 μόνον
1091 3332 1192 3403 τὴν
1212 3331 1404 3387 πενίαν
1456 3332 1722 3405 διορθοῦν,
1754 3336 1847 3387 καὶ
1877 3334 1977 3404 τὴν

392 3418 582 3491 χρείαν
621 3414 879 3485 πληροῦν.

467 3500 611 3554 Μίαν
639 3498 752 3567 ἔχει
780 3498 1111 3567 συνηγορίαν
1132 3499 1161 3551 6
1197 3498 1366 3567 πένης
1384 3540 1399 3560 ,
1427 3499 1529 3569 τὴν
1556 3497 1761 3553 ἔνδειαν
1796 3501 1888 3554 καὶ
1917 3500 1981 3555 τδ

394 3583 727 3639 καθεστάναι
782 3582 840 3633 ἐν
888 3581 1077 3652 χρεία⁹
1129 3580 1295 3652 μηδὲν
1323 3582 1485 3635 αὐτὸν
1529 3582 1714 3636 λοιπὸν
1758 3584 1980 3637 ἀπαίτει

396 3667 582 3728 πλέον,
631 3664 767 3717 ἀλλά
823 3663 927 3717 κᾶν
960 3662 1217 3717 ἁπάντων
1337 3666 1704 3737 πονηρότατος
1740 3668 1834 3720 καὶ
1881 3668 1982 3739 τῆς

395 3747 706 3816 ἀναγκαίας
726 3747 906 3816 ἀπορῇ
936 3746 1167 3816 τροφῆς,
1216 3745 1433 3819 λύωμεν
1466 3748 1632 3802 αὐτοῦ
1668 3749 1760 3801 τὸν
1801 3746 1977 3821 λιμόν.

397 3833 556 3886 υῦτω
581 3832 671 3885 καὶ
690 3833 719 3885 ὁ
739 3830 974 3901 Χριστὸς
993 3829 1246 3884 ἐκέλευσε
1269 3833 1464 3888 ποιεῖν.
1484 3832 1658 3900 λέγων
1680 3851 1694 3863 ·
1724 3833 1981 3888 Γίνεσθε

399 3918 589 3986 ὅμοιοι
619 3914 725 3970 τοῦ
746 3913 975 3981 Πατρός
1002 3913 1172 3983 ὑμῶν
1191 3914 1299 3968 τοῦ
1316 3916 1386 3967 ἐν
1410 3915 1535 3982 τοῖς
1560 3917 1860 3985 οὐρανοῖς,
1893 3917 1984 3972 ὅτι

399 4004 507 4053 τὸν
531 3999 710 4066 ἣλιον
729 3995 917 4051 αὐτοῦ
938 3995 1260 4051 ἀνατέλλει
1280 3999 1378 4053 ἐπὶ
1402 4001 1705 4067 πονηροὺς
1720 4002 1817 4055 καὶ
1842 4003 1985 4072 ἀγα⁶

401 4084 565 4149 θοὺς,
596 4082 695 4136 καί
716 4081 926 4150 βρέχει
955 4081 1055 4133 ἐπὶ
1080 4081 1353 4146 δικαίους
1384 4085 1481 4135 καὶ
1506 4083 1776 4151 ἀδίκους.
1803 4086 1985 4156 Λιμήν

401 4170 520 4222 ἐστι
541 4168 650 4221 τῶν
684 4168 742 4220 ἐν
779 4166 997 4237 ἀνάγκῃ
1036 4165 1064 4204 ιι
1098 4167 1126 4217 6
1175 4166 1423 4236 ἐλεήμων
1447 4185 1460 4197 ο
1494 4169 1522 4220 6
1547 4168 1603 4221 δὲ
1640 4167 1825 4239 λιμὴν·
1858 4171 1987 4234 τοὺς

402 4251 647 4319 ναυαγίῳ
682 4249 1082 4319 περιπεσόντας
1113 4249 1359 4312 ἅπαντας
1387 4251 1728 4321 ὑποδέχεται,
1756 4253 1851 4305 καὶ
1870 4253 1986 4307 λύει

403 4334 512 4387 τῶν
541 4332 801 4386 κινδύνων
818 4349 833 4363 ο
863 4332 966 4385 κᾶν
993 4334 1239 4402 πονηροὶ,
1267 4334 1368 4385 κᾶν
1397 4336 1652 4405 χρηστοὶ,
1681 4336 1783 4388 κᾶν
1810 4336 1987 4389 ὁτιοῦν

405 4412 541 4471 ὦσιν
567 4418 616 4469 οἱ
639 4415 1063 4478 κινδυνεύοντες,
1101 4415 1234 4469 εἴσω
1265 4415 1376 4469 τῶν
1407 4418 1623 4471 οίκείων
1661 4419 1858 4483 αὐτοὺς
1883 4436 1989 4472 πα-

411 4500 693 4571 ραπέμπει
722 4498 954 4552 κόλπων.
995 4499 1107 4551 Kal
1136 4500 1199 4551 σύ
1229 4499 1430 4564 τοίνυν,
1464 4501 1606 4571 ὁρῶν
1638 4502 1731 4554 ἐπὶ
1753 4502 1854 4572 τῆς
1887 4504 1990 4573 γῆς

406 4581 487 4652 τῷ
511 4581 612 4651 τῆς
639 4580 827 4642 πενίας
868 4580 1115 4651 ναυαγίῳ
1142 4582 1511 4652 περιπεσόντα
1550 4584 1641 4636 τὸν
1680 4584 1987 4655 ἄνθρωπον,

414 4667 489 4737 μὴ
516 4664 722 4729 δίκαζε,
776 4666 911 4736 μηδὲ
960 4664 1191 4727 εὐθύνας
1238 4665 1480 4732 ἀπαίτει,
1526 4668 1660 4721 ἀλλά
1693 4667 1853 4722 λῦσον
1892 4671 1991 4741 τήν

414 4750 721 4819 συμφοράν.
748 4748 814 4800 Τί
844 4749 1027 4817 σαυτῷ
1050 4749 1314 4821 παρέχεις
1341 4750 1673 4821 πράγματα;
1718 4752 1991 4823 Ἀπηλλα-

415 4829 471 4897 ξέ
508 4849 566 4884 σε
604 4833 953 4904 περιεργείας
992 4833 1212 4903 ἀπάσης
1261 4836 1353 4887 καὶ
1407 4835 1938 4907 πολυπραγμοσύνης
1966 4840 1994 4891 6

412 4915 566 4978 Θεός.
599 4916 748 4971 Πόσα
780 4916 1003 4988 ἔμελλον
1031 4917 1219 4970 πολλοὶ
1256 4918 1434 4986 λέγειν
1473 4918 1567 4970 καὶ
1596 4919 1992 4990 δυσχεραίνειν,

412 4998 465 5051 εί
501 4997 831 5069 προσέταξεν
856 5002 884 5053 6
915 4998 1046 5063 Θεὸς
1067 4999 1158 5052 τὸν
1194 5000 1306 5070 βίον
1331 5000 1472 5071 μετά
1500 5001 1787 5071 ἀκριϐείας
1812 5002 1998 5067 ἐξετά-

416 5082 549 5148 ζειν,
576 5082 675 5153 τὴν
694 5083 1061 5155 ἀναστροφὴν,
1083 5084 1151 5136 τὰ
1173 5084 1538 5155 πεπραγμένα
1555 5086 1767 5155 ἑκάστῳ
1784 5103 1999 5159 περιερ-

417 5164 682 5234 γάζεσθαι
710 5167 995 5237 πρότερον,
1033 5166 1129 5219 καὶ
1153 5168 1275 5219 τότε
1306 5168 1473 5220 ἐλεεῖν
1498 5184 1513 5228 ;
1548 5168 1686 5221 Νυνὶ
1717 5168 1774 5222 δέ
1815 5169 1997 5237 πάσης

415 5248 673 5319 τοιαύτης
705 5248 1109 5319 ἀπηλλάγμεθα
1138 5249 1445 5313 δυσκολίας.
1499 5249 1566 5302 Τί
1608 5246 1700 5305 οῦν
1736 5252 1994 5323 περιττὰς

418 5331 779 5403 ἐπισπώμεθα
809 5332 1129 5403 φροντίδας;
1166 5332 1391 5403 Ἐτερόν
1429 5335 1545 5387 ἐστι
1570 5334 1852 5407 δικαστὴς,
1883 5336 2000 5390 ἐτε-

420 5429 515 5485 ρον
539 5413 806 5487 ἐλεήμων.
844 5414 1215 5487 Ἐλεημοσύνη
1228 5415 1316 5470 διά
1339 5416 1497 5471 τοῦτο
1523 5417 1765 5486 λέγεται,
1795 5419 1878 5472 ὅτι
1906 5420 2002 5473 καὶ

484 5652 514 5723 ξ
537 5652 631 5723 ζεῖ
647 5651 933 5723 ἀνθρώπους.
958 5653 1052 5705 Hic
1069 5655 1229 5707 deﬁcit
1250 5655 1406 5705 codex
1422 5653 1731 5706 Colberlinus
1756 5658 1828 5705 ιε).

484 5712 516 5755 δ
534 5711 631 5762 Λιιί
653 5713 702 5760 ἐν
720 5711 957 5776 ἀνάγκαις.
1389 5743 1399 5752 .

1021 300 1081 356 S.
1117 296 1405 355 JOANNIS
1441 293 1931 354 CHRYSOSTOMI
1976 291 2305 349 AKCIIIEP.
2347 288 2902 350 CONSTANTINOP.

3519 279 3628 338 990

2042 414 2157 474 τοῖς
2194 412 2435 477 ἀναξίοις
2478 410 2750 480 διδόαμεν.
2787 404 2960 460 Τοῦτο
2989 404 3083 458 καὶ
3116 400 3328 464 Παῦλος
3364 401 3631 470 παραινεῖ

2042 497 2235 556 ποιεῖν,
2289 494 2486 563 λέγων,
2533 491 2717 563 Ὑμεῖς
2759 490 2828 544 δὲ
2867 489 2936 543 τὸ
2970 487 3163 542 καλὸν
3192 483 3519 549 ποιοῦντες
3538 481 3629 551 μὴ

2041 574 2361 644 έκκακῆτε,
2405 576 2556 644 πρὸς
2602 574 2835 632 πάντας
2862 571 2980 642 μὲν
3004 611 3019 634 ,
3056 568 3328 639 μάλιστα
3376 564 3446 619 δέ
3473 563 3635 635 πρὸς

2046 658 2187 724 τοὺς
2204 660 2463 725 οἰκείους
2480 657 2589 727 τῆς
2604 658 2884 722 πίστεως.
2906 655 3003 708 ’Δν
3030 655 3157 717 τούς
3189 650 3442 715 ἀναξίους
3468 664 3635 719 περιο

2044 741 2409 813 εργαζώμεθα
2445 744 2539 796 καὶ
2562 736 3128 812 πολυπραγμονῶμεν,
3160 733 3283 787 οὐδέ
3312 731 3455 796 ἄξιοί
3496 746 3636 783 ποτε

2048 826 2247 896 ῥᾳδίως
2272 812 2670 897 ἐμπεσοῦνται
2717 824 2848 894 ἡμῖν
2870 838 2882 850 ·
2932 818 3000 874 ἂν
3026 818 3082 871 δὲ
3112 818 3208 870 καὶ
3236 818 3350 878 τοῖς
3381 812 3637 879 ἀναξίας

2048 908 2401 981 παρέχωμεν,
2427 906 2578 982 [755]
2609 906 2826 968 πάντως
2846 903 2943 957 καὶ
2960 903 3010 956 οί
3043 900 3181 965 ἀξιοι
3213 899 3308 952 καὶ
3328 899 3380 951 οἱ
3405 897 3637 951 πάντων

2048 994 2275 1047 ἐκείνων
2307 993 2547 1059 ἀντάξιοι
2596 993 2677 1053 είς
2720 989 2819 1052 τὰς
2860 985 3132 1058 ἡμετέρας
3172 982 3363 1053 ἥξουσι
3393 984 3633 1054 χεῖρας·

2048 1074 2239 1147 ὥσπερ
2268 1072 2362 1131 οῦν
2390 1077 2486 1130 καὶ
2515 1073 2609 1130 ἐπὶ
2633 1073 2728 1127 τοῦ
2768 1070 3040 1142 μακαρίου
3083 1068 3306 1137 γέγονεν
3347 1064 3635 1137 Ἀϐραὰμ,

2048 1159 2108 1224 ὃς
2134 1161 2196 1213 οὐ
2252 1159 2773 1232 περιεργαζόμενος,
2826 1154 2949 1209 οὐδὲ
2982 1149 3456 1232 πολυπραγμονῶν
3502 1150 3640 1210 τοὺς

2050 1243 2366 1309 παριόντας,
2399 1231 2632 1313 ἐδυνήθη
2661 1240 2755 1294 καὶ
2782 1237 3050 1307 ἀγγέλους
3083 1231 3443 1296 ὑποδέξασθαί
3471 1246 3637 1286 ποτε.

2050 1328 2254 1381 Τοῦτον
2280 1328 2376 1381 καὶ
2409 1328 2571 1398 ἡμεῖς
2616 1324 2976 1394 ζηλώσωμεν,
3010 1320 3105 1373 καὶ
3161 1318 3277 1389 μετ’
3325 1314 3491 1398 αὐ-τοῦ
3541 1314 3641 1367 τὸν

2051 1411 2273 1479 ἔγγονον
2297 1410 2388 1463 τὸν
2414 1395 2625 1463 ἐκείνου
2646 1408 2739 1461 τὸν
2784 1406 2923 1461 Ἱώϐ.
2957 1403 3067 1458 Kal
3095 1402 3205 1473 γὰρ
3231 1401 3322 1455 καὶ
3349 1395 3509 1461 οὗτος
3536 1397 3643 1469 τὴν

2050 1493 2146 1547 τοῦ
2183 1494 2450 1564 προγόνου
2498 1490 2901 1564 μεγαλοψυχίαν
2934 1487 3071 1560 μετὰ
3101 1487 3281 1556 πάσης
3323 1485 3644 1555 ἐμιμήσατο

2051 1578 2151 1647 τῆς
2177 1575 2485 1649 ἀκριϐείας,
2523 1576 2618 1629 καὶ¹
2648 1573 2736 1627 διά
2768 1573 2928 1626 τοῦτο
2970 1571 3187 1639 ἔλεγεν·
3240 1571 3310 1623 Ἠ
3335 1567 3487 1636 θύρα
3514 1583 3643 1636 μου

2053 1660 2233 1713 παντὶ
2260 1660 2499 1713 ἐλθόντι
2520 1656 2783 1723 ἀνέῳκτο
2804 1674 2817 1686 ·
2843 1655 2965 1725 οὐχὶ
2979 1653 3058 1725 τῷ
3077 1654 3209 1707 δεῖνι
3236 1651 3335 1721 μὲν
3363 1652 3643 1721 ἀνέῳκτο,

2055 1744 2227 1816 ἐτέρῳ
2261 1744 2319 1797 δέ
2339 1742 2755 1807 ἀπεκέκλειστο,
2780 1739 2918 1794 ἀλλά
2951 1740 3116 1792 πᾶσιν
3146 1736 3329 1799 ἀπλῶς
3361 1737 3569 1789 ἀνεῖτο.

2128 1882 2204 1941 ς’.
2219 1874 2374 1927 Οὐτω
2396 1872 2489 1926 καὶ
2505 1872 2665 1942 ἡμεῖς
2681 1869 2944 1940 ποιῶμεν,
2960 1866 3281 1939 παρακαλῶ,
3298 1866 3464 1937 μηδὲν
3481 1865 3557 1918 ἀκ
3565 1882 3650 1934 ρι-

2058 1957 2440 2027 ϐολογούμενοι
2475 1956 2620 2026 πέρα
2636 1953 2732 2007 τοῦ
2753 1954 2986 2016 δέοντος.
3033 1951 3181 2016 Ἀξία
3210 1950 3318 2020 γάρ
3345 1948 3441 2002 τοῦ
3471 1949 3649 2018 πένη-

2057 2058 2150 2104 τος
2177 2043 2210 2111 ἡ
2241 2039 2399 2111 χρεία
2431 2038 2591 2103 μόνον
2633 2037 2782 2090 ἐστί·
2817 2037 2921 2089 κᾶν
2963 2034 3213 2088 ὁστισοῦν
3246 2034 3384 2103 μετά
3435 2032 3652 2101 ταύτης

2060 2123 2188 2194 ἔλθῃ
2216 2122 2350 2193 πρὸς
2375 2124 2524 2193 ἡμᾶς
2556 2137 2707 2183 ποτε,
2745 2120 2909 2191 μηδὲν
2933 2116 3429 2189 περιεργαζώμεθα
3455 2116 3628 2169 πλέον

2060 2209 2121 2260 οὐ
2145 2206 2214 2275 γά
2222 2224 2253 2277 ρ
2272 2204 2351 2275 τῷ
2370 2206 2558 2275 τρόπῳ
2583 2205 2916 2275 παρέχομεν,
2940 2201 3077 2255 ἀλλά
3098 2201 3175 2272 τῷ
3195 2198 3469 2270 ἀνθρώπῳ
3488 2211 3503 2225 ⁶
3521 2197 3654 2252 οὐδὲ

2061 2291 2149 2345 διὰ
2179 2291 2278 2359 τὴν
2301 2287 2501 2359 ἀρετὴν
2522 2288 2705 2351 αὐτὸν,
2739 2286 2876 2340 ἀλλά
2906 2285 2992 2339 διά
3020 2286 3118 2356 τὴν
3152 2284 3440 2355 συμφορὰν
3479 2283 3648 2336 ἐλεῶ-

2068 2392 2187 2446 μεν,
2230 2373 2319 2425 ἴνα
2358 2371 2453 2425 καὶ
2496 2370 2652 2424 αὐτοὶ
2686 2369 2837 2438 παρά
2882 2369 2975 2422 τοῦ
3021 2368 3294 2421 Δεσπότου
3346 2367 3440 2421 τὸν
3478 2368 3655 2421 πολὺν

2064 2457 2212 2511 ἔλεον
2236 2452 2695 2524 ἐπισπασώμεθα,
2737 2454 2827 2506 ἴνα
2858 2454 2951 2507 καὶ
2992 2454 3175 2516 αὐτοὶ,
3215 2453 3424 2519 ἀνάξιοι
3464 2451 3653 2516 ὄντες,

2067 2537 2479 2609 φιλανθρωπίας
2525 2535 2892 2607 ἐπιτύχωμεν.
2948 2536 3007 2589 El
3054 2536 3164 2606 γάρ
3209 2535 3499 2606 μέλλοιμεν
3548 2537 3658 2608 τὴν

2068 2622 2223 2687 ἀξίαν
2271 2619 2551 2688 ἐπιζητεῖν
2584 2620 2677 2672 ἐπὶ
2726 2619 2834 2671 τῶν
2867 2618 3169 2672 συνδούλων
3207 2618 3315 2671 τῶν
3344 2619 3656 2689 ἡμετέρων,

2068 2707 2163 2758 καὶ
2195 2703 2696 2777 ἀκριϐολογεῖσθαι,
2732 2702 2892 2757 τοῦτο
2913 2705 3005 2755 καὶ
3036 2705 3064 2755 6
3100 2702 3233 2765 Θεὸς
3261 2703 3347 2771 ἐφ’
3374 2703 3535 2773 ἡμῶν
3564 2706 3660 2775 ἐρ-

2071 2791 2316 2857 γάσεται’
2358 2787 2454 2841 καὶ
2483 2786 2773 2857 ζητοῦντες
2814 2788 2940 2850 τοὺς
2987 2787 3312 2857 ὁμοδούλους
3351 2789 3663 2858 ἀπαιτῆσαι

2071 2871 2297 2933 εὐθύνας
2318 2910 2333 2933 ,
2366 2870 2521 2924 αὐτοὶ
2548 2870 2647 2940 τῆς
2684 2869 2892 2924 ἀνωθεν
2932 2869 3313 2940 ἐκπεσούμεθα
3353 2870 3665 2944 φιλανθρω-

2072 2953 2221 3015 πίας·
2241 2944 2405 3018 Ἒνῷ
2425 2951 2533 3021 γὰρ
2552 2953 2785 3021 κρίματι
2799 2952 3051 3019 κρίνετε,
3066 2952 3447 3021 κριθήσεσθε.
3468 2955 3662 3024 φησίν.

2086 3036 2226 3089 Ἀλλ’
2257 3038 2350 3088 ἐπὶ
2376 3037 2476 3105 τὴν
2510 3035 2767 3088 ὑπόθεσιν
2800 3035 2961 3088 πάλιν
2992 3035 3084 3087 τὸν
3108 3036 3264 3103 λόγον
3296 3037 3667 3104 ἐπαναγάγω-

2078 3137 2198 3191 μεν.
2236 3118 2378 3172 Ἰδὼν
2403 3118 2582 3170 τοίνυν
2611 3117 2773 3171 αὐτὸν
2797 3117 2855 3169 ἐν
2885 3120 2999 3180 τοῖς
3026 3117 3243 3182 κόλποις
3263 3118 3356 3171 τοῦ
3384 3119 3667 3191 Ἀϐραὰμ,

2077 3203 2231 3273 φησί’
2259 3202 2450 3269 Πάτερ
2499 3200 2768 3269 Ἀϐραὰμ,
2824 3200 3089 3269 ἐλέησόν
3117 3219 3226 3271 με,
3275 3203 3370 3255 καί
3417 3202 3672 3272 πέμψον

2080 3283 2362 3353 Λάζαρον.

2151 3412 2308 3475 Τίνος
2346 3411 2532 3464 ἕνεκεν
2587 3412 2707 3481 οὐχὶ
2761 3410 2896 3481 πρὸς
2926 3411 3016 3464 τὸν
3070 3412 3315 3484 Λάζαρον
3355 3414 3449 3466 τὸν
3504 3413 3675 3481 λόγον

2080 3497 2400 3559 ἀπέτεινεν;
2436 3495 2590 3565 Ἐμοὶ¹
2622 3494 2768 3547 δοκεῖ
2797 3495 2880 3547 ὅτι
2920 3494 3160 3566 ᾐσχύνθη
3202 3497 3297 3548 καὶ
3328 3496 3668 3568 ἠρυθρίασε,

2079 3579 2175 3633 καὶ
2197 3580 2262 3632 ἐκ
2303 3576 2412 3630 τῶν
2462 3578 2581 3630 κατ’
2615 3576 2779 3630 αὐτὸν
2826 3577 3171 3648 πραγμάτων
3212 3579 3460 3646 ἐνόμιζεν
3501 3580 3673 3634 αὑτὸν

2085 3661 2516 3734 μνησικακήσειν
2548 3659 2781 3722 πάντως.
2809 3660 2872 3712 El
2904 3658 3013 3728 γὰρ
3045 3660 3176 3728 ἐγὼ,
3208 3662 3361 3729 φησι,
3391 3661 3673 3732 τοσαύτης

2081 3746 2372 3800 ἀπολαύων
2414 3744 2696 3814 εὐπορίας,
2737 3743 2829 3797 καὶ
2870 3744 3037 3814 μηδὲν
3082 3744 3430 3815 ἠδικημένος,
3473 3747 3534 3800 ἐν
3577 3762 3674 3799 το-

2085 3829 2294 3891 σούτοις
2330 3828 2459 3882 ὄντα
2506 3828 2696 3889 κακοῖς
2753 3825 3034 3897 ὑπερεῖδον
3076 3826 3169 3879 τὸν
3216 3828 3524 3898 ἄνθρωπον,
3571 3830 3674 3882 καὶ

2082 3913 2203 3967 οὐδὲ
2221 3912 2417 3983 ψιχίων
2449 3910 2727 3981 μετέδωκα
2746 3950 2761 3973 ,
2805 3909 2985 3981 πολλῷ
3013 3910 3213 3981 μᾶλλον
3241 3911 3404 3975 αὐτὸς
3432 3915 3461 3965 ὁ
3488 3911 3673 3978 οὕτως

2086 3995 2415 4067 ὑπεροφθεὶς
2469 3995 2566 4047 οὐκ
2617 3993 2890 4047 ἐπινεύσει
2950 3997 3016 4065 τῇ
3061 3994 3266 4065 χάριτι.
3317 3994 3503 4047 Ταῦτα
3549 3998 3674 4066 οὐχὶ

2085 4080 2180 4132 τοῦ
2230 4078 2480 4150 Λαζάρου
2533 4077 2969 4148 κατηγοροῦντες
3022 4077 3287 4148 λέγομεν·
3323 4078 3383 4130 οὐ
3445 4081 3556 4150 γάρ
3604 4080 3674 4152 δὴ

2087 4161 2262 4223 οὕτως
2308 4162 2513 4223 ἐκεῖνος
2551 4158 2800 4219 διέκειτο.
2840 4158 2914 4229 μὴ
2953 4158 3195 4227 γένοιτ⁰’
3234 4161 3349 4214 ἀλλ’
3394 4162 3477 4214 ὅτι
3517 4160 3675 4229 οὗτος

2086 4249 2259 4303 ταῦτα
2304 4245 2579 4310 δεδοικὼς,
2637 4248 2738 4299 οὐκ
2788 4247 3047 4300 ἐκάλεσεν
3097 4249 3305 4302 ἐκεῖνον
3329 4290 3343 4313 ,
3395 4250 3531 4304 ἀλλά
3580 4252 3678 4306 τὸν

2102 4333 2350 4404 Ἀϐραὰμ
2384 4331 2684 4401 ἐφώνησεν,
2718 4330 2778 4383 ὃν
2804 4330 3016 4399 ἀγνοεῖν
3037 4331 3176 4403 ᾤετο
3204 4334 3271 4386 τὰ
3293 4337 3676 4406 γεγενημένῳ

2090 4419 2185 4471 καὶ
2215 4417 2305 4470 τὸν
2338 4415 2602 4470 δάκτυλον
2630 4414 2970 4486 ἐπεζήτησεν
3001 4417 3228 4479 ἐκεῖνον,
3261 4419 3321 4471 δν
3347 4422 3469 4484 ταῖς
3497 4420 3680 4488 γλώσ-

2093 4519 2214 4565 σαις
2251 4499 2359 4553 τῶν
2383 4498 2561 4552 κυνῶν
2588 4498 2767 4567 ἀφῆκε
2801 4499 3203 4570 περιλειχθῆναι
3227 4513 3250 4541 ε
3291 4502 3572 4567 πολλάκις.
3611 4507 3681 4559 Τί

2090 4581 2184 4638 οῦν
2211 4586 2445 4647 ἐκεῖνος;
2479 4581 2715 4643 Τέκνον,
2739 4581 3038 4647 ἀπέλαϐες
3064 4583 3135 4637 τὰ
3162 4584 3352 4652 ἀναθά
3372 4602 3490 4639 σου
3508 4588 3582 4640 ὲν
3604 4588 3681 4657 τῇ

2092 4666 2206 4734 ζωῇ
2235 4666 2520 4737 σου.”υρα
2550 4664 2888 4737 φιλοσοφίαν,
2910 4665 3012 4733 ὅρα
3034 4665 3413 4737 φιλοστοργίαν
3438 4669 3678 4726 δικαίου.

2093 4755 2208 4806 Οὐκ
2237 4748 2387 4805 εἶπεν
2407 4767 2419 4779 ·
2453 4734 2817 4819 Ἃπάνθρωπε
2848 4750 2940 4802 καὶ
2994 4749 3113 4818 ὼμέ
3165 4734 3268 4803 καὶ.
3304 4734 3645 4824 παμπόνηρε
3665 4797 3680 4815 ,

2092 4837 2331 4890 τοσαῦτα
2361 4836 2505 4888 κακά
2541 4834 2742 4896 διαθεὶς
2779 4835 2872 4888 τὸν
2911 4835 3224 4904 ἄνθρωπον,
3269 4836 3685 4908 φιλανθρωπίας

2100 4920 2373 4990 μέμνησαι
2420 4917 2514 4969 νῦν
2549 4917 2645 4970 καὶ
2681 4917 2833 4968 ἐλέου
2885 4919 2977 4969 καὶ
3022 4918 3385 4988 συγγνώμηςς
3424 4921 3524 4973 οὐκ
3556 4924 3685 4992 ἐρυ-

2097 5002 2287 5071 θριᾷς,
2325 5000 2447 5052 οὐδέ
2497 4999 2763 5071 αἰσχύνῃς
2826 4998 2984 5052 Ἀλλά
3018 5001 3071 5051 τί
3088 5016 3103 5064 ;
3172 4999 3424 5067 Τέκνον,
3478 5004 3682 5074 φησὶν,

2096 5086 2395 5150 ἀπέλαϐες
2422 5083 2493 5137 τὰ
2514 5082 2707 5151 ἀγαθά
2721 5099 2858 5139 σου.
2886 5084 3100 5152 Ψυχὴν
3128 5084 3237 5156 γάρ
3257 5088 3686 5155 κεκακωμένην

2093 5170 2180 5241 μὴ
2210 5167 2654 5238 προσταράεηςν
2705 5169 2886 5236 φησίν.
2946 5170 3133 5239 Ἀρκεῖ
3183 5170 3249 5222 τὰ
3293 5171 3391 5241 τῆς
3412 5173 3687 5242 τιμωρίας

2100 5253 2278 5324 αὐτῷ’
2308 5252 2384 5323 μὴ
2407 5251 2969 5321 προσεπεμϐαίνωμεν
3001 5251 3168 5304 αὐτοῦ
3200 5255 3320 5316 ταῖς
3350 5258 3682 5326 συμφοραῖς.

2106 5336 2312 5398 Ἄλλως
2333 5334 2409 5397 δὲ,
2440 5334 2534 5387 καὶ
2565 5334 2653 5387 ἴνα
2686 5335 2760 5403 μὴ
2785 5335 3000 5405 νομίσῃ,
3035 5335 3116 5388 ὅτι
3154 5336 3508 5407 μνησικακῶν
3543 5336 3688 5408 ὑπὲρ

2103 5420 2211 5474 τῶν
2251 5417 2630 5488 παρελθόντων
2674 5415 2943 5470 ἐκώλυσεν
2976 5417 3230 5473 ἀπελθεῖν
3264 5419 3356 5473 τὸν
3394 5420 3683 5490 Δάζαρον,

2170 5664 2192 5692 ε
2219 5659 2353 5709 L'nus
2370 5659 2671 5720 προδοθῆναι,
2684 5657 2810 5708 alius
2826 5658 3159 5720 παραδοθῆναι.
