3862 6228
263 313 366 370 939

262 429 464 484 for.bus
513 424 706 481 sedens
756 422 1046 480 venabatur
1096 428 1474 490 praetereuntes
1521 429 1742 482 omnes,
1791 422 1847 467 et

260 515 710 587 quemadmodum
757 515 1006 583 piscator,
1046 511 1188 582 jacto
1218 511 1268 564 in
1309 523 1455 564 mare
1485 507 1616 572 reti,
1647 508 1846 576 piscem

261 607 477 676 quidem
520 605 767 671 attrahit,
796 603 1014 658 attrahit
1049 612 1223 656 autem
1256 603 1556 670 frequenter
1584 609 1635 652 ct
1661 611 1846 651 aurum

260 710 316 752 et
355 699 709 769 margaritas:
743 697 922 752 itidem
965 705 1019 750 et
1063 695 1149 749 hic
1190 694 1286 749 reti
1325 702 1542 762 captans
1571 691 1844 752 homines,

266 793 494 860 piscatus
537 798 618 843 est
661 787 888 842 taindem
932 796 985 840 et
1031 786 1285 855 angelos,
1326 783 1570 854 quodque
1604 780 1844 844 mireris,

263 883 423 936 etiam
462 881 696 935 insciens
727 877 875 944 (Gen.
908 878 993 931 18.
1024 877 1102 944 2).

339 971 676 1041 llospitalitas
699 972 752 1024 in
777 986 963 1023 omnes.
985 999 1054 1009 —
1080 967 1132 1022 ld
1161 967 1299 1036 quod
1324 975 1377 1020 et
1401 965 1592 1020 Paulus
1615 963 1666 1016 in
1693 961 1849 1032 hujus

265 1058 509 1118 laudibus
537 1061 671 1115 dixit
701 1079 712 1113 :
748 1059 1123 1127 Hospitalitatis
1148 1057 1300 1110 nolite
1325 1055 1546 1108 oblivisci
1569 1069 1588 1106 :
1609 1069 1698 1122 per
1716 1052 1850 1104 hanc

263 1153 396 1206 enim
429 1152 635 1222 quidam
655 1194 668 1210 .
710 1151 969 1203 inscientes
990 1189 1003 1208 ,
1037 1149 1251 1214 hospitio
1289 1151 1586 1214 exceperunt
1637 1143 1847 1214 angelos

263 1242 278 1304 (
300 1240 455 1294 Hebr.
479 1239 564 1292 l3.
586 1236 668 1302 2).
695 1235 770 1290 Ac
789 1234 1102 1298 rectedixit,
1128 1233 1424 1286 inscientes.
1453 1233 1582 1286 Nam
1609 1233 1652 1286 si
1677 1232 1850 1286 sciens

264 1331 387 1384 illos
415 1330 711 1398 excepisset
739 1337 882 1382 tanta
916 1343 1036 1383 cum
1067 1325 1435 1382 benevolentia
1455 1364 1471 1390 ,
1504 1323 1633 1377 nihil
1672 1321 1849 1390 magni

265 1423 454 1476 mirive
482 1420 712 1476 fecisset.
741 1419 845 1474 Sed
873 1421 986 1474 haec
1016 1427 1121 1473 tota
1153 1418 1285 1482 laus,
1309 1415 1445 1485 quod
1469 1415 1714 1484 ignorans
1735 1417 1850 1482 qui-

266 1528 388 1566 nam
423 1521 602 1566 essent
640 1513 730 1579 qui
771 1510 1150 1581 praeteribant,
1185 1524 1283 1562 nec
1309 1507 1450 1561 aliud
1480 1521 1599 1560 esse
1627 1505 1850 1559 credens

263 1618 425 1672 quam
465 1602 708 1656 homines
738 1603 995 1665 viatores,
1024 1615 1142 1654 cum
1175 1608 1316 1652 tanta
1344 1597 1615 1651 alacritate
1645 1594 1851 1648 vocavit

267 1694 429 1747 intro.
458 1693 536 1746 Tu
565 1691 778 1762 quidem
810 1692 967 1760 igitur
1005 1690 1048 1743 si
1082 1704 1238 1759 quem
1274 1687 1502 1741 nobilem
1531 1701 1594 1740 ac
1619 1684 1852 1754 splendi-

265 1785 392 1837 dum
429 1783 734 1852 exceperis,
780 1781 1103 1849 multamque
1145 1779 1454 1849 prtestiteris
1489 1777 1847 1840 alacritatem,

267 1874 341 1928 nil
379 1874 568 1926 mirum
599 1881 698 1926 est.
741 1871 872 1926 Nam
904 1871 1069 1924 virtus
1102 1870 1216 1937 ejus
1245 1868 1333 1938 qui
1369 1867 1656 1936 excipitur,
1691 1867 1850 1919 etiam

269 1967 643 2035 inhospitalem
691 1963 996 2034 frequenter
1036 1962 1231 2031 adigit,
1263 1970 1320 2015 ut
1355 1975 1566 2014 omnem
1606 1957 1853 2012 exhibeat

268 2055 647 2109 humanitatem
678 2071 692 2107 :
722 2061 971 2108 cieterum
1002 2052 1127 2104 illud
1159 2051 1443 2104 maximum
1468 2057 1522 2102 et
1546 2047 1854 2102 admiratio-

267 2163 336 2201 ne
363 2147 576 2213 dignum
600 2186 614 2210 ,
646 2145 854 2214 quoties
887 2153 938 2198 et
976 2143 1218 2212 vulgares
1252 2153 1306 2196 et
1343 2141 1577 2211 abjectos
1613 2155 1676 2194 ac
1721 2139 1853 2193 viles

266 2238 436 2291 multa
475 2252 594 2290 cum
646 2235 1014 2290 benevolentia
1052 2233 1363 2302 excipimus.
1407 2232 1689 2300 l’r0pterea
1727 2230 1854 2284 dicit

265 2328 511 2383 Christus
545 2326 853 2382 collaudatis
878 2343 971 2380 eos
999 2327 1085 2396 qui
1127 2327 1194 2379 ita
1226 2324 1424 2380 faciunt
1455 2341 1468 2376 :
1502 2323 1749 2393 Quicquid
1775 2325 1852 2390 fe-

268 2421 435 2474 ceritis
461 2420 549 2473 uni
572 2435 636 2474 ex
662 2419 739 2474 his
765 2419 982 2472 minimis
1003 2460 1017 2484 ,
1048 2418 1132 2488 qui
1161 2417 1366 2470 credunt
1395 2418 1448 2470 in
1475 2433 1553 2471 me
1570 2456 1584 2481 ,
1622 2416 1746 2468 mihi
1775 2418 1853 2485 fc-

267 2512 454 2564 ceritis.
500 2512 578 2564 Ac
622 2525 804 2564 rursus
826 2551 840 2575 ,
885 2509 966 2562 fta
1003 2525 1104 2562 non
1139 2518 1208 2562 est
1240 2511 1471 2561 voluntas
1507 2523 1674 2560 caram
1705 2507 1856 2561 Patre

271 2612 435 2655 vestro
455 2643 468 2666 ,
499 2611 551 2653 ut
582 2611 753 2671 pereat
781 2617 912 2653 unus
938 2617 999 2654 ea:
1030 2600 1225 2669 pusillis
1259 2600 1366 2652 istis
1393 2597 1603 2667 (Matth.
1631 2597 1720 2651 25.
1749 2597 1852 2660 45;

270 2703 316 2746 et
347 2692 432 2746 18.
472 2693 560 2760 14)
584 2707 598 2754 ;
626 2706 688 2745 ac
729 2693 916 2745 iterum
939 2731 953 2753 ,
988 2690 1295 2758 Quicumque
1322 2687 1584 2754 o/fenderit
1613 2704 1764 2740 unum
1795 2703 1857 2739 ex

272 2782 474 2852 pusillis
519 2783 658 2845 istis,
688 2783 890 2851 expedit
933 2783 979 2834 ei
1014 2791 1065 2833 ut
1109 2781 1425 2852 appendatur
1462 2779 1596 2833 mola
1634 2778 1857 2832 asinaria

271 2875 408 2926 circa
435 2873 622 2926 collum
647 2873 808 2938 illius,
832 2882 879 2925 et
901 2871 1166 2942 abjiciatur
1191 2872 1244 2924 in
1269 2887 1408 2923 mare
1439 2868 1542 2936 (Ib.
1575 2885 1622 2922 υ.
1655 2869 1728 2937 6).
1760 2869 1857 2922 Deo

274 2965 432 3033 niqne
470 2963 666 3017 multus
709 2963 902 3032 ubique
937 2973 1016 3016 cst
1043 2963 1255 3016 Christo
1281 2961 1348 3015 de
1385 2961 1591 3030 pusillis
1617 2969 1670 3014 et
1699 2959 1855 3012 mini-

274 3055 376 3108 mis
402 3070 578 3108 sermo
613 3071 628 3108 :
659 3054 798 3124 quod
827 3054 1038 3124 quidem
1065 3052 1331 3108 Abraham
1362 3053 1535 3105 sciens
1563 3065 1667 3105 non
1693 3065 1856 3104 excu-

275 3147 438 3202 tiebat
460 3148 644 3217 quales
667 3155 843 3201 essent
869 3154 1247 3215 praetereuntes
1264 3184 1279 3210 ,
1302 3159 1401 3198 nec
1422 3143 1561 3197 unde
1582 3143 1854 3204 venirent,

274 3237 721 3306 quemadmodum
768 3251 865 3290 nos
903 3250 1043 3289 nunc
1076 3233 1332 3301 facimus,
1368 3233 1462 3289 sed
1499 3233 1614 3287 sine
1650 3232 1856 3286 delectu

275 3337 656 3398 przetereuotes
680 3326 976 3396 excipiebat
998 3341 1203 3381 omnes.
1225 3325 1357 3380 Nam
1382 3341 1502 3380 eum
1529 3325 1616 3394 qui
1643 3332 1861 3394 priestat

276 3419 656 3473 humanitatem
680 3461 694 3482 ,
725 3433 831 3472 non
859 3427 1066 3488 oportet
1093 3431 1381 3486 exposcere
1405 3416 1526 3469 vita:
1559 3415 1815 3469 rationem
1839 3454 1855 3480 ,

275 3508 371 3561 sed
399 3508 589 3577 inopia:
615 3507 837 3573 mederi,
868 3507 1274 3576 necessitatique
1301 3505 1596 3575 providere.

351 3598 534 3669 Egenti
571 3600 645 3652 vel
685 3599 1055 3670 improbissimo
1097 3598 1497 3668 impertiendum.
1537 3627 1612 3638 —
1636 3596 1858 3653 Unicum

280 3687 439 3742 habet
459 3689 805 3758 patrocinium
833 3703 1049 3758 pauper,
1075 3696 1360 3758 egestatem
1383 3703 1444 3742 ac
1465 3688 1856 3753 necessitatem,

280 3793 348 3833 ne
376 3779 498 3847 quid
527 3778 596 3832 ab
637 3779 724 3833 illo
752 3779 986 3848 postules
1021 3779 1248 3847 amplius
1275 3795 1288 3830 :
1321 3778 1414 3832 sed
1457 3779 1662 3832 etiamsi
1705 3776 1863 3831 fuerit

279 3868 514 3920 omnium
548 3868 966 3936 improbissimus
987 3908 1000 3931 ,
1030 3877 1082 3920 et
1111 3866 1316 3936 eguerit
1356 3869 1657 3921 necessario
1685 3867 1857 3931 victu,

280 3955 528 4011 sedemus
570 3957 711 4011 illius
754 3956 966 4011 famem.
999 3956 1071 4010 Ita
1100 3965 1153 4010 et
1181 3956 1420 4010 Christus
1457 3955 1572 4010 fieri
1612 3957 1863 4026 przecepit

281 4047 466 4100 dicens
497 4065 510 4101 :
543 4046 744 4113 Estote,
779 4047 979 4116 inquit,
1007 4047 1192 4101 similes
1218 4045 1388 4100 Patris
1415 4047 1564 4100 vestri
1593 4049 1677 4117 qui
1710 4056 1780 4100 est
1809 4048 1862 4101 in

283 4136 441 4201 ctelis,
469 4137 555 4204 qui
583 4137 738 4190 solem
764 4154 912 4190 suum
941 4138 1064 4190 oriri
1091 4137 1212 4207 facit
1251 4153 1403 4205 super
1427 4137 1581 4190 bonos
1607 4148 1650 4191 et
1680 4139 1856 4203 malos,

281 4237 328 4281 et
354 4227 481 4298 pluit
509 4243 660 4298 super
684 4233 848 4295 justas
876 4239 920 4281 et
951 4228 1164 4298 injustas
1190 4227 1402 4296 (Matth.
1431 4229 1484 4282 5.
1516 4229 1630 4296 45).
1671 4227 1863 4283 Portus

284 4330 365 4374 est
415 4320 465 4374 in
515 4321 829 4376 necessitate
878 4321 1280 4374 constitutorum
1331 4320 1490 4375 homo
1537 4321 1861 4376 misericors.

288 4408 477 4462 l’ortus
513 4419 686 4464 autem
713 4425 898 4464 omnes
920 4451 933 4474 ,
967 4410 1054 4478 qui
1094 4411 1146 4463 in
1185 4409 1507 4480 naufragium
1548 4410 1861 4477 inciderint,

285 4499 480 4569 excipit
509 4499 822 4568 liberatque,
851 4505 962 4554 sive
991 4501 1112 4552 ll’tali
1145 4499 1358 4565 fuerint,
1387 4503 1499 4555 sive
1536 4501 1678 4565 boni,
1712 4500 1864 4555 deni-

284 4605 392 4659 que
424 4591 744 4659 quicumque
771 4590 965 4644 fucrint
995 4591 1082 4659 qui
1115 4591 1496 4659 periclitantur,
1525 4593 1575 4646 in
1602 4592 1750 4646 sinus
1780 4592 1866 4646 ille

286 4697 415 4736 suos
441 4683 656 4749 excipit.
687 4682 766 4736 Tu
799 4683 1017 4750 proinde
1056 4683 1100 4736 si
1137 4683 1330 4736 videris
1361 4684 1662 4750 hominem,
1692 4685 1782 4755 qui
1812 4687 1864 4740 in

287 4772 537 4840 egestatis
574 4771 901 4842 naufragium
931 4773 1190 4838 inciderit,
1222 4789 1288 4828 ne
1310 4773 1509 4844 judica,
1537 4790 1604 4828 ne
1629 4777 1749 4830 vita:
1774 4792 1864 4845 ge-

287 4870 368 4914 sta
390 4862 629 4914 examina
653 4902 666 4924 ,
695 4861 788 4916 sed
823 4863 1038 4918 medere
1076 4863 1321 4917 miseriae.
1349 4864 1484 4930 Quid
1517 4866 1627 4932 ipse
1653 4866 1742 4920 tibi
1770 4883 1866 4920 ne-

289 4950 487 5018 gotium
524 4952 792 5006 accersis?
828 4952 1096 5008 Liberavit
1126 4962 1175 5007 te
1211 4953 1349 5008 Deus
1381 4955 1524 5008 omni
1552 4956 1639 5008 tali
1667 4957 1866 5010 sollici-

290 5040 499 5106 tudine,
530 5052 585 5096 et
621 5043 944 5097 curiositate.
982 5045 1148 5110 Quam
1189 5045 1351 5098 multa
1391 5044 1627 5115 plerique
1661 5046 1870 5102 fuerant

290 5131 510 5197 dicturi,
544 5148 806 5204 quamque
833 5135 1075 5189 difficiles
1099 5145 1248 5190 erant
1274 5135 1468 5198 futuri,
1497 5138 1540 5192 si
1569 5137 1708 5193 Deus
1735 5153 1869 5208 prte-

291 5225 539 5293 eepisset,
569 5235 625 5279 ut
649 5229 792 5294 prius
817 5236 1061 5282 accurate
1086 5229 1245 5281 vitam
1278 5231 1514 5298 tactaque
1541 5229 1866 5299 singulorum

291 5314 741 5384 disquireremus,
768 5333 830 5372 ac
855 5328 962 5372 tum
993 5318 1205 5372 demum
1233 5319 1596 5374 conferremus
1631 5321 1866 5376 eleemo-

289 5420 477 5474 sytuin
498 5405 522 5458 ‘i
546 5405 696 5462 Nunc
721 5407 820 5462 bac
845 5409 987 5463 omni
1013 5411 1318 5466 curiositate
1346 5427 1444 5466 nos
1472 5412 1733 5468 liberavit.
1763 5412 1869 5469 Cur

290 5511 418 5565 ergo
439 5512 594 5552 curas
617 5513 1034 5568 supervacaneas
1059 5502 1213 5557 nobis
1232 5503 1585 5560 aceersimus?
1608 5505 1767 5560 Aliud
1787 5515 1868 5561 est

286 5586 471 5654 jttdex,
502 5587 644 5642 aliud
675 5590 1025 5661 eleemos-yna:
1056 5592 1273 5662 largiter
1301 5611 1314 5648 :
1345 5593 1463 5648 ideo
1491 5605 1704 5651 vocatur
1728 5595 1869 5650 elee-

289 5688 531 5746 mos-yria,
557 5678 697 5750 quod
717 5695 834 5736 eam
862 5691 915 5737 et
939 5680 1163 5752 indignis
1185 5681 1392 5738 damus.
1418 5683 1566 5740 Unde
1591 5695 1644 5741 et
1666 5685 1862 5742 Paulus

1504 301 1593 357 DE
1630 294 1908 355 ιΑΖΑιιθ
1943 292 2187 352 CONCIO
2224 295 2286 352 ll.

3420 291 3526 348 990

1953 409 2282 475 cohortatur,
2311 419 2368 465 ut
2393 411 2462 465 ita
2490 410 2760 475 faciamus,
2791 419 2846 464 et
2873 409 2945 464 ait
2974 427 2988 462 :
3028 409 3128 464 Vos
3153 418 3319 462 autem
3349 409 3534 462 bonum

1952 500 2188 570 facientes
2223 518 2322 555 non
2356 501 2629 568 deﬁciatis,
2673 517 2790 570 erga
2824 516 2994 553 omnes
3013 540 3028 564 ,
3057 499 3146 553 sed
3176 499 3389 552 maxime
3416 515 3535 569 ergo

1951 594 2248 647 domesticos
2277 593 2396 661 ﬁdei
2423 591 2632 661 (Galat.
2665 593 2717 647 6.
2753 591 2806 647 9.
2841 591 2968 662 10).
3008 591 3158 656 Quod
3203 591 3247 643 si
3292 589 3534 658 indignos

1952 687 2160 740 curiose
2188 683 2533 739 discutiamus
2557 685 3034 754 disquiramnsque,
3065 700 3130 738 ne
3154 683 3296 752 digni
3323 684 3534 750 quidem

1953 774 2106 829 facile
2145 775 2196 828 in
2228 791 2323 829 nos
2359 775 2610 829 incident.
2638 775 2788 843 Quod
2816 775 2859 829 si
2891 775 3118 844 indignis
3145 790 3354 844 quoque
3395 791 3534 844 pra:-

1951 867 2241 921 stiterinius
2270 865 2580 920 beneficium
2600 907 2615 930 ,
2648 866 2894 920 nimirum
2927 874 2980 919 et
3008 866 3171 936 uigni,
3199 865 3396 935 quique
3421 879 3538 918 om-

1953 956 2097 1010 nium
2143 956 2351 1009 illorum
2392 956 2644 1008 malitiam
2689 956 2882 1010 virtute
2929 965 3185 1024 pensent,
3229 954 3438 1009 venient
3477 951 3530 1003 in

1953 1062 2140 1101 manus
2180 1057 2388 1102 nostras
2418 1065 2430 1100 :
2463 1049 2597 1101 sicut
2623 1048 2796 1102 evenit
2827 1047 2981 1102 beato
3011 1047 3237 1102 Abrahae
3261 1089 3276 1114 ,
3310 1047 3392 1102 cui
3434 1046 3534 1100 nii-

1954 1137 2096 1191 trime
2121 1137 2363 1204 curioso,
2391 1137 2575 1206 quales
2601 1147 2779 1192 essent
2803 1139 2891 1207 qui
2922 1139 3288 1206 pra:teribant,
3319 1137 3536 1206 contigit

1954 1229 2164 1282 tandem
2197 1239 2250 1282 ut
2280 1238 2334 1283 et
2369 1229 2588 1300 angelos
2613 1230 2883 1298 exciperet
2912 1229 3158 1298 hospitio.
3189 1229 3340 1284 l’lunc
3380 1229 3538 1296 igitur

1953 1328 2006 1372 et
2039 1335 2134 1373 nos
2165 1319 2430 1373 imitemur
2453 1361 2468 1384 ,
2500 1319 2765 1389 simulque
2805 1334 2926 1374 cum
2973 1319 3073 1374 hoc
3118 1329 3361 1388 nepotem
3397 1321 3536 1374 illius

1951 1410 2071 1466 Joh.
2100 1411 2536 1482 Quandoquidem
2563 1420 2617 1465 et
2647 1411 2733 1466 hic
2773 1412 3122 1482 progenitoris
3146 1413 3226 1466 Siti
3266 1412 3538 1482 magnani-

1953 1503 2190 1557 tnitatem
2230 1517 2434 1556 summa
2477 1517 2598 1557 cum
2637 1501 2908 1571 diligentia
2942 1511 3024 1556 est
3064 1502 3336 1556 imitatus:
3368 1517 3538 1572 coque

1952 1591 2162 1648 dicebat
2189 1611 2201 1644 :
2232 1593 2428 1647 Ostium
2455 1611 2617 1647 meum
2635 1594 2831 1664 jngiter
2855 1593 3053 1664 patebat
3080 1595 3234 1649 cuivis
3259 1594 3539 1648 advenienti

1955 1683 2082 1753 (Job
2113 1685 2201 1740 51.
2233 1683 2358 1753 52).
2412 1684 2526 1738 Non
2557 1687 2633 1738 sic
2663 1683 2784 1738 huic
2816 1684 3064 1754 patebat,
3106 1694 3163 1738 ut
3203 1685 3354 1738 alteri
3397 1693 3539 1738 esset

1953 1777 2246 1843 occlusum,
2276 1775 2368 1830 sed
2399 1775 2761 1830 indifferenter
2788 1785 3027 1844 apertum
3057 1785 3173 1830 erat
3198 1777 3462 1830 omnibus.

2025 1866 2078 1922 6.
2109 1868 2219 1922 l-loc
2252 1867 2551 1936 exemplum
2579 1877 2633 1922 et
2661 1883 2792 1932 nos,
2821 1882 3001 1936 quaeso
3025 1908 3038 1931 ,
3081 1867 3378 1933 imitemur,
3410 1867 3538 1922 nihil

1953 1961 2290 2029 exquirentes
2313 1959 2446 2013 ultra
2472 1975 2627 2028 quam
2649 1968 2878 2028 oportet.
2902 1958 3032 2012 Nam
3056 1959 3121 2012 ad
3151 1961 3251 2013 hoc
3267 1969 3322 2013 nt
3342 1975 3540 2028 pauper

1953 2048 2143 2119 dignus
2170 2049 2426 2102 habeatur
2449 2049 2785 2118 eleemosyna
2807 2089 2822 2114 ,
2856 2049 2985 2102 satis
3010 2058 3093 2104 est
3131 2060 3356 2118 egestas.
3386 2050 3538 2117 Quod

1955 2141 1999 2194 si
2027 2141 2143 2210 quis
2165 2155 2284 2195 cum
2322 2139 2420 2194 hac
2444 2141 2903 2195 commendatione
2936 2156 3034 2195 nos
3073 2141 3292 2205 adierit,
3321 2158 3387 2196 ne
3413 2143 3538 2211 quid

1955 2231 2182 2299 amplius
2200 2232 2408 2285 curiose
2428 2241 2730 2285 scrutemur
2753 2249 2764 2284 :
2791 2246 2888 2285 nec
2907 2231 3047 2285 enim
3075 2231 3308 2286 moribus
3329 2231 3538 2298 damus,

1956 2322 2048 2375 sed
2090 2320 2288 2374 homini
2323 2339 2337 2376 :
2367 2337 2465 2376 nec
2501 2321 2570 2375 ob
2603 2322 2850 2376 virtutem
2873 2338 2972 2376 nos
3001 2321 3116 2392 ejus
3145 2323 3412 2387 misereat,
3446 2323 3539 2378 Sed

1957 2413 2027 2466 ob
2049 2414 2433 2480 calamitatem,
2462 2429 2566 2482 quo
2592 2414 2838 2467 nimirum
2867 2425 2920 2468 et
2955 2414 3052 2482 ipsi
3079 2414 3347 2482 copiosam
3375 2430 3402 2466 a
3434 2415 3540 2468 Do-

1958 2505 2104 2558 mino
2131 2505 2548 2559 misericordiam
2589 2505 2742 2560 nobis
2767 2506 3113 2561 conciliemus
3131 2547 3147 2571 ,
3171 2517 3226 2560 ut
3250 2517 3302 2561 et
3329 2507 3382 2560 in
3409 2523 3505 2562 nos
3523 2548 3539 2574 ,

1957 2598 2044 2664 qui
2069 2597 2266 2665 indigni
2297 2613 2512 2661 smnus,
2544 2597 2632 2652 ille
2673 2613 2820 2652 suam
2865 2597 3105 2653 conferat
3140 2598 3540 2668 benignitatem.

1958 2689 2088 2742 Nam
2124 2690 2167 2743 si
2198 2690 2249 2742 in
2278 2691 2549 2743 conservis
2580 2691 2776 2744 nostris
2801 2691 3121 2758 coeperimus
3149 2693 3429 2761 exquirere
3457 2693 3542 2745 di-

1958 2782 2234 2849 gnitatem,
2267 2797 2546 2849 moresque
2573 2781 2855 2850 vestigare,
2883 2781 3019 2835 idem
3049 2793 3103 2837 et
3145 2783 3283 2836 Dens
3310 2782 3541 2837 facturus

1959 2878 2042 2923 est
2067 2869 2117 2922 in
2148 2871 2297 2923 nobis
2317 2911 2331 2934 ,
2358 2871 2590 2938 dumque
2616 2871 2891 2926 studemus
2914 2887 2944 2925 a
2966 2872 3239 2926 conservis
3259 2889 3542 2942 reposcere

1959 2960 2080 3014 vita:
2105 2975 2292 3014 causas
2315 3001 2329 3026 ,
2361 2961 2457 3030 ipsi
2483 2961 2696 3029 superni
2726 2961 2954 3014 numinis
2981 2961 3355 3031 benignitatem
3383 2963 3536 3016 aruit-

1961 3059 2153 3107 tetnus.
2180 3051 2246 3104 In
2271 3068 2368 3121 quo
2397 3053 2547 3117 enim,
2580 3052 2767 3121 inquit,
2786 3052 2984 3122 judicio
3001 3053 3368 3124 judicaveritis,
3397 3054 3537 3118 iudi-

1959 3142 2194 3196 cabimini
2220 3141 2430 3212 (Matth.
2466 3143 2517 3197 7.
2542 3142 2620 3212 2).
2653 3141 2756 3196 Sed
2787 3142 2853 3196 ad
2892 3158 3003 3197 rem
3035 3143 3332 3197 redeamus.
3361 3143 3542 3212 Itaque

1960 3250 2081 3290 cum
2111 3233 2311 3288 videret
2350 3233 2496 3287 illum
2534 3234 2586 3287 in
2613 3235 2731 3287 sinu
2762 3232 2988 3287 Abrahae
3009 3273 3022 3296 ,
3050 3234 3124 3286 ait
3155 3251 3168 3286 :
3196 3233 3350 3287 Pater
3382 3235 3542 3288 Abra-

1962 3325 2100 3389 ham,
2126 3325 2358 3378 miserere
2383 3324 2500 3385 mei,
2530 3333 2575 3377 et
2606 3325 2744 3376 mitte
2775 3323 3025 3376 Lazarum
3047 3323 3193 3392 (Luc.
3221 3325 3306 3379 16.
3328 3323 3443 3394 24).

2033 3415 2184 3469 Dives
2218 3429 2308 3468 cur
2336 3415 2591 3468 Abraham
2613 3416 2838 3484 appellat
2874 3415 3037 3483 potius
3075 3431 3226 3484 quant
3267 3411 3540 3470 Lazarum.

1961 3537 2034 3549 —
2059 3506 2412 3575 Quamobrem
2441 3521 2545 3559 non
2579 3505 2646 3559 ad
2692 3507 2862 3575 ipsum
2905 3505 3159 3559 Lazarum
3199 3506 3392 3560 direxit
3425 3522 3543 3561 ser-

1963 3597 2218 3653 monem?
2243 3596 2438 3658 Pudor,
2467 3606 2522 3650 ut
2547 3596 2794 3650 existimo
2812 3635 2828 3662 ,
2853 3595 3096 3650 obstabat
3119 3611 3180 3650 ac
3206 3597 3543 3652 verecundia.

1964 3689 2044 3743 Ex
2083 3689 2148 3742 iis
2179 3689 2320 3742 enitn
2350 3704 2467 3758 qua:
2495 3689 2545 3741 in
2578 3687 2722 3740 illum
2751 3687 2980 3746 fecerat.
3011 3688 3366 3742 arbitrabatur
3396 3689 3542 3743 illum

1964 3780 2181 3834 omnino
2219 3780 2523 3832 meminisse
2562 3779 2820 3832 malorum
2851 3781 3254 3846 praeteritorum.
3285 3781 3544 3845 Quonim

1964 3872 2007 3924 si
2034 3886 2132 3939 ego
2154 3911 2169 3935 ,
2201 3871 2408 3939 inquit,
2443 3879 2584 3922 tanta
2631 3886 2806 3924 rerum
2844 3870 3068 3925 affluens
3105 3873 3254 3939 eopia
3275 3913 3288 3932 ,
3319 3872 3446 3925 nihil
3479 3873 3546 3926 ab

1968 3961 2056 4014 illo
2085 3961 2241 4014 ltBSUS
2264 4001 2278 4023 ,
2310 3960 2441 4013 adeo
2482 3959 2699 4028 despexi
2742 3962 3008 4013 hominem
3050 3961 3099 4013 in
3134 3972 3209 4013 tot
3244 3965 3394 4015 malis
3420 3979 3545 4015 ver-

1965 4060 2194 4114 santem,
2223 4059 2278 4104 ut
2305 4067 2370 4104 ne
2397 4051 2560 4103 micas
2587 4049 2802 4119 quidem
2829 4051 3193 4120 impertierim,
3218 4063 3413 4121 quanto
3436 4071 3548 4109 ma-

1965 4141 2045 4209 gis
2084 4141 2170 4194 ille
2207 4140 2283 4195 sic
2325 4150 2692 4208 contemptus,
2736 4155 2838 4194 non
2879 4151 3074 4197 annuet
3106 4144 3302 4212 petenti
3343 4145 3545 4200 benefi-

1966 4233 2138 4288 cium?
2160 4233 2282 4287 [lare
2309 4249 2412 4286 non
2442 4242 2499 4286 ut
2524 4233 2779 4287 Lazarum
2807 4248 3134 4299 accusemus,
3159 4235 3384 4290 dicimus
3413 4254 3426 4291 :
3455 4254 3548 4292 ne-

1967 4340 2068 4396 que
2093 4325 2233 4380 enim
2265 4323 2365 4380 hoc
2393 4327 2569 4378 animo
2598 4324 2693 4379 fuit
2722 4325 2968 4391 Lazarus,
2999 4326 3132 4380 absit
3164 4345 3176 4380 :
3207 4327 3299 4382 sed
3329 4343 3544 4383 causam

1967 4417 2347 4481 indicavimus,
2379 4418 2502 4486 quid
2546 4417 2629 4470 hic
2664 4417 2865 4471 veritus
2902 4435 3004 4470 non
3043 4417 3337 4486 implorarit
3374 4419 3542 4489 ipsum

1967 4508 2242 4570 Lazarum,
2277 4507 2368 4562 sed
2401 4508 2576 4576 potius
2605 4507 2870 4562 Abraham
2908 4509 3220 4570 inclamarit,
3250 4525 3406 4578 quem
3435 4511 3546 4564 exi-

1969 4598 2212 4652 stimabat
2244 4598 2447 4652 nescire
2475 4613 2592 4666 quie
2634 4597 2841 4652 fuerant
2867 4609 3002 4652 acta.
3037 4602 3206 4669 Atque
3244 4601 3381 4654 illius
3408 4602 3545 4671 digi-

1971 4698 2079 4742 tum
2131 4704 2267 4742 nnnc
2314 4688 2663 4756 implorabat,
2711 4705 2863 4758 quem
2913 4691 3102 4742 crebro
3153 4706 3336 4758 passus
3377 4692 3548 4747 fuerat

1969 4778 2294 4847 circumlingi
2325 4793 2513 4832 canum
2543 4779 2750 4847 linguis.
2783 4779 2918 4846 Quid
2951 4780 3106 4848 igitur
3137 4781 3265 4834 ille?
3298 4781 3398 4835 Fili
3420 4825 3432 4844 .
3461 4801 3536 4838 re-

1970 4869 2144 4938 cepisti
2180 4871 2308 4921 bona
2335 4879 2420 4920 tua
2450 4869 2500 4921 in
2525 4869 2627 4920 vita
2651 4879 2736 4920 tua
2760 4870 2778 4940 (
2803 4867 2882 4921 lb.
2912 4885 2961 4922 υ.
2990 4868 3062 4924 25
3081 4872 3120 4940 ).
3149 4870 3277 4925 Vide
3306 4872 3545 4942 philoso-

1971 4961 2169 5030 phiam,
2196 4959 2315 5014 vide
2342 4960 2719 5016 humanitatem
2736 4960 2887 5031 justi.
2913 4961 3024 5016 Non
3055 4963 3209 5030 dixit,
3237 4965 3535 5033 inhumane,

1971 5050 2220 5114 crudelis,
2250 5051 2681 5116 sceleratissime,
2713 5067 2834 5106 cum
2864 5061 2967 5106 tam
3000 5055 3162 5110 multa
3191 5056 3325 5109 mala
3353 5055 3542 5111 intule-

1971 5144 2046 5199 ris
2075 5142 2295 5206 homini,
2329 5157 2466 5198 nunc
2494 5145 2812 5198 mentionem
2845 5144 2998 5198 nobis
3027 5144 3156 5200 facis
3182 5146 3544 5212 humanitatis,

1972 5233 2348 5288 misericordia:
2367 5273 2382 5298 ,
2415 5242 2469 5289 et
2496 5235 2699 5288 veniae?
2725 5233 2836 5289 Non
2865 5237 3022 5305 pudet
3047 5277 3064 5302 ,
3103 5253 3205 5291 non
3232 5237 3545 5292 erubescis?

1971 5323 2074 5379 Sed
2106 5323 2230 5394 quid
2269 5324 2430 5379 dith?
2460 5323 2596 5390 Fili,
2637 5326 2825 5396 inquit,
2855 5328 3080 5395 recepisti
3118 5327 3246 5380 bona
3275 5340 3382 5382 tua.
3411 5329 3543 5384 Nam

1971 5415 2170 5478 animae,
2187 5415 2374 5484 inquit,
2405 5415 2610 5486 dejectte
2637 5432 2736 5470 non
2753 5417 2906 5471 addes
2919 5420 3338 5487 perturbationem
3356 5419 3540 5489 (Eccli.

1970 5505 2022 5558 4.
2048 5504 2081 5558 5
2103 5506 2140 5572 ).
2158 5503 2298 5558 Satis
2324 5515 2404 5560 est
2432 5505 2505 5559 illi
2532 5521 2658 5561 suus
2683 5507 2970 5574 cruciatus,
2990 5518 3047 5562 ut
3076 5525 3142 5562 ne
3163 5509 3302 5563 illius
3323 5511 3542 5564 calami-

1974 5595 2167 5649 tatibus
2195 5596 2527 5652 insultemus.
2561 5598 2637 5652 Ac
2661 5613 2727 5651 ne
2756 5606 2986 5668 putares,
3015 5599 3153 5669 quod
3183 5616 3385 5656 memor
3412 5618 3544 5668 pras-

1981 5686 2254 5741 teritorum
2304 5688 2561 5744 malorum
2608 5689 2830 5744 vetuerit
2877 5689 3023 5746 abire
3063 5691 3542 5762 Lazarutu,tllium
