3862 6228
366 272 463 330 991

375 391 525 443 illum
550 390 785 460 appellat
809 390 961 462 quasi
999 404 1120 446 sese
1161 406 1226 446 ex
1271 391 1363 445 tali
1401 392 1754 462 appellatione
1789 406 1953 446 esco-

371 496 519 536 saus.
551 482 701 549 Quod
734 484 786 538 in
816 498 933 539 mea
960 523 975 548 ,
1014 484 1217 554 inquit,
1257 492 1523 555 potestate
1563 493 1683 551 est,
1711 483 1957 553 impertio

373 572 465 625 tibi
492 582 514 627 ξ
541 581 794 627 caeterum
837 582 897 627 ut
938 574 1064 628 hinc
1111 573 1366 629 abeamus
1395 574 1521 628 illuc
1543 614 1559 640 ,
1589 589 1695 628 non
1732 584 1816 629 est
1844 573 1954 642 jam

372 672 568 715 nostra:
599 661 886 717 facultatis.
919 662 1167 733 Recepisti
1192 665 1322 717 bona
1343 674 1451 717 tua.
1473 663 1650 731 Quare
1671 678 1776 717 non
1801 663 1955 728 dixit,

369 750 580 818 cepisti,
612 751 705 805 sed
731 793 747 817 ,
775 753 1049 819 recepisti?
1080 752 1212 807 Hinc
1244 752 1402 808 video
1431 768 1678 822 magnum
1705 751 1956 807 conside-

371 841 639 895 ratiouutn
681 857 828 895 mare
858 842 1014 897 nobis
1053 843 1273 912 aperiri.
1314 843 1650 914 Quapropter
1671 859 1790 913 qua:
1815 842 1956 898 dicta

368 939 495 985 sunt
519 944 723 985 summa
773 947 902 987 cura
948 944 1259 998 servantes,
1293 943 1399 989 tam
1442 950 1561 1005 quae
1599 934 1756 990 hodie
1795 949 1955 1004 quam

369 1035 491 1088 quas
520 1036 687 1090 nuper
711 1021 937 1078 disserta
963 1033 1084 1078 sunt
1107 1065 1123 1091 ,
1150 1038 1361 1079 summo
1385 1040 1506 1079 cum
1532 1024 1707 1079 studio
1732 1039 1955 1093 repona-

370 1126 512 1177 mus,
539 1122 593 1167 et
616 1128 682 1168 ex
713 1115 778 1169 iis
802 1130 922 1185 quae
948 1116 1096 1171 dicta
1127 1125 1253 1171 sunt
1272 1155 1288 1180 ,
1320 1117 1386 1172 ad
1416 1117 1679 1172 audienda
1698 1132 1819 1188 qua:
1841 1125 1959 1185 post

368 1199 649 1269 dicentur,
679 1219 776 1259 vos
814 1205 959 1274 ipsos
988 1207 1161 1277 magis
1202 1208 1424 1263 idoneos
1463 1207 1688 1263 reddite.
1730 1208 1793 1262 Et
1834 1207 1957 1277 (ιιιὶ-

370 1293 492 1348 dem
518 1295 564 1350 si
610 1295 725 1351 fieri
770 1299 972 1367 possit,
1002 1298 1163 1353 facile
1197 1309 1255 1353 ut
1279 1300 1517 1355 omnium
1564 1299 1952 1362 memineritis;

1083 278 1143 336 S.
1182 277 1462 336 JOANNIS
1499 276 1954 334 CHRYSOSTOMI

2060 278 2313 338 καίπερ.
2352 276 2891 341 CONSTANTINOP.

3539 278 3646 338 99!

2059 394 2200 462 quod
2224 394 2270 449 si
2309 394 2361 449 id
2408 393 2522 450 ﬁeri
2563 408 2671 450 non
2718 400 2933 463 potest,
2960 392 3149 447 hortor
3187 402 3246 447 ut
3273 407 3371 463 pro
3395 396 3646 452 οιιιεὼω

2058 482 2185 538 illud
2211 492 2466 553 perpetuo
2491 482 2859 547 memineritis,
2887 480 3029 551 quod
3052 496 3160 538 non
3182 498 3408 554 erogare
3434 497 3643 554 paupe-

2058 573 2228 637 ribus,
2259 582 2345 629 est
2365 574 2605 643 rapinam
2628 575 2680 627 iu
2712 573 2832 627 illos
2859 588 3135 639 exercere,
3157 573 3478 644 illorumque
3497 574 3647 627 frau-

2059 664 2189 719 dare
2217 664 2377 718 vitam
2412 681 2424 717 :
2464 664 2712 734 quodque
2755 680 2861 718 non
2906 674 3119 718 nostras
3140 705 3155 728 ,
3194 664 3289 719 sed
3318 665 3531 719 illorum
3559 679 3651 719 res

2060 753 2386 807 detinemus.
2415 753 2548 809 Nam
2576 755 2619 808 si
2648 754 2748 808 hoc
2773 754 2953 807 animo
2982 753 3233 807 fuerimus
3257 795 3273 819 ,
3301 754 3526 808 omnino
3551 768 3651 822 pe-

2059 845 2269 898 cuniam
2290 844 2644 906 effundetnus,
2669 859 2731 898 ac
2751 841 3021 899 Christum
3041 845 3366 899 esurientem
3388 845 3477 899 hic
3494 844 3651 899 alen-

2061 941 2176 999 tes,
2207 933 2533 1004 multamque
2561 934 2713 989 nobis
2758 934 2868 988 illic
2893 933 3223 1003 opulentiam
3255 934 3650 999 recondentes,

2061 1024 2354 1095 poterimus
2378 1023 2678 1079 futurorum
2706 1039 2828 1080 esse
2851 1034 3129 1095 compotes
3157 1025 3445 1091 bonorum,
3475 1026 3653 1095 gratia

2058 1130 2124 1171 ac
2158 1116 2482 1186 benignitate
2525 1115 2733 1171 Domini
2777 1118 2943 1172 nostri
2979 1116 3107 1173 Jesu
3139 1116 3338 1172 Christi
3362 1159 3379 1182 ,
3404 1117 3494 1172 cui
3523 1132 3653 1172 cum

2060 1206 2219 1262 Patre
2243 1217 2299 1262 et
2319 1206 2520 1276 Spiritu
2544 1217 2729 1262 sancto
2747 1208 2915 1278 gloria
2936 1248 2953 1271 ,
2981 1207 3172 1276 honor,
3205 1217 3445 1278 potestas
3464 1249 3481 1275 ,
3504 1225 3653 1264 nunc

2059 1307 2115 1353 et
2137 1313 2350 1369 semper
2371 1339 2387 1364 ,
2417 1307 2475 1353 et
2498 1299 2551 1353 in
2578 1298 2772 1353 sucula
2795 1298 3135 1354 saeculorum.
3182 1300 3375 1354 Amen.

372 1533 457 1580 ne
501 1538 737 1586 LAZARO
781 1542 1009 1586 CONCIO
1049 1542 1281 1586 TERTIA
1312 1521 1476 1608 1/11,
1500 1544 1581 1587 ET
1622 1543 1832 1596 ouans
1874 1542 1999 1586 NON
2041 1542 2329 1596 DIXERIT,
2357 1542 2595 1586 CEPISTI
2637 1540 2801 1586 BONA
2842 1543 2968 1587 τυΑ
3010 1543 3077 1586 IN
3119 1544 3266 1588 VITA
3306 1544 3431 1587 rus
3465 1525 3650 1607 (Luc.

451 1623 548 1683 16.
592 1623 747 1705 25.)
809 1644 964 1697 suo,
1011 1627 1302 1705 recepisti
1345 1646 1361 1686 :

451 1739 527 1781 in
574 1739 969 1785 rsccnones
1013 1733 1426 1789 EFFUGIANT'.

1406 1645 1487 1687 ΕΤ
1541 1643 1939 1696 QUAMOBBEM
1982 1642 2156 1685 JUSTI
2200 1641 2637 1685 SEPENUMBBO
2681 1642 2983 1685 INCIDUNT
3025 1642 3090 1685 IN
3134 1642 3469 1697 PERICULA,
3513 1640 3651 1685 CUI

1763 1906 2169 1947 «meum

438 2012 495 2067 1.
535 2012 953 2085 Haudquaquam
999 2017 1319 2073 mediocrem
1358 2020 1511 2074 nobis
1555 2019 1833 2076 utilitatem
1859 2030 1944 2076 at-

365 2102 487 2156 tulit
508 2103 576 2158 de
604 2103 808 2158 Lazaro
842 2106 1113 2175 parabola,
1146 2117 1259 2162 tum
1284 2109 1535 2164 divitibus
1559 2150 1573 2172 ,
1604 2118 1719 2164 tum
1748 2125 1948 2180 paupe-

366 2195 535 2261 ribus,
571 2205 629 2251 ttt
662 2214 781 2263 qtae
805 2199 903 2253 hos
929 2199 1145 2269 quidem
1165 2201 1409 2256 docuerit
1435 2201 1586 2257 facile
1613 2201 1848 2271 perferre
1869 2204 1948 2258 in-

364 2288 563 2353 opiam,
589 2289 704 2343 illos
730 2305 858 2345 vero
879 2308 984 2346 non
1008 2307 1162 2362 passa
1184 2295 1254 2347 sit
1280 2293 1481 2362 efferri,
1508 2296 1715 2366 sibique
1742 2297 1950 2366 placere

365 2378 437 2431 ob
463 2379 708 2443 divitias.
741 2398 863 2438 cum
893 2400 957 2439 ex
1001 2386 1129 2455 ipsis
1170 2387 1327 2442 rebus
1354 2388 1767 2454 demonstrarit,
1799 2389 1948 2444 illum

366 2468 603 2523 nuntium
628 2486 748 2527 esse
774 2475 1006 2529 maxime
1030 2475 1387 2533 miserabilem
1407 2520 1423 2545 ,
1455 2479 1544 2549 qui
1572 2479 1734 2534 vitam
1764 2481 1872 2551 agit
1897 2480 1949 2535 in

367 2558 606 2625 deliciis,
646 2565 773 2618 nulli
802 2582 895 2620 sua
939 2568 1075 2623 bona
1114 2570 1535 2626 communicans.
1571 2572 1684 2642 Age
1714 2571 1875 2641 igitur
1897 2580 1952 2627 et

371 2650 529 2707 hodie
564 2653 741 2710 denuo
771 2667 1060 2717 tractemus
1093 2660 1234 2717 idem
1271 2671 1679 2733 argumentum,
1707 2663 1950 2734 quando-

368 2743 581 2810 qutdem
603 2747 693 2817 qui
721 2748 772 2803 in
800 2750 1027 2805 metallis
1051 2762 1363 2821 operantur,
1388 2754 1707 2824 ubicumque
1725 2754 1953 2809 viderint

370 2834 564 2889 multas
585 2840 700 2893 auri
725 2855 909 2904 venas,
939 2842 1044 2897 illic
1072 2842 1277 2899 fodiunt
1302 2847 1495 2909 acrius,
1518 2862 1618 2903 nec
1643 2848 1791 2917 prius
1809 2846 1954 2902 absi-

372 2933 539 2989 stunt,
563 2941 723 2997 quam
755 2937 921 2985 totum
948 2933 1087 3002 quod
1116 2937 1339 3006 reperiri
1367 2938 1556 3007 potuit,
1587 2937 1953 2994 exhauserint.

374 3016 673 3075 Redeamus
696 3023 852 3091 igitur
874 3025 1019 3092 illuc,
1044 3027 1131 3081 ubi
1158 3045 1461 3085 sermonem
1483 3047 1651 3101 nuper
1667 3032 1953 3098 finivimus,

374 3119 425 3162 ut
473 3110 615 3167 illinc
656 3115 903 3170 eumdem
952 3119 1332 3177 instauremus.
1383 3123 1696 3179 Poteramus
1737 3124 1953 3195 quidem

376 3202 538 3257 unius
565 3203 672 3260 diei
702 3221 864 3277 opera
887 3210 1039 3265 vobis
1066 3219 1231 3266 totam
1260 3213 1397 3269 hanc
1424 3215 1712 3283 explanare
1737 3217 1959 3287 parabo-

373 3292 479 3348 latn
512 3313 527 3349 :
557 3312 742 3353 verum
775 3315 881 3355 non
906 3301 1010 3358 hoc
1033 3304 1258 3372 agimus,
1287 3315 1345 3361 ut
1367 3308 1533 3363 multa
1561 3308 1767 3379 loquuti
1793 3309 1959 3365 disce—

372 3385 594 3452 damus,
624 3388 719 3442 sed
750 3400 808 3444 ut
833 3407 931 3446 vos
955 3392 1239 3464 diligenter
1275 3399 1538 3467 acceptis,
1565 3400 1853 3468 animoque
1878 3402 1961 3455 in-

373 3475 494 3530 tixis
514 3493 633 3546 qua:
652 3478 792 3533 dicta
815 3490 960 3546 sunt,
987 3499 1050 3537 ex
1079 3485 1178 3539 ista
1204 3486 1442 3541 custodia
1466 3489 1706 3542 sentiatis
1726 3488 1955 3545 fructum

370 3569 603 3637 aliquem
628 3570 942 3638 Spiritalem.
966 3572 1098 3628 Nam
1121 3582 1178 3630 et
1205 3586 1376 3631 mater
1406 3578 1567 3647 prolis
1592 3592 1797 3647 amans,
1827 3580 1955 3635 dum

371 3671 527 3711 suum
575 3658 831 3716 infantem
880 3662 1164 3720 lactentem
1211 3677 1362 3736 parat
1401 3669 1468 3723 ad
1507 3670 1736 3726 solidum
1777 3671 1955 3726 cibum

372 3748 676 3812 adducere,
708 3752 752 3805 si
793 3753 952 3809 simul
983 3740 1205 3812 multum
1248 3760 1378 3814 meri
1418 3761 1661 3817 infundat
1684 3762 1796 3829 ori,
1825 3763 1956 3817 nihil

369 3839 591 3911 prodest
624 3841 843 3908 infanti,
872 3846 1185 3904 refundente
1212 3864 1379 3919 puero
1406 3852 1549 3923 quod
1577 3853 1752 3921 datur,
1781 3868 1845 3910 ac
1876 3863 1956 3908 tu—

370 3931 624 3997 niculam,
659 3949 760 4003 qua
793 3945 978 4004 pectus
1007 3938 1202 4009 tegitur
1221 3979 1238 4006 ,
1262 3940 1535 4011 irrigante.
1566 3944 1718 4011 Quod
1748 3944 1795 3999 si
1829 3959 1957 4000 sen-

368 4023 472 4076 sim
503 4038 569 4079 ac
611 4024 864 4094 paulatim
902 4026 1174 4093 infundat,
1213 4046 1343 4099 puer
1376 4033 1517 4101 quod
1558 4034 1806 4089 traditum
1831 4043 1914 4089 est
1937 4076 1954 4101 ,

366 4114 572 4184 absque
602 4115 844 4171 molestia
872 4119 1202 4173 transmittit.
1231 4120 1462 4178 Proinde
1488 4139 1556 4178 ne
1585 4125 1735 4179 vobis
1772 4125 1955 4180 itidem

367 4205 516 4273 quod
545 4207 794 4262 traditum
841 4208 1038 4276 fuerit,
1083 4213 1268 4267 ellluat
1299 4232 1312 4266 :
1345 4230 1453 4269 non
1496 4217 1775 4272 confertim
1807 4220 1956 4273 vobis

368 4298 744 4353 iuclinavimus
779 4299 1032 4355 doctrinm
1070 4304 1352 4371 poculum,
1378 4306 1474 4360 sed
1515 4307 1566 4360 in
1603 4307 1721 4362 dies
1757 4309 1956 4380 aliquot

366 4389 548 4459 partiti
580 4405 787 4455 sumus,
815 4393 957 4460 passi
982 4393 1131 4448 vobis
1156 4396 1369 4450 interim
1398 4396 1543 4452 hisce
1575 4397 1763 4452 diebus
1793 4401 1958 4455 inter-

365 4481 648 4549 quiescere
675 4482 746 4537 ab
787 4484 1036 4539 audiendi
1086 4486 1269 4542 labore
1292 4529 1306 4552 ,
1335 4503 1441 4558 quo
1478 4491 1635 4544 simul
1663 4499 1717 4545 et
1745 4507 1807 4546 ea
1837 4509 1956 4562 qua:

369 4571 735 4640 deposuimus,
767 4574 846 4630 sic
876 4575 1157 4644 infigantur
1181 4580 1362 4633 animo
1389 4590 1581 4635 vestra:
1608 4582 1867 4651 caritatis,
1899 4594 1956 4639 ut

366 4663 618 4718 excidere
655 4680 761 4720 non
788 4667 1035 4735 possint,
1066 4677 1120 4722 et
1159 4685 1220 4723 ea
1246 4685 1364 4738 qua:
1392 4670 1637 4727 dicentur
1660 4673 1859 4728 sedatis
1892 4690 1955 4730 ac

369 4754 571 4823 vegetis
596 4756 866 4811 mentibus
892 4759 1189 4827 excipiatis.
1222 4760 1406 4829 quue
1430 4763 1621 4818 crebro
1640 4765 1792 4819 vobis
1811 4780 1954 4835 prat-

366 4845 597 4900 dieimus
613 4848 794 4902 multis
808 4857 933 4903 ante
948 4851 1137 4905 diebus
1151 4864 1518 4922 argumentum
1540 4854 1611 4911 de
1642 4869 1754 4926 ‘quo
1768 4873 1955 4913 sumus

369 4935 670 5006 loquuturi,
696 4949 753 4994 ιιι
782 4940 863 4995 his
886 4942 937 4994 iu
965 4942 1141 4997 medio
1166 4944 1352 5000 diebus
1386 4956 1599 5016 sumpto
1626 4948 1759 5001 libro
1782 4991 1798 5014 ,
1826 4963 1954 5020 per-

369 5041 640 5099 pensaque
666 5031 740 5084 rei
781 5044 984 5085 summa
1026 5043 1133 5086 tota
1155 5075 1170 5097 ,
1199 5045 1544 5106 posteaquam
1586 5038 1953 5094 intellexeritis

368 5119 494 5188 quid
531 5120 731 5175 dictum
760 5122 867 5188 sit,
893 5123 1019 5193 quid
1065 5136 1229 5180 restet
1256 5127 1539 5182 dicendum
1565 5170 1580 5191 ,
1611 5140 1840 5184 mentem
1866 5146 1956 5186 ve-

369 5222 536 5267 stram
568 5213 963 5271 instruetiorem
1002 5217 1238 5287 reddatis
1277 5218 1346 5273 ad
1386 5218 1648 5275 audienda
1689 5235 1807 5291 qua:
1836 5229 1956 5291 post

367 5303 716 5360 dissaerentur.

445 5396 689 5455 Hortatur
713 5401 782 5453 ad
798 5400 1056 5456 lecticam
1076 5417 1335 5456 sacrorum
1357 5404 1687 5458 voluminum.
1710 5436 1776 5445 —-
1796 5406 1954 5476 ldqtle

364 5634 463 5743 56"
485 5638 661 5686 Collata
692 5650 801 5685 cum
821 5644 926 5688 )tss.
950 5640 1109 5701 Regiis
1138 5639 1269 5700 l8l9,
1300 5641 1436 5700 1960,
1464 5642 1583 5692 1965
1603 5652 1652 5693 et
1681 5643 1953 5693 Culhertiuo

2056 2036 2270 2094 semper
2298 2021 2484 2076 hortor
2523 2032 2579 2078 et
2618 2022 2813 2078 hortari
2862 2039 2968 2078 non
3009 2023 3287 2090 desinam,
3310 2035 3368 2078 ut
3421 2042 3531 2079 non
3564 2024 3653 2080 hic

2057 2123 2257 2168 tantum
2284 2113 2568 2168 attendatis
2599 2114 2663 2168 iis
2681 2130 2799 2183 qua:
2818 2114 3089 2181 dicuntur,
3117 2131 3299 2169 verum
3326 2116 3487 2169 etiam
3526 2130 3651 2168 cum

2056 2203 2208 2258 dumi
2252 2202 2491 2267 fueritis,
2542 2204 2755 2259 assidue
2793 2204 3091 2259 divinarum
3129 2206 3520 2274 Scripturartun
3571 2204 3651 2257 ie-

2052 2294 2219 2349 ctioni
2261 2295 2481 2350 vacetis.
2537 2293 2691 2359 Quod
2767 2294 2981 2364 quidem
3030 2304 3086 2349 et
3133 2294 3197 2348 iis
3258 2295 3346 2362 qui
3398 2293 3651 2363 privatim

2056 2401 2265 2441 mecum
2312 2386 2582 2456 congressi
2611 2395 2865 2440 suntnon
2909 2386 3086 2440 destiti
3135 2385 3419 2439 inculcare.
3462 2385 3651 2454 Neque

2054 2492 2184 2534 vero
2210 2479 2336 2532 mihi
2362 2479 2643 2548 quisquam
2670 2478 2903 2547 proferat
2945 2477 3137 2547 frigida
3181 2477 3271 2532 illa
3320 2478 3482 2531 verba
3531 2478 3647 2544 pla-

2059 2571 2695 2640 nequedamnandazego
2711 2566 3012 2623 forensibus
3040 2568 3215 2623 causis
3246 2566 3441 2620 afﬁxus
3488 2582 3613 2620 sum
3632 2608 3647 2629 ,

2058 2659 2271 2729 publica
2325 2674 2454 2728 gero
2503 2661 2753 2727 negotia,
2793 2658 3071 2711 artiﬁcium
3108 2671 3368 2722 exerceo,
3424 2672 3651 2712 uxorem

2059 2751 2255 2816 italico,
2280 2751 2368 2804 alo
2408 2751 2602 2805 liberos
2621 2792 2636 2814 ,
2665 2749 2878 2805 familizn
2904 2764 3085 2805 curam
3113 2764 3244 2820 gero
3268 2788 3284 2815 ,
3343 2749 3653 2803 mundanus

2064 2844 2223 2897 homo
2252 2859 2369 2898 sum
2393 2885 2406 2906 ,
2442 2858 2547 2898 non
2598 2854 2681 2896 est
2725 2859 2901 2897 meum
2955 2843 3131 2913 legere
3172 2841 3516 2910 Scripturas,
3553 2840 3654 2896 sed

2060 2951 2244 2990 eorum
2285 2937 2374 3005 qui
2402 2935 2606 2989 mundo
2631 2936 2879 2990 dixerunt
2906 2935 3027 2990 vale
3048 2975 3064 3000 ,
3093 2934 3185 3004 qui
3232 2933 3490 2987 amntium
3525 2948 3656 2986 ver-

2064 3029 2196 3083 tices
2238 3038 2588 3097 occuparunt,
2635 3030 2723 3099 qui
2777 3030 2938 3083 vitam
2988 3027 3251 3097 ejusmodi
3304 3027 3659 3082 continenter

2061 3128 2244 3189 agunt.
2270 3120 2407 3188 Quid
2424 3121 2524 3179 ais.
2542 3120 2743 3175 homo?
2769 3120 2882 3177 Non
2912 3129 2998 3175 est
3025 3122 3100 3174 tui
3121 3119 3317 3187 negotii
3347 3117 3661 3187 Scriptores

2061 3214 2307 3267 evolvere
2326 3253 2343 3278 ,
2369 3213 2620 3281 quoniam
2648 3210 2947 3266 innumeris
2968 3211 3113 3265 curis
3155 3208 3510 3272 distraheris?
3543 3209 3661 3263 Iuro

2062 3311 2211 3358 tuum
2238 3306 2406 3374 magis
2430 3315 2685 3374 estquam
2714 3304 2945 3359 illorum.
2964 3302 3148 3372 Neque
3168 3303 3312 3357 enim
3338 3301 3412 3356 illi
3431 3301 3664 3371 perinde

2067 3392 2464 3462 Scripturaruut
2513 3403 2673 3464 egent
2713 3393 2992 3464 praesidio,
3022 3401 3181 3463 atque
3230 3406 3329 3446 vos
3375 3392 3428 3444 in
3459 3391 3664 3446 mediis

2064 3486 2395 3554 negotiorum
2449 3486 2604 3540 nudis
2649 3486 2853 3555 jactati.
2899 3484 3029 3538 Nam
3087 3482 3333 3538 monachi
3368 3482 3594 3552 quidem
3630 3497 3663 3536 a

2061 3576 2182 3631 foro
2211 3578 2616 3648 forensibusque
2646 3577 2871 3648 negotiis
2892 3577 3041 3632 libr-ri
3063 3619 3078 3643 ,
3101 3577 3297 3646 quique
3340 3576 3390 3628 iu
3435 3574 3663 3628 deserto

2063 3667 2230 3722 fixere
2267 3668 2563 3737 tuguriola,
2591 3682 2763 3737 neque
2805 3661 2925 3721 eum
2952 3681 3216 3736 quoquam
3264 3665 3463 3720 habent
3506 3680 3661 3717 com-

2064 3759 2324 3813 mercium
2343 3799 2358 3823 ,
2387 3758 2478 3812 sed
2512 3759 2565 3812 iu
2604 3758 2693 3812 illa
2720 3758 2897 3828 quieta
2928 3756 3309 3826 tranquillitate
3347 3769 3473 3810 cum
3503 3756 3661 3808 omni

2061 3849 2347 3904 securitate
2371 3848 2829 3919 philosophantur.
2854 3863 2918 3902 ac
2944 3849 3079 3901 velut
3110 3847 3162 3900 in
3193 3856 3349 3914 portu
3373 3845 3658 3907 sedentes,

2063 3941 2224 3995 rebus
2251 3939 2595 3995 vehementer
2625 3940 2752 3993 tutis
2777 3939 3049 3994 fruuntur:
3074 3953 3173 3993 nus
3209 3946 3396 3991 contra
3426 3935 3578 3990 velut
3606 3937 3659 3989 in

2062 4032 2240 4086 medio
2271 4034 2403 4085 mari
2451 4032 2799 4095 fluctuantes,
2823 4029 3220 4097 innumerisque
3239 4069 3254 4093 ,
3282 4027 3516 4080 velimus
3562 4042 3661 4079 no-

2064 4122 2254 4185 limus,
2306 4112 2538 4191 peccatis
2603 4120 2882 4187 obstricti,
2923 4132 3138 4188 semper
3191 4132 3328 4186 opus
3385 4116 3656 4170 habemus

2063 4227 2322 4284 perpetuo
2369 4214 2585 4285 jugique
2631 4213 3020 4282 Scripturarum
3068 4212 3276 4266 solatio.
3328 4211 3403 4264 Illi
3462 4210 3661 4266 sedent

2063 4306 2245 4376 procul
2266 4321 2295 4359 a
2312 4304 2580 4370 conflictu,
2608 4318 2783 4375 eoque
2804 4318 2905 4359 nec
2923 4303 3192 4374 accipiunt
3211 4304 3373 4357 multa
3392 4303 3619 4357 vultu-ra
3639 4320 3655 4354 :

2064 4399 2155 4452 tibi
2182 4413 2309 4454 vero
2327 4440 2342 4464 ,
2365 4399 2489 4468 quia
2518 4405 2776 4467 perpetuo
2804 4404 2915 4449 stas
2944 4395 2996 4449 in
3025 4394 3140 4449 acie
3160 4434 3175 4459 ,
3198 4394 3320 4463 quia
3343 4393 3660 4461 frequentes

2061 4490 2260 4559 accipis
2291 4491 2508 4559 plagas,
2542 4487 2743 4543 idcirco
2781 4486 2951 4556 magis
2988 4498 3124 4554 opus
3150 4496 3232 4540 est
3275 4484 3571 4548 remediis,
3601 4496 3659 4539 ut

2060 4594 2215 4649 quem
2239 4587 2295 4635 et
2324 4594 2458 4633 uxor
2485 4586 2775 4648 provocat,
2803 4586 2859 4632 et
2880 4577 3018 4631 ﬁlius
3044 4577 3357 4641 contristat,
3395 4586 3565 4645 atque
3588 4576 3659 4630 ad

2062 4671 2193 4725 iram
2224 4678 2544 4735 commovet,
2576 4677 2635 4723 et
2660 4668 2940 4722 insidiatur
2961 4666 3129 4721 hostis
3149 4709 3164 4732 ,
3195 4676 3250 4720 et
3271 4666 3472 4719 invidet
3512 4667 3654 4719 ami-

2059 4778 2186 4829 cus,
2219 4771 2274 4818 et
2312 4763 2516 4818 vicinus
2553 4762 2859 4821 insectatur.
2889 4770 2945 4816 et
2971 4760 3263 4814 commilito
3307 4758 3654 4826 supplantat,

2041 4853 2366 4924 frequenter
2383 4862 2438 4908 et
2460 4852 2620 4924 judex
2648 4853 2897 4916 minatur,
2915 4860 2969 4906 et
2989 4860 3271 4920 paupertas
3290 4860 3373 4903 est
3399 4849 3653 4914 molesta,

2059 4958 2109 5001 et
2131 4944 2546 5001 domesticorum
2584 4944 2803 4998 amissio
2838 4942 3048 4996 «luctum
3077 4938 3231 4996 affert
3257 4982 3270 5004 ,
3296 4951 3349 4994 et
3376 4944 3656 5009 prOSpcri-

2061 5047 2142 5092 tas
2165 5039 2333 5102 inilat,
2369 5035 2660 5089 adversitas
2689 5031 2974 5088 contrahit.
3004 5031 3243 5086 Breviter
3270 5030 3657 5085 vatiairacnn-

2061 5129 2183 5193 dite,
2211 5129 2354 5182 varia
2387 5140 2656 5190 curarum,
2686 5127 2831 5178 varia
2871 5124 3288 5192 perturbationis
3327 5137 3391 5178 ac
3443 5136 3652 5176 maero-

2060 5221 2167 5284 ris,
2189 5220 2332 5273 varia
2358 5217 2647 5288 iactantiae,
2671 5218 2814 5270 varia
2846 5216 3091 5280 tumoris,
3120 5225 3229 5268 tum
3257 5214 3505 5278 occasio,
3539 5223 3653 5267 tum

2060 5311 2349 5366 necessitas
2393 5323 2490 5366 nos
2534 5308 2887 5379 undequaque
2914 5307 3309 5371 circumvallat,
3341 5305 3653 5361 innumera-

2060 5416 2163 5471 que
2199 5414 2265 5455 ex
2310 5400 2455 5456 omni
2501 5410 2654 5470 parte
2683 5399 2784 5454 tela
2829 5398 3082 5452 volitant:
3113 5396 3255 5451 unde
3301 5409 3527 5451 necesse
3569 5407 3653 5451 est

2064 5492 2424 5549 indesinenter
2438 5507 2467 5546 a
2486 5491 2775 5561 Scripturis
2790 5498 3113 5543 armaturam
3141 5501 3376 5542 sumere.
3401 5489 3652 5556 Agnosco

2064 5587 2257 5656 igitur,
2310 5584 2515 5653 inquit,
2543 5583 2683 5653 quod
2736 5583 2788 5636 in
2835 5581 3012 5637 medio
3056 5580 3365 5649 laqueorum
3405 5577 3648 5641 incedis,

2057 5676 2305 5748 quodque
2331 5676 2382 5729 in
2406 5677 2703 5744 pinuacults
2738 5672 2962 5728 civitatis
2983 5670 3225 5724 multum
3254 5667 3420 5739 (Eccl.
3451 5668 3505 5723 9.
3530 5667 3652 5736 90).
