3860 6224
424 291 534 353 993

422 407 927 474 κατεξανίστανται·
979 412 1074 466 καὶ
1121 412 1230 486 γάρ
1264 415 1358 467 καὶ
1387 412 1511 484 ὄψις
1544 414 1830 487 εὐπρεπὴς
1850 455 1865 477 ,
1911 414 2006 466 καὶ

420 492 582 563 σῶμα
608 492 863 566 λαμπρὸν
887 494 975 548 διὰ
1010 496 1120 549 τῶν
1152 497 1445 567 ὀφθαλμῶν
1482 497 1674 559 ἔϐαλε,
1717 498 1814 551 καὶ
1857 498 2010 568 ῥῆμα

417 576 646 646 αἰσχρὸν
687 576 776 631 διὰ
807 578 907 649 τῆς
957 578 1128 649 ἀκοῆς
1177 580 1421 634 εἰσελθὸν
1467 580 1799 652 ἐθορύϐησεν
1847 580 2008 649 ἡμῶν

416 659 509 713 τὸν
533 660 814 732 λογισμόν·
850 661 1104 727 πολλάκις
1136 663 1193 717 δὲ
1233 666 1326 718 καὶ
1362 665 1521 735 μέλος
1549 664 2007 734 κατακεκλασμέ-

415 758 506 795 νον
532 744 592 797 τὸ
624 745 724 815 τῆς
755 744 933 814 ψυχῆς
975 744 1190 800 εὔτονον
1233 748 1598 819 κατεμάλσξε.
1639 749 1749 801 Καὶ
1785 747 1837 800 τί
1863 748 2007 814 λέγω

414 828 626 894 cae-na;
674 828 747 882 Τὸ
790 831 899 899 γὰρ
938 832 1156 884 πάντων
1189 832 1395 885 τούτων
1444 832 1828 887 εὐτελέστατον
1862 828 2004 884 εἷναι

414 911 678 988 πολλάκις
710 913 923 979 δοκοῦν,
987 914 1176 984 μύρων
1213 916 1358 988 ὀσμὴ
1400 917 1788 987 προσπεσοῦσά
1840 917 2004 968 ποθεν

602 995 754 1068 παρά
786 975 1523 1069 γυναικῶν-ἑταιριζομένων
1557 1003 1615 1053 ἐν
1652 1003 1717 1071 τῇ
1751 1000 2000 1071 παρόδῳ,

410 1076 654 1132 λαϐοῦσα
688 1079 932 1149 ἀπῆλθεν
982 1081 1329 1151 αἰχμάλωτον
1379 1083 1487 1137 ἀπὸ
1534 1084 1694 1153 ψιλῆς
1736 1083 1836 1153 τῆς
1886 1100 2006 1135 συν-

409 1164 619 1232 τυχίας.

483 1248 550 1314 β’.
578 1248 689 1301 Καὶ
744 1249 916 1303 πολλὰ
963 1250 1191 1303 τοιαῦτά
1223 1252 1338 1303 ἐστι
1372 1251 1441 1304 τά
1475 1251 1865 1322 πολιορκοῦντα
1900 1250 1998 1320 τὴν

409 1330 683 1400 ἡμετέραν
708 1330 909 1401 ψυχήν·
941 1333 1035 1387 καὶ
1059 1332 1141 1386 δεῖ
1170 1332 1277 1388 τῶν
1301 1332 1462 1387 θείων
1488 1335 1799 1405 φαρμάκων
1827 1335 1959 1404 ἡμῖν
1980 1374 1995 1398 ,

352 1468 357 1479 ,
411 1412 499 1465 ἴνα
548 1414 642 1466 καὶ
686 1413 755 1467 τὰ
806 1416 1064 1485 γινόμενα
1126 1416 1259 1487 ἐλκη
1306 1417 1729 1489 θεραπεύωμεν,
1781 1419 1876 1472 καὶ
1926 1419 1994 1473 τὰ

411 1496 641 1567 μηδέπω
686 1498 785 1567 μέν
813 1499 1093 1569 γινόμενα,
1143 1490 1506 1570 μέλλονταδέ
1547 1502 1816 1571 γίνεσθαι,
1863 1520 1998 1573 προ-

407 1579 825 1651 αναστέλλωμεν
846 1622 860 1647 ,
921 1582 1205 1654 πόρρωθεν
1268 1582 1365 1637 τοῦ
1431 1584 1677 1639 διαϐόλου
1730 1586 1800 1640 τά
1864 1586 1994 1657 βέλη

406 1663 873 1728 κατασϐεννύντες
901 1665 996 1718 καὶ
1023 1666 1458 1738 ἀποκρουόμενοι
1492 1669 1584 1723 διὰ
1607 1670 1708 1739 τῆς
1738 1670 1995 1740 συνεχοῦς

404 1747 513 1800 τῶν
542 1748 701 1801 θείων
734 1748 968 1821 Γραφῶν
999 1749 1381 1818 ἀναγνώσεως.
1426 1753 1501 1805 Οὐ
1543 1753 1651 1825 γὰρ
1690 1754 1856 1817 ἐστιν,
1894 1757 1993 1807 οὐκ

405 1829 522 1882 ἔστι
569 1831 691 1884 τινὰ
744 1831 981 1902 σωθῆναι
1038 1834 1113 1905 μὴ
1162 1836 1404 1904 συνεχῶς
1455 1836 1816 1905 ἀναγνώσεως
1857 1839 1992 1889 ἀπο-

402 1910 640 1967 λαύοντα
668 1916 1077 1986 πνευματικῆς·
1122 1916 1237 1970 ἀλλ’
1266 1918 1436 1982 ὅντως
1474 1920 1777 1990 ἀγαπητὸν,
1818 1923 1866 1973 εἰ
1896 1924 1991 1975 καὶ

400 1995 687 2064 διηνεκοῦς
712 1998 914 2067 ταύτης
944 1998 1309 2065 ἀπολαύοντες
1339 2004 1437 2072 τῆς
1465 2014 1492 2043 ι
1527 2003 1860 2073 θεραπείας,
1896 2005 1987 2058 δυ-

400 2078 701 2151 νηθείημεν
756 2080 998 2154 σωθῆναί
1050 2100 1205 2138 ποτε.
1256 2084 1426 2138 Ὅταν
1471 2084 1530 2139 δέ
1580 2085 1703 2139 καθ’
1748 2088 1989 2158 ἑκάστην

402 2161 503 2232 μέν
529 2161 895 2235 πληττώμεθα
927 2166 1029 2237 τὴν
1057 2166 1291 2238 ἡμέραν,
1343 2168 1588 2240 ἰατρείας
1618 2168 1675 2223 δὲ
1718 2169 1990 2240 μηδεμιᾶς

397 2245 786 2318 ἀπολαύωμεν,
838 2248 970 2301 ποία
1004 2250 1277 2322 σωτηρίας
1306 2251 1494 2316 ἐλπίς;
1542 2252 1654 2323 Ούχ
1691 2252 1828 2324 ὁρᾷς
1859 2255 1988 2318 τοὺς

398 2329 796 2400 χαλκοτύπους,
827 2332 954 2395 τοὺς
981 2333 1333 2403 χρυσοχόους,
1368 2337 1494 2399 τοὺς
1536 2337 1982 2407 ἀργυροκόπους,

397 2412 528 2475 τοὺς
568 2412 855 2483 ἡντιναοῦν
908 2417 1193 2485 μετιόντας
1249 2416 1467 2490 τέχνην,
1518 2419 1733 2472 ἅπαντα
1773 2420 1841 2473 τά
1883 2418 1985 2489 τῆς

395 2495 593 2566 τέχνης
620 2495 842 2565 ἔχοντας
879 2498 1265 2568 ἀπηρτισμένα
1314 2500 1383 2554 τὰ
1424 2502 1701 2573 ἐργαλεῖα,
1756 2503 1862 2556 κᾶν
1903 2502 1985 2555 λι·-

399 2575 501 2649 μδς
551 2577 857 2650 ἀναγκάζῃ,
913 2580 1016 2633 κᾶν
1051 2583 1214 2636 πενία
1251 2581 1446 2655 θλίϐῃ,
1487 2584 1667 2638 πάντα
1716 2585 1980 2656 αἱρουμέ-

395 2677 523 2723 νους
554 2661 843 2731 ὑπομεῖναι
877 2663 1099 2734 μᾶλλον,
1136 2666 1169 2737 ἢ
1212 2666 1323 2720 τῶν
1352 2667 1453 2736 τῆς
1490 2670 1687 2740 τέχνης
1730 2669 1979 2740 ὁργάνων

395 2743 693 2798 ἀποδόσθαι
714 2763 788 2807 τι,
817 2748 910 2800 καὶ
938 2747 1334 2820 διατραφῆναι;
1374 2752 1569 2806 Πολλοὶ
1603 2752 1735 2821 γοῦν
1776 2754 1978 2808 πολλά·-

388 2843 484 2891 κις
510 2826 860 2883 δανείσασθαι
891 2832 1091 2900 μᾶλλον
1135 2834 1365 2897 εἵλοντο,
1413 2837 1509 2890 καὶ
1550 2837 1836 2909 διαθρέψαι
1885 2841 1979 2894 καὶ

392 2910 493 2981 τὴν
524 2911 701 2965 οἰκίαν
736 2913 830 2966 καὶ
861 2913 928 2967 τά
958 2916 1167 2980 παιδία,
1214 2918 1247 2988 ἡ
1287 2919 1396 2971 τῶν
1436 2921 1535 2990 τῆς
1570 2922 1771 2991 τέχνης
1816 2924 1979 2994 ἐργα-

392 2995 551 3049 λείων
596 2996 697 3050 κᾶν
724 2998 796 3051 ’τὸ
848 3000 1176 3070 μικρότατον
1224 3005 1552 3059 ἀποδόσθαι·
1588 3008 1681 3060 καὶ
1729 3008 1875 3076 μάλα
1913 3025 1976 3075 γε

391 3079 636 3144 εἰκότως.
668 3079 845 3134 Ἰσασι
871 3082 981 3153 γὰρ
1008 3085 1089 3137 ὅτι
1108 3125 1121 3148 ,
1164 3087 1481 3156 πραθέντων
1530 3090 1771 3155 ἐκείνων,
1801 3091 1975 3163 ἀχρη-

392 3163 582 3216 στατά
626 3165 719 3232 τῆς
745 3166 939 3238 τέχνης
964 3168 1146 3234 αὐτοῖς
1183 3172 1430 3236 ἅπαντα,
1468 3174 1563 3227 καὶ
1596 3178 1627 3244 ἡ
1667 3176 1767 3246 τῆς
1806 3177 1973 3229 εύπο-

391 3247 515 3318 ρίας
574 3248 830 3333 ὑπόθεσις
874 3251 1142 3324 ἀνῄρηται
1197 3257 1363 3307 πᾶσα.
1408 3257 1663 3311 Ἐκείνων
1716 3259 1816 3329 μὲν
1862 3260 1971 3333 γὰρ

391 3330 683 3399 μενόντων,
734 3332 955 3387 δυνατὸν
996 3337 1065 3388 τά
1106 3338 1366 3408 γινόμενα
1409 3339 1746 3411 δανείσματα
1795 3330 1973 3416 χρόνω

387 3414 520 3466 ποτέ
548 3414 901 3469 διαλύσασθαι
933 3420 999 3488 τῇ
1045 3420 1212 3491 τέχνῃ
1255 3423 1493 3492 συνεχῶς
1532 3427 1882 3496 χρωμένους·
1922 3414 1970 3482 εἰ

385 3496 445 3551 δὲ
493 3496 798 3565 φθάσαντες
852 3499 1063 3583 ἐτέροις
1101 3504 1242 3557 αύτά
1289 3506 1569 3562 ἀπόδοιντο
1610 3510 1659 3572 ι),
1711 3511 1968 3583 οὐδεμίαν

384 3580 569 3665 οὐκέτι
610 3582 964 3665 παραμυθίαν
1017 3587 1083 3656 τῇ
1133 3588 1295 3659 πενίᾳ
1354 3591 1447 3643 καὶ⁵
1496 3591 1573 3661 τῷ
1613 3593 1757 3665 λιμῷ
1802 3580 1969 3651 ποθεν

383 3661 666 3732 ἐπινοῆσαι
691 3662 1027 3734 δυνήσονται.
1058 3667 1243 3733 Οὕτως
1269 3667 1361 3725 οὖν
1386 3674 1478 3726 καὶ
1495 3677 1641 3746 ἡμᾶς
1667 3661 1967 3734 διακεῖσθαι

383 3749 512 3835 χρή.
551 3746 972 3835 Καθάπερλγάρ
1028 3752 1260 3817 ἐκείνοις
1304 3756 1560 3825 ἐργαλεῖα
1616 3759 1719 3830 τῆς
1770 3762 1966 3835 τέχνης

382 3828 501 3882 ἐστὶ
552 3830 1081 3917 σφῦραγκαίᾲάκμων
1111 3837 1205 3889 καὶ
1239 3840 1520 3912 πυράγρα·
1570 3828 1713 3898 οὕτω
1752 3828 1968 3917 δὴ-’καὶ

385 3913 513 3983 ἡμῖν
539 3912 796 4004 ἐργαλεῖα
825 3915 922 3986 τῆς
949 3918 1156 4004 τέχνης⁸
1176 3920 1323 3974 ἐστὶν
1344 3922 1679 3982 ἀποστολικά
1713 3912 1815 3983 καί
1836 3949 1970 4004 προ-

381 3998 588 4069 φητικά
609 3997 808 4069 βιϐλία,
836 4001 928 4086 καὶ
947 4003 1094 4055 πᾶσα
1119 4002 1308 4075 Γραφὴ
1326 4004 1685 4075 θεόπνευστος
1712 4015 1807 4067 καὶ
1822 3997 1967 4086 ώᾷοέ-

379 4082 558 4151 λιμος.
613 4083 720 4135 Καὶ
759 4082 1010 4174 καθάπερ
1063 4089 1270 4174 ἐκεῖνοι
1305 4090 1374 4143 δι’
1411 4093 1636 4150 ἐκείνων
1679 4098 1746 4152 τὰ
1795 4082 1963 4174 σκεύη

381 4165 579 4229 πάντα,
599 4165 740 4238 ἆπερ
773 4166 839 4220 ἂν
870 4169 1095 4233 λάϐωσι,
1130 4171 1567 4231 διαπλάττουσιν*
1603 4180 1745 4236 οὕτω
1779 4184 1843 4257 δὴ
1874 4165 1966 4240 καί

379 4251 540 4319 ἡμεῖς
565 4248 676 4337 διὰΔ
690 4252 895 4305 τούτων
923 4253 1021 4337 τὴν
1050 4254 1228 4328 ψυχὴν
1265 4257 1361 4329 τὴν
1391 4262 1665 4337 ἡμετέραν
1702 4248 1965 4337 χαλκεύο-

383 4349 503 4402 μεν,
541 4333 633 4384 καὶ
655 4332 1092 4408 διεστραμμένην
1126 4338 1467 4411 διορθοῦμεν,
1497 4332 1590 4400 καὶ
1633 4332 1966 4407 παλαιωθεῖ-

381 4430 482 4467 σαν
511 4415 954 4486 ἀνακαινίξομεν.
996 4420 1252 4506 κάκεῖνοι
1282 4424 1379 4494 μέν
1414 4427 1574 4499 μέχρι
1608 4431 1715 4484 τῶν
1746 4437 1963 4506 σχημά-

377 4513 486 4550 των
516 4499 612 4570 τὴν
646 4500 854 4553 ἑαυτῶν
880 4502 1280 4560 ἐπιδείκνυνται
1312 4509 1527 4582 τέχνην·
1559 4514 1620 4566 οὐ
1645 4515 1753 4587 γὰρ
1780 4499 1964 4592 ’τὴν

379 4582 510 4654 ῦλην
535 4584 640 4639 τῶν
669 4586 877 4639 σκευῶν
925 4589 1250 4659 μεταϐαλεῖν
1290 4592 1525 4651 δύναιντ’
1570 4582 1665 4664 ἂν,
1705 4582 1844 4656 οὐδὲ.
1871 4582 1963 4660 τδν

375 4664 615 4739 ἄργυρον
661 4669 885 4739 ποιῆσαι
931 4672 1154 4740 χρυσὸν,
1205 4673 1341 4730 ἀλλά
1386 4681 1514 4741 τοὺς
1541 4682 1748 4748 τύπους
1780 4686 1961 4741 αὐτῶν

380 4748 885 4840 μεταρρυθμμίςουσι
917 4755 1115 4840 μόνον·
1134 4756 1199 4810 σὺ
1222 4758 1278 4811 δὲ
1312 4761 1408 4831 οὐχ
1437 4762 1630 4830 οὕτως,
1677 4767 1793 4821 ἀλλ’
1816 4769 1961 4840 ἔχεις

371 4848 427 4885 τι
456 4833 617 4885 πλέον
650 4835 895 4903 ἐκείνων,
931 4840 1025 4893 καὶ
1059 4838 1268 4906 ξύλινον
1301 4845 1495 4909 σκεῦος
1528 4848 1706 4903 λαϐὼν
1753 4833 1960 4930 δυνὴσῃ

371 4916 505 4970 ποτὲ
541 4918 773 4988 χρυσοῦν
803 4922 1046 4992 ποιῆσαι.
1079 4926 1188 4978 Καὶ
1203 4927 1393 4982 τούτου
1428 4931 1637 5001 μάρτυς
1670 4938 1699 4989 ό
1726 4916 1956 5004 Παῦλος,

369 4997 518 5089 οὕτωΔ
535 4998 729 5068 λέγων·
776 5003 872 5089 :Er
900 5005 1139 5089 μεγάλῃ
1173 5008 1241 5062 δὲ
1269 4997 1440 5079 οἰκίᾳ⁷
1462 4997 1572 5070 οῦκ
1604 5017 1737 5072 ἔστι
1762 4997 1960 5089 miro;

369 5082 566 5165 σκεύη
606 5084 809 5152 χρυσᾶ
841 5088 940 5140 καὶ
988 5090 1238 5160 ἀργυρᾶ,
1270 5095 1432 5151 ἀλλὰ
1470 5100 1569 5153 καὶ
1601 5082 1822 5165 ξύλιιῖια
1854 5107 1955 5159 καί

370 5164 716 5233 ὀστράκινα.
763 5169 899 5224 Ἐάν
914 5189 1003 5238 τις
1034 5168 1148 5227 οὖν
1172 5175 1472 5249 ἐκκαθάρῃ
1493 5164 1712 5238 ἑαυτὸν
1733 5186 1803 5242 ἐκ
1830 5189 1959 5243 τού-

369 5263 505 5311 των,
540 5250 717 5306 ἔσται
728 5255 968 5337 σκεῦος
990 5259 1078 5324 εἰς
1096 5260 1276 5329 τιμὴν
1295 5264 1688 5337 ἡγιασμένον,
1724 5272 1823 5326 καὶ
1858 5274 1956 5328 εὔ-

365 5347 638 5425 χρηστον
672 5336 1053 5425 *τῶ-δεσπότῃ
1089 5347 1177 5410 εἰς
1200 5345 1323 5400 πᾶν
1351 5348 1530 5419 ἔργον
1548 5336 1774 5423 ἀγαθὸν
1802 5358 1954 5425 ἡτοι-

361 5416 698 5487 μασμένον.
728 5421 821 5493 Μὴ
874 5424 1052 5477 τοίνυν
1106 5428 1398 5499 ἀμελῶμεν
1426 5416 1542 5505 *τῆς
1572 5416 1952 5505 κτήσεωςτῶν

424 5628 458 5703 ξ
594 5634 774 5703 ταύτῃς
785 5641 1058 5703 μετέχοντες
1074 5649 1174 5703 τῆς.

427 5686 461 5731 ι
476 5691 579 5741 Alii
603 5686 840 5747 ἀποδοίὶν.
856 5686 1058 5768 psum;
1074 5686 1337 5765 .k'i'q'uidam
1359 5725 1471 5764 mss.
1487 5715 1613 5765 οὕτω
1635 5719 1691 5778 δὴ
1711 5723 1941 5783 καίἠμᾶς.

1134 295 1195 352 S.
1236 297 1522 355 JOANNIS
1557 296 2048 356 CHRYSOSTOMI
2090 297 2411 357 ARCHIEP.
2452 299 3010 364 CONSTANTINOP.

3591 314 3695 370 σοι

2121 413 2365 483 βιϐλίων,
2398 418 2485 472 ἵνα
2520 420 2595 491 μὴ
2627 424 2756 493 περὶ
2792 423 2864 477 τά
2890 425 3080 496 καίρια
3113 425 3394 497 δεξώμεθα
3424 428 3525 500 τὴν
3557 434 3694 505 πλη-

2111 504 2235 576 γὴν,
2279 507 2415 578 μηδὲ
2463 511 2684 582 χρυσίον
2725 515 3161 586 κατορύττωμεν,
3197 518 3332 572 ἀλλά
3380 520 3564 590 βιϐλία
3601 523 3694 596 θη-

2112 597 2457 669 σαυρίζωμεν
2486 601 2697 665 ἑαυτοῖς
2715 609 3081 675 πνευματικά.
3104 608 3177 660 Τὸ
3203 609 3304 679 μὲν
3321 612 3430 683 γὰρ
3450 616 3692 684 χρυσίον,

2110 688 2239 741 ὅταν
2271 687 2423 762 [759]
2452 691 2674 763 γένηται
2704 693 2887 757 πλέον,
2919 697 3037 749 τότε
3080 698 3315 767 μάλιστα
3351 703 3695 760 ἐπιϐουλεύει

2106 783 2221 842 τοῖς
2274 784 2650 853 κεκτημένοις·
2684 784 2749 838 τὰ
2779 786 2835 839 δὲ
2886 787 3066 858 βιϐλία
3104 791 3443 861 ἀποκείμενα
3488 795 3689 869 πολλὴν

2116 871 2349 942 παρέχει
2375 877 2487 937 τοῖς
2519 875 2700 946 έχουσι
2726 878 2823 949 τὴν
2862 878 3150 949 ὠφέλειαν.

2179 964 2390 1036 ’Ὠσπερ
2420 967 2530 1037 γάρ
2559 968 2688 1023 ἔνθα
2715 967 2834 1043 ἂνῇ
2871 973 3213 1045 ἀποκείμενα
3241 976 3382 1030 ὅπλα
3412 977 3693 1047 βασιλικά,

2105 1054 2207 1109 κᾶν
2235 1057 2426 1127 μηδεὶς
2518 1060 2547 1112 ό
2590 1064 2948 1134 κεχρημένος,
2980 1066 3179 1136 πολλὴν
3208 1069 3436 1140 παρέχει
3472 1075 3588 1136 τοῖς
3612 1074 3698 1127 ἕν-

2102 1147 2193 1201 δον
2222 1150 2431 1204 οἰκοῦσι
2456 1153 2555 1224 τὴν
2604 1156 2871 1227 φυλακὴν,
2923 1157 3049 1212 οὔτε
3084 1161 3316 1235 λῃστῶν,
3347 1165 3470 1218 οὔτε
3495 1183 3694 1237 τοιχω-

2103 1238 2305 1312 ρύχων,
2337 1241 2460 1296 οὔτε
2485 1244 2645 1299 ἀλλου
2679 1248 2825 1312 τινὸς
2844 1250 2953 1302 τῶν
2970 1253 3421 1324 κακουργούντων
3447 1257 3695 1329 τολμῶν-

2099 1348 2193 1395 τος
2213 1332 2466 1405 ἐπιϐῆναι
2497 1337 2598 1407 τῆς
2622 1339 2814 1404 οἰκίας·
2832 1340 3005 1402 οὕτως
3029 1343 3156 1397 ἔνθα
3176 1345 3242 1399 ἂν
3314 1347 3497 1417 βιϐλία
3522 1366 3694 1402 πνευ-

2110 1424 2337 1493 ματικὰ,
2364 1427 2511 1480 πᾶσα
2547 1430 2755 1484 ἐκεῖθεν
2780 1433 3062 1489 ἐλαύνεται
3099 1437 3346 1509 ἐνέργεια
3380 1438 3689 1511 διαϐολικῆ,

2100 1515 2198 1568 καὶ
2223 1516 2391 1589 πολλὴ
2423 1522 2537 1583 τοῖς
2573 1521 2874 1577 ἐνοικοῦσιν
2910 1526 3111 1598 ἀρετῆς
3147 1529 3496 1601 παράκλησις
3524 1530 3690 1600 γίνε-

2097 1625 2204 1663 ται.
2233 1612 2341 1665 Καὶ
2371 1614 2509 1685 αὑτὴ
2540 1614 2651 1685 γάρ
2674 1616 2797 1670 καθ’
2837 1618 3038 1690 ἐαυτὴν
3072 1620 3181 1674 τῶν
3212 1621 3436 1691 βιϐλίων
3470 1626 3504 1694 ἡ
3552 1624 3680 1692 δψις

2095 1704 2490 1776 ὀκνηροτέρους
2546 1708 2693 1777 ἡμᾶς
2738 1708 2874 1781 πρὸς
2918 1713 3018 1783 τὴν
3048 1713 3322 1785 ἁμαρτίαν
3367 1717 3683 1787 ἐργάζεται.

2097 1794 2215 1849 Κάν
2258 1812 2317 1849 τε
2346 1797 2456 1869 γὰρ
2485 1798 2846 1872 τολμήσωμέν
2877 1821 2931 1858 τι
2956 1804 3064 1858 τῶν
3083 1807 3571 1880 ἀπηγορευμένων,
3592 1810 3689 1865 καὶ

2096 1880 2440 1956 ἀκαθάρτους
2468 1886 2694 1953 ἐαυτοὺς
2728 1892 3110 1963 ἐργασώμεθά,
3133 1897 3446 1962 ἐπανιόντες
3477 1901 3684 1965 οἴκαδε,

2105 1972 2202 2023 καὶ
2235 1972 2303 2025 τὰ
2338 1972 2517 2042 βιϐλία
2549 1978 2806 2049 ὁρῶντες,
2841 1983 3042 2052 μᾶλλον
3062 1985 3218 2056 ἡμῶν
3249 1989 3687 2061 καταδικάξομεν

2092 2062 2152 2115 τὸ
2183 2065 2438 2131 συνειδὸς,
2461 2068 2553 2121 καί¹
2585 2071 2722 2142 πρὸς
2746 2073 2808 2125 το
2840 2076 2957 2137 τοῖς
2981 2075 3167 2140 αὐτοῖς
3192 2084 3512 2150 περιπεσεῖν
3524 2081 3688 2155 ὀκνη-

2093 2156 2303 2228 ρότεροι
2319 2158 2600 2230 γινόμεθα·
2631 2162 2696 2216 ἄν
2717 2181 2778 2217 τε
2813 2166 2975 2219 πάλιν
3009 2169 3067 2221 ἐν
3109 2170 3389 2245 ἁγιωσύνῃ
3420 2173 3685 2229 διατελῶ-

2092 2263 2212 2318 μεν,
2256 2249 2478 2305 πλείονα
2523 2254 2733 2309 ἐκεῖθεν
2776 2256 3127 2330 λαμϐάνομεν
3177 2263 3278 2333 τὴν
3327 2265 3603 2333 ὠφέλειαν
3632 2279 3682 2321 ε.

2090 2339 2242 2409 ’Ἅμα
2266 2342 2375 2413 γάρ
2403 2343 2578 2413 ’ἡψατό
2610 2364 2694 2410 τις
2732 2346 3088 2418 Εύαγγελίου,
3119 2356 3213 2408 καὶ
3244 2358 3684 2429 μετερῤύθμισεν

2087 2430 2279 2484 ἐαυτοῦ
2325 2434 2424 2504 τὴν
2465 2434 2703 2490 διάνοιαν
2754 2441 2975 2506 εὐθέως,
3011 2446 3104 2498 καὶ
3137 2446 3246 2499 τῶν
3274 2448 3547 2517 βιωτικῶν
3571 2453 3679 2504 ἀπ·

2085 2522 2281 2595 ἐστησε
2301 2527 2394 2578 κα)⁹
2422 2528 2531 2581 ἀπὸ
2567 2530 2666 2601 τῆς
2694 2530 2872 2601 ὅψεως
2903 2536 3072 2606 μόνης
3119 2538 3312 2608 αὐτῆς.
3359 2541 3419 2593 Εἰ
3468 2542 3527 2595 δέ
3580 2544 3678 2597 καὶ

2083 2616 2390 2684 ἀνάγνωσις
2432 2623 2787 2692 προσγένοιτο
2817 2626 3070 2698 ἀκριϐὴς,
3125 2629 3374 2701 καθάπερ
3407 2633 3466 2683 ἐν
3508 2634 3680 2704 ἱεροῖς

2082 2706 2297 2773 ἀδύτοις
2319 2712 2352 2780 ἡ
2381 2710 2528 2784 ψυχὴ
2562 2714 2887 2787 τελουμένη,
2927 2718 3101 2793 οὕτως
3142 2722 3533 2795 ἐκκαθαίρεται
3579 2725 3679 2778 καὶ

2084 2798 2310 2870 βελτίων
2338 2803 2568 2871 γίνεται,
2618 2806 2712 2859 τοῦ
2745 2807 2882 2861 Θεοῦ
2935 2810 3246 2880 ὁμιλοῦντος
3285 2814 3421 2885 αὐτῇ
3452 2815 3543 2868 διά
3566 2817 3677 2868 τῶν

2080 2893 2426 2962 γραμμάτιον
2455 2898 2698 2954 ἐκείνων.

2155 2981 2219 3036 Τί
2245 2982 2357 3045 οὖν.
2397 2988 2463 3042 ἂν
2494 2989 2567 3060 μὴ
2617 2990 2847 3062 εἰδῶμεν
2879 2992 2948 3045 τά
2988 2994 3314 3066 ἐγκείμενα;
3348 2998 3483 3065 φησί
3507 3040 3521 3053 .
3550 2999 3679 3051 Μα-

2079 3075 2237 3129 λιστα
2271 3079 2368 3147 μὲν
2401 3080 2505 3133 κᾶν
2523 3082 2595 3152 μὴ
2629 3082 2776 3154 εἰδῇς
2796 3084 2865 3138 τά
2898 3087 3213 3157 ἐγκείμενα,
3242 3089 3337 3141 ἀπ’
3365 3091 3541 3160 αὐτῆς
3572 3092 3678 3158 τῆς

2078 3167 2437 3238 ἀναγνώσεως
2485 3172 2647 3234 πολὺς
2675 3177 2703 3227 ό
2732 3177 3003 3248 ἁγιασμὸς
3059 3179 3286 3247 γίνεται.
3337 3181 3551 3245 ’Ἄλλως
3588 3184 3670 3243 δὲ.

2077 3256 2338 3311 ἀδύνατον
2377 3261 2553 3315 πάντα
2583 3266 2670 3317 ἐπ’
2710 3268 2833 3338 ἴσης
2869 3269 3101 3335 ἀγνοεῖν·
3148 3268 3237 3322 διὰ
3280 3270 3389 3341 γὰρ
3440 3272 3608 3326 τοῦτο
3636 3276 3670 3344 ἡ

2075 3348 2170 3402 τοῦ
2204 3351 2518 3422 Πνεύματος
2539 3355 2860 3429 ᾠκονόμησε
2881 3361 3039 3430 χάρις
3071 3360 3310 3425 τελώνας
3349 3364 3445 3417 καὶ
3476 3365 3679 3430 ἁλιέας

2075 3441 2170 3494 καὶ
2200 3447 2557 3516 σκηνοποιοὺς
2590 3451 2685 3503 καὶ
2721 3454 2983 3523 ποιμένας
3009 3453 3104 3506 καὶ
3125 3454 3380 3519 αἰπόλους
3403 3457 3498 3508 καὶ
3515 3456 3669 3509 ἰδιώ-

2072 3550 2171 3596 τας
2204 3536 2299 3589 καὶ
2328 3537 2725 3609 ἀγραμμάτους
2750 3543 2923 3597 ταῦτα
2952 3545 3220 3600 συνθεῖναι
3240 3548 3307 3602 τά
3337 3546 3539 3617 βιϐλία,
3575 3549 3668 3602 ἵνα

2075 3625 2265 3697 μηδεὶς
2296 3627 2406 3681 τῶν
2433 3629 2659 3685 ἰδιωτῶν
2682 3634 2763 3697 εἰς
2790 3634 2997 3706 ταύτην
3030 3635 3130 3707 ἔχῃ
3165 3638 3529 3708 καταφεύγειν
3560 3641 3663 3711 τὴν

2073 3715 2369 3785 πρόφασιν,
2397 3718 2483 3771 ἵνα
2500 3722 2666 3775 πᾶσιν
2687 3720 3038 3798 εὐσύνοπταῇ
3060 3730 3128 3780 τά
3142 3728 3435 3799 λεγόμενα,
3454 3732 3545 3785 ἵνα
3564 3737 3661 3789 καὶ

2068 3807 2482 3879 ὁχειροτέχνης,
2522 3812 2616 3864 καὶ
2646 3814 2884 3884 οἰκέτης,
2912 3818 3005 3870 καὶ
3038 3819 3071 3889 ἡ
3104 3820 3248 3890 χήρα
3298 3823 3460 3893 γυνὴ,
3491 3826 3590 3876 καὶ
3630 3826 3661 3876 ὁ

2069 3899 2287 3949 πάντων
2310 3897 2611 3969 ἀνθρώπων
2626 3902 3021 3973 ἀμαθέστατος,
3051 3908 3283 3981 κερδάνῃ
3299 3928 3357 3964 τε
3388 3912 3486 3965 καὶ
3512 3915 3661 3983 ὡφε-

2066 3985 2204 4059 ληθῇ
2229 3988 2380 4061 παρὰ
2409 3991 2509 4062 τῆς
2533 3993 2870 4066 ἀκροάσεως.
2903 3999 2979 4051 Οὐ
3012 3999 3121 4072 γὰρ
3154 4001 3290 4072 πρὸς
3319 4006 3655 4072 κενοδοξίαν,

2070 4081 2323 4153 καθάπερ
2371 4085 2421 4137 οἰ
2462 4084 2682 4148 ἔξωθεν,
2727 4087 2865 4142 ἀλλά
2904 4090 3042 4160 πρὸς
3076 4091 3178 4163 τὴν
3222 4097 3500 4166 σωτηρίαν
3540 4099 3657 4151 τῶν

2067 4173 2371 4228 ἀκουόντων
2395 4175 2564 4228 ταῦτα
2586 4178 2763 4233 πάντα
2781 4181 3085 4253 συνέθηκαν
3101 4186 3147 4237 οἰ
3176 4186 3327 4257 παρά
3352 4189 3452 4259 τὴν
3477 4191 3657 4261 ἀρχὴν

2073 4266 2503 4333 καταξιωθέντες
2536 4270 2633 4339 τῆς
2659 4271 2752 4324 τοῦ
2777 4273 3094 4344 Πνεύματος
3121 4278 3362 4348 χάριτος.

2136 4361 2284 4428 γ’.οἰ
2305 4360 2403 4430 μὲν
2420 4361 2527 4433 γὰρ
2548 4362 2745 4429 ἔξωθεν
2762 4366 3037 4437 φιλόσοφοι
3055 4370 3149 4422 καὶ
3168 4372 3394 4442 ῥήτορες
3415 4375 3512 4427 καὶ
3532 4391 3659 4445 συγ.

2064 4454 2296 4522 γραφεῖς
2327 4452 2389 4505 ού
2422 4453 2483 4504 τὸ
2510 4458 2663 4526 κοινῇ
2701 4458 2978 4529 συμφέρον
3020 4459 3327 4528 ζητοῦντες,
3362 4463 3477 4516 ἀλλ’
3504 4464 3660 4529 ὅπως

2065 4541 2217 4596 αὐτοὶ
2247 4541 2614 4613 θαυμασθεῖεν
2649 4548 2807 4617 μόνον
2841 4550 3187 4616 σκοποῦντες,
3219 4554 3275 4605 εἰ
3300 4570 3351 4607 τι
3385 4557 3482 4608 καὶ
3512 4560 3654 4628 χρή-

2067 4650 2226 4703 σιμον
2260 4629 2433 4697 εἶπον,
2465 4638 2766 4703 καὶτοῦτο,
2810 4640 3063 4715 καθάπερ
3107 4647 3165 4698 ἐν
3220 4644 3369 4718 ζόφῳ
3400 4650 3528 4713 τινὶ,
3585 4653 3656 4721 τῇ

2067 4725 2286 4797 συνήθει
2306 4727 2546 4799 ἀσαφείᾳ
2571 4729 2599 4769 ἀ
2629 4733 2998 4803 κατέκρυψαν.
3037 4737 3099 4788 Οἰ
3137 4737 3194 4791 δέ
3234 4739 3523 4794 ἀπόστολοι
3557 4748 3657 4798 καὶ

2063 4816 2114 4866 οἰ
2143 4817 2416 4888 προφῆται
2453 4819 2764 4873 τούναντίον
2809 4821 2954 4876 ἀπαν
3002 4824 3283 4891 ἐποίησαν·
3335 4827 3481 4897 σαφῆ
3537 4831 3656 4902 γάρ

2062 4907 2157 4959 καὶ
2177 4906 2312 4977 δῆλα
2346 4907 2413 4961 τά
2459 4911 2590 4982 παρ’
2630 4912 2838 4966 ἐαυτῶν
2878 4914 3223 4986 κατέστησαν
3281 4917 3506 4985 ἅπασιν,
3547 4923 3651 4976 an

2060 5000 2231 5051 κοινοὶ
2262 4999 2362 5068 τῆς
2391 5001 2715 5073 οἰκουμένης
2754 5003 2907 5067 ὄντες
2940 5004 3274 5070 διδάσκαλοι,
3303 5008 3387 5061 ἵνα
3413 5010 3651 5076 ἕκαστος

2060 5088 2154 5140 καὶ
2180 5087 2246 5140 δι’
2280 5089 2474 5143 ἐαυτοῦ
2498 5092 2788 5161 μανθάνειν
2806 5093 3033 5164 δύνηται
3064 5097 3129 5149 ἐκ
3157 5097 3259 5167 τῆς
3282 5099 3649 5166 ἀναγνώσεως

2061 5180 2228 5251 μόνης
2252 5180 2319 5233 τὰ
2344 5179 2630 5252 λεγόμενα.
2660 5184 2770 5237 Καὶ
2812 5187 2969 5239 τοῦτο
3023 5189 3428 5258 προαναφωνῶν
3456 5193 3483 5242 ό
3509 5209 3647 5262 προ-

2058 5272 2237 5343 φήτης
2268 5272 2472 5342 ἔλεγεν·
2508 5276 2787 5331 Ἔσονται
2806 5278 3030 5348 πάντες
3055 5280 3321 5336 διδακτοί
3350 5282 3517 5337 Θεοῦ·
3536 5285 3640 5338 καὶ

2118 5547 2140 5611 "f
2166 5544 2262 5611 ᾼΙὶἰ
2281 5548 2366 5604 τήν
2384 5548 2660 5611 ἀσφάλειαν.

2115 5608 2146 5681 (ξ
2160 5606 2302 5681 ,υιιιιξ
2324 5606 2485 5681 πηκοέν
2509 5613 2639 5681 ζόφῳ
2657 5617 2714 5675 τῇ
2738 5615 2957 5681 συγηθεζᾳ
2976 5616 3201 5681 ἀσαφείᾳ,
3226 5617 3440 5681 Savil.in
3476 5632 3634 5680 marg.

2115 5634 2141 5644 ιι
2171 5634 2302 5654 unum
2324 5634 2412 5657 ma.
2438 5634 2485 5657 εν
2509 5634 2634 5674 ςοφῳ
2657 5634 2714 5675 τῃ
2738 5634 2957 5681 οννηυειᾳ
2976 5634 3073 5665 ασα
3109 5634 3201 5680 ειᾳ,
3229 5634 3440 5667 Μνιωιι
3476 5634 3634 5680 marg.

2050 5668 2525 5796 ξζιὲιξξιέωὴίζυνήθης
2548 5674 2769 5738 ἀσάφεια.
2796 5677 2947 5726 Savil.
2990 5686 3044 5728 el
3076 5634 3257 5729 ilorel.
3279 5685 3338 5743 τῇ
3362 5687 3445 5740 τῆς
3463 5683 3637 5741 συνθή-
