3860 6224
230 277 337 332 993

237 391 426 446 Carnis
456 393 598 448 enim
628 396 1072 466 concupiscentiae
1100 397 1275 453 acrius
1305 399 1583 469 insurgunt
1626 398 1817 453 adver-

235 499 327 538 sus
352 499 446 538 eos
466 527 482 549 ,
510 492 598 556 qut
639 488 689 540 iu
721 488 996 543 hominum
1026 490 1207 543 vivunt
1235 489 1562 560 frequentia.
1595 506 1725 560 quos
1769 497 1823 544 et

237 575 430 628 decora
479 575 636 630 facies
660 617 675 642 ,
707 586 762 631 et
780 581 1022 648 corporis
1049 580 1190 634 nitor
1227 583 1366 650 capit
1397 597 1490 650 per
1529 582 1744 647 oculos,
1769 590 1822 634 et

238 666 462 719 verbum
497 667 808 722 obscaenum
838 686 933 740 per
957 687 1112 726 aures
1139 676 1433 743 ingressum
1464 674 1640 727 turbat
1669 673 1822 728 nobis

240 759 533 812 rationem:
566 761 872 829 frequenter
895 771 950 817 ct
977 773 1092 818 arte
1120 765 1386 819 modulata
1415 766 1591 820 mollis
1641 767 1820 819 cantio

238 849 403 901 animi
450 854 799 905 constantiam
851 854 1115 910 labefacit.
1151 855 1256 911 Sed
1283 858 1406 927 quid
1449 857 1562 912 haec
1591 873 1825 913 comme-

241 940 436 992 moro?
459 939 612 1008 Quod
641 941 722 995 his
746 944 994 998 omnibus
1017 947 1222 1000 videtur
1244 963 1362 1002 esse
1385 949 1558 1011 vilius,
1589 965 1826 1018 unguen-

245 1034 422 1082 torum
463 1031 595 1085 odor
619 1033 866 1087 alicunde
890 1036 1132 1104 aspirans
1156 1053 1185 1090 a
1218 1037 1546 1093 mulierculis
1577 1040 1628 1092 in
1657 1038 1824 1092 forni-

241 1120 394 1174 cibus
423 1129 683 1190 qutestum
703 1127 1060 1180 meretricium
1090 1129 1482 1196 exercentibus,
1506 1146 1570 1186 ex
1597 1131 1822 1200 simplici

240 1225 472 1266 occursu
503 1214 906 1283 comprehendit
930 1226 984 1271 et
1002 1217 1214 1272 abducit
1238 1221 1529 1290 captivum.

314 1304 368 1358 2.
390 1304 554 1376 Magis
576 1317 833 1361 tentantur
851 1311 936 1378 qui
955 1322 1214 1365 versantur
1229 1314 1281 1366 in
1302 1314 1824 1379 civilatibus.—Adco

243 1397 409 1450 multa
427 1407 545 1452 sunt
561 1415 678 1468 quzc
693 1410 925 1455 nostram
939 1416 1242 1474 oppugnant
1254 1408 1679 1479 animam,eoque
1691 1425 1825 1479 opus

246 1487 503 1544 habemus
519 1491 710 1546 divinis
726 1495 1105 1565 remediis,quo
1117 1499 1273 1552 simul
1287 1508 1341 1554 et
1353 1499 1460 1568 jam
1477 1503 1707 1570 acceptis
1721 1503 1827 1556 vul-

246 1581 464 1635 ueribus
495 1583 823 1651 medeamur,
856 1595 908 1639 et
951 1603 1068 1656 qua:
1112 1590 1340 1644 nomium
1370 1592 1583 1660 quidem
1629 1592 1822 1647 inﬂicta

244 1681 386 1734 sunt,
407 1673 497 1725 sed
539 1682 659 1743 post
706 1675 1028 1745 iniligentur,
1059 1680 1464 1747 prohibeamus,
1496 1684 1704 1738 eminus
1731 1700 1823 1738 ve-

246 1760 440 1813 nientia
455 1761 648 1816 diaboli
664 1765 864 1833 spicula
878 1768 1274 1836 exstingueutrs
1287 1770 1718 1840 depellenteSque
1734 1789 1826 1842 per

243 1852 511 1906 assiduam
551 1854 847 1910 divinarum
883 1857 1273 1927 Scripturarum
1313 1862 1616 1918 lectionem.
1645 1865 1826 1935 Neque

244 1945 387 1998 enim
420 1946 530 2000 fieri
570 1955 777 2017 potest,
804 1965 910 2004 non
936 1960 1130 2022 potest,
1162 1954 1395 2023 inquam,
1426 1955 1558 2019 ﬁeri,
1599 1965 1656 2010 ut
1682 1959 1828 2026 quis-

245 2049 404 2103 quam
425 2037 647 2091 salutem
663 2049 994 2108 assequatur,
1011 2043 1065 2095 ni
1086 2043 1296 2099 assidue
1311 2055 1552 2100 versetur
1577 2047 1628 2100 in
1650 2046 1829 2101 lectio-

248 2141 319 2181 ne
345 2128 622 2196 spirituali.
673 2130 783 2185 lmo
812 2133 1067 2201 praeclare
1108 2149 1292 2190 revera
1330 2136 1604 2192 nobiscum
1632 2141 1823 2208 agitur,

245 2219 452 2273 etiamsi
499 2231 753 2290 perpetuo
784 2223 939 2293 hujus
965 2226 1339 2282 medicamenti
1371 2231 1687 2298 participes,
1724 2231 1826 2282 ali-

245 2310 459 2378 quando
499 2313 723 2366 salutem
751 2316 1004 2384 consequi
1033 2317 1315 2385 possimus.
1343 2318 1495 2383 Quod
1519 2320 1561 2374 si
1591 2319 1827 2389 quotidie

245 2400 604 2464 vulnercmur,
637 2404 896 2458 medelam
925 2421 1048 2459 vero
1075 2407 1269 2460 nullam
1297 2409 1674 2477 adipiscamur,
1704 2425 1826 2479 quae

247 2489 406 2543 fuerit
427 2506 549 2560 spes
573 2493 801 2548 salutis?
829 2497 1018 2549 Annon
1041 2497 1186 2550 vides
1212 2498 1387 2552 fabros
1408 2502 1645 2566 aerarios,
1682 2500 1826 2552 auri-

246 2583 373 2637 tices
391 2625 406 2649 ,
437 2585 614 2640 fabros
639 2589 968 2656 argentarios
989 2631 1003 2653 ,
1030 2588 1257 2658 denique
1284 2605 1376 2645 eos
1402 2592 1488 2661 qui
1517 2606 1827 2660 quamcum-

245 2689 352 2742 que
383 2687 632 2731 excrcent
655 2689 823 2732 artem
845 2720 859 2743 ,
883 2681 1058 2734 omnia
1085 2682 1214 2735 artis
1238 2681 1587 2737 instrumenta
1634 2683 1826 2738 habere

244 2776 429 2835 parata
450 2775 503 2820 et
528 2767 726 2838 integra
752 2787 764 2821 :
789 2770 1030 2839 quamvis
1051 2773 1335 2842 compellat
1358 2771 1528 2826 fames
1549 2813 1562 2836 ,
1587 2773 1826 2841 quamvis

242 2853 446 2924 afﬂigat
486 2857 659 2926 inopia
683 2899 697 2919 ,
724 2860 900 2914 omnia
931 2871 1282 2930 prm0ptantes
1325 2863 1587 2916 sustinere
1616 2862 1824 2930 potius,

246 2962 405 3016 quam
452 2958 507 3003 ut
548 2965 612 3004 ex
653 2951 1016 3006 instrumentis
1055 2954 1262 3007 artificii
1301 2953 1565 3023 quidpiam
1595 2952 1826 3007 vendere

245 3037 446 3102 velint,
478 3047 636 3108 atque
660 3039 783 3094 hinc
803 3041 910 3094 ali?
938 3042 1117 3110 Itaque
1144 3043 1292 3096 multi
1332 3041 1632 3111 frequenter
1653 3041 1826 3110 potius

250 3125 544 3183 habuerunt
572 3139 806 3185 mutuam
842 3134 1116 3200 pecuniam
1158 3134 1431 3202 accipere,
1476 3142 1534 3186 ut
1576 3132 1823 3186 familiam

247 3225 304 3271 et
324 3218 520 3273 liberos
540 3220 778 3284 alerent,
807 3237 964 3291 quam
993 3224 1077 3276 vel
1101 3223 1370 3277 minimum
1395 3223 1588 3291 aliquid
1611 3237 1673 3276 ex
1696 3222 1824 3276 artis

248 3307 619 3364 instrumentis
660 3312 927 3366 vendere:
969 3313 1124 3382 idque
1165 3313 1284 3384 jure
1350 3313 1570 3382 Optimo.
1620 3313 1825 3368 Norunt

246 3397 390 3452 enim
411 3401 549 3468 quod
572 3400 854 3455 divenditis
884 3403 988 3458 illis
1010 3443 1025 3468 ,
1058 3417 1145 3456 ars
1172 3405 1415 3457 universa
1459 3404 1585 3472 ipsis
1628 3404 1695 3458 sit
1741 3405 1824 3458 in-

248 3489 428 3554 utilis,
479 3499 750 3561 totmuque
794 3505 1029 3561 qtimstus
1079 3493 1473 3548 fundamentum
1519 3495 1820 3548 sublatum:

246 3579 357 3632 illis
375 3588 552 3634 autem
579 3582 915 3635 manentibus
938 3623 952 3646 ,
985 3582 1095 3635 ﬁeri
1121 3591 1291 3651 potest
1314 3592 1368 3636 ut
1394 3591 1723 3636 contractum
1749 3598 1823 3637 aes

246 3669 477 3723 alienum
540 3686 824 3741 progressu
876 3674 1128 3740 temporis
1183 3674 1466 3742 aliquando
1532 3675 1824 3728 dissolvant

245 3760 440 3831 iugiter
460 3772 668 3818 utentes
689 3765 933 3818 artificio.
959 3765 1107 3831 Quod
1149 3766 1192 3818 si
1222 3767 1525 3835 priusquam
1571 3766 1824 3820 solverint

248 3867 326 3906 tes
353 3853 584 3910 alienum
604 3895 620 3920 ,
649 3855 769 3909 aliis
793 3871 853 3909 ea
885 3855 1148 3922 vendant,
1171 3856 1280 3924 jam
1311 3873 1413 3910 non
1437 3865 1518 3910 est
1545 3857 1681 3910 unde
1703 3873 1825 3926 pos-

247 3944 357 3997 sint
405 3946 651 3999 solatium
694 3945 905 4016 aliquod
957 3945 1108 4000 famis
1155 3947 1451 4017 inopiteque
1500 3947 1818 4015 excogitare.

249 4034 362 4089 Hoc
389 4050 516 4089 sane
563 4037 740 4090 animo
784 4053 880 4090 nos
905 4052 1115 4106 quoque
1147 4037 1395 4105 prmditos
1436 4051 1556 4091 esse
1592 4046 1818 4105 oportet.

247 4124 703 4190 Quemadmodum
758 4129 897 4181 enim
949 4129 1053 4182 illis
1095 4129 1222 4182 artis
1276 4129 1624 4182 instrumenta
1666 4139 1818 4196 sunt,

247 4216 507 4284 malleus,
539 4219 718 4284 incus,
765 4219 1003 4289 forceps:
1050 4223 1128 4275 sic
1167 4232 1219 4276 et
1262 4222 1413 4277 nobis
1454 4223 1582 4275 artis
1626 4222 1821 4276 instru-

249 4317 427 4361 menta
465 4319 589 4362 sunt
611 4311 969 4379 apostolorum
997 4327 1059 4366 ac
1086 4313 1460 4382 prophetarum
1484 4313 1602 4367 libri
1625 4315 1824 4366 omnis-

247 4412 354 4465 que
378 4397 650 4468 Scriptura
694 4400 943 4456 divinitus
981 4403 1231 4471 inspirata
1255 4415 1307 4458 et
1334 4405 1475 4458 utilis
1505 4403 1578 4474 (2.
1607 4403 1736 4456 Tim.
1767 4405 1819 4458 5.

247 4487 364 4559 ili).
397 4489 462 4543 Et
487 4490 932 4559 quemadmodum
976 4494 1048 4547 illi
1077 4510 1169 4563 per
1195 4497 1541 4550 instrumenta
1571 4496 1822 4566 quidquid

247 4579 546 4635 faciendum
569 4585 900 4654 susceperint
926 4586 1236 4654 perficiunt:
1269 4589 1338 4642 ita
1378 4605 1507 4644 sane
1531 4600 1578 4642 et
1611 4604 1705 4644 nos
1730 4605 1824 4658 per

247 4668 350 4722 hos
392 4671 708 4726 fabricamur
767 4675 999 4728 animam
1061 4686 1333 4742 nostram,
1379 4679 1824 4747 depravatamque

246 4761 592 4830 corrigimus,
647 4771 702 4818 et
747 4764 1093 4819 inveteratam
1143 4782 1482 4821 renovamus.
1532 4770 1704 4836 Atque
1751 4769 1822 4821 illi

247 4849 463 4918 quidem
503 4851 759 4907 hactenus
784 4854 943 4909 modo
967 4865 1219 4924 praestant
1244 4872 1390 4911 suam
1417 4868 1586 4912 artem
1632 4867 1688 4911 ut
1715 4859 1822 4910 for-

247 4955 392 4993 mam
420 4940 619 4996 addant
659 4943 854 4998 rebus:
887 4961 1061 5015 neque
1097 4949 1239 5001 enim
1293 4959 1513 5017 possunt
1549 4951 1822 5003 materiam

247 5044 496 5084 vasorum
524 5040 880 5089 transmutare
899 5078 913 5102 ,
945 5052 1115 5108 neque
1143 5054 1209 5093 ex
1243 5049 1462 5108 argento
1483 5055 1667 5094 aurum
1699 5040 1822 5094 red-

244 5119 377 5174 dere
414 5138 428 5174 :
466 5123 561 5177 sed
610 5123 796 5179 harum
838 5143 1020 5187 rerum
1066 5130 1257 5198 figuras
1308 5143 1633 5198 COmpOl’tUul
1671 5132 1824 5186 dum-

247 5221 412 5266 taxat.
472 5214 551 5269 Tu
616 5232 743 5272 vero
811 5234 914 5273 non
965 5221 1074 5286 ita,
1125 5221 1216 5275 sed
1283 5222 1507 5291 amplius
1575 5223 1822 5292 quiddam

247 5318 402 5376 p0tes
451 5325 464 5362 :
512 5325 632 5364 nam
677 5311 906 5380 ligneum
975 5328 1068 5368 vas
1130 5324 1401 5383 acceptum
1474 5315 1669 5384 poteris
1727 5316 1826 5368 ali-

246 5398 463 5464 quando
500 5399 725 5455 reddere
771 5417 1019 5456 aureum:
1060 5405 1146 5457 cui
1191 5406 1266 5458 rei
1300 5406 1446 5459 testis
1489 5415 1569 5459 est
1598 5405 1823 5470 Paulus,

249 5488 306 5533 in
328 5487 468 5544 hunc
490 5490 712 5560 loquens
737 5493 987 5548 modum:
1014 5493 1082 5548 In
1121 5513 1304 5567 magna
1333 5507 1497 5550 autem
1536 5498 1683 5551 domo
1729 5514 1829 5551 non

249 5589 415 5634 solum
442 5594 560 5637 sunt
590 5601 710 5638 vasa
738 5602 892 5640 aurea
920 5597 965 5641 et
985 5599 1219 5659 argentea
1237 5631 1252 5655 ,
1279 5591 1368 5644 sed
1411 5599 1457 5643 et
1504 5591 1669 5660 lignea
1700 5591 1831 5656 ﬁcti-

249 5671 434 5738 linque.
470 5672 531 5727 Si
577 5677 687 5743 quis
714 5676 868 5746 igitur
895 5681 1242 5749 expurgnverit
1271 5681 1490 5750 seipsum
1519 5682 1580 5734 ab
1605 5682 1701 5746 his,
1733 5683 1826 5734 erit

1465 286 1553 341 DE
1592 284 1862 342 LAZARO
1898 285 2140 346 CONClO
2179 289 2265 346 Ill.

3390 294 3488 354 994

1931 402 2089 454 vasin
2119 403 2358 458 lwnorem
2385 407 2774 476 sanctiﬁcatum,
2801 421 2847 464 et
2869 411 2995 465 utile
3017 412 3234 468 Domino
3259 415 3326 468 ad
3353 431 3500 470 omne

1928 508 2056 560 opus
2075 494 2259 548 bonum
2281 509 2618 566 prwparatum
2743 500 2875 555 Tim.
2898 502 2953 555 2.
2975 503 3062 558 20.
3085 505 3147 558 2|
3162 512 3200 574 ).
3219 514 3402 574 Itaque
3433 523 3500 560 ne

1930 584 2254 652 negligamus
2279 587 2430 641 nobis
2466 604 2652 657 parare
2673 591 2854 656 libros,
2873 607 2938 646 ne
2954 594 3094 648 circa
3115 595 3292 649 vitalia
3313 598 3502 650 vulnus

1928 670 2278 741 accipiamus:
2311 692 2406 730 nec
2432 693 2616 732 aurum
2643 680 2973 736 defodiamus
2996 725 3010 749 ,
3041 684 3134 738 sed
3176 686 3327 740 nobis
3371 694 3501 755 ips;s

1930 763 2280 819 recondamus
2309 766 2612 822 thesaurum
2640 770 2890 825 librorum
2936 775 3270 841 spiritalium.
3301 779 3500 830 Aurum

1929 853 2142 921 quidem
2165 871 2286 909 cum
2315 860 2543 912 maxime
2570 862 2797 926 crescit,
2828 873 2934 916 tum
2972 864 3199 918 maxime
3229 865 3505 919 insidiatur

1931 943 2356 1010 possidentibus:
2396 947 2512 1000 libri
2561 965 2687 1002 vero
2736 953 2950 1018 repositi
2995 953 3211 1007 multam
3260 954 3506 1016 adferunt

1932 1037 2248 1092 habentibus
2289 1040 2588 1095 utilitatem.

2001 1129 2278 1184 Sacrorum
2300 1133 2540 1186 librorum
2581 1135 2714 1187 laus.
2754 1165 2824 1174 —
2863 1136 3316 1202 Quemadmodum
3360 1138 3500 1191 enim

1930 1235 2073 1272 arma
2102 1221 2298 1291 regalia
2327 1223 2578 1292 reposita,
2606 1223 2811 1277 etiamsi
2846 1241 3000 1278 nemo
3026 1226 3126 1278 illis
3155 1242 3280 1280 usus
3305 1228 3391 1288 sit,
3423 1237 3503 1280 :a-

1932 1327 2052 1365 men
2082 1313 2164 1377 iis,
2188 1313 2278 1381 qui
2310 1312 2547 1367 habitant
2593 1315 2644 1367 in
2686 1315 2888 1368 :cdibus
2937 1316 3023 1368 ubi
3073 1316 3301 1384 reposita
3345 1325 3500 1380 sunt,

1931 1405 2148 1457 multam
2173 1405 2409 1474 praebent
2443 1406 2735 1460 custodiam
2777 1422 2838 1460 ac
2867 1415 3098 1461 tuumnon
3119 1449 3133 1475 ,
3165 1408 3289 1461 dum
3335 1423 3506 1477 neque

1931 1496 2182 1560 latrones,
2200 1511 2370 1566 neque
2388 1499 2644 1566 parietum
2666 1498 3012 1566 perfossores,
3031 1514 3200 1568 neque
3215 1500 3350 1553 alius
3366 1500 3508 1568 quis-

1933 1588 2068 1656 piam
2091 1588 2468 1643 sceleratorum
2491 1590 2645 1644 audet
2662 1606 2778 1645 eam
2800 1591 3240 1660 aggredidomum
3264 1609 3276 1644 :
3296 1593 3372 1645 sic
3389 1592 3506 1645 ubi-

1930 1692 2157 1749 cumque
2183 1680 2374 1734 fuerint
2396 1680 2511 1734 libri
2538 1682 2820 1750 spiritales,
2851 1683 2995 1735 illinc
3021 1682 3194 1736 omnis
3223 1681 3504 1749 expellitur

1932 1769 2011 1823 vis
2035 1770 2328 1836 diabolica,
2359 1779 2628 1841 mmtaque
2683 1773 3098 1827 inhabitantibus
3147 1772 3350 1826 accedit
3402 1773 3505 1824 vir-

1931 1861 2058 1914 tutis
2106 1861 2431 1916 consolatio:
2461 1862 2885 1932 quandoquidem
2939 1865 3051 1932 ipse
3095 1864 3254 1918 etiam
3307 1879 3400 1932 per
3444 1880 3504 1918 se

1931 1950 2183 2005 librormn
2227 1962 2468 2022 aspectus
2511 1953 2782 2023 segniores
2812 1969 2907 2006 nos
2953 1953 3126 2008 reddit
3172 1952 3238 2008 ad
3287 1968 3507 2022 peccan-

1930 2039 2078 2095 dum.
2121 2041 2244 2096 Sive
2292 2043 2432 2096 enim
2487 2043 2759 2112 quidpiam
2810 2044 2926 2099 ausi
2977 2043 3230 2098 fuerimus
3281 2057 3502 2110 eorum,

1930 2145 2048 2200 qua:
2072 2131 2332 2200 prohibita
2361 2140 2516 2198 sinit,
2567 2135 2931 2203 nosqueipsos
2969 2133 3357 2188 reddiderimus
3396 2136 3479 2203 po!

1933 2222 2104 2286 lutos,
2130 2239 2373 2279 reversos
2418 2227 2757 2292 domum,ac
2805 2227 2967 2281 libros
3016 2228 3286 2282 intuentes
3331 2228 3506 2282 acrius

1933 2329 2030 2368 nos
2073 2315 2390 2370 condemnat
2427 2318 2782 2386 conscientia,
2832 2319 3204 2388 reddimurque
3258 2319 3508 2372 lentiores

1931 2406 1996 2460 ad
2052 2406 2236 2460 eadem
2264 2409 2586 2478 repetenda.
2617 2409 2846 2463 Rursum
2899 2410 3010 2463 sive
3060 2410 3112 2463 in
3160 2412 3505 2464 sanctimonia

1931 2498 2348 2567 perstiterimus,
2402 2499 2658 2568 majorem
2714 2499 2837 2552 inde
2886 2499 3162 2552 utilitatem
3193 2499 3503 2569 accipimus.

1930 2588 2061 2641 Nam
2106 2589 2262 2642 simul
2314 2597 2471 2658 atque
2527 2590 2694 2658 tetigit
2732 2590 2920 2658 aliquis
2977 2589 3350 2659 Evangelium,
3383 2605 3506 2644 mnx

1930 2679 2228 2747 composuit
2253 2695 2401 2732 suam
2431 2679 2595 2747 ipsius
2636 2688 2894 2742 mentem,
2927 2689 2979 2733 et
3005 2694 3036 2733 a
3081 2680 3243 2735 rebus
3285 2680 3507 2734 munda-

1933 2769 2015 2821 nis
2064 2769 2314 2834 abduxit,
2368 2769 2528 2839 idque
2578 2785 2642 2823 ex
2698 2770 2811 2838 ipso
2848 2769 2962 2823 solo
3009 2779 3245 2838 aspectu.
3277 2770 3426 2834 Quod
3454 2771 3504 2822 si

1930 2857 2216 2911 accesserit
2243 2857 2467 2927 diligens
2507 2859 2692 2922 lectio,
2723 2874 2826 2911 non
2859 2859 3014 2912 aliter
3051 2873 3209 2926 quam
3241 2859 3292 2911 in
3336 2859 3504 2912 sacris

1930 2946 2103 3017 adytis
2122 2988 2136 3012 ,
2160 2947 2318 3001 rebus
2343 2948 2534 3002 divinis
2563 2949 2764 3003 initiata
2806 2949 2980 3002 anima
3002 2989 3016 3014 ,
3043 2949 3120 3003 sic
3171 2957 3503 3018 repurgatur.

1930 3039 2223 3106 meliorque
2253 3038 2505 3106 redditur,
2535 3040 2648 3094 Deo
2673 3055 2794 3094 cum
2849 3042 2957 3110 ipsa
2999 3055 3094 3110 per
3119 3041 3234 3096 lllas
3263 3041 3504 3111 Scripta:-

1929 3144 2017 3184 ras
2041 3130 2392 3199 colloquente.
3417 3127 3420 3130 ’

1999 3219 2167 3274 Lectio
2190 3222 2469 3292 Scriptura:
2486 3224 2636 3275 etiam
2658 3239 2760 3275 non
2786 3221 3052 3276 intellecta:
3074 3223 3233 3276 utilis.
3257 3252 3329 3263 —
3365 3223 3502 3290 Quid

1929 3311 2107 3380 igitur,
2139 3311 2416 3379 inquiunt,
2439 3313 2496 3364 si
2545 3326 2650 3365 non
2694 3311 3045 3380 intelligamus
3078 3327 3137 3366 ea
3167 3327 3286 3382 qua:
3329 3313 3501 3366 conti-

1928 3412 2121 3457 nentur
2147 3402 2334 3456 libris?
2362 3401 2587 3455 Maxime
2607 3402 2820 3472 quidem
2848 3403 3054 3456 etiamsi
3101 3419 3204 3456 non
3238 3403 3500 3473 intelligas

1930 3493 2038 3547 illic
2078 3491 2384 3559 recondita,
2415 3501 2590 3546 tamen
2622 3508 2686 3546 ex
2734 3491 2846 3561 ipsa
2875 3493 3098 3546 lectione
3124 3492 3290 3546 multa
3331 3492 3504 3546 nasci-

1929 3592 2014 3637 tur
2037 3583 2407 3638 sanctimonia.
2430 3583 2756 3652 Quamquam
2798 3582 2910 3637 fieri
2936 3598 3038 3637 non
3072 3590 3247 3652 potest
3273 3591 3326 3636 ut
3376 3596 3496 3636 om-

1929 3675 2014 3727 nia
2040 3688 2106 3728 ex
2153 3690 2302 3743 aequo
2332 3675 2542 3743 ignores
2579 3690 2593 3726 :
2624 3683 2900 3743 propterea
2952 3673 3211 3742 siquidem
3265 3673 3496 3742 Spiritus

1926 3765 2093 3834 gratia
2124 3764 2449 3834 dispensavit
2473 3779 2535 3816 ac
2574 3763 2829 3832 providit,
2865 3773 2917 3816 ut
2941 3763 3236 3831 publicani,
3269 3766 3499 3832 piscato-

1928 3871 2048 3918 res,
2090 3854 2548 3910 tabernaculorum
2577 3851 2825 3920 Opifices,
2873 3861 3113 3919 pastores
3141 3863 3194 3906 et
3238 3854 3498 3922 caprarii,

1928 3945 2107 3998 idiota:
2129 3985 2143 4008 ,
2169 3945 2420 4008 illiterati,
2444 3944 2543 3996 hos
2570 3943 2734 3997 libros
2757 3951 3174 4011 componerent,
3205 3952 3260 3996 et
3289 3957 3355 3997 ne
3381 3944 3502 4012 quis

1927 4034 2205 4088 idiotarum
2227 4034 2291 4087 ad
2320 4034 2455 4087 hanc
2482 4031 2809 4086 difﬁcultatis
2834 4030 3116 4101 confugere
3134 4039 3313 4100 posset
3336 4047 3502 4086 excu-

1926 4126 2182 4180 sationem
2202 4165 2215 4187 ,
2240 4132 2296 4178 ut
2323 4123 2568 4177 omnibus
2593 4120 2762 4175 facilia
2787 4131 3073 4190 conspectu
3098 4129 3276 4175 essent
3294 4136 3355 4175 ea
3381 4139 3498 4191 quae

1927 4216 2195 4281 dicuntur,
2220 4223 2277 4269 ut
2301 4224 2354 4268 et
2383 4213 2585 4283 Opifex,
2616 4220 2669 4268 et
2700 4212 2926 4267 famulus
2946 4253 2961 4277 ,
2990 4223 3045 4266 et
3087 4211 3240 4265 vidua
3282 4211 3495 4276 mulier,

1926 4317 1980 4362 et
2008 4307 2244 4361 omnium
2276 4303 2546 4358 hominum
2579 4302 2970 4358 indoctissimus
2989 4316 3052 4355 ex
3077 4301 3251 4354 audita
3273 4300 3500 4354 lectione

1926 4398 2123 4469 aliquid
2163 4398 2292 4452 lucri
2322 4396 2670 4466 utilitatisque
2721 4401 3040 4463 reportaret.
3081 4393 3194 4446 Non
3242 4393 3383 4447 enim
3433 4393 3500 4447 ad

1928 4493 2138 4548 inanem
2198 4491 2457 4560 gloriam,
2504 4487 2949 4557 quemadmodum
2994 4486 3240 4553 Ethnici,
3285 4486 3380 4540 sed
3435 4486 3500 4539 ad

1927 4583 2251 4637 audientium
2271 4581 2498 4636 salutem
2526 4579 2640 4634 haec
2666 4579 2842 4633 omnia
2863 4587 3276 4648 composuerunt
3297 4578 3351 4642 ii,
3369 4591 3502 4645 quos

1926 4675 1994 4728 ab
2020 4674 2168 4728 initio
2197 4674 2335 4729 Deus
2358 4671 2601 4742 dignatus
2625 4679 2706 4726 est
2724 4669 2888 4742 gratia
2905 4669 3147 4738 Spiritus.

1998 4765 2049 4818 5.
2091 4763 2363 4834 Siquidem
2392 4765 2426 4817 ii
2444 4763 2533 4832 qui
2555 4772 2678 4818 sunt
2701 4779 2732 4818 a
2758 4762 2968 4818 Christo
2997 4761 3153 4815 alieni
3180 4760 3500 4830 philosophi,

1928 4854 2158 4918 dicendi,
2201 4854 2451 4920 artifices,
2480 4853 2758 4918 rhetores,
2791 4867 2852 4907 ac
2881 4853 3137 4908 librorum
3183 4852 3502 4920 scriptores,

1930 4963 2035 5001 non
2063 4945 2204 5016 quod
2228 4947 2281 5000 in
2319 4959 2599 4998 commune
2623 4944 2871 4999 conducit
2895 4953 3192 5012 querentes
3212 4984 3227 5009 ,
3257 4941 3350 4996 sed
3377 4941 3502 5000 illud

1929 5046 2230 5107 spectantes
2257 5043 2314 5088 ut
2350 5034 2451 5103 ipsi
2480 5035 2674 5087 suntin
2705 5034 3082 5097 admiratione,
3115 5033 3323 5088 etiamsi
3376 5031 3502 5098 quid

1929 5128 2061 5182 utile
2091 5126 2315 5182 dixerint
2338 5164 2354 5189 ,
2385 5124 2485 5178 hoc
2503 5139 2713 5194 quoque
2737 5122 3182 5191 quemadmodum
3205 5123 3254 5175 in
3278 5121 3502 5190 caligine

1929 5219 2190 5290 quadam,
2216 5225 2469 5272 consueta
2498 5215 2596 5269 sibi
2617 5215 2944 5269 occultarunt
2978 5213 3317 5267 obscuritate.
3361 5214 3498 5282 Apo~

1930 5311 2051 5365 stoli
2077 5325 2203 5365 vero
2226 5324 2289 5363 ac
2316 5307 2587 5376 propheta:
2613 5305 2789 5359 omnia
2819 5313 3000 5358 contra
3027 5302 3297 5358 fecerunt:
3328 5306 3502 5358 mani-

1931 5400 2063 5457 festa
2142 5401 2426 5468 claraque,
2491 5411 2608 5467 qua:
2681 5394 3056 5465 prodiderunt,
3141 5405 3501 5462 exposuerunt

1932 5492 2206 5557 omnibus,
2229 5489 2390 5544 veluti
2413 5501 2722 5543 communes
2743 5485 2886 5540 orbis
2915 5484 3165 5539 doctores
3183 5524 3198 5547 ,
3235 5493 3291 5536 ut
3318 5498 3414 5552 per
3443 5499 3502 5539 se

1932 5585 2159 5654 quisque
2173 5582 2380 5637 discere
2399 5580 2564 5650 possit
2584 5592 2644 5633 ea
2666 5591 2783 5646 qua:
2807 5575 3050 5630 dicuntur
3064 5590 3094 5629 e
3114 5573 3226 5628 sola
3253 5571 3479 5628 lectione

1940 5679 2050 5734 lloc
2069 5688 2188 5730 ante
2218 5676 2576 5745 pramuntians
2601 5671 2850 5743 propheta
2870 5667 3076 5723 diccbat
3106 5686 3115 5718 ς
3143 5666 3308 5720 Erunt
3332 5677 3502 5719 autne!
