3862 6228
407 277 510 333 9'35

405 396 539 444 docti
560 407 589 442 a
618 389 723 444 Deo
742 430 755 452 ,
785 398 830 441 et
855 403 953 440 non
995 385 1124 438 dicet
1159 385 1365 454 quisque
1393 381 1622 450 proximo
1661 395 1784 441 suo,
1809 377 1974 432 Nosce

412 482 576 536 Deum
598 519 615 546 ,
647 478 882 550 quoniam
910 492 1079 531 omnes
1105 482 1304 527 noscent
1337 487 1415 524 me
1451 488 1483 524 a
1512 469 1716 522 miniata
1748 469 1978 535 ipsorum

403 589 563 640 usque
602 587 668 624 aa
717 570 992 624 maximum
1033 581 1203 618 eorum
1233 562 1366 634 (Jer.
1399 562 1595 616 31.35.
1643 571 1688 613 et
1735 559 1890 612 Joan.
1920 557 1974 611 6.

407 665 477 718 45
500 665 538 732 ).
573 662 640 717 Et
669 661 860 715 Paulus
889 659 1056 728 inquit
1086 675 1100 712 :
1133 656 1200 708 Et
1228 671 1316 726 ego
1340 695 1355 719 ,
1383 654 1562 722 fratres
1585 694 1600 716 ,
1626 653 1736 705 ueni
1777 651 1844 703 ad
1873 665 1978 713 ras,

401 771 510 807 non
537 769 624 822 per
651 749 991 805 excellentiam
1023 747 1264 802 sermonis
1291 755 1377 798 aut
1405 744 1666 807 sapientia
1684 784 1698 805 ,
1745 742 1980 795 nuntians

407 844 542 897 vobis
565 842 856 912 mysterium
884 839 979 893 Dei
1005 838 1080 905 (ί.
1105 837 1220 891 Cor.
1253 837 1306 890 2.
1342 839 1409 904 l).
1443 837 1506 888 Et
1535 836 1724 888 iterum
1757 850 1770 884 :
1801 833 1982 885 Sermo

407 950 550 1001 mgus
592 941 638 985 et
667 931 958 1000 prtzdicatio
985 946 1086 982 non
1115 930 1166 982 in
1195 925 1597 999 persuasibilibus
1631 928 1864 976 humana:
1891 938 1978 974 sa-

409 1023 608 1092 pientia,-
645 1023 834 1087 verbis,
887 1020 976 1073 sed
1022 1020 1072 1071 in
1111 1015 1394 1070 ostensione
1437 1016 1642 1084 spiritus
1693 1030 1753 1066 ac
1804 1013 1983 1066 virtute

409 1112 521 1180 (Id.
550 1128 596 1164 υ.
626 1112 702 1179 4).
737 1111 800 1164 Et
841 1125 1086 1163 rursum:
1111 1107 1382 1170 Loquimur
1401 1107 1529 1158 enim
1551 1103 1878 1172 sapientiam,
1904 1102 1984 1154 itt-

411 1203 557 1271 quit,
589 1217 686 1253 non
708 1201 882 1254 steculi
911 1201 1061 1267 hujus
1081 1239 1095 1260 ,
1128 1213 1283 1265 neque
1305 1196 1586 1264 principum
1616 1195 1765 1262 Imjus
1789 1192 1979 1254 seaculi,

405 1293 494 1360 qui
520 1299 910 1359 corrumpuntur
941 1289 1045 1359 (Ib.
1081 1304 1126 1341 υ.
1158 1289 1234 1356 6).
1263 1286 1359 1340 Cui
1405 1287 1549 1338 enim
1579 1301 1682 1338 non
1719 1291 1842 1337 sunt
1867 1297 1982 1334 nta-

409 1381 596 1435 uifesta
622 1395 967 1450 quaecumque
991 1380 1042 1432 in
1065 1377 1350 1447 Evangelia
1389 1377 1580 1443 scripta
1605 1383 1728 1428 sunt
1769 1371 1980 1444 (Matth.

409 1471 464 1525 5.
487 1472 540 1525 4.
569 1487 676 1540 sqq.
701 1469 718 1538 )
742 1470 765 1522 ?
789 1470 918 1535 Quis
947 1477 1120 1521 autem
1152 1467 1376 1521 audiens
1403 1466 1584 1520 beatos
1624 1479 1744 1519 esse
1786 1463 1944 1518 mites
1963 1503 1978 1526 ,

413 1560 597 1616 beatos
639 1558 1014 1613 misericordes
1037 1598 1052 1622 ,
1083 1557 1265 1610 beatos
1308 1553 1504 1608 mundo
1544 1553 1704 1608 corde
1724 1593 1738 1616 ,
1767 1563 1986 1606 caetera-

406 1665 512 1719 que
542 1648 864 1718 hujusmodi,
892 1647 1066 1716 egebit
1095 1652 1417 1714 pratceptore
1440 1685 1455 1709 ,
1487 1652 1543 1697 ut
1567 1643 1761 1712 aliquid
1799 1656 1983 1696 eorum

407 1741 551 1794 dicat
579 1755 695 1808 qua:
736 1736 1016 1792 dicuntur?
1056 1736 1250 1790 Verum
1297 1735 1483 1804 signa,
1523 1733 1794 1793 miracula,
1823 1733 1988 1784 histo-

412 1833 506 1884 riae
528 1871 543 1894 ,
575 1846 680 1883 non
721 1829 888 1884 cuivis
912 1836 1035 1882 uota
1078 1825 1462 1895 manifestaque
1505 1826 1662 1879 sunt?
1690 1825 1985 1878 Praetextus

409 1921 514 1975 iste
536 1930 619 1978 est
638 1928 690 1974 et
712 1919 951 1974 causatio
974 1958 990 1985 ,
1023 1919 1346 1986 pigritia'que
1374 1915 1747 1970 velamentum.

483 2009 650 2063 Lectio
676 2012 856 2063 iterata
882 2010 1043 2077 aperit
1075 2008 1306 2060 obscura.
1335 2034 1408 2044 —
1446 2004 1559 2058 Non
1592 2005 1840 2073 intelligis
1865 2019 1986 2073 qute

413 2097 636 2156 insunt:
683 2099 950 2168 quomodo
993 2097 1163 2166 possis
1203 2095 1486 2164 aliquando
1529 2096 1844 2164 intelligere,
1895 2096 1986 2163 qui

414 2209 484 2248 nc
513 2193 700 2247 leviter
722 2191 934 2260 quidem
975 2189 1234 2258 inspicere
1280 2187 1451 2242 velis?
1495 2186 1657 2240 Sume
1701 2185 1890 2238 librum
1932 2185 1984 2237 in

411 2295 622 2344 manus,
653 2280 767 2348 lege
791 2277 1063 2332 historiam
1092 2291 1324 2340 onmem,
1353 2285 1406 2329 et
1431 2291 1548 2343 qua:
1575 2283 1698 2328 nota
1727 2283 1848 2326 sunt
1871 2288 1988 2327 tne-

413 2371 582 2424 moria
610 2379 826 2434 tenens,
858 2382 918 2421 ea
953 2381 1070 2436 qua:
1097 2365 1322 2420 obscura
1350 2371 1475 2419 sunt
1504 2379 1790 2433 parumque
1819 2362 1988 2416 maui-

413 2460 573 2526 fcsta,
603 2461 905 2529 frequenter
933 2473 1203 2527 percurre.
1235 2456 1386 2524 Quod
1425 2457 1468 2510 si
1494 2470 1598 2509 non
1625 2457 1821 2526 poteris
1847 2456 1978 2508 assi-

413 2555 614 2610 duitate
643 2552 883 2608 lectionis
909 2551 1146 2605 invenire
1173 2549 1315 2619 quod
1339 2549 1553 2614 dicitur,
1594 2549 1788 2602 accede
1813 2549 1876 2600 ad
1901 2562 1987 2600 sa-

415 2646 748 2716 pientiorem,
772 2641 905 2697 vade
925 2641 990 2695 ad
1018 2641 1312 2705 doctorem,
1333 2641 1660 2694 communica
1682 2638 1747 2691 de
1778 2639 1840 2691 iis
1866 2653 1985 2706 quae

415 2737 610 2804 scripta
639 2743 782 2800 sunt,
811 2733 1022 2788 declara
1045 2733 1330 2786 vehemens
1348 2730 1600 2784 studium.
1632 2728 1698 2782 Et
1722 2728 1767 2783 si
1796 2729 1986 2782 viderit

413 2837 466 2882 te
495 2830 635 2882 Deus
661 2835 859 2880 tantam
902 2824 1064 2879 animi
1101 2824 1424 2877 alacritatem
1462 2821 1733 2888 adhibete,
1763 2835 1864 2874 non
1893 2820 1986 2874 de-

413 2921 600 2988 spiciet
650 2927 790 2973 tuam
833 2917 1156 2988 vigilantiam
1198 2930 1261 2969 ac
1307 2912 1734 2969 sollicitudinem.
1789 2911 1982 2966 Verum

409 3012 572 3065 etiam
603 3011 648 3064 si
689 3011 864 3065 nullus
907 3009 1065 3062 homo
1091 3018 1141 3062 te
1177 3006 1416 3061 docuerit
1445 3005 1586 3074 quod
1631 3005 1846 3072 quaeris,
1873 3003 1984 3071 ipse

411 3105 527 3157 sine
552 3102 714 3156 dubio
731 3101 1007 3156 reserabit.
1028 3099 1289 3154 Memento
1309 3095 1536 3151 eunuchi
1552 3096 1746 3164 regina:
1774 3092 1982 3147 zEthio-

413 3211 559 3264 pum,
608 3193 700 3263 qui
741 3208 861 3247 cum
905 3200 1046 3247 esset
1086 3190 1246 3245 homo
1273 3189 1558 3252 barbarus,
1586 3185 1984 3254 inminet-isque

411 3288 674 3342 distentus
733 3283 1206 3348 sollicitudinibus,
1257 3290 1311 3336 et
1369 3279 1700 3348 undiquaquc
1750 3278 1981 3331 circum-

411 3386 594 3447 septus
620 3376 877 3446 negotiis,
907 3389 1005 3428 nec
1034 3373 1351 3441 intelligeret
1375 3385 1493 3440 qua:
1520 3369 1745 3438 legebat,
1779 3367 1984 3436 legebat

413 3479 587 3522 tamen
615 3468 665 3520 in
685 3481 842 3522 curru
862 3465 1073 3520 sedens.
1093 3462 1242 3530 Quod
1267 3462 1313 3517 si
1341 3461 1392 3514 iu
1419 3461 1502 3515 via
1522 3467 1717 3514 tantam
1742 3457 1984 3528 prznstitit

411 3557 772 3628 diligentiam,
818 3556 990 3624 cogita
1033 3553 1204 3624 qualis
1243 3550 1404 3607 fuerit
1440 3549 1585 3604 domi
1631 3561 1891 3602 versans:
1936 3547 1982 3601 si

418 3658 656 3716 tempore
696 3643 1039 3717 profectionis
1083 3657 1187 3696 nou
1231 3640 1482 3718 sustinuit
1509 3638 1710 3706 absque
1758 3637 1984 3690 lectione

415 3754 654 3804 manere,
697 3739 865 3791 multo
896 3736 1069 3790 minus
1096 3733 1238 3788 domi
1277 3731 1469 3786 sedens
1497 3747 1510 3784 :
1540 3731 1586 3786 si
1615 3729 1743 3784 nihil
1784 3728 1979 3782 intelli-

411 3843 544 3900 gens
587 3827 822 3898 legebat,
852 3841 949 3880 nec
990 3824 1195 3879 destitit
1221 3837 1250 3875 a
1296 3821 1554 3885 lectione,
1595 3820 1760 3873 multo
1805 3818 1981 3872 minus

414 3928 691 3990 postquam
727 3916 1006 3972 didicerat.
1041 3914 1171 3969 Nam
1204 3923 1261 3967 ut
1285 3911 1456 3976 scias,
1490 3910 1630 3980 quod
1670 3924 1777 3964 non
1821 3909 1978 3962 intel-

411 4011 604 4066 lexerit
627 4024 745 4078 qua:
774 4008 998 4078 legebat,
1031 4005 1153 4059 audi
1193 4002 1316 4073 quid
1343 4001 1472 4056 dicit
1496 4001 1805 4068 Philippus:
1839 3999 1980 4050 Nam

411 4102 648 4171 intelligis
676 4115 790 4169 qua:
815 4098 937 4166 legis
962 4095 1102 4166 (Act.
1133 4094 1186 4150 8.
1210 4092 1298 4164 50)
1318 4093 1340 4145 ’ἒ
1363 4093 1534 4160 Atque
1564 4090 1654 4144 ille
1683 4090 1762 4142 his
1783 4089 1980 4142 auditis

412 4208 518 4247 non
550 4189 859 4259 pudefactus
895 4196 998 4251 est,
1032 4200 1130 4239 nec
1153 4183 1394 4248 erubuit,
1423 4181 1514 4236 sed
1544 4180 1802 4235 inscitiam
1828 4194 1977 4233 suam

415 4283 691 4334 confessus
715 4286 798 4331 est
821 4277 1039 4344 aitque:
1071 4275 1288 4339 Quinam
1327 4273 1540 4341 possint,
1581 4271 1678 4324 nisi
1706 4271 1816 4341 quis
1856 4269 1980 4322 mihi

409 4369 681 4426 ostenderit
710 4367 813 4439 (Ib.
842 4382 886 4420 υ.
918 4364 1046 4435 54)?
1073 4365 1204 4418 Cum
1233 4363 1465 4416 nondum
1493 4361 1707 4414 haberet
1731 4359 1820 4429 qui
1843 4359 1976 4412 viam

407 4466 887 4522 commonstraret,
935 4466 1110 4510 tamen
1167 4454 1392 4523 legebat,
1433 4467 1602 4521 eoque
1652 4453 1758 4504 cito
1792 4465 1980 4504 conse-

405 4561 604 4621 quutus
631 4559 714 4605 est
735 4549 1030 4604 ductorem.
1061 4545 1215 4600 Novit
1237 4558 1550 4613 propensam
1582 4542 1720 4596 illius
1749 4543 1976 4595 animant

411 4643 588 4707 Deus,
642 4641 872 4695 studium
917 4639 1192 4707 amplexus
1234 4647 1350 4696 est.
1397 4634 1540 4688 misit
1576 4633 1650 4686 illi
1705 4634 1975 4686 doctorem

410 4733 571 4786 illico.
607 4731 798 4784 Verum
828 4745 934 4784 non
973 4729 1123 4782 adest
1152 4726 1423 4795 Philippus
1455 4741 1468 4776 :
1501 4723 1594 4778 sed
1639 4723 1864 4794 Spiritus
1887 4725 1976 4791 qui

411 4833 650 4879 moverat
677 4822 975 4890 Philippum
1011 4819 1180 4874 adest.
1211 4818 1287 4872 Ne
1313 4816 1703 4886 neglexeritnus
1743 4825 1975 4868 tto-iram

409 4917 659 4976 salutem,
687 4911 1014 4967 dilectissimi
1037 4929 1050 4964 :
1079 4911 1192 4963 ltaac
1212 4909 1384 4962 omnia
1417 4907 1620 4974 Scripta
1640 4915 1753 4962 sunt
1774 4915 1977 4976 propter

407 5023 500 5060 nos
534 5003 600 5056 ad
641 5002 994 5055 correctionem
1035 5000 1212 5064 nostri,
1262 5000 1315 5052 in
1357 5013 1481 5068 quos
1512 4999 1637 5065 fines
1677 4996 1977 5051 saeculorum

408 5097 708 5150 devenerunt
732 5092 810 5162 (i.
839 5091 955 5145 Cor.
980 5090 1065 5145 l0.
1090 5090 1201 5158 Η).

385 5214 394 5234 ι
482 5184 739 5255 Ignoratio
780 5183 1060 5252 Scriptura
1101 5181 1309 5234 Inereses
1348 5181 1500 5249 parit.
1543 5207 1616 5219 -—
1661 5179 1843 5248 Magna
1879 5178 1978 5230 atl-

409 5290 595 5332 versus
633 5282 902 5344 peccatum
947 5271 1169 5326 munitio
1215 5279 1296 5324 est
1349 5270 1739 5338 Scripturarum
1776 5267 1972 5319 lectio:

409 5381 655 5436 magnum
714 5361 1079 5432 principitium,
1132 5359 1446 5429 profundum
1491 5358 1794 5411 barathrum
1833 5355 1978 5411 Scri-

413 5470 682 5528 pturarum
712 5456 984 5524 ignoratio,
1010 5467 1193 5522 magna
1223 5453 1408 5506 salutis
1430 5450 1655 5519 perditio
1683 5448 1812 5502 nihil
1840 5450 1976 5503 scire

410 5565 474 5600 ex
513 5545 705 5602 divinis
744 5545 948 5614 legibus
984 5559 997 5594 :
1044 5558 1104 5596 ea
1151 5556 1235 5595 res
1273 5551 1327 5594 et
1370 5541 1600 5594 luereses
1635 5539 1870 5607 peperit,
1912 5553 1973 5589 ea

403 5636 569 5690 vitam
584 5645 881 5705 corruptam
907 5634 1120 5698 invexit,
1151 5634 1248 5684 hoc
1269 5645 1476 5686 sursqu
1494 5629 1738 5684 deorsum
1764 5629 1973 5681 miscuit

1145 271 1200 326 S.
1240 267 1515 326 JOANNIS
1549 264 2020 322 CllnYSOSTOMI
2055 263 2373 320 ARCIIIEP.
2413 259 2952 316 CONSTANTINOP.

3551 263 3656 320 996

2089 374 2290 428 omnia.
2332 371 2463 427 Nam
2504 373 2614 427 ﬁeri
2646 387 2751 427 non
2791 383 2988 443 potest,
3036 387 3140 426 non
3188 383 3380 442 potest,
3423 373 3660 444 inquam,

2083 465 2220 530 ﬁeri,
2248 473 2307 518 ut
2346 464 2466 534 quis
2494 465 2610 519 sine
2638 465 2806 519 fructu
2841 464 3102 529 discedat,
3129 466 3217 534 qui
3246 466 3459 520 assidua
3489 477 3663 520 atten-

2085 563 2244 626 taque
2269 555 2498 610 lectione
2523 555 2744 608 l'ruatur.
2768 555 2904 609 Ecce
2921 569 3022 612 una
3047 555 3315 623 parabola,
3343 572 3505 624 quam
3531 560 3664 608 ntul-

2085 647 2318 714 tiplicem
2356 647 2510 700 nobis
2551 646 2724 699 attulit
2762 645 3076 699 utilitatem?
3120 646 3389 714 quomodo
3426 648 3661 700 animam

2088 747 2323 794 nostram
2352 739 2623 792 meliorem
2648 737 2909 792 reddidit?
2923 737 3056 791 Nam
3071 738 3372 806 complures
3389 779 3404 802 ,
3424 749 3508 792 sat
3529 739 3661 797 scio.

2085 840 2229 892 sunt,
2261 829 2350 896 qui
2377 843 2443 882 ex
2475 827 2556 881 his
2595 828 2930 883 sermonibus
2957 829 3228 896 copiosam
3264 829 3544 883 utilitatem
3589 828 3663 881 feo

2085 931 2267 974 rentes
2306 920 2568 974 abierunt.
2610 919 2758 986 Quod
2787 919 2831 973 si
2871 920 2959 988 qui
2986 927 3128 982 sunt,
3159 919 3245 988 qui
3291 934 3396 972 non
3443 918 3668 988 perinde

2087 1029 2334 1082 maguum
2386 1014 2610 1066 lructutu
2657 1019 3014 1080 reportarunt,
3046 1020 3276 1065 attamen
3321 1025 3386 1064 eo
3428 1010 3517 1063 die.
3560 1024 3667 1078 quo

2088 1105 2240 1158 nobis
2268 1102 2543 1158 audiendis
2573 1113 2854 1166 vacarunt,
2887 1104 3103 1156 omnino
3134 1102 3378 1155 meliores
3427 1100 3661 1154 fuerunt.

2087 1194 2198 1248 Non
2220 1203 2395 1248 autem
2421 1197 2666 1261 exiguum
2695 1203 2776 1248 est
2802 1192 2884 1247 vel
2917 1193 3079 1255 istud,
3105 1208 3265 1246 unum
3286 1191 3426 1245 diem
3454 1191 3508 1244 iu
3539 1206 3664 1260 peo-

2087 1295 2328 1338 catorum
2354 1285 2672 1338 contritione
2713 1285 3021 1351 transigere,
3058 1292 3113 1336 et
3140 1281 3204 1336 ad
3233 1281 3502 1335 caelestem
3549 1281 3666 1349 phi-

2087 1372 2382 1442 1050phiam
2428 1373 2712 1442 respicere.
2766 1373 3061 1440 animaeque
3109 1372 3438 1440 permittere,
3481 1380 3541 1425 ut
3582 1371 3664 1425 vel

2089 1466 2354 1534 pauliSpcr
2393 1479 2422 1518 a
2462 1464 2742 1518 mundanis
2783 1464 3008 1530 resiiiret
3053 1464 3214 1516 curis.
3265 1463 3473 1515 Etenim
3521 1461 3566 1516 si
3613 1461 3662 1513 id

2087 1556 2308 1626 singulis
2335 1556 2570 1610 collectis
2595 1555 2874 1610 fecerimus
2904 1570 3002 1609 nec
3027 1555 3405 1616 defecerimus,
3438 1554 3667 1607 assidui-

2090 1658 2171 1701 tas
2199 1647 2447 1702 audiendi
2470 1663 2715 1718 ntagnunt
2739 1645 3001 1717 quoddam
3027 1646 3440 1716 praeclarumque
3465 1646 3664 1699 bonum

2089 1739 2244 1794 nobis
2274 1740 2464 1808 pariet.

2159 1832 2213 1885 4.
2242 1832 2396 1900 Agite
2425 1831 2615 1898 igitur,
2640 1839 2695 1884 et
2720 1843 2780 1884 ea
2821 1843 2939 1898 qua:
2985 1838 3276 1896 sequuntur
3316 1827 3366 1880 in
3412 1828 3664 1897 pamlmla

2088 1922 2237 1975 vobis
2265 1922 2644 1989 persolvamus.
2672 1921 2799 1987 Quae
2825 1928 2946 1972 sunt
2973 1931 3148 1972 autem
3187 1935 3304 1987 qure
3332 1919 3666 1986 sequuntur?

2089 2013 2219 2066 Cum
2245 2013 2467 2068 dixisset
2491 2013 2658 2075 dives,
2692 2011 2835 2065 Mitte
2865 2009 3134 2075 Lazarum,
3167 2021 3218 2063 ut
3240 2011 3442 2064 ittsllUc'l
3470 2027 3667 2063 summa

2090 2105 2268 2173 digito,
2294 2119 2354 2156 ac
2379 2103 2634 2174 refrigeret
2659 2103 2886 2173 linguam
2919 2118 3078 2156 meam
3105 2100 3254 2165 (Luc.
3293 2101 3379 2154 lli.
3398 2099 3492 2169 94)
3521 2118 3534 2152 :
3565 2115 3660 2151 au-

2088 2197 2380 2250 scultemus
2417 2195 2540 2263 qttid
2581 2194 2722 2249 dicat
2759 2194 3058 2256 Abraham,
3091 2193 3216 2256 Fili,
3257 2203 3502 2246 memento
3537 2194 3670 2260 quod

2091 2286 2320 2355 recepisti
2344 2295 2396 2338 tu
2420 2285 2550 2338 bona
2580 2286 2633 2339 in
2653 2286 2752 2338 vita
2780 2295 2866 2337 tua
2885 2326 2898 2349 ,
2926 2293 2971 2336 et
2995 2283 3217 2336 Lazarus
3241 2284 3472 2336 similiter
3505 2285 3665 2343 mal.1,

2090 2384 2136 2430 et
2167 2391 2300 2428 nunc
2323 2376 2417 2428 iste
2443 2375 2676 2428 solatium
2709 2374 2922 2442 accipit,
2952 2384 3003 2424 tu
3040 2388 3153 2424 vero
3190 2371 3452 2423 cruciaris.
3501 2371 3670 2439 Super

2090 2465 2258 2517 omnia
2283 2473 2448 2517 autem
2473 2465 2578 2516 lucc
2606 2465 2758 2516 chaos
2783 2479 3019 2531 magnum
3049 2462 3396 2528 conﬁrmatum
3432 2469 3505 2514 est
3542 2462 3671 2512 inter

2092 2571 2183 2608 nos
2225 2565 2272 2609 et
2298 2571 2412 2620 vos,
2446 2564 2498 2607 ut
2545 2555 2629 2622 qui
2673 2553 2843 2607 volunt
2887 2554 3034 2604 istinc
3065 2553 3279 2604 transire
3317 2551 3385 2602 ad
3426 2567 3543 2613 nos,
3570 2567 3670 2603 non

2090 2645 2302 2712 possint,
2332 2661 2490 2714 neque
2528 2646 2614 2714 qui
2639 2645 2756 2697 hinc
2795 2643 2922 2697 istuc
2951 2643 3164 2695 transire
3205 2640 3310 2712 (Ib.
3342 2657 3388 2692 υ.
3425 2641 3520 2693 25.
3548 2640 3665 2708 '26).

2089 2736 2279 2792 Gravia
2310 2746 2434 2790 sunt
2457 2751 2575 2806 qua:
2602 2736 2870 2799 dicuntur,
2901 2735 3288 2803 plurimumque
3315 2735 3463 2786 nobis
3491 2733 3669 2787 oil‘nn-

2089 2826 2222 2882 dunt
2264 2827 2525 2882 dolorem.
2569 2827 2679 2882 lloc
2727 2827 2838 2895 ipse
2883 2825 3048 2879 novi:
3093 2825 3186 2880 sed
3217 2823 3669 2893 quemadmodu-

2089 2920 2337 2978 mordent
2375 2921 2776 2986 conscientiam,
2827 2920 2896 2972 ita
2926 2934 3030 2972 tton
3076 2933 3258 2987 parum
3302 2919 3536 2974 afferunt
3564 2921 3671 2973 uti-

2089 3013 2252 3068 litatis
2276 3013 2467 3067 animis
2504 3028 2690 3068 eorum
2720 3012 2806 3082 qui
2852 3010 3179 3065 mordentur.
3211 3011 3415 3064 Etenim
3457 3012 3504 3066 si
3557 3012 3672 3066 hac

2086 3105 2239 3159 nobis
2265 3105 2371 3158 illic
2413 3103 2746 3169 dicerentur,
2774 3100 3218 3172 quemadmodum
3259 3099 3397 3154 dicta
3427 3110 3557 3154 sunt
3580 3101 3670 3153 dl-

2087 3193 2202 3258 viti,
2226 3207 2409 3248 revera
2440 3192 2749 3262 plorandum
2769 3201 2930 3253 esset,
2955 3191 3237 3246 dolendum
3263 3205 3324 3244 ac
3354 3191 3670 3259 lugendum,

2087 3282 2228 3352 quod
2273 3298 2372 3338 nos
2421 3283 2745 3352 pcenitentice
2795 3290 3001 3348 tempus
3048 3279 3347 3335 defecisset.
3397 3280 3670 3334 Caeterum

2087 3373 2335 3442 quoniam
2362 3371 2448 3426 hic
2474 3380 2692 3441 agentes
2717 3371 2828 3424 haec
2856 3369 3120 3434 audimus,
3153 3369 3239 3421 ubi
3269 3378 3320 3422 et
3349 3369 3674 3436 resipiscere

2053 3461 2228 3522 ilicet.
2261 3470 2316 3516 et
2341 3464 2622 3516 commissa
2671 3460 2894 3522 diluere,
2940 3458 3169 3527 denique
3213 3457 3433 3511 multam
3482 3472 3675 3527 parare

2088 3553 2356 3619 ﬁduciam,
2385 3561 2545 3621 atque
2565 3567 2630 3607 ex
2655 3550 2844 3604 alienis
2873 3551 3026 3604 malis
3045 3556 3304 3618 concepto
3333 3550 3533 3603 timore
3555 3565 3674 3603 mu-

2086 3643 2207 3708 tari,
2240 3657 2456 3713 agatnus
2497 3643 2694 3711 gratias
2714 3641 2960 3696 clementi
2995 3641 3123 3700 Deo,
3173 3641 3260 3706 qui
3295 3655 3390 3708 per
3434 3640 3671 3694 aliorum

2085 3734 2344 3802 supplicia
2398 3743 2634 3787 nostram
2678 3731 3029 3802 expergefacit
3067 3731 3378 3800 segnitiem,
3406 3731 3673 3799 nobisque

2083 3823 2492 3878 dormitantibus
2525 3837 2769 3878 somnum
2815 3823 3033 3877 excutit.
3085 3821 3357 3890 Siquidem
3399 3821 3525 3874 ideo
3555 3821 3671 3875 haec

2084 3924 2209 3969 ante
2233 3914 2371 3968 dicta
2400 3923 2543 3982 sunt,
2574 3929 2640 3968 ne
2663 3914 2781 3968 talia
2810 3915 3083 3982 patiamur.
3112 3913 3315 3967 Etenim
3343 3913 3388 3965 si
3413 3914 3670 3968 voluisset

2086 4005 2271 4072 punire
2311 4005 2468 4069 Deus,
2503 4019 2606 4058 non
2646 4005 2743 4058 ista
2782 4003 3154 4073 praedixisset:
3185 4018 3369 4056 verum
3409 4005 3666 4072 quoniam

2083 4093 2252 4147 noluit
2276 4108 2371 4147 nos
2399 4093 2612 4163 adigere
2639 4092 2704 4147 ad
2734 4093 3048 4162 supplicium
3069 4133 3087 4157 ,
3115 4093 3312 4146 idcirco
3330 4093 3579 4161 przedicit
3611 4104 3669 4154 ut

2086 4181 2429 4251 praedictione
2453 4183 2713 4251 castigati,
2749 4183 2973 4236 vitemus
2993 4197 3172 4236 rerum
3194 4183 3594 4251 experimenta.

2157 4271 2312 4326 Malis
2333 4288 2524 4340 quoque
2549 4273 2698 4326 datur
2722 4288 2814 4341 pro
2852 4272 3122 4342 benefactis
3147 4287 3332 4325 merces
3366 4273 3567 4341 aliqua.
3596 4303 3675 4314 -—

2086 4363 2154 4416 At
2190 4362 2342 4430 cujus
2373 4363 2582 4416 tandem
2610 4362 2777 4432 gratia
2818 4377 2921 4415 non
2948 4363 3108 4424 dixit,
3137 4362 3319 4430 cepisti
3359 4361 3500 4415 bona
3541 4372 3667 4426 tua,

2084 4451 2176 4505 sed
2206 4452 2432 4518 recepisti
2457 4453 2482 4504 2’
2507 4451 2818 4506 Meministis
2855 4451 3018 4518 enim,
3062 4459 3145 4504 sal.
3181 4452 3324 4513 scio,
3353 4466 3441 4504 tne
3478 4451 3675 4508 dicere

2084 4541 2208 4596 hinc
2237 4543 2390 4597 nobis
2419 4558 2563 4596 mare
2583 4543 3062 4597 considerationum
3090 4555 3334 4610 magnum
3360 4549 3413 4594 et
3435 4541 3676 4596 immen-

2082 4650 2199 4691 sum
2225 4635 2436 4704 aperiri.
2467 4634 2599 4688 Nam
2631 4633 2744 4688 hnc
2772 4650 2892 4696 vox,
2914 4633 3165 4702 recepisti,
3189 4631 3352 4685 debiti
3377 4631 3670 4700 cujusdam

2081 4725 2518 4794 signiﬁcationem
2546 4723 2739 4784 habet.
2767 4739 2830 4777 eo
2856 4721 2997 4792 quod
3038 4722 3255 4789 recipiat
3287 4721 3514 4788 aliquis,
3540 4736 3672 4790 qua

2081 4816 2430 4870 debebantur.
2461 4813 2691 4868 Proinde
2719 4814 2762 4867 si
2792 4813 2940 4868 dives
2984 4813 3085 4866 iste
3119 4813 3378 4865 scelestus
3401 4825 3467 4865 ac
3488 4812 3673 4864 scele-

2081 4920 2237 4959 rosus
2261 4915 2315 4958 et
2362 4905 2678 4958 inhumanus
2704 4903 2819 4968 fuit,
2857 4903 3203 4972 quamobrem
3250 4914 3355 4953 non
3387 4899 3525 4954 dicit
3549 4897 3667 4967 illi,

2080 4997 2290 5062 cepisti,
2333 4995 2449 5054 sed.
2481 4995 2710 5063 recepisti
2749 4993 2879 5046 bona
2915 5001 3035 5055 tua,
3063 4992 3212 5060 quasi
3237 4991 3359 5059 jure
3390 4991 3465 5044 illi
3511 5005 3666 5046 con).

2081 5087 2348 5157 petierint,
2387 5088 2645 5155 quasique
2677 5084 3039 5139 deberentur?
3068 5083 3200 5149 Quid
3242 5083 3397 5150 igitur
3422 5079 3556 5136 hinc
3581 5083 3672 5136 di—

2087 5179 2324 5232 scimus?
2351 5177 2499 5243 Quod
2527 5177 2731 5231 etiamsi
2749 5177 2834 5245 qui
2857 5176 2962 5229 siut
2984 5175 3254 5238 scelerosi,
3276 5173 3340 5226 ad
3365 5183 3668 5227 extremam

2085 5265 2448 5335 improbitatis
2482 5267 2672 5320 lineam
2702 5265 2928 5328 devecti,
2960 5273 3134 5317 tamen
3163 5263 3470 5331 frequenter
3500 5279 3666 5315 unum

2081 5357 2316 5425 aliquod,
2347 5356 2518 5411 duove
2543 5367 2632 5410 aut
2659 5357 2754 5409 tria
2787 5355 3056 5410 benefacta
3097 5363 3220 5406 sunt
3246 5353 3476 5421 operati.
3506 5353 3668 5418 Quod

2083 5459 2258 5503 autem
2290 5449 2401 5500 lucc
2427 5463 2529 5502 non
2556 5449 2738 5515 loquar
2762 5463 2790 5500 e
2810 5445 3148 5512 Cultjccturis,
3171 5444 3292 5496 hinc
3319 5443 3668 5510 perspicuum

2083 5547 2183 5592 est.
2213 5538 2347 5604 Quid
2375 5539 2514 5592 enim
2554 5536 2647 5589 fuit
2671 5537 2759 5588 illo
2787 5536 3074 5603 iniquitatis
3107 5534 3284 5600 judice
3308 5529 3637 5586 sceleratius
3662 5570 3676 5590 ,

2082 5626 2206 5698 quid
2263 5627 2632 5688 inhumanius,
2690 5626 2810 5694 quid
2865 5624 3028 5690 magis
3083 5619 3335 5690 impium?
3385 5620 3436 5677 Is
3481 5637 3665 5693 neque
