3860 6224
498 309 600 364 997

501 424 822 495 ἀνθρώπους
875 425 1178 498 ᾐσχύνετο·
1229 427 1345 480 ἀλλ’
1377 428 1528 498 ὅμως
1565 427 1804 498 τοσαύτη
1846 423 2083 495 πονηρίᾳ

502 509 702 573 συζῶν,
742 511 1038 581 είργάσατὸ
1064 529 1116 563 τι
1147 511 1332 573 καλὸν,
1363 511 1460 581 τὴν
1485 512 1726 582 συνεχῶς
1759 507 2084 579 ἐνοχλοῦσαν

499 591 650 662 αὐτῷ
688 594 914 665 ἐλεήσας
944 595 1142 665 χήραν,
1174 595 1269 647 καὶ
1313 593 1606 656 ἐπινεύσας
1635 596 1700 664 τῇ
1740 593 1945 664 χάριτι,
1993 593 2086 644 καὶ

499 674 624 738 δονς
652 677 750 747 τὴν
772 679 1006 748 αίτησιν,
1033 678 1126 730 καὶ
1155 675 1308 747 [742]
1339 677 1644 742 ἐπεξελθὼν
1674 680 1784 740 τοῖς
1810 673 2084 730 ἀδικοῦσιν

499 759 693 830 αὐτήν.
734 761 892 814 Οὐτω
927 761 1219 830 συμϐαίνει
1270 761 1394 815 τινά
1437 761 1736 814 ἀκόλαστον
1793 760 1890 830 μὲν
1923 753 2083 814 εἶναι.

499 842 770 913 ἐλεήμονα
801 845 856 897 δὲ
893 845 1153 908 πολλάκις
1175 863 1188 875 ·
1226 845 1258 914 ἢ
1295 846 1661 916 ἀπάνθρωπον
1694 845 1811 915 μὲν,
1835 841 2085 912 σώφρονα

498 926 586 978 δέ·
618 929 666 979 εἰ
706 929 762 981 δὲ
791 929 888 980 καὶ
918 929 1220 990 ἀκόλαστος
1251 930 1345 981 καὶ
1379 929 1530 999 ὠμὸς
1559 930 1665 998 εἴη,
1701 927 1816 980 ἀλλ’
1846 928 1993 998 ὅμως
2027 925 2086 977 ’ἐν

499 1025 553 1064 τι
582 1011 726 1064 κατὰ
756 1012 844 1064 τὸν
876 1012 989 1082 βίον
1027 1013 1288 1075 πολλάκις
1319 1011 1557 1082 ἔπραξεν
1598 1011 1824 1079 ἀγαθόν.
1855 1010 1927 1062 Τὸ
1956 1008 2087 1061 αὐτὸ

499 1093 564 1165 δὴ
622 1095 786 1149 πάλιν
820 1098 912 1148 καὶ
957 1097 1051 1149 ἐπὶ
1083 1096 1191 1148 τῶν
1228 1109 1251 1136 α
1292 1096 1544 1168 χρηστῶν
1577 1094 1904 1148 ὑποπτεύειν
1955 1094 2082 1164 χρή.

501 1179 769 1250 Καθάπερ
792 1179 899 1250 γὰρ
925 1182 974 1232 οί
1023 1181 1346 1249 φαυλότατοι
1383 1179 1708 1249 ἐργάζονταί
1742 1195 1795 1230 τι
1825 1177 2085 1239 πολλάκις

500 1263 765 1332 χρηστὸν,
811 1263 952 1316 οὕτω
993 1265 1086 1316 καὶ
1138 1267 1186 1316 οί
1241 1265 1520 1316 σπουδαῖοι
1574 1263 1669 1314 καὶ
1713 1261 1960 1332 ὲνάρετοι
2009 1259 2084 1312 δι-

498 1345 876 1415 αμαρτάνουσί
927 1365 980 1400 τι
1031 1347 1312 1410 πολλάκις.
1378 1348 1473 1411 Τίς
1527 1345 1640 1415 γὰρ
1688 1344 2084 1413 καυχήσεται,

499 1430 686 1500 φησὶν,
715 1430 912 1498 ἁγνὴν
942 1432 1107 1498 ἔχειν
1135 1431 1249 1499 τὴν
1265 1430 1540 1499 καρδίαν.
1572 1430 1610 1498 ἢ
1639 1430 1730 1495 τίς
1758 1427 2086 1497 παρρησιά-

496 1527 670 1566 σεται
703 1514 960 1581 καθαρὸς
991 1511 1144 1567 εἶναι
1167 1515 1286 1568 ἀπὸ
1315 1513 1606 1582 ἁμαρτίας
1630 1529 1645 1576 ;

584 1597 737 1650 Ἐπεὶ
767 1594 858 1650 οὐν
905 1597 1051 1661 εἰκὸς
1072 1593 1140 1668 ἦν
1179 1599 1273 1650 καὶ
1305 1598 1394 1650 τὸν
1437 1597 1714 1657 πλούσιον,
1746 1598 1794 1649 εί
1826 1596 1921 1648 καὶ
1948 1596 2083 1664 πρὸς

496 1678 724 1750 ἔσχατον
759 1680 1013 1751 ὲληλὰκει
1046 1680 1332 1754 πονηρίας,
1364 1680 1705 1752 ἐργάσασθαί
1756 1697 1809 1732 τι
1856 1679 2081 1747 ἀγαθὸν,

498 1766 595 1817 καὶ
635 1765 726 1818 τὸν
762 1766 1032 1834 Λάζαρον,
1081 1767 1129 1818 εί
1171 1766 1266 1819 καὶ
1314 1767 1450 1836 πρὸς
1488 1765 1656 1836 ἀκρον
1694 1765 1923 1834 ἀφίκετο
1957 1765 2085 1834 ἀρε-

497 1847 597 1918 τῆς
624 1846 675 1910 δ,
707 1849 1086 1919 ἡμαρτηκέναι
1120 1866 1173 1902 τι
1230 1850 1446 1920 μικρὸν,
1489 1851 1590 1919 ὅρα
1635 1848 1754 1911 πῶς
1797 1848 2083 1917 ἀμφότερα

497 1930 670 1984 ταῦτα
703 1933 924 2002 ᾐνίξατο
949 1937 977 1986 6
1015 1933 1381 2005 πατριάρχης,
1414 1935 1603 1998 εἰπὼν,
1632 1934 1712 1986 ὅτι
1745 1932 1952 1986 Καίοὺ
1972 1933 2084 1984 ἀπ-

496 2017 712 2082 έλαϐες
741 2017 811 2070 τὰ
839 2017 1032 2086 ἁγιαθά
1068 2034 1184 2072 σου
1210 2019 1280 2070 ἐν
1304 2018 1375 2086 τῇ
1413 2016 1527 2086 ᾇυῇ
1557 2034 1695 2081 σου,
1718 2018 1815 2071 καὶ
1845 2019 1877 2071 ὁ
1901 2013 2084 2075 Λάζα-

495 2118 604 2170 ρος
633 2101 848 2170 ὀμοίως
887 2102 956 2156 τὰ
985 2101 1160 2155 κακά.
1196 2104 1261 2155 ὐ
1290 2103 1347 2155 δὲ
1377 2102 1525 2171 λέγει
1551 2102 1710 2155 τοῦτό
1738 2103 1908 2154 ἐστιν·
1943 2099 2009 2153 Et
2029 2117 2082 2152 τι

499 2184 596 2237 καὶ
636 2185 701 2236 σὺ
734 2185 939 2252 ἀγαθὸν
965 2185 1224 2258 εἰργάσω,
1268 2185 1364 2238 καλ⁵
1402 2185 1666 2254 ὼφείλετό
1707 2201 1789 2237 σοι
1829 2182 2020 2236 τούτου
2054 2185 2083 2236 6

493 2267 716 2339 μισθὸς,
749 2271 926 2323 πάντα
954 2269 1127 2323 ταῦτα
1151 2274 1208 2323 ἐν
1236 2271 1431 2340 ἐκείνῳ
1459 2269 1536 2340 τῷ
1563 2271 1754 2340 κόσμῳ
1786 2268 2079 2333 ἀπέλαϐες,

497 2352 740 2424 τρυφῶν,
772 2353 1040 2419 πλουτῶν,
1083 2355 1383 2426 εὐημερίας
1415 2354 1705 2407 ἀπολαύων
1747 2355 1839 2407 καὶ
1877 2355 2083 2423 εὐπρα-

498 2437 626 2505 γίας
659 2436 878 2507 πολλῆς⁸
908 2438 1001 2490 καὶ
1030 2432 1184 2501 οὗτος
1215 2437 1336 2490 εἴτι
1365 2437 1532 2491 κακὸν
1567 2437 1880 2512 εἰργάσατο,
1908 2440 2082 2492 πάντα

500 2519 776 2574 ἀπέλαϐεν
821 2523 878 2573 ὲν
914 2521 1076 2590 πενίᾳ
1117 2523 1212 2575 καὶ
1237 2520 1380 2591 λιμῷ
1424 2521 1517 2575 καὶ
1548 2525 1662 2584 τοῖς
1697 2522 1946 2591 ἐσχάτοις
1984 2539 2081 2576 τοι⁶

485 2598 949 2674 ’λαιπωρούμενος
979 2607 1188 2668 κακοῖς·
1239 2607 1332 2658 καὶ
1377 2605 1585 2673 γυμνὸς
1625 2607 1883 2674 ἑκάτερος
1929 2605 2081 2675 ὑμῶν

499 2687 732 2741 ἐνταῦθα
784 2689 1031 2756 ἀφῖκται,
1078 2689 1284 2751 ἐκεῖνος
1327 2689 1424 2758 μὲν
1463 2687 1898 2758 ἁμαρτημάτων,
1931 2689 1996 2740 σύ
2026 2689 2082 2741 δὲ

499 2769 844 2840 δικαιοσύνης
903 2770 1365 2843 κατορθωμάτων.
1429 2774 1527 2823 Διὰ
1575 2770 1731 2823 τοῦτο
1778 2771 1870 2824 καὶ
1928 2765 2082 2833 οῦτος

501 2853 749 2926 καθαρὰν
772 2854 883 2924 ἔχει
911 2855 1010 2926 τὴν
1036 2854 1400 2924 παράκλησιν,
1424 2855 1518 2907 καὶ
1546 2856 1608 2906 σὺ
1647 2854 2080 2925 ἀπαραμύθητον

495 2936 797 3008 ’ὑπομένεις
825 2937 923 3008 τὴν
951 2939 1243 3009 τιμωρίαν.
1283 2938 1451 2990 Ὅταν
1474 2938 1583 3008 γὰρ
1608 2936 1780 3008 μικρὰ
1815 2939 1907 2990 κα¹ι
1929 2938 2081 2989 εὐτε-

499 3021 568 3093 λῆ
596 3022 663 3075 τὰ
692 3020 1093 3092 κατορθώματα
1117 3021 1272 3092 ήμῶν
1289 3015 1343 3094 ᾖ.
1369 3023 1464 3074 καὶ
1491 3022 1656 3083 πολὺς
1690 3023 1782 3073 καὶ
1817 3020 2022 3090 ἄφατος
2053 3022 2081 3072 6

499 3105 609 3159 τῶν
665 3105 1078 3176 ἁμαρτημάτων
1129 3105 1313 3172 ὄγκος,
1352 3101 1470 3158 εἶτα
1517 3103 1748 3158 ἐνταῦθα
1775 3103 2081 3174 εὐπραγίας

498 3189 919 3260 ἀπολαύσωμεν,
952 3189 1048 3242 καὶ
1081 3189 1247 3260 μηδὲν
1273 3188 1537 3260 πάθωμεν
1564 3189 1756 3252 δεινὸν,
1787 3190 1881 3241 καὶ
1909 3191 2080 3260 αὐτῆς

477 3264 608 3326 ’τῶν
637 3271 859 3342 ἀγαθῶν
880 3272 980 3342 τῆς
1008 3271 1244 3343 ἀμοιϐῆς
1275 3271 1471 3344 ἔρημοι
1505 3275 1599 3326 καὶ
1625 3275 1822 3342 γυμνοὶ
1860 3273 2080 3336 πάντως

498 3355 934 3427 ἀπελευσόμεθα,
967 3356 1143 3409 πάντα
1165 3366 1188 3395 ε
1223 3355 1457 3409 ἐνταῦθα
1479 3356 1864 3420 ἀπολαϐόντες·
1889 3357 2080 3427 ῶσπερ

498 3439 594 3495 οῦν
615 3442 742 3494 ὅταν
769 3440 985 3511 μεγάλα
1025 3440 1126 3510 μὲν
1223 3440 1290 3492 τά
1327 3441 1724 3512 κατορθώματα
1754 3441 1846 3494 καὶ
1883 3441 2076 3505 πολλὰ,

503 3524 678 3597 μικρά
715 3525 772 3578 δὲ
802 3526 895 3578 καὶ
927 3523 1119 3594 εὐτελῆ
1149 3523 1216 3576 τά
1251 3524 1641 3595 ἁμαρτήματα,
1669 3521 1788 3578 εἶτα
1818 3526 2079 3597 πάθωμέν

497 3626 554 3662 τι
587 3608 780 3673 δεινὸν,
823 3609 917 3662 καὶ
949 3608 1092 3662 αὐτὰ
1133 3607 1202 3661 τὰ
1244 3607 1418 3679 μικρά
1456 3609 1690 3662 ἐνταῦθα
1731 3610 2077 3680 ἀποθέμενοι,

500 3690 750 3764 καθαρὰν
775 3691 867 3745 καὶ
895 3691 1311 3763 ἀπηρτισμένην
1339 3692 1452 3744 ἐκεῖ
1481 3693 1581 3762 τὴν
1611 3694 1716 3745 τῶν
1740 3693 1960 3760 ἀγαθῶν
1985 3693 2078 3764 ἔρ-

499 3791 613 3844 γων
646 3774 1103 3846 ἀπολαμϐάνομεν
1143 3775 1429 3832 ἀντίδοσιν.
1462 3777 1632 3829 Ὅταν
1668 3771 1760 3829 οὖν
1798 3777 1914 3851 ἴδῃς
1956 3777 2080 3831 τινὰ

501 3856 682 3923 ζῶντα
713 3859 812 3930 μὲν
855 3860 914 3911 ὲν
955 3858 1210 3930 πονηρίᾳ,
1245 3860 1411 3931 μηδὲν
1449 3860 1506 3913 δὲ
1533 3859 1767 3914 ἐνταῦθα
1801 3869 2080 3932 πάσχοντα

484 3941 692 4005 δεινὸν,
731 3942 806 4014 μὴ
831 3943 1162 4015 μακαρίσῃς,
1198 3945 1337 3998 ἀλλά
1371 3945 1642 4016 δὰκρυσον
1666 3949 1761 3998 καὶ
1787 3947 2074 4017 θρήνησον,

488 4026 578 4092 ὡς
625 4028 801 4082 πάντα
848 4031 964 4082 ἐκεῖ
1011 4028 1082 4081 τά
1129 4029 1277 4082 δεινά
1314 4031 1772 4102 ὑποστησάμενον·
1825 4032 2078 4103 καθάπερ

498 4107 594 4165 οὖν
652 4113 745 4165 καὶ
799 4113 828 4164 6
877 4111 1129 4175 πλούσιος
1179 4104 1353 4176 οὗτος.
1405 4114 1574 4168 Πάλιν
1613 4116 1740 4168 ὃταν
1788 4115 1904 4188 ἴδῃς
1957 4116 2079 4170 τινὰ

499 4194 702 4270 ἀρετῆς
723 4195 1170 4266 ἐπιμελούμενον,
1201 4197 1292 4250 καὶ
1327 4199 1557 4268 μυρίους
1583 4199 1924 4270 ὑπομένοντα
1958 4217 2080 4255 πει-

496 4281 768 4352 ’ρασμούς,
804 4280 1128 4350 μακάρισον,
1165 4279 1429 4350 ζήλωσον,
1462 4282 1536 4346 ὼς
1561 4286 1656 4336 καὶ
1685 4284 1794 4336 τῶν
1825 4285 2076 4357 ἁμαρτη-

505 4364 689 4434 μάτων
723 4362 869 4433 αὐτῷ
897 4365 1114 4417 πάντων
1135 4364 1370 4418 ἐνταῦθα
1398 4365 1783 4437 διαλυομένων,
1827 4369 1922 4422 καὶ
1951 4371 2078 4423 πολ-

498 4447 608 4502 λῶν
631 4448 730 4520 τῆς
761 4448 1041 4518 ὑπομονῆς
1085 4450 1523 4521 ὲτοιμαζομένων
1560 4453 1678 4504 ἐκεῖ
1705 4453 1813 4504 τῶν
1844 4453 2073 4524 μισθῶν·

499 4533 688 4603 ὥσπερ
710 4527 804 4586 οὖν
827 4533 919 4585 καὶ
940 4532 1034 4585 ἐπὶ
1055 4533 1149 4586 τοῦ
1181 4534 1431 4604 Λαζάρου
1456 4533 1647 4587 τούτου
1676 4536 1887 4604 γέγονε.

567 4613 626 4670 ε’.
648 4615 768 4670 Τῶν
793 4614 899 4687 γὰρ
936 4615 1236 4688 ἀνθρώπων
1263 4618 1311 4670 οἱ
1342 4617 1439 4687 μὲν
1454 4617 1688 4672 ἐνταῦθα
1707 4620 2075 4692 τιμωροῦνται

503 4700 685 4771 μόνον,
716 4702 763 4753 οί
793 4701 850 4753 δὲ
879 4699 1115 4754 ἐνταῦθα
1149 4702 1247 4772 μὲν
1269 4703 1418 4755 οὐδὲν
1444 4702 1714 4774 πάσχουσι
1750 4706 1942 4764 δεινὸν.
1970 4709 2076 4760 πᾶ-

500 4799 601 4837 σαν
635 4783 691 4836 δὲ
724 4785 842 4836 ἐκεῖ
866 4787 963 4854 τὴν
991 4785 1260 4855 τιμωρίαν
1289 4785 1789 4856 ἀπολαμϐάνουσιν,
1825 4792 1872 4843 οἱ
1901 4790 1957 4843 δὲ
1983 4793 2076 4844 καὶ

498 4865 733 4921 ἐνταῦθα
754 4867 848 4921 καὶ
869 4869 984 4920 ἐκεῖ
1005 4867 1344 4930 κολάζονται.
1380 4869 1544 4934 Τίνας
1563 4866 1656 4923 οὖν
1679 4874 1743 4924 ὲκ
1766 4871 1877 4926 τῶν
1907 4875 2075 4945 τριῶν

500 4950 833 5022 μακαρίζετε
865 4951 1107 5016 τούτων;
1167 4951 1422 5023 Πρώτους
1457 4954 1555 5023 μὲν
1592 4951 1650 5010 εὖ
1701 4952 1798 5009 οἷδ’
1830 4958 1912 5010 ὅτι
1948 4958 2076 5023 τούς

498 5034 731 5088 ἐνταῦθα
767 5033 1162 5104 κολαζομένους
1190 5037 1283 5088 καὶ
1313 5037 1743 5108 ἀποτιθεμένους
1790 5040 1856 5093 τά
1894 5043 2075 5113 ἁμαρ-

495 5120 740 5190 τήματα.
777 5118 1072 5190 Δευτέρους
1109 5119 1166 5172 δὲ
1215 5120 1331 5189 μετ’
1375 5122 1616 5188 ἐκείνους
1650 5124 1833 5188 τίνας;
1884 5127 2074 5196 Ὑμεῖς

500 5203 600 5274 μὲν
639 5203 770 5264 ἴσως
809 5201 935 5265 τούς
972 5202 1124 5254 οὐδὲν
1159 5202 1391 5256 ἐνταῦθα
1430 5207 1760 5276 πάσχοντας,
1804 5209 1920 5262 ἀλλ’
1956 5211 2075 5265 ἐκεῖ

497 5283 649 5357 [745]
693 5285 872 5337 πᾶσαν
904 5285 1274 5355 ὑπομένοντας
1316 5287 1415 5358 τὴν
1453 5291 1745 5361 τιμωρίαν·
1782 5292 1892 5361 ἐγὼ
1921 5293 1976 5346 δὲ
2009 5296 2069 5348 οὐ

495 5369 739 5430 τούτους,
771 5368 907 5422 ἀλλά
939 5369 1064 5432 τοὺς
1093 5370 1188 5422 καὶ
1217 5371 1448 5426 ἐνταῦθα.
1482 5376 1576 5428 καὶ
1609 5376 1726 5430 ἐκεῖ
1771 5377 2071 5450 κολαζομέ-

497 5471 639 5517 νους.
677 5454 734 5506 '0
765 5453 864 5523 μὲν
883 5454 993 5525 γὰρ
1016 5453 1247 5507 ἐνταῦθα
1271 5456 1539 5527 τιμωρίαν
1562 5458 1706 5526 δοὺς,
1737 5463 2072 5536 κουφοτέρας

559 5637 588 5700 _‘
615 5636 710 5700 Διξῆ
733 5639 814 5685 καὶ
835 5639 940 5700 περὶ
958 5641 1070 5688 τῶν.

559 5695 590 5762 If
612 5698 710 5762 ᾼΙῇί
735 5701 872 5762 εἰ-και
895 5695 1041 5761 ἄκραν
1063 5701 1230 5762 ἀρετὴν
1254 5701 1531 5758 ἐπεδείξατο.

556 5759 585 5791 ⁸
609 5757 707 5808 Alii
727 5760 896 5818 πάντα,
916 5757 999 5810 δι’Ῑί
1020 5757 1230 5809 πάντων.

1177 308 1236 363 S.
1276 305 1569 363 JOANNIS
1605 301 2100 362 CHRYSOSTOMI
2141 301 2459 360 ARCHIEP.
2502 301 3056 359 CONSTANTINOP.

3665 309 3774 364 998

2187 422 2508 494 αἰσθήσεται
2542 423 2642 494 τῆς
2675 424 2792 476 ἐκεῖ
2826 423 3119 486 κολάσεως·
3151 425 3180 475 ό
3215 421 3272 476 δὲ
3311 423 3491 477 πᾶσαν
3523 424 3773 492 ἁναγκα.

2186 506 2412 576 ζόμενος
2460 509 2576 560 ἐκεῖ
2623 507 2721 576 τὴν
2774 507 2996 559 κόλασιν
3035 507 3343 575 ὑπομεῖναι,
3393 508 3774 581 ἀπαραίτητον

2187 590 2296 654 ἕξει
2325 591 2425 660 τὴν
2455 590 2629 660 δίκην·
2659 590 2911 661 καθάπερ
2935 589 3028 642 καὶ
3060 585 3216 652 οὗτος
3238 593 3265 643 ό
3292 589 3547 656 πλούσιος
3578 594 3772 647 ἐνταῦ-

2187 675 2257 727 θα
2292 674 2461 744 μηδὲν
2487 674 2878 745 διαλυσάμενος
2924 674 3034 727 τῶν
3075 675 3294 727 οἰκείων
3329 676 3769 747 ἁμαρτημάτων,

2187 759 2329 811 οὑτω
2382 759 2636 829 χαλεπῶς
2663 760 2971 823 ἐκολάζετο,
2998 759 3073 821 ὼς
3107 759 3240 829 μηδὲ
3271 761 3531 828 σταγόνος
3569 766 3774 831 μικρᾶς

2185 843 2479 914 δυνηθῆναι
2545 846 2843 913 ἐπιτυχεῖν.
2897 842 3008 896 Καὶ
3060 843 3268 896 τούτων
3318 843 3375 896 δὲ
3420 845 3603 897 αὐτῶν
3668 848 3776 899 τῶν

2186 929 2611 998 ἁμαρτανόντων
2669 930 2788 999 μὲν,
2842 928 3005 999 μηδὲν
3059 927 3115 980 δὲ
3166 927 3397 981 ἐνταῦθα
3454 931 3776 999 πασχόντων

2185 1012 2380 1074 δεινὸν,
2419 1011 2598 1083 πολλῷ
2639 1013 2838 1082 μᾶλλον
2879 1013 3120 1075 ἐκείνους
3155 1013 3421 1075 ταλανίζω
3460 1016 3589 1076 τοὺς
3635 1016 3779 1084 μετὰ

2186 1095 2278 1148 τοῦ
2322 1097 2395 1167 μὴ
2432 1097 2791 1168 τιμωρεῖσθαι
2829 1096 3062 1150 ἐνταῦθα
3096 1097 3190 1150 καὶ
3219 1098 3426 1167 τρυφῆς
3461 1101 3558 1150 καὶ
3587 1099 3779 1159 ἁδείας

2185 1181 2580 1245 ἀπολαύοντας.
2618 1183 2830 1252 Ὥσπερ
2852 1181 2962 1252 γὰρ
2989 1181 3051 1233 τὸ
3085 1181 3160 1252 μὴ
3185 1181 3367 1234 δοῦναι
3394 1181 3554 1252 δίκην
3587 1182 3783 1234 ἐνταῦ-

2185 1267 2254 1321 θα
2295 1266 2404 1321 τῶν
2451 1269 2867 1338 ἁμαρτημάτων
2913 1266 3297 1336 χαλεπωτέραν
3336 1268 3452 1319 ἐκεῖ
3484 1271 3636 1319 ποιεῖ
3678 1269 3781 1338 τὴν

2182 1353 2476 1423 τιμωρίαν·
2530 1351 2672 1405 οὕτω
2726 1351 2790 1423 δὴ
2842 1351 2903 1404 τὸ
2950 1351 3150 1420 πολλῆς
3199 1351 3434 1413 ἀνέσεως
3474 1351 3784 1404 ἀπολαύειν

2183 1438 2311 1499 τοὺς
2355 1437 2767 1508 ἁμαρτάνοντας
2815 1437 2908 1490 καὶ
2957 1435 3169 1506 τρυφῆς
3209 1436 3302 1488 καὶ
3335 1436 3620 1504 εὐπορίας⁹
3681 1439 3780 1505 ἐφ-

2183 1521 2324 1574 όδιον
2359 1521 2542 1580 αὐτοῖς
2593 1520 2690 1574 καὶ
2733 1518 2990 1582 ὑπόθεσις
3043 1517 3316 1581 κολάσεως
3359 1521 3452 1571 καὶ
3493 1522 3780 1590 τιμωρίας

2187 1606 2306 1658 ἐκεῖ
2336 1605 2544 1673 γίνεται
2587 1604 2846 1674 μείζονος.
2887 1603 3054 1656 Ὅταν
3093 1602 3200 1672 γὰρ
3245 1602 3659 1671 ἁμαρτάνοντες
3693 1621 3776 1656 τι-

2188 1687 2416 1758 μώμεθα
2467 1686 2572 1740 ὐπὺ
2598 1686 2690 1738 τοῦ
2724 1685 2857 1738 Θεοῦ
2884 1684 2932 1750 τί,
2980 1685 3112 1738 αὐτὸ
3149 1683 3304 1737 τοῦτο
3344 1687 3490 1754 ἡμᾶς
3532 1687 3776 1757 μάλιστα

2184 1775 2264 1836 εἰς
2289 1773 2350 1825 τὸ
2381 1771 2493 1838 πῦρ
2525 1771 2786 1842 μειζόνως
2809 1769 3065 1840 ἐμϐαλεῖν
3097 1771 3402 1837 δυνήσεται.

2253 1870 2317 1922 El
2351 1869 2460 1940 γὰρ
2493 1869 2873 1940 μακροθυμίας
2907 1885 2992 1931 τις
3027 1866 3314 1919 ἀπολαύων
3360 1867 3542 1935 μόνον,
3580 1869 3650 1920 ἂν
3702 1871 3781 1932 είς

2181 1953 2299 2006 δέον
2325 1953 2460 2023 αὐτῇ
2492 1952 2564 2022 μὴ
2591 1954 2883 2023 χρήσηται,
2908 1951 3295 2021 χαλεπωτέραν
3336 1949 3446 2015 ἕξει
3471 1951 3573 2021 τὴν
3600 1970 3779 2021 τιμω-

2188 2037 2328 2108 ρίαν·
2362 2039 2491 2092 ὅταν
2523 2038 2658 2108 μετά
2689 2038 2786 2107 τῆς
2813 2035 3194 2107 μακροθυμίας
3224 2036 3316 2088 καὶ
3345 2036 3512 2105 τιμὰς
3540 2037 3644 2109 ἔχῃ
3685 2054 3782 2106 με-

2183 2124 2398 2191 γίστας,
2434 2116 2551 2174 εἶτα
2590 2120 2822 2190 ἐπιμένῃ
2857 2123 2922 2190 τῇ
2957 2120 3211 2190 πονηρίᾳ,
3247 2120 3328 2180 τίς
3361 2119 3528 2171 αὐτὸν
3568 2121 3782 2182 ἐξελεῖ-

2182 2225 2272 2259 ται
2299 2207 2400 2275 τῆς
2435 2204 2707 2268 κολάσεως
2738 2203 2986 2271 ἐκείνης;
3012 2204 3134 2255 Ὅτι
3165 2204 3270 2272 γὰρ
3299 2205 3348 2253 οἰ
3385 2204 3784 2273 μακροθυμίας

2183 2288 2420 2343 ἐνταῦθα
2461 2287 2824 2347 ἀπολαύοντες
2859 2287 3183 2354 συνάγουσιν
3221 2288 3432 2348 ἑαυτοῖς
3474 2287 3784 2358 ὁλόκληρον

2184 2375 2302 2426 ἐκεῖ
2329 2371 2391 2424 τὺ
2420 2372 2611 2435 κακὸν,
2637 2369 2731 2422 ἐὰν
2755 2368 2828 2440 μὴ
2862 2370 3303 2439 μετανοήσωμεν.
3341 2369 3580 2422 ἄκουσον
3604 2370 3659 2421 τί
3684 2388 3787 2440 φη-

2185 2474 2268 2510 σιν
2289 2457 2316 2508 ὁ
2337 2455 2567 2518 Παῦλος·
2608 2452 2819 2524 Λογίζῃ
2844 2453 2913 2506 δὲ
2939 2453 3136 2513 τοῦτο.
3168 2448 3215 2506 ὦ
3239 2454 3536 2521 ἄνθρωπε,
3581 2459 3615 2507 ό
3650 2459 3782 2524 κρί-

2181 2557 2305 2594 νων
2332 2539 2476 2605 τοὺς
2505 2541 2576 2592 τὰ
2601 2537 2845 2592 τοιαῦτα
2884 2537 3294 2605 πράσσοντας,
3326 2537 3425 2590 καὶ
3452 2535 3654 2590 ποιῶν
3673 2541 3783 2590 αὺ-

2183 2623 2272 2688 τὰ,
2309 2622 2399 2677 ὅτι
2434 2623 2516 2676 σὺ
2557 2621 2823 2690 ἐκφεύξῃ
2858 2621 2925 2674 τὸ
2965 2621 3141 2691 κρῖμα
3191 2620 3296 2674 τοῦ
3331 2622 3519 2684 Θεοῦ;
3561 2625 3644 2675 ἸΙ
3675 2622 3784 2675 τοῦ

2182 2707 2450 2761 πλούτου
2479 2704 2582 2772 τῆς
2607 2707 3017 2774 χρηστότητος
3042 2705 3249 2768 αὐτοῦ,
3273 2707 3372 2759 καὶ
3400 2699 3512 2773 τῆς
3540 2706 3784 2776 ἀνοχῆς

2182 2791 2282 2844 καὶ
2321 2788 2432 2858 τῆς
2466 2791 2875 2858 μακροθυμίας
2927 2789 3343 2858 καταφρονεῖς,
3391 2790 3640 2858 ἀγνοῶν
3690 2793 3779 2844 ἔτι

2180 2874 2247 2928 τὸ
2281 2873 2552 2942 χρηστὸν
2581 2872 2691 2926 τοῦ
2724 2873 2871 2926 Θεοῦ
2895 2875 2983 2938 είς
3005 2871 3330 2942 μετάνοιάν
3361 2891 3436 2928 σε
3455 2875 3625 2944 ᾶγει;
3667 2880 3780 2929 Ka-

2181 2958 2254 3012 τὰ
2284 2957 2352 3010 δὲ
2377 2957 2492 3024 τὴν
2512 2955 2901 3025 σκληρότητά
2929 2974 3046 3010 σου
3067 2958 3164 3010 καὶ
3193 2958 3614 3026 ἀμετανόητον
3637 2977 3778 3026 καρο

2181 3044 2320 3098 δίαν
2350 3040 2726 3111 θησαυρίζεις
2758 3041 2994 3106 σεαυτῷ
3025 3041 3211 3110 ὀργὴν
3247 3042 3316 3093 ἐν
3357 3042 3559 3111 ἡμέρῃ
3592 3043 3778 3113 ὀργῆς

2180 3128 2282 3183 καί
2316 3127 2757 3194 ἀποκαλύψεως
2807 3125 2906 3179 καὶ
2953 3124 3384 3194 δικαιοκρισίας
3445 3127 3556 3180 τοῦ
3606 3127 3775 3184 Θεοῦ.

2183 3211 2350 3264 Ὅταν
2405 3205 2499 3263 οὖν
2543 3209 2740 3279 ἴδωμέν
2794 3225 2946 3271 τινας
2998 3206 3380 3274 πλουτοῦντας,
3421 3213 3779 3280 τρυφῶντας,

2185 3296 2374 3366 μύρων
2403 3293 2646 3358 δζοντας,
2672 3293 2730 3344 ὲν
2755 3291 2891 3362 μέθῃ
2913 3291 3357 3362 διημερεύοντας,
3391 3294 3452 3346 ἐν
3479 3294 3779 3366 δυναστεία

2180 3378 2338 3442 ὂντας
2368 3378 2462 3431 καὶ
2491 3377 2617 3450 δόξῃ
2648 3375 2814 3446 πολλῇ
2852 3376 2944 3428 καὶ
2970 3376 3136 3447 πολλῇ
3166 3379 3232 3447 τῇ
3261 3377 3539 3449 φαντασία
3575 3382 3676 3434 καὶ
3696 3399 3781 3433 πει

2186 3461 2454 3534 ριφανείᾳ,
2487 3464 2582 3514 καὶ
2622 3459 3055 3531 ἁμαρτάνοντας.
3105 3462 3199 3514 καὶ
3244 3462 3412 3533 μηδὲν
3459 3467 3777 3535 πάσχοντκ

2180 3547 2373 3609 δεινὸν,
2419 3546 2487 3598 δι’
2519 3546 2648 3598 αὐτὸ
2694 3545 2853 3598 τοῦτο
2909 3545 3105 3608 αὐτοὺς
3155 3545 3391 3616 μάλιστα
3441 3549 3775 3621 δακρύωμεν

2183 3630 2278 3684 καὶ
2337 3628 2646 3702 Θρηνῶμεν,
2707 3629 2788 3681 ὅτι
2853 3629 3258 3698 ἁμαρτάνοντες
3306 3631 3366 3684 οὐ
3425 3632 3768 3698 κολάζοντκ.

2183 3715 2395 3786 Ὠσπερ
2425 3715 2532 3784 γὰρ
2568 3714 2620 3766 εἴ
2646 3731 2767 3768 τινα
2798 3708 2936 3774 εἶδες
2969 3724 2991 3751 ε
3026 3713 3199 3785 ὑδέρῳ
3233 3714 3265 3785 ἦ
3297 3713 3503 3787 σπληνὶ
3548 3721 3771 3789 κατεχό-

2183 3815 2364 3869 μενον,
2401 3797 2434 3868 ἢ
2464 3797 2733 3868 σηπεδόνα
2759 3796 2878 3850 τινά
2905 3797 3095 3866 ἔχοντα
3125 3799 3218 3850 καί
3252 3797 3383 3868 ἕλκη
3426 3802 3611 3872 μυρία
3645 3807 3769 3856 πᾶν-

2178 3882 2354 3946 τοθεν,
2387 3877 2504 3933 εἶτα
2548 3881 2641 3934 ἐπὶ
2687 3882 2820 3933 πᾶσι
2866 3881 3078 3944 τούτοις
3125 3881 3416 3951 μεθύοντα,
3455 3887 3768 3955 τρυφῶντα,

2181 3967 2277 4019 καὶ
2317 3966 2379 4018 τὸ
2408 3966 2620 4036 νόσημα
2664 3964 3022 4029 ἐπιτείνοντα,
3053 3966 3112 4018 οὐ
3145 3966 3304 4036 μόνον
3342 3967 3404 4019 οὐ
3443 3967 3770 4039 θαυμάζεις,

2180 4049 2300 4103 οὐδὲ
2337 4049 2662 4122 μακαρίζεις
2685 4048 2771 4101 διὰ
2804 4048 2904 4118 τὴν
2927 4049 3157 4120 τρυφὴν,
3183 4049 3320 4103 ἀλλά
3345 4052 3414 4104 δι’
3445 4055 3588 4107 αὐτὸ
3623 4056 3774 4107 τοῦτο

2182 4133 2418 4204 μάλιστα
2440 4132 2744 4196 ταλανίζεις
2791 4133 2953 4186 αὐτόν
2976 4151 2989 4164 ο
3031 4133 3172 4186 οὕτω
3205 4135 3299 4187 καὶ
3331 4136 3428 4189 ἐπὶ
3463 4139 3570 4208 τῆς
3599 4140 3773 4211 ψυχῆς

2177 4215 2411 4284 λογίζου.
2448 4215 2616 4268 Ὅταν
2649 4215 2763 4286 ίδῃς
2787 4216 3070 4288 ἄνθρωπον
3103 4218 3337 4288 πονηρία
3369 4220 3653 4284 συζῶντα,
3686 4227 3775 4276 καὶ

2180 4299 2380 4370 πολλῆς
2424 4297 2768 4353 ἀπολαύοντα
2817 4299 2918 4370 τῆς
2962 4301 3285 4375 εὐημερίας,
3331 4304 3426 4355 καὶ
3463 4304 3626 4359 οὐδὲν
3674 4309 3773 4360 πάι

2179 4399 2378 4452 σχοντα
2417 4381 2609 4447 δεινὸν,
2634 4381 2722 4434 διά
2749 4381 2906 4434 τοῦτο
2939 4383 3137 4454 μᾶλλον
3169 4383 3462 4454 θρήνησον,
3493 4389 3587 4441 ὅτι
3619 4393 3772 4461 νοσή-

2181 4483 2313 4537 ματι
2337 4467 2700 4536 κατεχόμενος
2729 4469 2822 4520 καὶ
2845 4468 3096 4540 σηπεδόνι
3128 4469 3518 4544 χαλεπωτάτῃ,
3555 4477 3657 4548 τὴν
3679 4481 3774 4549 ἁρ-

2179 4551 2413 4621 ρωστίαν
2460 4552 2740 4614 ἐπιτείνει,
2780 4551 2868 4605 διὰ
2894 4553 2992 4622 τῆς
3021 4557 3232 4624 τρυφῆς
3263 4554 3356 4607 καὶ
3383 4557 3486 4626 τῆς
3530 4562 3774 4627 ἀνέσεως

2177 4638 2374 4709 χείρων
2403 4637 2707 4708 γινόμενος.
2752 4638 2827 4690 Οὐ
2869 4638 2978 4710 γὰρ
3019 4641 3052 4711 ἡ
3088 4640 3309 4704 κόλασις
3343 4647 3545 4707 κακὸν,
3739 4654 3771 4720 ὴ

2177 4723 2421 4793 ἁμαρτία
2465 4722 2652 4776 κακόν.
2690 4720 2836 4794 Αὕτη
2875 4724 2974 4793 μὲν
3015 4726 3126 4796 γὰρ
3159 4726 3254 4779 τοῦ
3283 4727 3418 4780 Θεοῦ
3467 4730 3770 4802 διίστησιν,

2175 4806 2358 4876 ἐκείνη
2380 4806 2436 4859 δὲ
2464 4807 2684 4873 συνάγει
2708 4807 2854 4877 ἡμᾶς
2882 4808 3017 4878 πρὸς
3038 4808 3129 4861 τὸν
3155 4810 3307 4874 Θεὸν,
3333 4811 3430 4863 καὶ
3451 4816 3725 4870 καταλύει
3749 4816 3768 4855 τ

2174 4889 2273 4959 τὴν
2310 4889 2501 4974 ὀργήν.
2539 4888 2709 4942 Πόθεν
2748 4888 2905 4942 τοῦτο
2934 4891 3132 4962 δῆλονς
3166 4896 3431 4950 ’Ἄκουσον
3485 4900 3595 4952 τοῦ
3639 4919 3773 4974 πρ)-

2176 4974 2348 5042 φήτου
2390 4973 2656 5041 λέγοντος·
2718 4975 3142 5045 Παρακαλεῖτε,
3190 4983 3603 5049 παρακαλεῖτε
3666 4973 3772 5041 τὸν

2172 5057 2328 5109 λαόν
2349 5073 2490 5124 μου,
2523 5056 2716 5124 ἱερεῖς,
2754 5058 3072 5125 λαλήσατε
3098 5062 3195 5114 ἐπὶ
3230 5063 3342 5131 τὴν
3375 5066 3644 5133 καρδίαν
3687 5073 3770 5124 Ἰε-

2166 5139 2513 5208 ρουσαλὴμ,
2553 5139 2642 5193 ὅτι
2685 5140 2934 5205 ἐδέξατο
2963 5144 3031 5198 ἐκ
3071 5148 3270 5214 χειρὸς
3307 5151 3536 5214 Κιζρίου
3581 5152 3768 5207 διπλᾶ

2173 5223 2245 5275 τὰ
2280 5221 2666 5290 ἁμαρτήματα
2703 5225 2915 5293 αὐτῆς.
2949 5228 3059 5280 Καὶ
3090 5229 3270 5282 πάλιν·
3297 5232 3516 5298 Κιτιριος
3546 5238 3583 5287 d
3619 5238 3768 5302 Θεὸς

2171 5304 2362 5374 ἡμῶν,
2403 5304 2655 5374 εἰρήνην
2695 5308 2801 5374 δὸς
2835 5309 2999 5379 ἡμῖν·
3046 5311 3242 5365 πάντα
3280 5313 3389 5382 γὰρ
3442 5316 3766 5382 ἀπέδωκας

2171 5389 2334 5457 ἡμῖν.
2367 5390 2477 5442 Καὶ
2506 5391 2594 5442 ἵνα
2621 5392 2826 5464 μάθητε
2851 5395 2933 5448 ὃτι
2956 5396 3006 5448 οί
3031 5395 3129 5466 μὲν
3156 5396 3411 5455 ἐνταῦθα.
3442 5400 3493 5451 οἱ
3525 5400 3585 5453 δὲ
3611 5400 3762 5473 [7H]

2172 5473 2289 5526 ἐκεῖ
2311 5473 2653 5539 κολάζονται,
2679 5479 2727 5530 οἱ
2745 5477 2802 5530 δὲ
2822 5479 2917 5532 καὶ
2941 5479 3175 5532 ἐνταῦθα
3195 5481 3284 5534 καὶ
3312 5483 3450 5547 ἐκεῖ,
3486 5485 3761 5542 ἀκούσατε

2233 5658 2258 5698 ιι
2395 5662 2525 5724 παρὰ
2549 5660 2633 5710 τοῦ
2655 5661 2799 5711 Θεοῦ.

2239 5726 2260 5750 ⁸
2283 5719 2378 5768 ΑΙὶί
2397 5719 2534 5777 ἶὸόις.

2243 5782 2260 5820 ί
2291 5781 2371 5831 Si'c
2397 5783 2555 5834 Savil.
2576 5790 2630 5836 et
2652 5799 2764 5836 mss.
2795 5785 2964 5836 Morel.
2993 5798 3109 5837 vero
3130 5785 3325 5837 κωλύει.
