3862 6228
95 346 192 403 997

97 462 258 514 Deum
308 457 607 522 metuebat,
637 471 808 525 neque
849 455 1092 510 homines
1135 455 1477 508 reverebatur
1510 452 1658 523 (Luc.

97 549 180 606 18.
204 549 240 600 2
261 576 284 588 -
301 547 381 618 5),
403 557 634 601 attamen
678 563 798 602 cum
822 557 927 600 tam
956 546 1211 614 improbis
1241 556 1382 601 esset
1409 543 1665 608 moribus,

97 639 218 693 fecit
241 639 366 693 boni
388 637 660 708 quiddam,
691 639 974 692 miseratus
997 638 1209 692 viduam
1239 638 1336 706 ipsi
1363 636 1670 708 frequenter

94 731 356 802 negotium
387 732 734 786 facessentem
757 773 771 794 ,
799 746 1038 786 annuens
1078 731 1360 802 postulanti
1402 729 1666 790 ofﬁcium,

93 835 454 894 prmstansque
483 825 624 895 quod
657 825 954 893 petebatur,
993 822 1240 878 cohibitis
1273 822 1360 893 qui
1390 822 1529 875 illam
1554 820 1670 875 affi-

90 918 304 974 ciebant
332 917 543 987 injuria.
576 917 650 970 Ita
670 916 974 984 frequenter
1008 915 1199 970 accidit
1225 924 1283 969 ut
1323 915 1514 984 aliquis
1547 915 1668 968 vita:

93 1011 163 1062 sit
207 1009 645 1078 intemperantis,
677 1017 731 1062 et
773 1017 946 1061 tamen
990 1009 1059 1060 sit
1098 1008 1440 1061 misericors:
1479 1014 1572 1060 aut
1613 1014 1670 1058 ut

90 1099 211 1167 quis
236 1100 305 1153 sit
334 1099 675 1162 inhumanus,
719 1099 938 1167 pudicus
982 1109 1179 1152 tamen.
1219 1098 1368 1164 Quod
1400 1099 1445 1151 si
1473 1099 1666 1152 intem—

94 1205 288 1258 perans
315 1189 470 1244 fuerit
496 1201 550 1243 et
592 1190 728 1243 idem
753 1190 982 1243 crudelis
1001 1231 1016 1255 ,
1049 1198 1224 1243 tamen
1267 1204 1426 1242 unum
1454 1188 1668 1258 aliquod

92 1281 235 1334 aliud
264 1282 460 1336 bonum
490 1298 626 1350 opus
652 1280 778 1336 fecit
809 1283 860 1334 iu
896 1281 1023 1334 vita.
1056 1281 1260 1335 Rursus
1289 1281 1388 1334 hoc
1419 1278 1556 1334 idem
1579 1295 1666 1334 ar-

24 1407 26 1410 ›
92 1373 394 1426 bitrandum
433 1385 511 1426 est
558 1373 628 1427 de
681 1373 851 1426 bonis.
894 1371 1347 1439 Quemadmodum
1381 1371 1523 1425 enim
1578 1370 1666 1437 qui

95 1462 310 1529 pessimi
339 1471 483 1528 sunt,
512 1462 708 1515 faciunt
736 1461 1037 1531 frequenter
1059 1461 1180 1514 boni
1201 1460 1450 1530 quiddam
1475 1477 1490 1514 :
1518 1459 1596 1512 sic
1615 1469 1670 1512 et

93 1552 219 1605 boni
255 1553 552 1621 virtuteque
596 1552 802 1621 praediti
835 1566 1202 1622 saepenumero
1249 1562 1488 1620 peccant.
1543 1549 1668 1614 Quis

91 1645 246 1708 enim,
277 1645 467 1714 inquit,
495 1645 792 1714 gloriabitur
817 1659 868 1696 se
896 1653 1088 1696 castum
1115 1643 1296 1696 habere
1314 1659 1422 1706 cor,
1453 1652 1539 1694 aut
1559 1643 1668 1711 quis

94 1736 313 1804 conﬁdet
335 1754 388 1791 se
413 1753 594 1805 purum
619 1752 722 1789 esse
740 1753 772 1788 a
803 1746 1007 1805 peccato
1033 1735 1217 1805 (Prov.
1243 1734 1332 1788 20.
1365 1733 1460 1802 9)?

161 1825 295 1880 Boni
323 1843 423 1879 non
451 1836 619 1879 carent
646 1826 882 1896 peccatis.
911 1854 986 1866 —-~
1004 1824 1265 1892 Quoniam
1294 1824 1452 1894 igitur
1483 1822 1668 1876 verisi-

24 1907 27 1994 L
91 1918 217 1971 mile
253 1925 336 1971 est
378 1916 594 1971 divitem
626 1917 802 1980 illum,
846 1916 970 1970 licet
1006 1909 1078 1968 ad
1113 1923 1408 1968 extremum
1453 1911 1666 1964 malitia:

24 2075 26 2082 ν
93 2019 428 2079 provectum,
459 2007 658 2077 aliquid
683 2006 872 2062 fecisse
897 2006 1020 2060 boni
1050 2022 1065 2058 :
1091 2017 1272 2059 contra
1297 2004 1550 2056 Lazarum
1585 2012 1664 2054 ta-

94 2096 252 2150 metsi
281 2111 486 2150 summa
515 2097 709 2150 virtute
731 2094 1087 2166 prmstitisset,
1118 2093 1314 2162 aliquid
1345 2103 1519 2146 tamen
1553 2093 1667 2144 leve

24 2181 27 2186 ’
87 2187 419 2257 deliquisse:
449 2187 566 2242 vide
607 2186 872 2256 quomodo
912 2184 1200 2240 declaravit
1246 2192 1528 2252 utrumque
1575 2196 1666 2250 pa—

91 2278 348 2343 triarcba,
369 2279 554 2334 dicens
585 2296 599 2332 :
637 2274 890 2349 Recepisti
931 2277 1061 2332 bona
1099 2286 1186 2329 tua
1229 2278 1282 2329 in
1331 2277 1430 2329 vita
1469 2285 1585 2337 tua,
1620 2284 1667 2326 et

25 2410 27 2412 -
88 2367 319 2424 Lazarus
358 2370 590 2424 similiter
624 2371 780 2423 mala.
823 2369 887 2423 Et
927 2379 1000 2433 tu,
1032 2367 1222 2438 inquit,
1270 2369 1430 2422 etiam
1469 2366 1514 2420 si
1540 2366 1663 2436 quid

89 2459 214 2514 boni
239 2459 426 2526 fecisti,
457 2460 502 2514 si
527 2475 630 2531 qua
657 2475 864 2516 merces
893 2459 987 2514 tibi
1013 2459 1322 2521 debebatur,
1355 2459 1467 2512 haec
1487 2458 1663 2512 omnia

87 2552 142 2604 in
189 2551 284 2605 illo
313 2551 511 2606 mundo
544 2552 810 2621 recepisti,
841 2551 1045 2606 deliciis
1093 2549 1308 2617 fruens,
1353 2550 1547 2604 divitiis
1585 2549 1664 2603 af-

87 2645 279 2708 fluens,
312 2645 470 2698 rebus
497 2645 766 2714 prosperis
795 2653 976 2709 utens,
1010 2644 1284 2714 multoque
1323 2658 1500 2696 rerum
1540 2657 1661 2696 suc-

84 2748 244 2788 cessu
273 2733 530 2804 gaudens.
572 2733 639 2788 Et
677 2735 762 2789 hic
789 2735 832 2788 si
861 2734 986 2804 quid
1021 2735 1143 2788 mali
1182 2733 1341 2797 fecit;
1373 2733 1662 2788 omnia're-

83 2827 250 2894 cepit,
278 2842 398 2882 cum
424 2827 591 2893 fame,
625 2826 823 2898 inopia,
851 2827 1104 2881 extremis
1131 2826 1284 2881 malis
1311 2824 1660 2896 afﬂigeretur.

83 2914 271 2986 Itaque
318 2927 554 2972 vestrum
611 2926 832 2987 uterque
873 2917 1047 2972 nudus
1098 2919 1198 2972 huc
1248 2917 1518 2987 pervenit,
1574 2918 1663 2972 ille

80 3008 347 3076 peccatis,
382 3017 436 3063 tu
463 3009 703 3079 justitia:
747 3009 1090 3078 quamobrem
1123 3019 1176 3063 et
1219 3009 1306 3065 hic
1333 3025 1538 3065 merum
1569 3010 1663 3064 ha-

83 3097 178 3153 bet
205 3099 475 3167 solatium,
502 3110 558 3156 tu
616 3101 1049 3157 inconsolabilem
1095 3102 1326 3157 sustines
1346 3107 1657 3158 cruciatum.

77 3191 294 3246 Etenim
335 3209 456 3247 cum
496 3195 683 3264 exigua
723 3205 847 3248 sunt
890 3194 1130 3264 leviaque
1174 3194 1449 3250 benefacta
1485 3195 1658 3259 nobis,

78 3281 272 3352 ingens
298 3293 473 3338 autem
493 3293 546 3338 et
565 3283 882 3339 immensum
911 3293 1244 3353 peccatorum
1276 3300 1444 3340 onus:
1468 3285 1661 3342 deinde

78 3371 169 3428 hic
214 3375 566 3444 prosperitate
613 3374 860 3442 fruimur,
904 3391 1074 3445 neque
1106 3375 1393 3445 quidquam
1434 3379 1661 3445 patimur

75 3465 280 3526 acerbi.
313 3481 529 3534 prorsus
563 3467 690 3522 nudi
716 3467 1060 3538 destitutique
1097 3468 1494 3524 benefactorum
1521 3487 1661 3540 prae-

75 3557 201 3610 miis
264 3556 388 3612 hinc
449 3558 810 3625 discedimus,
877 3569 936 3614 ut
979 3559 1068 3630 qui
1148 3560 1233 3615 hic
1297 3561 1659 3631 receperimus

77 3648 285 3700 omnia.
335 3648 697 3720 Similiterque
744 3664 865 3704 eum
909 3651 1071 3704 multa
1116 3666 1409 3722 magnaque
1450 3654 1659 3708 fuerunt

71 3738 236 3792 nobis
273 3739 567 3804 benefacta,
620 3739 712 3794 sed
765 3741 952 3810 exigua
1004 3755 1279 3812 paucaque
1319 3743 1543 3806 delicta,
1603 3755 1657 3799 et

70 3841 197 3899 post
255 3831 368 3886 haec
420 3834 649 3902 patimur
710 3834 909 3904 aliquid
975 3835 1152 3889 acerbi
1200 3852 1214 3890 ;
1263 3836 1348 3890 hic
1401 3837 1656 3906 depositis

69 3921 363 3977 levioribus
403 3924 504 3979 illis
541 3925 748 3980 delictis
785 3941 972 3996 puram
1016 3926 1123 3980 illic
1161 3927 1528 4002 et’perfet'tam
1562 3931 1656 3985 bo-

59 4029 261 4070 uorum
287 4031 505 4084 operum
536 4018 1012 4071 remunerationem
1039 4017 1345 4088 accipimus.
1369 4019 1470 4076 Ubi
1496 4037 1652 4090 quem

66 4105 234 4174 igitur
263 4107 456 4161 videris
479 4149 495 4172 ,
542 4108 834 4176 improbam
869 4117 1112 4179 agentem
1145 4111 1305 4164 vitam
1332 4153 1345 4176 ,
1375 4127 1474 4166 nec
1497 4113 1653 4182 quid-

64 4211 230 4265 quam
263 4194 349 4251 hic
372 4197 547 4251 acerbi
572 4199 856 4266 patientem
882 4215 896 4252 :
926 4213 992 4253 ue
1017 4199 1217 4268 putaris
1242 4199 1390 4254 illum
1415 4200 1648 4269 beatum,

61 4291 166 4347 sed
190 4290 327 4365 deﬂe
353 4292 526 4362 potius
564 4307 626 4346 ac
654 4290 870 4360 deplora
893 4332 910 4356 ,
938 4291 1084 4347 velut
1122 4291 1230 4348 illic
1266 4294 1441 4348 omnia
1482 4295 1652 4350 tristia

61 4398 468 4454 perpessurum,
499 4381 944 4454 quemadmodum
997 4383 1148 4439 dives
1174 4385 1281 4439 ille.
1324 4385 1526 4441 Rursus
1565 4388 1653 4443 ubi

61 4491 230 4546 quem
257 4474 454 4530 videris
479 4475 687 4530 virtutis
713 4473 1032 4542 studiosum,
1060 4483 1115 4530 et
1133 4476 1378 4532 eumdem
1410 4477 1653 4535 inamoe-

61 4571 144 4624 ris
169 4567 329 4638 afﬂigi
359 4567 638 4635 molestiis,
668 4569 879 4624 beatum
909 4568 1172 4634 existima,
1203 4567 1418 4624 felicem.
1433 4570 1610 4639 judiea
1634 4590 1648 4626 :

61 4673 124 4716 ut
154 4662 244 4732 qui
271 4671 326 4716 et
353 4661 440 4715 hic
464 4661 643 4716 omnia
671 4677 764 4716 sua
793 4669 1006 4730 peccata
1033 4661 1269 4726 diluerit,
1296 4670 1352 4716 et
1374 4663 1483 4717 illic
1511 4664 1648 4717 mul-

61 4767 175 4809 tam
206 4754 400 4810 habeat
423 4763 658 4824 paratam
682 4754 947 4824 patieutia:
969 4753 1289 4820 mercedem,
1313 4757 1652 4825 quemadmo-

25 4885 27 4888 ι
55 4848 192 4903 dum
224 4846 348 4902 huic
373 4846 550 4903 evenit
577 4846 796 4906 Lazaro.

133 4941 191 4994 5.
238 4939 374 4994 Nam
413 4954 482 4995 ex
530 4938 835 4993 hominibus
881 4937 972 4993 alii
1006 4938 1218 5008 quidem
1262 4938 1346 4995 hic
1377 4940 1650 4998 dumtaxat

54 5033 394 5105 puniuntur,
441 5031 529 5086 alii
568 5045 753 5086 rursus
794 5031 924 5086 nihil
962 5031 1050 5086 hic
1080 5032 1182 5088 tale
1225 5033 1511 5102 patiuntur,
1554 5037 1648 5092 sed

53 5140 284 5180 omnem
328 5123 613 5179 vindictam
659 5123 766 5180 illic
806 5125 1070 5194 recipiunt
1099 5142 1112 5179 :
1141 5125 1228 5179 alii
1258 5141 1384 5181 vero
1411 5135 1521 5182 tum
1562 5127 1649 5184 hic

55 5229 178 5271 tum
204 5217 314 5272 illic
338 5216 644 5286 puniuntur.
677 5216 876 5272 Horum
903 5217 1062 5287 igitur
1082 5217 1260 5285 trium,
1280 5234 1412 5288 quos
1435 5220 1646 5276 tandem

51 5308 316 5380 iudicatis
343 5307 563 5365 beatos?
590 5309 700 5364 Non
729 5309 932 5374 dubito,
951 5310 1076 5381 quin
1093 5311 1293 5380 primos
1315 5312 1430 5367 illos
1449 5314 1536 5384 qui
1563 5314 1647 5370 hic

56 5401 397 5473 puniuntur,
427 5410 586 5472 atque
616 5403 684 5456 ita
715 5411 930 5472 peccata
975 5403 1268 5472 deponunt.
1307 5403 1498 5459 Verum
1528 5415 1648 5476 post

56 5494 190 5549 illos
221 5505 358 5564 quos
392 5492 634 5563 proximo
665 5493 932 5548 felicitatis
969 5493 1087 5549 loco
1129 5494 1324 5564 ponitis
1346 5495 1493 5550 ?Vos
1532 5495 1645 5551 for-

55 5584 228 5641 tassis
253 5600 367 5651 eos,
394 5585 483 5656 qui
511 5584 640 5640 nihil
665 5584 750 5640 hic
771 5585 921 5639 triste
947 5585 1239 5654 patiuntur,
1271 5585 1364 5641 sed
1389 5587 1499 5643 illic
1525 5603 1644 5644 om-

60 5693 197 5734 nem
230 5678 383 5732 luunt
414 5693 657 5747 ptenmn:
687 5686 742 5732 at
765 5692 864 5746 ego
891 5692 998 5731 non
1024 5677 1177 5743 istos,
1201 5678 1296 5734 sed
1321 5678 1418 5734 hos
1442 5681 1639 5751 potius,

54 5772 160 5841 qui
197 5769 283 5824 hic
314 5768 473 5824 simul
503 5779 556 5825 et
586 5768 689 5824 illic
720 5767 1026 5839 puniuntur.
1058 5768 1189 5826 Nam
1229 5770 1316 5826 hic
1341 5770 1430 5842 qui
1456 5786 1643 5843 ptenas

1255 341 1338 396 DE
1380 340 1652 394 LAZARO
1678 339 1916 395 CONCIO
1956 339 2038 394 Ill.

3253 333 3351 390 998

1777 453 2005 516 dederit,
2029 454 2225 509 sentiet
2252 455 2357 509 illic
2386 469 2594 524 pmnam
2638 451 3044 524 levioremzqui
3087 469 3216 512 vero
3255 467 3350 508 co-

1775 553 1929 613 getur
1957 544 2064 599 illic
2094 554 2254 598 totam
2287 561 2495 614 penam
2525 547 2820 614 sustinere,
2851 548 3207 603 inevitabilem
3239 547 3349 601 viu-

1774 633 1969 688 dictam
1995 650 2008 686 :
2032 637 2477 705 quemadmodum
2521 637 2672 694 dives
2710 636 2826 703 hic,
2855 640 2947 711 qui
2989 640 3186 694 nullam
3225 655 3349 710 pee-

1777 733 2016 778 catorum
2050 735 2251 794 partem
2286 728 2473 792 abluit,
2506 729 2641 784 adeo
2677 743 2864 784 severe
2897 727 3111 800 punitus
3137 739 3254 798 est,
3299 740 3353 784 ut

1778 831 1846 872 ne
1886 818 2158 872 minimam
2185 819 2396 889 quidem
2423 830 2620 890 guttam
2652 821 3032 889 impetraverit.
3063 821 3258 876 Verum
3291 822 3356 877 iis

1775 924 2006 979 quoque,
2037 911 2126 980 qui
2153 911 2240 965 hic
2265 927 2386 967 cum
2417 921 2674 982 peccant,
2704 912 2833 969 nihil
2865 924 3038 970 tamen
3064 929 3226 985 grave
3257 929 3352 984 pa-

1777 1002 1980 1055 tiuntur
1999 1041 2015 1066 ,
2047 1002 2166 1057 illos
2195 1003 2352 1072 longe
2392 1003 2710 1061 infeliciores
2733 1004 2942 1075 judico,
2969 1005 3059 1076 qui
3099 1019 3220 1059 eum
3267 1003 3354 1060 hic

1777 1109 1881 1147 non
1923 1096 2244 1163 puniantur,
2292 1096 2449 1150 simul
2495 1106 2670 1150 tamen
2716 1096 2922 1152 deliciis
2961 1113 3024 1151 ac
3066 1097 3353 1152 securitate

1777 1185 2042 1238 fruuntur.
2071 1185 2526 1250 Quemadmodum
2554 1185 2696 1241 enim
2739 1187 2825 1239 hic
2849 1203 2956 1241 non
2995 1186 3124 1241 dare
3166 1201 3352 1255 pmnas

1777 1290 1873 1343 pro
1893 1276 2216 1341 commissis,
2241 1275 2353 1332 illic
2376 1277 2667 1331 cruciatum
2693 1275 2868 1332 reddit
2891 1277 3210 1332 atrociorem
3237 1294 3251 1332 :
3281 1278 3350 1333 ita

1775 1363 1901 1418 dum
1946 1374 2198 1434 peccant,
2226 1366 2519 1438 voluptati,
2555 1366 2795 1433 deliciis,
2842 1367 3128 1437 multaaque
3173 1383 3347 1422 rerum

1771 1454 2062 1509 afﬂuentia:
2091 1455 2362 1526 indulgere
2381 1497 2397 1522 ,
2431 1458 2647 1525 majoris
2672 1473 2844 1527 putum
2871 1458 3125 1512 viaticum
3161 1458 3264 1511 illis
3291 1471 3352 1510 ac

1776 1546 2050 1598 materiam
2085 1546 2194 1600 illic
2220 1547 2442 1618 colligit.
2473 1547 2604 1601 Nam
2631 1563 2750 1602 cum
2780 1557 3063 1619 peccantes
3084 1563 3181 1602 nos
3213 1548 3351 1602 Deus

1774 1635 1940 1689 afficit
1981 1638 2292 1705 honoribus,
2330 1653 2394 1693 ea
2419 1654 2506 1694 res
2550 1639 2885 1710 podssimum
2923 1652 3023 1694 nos
3050 1637 3102 1692 in
3137 1637 3350 1709 gravius

1774 1726 2076 1782 incendium
2101 1729 2318 1798 injicere
2343 1731 2558 1799 poterit.

1845 1817 2089 1888 Impietas
2130 1819 2256 1890 felix
2298 1820 2743 1891 periculosissima.
2784 1849 2856 1860 —
2901 1819 3109 1874 Etenim
3149 1820 3194 1874 si
3231 1820 3349 1888 quis

1774 1909 1868 1963 Dei
1896 1910 2114 1966 lenitate
2135 1911 2341 1966 fruatur
2369 1920 2609 1977 tantum,
2642 1927 2740 1967 nec
2761 1926 2824 1967 ea
2856 1911 2923 1966 ad
2949 1911 3001 1966 id
3024 1910 3166 1981 quod
3191 1924 3347 1980 opor-

1775 2003 1873 2057 tuit
1895 2013 2092 2070 utatur,
2114 2007 2348 2060 atrocius
2369 2005 2683 2076 supplicium
2713 2005 2814 2060 sibi
2839 2016 3008 2076 parat.
3029 2003 3129 2060 Ubi
3157 2012 3346 2073 przeter

1775 2093 1868 2149 Dei
1894 2095 2160 2149 lenitatem
2182 2096 2342 2150 etiam
2365 2095 2658 2150 honoribus
2678 2097 2876 2165 potitur
2895 2095 3161 2160 maximis,
3179 2094 3345 2148 nihilo

1773 2187 1947 2241 secius
1976 2195 2154 2242 tamen
2199 2189 2434 2258 persistit
2456 2190 2506 2242 in
2556 2189 2822 2259 nequitia:
2849 2188 2969 2258 quis
3009 2203 3129 2241 eum
3160 2185 3346 2255 eripiet

1772 2279 1842 2333 ab
1891 2279 1980 2333 illo
2031 2281 2328 2349 supplicio?
2375 2281 2585 2335 Etenim
2633 2291 2688 2334 ut
2727 2281 3023 2350 intelligas,
3072 2277 3210 2348 quod
3253 2278 3345 2347 qui

1777 2370 1868 2424 Dei
1918 2372 2190 2426 lenitatem
2236 2371 2324 2427 hic
2374 2373 2752 2442 experiuntur,
2805 2372 2999 2426 malum
3043 2369 3344 2424 universum

1772 2461 1882 2516 illic
1933 2463 2034 2516 sibi
2105 2475 2455 2530 coacervaut,
2506 2465 2563 2518 ni
2633 2462 2983 2532 resipuerint,
3033 2461 3152 2515 audi
3218 2459 3342 2529 quid

1770 2553 1914 2610 dicat
1949 2555 2184 2611 Paulus:
2230 2555 2505 2611 Existimas
2549 2566 2734 2622 autent,
2764 2571 2795 2609 ο
2835 2555 3012 2617 Ιιοηιο,
3044 2556 3127 2623 qui
3167 2551 3348 2605 conde-

1771 2664 1914 2702 mnas
1959 2665 2045 2702 eos
2087 2649 2172 2718 qui
2220 2649 2342 2703 talia
2391 2649 2612 2719 faciunt,
2643 2658 2688 2702 et
2731 2646 2858 2719 '[acis
2898 2647 3108 2709 eadem,
3139 2642 3272 2712 quod
3293 2653 3344 2695 tu

1770 2740 1979 2812 e/fugies
2035 2741 2288 2812 judicium
2319 2741 2456 2795 Dei?
2497 2742 2575 2795 An
2615 2742 2812 2794 divitias
2842 2739 3072 2794 bonitatis
3109 2737 3246 2792 illius
3287 2749 3347 2788 ac

1769 2835 2042 2906 patientiw,
2067 2835 2379 2904 lenitatisque
2403 2834 2692 2896 contemnis,
2721 2835 2959 2904 ignorans
2985 2829 3119 2900 quod
3145 2828 3345 2882 bonitas

1771 2926 1865 2981 Dei
1918 2926 1986 2980 ad
2036 2927 2376 2996 pwnitentiam
2422 2936 2469 2979 te
2505 2926 2721 2980 inritat?
2767 2924 2872 2979 Sed
2899 2925 3054 2992 juxta
3110 2922 3343 2975 duritiem

1769 3027 1941 3084 tuam,
1981 3027 2028 3071 et
2070 3033 2157 3070 cor
2205 3017 2539 3086 impaenitens,
2592 3015 2820 3071 recondis
2868 3013 2956 3068 tibi
2986 3013 3086 3083 ipsi
3134 3013 3263 3066 iram
3293 3011 3344 3064 in

1767 3109 1850 3164 die
1894 3111 1985 3166 irae
2032 3125 2091 3162 ac
2137 3107 2453 3162 reuelationis
2493 3118 2538 3160 et
2564 3108 2693 3178 justi
2723 3106 2906 3177 judicii
2952 3103 3041 3158 Dei
3068 3103 3244 3174 (Rom.
3284 3100 3338 3156 2.

1767 3201 1819 3257 3.
1851 3198 1930 3273 5).
1964 3200 2105 3270 Ergo
2133 3215 2252 3254 cum
2277 3197 2568 3254 viderimus
2597 3199 2802 3268 aliquos
2821 3196 3010 3267 opibus
3038 3194 3336 3260 afﬂuentes,

1766 3294 1970 3349 deliciis
1994 3293 2250 3360 fruentes,
2295 3303 2563 3364 unguenta
2594 3293 2819 3357 olentes,
2850 3292 2901 3345 in
2932 3287 3236 3345 temulentia
3261 3294 3342 3340 to-

1766 3394 1850 3441 tos
1895 3386 2011 3442 dies
2052 3386 2419 3452 traducentes,
2468 3385 2520 3440 in
2563 3385 2873 3456 magistratu
2912 3391 2969 3438 et
3005 3381 3241 3445 honore,
3287 3379 3340 3433 in

1764 3480 1927 3534 multa
1953 3495 2142 3550 pompa
2187 3488 2241 3534 et
2263 3478 2577 3533 claritudine
2597 3519 2610 3540 ,
2639 3485 2951 3546 peccantes,
2993 3488 3162 3544 neque
3195 3470 3341 3542 quid-

1762 3586 1920 3641 quam
1945 3571 2095 3626 triste
2121 3571 2409 3640 patientes,
2456 3569 2554 3624 hac
2592 3569 2703 3639 ipsa
2728 3568 2795 3623 de
2818 3581 2975 3621 causa
3000 3566 3228 3620 maxime
3255 3563 3340 3618 de-

1764 3662 1987 3716 ﬂeamus
2015 3677 2078 3716 ac
2100 3661 2437 3731 deploremus
2468 3661 2587 3715 illos
2610 3700 2624 3724 ,
2653 3659 2793 3729 quod
2820 3657 2945 3712 dum
2985 3664 3206 3727 peccant
3234 3669 3340 3708 nou

1763 3756 2068 3824 puniuntur.
2101 3753 2169 3808 Ut
2194 3753 2336 3808 enim
2363 3752 2408 3806 si
2434 3767 2589 3822 quem
2623 3750 2820 3806 videris
2846 3747 3071 3820 hydrOpi
3097 3754 3186 3800 aut
3212 3743 3340 3799 vitio

1761 3844 1964 3914 Splenis
1987 3843 2295 3906 obnoxium,
2329 3851 2419 3896 aut
2445 3841 2566 3896 tabo
2607 3839 2854 3909 qquiam
2888 3842 3299 3891 marcescentem
3320 3874 3336 3900 ,

1762 3937 2056 3992 innumeris
2094 3935 2326 4005 undique
2371 3933 2582 4003 plenum
2627 3932 2926 3996 ulceribus,
2960 3929 3126 3983 nihilo
3165 3927 3338 3982 secius

1763 4037 1939 4084 tamen
1982 4043 2102 4083 cum
2133 4026 2215 4081 his
2240 4025 2520 4090 omnibus,
2568 4022 2890 4078 temulentize
2917 4035 2980 4075 ac
3004 4019 3210 4074 deliciis
3251 4018 3332 4072 in-

1761 4121 2090 4192 dulgentem,
2110 4118 2334 4174 reddere
2360 4116 2604 4172 morbum
2633 4115 2920 4178 acriorem,
2948 4112 3084 4168 adeo
3109 4125 3214 4165 non
3239 4109 3337 4164 mi-

1760 4213 1895 4268 raris
1920 4221 2012 4267 aut
2033 4211 2244 4266 beatum
2266 4209 2472 4280 judicas
2511 4223 2632 4263 eum
2658 4207 2727 4262 ob
2751 4204 2969 4262 delicias
2987 4246 3002 4271 ,
3031 4211 3090 4258 ut
3127 4203 3196 4257 ob
3234 4200 3338 4257 hoc

1759 4304 1932 4376 ipsum
1957 4302 2115 4358 etiam
2155 4301 2384 4357 maxime
2407 4300 2662 4356 miserum
2683 4298 2992 4354 existimes:
3018 4294 3265 4351 similiter
3282 4299 3339 4347 et

1758 4397 1826 4452 de
1855 4397 2031 4452 anima
2052 4396 2299 4468 cogitato.
2332 4395 2432 4452 Ubi
2461 4393 2655 4450 videris
2688 4391 2956 4447 hominem
2985 4404 3238 4460 perverse
3259 4387 3339 4444 vi~

1759 4501 2010 4558 ventem,
2063 4491 2336 4558 multaque
2403 4488 2661 4544 fruentem
2726 4485 3115 4556 prosperitate,
3163 4497 3338 4553 neque

1758 4582 1909 4636 triste
1933 4579 2222 4651 quidquam
2253 4580 2534 4649 patientem
2557 4620 2570 4642 ,
2608 4577 2678 4632 ob
2703 4576 2805 4631 hoc
2834 4576 3006 4645 ipsum
3047 4574 3217 4644 magis
3241 4572 3338 4627 de-

1758 4671 1924 4742 plora,
1957 4670 2096 4742 quod
2142 4685 2263 4724 cum
2307 4669 2495 4722 morbo
2527 4667 2949 4738 gravissimoque
2989 4665 3112 4719 tabo
3139 4664 3210 4719 sit
3249 4664 3338 4719 ob-

1757 4763 1986 4826 noxius,
2035 4770 2210 4816 tamen
2249 4759 2485 4815 deterior
2525 4759 2625 4819 sit,
2679 4757 2923 4812 morbum
2953 4757 3158 4813 deliciis
3201 4757 3337 4812 vita-

1758 4869 1862 4924 que
1887 4853 2141 4907 dissoluta
2171 4866 2511 4922 exasperatis.
2541 4849 2655 4904 Non
2682 4852 2823 4904 enim
2851 4850 3059 4920 puniri,
3098 4849 3192 4905 sed
3220 4863 3338 4922 pee-

1756 4960 1879 5001 care
1909 4944 2104 4998 malum
2125 4954 2226 4999 est.
2248 4941 2381 4996 Nam
2406 4943 2508 4996 hoc
2528 4941 2740 5012 quidem
2765 4956 2794 4995 a
2819 4941 2928 4996 Deo
2951 4950 3182 5011 separat,
3206 4941 3334 4996 illud

1755 5051 1882 5092 vero
1903 5049 2002 5090 nos
2020 5035 2085 5088 ad
2110 5035 2276 5089 Deum
2298 5032 2576 5102 recolligit,
2613 5033 2854 5103 iramque
2881 5032 3143 5087 dissolvit.
3185 5031 3335 5088 Unde

1758 5127 1858 5180 hoc
1878 5125 2077 5195 liquet?
2111 5123 2250 5180 Audi
2290 5122 2603 5194 prophetam
2638 5123 2940 5179 dicentem:
2967 5122 3329 5189 Consolamim',

1753 5218 2082 5274 consolamini
2106 5215 2351 5288 populum
2368 5231 2532 5270 meum
2552 5215 2856 5280 sacerdotes,
2871 5215 3131 5285 loquimini
3155 5215 3224 5268 ad
3245 5231 3334 5268 cor

1752 5311 2058 5374 Jerusalem,
2091 5311 2330 5381 quoniam
2366 5308 2566 5378 accepit
2591 5308 2656 5364 de
2685 5325 2840 5362 manu
2874 5307 3082 5362 Domini
3109 5309 3332 5378 duplicia

1753 5411 1955 5475 peccata
1973 5419 2067 5456 sua
2089 5401 2144 5473 (I
2149 5402 2245 5457 sai.
2270 5402 2358 5457 40.
2383 5403 2437 5457 1.
2461 5398 2540 5472 2).
2559 5402 2637 5456 Ac
2658 5415 2878 5456 rursus:
2899 5397 3134 5466 Domine,
3157 5416 3330 5471 pacem

1753 5496 1823 5550 da
1861 5495 2004 5550 nobis
2032 5513 2051 5549 :
2079 5512 2200 5550 nam
2219 5497 2388 5551 omnia
2414 5484 2679 5551 reddidisti
2704 5496 2847 5550 nobis
2874 5493 2982 5564 (Id.
3001 5494 3092 5550 26.
3123 5494 3235 5567 i2).
3260 5493 3330 5551 Ut

1747 5598 1928 5644 autem
1946 5588 2247 5660 intelligatis
2272 5590 2406 5645 alios
2433 5589 2540 5657 hic,
2571 5589 2706 5643 alios
2729 5589 2835 5644 illic
2853 5588 3046 5658 puniri,
3063 5586 3198 5642 alios
3214 5597 3325 5642 tum

1751 5681 1840 5738 hic
1865 5691 1975 5736 tum
2006 5681 2134 5748 illic,
2165 5681 2343 5737 audite
2370 5681 2495 5753 quid
2531 5681 2660 5736 dicit
2680 5681 2893 5747 Paulus,
2931 5677 3328 5750 reprehendens

1753 5789 1846 5832 eos
1871 5776 1958 5846 qui
1989 5774 2201 5846 indigne
2227 5775 2686 5832 communicabant
2709 5773 2995 5846 mysteriis.
3025 5771 3156 5829 Cum
3176 5772 3324 5829 enim
