3860 6224
475 338 584 396 999

482 463 730 524 dixisset,
770 458 869 525 Qui
893 457 992 512 edit
1019 471 1078 509 ac
1105 455 1224 506 bibit
1255 451 1459 520 indigne
1487 465 1668 517 corpus
1691 458 1736 500 et
1761 444 2058 515 sanguinem

488 554 719 618 Domini,
749 568 862 604 reus
887 551 978 604 erit
1008 548 1234 614 corporis
1258 555 1302 598 et
1329 543 1587 614 sanguinis
1617 538 1804 594 Christi
1831 538 1910 607 (1.
1939 533 2058 589 Cor.

490 645 578 700 11.
601 644 718 714 97),
747 641 969 709 subjecit
999 639 1172 692 illico:
1203 635 1328 688 Ideo
1365 635 1496 687 inter
1524 648 1610 686 vos
1639 630 1783 683 multi
1803 626 1994 695 inﬁrmi
2019 633 2063 678 et

491 734 780 797 imbecilles,
812 741 858 785 et
887 731 1139 784 dormiunt
1163 727 1330 780 multi.
1361 724 1563 778 Etenim
1584 722 1625 776 si
1657 737 1745 774 nos
1769 721 1906 787 ipsos
1926 717 2066 781 diiu-

491 831 792 889 dicaremus,
819 841 921 878 non
951 823 1121 892 utique
1152 819 1522 890 judicaremur.
1556 815 1706 870 Nunc
1750 823 1916 867 autem
1955 827 2067 864 cum

490 919 798 986 iudicamur,
826 931 856 967 α
893 913 1109 967 Domino
1138 911 1462 980 corripimur,
1506 923 1569 960 ne
1596 922 1710 959 cum
1736 903 1920 956 mundo
1945 917 2066 954 cort-

491 1005 911 1072 demnentut-(Ib.
942 1022 990 1059 υ.
1023 1003 1236 1073 50-52).
1273 1001 1428 1055 Vides
1454 998 1719 1068 quomodo
1748 996 1832 1049 hic
1868 992 2065 1048 inflicta

494 1115 650 1173 pmna
681 1115 776 1156 nos
804 1100 1045 1154 liberata
1078 1111 1231 1167 poena
1257 1110 1374 1165 qua:
1420 1093 1528 1147 illic
1562 1092 1674 1146 est?
1705 1090 1766 1144 Et
1796 1090 1861 1143 de
1890 1104 1952 1143 eo
1983 1087 2070 1156 qui

493 1203 738 1264 stuprum
763 1193 1124 1256 commiserat,
1153 1190 1356 1258 inquit:
1384 1183 1592 1240 Tradite
1616 1182 1862 1254 ejusmodi
1910 1180 2073 1233 homi-

494 1305 611 1342 nem
634 1295 828 1341 satana:
855 1287 907 1338 in
933 1284 1187 1338 interitum
1213 1280 1404 1343 carnis,
1429 1289 1483 1332 ut
1503 1278 1709 1346 spiritus
1735 1275 1904 1329 salvus
1929 1274 1991 1325 sit
2021 1272 2075 1325 in

496 1381 578 1434 die
606 1377 812 1432 Domini
839 1376 1000 1430 nostri
1021 1373 1147 1428 Iesu
1169 1372 1358 1428 Christi
1397 1371 1476 1441 (1.
1509 1368 1630 1423 Cor.
1659 1369 1712 1421 5.
1741 1366 1816 1434 5).
1857 1365 1998 1432 Quin
2021 1369 2075 1417 et

495 1488 561 1527 ex
594 1472 708 1541 ipso
731 1469 935 1524 Lazaro
956 1467 1054 1522 hoc
1072 1467 1406 1536 perSpicuum
1423 1471 1525 1526 est,
1548 1460 1687 1531 quod
1705 1461 1862 1515 etiam
1889 1459 1932 1511 si
1950 1455 2075 1525 quid

499 1565 622 1618 mali
649 1562 1005 1621 commiserat,
1039 1559 1124 1614 hic
1149 1557 1396 1622 abluerit,
1416 1557 1592 1625 itaque
1619 1555 1742 1608 illuc
1760 1568 1917 1622 purus
1934 1551 2083 1603 abie-

501 1656 590 1708 rit.
635 1654 778 1709 idem
810 1668 936 1707 vero
974 1661 1027 1706 et
1056 1665 1124 1706 ex
1159 1650 1248 1704 illo
1275 1647 1562 1720 paralytico
1589 1644 1926 1700 manifestum
1971 1652 2074 1708 est,

501 1747 588 1815 qtti
617 1746 826 1816 triginta
849 1753 970 1798 octo
991 1756 1156 1796 annos
1183 1741 1431 1796 laborans
1459 1737 1785 1797 infirmitate,
1815 1751 1908 1804 per
1933 1749 2078 1787 mor-

505 1838 626 1890 bum
669 1836 972 1891 diuturnum
999 1843 1214 1903 peccata
1251 1831 1516 1900 deposuit.
1564 1829 1827 1883 Ctetet'um
1859 1835 1916 1879 ut
1943 1827 2080 1879 scias

504 1929 651 1982 illum
681 1928 750 1982 ob
778 1938 984 1998 peccata
1035 1927 1111 1980 sic
1138 1925 1390 1979 afﬂictum
1419 1922 1602 1985 fuisse,
1633 1921 1753 1974 audi
1780 1918 1903 1989 quid
1955 1919 2082 1972 dicit

505 2018 782 2075 Christus:
811 2017 942 2071 Ecce
966 2033 1120 2070 sanus
1150 2016 1314 2086 {actus
1343 2030 1430 2081 es;
1467 2029 1530 2066 ne
1560 2013 1768 2083 posthac
1805 2027 1993 2080 pecces,
2020 2025 2082 2063 ne

504 2111 628 2177 quid
649 2109 906 2179 contingat
931 2107 1017 2161 tibi
1045 2107 1264 2161 deterius
1287 2105 1464 2175 (Joan.
1495 2105 1549 2159 5.
1579 2103 1687 2174 14).
1721 2104 1797 2157 Ex
1820 2103 1901 2157 his
1924 2103 2083 2172 igitur

505 2201 706 2254 ciarum
735 2208 838 2263 est,
861 2214 980 2252 esse
1006 2196 1264 2267 quosdam
1287 2195 1378 2266 qui
1417 2195 1501 2249 hic
1527 2195 1836 2264 puniuntur,
1865 2207 1929 2248 ac
1955 2206 2082 2264 pec-

507 2303 622 2344 cata
643 2291 932 2361 deponunt.

580 2383 634 2436 6.
658 2382 876 2450 Quidam
891 2383 1003 2434 etin
1029 2381 1122 2433 hoc
1148 2389 1194 2434 et
1215 2381 1266 2433 in
1294 2379 1452 2433 altero
1473 2381 1657 2432 sarculo
1690 2377 1988 2447 puniuntur.
2014 2407 2086 2418 ——

510 2473 660 2541 Quod
688 2484 864 2526 autem
895 2470 1062 2540 aliqui
1099 2481 1207 2524 tum
1251 2470 1334 2523 hic
1357 2511 1372 2533 ,
1406 2477 1515 2522 tum
1547 2469 1656 2522 illic
1695 2469 1976 2537 puniantur
1996 2507 2012 2533 ,
2042 2466 2088 2521 si

515 2564 688 2617 minus
722 2577 819 2633 pro
855 2570 1187 2635 peccatorum
1234 2560 1592 2629 magnitudine
1621 2558 1707 2614 hic
1749 2559 1945 2613 iuerint
1972 2571 2088 2626 pce-

515 2670 610 2708 nas
632 2655 791 2719 ,audi
833 2654 956 2724 quid
986 2653 1052 2708 de
1081 2653 1370 2708 Sodomitis
1401 2651 1541 2706 dicat
1578 2651 1816 2706 Christus
1850 2668 1862 2704 :
1894 2652 2090 2705 ctenim

514 2763 631 2799 eum
662 2746 907 2812 dixisset,
939 2745 1248 2812 Quicumque
1275 2760 1372 2797 non
1395 2744 1638 2813 receperit
1663 2760 1767 2805 vos,
1797 2744 1945 2796 etiam
1973 2744 2091 2813 put-

513 2853 672 2891 uerem
704 2837 884 2905 pedum
904 2847 1176 2890 vestrorum
1198 2836 1251 2889 in
1282 2852 1366 2890 eos
1390 2836 1602 2889 excutite
1628 2834 1776 2906 (Luc.
1803 2837 1853 2890 9.
1879 2836 1955 2906 5),
1979 2836 2095 2891 sub-

513 2928 680 2996 junin
705 2925 1074 2980 :Tolerabilius
1112 2926 1206 2977 crit
1248 2935 1393 2979 terrae
1433 2925 1772 2979 Sodomorum
1806 2935 1852 2979 et
1877 2925 2092 2979 Gomor-

516 3020 642 3081 rlia’,
671 3035 820 3089 quam
845 3017 1032 3072 civitati
1073 3017 1151 3074 illi
1186 3017 1296 3088 (Id.
1322 3019 1408 3074 10.
1443 3017 1553 3088 19.).
1582 3019 1732 3084 Quod
1758 3028 1933 3074 autem
1962 3019 2098 3074 dixit

519 3110 844 3173 tolerabilius,
872 3108 1013 3163 hunc
1038 3107 1198 3164 habet
1217 3124 1452 3175 sensum,
1475 3109 1618 3180 quod
1643 3109 1715 3164 illi
1738 3118 1847 3163 tum
1864 3124 2094 3180 quoque,

521 3201 726 3255 tametsi
770 3201 978 3263 levius,
1030 3201 1205 3256 forent
1255 3201 1504 3272 puniendi
1528 3201 2004 3273 ,quandoquidetn
2043 3203 2103 3258 in

523 3292 624 3346 hac
655 3291 757 3344 vita
787 3291 1049 3346 dederunt
1076 3305 1282 3363 ptenas.
1316 3291 1488 3346 Porro
1529 3292 1814 3348 nonnullos
1855 3307 1976 3349 esse
2010 3294 2100 3364 qui

525 3382 611 3434 hic
635 3382 846 3450 quidem
888 3381 1017 3436 nihil
1065 3383 1276 3438 molesti
1318 3383 1589 3451 patiuntur
1614 3423 1629 3446 ,
1661 3383 1753 3437 sed
1798 3384 1904 3438 illic
1937 3393 2100 3439 totam

524 3481 831 3542 exspectant
857 3473 1144 3544 ultionem,
1174 3473 1464 3528 declaravit
1505 3473 1658 3529 nobis
1685 3474 1771 3529 hic
1805 3476 1989 3542 dives,
2024 3478 2104 3532 in-

526 3565 829 3618 evitabilem
859 3564 965 3618 illic
991 3566 1262 3634 perferens
1302 3566 1618 3630 cruciatum,
1643 3580 1705 3620 ac
1730 3581 1798 3620 ne
1828 3568 2102 3623 minimum

527 3659 742 3732 quidem
793 3658 1052 3730 refrigerii
1104 3675 1436 3730 consequens
1466 3701 1481 3726 ,
1507 3675 1572 3715 eo
1597 3661 1737 3730 quod
1768 3661 1873 3716 illic
1901 3663 1950 3715 ei
1998 3672 2109 3717 tota

529 3748 761 3804 vindicta
783 3749 938 3803 fuerit
965 3758 1257 3805 reservata.
1283 3750 1741 3816 Quemadmodum
1771 3751 1931 3822 igitur
1961 3753 2012 3806 in
2042 3753 2107 3807 iis

530 3843 618 3911 qui
643 3851 879 3912 peccant,
911 3842 945 3896 ii
973 3842 1062 3912 qui
1090 3841 1220 3896 nihil
1252 3841 1337 3896 hic
1357 3843 1534 3897 acerbi
1557 3843 1844 3912 patiuntur,
1873 3844 1978 3897 illic
1996 3859 2108 3898 ma—

533 3935 705 4003 jorem
735 3935 998 3990 Sustinent
1037 3934 1326 3990 cruciatum
1353 3952 1366 3988 :
1391 3936 1468 3990 sic
1510 3935 1648 3991 inter
1689 3951 1782 3990 eos
1826 3937 1916 4006 qui
1966 3945 2109 3991 recte

533 4026 753 4090 faciunt,
780 4028 866 4098 qui
897 4027 1062 4081 multa
1093 4028 1362 4096 patiuntur
1390 4028 1442 4081 in
1473 4027 1573 4082 hac
1595 4027 1704 4082 vita
1730 4029 1974 4094 molesta,
2005 4029 2112 4083 illic

539 4119 704 4172 multo
732 4119 1000 4188 potientur
1025 4119 1246 4172 honore.
1279 4117 1344 4172 Et
1373 4118 1815 4188 quemadmodum
1847 4120 1891 4172 si
1915 4135 1947 4173 e
1975 4118 2112 4172 duo-

544 4209 646 4263 bus
670 4209 1036 4280 peccatoribus
1057 4223 1192 4264 unus
1215 4209 1301 4263 hic
1330 4210 1599 4280 puniatur,
1625 4209 1762 4264 alter
1787 4225 1890 4264 non
1923 4211 2111 4278 punia-

534 4308 642 4364 tur,
666 4300 868 4355 beatior
886 4310 968 4355 est
996 4300 1085 4355 ille
1109 4301 1321 4370 punitus
1338 4315 1404 4356 eo
1427 4301 1515 4371 qui
1542 4301 1871 4370 punitusnon
1901 4311 1983 4354 est
2007 4301 2116 4355 :sic

545 4401 676 4446 sane
722 4391 860 4446 inter
903 4390 1037 4445 duos
1060 4391 1253 4460 justos,
1273 4391 1321 4444 si
1347 4391 1482 4445 alter
1503 4390 1588 4445 hic
1615 4391 1753 4461 plus,
1786 4391 1919 4445 alter
1940 4392 2116 4445 minus

540 4483 818 4553 pertulerit
837 4480 1203 4546 afﬂictionum,
1232 4481 1436 4536 beatior
1461 4481 1562 4536 erit
1606 4480 1697 4535 ille
1742 4480 1830 4551 qui
1858 4481 1977 4550 plus
2001 4495 2117 4537 sus-

541 4575 776 4640 tinuerit,
820 4574 1030 4645 quando
1064 4574 1346 4651 unicuique
1385 4573 1569 4629 reddet
1610 4573 1759 4643 juxta
1811 4588 1976 4643 opera
2023 4587 2120 4628 sua

541 4666 754 4736 (Matth.
782 4667 872 4722 16.
892 4667 1004 4738 27).

613 4757 711 4809 Aut
757 4756 837 4809 hic
882 4767 968 4810 aut
1019 4756 1074 4810 in
1114 4759 1285 4827 futuro
1323 4754 1633 4826 patiendum.
1657 4785 1728 4795 —
1754 4755 1892 4824 Quid
1922 4756 2120 4826 igitur?

547 4850 664 4907 Non
693 4862 774 4906 est
799 4853 1058 4922 quispiam
1078 4891 1096 4918 ,
1126 4851 1333 4920 inquies
1358 4891 1372 4916 ,
1397 4849 1486 4920 qui
1517 4859 1571 4904 et
1594 4850 1679 4903 hic
1717 4859 1772 4905 et
1805 4849 1914 4903 illic
1939 4850 2122 4918 requie

547 4944 953 4997 fruatur?istud
1003 4943 1328 5012 impossibile
1385 4951 1565 5007 est,o
1613 4940 1771 4994 homo
1803 4982 1818 5005 ,
1849 4948 2007 5011 atque
2054 4955 2122 4995 ex

545 5048 727 5088 eorum
745 5047 966 5087 numero
991 5046 1108 5102 quae
1129 5031 1324 5086 frustra
1351 5046 1553 5101 speres.
1579 5030 1718 5085 Fieri
1738 5031 1877 5084 enim
1899 5046 2002 5083 non
2027 5045 2124 5098 po-

548 5135 672 5190 test,
701 5141 805 5180 non
837 5132 1012 5194 potest
1039 5126 1252 5195 inquam
1273 5164 1287 5188 ,
1315 5132 1372 5178 ut
1392 5124 1480 5192 qui
1504 5122 1591 5178 hic
1614 5122 1668 5176 in
1697 5122 1939 5176 socordia
1969 5135 2123 5175 secu-

549 5221 812 5290 ritateque
835 5218 1044 5284 vixerit,
1076 5218 1167 5288 qui
1192 5218 1244 5272 in
1275 5216 1480 5272 deliciis
1505 5215 1754 5269 omnibus
1773 5213 1984 5268 assidue
2009 5213 2124 5267 dies

551 5311 957 5380 consumpserit,
970 5312 1058 5380 qui
1086 5317 1288 5365 temere
1308 5309 1648 5379 neglectaque
1669 5307 1986 5376 transegerit
2001 5315 2126 5360 aeta-

555 5412 662 5458 tem
687 5443 704 5470 ,
733 5403 837 5457 illic
862 5402 1118 5456 honorem
1141 5410 1515 5469 consequatur.
1545 5399 1675 5452 Nam
1713 5398 1814 5472 etsi
1843 5406 2126 5468 paupertas

551 5498 600 5551 ei
628 5513 732 5551 non
752 5498 820 5552 sit
848 5496 1090 5561 molesta,
1118 5492 1377 5563 cupiditas
1405 5499 1581 5546 tamen
1603 5473 1822 5545 molesta
1841 5499 1943 5552 est,
1971 5499 2130 5559 atque

558 5588 680 5642 huic
704 5588 964 5642 obnoxius
991 5594 1074 5641 est
1099 5604 1113 5641 :
1141 5599 1242 5641 nec
1262 5583 1386 5638 hinc
1406 5582 1686 5637 mediocris
1713 5581 1884 5635 labor.
1907 5580 2059 5647 Quod
2083 5579 2130 5634 si

559 5681 773 5733 morbos
803 5695 907 5731 non
931 5676 1164 5744 infestat,
1188 5675 1284 5732 sed
1309 5671 1599 5730 inﬂammat
1621 5674 1696 5727 ira
1719 5713 1736 5738 ,
1758 5686 1826 5726 ne
1850 5671 1894 5724 is
1917 5671 2129 5740 qtudem

562 5772 844 5825 mediocris
869 5771 1018 5826 dolor
1053 5769 1264 5825 vincere
1293 5765 1653 5824 iracundiam:
1679 5764 1779 5822 etsi
1817 5760 2132 5818 adﬂictiones

1193 339 1248 394 S.
1289 333 1567 392 JOANNIS
1603 325 2079 387 CIIBYSOSTOMI
2115 324 2439 383 ARCHIEP.
2479 327 3012 388 CONSTANTINOP.

3611 337 3751 393 1000

2167 456 2270 496 non
2299 442 2805 520 irruperintntamen
2838 448 3187 517 cogitationes
3211 449 3363 504 mala:
3389 451 3751 507 indesinenter

2168 531 2459 604 insurgunt.
2489 535 2602 591 Non
2647 547 2726 592 est
2763 550 2939 593 autem
2970 540 3202 610 vulgaris
3243 543 3434 612 negotii
3480 545 3754 599 refrenare

2166 625 2451 681 absurdam
2477 629 2815 697 cupiditatem
2834 671 2854 695 ,
2873 630 3124 687 cohibere
3158 633 3301 686 sitim
3332 635 3504 688 inanis
3527 637 3746 705 glorias,

2168 732 2419 774 coercere
2447 721 2673 787 fastum,
2709 737 2740 777 a
2767 723 2973 779 deliciis
2995 735 3292 794 temperare
3311 767 3326 792 ,
3357 727 3407 781 in
3435 744 3624 797 aspera
3653 729 3738 783 de-

2169 823 2295 876 gere
2333 809 2634 879 disciplina.
2665 812 2795 867 Nam
2824 816 2910 883 qui
2948 815 3046 869 ista
3097 831 3201 869 non
3242 815 3462 876 fecerit.
3488 819 3600 872 fieri
3646 834 3747 872 non

2171 908 2347 968 potest
2377 910 2434 954 ut
2458 918 2704 972 umquam
2731 905 2911 958 salvus
2939 905 3046 959 fiat.
3073 906 3136 962 Ut
3165 915 3339 960 autem
3373 909 3635 976 intelligas
3669 910 3746 958 vi-

2172 999 2356 1043 ventes
2384 991 2434 1044 in
2455 992 2677 1053 deliciis,
2701 1010 2803 1048 non
2824 995 2935 1049 ﬁeri
2958 997 3153 1059 salvos,
3179 997 3299 1050 audi
3330 998 3452 1064 quid
3475 998 3542 1050 de
3567 997 3750 1050 tnulie-
3825 1015 3827 1026 *

2173 1095 2232 1134 re
2256 1081 2417 1136 vidua
2445 1083 2573 1138 dicit
2599 1085 2793 1141 Paulus
2820 1103 2835 1141 :
2869 1087 2994 1151 Quae
3012 1104 3123 1140 vero
3143 1089 3194 1140 in
3226 1089 3414 1141 deliciis
3438 1090 3574 1153 vivit,
3594 1090 3753 1141 uirens

2174 1183 2374 1226 mortua
2402 1183 2472 1226 est
2496 1175 2572 1244 (1.
2605 1174 2740 1230 Tim.
2768 1178 2820 1232 5.
2851 1177 2928 1248 6).
2959 1177 3109 1244 Quod
3148 1179 3190 1230 si
3222 1180 3288 1231 de
3314 1180 3535 1233 muliere
3557 1180 3654 1232 hoc
3675 1177 3756 1231 di-

2175 1274 2318 1318 ctum
2347 1273 2466 1330 est,
2491 1269 2657 1320 multo
2683 1270 2848 1337 magis
2889 1268 2956 1322 de
2982 1270 3094 1320 viro
3119 1269 3400 1322 dicendum
3432 1311 3446 1332 ,
3478 1278 3753 1337 pr0pterca

2178 1372 2282 1410 non
2309 1372 2466 1430 posse
2498 1358 2611 1412 fieri
2642 1368 2697 1412 ut
2720 1359 2877 1413 homo
2913 1360 3000 1428 qui
3033 1362 3189 1412 talem
3217 1361 3342 1412 vivit
3372 1361 3528 1411 vitam
3554 1401 3567 1420 ,
3589 1358 3754 1426 adipi-

2178 1459 2355 1502 scatur
2383 1450 2561 1503 caelos.
2597 1450 2708 1504 iloc
2750 1453 2924 1519 ipsum
2953 1459 3008 1506 et
3042 1451 3284 1506 Christus
3307 1451 3591 1506 declaravit
3617 1451 3756 1504 hunc
3819 1463 3828 1478 ν

2181 1540 2230 1592 in
2253 1541 2466 1594 modum
2490 1542 2708 1609 loquens
2734 1539 2998 1612 :Angusta
3029 1551 3074 1595 et
3099 1553 3242 1595 arcta
3268 1554 3339 1595 est
3368 1543 3468 1608 via,
3485 1557 3596 1610 qua:
3622 1541 3759 1593 ducit

2178 1633 2245 1685 ad
2271 1634 2440 1694 uitam,
2457 1641 2504 1686 et
2517 1633 2667 1702 pauci
2690 1641 2806 1687 sunt
2828 1633 2914 1700 qui
2941 1633 3196 1687 inveniunt
3223 1650 3330 1686 eam
3350 1633 3558 1702 (Matth.
3575 1633 3760 1702 7.14).

2265 1722 2355 1777 Via
2381 1721 2590 1777 Domini
2625 1724 2875 1791 quomodo
2900 1740 3078 1792 aspera
3099 1734 3145 1778 et
3175 1741 3275 1777 non
3299 1740 3500 1792 aspera.
3529 1751 3599 1764 -ρ
3621 1721 3766 1788 Quo-

2184 1815 2343 1870 modo
2394 1817 2554 1886 igitur
2571 1855 2588 1883 ,
2619 1815 2815 1870 dixerit
2837 1816 3047 1885 aliquis,
3074 1816 3272 1870 dictum
3299 1823 3382 1870 est
3401 1814 3549 1877 illud,
3573 1812 3766 1884 Iugum

2183 1922 2348 1960 meum
2383 1923 2533 1960 suave
2555 1916 2628 1960 est
2651 1947 2665 1971 ,
2687 1915 2734 1959 et
2760 1922 2886 1960 onus
2915 1922 3077 1959 meum
3105 1906 3209 1960 leve
3233 1905 3459 1975 (Matth.
3487 1906 3571 1960 11.
3616 1903 3724 1974 50)
3747 1903 3769 1956 ?

2183 1998 2313 2053 Nam
2352 1999 2396 2052 si
2427 2006 2646 2068 angusta
2671 2007 2755 2053 est
2791 1999 2873 2052 via
2907 2007 2962 2053 et
3003 2012 3222 2067 aspera,
3251 1997 3520 2067 quomodo
3553 2011 3770 2050 rursum

2185 2104 2301 2144 eam
2350 2089 2520 2144 levem
2565 2089 2884 2160 facilemque
2909 2089 3103 2144 vocat?
3130 2087 3263 2142 Illud
3313 2087 3525 2158 quidem
3562 2085 3768 2140 dictum

2186 2189 2270 2237 est
2314 2190 2532 2251 propter
2576 2189 2816 2234 naturam
2859 2179 3204 2234 afllictionum
3226 2219 3240 2242 ,
3273 2178 3374 2232 hoc
3401 2193 3525 2231 vero
3557 2185 3772 2245 propter
3825 2227 3827 2231 .

2187 2283 2537 2343 spontaneum
2569 2273 2900 2328 voluntatem
2930 2272 3258 2327 adeuntium.
3293 2270 3425 2324 Nam
3457 2269 3569 2324 ﬁeri
3598 2278 3771 2338 potest

2189 2373 2248 2420 ut
2268 2365 2408 2434 quod
2433 2373 2621 2418 natura
2647 2373 2730 2419 est
2753 2363 3106 2428 intolerabile,
3131 2361 3350 2426 sitleve,
3368 2362 3410 2416 si
3433 2377 3551 2415 cum
3580 2359 3773 2413 alacri-

2190 2467 2300 2514 tate
2343 2457 2508 2511 animi
2553 2457 2944 2528 suscipiamus:
2974 2455 3417 2526 quemadmodum
3456 2461 3509 2507 et
3548 2453 3771 2520 aposmlt

2192 2552 2369 2622 ﬂagris
2395 2552 2517 2606 caesi
2543 2550 2742 2605 reversi
2769 2559 2896 2603 sunt
2921 2547 3232 2618 gaudentes,
3263 2545 3400 2614 quod
3428 2544 3567 2614 digni
3596 2552 3778 2596 essent

2194 2646 2356 2700 habiti
2385 2659 2478 2714 pro
2499 2644 2713 2699 nomine
2733 2643 2938 2697 Domini
2966 2641 3247 2711 ignominia
3265 2639 3404 2695 affici
3427 2637 3563 2706 (Act.
3583 2637 3635 2690 5.
3662 2636 3782 2700 41)..

2194 2738 2524 2805 Quamquam
2552 2743 2737 2788 natura
2764 2733 3093 2787 cruciatuum
3136 2729 3474 2784 aiﬂictionem
3512 2726 3779 2780 dolori-m-

2195 2843 2297 2898 que
2317 2828 2452 2881 solet
2467 2828 2705 2897 gignere,
2721 2839 2904 2881 verum
2927 2825 3136 2878 anitnus
3161 2833 3438 2892 promptus
3462 2834 3668 2881 eorum,
3690 2819 3782 2884 qui

2200 2919 2621 2989 ilagellabantur,
2653 2932 2829 2971 rerum
2861 2925 3102 2970 naturam
3137 2914 3278 2968 vicit.
3311 2912 3538 2967 Proinde
3564 2921 3618 2964 et
3648 2911 3781 2962 i’au-

2198 3009 2283 3064 lus
2308 3010 2472 3074 dicit,
2500 3007 2685 3063 Omnes
2723 3009 2808 3078 qui
2834 3006 3003 3060 uolunt
3033 3006 3115 3075 pie
3140 3006 3298 3058 vivere
3334 3004 3388 3056 in
3430 3003 3627 3056 Christo
3653 2999 3784 3053 Jestt

2201 3107 2632 3172 persequutionem
2662 3100 2916 3169 patientur
2942 3095 3017 3170 (2.
3047 3096 3180 3151 Tim.
3210 3097 3262 3152 5.
3292 3093 3403 3166 12).
3427 3093 3497 3149 Ει
3533 3096 3574 3147 si
3619 3092 3780 3146 homo

2202 3210 2306 3248 non
2353 3203 2740 3263 persequatur,
2793 3190 3038 3245 diabolus
3083 3199 3257 3244 tamen
3304 3195 3595 3257 oppugnat.
3633 3184 3782 3240 Unde

2205 3285 2366 3339 multa
2394 3285 2548 3340 nobis
2573 3299 2705 3354 opus
2730 3293 2814 3339 est
2839 3281 3171 3353 philosophia
3197 3323 3213 3348 ,
3244 3279 3407 3334 multa
3435 3276 3740 3332 fortitudine
3767 3319 3782 3340 ,

2205 3383 2263 3430 ut
2293 3376 2344 3429 in
2376 3375 2623 3445 precibus
2647 3374 2922 3444 vigilemus
2942 3415 2957 3441 ,
2984 3388 3082 3429 nec
3110 3387 3359 3441 umquam
3386 3370 3740 3424 dormitemus
3770 3409 3792 3432 ,

2206 3481 2274 3522 ne
2327 3482 2414 3521 res
2459 3467 2660 3521 alienas
2703 3465 3138 3538 concupiscamus
3168 3483 3180 3518 :
3205 3473 3261 3518 ut
3299 3477 3417 3533 qua:
3473 3461 3704 3523 adsunt,
3737 3460 3792 3513 in

2206 3574 2403 3629 egenos
2442 3557 2823 3612 distribuamus
2842 3599 2857 3624 ,
2881 3565 2940 3612 ut
2980 3555 3225 3611 omnibus
3250 3553 3455 3609 deliciis
3476 3551 3594 3606 vale
3638 3551 3794 3604 dica-

2208 3662 2348 3715 mus,
2378 3664 2443 3703 ae
2462 3649 2702 3703 nuntium
2724 3648 3076 3710 remittamus,
3105 3654 3216 3699 tum
3241 3644 3305 3700 iis
3329 3657 3446 3714 quae
3471 3641 3667 3696 suntin
3695 3656 3794 3694 ve-

2209 3740 2398 3804 stibus,
2429 3749 2538 3794 tum
2567 3740 2632 3794 iis
2649 3755 2766 3810 qua:
2791 3748 2914 3794 sunt
2934 3738 2986 3792 in
3016 3752 3220 3803 mensa,
3239 3742 3300 3790 ut
3321 3734 3597 3789 avaritiam
3623 3732 3797 3801 fugi.»

2209 3848 2330 3889 mus
2355 3875 2370 3898 ,
2401 3842 2458 3887 ut
2506 3833 2816 3888 ebrietatem
2845 3873 2861 3897 ,
2888 3840 2946 3885 ut
2992 3827 3415 3884 maledicentiam
3441 3826 3670 3880 vitemus
3689 3866 3704 3886 ,
3740 3833 3799 3877 ut

2213 3927 2404 3995 lingua:
2435 3935 2812 3994 temperemus,
2841 3938 3015 3993 neque
3040 3920 3394 3976 vociferemur
3418 3918 3799 3987 incomposite,

2215 4018 2420 4088 (Omnis
2445 4019 2575 4072 enim
2601 4016 2934 4070 amarulentia
2962 4057 2976 4078 ,
3008 4015 3272 4069 commotio
3292 4053 3316 4079 μ
3341 4022 3387 4066 et
3411 4011 3676 4065 iracundia
3700 4052 3714 4072 ,
3750 4021 3800 4062 et

2214 4112 2406 4165 clamor
2428 4151 2444 4177 ,
2467 4119 2512 4163 et
2550 4109 2859 4180 blasphemia
2896 4109 3101 4162 tollatur
3127 4123 3159 4158 a
3178 4105 3320 4159 vobis
3335 4103 3550 4176 [Epltes.
3574 4103 3630 4156 4.
3654 4103 3711 4157 51
3733 4103 3794 4172 1).

2216 4203 2294 4258 Ne
2319 4204 2546 4258 obscena
2575 4203 2851 4271 loquamur
2871 4241 2884 4262 ,
2909 4215 2976 4254 ne
3006 4198 3162 4253 dictis
3195 4197 3411 4258 urbanis
3445 4194 3799 4248 delectemur.

2217 4292 2332 4349 Non
2375 4303 2456 4349 est
2496 4293 2782 4347 mediocris
2811 4290 3006 4345 laboris
3033 4289 3084 4343 in
3114 4288 3196 4342 his
3221 4287 3506 4356 perfectam
3539 4294 3801 4352 praestare

2218 4386 2529 4442 custodiam.
2555 4385 2729 4454 Atque
2751 4392 2805 4437 ut
2833 4382 3094 4450 intelligas
3121 4387 3312 4448 quanta
3341 4392 3431 4431 res
3467 4378 3536 4430 sit
3570 4375 3804 4444 philoso-

2223 4477 2373 4546 phari
2399 4518 2412 4542 ,
2441 4490 2706 4546 quamque
2732 4490 2834 4528 non
2860 4473 3055 4528 habeat
3073 4472 3452 4526 relaxationem
3474 4511 3489 4534 ,
3517 4468 3641 4522 andi
3680 4468 3806 4537 quid

2219 4567 2349 4623 dicit
2374 4567 2566 4621 Paulus
2589 4584 2601 4618 :
2624 4565 2825 4636 Castigo
2842 4581 3022 4633 corpus
3040 4578 3226 4628 meum,
3246 4571 3290 4613 et
3311 4562 3362 4614 in
3382 4560 3671 4614 servitutem
3693 4560 3807 4611 red-

2221 4653 2304 4722 igo
2321 4652 2395 4722 (1.
2420 4650 2537 4704 Cor.
2582 4650 2634 4705 9.
2656 4649 2751 4720 2'1)
2776 4666 2788 4701 :
2813 4648 2913 4703 hoc
2937 4647 3121 4702 dicens
3145 4645 3368 4715 aperuit,
3386 4653 3586 4713 quanta
3602 4644 3674 4698 sit
3693 4647 3807 4697 vio-

2226 4746 2404 4808 lentia,
2431 4751 2762 4814 quantusque
2790 4740 2961 4805 labor,
2984 4753 3141 4808 quem
3161 4745 3374 4806 oportet
3399 4736 3670 4789 sustinere
3694 4750 3807 4797 eos,

2225 4838 2314 4906 qui
2337 4835 2516 4890 volunt
2556 4849 2748 4902 corpus
2778 4832 3001 4887 reddere
3047 4830 3097 4884 in
3129 4829 3374 4884 omnibus
3398 4828 3707 4896 subjectum
3756 4843 3813 4880 ac

2227 4927 2520 4982 tractabile.
2561 4927 2701 4991 Quin
2739 4935 2791 4978 et
2811 4922 3060 4979 Christus
3089 4920 3358 4990 discipulis
3381 4919 3454 4972 ait
3484 4937 3497 4972 :
3528 4917 3594 4971 In
3622 4920 3814 4971 mundo

2228 5035 2512 5089 pressuram
2564 5017 2802 5070 habebitis
2831 5056 2847 5082 ,
2883 5015 2972 5068 sed
3011 5012 3270 5082 conﬁdite,
3295 5027 3386 5082 ego
3425 5011 3524 5064 vici
3567 5012 3815 5063 mundum

2228 5112 2405 5181 (Joan.
2434 5111 2521 5166 16.
2567 5110 2682 5180 55).
2709 5108 2854 5170 Haec,
2883 5106 3086 5176 inquit,
3115 5103 3333 5158 afﬂictio
3381 5101 3622 5170 requiem
3667 5101 3815 5153 vobis

2227 5203 2549 5258 conciliabit.
2573 5200 2933 5256 Certaminum
2949 5205 3033 5252 est
3047 5211 3207 5251 arena
3226 5207 3458 5263 praesens
3478 5192 3587 5245 vita
3618 5209 3632 5245 :
3659 5206 3814 5260 porro

2229 5297 2283 5350 in
2315 5294 2687 5350 certaminibus
2715 5306 2871 5348 nemo
2890 5297 3067 5360 potest
3092 5287 3194 5341 frui
3216 5286 3396 5355 requie
3414 5283 3506 5354 qui
3549 5297 3817 5336 coronan-

2232 5387 2332 5442 dus
2357 5386 2444 5440 sit.
2473 5387 2653 5454 itaque
2671 5384 2762 5454 qui
2784 5383 2911 5437 velit
2935 5379 3202 5442 coronari,
3227 5390 3470 5447 asperam
3490 5389 3554 5430 ac
3574 5375 3817 5430 laborio-

2231 5491 2346 5531 sam
2361 5477 2523 5531 vitam
2547 5474 2820 5543 suscipiat,
2839 5481 2897 5527 ut
2916 5479 3194 5542 postquam
3221 5467 3307 5521 hic
3332 5465 3550 5521 brevem
3577 5464 3818 5520 laborem

2235 5567 2566 5634 sustinuerit,
2591 5567 2701 5621 illic
2721 5564 2992 5636 perpetuis
3019 5561 3308 5617 honoribus
3327 5559 3553 5613 fruatur.

2307 5661 2360 5715 7.
2398 5661 2538 5730 Quot
2580 5658 2798 5729 singulis
2826 5656 3014 5712 diebus
3039 5653 3281 5708 accidunt
3305 5650 3606 5705 molestiae?
3631 5647 3814 5716 Qualis

2237 5767 2414 5815 autem
2449 5762 2534 5811 est
2560 5748 2722 5806 animi
2746 5789 2762 5818 ,
2788 5763 2894 5806 non
2921 5744 3220 5816 indignari,
3249 5756 3356 5800 non
3384 5740 3613 5798 moleste
3650 5735 3807 5797 ferre,
