3862 6228
75 303 190 362 099

73 415 131 464 τί
179 415 343 482 φησιν
378 413 410 465 6
449 415 660 481 Παῦλος
696 418 1018 490 κατηγορῶν
1062 419 1173 473 τῶν
1206 418 1440 484 ἀναξίως
1483 436 1671 472 κοινω-

13 493 16 496 ’
74 497 322 552 νηύντων
351 501 462 563 τοῖς
490 503 829 573 μυστηρίοις·
868 503 1038 558 εἰπὼν
1061 503 1192 576 γάρ,
1225 504 1306 559 ὅτι
1349 505 1414 557 '0
1449 504 1671 558 ἐσθίων

12 583 20 594 '
73 582 184 635 καὶ
218 583 412 636 πίνων
438 584 505 636 τὸ
532 583 705 653 σῶμα
724 586 823 640 καὶ
853 582 997 657 αἷμα
1015 587 1279 654 ἀναξίως
1311 587 1419 642 τοῦ
1445 587 1672 656 Κυρίου

12 677 20 708 ῖν
73 664 302 734 ἔνοχος
339 665 513 721 ἔσται
551 669 658 722 τοῦ
687 668 968 739 σώματος
1003 671 1103 725 καὶ
1131 671 1240 725 τοῦ
1275 671 1524 740 αἳματος
1565 668 1672 724 τοῦ

12 771 18 786 μ
72 749 369 816 Χριστοῦ,
427 752 708 822 ἐπήγαγεν
758 753 980 818 εὐθέως·
1034 755 1138 810 Διὰ
1189 756 1366 809 τοῦτο
1416 755 1488 808 ἐν
1529 754 1674 824 ὑμῖν

12 860 17 872 ι
75 832 308 886 πολλοὶ
347 834 626 902 ἀσθενεῖς
675 837 776 890 καί
821 836 1136 906 ἄρρωστοι,
1195 839 1296 892 καὶ
1354 838 1674 906 κοιμῶνται

12 957 16 984 ρ
73 916 306 971 ἱκανοί.
338 920 410 971 El
434 917 544 988 γὰρ
567 919 822 987 ἑαυτοὺς
839 921 1177 991 ἐκρίνομεν,
1205 923 1317 976 οὐκ
1342 921 1420 976 ἂν
1436 922 1670 990 ἐκρινό-

13 1047 18 1074 ς
69 1001 256 1068 μεθα·
315 1002 432 1056 νῦν
471 1001 540 1055 δὲ
577 1006 918 1073 κρινόμενοι
960 1005 1082 1060 ὑπὸ
1120 1004 1228 1059 τοῦ
1261 1005 1509 1073 Κυρίου,
1537 1020 1672 1059 παι-

73 1084 400 1154 δευόμεθα,
441 1087 543 1140 ἵνα
579 1086 666 1158 μὴ
709 1087 832 1142 σὺν
863 1089 944 1154 τῷ
973 1091 1178 1158 κόσμῳ
1205 1087 1669 1159 κατακριθῶμεν.

89 1169 264 1241 Ὁρᾷς
303 1169 420 1233 πῶς
464 1172 497 1241 ή
539 1171 776 1225 ἐνταῦθα
821 1171 1042 1236 κόλασις
1080 1173 1378 1245 ἐξαρπάζει
1412 1173 1513 1242 τῆς
1555 1173 1673 1226 ἐκεῖ

72 1254 356 1326 τιμωρίας
385 1256 566 1325 ήμᾶς;
607 1256 717 1310 Καὶ
746 1256 874 1327 περὶ
899 1256 992 1310 τοῦ
1018 1259 1452 1330 πεπορνευκότος
1475 1257 1532 1310 δέ
1567 1275 1671 1328 φη-

12 1319 16 1348 !
73 1319 162 1390 σι·
181 1319 485 1406 Παράδοτε
504 1319 609 1393 τόν
634 1319 908 1395 τοιοῦτον
934 1341 1014 1408 τῷ
1041 1319 1277 1410 Σατανᾷ
1300 1347 1387 1411 είς
1420 1319 1672 1412 ὀλεθρσῶ

70 1418 196 1489 τῆς
230 1422 481 1490 σαρκὸς,
521 1423 621 1476 ἵνα
663 1423 729 1477 τὸ
765 1426 1003 1495 πνεῦμα
1051 1427 1219 1494 σωθῇ
1264 1428 1335 1480 ἐν
1376 1426 1452 1496 τῇ
1479 1425 1670 1494 ἡμέρᾳ

12 1502 14 1510 ’
72 1505 193 1558 τοῦ
236 1506 457 1572 Κυρίου
503 1505 674 1576 ἡμῶν
714 1506 920 1576 Ἰησοῦ
961 1511 1241 1578 Χριστοῦ.
1279 1510 1387 1564 Καὶ
1426 1509 1535 1564 ἀπὸ
1571 1508 1668 1562 τοῦ

12 1595 17 1624 ⁵
73 1589 339 1660 Λαζάρου
385 1591 441 1644 δὲ
486 1593 643 1646 τοῦτο
672 1591 852 1662 δῆλον,
893 1593 976 1647 ὅτι
1017 1595 1148 1647 εἴτι
1182 1595 1352 1648 κακὸν
1389 1594 1664 1664 ἐποίησεν,

12 1711 14 1715 -
73 1672 319 1726 ἐνταῦθα
362 1673 522 1727 τοῦτο
564 1675 992 1746 ἀπονιψάμενος,
1052 1677 1226 1742 οὑτως
1275 1677 1515 1746 ἀπῆλθεν
1554 1680 1672 1731 ἐκεῖ

12 1787 21 1797 -
73 1756 342 1829 καθαρός·
378 1760 472 1812 καὶ
502 1760 613 1813 ἀπὸ
650 1760 745 1813 τοῦ
791 1760 1237 1833 παραλελυμένου
1274 1763 1332 1816 δὲ
1364 1762 1524 1815 τοῦτό
1549 1764 1666 1815 ἐστι

12 1897 14 1902 _
69 1841 261 1911 δῆλον,
288 1842 348 1908 ὃς
383 1846 682 1916 τριάκοντα
711 1845 806 1900 καὶ
828 1845 974 1899 ὀκτὼ
1009 1846 1103 1917 ἐτη
1139 1847 1278 1916 έχων
1311 1848 1372 1900 ἐν
1400 1850 1467 1919 τῇ
1503 1847 1668 1902 ἀσθε-

70 1924 223 1994 νείᾳ,
267 1925 353 1980 διά
387 1926 483 1980 τοῦ
517 1929 728 1998 μήκους
757 1930 857 2000 τῆς
894 1929 1209 2002 ἀρρωστίας
1253 1931 1348 1984 καὶ
1379 1931 1450 1985 τά
1486 1932 1667 2001 ἁμαρ-

18 2050 24 2084 ._
69 2010 302 2080 τήματα
356 2011 611 2066 ἀπέθετο.
674 2013 794 2067 Ὅτι
856 2014 913 2068 δὲ
957 2014 1018 2080 ἐξ
1065 2015 1480 2086 ἁμαρτημάτων
1522 2013 1668 2067 οὑτω

67 2091 332 2155 διέκειτο,
371 2094 600 2149 ἄκουσον
644 2096 696 2150 τί
733 2115 899 2169 φησιν
935 2101 965 2152 6
1005 2099 1260 2169 Χριστός·
1314 2097 1458 2162 Ἴδε,
1489 2096 1665 2168 ὑγιὴς

20 2233 26 2250 ,
68 2174 351 2246 γέγονας·
379 2179 594 2248 μηκέτι
633 2180 953 2250 ἁμάρτανε,
989 2183 1091 2236 ἵνα
1116 2181 1202 2252 μὴ
1233 2181 1436 2251 χεῖρόν
1473 2181 1530 2234 τί
1565 2196 1666 2235 σοι

12 2329 20 2342 1
69 2260 343 2328 γένηται.
376 2263 498 2316 Ὅτι
539 2265 636 2335 μὲν
675 2260 768 2319 οὖν
820 2283 966 2329 τινες
1019 2265 1255 2320 ἐνταῦθα
1321 2265 1663 2331 κολάζονται,

12 2343 14 2348 ’
70 2345 175 2396 καὶ
203 2345 272 2399 τὰ
299 2346 668 2419 ἁμαρτήματα
691 2349 1060 2414 ἀποτίθενται,
1087 2350 1245 2420 δῆλον
1271 2351 1335 2403 ἐκ
1362 2349 1592 2403 τούτων.

15 2425 18 2432 ’
153 2433 229 2492 ς’.
265 2430 386 2483 Ὀτι
420 2430 478 2482 δέ
503 2448 646 2495 τινες
672 2434 764 2486 καὶ
789 2432 1025 2487 ἐνταῦθα
1063 2435 1157 2487 καὶ
1180 2436 1296 2486 ἐκεῖ
1322 2431 1665 2498 κολάζονται,

22 2539 24 2545 ε
62 2508 209 2566 ὅταν
245 2515 319 2584 μὴ
353 2514 453 2586 τὴν
479 2514 634 2579 ἀξίαν
664 2518 758 2570 τοῦ
799 2519 1064 2588 μεγέθους
1105 2517 1215 2570 τῶν
1249 2517 1664 2588 ἁμαρτημάτων

1368 306 1457 360 DE
1499 305 1777 362 LAZARO
1809 307 2061 388 ‘CONCIO
2099 309 2186 364 111.

3224 311 3362 370 ἰϐθθ

1783 421 1873 474 τὸν
1907 423 2016 496 γὰρ
2053 425 2127 495 μὴ
2150 424 2324 479 ταῦτα
2365 426 2459 479 καὶ
2491 425 2559 480 τὰ
2587 425 2809 481 τοιαῦτα
2852 424 3105 480 ποιοῦντα
3139 427 3361 501 ἀμήχα.

1780 531 1870 568 νον
1897 515 2138 586 σωθῆναί
2161 534 2311 570 ποτε.
2338 518 2450 570 Καὶ
2474 519 2554 572 ὅτι
2582 520 2632 572 οί
2656 519 2971 590 τρυφῶντες
2991 518 3051 571 οὑ
3076 519 3363 585 σώζονται,

1780 605 2010 661 ἄκουσον
2043 607 2094 662 τί
2129 627 2292 680 φησιν
2320 610 2348 662 6
2370 611 2581 675 Παῦλος
2609 612 2739 684 περὶ
2765 613 3024 682 γυναικὸς
3053 614 3246 686 χήρας·
3291 615 3366 672 Ἠ

1779 697 1848 752 δὲ
1879 700 2277 766 σπαταλῶσα,
2304 700 2461 763 ζῶσα
2479 703 2792 770 τέθνηκεν.
2825 706 2890 758 Εἰ
2920 704 2979 759 δὲ
3012 705 3140 775 περὶ
3167 722 3362 774 γυναι-

1780 792 1876 857 κὸς
1916 793 2074 849 τοῦτο
2114 795 2348 868 εἴρηται,
2385 795 2566 868 πολλῷ
2598 798 2799 868 μᾶλλον
2831 798 2961 872 περὶ
3002 798 3214 870 ἀνδρός.
3252 799 3364 852 Καὶ

1780 886 1862 940 ὅτι
1903 887 2005 940 οὑκ
2050 887 2167 941 ἐστι
2206 888 2328 942 τινὰ
2369 888 2556 943 ἄνετον
2591 887 2770 954 ζῶντα
2800 890 2915 962 βίον
2943 893 3225 962 ἐπιτυχεῖν
3251 891 3362 946 τῶν

1778 978 2043 1048 οὐρανῶν,
2078 981 2172 1053 καὶ
2207 981 2236 1033 ό
2261 980 2495 1052 Χριστὸς
2525 980 2683 1035 τοῦτο
2710 982 2843 1036 αὐτὸ
2889 981 3044 1054 δῆλον
3083 981 3356 1054 ἐποίησεν,

1778 1068 1954 1134 οὑτως
1975 1071 2162 1126 εἰπών·
2206 1074 2398 1143 Στενὴ
2421 1075 2518 1128 καὶ
2550 1075 2910 1145 τεθλιμμένη
2941 1077 2979 1146 ἡ
3010 1074 3152 1142 ὁδός
3176 1077 3218 1146 ἠ
3247 1076 3361 1131 ἀπ-

1777 1161 2014 1232 άγουσα
2067 1165 2154 1231 είς
2207 1162 2322 1232 τὴν
2359 1164 2533 1235 ζωὴν,
2589 1165 2688 1219 καὶ
2740 1166 2930 1236 ὀλίγοι
2975 1166 3136 1223 είσίν
3177 1169 3232 1221 οί
3259 1167 3358 1221 εὑ-

1773 1256 2099 1326 ρίσκοντες
2129 1258 2345 1327 αὐτήν.

1847 1410 1972 1479 Πῶς
2017 1406 2110 1464 οῦν
2151 1411 2321 1481 λέγει,
2357 1413 2542 1483 φησὶν,
2600 1413 2657 1465 '0
2704 1409 2878 1481 ζυγός
2921 1427 3040 1480 μου
3092 1407 3360 1479 χρηστός

1775 1503 1929 1566 ἐστι,
1955 1503 2054 1557 καί
2087 1504 2156 1557 τὸ
2181 1504 2430 1574 φορτίον
2452 1522 2576 1574 μου
2608 1505 2908 1572 ἐλαφρόν;
2945 1503 3010 1556 El
3051 1503 3161 1574 γὰρ
3197 1502 3358 1570 στενὴ

1774 1595 1808 1666 ἡ
1847 1594 1964 1658 ὁδὸς
2007 1595 2102 1649 καὶ
2132 1595 2492 1668 τεθλιμμένη,
2526 1595 2646 1658 πῶς
2691 1595 2851 1649 πάλιν
2897 1595 3066 1666 αὐτὴν
3116 1592 3362 1664 ἐλαφρὰν

1775 1689 1871 1744 καὶ
1910 1689 2120 1760 κούφην
2146 1688 2331 1751 καλεῖ;
2362 1689 2437 1742 Τὸ
2487 1689 2586 1761 μὲν
2617 1687 2708 1742 διά
2753 1687 2853 1758 τὴν
2898 1687 3061 1757 φύσιν
3085 1686 3198 1741 τῶν
3237 1703 3360 1740 πει-

1777 1780 2022 1851 ρασμῶν,
2054 1781 2116 1834 τὸ
2147 1780 2204 1835 δὲ
2247 1780 2336 1835 διὰ
2366 1780 2465 1852 τὴν
2514 1779 2837 1851 προαίρεσιν
2885 1778 2996 1831 τῶν
3037 1777 3354 1849 μετιόντων.

1778 1873 1934 1926 Ἔστι
1968 1872 2076 1944 γάρ
2108 1890 2159 1926 τι
2217 1872 2314 1927 καὶ
2361 1872 2423 1926 τὸ
2465 1871 2740 1942 ἀφόρητον
2783 1873 2850 1942 τῇ
2901 1870 3062 1940 φύσει
3100 1868 3354 1939 γενέσθαι

1774 1963 1994 2033 κοῦφον,
2016 1965 2146 2018 ὅταν
2173 1964 2311 2035 μετά
2332 1964 2644 2035 προθυμίας
2665 1963 2798 2018 αὑτὸ
2821 1961 3108 2034 δεχώμεθα
3126 1979 3140 1993 ·
3165 1962 3356 2033 ὥσπερ

1772 2051 1866 2110 οὖν
1918 2057 2014 2111 καὶ
2065 2059 2114 2110 οἱ
2171 2056 2460 2110 ἀπόστολοι
2525 2055 2963 2126 μαστιγωθέντες
3013 2056 3358 2126 ὑπέστρεφον

1773 2146 2058 2217 χαίροντες
2093 2147 2177 2200 ὅτι
2209 2145 2629 2218 κατηξιώθησαν
2658 2145 2799 2217 ὑπὲρ
2836 2144 2931 2198 τοῦ
2964 2144 3231 2216 ὀνόματος
3257 2144 3355 2197 τοῦ

1772 2234 1992 2314 Κυρίου
2032 2241 2433 2312 ἀτιμασθῆναι·
2467 2240 2647 2294 καίτοι
2677 2242 2711 2312 ή
2749 2240 2911 2310 φύσις
2954 2239 3064 2293 τῶν
3107 2239 3356 2309 βασάνων

1693 2347 1697 2350 ‘
1772 2332 1953 2403 θλῖψιν
2001 2333 2194 2386 εἴωθεν
2239 2335 2490 2404 ἐμποιεῖν
2533 2333 2628 2388 καὶ
2678 2332 2898 2404 ὀδύνην,
2947 2332 3066 2386 ἀλλ’
3093 2334 3128 2403 ή
3161 2333 3356 2402 προαί-

1775 2443 1924 2497 ρεσις
1954 2425 2065 2479 τῶν
2097 2425 2555 2496 μαστιγωθέντων
2597 2426 2692 2480 καὶ
2723 2426 2824 2495 τὴν
2866 2424 3030 2494 φύσιν
3065 2423 3173 2478 τῶν
3213 2441 3358 2496 πρα-

1772 2519 2000 2589 γμάτων
2051 2517 2293 2588 ἐνίκησε.
2342 2516 2443 2570 Διά
2493 2516 2652 2570 τοῦτο
2708 2517 2804 2570 καὶ
2846 2518 2876 2568 ὁ
2921 2515 3137 2580 Παῦλός
3183 2531 3355 2587 φησι·

12 2609 20 2643 :
68 2596 316 2651 ἐνταῦθα
339 2599 654 2654 ἀπολάϐωσι
681 2602 977 2673 τιμωρίαν,
1007 2603 1237 2657 ἄκουσον
1272 2602 1401 2672 περὶ
1430 2601 1538 2655 τῶν
1570 2603 1665 2654 Σο-

12 2727 22 2736 ..
63 2679 316 2748 δομιτῶν
353 2682 406 2735 τί
441 2700 606 2754 φησιν
635 2685 664 2738 6
694 2685 949 2757 Χριστός·
984 2683 1154 2738 εἰπὼν
1189 2683 1318 2754 γὰρ,
1352 2686 1435 2738 ὅτι
1460 2686 1558 2751 Ὃς
1587 2683 1667 2739 ἂν

65 2764 164 2833 μὴ
221 2763 465 2832 δέξηται
515 2767 694 2836 ὑμᾶς,
748 2768 1142 2832 ἀποτινάξετε
1197 2769 1306 2822 τὸν
1351 2767 1666 2838 κονιορτὸν

19 2889 24 2895 .
67 2847 202 2900 τῶν
232 2847 435 2903 ποδῶν
463 2850 651 2919 ὑμῶν,
702 2852 952 2921 ἐπήγαγε
1002 2852 1196 2922 λέγων·
1249 2852 1666 2921 Ἀνεκτότερον

13 2993 18 2996 _
63 2932 252 2985 ἔσται
288 2930 367 3000 τῇ
396 2932 677 3003 Σοδόμων
712 2935 812 2988 καί
845 2938 1158 3005 Γομόρρας
1189 2938 1261 2991 ἐν
1301 2937 1492 3007 ἡμέρᾳ
1539 2936 1666 3004 κρίσ-

66 3032 256 3081 σεως,
287 3015 326 3083 ἢ
350 3015 425 3084 τῇ
450 3017 623 3071 πόλει
647 3017 876 3088 ἐκείνη.
899 3019 992 3090 Τῷ
1021 3019 1130 3091 γὰρ
1158 3022 1333 3075 εἰπεῖν
1358 3021 1666 3075 ἀνεκτότεο

15 3101 18 3104 ’
60 3117 208 3169 ρον,
262 3100 421 3154 τοῦτο
461 3102 748 3174 ἐδήλωσεν,
794 3103 878 3157 ὅτι
927 3106 1172 3158 κάκεῖνοι
1232 3105 1664 3177 κολασθήσονται

71 3183 206 3253 μὲν,
239 3183 566 3257 κουφότερον
593 3185 672 3252 δὲ,
708 3187 898 3258 ἐπειδὴ
945 3188 1039 3241 καὶ
1067 3187 1299 3243 ἐνταῦθα
1341 3189 1548 3244 ἔδωκαν
1583 3188 1662 3244 δί-

12 3264 14 3297 ί
71 3285 205 3338 κην.
237 3268 357 3321 Ὅτι
385 3267 442 3321 δέ
475 3269 583 3323 είσί
615 3288 761 3335 τινες
793 3273 841 3325 οἱ
865 3271 1100 3326 ἐνταῦθα
1132 3273 1232 3344 μὲν
1257 3273 1412 3326 οὐδὲν
1439 3275 1665 3344 πάσχον-

20 3355 24 3358 ’
68 3366 174 3414 ’τες
218 3351 411 3416 δεινὸν,
446 3355 564 3406 ἐκεῖ
612 3354 670 3408 δὲ
721 3355 902 3410 πᾶσαν
956 3357 1319 3427 ὑπομένοντες
1371 3358 1663 3429 τιμωρίαν,

12 3451 22 3483 ·
67 3435 350 3506 ἐδήλωσεν
385 3437 517 3507 ήμῖν
559 3439 589 3492 6
622 3438 876 3502 πλούσιος
915 3433 1091 3506 οὗτος,
1137 3442 1510 3514 ἀπαραίτητον
1549 3445 1666 3498 ἐκεῖ

25 3549 28 3554 -
67 3519 304 3572 κόλασιν
335 3520 640 3591 ὑπομένων,
668 3522 764 3577 καὶ
795 3523 931 3594 μηδὲ
961 3527 1165 3595 μικρᾶς
1187 3525 1474 3579 ἀπολαύων
1495 3544 1666 3599 παρα-

1769 2611 2002 2677 Πάντες
2043 2609 2115 2664 δὲ
2149 2613 2204 2664 οἱ
2235 2609 2517 2675 θέλοντες
2553 2608 2662 2678 ζῇν
2691 2604 2956 2675 εὐσεϐῶς
3001 2608 3071 2660 ἐν
3121 2607 3357 2676 Χριστῷ

1785 2702 1981 2772 Ἰησοῦ
2033 2701 2496 2772 διωχθήσονται.
2543 2703 2708 2756 Ὥστε
2774 2701 2879 2762 κᾶν
2939 2701 3226 2772 ἄνθρωπος
3279 2703 3356 2772 μὴ

1771 2794 1966 2868 διώκῃ,
1989 2794 2106 2848 ἀλλ’
2129 2797 2158 2848 6
2187 2793 2434 2859 διάὸολος
2463 2795 2724 2865 πολεμεῖ·
2759 2793 2854 2848 καὶ
2881 2794 3084 2862 πολλῆς
3118 2796 3250 2865 ἡμῖν
3275 2795 3359 2849 δεῖ

1769 2890 1870 2960 τῆς
1902 2887 2222 2959 φιλοσοφίας
2264 2888 2358 2941 καὶ
2393 2888 2638 2958 μεγάλης
2663 2886 2765 2958 τῆς
2799 2886 3127 2958 καρτερίας,
3164 2887 3254 2940 ἵνα
3297 2888 3358 2940 ἐν

1769 2982 1891 3044 ταῖς
1949 2981 2133 3051 εὐχαῖς
2183 2980 2445 3050 νήφωμεν
2503 2979 2599 3031 καὶ
2657 2977 3049 3050 ἀγρυπνῶμεν,
3103 2978 3193 3031 ἵνα
3244 2976 3357 3031 τῶν

1769 3073 2068 3146 ἀλλοτρίων
2113 3072 2189 3144 μὴ
2237 3070 2618 3142 ἐπιθυμῶμεν,
2652 3071 2738 3124 ἵνα
2785 3070 2855 3125 τὰ
2884 3071 3014 3123 ὄντα
3060 3069 3197 3140 πρὸς
3227 3069 3356 3136 τοὺς

1769 3168 2061 3239 δεομένους
2089 3163 2496 3236 διανεμώμεθα,
2525 3163 2614 3218 ἵνα
2641 3164 2790 3235 πάσῃ
2815 3164 2995 3234 τρυφῇ
3024 3163 3232 3216 στένειν
3259 3162 3355 3217 καὶ

1770 3257 2028 3330 οἰμώζειν
2062 3257 2329 3326 εἴπωμεν,
2361 3255 2456 3309 καὶ
2491 3257 2558 3326 τῇ
2591 3253 2680 3308 διὰ
2712 3253 2822 3307 τῶν
2859 3253 3111 3325 ἱματίων,
3150 3254 3246 3307 καὶ
3284 3257 3354 3325 τῇ

1770 3349 1858 3404 διά
1891 3350 1991 3421 τῆς
2026 3346 2329 3420 τραπέζης,
2358 3347 2446 3400 ἵνα
2474 3344 2788 3410 πλεονεξίαν
2821 3343 3106 3414 φύγωμεν,
3139 3345 3230 3398 ἵνα
3260 3345 3357 3415 μέ-

1772 3443 1894 3514 θην,
1920 3440 2008 3497 ῐνα
2031 3441 2320 3512 λοιδορίαν,
2349 3440 2439 3492 ἵνα
2470 3437 2718 3508 γλώττης
2750 3437 3064 3508 κρατῶμεν,
3096 3437 3184 3490 ἵνα
3222 3435 3358 3507 μηδέ

1775 3535 1988 3608 βοῶμεν
2013 3533 2264 3597 ἀτάκτως
2298 3531 2494 3604 (Πᾶσα
2525 3534 2636 3603 γὰρ
2668 3531 2876 3599 πικρία
2906 3531 3004 3585 καί
3032 3529 3221 3599 θυμὸς
3257 3527 3358 3583 καὶ

19 3633 29 3661 -.
72 3603 286 3677 μυθίας
318 3604 404 3658 διὰ
439 3605 502 3658 τὸ
535 3609 716 3661 πᾶσαν
755 3607 874 3661 ἐκεῖ
908 3609 1212 3682 τηρηθῆναι
1259 3612 1408 3683 αὑτῷ
1443 3611 1540 3683 τὴν
1578 3630 1662 3666 τι-

22 3743 24 3746 ,
76 3688 321 3759 μωρίαν.
357 3690 569 3762 ’Ὠσπερ
592 3685 686 3744 οῦν
713 3691 808 3743 ἐπὶ
827 3690 936 3745 τῶν
969 3693 1389 3765 ἁμαρτανόντων
1413 3697 1464 3749 οἱ
1495 3695 1664 3767 μηδὲν

12 3819 28 3830 ..
72 3771 348 3837 παθόντες
379 3774 614 3829 ἐνταῦθα
642 3774 835 3840 δεινὸν,
865 3774 1086 3848 μείζονα
1109 3779 1430 3847 ὑφίστανται
1460 3779 1560 3852 τὴν
1584 3797 1666 3833 τι-

15 3914 18 3918 ,
71 3859 300 3930 μωρίαν
337 3860 473 3921 ἐκεῖ,
506 3859 682 3924 οὑτως
712 3861 807 3914 ἐπὶ
838 3859 949 3913 τῶν
982 3861 1392 3932 κατορθούντων
1419 3865 1470 3918 οἱ
1496 3863 1667 3918 πολλὰ

13 4011 20 4018 ⁷
74 3942 352 4005 παθόντες
377 3942 610 3997 ἐνταῦθα
638 3943 808 4008 δεινά,
830 3943 1037 4013 πολλῆς
1071 3945 1467 4001 ἀπολαύσονται
1499 3948 1668 4019 τιμῆς

15 4031 32 4100 ’γ
70 4031 223 4083 ἐκεῖ.
254 4027 366 4081 Καὶ
395 4027 646 4100 καθάπερ
685 4028 1026 4100 ἁμαρτωλῶν
1063 4031 1232 4085 ὄντων
1261 4031 1374 4098 δύο,
1407 4033 1474 4087 ἂν
1512 4035 1542 4086 6
1566 4035 1668 4106 μὲν

71 4113 322 4168 ἐνταῦθα
364 4113 625 4184 κολασθῇ,
661 4113 690 4166 ὁ
740 4113 799 4166 δὲ
836 4113 912 4185 μὴ
947 4113 1208 4186 κολασθῇν
1250 4117 1666 4189 μακαριάηερός

17 4203 30 4222 ³
73 4202 233 4252 ἐστιν
277 4198 305 4249 6
337 4195 623 4260 κολασθεὶς
653 4194 747 4250 τοῦ
781 4196 857 4267 μὴ
892 4197 1266 4262 κολασθέντος·
1303 4199 1446 4254 οὕτω
1473 4201 1538 4273 δὴ
1572 4203 1668 4256 καὶ

72 4281 308 4337 δικαίων
353 4280 588 4335 ἐνταῦθα
635 4281 803 4335 όντων
833 4279 946 4348 δύο,
971 4281 1038 4343 ἂν
1075 4284 1105 4336 6
1143 4283 1241 4354 μὲν
1280 4284 1518 4352 πλείους,
1553 4288 1582 4340 6
1609 4287 1669 4341 δὲ

12 4379 28 4416 :
75 4365 344 4428 ἐλάττους
379 4363 645 4436 ὑπομείνῃ
671 4363 770 4428 τὰς
797 4362 1025 4434 θλίψεις,
1059 4367 1474 4440 μακαριώτερος
1506 4370 1536 4422 6
1568 4370 1669 4435 τὰς

12 4491 14 4499 .
76 4449 306 4513 πλείους
353 4450 640 4521 ὑπομένων
692 4448 860 4519 ἐστὶν,
905 4449 1095 4522 ἐπειδὴ
1140 4452 1356 4525 ἑκάστῳ
1399 4455 1670 4510 ἀποδώσει

12 4573 18 4604 ς
76 4533 232 4590 κατά
251 4532 322 4587 τά
351 4533 488 4605 ἔργα
512 4532 699 4589 αὑτοῦ.

157 4661 225 4716 Τί
249 4658 378 4729 οὗν;
421 4665 522 4719 οὑκ
551 4665 666 4718 ἐστι
707 4682 793 4730 τις
825 4665 921 4720 καὶ
949 4665 1205 4732 ἐνταῦθα,
1236 4667 1390 4739 φησὶ,
1427 4669 1522 4724 καὶ
1553 4669 1672 4723 ἐκεῖ

73 4745 330 4810 ἀνέσεως
369 4747 687 4815 άπολαύων;
727 4749 1033 4823 Ἀμήχανον
1061 4749 1218 4803 τοῦτό
1249 4751 1420 4818 ἐστιν,
1464 4751 1672 4824 ἄνθρω-

12 4857 14 4860 ·
78 4848 182 4895 πε,
213 4831 310 4884 καὶ
335 4831 444 4885 τῶν
475 4831 753 4886 ἀδυνάτων
777 4831 858 4885 ἐν.
883 4833 960 4885 Οὑ
980 4831 1088 4902 γὰρ
1114 4833 1282 4898 ἔστιν,
1310 4835 1410 4889 οὑκ
1440 4835 1555 4889 ἔστι
1577 4836 1672 4892 τὸν

12 4953 16 4956 -
79 4913 327 4970 ἐνταῦθα
361 4915 636 4988 ῥᾳθυμίας
669 4916 764 4969 καὶ
790 4915 974 4980 ἁδείας
1005 4915 1368 4983 ἀπολαύοντα,
1409 4920 1503 4973 καὶ
1539 4938 1670 4991 τρυ-

81 4997 282 5070 φῶντα
335 4999 573 5070 συνεχῶς
614 5000 673 5052 ἐν
722 5000 877 5064 πᾶσι,
923 5001 1018 5053 καὶ⁹
1052 5000 1144 5055 τὸν
1176 5003 1300 5074 είκῆ
1347 5005 1442 5058 καὶ
1486 5004 1671 5070 ἁπλῶς

82 5081 274 5149 ζῶντα
321 5080 458 5150 βίον,
500 5083 667 5153 τιμῆς
707 5082 1012 5137 ἀπολαῦσαι
1047 5085 1182 5138 ἐκεῖ.
1227 5086 1345 5140 Κᾶν
1373 5087 1481 5159 γὰρ
1515 5089 1673 5143 πενία

25 5225 28 5227 λ
88 5165 173 5237 μὴ
206 5165 418 5236 ἐνοχλῇ,
468 5165 582 5219 ἀλλ’
618 5167 883 5236 ἐπιθυμία
931 5167 1156 5239 ἐνοχλεῖ,
1199 5169 1293 5223 καὶ
1341 5169 1428 5225 διὰ
1469 5173 1672 5244 ταύτης

15 5309 30 5322 ς
87 5246 403 5318 κατέχεται,
431 5248 526 5302 καὶ
551 5250 612 5302 οὑ
635 5249 831 5322 μικρὸς
857 5251 916 5304 ὲν
939 5251 1116 5323 τούτῳ
1137 5255 1166 5306 6
1189 5254 1369 5318 πόνος·
1399 5255 1501 5309 κᾶν
1522 5257 1674 5321 νόσος

12 5323 34 5398 ι,
92 5331 176 5404 μὴ
204 5333 509 5404 ἐπηρεάζῃ.
543 5333 678 5386 ἀλλά
707 5333 876 5404 θυμὸς
907 5337 1138 5402 ἐκκαίει,
1171 5338 1262 5390 καὶ
1285 5339 1382 5410 οὑχ
1410 5341 1444 5409 ἡ
1477 5341 1672 5411 τυχοῠ-

12 5409 32 5496 ξ
91 5434 168 5472 σα
200 5416 360 5488 ὀδύνη
402 5417 550 5490 [745]
587 5418 968 5490 περιγενέσθαι
1005 5422 1194 5490 ὀργῆς·
1240 5409 1676 5496 κᾶνοι-..ειρασμοῖ⁹

12 5493 34 5530 πί
95 5502 176 5574 μὴ
204 5501 590 5571 ἐπενεχθῶσιν,
621 5502 755 5555 ἀλλά
788 5503 1039 5573 λογισμοὶ
1067 5507 1291 5576 πονηροὶ
1320 5493 1558 5578 συνεχῶς
1585 5493 1676 5565 ἐπ-

12 5579 44 5602 ”
91 5585 433 5640 ανίστανται.
467 5585 580 5638 Οὑκ
621 5585 734 5638 ἔστι
780 5585 837 5638 δὲ
868 5586 930 5638 τὸ
955 5587 1116 5657 τυχὸν
1149 5589 1442 5658 χαλινῶσαι
1489 5594 1675 5647 ἐπιθυ-

96 5669 231 5741 μίαν
265 5671 486 5733 ἀτοπον,
525 5667 728 5722 παῦσαι
773 5669 1098 5735 κενοδοξίαν,
1148 5675 1497 5731 καταστεῖλαι
1544 5679 1678 5733 ἁπό-

21 5763 38 5792 ?
93 5770 267 5820 νοιαν,
314 5753 522 5824 τρυφῆς
567 5753 890 5824 ἀποστῆναι,
933 5756 990 5808 ἐν
1021 5757 1407 5830 σκληραγωγίςι
1446 5761 1676 5831 διάγειν·

1773 3627 1920 3700 ὀργὴ
1976 3627 2078 3682 καὶ
2119 3625 2350 3698 κραυγὴ
2405 3625 2507 3680 καὶ
2555 3623 2924 3694 ,βλασφημία
2975 3620 3209 3691 ἀρθήτω
3257 3619 3357 3689 ἀφ’

1772 3719 1986 3790 ὑμῶν),
2019 3719 2109 3772 ἵνα
2145 3717 2222 3790 μὴ
2266 3715 2736 3788 αἱσχρολογῶμεν,
2787 3715 2876 3768 ἵνα
2908 3713 2985 3785 μὴ
3031 3714 3224 3766 ἀστεῖα
3265 3711 3356 3764 λέ·-

1773 3811 1982 3884 γώμεν.
2013 3811 2090 3865 Οὑ
2133 3810 2329 3881 μικρὸς
2364 3809 2422 3863 δὲ
2460 3808 2624 3870 πόνος
2647 3798 2826 3873 οὗτος,
2866 3804 3072 3877 ἀκριϐῆ
3107 3805 3208 3874 τὴν
3233 3802 3358 3856 τού-

1771 3922 1882 3958 των
1932 3902 2320 3974 παρατήρησιν
2376 3899 2806 3954 ἐπιδείκνυσθαι.
2870 3898 2980 3952 Καὶ
3035 3897 3124 3951 ἵνα
3178 3895 3356 3967 μάθῃς

1775 3997 1940 4050 πόσον
1963 3994 2081 4048 ἐστὶ
2101 3994 2162 4046 τὸ
2184 3993 2517 4062 φιλοσοφεῖν,
2548 3991 2644 4045 καὶ
2665 3989 2742 4054 ὡς
2765 3990 2866 4043 οὑκ
2897 3989 3012 4060 ἔχει
3032 3989 3094 4042 τὸ
3122 3991 3357 4059 πρᾶγμα

1774 4090 1976 4155 ἄνεσιν,
2010 4087 2243 4141 ἄκουσον
2274 4085 2328 4139 τί
2361 4101 2526 4156 φησιν
2554 4087 2583 4138 6
2613 4083 2853 4146 Παῦλος·
2885 4080 3214 4141 ’Υπωπιάζω
3235 4099 3356 4150 μου

1774 4178 1842 4232 τὸ
1874 4177 2046 4249 σῶμα
2095 4175 2197 4230 καὶ
2231 4171 2625 4244 δουλαγωγῶ·
2661 4172 2820 4226 τοῦτο
2861 4169 2973 4242 γὰρ
3015 4169 3208 4236 εἰπὼν,
3239 4171 3358 4243 ᾐνί-

1774 4269 1904 4336 ξατο
1947 4268 2044 4342 τὴν
2095 4267 2220 4339 βίαν
2263 4268 2360 4321 καὶ
2391 4266 2484 4321 τὸν
2533 4265 2702 4320 πολὺν
2748 4264 2933 4332 πόνον,
2971 4262 3030 4316 ὃν
3063 4263 3358 4334 ὑπομένειν

1777 4364 1992 4436 ἀνάγκη
2033 4363 2164 4426 τοὺς
2205 4360 2562 4433 βουλομένους
2592 4361 2650 4413 ἐν
2691 4358 2894 4412 ἅπασιν
2931 4356 3146 4426 εὑήνιον
3185 4372 3355 4410 κατα-

1776 4455 2062 4519 σκευάζειν
2089 4452 2150 4506 τὸ
2175 4452 2356 4523 σῶμα.
2391 4450 2501 4504 Καὶ
2527 4452 2556 4503 6
2587 4449 2822 4520 Χριστὸς
2850 4447 2908 4500 δὲ
2939 4449 3054 4510 τοῖς
3086 4447 3356 4518 μαθηταῖς

1777 4550 1989 4618 ἔλεγεν·
2035 4549 2131 4600 Ἐν
2176 4544 2257 4611 τῷ
2301 4544 2508 4614 κόσμῳ
2557 4543 2770 4612 θλῒψιν
2795 4539 2992 4605 ἕξετε·
3024 4541 3187 4594 ἀλλὰ
3221 4544 3357 4607 θαρ-

1776 4638 1959 4700 σεῖτε,
1984 4637 2100 4708 ἐγὼ
2141 4635 2432 4703 νενίκηκα
2463 4633 2572 4687 τὸν
2602 4633 2855 4701 κόσμον.
2890 4629 3063 4701 Αὕτη,
3090 4629 3276 4702 φησὶν,
3323 4630 3358 4699 ὴ

1775 4729 1956 4798 θλῖψις
1980 4727 2166 4781 ἄνεσιν
2199 4727 2331 4796 ὑμῖν
2355 4721 2643 4794 προξενεῖ·
2670 4721 2902 4792 σκάμμα
2934 4721 3084 4774 ἐστὶν
3111 4723 3140 4774 6
3167 4720 3360 4792 παρὼν

1779 4820 1923 4891 βίος·
1951 4820 2008 4874 ἐν
2035 4818 2092 4871 δὲ
2119 4815 2198 4886 τῷ
2230 4815 2518 4885 σκάμματι
2550 4815 2644 4867 καὶ
2683 4814 2743 4866 ἐν
2766 4814 2882 4875 τοῖς
2918 4811 3125 4881 ἀγῶσιν
3147 4811 3248 4863 οὐκ
3291 4809 3360 4864 ἂν

1776 4915 1976 4968 δύναιτ’
2019 4911 2310 4966 ἀπολαύειν
2359 4909 2596 4972 ἀνέσεως
2631 4907 2662 4960 ὀ
2696 4905 3092 4977 στεφανοῦσθαι
3129 4905 3357 4976 μέλλων.

1779 5009 1946 5061 Ὥστε
1987 5007 2040 5059 εί
2086 5023 2170 5069 τις
2210 5003 2453 5074 βούλοιτο
2496 4999 2936 5073 στεφανωθῆναι,
2985 4998 3078 5052 τὸν
3123 4997 3361 5070 σκληρὸν

1780 5097 1874 5152 καὶ
1924 5096 2178 5150 ἐπίπονον
2235 5091 2497 5164 αἱρείσθω
2541 5090 2675 5162 βίον,
2721 5090 2811 5144 ῖνα
2865 5088 3072 5160 βραχὺν
3126 5087 3362 5142 ἐνταῦθα

1781 5191 2023 5262 πονήσας
2100 5187 2311 5260 χρόνον,
2387 5183 2674 5257 διηνεκοῦς
2750 5182 3036 5255 ἀπολαύσῃ
3096 5193 3123 5222 ι
3191 5179 3360 5250 τιμῆς

1780 5285 1915 5338 ἐκεῖ.

1851 5415 2005 5490 [746]
2027 5416 2090 5481 ζ’.
2120 5416 2292 5471 Πόσαι
2315 5414 2720 5486 προσπίπτουσι
2744 5411 2865 5466 καθ’
2886 5411 3124 5480 ἐκὰστην
3147 5409 3360 5480 ἡμέραν

1779 5511 2042 5582 ἀθυμίαις
2068 5509 2264 5580 ήλίκης
2306 5509 2364 5562 δέ
2411 5509 2528 5561 ἐστι
2552 5507 2732 5578 ψυχῆς
2776 5506 2850 5578 μὴ
2884 5505 3360 5575 ἁποδυσπετῆσαι,

1846 5728 1869 5755 ⁸
1893 5725 1988 5777 Alii
2011 5726 2300 5788 πονήσαντες
2318 5726 2482 5788 χρόνον
2507 5723 2746 5783 διηνεκοῦς
2767 5723 3087 5782 ἁπολαύσητε,
3132 5723 3280 5774 δινίῐ.
3320 5730 3364 5780 is

1785 5803 1938 5848 marg.
1962 5787 2346 5838 ἀπολαύσωνται.
