3862 6228
473 311 604 371 £00!

473 433 611 504 μηδὲ
630 432 977 509 δυσχερᾶναι,
1002 438 1140 493 ἀλλὰ
1171 436 1586 509 εὐχαριστῆσαι,
1605 432 1849 502 δοξάσαι,
1877 451 2054 508 προσ-

470 518 705 590 κυνῆσαι
751 521 844 575 τὸν
875 523 1265 596 συγχωροῦντα
1291 523 1419 586 τοὺς
1466 520 1806 593 πειρασμούς
1833 519 2060 583 τούτους

473 604 869 676 ἐπενεχθῆναι;
928 610 1069 663 πόσα
1120 610 1403 680 ἀδόκητά,
1455 608 1620 662 πόσαι
1670 606 2059 678 στενοχωρίαις

476 688 587 742 Καὶ
628 689 711 743 δεῖ
762 689 969 746 θλίϐειν
997 695 1126 758 τούς
1169 695 1445 766 πονηροὺς
1488 691 1815 762 λογισμοὺς,
1846 690 1940 744 καὶ
1985 688 2062 760 μὴ

475 777 781 845 συγχωρεῖν
809 778 876 847 τῇ
912 776 1129 851 γλώττῃ
1174 776 1513 848 φθέγγεσθαί
1562 793 1618 831 τι
1652 775 1764 830 τῶν
1806 773 2059 828 ἀτόπων·

476 856 728 930 καθάπερ
769 861 864 914 καὶ
910 863 939 914 ό
973 863 1246 935 μακάριος
1280 861 1402 916 Ἰὼϐ
1439 860 1614 934 μυρία
1640 858 1828 914 παθὼν
1868 858 2065 930 ἔμενεν

476 941 819 1014 εὐχαριστῶν
842 943 922 1014 τῷ
956 945 1096 1017 Θεῷ.

548 1027 670 1081 Εἰσὶ
719 1028 779 1081 δέ
821 1046 969 1094 τινες
1008 1031 1090 1094 οῖ,
1140 1033 1236 1087 ἐὰν
1279 1031 1730 1104 προσπταίσωσιν
1766 1030 1824 1084 ἐν
1859 1026 2063 1099 mm}

476 1111 629 1182 παρὰ
654 1111 801 1176 τινὸς
841 1113 1250 1187 λοιδορηθῶσιν,
1286 1117 1320 1188 ἢ
1352 1115 1636 1189 ἀρρωστίᾳ
1669 1112 2063 1187 περιπέσωσιν,

477 1194 510 1265 ἤ
556 1196 863 1270 ποδαλγίᾳ,
894 1199 927 1270 ἢ
959 1200 1338 1272 κεφαλαλγίᾳ,
1392 1201 1425 1271 ἢ
1475 1200 1622 1271 ἄλλῳ
1662 1203 1773 1254 τινὶ
1803 1196 2065 1251 τοιούτων

479 1280 768 1350 νοσήματι,
803 1281 1220 1354 βλασφημοῦσιν
1249 1284 1485 1347 εὐθέως·
1517 1283 1618 1338 καί¹
1648 1282 1742 1336 τὸν
1775 1281 1875 1352 μὲν
1906 1281 2067 1334 πόνον

480 1364 805 1433 ὑφίστανται
835 1366 931 1423 τοῦ
975 1370 1311 1440 νοσήματος,
1342 1368 1436 1423 τοῦ
1466 1368 1693 1441 κέρδους
1732 1366 1791 1420 δὲ
1830 1368 2067 1421 ἀποστε-

481 1447 723 1518 ροῦνται.
751 1450 817 1503 Τί
844 1454 1040 1516 ποιεῖς,
1072 1452 1348 1525 ἄνθρωπε,
1382 1451 1475 1506 τὸν
1501 1450 1802 1525 εὐεργέτην
1831 1450 1930 1505 καὶ
1951 1450 2066 1504 Σω-

478 1532 625 1605 τῆρα
666 1536 763 1588 καὶ
805 1536 1119 1609 προστάτην
1147 1537 1243 1590 καὶ
1290 1536 1567 1609 κηδεμόνα
1602 1534 1979 1606 βλασφημῶν;
2029 1532 2064 1603 ἢ

479 1615 581 1669 οὐκ
619 1616 852 1693 αἰσθάνῃ
886 1619 1029 1674 κατά
1068 1620 1317 1691 κρημνοῦ
1353 1619 1676 1691 φερόμενος,
1707 1621 1801 1673 καὶ
1842 1620 1925 1683 εἰς
1973 1617 2067 1689 βά-

484 1700 686 1773 ραθρον
712 1702 903 1756 σαυτὸν
925 1703 1210 1774 ἐμϐάλλων
1235 1702 1511 1767 ἀπωλείας
1532 1704 1799 1775 ἐσχάτης;
1835 1702 1910 1774 μὴ
1934 1700 2067 1772 γὰρ,

481 1784 579 1838 ἐὰν
631 1785 1031 1862 βλασφημήσῃς
1053 1826 1069 1849 ,
1122 1786 1454 1858 κουφότερον
1503 1786 1566 1840 τὸ
1625 1786 1800 1850 πάθος
1856 1785 2066 1850 ποιεῖς;

482 1870 779 1936 ἐπιτείνεις
824 1873 923 1943 μὲν
950 1867 1043 1925 οὖν
1094 1870 1248 1937 αὐτὸ,
1280 1872 1373 1925 καί
1420 1870 1810 1943 χαλεπωτέραν
1859 1867 2072 1942 ἐργάζῃ

481 1953 584 2026 τὴν
627 1955 841 2028 ὀδύνην.
869 1955 969 2009 Διά
992 1956 1102 2027 γὰρ
1133 1953 1295 2008 τοῦτο
1332 1955 1362 2007 ό
1391 1954 1638 2018 διάϐολος
1672 1953 1842 2026 μυρία
1872 1952 2073 2021 ἐπάγει

483 2038 655 2102 δεινὰ,
683 2039 770 2094 ἵνα
806 2040 889 2103 εἰς
922 2039 1101 2092 ἐκεῖνό
1134 2056 1196 2092 σε
1225 2038 1515 2110 καταγάγῃ
1542 2037 1605 2091 τὸ
1630 2037 1907 2110 βάραθρον
1925 2054 1941 2070 ·
1968 2037 2075 2092 κᾶν

488 2122 594 2194 μὲν
634 2122 718 2197 ἴδῃ
764 2121 1217 2195 βλασφημοῦντα,
1248 2122 1447 2194 ῥᾳδίως
1476 2119 1631 2188 αὔξει
1674 2121 1773 2193 τὴν
1805 2120 2076 2191 ἀλγηδόνα

486 2207 585 2262 καὶ
624 2207 847 2279 μείζονα
873 2210 1047 2273 ποιεῖ,
1097 2208 1187 2261 ἴνα
1229 2206 1589 2278 κεντούμενος
1618 2206 2078 2278 ἀποδυσπετήσῃς

488 2291 653 2347 πάλιν
672 2309 687 2324 ·
720 2292 786 2346 ἂν
827 2291 886 2346 δὲ
922 2291 1009 2366 ἴδῃ
1034 2309 1093 2346 σε
1140 2291 1406 2362 γενναίως
1436 2292 1704 2360 φέροντα,
1750 2291 1846 2344 καὶ
1875 2292 1987 2362 ὅσῳ
2016 2290 2080 2343 τὸ

488 2375 662 2439 πάθος
710 2376 1074 2443 ἐπιτείνεται,
1124 2376 1367 2446 τοσούτῳ
1400 2374 1604 2447 μᾶλλον
1652 2375 2079 2447 εὐχαριστοῦντα

488 2457 569 2529 τῷ
601 2458 738 2529 Θεῷ,
763 2459 1056 2531 ἀφίσταται
1083 2458 1308 2523 εὐθέως,
1330 2456 1407 2524 ὡς
1435 2459 1559 2530 είκῆ
1585 2461 1677 2513 καὶ
1708 2460 1886 2530 μάτην
1916 2476 2081 2530 προσ-

491 2542 728 2617 εδρεύων
765 2542 972 2603 λοιπόν.
1011 2542 1124 2596 Καὶ
1166 2541 1421 2613 καθάπερ
1450 2541 1599 2596 κύων
1644 2541 1893 2615 τραπέζῃ
1938 2559 2082 2613 παρ·

491 2630 684 2690 εστως,
716 2627 784 2682 ἂν
821 2627 921 2699 μὲν
961 2628 1045 2698 ίδῃ
1072 2626 1167 2680 τὸν
1212 2625 1462 2680 ἐσθίοντα
1499 2625 1788 2698 ἄνθρωπον
1841 2626 2080 2698 συνεχῶς

494 2710 646 2782 αὐτῷ
683 2710 943 2784 ῥίπτοντα
987 2710 1096 2764 τῶν
1126 2709 1221 2764 ἐπὶ
1254 2710 1356 2781 τῆς
1386 2709 1670 2782 τραπέζης
1701 2728 1754 2764 τι
1789 2709 2078 2781 κειμένων,

498 2793 649 2864 μένει
680 2793 971 2865 διηνεκῶς·
1005 2794 1072 2849 ἂν
1103 2793 1162 2847 δὲ
1199 2793 1346 2860 ἅπαξ
1384 2794 1480 2847 καὶ
1510 2793 1768 2867 δεύτερον
1794 2793 2082 2865 παραστὰς

498 2878 668 2949 μηδὲν
720 2878 931 2953 ἀπέλθῃ
962 2877 1172 2943 λαϐὼν,
1205 2878 1505 2947 ἀφίσταται
1554 2877 1762 2943 λοιπὸν,
1806 2876 1903 2931 ἀτε
1955 2877 2080 2948 εἰκῆ

496 2963 876 3037 προσεδρεύων
904 2965 998 3019 καὶ
1030 2964 1239 3035 μάτην·
1282 2962 1428 3017 οὐτω
1475 2963 1572 3016 καὶ
1607 2965 1637 3016 ό
1679 2962 1927 3026 διάϐολος
1956 2979 2084 3015 συν-

498 3047 641 3119 εχῶς
672 3048 870 3120 κιὲχηνε
898 3048 1036 3121 πρὸς
1067 3048 1244 3120 ἡμᾶς·
1281 3047 1348 3101 ἂν
1380 3047 1479 3118 μὲν
1515 3045 1679 3118 ῥίψῃς
1713 3044 1883 3117 αὐτῷ,
1911 3045 2086 3099 καθά-

500 3148 608 3203 περ
653 3132 800 3200 κυνὶ,
848 3132 1003 3204 ῥῆμα
1063 3132 1405 3203 βλάσφημον,
1436 3130 1730 3199 δεξάμενος
1764 3130 1930 3184 πάλιν
1960 3132 2086 3183 ἐπι-

502 3216 763 3288 θήσεται·
796 3216 863 3272 ἂν
894 3217 952 3270 δὲ
982 3216 1174 3289 μείνῃς
1201 3213 1562 3286 εὐχαριστῶν,
1588 3215 1894 3281 ἀπέπνιξας
1921 3215 2086 3268 αὐτὸν

501 3300 580 3372 τῷ
629 3300 801 3372 λιμῷ,
844 3300 939 3354 καὶ
973 3300 1186 3371 ταχέως
1233 3299 1555 3371 ἀπήγαγες,
1608 3298 1701 3351 καὶ
1733 3297 2086 3367 ἀποπηδῆσαι

502 3384 790 3454 ἐποίησας.
827 3383 968 3445 Ἀλλ’
1013 3385 1076 3447 οὐ
1109 3384 1335 3444 δύνασαι
1386 3385 1546 3455 σιγᾷν
1598 3382 1703 3444 ὐπὸ
1754 3382 1857 3454 τῆς
1893 3381 2089 3453 ὀδύνης

503 3467 886 3537 κεντούμενος.
912 3466 1049 3522 Οὐδὲ
1078 3467 1190 3536 ἐγὼ
1241 3465 1439 3526 κωλύω
1485 3483 1546 3520 σε
1581 3465 1940 3536 φθέγγεσθαι,
1970 3466 2086 3519 ἀλλ’

504 3552 628 3614 ἀντῖί¹
655 3552 756 3630 τῆς
790 3550 1141 3629 βλασφημίας
1172 3550 1547 3622 εὐχαριστίαν,
1575 3552 1697 3603 ἀντὶ
1733 3550 1832 3621 τῆς
1864 3550 2091 3604 ἀποδυσ-

506 3623 791 3707 πετήσεως
859 3623 1154 3706 εὐφημίαν.
1196 3634 1622 3707 Ἐξομολόγησαι
1686 3632 1765 3705 τῷ
1808 3634 2088 3707 Δεσπότῃ,

510 3721 610 3790 βόα
651 3718 861 3792 μεγάλα
915 3719 1204 3791 εὐχόμενος
1226 3759 1240 3784 ,
1299 3718 1397 3788 βόα
1448 3717 1662 3790 μεγάλα
1710 3716 1951 3782 δοξάζων
1998 3720 2091 3772 τὸν

506 3803 683 3858 Θεόν·
721 3802 866 3857 οὕτω
906 3820 989 3856 σοι
1037 3803 1133 3857 καὶ
1168 3801 1230 3856 τὸ
1282 3801 1457 3865 πάθος
1505 3801 1956 3873 ἐπικουφίζεται,
1996 3802 2091 3856 τοῦ

506 3887 758 3942 διαϐόλου
791 3888 890 3959 μὲν
928 3885 1301 3957 ἀφισταμένου
1335 3884 1424 3939 διά
1460 3886 1564 3957 τῆς
1591 3885 1964 3958 εὐχαριστίας,
1992 3886 2093 3956 τῆς

509 3970 605 4025 τοῦ
639 3969 777 4025 Θεοῦ
812 3969 872 4024 δὲ
910 3969 1162 4041 βοηθείας
1205 3968 1676 4042 παραγινομένης.
1706 3968 1804 4023 Ἂν
1840 3971 1938 4041 μὲν
1984 3968 2094 4041 γάρ

513 4055 943 4129 βλασφημήσῃς,
987 4055 1084 4109 καί¹
1125 4053 1224 4126 τὴν
1272 4054 1367 4108 τοῦ
1415 4052 1552 4107 Θεοῦ
1613 4054 1932 4125 συμμαχίαν
1990 4054 2096 4107 ἀπ-

512 4138 786 4211 εκρούσω,
815 4140 911 4194 καὶ
943 4139 1300 4211 σφοδρότερον
1330 4137 1577 4210 εἰργάσω
1606 4138 1749 4192 κατά
1780 4136 1979 4191 σαυτοῦ
2004 4139 2096 4192 τὸν

511 4223 779 4287 διάϐολον,
825 4223 920 4281 καὶ
972 4222 1172 4293 μᾶλλον
1234 4222 1432 4275 σαυτὸν
1486 4220 1785 4292 ἐνέπληξας
1830 4224 1949 4285 ταῖς
2002 4221 2099 4275 ἀλ-

514 4308 765 4381 γηδόσιν·
805 4306 874 4362 ἂν
926 4307 986 4361 δὲ
1034 4306 1472 4379 εὐχαριστήσῃς,
1524 4305 1625 4369 τάς
1679 4323 1742 4359 τε
1800 4305 2098 4370 ἐπιϐουλὰς

516 4390 845 4466 ᾁπεκρούσω
901 4394 1002 4455 τὰς
1057 4390 1152 4454 τοῦ
1204 4389 1445 4464 πονηροῦ
1511 4389 1799 4460 δαίμονος,
1848 4389 1944 4444 καὶ
1997 4390 2099 4462 τὴν

515 4476 613 4532 τοῦ
675 4475 973 4549 κηδεμόνος
1029 4473 1167 4531 Θεοῦ
1233 4473 1531 4548 θεραπείαν
1602 4473 1904 4530 ἐπεσπάσω
1962 4474 2099 4547 πρὸς

518 4577 770 4623 σεαυτον.

601 4644 739 4704 Ἀλλ’
762 4644 867 4698 ὐπὸ
895 4643 997 4715 τῆς
1032 4642 1322 4715 συνηθείας
1342 4641 1493 4715 ὁρμᾷ
1524 4639 1786 4705 πολλάκις
1820 4641 1855 4712 ὴ
1886 4639 2104 4710 γλῶττα

522 4731 582 4783 τὸ
612 4727 846 4801 πονηρὸν
898 4728 1075 4782 ἐκεῖνο
1107 4724 1445 4797 φθέγξασθαι
1496 4725 1669 4798 ῥῆμα.
1713 4724 1852 4778 Ἀλλ’
1882 4723 2104 4780 ἐπειδὰν

520 4815 761 4886 ὁρμήσῃ,
806 4811 995 4884 πρὶνῆ
1027 4811 1091 4864 τὸ
1129 4811 1280 4883 ῥῆμα
1311 4808 1642 4878 ἐξενεγκεῖν,
1679 4808 1955 4863 κατάδακε
1989 4811 2104 4874 τοῖς

522 4898 733 4951 ὀδοῦσιν
798 4895 968 4968 αὐτὴν
1016 4894 1283 4948 πάντοθεν
1343 4893 1611 4965 σφοδρῶς.
1661 4892 1881 4947 Βέλτιον
1932 4892 2105 4965 αὐτὴν

525 4976 667 5052 αἷμα
705 4979 848 5052 ῥέειν
896 4977 1015 5044 νῦν,
1041 4979 1074 5049 ἢ
1104 4978 1227 5032 τότε
1282 4978 1544 5048 σταγόνος
1596 4976 1973 5049 ἐπιθυμοῦσαν
2031 4978 2106 5050 μὴ

524 5064 822 5137 δυνηθῆναι
864 5065 965 5136 τῆς
1002 5062 1361 5135 παραμυθίας
1389 5062 1596 5135 ταύτης
1636 5064 1853 5133 τυχεῖν·
1899 5061 2108 5133 βέλτιον

527 5150 699 5222 αὐτὴν
737 5148 1074 5221 πρόσκαιρον
1137 5149 1426 5219 ὑπομεῖναι
1489 5147 1681 5212 πόνον,
1825 5145 2109 5218 διηνεκοῦς

526 5220 807 5297 κολάσεως
851 5233 1151 5303 ὑποστῆναι
1197 5233 1298 5304 τὴν
1343 5232 1613 5304 τιμωρίαν
1655 5220 1798 5299 τότε,
1856 5230 2110 5303 καθάπερ

529 5319 627 5373 καὶ
653 5315 805 5390 [747]
831 5317 864 5387 ἡ
890 5316 989 5370 τοῦ
1033 5315 1290 5370 πλουσίου
1324 5316 1449 5370 τότε
1491 5315 1706 5386 γλῶττα
1738 5327 1765 5356 α
1800 5316 2111 5389 φλεγομένη

530 5400 883 5475 παραμυθίας
949 5400 1140 5472 ἐτυχεν
1204 5399 1481 5471 οὐδεμιᾶς.
1532 5400 1673 5465 Τούς
1730 5399 1958 5473 ἐχθρούς
2017 5417 2111 5453 σου

530 5483 866 5561 προσέταξεν
893 5486 924 5539 ὁ
962 5484 1096 5548 Θεὸς
1132 5482 1338 5553 φιλεῖν·
1374 5486 1439 5537 σὺ
1482 5483 1540 5537 δέ
1596 5485 1687 5538 τὸν
1732 5484 1993 5555 φιλοῦντά
2051 5502 2111 5538 σε

579 5728 627 5795 ,⁸
648 5729 816 5795 AliiAel
837 5730 987 5779 Savil.
1014 5728 1062 5795 ig
1085 5729 1439 5795 marg._6mv§xﬁ
1466 5729 1545 5775 καὶ
1564 5726 1770 5776 ἀθάνατα
1791 5726 2114 5789 τηγανίζεσθαι

537 5789 665 5851 τότε,
687 5793 897 5857 καθάπερ
914 5796 945 5849 ἡ
978 5789 1064 5841 τοῦ
1085 5789 1315 5840 πλουσίου
1337 5790 1540 5849 γλῶττα.

1186 316 1247 373 S.
1285 315 1573 373 JOANNIS
1609 310 2105 371 CHRYSOSTOMI
2145 310 2468 369 ARCIIIEP.
2501 310 3058 369 CONSTANTINOP.

3619 83 3834 415 ποσαί

2167 434 2486 509 ἀποστρέφῃ
2509 433 2679 501 Θε6ν;
2705 435 2832 497 τούς
2858 431 3266 504 ἐπηρεάζοντας
3297 425 3613 497 εὐφημεῖν,
3646 421 3766 486 τοὺς

2162 526 2537 600 λοιδοροῦντας
2586 526 2831 597 εὐλογεῖν
2851 543 2867 557 ·
2919 525 2985 579 σύ
3025 523 3084 578 δὲ
3127 521 3220 576 τὸν
3282 518 3601 592 εὐεργέτην
3679 514 3767 568 ἰα’1

2167 621 2480 693 προστάτην
2533 619 2713 690 λέγεις
2768 617 2958 683 κακῶς
3011 616 3178 689 μηδὲν
3234 610 3622 686 ἡδικημένοςξ
3680 606 3768 676 Μὴ

2167 713 2276 786 γὰρ
2307 714 2409 767 οὐκ
2438 713 2670 785 ⁴ίγδύνατο
2714 712 2876 767 λῦσαι
2921 712 3013 766 τὸν
3061 707 3407 781 πειρασμόν;
3451 703 3605 759 ἀλλά
3645 718 3768 754 συν-
3830 703 3834 839 ὁ

2169 804 2448 839 Νίκωνα..
2503 806 2588 839 τι...
2639 805 2770 839 νε..-
2814 803 3180 839 κηρυκιμηην
3250 799 3388 839 Ἀλλ’
3422 798 3567 839 man-
3614 794 3767 839 ωτιαὶ.

2167 804 2470 878 εχώρησεν,
2503 806 2593 860 ἴνα
2639 805 2772 878 γένῃ
2814 803 3200 877 δοκιμώτερος.
3250 799 3388 854 Ἀλλ’
3422 798 3570 862 ἰδοῦ,
3614 794 3768 865 φησὶ.

2167 900 2498 954 καταπίπτω
2536 898 2633 954 καὶ
2674 897 3010 970 ἀπόλλυμαι.
3053 897 3127 950 Οὐ
3164 892 3319 966 παρὰ
3351 891 3459 963 τὴν
3498 888 3607 943 τοῦ
3651 904 3768 939 πει-

2171 993 2385 1068 ρασμοῦ
2434 994 2620 1066 φύσιν,
2659 993 2797 1049 ἀλλά
2845 992 2997 1066 παρὰ
3028 991 3129 1063 τὴν
3175 987 3452 1063 ρᾳθυμίαν
3485 984 3599 1055 τὴν
3651 983 3768 1052 σήν·
3830 1002 3834 1051 4

2169 1087 2235 1141 Τί
2271 1086 2382 1158 γάρ
2415 1085 2806 1160 εὐκολώτερον,
2841 1085 2963 1140 εἰπέ
3008 1101 3129 1156 μοι,
3171 1077 3515 1187 βλασφηιΐίεὶ
3532 1076 3573 1147 ἦ
3605 1075 3767 1183 ﬁala.

2173 1179 2389 1251 ριστία;
2427 1179 2551 1250 οὐχὶ
2569 1180 2632 1234 τὸ
2666 1179 2766 1252 μὲν
2795 1178 2889 1233 καὶ
2915 1178 3041 1240 τοὺς
3081 1174 3378 1236 ἀκούοντας
3408 1164 3658 1241 ἐχθρούς
3694 1180 3774 1216 σοι

2172 1270 2268 1324 καὶ
2308 1270 2601 1342 πολεμίους
2630 1269 2944 1340 καθίστησι,
2978 1269 3073 1323 καὶ
3101 1269 3182 1330 είς
3204 1264 3449 1334 ἀθυμίαν
3479 1257 3771 1331 ἐμϐάλλει.

2176 1363 2316 1434 μετά
2342 1362 2521 1418 ταῦτα
2552 1365 2645 1418 καὶ
2676 1362 2881 1436 πολλὴν
2914 1362 3206 1436 ἐργάζεται
3232 1359 3335 1430 τὴν
3362 1355 3602 1425 ὀδύνην·
3628 1351 3693 1404 τὸ
3717 1347 3777 1401 ἃ

2176 1454 2404 1528 μυρίους
2436 1472 2521 1509 σοι
2554 1455 2712 1528 φέρει
2742 1454 3063 1526 φιλοσοφίας
3105 1451 3429 1521 στεφάνους,
3458 1447 3562 1502 καὶ
3604 1443 3775 1516 μυρία

2174 1546 2328 1621 παρά
2355 1546 2575 1603 πάντων
2605 1547 2881 1619 θαύματα,
2913 1548 3010 1600 καὶ
3047 1544 3288 1618 μεγάλας
3322 1539 3483 1612 παρὰ
3507 1537 3612 1590 τοῦ
3636 1531 3779 1589 Θεοῦ

2173 1642 2274 1707 τὰς
2309 1640 2575 1712 ἀμοιϐάς;
2615 1641 2683 1695 Τί
2707 1640 2887 1695 τοίνυν
2915 1640 2979 1694 τὸ
3001 1636 3246 1709 ὠφελοῦν
3274 1635 3368 1690 καὶ
3415 1629 3656 1685 εὐκολον
3684 1623 3783 1680 καὶ

2173 1732 2275 1803 ἡδὺ
2318 1734 2518 1802 ἀφεὶς,
2559 1733 2621 1786 τὸ
2673 1731 2914 1803 βλάπτον
2941 1732 3036 1786 καὶ
3073 1728 3279 1783 λυποῦν
3319 1725 3416 1780 καὶ
3452 1720 3784 1791 κατατῆκον

2175 1825 2293 1878 ἀντ’
2323 1825 2535 1879 ἐκείνου
2559 1824 2806 1891 διώκειςς
2838 1823 3049 1887 Ἀλλως
3076 1823 3154 1885 δὲ,
3181 1822 3234 1875 εἰ
3258 1824 3291 1892 ἡ
3324 1818 3420 1872 τοῦ
3455 1807 3787 1884 πειρασμοῦ

2178 1918 2273 1971 καὶ
2296 1918 2397 1989 τῆς
2422 1918 2615 1983 πενίας
2641 1918 2821 1990 θλίψις
2843 1917 2994 1974 αἰτία
3016 1915 3125 1972 τῶν
3150 1911 3516 1987 βλασφημιῶν
3541 1907 3784 1978 ἐγίνετο,

2178 2007 2389 2072 πάντας
2431 2007 2538 2061 ἐδει
2564 2009 2693 2074 τοὺς
2720 2009 2779 2062 ἐν
2810 2007 2973 2079 πενίᾳ
3006 2005 3377 2115 βλασφημεῖν·
3417 2001 3546 2104 νυνὶ
3586 1997 3653 2105 δὲ
3681 1995 3790 2049 τῶν
3828 2038 3834 2115 ῃ

2178 2099 2238 2153 ἐν
2280 2099 2443 2171 πενίᾳ
2493 2098 2712 2165 ζώντων
2756 2099 2964 2171 ἐσχάτῃ
3015 2096 3203 2152 πολλοὶ
3233 2091 3505 2165 διηνεκῶς
3556 2089 3790 2159 εὐχαρι-

2181 2190 2419 2258 στοῦσιν,
2448 2194 2627 2264 ἕτεροι
2654 2193 2731 2259 δὲ,
2759 2191 3125 2253 ἀπολαύοντες
3150 2187 3379 2242 πλούτου
3411 2184 3513 2239 καὶ
3539 2181 3790 2254 τρυφῆς,

2179 2285 2242 2338 οὐ
2269 2284 2690 2355 διαλιμπάνουσι
2720 2282 3169 2356 βλασφημοῦντες
3188 2298 3201 2311 ·
3237 2278 3412 2341 οὕτως
3441 2277 3552 2347 οὐχ
3592 2276 3632 2347 ἡ
3680 2272 3794 2327 τῶν

2182 2377 2523 2448 πραγμάτων
2552 2376 2736 2446 φύσις,
2766 2375 2881 2431 ἀλλ’
2910 2378 2946 2447 ἡ
2975 2374 3294 2446 προαίρεσις
3334 2372 3366 2441 ἡ
3395 2368 3666 2440 ἡμετέρα
3697 2361 3791 2419 καὶ

2182 2466 2342 2523 τοῦτο
2375 2469 2598 2523 κάκεῖνο
2627 2467 2943 2541 ἐργάζεται.

3820 426 3834 729 1

3830 850 3834 885 ί

2253 2625 2354 2680 Διά
2379 2627 2487 2699 γάρ
2526 2626 2685 2682 τοῦτο
2717 2626 2813 2681 καὶ
2854 2627 3063 2699 ταύτην
3094 2627 3412 2697 ἀνέγνωμεν
3452 2622 3561 2694 τὴν
3595 2636 3791 2692 παρα·
3831 2630 3833 2707 ἐ

2184 2718 2367 2792 ϐολήν,
2399 2720 2490 2774 ἵνα
2543 2721 2723 2795 μάθῃς
2768 2722 2852 2775 ὅτι
2897 2721 2990 2775 τὸν
3050 2723 3147 2792 μὲν
3200 2718 3561 2795 ῥᾳθυμοῦντα
3592 2717 3731 2771 οὐδὲ
3759 2716 3791 2770 ὀ

2185 2810 2415 2874 πλοῦτος
2469 2811 2708 2882 ὀνίνησι,
2756 2812 2849 2866 τὸν
2905 2812 3244 2884 προσέχοντα
3278 2810 3336 2864 δὲ
3380 2808 3506 2863 οὐδὲ
3546 2811 3585 2879 ἡ
3624 2807 3795 2861 πενία

2186 2902 2536 2973 καταϐλάψαι
2600 2903 2845 2960 δύναται.
2912 2905 3025 2960 Καὶ
3075 2902 3129 2958 τί
3182 2904 3355 2972 λέγω,
3410 2901 3626 2965 πενία;
3688 2901 3799 2955 κᾶν

2186 2998 2403 3054 ἅπαντα
2434 2997 2572 3070 ὁμοῦ
2622 2998 2852 3072 συνέλθῃ
2900 2996 2973 3051 τά
3004 2999 3061 3051 ἐν
3105 2996 3415 3067 ἀνθρώποις
3468 2994 3653 3058 κακὰ,
3689 2991 3792 3063 τὴν

2184 3087 2282 3142 τοῦ
2312 3086 2560 3159 φιλοθέου
2594 3088 2690 3142 καὶ
2719 3087 3013 3157 φιλοσόφου
3050 3086 3227 3157 ψυχὴν
3255 3085 3513 3139 οὐδέποτε
3547 3082 3795 3151 ἐλέγξει,

2187 3181 2296 3235 οὐδ’
2324 3181 2626 3252 ἀποστῆναι
2660 3181 2841 3234 πείσει
2871 3182 2971 3252 τῆς
3002 3179 3208 3249 ἀρετῆς
3245 3179 3361 3247 (καὶ
3386 3176 3607 3244 τούτων
3642 3178 3789 3248 pcip-

2189 3290 2286 3337 τυς
2319 3276 2348 3327 ὁ
2374 3272 2673 3346 Λάζαρος)·
2711 3272 2899 3345 ὥσπερ
2946 3267 3040 3326 οὗν
3076 3271 3167 3324 τὸν
3208 3270 3406 3342 χαῦνον
3454 3270 3558 3322 καὶ
3596 3268 3782 3323 διαλε-

2191 3365 2423 3438 λυμένον
2448 3367 2511 3421 οὐ
2548 3366 2801 3433 πλοῦτος,
2828 3367 2927 3438 οὐχ
2959 3365 3160 3435 ὑγίεια,
3196 3366 3256 3418 οὐ
3291 3363 3553 3435 διηνεκὴς
3585 3364 3798 3436 εὐημε-

2194 3459 2309 3531 ρία,
2333 3461 2436 3514 οὐκ
2465 3458 2595 3515 ἀλλο
2617 3459 2769 3514 οὐδὲν
2799 3459 3079 3530 ὠφελῆσαι
3094 3453 3395 3529 ’δυνήσεταί
3422 3473 3582 3511 ποτε.

2265 3604 2334 3669 η’.
2364 3597 2454 3670 Μὴ
2500 3598 2682 3651 τοίνυν
2723 3596 2973 3668 λέγωμεν
3023 3595 3107 3649 ὅτι
3139 3595 3299 3649 πενία
3338 3594 3436 3647 καὶ
3473 3593 3640 3658 νόσος
3700 3594 3801 3649 καὶ
3832 3632 3833 3649 χ

2194 3689 2457 3743 κινδύνων
2502 3689 2793 3758 ἐπαγωγά).
2845 3688 3192 3760 βλασφημεῖν
3239 3685 3681 3753 ἀναγκάζουσιν.
3726 3689 3800 3742 Οὐ

2197 3780 2377 3844 πενία,
2416 3780 2554 3835 ἀλλά
2599 3781 2782 3835 ἀνοια·
2818 3781 2881 3835 οὐ
2928 3781 3117 3847 νόσος,
3149 3778 3288 3834 ἀλλά
3334 3779 3800 3851 καταφρόνησις*

2197 3875 2258 3927 οὐ
2296 3873 2557 3928 κινδύνων
2598 3874 2919 3943 ἐπαγωγαὶ,
2961 3873 3076 3928 ἀλλ’
3102 3872 3385 3935 εὐλαϐείας
3428 3871 3666 3943 ἐρημία,
3704 3872 3804 3925 καὶ

2198 3967 2277 4028 είς
2321 3963 2672 4036 βλασφημίαν
2701 3965 2794 4019 καὶ
2827 3966 2909 4030 εἰς
2937 3966 3118 4019 πᾶσαν
3147 3964 3273 4035 ἀγει
3316 3963 3518 4019 κακίαν
3541 3966 3679 4029 τοὺς
3725 3963 3833 4037 μὴ,

2199 4058 2590 4130 προσέχοντας.
3826 4044 3834 4073 1

2283 4194 2446 4248 Ἀλλά
2475 4195 2619 4258 τίνος
2648 4195 2857 4258 ἕνεκεν,
2895 4194 3081 4264 φησὶν,
3121 4195 3171 4247 οἱ
3216 4194 3317 4265 μὲν
3358 4192 3602 4247 ἐνταῦθα
3633 4195 3807 4249 κολά.

2203 4287 2410 4353 ζονται,
2446 4290 2497 4342 οἱ
2540 4287 2598 4342 δὲ
2642 4290 2777 4354 ἐκεῖ,
2813 4287 2907 4342 καί
2940 4289 3039 4341 οὐκ
3086 4286 3322 4341 ἐνταῦθα
3352 4288 3600 4353 πάντες;
3637 4289 3809 4354 Τίνος

2203 4379 2417 4443 ἓνεκεν;
2460 4380 2543 4432 ὅτι
2596 4381 2646 4432 εἰ
2692 4379 2852 4434 τοῦτο
2901 4374 2992 4451 ἦν,
3037 4379 3238 4444 πάντες
3286 4378 3354 4433 ἂν
3410 4378 3806 4450 ἀπωλόμεθα·

2204 4471 2406 4534 πάντες
2444 4472 2554 4542 γάρ
2593 4474 2763 4542 ἐσμεν
2807 4472 2866 4525 ἐν
2910 4470 3227 4542 ἐπιτιμίοις.
3272 4470 3445 4524 Πάλιν
3494 4474 3549 4524 εἰ
3609 4474 3808 4544 μηδεὶς

2205 4566 2442 4622 ἐνταῦθα
2466 4566 2777 4633 ἐκολάζετο,
2803 4566 3166 4639 ρᾳθυμότεροι
3193 4569 3243 4621 οἰ
3271 4565 3494 4629 πλείους
3520 4567 3807 4635 ἐγένοντο,

2207 4660 2302 4711 καὶ
2336 4657 2523 4711 πολλοὶ
2558 4657 2626 4711 ἂν
2659 4652 2814 4712 εἷπον
2853 4657 2929 4729 μὴ
2957 4652 3098 4712 εἶναι
3140 4658 3421 4731 πρόνοιαν.
3466 4659 3535 4711 Εἰ
3562 4660 3683 4730 γὰρ
3715 4662 3809 4714 νῦν

2207 4752 2442 4822 ὁρῶντες
2465 4750 2576 4804 τῶν
2611 4750 2867 4823 πονηρῶν
2906 4750 3138 4814 πολλοὺς
3170 4751 3603 4823 κολαζομένους,
3634 4755 3813 4809 πολλὰ

2208 4842 2434 4898 τοιαῦτα
2468 4842 2905 4914 βλασφημοῦσιν,
2930 4844 2980 4896 εἰ
3028 4842 3163 4914 μηδὲ
3189 4841 3350 4896 τοῦτο
3390 4838 3485 4915 ἦν,
3512 4845 3575 4898 τί
3608 4847 3721 4899 οὐκ
3750 4846 3812 4899 ἂν

2211 4934 2400 5002 εἷπον;
2450 4936 2553 4990 ποῦ
2602 4937 2660 4990 δέ
2694 4937 2797 4990 οὐκ
2834 4931 3098 5007 ἀνῆλθον
3150 4935 3380 5000 κακίας;
3423 4937 3527 4991 Διά
3572 4938 3751 4993 τοῦτο
3798 4944 3806 4950 ’

2210 5032 2344 5096 Θεὸς
2368 5033 2496 5095 τοὺς
2526 5030 2624 5102 μὲν
2650 5028 2885 5084 ἐνταῦθα
2914 5029 3155 5094 κολάζει,
3194 5030 3322 5094 τοὺς
3349 5030 3407 5083 δὲ
3436 5030 3502 5083 οὐ
3542 5032 3810 5097 κολάζει·

2214 5124 2434 5190 κολάζει
2461 5123 2560 5194 μὲν
2598 5122 2706 5193 γάρ
2730 5139 2903 5187 τινας,
2927 5123 3027 5194 τὴν
3055 5123 3255 5176 κακίαν
3281 5122 3464 5176 αὐτῶν
3490 5125 3807 5189 ἐκκόπτων,

2215 5219 2310 5272 καὶ
2346 5217 2686 5289 κουφοτέραν
2719 5216 2817 5287 τὴν
2849 5217 2968 5270 ἐκεῖ
2993 5216 3162 5271 ποιῶν
3189 5216 3486 5287 τιμωρίαν,
3513 5217 3552 5288 ἦ
3589 5221 3692 5273 καὶ
3718 5220 3834 5273 τέο·

2214 5304 2335 5362 λεον
2357 5306 2715 5361 ἀπαλλάττων
2738 5307 2956 5371 αὐτοὺς,
2982 5307 3224 5371 καὶτοὺς
3242 5308 3300 5359 ἐν
3325 5307 3566 5378 πονηρίᾳ
3594 5306 3807 5372 ζῶντας

2219 5399 2695 5473 σωφρονεστέρους
2729 5398 2899 5452 ποιῶν
2939 5401 3006 5470 τῇ
3038 5398 3246 5453 τούτων
3272 5400 3552 5473 τιμωρία·
3580 5403 3713 5465 τοὺς
3755 5400 3808 5456 δι

2217 5496 2280 5549 οὐ
2311 5493 2528 5559 κολάζει
2566 5491 2750 5556 πάλιν,
2780 5491 2867 5545 ἵνα
2894 5492 2962 5546 ἂν
2990 5492 3091 5562 μὲν
3124 5492 3467 5563 προσέχωσιν
3494 5491 3654 5566 [748]
3686 5496 3808 5547 ἐαυ-

2219 5593 2355 5655 τοῖς,
2389 5588 2822 5659 μετανοήσαντες
2856 5584 3076 5656 καὶτὴν
3103 5583 3198 5637 τοῦ
3238 5584 3374 5637 Θεοῦ
3412 5585 3808 5657 μακροθυμίαν

2223 5679 2584 5744 αἰδεσθέντες,
2613 5679 2708 5734 καὶ
2735 5678 2835 5750 τῆς
2866 5677 3103 5732 ἐνταῦθα
3131 5677 3409 5740 κολάσεως
3442 5677 3805 5750 ἀπαλλαγῶαι

2233 5764 2327 5829 καί
2369 5774 2467 5845 τῆς
2517 5774 2634 5827 ἐκεῖ
2670 5771 2968 5845 τιμωρίας·
3015 5771 3082 5826 ἂν
3126 5771 3184 5827 δὲ
3222 5770 3613 5845 ἐπιμείνωσιν,
3651 5778 3807 5850 μηδὲν
