3862 6228
148 279 280 333 1001

142 400 244 448 sed
272 397 467 464 gratias
492 414 650 469 agerc
668 440 683 466 ,
711 401 1038 473 gloriticare,
1075 402 1299 457 adorare
1323 417 1463 463 eum,
1494 403 1580 470 qui
1606 417 1732 472 per-

148 488 314 542 tnittit
340 489 436 544 has
459 492 775 545 tentatioues
793 488 1002 562 inlligi?
1025 495 1193 562 Quam
1223 494 1386 547 multa
1408 495 1737 564 inexspecta-

150 587 229 644 ta,
260 596 414 647 quam
445 581 627 636 multm
653 583 952 653 angustiae?
972 586 1038 638 Et
1061 595 1234 639 tamen
1261 594 1469 654 oportet
1495 600 1737 654 premere

147 672 322 726 malas
340 673 708 742 cogitationes,
731 691 901 745 neque
923 677 1228 746 permittere
1247 677 1438 745 lingua:
1460 685 1516 730 ut
1537 675 1736 745 aliquid

146 771 309 816 sonet
335 763 584 830 absurdi,
613 767 1060 836 quemadmodum
1101 767 1286 822 beatus
1326 767 1427 822 Job
1458 768 1736 822 innumera

150 867 440 922 perpessus
467 856 602 909 mala
634 859 988 925 perseveravit
1011 859 1207 928 gratias
1234 873 1392 928 agere
1420 859 1548 913 Deo.

228 943 256 996 1
265 946 558 1013 mpatientia
586 947 908 1018 blasphemia:
936 959 1110 1002 mater.
1137 977 1209 990 --
1231 949 1365 1002 Sunt
1399 959 1574 1002 autem
1607 963 1740 1001 non-

95 1117 106 1124 .
155 1034 326 1100 nulli,
358 1038 444 1106 qui
476 1038 520 1090 si
541 1037 664 1106 joco
687 1039 994 1094 conviciove
1018 1055 1044 1093 a
1074 1040 1321 1109 quapiam
1349 1039 1474 1094 tacti
1503 1039 1736 1104 fuerint,

152 1125 329 1180 autin
353 1127 630 1182 adversam
658 1129 1010 1184 valetudinem
1038 1129 1352 1196 inciderint,
1381 1129 1542 1184 veluti
1572 1127 1739 1198 poda-

152 1232 307 1286 gram
333 1259 347 1281 ,
374 1229 463 1271 aut
504 1219 692 1288 capitis
721 1220 958 1275 dolorem
983 1261 999 1287 ,
1030 1230 1121 1274 aut
1148 1222 1308 1276 alium
1339 1220 1496 1290 hujus
1530 1220 1740 1289 generis

158 1310 429 1374 IIIOI'iJUIII,
464 1311 607 1366 illico
631 1313 986 1384 blasphemias
1011 1313 1288 1368 effundunt
1315 1331 1330 1369 :
1357 1328 1420 1368 ac
1445 1313 1740 1368 molestiam

155 1400 372 1470 quidem
415 1403 582 1456 morbi
623 1403 924 1469 sustinent,
956 1414 1206 1458 cancrum
1235 1403 1407 1459 fructu
1445 1403 1738 1472 privantur.

156 1491 296 1558 Quid
326 1491 454 1546 facis
475 1534 487 1556 ,
518 1508 550 1546 ο
579 1492 759 1559 homo,
792 1495 843 1548 in
873 1494 1193 1562 beneﬁcum,
1225 1495 1277 1548 in
1311 1495 1654 1558 salvatorem,
1687 1492 1741 1547 in

158 1582 512 1650 provisorent,
548 1583 599 1637 in
631 1584 702 1636 tui
730 1600 909 1638 curam
935 1594 1200 1655 agentem,
1241 1585 1479 1640 convicia
1499 1583 1742 1654 jaciens?

156 1672 276 1728 Non
317 1684 368 1728 te
395 1676 560 1730 sentis
590 1675 641 1729 in
673 1675 1018 1746 przecipitium
1047 1677 1255 1748 abripi,
1285 1684 1444 1746 teque
1475 1677 1648 1745 ipsum
1687 1675 1740 1729 in

155 1768 382 1821 extremi
420 1769 562 1822 exitii
592 1768 895 1824 barathrum
920 1771 1190 1838 dejicere?
1217 1769 1352 1825 Num
1381 1769 1523 1823 enim
1553 1769 1599 1822 si
1625 1768 1740 1821 bla-

155 1859 452 1930 sphemiam
483 1861 719 1930 proferas
739 1905 752 1926 ,
785 1863 1040 1918 leviorem
1069 1863 1253 1919 reddis
1280 1861 1564 1917 morbum?
1595 1861 1742 1916 Exa-

157 1951 346 2005 cerbas
367 1955 542 2023 potius
565 1954 732 2019 illum,
760 1970 823 2009 ac
844 1957 1206 2012 molestiorem
1228 1955 1408 2012 reddis
1427 1955 1738 2011 cruciatum.

157 2042 382 2111 l’ropter
408 2043 508 2098 hoc
534 2045 676 2098 enim
705 2045 947 2102 diabolus
971 2049 1279 2102 innumeras
1307 2047 1547 2116 impingit
1578 2046 1744 2101 mole—

154 2134 312 2209 stias,
334 2143 388 2188 ut
410 2135 460 2188 in
484 2135 611 2189 illud
634 2136 938 2194 barathrum
962 2148 1014 2194 te
1035 2139 1346 2210 przecipitet.
1372 2139 1437 2193 Et
1456 2139 1500 2193 si
1526 2138 1739 2208 quidem

157 2227 355 2282 viderit
393 2237 445 2284 te
488 2230 844 2300 blasphentias
880 2231 1236 2302 proferentem
1261 2275 1276 2298 ,
1305 2233 1548 2302 protinus
1587 2239 1744 2302 auget

157 2319 398 2374 dolorem
437 2335 499 2375 ac
539 2323 793 2393 majorem
835 2323 1029 2390 reddit,
1070 2339 1178 2395 quo
1216 2323 1518 2378 stimulatus
1556 2336 1742 2376 rursus

156 2411 372 2482 indigne
398 2414 534 2467 feras
563 2415 740 2483 :quod
767 2414 810 2468 si
841 2415 1032 2468 viderit
1058 2424 1109 2469 te
1132 2414 1337 2468 fortiter
1358 2411 1740 2482 perferentem,

150 2519 366 2573 quoque
393 2505 606 2559 morbus
632 2503 787 2560 fuerit
811 2506 1008 2572 acrior,
1040 2504 1140 2559 hoc
1165 2505 1333 2576 magis
1357 2515 1599 2575 agentem
1622 2517 1714 2575 gra
1731 2533 1745 2547 -

153 2594 262 2646 tias
294 2593 400 2648 Deo
431 2613 442 2646 :
475 2595 616 2648 illico
649 2595 898 2662 desistit,
933 2603 990 2650 ut
1025 2595 1113 2665 qui
1145 2596 1408 2649 incassum
1437 2593 1745 2665 frustraque

153 2699 348 2760 pergat
392 2691 647 2744 insidiari.
695 2691 761 2744 Et
807 2690 1252 2760 quemadmodum
1298 2690 1446 2745 canis
1492 2689 1744 2744 assistens

150 2797 355 2837 mensa)
381 2785 424 2838 si
450 2784 642 2838 viderit
668 2783 939 2838 hominem
975 2794 1274 2838 vescentem
1300 2781 1523 2837 subinde
1547 2780 1745 2851 aliquid

155 2892 346 2931 eorum
387 2892 504 2947 quze
532 2877 583 2930 in
626 2892 809 2931 mensa
851 2886 974 2930 sunt
1001 2877 1099 2946 ipsi
1134 2875 1497 2946 projicientem
1519 2917 1534 2940 ,
1566 2882 1746 2930 manet

153 2969 371 3022 assidue
401 2986 414 3022 ε
443 2967 585 3038 quod
629 2969 671 3022 si
714 2969 878 3023 semel
917 2977 1074 3036 atque
1117 2969 1305 3020 iterum
1343 2966 1420 3021 sic
1453 2965 1639 3028 astitit,
1685 2972 1742 3020 ut

151 3059 464 3115 discesserit
491 3059 622 3114 nihil
651 3061 871 3129 adeptus
892 3101 906 3126 ,
939 3060 1179 3129 protinus
1208 3058 1438 3112 abstinet
1464 3056 1626 3112 veluti
1653 3057 1742 3126 qui

142 3155 264 3225 jam
309 3155 500 3209 frustra
526 3166 581 3209 et
618 3153 880 3209 incassum
915 3153 1129 3207 assistat
1161 3169 1172 3204 :
1203 3150 1383 3205 itidem
1421 3157 1475 3204 et
1501 3149 1743 3203 diabolus

141 3247 344 3318 jugiter
373 3246 524 3301 nobis
551 3245 736 3309 inhiat,
765 3245 808 3299 si
831 3243 970 3314 quod
999 3243 1368 3313 blasphemum
1390 3241 1606 3295 verbum
1631 3240 1730 3309 ipsi

143 3353 254 3393 ceu
279 3339 393 3390 cani
424 3335 783 3407 projiciamus,
814 3335 914 3390 hoc
941 3345 1158 3404 accepto
1184 3347 1368 3388 rursus
1393 3331 1732 3401 aggreditur:

141 3427 296 3498 quod
331 3428 375 3483 si
414 3426 835 3496 perseveraveris
872 3425 1067 3496 gratias
1106 3439 1289 3494 agere.
1313 3421 1636 3492 jugulaveris
1673 3421 1740 3474 il-

145 3521 262 3574 lum
289 3518 445 3586 fame,
473 3519 821 3588 celeriterque
849 3516 1089 3586 abegeris
1114 3523 1165 3570 et
1197 3515 1448 3584 aufugero
1471 3514 1734 3582 coegeris.

146 3609 349 3665 Verum
377 3625 482 3664 non
508 3620 658 3679 potes
689 3618 863 3665 tacere
891 3609 1127 3662 cruciatu
1153 3606 1472 3660 stimulatus.
1501 3605 1609 3659 Nec
1635 3620 1735 3674 ego

144 3701 412 3772 prohibeo
441 3711 492 3756 te
519 3700 698 3771 loqui,
725 3699 819 3755 sed
860 3698 982 3753 volo
1014 3706 1066 3752 te
1101 3712 1200 3767 pro
1237 3695 1564 3765 blasphemia
1596 3694 1740 3764 loqui

140 3795 443 3865 gratiarum
478 3794 741 3849 actionem
763 3834 777 3859 ,
817 3807 913 3862 pro
947 3791 1125 3846 verbis
1170 3788 1543 3859 indignationis
1581 3787 1740 3839 verba

141 3888 490 3949 laudationis.
537 3887 802 3942 Confitere
842 3885 1101 3945 Domino,
1142 3883 1310 3938 clama
1349 3881 1699 3936 vehementer
1723 3919 1738 3942 ,

139 3980 484 4039 obsecrando
509 3997 522 4034 ε
547 3980 716 4033 clama
738 3977 1104 4038 vehementer,
1132 3971 1478 4042 glorilicando
1505 3988 1519 4024 :
1543 3970 1620 4024 sic
1647 3969 1740 4022 tibi

137 4089 208 4132 et
235 4076 454 4131 morbus
482 4071 721 4127 redditur
749 4070 935 4136 levior,
957 4065 1265 4122 discedente
1290 4062 1502 4133 quidem
1527 4061 1740 4116 diabolo

141 4178 369 4241 propter
407 4177 552 4222 tuam
591 4163 877 4234 gratiarum
915 4161 1180 4216 actionem
1207 4199 1221 4222 ,
1255 4157 1348 4212 Dei
1386 4169 1515 4211 vero
1543 4154 1740 4208 auxilio

141 4261 461 4317 accedente.
498 4255 633 4313 Nam
663 4256 708 4308 si
747 4253 1104 4322 blasphemias
1140 4248 1391 4305 effuderis
1413 4289 1430 4315 ,
1460 4248 1661 4318 pariter
1687 4255 1743 4300 et

140 4354 248 4410 Dei
272 4352 521 4406 auxilium
547 4346 886 4411 submovisti,
909 4354 963 4399 et
987 4343 1253 4398 diabolum
1275 4339 1528 4395 adversus
1555 4347 1743 4392 temet-

143 4448 328 4516 ipsum
359 4441 636 4499 reddidisti
662 4439 964 4504 smviorem,
993 4446 1046 4492 et
1073 4437 1298 4506 teipsum
1325 4438 1492 4504 magis
1520 4432 1743 4487 involvi-

140 4538 221 4593 sti
246 4534 538 4591 doloribus.
569 4531 662 4588 Sin
689 4529 886 4603 gratias
912 4528 1104 4599 egeris,
1132 4536 1188 4582 et
1213 4525 1431 4580 insidias
1457 4523 1741 4594 propulisti

141 4627 278 4684 mali
313 4624 591 4692 daemonis,
630 4633 686 4679 et
725 4622 820 4678 Dei
859 4635 956 4691 pro
995 4631 1045 4674 te
1089 4616 1304 4673 solliciti
1341 4615 1602 4671 medelam
1642 4612 1740 4666 tibi

133 4715 478 4774 conciliasti.

236 4829 436 4900 Lingua
464 4827 760 4883 cohibenda.
784 4856 855 4866 —
881 4825 1074 4879 Verum
1103 4839 1170 4878 ex
1199 4821 1581 4876 consuetudine
1623 4819 1732 4875 fre-

152 4929 387 4991 quenter
432 4919 630 4994 impetu
678 4917 882 4986 rapitur
911 4915 1086 4984 lingua
1111 4953 1125 4978 ,
1159 4923 1218 4966 ut
1260 4926 1568 4980 perversum
1615 4909 1744 4964 illud

143 5012 376 5068 verbum
413 5019 588 5064 sonet.
619 5008 814 5062 Verum
841 5021 961 5060 cum
992 5005 1097 5058 huc
1145 5004 1401 5072 rapietur,
1436 5001 1742 5071 priusquam

147 5103 384 5159 verbum
410 5100 655 5155 eﬂ'udcrit
679 5141 694 5163 ,
728 5096 1036 5153 commordc
1065 5095 1208 5150 illam
1239 5093 1471 5163 undique
1497 5092 1746 5147 dentibus

143 5195 364 5251 acriter.
409 5192 634 5248 Praestat
679 5191 821 5244 illam
867 5205 1008 5243 nunc
1049 5187 1215 5241 fluere
1259 5185 1549 5255 sanguine,
1587 5199 1745 5253 quam

144 5304 282 5345 tunc
307 5285 684 5356 concupiscere
710 5292 910 5352 guttam
938 5323 951 5345 ,
987 5296 1084 5336 nec
1128 5281 1416 5349 impetrare
1458 5291 1617 5348 posse
1645 5277 1748 5332 tale

145 5379 492 5450 refrigerium
519 5396 532 5432 :
562 5384 784 5446 prastat
822 5375 964 5431 illam
997 5373 1380 5442 temporarium
1424 5369 1565 5425 ferre
1593 5368 1745 5422 dolo-

145 5489 270 5529 rem
304 5514 318 5532 .
350 5485 507 5541 quam
553 5478 680 5523 tunc
727 5468 1027 5536 perenniter
1069 5475 1123 5520 et
1170 5464 1554 5520 immortalibus
1597 5462 1751 5516 malis

147 5561 418 5627 cruciari,
463 5557 908 5630 quemadmodum
954 5557 1131 5610 divitis
1172 5557 1311 5610 illius
1353 5556 1528 5624 lingua
1557 5553 1749 5608 ardore

150 5665 396 5711 :rstuans
424 5653 626 5708 nullum
653 5651 955 5719 impetravit
1000 5649 1353 5719 refrigerium.
1386 5649 1524 5714 Deus
1551 5660 1748 5716 praece-

149 5759 230 5818 ptt
262 5758 316 5801 ιιι
337 5745 578 5802 inimicos
607 5753 726 5798 tuos
747 5741 954 5813 diligas,
987 5750 1040 5797 tu
1063 5755 1189 5798 vero
1217 5742 1381 5797 Dcunt
1409 5749 1459 5798 te
1480 5747 1746 5794 amantem

1359 286 1446 342 DE
1486 285 1760 342 LAZARO
1798 286 2044 344 CONCIO
2081 287 2166 343 lll.

3289 283 3424 338 1002

1845 400 2144 456 aversaris?
2174 402 2313 456 Dens
2336 402 2496 471 jussit
2524 410 2584 456 ut
2608 401 2862 455 conviciis
2889 399 3289 458 inscctantibus,
3333 399 3426 450 be-

1849 495 2009 564 nigne
2047 494 2320 563 loquaris,
2369 493 2806 548 maledicentibus
2831 493 3116 548 benedieas
3163 490 3329 560 (Luc.
3373 496 3426 545 6.

1841 585 1933 640 27.
1960 585 2031 641 9.8
2055 587 2073 656 )
2098 603 2110 635 :
2143 595 2198 640 tu
2226 601 2353 641 vero
2381 585 2458 640 illi
2484 585 2834 641 benefacienti
2865 593 2918 638 et
2946 585 3018 638 tui
3044 600 3226 638 curant
3253 583 3428 652 agenti

1842 679 2150 742 maledicis,
2179 695 2300 735 cum
2341 679 2485 734 nulla
2531 680 2584 733 in
2610 694 2671 734 re
2708 678 2868 733 lassus
2896 677 3009 732 sis?
3039 679 3230 731 Annon
3265 676 3433 746 potuit

1845 770 2052 825 solvere
2081 770 2462 824 tentationem?
2485 769 2678 834 Potuit,
2709 769 2800 824 sed
2829 768 3083 837 permisit,
3107 777 3164 822 ut
3190 770 3284 820 tias
3308 779 3433 836 pro—

1846 861 2041 916 batior.
2071 862 2261 915 Verum
2283 876 2428 923 ecce,
2456 861 2649 930 inquis,
2674 860 2909 914 collabor
2930 859 3138 914 interim
3161 873 3224 912 ac
3249 871 3431 927 pereo.

1845 950 1963 1006 Non
2003 962 2221 1023 propter
2248 952 2550 1006 alﬂictionis
2583 960 2824 1004 naturam
2867 950 3006 1019 peris
3031 992 3047 1017 ,
3089 949 3183 1004 sed
3215 957 3435 1019 propter

1842 1049 1987 1098 tuam
2018 1043 2338 1099 socordiam.
2388 1044 2480 1098 Dic
2515 1042 2647 1096 mihi
2667 1083 2682 1107 ,
2714 1053 2830 1097 utra
2856 1055 2943 1096 res
2967 1052 3049 1095 est
3074 1040 3292 1102 facilior,
3324 1038 3434 1093 ωτι.

1847 1135 2110 1205 spbemia,
2135 1151 2202 1190 an
2227 1135 2516 1205 gratiarum
2541 1133 2712 1188 actio?
2737 1132 2924 1187 Nonne
2949 1132 3036 1186 illa
3057 1145 3149 1186 eos
3165 1130 3252 1199 qui
3277 1127 3414 1183 audi-

1845 1237 1940 1282 unt
1965 1227 2146 1282 hostes
2172 1236 2229 1283 et
2253 1227 2496 1282 inimicos
2523 1226 2618 1280 tibi
2655 1225 2862 1291 reddit,
2893 1233 2947 1280 et
2972 1225 3024 1277 in
3055 1223 3420 1293 aegritudinem

1844 1319 2006 1374 animi
2028 1318 2243 1386 eonjicit
2266 1336 2280 1373 :
2308 1319 2421 1372 haec
2443 1332 2570 1372 vero
2595 1318 2898 1371 innumeras
2920 1314 3072 1369 affert
3090 1311 3432 1383 philosophiae

1845 1424 2091 1474 coronas,
2121 1408 2594 1478 incredibilemque
2619 1407 2686 1462 ab
2715 1406 2962 1461 omnibus
3001 1404 3430 1467 admirationem,

1845 1502 2078 1572 denique
2105 1501 2340 1572 ingentia
2364 1517 2393 1555 a
2417 1501 2528 1556 Deo
2550 1499 2804 1570 praemia?
2829 1499 2938 1554 Cur
2965 1498 3122 1568 igitur
3142 1496 3281 1567 quod
3310 1496 3443 1550 utile

1848 1600 1950 1654 est,
1980 1591 2122 1662 quod
2165 1591 2319 1646 facile
2345 1631 2361 1657 ,
2395 1590 2535 1659 quod
2563 1589 2853 1660 jucundum
2882 1589 3133 1642 ontittens
3155 1628 3172 1654 ,
3217 1587 3268 1640 id
3295 1585 3436 1657 quod

1849 1682 1996 1737 laedit
2014 1723 2030 1747 ,
2062 1682 2203 1752 quod
2231 1681 2543 1746 contristat,
2569 1680 2710 1750 quod
2739 1677 3004 1742 tabefacit,
3037 1678 3177 1732 illius
3204 1678 3323 1731 loco
3346 1691 3436 1731 se-

1847 1773 2042 1830 ctaris?
2081 1774 2220 1841 Quin
2260 1782 2315 1828 et
2351 1773 2546 1842 alioqui
2575 1773 2618 1825 si
2655 1770 2966 1825 tentationis
3003 1784 3066 1823 ac
3104 1767 3430 1838 paupertatis

1846 1869 2063 1923 alilictio
2088 1881 2247 1922 causa
2271 1875 2415 1922 esset
2435 1864 2882 1934 blasphemiarum
2906 1903 2921 1927 ,
2953 1869 3225 1932 oporteret
3246 1874 3436 1916 omnes

1857 1961 1949 2031 qui
1979 1960 2031 2014 in
2059 1969 2368 2029 paupertate
2396 1959 2577 2012 vivunt
2604 1956 2944 2026 blasphemas
2990 1969 3128 2009 esse.
3155 1953 3305 2008 Nunc
3332 1969 3432 2009 au-

1846 2061 1953 2108 tem
1999 2055 2137 2108 inter
2185 2067 2279 2107 eos
2329 2052 2419 2122 qui
2465 2052 2517 2104 in
2561 2059 2797 2106 extrema
2845 2048 3042 2118 degunt
3086 2057 3432 2118 paupertate,

1845 2146 2000 2200 multi
2034 2145 2232 2215 jugiter
2260 2152 2424 2214 agunt
2464 2144 2700 2214 gratias:
2728 2141 2814 2195 alii
2842 2151 3060 2205 contra,
3105 2140 3196 2210 qui
3239 2140 3430 2210 opibus

1846 2252 1908 2291 ac
1933 2237 2131 2291 divitiis
2155 2235 2398 2297 afﬂuunt,
2420 2249 2525 2288 non
2551 2239 2764 2287 cessant
2782 2245 3028 2285 evomere
3049 2229 3425 2298 blasphemias.

1849 2329 2029 2400 Itaque
2055 2347 2158 2383 non
2185 2330 2296 2399 ipsa
2325 2343 2502 2382 rerum
2530 2335 2737 2391 natura,
2765 2324 2861 2380 sed
2885 2332 3066 2380 nostra
3095 2323 3338 2378 voluntas
3367 2332 3422 2377 et

1847 2421 1946 2476 hoc
1967 2430 2022 2475 et
2056 2421 2179 2474 illud
2206 2420 2389 2474 efﬁcit.

1917 2509 2208 2579 Paupertas
2241 2525 2367 2578 quos
2396 2525 2498 2562 non
2527 2507 2787 2562 laedat.—
2806 2505 3035 2576 Propter
3060 2503 3164 2559 hoc
3206 2503 3345 2559 enim
3386 2513 3439 2560 et

1849 2601 1985 2656 hanc
2029 2601 2368 2656 recitavimus
2410 2599 2716 2669 parabolam
2742 2638 2757 2661 ,
2806 2604 2862 2651 ιιι
2905 2609 3258 2666 cognosceres
3299 2595 3441 2664 quod

1848 2691 2117 2748 hominem
2143 2691 2419 2746 socordem
2463 2706 2531 2746 ne
2560 2689 2758 2744 divitice
2785 2687 2997 2758 quidem
3021 2686 3242 2756 juvent,
3271 2696 3442 2740 atten-

1849 2799 1960 2845 tum
2005 2805 2137 2844 vero
2177 2805 2246 2845 ne
2290 2797 2576 2859 paupertas
2604 2788 2818 2857 quidem
2850 2786 3042 2841 laedere
3086 2786 3270 2855 possit.
3302 2782 3442 2852 Quid

1848 2881 1989 2949 dico,
2017 2880 2345 2951 paupertas?
2376 2879 2594 2933 Etiamsi
2624 2878 2802 2931 omnia
2831 2877 3298 2946 conglomerentur
3323 2889 3441 2942 quae

1850 2983 1976 3029 sunt
2018 2975 2158 3028 inter
2182 2973 2426 3026 homines
2469 2970 2631 3036 mala,
2657 2983 2946 3038 numquam
2991 2967 3280 3036 percellent
3323 2965 3442 3019 ani-

1848 3081 1995 3121 mum
2025 3063 2256 3119 hominis
2285 3064 2449 3118 Deum
2479 3061 2708 3115 amantis
2728 3101 2742 3126 ,
2773 3058 3150 3128 sapientiaeque
3176 3056 3436 3119 studiosi,

1847 3171 2019 3226 neque
2046 3153 2464 3224 persuadebunt,
2496 3161 2556 3205 ut
2583 3167 2614 3205 a
2639 3151 2832 3204 virtute
2862 3139 3135 3202 diseedaF:
3169 3155 3221 3200 et
3247 3146 3451 3200 horum.

1846 3248 1998 3304 testis
2023 3256 2105 3303 est
2131 3246 2384 3300 Lazarus.
2415 3241 2876 3311 Quemadmodum
2923 3255 2954 3292 e
2977 3239 3191 3293 diverso
3222 3236 3440 3292 mollem

1845 3357 1908 3396 ac
1935 3339 2250 3394 dissolutum
2279 3351 2385 3389 non
2422 3333 2641 3399 divitiae,
2669 3347 2774 3386 non
2800 3329 3020 3396 sanitas,
3053 3344 3157 3383 non
3184 3336 3452 3398 perpetua.

1846 3430 2171 3502 pr03peritas
2191 3471 2206 3495 ,
2238 3444 2341 3483 non
2373 3427 2515 3482 aliud
2544 3424 2811 3496 quidpiam
2849 3437 3097 3492 umquam
3123 3420 3308 3491 juvare
3342 3433 3443 3490 po.-

1847 3527 1990 3580 terit.

1917 3617 1969 3671 8.
2009 3615 2088 3670 Ne
2117 3613 2276 3684 igitur
2319 3610 2556 3665 dicamus
2600 3605 2742 3677 quod
2772 3612 3054 3676 paupertas
3077 3644 3091 3665 .
3138 3603 3355 3657 morbus
3388 3609 3443 3656 et

1848 3707 2200 3777 periculorum
2225 3701 2450 3756 insultas
2470 3698 2794 3768 compellant
2812 3696 2878 3750 ad
2902 3693 3303 3764 blasphemiam.
3326 3692 3443 3747 Non

1848 3805 2144 3866 paupertas,
2167 3794 2258 3849 scd
2285 3793 2527 3853 stultitia,
2555 3805 2658 3844 non
2687 3787 2925 3851 morbus,
2945 3785 3038 3840 sed
3069 3793 3427 3854 contemptus.

1847 3906 1950 3942 non
1979 3888 2338 3956 periculorum
2365 3881 2620 3946 insultus,
2646 3879 2739 3934 sed
2768 3877 2977 3947 pietatis
2997 3875 3230 3930 desertio
3248 3916 3263 3941 ,
3295 3883 3353 3929 ut
3374 3873 3444 3928 ad

1846 3979 2251 4050 blasphemiam,
2285 3977 2356 4031 ita
2381 3975 2448 4029 ad
2475 3987 2634 4028 omne
2659 3969 2873 4026 malitiae
2900 3983 3068 4038 genus
3095 3966 3310 4022 adducit
3335 3966 3410 4020 mi
3432 4001 3445 4009 -

1846 4092 1947 4129 nus
1975 4081 2227 4127 ιιιιρηιοε.

1925 4166 2028 4222 Cur
2074 4179 2176 4218 non
2224 4176 2396 4216 omnes
2436 4159 2518 4213 hic
2561 4158 2704 4228 punit
2746 4154 2996 4208 Deus.—-
3028 4149 3134 4207 Sed
3170 4163 3328 4220 quam
3372 4148 3444 4204 ob

1845 4272 2058 4314 causam
2083 4298 2099 4321 ,
2131 4253 2334 4323 inquiet
2358 4250 2547 4321 aliquis
2567 4291 2584 4317 ,
2612 4239 2703 4302 alii
2732 4244 2946 4316 quidem
2988 4243 3072 4297 hic
3115 4241 3404 4312 puniuntur
3424 4279 3442 4307 ,

1846 4350 1936 4404 alii
1983 4362 2113 4402 vero
2152 4345 2281 4410 illic,
2325 4358 2389 4398 ac
2415 4357 2520 4396 non
2564 4340 2740 4410 potius
2783 4349 2971 4392 omnes
3017 4333 3142 4388 hic?
3178 4332 3346 4401 Quam
3375 4331 3446 4386 ob

1847 4455 2063 4496 causam
2086 4437 2111 4492 ?
2134 4436 2393 4506 Quoniam
2426 4434 2470 4488 si
2499 4433 2603 4486 hoc
2629 4438 2794 4492 esset,
2825 4441 3012 4481 omnes
3043 4425 3225 4494 utique
3248 4422 3440 4492 periis-

1847 4548 2058 4590 semus:
2084 4545 2272 4585 omnes
2297 4528 2438 4584 enim
2465 4539 2652 4580 sumus
2674 4521 2888 4578 obnoxii
2921 4519 3113 4590 pomis.
3135 4517 3367 4572 Rursum
3398 4515 3444 4569 si

1849 4627 2024 4680 nullus
2052 4623 2140 4677 hic
2159 4622 2458 4692 puniretur,
2489 4618 2669 4686 plures
2694 4613 3045 4669 redderentur
3073 4607 3408 4664 socordiores
3429 4648 3450 4673 ι

1849 4720 2106 4788 multique
2118 4716 2357 4770 dicerent
2373 4727 2476 4766 non
2489 4725 2610 4766 esse
2622 4701 3244 4779 providentiam.Etenim
3262 4700 3306 4754 si
3322 4713 3447 4754 cum

1850 4827 1992 4867 nunc
2011 4809 2224 4863 videant
2243 4805 2442 4860 multos
2461 4801 2736 4872 improbos
2758 4798 2950 4868 puniri,
2972 4795 3166 4849 multas
3186 4792 3450 4862 ejusmodi

1850 4900 2210 4972 blasphemias
2237 4903 2528 4952 evomunt:
2557 4894 2600 4948 si
2629 4906 2697 4947 ne
2726 4891 2828 4945 hoc
2857 4887 3071 4959 quidem
3100 4893 3264 4951 esset,
3289 4884 3442 4955 quidc

1853 5013 1978 5052 nam
2018 4990 2301 5048 dicerent?
2330 4989 2398 5044 ad
2424 4985 2566 5058 quod
2609 4984 2827 5039 malitiae
2856 4996 3024 5052 genus
3051 4994 3157 5034 non
3184 4992 3434 5048 raperetis

1853 5090 1980 5147 tur?
2007 5089 2113 5144 Has
2138 5087 2208 5141 ob
2246 5099 2334 5139 res
2364 5083 2504 5137 Deus
2545 5078 2678 5133 alios
2707 5076 2922 5147 quidem
2966 5073 3052 5128 hic
3076 5072 3264 5142 punit,
3307 5069 3449 5124 alios

1852 5199 1982 5238 vero
2006 5196 2112 5235 non
2145 5177 2314 5249 punit.
2343 5174 2500 5230 Punit
2526 5172 2739 5241 quidem
2768 5168 2972 5237 aliquos
2991 5207 3006 5232 ,
3036 5163 3288 5220 excidens
3316 5160 3435 5214 illo-

1855 5289 1974 5330 rum
2004 5272 2187 5325 vitium
2212 5311 2226 5333 ,
2256 5279 2573 5338 ptenamque
2610 5263 2717 5318 illic
2761 5259 2990 5315 reddens
3017 5255 3272 5311 leviorem
3297 5292 3312 5315 ,
3359 5259 3443 5304 aut

1855 5368 2014 5422 etiam
2037 5367 2090 5419 in
2122 5372 2288 5418 totum
2321 5361 2551 5416 liberans
2581 5357 2730 5420 illos,
2762 5364 2815 5409 et
2849 5367 2943 5408 eos
2970 5350 3061 5421 qui
3090 5360 3336 5417 perverse
3365 5346 3448 5396 vi-.

1857 5468 1989 5514 vunt
2017 5456 2380 5526 eastigatiores
2406 5451 2636 5507 reddens
2675 5448 2774 5502 hac
2805 5445 3074 5516 punitione
3109 5458 3123 5494 :
3151 5439 3284 5493 alios
3311 5452 3437 5492 vero

1856 5564 2066 5606 rursum
2099 5563 2203 5602 non
2231 5545 2382 5615 punit
2405 5585 2421 5609 ,
2448 5554 2507 5597 ut
2533 5544 2576 5596 si
2606 5539 2979 5608 resipisceutes
3005 5533 3104 5588 sibi
3128 5530 3256 5601 ipsis
3279 5544 3430 5582 cave

1859 5644 1999 5707 rint,
2057 5656 2118 5694 ac
2155 5639 2246 5693 Dei
2295 5635 2676 5705 benignitatem
2715 5629 2928 5686 reveriti
2971 5625 3202 5688 fuerint,
3252 5631 3304 5676 et
3344 5619 3428 5678 hic

1859 5735 2150 5790 liberentur
2195 5745 2224 5785 a
2257 5743 2410 5801 pinna
2450 5735 2504 5783 et
2538 5725 2645 5781 illic
2679 5739 2707 5778 a
2737 5719 3033 5792 supplicio:
3069 5717 3154 5775 sin
3186 5713 3432 5788 perstite-
