3860 6224
423 237 561 304 εσσε

424 326 747 432 rint,iiiljilo
773 360 1020 415 meliores
1045 358 1166 413 facti
1199 360 1414 414 lenitate
1439 360 1531 414 Dei
1551 361 1640 430 qui
1661 362 1799 416 mala
1824 373 2006 419 nostra

419 453 510 508 diu
532 453 742 518 tolerat,
763 451 1018 521 majorem
1046 453 1341 506 sustineam
1363 452 1653 507 cruciatum
1679 465 1896 525 propter
1921 456 2006 511 in-

418 546 621 616 signem
648 544 880 615 ipsorum
899 552 1278 612 contemptum.
1305 543 1456 612 Quod
1479 543 1524 600 si
1550 547 1668 615 quis
1691 547 1887 602 dixerit
1913 562 2008 603 eos

419 636 509 706 qui
529 635 817 705 puniuntur
829 635 1144 689 detrimento
1166 634 1324 699 afﬁci,
1345 635 1624 705 (poterant
1641 637 1782 691 enim
1813 637 2006 708 alioqui

419 726 758 796 resipiscere)
785 725 909 779 illud
941 725 1376 794 respondebimus
1402 744 1415 780 :
1441 726 1488 782 si
1529 727 1669 782 Deus
1709 729 2010 798 prazscisset

419 819 559 882 fore,
599 825 659 871 ut
702 817 1078 886 resipiscerent
1099 857 1114 882 ,
1147 831 1476 888 nequaquam
1509 818 1766 887 punisset.
1795 819 2006 874 Etenim

422 907 470 960 si
493 921 629 976 quos
675 906 818 962 videt
853 921 1073 962 manere
1109 907 1529 976 incorrigibiles,
1577 909 1810 973 omittit,
1842 910 2009 965 multo

425 997 594 1067 niagis
613 1010 746 1067 quos
772 1008 992 1053 noverat
1013 1013 1078 1053 ex
1110 998 1274 1067 ipsius
1297 999 1509 1053 lenitate
1536 1001 1734 1053 laturos
1759 1002 2008 1068 fructum,

421 1103 674 1160 passurus
687 1099 803 1145 erat
830 1090 884 1144 in
902 1091 1150 1160 praesenti
1167 1091 1290 1155 vita,
1323 1102 1379 1146 ut
1399 1101 1849 1162 consequerentur
1876 1102 2010 1148 tem-

431 1181 577 1248 poris
609 1181 838 1250 spatium
861 1181 930 1236 ad
960 1182 1345 1250 pmnitentiam.
1374 1181 1525 1237 Nunc
1543 1193 1720 1238 autem
1746 1199 1840 1239 eos
1867 1199 2007 1254 prai-

427 1271 646 1340 ripiens,
675 1279 731 1326 et
753 1271 859 1326 illis
877 1273 1128 1328 leviorem
1157 1274 1208 1327 in
1235 1273 1413 1329 futuro
1439 1275 1635 1330 sazculo
1661 1290 1868 1345 poenam
1890 1276 2011 1330 red-

424 1362 525 1425 dit,
558 1363 730 1417 ethos
750 1365 1111 1434 castigatiores
1136 1367 1350 1420 illorum
1375 1367 1647 1436 suppliciis
1676 1369 1817 1422 facit.
1840 1369 2008 1435 Quam

427 1451 500 1506 ob
525 1449 638 1508 rem
668 1453 826 1523 igitur
865 1469 970 1508 non
999 1453 1136 1509 idem
1165 1457 1267 1509 hoc
1295 1458 1421 1512 facit
1465 1459 1518 1512 in
1546 1457 1699 1513 malis
1723 1459 2012 1513 omnibus?

429 1541 500 1598 Ut
518 1543 552 1597 ii
578 1546 667 1613 qui
694 1550 928 1611 manent,
959 1560 1053 1614 per
1072 1546 1316 1602 timorem
1343 1547 1568 1602 aliorum
1598 1549 1870 1618 suppliciis
1891 1551 2013 1604 red-

428 1634 625 1690 dantur
663 1638 1028 1707 castigatiores
1051 1679 1067 1703 ,
1122 1640 1517 1710 praedicentque
1565 1641 1657 1695 Dei
1699 1641 1970 1697 lenitatem
1993 1681 2009 1706 ,

428 1725 649 1793 ejusque
670 1726 1050 1784 humanitatem
1072 1729 1308 1795 reveriti,
1333 1731 1590 1786 desistant
1609 1746 1638 1784 a
1661 1733 1878 1788 malitia.
1903 1732 2010 1789 Sed

429 1816 561 1871 nihil
598 1818 785 1873 horum
811 1818 1053 1887 faciunt,
1079 1821 1267 1890 inquit.
1294 1821 1410 1876 Non
1453 1823 1612 1894 igitur
1646 1823 1788 1879 Deus
1815 1825 1927 1893 jam
1955 1825 2012 1880 in

433 1922 594 1962 causa
623 1919 739 1977 est,
781 1911 876 1966 sed
916 1912 1124 1967 illorum
1153 1912 1395 1968 socordia
1415 1955 1430 1980 ,
1466 1915 1557 1984 qui
1587 1915 1870 1970 noluerunt
1901 1924 2010 1972 tam

433 1999 615 2054 multis
642 2001 890 2056 remediis
929 2003 996 2057 ad
1042 2005 1306 2073 propriam
1348 2006 1423 2060 uti
1458 2005 1704 2060 salutem.
1745 2009 1919 2077 Atque
1956 2019 2015 2063 ut

436 2105 726 2158 cognoscas
767 2093 910 2162 quod
948 2093 1069 2149 ideo
1112 2096 1213 2150 hoc
1259 2097 1462 2162 fecerit,
1504 2095 1720 2154 attende
1761 2116 1774 2153 :
1808 2099 2016 2154 Miscuit

439 2181 566 2235 olim
604 2184 913 2252 sanguinein
945 2184 1282 2240 Galilaeorum
1316 2187 1514 2244 Pilatus
1551 2203 1671 2244 cum
1707 2191 2012 2256 sacrificiis,

438 2278 495 2324 et
517 2271 830 2328 accedentes
866 2272 968 2328 hoc
995 2274 1166 2343 ipsum
1199 2278 1637 2332 renuntiaverunt
1667 2277 1826 2345 Jesu,
1856 2289 2016 2350 atque

438 2359 527 2416 ille
549 2360 696 2427 dicit,
725 2361 861 2426 Quid
884 2365 1091 2432 putatis,
1111 2366 1246 2434 quod
1271 2367 1349 2420 illi
1375 2365 1581 2421 Galilei
1603 2367 1702 2422 soli
1727 2379 2016 2439 peccatores

439 2452 682 2520 fuerunt?
718 2447 854 2518 Non,
892 2452 1008 2507 dico
1045 2454 1182 2508 vobis
1208 2471 1227 2508 :
1257 2456 1353 2509 nisi
1381 2457 1720 2527 penitentiam
1747 2460 1946 2528 egeritis
1967 2471 2016 2514 et

439 2557 528 2595 vos
554 2541 787 2598 similiter
821 2545 1043 2613 peribitis
1073 2545 1223 2615 (Luc.
1257 2548 1344 2602 15.
1371 2548 1450 2618 2).
1479 2548 1710 2604 Rursum
1748 2551 1835 2604 alii
1861 2560 2014 2606 octo-

440 2631 612 2686 decim
639 2633 816 2687 obruti
839 2645 965 2690 sunt
989 2635 1137 2690 ruina
1166 2638 1438 2703 cujusdam
1468 2643 1649 2707 turris,
1677 2639 1746 2696 de
1772 2640 1856 2696 his
1885 2658 2018 2712 quo-

444 2737 550 2791 quc
575 2723 760 2778 eadem
790 2725 934 2779 dicit.
966 2725 1098 2780 Nam
1130 2728 1270 2797 quod
1298 2731 1391 2795 ait,
1419 2729 1556 2797 Quid
1573 2733 1760 2800 putatis
1778 2735 1913 2803 quod
1940 2735 2018 2790 illi

443 2825 725 2884 peccatores
752 2827 896 2871 erant
919 2820 1057 2873 soli?
1075 2835 1195 2882 non,
1225 2822 1339 2874 dico
1366 2823 1522 2884 vobis,
1550 2823 1786 2878 declarat
1803 2825 1944 2894 quod
1966 2835 2019 2880 et

444 2905 684 2960 viventes
716 2907 900 2962 iisdem
935 2920 1086 2964 erant
1110 2911 1344 2966 obnoxii.
1373 2913 1528 2981 Quod
1559 2923 1735 2970 autem
1759 2917 1833 2970 ait
1860 2933 1874 2970 :
1901 2915 2019 2971 Nisi

447 2999 786 3064 paenitentiam
809 3001 1024 3067 egeritis,
1056 3010 1102 3054 et
1139 3018 1225 3056 vos
1261 3004 1490 3057 similiter
1515 3006 1756 3075 peribitis,
1787 3007 2022 3061 declarat

445 3089 588 3158 quod
627 3099 681 3143 et
718 3090 837 3145 illos
861 3093 1104 3160 permisit
1141 3095 1238 3148 hac
1268 3096 1334 3148 de
1372 3111 1532 3152 causa
1571 3098 1656 3151 illa
1685 3099 1811 3167 pati,
1845 3105 1902 3154 ut
1937 3101 2021 3154 vi-

447 3188 633 3235 ventes
657 3182 804 3236 exiis
824 3199 942 3254 qua:
961 3187 1170 3240 caeteris
1193 3188 1497 3243 acciderant
1515 3199 1721 3245 terrore
1740 3201 2018 3261 concepto,

448 3271 840 3342 resipiscerent,
877 3284 932 3328 et
959 3276 1108 3346 regni
1145 3277 1372 3334 heredes
1410 3281 1614 3334 tierent.
1652 3280 1790 3348 Quid
1829 3283 2024 3353 igitur?

447 3356 516 3415 Ut
540 3377 659 3433 ego,
685 3364 875 3434 inquit,
902 3365 1020 3421 fiam
1046 3368 1252 3433 melior,
1283 3370 1372 3424 ille
1394 3373 1646 3440 punitur?
1670 3373 1783 3428 Non
1811 3385 2024 3444 propter

451 3450 573 3522 hoc,
604 3456 697 3510 sed
726 3467 944 3526 propter
965 3474 1120 3513 suum
1149 3461 1314 3528 ipsius
1342 3475 1617 3532 peccatum
1649 3467 1882 3534 punitur.
1910 3467 2024 3522 Cae-

452 3539 625 3599 terum
655 3546 864 3600 illorum
902 3549 1148 3603 interitus
1177 3555 1396 3606 attentis
1422 3570 1488 3608 ex
1514 3556 1802 3610 abundanti
1843 3561 1900 3610 lit
1936 3573 2026 3613 oc-

451 3637 598 3692 casio
630 3638 837 3703 salutis,
868 3638 992 3693 dum
1027 3652 1168 3696 metu
1207 3659 1270 3696 ex
1313 3645 1377 3698 iis
1415 3661 1534 3714 quae
1571 3647 1688 3702 aliis
1721 3648 2027 3703 acciderunt

453 3738 732 3798 concepto,-
761 3730 1057 3786 redduntur
1085 3734 1374 3802 probiores.
1415 3736 1594 3790 Itidem
1633 3747 1688 3791 et
1711 3738 1912 3793 domini
1942 3737 2025 3792 fa-

454 3819 604 3875 ciunt
645 3838 658 3874 :
701 3835 807 3874 uno
850 3837 992 3890 saape
1040 3823 1238 3879 famulo
1282 3825 1563 3894 ﬂagellato,
1610 3828 1844 3897 reliquos
1883 3840 2026 3884 metu

455 3911 1112 3971 rcdduntemendatiores.
1142 3915 1274 3972 Cum
1307 3919 1464 3990 igitur
1492 3922 1686 3975 videris
1711 3924 1917 3993 aliquos
1943 3925 2025 3979 vel

455 4001 509 4055 iii
539 4002 864 4074 naufragium
899 4006 1166 4073 incidisse,
1196 4009 1283 4063 vel
1317 4010 1510 4065 aedium
1549 4012 1700 4067 ruina
1738 4029 2027 4083 oppressos

456 4105 597 4162 esse,-
619 4094 700 4149 vel
731 4095 976 4152 incendio
1002 4100 1244 4167 periisse,
1266 4101 1401 4156 vela
1422 4101 1598 4157 ﬂuviis
1617 4106 1867 4174 abreptos
1887 4123 2026 4174 esse,

457 4193 548 4238 aut
571 4185 679 4240 alio
702 4188 949 4256 quopiam
973 4189 1132 4244 modo
1157 4191 1390 4247 violento
1412 4192 1574 4247 vitam
1595 4194 1775 4250 finisse
1804 4214 1816 4250 :
1840 4196 2030 4251 deinde

459 4277 614 4340 alios,
657 4277 749 4348 qui
790 4279 977 4335 eadem
1020 4296 1141 4337 cum
1185 4283 1293 4337 illis
1336 4292 1392 4339 et
1435 4286 1678 4355 graviora
1722 4297 2026 4356 peccarunt,

461 4366 590 4422 nihil
635 4363 740 4423 tale
765 4368 971 4439 passos,
1003 4389 1071 4428 ne
1095 4374 1428 4430 conturberis
1453 4376 1637 4431 dicens
1656 4418 1670 4441 ,
1699 4393 1796 4434 cur
1819 4381 2029 4435 tandem

458 4462 551 4531 qui
575 4462 759 4518 eadem
787 4477 1092 4534 peccarunt,
1127 4483 1230 4523 non
1257 4467 1442 4524 eadem
1475 4471 1614 4540 passi
1645 4473 1806 4526 sunt?
1836 4473 2030 4529 Verum

462 4543 592 4609 illud
632 4567 842 4624 reputa,
881 4557 1026 4626 quod
1063 4558 1205 4615 Deus
1243 4559 1391 4614 illum
1427 4561 1638 4630 quidem
1677 4577 1864 4631 passus
1899 4572 2034 4619 este

463 4645 638 4700 medio
669 4647 781 4702 tolli
821 4650 1222 4720 praefocarique,
1263 4652 1526 4706 mitiorem
1557 4653 1605 4708 ei
1635 4669 1940 4724 praeparans
1979 4655 2032 4709 in

463 4737 638 4794 futuro
679 4740 876 4796 saeculo
923 4743 1250 4806 cruciatum,
1279 4752 1372 4798 aut
1419 4745 1577 4799 etiam
1626 4747 1677 4800 in
1723 4755 1890 4801 totum
1910 4763 2031 4802 cum

464 4829 698 4886 liberans
731 4849 746 4887 :
776 4832 917 4886 hunc
941 4848 1068 4886 vero
1107 4833 1239 4886 nihil
1278 4834 1378 4888 tale
1426 4849 1612 4902 passus
1640 4846 1719 4889 est
1746 4838 2031 4904 sustinere,

457 4933 520 4980 ut
564 4921 783 4978 alterius
829 4924 1089 4993 supplicio
1150 4925 1454 4995 castigatior
1497 4928 1662 4981 factus
1688 4967 1702 4989 ,
1744 4927 2034 4980 modestior

461 5012 815 5069 redderetur:
847 5015 988 5084 quod
1024 5015 1070 5069 si
1114 5016 1536 5085 perseveraverit
1577 5016 1632 5071 in
1663 5016 1884 5079 iisdem,
1912 5033 2036 5070 cru-

462 5100 788 5160 delissimam
838 5107 938 5162 sibi
967 5109 1065 5178 ipsi
1094 5123 1163 5162 ex
1201 5123 1296 5164 sua
1344 5109 1584 5164 socordia
1636 5119 1913 5163 coaeervat
1959 5109 2040 5162 ul-

469 5206 664 5251 tionem
686 5237 701 5262 ,
737 5212 836 5253 nec
869 5199 1010 5254 Deus
1034 5199 1191 5253 fuerit
1213 5214 1372 5253 causa
1399 5199 1747 5254 intolerabilis
1771 5199 2036 5267 supplicii.

469 5294 698 5344 ltursum
738 5289 784 5344 si
833 5289 1030 5346 videris
1085 5291 1286 5359 justum
1325 5288 1485 5359 aﬂligi
1509 5330 1524 5354 ,
1565 5298 1655 5342 aut
1703 5289 1880 5342 omnia
1921 5305 2039 5356 qua:

469 5377 606 5432 dicta
657 5389 782 5435 sunt
828 5382 1240 5450 perpetientem,
1302 5395 1368 5434 ne
1421 5380 1779 5433 eonsterueris
1840 5379 2035 5433 animo.

471 5468 602 5524 Nam
646 5485 702 5526 et
769 5471 846 5526 illi
912 5488 1000 5528 res
1050 5473 1295 5537 acerbas,
1350 5471 1742 5541 splendidiores
1815 5472 2040 5526 reddunt

472 5574 742 5615 coronas:
773 5578 826 5616 et
867 5563 1084 5616 omnino
1123 5563 1321 5632 quaevis
1368 5576 1522 5631 paena
1545 5603 1562 5627 ,
1619 5562 1876 5631 siquidem
1914 5579 2037 5632 pec-

476 5660 741 5704 caloribus
759 5652 1277 5723 inﬂigatur,dc.trahit
1303 5652 1497 5707 ahauid
1518 5653 1764 5708 vitiorum
1782 5655 1996 5723 ponderi
2024 5673 2034 5706 :

1133 244 1191 300 S.
1231 243 1507 301 JOANNIS
1541 238 2020 308 CHRYSOSTOMI
2059 245 2373 310 ARCHIEP.
2412 248 2947 307 CONSTANTINOP.

3542 247 3688 307 1003

2117 364 2198 419 sin
2211 363 2369 432 justis
2384 363 3085 435 inﬂigatur,splendidiorem
3104 365 3278 420 reddit
3296 365 3399 421 illis
3422 366 3683 433 animum,

2112 455 2192 507 sic
2211 462 2266 507 ut
2289 453 2524 523 utrisque
2552 457 2812 510 maximus
2835 473 2899 510 ex
2925 455 3213 512 afﬂictione
3237 457 3434 512 fructus
3449 459 3684 526 eveniat,

2113 552 2314 598 tantum
2337 543 2380 598 si
2403 555 2551 612 grate
2565 546 2976 601 toleremuszhoc
2990 548 3128 600 enim
3156 558 3236 601 est
3250 546 3390 618 quod
3405 549 3691 618 quaeritur.

2185 633 2239 688 9.
2268 633 2491 703 Propter
2516 633 2619 687 hoc
2655 649 2775 688 eum
2805 637 2912 690 sint
2962 636 3219 704 ejusmodi
3257 637 3497 698 exempla
3525 638 3687 692 innu-

2113 724 2414 792 merabilia,
2461 718 3354 790 sacrarumScripturanimhistoria
3366 727 3453 781 his
3483 728 3698 798 repleta

2115 822 2230 880 est,
2247 813 2423 884 justos
2455 829 2516 867 ac
2555 814 2777 884 injustos
2810 816 2960 870 malis
2981 815 3206 871 afﬂictos
3230 815 3383 872 nobis
3401 819 3692 880 exhibens,

2117 912 2174 958 ut
2191 903 2304 959 sive
2320 905 2494 973 justus
2511 905 2604 970 sis,
2630 906 2740 960 sive
2756 915 3020 975 peccator,
3047 909 3292 978 quoniam
3313 908 3477 965 habes
3503 925 3690 965 exem-

2116 993 2199 1062 pla
2224 1033 2241 1058 ,
2276 993 2416 1049 feras
2467 997 2689 1050 fortiter.
2719 997 2832 1052 Non
2879 1000 3047 1052 solum
3096 1009 3270 1054 autem
3301 1000 3531 1056 ostendit
3589 1001 3687 1055 tibi

2116 1085 2388 1154 improbos
2412 1087 2567 1142 malis
2591 1087 2816 1143 afﬂictos
2839 1132 2855 1152 .
2886 1106 3067 1144 verum
3089 1092 3246 1145 etiam
3277 1091 3498 1147 feliciter
3519 1107 3690 1162 agen-

2118 1183 2234 1243 tes,
2256 1191 2328 1232 ne
2363 1176 2575 1232 illorum
2607 1179 2856 1234 felicitate
2898 1181 3231 1235 coiiturberis
3256 1222 3271 1245 ,
3300 1183 3545 1237 nimirum
3591 1181 3691 1235 do-

2119 1273 2238 1322 ctus
2265 1281 2330 1322 ex
2381 1267 2446 1322 iis
2469 1283 2589 1338 quae
2613 1269 2762 1324 diviti
2806 1272 3157 1335 acciderunt,
3220 1265 3523 1339 cujusmodi
3569 1272 3692 1326 illos

2117 1364 2238 1424 post
2307 1355 2445 1412 hanc
2501 1357 2660 1412 vitam
2713 1370 2925 1413 maneat
2975 1362 3315 1424 incendium,
3373 1362 3470 1414 nisi
3525 1362 3687 1414 vitam

2116 1460 2234 1500 eam
2285 1446 2616 1516 reliquerint.
2675 1448 2790 1502 Non
2844 1465 3122 1518 possumus
3149 1491 3165 1515 ,
3215 1451 3414 1521 inquit,
3478 1461 3533 1504 et
3607 1451 3694 1504 hic

2116 1548 2172 1591 et
2193 1537 2300 1593 illic
2321 1539 2504 1609 requie
2527 1538 2629 1594 frui
2659 1556 2674 1593 :
2702 1555 2808 1595 non
2842 1556 3118 1610 pOSsumus
3147 1583 3162 1609 ,
3195 1541 3428 1611 inquam.

2190 1630 2498 1686 Sanctorum
2539 1633 2716 1686 ueteris
2761 1631 3064 1686 Testamenti
3115 1649 3373 1686 mmnw.
3408 1662 3476 1673 ——
3510 1630 3700 1702 quue

2115 1719 2245 1791 justi
2276 1723 2522 1777 vixerunt
2558 1722 2645 1777 hic
2686 1723 2850 1777 vitam
2888 1723 3159 1778 laboribus
3205 1723 3509 1778 obnoxiam.
3555 1723 3698 1790 Quid

2117 1813 2535 1885 igitur,inquis,
2567 1815 2877 1871 Abraham?
2928 1816 2996 1870 Et
3022 1817 3140 1886 quis
3188 1825 3294 1870 tam
3341 1817 3506 1870 multa
3560 1817 3698 1868 dura

2117 1920 2400 1976 perpessus
2427 1906 2548 1962 est?
2574 1907 2761 1961 Nonne
2785 1923 2814 1960 a
2845 1917 3066 1977 paterno
3090 1907 3367 1962 exsultavit
3393 1907 3543 1961 solo?
3563 1905 3703 1960 Non-

2121 2012 2191 2052 ne
2235 2012 2264 2051 a
2295 1998 2407 2052 suis
2448 1998 2695 2053 omnibus
2718 1997 2960 2053 divulsus
2986 1999 3100 2054 est?
3121 1998 3307 2053 Nonne
3336 1999 3386 2052 in
3419 1998 3703 2067 peregrina

2118 2087 2335 2158 regione
2381 2088 2574 2143 famem
2623 2090 2911 2144 sustinuit?
2955 2089 3144 2145 Nonne
3183 2089 3329 2144 velut
3375 2104 3500 2143 erro
3554 2089 3706 2156 quis-

2121 2180 2259 2248 piam
2289 2220 2305 2244 ,
2335 2179 2563 2236 subinde
2616 2183 2780 2236 vertit
2808 2181 2978 2236 solum
3006 2222 3020 2245 ,
3052 2196 3084 2235 a
3115 2180 3386 2250 Babylone
3433 2180 3483 2231 in
3531 2178 3707 2231 Meso-

2122 2271 2448 2338 potamiam,
2502 2270 2627 2326 inde
2675 2271 2729 2326 in
2773 2271 3148 2336 Palmstinam,
3194 2286 3377 2325 rursus
3433 2272 3575 2324 illinc
3649 2273 3704 2324 in

2121 2361 2412 2434 Egyptian
2435 2362 2587 2433 (Gen.
2612 2363 2699 2418 12.
2727 2374 2775 2418 et
2793 2363 2928 2434 sqq.)
2950 2363 2974 2417 Ἰ
3002 2365 3128 2431 Quis
3153 2365 3350 2419 referre
3373 2364 3539 2432 possit
3561 2363 3708 2416 bella

2121 2467 2242 2522 qua:
2277 2468 2374 2523 pro
2433 2468 2597 2508 uxore
2627 2493 2643 2519 ,
2689 2471 2810 2524 qua:
2860 2469 2983 2508 cum
3028 2453 3269 2509 barbaris
3327 2455 3529 2524 gessit?
3580 2455 3709 2522 quis

2121 2546 2358 2616 strages?
2382 2545 2499 2615 quis
2546 2557 2785 2615 cognata:
2811 2545 3023 2601 familiae
3071 2546 3483 2616 captivitatem?
3536 2545 3710 2614 Hujus

2121 2637 2332 2705 generis
2359 2637 2462 2690 alia
2491 2646 2615 2690 sunt
2664 2637 3084 2691 innumerabilia.
3131 2637 3265 2692 Cum
3305 2637 3467 2690 lilium
3517 2650 3710 2690 susce-

2128 2729 2324 2797 pisset,
2354 2743 2531 2782 nonne
2555 2728 2698 2798 quod
2746 2738 2828 2782 est
2853 2730 3088 2782 omnium
3117 2727 3345 2782 maxime
3369 2727 3712 2782 intolerabile

2125 2835 2407 2890 perpessus
2450 2828 2570 2886 est,
2619 2835 2740 2875 cum
2799 2820 2910 2874 suis
2966 2819 3132 2888 ipsius
3174 2820 3417 2874 manibus
3468 2829 3713 2872 mactare

2125 2911 2305 2982 jussus
2333 2949 2350 2978 ,
2378 2927 2535 2981 quem
2565 2911 2844 2966 adamabat
2868 2951 2884 2975 ,
2917 2925 3036 2966 eum
3075 2925 3236 2980 quem
3266 2909 3494 2964 habebat
3539 2910 3712 2963 caris-

2126 3003 2318 3058 simum
2363 3000 2524 3072 (Ibid.
2557 3001 2647 3072 22)
2669 3002 2692 3054 ?
2717 2999 2853 3066 Quin
2891 3011 2945 3055 et
2973 3001 3085 3070 ipse
3111 2999 3462 3054 immolandos
3513 2999 3662 3054 Isaae
3685 3039 3703 3061 ,

2130 3110 2309 3149 nonne
2341 3095 2487 3148 omni
2515 3109 2582 3149 ex
2631 3106 2780 3163 parte
2809 3107 3020 3161 semper
3065 3106 3095 3143 a
3123 3091 3357 3145 finitimis
3395 3090 3712 3154 vexabatur,

2127 3187 2262 3243 adeo
2328 3196 2385 3241 ut
2431 3195 2488 3241 et
2533 3201 2699 3240 uxore
2744 3184 3002 3254 spoliatus
3050 3181 3211 3238 fuerit
3256 3182 3712 3252 quemadmodum

2129 3290 2316 3350 pater,
2362 3287 2418 3333 et
2445 3286 2593 3331 tanto
2621 3286 2858 3346 tempore
2904 3277 3021 3329 sine
3049 3274 3231 3328 liberis
3268 3273 3552 3326 manserit?
3578 3272 3713 3340 Quid

2129 3386 2292 3442 porro
2318 3370 2480 3425 Jacob
2525 3370 2577 3423 in
2602 3370 2786 3439 patriis
2830 3367 3032 3422 (edibus
3061 3365 3318 3420 educatus
3337 3407 3354 3428 ,
3386 3381 3569 3418 nonne
3596 3381 3715 3432 gra-

2128 3463 2274 3516 viora
2296 3476 2452 3530 quam
2483 3474 2616 3514 avus
2644 3473 2927 3528 perpessus
2945 3457 3068 3512 est?
3095 3458 3174 3511 Ac
3198 3471 3267 3510 ne
3280 3456 3502 3524 singulis
3527 3471 3714 3509 recen-

2131 3553 2319 3608 sendis
2369 3552 2709 3621 prolixiorem
2737 3550 3020 3604 reddamus
3067 3548 3363 3602 orationem
3387 3588 3402 3611 ,
3431 3547 3560 3600 audi
3588 3546 3717 3615 quid

2130 3645 2196 3699 de
2242 3653 2347 3698 tota
2391 3644 2496 3698 vita
2522 3658 2616 3698 sua
2643 3642 2823 3697 dicat:
2848 3640 3012 3695 Pauci
3055 3649 3102 3693 et
3141 3639 3266 3692 mali
3304 3639 3413 3692 dies
3460 3638 3598 3700 mei,
3626 3654 3718 3690 nec

2136 3737 2444 3807 pertigerunt
2497 3736 2564 3788 ad
2617 3735 2724 3789 dies
2775 3744 2975 3804 patrum
3019 3748 3242 3786 meorum
3292 3730 3458 3801 (Ibid.
3488 3731 3580 3784 47.
3635 3730 3716 3799 9).

2138 3829 2422 3883 Enimvero
2459 3828 2504 3881 si
2534 3827 2654 3896 quis
2679 3827 2844 3879 filium
2874 3826 3205 3894 conspiceret
3244 3823 3298 3878 in
3328 3824 3480 3892 regio
3521 3823 3718 3876 throno

2132 3919 2400 3974 sedentem
2433 3958 2449 3985 ,
2494 3927 2550 3973 et
2592 3927 2733 3971 tanta
2761 3916 3022 3971 fruentem
3060 3916 3227 3986 gloria
3267 3929 3446 3969 annon
3488 3923 3714 3983 praeter-

2138 4013 2330 4066 itarum
2399 4010 2759 4065 calamitatum
2825 4005 3301 4062 oblivisceretur?
3383 4014 3560 4059 tamen
3631 4005 3718 4057 ille

2134 4103 2188 4157 in
2247 4112 2450 4156 tantum
2504 4111 2620 4156 erat
2662 4100 2816 4154 malis
2866 4109 3164 4153 maceratus
3195 4138 3212 4164 ,
3262 4105 3320 4152 ut
3369 4113 3438 4150 ne
3491 4097 3547 4150 in
3578 4105 3721 4150 tanta

2133 4193 2346 4260 quidem
2409 4191 2757 4262 prosperitate
2836 4190 3065 4259 potuerit
3139 4198 3506 4243 anteactorum
3597 4203 3714 4240 ma-

2135 4284 2308 4337 lorum
2359 4282 2622 4338 oblivisci.
2654 4281 2790 4349 Quid
2839 4292 3020 4335 autem
3063 4278 3275 4334 David?
3305 4279 3476 4345 Quam
3525 4279 3722 4332 multas

2141 4373 2392 4428 Sustinuit
2434 4373 2762 4440 tragmdias?
2803 4372 2995 4426 Annon
3021 4370 3206 4426 eadem
3227 4370 3358 4424 dicit
3383 4385 3505 4439 qua:
3531 4369 3723 4432 Jaeoh,

2139 4469 2277 4520 hunc
2303 4467 2354 4519 in
2411 4466 2626 4521 modum
2675 4465 2932 4534 loquens?
2960 4461 3084 4516 Dies
3133 4477 3383 4516 annorum
3432 4471 3727 4516 nostrorum

2138 4559 2190 4611 in
2213 4557 2336 4628 ipsis
2362 4559 2683 4627 septuaginta
2730 4556 2851 4610 anni
2897 4571 2915 4608 :
2943 4556 2989 4608 si
3021 4564 3198 4634 autem
3242 4555 3296 4608 in
3344 4553 3725 4624 potentatibus,

2144 4649 2395 4718 octoginta
2423 4649 2578 4712 anni,
2607 4656 2655 4700 et
2683 4647 2816 4716 quod
2842 4647 3061 4716 amplius
3081 4645 3286 4699 illorum
3315 4645 3460 4698 labor
3487 4660 3552 4697 ac
3570 4643 3728 4696 dolor

2140 4739 2311 4808 (Psal.
2349 4739 2437 4794 89.
2481 4739 2594 4801 10).
2623 4739 2760 4807 Quid
2805 4753 2933 4793 vero
3001 4736 3302 4792 Jeremias?
3342 4734 3532 4789 Nonne
3579 4735 3724 4788 diem

2140 4845 2250 4884 suae
2279 4830 2567 4884 nativitatis
2591 4839 2918 4894 exsecratur,
2945 4829 3015 4883 ob
3039 4828 3191 4882 malis
3231 4825 3576 4881 succcdentia
3618 4839 3725 4878 ma-

2142 4915 2346 4989 Ia(Jer.
2395 4921 2653 4992 20.14)?
2700 4921 2838 4988 Quid
2879 4928 3057 4974 autem
3107 4919 3279 4974 Moses
3324 4917 3488 4987 ipse?
3533 4915 3727 4970 Nonne

2140 5020 2373 5070 animum
2398 5015 2732 5084 despondens
2782 5017 2856 5070 ait
2883 5056 2896 5077 ,
2932 5015 3116 5069 Occide
3164 5033 3243 5069 me
3267 5058 3283 5077 ,
3331 5016 3376 5068 si
3423 5015 3502 5068 sic
3529 5030 3726 5067 mecum

2138 5117 2341 5159 acturus
2386 5116 2458 5160 est
2497 5105 2686 5174 (Num.
2717 5107 2802 5162 11.
2837 5108 2963 5175 15)?
2990 5105 3167 5159 Helias
3193 5121 3342 5171 vero,
3373 5106 3526 5173 cujus
3556 5107 3719 5159 animi

2146 5195 2446 5250 sublimitas
2477 5196 2540 5250 ad
2570 5197 2760 5254 cadum
2788 5211 2954 5266 usque
2987 5195 3312 5264 pertingebat
3334 5233 3352 5261 ,
3397 5194 3487 5263 qui
3529 5195 3721 5248 celum

2143 5286 2382 5355 clausit,
2427 5304 2601 5341 annon
2657 5297 2776 5356 post
2827 5289 2987 5341 multa
3041 5287 3181 5340 edita
3235 5287 3473 5355 prodigia
3523 5287 3722 5353 jngiter

2145 5384 2468 5438 lamentatur
2497 5382 2566 5434 ita
2615 5381 2838 5451 loquens
2870 5381 3013 5434 Deo:
3049 5379 3189 5432 Tolle
3235 5379 3456 5430 animum
3500 5394 3662 5429 mean:
3692 5393 3721 5427 α

2146 5489 2385 5528 memon
2410 5489 2522 5527 sum
2573 5471 2748 5526 melior
2776 5470 3003 5540 patribus
3037 5470 3160 5523 meis
3208 5469 3283 5538 (3.
3334 5467 3460 5538 Reg.
3499 5467 3586 5521 19.
3617 5469 3720 5530 4ὶῖ

2147 5565 2251 5619 S‘ed
2278 5573 2530 5634 quorsum
2581 5563 2770 5617 attinet
2796 5563 2894 5614 ista
2922 5561 3223 5630 singulatim
3271 5558 3562 5629 persequi?
3587 5558 3718 5612 Pau—

2154 5660 2233 5710 lus
2262 5671 2447 5710 omnes
2475 5654 2631 5708 simul
2672 5652 2979 5722 complexus
3007 5654 3080 5707 sic
3107 5651 3232 5705 dicit
3268 5667 3277 5702 :
3310 5648 3634 5704 Circuierunt
3675 5664 3726 5700 in
