3862 6228
261 255 393 311 1005

252 371 363 427 ἀπὸ
393 373 492 442 τῆς
528 371 877 438 ἀνεξικακίας
901 374 1269 448 ὠφελούμενοι
1298 377 1393 431 τοῦ
1423 378 1582 445 Θεοῦ,
1616 379 1834 450 μείζονα

253 456 528 509 ὑποστῶσι
558 457 657 524 τὴν
698 459 967 528 τιμωρίαν
1012 459 1099 512 διὰ
1139 463 1238 529 τὴν
1272 462 1410 530 ἄγαν
1443 463 1621 516 αὐτῶν
1665 479 1836 517 κατα-

253 541 533 610 φρόνησιν.
564 541 625 591 Εἰ
671 540 728 593 δὲ
761 539 906 607 λέγοι
936 559 1020 604 τις
1051 543 1163 596 τῶν
1205 540 1264 597 εὖ
1301 545 1520 597 εἰδότων
1555 548 1636 599 ὅτι
1667 547 1716 598 οί
1748 563 1839 598 κο-

251 621 541 690 λαζόμενοι
581 623 976 693 ἐπηρεάζονται
1006 625 1285 694 (ἠδύναντο
1315 627 1426 697 γάρ
1455 629 1834 698 μετανοῆσαι),

251 708 428 759 ἐκεῖνο
476 706 541 759 ἀν
593 708 862 778 εἴποιμεν,
893 709 974 762 ὅτι
1033 711 1082 764 εἰ
1125 711 1346 782 προῄδει
1402 713 1836 782 μετανοήσοντας

251 789 448 851 αὐτοὺς
491 791 518 842 6
559 790 710 851 Θεὸς,
743 793 843 845 ούκ
886 791 952 845 ἂν
984 792 1258 846 ἐκόλασεν.
1289 795 1352 846 Εἰ
1400 794 1510 865 γάρ
1547 793 1640 858 οὒς
1692 791 1835 849 οἶδεν

249 871 612 942 άδιορθὼτους
658 873 939 943 μένοντας,
976 876 1124 946 ὅμως
1168 877 1381 946 ἀφίησι,
1421 877 1601 949 πολλῷ
1634 878 1836 949 μᾶλλον

247 957 344 1020 οὓς
379 956 495 1028 ᾔδει
543 958 936 1028 κερδανοῦντας
980 960 1086 1013 ἀπὸ
1121 961 1220 1031 τῆς
1254 961 1418 1015 αὑτοῦ
1455 961 1837 1034 μακροθυμίας

249 1042 434 1094 εἴασεν
479 1040 545 1094 ἀν
576 1043 633 1094 ἐν
681 1043 747 1114 τῇ
783 1043 1030 1116 παρούσῃ
1060 1044 1194 1116 ζωῇ,
1220 1044 1359 1098 ὥστε
1390 1045 1700 1102 ἀπολαῦσαι
1735 1048 1836 1118 τῆς

251 1124 594 1195 προθεσμίας
634 1126 715 1189 εἰς
751 1127 1059 1197 μετάνοιαν.
1099 1129 1240 1182 Νυνί
1275 1129 1333 1182 δέ
1392 1129 1834 1203 προαναρπάζων

248 1209 468 1272 αὐτοὺς,
500 1209 774 1273 κάκείνοις
830 1211 1168 1282 κουφοτέραν
1208 1211 1306 1282 τὴν
1347 1214 1466 1266 ἐκεῖ
1494 1214 1650 1285 δίκην
1697 1213 1833 1267 καθ-

251 1291 461 1361 ίστησι,
497 1295 593 1347 καὶ
645 1294 869 1355 τούτους
921 1297 1400 1367 σωφρονεστέρους
1447 1300 1568 1362 ταῖς
1607 1298 1833 1351 ἐκείνων

245 1377 544 1448 τιμωρίαις
587 1379 1006 1451 κατεργάζεται.
1053 1381 1164 1433 Καὶ
1205 1381 1350 1444 τίνος
1390 1382 1576 1434 ἕνεκεν
1605 1382 1705 1435 οὐκ
1739 1383 1833 1435 ἐπὶ

246 1463 470 1515 πάντων
517 1463 677 1516 τοῦτο
714 1467 858 1516 ποιεί
906 1463 1016 1516 τῶν
1075 1465 1367 1534 πονηρῶν;
1408 1465 1527 1518 Ἵνα
1563 1465 1642 1536 τῷ
1681 1465 1833 1536 φόϐῳ

247 1548 344 1600 καὶ
374 1549 495 1609 ταῖς
538 1546 738 1616 ἐτέρων
770 1547 1062 1618 τιμωρίαις
1110 1549 1364 1617 μένοντες
1405 1550 1832 1621 σωφρονέστεροι

245 1630 539 1700 γένωνται.
575 1632 670 1684 καὶ
717 1631 815 1702 τὴν
865 1631 1250 1702 μακροθυμίαν
1302 1633 1690 1697 ἐπαινέσαντες
1736 1632 1832 1686 τοῦ

245 1714 382 1767 Θεοῦ
423 1714 519 1767 καὶ
557 1716 658 1784 τὴν
692 1715 993 1768 ἐπιείκειαν
1033 1715 1393 1780 αἰδεσθέντες,
1424 1717 1526 1787 τῆς
1564 1716 1834 1787 πονηρίας

244 1799 579 1852 ἀποστῶσιν.
617 1797 756 1851 ’Λλλ’
781 1799 932 1853 οὐδὲν
959 1796 1165 1852 τούτων
1195 1798 1428 1863 ποιοῦσι,
1463 1799 1647 1869 φησίν.
1689 1799 1829 1852 Ἀλλ’

241 1882 344 1952 οὐχ
379 1884 408 1936 ό
434 1881 566 1945 Θεὸς
610 1883 783 1946 αἴτιος
830 1883 1037 1946 λοιπὸν,
1080 1882 1195 1936 ἀλλ’
1242 1884 1274 1954 ή
1319 1883 1542 1936 ἐκείνων
1589 1882 1831 1954 ῥᾳθυμία

247 1967 325 2038 μὴ
354 1967 718 2038 βουληθέντων
746 1967 1020 2030 τοσούτοις
1048 1967 1361 2038 φαρμάκοις
1386 1969 1466 2030 εἰς
1495 1967 1592 2038 τὴν
1624 1967 1839 2021 οἰκείαν

243 2049 662 2120 ἀποχρήσασθαι
686 2050 980 2121 σωτηρίαν.
1014 2049 1119 2103 Καὶ
1148 2052 1236 2104 ἵνα
1267 2049 1543 2121 μάθηςὸτι
1564 2050 1654 2103 διὰ
1674 2049 1833 2104 τοῦτο

241 2133 405 2186 τοῦτο
435 2137 597 2195 ποιεῖ,
623 2134 860 2204 πρόσεχε
885 2140 928 2186 ⁸.
962 2131 1156 2203 Ἔμιξέ
1179 2151 1308 2188 ποτε
1341 2134 1401 2186 τὸ
1426 2127 1566 2204 αἷμα
1589 2133 1698 2186 τῶν
1725 2133 1831 2186 Γα-

243 2214 467 2271 λιλαίων
503 2219 532 2269 6
567 2216 799 2280 Πιλᾶτος
831 2218 970 2287 μετὰ
996 2217 1105 2270 τῶν
1131 2216 1357 2279 θυσιῶν,
1391 2217 1486 2270 καὶ
1509 2217 1832 2288 προσελθόν-

241 2319 337 2365 τες
369 2302 513 2365 τινὲς
539 2303 883 2372 ἀπήγγειλαν
900 2301 976 2372 τῷ
997 2301 1218 2372 Χριστῷ
1243 2301 1375 2354 αύτὸ
1396 2301 1555 2354 τοῦτο
1574 2319 1586 2332 ·
1621 2303 1716 2355 καὶ
1745 2301 1832 2355 λέ-

241 2401 360 2454 γει’
397 2387 460 2439 Τί
483 2385 715 2439 δοκεῖτε
730 2386 819 2439 ὅτι
845 2385 1063 2440 ἐκεῖνοι
1090 2389 1142 2440 οἱ
1159 2386 1474 2439 Γαλιλαῖοι
1494 2386 1832 2454 ἁμαρτωλοὶ

234 2470 412 2539 μόνοι
442 2465 644 2540 ἦσαν;
668 2470 836 2538 Οὐχὶ,
870 2469 1026 2540 λέγω
1064 2470 1207 2539 ὑμῖν
1228 2487 1240 2499 ·
1278 2471 1418 2523 ἀλλ’
1438 2508 1453 2531 ,
1482 2470 1592 2523 ἐὰν
1613 2469 1701 2539 μὴ
1726 2488 1832 2538 με·

241 2554 602 2622 τανοήσητε,
629 2555 728 2607 καὶ
758 2553 929 2623 ὑμεῖς
960 2555 1176 2623 ὁμοίως
1203 2553 1552 2609 ἀπολεῖσθε.
1604 2555 1774 2610 Πάλιν
1801 2557 1830 2596 b

240 2638 421 2710 ἕτεροι
443 2638 576 2692 δέκα
605 2641 698 2691 καὶ
731 2637 876 2691 ὀκτὼ
913 2637 1341 2708 κατεχώσθησαν
1368 2637 1473 2690 ὑπὸ
1513 2637 1726 2710 πύργου
1750 2657 1832 2693 τι-

239 2722 332 2786 νός
355 2739 368 2751 ·
401 2721 496 2774 καὶ
544 2722 674 2792 περὶ
722 2721 948 2774 ἐκείνων
987 2722 1057 2773 τά
1098 2719 1239 2774 αὐτὰ
1268 2717 1390 2774 εἷπε
1415 2737 1428 2750 ·
1490 2721 1568 2791 τῷ
1599 2724 1696 2793 μὲν
1723 2723 1831 2794 γὰρ

242 2807 438 2867 εἰπεῖν,
468 2804 536 2858 Τί
564 2804 792 2858 δοκεῖτε
815 2805 903 2857 ὅτι
932 2804 1150 2857 ἐκεῖνοι
1175 2804 1514 2872 ἁμαρτωλοὶ
1542 2804 1708 2873 ἦσαν
1731 2808 1831 2874 μό-

239 2889 565 2957 νον;οὐχὶ,
621 2888 776 2958 λέγω
819 2889 994 2958 ὑμῖν·
1039 2889 1242 2955 ἔδειξεν
1297 2890 1380 2943 ὅτι
1408 2891 1502 2943 καὶ
1543 2891 1593 2942 οἱ
1629 2889 1830 2954 ζῶντες

239 2973 351 3025 τῶν
383 2973 562 3026 αὐτῶν
590 2968 730 3043 ἦσαν
759 2972 1079 3026 ὑπεύθυνον
1112 2973 1190 3042 τῷ
1217 2973 1275 3025 δέ
1309 2975 1482 3026 εἰπεῖν
1508 3013 1522 3033 ,
1559 2973 1641 3025 ὅτι
1688 2973 1829 3026 Ἐὰν

236 3056 323 3126 μὴ
340 3056 777 3126 μετανοήσητε.
812 3057 909 3111 καὶ
948 3055 1118 3126 ὑμεῖς
1149 3057 1434 3122 ὡσαύτως
1475 3056 1824 3122 ἀπολεῖσθε,

240 3142 444 3206 ἔδειξεν
477 3142 559 3194 ὃτι
586 3141 860 3204 κάκείνοις
898 3139 1246 3212 συνεχώρησε
1273 3139 1363 3193 διὰ
1388 3139 1549 3192 τοῦτο
1595 3140 1824 3201 παθεῖν,

241 3224 332 3277 ἵνα
359 3226 406 3277 οἰ
434 3223 636 3290 ζῶντες
669 3227 734 3277 ἐκ
761 3224 866 3277 τῶν
888 3224 1096 3296 ἐτέροις
1135 3222 1460 3293 συμϐάντων
1495 3222 1828 3292 φοϐηθέντες

241 3309 338 3360 καὶ
373 3309 836 3377 μετανοήσαντες,
868 3305 1142 3376 βασιλείας
1175 3304 1503 3377 κληρονόμοι
1539 3305 1822 3373 γένωνται.

241 3391 308 3442 Τί
337 3388 429 3444 οὖν
452 3435 464 3446 .
502 3393 588 3444 ἵνα
615 3393 862 3462 γένωμαι
886 3391 998 3459 ἐγὼ
1020 3391 1246 3462 βελτίων
1278 3393 1488 3454 ἐκεῖνος
1521 3387 1826 3453 κολᾴζεται;

244 3476 410 3545 φησίν
435 3493 449 3539 ;
488 3478 561 3528 Ού
585 3475 674 3528 διά
695 3475 872 3540 τοῦτο,
905 3475 1039 3528 ἀλλά
1065 3473 1356 3538 κολάζεται
1390 3473 1491 3544 μὲν
1513 3471 1602 3525 διά
1625 3473 1724 3544 τὴν
1745 3475 1824 3526 οἰ-

243 3561 396 3613 κείαν
426 3559 700 3630 ἁμαρτίαν
718 3577 734 3591 ο
763 3559 973 3627 γίνεται
1002 3559 1058 3612 δέ
1086 3559 1151 3611 ἐκ
1173 3557 1490 3629 περιουσίας
1511 3559 1624 3620 τοῖς
1652 3575 1824 3628 προσ-

241 3645 427 3714 έχουσι
462 3643 732 3715 σωτηρίας
755 3643 1013 3704 ὑπόθεσις
1031 3683 1047 3706 ,
1075 3641 1152 3713 τῷ
1191 3643 1342 3714 φόϐῳ
1375 3641 1485 3695 τῶν
1509 3640 1658 3711 αὐτῷ
1685 3658 1825 3712 συμ-

241 3727 454 3781 ϐάντων
484 3728 936 3798 σπουδαιοτέρους
963 3727 1161 3790 αὐτοὺς
1201 3725 1393 3780 ποιῶν.
1441 3724 1597 3778 Οὕτω
1623 3726 1718 3777 καὶ
1739 3725 1825 3776 δε-

243 3812 440 3865 σπόται
468 3811 714 3865 ποιοῦσιν
733 3829 747 3842 ο
779 3811 877 3864 ἐνα
908 3810 1168 3873 πολλάκις
1211 3807 1658 3880 μαστιγώσαντες
1679 3808 1827 3861 οἰκέ-

239 3912 359 3965 την,
391 3896 516 3957 τοῦς
531 3896 749 3958 λοιποὺς
771 3894 1244 3965 σωφρονεστέρους
1271 3891 1538 3962 ἐποίησαν
1552 3891 1630 3962 τῷ
1653 3891 1822 3961 φόϐῳ.

245 3979 413 4032 Ὅταν
439 3975 532 4032 οὖν
554 3979 667 4050 ἴδῃς
688 3978 840 4040 τινάς
869 3979 902 4049 ἢ
930 3978 1178 4048 ναυαγίῳ
1208 3976 1629 4047 περιπεσόντας,
1657 3975 1690 4045 ἢ
1721 3976 1826 4027 ὑπὸ

239 4063 420 4126 οἰκίας
455 4062 932 4132 καταχωσθέντας,
965 4063 999 4133 ἢ
1033 4061 1137 4115 ὑπὸ
1159 4060 1495 4132 ἐμπρησμοῦ
1543 4059 1826 4130 παραπολ-

240 4146 526 4218 λυμένους,
549 4147 582 4219 ἢ
609 4147 713 4200 ὑπὸ
740 4147 1004 4216 ποταμῶν
1027 4145 1468 4216 παρασυρέντας,
1491 4144 1525 4214 ἦ
1548 4144 1694 4215 ἄλλῳ
1717 4145 1825 4196 τινὶ

239 4232 426 4302 τρόπῳ
446 4232 674 4302 τοιούτῳ
703 4230 865 4301 βιαίῳ
891 4232 990 4301 τὴν
1034 4229 1179 4300 ζωὴν
1225 4226 1659 4290 καταλύσαντας,
1705 4223 1824 4280 εἶτα

239 4314 459 4387 ἐτέρους
480 4315 548 4368 τά
572 4314 712 4369 αύτά
749 4315 931 4378 αὐτοῖς
960 4314 993 4386 ἦ
1025 4315 1119 4367 καὶ
1143 4312 1213 4366 τά
1242 4313 1461 4383 χείρονα
1485 4313 1824 4385 ἁμαρτάνονα

236 4417 356 4464 τας,
383 4399 479 4452 καὶ
510 4399 676 4469 μηδὲν
700 4399 974 4462 παθόντας
1001 4397 1268 4462 τοιοῦτον,
1307 4397 1382 4468 μὴ
1413 4395 1720 4467 θορυϐηθῇς
1743 4395 1826 4448 λέ-

237 4500 372 4552 γων’
399 4483 464 4535 Τί
513 4483 716 4554 δήποτε
745 4484 814 4536 τά
839 4482 978 4536 αὐτὰ
1025 4481 1458 4554 ἁμαρτάνοντες,
1485 4480 1546 4532 ού
1580 4479 1646 4532 τὰ
1686 4479 1826 4532 αύτά

237 4568 612 4634 πεπόνθασιν;
643 4568 779 4621 ἀλλὰ
805 4567 962 4621 τοῦτο
991 4565 1232 4635 λογίζου,
1271 4565 1354 4618 ὃτι
1389 4564 1482 4617 τὸν
1515 4564 1612 4634 μὲν
1640 4563 1823 4616 εἴασεν

236 4652 588 4724 ἀναιρεθῆναι
611 4653 706 4706 καὶ
729 4650 1120 4720 ἀποπνιγῆναι,
1145 4647 1507 4720 ἡμερωτέραν
1541 4647 1691 4718 αὐτῷ
1715 4664 1822 4700 πα-

239 4737 590 4805 ρασκευάζων
617 4747 638 4774 ο
666 4736 766 4806 τὴν
789 4737 907 4788 ἐκεῖ
928 4733 1224 4804 τιμωρίαν,
1253 4733 1286 4802 ἢ
1315 4732 1410 4784 καὶ
1440 4730 1624 4783 τέλεον
1655 4732 1818 4784 αὑτὸν

190 4865 199 4879 .
241 4821 621 4876 ἀπαλλάττων·
650 4819 838 4872 τοῦτον
867 4818 924 4872 δὲ
953 4817 1105 4870 οὐδὲν
1129 4817 1307 4885 ἀφῆκε
1328 4813 1567 4868 τοιοῦτον
1603 4815 1814 4881 παθεῖν,

236 4907 323 4958 ἵνα
358 4907 422 4976 τῇ
450 4903 641 4958 τούτου
669 4902 912 4973 τιμωρίᾳ
953 4899 1342 4971 σωφρονισθείς
1361 4939 1376 4962 ,
1417 4899 1820 4969 ἐπιεικέστερος

238 4990 461 5058 γένηται
481 5006 494 5019 ο
527 4988 594 5041 ἂν
619 4987 678 5040 δέ
707 4985 944 5056 ἐπιμένῃ
967 4986 1079 5046 τοῖς
1113 4985 1297 5045 αὐτοῖς
1323 5023 1337 5046 ,
1381 4980 1821 5052 ἀπαραμύθητον

234 5073 414 5142 ἐαυτῷ
445 5073 600 5143 παρά
651 5074 764 5134 τοῖς
792 5069 988 5123 ἐαυτοῦ
1030 5067 1182 5139 [749]
1231 5067 1506 5138 ῥᾳθυμίας
1555 5065 1820 5135 σωρεύσει

237 5158 332 5227 τὴν
361 5157 631 5227 τιμωρίαν
650 5170 664 5184 °
695 5155 791 5207 καὶ
839 5154 870 5205 6
899 5153 1031 5215 Θεὸς
1063 5151 1164 5203 ούκ
1192 5151 1364 5213 αἴτιος
1410 5150 1511 5220 τῆς
1541 5150 1818 5220 ἀφορήτου

235 5240 528 5302 κολάσεως.
588 5238 755 5292 Πάλιν
812 5236 878 5290 ἀν
910 5235 1024 5308 ἴδῃς
1071 5235 1281 5288 δίκαιον
1319 5235 1655 5304 θλιϐόμενον,
1689 5234 1720 5304 ἢ
1755 5233 1821 5287 τά

235 5324 610 5395 προειρημένα
635 5323 852 5376 ἅπαντα
881 5321 1182 5390 πάσχοντα,
1215 5319 1289 5389 μὴ
1331 5319 1650 5390 καταπέσῃς
1672 5334 1684 5346 ·
1725 5317 1819 5369 καὶ

229 5417 343 5478 γαρ
367 5408 606 5478 κάκείνῳ
637 5405 1054 5477 λαμπροτέρους
1084 5407 1212 5467 τοὺς
1256 5404 1554 5473 στεφάνους
1591 5404 1818 5474 ἐργάξε-

295 5576 324 5605 ι
347 5575 717 5636 Πρόσεχεόορςι
739 5573 786 5622 in
808 5574 1001 5622 duobus
1021 5587 1137 5621 mss.

295 5592 324 5605 ἰ
347 5592 386 5623 ιι
421 5592 717 5636 οσεγεαεειιςι
739 5592 786 5622 In
808 5592 1001 5622 (IIIODUS
1021 5592 1137 5621 mss.

291 5637 323 5680 1³
348 5592 446 5688 Α.ῧί
465 5629 544 5686 καί
563 5639 692 5699 ὑμεῖς
710 5638 769 5684 τά
788 5637 907 5684 αὺτά
927 5638 1271 5699 ὑποστήσεσθε,
1294 5636 1443 5682 πάλιν.

298 5706 320 5732 θ
345 5703 440 5749 Alii
462 5707 514 5747 et
536 5698 682 5748 Sa'vil.
714 5700 760 5745 ill
782 5713 932 5758 marg.
960 5698 1342 5752 κατασκευάζων.

297 5762 324 5804 ἀ
355 5765 449 5811 Alii
471 5762 614 5810 δεινά·
645 5762 830 5817 καὶγὰρ
856 5761 1054 5818 τιμωρία
1075 5767 1224 5817 πᾶσα,
1251 5761 1304 5804 ἀν
1331 5761 1425 5816 μέν.

1451 264 1540 322 DE
1576 265 1858 322 LALARO
1899 267 2150 325 CONCIO
2189 269 2278 324 Ill.

3390 265 3527 322 1004

1943 399 2032 436 ται
2064 383 2134 437 τά
2159 381 2329 436 δεινά.
2354 383 2464 435 Καὶ
2496 381 2684 447 ἁπλῶς
2709 385 2859 438 πᾶσα
2881 384 3123 449 κόλασις,
3152 384 3220 438 ἂν
3247 375 3349 455 μέθ
3365 383 3392 421 ά
3429 385 3524 440 ἐπὶ

1943 466 2284 538 ἁμαρτωλῶν
2306 466 2548 537 γίνηται,
2599 468 2962 539 ὑποτέμνεται
3015 471 3075 522 τὸ
3100 470 3199 539 τῆς
3249 467 3526 540 ἆμαρτίας

1941 549 2160 620 φορτίον
2179 567 2192 580 ·
2217 549 2284 604 ἀν
2303 549 2361 603 δὲ
2383 550 2476 603 ἐπὶ
2501 552 2747 616 δικαίων,
2775 553 3137 624 φαιδροτέραν
3156 553 3335 606 αὐτῶν
3357 553 3526 623 ἐργά-

1939 633 2094 698 ζεται
2122 633 2222 705 τὴν
2254 633 2453 706 ψυχὴν,
2485 635 2581 688 καὶ
2617 635 2873 706 μέγιστον
2923 637 3210 707 ἑκατέροις
3245 636 3305 688 τὸ
3335 635 3526 707 κέρδος

1940 717 2048 770 ἀπὸ
2071 717 2170 786 τῆς
2221 716 2455 788 θλίψεως
2513 718 2823 790 συμϐαίνει,
2874 719 3036 790 μόνον
3061 721 3158 772 ἐὰν
3186 719 3526 791 εὐχαρίστως

1939 801 2230 872 φέρωμεν*
2260 799 2418 855 τοῦτο
2449 801 2559 872 γάρ
2587 803 2704 854 ἐστι
2724 801 2785 854 τὸ
2818 801 3173 873 ζητούμενον.

2010 929 2076 990 θ’.
2098 933 2197 988 Διά
2225 933 2382 988 τοῦτο
2408 935 2617 1006 μυρίων
2646 935 2902 989 τοιούτων
2933 937 3398 1008 παραδειγμάτων
3424 942 3526 1010 τῆς

1937 1014 2091 1079 θείας
2118 1016 2343 1088 Γραφῆς
2367 1020 2400 1088 ή
2433 1018 2644 1090 ἱστορία
2681 1030 2705 1058 θ
2728 1019 3138 1092 ἐμπέπλησται,
3158 1023 3253 1075 καὶ
3279 1022 3526 1087 δικαίους

1937 1100 2030 1152 καὶ
2054 1101 2324 1170 πονηροὺς
2359 1101 2547 1163 κακῶς
2591 1103 2900 1174 πάσχοντας
2949 1105 3084 1173 ἡμῖν
3122 1104 3520 1168 ὑποδείκνυσιν,

1937 1183 2026 1237 ἵνα
2053 1182 2118 1237 ἀν
2141 1201 2200 1236 τε
2226 1183 2431 1246 δίκαιος
2517 1201 2622 1248 τις,
2648 1184 2714 1238 ἀν
2748 1202 2806 1237 τε
2866 1185 3214 1258 ἁμαρτωλὸς,
3270 1188 3410 1258 ἔχων
3455 1189 3525 1242 τὰ

1937 1267 2333 1336 ὑποδείγματα,
2370 1268 2511 1340 φέρῃ
2550 1268 2832 1337 γενναίως.
2865 1271 2938 1322 Οὐ
2977 1270 3283 1342 πάσχοντας
3321 1273 3376 1325 δέ
3419 1291 3521 1326 κα-

1937 1349 2050 1414 κῶς
2079 1349 2258 1420 μόνον,
2287 1350 2424 1402 ἀλλά
2453 1351 2547 1404 καὶ
2581 1350 2998 1422 εύπραγοῦντάς
3028 1371 3110 1406 σοι
3147 1354 3384 1408 δείκνυσι
3427 1373 3524 1408 πο-

1935 1435 2154 1505 νηροὺς,
2182 1433 2268 1485 ἵνα
2302 1433 2376 1504 μὴ
2402 1437 2525 1496 ταῖς
2565 1435 2790 1487 ἐκείνων
2817 1435 3146 1507 εὐπραγίαις
3193 1438 3521 1510 θορυϐηθῇς,

1940 1515 2126 1587 μαθὼν
2163 1517 2272 1570 ἀπὸ
2302 1517 2410 1570 τῶν
2449 1517 2528 1588 τῷ
2565 1517 2806 1588 πλουσίῳ
2843 1520 3019 1589 τούτῳ
3069 1521 3522 1592 συμϐεϐηκότων,

1934 1593 2046 1652 οἷον
2073 1601 2272 1664 αὐτοὺς
2307 1600 2446 1669 μετά
2485 1600 2658 1655 ταῦτα
2693 1601 2844 1671 μένει
2874 1602 2936 1655 τὸ
2981 1602 3114 1676 πῦρ,
3144 1604 3194 1656 εί
3243 1605 3318 1675 μὴ
3355 1623 3521 1674 μετα-

1936 1681 2190 1752 ϐληθεῖεν
2227 1682 2273 1734 τ.
2301 1684 2412 1736 Καὶ
2435 1685 2537 1738 οὐκ
2556 1684 2693 1743 ἔστι,
2727 1685 2883 1755 φησι,
2911 1685 3006 1738 καὶ
3029 1686 3266 1741 ἐνταῦθα
3294 1690 3389 1741 καὶ
3409 1690 3526 1742 ἐκεῖ

1938 1765 2174 1830 ἀνέσεως
2205 1767 2540 1834 ἀπολαύειν;
2579 1769 2692 1821 Ούκ
2715 1768 2851 1823 ἐστι.

2006 1905 2107 1959 Διά
2136 1905 2296 1959 τοῦτο
2322 1907 2559 1962 ἐνταῦθα
2580 1909 2630 1961 οἰ
2649 1907 2846 1961 δίκαιοι
2875 1908 2968 1962 τὸν
2995 1909 3256 1964 ἐπίπονον
3287 1909 3526 1966 ἐϐίωσαν

1941 1988 2075 2060 βίον.
2113 1990 2180 2043 Τί
2209 1985 2336 2054 οὖν,
2389 1991 2575 2062 φησὶν,
2610 1994 2638 2044 6
2678 1993 2963 2063 ’Δϐραάμ;
3006 1993 3117 2047 Καὶ
3152 1993 3239 2056 τίς
3286 1993 3526 2048 τοσαῦτα

1934 2073 2106 2127 ἔπαθε
2131 2073 2313 2143 δεινά;
2338 2076 2458 2146 οὐχ).
2489 2076 2590 2146 τῆς
2612 2078 2873 2148 πατρίδος
2909 2077 3204 2144 ἐξέπεσενς
3250 2078 3374 2150 οὐχὶ
3414 2079 3525 2131 τῶν

1933 2158 2154 2211 οἰκείων
2182 2158 2456 2232 ἐχωρίσθη
2480 2159 2734 2224 πάντων;
2765 2160 2866 2213 οὐκ
2895 2162 2953 2212 ἐν
2978 2161 3236 2232 ἀλλοτρίᾳ
3263 2164 3334 2232 γῇ
3367 2161 3525 2232 λιμὸν

1934 2240 2260 2312 ὑπέμεινεν;
2288 2242 2430 2311 οὐχὶ,
2468 2243 2722 2314 καθάπερ
2773 2243 3001 2315 ἀλήτης,
3039 2245 3280 2316 συνεχῶς
3324 2263 3523 2316 μεταν-

1937 2325 2124 2379 ίστατο
2143 2369 2158 2391 ,
2187 2325 2297 2379 ἀπὸ
2335 2326 2653 2390 Βαϐυλῶνος
2681 2329 2763 2390 εἰς
2788 2329 3241 2400 Μεσοποταμίαν,
3270 2331 3526 2384 κάκεῖθεν

1933 2410 2013 2473 είς
2041 2410 2432 2480 Παλαιστίνην,
2466 2407 2586 2464 εἶτα
2607 2410 2858 2464 ἐντεῦθεν
2884 2412 2966 2475 εἰς
3002 2412 3319 2480 Αἵγυπτον;
3353 2412 3418 2466 Τί
3459 2414 3527 2468 άν

1931 2509 2016 2556 τις
2048 2495 2194 2546 εῐποι
2221 2493 2348 2557 τοὺς
2370 2493 2473 2564 τῆς
2493 2492 2777 2562 γυναικὸς,
2800 2494 2927 2556 τοὺς
2954 2494 3064 2548 τῶν
3097 2494 3390 2568 βαρϐάρων
3423 2513 3524 2548 πο-

1932 2573 2133 2645 λέμους
2161 2575 2258 2629 καὶ
2290 2576 2505 2645 σφαγάς
2525 2591 2540 2638 ;
2557 2577 2656 2646 τὴν
2678 2574 3056 2646 αἰχμαλωσίαν
3082 2578 3183 2648 τῆς
3204 2576 3298 2631 τοῦ
3328 2595 3526 2646 συγγε-

1934 2657 2058 2720 νοῦς
2095 2657 2299 2723 οἰκίας;
2333 2659 2504 2729 μυρία
2529 2658 2693 2729 ἕτερα
2723 2657 2986 2724 τοιαῦτα;
3019 2660 3150 2714 Ὅτε
3188 2661 3246 2713 δὲ
3288 2663 3384 2714 καὶ
3431 2661 3527 2714 τὸν

1933 2740 2046 2793 υἰὸν
2079 2741 2292 2806 ἐλαϐεν,
2321 2743 2384 2794 ού
2420 2741 2488 2795 τά
2522 2743 2740 2796 πάντων
2787 2742 3064 2812 ἀνήκεστα
3108 2743 3395 2814 ὑπέμεινε,
3431 2744 3525 2796 τὸν

1932 2823 2082 2894 αὐτῷ
2112 2824 2362 2878 ποθεινὸν
2379 2825 2471 2878 καὶ
2494 2825 2796 2896 ἐπέραστον
2818 2827 2940 2888 ταῖς
2956 2825 3124 2879 αὐτοῦ
3149 2826 3347 2894 σφάξαι
3367 2844 3425 2898 χε
3436 2829 3526 2898 ρσὶ

1930 2907 2316 2978 κελευόμενος;
2345 2909 2411 2962 Τί
2442 2908 2500 2962 δὲ
2528 2908 2736 2972 αὐτὸςό
2758 2910 3120 2978 σφαγιασθείς
3154 2911 3375 2976 ⁹Ισαάκ;
3403 2912 3527 2981 οὐχὶ

1933 2990 2200 3044 πάντοθεν
2230 2991 2494 3058 ἠλαύνετο
2525 2994 2676 3064 παρὰ
2707 2991 2818 3046 τῶν
2857 2993 3074 3065 ὁμόρων
3115 2995 3380 3065 συνεχῶς,
3429 2997 3525 3049 καὶ

1929 3075 2029 3146 τὴν
2059 3077 2293 3143 γυναῖκα
2319 3076 2593 3147 ἀφῃρέθη,
2628 3075 2882 3148 καθάπερ
2912 3079 3006 3131 καὶ
3025 3077 3053 3129 6
3077 3077 3284 3150 πατὴρ,
3330 3079 3424 3132 καὶ
3463 3081 3531 3131 ἐν

1930 3159 2162 3230 ἀπαιδίᾳ
2189 3160 2446 3213 τοσοῦτον
2473 3160 2712 3231 διέμεινε
2745 3161 2937 3233 χρόνον
2959 3178 2972 3227 ;
2997 3161 3062 3214 Τί
3085 3161 3143 3216 δὲ
3167 3164 3198 3216 6
3234 3161 3452 3225 Ἰακὼϐ,
3491 3163 3530 3214 ἀ

1928 3243 1987 3294 ἐν
2007 3242 2155 3312 οἰκίᾳ
2181 3242 2433 3313 τραφεὶς,
2465 3243 2590 3313 οὐχὶ
2625 3243 2721 3297 τοῦ
2755 3245 2982 3298 πάππου
3019 3243 3376 3316 χαλεπώτερα
3418 3246 3522 3297 ύπ-

1930 3323 2111 3394 έμεινε
2127 3341 2142 3389 ;
2158 3324 2262 3378 Καὶ
2284 3326 2371 3380 ἵνα
2395 3326 2472 3396 μὴ
2498 3326 2676 3380 πάντα
2689 3325 3088 3396 καταλέγοντες
3115 3327 3332 3399 μακρὸν
3352 3327 3522 3380 ποιῶο

1932 3425 2032 3478 μεν
2068 3409 2158 3463 τὸν
2205 3409 2384 3478 λόγον,
2444 3411 2678 3466 ἄκουσον
2730 3411 2782 3464 τί
2811 3429 2947 3482 φησι
2997 3412 3126 3483 περὶ
3170 3412 3271 3481 τῆς
3298 3412 3529 3482 άπάσηςϊ

1928 3492 2095 3547 αὑτοῦ
2126 3492 2303 3564 ζωῆςο
2335 3495 2549 3563 Μικραί
2581 3496 2683 3549 καί
2725 3497 2985 3564 πονηραὶ
3039 3498 3102 3549 αἱ
3136 3495 3352 3564 ἡμέραι
3375 3513 3520 3565 μου,

1927 3576 2027 3630 καὶ
2051 3578 2163 3631 οὐκ
2212 3578 2504 3647 ἀφίκοντο
2542 3582 2631 3646 εὶς
2656 3581 2768 3646 τὰς
2805 3580 3030 3650 ἡμέρας
3078 3581 3201 3634 τῶν
3245 3580 3536 3649 πατέρων·

1921 3678 2063 3730 μου.
2100 3660 2294 3715 Καίτοι
2321 3662 2405 3726 τίς
2433 3660 2556 3716 ἰδὼν
2587 3663 2701 3716 υἰὸν
2730 3663 2825 3717 ἐπὶ
2848 3663 3041 3734 θρόνου
3072 3663 3357 3734 βασιλικοῦ
3384 3663 3520 3716 καθυ

1927 3746 1958 3815 ή
1969 3763 2131 3816 μενον
2161 3746 2254 3798 καὶ
2283 3745 2555 3819 τοσαύτης
2587 3749 2930 3802 ἀπολαύοντα
2957 3749 3139 3818 δόξης,
3168 3749 3270 3802 οὐκ
3319 3748 3385 3802 ἂν
3420 3751 3521 3802 ἐπα

1927 3829 2130 3900 ελήσθη
2143 3829 2254 3881 τῶν
2273 3830 2661 3901 παρελθουσῶν
2682 3832 3008 3903 συμφορῶν;
3047 3831 3187 3885 Ἀλλ’
3203 3833 3358 3903 ὅμως
3377 3833 3520 3884 ἐκεί-

1925 3929 2014 3975 νος
2039 3910 2213 3974 οὓτως
2241 3907 2310 3982 ἦν
2335 3902 2826 3986 τεταριχευμένος,
2855 3902 2931 3979 ὠς
2974 3917 3109 3986 μηδέ
3150 3919 3209 3968 ἐν
3243 3902 3528 3987 εὐημερία-

1924 3995 2164 4068 τοσαύτῃ
2185 3996 2540 4051 ἐπιλαθέσθαι
2571 3999 2679 4052 τῶν
2711 4000 3096 4070 γεγενημένων
3115 4000 3326 4054 δεινῶν.
3370 4001 3434 4050 Τί
3461 3998 3522 4050 δὲ

1925 4083 1953 4133 6
1991 4081 2192 4143 Δαυΐδ;
2223 4081 2398 4145 πόσας
2426 4083 2686 4153 ὑπέμεινε
2718 4084 3066 4156 τραγῳδίας;
3095 4085 3217 4156 οὐχὶ
3263 4083 3334 4137 τὰ
3377 4083 3521 4135 αύτά

1925 4163 2075 4234 αὐτῷ
2120 4165 2212 4218 καὶ
2263 4158 2419 4229 οὗτος
2467 4167 2762 4236 φθέγγεται
2811 4167 3018 4235 λέγων’
3046 4171 3118 4223 Αἱ
3155 4167 3367 4236 ἡμέραι
3399 4166 3518 4220 τῶν

1925 4245 2076 4300 ἑτῶν
2101 4247 2270 4317 ἡμῶν
2299 4250 2369 4301 ἐν
2397 4249 2602 4315 αὐτοῖς
2629 4250 3040 4318 ἐϐδομήκοντα
3066 4251 3173 4319 ἔτη
3190 4268 3204 4280 ·
3232 4250 3342 4303 ἐὰν
3359 4250 3429 4302 δὲ
3449 4250 3517 4302 ἐν

1924 4331 2330 4398 δυναστείαις,
2346 4333 2715 4402 ὀγδοήκοντα
2735 4335 2862 4401 ἐτη,
2883 4334 3058 4387 καὶτὸ
3082 4335 3296 4388 πλεῖον
3317 4333 3517 4386 αὐτῶν

1925 4415 2115 4481 κόπος
2139 4416 2237 4470 καὶ
2280 4418 2508 4483 adv-oc;
2540 4417 2605 4469 Τί
2633 4417 2691 4470 δέ
2717 4419 2746 4470 6
2774 4417 3076 4488 Ἱερεμίας;
3125 4418 3246 4488 οὐχὶ
3292 4418 3388 4470 καὶ
3413 4417 3522 4487 τὴν

1924 4498 2138 4569 ἡμέραν
2155 4498 2320 4552 αὐτοῦ
2339 4500 2437 4568 τῆς
2454 4501 2763 4570 γεννήσεως
2791 4502 3100 4570 καταρᾶται
3137 4501 3227 4554 διά
3247 4499 3318 4553 τά
3342 4500 3515 4552 ἐπάλ-

1924 4581 2064 4653 ληλα
2095 4583 2272 4648 δεινά;
2305 4583 2370 4635 Τί
2396 4584 2454 4637 δέ
2480 4585 2509 4636 6
2537 4585 2778 4653 Μωῦσῆς
2801 4602 2816 4651 ;
2843 4585 2965 4654 οὐχὶ
2994 4585 3090 4637 καὶ
3121 4583 3284 4648 αὐτὸς
3311 4586 3516 4651 ἀπαγο-

1927 4665 2098 4736 ρεύων
2124 4669 2310 4736 φησὶν,
2355 4668 2743 4722 Ἀπόκτεινόν
2760 4686 2858 4738 με,
2880 4671 2930 4722 ει
2958 4668 3113 4722 οὕτω
3136 4686 3239 4738 μοι
3261 4668 3513 4737 μέλλεις

1923 4749 2150 4814 ποιεῐν;
2186 4751 2243 4803 'O
2280 4749 2339 4802 δὲ
2383 4750 2589 4815 Ἠλίας,
2620 4751 3066 4822 ήούρανομήκης
3092 4751 3261 4823 ψυχὴ,
3298 4750 3454 4823 [750]
3483 4754 3514 4803 6

1921 4835 2014 4889 τὸν
2047 4835 2278 4906 οὐρανὸν
2308 4833 2661 4899 ἀποκλείσας,
2689 4836 2751 4888 ού
2785 4835 2924 4906 μετά
2943 4835 3013 4888 τὰ
3040 4835 3211 4888 πολλὰ
3254 4835 3513 4906 θαύματα

1923 4917 2139 4990 θρηνῶν
2159 4918 2386 4971 διετέλει
2420 4919 2556 4988 πρὸς
2578 4919 2670 4971 τὸν
2698 4920 2863 4985 Θεὸν,
2914 4920 3092 4988 λέγων
3113 4961 3129 4986 ,
3181 4917 3361 4989 Ἀρυν-
3396 4918 3514 4987 τὴν

1921 5002 2138 5072 ψυχήν
2148 5021 2268 5072 μου
2286 5003 2389 5057 ἀπ’
2409 5002 2577 5073 ἐμοῦ,
2598 5003 2690 5057 ὅτι
2707 5005 2818 5058 οὐκ
2837 5005 2954 5074 εἰμί
2969 5005 3237 5069 βελτίων
3259 5003 3377 5058 τῶν
3398 5017 3510 5058 πα-

1920 5087 2108 5155 τέρων
2129 5104 2250 5154 μου
2281 5089 2334 5152 l3;
2373 5085 2483 5139 Καὶ
2526 5085 2577 5138 τί
2608 5087 2712 5158 χρὴ
2750 5087 2955 5142 τούτων
2987 5086 3220 5142 ἕκαστον
3261 5087 3506 5155 ἐπιέναις

1923 5171 2137 5232 Πάντας
2160 5169 2269 5240 γὰρ
2298 5170 2496 5233 αὐτοὺς
2519 5171 2658 5240 ὁμοῦ
2683 5172 2965 5226 συλλαϐὼν
2994 5174 3023 5225 6
3045 5171 3258 5234 Παῦλος
3285 5170 3507 5236 διέξεισι

1922 5253 2120 5322 λέγων·
2161 5251 2496 5320 Περιῆλοον
2515 5254 2586 5307 ἐν
2607 5255 2936 5323 μηλωταῖς,
2969 5257 3042 5309 ἐν
3089 5256 3338 5325 αἰγείοις
3370 5253 3505 5324 δέρη

1915 5356 2126 5408 μασιν,
2146 5339 2596 5407 ὑστερούμενοι,
2623 5340 2982 5409 θλιϐόμενοι,
3009 5339 3503 5406 κακουχούμενοι,

1919 5417 2007 5476 ὧν
2029 5424 2141 5476 οὐκ
2170 5418 2250 5492 ἦν
2269 5422 2442 5489 ἄξιος
2470 5425 2503 5476 ὀ
2532 5424 2780 5492 κόσμος.
2815 5426 2925 5478 Καὶ
2948 5423 3131 5487 ἁπλῶς
3156 5424 3307 5477 πᾶσα
3338 5422 3505 5492 ἀνάγ·

1990 5640 2011 5700 ῗ
2035 5635 2128 5700 Alii
2149 5639 2178 5691 ἡ
2204 5639 2296 5682 τῶν
2316 5635 2449 5683 θείων
2468 5640 2655 5700 γραφῶν
2675 5642 2769 5686 in.

1995 5696 2011 5732 τ
2046 5699 2159 5745 Post
2181 5696 2508 5758 μεταϐληθεῖεν
2533 5696 2613 5747 aiii
2631 5701 2812 5747 addunt
2839 5696 3060 5747 ἐντεῦθεν.

1994 5760 2017 5796 ε
2043 5759 2184 5810 Alius
2207 5760 2399 5820 βελτίων
2425 5763 2537 5811 ὑπὲρ
2563 5762 2669 5814 τοὺς
2692 5763 2891 5823 πατέρας
2911 5777 3023 5821 μου,
