3862 6228
343 247 484 306 1005

333 389 402 442 κη
438 370 532 424 τὸν
563 369 828 441 μέλλοντα
879 371 1197 442 εὐαρεστεῖν
1249 371 1328 442 τῷ
1373 372 1493 443 Θεῷ
1546 377 1642 426 καὶ
1701 371 1924 442 δόκιμον

332 453 473 510 εἶναι
505 457 600 508 καὶ
629 455 815 525 ἀγνὸν,
843 456 918 526 μὴ
943 455 1034 508 τὸν
1066 456 1253 510 ἄνετον
1283 457 1380 508 καὶ
1409 455 1576 526 ὐγρὸν
1611 455 1706 509 καὶ
1743 454 1925 508 διαλε-

333 537 568 610 λυμένον
606 537 826 592 διώκειν
855 538 989 609 βίον,
1025 538 1163 592 ἀλλά
1193 540 1284 592 τὸν
1301 539 1558 593 ἐπίπονον
1584 539 1680 593 καὶ¹
1708 537 1924 608 μόχθων

336 619 575 692 γέμοντα
605 622 815 676 πολλῶν
859 623 953 676 καὶ
993 621 1262 694 ἱδρώτων·
1293 623 1506 688 Οὐδείς
1547 622 1658 694 γὰρ
1704 637 1926 690 στεφα-

333 703 567 767 νοῦται,
597 707 783 776 φησὶν,
819 705 928 759 ἐὰν
947 705 1033 775 μὴ
1059 706 1324 775 νομίμως
1357 705 1623 775 ἀθλήσῃ.
1664 706 1776 758 Καὶ
1809 705 1927 758 ἐτέ-

339 790 494 859 ρωθι,
518 789 642 855 Πᾶς
657 789 724 843 δὲ
743 793 775 843 ό
797 788 1236 860 ἀγωνιζόμενος
1261 789 1459 844 πάντα
1487 789 1922 860 ἐγκρατεύεται,

335 869 436 923 καὶ
455 871 574 926 ἀπὸ
595 871 886 942 ῥήματος,
913 875 1067 945 φησὶ,
1105 873 1207 928 καὶ
1242 873 1360 933 ἀπὸ
1402 871 1773 942 βλέμματος,
1824 870 1927 925 καὶ

334 957 452 1010 ἀπὸ
473 957 681 1026 φωνῆς
702 955 984 1026 αἰσχρᾶς,
1017 959 1116 1014 καὶ
1143 957 1264 1014 ἀπὸ
1306 957 1632 1026 λοιδορίας,
1672 955 1772 1010 καὶ
1806 956 1926 1010 ἀπὸ

339 1040 752 1109 βλασφημίας,
805 1040 905 1094 καὶ
955 1042 1076 1096 ἀπὸ
1134 1042 1588 1112 αἰσχρολογίας.
1644 1037 1928 1094 Ἐντεῦθεν

340 1123 708 1194 μανθάνομεν,
738 1125 820 1178 ὅτι
857 1125 962 1178 κᾶν
1005 1124 1079 1196 μὴ
1131 1124 1440 1196 πειρασμὸς
1484 1125 1617 1194 ἡμῖν
1658 1121 1926 1193 ἑπενεχθῇ

342 1205 503 1260 ποθεν
544 1205 773 1272 ἔξωθεν,
810 1209 1040 1271 ἑαυτοὺς
1083 1208 1384 1280 γυμνάζειν
1417 1208 1499 1261 δεῖ
1529 1205 1650 1260 καθ’
1687 1205 1928 1275 ἑκάστην

337 1289 557 1361 ᾐμέραν
615 1291 912 1361 νηστείαις,
970 1291 1435 1363 σκληραγωγίαις,
1471 1291 1680 1344 εὐτελεῖ
1727 1291 1926 1362 τροφῇ,

337 1372 460 1444 λιτῇ
498 1372 768 1446 τραπέζῃ,
797 1373 896 1438 τάς
922 1375 1275 1438 πολυτελείας
1301 1373 1580 1444 πανταχοῦ
1600 1372 1925 1442 φεύγοντας·

338 1457 516 1520 ἄλλως
544 1457 652 1528 γάρ
679 1459 780 1510 οὐκ
807 1457 955 1512 ἐστιν
989 1459 1358 1530 εὐαρεστῆσαι
1401 1457 1535 1528 Θεῷ.
1572 1457 1670 1530 Μὴ
1703 1455 1812 1526 γάρ
1839 1471 1929 1524 μοι

337 1542 400 1595 τὸ
425 1541 634 1612 ψυχρὸν
670 1543 737 1614 ρῆ
747 1559 823 1612 μα
850 1544 1027 1596 ἐκεῖνο
1061 1542 1268 1610 λεγέτω
1287 1559 1393 1605 τις,
1425 1542 1507 1594 ὅτι
1536 1542 1630 1593 καὶ
1655 1539 1726 1592 τὰ
1746 1536 1930 1592 ἐνταῦ-

340 1625 408 1678 θα
431 1627 460 1678 ὁ
486 1627 634 1679 δεῖνα
659 1627 793 1697 ἔχει,
814 1628 907 1681 καὶ
930 1628 1000 1681 τά
1025 1628 1178 1680 ἐκεῖ·
1202 1628 1485 1698 ἀμήχανον
1511 1625 1671 1678 τοῦτο
1697 1626 1790 1677 ἐπὶ
1819 1623 1930 1680 τῶν

341 1709 718 1763 πλουτούντων
740 1711 834 1764 καὶ
863 1710 1199 1782 τρυφώντων
1221 1711 1316 1764 καὶ
1345 1709 1771 1780 ἁμαρτανόντων
1790 1725 1930 1779 συμ-

340 1794 504 1863 ϐῆναι
527 1811 540 1825 ο
578 1794 716 1863 ἀλλ’,
749 1797 798 1848 εί
824 1796 931 1867 χρὴ
951 1795 1108 1848 τοῦτο
1133 1796 1326 1859 εἰπεῖν,
1351 1793 1444 1846 ἐπὶ
1463 1794 1572 1848 τῶν
1599 1792 1930 1864 θλιϐομένων

340 1879 489 1931 ἐστιν
519 1880 718 1944 εἰπεῖν,
750 1879 862 1934 τῶν
895 1881 955 1933 ἑν
984 1879 1341 1951 στενοχωρίᾳ,
1369 1880 1452 1933 ὅτι
1472 1879 1568 1933 καὶ
1595 1877 1666 1932 τὰ
1696 1876 1933 1932 ἐνταῦθα

339 1963 546 2034 έχουσι,
576 1964 670 2018 καὶ
709 1964 780 2017 τά
809 1966 947 2018 ἐκεῖ.
979 1963 1062 2018 Τά
1091 1965 1189 2034 μὲν
1218 1965 1329 2036 γὰρ
1356 1965 1476 2018 ἐκεῖ
1497 1963 1735 2034 ἔχουσιν,
1773 1963 1931 2033 ἀμοι-

340 2048 444 2119 ϐῆς
482 2047 849 2113 ἀπολαύοντες
870 2066 884 2080 ο
907 2049 976 2102 τὰ
991 2049 1048 2102 δέ
1071 2048 1308 2104 ἐνταῦθα
1334 2048 1542 2119 έχουσι,
1570 2051 1693 2111 ταῖς
1718 2047 1932 2100 ἐλπίσιν

339 2133 566 2186 ἐκείνων
597 2132 1044 2205 συντρεφόμενοι,
1064 2133 1161 2187 καὶ
1189 2133 1248 2186 οὐ
1274 2134 1647 2204 λαμϐάνοντες
1678 2131 1933 2202 αἴσθησιν

341 2216 450 2270 τῶν
507 2217 791 2288 παρόντων
822 2216 1013 2270 δεινῶν
1039 2219 1106 2288 τῇ
1147 2217 1447 2288 προσδοκίᾳ
1490 2215 1600 2269 τῶν
1629 2214 1933 2285 μελλόντων

341 2298 587 2366 ἀγαθῶν.
626 2298 768 2352 Ἀλλ’
795 2299 1120 2370 ἀκούσωμεν
1147 2300 1243 2354 καὶ
1276 2299 1388 2353 τῶν
1421 2299 1568 2370 ἑξῆς.
1625 2297 1758 2352 Ἐπὶ
1781 2295 1934 2352 πᾶσι

341 2381 412 2434 δὲ
443 2385 679 2450 τούτοις
717 2383 927 2452 χάσμα
977 2383 1133 2454 μέγα
1167 2383 1538 2453 ἐστήρικται,
1571 2382 1773 2453 φησὶν,
1814 2381 1937 2436 ἀνὰ

338 2465 533 2536 μέσον
561 2469 732 2538 ήμῶν
755 2468 851 2521 καὶ
874 2467 1062 2537 ὑμῶν.
1099 2467 1296 2530 Καλῶς
1321 2469 1430 2538 ἄρα
1477 2463 1632 2519 εἶπεν
1667 2468 1696 2518 ὁ
1736 2463 1930 2529 Δαυῒδ,

343 2552 426 2604 ὅτι
468 2551 746 2622 Ἆδελςρὸς
771 2554 844 2606 οὐ
867 2550 1191 2620 λυτροῦται
1209 2566 1223 2580 °
1248 2553 1320 2606 οὐ
1357 2549 1537 2605 δώσει
1564 2549 1645 2615 τῷ
1668 2548 1790 2615 Θεῷ
1833 2548 1935 2614 ἐξ·

344 2635 578 2705 ιλασμα
605 2636 848 2690 ἑαυτοῦ.

415 2742 551 2795 Οὐδὲ
579 2742 690 2815 γὰρ
709 2742 953 2805 δυνατὸν,
980 2741 1081 2796 κᾶν
1116 2741 1364 2810 ἀδελφὸς,
1394 2740 1497 2795 κᾶν
1527 2739 1710 2812 πατὴρ
1740 2733 1796 2814 ᾗ,
1833 2738 1937 2793 κᾶν

345 2825 480 2890 υἱός.
519 2827 661 2897 Ὅρα
707 2826 850 2898 γάρ·
889 2827 1084 2880 τέκνον
1136 2825 1394 2878 ἐκάλεσεν
1441 2826 1469 2877 ό
1536 2823 1792 2894 Ἀϐρααμ
1843 2824 1935 2876 τὸν

345 2908 636 2976 πλούσιον,
671 2910 767 2964 καὶ
799 2909 870 2964 τὰ
905 2909 1115 2980 πατρὸς
1156 2907 1526 2974 ἐπιδείξασθαι
1564 2909 1665 2961 οὐκ
1701 2907 1891 2977 ἴσχυσε
1918 2923 1932 2938 ο

343 2994 561 3066 πατέρα
594 2997 859 3066 προσεῖπε
891 3007 919 3036 ι
947 2994 1040 3048 τὸν
1091 2993 1345 3065 Ἀϐραάμ
1375 2993 1404 3046 ό
1435 2992 1711 3057 πλούσιος,
1749 2991 1841 3044 καὶ
1869 2985 1939 3064 ἧς

343 3077 491 3141 εἰκὸς
522 3077 828 3132 ἀπολαῦσαι
854 3077 1047 3131 τέκνον
1079 3077 1355 3148 πατρικῆς
1393 3077 1606 3140 εὐνοίας
1627 3117 1642 3142 ,
1667 3077 1770 3128 οὐκ
1807 3075 1939 3145 ἡδυ-

343 3161 505 3233 νήθη,
541 3161 627 3214 ἵνα
651 3161 852 3233 μάθῃς,
877 3163 958 3214 ὅτι
983 3160 1107 3214 οὐτε
1137 3161 1448 3229 συγγένεια,
1475 3159 1600 3212 οὐτε
1622 3159 1797 3228 φιλία,
1815 3157 1940 3212 οὐτε

344 3247 710 3317 προσπάθεια,
732 3246 857 3300 οὐτε
885 3245 1015 3300 ἀλλο
1043 3264 1094 3299 τι
1130 3245 1240 3298 τῶν
1274 3244 1445 3299 ὄντων
1489 3245 1679 3316 ὀνῆσαι
1717 3242 1942 3297 δύναται

343 3332 433 3385 τὸν
465 3331 572 3384 ὐπὸ
602 3330 705 3402 τῆς
733 3331 942 3395 οἰκείας
971 3331 1117 3401 ζωῆς
1148 3328 1568 3401 προδεδομένον.

417 3443 468 3492 ι’.
484 3436 670 3492 Ταῦτα
683 3437 741 3491 δὲ
755 3437 918 3507 λέγω,
936 3437 1122 3508 ἐπειδὴ
1144 3435 1328 3490 πολλοὶ
1344 3435 1623 3500 πολλάκις,
1638 3435 1794 3507 ήμῶν
1810 3452 1884 3487 πα
1891 3452 1944 3506 ρ-

345 3521 643 3578 αινούντων
698 3523 998 3594 προσέχειν
1019 3523 1234 3586 ἑαυτοῖς
1265 3521 1362 3584 καὶι
1390 3522 1608 3590 νήφειν,
1635 3519 1943 3592 ῥᾳθυμοῦσι

346 3605 442 3661 καὶ
472 3608 553 3668 είς
578 3606 793 3674 γέλωτα
828 3605 927 3677 τὴν
955 3605 1278 3674 παραίνεσιν
1298 3602 1646 3668 ἐκϐάλλουσι,
1669 3603 1940 3672 λέγοντες

347 3689 420 3746 Σύ
448 3707 548 3761 μου
576 3690 884 3763 προστήσῃ,
931 3688 1088 3760 φησὶ,
1124 3687 1246 3742 κατ’
1278 3687 1497 3760 ἐκείνην
1543 3687 1645 3758 τὴν
1695 3687 1940 3759 ἡμέραν·

347 3775 442 3829 καὶ
477 3773 686 3846 θαρρῶ,
707 3776 802 3828 καὶ
823 3775 882 3826 οὐ
905 3773 1140 3827 δέδοικα.
1173 3772 1343 3827 Πάλιν
1364 3772 1544 3836 ἄλλος,
1568 3771 1790 3842 Πατέρα
1807 3773 1946 3844 μάρ-

347 3878 486 3931 τυρα
512 3861 640 3930 ἔχω,
667 3859 822 3930 φησὶ,
859 3862 951 3912 καὶ
975 3857 1184 3929 ἕτερος,
1223 3859 1452 3912 Πάππον
1487 3857 1817 3911 ἐπίσκοπον’
1849 3857 1945 3912 ἀλ-

349 3942 429 3997 λοι
459 3944 620 3998 πάλιν
676 3943 804 4006 τούς
847 3943 948 4014 τῆς
980 3945 1156 4008 οἰκίας
1185 3945 1394 4006 πάντας
1430 3943 1532 4012 τῆς
1572 3941 1783 3996 ἑαυτῶν
1809 3959 1946 4013 προ-

350 4027 657 4085 ϐάλλονται.
725 4027 886 4081 Ἀλλά
935 4027 1114 4084 πάντα
1159 4027 1345 4098 ψυχρά
1379 4025 1554 4080 ταῦτα
1581 4025 1654 4079 τὰ
1689 4026 1940 4096 ῥήματα⁶

350 4111 471 4166 οὐδὲ
511 4113 618 4183 γάρ
641 4113 788 4182 ἡμᾶς
817 4113 850 4182 ή
886 4113 1089 4183 ἐτέρων
1117 4113 1290 4184 ἀρετὴ
1315 4111 1597 4182 ὠφελῆσαι
1623 4110 1744 4164 τότε
1781 4109 1945 4180 δυνή-

353 4213 528 4249 σεται.
559 4197 965 4267 Ἀναμνήσθητι
998 4195 1106 4248 τῶν
1135 4195 1424 4267 παρθένων
1453 4194 1700 4259 ἐκείνων,
1729 4195 1786 4248 αϊ
1819 4195 1941 4257 ταῖς

415 4355 445 4386 ⁸
463 4353 561 4406 Alii
585 4356 768 4419 πατέρα
791 4354 1006 4404 ἐκάλεσε.

1053 248 1112 306 S.
1151 248 1444 306 JOANNIS
1481 247 1978 306 CllRYSOSTOMl
2017 249 2340 306 ARClllEP.
2379 248 2926 306 CONSTANTINOP.

1839 4533 2122 4543 “~—

3471 252 3622 308 1006

2029 373 2203 425 πέντε
2230 370 2518 443 παρθένοις
2565 372 2622 424 οὐ
2665 369 2978 440 μετέδωκαν
3017 367 3110 422 τοῦ
3155 368 3369 423 ἐλαίου·
3408 369 3530 423 ἀλλ’
3558 369 3623 423 αι

2031 458 2130 528 μὲν
2159 457 2408 528 εἰσῆλθον
2437 458 2515 519 είς
2547 455 2638 508 τὸν
2661 454 2945 526 νυμφῶνα,
2972 457 3028 509 αἱ
3058 455 3115 507 δὲ
3148 453 3619 525 ἀπεκλείσθησαν.

2026 542 2187 611 Μέγα
2217 541 2420 611 ἀγαθὸν
2451 543 2508 593 ἐν
2527 542 2638 602 τοῖς
2667 539 2884 602 οἰκείοις
2914 538 3304 610 κατορθώμασι
3330 539 3429 601 τὰς
3460 537 3621 590 ἐλπί-

2026 626 2122 689 δας
2150 627 2250 696 τῆς
2275 624 2551 696 σωτηρίας
2567 624 2712 693 ἔχειν
2729 640 2742 654 ο
2772 621 2925 691 φίλος
2945 622 3002 676 δὲ
3018 624 3136 675 ἐκεῖ
3162 621 3340 684 οὐδεὶς
3360 620 3622 674 οὐδέποτε

2030 710 2356 779 προΐσταται
2383 709 2433 762 δ.
2461 708 2524 759 Εί
2553 707 2662 778 γάρ
2690 705 2927 760 ἐνταῦθά
2950 722 3084 776 φησι
3109 705 3186 775 τῷ
3224 703 3489 775 Ἱερεμίᾳ,
3522 701 3622 770 Μὴ

2029 795 2206 859 ἀξίου
2238 795 2371 862 περὶ
2399 792 2506 847 τοῦ
2528 791 2683 846 ,1αοῦ
2704 792 2939 853 τούτου,
2969 790 3096 842 ἔνθα
3128 788 3280 860 [751]
3310 788 3493 859 κύριοι
3523 788 3623 842 τοῦ

2033 877 2437 952 μεταϐαλέσθαι
2455 891 2470 906 ⁶
2491 875 2669 946 πολλῷ
2699 874 2900 946 μᾶλλον
2924 875 3060 929 ἐκεῖ.
3076 874 3140 926 Τί
3155 874 3333 943 λέγεις
3353 891 3370 938 ;
3397 873 3626 946 Πατέρα

2033 966 2286 1036 μάρτυρα
2307 961 2482 1032 ἐχειςς
2519 960 2661 1013 Αὐτὸ
2702 960 2801 1029 μὲν
2827 955 2920 1012 οὐν
2950 975 3008 1010 σε
3041 957 3202 1011 τοῦτο
3247 957 3487 1028 μάλιστα
3518 975 3627 1010 κα-

2029 1046 2316 1102 ταδικάσαι
2345 1045 2634 1116 δυνήσεται
2657 1042 2841 1108 πλέον,
2868 1043 2998 1095 ὅταν
3018 1040 3229 1095 οἴκοθεν
3263 1043 3403 1111 ἔχων
3432 1040 3505 1093 τὰ
3525 1056 3626 1093 πα·

2032 1130 2374 1204 ραδείγματα
2397 1129 2500 1199 τῆς
2528 1129 2753 1198 ἀρετῆς,
2785 1125 3004 1190 ἀνάξιον
3039 1123 3269 1177 σεαυτὸν
3294 1124 3397 1194 τῆς
3424 1139 3626 1193 προγο-

2030 1213 2185 1284 νικῆς
2211 1212 2500 1284 παράσχῃς
2529 1211 2754 1283 ἀρετῆς.
2801 1208 2964 1261 Ἀλλά
2989 1209 3142 1278 φίλον
3178 1207 3323 1277 ἔχεις
3370 1209 3627 1275 γενναῖον

2031 1298 2126 1352 καὶ
2160 1296 2512 1367 θαυμαστόν.;
2549 1295 2683 1350 Οὐδὲ
2712 1285 2870 1358 οὗτός
2907 1309 2990 1345 σοι
3034 1292 3446 1363 παραστήσεται
3472 1290 3621 1342 τότε.

2032 1381 2158 1445 Πῶς
2184 1377 2278 1434 οὖν
2317 1396 2472 1450 φησι,
2497 1378 2798 1446 Ποιήσατε
2819 1375 2964 1446 ὑμῖν
2988 1375 3210 1444 φίλους
3230 1375 3299 1427 ἐκ
3329 1372 3438 1427 τοῦ
3459 1391 3626 1443 μαμ-

2027 1464 2198 1537 μωνᾶ
2235 1463 2346 1532 τῆς
2369 1462 2630 1528 ἀδικίας,
2663 1463 2738 1515 ἵν’
2779 1461 2926 1514 ὅταν
2961 1460 3278 1525 ἐκλίπητε,
3332 1457 3628 1520 δέξωνται

2032 1547 2192 1620 ὑμᾶς
2212 1550 2299 1614 είς
2321 1548 2430 1613 τὰς
2458 1547 2738 1612 αἰωνίους
2765 1543 3001 1611 σκηνάς
3027 1560 3046 1608 ;
3079 1543 3191 1612 Οὐχ
3220 1545 3254 1610 ἡ
3283 1541 3436 1611 φιλία
3476 1540 3628 1592 ἐστὶν

2031 1633 2324 1702 ἐνταῦθαή
2377 1629 2778 1702 προῖσταμένη,
2832 1627 3021 1698 ἀλλ’ἢ
3078 1626 3441 1698 ἐλεημοσύνη.
3493 1623 3627 1678 Ἐὰν

2031 1719 2139 1790 γὰρ
2160 1719 2195 1790 ἡ
2222 1715 2372 1786 φιλία
2398 1714 2532 1785 μόνη
2548 1715 2861 1784 προῖστατο,
2892 1711 2998 1764 ἔδει
3021 1710 3208 1772 ἁπλῶς
3229 1712 3424 1771 εἰπεῖν,
3458 1708 3629 1777 Ποιή-

2034 1821 2165 1857 σατε
2213 1803 2344 1874 ὑμῖν
2391 1801 2581 1871 φίλους
2605 1815 2619 1829 ⁵
2657 1798 2777 1850 νυνὶ
2807 1798 2864 1850 δὲ
2895 1795 3134 1857 δεικνὺς,
3163 1795 3246 1847 ὅτι
3275 1795 3374 1864 οὐχ
3404 1794 3437 1864 ἡ
3467 1791 3630 1860 φιλία

2036 1889 2171 1960 μόνη
2228 1889 2577 1959 προΐσταται,
2637 1881 3000 1954 προσέθηκεν,
3048 1879 3145 1932 Ἐκ
3186 1877 3294 1932 τοῦ
3327 1876 3636 1946 μαμμωνᾶ

2031 1971 2144 2040 τῆς
2165 1971 2421 2036 ἀδικίας.
2459 1968 2652 2022 Καίτοι
2685 1969 2814 2028 ἴσως
2841 1965 2986 2018 εἴποι
3018 1981 3102 2028 τις
3135 1962 3200 2016 ἂν
3221 2003 3235 2025 ,
3263 1963 3344 2014 ὅτι
3375 1961 3635 2030 Δύναμαι

2035 2056 2202 2127 χωρὶς
2232 2053 2326 2107 τοῦ
2355 2053 2638 2125 μαμμωνᾶ
2660 2051 2885 2121 ποιῆσαι
2920 2047 3072 2118 φίλον
3093 2089 3108 2111 ,
3142 2047 3238 2099 καὶ
3273 2044 3635 2098 σπουδαιότε-

2039 2158 2130 2212 ρον
2157 2139 2377 2210 μᾶλλον,
2404 2139 2436 2209 ἦ
2472 2137 2561 2190 διά
2588 2134 2682 2189 τοῦ
2712 2135 3016 2206 μαμμωνᾶ.
3054 2132 3196 2184 Ἀλλ’
3222 2130 3309 2183 ἵνα
3337 2127 3521 2199 μάθῃς
3550 2129 3635 2212 ὅτι

2034 2210 2375 2296 ἐλεημοσύνη
2411 2221 2557 2274 ἐστὶν
2579 2221 2610 2292 ἡ
2636 2217 3039 2290 προῖσταμένη,
3064 2215 3160 2269 καὶ¹
3186 2215 3246 2268 τὸ
3265 2213 3427 2284 ἔργον
3453 2212 3517 2264 τὸ
3542 2210 3642 2296 σὸν

2035 2294 2220 2362 καὶτὸ
2265 2305 2636 2376 κατόρθωμα,
2672 2303 2772 2356 οὐκ
2823 2303 2884 2354 ἑν
2935 2303 3053 2363 ταῖς
3097 2298 3305 2368 φιλίαις
3353 2297 3471 2358 ταῖς
3519 2294 3636 2346 τῶν

2035 2393 2209 2462 ἁγίων
2237 2391 2448 2454 ἁπλῶς,
2484 2388 2598 2441 ἀλλ’
2621 2389 2678 2440 ἐν
2705 2388 2825 2449 ταῖς
2856 2385 3064 2455 φιλίαις
3093 2385 3212 2446 ταῖς
3243 2380 3331 2434 διὰ
3361 2379 3456 2432 τοῦ
3478 2397 3640 2462 μαμ⁴

2039 2459 2197 2547 μωνᾶ
2224 2473 2540 2544 γινομέναις
2592 2470 2780 2524 ἔπεισέ
2810 2486 2869 2521 σε
2927 2469 3175 2540 θαρρεῖν.
3216 2465 3394 2534 Ἀπερ
3445 2459 3543 2514 οὖν
3573 2462 3638 2547 ag-

2036 2546 2217 2613 πάντα
2250 2557 2471 2621 εἰδότες,
2496 2555 2792 2626 ἀγαπητοὶ,
2824 2553 3187 2625 προσέχωμεν
3239 2549 3456 2609 ἑαυτοῖς
3493 2546 3639 2616 μετά

2036 2642 2326 2715 ἀκριϐείας
2348 2641 2600 2711 ἁπάσηςο
2633 2639 2737 2693 κᾶν
2773 2634 3152 2706 κολαζώμεθα,
3184 2630 3636 2702 εὐχαριστῶμενο

2037 2727 2142 2780 κᾶν
2168 2727 2226 2778 ἐν
2246 2723 2517 2796 εὐημερίᾳ
2537 2723 2816 2792 διάγωμεν
2843 2732 2890 2784 ο,
2921 2715 3352 2787 ἀσφαλιζώμεθα
3377 2715 3637 2776 ἑαυτοὺς,

2037 2812 2131 2862 καὶ
2149 2811 2266 2871 ταῖς
2281 2809 2485 2880 ἐτέρων
2509 2806 2803 2878 τιμωρίαις
2826 2802 3310 2874 σωφρονιζόμενοι,
3343 2798 3435 2850 διὰ
3459 2815 3640 2866 μετα-

2037 2893 2186 2956 νοίας
2219 2892 2315 2945 καὶ
2368 2890 2712 2956 κατανύξεως
2751 2889 2844 2942 καὶ
2884 2885 3140 2956 συνεχοῦς
3191 2882 3640 2952 ἐξομολογήσεως

2038 2975 2455 3048 εὐχαριστῶμεν
2478 2990 2494 3006 ⁸
2529 2975 2624 3027 καὶ
2668 2973 2721 3025 εί
2759 2989 2814 3024 τι
2848 2968 3314 3040 πεπλημμέληται
3357 2963 3502 3020 κατά
3544 2964 3640 3017 τὸν

2039 3062 2282 3133 παρόντα
2309 3059 2422 3130 βίον
2462 3059 2613 3128 ἡμῖν,
2640 3055 2992 3126 ἀποθέμενοι,
3021 3054 3116 3106 καὶ
3144 3051 3286 3122 μετὰ
3311 3049 3516 3119 πολλῆς
3533 3048 3640 3117 τῆς

2039 3145 2277 3214 σπουδῆς
2301 3145 2484 3197 πᾶσαν
2515 3142 2617 3210 τῆς
2655 3140 2834 3211 ψυχῆς
2883 3137 3040 3209 ὴμῶν
3076 3133 3495 3206 ἀποσμήξαντες
3537 3133 3643 3202 τὴν

2039 3230 2249 3302 κηλῖδα,
2296 3225 2708 3300 παρακαλῶμεν
2749 3224 2840 3276 τὸν
2873 3223 3004 3276 Θεὸν
3041 3219 3374 3284 καταξιῶσαι
3425 3216 3642 3278 πάντας

2039 3301 2188 3385 ἡμᾶς
2214 3311 2464 3365 ἐντεῦθεν
2483 3308 2916 3378 διαλυσαμένους
2943 3304 3182 3368 δ,οὐτως
3212 3301 3470 3385 ἀπελθεῖν
3495 3302 3645 3385 ἐκεῖ-

2043 3381 2123 3462 σε,
2151 3398 2239 3451 ἴνα
2263 3395 2338 3467 μὴ
2371 3394 2510 3465 μετά
2539 3391 2635 3445 τοῦ
2667 3390 2948 3456 πλουσίου,
2972 3388 3111 3442 ἀλλά
3148 3386 3289 3457 μετά
3312 3384 3408 3438 τοῦ
3449 3381 3642 3444 Λαζά-

2046 3498 2141 3552 ρου
2169 3480 2280 3534 τῶν
2313 3478 2406 3532 τοῦ
2431 3476 2775 3548 πατριάρχου
2801 3475 3018 3527 κόλπων
3059 3469 3494 3531 ἀπολαύσαντες,
3523 3469 3642 3529 τοῖς

2041 3550 2332 3626 ἀθανάτοις
2358 3559 2716 3632 ἐντρυφῶμεν
2749 3558 3004 3626 ἀγαθοῖς*
3039 3550 3114 3610 ὧν
3157 3556 3370 3624 γένοιτο
3425 3555 3642 3614 πάντας

2044 3651 2191 3721 ἡμᾶς
2215 3649 2513 3717 ἐπιτυχεῖν,
2544 3645 2727 3715 χάριτι
2755 3644 2849 3696 καὶ
2883 3641 3264 3711 φιλανθρωπίᾳ
3290 3634 3642 3721 τοῦῖΚυρίου

2042 3720 2199 3804 ἡμῶν
2242 3731 2418 3801 Ἰησοῦ
2449 3727 2706 3799 Χριστοῦ,
2739 3726 2858 3798 μεθ’
2890 3721 2951 3780 οὗ
2972 3724 3049 3795 τῷ
3072 3723 3250 3794 Πατρλ⁵
3273 3724 3308 3792 ἡ
3329 3720 3486 3804 δόξα,
3518 3720 3643 3790 ἅμα

2041 3802 2122 3886 τῷ
2167 3814 2310 3886 ἁγίῳ
2345 3811 2624 3883 Πνεύματι
2648 3851 2663 3875 ,
2726 3813 2807 3874 είς
2842 3810 2970 3873 τούς
3007 3807 3208 3870 αἰῶνας
3245 3805 3356 3859 τῶν
3395 3802 3638 3858 αἰώνων.

2059 3899 2253 3971 Ἀμήν.

2101 4035 2131 4078 ι’
2164 4035 2265 4087 Alii
2283 4037 2660 4100 παραστήσεται.

2109 4102 2130 4129 ⁸
2161 4101 2260 4150 Alii
2285 4087 2617 4160 διατρίϐωμεν,
2643 4102 2696 4146 el
2717 4096 2863 4159 paulo
2898 4101 3011 4157 post
3034 4093 3420 4156 ἐξομολογήσεως
3441 4089 3525 4142 καὶ
3560 4087 3641 4137 εΰο

2046 4162 2311 4263 χαριστίας,
2334 4161 2413 4208 καὶ
2434 4161 2475 4208 εί
2488 4176 2551 4208 τι.

2139 4220 2242 4263 'Sin
2267 4236 2440 4263 nmnps
2463 4235 2551 4263 mss

2159 4223 2242 4272 Sic
2267 4215 2440 4272 omnes
2463 4235 2579 4270 mss.
2601 4226 2752 4282 atque
2783 4218 2850 4268 ila
2895 4217 3144 4282 SaviLuin
3181 4229 3335 4282 marg.
3377 4215 3644 4282 Inletpfgs

2046 4297 2245 4347 quoque
2267 4287 2335 4333 ita
2359 4286 2498 4345 legit.
2525 4277 2686 4333 Savilf
2716 4284 2768 4332 in
2793 4290 2934 4332 textu
2974 4288 3028 4331 eL
3051 4279 3224 4330 Morel.
3245 4283 3400 4326 πάντα
3437 4277 3647 4323 ἐνταῦθα

1968 4353 1972 4358 ’
2049 4348 2435 4409 διαλυσαμένους.

2127 4532 2526 4541 .__—.._—_-.__—.

354 4671 377 4694 ⁴
408 4670 512 4736 Εἰς
539 4666 648 4721 τὸν
674 4666 978 4720 πλούσιον
1039 4663 1138 4717 καὶ
1178 4661 1288 4716 τὸν
1323 4658 1594 4728 Λάζαρον
1623 4663 1662 4679 "
1697 4657 1883 4726 λόγος
1947 4653 2264 4723 τέταρτος·
2315 4655 2413 4706 καὶ
2461 4652 2553 4707 ὅτι
2590 4651 2657 4706 τὸ
2705 4649 2990 4716 συνειδὸς
3028 4649 3236 4702 εἴωθεν
3273 4645 3434 4716 ἡμᾶς
3495 4646 3651 4700 ἀνα-

1127 4753 1498 4825 μιμνήσκειν
1531 4752 1760 4806 παλαιὰ
1791 4750 2201 4820 ἁμαρτήματα,
2232 4750 2330 4803 καὶ
2357 4750 2444 4813 εὶς
2473 4744 2580 4799 τὸν
2622 4742 2854 4813 Ἰωσήφ.

429 4987 499 5037 α’.
513 4979 627 5050 Τῆς
641 4978 734 5032 τοῦ
763 4976 1017 5047 Λαζάρου
1043 4973 1362 5048 παραϐολῆς
1374 4974 1434 5028 τὸ
1457 4973 1612 5038 τέλος
1627 4975 1841 5046 ἀνάγκη
1860 4978 1948 5048 τή.

361 5083 525 5139 μερον
553 5061 868 5118 ἀποδοῦναι.
913 5061 1104 5130 Ὑμεῖς
1137 5059 1236 5130 μὲν
1263 5057 1372 5130 γὰρ
1407 5058 1536 5122 ἴσως
1567 5058 1629 5112 τὸ
1673 5060 1780 5112 πᾶν
1815 5061 1947 5132 ἡμῖν

358 5148 692 5222 ἀπηρτίσθαι
725 5144 994 5216 νομίζετε·
1027 5144 1088 5196 οὐ
1122 5143 1228 5214 μὴν
1266 5142 1443 5212 ἔγωγε
1477 5143 1753 5213 χρήσομαι
1792 5142 1947 5214 ὑμῶν

359 5237 440 5298 εἰς
475 5232 691 5302 ἀπάτην
724 5233 793 5301 τῇ
830 5227 1042 5298 ἀγνοίᾳ,
1078 5227 1199 5280 οὐδὲ
1236 5228 1616 5295 ἀποστήσομαι
1656 5226 1941 5297 πρότερον,

358 5317 464 5382 ἕως
503 5320 570 5372 ἂν
610 5317 672 5369 τὸ
713 5314 1036 5385 φαινόμενον
1066 5322 1093 5351 α
1139 5311 1284 5364 ἅπαν
1325 5308 1548 5364 ἀπέλθω
1580 5308 1778 5362 λαϐών·
1824 5310 1946 5362 ἐπεὶ

423 5497 443 5517 ⁶
469 5497 654 5547 CollaIa
673 5508 782 5545 cum
807 5493 982 5543 iisdem
993 5506 1108 5540 mss.

400 5560 463 5636 "'
487 5560 683 5632 Tilulus
709 5560 758 5607 in
781 5557 928 5606 Savil.
955 5552 1050 5604 sic:
1081 5554 1162 5609 Εἰς
1179 5552 1261 5600 τὸν
1285 5551 1511 5599 πλούσιον
1529 5552 1610 5598 καὶ
1632 5551 1710 5600 τὸν
1733 5551 1948 5613 Λάζαρον

359 5622 882 5807 ληοέὲιὲἶιῗρίιῖςίιιοτε.
910 5678 966 5728 τὸ
1008 5677 1326 5742 ὀφειλόμενον.
1354 5674 1510 5726 Paulo
1549 5678 1658 5738 post
1691 5686 1817 5723 unus
1855 5687 1944 5723 ms.

359 5752 458 5805 τοὺς
561 5760 661 5803 γας.

350 5752 458 5805 τοὺς
493 5752 661 5805 ῥωγὰς.

2053 4973 2146 5027 καὶ
2197 4967 2440 5040 γεωργὸς
2477 4967 2573 5038 τῆς
2604 4965 2853 5036 ἀμπέλου
2893 4961 3258 5034 τρυγηθείσης
3293 4960 3538 5030 ἀπάσης,
3585 4971 3649 5024 οὗ

2054 5056 2320 5128 πρότερον
2347 5051 2664 5122 ἀφίσταται,
2692 5049 2798 5112 ἓως
2829 5047 2894 5101 ἂν
2929 5047 3023 5100 καὶ
3064 5047 3164 5109 τὰς
3191 5047 3364 5117 ῥᾶγας
3401 5047 3644 5117 ἐκτέμῃ.

2065 5140 2220 5192 Ἐπεὶ
2250 5133 2345 5190 οὖν
2384 5135 2480 5188 καὶ
2523 5133 2616 5187 νῦν
2643 5131 2838 5204 ἐνορῶ,
2869 5130 3061 5201 ὥσπερ
3095 5129 3202 5182 ὐπὸ
3250 5128 3489 5198 φύλλοις,
3524 5135 3648 5194 τοῖς

2052 5221 2378 5294 γράμμασιν
2410 5216 2940 5293 ἑναποκεκρυμμένα
2985 5215 3232 5285 νοήματα
3271 5212 3370 5277 ἔτι,
3409 5212 3548 5284 φέρε
3577 5214 3646 5283 δὴ

2053 5307 2150 5360 καὶ
2177 5303 2370 5368 ταῦτα,
2393 5302 2516 5356 ἀντὶ
2548 5301 2821 5373 δρεπάνης
2855 5297 2932 5369 τῷ
2957 5297 3100 5368 λόγῳ
3139 5297 3495 5368 χρησάμενοι,
3531 5299 3646 5350 πά-

2055 5392 2138 5444 λιν
2189 5389 2306 5461 μετ’
2360 5387 2646 5459 ἀκριϐείας
2692 5384 3184 5455 ἀποτρυγήσωμεν.
3219 5380 3495 5451 Ἀμπελος
3544 5382 3648 5450 μὲν

2055 5476 2164 5546 γὰρ
2193 5472 2526 5546 τρυγηθεῖσα
2548 5469 2824 5535 καθάπαξ,
2852 5468 3051 5538 ἕστηκε
3077 5467 3259 5536 γυμνὴ
3283 5464 3376 5518 τοῦ
3400 5465 3646 5534 καρποῦ,

2057 5559 2232 5630 φύλλα
2275 5557 2472 5628 ἔχουσα
2524 5555 2703 5626 μόνον·
2753 5555 2787 5623 ἡ
2843 5551 2899 5604 δέ
2938 5550 3184 5621 ἄμπελος
3231 5551 3648 5619 ήπνευματικὴ

2059 5642 2211 5714 [75:2]
2240 5643 2348 5696 τῶν
2388 5641 2546 5693 θείων
2575 5638 2806 5711 Γραφῶν
2831 5637 2928 5706 οὐχ
2953 5635 3143 5700 οὕτως,
3175 5633 3288 5688 ἀλλ’
3315 5633 3380 5686 ἂν
3417 5633 3480 5684 τὸ
3509 5651 3644 5702 φαι-

2055 5727 2279 5798 νόμενον
2321 5725 2466 5780 ἅπαν
2505 5721 2841 5796 ἀνελώμεθα,
2872 5722 2932 5774 τὸ
2968 5719 3131 5773 πλέον
3166 5715 3491 5788 ἐναπομένει
3529 5726 3636 5777 πά-
