3862 6228
274 261 408 317 1005

273 382 465 436 melotis
490 421 506 446 ,
549 382 600 432 in
630 378 842 449 pellibus
867 377 1090 448 caprinis
1117 385 1336 449 egentes,
1384 377 1551 446 amicti
1581 416 1597 441 ,
1626 377 1841 431 calami-

276 474 369 525 tosi
393 515 406 535 ,
435 472 613 541 quibus
645 471 831 540 dignus
873 486 976 524 non
1013 479 1120 523 erat
1163 468 1379 522 mundus
1408 467 1590 538 (Hebr.
1622 470 1707 523 H.
1736 469 1851 540 57).

270 565 495 619 Prorsus
537 564 605 617 ita
632 575 851 618 necesse
879 571 962 616 est
988 577 1132 626 eum,
1159 560 1249 631 qui
1298 559 1510 629 placere
1557 559 1689 614 velit
1712 560 1846 629 Deo,

270 657 356 726 qui
410 655 665 725 probatus
713 669 777 708 ac
842 669 1008 724 purus
1059 668 1180 708 esse
1222 652 1386 716 velit,
1441 651 1851 721 haudquaquam

271 747 462 802 sectari
492 747 654 800 vitam
692 745 904 800 mollem
926 784 941 809 ,
985 744 1263 798 remissam
1290 758 1353 798 ac
1377 742 1688 797 dissolutam
1710 784 1726 809 ,
1757 741 1852 797 sed

271 839 590 895 laboriosam
617 880 633 905 ,
662 838 945 907 multisque
967 835 1250 890 sudoribus
1275 837 1503 905 plenatn.
1528 833 1852 904 Audiipsum

272 933 540 987 dicentem
559 948 571 984 :
588 930 778 985 Nullus
801 937 1092 997 coronatur,
1115 929 1213 983 nisi
1239 929 1324 999 qui
1355 927 1569 999 legitime
1594 927 1854 981 certaverit

275 1023 351 1095 (Ξ.
388 1023 519 1078 Tim.
567 1021 623 1076 2.
655 1023 735 1091 5).
783 1021 852 1076 Ει
889 1020 1016 1076 alibi
1043 1038 1056 1074 :
1083 1020 1319 1090 Quisquis
1361 1029 1526 1072 autem
1571 1026 1768 1084 certat,
1798 1017 1853 1070 in

268 1115 499 1171 omnibus
519 1116 780 1170 continens
809 1125 918 1182 est,
949 1122 996 1169 et
1024 1114 1079 1168 in
1101 1114 1260 1168 verbis
1284 1155 1300 1181 ,
1332 1122 1380 1166 et
1426 1113 1479 1166 in
1508 1120 1717 1182 aspectu
1743 1152 1759 1178 ,
1805 1119 1852 1165 et

265 1223 318 1260 tn
360 1223 479 1262 uoce
505 1248 522 1274 ,
554 1217 602 1262 et
629 1224 662 1261 a
709 1207 945 1261 conviciis
997 1215 1320 1276 temperans,
1367 1215 1414 1258 et
1459 1221 1491 1258 α
1541 1203 1854 1274 blasphemia

264 1310 315 1356 et
362 1319 395 1356 a
425 1301 732 1373 turpiloquio
758 1301 835 1372 (1.
869 1299 989 1355 Cor.
1018 1299 1072 1354 9.
1098 1298 1212 1370 25).
1243 1298 1377 1353 Hinc
1408 1296 1716 1362 ediscimus,
1744 1295 1847 1352 etsi

265 1393 491 1448 tentatio
511 1408 614 1448 non
651 1392 780 1447 foris
810 1391 1055 1457 infestet,
1081 1393 1288 1462 seipsos
1315 1405 1570 1446 exercere
1598 1400 1852 1461 Oportere

265 1484 588 1554 quotidianis
611 1483 850 1554 jejuniis,
881 1498 1177 1553 asperaque
1203 1482 1308 1537 vita
1338 1523 1354 1551 ,
1403 1481 1494 1536 vili
1523 1482 1642 1536 cibo
1667 1523 1682 1548 ,
1707 1482 1849 1536 tenui

264 1592 450 1632 mensa
471 1617 486 1641 ,
527 1577 722 1646 ubique
762 1577 996 1632 vitantes
1024 1586 1270 1646 sumptus
1319 1574 1649 1645 magnificos.
1680 1574 1851 1629 Aliter

265 1685 375 1724 non
413 1677 588 1740 potest
613 1671 732 1739 quis
758 1669 968 1739 placere
1000 1670 1131 1724 Deo.
1162 1668 1345 1739 Neque
1376 1669 1515 1722 enim
1565 1668 1694 1722 mihi
1741 1667 1848 1723 fri-

268 1761 454 1833 gidum
508 1761 641 1817 illud
694 1761 894 1817 dictum
938 1761 1195 1832 objecerit
1229 1761 1520 1832 quispiam,
1567 1760 1707 1830 quod
1765 1760 1850 1815 hic

263 1864 359 1909 aut
403 1854 496 1909 ille
545 1853 704 1908 simul
753 1852 948 1908 habeat
986 1861 1040 1908 et
1091 1851 1250 1920 hujus
1280 1853 1402 1905 vita-3
1447 1861 1502 1906 et
1541 1851 1682 1905 illius
1710 1865 1856 1905 com-

265 1945 448 2000 moda.
499 1943 614 1999 Hoc
654 1945 709 1999 in
735 1943 1025 2009 divitibus,
1075 1959 1140 1998 ac
1177 1942 1380 1997 deliciis
1419 1941 1716 1996 fruentibus
1774 1942 1849 1996 si-

265 2037 485 2107 mulque
550 2037 891 2105 peccantibus
944 2035 1187 2090 accidere
1239 2050 1571 2104 nequaquam
1622 2043 1846 2104 potest:

265 2143 455 2181 verum
501 2128 546 2182 si
577 2127 716 2182 istud
743 2127 1026 2182 dicendum
1055 2136 1165 2191 est,
1194 2127 1261 2181 de
1290 2127 1354 2180 iis
1382 2127 1470 2195 qui
1502 2126 1587 2180 hic
1613 2125 1855 2195 affligun-

267 2227 358 2271 tur
402 2217 505 2273 dici
572 2227 790 2288 potest,
855 2219 943 2289 qui
995 2223 1180 2272 vivunt
1230 2217 1282 2272 in
1323 2218 1651 2287 angoribus,
1703 2217 1850 2272 vide-

267 2308 395 2363 licet
436 2307 578 2377 quod
631 2308 720 2364 hic
743 2318 798 2364 et
826 2307 941 2364 haec
967 2321 1019 2362 et
1061 2309 1151 2362 illa
1203 2307 1455 2364 habeant.
1500 2309 1612 2363 Illic
1658 2307 1855 2363 habent

268 2399 477 2469 praemii
506 2400 732 2454 fructum
764 2417 777 2454 :
805 2400 894 2454 hic
920 2399 1154 2466 habent,
1177 2400 1317 2470 quod
1343 2400 1554 2453 illorum
1580 2414 1676 2468 spe
1703 2399 1854 2453 alan-

268 2502 403 2558 tur,
435 2508 534 2547 nec
570 2493 803 2548 sentiant
855 2493 992 2547 mala
1051 2493 1336 2562 prtesentia
1362 2533 1376 2554 ,
1427 2492 1496 2546 ob
1550 2491 1853 2546 futurorum

268 2586 537 2640 bonorum
578 2587 1054 2655 exspectationem.
1102 2583 1207 2638 Sed
1257 2583 1535 2637 audiamus
1571 2593 1627 2638 et
1649 2582 1855 2652 reliqua

266 2695 392 2735 ulla:
420 2686 716 2748 sequuntur
743 2695 758 2730 :
790 2678 962 2748 Super
1004 2683 1114 2730 [two
1143 2677 1314 2730 omnia
1350 2691 1464 2730 vero
1493 2676 1648 2729 chaos
1679 2675 1856 2745 ingens

266 2769 602 2836 confirmatus
656 2779 728 2823 est
782 2770 914 2822 inter
967 2785 1059 2822 nos
1108 2779 1156 2821 et
1208 2784 1294 2820 vos
1347 2766 1527 2840 (Luc.
1580 2767 1665 2821 16.
1717 2767 1788 2821 26
1809 2767 1852 2836 ).

269 2862 440 2917 ﬂecte
470 2861 648 2931 itaque
690 2861 826 2916 dixit
872 2860 1035 2914 David
1061 2900 1076 2926 ,
1129 2857 1315 2912 Frater
1362 2874 1463 2911 non
1504 2857 1723 2923 redimit,
1753 2872 1856 2910 non

267 2953 411 3007 dabit
434 2952 543 3007 Deo
566 2953 900 3024 placationem
925 2968 1072 3006 suam
1098 2950 1269 3022 (Psal.
1312 2949 1399 3004 48.
1430 2949 1511 3019 8).

345 3043 624 3098 Parentum
668 3042 890 3114 probitas
936 3058 1040 3096 non
1085 3043 1288 3112 prodest
1328 3040 1571 3111 improba:
1615 3039 1858 3109 proli.—

265 3136 390 3192 Non
432 3136 576 3191 enim
622 3134 738 3190 fieri
783 3143 978 3205 potest,
1023 3135 1124 3189 etsi
1167 3133 1351 3199 frater,
1393 3133 1494 3188 etsi
1539 3142 1709 3202 pater,
1754 3131 1857 3187 etsi

266 3229 416 3284 ﬁlius
443 3227 621 3283 fuerit.
650 3226 786 3282 Vide
815 3241 1043 3295 namque
1072 3226 1378 3280 :Abraham
1407 3223 1692 3294 appellavit
1715 3222 1859 3278 divi-

269 3331 381 3374 tem
411 3319 575 3374 filium
598 3361 614 3386 ,
645 3333 743 3373 nec
774 3330 949 3372 tamen
979 3318 1049 3371 illi
1077 3326 1332 3386 praestare
1363 3316 1552 3386 potuit,
1585 3331 1705 3387 qua:
1733 3325 1858 3370 sunt

266 3410 463 3482 patris.
509 3409 667 3464 Dives
695 3419 900 3480 patrem
931 3409 1218 3478 appellavit
1242 3409 1512 3463 Abraham
1537 3449 1552 3474 ,
1601 3415 1657 3462 et
1697 3421 1856 3477 quam

266 3511 693 3557 consentaneum
733 3513 851 3556 erat
889 3501 1034 3554 illum
1080 3503 1366 3570 impetrare
1406 3501 1853 3565 benevolentiam,

267 3610 431 3663 quam
464 3605 642 3663 patres
668 3603 861 3663 gerunt
890 3594 941 3647 in
973 3593 1132 3658 filios,
1168 3609 1272 3647 non
1302 3594 1473 3674 potuit
1506 3609 1519 3646 :
1554 3594 1626 3646 uti
1656 3607 1858 3662 cogno-

270 3701 396 3740 scas
440 3684 581 3755 quod
611 3701 785 3755 neque
832 3685 1115 3754 cognatio,
1159 3701 1331 3755 neque
1370 3684 1599 3738 amicitia
1624 3725 1640 3750 ,
1686 3698 1860 3753 neque

270 3777 496 3831 affectus
519 3817 534 3841 ,
576 3791 748 3846 neque
790 3776 893 3830 alia
923 3791 1010 3831 res
1049 3777 1150 3830 ulla
1182 3791 1251 3831 ex
1283 3776 1532 3830 omnibus
1561 3792 1681 3844 qua:
1709 3785 1855 3842 sunt,

265 3868 459 3938 juvare
479 3876 653 3937 potest
676 3882 818 3934 eum,
851 3869 938 3937 qui
980 3882 1010 3921 a
1053 3883 1146 3922 sua
1173 3869 1340 3937 ipsius
1363 3869 1465 3921 vita
1493 3867 1728 3936 proditus
1750 3878 1855 3922 est.

347 3960 434 4014 10.
477 3959 604 4014 llaac
645 3971 823 4014 autem
853 3975 919 4014 eo
962 3959 1084 4015 dico
1107 4002 1122 4028 ,
1155 3961 1295 4030 quod
1337 3963 1636 4030 complures
1659 4001 1673 4024 ,
1705 3960 1860 4015 nobis

273 4051 585 4122 frequenter
613 4051 1024 4106 admonentibus
1048 4063 1105 4107 ut
1132 4053 1233 4107 sibi
1262 4061 1490 4107 caveant
1515 4053 1857 4122 vigilentque,

273 4145 549 4214 negligant
578 4153 632 4198 et
665 4144 1082 4198 admonitionem
1113 4154 1324 4198 vertunt
1354 4144 1406 4197 in
1437 4143 1623 4198 risum.
1649 4143 1730 4198 Tu
1758 4145 1862 4198 mi-

279 4236 354 4301 hi,
383 4237 666 4307 inquiunt,
713 4237 857 4292 adsis
881 4237 936 4291 in
983 4238 1074 4291 illo
1101 4238 1206 4303 die,
1248 4245 1302 4291 et
1327 4239 1470 4293 bono
1513 4253 1630 4291 sum
1659 4239 1858 4306 animo,

276 4345 452 4399 neque
476 4329 762 4399 quidquam
795 4339 995 4383 metuo.
1039 4330 1272 4385 Rursum
1303 4330 1439 4384 alius
1468 4346 1480 4382 :
1513 4338 1743 4399 patrem,
1776 4330 1862 4384 in-

276 4422 415 4490 quit,
442 4421 609 4474 habeo
631 4431 937 4492 martyrem.
971 4421 1034 4475 Et
1060 4421 1234 4476 alius:
1265 4437 1441 4503 avum,
1471 4421 1661 4492 inquit,
1692 4421 1862 4475 habeo

1472 259 1561 315 DE
1614 259 1891 320 LAZARO
1928 263 2178 322 CONCIO
2205 265 2294 323 IV.

3409 285 3553 341 1006

1956 379 2284 450 episcopum.
2337 382 2440 437 Alii
2467 399 2578 440 suae
2607 385 2822 442 familia:
2851 387 2984 444 alios
3012 392 3299 462 objiciunt.
3324 394 3540 467 Frigida

1960 480 2087 525 sunt
2128 473 2226 526 ista
2255 475 2439 539 verba,
2471 475 2604 530 nihil
2650 477 2805 532 nobis
2833 479 3058 534 aliorum
3089 481 3255 536 virtus
3284 489 3548 556 prodesse

1961 561 2178 617 valebit.
2231 563 2502 621 Memento
2548 568 2810 638 virginum
2856 571 3102 638 illarum,
3148 588 3267 643 qua:
3309 573 3546 644 quinque

1956 652 2250 723 virginibus
2296 671 2403 710 non
2450 661 2912 715 communicarunt
2955 661 3172 728 oleum,
3204 663 3300 718 sed
3340 667 3421 719 hae
3454 666 3540 718 in-

1955 759 2152 813 grcssae
2178 755 2301 801 sunt
2329 747 2380 801 in
2411 751 2590 818 Sponsi
2623 751 2912 806 thalamum
2939 795 2955 820 ,
3007 754 3112 808 illa:
3141 763 3267 808 sunt
3307 756 3543 810 exclusae

1958 832 2170 906 (Matth.
2199 836 2316 908 25).
2348 837 2543 909 Ingens
2573 840 2768 896 bonum
2793 882 2809 905 ,
2839 843 2892 897 in
2925 843 3027 898 tuis
3056 844 3224 913 ipsius
3249 845 3542 902 benefactis

1955 926 2222 982 collocare
2265 942 2415 999 spem
2463 931 2669 986 salutis.
2720 932 2835 988 Illic
2879 935 3022 989 enim
3071 937 3245 990 nullus
3288 953 3542 1008 umquam

1955 1017 2158 1072 amicus
2185 1019 2290 1074 erit
2333 1019 2554 1077 auxilio.
2586 1021 2718 1076 Nam
2749 1023 2796 1078 si
2826 1023 2912 1079 hic
2939 1024 3075 1080 dixit
3101 1026 3355 1082 Dominus
3381 1028 3540 1085 Jere-

1956 1109 2076 1164 mite
2107 1127 2120 1164 :
2155 1109 2239 1164 Ne
2261 1128 2407 1181 roges
2448 1130 2540 1184 pro
2568 1115 2758 1185 populo
2782 1117 2877 1170 hoc
2901 1116 3048 1188 (Jer.
3079 1119 3132 1174 'l.
3163 1119 3229 1176 16
3251 1115 3414 1192 ),hi¢.
3457 1121 3538 1176 in-

1955 1215 2149 1271 quam,
2197 1201 2286 1257 ubi
2333 1203 2387 1258 in
2436 1213 2701 1273 potestate
2748 1215 2930 1262 nostra
2978 1217 3063 1264 est
3103 1211 3263 1265 vitam
3309 1221 3538 1281 mutare,

1953 1304 2153 1364 quanto
2189 1295 2358 1365 magis
2403 1295 2542 1350 idem
2573 1297 2781 1354 dicetur
2823 1299 2977 1355 illic?
3007 1301 3143 1369 Quid
3173 1303 3252 1356 ais
3271 1305 3296 1356 't
3324 1304 3538 1359 Patrem

1956 1385 2120 1442 habes
2151 1387 2487 1458 martyrem?
2534 1389 2678 1443 Istud
2706 1390 2879 1460 ipsum
2905 1392 3080 1461 potius
3122 1392 3280 1448 faciet
3304 1393 3372 1448 ad
3410 1410 3540 1465 gra-

1955 1476 2158 1532 viorem
2206 1479 2279 1533 tui
2324 1479 2863 1548 condemnationem,
2909 1485 3030 1554 qui,
3077 1500 3198 1538 cum
3231 1485 3428 1540 habeas
3471 1487 3541 1542 ad

1955 1571 2205 1625 virtutem
2233 1572 2484 1641 exempla
2511 1572 2803 1628 domestica
2828 1615 2844 1640 ,
2878 1587 3054 1630 tamen
3097 1584 3150 1630 te
3196 1580 3368 1646 ipsum
3398 1578 3540 1633 indi-

1928 1655 2118 1733 ‘guum
2166 1665 2428 1733 majorum
2471 1675 2680 1721 tuorum
2723 1667 2917 1723 virtute
2959 1669 3294 1738 praestiteris.
3340 1669 3540 1725 Verum

1956 1756 2122 1813 habes
2152 1758 2382 1812 amicum
2413 1761 2682 1830 egregium
2710 1760 3211 1832 admirandamque.
3244 1763 3313 1818 At
3340 1779 3408 1818 ne
3439 1764 3542 1820 iste

1954 1849 2175 1917 quidem
2196 1857 2322 1904 tunc
2346 1850 2440 1905 tibi
2465 1859 2549 1905 est
2567 1850 2868 1906 adfuturus.
2895 1852 3176 1920 Quomodo
3199 1853 3359 1925 igitur
3380 1855 3535 1910 dicit:

1955 1939 2134 1994 Facite
2161 1940 2299 1996 vobis
2324 1941 2513 1996 amicos
2540 1958 2604 1996 ea:
2639 1959 2878 1996 mamona
2926 1944 3240 2013 iniquitatis,
3291 1954 3380 2010 ut,
3421 1961 3540 1998 cum

1955 2034 2237 2106 defeceritis
2257 2075 2271 2098 ,
2317 2035 2566 2106 recipiant
2591 2050 2678 2090 vos
2719 2035 2774 2090 in
2820 2047 3010 2090 wterna
3049 2036 3339 2092 habitacula
3365 2036 3538 2111 (Luc.

1957 2127 2044 2181 16.
2074 2125 2132 2198 9)
2157 2125 2180 2179 ?
2205 2125 2320 2181 Non
2347 2125 2437 2180 hic
2461 2135 2544 2182 est
2572 2127 2807 2182 amicitia
2836 2128 3163 2197 opitulatrix,
3189 2129 3285 2184 sed
3310 2129 3540 2184 eleemo—

1955 2232 2107 2289 syna.
2136 2217 2349 2272 Etenim
2375 2217 2421 2271 si
2447 2217 2560 2272 sola
2591 2218 2937 2273 auxiliaretur
2959 2219 3187 2273 amicitia
3208 2261 3224 2286 ,
3252 2219 3541 2275 dicendum

1956 2321 2161 2366 tantum
2187 2321 2323 2375 erat,
2357 2310 2514 2367 facite
2539 2311 2690 2366 vobis
2717 2312 2920 2367 amicos
2949 2329 2964 2368 :
2993 2327 3132 2366 nunc
3158 2321 3336 2367 autem
3360 2320 3542 2368 osten-

1957 2403 2090 2457 dens
2119 2401 2262 2472 quod
2289 2417 2397 2457 non
2437 2402 2552 2456 sola
2583 2402 2864 2457 subveniat
2907 2403 3138 2457 amicitia
3163 2445 3178 2468 ,
3210 2401 3450 2467 addidit,
3479 2420 3542 2459 es

1957 2509 2195 2546 mamona
2242 2492 2543 2561 iniquitatis.
2570 2493 2647 2546 Ac
2673 2493 2898 2547 fortasse
2943 2491 3139 2547 dixerit
3164 2493 3354 2563 aliquis
3379 2511 3393 2547 :
3417 2509 3544 2563 pos-

1956 2603 2076 2644 sum
2120 2595 2176 2642 et
2215 2586 2418 2657 absque
2449 2600 2698 2640 mamona
2750 2585 3038 2640 conciliare
3085 2587 3314 2640 amicum
3340 2626 3356 2653 ,
3385 2601 3542 2640 eum-

1957 2695 2062 2751 que
2093 2679 2371 2736 meliorem
2420 2694 2580 2749 quam
2608 2695 2674 2734 ex
2724 2693 2996 2733 mamona.
3031 2678 3224 2734 Verum
3257 2679 3331 2734 uti
3375 2680 3544 2735 scires

1958 2771 2100 2841 quod
2143 2770 2486 2843 eleemosyna
2532 2778 2650 2834 est,
2698 2785 2816 2840 quae
2860 2769 3258 2839 patrocinatur,
3303 2785 3544 2840 opusque

1959 2873 2108 2917 tuum
2139 2879 2152 2916 :
2183 2877 2288 2916 non
2314 2860 2631 2930 simpliciter
2654 2859 2707 2914 in
2733 2869 3038 2914 sanctorum
3067 2860 3337 2927 amicitiis,
3365 2862 3458 2916 sed
3487 2862 3544 2917 in

1958 2954 2206 3009 amicitiis
2246 2968 2338 3022 per
2391 2967 2693 3007 mamonam
2738 2954 2903 3022 partis
2944 2953 3102 3022 jussit
3143 2962 3197 3008 te
3247 2953 3537 3014 confidere.

1959 3047 2083 3102 Haec
2109 3047 2267 3116 igitur
2290 3045 2469 3100 omnia
2499 3060 2620 3098 cum
2647 3045 2901 3108 sciamus,
2931 3044 3192 3099 carissimi
3218 3086 3234 3112 ,
3263 3046 3407 3099 omni
3437 3047 3545 3100 sol-

1961 3139 2234 3194 licitudine
2257 3137 2646 3208 prospiciamus
2667 3137 2821 3192 nobis
2847 3137 2995 3205 ipsis,
3019 3146 3073 3191 et
3093 3138 3206 3192 sive
3225 3139 3545 3208 corripimur

1957 3231 2156 3300 gratias
2183 3245 2403 3300 agamus
2427 3269 2442 3294 ,
2487 3230 2600 3283 sive
2645 3229 2998 3298 prosperitate
3038 3228 3263 3284 fruimur
3284 3271 3299 3296 ,
3331 3231 3543 3284 munia-

1960 3341 2081 3380 mus
2109 3339 2206 3379 nos
2232 3325 2397 3393 ipsos,
2429 3323 2765 3392 aliorumque
2792 3321 3062 3392 suppliciis
3094 3322 3215 3378 facti
3242 3323 3545 3393 castigatio-

1961 3431 2072 3482 res,
2097 3431 2191 3485 per
2219 3415 2584 3486 pcenitentiam
2615 3423 2670 3469 et
2691 3413 3182 3485 compunctionem,
3212 3415 3546 3469 continuam-

1961 3523 2065 3578 que
2089 3507 2479 3563 confessionem
2506 3506 2706 3576 gratias
2733 3520 2982 3574 agamus,
3014 3513 3069 3560 et
3091 3505 3136 3559 si
3163 3505 3292 3574 quid
3315 3506 3546 3575 deliqui-

1960 3614 2080 3654 mus
2133 3599 2185 3652 in
2238 3598 2340 3652 hac
2387 3601 2493 3652 vita
2522 3637 2538 3663 ,
2587 3596 2955 3666 deponentes,
3005 3611 3323 3667 summoque
3370 3595 3546 3651 studio

1962 3690 2186 3745 maculis
2237 3689 2484 3743 omnibus
2533 3689 2830 3742 animarum
2898 3695 3204 3741 nostrarum
3255 3687 3544 3753 abstersis,

1961 3781 2307 3836 Obsecremus
2367 3779 2572 3842 Deum,
2619 3787 2678 3832 ut
2741 3776 2992 3832 omnibus
3060 3777 3187 3832 hinc
3235 3777 3546 3847 emigranti-

1962 3874 2061 3928 bus
2109 3874 2180 3927 ita
2218 3872 2481 3927 concedat
2529 3871 2653 3926 illuc
2692 3870 2994 3940 pervenire,
3035 3877 3096 3925 ut
3137 3886 3246 3925 non
3273 3872 3548 3926 veniamus

1964 3965 2016 4019 in
2065 3972 2265 4018 sortem
2312 3961 2514 4026 divitis,
2555 3961 2648 4015 sed
2693 3976 2815 4014 cum
2863 3959 3067 4014 Lazaro
3113 3961 3378 4030 potiamur
3421 3960 3539 4015 sinit

1964 4054 2318 4125 patriarchte,
2363 4053 2527 4122 inque
2572 4050 2726 4106 bonis
2777 4050 3165 4104 immortalibus
3211 4049 3543 4105 deliciemur.

1963 4147 2092 4215 Quae
2124 4145 2277 4200 nobis
2307 4143 2556 4198 omnibus
2582 4142 2791 4212 assequi
2819 4141 3127 4210 contingat,
3169 4141 3337 4211 gratia
3364 4155 3430 4196 ac
3455 4141 3546 4196 be-

1963 4236 2223 4306 nignitate
2251 4233 2462 4288 Domini
2492 4231 2657 4286 nostri
2686 4231 2813 4287 Jesu
2839 4231 3038 4285 Christi
3064 4272 3079 4295 ,
3115 4246 3240 4286 cum
3267 4245 3373 4297 quo
3403 4229 3549 4285 Patri

1965 4339 2019 4383 et
2064 4325 2283 4397 Spiritui
2336 4323 2521 4380 sancto
2569 4323 2734 4394 gloria
2762 4364 2778 4390 ,
2835 4323 2886 4376 iu
2939 4321 3135 4376 satcula
3187 4320 3544 4388 smeulorum,

1967 4424 2157 4477 Amen.

361 4675 442 4716 DE
486 4675 702 4717 DIVITE
747 4675 825 4716 ET
868 4673 1108 4717 LAZARO
1151 4673 1377 4716 CONCIO
1418 4672 1693 4726 QUARTA,
1739 4672 2036 4726 QUODQUE
2079 4667 2489 4714 CONSCIENTIA
2531 4665 2726 4710 SOLET
2759 4664 2872 4707 NOS
2914 4661 3470 4708 COMMONEFACERB

1237 4775 1536 4818 VETEBUM
1578 4773 2013 4828 DELICTORUM,
2045 4772 2203 4816 ΙΤΕΜ
2245 4770 2329 4812 DE
2361 4767 2615 4811 JOSEPU.

1610 4902 2224 4981 Μέδων

354 5055 407 5108 I.
448 5051 600 5120 Quod
639 5058 884 5120 superest
926 5048 994 5103 dc
1032 5047 1219 5103 Lazari
1259 5048 1506 5116 parabola
1531 5089 1546 5114 ,
1591 5062 1870 5102 necessum
1964 5033 2314 5111 decerpserit.
2361 5038 2496 5095 Cum
2546 5038 2706 5108 igitur
2734 5051 2876 5091 nunc
2906 5049 3118 5106 quoque
3145 5034 3354 5090 videam
3387 5045 3550 5088 Vcltrll

283 5154 384 5207 est,
414 5154 474 5197 ut
505 5143 878 5213 persolvamus
903 5140 1084 5194 hodie.
1114 5139 1246 5193 Nam
1272 5155 1366 5194 vos
1403 5139 1626 5194 fortasse
1650 5139 1867 5194 creditis

286 5247 454 5289 totum
484 5235 640 5290 nobis
683 5233 986 5288 absolutum
1012 5246 1155 5286 esse.
1187 5231 1344 5300 Atqui
1375 5246 1476 5300 ego
1523 5246 1626 5283 non
1656 5240 1773 5284 utar
1800 5228 1868 5284 ad

284 5328 507 5382 fallacia:
535 5327 871 5382 occasionem
902 5333 1076 5379 vestra
1127 5323 1421 5392 ignorantia
1451 5365 1465 5388 ,
1500 5337 1676 5391 neque
1723 5322 1868 5392 prius

283 5420 539 5474 desistam
565 5459 581 5488 ,
614 5434 771 5486 quam
805 5426 971 5471 totum
997 5415 1139 5485 quod
1183 5414 1313 5468 mihi
1345 5415 1513 5468 visum
1543 5423 1624 5468 est
1668 5423 1867 5467 tracta-

286 5525 436 5576 vero,
464 5510 640 5580 itaque
687 5509 1006 5563 discessero.
1035 5507 1260 5576 Quando
1300 5506 1512 5576 quidem
1556 5516 1608 5559 et
1638 5505 1868 5574 agnicola

289 5613 634 5673 posteaquam
669 5601 829 5655 totius
855 5601 1025 5654 vinea:
1055 5599 1375 5654 vindemiam
1405 5597 1675 5669 peregerit
1698 5639 1713 5662 ,
1763 5611 1869 5650 non

289 5695 435 5765 prius
464 5693 702 5760 desistit,
748 5706 906 5764 quam
946 5691 1181 5762 singulos
1222 5689 1379 5744 etiam
1411 5689 1642 5744 minutos
1685 5689 1865 5743 acinos

1971 5133 2071 5188 sub
2099 5131 2238 5187 foliis
2265 5131 2438 5186 latere
2480 5144 2670 5184 sensus
2713 5128 2974 5192 OCCllllCa,
3005 5142 3107 5197 age
3139 5136 3194 5182 et
3235 5127 3330 5180 hos
3364 5142 3551 5180 rursus

1971 5227 2256 5297 diligenter
2295 5223 2644 5293 decerpamus
2669 5263 2682 5285 ,
2714 5236 2814 5292 pro
2861 5219 2996 5275 falce
3039 5233 3290 5274 sermone
3319 5227 3548 5272 utentes.

1971 5320 2244 5391 Siquidem
2274 5319 2427 5372 vinea
2479 5325 2597 5383 post
2644 5313 2848 5370 fructus
2891 5313 3059 5368 semel
3098 5328 3128 5366 a
3165 5311 3552 5366 vindemiatore

1973 5412 2216 5466 desectos
2240 5419 2345 5464 stat
2374 5407 2513 5462 nuda
2543 5409 2734 5471 fructu,
2767 5405 2895 5460 nihil
2922 5404 3124 5458 habens
3169 5413 3364 5470 praeter
3390 5401 3558 5459 folia:

1974 5517 2162 5557 verum
2185 5498 2480 5570 spiritualis
2522 5498 2817 5552 divinarum
2841 5494 3236 5563 Scripturarttm
3258 5489 3414 5544 vinea
3440 5500 3551 5538 non

1976 5595 2123 5657 item,
2167 5592 2259 5647 sed
2291 5590 2532 5660 quamvis
2559 5587 2813 5658 quidquid
2841 5584 3121 5639 videbatur
3148 5577 3561 5635 διιδιιιιυιίιιιυδν

1974 5697 2152 5744 tamen
2209 5684 2384 5740 adhuc
2444 5682 2672 5753 auiplius
2722 5688 2963 5748 superest
3025 5677 3342 5736 tollendum.
3374 5677 3559 5748 Itaque
