3860 6224
277 314 412 372 θθθἹ

273 435 378 492 λιν.
415 436 606 490 Πολλοὶ
637 438 766 506 γοῦν
801 439 901 509 μέν
932 440 1022 494 καὶ.
1053 441 1161 513 πρὸ
1187 443 1342 514 ήμῶν
1372 446 1449 508 εἰς
1471 445 1673 514 ταύτην
1698 441 1848 512 εἰρή-

274 538 404 574 κασι
431 521 530 590 τὴν
556 521 831 584 ὑπόθεσιν,
865 523 1050 576 πολλοὶ
1094 527 1188 578 καὶ
1215 527 1334 590 μεθ’
1364 528 1512 598 ἡμᾶς
1539 528 1668 586 ῖσως
1696 523 1851 595 ἐροῦ-

273 621 379 658 σιν·
401 605 518 658 ἀλλ’
545 605 719 670 οὐδεὶς
735 607 828 659 τὸν
863 608 1079 662 ἅπαντα
1107 609 1334 663 πλοῦτον
1364 611 1599 664 κενῶσαι
1629 611 1853 677 δυνήσε-

271 705 384 743 ται.
421 688 656 760 Τοιαύτη
703 691 812 760 γάρ
855 691 956 761 τῆς
998 693 1315 764 περιουσίας
1352 695 1555 765 ταύτης
1591 695 1625 764 ή
1665 693 1846 763 φύσις·

271 773 488 843 ὅσῳπερ
520 771 587 826 ἂν
627 773 930 847 διασκάψῃς
975 778 1033 828 ἐν
1075 776 1152 848 τῷ
1192 777 1368 847 βάθει,
1403 779 1640 848 τοσούτῳ
1691 776 1854 831 πλέον

271 852 564 905 ἀναϐλύσει
585 853 654 907 τά
683 854 800 908 θεῖα
826 857 1091 927 νοήματα·
1127 857 1278 929 πηγὴ
1293 859 1402 930 γάρ
1424 861 1570 912 ἐστιν
1594 859 1852 912 οὐδέποτε

273 936 648 990 ἐπιλείπουσα.

346 1019 452 1072 Καὶ
483 1019 587 1072 ἔδει
612 1019 712 1091 μὲν
734 1023 800 1092 τῇ
833 1021 1076 1094 προτέρᾳ
1113 1023 1330 1090 συνάξει
1358 1024 1517 1077 τοῦτο
1546 1025 1674 1094 ὑμῖν
1716 1026 1853 1078 ἀπο-

272 1101 454 1155 δοῦναι
481 1103 540 1155 τὸ
569 1104 748 1173 χρέος,
787 1104 902 1157 ἀλλ’
934 1107 1035 1158 οὐκ
1058 1107 1299 1176 ἀσφαλὲς
1329 1103 1468 1162 εἶναι
1502 1109 1852 1179 ἐνομίσαμεν,

273 1186 367 1238 τοῦ
403 1188 674 1259 μακαρίου
711 1188 930 1242 Βαϐύλα
965 1190 1057 1242 καὶ
1089 1191 1188 1259 τῆς
1221 1190 1511 1262 ξυνωρίδος
1541 1192 1648 1244 τῶν
1684 1192 1854 1260 ἁγίων

277 1270 570 1342 μαρτύρων
609 1271 718 1324 τῶν
759 1272 877 1342 μετ’
907 1274 1112 1326 ἐκεῖνον
1149 1275 1438 1346 παρελθεῖν
1472 1276 1541 1329 τὰ
1572 1275 1854 1346 κατορθώ-

278 1370 444 1422 ματα.
501 1355 591 1408 Διὸ
630 1356 729 1425 τὴν
768 1356 1072 1428 καταϐολὴν
1112 1357 1511 1430 ὑπερεθέμεθα,
1558 1361 1855 1431 τηροῦντες

273 1439 355 1499 εἰς
399 1438 496 1506 τὴν
522 1440 804 1509 παροῦσαν
837 1442 966 1509 ὑμῖν
993 1442 1208 1512 ἡμέραν
1250 1443 1546 1513 ὁλόκληρον
1585 1444 1684 1514 τὴν
1711 1445 1856 1497 ἐκτι-

277 1539 381 1574 σιν.
411 1522 545 1591 Φέρε
573 1519 688 1586 οὖν,
720 1525 906 1596 ἐπειδὴ
931 1526 1022 1579 καὶ
1049 1527 1163 1588 τοῖς
1188 1526 1430 1598 πατράσι
1457 1527 1556 1592 τὰς
1580 1529 1855 1599 εὐφημίας

275 1604 716 1676 ἀποδεδώκαμεν,
745 1609 806 1661 οὐ
839 1608 938 1671 τὰς
970 1609 1092 1663 κατ’
1122 1610 1281 1673 ἀξίαν
1312 1611 1410 1682 τὴν
1435 1612 1684 1678 ἐκείνων,
1721 1612 1856 1666 ἀλλά

273 1688 374 1751 τὰς
397 1689 539 1743 κατὰ
568 1690 798 1761 δύναμιν
824 1692 922 1763 τὴν
954 1693 1250 1764 ἡμετέραν,
1279 1696 1569 1768 ἀποδῶμεν
1602 1699 1696 1751 καὶ
1726 1698 1856 1766 ὑμῖν

274 1773 370 1826 τοῦ
399 1774 736 1846 διηγήματος
775 1778 962 1831 τούτου
1000 1779 1061 1832 τὸ
1092 1778 1366 1848 λείψανον.
1405 1781 1568 1834 Ἀλλά
1604 1782 1678 1854 μὴ
1717 1784 1856 1835 ἀπο-

277 1859 511 1929 κάμητε,
543 1859 648 1923 ἐως
687 1860 754 1913 ἂν
786 1862 924 1932 πρὸς
973 1862 1034 1914 τὸ
1073 1863 1225 1925 τέλος
1254 1863 1602 1934 ἀφικώμεθα,
1649 1866 1863 1919 ἐκεῖθεν

276 1944 639 2007 ἀναλαϐόντες
696 1945 787 1999 τὸν
849 1945 1037 2015 λόγον,
1090 1947 1218 2000 ἔνθα
1271 1949 1435 2001 αὐτὸν
1495 1950 1857 2021 κατελίπομεν

278 2027 491 2098 πρώην.
526 2029 637 2082 Ποῦ
672 2029 729 2083 δέ
751 2030 914 2084 αὐτὸν
942 2032 1339 2102 κατελίπομεν;
1378 2035 1466 2087 Ἑν
1502 2035 1580 2106 τῷ
1617 2036 1857 2106 χάσματι

277 2110 355 2182 τῷ
375 2112 661 2184 διείργοντι
687 2116 813 2178 τοὺς
837 2115 1080 2179 δικαίους
1109 2116 1216 2169 ἀπὸ
1241 2118 1350 2170 τῶν
1379 2119 1738 2189 ἁμαρτωλῶν.
1768 2121 1864 2173 Εἰ·-

279 2195 471 2259 πόντος
512 2196 620 2266 γὰρ
655 2198 750 2250 τοῦ
794 2198 1071 2260 πλουσίου,
1127 2199 1376 2269 Πέμψον·
1404 2200 1689 2271 Λάζαρον,
1736 2199 1857 2258 εἶπε

281 2279 417 2349 πρὸς
464 2281 625 2333 αὐτὸν
655 2283 684 2334 6
732 2280 1003 2353 Ἀϐραάμ·
1053 2282 1209 2349 Χάος
1248 2295 1274 2324 ιι
1315 2285 1471 2353 μέγα
1515 2284 1858 2354 ἐστήρικται

272 2363 504 2434 μεταξὺ
538 2364 707 2432 ἡμῶν
734 2365 833 2419 καὶ
865 2366 1052 2435 ὑμῶν,
1081 2367 1238 2434 ὅπως
1265 2372 1323 2422 οἱ
1341 2369 1623 2435 θέλοντες
1653 2369 1862 2439 διαϐῆ-

277 2466 376 2502 ναι
401 2448 630 2501 ἐκεῖθεν
656 2452 804 2516 πρὸς
838 2450 1016 2518 ἡμᾶς,
1044 2451 1131 2519 μὴ
1155 2451 1467 2517 δύνωνται,
1493 2454 1650 2522 μηδὲ
1679 2457 1732 2507 οἱ
1764 2455 1860 2506 ἐν.

278 2533 490 2587 τεῦθεν
511 2532 636 2585 ἐκεῖ
664 2531 1008 2600 διαπερῶσι.
1049 2534 1156 2586 Καὶ
1182 2535 1496 2605 ἐδείκνυμεν
1535 2537 1624 2590 διὰ
1648 2537 1859 2590 πολλῶν

278 2617 387 2669 τῶν
416 2615 741 2686 εἰρημένων,
771 2616 845 2678 ὡς
873 2617 955 2670 ὅτι
990 2615 1130 2686 μετὰ
1152 2618 1249 2687 τὴν
1285 2619 1380 2672 τοῦ
1405 2619 1538 2673 Θεοῦ
1566 2620 1864 2691 φιλανθρω-

279 2699 434 2758 πίαν,
476 2702 534 2751 ἐν
573 2703 683 2762 τοῖς
711 2699 930 2762 οἰκείοις
970 2699 1357 2770 κατορθώμασι
1385 2701 1484 2764 τὰς
1507 2702 1726 2767 ἐλπίδας
1758 2705 1860 2775 τῆς

283 2783 557 2854 σωτηρίας
590 2783 734 2852 ἔχειν
767 2783 898 2853 χρὴ,
940 2783 1014 2854 μὴ
1063 2784 1305 2855 πατέρας
1346 2787 1440 2839 καὶ
1477 2786 1734 2850 πάππους
1767 2789 1862 2842 καὶ

280 2867 633 2930 ἐπιπάππους
661 2866 1047 2938 ἁριθμοῦντας,
1081 2867 1214 2938 μηδέ
1247 2871 1526 2936 συγγενεῖς
1551 2871 1644 2924 καὶ
1674 2871 1861 2940 φίλους

281 2951 378 3004 καὶ
425 2950 656 3014 οἰκείους
699 2950 793 3002 καὶ¹
832 2951 1097 3018 γείτονας·
1155 2950 1434 3020 Ἀδελφός
1487 2953 1594 3024 γὰρ
1640 2957 1712 3008 οὐ
1756 2961 1862 3010 λυ-

281 3034 542 3102 τροῦται·
599 3033 969 3101 λυτρώσεται
1028 3033 1373 3103 ἄνθρωπος;
1441 3036 1578 3089 Ἀλλ’
1642 3038 1742 3090 ὅσα
1796 3038 1862 3092 ἂν

281 3118 706 3187 παρακαλέσωσι
742 3119 834 3171 καὶ
860 3119 1319 3172 καθικετεύσωσιν
1353 3122 1425 3173 οἱ·
1449 3121 1583 3190 μετά
1617 3124 1864 3195 ἁμαρτη-

284 3202 472 3272 μάτων
512 3201 764 3255 ἐντεῦθεν
808 3201 1156 3268 ἀπελθόντες,
1192 3204 1370 3257 πάντα
1398 3205 1518 3274 είκῆ
1562 3205 1657 3259 καὶ
1685 3206 1864 3278 μάτην

280 3287 468 3340 λοιπὸν
499 3287 704 3356 ἐροῦσι.
751 3286 863 3340 Καὶ
900 3285 1010 3356 γὰρ
1042 3287 1097 3338 αἱ
1140 3287 1400 3360 παρθένοι
1437 3289 1493 3340 αἱ
1525 3288 1685 3341 πέντε
1725 3308 1865 3362 παρ-

280 3370 552 3424 εκάλεσαν
581 3369 681 3433 τάς
711 3369 979 3439 ὁμήλικας
1008 3369 1150 3440 ὑπὲρ
1183 3369 1386 3428 ἐλαίου.
1419 3371 1515 3425 καὶ
1543 3372 1644 3424 οὐκ
1670 3373 1866 3426 ἐπέτυ-

283 3469 398 3525 χον·
431 3453 524 3507 καὶ⁵
547 3452 576 3503 ὁ
601 3451 662 3504 τὸ
683 3451 944 3507 τάλαντον
971 3453 1328 3524 κατακρύψας
1351 3455 1410 3507 τὺ
1438 3457 1496 3507 ἐν
1527 3459 1593 3526 τῇ
1619 3461 1710 3527 γῇ.
1737 3457 1872 3511 πολ-ι

282 3537 353 3590 λά
382 3537 880 3607 ἀπολογησάμενος,
912 3537 1208 3609 κατεκρίθη
1238 3539 1416 3590 πάλιν·
1441 3540 1536 3592 καὶ
1559 3541 1610 3593 οί
1646 3540 1718 3609 μὴ
1741 3541 1873 3612 θρέ-

280 3622 485 3692 ψαντες
533 3621 692 3673 αὐτὸν
736 3619 1032 3683 πεινῶντα,
1075 3620 1210 3690 μηδέ
1257 3622 1576 3686 ποτίσαντες
1605 3623 1870 3693 διψῶντα,

283 3707 383 3761 καὶ
427 3707 582 3760 αὐτοὶ
619 3705 903 3769 δοκοῦντες
952 3707 1032 3764 εἰς
1079 3704 1301 3774 ἄγνοιαν
1345 3708 1732 3776 καταφεύγειν,
1757 3711 1866 3763 οὐδ’

285 3799 486 3852 ἐκεῖνοι
521 3796 850 3866 συγγνώμης
876 3797 970 3850 καὶ
996 3795 1292 3864 ἀπολογίας
1321 3796 1530 3868 ἐτυχον.
1561 3799 1779 3869 Ἕτεροι
1809 3801 1868 3852 δέ

284 3882 408 3937 οὐδὲ
441 3883 610 3933 εἰπεῖν
644 3898 696 3932 τι
738 3877 984 3949 ἴσχυσαν,
1019 3878 1207 3950 ὥσπερ
1241 3880 1449 3943 ἐκεῖνος
1482 3883 1510 3933 ό
1544 3880 1615 3934 τὰ
1647 3881 1875 3953 ῥυπαρά

285 3963 638 4034 ἐνδεδυμένος
675 3963 884 4034 ἱμάτια·
929 3961 1333 4033 ἐγκαλούμενος
1373 3964 1480 4034 γὰρ
1522 3963 1702 4032 ἐσίγα.
1758 3965 1870 4036 Οὐχ

287 4044 440 4113 οὗτος
469 4048 526 4101 δὲ
550 4047 730 4118 μόνον,
755 4046 890 4102 ἀλλά
927 4049 1022 4100 καὶ
1051 4047 1208 4110 ἄλλος
1234 4047 1310 4118 τῷ
1345 4047 1572 4118 πλησίον
1607 4066 1872 4120 μνησικα-

288 4133 488 4202 κήσας,
539 4133 632 4184 καὶ
685 4131 879 4185 ἐκατὺν
921 4132 1232 4201 ἀπαιτήσας
1275 4131 1526 4203 δηνάρια,
1580 4129 1696 4186 εἶτα
1730 4134 1870 4204 ὺπέρ

288 4216 492 4270 τούτων
532 4215 710 4270 αὐτῶν
747 4215 898 4285 παρὰ
926 4214 1019 4267 τοῦ
1057 4215 1317 4268 δεσπότου
1345 4215 1749 4287 ἐγκαλούμενος
1776 4217 1870 4268 ἐπὶ

287 4301 533 4372 ὠμότητι
562 4301 656 4354 καὶ
689 4298 1069 4371 ἀπανθρωπίᾳ,
1096 4299 1248 4353 οὐδὲν
1283 4299 1443 4371 ἔσχεν
1474 4303 1664 4354 εἰπεῖν.
1708 4302 1870 4354 Ὅθεν

287 4386 471 4458 δῆλον,
505 4386 588 4438 ὅτι
633 4384 783 4438 οὐδὲν
830 4382 990 4454 ἡμῶν
1031 4385 1149 4436 ἐκεῖ
1175 4386 1562 4455 προστήσεται,
1592 4385 1684 4438 ἐὰν
1733 4385 1870 4455 ἔργα

294 4471 372 4543 μὴ
414 4471 624 4539 ἔχωμεν
673 4467 875 4536 ἀγαθά·
931 4466 1046 4519 ἀλλ’
1077 4467 1143 4520 ἄν
1188 4485 1246 4519 τε
1288 4467 1728 4538 καθικετεύωμεν
1779 4470 1872 4520 καὶ

291 4553 723 4628 παρακαλῶμεν,
749 4553 813 4606 ἄν
846 4569 905 4604 τε
931 4550 1194 4621 σιγῶμεν,
1224 4551 1426 4622 ὁμοίως
1452 4554 1537 4622 ἐφ’
1573 4555 1721 4622 ἡμᾶς
1751 4552 1870 4623 ἥξει

291 4643 361 4696 τὰ
399 4642 498 4711 τῆς
531 4639 806 4702 κολάσεως
848 4638 942 4690 καὶ
983 4637 1084 4706 τῆς
1117 4635 1406 4706 τιμωρίας.
1437 4638 1705 4690 Ἄκουσον
1740 4637 1871 4705 γοῦν

293 4727 413 4789 πῶς
459 4725 553 4778 καλ⁵
581 4717 735 4784 οὗτος
769 4722 1000 4792 αἰτήσας
1041 4721 1286 4790 αἰτήσεις
1329 4719 1422 4772 δύο
1465 4720 1556 4772 τὸν
1598 4720 1869 4791 Ἀϐραὰμ,

291 4810 621 4881 ἀμφοτέρων
649 4807 908 4876 ἀπέτυχε.
940 4803 1210 4876 Πρότερον
1235 4805 1334 4875 μέν
1360 4804 1468 4875 γὰρ
1501 4805 1640 4876 ὑπὲρ
1679 4805 1870 4859 ἐαυτοῦ

290 4895 392 4965 τὴν
421 4893 703 4964 ἱκετηρίαν
755 4891 989 4944 ἐποιεῖτο
1037 4889 1230 4957 λέγων,
1279 4888 1529 4956 Πέμψον
1582 4888 1868 4958 Λάζαρον·

295 4977 524 5049 ὕστερον
573 4977 630 5029 δέ
684 4976 785 5028 οὐκ
827 4974 908 5028 ἔτι
949 4974 1090 5043 ὑπὲρ
1143 4972 1360 5036 ἐαυτοῦ,
1407 4971 1546 5026 ἀλλά
1593 4975 1734 5046 ὑπὲρ
1766 4975 1874 5028 τῶν

294 5063 565 5131 ἀδελφῶν·
588 5061 726 5114 ἀλλὰ
758 5059 1017 5129 οὐδεμίαν
1042 5060 1237 5129 ἤνυσεν
1265 5057 1503 5127 αἴτησιν.
1548 5058 1610 5110 Ἢ
1641 5059 1739 5128 μὲν
1765 5059 1874 5128 γάρ

292 5145 365 5218 ἦν
387 5146 650 5209 ἀδύνατος
683 5146 716 5214 ἠ
757 5143 1018 5215 προτέρα,
1051 5142 1200 5214 [755]
1230 5144 1262 5213 ὴ
1287 5142 1515 5214 δευτέρα
1550 5142 1608 5195 δέ
1648 5144 1873 5214 περιττὴ

295 5231 334 5300 ἡ
368 5229 507 5300 ὑπὲρ
536 5229 643 5282 τῶν
673 5227 934 5296 ἀδελφῶν.
966 5226 1112 5296 Πλὴν
1135 5225 1290 5290 ἀλλά,
1315 5226 1364 5278 εἰ
1393 5224 1557 5288 δοκεῖ,
1581 5225 1677 5278 καὶ
1697 5225 1876 5279 αὐτῶν

296 5313 623 5383 ἀκούσωμεν
679 5311 788 5364 τῶν
837 5310 1094 5380 ῥημάτων
1135 5308 1273 5378 μετά
1322 5307 1523 5378 πολλῆς
1570 5309 1671 5378 τῆς
1713 5325 1876 5362 σπου-

294 5398 398 5469 δῆς
434 5396 484 5452 ι’.
535 5397 598 5450 EE
647 5395 757 5464 γὰρ
803 5394 1060 5466 ἄρχοντος
1097 5395 1154 5446 ἐν
1197 5393 1372 5463 ἀγορᾷ
1414 5393 1556 5466 μέσῃ
1585 5393 1876 5447 κατάδικον

297 5481 622 5550 ἀγαγόντος,
650 5481 743 5531 καὶ
771 5477 997 5548 δημίους
1021 5479 1471 5547 περιστήσαντος,
1498 5477 1592 5530 καὶ
1626 5476 1878 5542 καταξαί-

296 5581 481 5625 νοντος
521 5564 610 5616 τὸν
645 5561 966 5623 ὑπεύθυνον,
1015 5560 1154 5631 μετὰ
1185 5560 1386 5631 πολλῆς
1424 5560 1524 5631 τῆς
1568 5561 1877 5632 προθυμίας

300 5648 686 5718 συντρέχουσιν
724 5645 962 5707 ἅπαντες
1007 5644 1234 5699 ἀκοῦσαι
1267 5645 1598 5718 βουλόμενοι,
1623 5647 1676 5702 τί
1720 5649 1818 5720 μέν
1849 5649 1878 5702 6

363 5743 392 5804 9
417 5741 514 5798 Alii
539 5740 720 5804 χάσμα.

366 5803 396 5845 δ
417 5805 518 5856 Alii
538 5799 621 5862 τῆς
639 5799 896 5865 ἀκριϐείας.

1475 321 1558 376 DE
1600 318 1878 376 LAZARO
1914 321 2175 379 CONCIO
2214 323 2304 379 IV.

3411 324 3546 380 1008

1958 441 2219 514 δικαστὴς
2251 446 2454 516 ἐρωτᾷ,
2479 444 2531 496 τί
2559 443 2616 497 δέ
2638 445 2667 495 ό
2696 441 2984 504 κατάδικος
3019 439 3390 509 ἀποκρίνεται·
3424 441 3551 494 πολ-

1960 527 2036 598 λῷ
2072 529 2272 598 μᾶλλον
2302 528 2536 582 ἐνταῦθα
2577 527 2714 599 μετά
2750 526 3038 597 ἀκριϐείας
3071 524 3292 578 ἀκούειν
3331 525 3458 596 χρὴ,
3493 524 3552 578 τί

1963 613 2064 684 μὲν
2099 613 2126 664 6
2154 613 2444 676 κατάδικος
2473 605 2652 675 οὗτος,
2679 614 2708 664 ὁ
2735 609 2987 672 πλούσιος
3018 609 3184 676 λέγω.
3220 608 3380 673 ἀξιοῖ,
3409 609 3463 661 τί
3490 608 3550 662 δὲ

1960 699 1988 750 6
2017 698 2222 762 δίκαιος
2253 697 2510 767 δικαστὴς
2535 695 2890 766 ἀποκρίνεται
2913 693 3002 746 διὰ.
3035 694 3130 746 τοῦ
3164 692 3434 764 Ἀϐραάμ.
3470 693 3548 745 (Ιύ

1959 781 2071 850 γὰρ
2101 783 2130 835 6
2161 782 2506 852 πατριάρχης
2533 776 2602 850 ἦν
2623 781 2652 832 δ
2682 777 2940 841 δικάζων.
2963 778 3014 830 εἰ
3039 778 3135 830 καὶ
3166 775 3332 840 αὐτὸς
3351 775 3552 844 ἐφθέγο

1960 880 2107 931 γετο·
2146 864 2260 918 ἀλλ’
2295 858 2483 934 ὥσπερ
2515 865 2608 916 ἐπὶ
2634 863 2744 914 τῶν
2781 860 2981 925 ἔξωθεν
3023 860 3394 930 δικαστηρίων
3423 858 3551 913 τού-

1961 966 2089 1015 των,
2115 950 2242 1003 ὃταν
2285 943 2386 1000 ὧσί
2425 965 2572 1010 τινες
2603 945 2894 1000 ὑπεύθυνοι
2929 944 3124 1018 λῃσταὶ
3171 945 3267 997 καὶ
3293 944 3553 1022 ἀνδροφό-

1961 1050 2064 1093 νοι,
2105 1033 2301 1104 πόρρω
2323 1033 2420 1100 τῆς
2449 1029 2624 1100 ὅψεως
2661 1030 2753 1082 τοῦ
2789 1028 3102 1092 δικάζοντος
3140 1027 3553 1096 ἀποστήσαντες

1961 1115 2180 1179 τούτους
2210 1118 2259 1168 οἱ
2279 1115 2456 1184 νόμοι,
2485 1114 2584 1183 τῆς
2607 1111 2702 1166 τοῦ
2733 1111 3012 1184 κρίνοντος
3035 1112 3137 1163 οὐκ
3162 1111 3551 1181 ἐπιτρέπουσιν

1961 1198 2193 1252 ἀκοῦσαι
2233 1198 2435 1267 φωνῆς.
2468 1196 2570 1250 κᾶν
2615 1195 2791 1265 τούτῳ
2833 1193 2972 1264 μετά
3000 1193 3109 1246 τῶν
3139 1193 3314 1247 ἄλλων
3353 1195 3552 1253 αὐτοὺς

1963 1281 2342 1352 ἀτιμάζοντες,
2380 1279 2514 1333 ἀλλά
2536 1278 2701 1349 μέσος
2724 1296 2808 1341 τις
2831 1278 3072 1330 διακονεῖ
3097 1279 3219 1340 ταῖς
3248 1279 3549 1348 ἐρωτήσεσι

1961 1364 2054 1417 τοῦ
2083 1361 2416 1426 δικάζοντος,
2457 1363 2548 1415 καὶ
2588 1363 2710 1423 ταῖς
2751 1359 3079 1431 ἀποκρίσεσι
3119 1359 3228 1413 τῶν
3268 1359 3553 1430 δικαζομέ-

1963 1465 2070 1502 νων
2093 1459 2141 1486 ε·
2171 1446 2314 1501 οὓτω
2348 1447 2411 1518 δὴ
2439 1446 2535 1498 καί⁵
2559 1446 2681 1498 τότε
2712 1442 2939 1512 ἐγίνετο.
2979 1445 3054 1496 Οὐ
3081 1444 3177 1497 τοῦ
3203 1443 3340 1496 Θεοῦ
3379 1443 3552 1513 φθεγ-

1963 1531 2196 1603 γομένου
2227 1530 2364 1600 πρὸς
2396 1529 2558 1582 αὐτὸν
2582 1529 2782 1598 ήκουεν
2813 1531 2841 1580 6
2880 1528 3191 1592 κατάδικος,
3221 1528 3357 1582 ἀλλά
3390 1529 3552 1598 μέσος

1962 1609 2030 1684 ἦν
2059 1616 2087 1666 ὁ
2122 1612 2392 1684 Ἀϐραάμ,
2417 1611 2485 1665 τὰ
2507 1610 2660 1682 παρά
2684 1610 2780 1663 τοῦ
2801 1611 3118 1675 δικάζοντος
3134 1611 3551 1682 διακονούμενος

1963 1698 2041 1768 τῷ
2077 1697 2436 1768 δικαζομένῳ.
2465 1696 2540 1748 Οὐ
2567 1694 2676 1766 γὰρ
2711 1695 2923 1748 οῖκοθεν
2951 1695 3136 1765 ἐλεγεν
3166 1696 3309 1767 άπερ
3342 1696 3552 1764 ἔλεγεν,

1964 1782 2101 1835 ἀλλά
2123 1782 2300 1844 θείους
2323 1779 2656 1849 ἀνεγίνωσκε
2679 1779 2878 1850 νόμους
2905 1779 3075 1850 αὐτῷ,
3104 1782 3201 1833 καὶ
3224 1780 3320 1842 τὰς
3347 1779 3553 1834 ἄνωθεν

1965 1865 2271 1936 φερομένας
2299 1864 2482 1933 ἔλεγεν
2503 1860 2828 1931 ἀποφάσεις.
2856 1862 3054 1935 Διόπερ
3079 1857 3234 1928 οὗτος
3260 1863 3382 1916 οὐδὲ
3405 1864 3552 1916 ἀντι-

1967 1949 2148 2017 λέγειν
2180 1944 2313 2018 εἶχε.

2038 2033 2102 2102 β’.
2123 2031 2487 2102 Προσέχωμεν
2503 2030 2686 2085 τοίνυν
2718 2033 2854 2106 μετὰ
2870 2031 3156 2102 ἀκριϐείας
3180 2032 3293 2092 τοῖς
3318 2028 3554 2098 λεγομέ-

1965 2132 2096 2178 νοις.
2133 2114 2243 2168 Kal
2269 2113 2380 2186 γάρ
2413 2113 2668 2186 ἐπίτηδες
2700 2114 3020 2186 ἐνδιατρίϐω
3064 2113 3236 2187 ταύτῃ
3267 2115 3333 2184 τῇ
3371 2129 3552 2182 παρα-ο

1965 2198 2116 2268 ϐολῇ.
2184 2199 2276 2251 καὶ
2342 2199 2608 2270 τετάρτην
2677 2199 2892 2271 ἡμέραν
2953 2197 3114 2268 ἔχων,
3183 2196 3388 2266 ταύτης
3450 2195 3557 2248 οὐκ

1965 2281 2294 2352 ἀφίσταμαι,
2342 2280 2530 2352 ἐπειδὴ
2579 2283 2673 2335 καὶ
2706 2281 2842 2335 πολὺ
2887 2279 2946 2333 τὸ
2998 2280 3188 2351 κέρδος
3241 2281 3305 2332 ἐκ
3361 2277 3552 2330 τούτου

1964 2365 2058 2417 τοῦ
2087 2365 2420 2434 διηγήματος
2444 2363 2554 2434 ὁρῶ
2581 2365 2868 2435 γινόμενον
2897 2364 2992 2416 καὶ
3021 2362 3302 2424 πλουσίοις
3334 2360 3430 2414 καὶ
3458 2361 3554 2411 πέ-

1965 2466 2112 2516 νησι.
2147 2450 2241 2502 καὶ
2271 2452 2382 2511 τοῖς
2414 2449 2553 2520 ὺπέρ
2582 2449 2678 2519 τῆς
2707 2447 2818 2501 τῶν
2845 2447 3096 2518 πονηρῶν
3130 2444 3433 2516 εὐπραγίας
3460 2444 3557 2497 καὶ

1964 2534 2066 2603 τῆς
2107 2533 2216 2585 τῶν
2248 2532 2472 2585 δικαίων
2501 2533 2694 2595 πενίας
2733 2533 2828 2586 καὶ
2854 2531 3085 2600 θλίψεως
3113 2529 3552 2601 θορυϐουμένοις.

1967 2615 2079 2668 Καὶ
2099 2614 2208 2685 γὰρ
2237 2616 2388 2668 οὐδὲν
2416 2614 2560 2668 οὕτω
2588 2615 2716 2677 τοὺς
2740 2615 2970 2678 πολλοὺς
2997 2613 3371 2677 σκανδαλίζειν
3397 2612 3556 2664 εἴωθε

1968 2699 2064 2752 καὶ
2096 2701 2404 2770 ταράττειν,
2443 2699 2518 2760 ὼς
2555 2698 2616 2750 τὸ
2650 2698 2941 2761 πλουσίους
2981 2699 3040 2752 ἐν
3074 2697 3312 2768 πονηρίᾳ
3345 2695 3556 2760 ζῶντας

1969 2783 2270 2854 εὐημερίας
2299 2781 2593 2836 ἀπολαύειν
2620 2782 2840 2853 πολλῆς,
2870 2783 2967 2835 καὶ
2997 2781 3239 2844 δικαίους
3263 2780 3401 2851 μετά
3423 2781 3556 2850 ἀρε-

1968 2867 2067 2936 τῆς
2085 2865 2295 2930 ζῶντας
2314 2864 2452 2935 πρὸς
2467 2867 2702 2936 ἐσχάτην
2715 2864 3036 2918 ἐλαύνεσθαι
3056 2864 3266 2927 πενίαν,
3283 2864 3377 2916 καὶ
3389 2863 3559 2934 ἕτερα.

1971 2951 2140 3020 μυρία
2170 2951 2268 3019 τῆς
2291 2948 2484 3012 πενίας
2517 2950 2812 3020 ὑπομένειν
2833 2947 3190 3020 χαλεπώτερα
3219 2948 3557 3018 πράγματα..

2054 3030 2215 3084 Ἀλλά
2247 3029 2387 3102 αὕτη
2418 3033 2576 3103 ἱκανὴ
2603 3035 2636 3103 ὴ
2667 3032 2952 3104 παραϐολὴ
2984 3033 3285 3104 παρασχεῖν
3314 3031 3384 3083 τά
3413 3032 3558 3102 φάρ-

1974 3132 2147 3186 μακα,
2179 3115 2305 3177 τοὺς
2333 3114 2433 3185 μὲν
2467 3115 2833 3180 πλουτοῦντας
2878 3113 3308 3186 σωφρονίζουσα,
3336 3115 3465 3177 τοὺς
3497 3113 3560 3166 δὲ

1973 3199 2213 3268 πένητας
2261 3199 2748 3270 παραμυθουμένη·
2793 3201 3040 3263 ἐκείνους
3091 3201 3188 3271 μέν
3225 3197 3558 3252 παιδεύουσα

1976 3282 2050 3353 μὴ
2085 3282 2226 3352 μέγα
2265 3285 2502 3353 φρονεῖν,
2546 3283 2673 3346 τοὺς
2710 3282 2767 3335 δὲ
2806 3284 3044 3354 πένητας
3083 3281 3561 3354 παραμυθουμένη

1973 3366 2066 3418 ἐπὶ
2123 3368 2235 3428 τοῖς
2275 3365 2534 3438 παροῦσι·
2585 3366 2874 3429 κάκείνους
2923 3367 3022 3436 μὲν
3061 3366 3136 3437 μὴ
3190 3364 3562 3436 μεγαλαυχεῖν

1974 3449 2235 3502 πείθουσα
2255 3448 2304 3512 ἀ,
2351 3449 2478 3501 ὅταν
2518 3449 2947 3520 πονηρευόμενοι
2991 3449 3068 3520 μὴ
3111 3448 3272 3502 δῶσιν
3323 3447 3564 3501 ἐνταῦθα.

1973 3535 2152 3606 δίκην,
2189 3534 2266 3596 ὡς
2294 3533 2684 3605 χαλεπωτάτης
2723 3533 3181 3606 ἀπαντησομένης
3227 3533 3411 3596 αὐτοῖς
3440 3534 3565 3585 ἐκεί

1974 3617 2076 3687 τῆς
2103 3617 2395 3688 τιμωρίας·
2422 3617 2644 3680 τούτους
2664 3618 2721 3670 δὲ
2747 3617 3162 3689 παρακαλοῦσα,
3192 3617 3266 3688 μὴ
3300 3619 3421 3680 ταῖς
3441 3616 3558 3669 ἐτέ-

1980 3719 2089 3772 ρων
2130 3701 2458 3771 εὐπραγίαις
2508 3700 2874 3772 θορυϐεῖσθαι,
2930 3701 3065 3773 μηδὲ
3107 3699 3351 3772 νομίζειν
3392 3702 3567 3770 ἀπρο-

1976 3785 2143 3854 νόητα
2173 3780 2311 3836 εἶναι
2343 3785 2410 3837 τὰ
2435 3785 2558 3838 καθ’
2590 3786 2759 3854 ἡμᾶς,
2793 3786 2920 3840 ὅταν
2957 3786 3167 3848 δίκαιος
3199 3786 3298 3856 μὲν
3325 3786 3566 3839 ἐνταῦθα

1977 3867 2162 3936 πάσχῃ
2219 3865 2426 3929 κακῶς,
2478 3867 2715 3937 πονηρὸς
2753 3867 2812 3920 δέ
2858 3869 2952 3921 καὶ
3013 3868 3208 3938 μιαρὸς
3271 3868 3566 3940 ἄνθρωπος

1977 3949 2280 4020 εὐημερίας
2332 3947 2580 4021 ἀπολαύῃ
2624 3950 2924 4020 διηνεκοῦς.
2977 3951 3302 4023 Ἀμφότεροι
3349 3951 3458 4021 γὰρ
3498 3953 3570 4006 τὸν

1978 4035 2099 4088 κατ’
2145 4033 2302 4099 ἀξίαν
2333 4032 2706 4102 ἀπολήψονται
2748 4034 2886 4098 ἐκεῖ,
2924 4036 2953 4088 6
2983 4036 3080 4105 μὲν
3109 4037 3236 4098 τοὺς
3262 4036 3566 4103 στεφάνους

1976 4118 2078 4187 τῆς
2105 4116 2384 4187 ὑπομονῆς
2421 4116 2517 4169 καὶ
2553 4117 2653 4186 τῆς
2685 4117 3004 4188 καρτερίας,
3038 4119 3067 4170 6
3097 4118 3154 4171 δὲ
3180 4119 3278 4182 τὰς
3307 4119 3568 4184 κολάσεις

1978 4203 2074 4255 καὶ
2105 4200 2204 4263 τὰς
2240 4199 2512 4271 τιμωρίας
2550 4199 2652 4270 τῆς
2688 4200 2972 4272 πονηρίας.
3003 4200 3224 4274 Ταύτην
3253 4202 3351 4273 τὴν
3379 4219 3561 4275 παρα-

1979 4283 2140 4355 ϐολὴν
2160 4283 2472 4353 ἐγγράψατε
2508 4283 2604 4336 καλ⁵
2629 4282 2872 4336 πλούσιοι
2907 4285 3002 4338 καὶ
3025 4285 3278 4357 πένητες·
3314 4286 3567 4340 πλούσιοι
3669 4306 3676 4311 ’

1979 4370 2036 4422 ἐν
2083 4371 2193 4431 τοῖς
2235 4366 2434 4434 τοίχοις
2477 4367 2577 4437 τῆς
2611 4368 2878 4440 ὑμετέρας
2921 4369 3121 4439 οἰκίας,
3160 4370 3392 4440 πένητες
3419 4371 3477 4424 δέ
3504 4374 3566 4424 ἐν

1977 4455 2092 4517 τοῖς
2119 4452 2317 4522 τοίχοις
2353 4451 2454 4521 τῆς
2481 4451 2742 4514 διανοίας·
2773 4451 2876 4505 κᾶν
2901 4452 3193 4524 ἐξαλειφθῇ
3232 4471 3364 4506 ποτε
3390 4453 3567 4526 λήθης

1981 4535 2360 4606 ἐγγινομένης,
2413 4534 2734 4606 ἐπιχρίσατε
2799 4535 2962 4590 πάλιν
3016 4535 3106 4590 διὰ
3172 4536 3274 4605 τῆς
3341 4538 3564 4607 μνήμης

1979 4620 2207 4675 ἀνωθεν.
2241 4619 2460 4674 Μᾶλλον
2489 4619 2547 4672 δὲ
2573 4621 2666 4672 καὶ
2693 4621 2741 4673 οἱ
2765 4620 3010 4674 πλούσιοι
3041 4621 3149 4692 πρὸ
3169 4621 3271 4690 τῆς
3295 4621 3472 4685 οἰκίας
3503 4624 3566 4675 ἐν

1981 4707 2047 4775 τῇ
2082 4703 2288 4773 διανοίᾳ
2311 4702 2670 4773 διαγράψατε,
2704 4703 2799 4756 καὶ
2827 4703 3067 4774 συνεχῶς
3093 4704 3442 4775 περιφέρετε,
3470 4706 3572 4759 καὶ.

1982 4789 2136 4841 ἐσται
2181 4786 2554 4840 διδασκαλεῖον
2614 4787 2744 4856 ὑμῖν
2799 4787 2894 4841 καὶ
2938 4787 3194 4851 ὑπόθεσις
3241 4787 3566 4859 φιλοσοφίας

1983 4873 2221 4942 ἁπάσης.
2286 4869 2411 4923 Ἐὰν
2474 4869 2585 4940 γὰρ
2641 4869 2846 4940 ταύτην
2894 4870 3156 4940 διηνεκῶς
3200 4870 3353 4944 [754]
3402 4875 3568 4941 ἐγγε-

1982 4953 2308 5026 γραμμένην
2341 4953 2554 5024 ἔχωμεν
2590 4954 2649 5006 ἐν
2677 4956 2743 5025 τῇ
2770 4953 2997 5024 διανοίᾳ,
3034 4952 3157 5006 οὐτε
3193 4954 3262 5008 τὰ
3289 4957 3575 5029 περιχαρής

1982 5039 2074 5093 τοῦ
2109 5037 2377 5109 παρόντος
2404 5038 2519 5107 βίου
2547 5038 2696 5107 ἡμᾶς
2729 5039 2970 5108 φυσῆσαι
3000 5038 3312 5108 δυνήσεται,
3335 5039 3458 5093 οὔτε
3494 5042 3566 5094 τὰ

1981 5121 2203 5193 λυπηρά
2229 5120 2564 5174 ταπεινῶσαι
2598 5121 2690 5174 καὶ
2725 5120 2996 5174 καθελεῖν·
3030 5121 3165 5174 άλλά
3195 5122 3269 5185 ὡς
3301 5122 3437 5192 πρὸς
3465 5123 3566 5187 τὰς

1984 5205 2304 5276 ζωγραφίας
2335 5205 2432 5268 τὰς
2456 5208 2478 5235 ’⁸
2507 5207 2565 5259 ἐν
2587 5207 2699 5268 τοῖς
2729 5205 2950 5276 τοίχοις,
2983 5204 3126 5258 οὕτω
3155 5205 3291 5275 πρὸς
3323 5206 3567 5275 ἐκάτερα
3658 5243 3671 5264 ιλ

1983 5292 2158 5345 ταῦτα
2195 5289 2603 5360 διακεισόμεθα.
2640 5289 2907 5360 Καθάπερ
2953 5288 3063 5361 γάρ
3107 5291 3164 5343 ἐν
3207 5292 3321 5352 τοῖς
3361 5293 3568 5362 τοίχοις

1983 5373 2368 5446 γεγραμμένον
2417 5373 2649 5446 ὁρῶντες
2703 5374 2954 5426 πλούσιον
3013 5372 3108 5426 καὶ
3147 5373 3375 5444 πένητα,
3437 5375 3569 5430 οὕτε

1984 5457 2178 5530 ἐκείνῳ
2232 5457 2557 5526 φθονοῦμεν,
2607 5454 2731 5509 οὔτε
2778 5455 2871 5509 τοῦ
2921 5454 3153 5527 πένητος
3202 5463 3575 5536 ὑπερορῶμεν

1983 5544 2071 5598 διὰ
2107 5544 2168 5598 τὸ
2197 5541 2354 5597 σκιὰν
2384 5540 2522 5595 ἀλλά
2557 5540 2634 5612 μὴ
2663 5539 3003 5611 πραγμάτων
3031 5541 3290 5614 ἀλήθειαν
3327 5539 3466 5600 εἶναι
3491 5559 3525 5600 τ
3544 5550 3576 5603 ὸ

2047 5682 2072 5711 °
2099 5677 2200 5729 Alii
2226 5676 2312 5726 τοῦ
2332 5677 2654 5738 δικαζομένου.

2049 5740 2077 5782 ιι
2107 5742 2346 5789 Πείθουσα
2364 5734 2509 5787 deest
2532 5740 2578 5785 in
2603 5734 2793 5784 duobus
2813 5748 2931 5783 mss.

2056 5809 2079 5836 ιι
2101 5804 2201 5859 Alii
2222 5802 2323 5853 ἀλλ’
2347 5802 2508 5863 ὥσπερ
2525 5799 2626 5854 ταῖς
2649 5797 2927 5862 ζωγραφίαις
2947 5797 3066 5858 ταῖς.
