3862 6228
328 283 472 342 ιοοθ

324 404 595 479 ὀρῶμενω
619 403 762 459 οὕτω
789 406 881 460 καὶ
904 405 1132 460 πλούτου
1159 408 1252 462 καὶ
1274 408 1487 474 πενίας,
1512 410 1606 463 καὶ
1628 408 1788 482 δόξης
1817 412 1911 465 καὶ

314 488 571 560 ἀτιμίας,
601 491 696 544 καὶ
719 491 830 544 τῶν
856 490 1032 546 ἀλλων
1064 493 1320 546 ἀπάντων
1348 493 1456 547 τῶν
1479 510 1540 547 τε
1569 493 1911 567 σκυθρωπῶν

324 574 422 628 καὶ
481 572 724 647 φαιδρῶν
773 575 873 645 τὴν
925 574 1087 645 φύσιν
1126 574 1193 629 ἂν
1235 575 1665 649 καταμάθωμεν,
1708 578 1809 647 τῆς
1850 578 1913 645 ἐξ

331 656 566 712 ἑκάστου
612 657 819 713 τούτων
862 659 1219 731 ἐγγινομένης
1267 661 1403 731 ἡμῖν
1440 661 1758 731 ἀνωμαλίας
1803 661 1909 716 ἀπ-

328 739 770 812 αλλαγησόμεθα.
805 742 971 805 Σκιᾶς
999 744 1106 815 γάρ
1136 747 1286 797 ἐστιν
1319 744 1704 817 ἀπατηλότερα
1732 745 1909 800 ἀπαν-

322 841 394 880 τα
441 825 632 885 ταῦτα.
686 827 897 880 καὶτὸν
925 826 1128 899 ὑψηλὸν
1171 828 1267 881 καὶ
1310 832 1556 897 γενναῖον
1598 830 1752 884 οὐδὲν
1783 829 1910 884 οὕτε

321 908 432 963 τῶν
455 908 723 981 λαμπρῶν
759 912 852 964 καὶ
881 911 1142 978 ἐπιδόξων
1170 912 1396 983 ἐπᾶραι,
1423 912 1547 966 οὒτε
1576 913 1683 967 τῶν
1716 931 1912 969 ταπει-

322 991 431 1045 νῶν
471 993 566 1046 καὶ
608 995 1038 1066 ἀπερριμμένων
1083 996 1357 1050 συστεῖλαι
1385 997 1696 1069 δυνήσεται.
1749 998 1911 1053 Ἀλλά

322 1075 435 1147 γὰρ
474 1074 592 1149 ῶρα
612 1078 797 1132 λοιπὸν
821 1080 852 1150 ἡ
862 1081 953 1150 μῖν
985 1079 1079 1133 καὶ
1110 1080 1221 1134 τῶν
1251 1081 1512 1153 ῥημάτων
1540 1081 1771 1137 ἀκοῦσαι
1798 1084 1909 1137 τῶν

320 1159 416 1213 τοῦ
462 1160 741 1216 πλουσίου.
790 1163 1011 1231 Ἐρωτῶ
1043 1181 1136 1229 σε,
1183 1167 1338 1237 φησὶ,
1379 1166 1588 1237 πάτερ,
1637 1168 1907 1233 τουτέστι,

322 1244 649 1316 παρακαλῶ,
679 1244 891 1317 δέομαι,
936 1248 1187 1313 ἱκετεύω,
1227 1250 1330 1303 ἵνα
1368 1249 1614 1321 πέμψῃς
1661 1252 1750 1317 εἰς
1802 1252 1910 1306 τὸν

321 1323 493 1381 οἷκον
542 1329 650 1384 τοῦ
702 1333 930 1398 πατρός
972 1349 1093 1401 μου
1142 1330 1428 1402 Λάζαρον
1476 1334 1595 1387 εἰσὶ
1650 1332 1762 1405 γάρ
1807 1352 1909 1404 μοι

321 1409 503 1464 πέντε
541 1412 812 1481 ἀδελφοί·
840 1415 943 1467 ἵνα
976 1414 1441 1485 διαμαρτύρηται
1483 1419 1709 1484 αὐτοῖς,
1748 1417 1909 1485 ὅπως

315 1490 406 1563 μὴ
435 1494 698 1549 ἔλθωσιν
735 1498 824 1562 είς
858 1497 967 1552 τὸν
989 1499 1180 1554 τόπον
1208 1499 1426 1554 τοῦτον
1457 1499 1568 1567 τῆς
1599 1500 1904 1566 βασάνου.

334 1577 553 1647 Ἐπειδὴ
608 1578 718 1633 τῶν
769 1580 893 1633 καθ’
939 1581 1131 1634 ἐαυτὸν
1166 1582 1457 1653 ἀπέτυχεν,
1511 1583 1654 1652 ὑπὲρ
1701 1583 1908 1655 ἐτέρων

321 1663 558 1715 ποιεῖται
590 1661 690 1733 τὴν
721 1665 1024 1736 ἱκετηρίαν.
1056 1666 1201 1737 Ὅρα
1232 1665 1350 1730 πῶς
1394 1666 1778 1741 φιλάνθρωπος
1812 1665 1909 1720 καὶ

318 1744 528 1817 ἥμερος
554 1746 778 1816 γέγονεν
807 1749 913 1801 ὑπὸ
952 1750 1051 1821 τῆς
1088 1749 1383 1813 κολάσεως.
1439 1751 1497 1804 '0
1528 1751 1635 1823 γὰρ
1672 1749 1766 1805 τοῦ
1798 1752 1908 1804 Δα-

319 1827 490 1899 ζάρου
505 1831 873 1902 καταφρονῶν
910 1833 1197 1905 παρόντος,
1247 1835 1451 1907 ἐτέρων
1477 1836 1727 1889 ἀπόντων
1750 1851 1911 1905 φρον-

318 1913 476 1979 τίζει·
507 1914 537 1966 6
576 1913 669 1967 τὸν
703 1918 811 1987 πρὸ
852 1917 960 1970 τῶν
990 1917 1287 1988 ὀφθαλμῶν
1336 1918 1589 1989 κείμενον
1635 1919 1909 1991 παρατρέ-

320 2014 457 2068 χων,
487 1997 596 2051 τῶν
624 1998 723 2069 οὐχ
742 2001 1036 2070 ὁρωμένων
1068 2001 1362 2073 μέμνηται,
1399 2003 1493 2055 καὶ
1533 2003 1672 2073 μετά
1706 2001 1909 2073 πολλῆς

318 2079 465 2146 ἀξιοῖ
486 2083 587 2154 τῆς
616 2082 783 2153 τιμῆς
807 2084 905 2137 καὶ
935 2085 1036 2161 τῆς
1062 2085 1317 2157 σπουδῆς,
1347 2086 1490 2139 ῶστε
1514 2085 1764 2157 γενέσθαι
1786 2085 1909 2139 τινά

318 2165 503 2219 αὐτῶν
537 2165 796 2237 πρόνοιαν
826 2167 964 2238 πρὸς
1010 2169 1335 2242 ἀπαλλαγὴν
1373 2171 1483 2224 τῶν
1524 2169 1897 2242 καταληψομέ-

318 2267 429 2303 νων
462 2250 664 2314 αὑτοὺς
706 2251 914 2305 κακῶν.
953 2254 1064 2305 Καὶ
1108 2255 1420 2324 παρακαλεῖ
1458 2256 1776 2326 πεμφθῆναι
1815 2254 1906 2308 τὸν

319 2331 570 2406 Λάζαρον
617 2336 698 2400 είς
752 2335 845 2389 τὸν
881 2331 1031 2389 οἷκον
1058 2337 1155 2390 τοῦ
1198 2338 1405 2411 πατρός
1440 2338 1626 2402 αὐτοῦ,
1674 2338 1804 2392 ἔνθα
1837 2338 1909 2391 τά

320 2418 627 2488 σκάμματα
651 2414 721 2490 ἦν
743 2419 913 2491 αὑτῷ,
942 2422 1037 2474 καὶ
1062 2422 1121 2476 τὸ
1149 2423 1362 2477 στάδιον
1389 2422 1621 2494 ἀνεῴγει
1647 2421 1747 2494 τῆς
1775 2423 1905 2495 ἀρε-

317 2500 438 2574 τῆς.
474 2502 703 2556 Ἐκεῖνοι
734 2502 1078 2574 βλεπέτωσαν
1115 2507 1276 2560 αὑτὸν
1311 2507 1763 2577 στεφανούμενον,
1801 2523 1908 2578 φη-

321 2587 429 2649 σὶν,
464 2587 515 2639 οἱ
545 2586 872 2658 θεασάμενοι
898 2589 1328 2661 ἀγωνισάμενον·
1355 2593 1408 2644 oi
1435 2592 1712 2663 μάρτυρες
1739 2589 1905 2645 αὑτοῦ

317 2670 418 2740 τῆς
438 2672 628 2736 πενίας
656 2673 750 2726 καὶ
778 2671 871 2725 τοῦ
902 2672 1062 2744 λιμοῦ
1093 2674 1315 2728 καὶτῶν
1345 2676 1557 2746 μυρίων
1578 2675 1786 2741 κακῶν,
1815 2691 1907 2744 γε-

318 2752 599 2808 νέσθωσαν
645 2755 922 2829 μάρτυρες
958 2758 1059 2830 τῆς
1096 2760 1281 2831 τιμῆς,
1317 2760 1420 2831 τῆς
1447 2759 1771 2831 μεταϐολῆς.
1805 2762 1904 2830 τῆς

318 2835 479 2908 δόξης
504 2839 744 2911 ἀπάσης,
773 2840 860 2894 ἵνα
879 2842 1228 2913 »ἑκατέρωθεν
1251 2843 1633 2908 παιδευθέντες
1666 2847 1761 2897 καὶ
1796 2861 1904 2915 μα-

319 2918 526 2986 θόντες,
558 2923 640 2976 ὅτι
679 2924 741 2976 οὐ
771 2924 936 2995 μέχρι
961 2925 1056 2979 τοῦ
1089 2928 1360 2999 παρόντος
1395 2928 1511 2999 βίου
1550 2930 1620 2983 τὰ
1657 2929 1906 3000 ἡμέτερα

320 3006 578 3078 στήσεται
628 3008 951 3078 πράγματα,
1014 3010 1155 3065 οὕτω
1211 3014 1776 3084 παρασκευάσωνται,
1828 3013 1907 3076 ὡς

317 3088 618 3161 δυνηθῆναι
669 3091 873 3164 ταύτην
915 3093 1017 3166 τὴν
1074 3094 1294 3149 κόλασιν
1331 3097 1615 3166 διαφυγεῖν
1675 3098 1770 3151 καὶ
1806 3097 1906 3169 τὴν

318 3173 613 3245 τιμωρίαν.
683 3174 749 3228 Τί
808 3170 902 3229 οὖν
960 3180 989 3231 6
1053 3179 1346 3251 Ἀὔραάμ;
1413 3181 1663 3249 Ἔχουσι
1732 3179 1905 3234 Hui)-

317 3255 436 3310 σέα
481 3256 581 3310 καὶ
639 3258 784 3325 τοὺς
837 3260 1170 3331 προφήτας,
1227 3264 1415 3333 φησὶν,
1463 3262 1904 3318 ἀκουσάτωσαν

318 3340 541 3396 αὐτῶν.
596 3342 709 3412 Ούχ
771 3342 936 3409 οὕτω,
986 3346 1141 3414 φησὶ,
1192 3347 1256 3399 σὺ
1313 3346 1454 3420 κήδῃ
1507 3346 1616 3400 τῶν
1659 3347 1905 3417 ἀδελφῶν

320 3440 440 3489 σου,
502 3424 579 3489 ὡς
624 3426 659 3478 6
709 3430 941 3498 ποιήσας
993 3430 1192 3493 αὐτοὺς
1239 3429 1392 3494 Θεός.
1436 3431 1680 3502 Μυρίους
1720 3431 1905 3497 αὐτοῖς

319 3508 592 3580 ἐπέστησε
639 3508 992 3575 διδασκάλους
1039 3512 1466 3582 παραινοῦντας,
1510 3531 1573 3567 συ
1581 3514 1905 3585 μῦουλεύον-

318 3609 441 3657 τας,
474 3591 879 3658 νουθετοῦντας.
915 3595 979 3647 Τί
1016 3592 1109 3649 οὖν
1135 3597 1299 3662 αὑτὸς
1329 3599 1526 3665 πάλιν;
1558 3600 1727 3670 Οὐχὶ,
1747 3601 1902 3671 φησὶ,

318 3674 508 3745 πάτερ
536 3675 802 3746 Ἀϐραὰμ,
827 3679 990 3733 ἀλλὰ
1015 3679 1122 3733 ἐάν
1141 3698 1230 3747 τις
1255 3683 1375 3736 ἀπὸ
1398 3683 1628 3751 νεκρῶν
1648 3682 1903 3753 ἀπέλθῃ,

317 3758 482 3824 αὐτῷ
509 3761 933 3816 πιστεύσουσι.
962 3764 1148 3817 Ταῦτα
1178 3764 1243 3837 δὴ
1291 3766 1360 3820 τά
1402 3766 1511 3820 τῶν
1564 3767 1774 3822 πολλῶν
1807 3769 1908 3840 ρή-

322 3860 493 3916 ματα.
523 3842 635 3898 Ποῦ
667 3844 762 3899 νῦν
802 3848 938 3901 εἰσιν
964 3850 1013 3902 οἱ
1042 3848 1309 3919 λέγοντες,
1341 3851 1436 3916 Τίς
1464 3847 1626 3924 ἦλθεν
1656 3852 1903 3920 ἐκεῖθεν;

318 3928 409 3994 τίς
445 3930 510 3983 ἐκ
531 3928 640 3983 τῶν
672 3930 880 4003 νεκρῶν
907 3932 1106 4007 ἀνέστη
1128 3951 1143 3998 ;
1163 3934 1249 4000 τίς
1280 3931 1400 3989 εἶπε
1427 3937 1495 3990 τὰ
1522 3938 1581 3991 ὲν
1612 3937 1773 4009 ᾇδου;
1798 3938 1905 3991 Πό-

322 4030 395 4068 σα
417 4012 640 4068 τοιαῦτα
666 4015 760 4068 καὶ
788 4016 1089 4087 τηλικαῦτα
1123 4019 1262 4092 πρὸς
1287 4020 1480 4076 ἑαυτὸν
1504 4016 1657 4075 εἶπεν
1691 4024 1720 4076 6
1752 4021 1909 4076 πλού.

322 4113 441 4162 σιος
469 4099 696 4164 ἐκεῖνος,
729 4098 894 4171 ἡνίκα
919 4101 1161 4173 ἐτρύφα;
1211 4105 1347 4158 Οὐδέ
1384 4104 1491 4178 γὰρ
1537 4105 1725 4172 ἁπλῶς
1767 4125 1909 4181 παρ-

321 4181 582 4236 εκάλεσεν
608 4184 911 4255 ἀναστῆναι
934 4204 1057 4241 τινα
1083 4189 1148 4241 ἐκ
1175 4189 1284 4243 τῶν
1307 4192 1519 4264 νεκρῶν
1540 4208 1551 4221 ·
1584 4193 1698 4248 ἀλλ’
1720 4196 1907 4269 ἐπειδὴ

321 4268 433 4323 τῶν
476 4269 710 4342 Γραφῶν
744 4270 958 4325 ἀκούων
987 4272 1335 4351 κατεφρόνει,
1377 4278 1669 4346 κατεγέλα,
1705 4268 1909 4351 μύθους

320 4351 464 4409 εἶναι
490 4355 709 4427 ἐνόμιζε
739 4355 806 4410 τὰ
825 4355 1096 4428 λεγόμενα
1111 4374 1127 4388 ε
1159 4357 1253 4428 ἀφ’
1272 4350 1349 4414 ὧν
1374 4354 1469 4414 οὖν
1491 4362 1657 4427 αὐτὸς
1676 4350 1905 4436 ἔπασχε,

321 4441 420 4496 καὶ
445 4442 574 4513 περὶ
604 4440 715 4494 τῶν
742 4441 986 4517 ἀδελφῶν
1016 4442 1255 4514 ἐνόμιζε.
1288 4445 1569 4514 Κάκεῖνοι,
1605 4448 1791 4521 φησὶν,
1817 4449 1910 4504 οῦ-

321 4543 430 4590 τως
461 4524 891 4579 ὑποπτεύουσιν
938 4524 1035 4579 ἐὰν
1066 4526 1124 4580 δέ
1157 4545 1243 4593 τις
1274 4528 1382 4582 ἀπὸ
1413 4533 1626 4605 νεκρῶν
1673 4534 1905 4609 ἀπέλθῃ,

320 4610 425 4663 οὐκ
470 4610 868 4682 ἀπιστήσουσιν
915 4610 1087 4682 αὐτῷ,
1118 4612 1181 4664 οὑ
1236 4614 1726 4683 καταγελάσονται,
1772 4618 1909 4674 ἀλλά

325 4692 530 4764 μᾶλλον
547 4697 662 4758 τοῖς
680 4694 998 4766 λεγομένοις
1018 4696 1367 4767 προσέξουσι.
1381 4697 1448 4752 Τί
1467 4694 1563 4754 οῦν
1577 4701 1606 4754 6
1620 4700 1715 4754 ’A6
1723 4703 1870 4774 ραάμ
1889 4720 1905 4770 ;

321 4779 396 4831 El
417 4779 717 4846 Μωῦσέως
738 4780 840 4834 καί
868 4780 989 4836 τῶν
1013 4782 1338 4853 προφητῶν
1363 4786 1477 4840 οὐκ
1505 4785 1908 4851 ἁκούουσινι,

320 4859 468 4915 οὐδὲ
492 4858 645 4934 [755]
679 4862 792 4917 ἐάν
822 4881 915 4931 τις
951 4866 1023 4920 ἐκ
1048 4866 1283 4936 νεκρῶν
1313 4868 1572 4937 ἀναστῇ,
1606 4870 1908 4924 ἀκούσον-

320 4959 439 4998 ται.
473 4944 584 4998 Καὶ
619 4945 702 4999 ὅτι
732 4945 891 5001 τοῦτό
922 4950 1072 5002 ἐστιν
1111 4950 1333 5022 ἀληθὲς,
1361 4952 1444 5006 ὅτι
1480 4953 1510 5006 6
1536 4953 1644 5006 τῶν
1676 4954 1908 5026 Γραφῶν

318 5027 425 5081 οὐκ
466 5027 683 5081 ἀκούων
728 5030 850 5084 οὐδὲ
899 5032 1112 5104 νεκρῶν
1160 5035 1536 5106 ἀνισταμένων
1587 5037 1906 5103 ἀκούσεται,

321 5109 537 5176 ἔδειξαν
580 5115 630 5167 οί
673 5114 935 5181 Ἰουδαῖοι,
965 5117 1016 5170 οἳ
1046 5118 1236 5189 ἐπειδὴ
1272 5117 1549 5184 Μωῡσέως
1597 5122 1698 5175 οὐκ
1743 5122 1909 5192 ἡκου-

323 5210 428 5250 σαν
476 5196 573 5251 καὶ
622 5197 733 5252 τῶν
781 5201 1099 5272 προφητῶν,
1134 5202 1255 5255 οὑδέ
1302 5205 1530 5273 νεκροὺς
1568 5205 1910 5270 ἀναστάντας

326 5278 530 5360 ίδόντες
557 5281 885 5338 ἐπίστευσαν
906 5302 920 5315 ·
954 5284 1090 5340 ἀλλά
1119 5285 1214 5339 νῦν
1247 5286 1346 5354 μὲν
1378 5289 1665 5360 ἀναιρεῖνὶι
1692 5290 1784 5344 τὸν
1806 5292 1910 5346 Λά-

325 5359 495 5437 ζαρον
523 5365 862 5439 ἐπεχείρουν,
888 5366 984 5421 νῦν
1012 5368 1070 5422 δὲ
1100 5370 1212 5432 τοῖς
1240 5359 1561 5436 ἀποστόλοις
1595 5370 1907 5445 ἐπεπήδων,

324 5447 508 5502 καίτοι
533 5449 744 5504 πολλῶν
771 5452 1122 5508 ἀναστάντων
1150 5454 1363 5527 νεκρῶν
1393 5458 1451 5510 ἐν
1479 5455 1558 5528 τῷ
1600 5457 1778 5530 καιρῷ
1814 5459 1906 5514 τοῦ

323 5544 587 5604 σσαυρου.

388 5703 421 5764 ἓ
440 5703 540 5754 Alli
560 5706 648 5755 οὐκ
665 5708 894 5764 ἤκουσαν.

389 5762 424 5807 δ
439 5765 540 5847 Alii
561 5762 757 5818 ἀνελεῖν.

1029 286 1084 339 S.
1124 283 1409 342 JOANNIS
1443 285 1941 365 CHRYSOSTOMI
1982 289 2304 349 ARCIIIEP.
2346 292 2893 355 CONSTANTINOP.

3468 292 3607 355 ιοιο

2092 411 2290 481 γ’.’Ὶνα
2318 414 2376 468 δέ
2403 418 2499 470 καὶ
2524 417 2791 488 ἑτέρωθεν
2807 417 3006 490 μάθῃς,
3022 417 3105 470 ὅτι
3135 412 3550 481 ἀξιοπιστοτέρα
3567 414 3605 485 ἦ

2020 496 2130 550 τῶν
2162 499 2460 570 προφητῶν
2491 500 2806 555 διδασκαλία
2835 501 2937 572 τῆς
2957 501 3069 555 τῶν
3093 498 3470 569 ἀνισταμένων
3500 498 3609 550 ἀπ-

2022 579 2308 649 αγγελίας.
2335 583 2511 636 ἐκεῖνο
2536 584 2831 654 σκόπησον,
2859 583 2946 638 ὅτι
2971 584 3168 653 νεκρὸς
3201 582 3301 653 μὲν
3324 582 3472 644 ἀπας
3491 579 3608 633 δοῦ-

2018 664 2111 728 λός
2143 666 2292 720 ἐστιν
2312 684 2325 696 ·
2368 666 2406 721 ἃ
2449 668 2507 722 δὲ
2542 669 2599 722 αί
2630 669 2849 740 Γραφα“ι
2875 669 3226 737 φθέγγονται,
3254 664 3431 720 ταῦτα
3457 666 3608 718 6A:-

2019 749 2228 819 σπότης
2275 749 2610 820 ἐφθέγξατο*
2643 751 2786 806 ὥστε
2832 752 2935 808 κᾶν
2988 751 3182 824 νεκρὸς
3223 751 3455 820 ἀναστῇ,
3503 750 3608 802 κάν

2018 832 2249 902 ἄγγελος
2270 832 2331 899 ἐξ
2351 834 2583 906 ούρανοῦ
2611 836 2845 908 καταϐῇ,
2869 836 3091 891 πάντων
3112 835 3358 889 ἔστωσαν
3384 834 3442 885 αἱ
3468 833 3609 903 Γρα-

2020 916 2120 985 φαὶ
2151 915 2687 990 ἀξιοπιστότεραι.⁰0
2728 918 2840 993 γὰρ
2885 919 2994 973 τῶν
3032 918 3283 987 ἀγγέλων
3308 914 3606 985 Δεσπότης,

2020 1000 2116 1053 καὶ
2143 1000 2251 1054 τῶν
2276 1001 2487 1072 νεκρῶν
2519 1004 2610 1056 καὶ
2637 1004 2748 1056 τῶν
2777 1002 2998 1069 ζώντων
3018 1002 3244 1074 Κύριος,
3270 1000 3432 1062 αὐτὸς
3465 997 3608 1051 ἐκεί-

2017 1102 2120 1149 νας
2153 1086 2538 1156 ἐνομοθέτησε,
2577 1088 2687 1141 Καὶ
2729 1088 2813 1143 ὅτι
2849 1086 3080 1160 περιττὰ
3111 1084 3368 1156 ζητοῦσιν
3409 1084 3460 1136 οἱ
3508 1078 3609 1150 ζη-

2015 1169 2240 1232 τοῦντες
2267 1175 2498 1242 νεκροὺς
2522 1172 2733 1225 ἐκεῖθεν
2763 1171 2961 1236 ἐλθεῖν,
2992 1170 3127 1241 πρὸς
3149 1172 3267 1232 τοῖς
3295 1167 3609 1237 εἰρημένοις

2018 1254 2113 1307 καὶ
2130 1253 2240 1307 ἀπὸ
2260 1254 2369 1307 τῶν
2394 1256 2680 1328 παρόντων
2707 1256 2823 1310 ἐστι
2843 1255 3015 1322 δεῖξαι
3037 1252 3405 1322 δικαστηρίων
3424 1248 3605 1303 τοῦτο.

2030 1338 2097 1391 Ἦ
2137 1338 2333 1406 γέεννα
2364 1339 2427 1392 οὐ
2458 1339 2712 1408 φαίνεται
2754 1341 2868 1402 τοῖς
2898 1338 3153 1398 ἀπίστοις
3173 1351 3187 1365 ⁸
3220 1338 3335 1398 τοῖς
3366 1333 3477 1404 γὰρ
3514 1348 3609 1383 πι-

2019 1423 2168 1486 στοῖς
2199 1423 2314 1475 ἐστι
2348 1422 2486 1495 δήλη
2515 1424 2611 1478 καὶ
2638 1423 2874 1496 φανερὰ,
2900 1422 3017 1477 ἀλλ’
3042 1423 3194 1493 ὅμως
3213 1423 3327 1482 τοῖς
3351 1417 3610 1479 ἀπίστοις

2015 1506 2078 1559 οὐ
2118 1503 2400 1575 φαίνεταν
2450 1505 2520 1561 τά
2571 1507 2758 1578 μέντοι
2805 1506 3136 1577 δικαστήρια
3184 1501 3459 1573 φαίνεται.
3513 1498 3610 1552 καὶ

2016 1588 2140 1643 καθ’
2166 1590 2404 1662 ἑκάστην
2429 1591 2643 1663 ἡμέραν
2663 1590 2957 1663 ἀκούομεν,
2982 1591 3062 1644 ὅτι
3086 1593 3116 1644 6
3138 1588 3289 1643 δεῖνα
3313 1582 3606 1653 ἐκολάσθη,

2014 1672 2111 1726 τοῦ
2138 1673 2309 1737 δεῖνος
2330 1675 2363 1743 ἡ
2392 1674 2550 1727 οὑσία
2590 1674 2889 1747 ἐδημεύθη,
2921 1675 3108 1746 ἕτερος
3138 1672 3209 1726 τὰ
3250 1669 3487 1742 μέταλλα
3513 1669 3609 1739 ἐρ-

2015 1757 2266 1825 γάζεται,
2302 1757 2464 1822 ἄλλος
2511 1760 2762 1830 κατεκάη
2797 1760 2954 1831 πυρὶ,
2996 1757 3157 1820 ἄλλος
3203 1756 3377 1828 ἑτέρῳ
3420 1754 3611 1825 τρόπῳ

2017 1839 2294 1903 κολάσεως
2330 1840 2426 1893 καὶ
2475 1842 2748 1913 τιμωρίας
2790 1839 3222 1895 ἀπώλετο.’Λλλ’
3253 1840 3403 1910 ὅμως
3433 1835 3611 1889 ταῦτα

2016 1923 2310 1987 ἀκούοντες
2352 1926 2401 1978 οί
2450 1926 2681 1997 πονηροὶ
2722 1927 2815 1979 καὶ
2847 1924 3147 1995 κακοῦργοι
3172 1922 3270 1977 καὶ
3310 1922 3507 1991 γόητες
3544 1918 3611 1971 οὗ

2019 2008 2467 2080 σωφρονίζονται.
2499 2010 2611 2062 Καὶ
2640 2009 2692 2062 τί
2718 2009 2885 2078 λέγω,
2918 2011 2969 2061 εἰ
3005 2011 3056 2061 οί
3089 2007 3361 2078 μηδέποτε
3388 2003 3611 2064 τούτοις

2017 2092 2406 2164 περιπεσόντες
2467 2093 2540 2147 οὐ,
2587 2093 3059 2165 σωφρονίζονται;
3107 2091 3369 2152 πολλάκις
3420 2086 3614 2140 πολλοὶ

2015 2177 2225 2231 τούτων
2254 2176 2476 2242 ἁλόντες
2509 2178 2605 2232 καὶ
2629 2177 2994 2248 διαφυγόντες
3016 2176 3117 2247 τὴν
3146 2174 3391 2238 κόλασιν,
3420 2170 3519 2224 καὶ
3549 2169 3611 2222 τὺ

2015 2259 2392 2335 δεσμωτήριον
2434 2260 2783 2333 διορύξαντες
2809 2260 2902 2314 καὶ
2931 2258 3408 2330 ἀποπηδήσαντες,
3442 2253 3613 2307 πάλιν

2014 2348 2128 2409 τοῖς
2157 2347 2345 2410 αὐτοῖς
2371 2346 2650 2412 ἐπέθεντο,
2680 2346 2777 2402 καὶ
2803 2343 2985 2416 πολλῷ
3009 2341 3369 2415 χαλεπώτερα
3396 2337 3613 2392 τούτων

2016 2431 2363 2501 εἰργάσαντο.
2552 2513 2557 2514 γ
2837 2511 2845 2514 Α
3036 2509 3060 2514 _
3166 2511 3175 2514 Α
3273 2507 3284 2514 _
3480 2502 3507 2514 -

2087 2513 2178 2586 Μὴ
2205 2515 2385 2568 τοίνυν
2420 2513 2676 2585 ζητῶμεν
2708 2511 2861 2584 παρὰ
2890 2509 3101 2583 νεκρῶν
3153 2507 3374 2563 ἀκούειν
3406 2507 3610 2567 ταῦτα,

2013 2595 2051 2650 ἃ
2082 2597 2263 2669 πολλῴ
2305 2601 2639 2669 σαφέστερον
2669 2600 2727 2651 αἱ
2759 2596 2978 2669 Γραφαὶ
3017 2593 3142 2647 καθ’
3168 2595 3409 2661 ἐκάστην
3453 2588 3614 2660 ἡμᾶς

2016 2681 2333 2736 παιδεύουσι
2355 2684 2456 2753 τὴν
2485 2682 2721 2755 ἡμέραν.
2745 2681 2808 2735 Et
2834 2679 2944 2752 γὰρ
2973 2679 3090 2751 ᾔδει
3117 2677 3276 2730 τοῦτο
3302 2676 3330 2726 6
3351 2673 3508 2738 θεὸς,
3526 2674 3613 2726 ὅτι

2014 2764 2201 2834 νεκροὶ
2244 2768 2597 2838 ἀνιστάμενοι
2648 2767 2776 2829 τοὺς
2810 2764 3022 2829 ζῶντας
3055 2761 3348 2832 ὠφέλησαν
3376 2757 3466 2821 ἂν,
3505 2757 3613 2811 οὑκ

2014 2845 2080 2901 ἂν
2132 2848 2455 2919 παρέλιπεν,
2498 2848 2608 2904 οὐδ’
2639 2848 2705 2902 ἂν
2752 2848 2972 2919 παρῆκε
3024 2844 3282 2898 τοσοῦτον
3330 2841 3524 2910 κέρδος
3581 2840 3614 2892 ὁ

2017 2935 2193 2987 πάντα
2246 2936 2382 3004 ἡμῖν
2426 2934 2563 3005 πρὸς
2610 2931 2671 2986 τὸ
2725 2932 3007 3003 συμφέρον
3055 2926 3611 3001 πραγματευόμενος.

2014 3018 2201 3091 Χωρὶς
2225 3018 2283 3071 δὲ
2308 3017 2538 3081 τούτων,
2569 3018 2619 3070 εί
2646 3016 2889 3088 συνεχῶς
2918 3014 3143 3087 ἔμελλον
3165 3010 3490 3066 ἀνίστασθαι
3524 3025 3615 3062 νε-

2015 3102 2159 3172 κροὶ,
2187 3103 2282 3156 καὶ
2309 3102 2379 3156 τά
2400 3102 2519 3155 ἐκεῖ
2539 3100 2720 3156 πάντα
2748 3099 3119 3169 ἀπαγγέλλειν
3151 3099 3306 3168 ἡμῖν,
3329 3094 3616 3149 καὶτοῦτο

2013 3185 2080 3240 ἂν
2122 3185 2200 3256 τῷ
2228 3185 2408 3258 χρόνῳ
2437 3184 2818 3256 κατεφρονήθη
2854 3184 3051 3238 πάλιν·
3097 3181 3238 3252 πρὸς
3282 3178 3341 3233 δέ
3390 3177 3615 3240 τούτοις

2015 3270 2109 3323 καὶ
2161 3270 2373 3341 πονηρά
2420 3269 2487 3323 ἂν
2535 3269 2799 3340 εἰσήγαγε
2836 3267 3086 3338 δόγματα
3115 3267 3145 3318 6
3172 3262 3419 3324 διάὸολος
3467 3260 3617 3330 μετά

2016 3353 2217 3424 πολλῆς
2248 3354 2350 3423 τῆς
2375 3351 2649 3416 εὐκολίας.
2676 3351 2887 3405 Εῐδωλα
2914 3350 3025 3422 γάρ
3057 3347 3289 3418 ἠδύνατο
3326 3342 3613 3398 δεικνύναι

2014 3436 2295 3501 πολλάκις,
2328 3436 2362 3507 ἢ
2402 3436 2498 3489 καὶ
2542 3434 2984 3507 παρασκευάζων
3019 3432 3174 3494 τινας
3202 3426 3612 3499 ὑποκρίνασθαι

2014 3521 2243 3576 θάνατον
2273 3522 2370 3575 καὶ
2398 3519 2854 3594 κατορύττεσθαι,
2883 3516 3155 3572 δεικνύναι
3197 3513 3361 3568 πάλιν
3413 3511 3493 3595 ὡς
3538 3511 3613 3595 ,ἐκ

2012 3605 2226 3678 νεκρῶν
2269 3605 2636 3668 ἀναστάντας,
2680 3603 2778 3658 καὶ
2824 3602 2894 3657 δι’
2919 3601 3144 3655 ἐκείνων
3199 3599 3299 3652 ὅσα
3348 3594 3614 3678 ἐϐούλετο

2014 3676 2368 3744 πιστεύεσθαι
2393 3691 2515 3753 ταῖς
2543 3687 2654 3741 τῶν
2682 3685 3063 3755 ἀπατωμένων
3087 3680 3374 3743 διανοίαις.
3404 3679 3470 3731 El
3496 3676 3616 3748 γὰρ

2013 3774 2130 3837 νῦν,
2160 3773 2372 3838 οὐδενὸς
2394 3773 2549 3836 ὄντος
2582 3770 2849 3837 τοιούτου,
2875 3770 3076 3841 ὄνειροι
3105 3766 3369 3829 πολλάκις
3405 3762 3615 3832 φανέν-

2012 3876 2107 3923 τες
2154 3859 2213 3911 ἐν
2258 3857 2452 3922 τύποις
2484 3856 2595 3911 τῶν
2642 3855 3012 3915 ἀπελθόντων,
3053 3850 3286 3914 πολλοὺς
3311 3846 3614 3917 ἠπάτησαν

2015 3944 2112 3998 καὶ
2142 3941 2458 4015 διέφθειραν
2480 3957 2497 3973 ο
2532 3939 2716 4011 πολλῷ
2762 3939 2985 4011 μᾶλλον,
3013 3939 3063 3991 εί
3094 3935 3254 3990 τοῦτο
3295 3930 3614 4003 γεγενημέ-

2014 4045 2106 4084 νον
2149 4023 2218 4099 ἦν
2254 4028 2350 4082 καὶ
2376 4028 2723 4100 κεκρατηκὸς
2752 4029 2811 4080 ἐν
2838 4028 2961 4088 ταῖς
2993 4024 3103 4077 τῶν
3146 4018 3454 4091 ἀνθρώπων
3485 4016 3614 4100 δια-

2015 4113 2210 4177 νοίαις,
2241 4105 2354 4165 οἷον
2396 4099 2493 4165 ὃτι
2528 4111 2714 4164 πολλοὶ
2764 4108 2874 4162 τῶν
2917 4107 3261 4162 ἀπελθόντων
3301 4099 3616 4170 ἐπανῆλθον

2017 4197 2201 4260 πάλιν,
2238 4195 2456 4268 μυρίοις
2484 4194 2549 4249 ἂν
2593 4197 2622 4249 6
2667 4193 2864 4267 μιαρὸς
2907 4192 3118 4263 δαίμων
3167 4190 3374 4250 ἐκεῖνος
3421 4185 3618 4247 δόλους

2016 4280 2232 4347 ἔπλεξε,
2270 4282 2365 4335 καὶ
2395 4279 2597 4350 πολλὴν
2641 4279 2860 4351 ἀπάτην
2907 4279 2988 4341 εἰς
3031 4276 3123 4329 τὸν
3162 4273 3277 4344 βίον
3313 4271 3615 4340 εἰσήγαγε.

2015 4365 2116 4419 Διά
2138 4364 2294 4418 τοῦτο
2320 4364 2610 4418 ἀπέκλεισε
2632 4363 2731 4428 τάς
2754 4362 2927 4434 θύρας
2947 4362 2977 4414 6
2995 4359 3148 4424 Θεὸς,
3171 4358 3266 4411 καὶ
3287 4357 3387 4409 οὐκ
3410 4351 3618 4424 ἀφίησί

2016 4468 2141 4505 τινα
2163 4449 2271 4503 τῶν
2298 4448 2644 4503 ἀπελθόντων
2672 4445 3040 4501 ἐπανελθόντα
3067 4445 3243 4496 εἰπεῖν
3263 4440 3333 4494 τὰ
3362 4440 3504 4499 ἐκεῖ,
3520 4438 3615 4491 ἵνα

2020 4535 2098 4607 μὴ
2136 4532 2315 4588 λαϐὼν
2350 4532 2608 4605 ἀφορμὴν
2646 4531 2798 4605 [756]
2827 4529 3079 4585 ἐντεῦθεν
3107 4530 3336 4591 ἐκεῖνος,
3362 4522 3614 4607 τάῌπαρ*

2016 4605 2216 4673 ἐαυτοῦ
2239 4618 2417 4673 πάντα
2440 4617 2734 4689 εἰσαγάγῃ.
2764 4615 2874 4669 Kal
2897 4614 3009 4685 γὰρ
3027 4614 3117 4668 ὅτε
3139 4611 3418 4684 προφῆται
3439 4605 3615 4681 ἦσαν,

2016 4702 2470 4775 ψευδοπροφήτας
2498 4701 2690 4773 ἤγειρε
2710 4716 2725 4731 ο
2748 4699 2844 4753 καὶ
2868 4700 2958 4752 ὅτε
2987 4695 3297 4758 ἀπόστολοι,
3326 4693 3614 4763 ψευδαπό-

2017 4787 2239 4851 στόλους
2258 4804 2271 4817 ·
2299 4787 2394 4840 καὶ
2414 4786 2505 4839 ὅτε
2536 4784 2775 4857 Χριστὸς
2799 4784 2996 4853 ἐφάνη,
3028 4781 3453 4851 ψευδοχρίστους
3473 4796 3489 4807 ·
3516 4778 3621 4830 καὶ

2017 4871 2108 4925 ὅτε
2132 4870 2381 4941 δόγματα
2413 4867 2699 4940 εἰσηνέχθη
2721 4868 2873 4938 ὑγιῆ,
2905 4865 3284 4936 διεφθαρμένα
3314 4864 3619 4931 εἰσήγαγε,

2013 4954 2086 5010 τά
2105 4954 2321 5021 ζιζάνια
2351 4951 2630 5024 πανταχοῦ
2650 4951 2980 5022 διασπείρων
2997 4952 3044 5005 θ.
3062 4950 3225 5002 Ὥστε
3256 4948 3307 5000 εί
3328 4947 3422 4999 καὶ
3443 4944 3623 4997 τοῦτο

2019 5039 2241 5111 συνέϐη,
2277 5039 2369 5092 καὶ
2411 5036 2572 5090 τοῦτο
2601 5034 2961 5107 ἐπεχείρησεν
2986 5032 3053 5087 ἂν
3091 5028 3489 5103 ὑποκρίνεσθαι
3520 5028 3622 5081 διὰ

2015 5124 2126 5178 τῶν
2160 5123 2377 5178 οἰκείων
2405 5121 2677 5195 ὀργάνων,
2704 5120 2825 5197 οῦχὶ
2853 5118 3080 5189 νεκροὺς
3107 5115 3323 5186 ἀληθῶς
3350 5113 3620 5177 ἀνιστὰς,

2017 5207 2156 5263 ἀλλά
2208 5207 2568 5277 μαγγανείαις
2616 5196 2739 5257 τισι
2777 5202 2873 5256 καὶ
2918 5201 3156 5264 ἀπάταις
3186 5198 3285 5262 τάς
3313 5197 3471 5267 ὄψεις
3498 5196 3623 5249 τῶν

2015 5292 2269 5364 ρρώντων
2296 5288 2597 5359 ἀπατῶν,ἣ
2627 5286 2721 5341 καί
2748 5302 2899 5349 τινας
2924 5280 3385 5356 παρασκευάζων,
3411 5280 3623 5350 ῶσπερ

2015 5324 2268 5364 υρωνιων
2296 5324 2410 5343 υιιιυι
2425 5324 2543 5354 των,
2571 5324 2597 5359 ιι
2629 5324 2721 5341 abun
2758 5324 2896 5349 "re...
2931 5324 3385 5356 o.-‘.--..--..,w.,
3412 5324 3615 5350 ...ν-,ππ

1996 5324 2190 5448 ἓφθην
2234 5373 2427 5434 εἰπὼν.
2462 5370 2853 5443 ὑποκρίνεσθαι
2883 5367 3162 5439 τελευτὴν,
3198 5366 3268 5420 τά
3304 5366 3420 5421 ἀνω
3451 5367 3624 5419 κάτο)

2017 5461 2197 5514 πάντα
2226 5457 2483 5527 ἐποίησεν
2511 5457 2578 5511 ἀν
2603 5458 2699 5511 καὶ
2730 5456 3003 5526 συνέχεεν.
3022 5453 3161 5507 Ἀλλ’
3184 5455 3214 5507 6
3231 5452 3365 5515 Θεὸς
3385 5451 3623 5506 ἅπαντα

2017 5548 2191 5600 ταῦτα
2240 5541 2527 5613 προειδὼς,
2574 5541 2920 5612 ἀπετείχισεν
2967 5535 3119 5610 αὑτῷ
3162 5536 3262 5613 τήν
3307 5533 3622 5609 ἐπιϐουλὴν

2082 5784 2108 5817 ο
2131 5783 2231 5836 Ali!
2256 5780 2601 5848 κατασπείρων.

3766 83 3814 865 γ

3803 882 3814 1307 ἶ
