3862 6228
276 319 404 377 1009

271 432 539 498 videmus,
569 430 756 487 umbra
784 444 961 484 rerum
985 428 1112 496 sint,
1141 443 1247 484 non
1272 430 1466 484 veritas
1490 447 1504 483 :
1527 429 1604 483 sic
1628 438 1682 483 et
1707 427 1843 482 divi-

273 524 466 577 tiarum
489 530 544 576 et
573 520 921 592 paupertatis,
951 519 1133 590 gloria:
1159 529 1212 573 et
1233 519 1560 589 ignominia,
1588 519 1841 572 aliarum-

267 630 372 684 que
395 627 576 668 rerum
603 613 840 668 omnium
881 613 994 666 sive
1032 611 1262 666 tristium
1287 611 1399 666 sive
1424 611 1663 666 lanarum
1693 619 1845 664 natu-

264 719 380 758 ram
406 706 451 758 si
480 703 804 770 noverimus,
851 701 1193 756 liberabimur
1220 717 1248 754 a
1279 699 1597 766 turbatione,
1627 716 1747 771 qua:
1775 715 1841 754 ex

268 798 456 848 harum
494 809 808 864 unaquaque
849 793 903 846 in
948 792 1103 846 nobis
1143 792 1286 862 gigni
1329 792 1484 846 solet.
1533 792 1657 846 ch
1698 792 1840 846 enim

265 884 443 937 omnia
475 885 660 953 quavis
683 884 866 938 umbra
891 883 1160 938 fallaciora
1185 893 1341 948 sunt;
1372 883 1573 938 homini
1597 899 1721 938 vero
1737 885 1840 938 alta

263 985 443 1030 mente
475 977 699 1045 praedito
727 985 884 1046 atque
919 991 1182 1044 generoso
1223 977 1382 1031 nullae
1409 991 1496 1031 res
1522 977 1756 1031 illustres
1778 993 1841 1032 ac

261 1067 554 1136 splendida:
597 1069 864 1135 attollere,
903 1068 1062 1122 nulla:
1101 1069 1326 1122 humiles
1354 1068 1681 1138 abjectzeque
1710 1083 1838 1122 con-

265 1159 480 1214 trahere
514 1159 750 1214 animum
792 1169 1034 1228 possunt.
1077 1160 1271 1214 Verum
1313 1160 1422 1228 jam
1453 1170 1661 1230 tempus
1688 1161 1840 1215 nobis

261 1260 365 1316 est,
397 1258 454 1304 ut
477 1251 656 1306 divitis
691 1253 852 1307 verba
878 1253 1193 1306 audiamus:
1224 1253 1412 1318 Orate,
1443 1254 1630 1323 inquit,
1659 1263 1834 1324 pater,

263 1343 365 1397 hoc
393 1353 474 1398 est
494 1346 721 1399 obsecro
746 1360 999 1415 rogoque,
1029 1354 1080 1398 ut
1101 1347 1266 1399 mittas
1284 1344 1535 1399 Lazarum
1559 1347 1612 1398 in
1636 1347 1840 1399 domum

262 1435 422 1502 patris
450 1435 582 1501 mei;
611 1446 729 1490 sunt
767 1438 900 1490 enim
931 1438 1052 1490 mihi
1079 1439 1295 1506 quinque
1319 1441 1531 1507 fratres;
1560 1447 1614 1490 ut
1659 1439 1838 1507 testiﬁ-

259 1535 402 1580 cetur
437 1526 577 1594 illis,
630 1545 693 1582 ne
733 1529 936 1583 ueniant
981 1530 1034 1583 in
1073 1531 1208 1584 hunc
1248 1530 1413 1584 locum
1460 1539 1836 1584 tormentorum.

265 1617 552 1687 Postquam
597 1633 695 1688 pro
733 1634 794 1673 se
844 1635 950 1674 non
997 1620 1409 1689 impetraverat,
1449 1636 1547 1691 pro
1570 1621 1686 1676 aliis
1718 1623 1839 1676 facit

259 1711 726 1780 supplicationem.
771 1713 902 1767 Vide
938 1728 1097 1783 quam
1144 1713 1452 1778 humanum,
1498 1729 1654 1785 quam
1681 1730 1836 1769 man-

258 1811 466 1858 suetum
505 1820 658 1873 pmna
703 1804 993 1859 reddiderit
1021 1821 1164 1860 eum.
1193 1805 1293 1872 Qui
1322 1820 1552 1875 namque
1576 1804 1834 1860 Lazarum

259 1905 581 1965 praesentem
615 1896 958 1965 despiciebat,
993 1897 1217 1952 aliorum
1247 1897 1546 1953 absentium
1577 1914 1716 1952 nunc
1738 1914 1833 1954 cu-

257 2001 372 2042 ram
421 1987 627 2044 habet:
661 1991 747 2060 qui
792 2000 918 2044 ante
965 1991 1148 2045 oculos
1184 1990 1451 2059 jacentem
1495 1991 1834 2061 przeteribat,

257 2079 502 2134 meminit
545 2095 731 2135 eorum
775 2096 911 2150 quos
957 2097 1063 2136 non
1117 2080 1280 2146 videt,
1337 2082 1612 2152 multoque
1660 2082 1836 2137 studio

259 2171 534 2238 postulat,
582 2183 637 2226 ut
665 2173 842 2242 aliquo
871 2173 1030 2229 modo
1057 2175 1161 2229 illis
1204 2175 1560 2244 prospiciatur
1581 2175 1873 2252 adversus_

255 2261 583 2317 imminentia
611 2265 746 2318 mala
772 2282 784 2318 :
808 2265 1157 2335 obsecratque
1180 2274 1238 2320 ut
1261 2265 1497 2321 Lazarus
1530 2267 1580 2320 in
1607 2268 1826 2322 domum

257 2353 425 2420 patris
445 2354 706 2421 mittatur,
733 2355 819 2409 ubi
846 2357 944 2425 ipsi
976 2356 1149 2413 fuerat
1175 2373 1337 2414 arena
1362 2359 1696 2432 stadiumque
1719 2361 1832 2415 vir-

255 2447 382 2500 tutis
409 2455 672 2516 apertum.
701 2446 779 2502 illi
823 2449 1034 2504 videant
1077 2448 1222 2504 illum
1252 2451 1540 2515 coronari,
1573 2454 1660 2521 qui
1686 2451 1834 2508 vide-

255 2546 384 2592 runt
410 2547 707 2594 certantem
737 2541 862 2610 :qui
886 2551 1052 2596 testes
1077 2541 1286 2595 fuerunt
1315 2542 1388 2596 illi
1419 2544 1741 2612 paupertatis
1770 2558 1834 2599 ac

255 2626 444 2692 famis,
490 2630 824 2700 aliorumque
861 2631 1122 2687 malorum
1171 2633 1656 2703 innumerabilium,
1704 2634 1833 2690 fiant

257 2727 423 2773 testes
445 2718 664 2775 honoris
693 2729 748 2775 et
772 2722 1073 2792 ignominia:
1112 2724 1164 2777 in
1194 2739 1406 2779 omnem
1438 2725 1661 2795 gloriam
1687 2741 1832 2782 com-

247 2820 472 2866 mutata:
502 2829 515 2866 :
547 2820 604 2865 ut
644 2813 896 2883 utrinque
943 2815 1185 2884 castigati
1223 2815 1506 2886 doctique,
1558 2817 1699 2887 quod
1743 2832 1830 2874 res

253 2911 450 2957 nostra:
493 2919 821 2972 nequaquam
863 2906 1142 2974 prazsentis
1185 2906 1307 2960 vitae
1343 2907 1570 2962 termino
1596 2909 1828 2963 circum-

249 2992 571 3059 scribantur,
602 2993 812 3048 tandem
858 3005 1160 3065 prmparent
1185 3011 1324 3062 sese,
1367 3006 1425 3051 ut
1452 2998 1586 3052 hanc
1615 3015 1826 3069 pmnam

241 3085 648 3156 cruciatumque
667 3088 870 3157 possint
897 3086 1149 3158 ell'ugere.
1172 3088 1310 3157 Quid
1332 3089 1490 3160 igitur
1513 3091 1826 3146 Abraham?

251 3173 472 3242 Habent,
521 3176 708 3246 inquit,
759 3176 988 3249 Moysem
1030 3187 1076 3232 et
1105 3178 1398 3248 prophetas,
1443 3180 1655 3234 audiant
1687 3181 1822 3235 illos.

248 3268 363 3323 Non
403 3285 556 3338 atque
587 3281 643 3336 tu
668 3285 826 3324 curas
853 3270 1045 3326 fratres
1087 3280 1204 3327 tuos
1227 3282 1385 3341 atque
1416 3272 1557 3328 Deus
1585 3273 1674 3343 qui
1706 3273 1824 3329 illos

238 3361 516 3416 condidit:
540 3366 848 3416 Innumeros
891 3362 994 3415 illis
1021 3362 1261 3416 adhibuit
1289 3363 1570 3432 magistros
1593 3405 1608 3427 ,
1643 3364 1827 3420 admo-

245 3454 474 3516 nitores,
523 3453 872 3516 consultores,
917 3452 1304 3508 adhortatores.
1361 3453 1496 3520 Quid
1536 3455 1692 3524 igitur
1734 3455 1824 3510 ille

245 3543 554 3613 reSpondit?
584 3542 726 3608 Non,
749 3544 936 3612 inquit,
957 3555 1100 3611 pater
1126 3544 1403 3612 Abraham,
1431 3545 1520 3598 sed
1547 3546 1592 3600 si
1617 3548 1729 3614 quis
1759 3563 1822 3600 ea:

239 3635 454 3687 mortuis
479 3634 668 3698 redeat,
695 3635 774 3687 illi
802 3634 1020 3687 credent.
1045 3633 1170 3688 Haec
1193 3643 1316 3688 sunt
1345 3635 1485 3704 vulgi
1517 3635 1697 3690 verba.
1719 3635 1819 3691 Ubi

242 3740 390 3780 nunc
417 3735 541 3779 sunt
567 3726 652 3794 qui
680 3724 898 3790 dicunt,
945 3725 1091 3779 illinc
1119 3725 1308 3780 rediit?
1334 3725 1462 3793 Quis
1489 3741 1553 3780 ex
1597 3727 1820 3782 mortuis

239 3817 512 3871 surrexit?
539 3816 668 3883 Quis
689 3818 922 3870 narravit
945 3833 1063 3886 qua:
1089 3827 1214 3871 sunt
1231 3817 1370 3887 apud
1392 3818 1624 3873 inferos?
1649 3819 1816 3886 Quam

239 3906 410 3961 multa
436 3908 536 3962 alia
563 3917 812 3977 tantaque
841 3908 1048 3962 dicebat
1074 3907 1214 3975 apud
1253 3908 1484 3977 seipsum
1521 3909 1669 3964 dives
1692 3911 1809 3978 ille,

236 4013 362 4053 cum
399 4013 700 4054 versaretur
737 4001 788 4053 in
817 3999 1262 4071 deliciis?Neque
1301 4001 1442 4055 enim
1485 4009 1685 4058 temere
1724 4019 1818 4074 po-

238 4091 488 4155 stulabat,
523 4099 581 4144 ut
605 4091 794 4160 aliquis
822 4099 1066 4162 surgeret
1093 4107 1156 4147 ex
1188 4093 1432 4147 mortuis.
1464 4093 1656 4148 Verum
1684 4111 1816 4165 quo-

239 4181 383 4236 niam
405 4181 516 4251 ipSe
541 4182 763 4238 audiens
777 4182 1078 4253 Scripturas
1101 4193 1512 4254 contempserat,
1532 4185 1812 4253 deriserat,

238 4274 443 4329 fabulas
489 4289 610 4330 esse
653 4290 772 4345 quas
819 4275 1129 4331 dicebantur
1166 4275 1654 4348 credideratzerga
1701 4278 1816 4334 haec

233 4365 375 4420 sicut
405 4366 516 4436 ipse
538 4365 710 4421 fuerat
733 4365 972 4434 affectus,
1005 4367 1075 4422 ita
1098 4367 1322 4422 habebat
1343 4368 1643 4437 opinionem
1669 4375 1723 4423 et
1747 4369 1814 4424 de

234 4458 490 4515 fratribus
537 4462 668 4515 suis.
715 4459 828 4527 Illi,
875 4461 1078 4531 inquit,
1122 4461 1200 4516 sic
1238 4461 1556 4531 opinantur:
1586 4461 1726 4531 quod
1769 4462 1810 4516 si
1881 4514 1887 4524 ,

233 4550 354 4619 quis
377 4565 441 4604 ex
472 4551 699 4605 mortuis
728 4550 980 4618 redierit,
1011 4566 1116 4606 non
1145 4551 1476 4622 derogabunt
1507 4552 1666 4607 ﬁdem
1693 4552 1768 4608 illi
1793 4594 1808 4617 ,

233 4657 409 4712 neque
437 4641 787 4710 deridebunt,
827 4643 920 4698 sed
957 4645 1132 4714 potius
1159 4644 1532 4700 auscultabunt
1570 4645 1664 4709 iis,
1693 4659 1812 4715 qua:

231 4734 496 4789 dicentur.
525 4735 661 4801 Quid
695 4736 854 4806 igitur
880 4737 1182 4792 Abraham?
1207 4737 1269 4793 Si
1300 4736 1494 4792 Mosam
1525 4747 1571 4791 et
1595 4739 1812 4810 praphe-

230 4837 312 4879 tas
335 4841 435 4879 non
447 4828 678 4892 audiunt,
697 4844 787 4882 nec
808 4827 975 4898 siquis
991 4845 1022 4880 a
1041 4829 1250 4882 mortuis
1269 4829 1562 4894 surrexerit,
1586 4829 1804 4884 credent.

230 4917 397 4988 quue
422 4935 602 4972 verum
632 4934 752 4974 esse
775 4960 789 4984 ,
820 4919 961 4989 quod
1009 4921 1108 4989 qui
1141 4935 1246 4973 non
1289 4919 1436 4974 audit
1469 4919 1768 4988 Scripturas
1789 4961 1806 4985 ,

231 5025 408 5080 neque
436 5026 500 5066 ex
532 5012 753 5066 mortuis
777 5014 1031 5068 excitatos
1059 5013 1333 5068 auditurus
1351 5012 1441 5077 sit,
1474 5013 1809 5068 declararunt

228 5101 401 5158 Judaei
429 5103 549 5172 :qui
580 5106 826 5172 quoniam
856 5105 1053 5158 Moscm
1086 5119 1147 5158 ac
1175 5103 1464 5173 pr0phetas
1492 5120 1596 5159 non
1627 5103 1808 5159 audie.

226 5200 354 5246 rant
374 5233 390 5256 ,
423 5209 597 5263 neque
632 5210 753 5249 cum
786 5205 1022 5249 mortuos
1048 5196 1302 5250 vidissent
1325 5194 1604 5260 excitatos,
1634 5193 1806 5249 credic
1889 5255 1898 5264 ,

223 5288 423 5342 derunt
446 5305 458 5340 :
478 5303 660 5343 verum
682 5303 824 5342 nunc
852 5287 1064 5359 quidem
1092 5287 1348 5342 Lazarum
1375 5286 1621 5342 occidere
1646 5301 1806 5342 cona-

225 5380 444 5447 bantur,
473 5396 615 5435 nunc
641 5395 826 5436 rursus
848 5381 900 5435 in
929 5381 1211 5451 Apostolus
1236 5382 1492 5452 impetum
1518 5379 1802 5444 faciebant,

220 5473 469 5541 quamvis
521 5472 670 5527 multi
715 5473 827 5543 jam
875 5488 942 5528 ex
993 5474 1214 5529 mortuis
1263 5479 1644 5540 surrexerant,
1698 5486 1804 5542 quo

226 5574 467 5632 tempore
495 5579 626 5620 crux
653 5563 1062 5635 pradicabatur.

297 5657 350 5710 3.
384 5656 451 5713 Ut
493 5672 620 5712 vero
648 5667 703 5711 et
742 5655 956 5710 aliunde
995 5669 1284 5724 cognoscas
1313 5655 1451 5727 quod
1493 5655 1706 5727 gravior
1732 5655 1801 5710 sit

224 5746 619 5819 Scripturarum
645 5763 707 5805 ac
730 5746 1105 5820 pr0phetarum
1130 5746 1389 5818 doctrina,
1407 5763 1564 5820 quam
1590 5748 1742 5820 siqui
1769 5763 1798 5803 a

1498 315 1588 370 DE
1626 312 1899 370 LAZARO
1938 312 2180 371 CONCIO
2217 317 2305 372 IV.

3390 323 3527 381 1010

1959 429 2180 484 mortuis
2223 429 2520 484 resuscitati
2545 431 2848 486 renuntient
2877 448 2891 486 :
2923 431 3048 487 illud
3089 435 3360 490 considera
3385 438 3526 503 quod

1947 517 2186 587 quisquis
2211 527 2448 573 mortuus
2476 529 2579 585 est,
2601 534 2788 575 servus
2811 531 2893 576 est
2911 541 2922 576 :
2942 539 3060 592 quze
3089 539 3217 579 vero
3238 526 3529 597 Scriptum

1947 605 2272 677 loquuntur,
2322 610 2568 680 loquutus
2614 622 2698 666 est
2744 613 3016 668 Dominus.
3048 614 3278 670 Proinde
3317 618 3524 673 etiamsi

1946 705 2187 754 mortuus
2212 700 2510 768 reviviscat,
2529 701 2734 757 etiamsi
2760 705 2978 773 angelus
3007 721 3037 758 e
3063 707 3196 762 czelo
3215 707 3524 777 descendat,

1946 789 2176 845 maxime
2203 791 2438 846 omnium
2469 793 2791 848 credendum
2821 804 2903 850 est
2929 795 3236 865 Scripturis.
3265 799 3397 854 Nam
3427 816 3526 855 an-

1944 879 2183 950 gelorum
2215 883 2469 938 Dominus
2491 925 2507 950 ,
2536 896 2864 941 mortuorum
2907 890 3103 954 pariter
3142 905 3206 945 ac
3235 891 3522 947 viventium

1943 973 2209 1040 dominus,
2239 975 2351 1044 ipse
2380 991 2472 1030 eas
2499 978 2752 1031 condidit.
2779 978 2860 1032 Ad
2892 979 3004 1034 haec
3031 981 3172 1050 quod
3200 997 3522 1052 supervaca-

1944 1079 2042 1119 nea
2066 1075 2305 1134 quaerant
2330 1067 2419 1136 qui
2445 1066 2750 1123 desiderant
2774 1077 2832 1123 ut
2860 1072 3053 1124 mortui
3093 1072 3234 1126 illinc
3263 1073 3521 1140 redeant,

1943 1167 2138 1226 prteter
2163 1157 2277 1213 hmc
2299 1175 2418 1229 quae
2442 1159 2580 1214 dicta
2598 1171 2741 1226 sunt,
2773 1164 2932 1216 etiam
2959 1164 3024 1215 ab
3051 1163 3206 1234 hujus
3233 1167 3412 1220 mundi
3434 1169 3526 1221 tri-

1943 1249 2226 1304 bunalibus
2271 1253 2639 1308 demonstrare
2681 1253 2820 1309 licet.
2873 1253 3124 1310 Gehenna
3167 1275 3270 1312 non
3313 1260 3525 1315 videtur

1943 1343 2263 1398 incredulis:
2290 1360 2410 1398 nam
2439 1345 2776 1401 credentibus
2805 1356 2888 1400 est
2918 1349 3192 1418 perspicua
3222 1353 3525 1407 manifesta-

1941 1447 2065 1502 que,
2098 1443 2272 1488 tamen
2301 1435 2369 1488 ab
2399 1435 2688 1490 incredulis
2719 1453 2820 1490 non
2848 1439 3182 1507 perspicitur.
3217 1441 3524 1497 Tribunalia

1941 1527 2222 1594 videntur,
2272 1528 2614 1598 quotidieque
2658 1529 2901 1583 audimus
2947 1531 3088 1598 quod
3135 1532 3222 1586 ille
3263 1533 3524 1604 supplicio

1940 1615 2161 1673 aliectus
2204 1627 2323 1683 est,
2356 1619 2496 1674 illius
2540 1622 2834 1691 proscripta
2883 1621 3018 1676 bona
3044 1664 3059 1685 ,
3091 1623 3226 1678 alius
3273 1635 3523 1694 operatur

1941 1709 1994 1763 in
2036 1709 2266 1778 fodinis,
2297 1712 2430 1767 alius
2474 1721 2694 1768 exustus
2733 1723 2816 1768 est
2856 1714 3000 1784 igni,
3033 1716 3166 1770 alius
3210 1717 3316 1772 alio
3346 1733 3520 1788 parum

1939 1797 2291 1871 vindictchue
2317 1817 2511 1872 genere
2537 1803 2690 1871 periit
2709 1819 2723 1856 :
2742 1812 2796 1857 et
2821 1814 2993 1858 tamen
3022 1804 3136 1858 hmo
3160 1821 3278 1859 cum
3298 1808 3518 1862 audiunt

1940 1892 2063 1945 mali
2090 1906 2152 1945 ac
2185 1892 2465 1947 facinorosi
2495 1893 2822 1962 maleficiquc
2852 1909 2954 1947 non
2982 1895 3350 1950 emendantur.
3380 1895 3518 1964 Quid

1941 1997 2068 2036 vero
2093 1983 2213 2037 dico
2241 1983 2430 2038 mirum
2456 2025 2470 2048 ,
2501 1983 2642 2053 quod
2688 1984 2720 2038 ii
2748 2025 2763 2048 ,
2809 1986 2897 2052 qui
2943 2001 3230 2054 numquam
3261 1987 3310 2040 in
3340 2003 3401 2042 ea
3434 1989 3517 2042 in-

1937 2071 2183 2137 ciderint,
2215 2088 2319 2127 non
2346 2073 2729 2128 emendantur?
2750 2075 2897 2128 Multi
2923 2075 3230 2146 frequenter
3255 2078 3306 2131 in
3337 2079 3399 2132 iis
3424 2078 3518 2133 dc-

1939 2161 2206 2231 prehensi.
2231 2172 2571 2233 posteaquam
2591 2163 2890 2235 effugerunt
2923 2181 3153 2235 plenam,
3174 2168 3518 2239 perfossoquc

1937 2268 2155 2308 carcere
2195 2255 2360 2322 elapsi
2389 2263 2549 2319 sunt,
2578 2271 2763 2310 rursus
2793 2256 2975 2310 eadem
3005 2257 3380 2327 aggrediuntur
3400 2300 3414 2323 ,
3462 2269 3517 2314 et

1937 2343 2106 2396 multo
2127 2343 2209 2398 his
2230 2344 2566 2399 sceleratiora
2591 2354 2914 2414 perpetrant.

2008 2434 2200 2489 Martui
2225 2452 2382 2503 quare
2409 2453 2508 2490 non
2534 2449 2831 2508 appareant.
2848 2437 3011 2492 -—Ne
3037 2439 3193 2508 igitur
3216 2455 3518 2510 quzcramus

1936 2526 2050 2582 haec
2094 2529 2280 2582 audire
2308 2547 2337 2581 ει
2368 2531 2593 2583 mortuis
2617 2571 2632 2596 ,
2663 2545 2781 2598 qua:
2829 2530 2996 2584 nmlto
3040 2532 3235 2586 clarius
3281 2533 3518 2603 quotidie

1934 2632 2034 2673 nos
2057 2618 2252 2674 docent
2287 2634 2452 2674 sacrae
2479 2621 2666 2676 literae.
2697 2619 2829 2674 Nam
2859 2621 2902 2674 si
2942 2623 3175 2676 novisset
3202 2623 3304 2677 hoc
3336 2623 3472 2680 Deus
3494 2665 3513 2693 ,

1933 2713 2074 2783 quod
2127 2715 2322 2767 mortui
2367 2715 2580 2769 excitati
2633 2715 2930 2770 viventibus
2982 2725 3164 2771 essent
3210 2718 3510 2787 profuturi,

1933 2819 2263 2875 nequaquam
2305 2807 2609 2874 omisisset,
2658 2823 2828 2877 neque
2873 2817 3074 2863 tantum
3118 2810 3324 2866 lucrum
3370 2829 3511 2882 pra:-

1934 2896 2200 2960 teriisset,
2233 2897 2320 2965 qui
2366 2905 2552 2951 cuncta
2584 2897 2736 2951 nobis
2778 2899 2922 2951 utilia
2975 2909 3240 2968 procurat.
3269 2901 3350 2956 Ad
3397 2903 3512 2958 hmc

1932 2989 1978 3044 si
2008 2989 2221 3044 assidue
2247 2999 2401 3044 erant
2423 2990 2686 3045 excitandi
2713 2991 2905 3044 mortui
2930 3031 2945 3057 ,
2978 2993 3236 3062 nobisque
3259 3009 3377 3064 quae
3404 2995 3510 3049 illic

1927 3093 2185 3152 geruntur
2211 3083 2559 3138 renuntiaturi
2587 3123 2602 3150 ,
2635 3091 2687 3136 ct
2716 3083 2815 3137 hoc
2843 3083 3016 3152 ipsum
3056 3100 3340 3155 progressu
3369 3096 3506 3142 tem-

1927 3173 2074 3243 poris
2115 3174 2298 3228 fuisset
2324 3181 2682 3244 contemptum
2715 3191 2729 3228 :
2763 3183 3020 3243 prmterea
3050 3191 3296 3244 perversa
3345 3178 3503 3233 etiam

1927 3263 2173 3332 dogmata
2201 3263 2442 3318 diabolus
2477 3264 2799 3330 invexisset,
2833 3264 2988 3334 idque
3013 3265 3298 3321 admodum
3331 3268 3501 3323 facile.

1929 3355 2192 3410 Potuisset
2215 3355 2357 3410 enim
2402 3355 2708 3425 frequenter
2731 3356 3014 3412 ostendere
3053 3357 3332 3413 simulacra
3357 3398 3372 3422 ,
3415 3369 3508 3413 aut

1925 3446 2220 3502 subornare
2238 3447 2324 3516 qui
2351 3447 2901 3502 simularentmortem
2927 3462 2988 3502 ac
3015 3450 3360 3518 sepulturam,
3381 3454 3503 3506 nios

1926 3551 2112 3592 rursus
2135 3551 2257 3592 sese
2298 3537 2678 3602 ostenderent,
2710 3539 2858 3608 quasi
2888 3554 2919 3593 e
2946 3540 3167 3594 mortuis
3207 3542 3465 3597 excitatos
3487 3583 3502 3606 ,

1925 3643 1989 3684 ac
2030 3644 2128 3700 per
2172 3629 2292 3684 illos
2331 3644 2680 3699 quacumque
2721 3629 2880 3684 vellet
2923 3629 3244 3699 persuadere
3283 3630 3502 3686 delusis.

1925 3721 2134 3776 Etenim
2165 3721 2209 3776 si
2241 3737 2379 3776 nunc
2407 3736 2526 3776 cum
2557 3723 2660 3776 tale
2688 3722 2817 3776 nihil
2845 3723 2933 3789 sit,
2965 3723 3168 3776 somnia
3199 3723 3502 3794 frequenter

1922 3811 2306 3865 dormientibus
2335 3811 2444 3865 visa
2464 3812 2622 3866 veluti
2649 3827 2854 3875 eorum,
2873 3813 2961 3880 qui
2992 3813 3114 3868 hinc
3137 3813 3501 3881 decesserunt,

1923 3902 2119 3956 multos
2171 3901 2532 3971 deecperunt,
2586 3902 2930 3970 perdiderunt
2982 3905 3499 3974 subverteruntque,

1923 3993 2089 4049 multo
2132 3992 2300 4062 magis
2347 3992 2397 4044 id
2441 3992 2757 4056 accidisset,
2803 3994 2847 4047 si
2895 3993 2992 4048 hoc
3031 3993 3228 4050 factum
3270 3997 3496 4064 fuisset,

1919 4089 2077 4152 atque
2102 4079 2153 4134 in
2183 4081 2448 4136 mentibus
2476 4080 2747 4135 hominum
2777 4082 3120 4149 obtinuisset;
3139 4085 3280 4154 quod
3309 4102 3500 4156 nempe

1919 4173 2069 4228 multi
2096 4172 2464 4228 defunctorum
2489 4174 2772 4229 rediissent
2798 4175 2850 4229 in
2878 4176 3059 4242 vitam,
3087 4177 3498 4236 innumerabiles

1918 4264 2207 4320 sceleratus
2248 4265 2340 4320 ille
2383 4265 2592 4320 daemon
2636 4265 2786 4320 dolos
2832 4266 3125 4337 texuisset,
3172 4270 3498 4340 multamque

1919 4355 2160 4411 fraudem
2206 4357 2257 4410 in
2288 4356 2448 4410 vitam
2491 4355 2764 4411 hominum
2795 4357 3103 4412 induxisset.
3146 4357 3329 4429 quue
3358 4361 3494 4415 Dens

1917 4448 2143 4503 occlusit
2183 4448 2359 4515 fores,
2410 4463 2508 4503 nec
2550 4448 2808 4517 permittit
2852 4449 3081 4519 aliquem
3124 4449 3492 4507 defunctorum

1919 4541 2024 4596 huc
2049 4557 2322 4598 reversum
2353 4557 2590 4606 narrare,
2621 4541 2746 4610 quid
2776 4541 2884 4596 illic
2914 4543 3022 4606 fiat,
3055 4557 3121 4597 ne
3149 4543 3238 4598 ille
3272 4555 3492 4614 accepta

1916 4633 2196 4691 occasione
2211 4634 2425 4690 technas
2443 4649 2566 4688 suas
2581 4649 2766 4688 omnes
2781 4634 3013 4690 invehat.
3026 4633 3160 4690 Nam
3175 4651 3296 4690 cum
3314 4649 3493 4694 essent

1890 4725 2187 4796 ,propheta:
2211 4766 2227 4791 ,
2273 4723 2764 4794 pseudoprophetas
2809 4725 3074 4780 excitabat
3105 4743 3121 4780 :
3151 4740 3272 4781 cum
3314 4740 3493 4783 essent

1913 4815 2139 4885 apostoli
2163 4857 2179 4880 ,
2213 4815 2649 4886 pseudapostolos
2683 4836 2696 4868 :
2727 4831 2845 4870 cum
2883 4816 3128 4873 Christus
3169 4831 3490 4889 appareret,

1914 4908 2346 4979 pseudochristos
2378 4926 2392 4964 :
2424 4924 2543 4963 cum
2574 4909 2820 4978 dogmata
2850 4925 2976 4964 sana
3005 4909 3218 4966 inducta
3246 4912 3491 4980 fuissent,

1913 5010 2164 5070 corrupta
2221 4999 2552 5066 inducebat,
2610 5001 2803 5069 ubique
2858 4999 3211 5058 disseminaus
3266 5004 3491 5059 zizania.

1914 5094 2095 5165 Itaque
2118 5093 2325 5148 etiamsi
2372 5091 2500 5147 illud
2540 5095 2845 5158 evenisset,
2893 5093 2994 5149 hoc
3035 5111 3245 5166 quoque
3270 5107 3491 5151 conatus

1913 5184 2098 5240 fuisset
2140 5183 2336 5254 lingere
2377 5200 2472 5254 per
2514 5199 2608 5239 sua
2655 5200 2851 5255 organa
2875 5227 2890 5252 ,
2938 5202 3044 5241 non
3085 5203 3209 5243 vere
3249 5190 3491 5244 excitatis

1912 5278 2134 5333 mortuis
2158 5319 2173 5342 ,
2202 5277 2297 5332 sed
2329 5275 2602 5332 maleficiis
2627 5277 2939 5348 quibusdam
2963 5294 3028 5333 ac
3063 5277 3336 5335 fraudibus
3361 5296 3491 5336 cou-

1909 5370 2170 5426 tuentium
2198 5369 2366 5424 oculis
2396 5367 2630 5439 deceptis
2653 5408 2668 5433 ,
2699 5377 2792 5423 aut
2816 5368 3076 5440 quosdam
3105 5369 3264 5424 etiam
3295 5370 3484 5426 subor-

1908 5478 2044 5520 nans
2064 5505 2079 5530 ,
2109 5460 2553 5533 quemadmodum
2591 5460 2768 5516 dicere
2793 5475 3059 5529 ceperam
3085 5501 3101 5525 ,
3132 5460 3222 5530 qui
3261 5469 3482 5517 mortem

1907 5557 2242 5622 simularent,
2270 5569 2480 5609 sursum
2509 5552 2757 5608 deorsum
2788 5551 3106 5616 miscuisset,
3134 5550 3487 5607 confudisset-

1907 5665 2012 5720 que
2034 5647 2232 5703 omnia.
2262 5644 2367 5700 Sed
2397 5643 2536 5699 Deus
2562 5683 2577 5710 ,
2604 5657 2724 5698 cum
2753 5641 2868 5697 hare
2894 5641 3068 5696 omnia
3114 5641 3444 5710 prmvidisset
3465 5682 3483 5707 ,

1909 5742 2172 5815 praelusit
2199 5739 2273 5794 illi
2302 5739 2437 5794 viam
2469 5735 2535 5792 ad
2566 5734 2663 5791 has
2693 5733 2912 5792 insidias
2932 5775 2948 5800 ,
2979 5734 3235 5806 nobisque
3261 5747 3485 5806 parcens
