3862 6228
315 313 449 370 1011

319 450 425 491 non
453 423 716 501 permisit,
734 430 792 476 ut
804 416 1084 487 quisquam
1102 413 1353 473 umquam
1369 393 1515 452 illinc
1534 389 1641 445 huc
1653 393 1907 442 reversos

1247 493 1258 501 ³
1374 486 1426 501 ⁸⁸³
1490 498 1505 501 Α
1554 475 1856 501 ί-Α-Αξ-ξιιιιιρ
1888 486 1904 500 ο

320 527 388 582 de
413 475 484 578 ii;
523 531 645 590 quae
785 475 910 564 sunt
945 475 1188 558 narraret
1209 486 1512 548 viventibus
1554 475 1905 536 hominibus:

321 567 663 677 docensjnos,
682 616 743 662 ιιι
755 595 1046 670 Scripturis
1075 588 1252 661 potius
1277 576 1607 639 credendum
1635 567 1910 627 existime-

324 656 521 677 ......,....
549 656 663 672 ..νη
688 656 740 662 _-
767 656 817 659 _,
879 656 895 670 ,
1078 656 1091 661 _

324 724 445 765 mus
470 747 486 772 ,
517 714 677 772 quam
723 688 931 750 eatteris
972 681 1240 739 omnibus.
1270 674 1560 741 Propterea
1600 658 1743 734 quod
1773 656 1916 711 Deus

470 748 486 772 ,
519 748 677 772 .,_--_
733 748 746 750 -

324 802 500 858 multo
523 793 780 852 clariores
808 779 1232 852 msignioresque
1257 782 1345 823 res
1371 772 1551 834 gestas
1570 797 1589 825 ,
1614 766 1776 824 quam
1803 748 1917 817 ipsa

1454 854 1465 858 -
1563 847 1598 858 ,,
1634 845 1647 858 ,
1798 837 1885 858 ___,

328 837 499 858 ιιιιιιιυ
524 837 626 852 νει--
639 837 708 847 -ν-
724 837 779 844 ν-
810 837 885 840 7---
912 837 943 852 υ
1146 837 1165 843 _

328 897 400 952 sit
442 882 766 947 resurrectio
790 919 808 944 ,
856 872 1010 930 nobis
1053 854 1513 923 commoustravit.
1557 845 1755 904 Orbem
1797 837 1920 894 unl-

1295 949 1305 952 ‘
1484 942 1496 952 ·
1508 948 1516 952 λ
1564 950 1570 952 Α
1695 936 1739 952 ξφ
1755 931 1848 952 .1---
1859 928 1895 952 ι.

329 928 400 952 ι..
444 928 762 947 ,ναυηνπη
790 928 808 944 ,

329 994 547 1039 versum
578 968 862 1033 convertit,
890 971 1129 1020 errorem
1157 949 1356 1020 abegit,
1385 942 1665 1000 veritatem
1694 928 1920 994 induxit,

333 1091 432 1148 per
459 1068 705 1126 homines
730 1061 1029 1132 piscatores
1053 1063 1117 1104 ac
1156 1044 1290 1099 viles
1315 1039 1432 1093 haec
1454 1030 1634 1089 omnia
1679 1021 1923 1096 peregit,

1356 1124 1578 1148 ’λ’-*⁸³*
1609 1120 1923 1148 AnAn-mania

331 1120 828 1235 denique—abunde
854 1158 1046 1217 magna
1095 1153 1206 1195 sua:
1233 1124 1580 1207 providentia:
1608 1120 1926 1176 documenta

340 1297 494 1316 ¹⁸νυ¹υ
521 1297 714 1322 *νηί*-
748 1297 795 1317 r-
820 1297 823 1298 ν
1220 1297 1232 1298 γ

339 1350 502 1418 huius
530 1345 653 1399 vitae
680 1335 910 1394 termino
951 1316 1316 1383 circumscribi
1339 1354 1355 1378 ,
1386 1311 1482 1367 sed
1507 1303 1791 1362 credamus
1821 1297 1933 1350 fore

1331 1406 1343 1418 ⁸
1490 1402 1827 1418 ----ΑΑ---ιιι-.ιιι
1847 1385 1933 1418 Isin

342 1385 502 1418 ιιι-μη,
539 1385 553 1399 .
568 1385 653 1398 ...ν
682 1385 898 1394 ----____,

341 1439 596 1514 indicium
612 1446 676 1487 ae
697 1419 1181 1489 remunerationem
1202 1406 1461 1468 omnium,
1480 1402 1827 1470 quascumque
1847 1385 1935 1440 hic

348 1551 378 1590 a
402 1528 555 1588 nobis
578 1529 854 1597 geruntur.

876 1615 922 1661 et
945 1596 1181 1658 Hmatici
1203 1586 1517 1648 consentiunt
1537 1580 1602 1635 de
1623 1573 1819 1649 judicio
1850 1584 1940 1624 ea:-

349 1706 752 1773 tremo.—-Nam
777 1701 829 1756 id
854 1705 938 1754 est
964 1693 1100 1748 adeo
1129 1683 1466 1743 manifestum
1490 1670 1942 1740 conspicuumque

341 1805 585 1865 cunctis,
633 1805 691 1853 ut
713 1804 768 1850 et
791 1786 961 1848 ,Ιυὰιεί
1001 1792 1056 1839 ει
1091 1778 1294 1841 (irasci,
1324 1781 1379 1828 et
1412 1764 1646 1824 haeretici
1667 1803 1683 1828 ,
1713 1755 1945 1814 breviter

352 1899 528 1955 onmis
550 1886 789 1963 quisquis
814 1891 898 1939 est
924 1880 1086 1933 homo
1106 1884 1268 1941 super
1293 1866 1378 1921 his
1403 1856 1722 1918 consentiat.
1749 1850 1947 1919 Quam-

353 2003 513 2062 quam
540 1984 681 2040 cnim
727 1991 832 2032 non
872 1960 1319 2042 quemadmodum
1361 1955 1549 2017 decet,
1597 1948 1666 2002 de
1702 1954 1947 1999 resurre-

1366 2055 1427 2062 --κ
1462 2059 1487 2062 γ-
1505 2056 1559 2062 -..
1615 2037 1676 2062 .1...
1716 2031 1912 2062 ξηιιῖηἷη

350 2031 534 2137 ctione
573 2031 1013 2144 philosophantur
1061 2066 1280 2115 omnes,
1331 2055 1566 2101 attamen
1611 2037 1680 2094 de
1712 2031 1946 2106 judicio,

354 2133 533 2244 deque
553 2133 747 2235 pinnis,
778 2133 951 2226 deque
967 2142 1317 2206 tribunalibus
1335 2152 1454 2210 qua:
1476 2133 1585 2190 illic
1603 2136 1748 2197 sunt,
1767 2135 1952 2180 omnes

360 2220 719 2319 consentiunt,
746 2249 854 2305 illic
881 2258 1003 2300 esse
1022 2239 1251 2309 aliquam
1279 2243 1464 2288 eorum
1503 2238 1624 2295 quas
1650 2220 1738 2274 hic
1760 2229 1955 2288 gerun-

358 2360 451 2407 tur
485 2340 968 2405 remunerationem
1000 2349 1018 2389 :
1052 2326 1193 2401 quod
1233 2325 1288 2379 ni
1329 2329 1506 2385 esset,
1549 2330 1655 2387 qua
1693 2312 1764 2367 de
1797 2320 1956 2365 causa

365 2443 512 2499 Deus
531 2437 719 2493 cu‘lum
739 2442 845 2485 tam
870 2424 1105 2494 amplum
1127 2413 1475 2475 extendisset,
1505 2418 1700 2463 terram
1722 2402 1959 2456 substra-

364 2621 754 2698 providentiam
792 2611 1139 2673 declarasset,
1181 2602 1282 2658 nisi
1310 2597 1378 2654 ad
1401 2598 1558 2651 finem
1590 2604 1759 2662 usque
1794 2583 1963 2641 nostri

371 2730 556 2774 curam
582 2711 858 2767 habiturus
882 2699 1069 2759 esset?

444 2809 500 2863 4.
530 2803 718 2860 Nonne
743 2795 894 2852 vides
920 2791 1119 2848 multos
1141 2828 1157 2853 ,
1194 2782 1430 2856 quicum
1475 2776 1668 2830 virtute
1695 2773 1964 2826 ViXt‘I’ilni,

375 2902 763 2964 innumeraque
782 2887 923 2945 mala
942 2880 1085 2957 passi
1104 2887 1250 2942 sunt,
1271 2870 1568 2930 decessisse
1594 2863 1732 2920 nulla
1752 2877 1809 2915 re
1828 2859 1969 2913 b0tta

376 2996 625 3063 percepta
644 2951 691 3039 τ’
732 2980 882 3038 Alios
930 2951 1120 3032 contra
1141 3013 1157 3039 ,
1205 2982 1329 3022 cum
1389 2959 1608 3017 multum
1657 2951 1972 3026 pravitatem

380 3044 770 3141 commiserint,
814 3073 1018 3128 alienas
1046 3063 1324 3121 facultates
1352 3051 1664 3126 rapuenint,
1700 3044 1886 3101 viduas
1920 3049 1977 3096 et

364 3173 655 3247 orphanos
692 3161 1063 3238 spoliaverint,
1089 3147 1585 3226 oppresserintque,

382 3246 588 3336 ciisque
611 3269 666 3317 et
682 3252 975 3314 innumeris
1000 3246 1156 3305 bonis

385 3333 645 3416 tantulum
672 3349 885 3423 quidem
907 3342 1030 3399 mali
1062 3333 1288 3411 passos?

467 3405 713 3506 Probati;
730 3405 1128 3497 immortalitaiis
1149 3428 1350 3483 anima.
1368 3420 1706 3487 —-Qu:enam
1724 3405 1984 3483 igitur”!

392 3502 489 3600 ιιιῖ
503 3502 709 3613 priores
736 3531 948 3589 virtutis
975 3524 1197 3598 prtemia
1222 3516 1502 3586 recipient,
1538 3510 1624 3565 vel
1644 3506 1732 3563 isti
1750 3502 1986 3575 pravita-

395 3636 465 3691 tis
489 3597 658 3688 ferent
678 3622 955 3696 supplicia,
981 3597 1026 3673 si
1043 3622 1240 3672 nostrae
1265 3625 1354 3665 res
1374 3607 1517 3662 ultra
1540 3602 1700 3656 vitam
1726 3597 1865 3652 hanc
1880 3609 1986 3648 non

386 3718 785 3807 proferuntur?
812 3714 945 3771 Nam
970 3711 1016 3767 si
1041 3709 1183 3764 Deus
1206 3713 1308 3767 est,
1338 3697 1494 3755 sicuti
1520 3706 1705 3750 revera
1725 3696 1828 3753 est,
1863 3700 1988 3742 eum

1116 3798 1136 3807 -
1219 3796 1234 3807 -
1258 3795 1291 3807 .-
1427 3787 1571 3807 ..__,
1605 3784 1646 3807 ,ε
1678 3783 1845 3807 ε,,,,,,,
1882 3785 1965 3807 Μ,

398 3783 596 3890 iustum
625 3824 746 3868 esse
782 3818 943 3863 nemo
980 3816 1084 3858 non
1112 3795 1385 3854 fatebitur.
1415 3787 1574 3858 Atqui
1600 3784 1648 3840 si
1673 3783 1848 3853 justus
1882 3785 1988 3843 est,

1281 3883 1334 3890 -.
1524 3877 1539 3890 .
1665 3874 1709 3890 .,
1759 3868 1988 3890 ,ηρηη

398 3868 458 3965 et
479 3909 562 3962 his
588 3914 645 3961 et
675 3902 782 3957 illis
809 3895 999 3953 reddet
1029 3905 1128 3963 pro
1162 3883 1402 3949 meritis,
1446 3890 1500 3935 et
1524 3877 1629 3931 hoc
1665 3874 1719 3928 in
1749 3868 1994 3927 confesso

403 4008 507 4056 est.
548 3992 702 4064 Quod
738 3992 784 4047 si
809 3997 865 4046 et
890 3986 975 4041 bis
1003 3957 1058 4040 et
1087 3981 1194 4036 illis
1219 3973 1478 4045 rependet
1511 3982 1608 4039 pro
1635 3962 1840 4020 meritis
1862 4001 1877 4025 ,
1907 3957 1997 4012 bic

407 4104 533 4147 vero
581 4085 758 4142 nullus
797 4089 985 4137 eorum
1023 4070 1258 4142 recepit,
1303 4077 1477 4134 neque
1510 4060 1603 4115 ille
1643 4050 1998 4125 improbitatis

410 4194 647 4256 postiam,
688 4172 864 4245 neque
890 4169 981 4225 hic
1020 4162 1231 4221 virtutis
1259 4155 1478 4230 praemia
1512 4172 1527 4207 :
1557 4149 1893 4222 perspicuum
1916 4149 2001 4200 est

406 4284 617 4333 restare
658 4279 868 4337 tempus
908 4256 1120 4331 aliquod
1154 4255 1210 4310 in
1245 4265 1352 4323 quo
1393 4258 1694 4317 congruens
1720 4236 2002 4312 pratm'mm

412 4369 606 4422 bonum
639 4368 864 4428 uterque
890 4353 1048 4409 feret.

485 4418 819 4514 tionscientiis
839 4440 1059 4501 tribunal
1077 4440 1449 4506 incorruptum.
1465 4458 1537 4469 —
1549 4424 1657 4482 Sed
1672 4437 1837 4494 quare
1853 4418 2007 4474 nobis

413 4550 657 4619 judicem
685 4545 739 4600 in
767 4541 948 4597 animo
972 4535 1052 4591 sic
1074 4536 1336 4603 perpetuo
1359 4521 1664 4594 vigilantem
1682 4557 1698 4583 ,
1745 4523 1802 4569 et
1836 4520 2011 4567 atteno

418 4655 532 4699 tum
568 4640 715 4696 Deus
739 4625 1054 4691 constituit?
1079 4616 1475 4680 Conseientiam
1500 4612 1712 4681 loquor.
1736 4603 2010 4661 Necenim

414 4744 502 4791 est
545 4732 685 4787 ullus
717 4728 859 4781 inter
888 4719 1133 4775 homines
1166 4711 1301 4766 adeo
1325 4705 1569 4778 vigilans,
1606 4708 1666 4754 ut
1707 4706 1791 4752 est
1831 4702 2013 4749 nostra

415 4819 775 4883 conscientia.
812 4812 949 4870 Nam
977 4805 1184 4865 externi
1205 4800 1410 4873 iudices
1433 4805 1489 4852 et
1512 4791 1752 4865 pecuniis
1778 4800 2019 4843 corrum-

422 4925 653 4989 vpunlut‘,
703 4918 759 4965 et
798 4898 1246 4962 assentationibus
1274 4889 1633 4963 deﬁniuntur,
1675 4893 1732 4940 et
1763 4888 1909 4936 metu
1946 4878 2021 4932 si-

425 4972 663 5071 inulant,
706 4999 935 5068 denique
962 4993 1126 5048 multa
1154 4993 1279 5043 sunt
1302 4984 1403 5039 alia
1428 4994 1548 5052 qua:
1572 4984 1777 5032 rectum
1810 4972 2020 5027 illorum

429 5100 688 5175 judicium
710 5061 1006 5163 depravant
1037 5103 1051 5139 :
1083 5090 1137 5138 at
1164 5074 1505 5136 conscientia:
1524 5067 1756 5125 tribunal
1778 5063 1906 5118 nulli
1928 5061 2026 5115 ho-

432 5154 447 5175 .
464 5154 541 5157 η
558 5154 571 5156 -
784 5154 797 5163 .

432 5196 641 5250 minum
676 5185 826 5242 novit
856 5179 1068 5243 cedere,
1110 5172 1204 5228 sed
1228 5165 1470 5236 quamvis
1493 5158 1707 5216 dederis
1733 5154 1986 5228 pecunias
2004 5195 2021 5219 ,

437 5245 683 5359 quamvis
709 5275 954 5341 mineris,
986 5265 1231 5341 quamvis
1251 5257 1395 5316 aliud
1421 5253 1680 5327 quidlibet
1699 5249 1911 5313 feceris,
1935 5245 2024 5315 ju-

442 5336 581 5434 stam
603 5373 739 5429 feret
758 5336 1079 5426 sententiam
1109 5355 1365 5411 adversus
1391 5352 1730 5417 peccatorum
1751 5336 2032 5409 cogitatis-

447 5482 564 5531 nes,
592 5464 728 5520 adeo
757 5470 810 5516 ut
843 5458 959 5526 ipse
982 5461 1195 5522 quoque
1223 5442 1314 5513 qui
1362 5443 1643 5510 peccatum
1669 5428 1907 5493 admisit,
1948 5441 2035 5482 se-

449 5559 625 5629 ipsum
679 5550 1037 5608 condemnet,
1068 5540 1228 5597 etiam
1282 5533 1325 5588 si
1380 5529 1518 5584 alius
1572 5524 1753 5579 nullus
1798 5526 2031 5575 accuset.

448 5611 632 5716 lisque
661 5643 714 5699 id
742 5637 909 5695 semel
939 5645 1097 5703 atque
1129 5630 1344 5687 iterum,
1392 5619 1486 5677 sed
1527 5615 1743 5686 saepius,
1792 5611 1901 5666 imo
1941 5624 2039 5679 per

446 5753 670 5799 omnem
709 5733 870 5789 vitam
915 5729 1016 5783 hoc
1045 5725 1223 5781 facere
1266 5731 1377 5775 non
1409 5710 1607 5772 desinit
1636 5726 1649 5766 :
1681 5716 1737 5765 et
1776 5705 1901 5763 licet
1947 5703 2033 5760 in-

998 293 1059 351 S.
1097 280 1377 349 ιυΑιιιιιε
1402 262 1879 335 CHRYSOSTOMI
1922 253 2239 316 ΑιιοίιιΕΡ.
2279 241 2816 306 CONSTAN'l’lNOI’.

2018 385 2153 445 gens
2203 364 2460 436 temporis
2505 356 2839 415 intervallum
2882 347 3279 410 intercesserit,
3321 356 3627 410 numquam

2020 478 2198 519 tamen
2236 435 2583 514 obliviscetur
2617 463 2802 507 eorum
2841 460 2961 517 qua:
2998 442 3138 498 facta
3177 448 3321 495 sunt.
3374 435 3520 504 Quin
3568 442 3630 487 et

2019 573 2144 614 cum
2187 559 2526 625 perpetratur
2578 552 2847 614 peccatum
2871 581 2886 603 ,
2947 549 3002 592 et
3061 535 3367 605 priusquam
3425 544 3634 598 perpe-

2025 623 2217 711 tretur,
2267 653 2323 700 et
2362 650 2641 712 postquam
2683 645 2768 691 est
2805 637 3167 702 perpetratum
3188 665 3203 687 .
3254 623 3486 679 acerbus
3534 634 3642 673 no-

2025 743 2110 800 bis
2169 738 2414 795 imminet
2467 738 2771 792 accusator,
2816 725 3049 781 maxime
3099 732 3229 774 vero
3275 726 3643 787 posteaquam

2030 839 2393 906 perpetratum
2447 824 2625 881 fuerit.
2690 819 2821 876 Nam
2885 817 2937 871 in
2979 808 3336 885 perpetrando
3389 805 3649 869 scelere,

2030 923 2283 995 quoniam
2330 916 2602 985 voluptate
2646 925 2830 965 sumus
2866 905 3034 969 ebrii,
3086 917 3193 956 non
3238 896 3461 967 perinde
3514 904 3644 946 sen-

1180 3241 1326 3298 fruiti
1351 3236 1566 3298 fuerint,
1592 3227 1891 3287 deces‘shse
1908 3236 1980 3278 ne
2024 3250 2029 3257 -

3463 226 3624 282 151%

2034 1016 2194 1071 timus
2239 1029 2254 1066 :
2302 1018 2555 1064 eatterum
2619 999 2779 1058 simul
2828 1006 2989 1066 atque
3048 990 3394 1048 commissum
3434 986 3608 1041 fuerit
3633 1023 3651 1046 ,

2034 1105 2345 1178 eeperitque
2384 1101 2564 1164 linem,
2610 1106 2721 1151 tum
2759 1092 2977 1147 demum
3021 1086 3285 1143 exstincta
3334 1081 3647 1150 voluptate.

2037 1211 2254 1254 amarus
2298 1189 2628 1265 pmnitentia:
2667 1183 2916 1243 stimulus
2938 1178 3201 1242 succedit,
3248 1182 3439 1230 contra
3473 1183 3650 1240 quant

2039 1258 2468 1346 accidere'solet
2516 1277 2828 1335 mulieribus
2870 1266 3309 1344 parturientibus.
3359 1261 3498 1317 Nam
3538 1258 3653 1313 illis

2040 1391 2165 1437 ante
2188 1387 2401 1450 partum
2430 1373 2584 1428 labor
2606 1380 2690 1425 est
2714 1367 2902 1437 ingens
2921 1405 2936 1429 ,
2972 1374 3265 1433 gravesque
3292 1357 3449 1411 nixus
3471 1394 3492 1417 ,
3534 1350 3653 1406 dis-

2043 1481 2288 1529 secantes
2305 1482 2398 1524 eas
2430 1460 2778 1520 intolerandis
2797 1454 3073 1513 doloribus
3098 1468 3115 1506 :
3137 1457 3258 1520 post
3275 1455 3486 1518 partum
3516 1456 3655 1498 vero

2042 1566 2321 1630 relaxatio,
2361 1562 2547 1617 dolore
2582 1556 2739 1613 simul
2765 1566 2888 1608 cum
2915 1547 3118 1604 infante
3149 1541 3456 1615 egredientc
3486 1554 3504 1594 :
3547 1551 3657 1589 ve-

2047 1676 2166 1716 rum
2190 1659 2274 1713 hic
2297 1672 2403 1711 non
2427 1655 2574 1714 item,
2602 1648 2695 1704 sed
2712 1647 2838 1701 dum
2858 1640 3183 1713 parturimus
3204 1632 3659 1702 eoneipimusque

2047 1760 2329 1820 corruptos
2353 1745 2611 1808 aﬂ‘eetus,
2650 1738 2980 1794 delectamur
3004 1728 3400 1801 gaudemusque
3434 1739 3452 1777 :
3488 1728 3662 1774 caete-

2049 1860 2169 1899 rum
2181 1842 2267 1895 ubi
2286 1838 2541 1895 fuerimus
2562 1831 2704 1888 enixi
2722 1829 2919 1883 malum
2935 1825 3081 1880 illum
3100 1833 3325 1892 puerum
3347 1821 3662 1886 peccatum,

2053 1945 2163 1989 tum
2200 1936 2482 1999 conspecta
2508 1923 2746 1981 fmditate
2790 1926 2994 1988 partus,
3023 1911 3405 1968 discruciamur
3435 1903 3669 1975 gravius

2053 2039 2213 2095 quam
2251 2020 2505 2077 mulieres
2538 2012 2913 2087 parturientes.
2943 2007 3277 2075 Quapropter
3299 2014 3399 2063 ne,
3439 2012 3473 2050 a
3506 1995 3666 2065 prin-

2055 2116 2198 2185 cipio
2222 2112 2474 2175 maxime,
2505 2105 2872 2174 concipiamus
2892 2096 3143 2153 inanimo
3166 2100 3478 2160 corruptam
3506 2086 3671 2156 cupi-

2057 2179 2277 2265 ditatem
2304 2222 2320 2260 :
2351 2200 2494 2273 quod
2520 2200 2566 2255 si
2595 2194 2809 2268 quando
2832 2187 3256 2260 conceperimus,
3280 2194 3458 2239 tamen
3489 2179 3674 2234 fetum

2061 2303 2203 2357 intus
2225 2271 2599 2366 praefocemus.
2641 2287 2844 2343 Rursus
2875 2283 2921 2338 si
2947 2281 3053 2336 huc
3080 2291 3248 2348 usque
3277 2271 3542 2329 fuerimus
3567 2283 3679 2324 ue-

2061 2394 2319 2464 gligentes
2337 2428 2354 2452 .
2381 2384 2712 2455 iniquitatem
2740 2379 2793 2434 in
2837 2390 2971 2446 opus
2999 2382 3335 2442 progressam
3363 2379 3493 2419 mox
3521 2361 3678 2416 oeci-9

2069 2667 2284 2726 exitiale
2325 2670 2566 2737 peccato,
2593 2673 2753 2730 quam
2783 2652 2987 2726 peccati
3028 2645 3296 2704 aecusan
3335 2640 3681 2697 condemna-

2072 2763 2271 2832 tioque,
2294 2730 2415 2813 cum
2445 2750 2773 2825 turpitudine
2803 2743 3157 2816 lacrymisque
3182 2735 3496 2805 coniuncta.
3520 2730 3681 2787 Gon-

2071 2820 2335 2910 detrtttasti
2370 2820 2516 2903 tuum
2554 2838 2866 2915 peccatum?
2905 2829 3201 2904 deposuisti
3226 2826 3521 2883 sarcinam.
3542 2820 3687 2891 Quis

2076 2906 2194 3001 ἶιξιξέ
2219 2940 2388 2999 dicit?
2425 2906 2729 3008 Ipse'judex
2756 2932 2915 2986 Deus.
2944 2925 3041 2980 Dic
3058 2930 3125 2979 tu
3150 2929 3358 2993 pm
3392 2926 3487 2972 tu

2084 3236 2215 3277 ηιιηι

2058 3279 2395 3372 confiteris,
2414 3314 2476 3359 ut
2509 3304 2561 3358 in
2599 3279 2877 3370 publicum
2909 3289 3187 3364 proferat?
3228 3285 3341 3344 imo
3364 3280 3579 3341 ves-egi
3598 3279 3696 3352 φὶ

2086 3402 2343 3460 Dominus
2370 3407 2472 3464 est,
2512 3394 2563 3451 ei
2587 3393 2677 3464 qui
2705 3389 2782 3445 tui
2807 3401 2989 3443 curam
3016 3380 3180 3453 gerit,
3216 3378 3269 3435 ei
3288 3376 3385 3449 qui
3412 3372 3698 3433 hum

2088 3502 2191 3561 est,
2220 3493 2272 3548 ei
2298 3489 2391 3560 qui
2420 3485 2659 3543 medicus
2682 3491 2785 3547 est,
2814 3475 3050 3533 ostendis
3070 3471 3308 3528 vulnera.

2166 3554 2335 3652 Quare
2362 3581 2408 3635 ei
2442 3572 2784 3647 conﬁtendum
2808 3570 2894 3639 qui
2910 3568 3006 3623 scit
3031 3563 3221 3619 omnia.
3241 3589 3315 3603 --
3329 3555 3525 3626 Neque
3546 3554 3705 3612 enim

2090 3650 2320 3747 ignorat,
2349 3669 2557 3727 etiamsi
2585 3673 2645 3721 tu
2671 3680 2777 3720 non
2805 3660 3028 3724 dixeris,
3062 3657 3150 3727 qui
3176 3652 3383 3708 sciebat
3406 3650 3578 3705 etiam
3601 3663 3703 3703 an-

2100 3740 2313 3839 tequam
2337 3772 2697 3835 perpetrares.
2719 3754 2857 3824 Quid
2884 3754 3044 3824 igitur
3062 3757 3146 3805 est
3172 3759 3367 3807 causa,
3385 3758 3499 3813 quo
3518 3740 3704 3795 nti-us

2097 3836 2282 3919 dicas?
2309 3858 2428 3914 Non
2446 3855 2591 3911 enim
2619 3867 2687 3909 ex
2712 3846 3050 3904 accusatione
3075 3851 3163 3897 tua
3194 3838 3249 3893 ﬁt
3273 3836 3493 3908 gravius
3511 3846 3704 3901 pecca-

2054 4032 2055 4035 η
2099 3964 2211 4011 tum
2241 3970 2256 4009 :
2297 3952 2410 4008 imo
2449 3962 2579 4003 vero
2617 3942 2799 3999 mitius
2836 3954 2902 3994 ac
2936 3936 3125 3992 levius.
3172 3932 3238 3985 Et
3276 3929 3344 3984 ob
3384 3927 3491 3981 hoc
3529 3925 3704 3994 ipsum

2102 4048 2246 4103 Deus
2272 4043 2386 4099 vult
2426 4050 2481 4095 te
2507 4037 2689 4095 dicere
2714 4051 2728 4088 :
2760 4044 2868 4088 non
2900 4039 2963 4084 ut
2989 4024 3248 4098 puniaris,
3275 4018 3372 4075 sed
3402 4027 3461 4072 ut
3488 4017 3704 4072 relaxe-

2103 4139 2212 4194 ris:
2243 4148 2350 4189 non
2377 4142 2437 4188 ut
2458 4131 2575 4201 ipse
2601 4126 2735 4182 sciat
2749 4128 3026 4194 peceatum
3048 4135 3061 4170 :
3090 4130 3188 4170 cur
3203 4112 3345 4168 enim
3374 4110 3425 4163 id
3441 4107 3705 4179 poenitet,

2105 4243 2226 4284 cum
2268 4226 2379 4297 jam
2410 4196 2580 4277 sciat?
2621 4215 2715 4273 sed
2745 4222 2804 4269 ut
2829 4211 2987 4276 scias,
3026 4214 3282 4277 quantum
3310 4200 3421 4254 tibi
3462 4196 3708 4253 debitum

2106 4287 2429 4376 remittatur.
2474 4310 2602 4367 ideo
2625 4321 2756 4364 vero
2783 4303 2896 4360 vult
2932 4310 2984 4357 te
3006 4299 3144 4355 seire
3166 4290 3412 4351 beneficii
3434 4287 3711 4359 magnitr

2112 4413 2313 4477 dinem,
2361 4415 2422 4463 ut
2453 4410 2712 4476 perpetuo
2738 4397 2940 4470 gratias
2982 4405 3128 4463 agas,
3163 4398 3221 4443 ut
3262 4385 3481 4456 segnior
3525 4386 3626 4434 tias
3648 4379 3710 4435 ad

2531 4472 2591 4549 ut
2620 4491 2689 4549 ad
2714 4489 2965 4544 virtutem
3002 4478 3320 4554 promptior.
3367 4473 3483 4529 Nisi
3514 4472 3713 4526 dixeris

2110 4564 2283 4648 debiti
2296 4584 2735 4660 magnitudinem,
2756 4594 2864 4634 non
2880 4587 3139 4647 agnosces
3149 4569 3329 4641 gratiae
3344 4564 3715 4622 eminentiam.

2118 4658 2477 4751 Mtiuquit,
2512 4690 2648 4745 cogo
2675 4683 2728 4727 te
2748 4672 2802 4727 in
2833 4667 3067 4725 medium
3088 4661 3303 4733 prodire
3329 4658 3632 4714 theatrum.
3664 4670 3721 4708 ac

2121 4778 2320 4833 multo:
2345 4750 2605 4829 adhibere
2631 4774 2798 4823 testes
2827 4781 2842 4816 :
2888 4760 3023 4817 mihi
3056 4756 3160 4812 soli
3194 4755 3282 4809 die
3303 4758 3588 4822 peccatum
3614 4750 3723 4815 ιιι-ιο

2125 4871 2285 4924 vatim
2306 4907 2320 4931 ,
2349 4873 2411 4920 ut
2445 4872 2628 4918 sanem
2670 4858 2861 4922 ulcus,
2896 4862 3058 4923 teque
3090 4848 3276 4904 dolore
3304 4844 3559 4898 liberem.
3606 4840 3725 4893 Idea

2128 4963 2282 5017 nobis
2306 4957 2495 5013 indidit
2515 4949 2918 5009 conscientiam.
2956 4944 3117 5014 idque
3140 4938 3326 5011 quovis
3354 4943 3513 5005 patre
3537 4947 3728 4986 aman-

2131 5057 2257 5110 tius.
2288 5050 2423 5106 Nam
2444 5054 2595 5118 pater
2609 5043 2698 5098 ubi
2725 5039 2914 5104 semel,
2942 5038 3153 5095 iterum,
3175 5046 3239 5085 ac
3267 5027 3448 5091 tertio,
3478 5025 3727 5080 deeiesve

2131 5147 2298 5203 ilium
2326 5135 2680 5207 increpaverit
2707 5151 2722 5188 :
2753 5133 2798 5187 si
2827 5119 3455 5192 videritincorrigibilem
3480 5128 3724 5176 tum,

2133 5238 2425 5308 desperans
2472 5227 2703 5294 abdicat,
2752 5219 2974 5293 expellit
3002 5233 3035 5275 e
3068 5212 3301 5276 familia,
3347 5225 3381 5265 a
3408 5207 3722 5278 cognatione

2135 5297 2366 5386 resecat.
2400 5326 2471 5379 At
2509 5335 2616 5376 non
2650 5317 2839 5374 eodem
2881 5310 3045 5369 modo
3066 5303 3424 5364 conscientia,
3470 5298 3572 5355 sed
3610 5297 3725 5352 licet

2140 5419 2327 5486 semel,
2356 5415 2481 5472 licet
2500 5414 2711 5476 iterum,
2734 5408 2860 5463 licet
2877 5414 2976 5471 ter,
3004 5401 3134 5458 licet
3150 5394 3347 5451 millies
3367 5388 3725 5452 admonuerit,

2142 5524 2304 5583 tuque
2335 5523 2442 5565 non
2474 5505 2835 5572 obtemperes,
2862 5492 3103 5551 monebit
3138 5490 3353 5551 iterum,
3381 5496 3487 5537 nec
3516 5479 3726 5536 desistet

2144 5573 2314 5676 usque
2336 5602 2404 5658 ad
2423 5610 2731 5670 supremum
2759 5592 2980 5648 halitum
3009 5587 3121 5643 sive
3138 5581 3302 5643 domi,
3326 5579 3442 5634 sive
3474 5576 3534 5630 in
3563 5573 3727 5633 biviis.

2151 5700 2264 5755 sive
2295 5696 2350 5753 in
2375 5705 2582 5761 mensa,
2609 5688 2723 5745 sive
2746 5685 2800 5740 in
2831 5683 2971 5749 foro,
2996 5678 3110 5734 sive
3128 5675 3184 5731 in
3208 5672 3400 5729 itinere
3430 5685 3447 5724 :
3487 5666 3726 5737 frequen-
