3860 6224
168 315 296 369 ID}!

160 425 386 496 ταύτην,
416 426 512 479 καὶ
559 425 878 507 φειδόμενος
929 423 1107 494 ήμῶν,
1135 422 1197 507 οὐ
1247 421 1653 507 συνεχώρησεν
1670 421 1756 477 ἐλ-

159 508 306 563 θόντι
353 507 462 562 τινί
512 525 645 562 ποτε
695 505 905 561 ἐκεῖθεν
955 506 1219 578 περὶτῶν
1251 506 1370 560 ἐκεῖ
1406 505 1755 576 διαλεχθῆναι

157 594 266 655 τοῖς
295 590 460 656 ζῶσιν
504 590 838 662 ἀνθρώποις,
875 591 1150 646 παιδεύων
1178 592 1328 661 ἡμᾶς
1361 589 1581 644 πάντων
1607 587 1755 652 ἀξιο-

157 676 490 746 πιστοτέρας
537 675 793 745 ἡγεῖσθαι
847 676 950 740 τὰς
996 675 1148 742 θείας
1189 675 1434 747 Γραφάς.
1468 675 1612 730 Πολὺ
1646 673 1755 745 γὰρ

153 761 256 830 τῆς
287 760 400 815 τῶν
438 758 649 829 νεκρῶν
688 761 1043 824 ἀναστάσεως
1077 760 1386 832 σαφέστερα
1416 762 1550 830 ἡμῖν
1585 757 1756 822 ἔδειξε

155 845 496 915 πράγματα·
529 843 632 916 τὴν
660 845 990 916 οἰκουμένην
1018 843 1356 915 ἐπέστρεψεν
1387 843 1627 904 ἃπασαν,
1654 842 1754 913 τὴν

154 930 370 1000 πλάνην
394 929 666 1002 ἀπήλασε,
699 929 800 1000 τὴν
820 929 1081 1000 ἀλήθειαν
1105 929 1447 999 ἐπανήγαγε,
1471 927 1538 980 δι’
1557 927 1754 983 ἀλιέων

155 1017 253 1068 καὶ
277 1015 512 1070 εὐτελῶν
536 1013 842 1086 ἀνθρώπων
865 1013 1040 1068 ταῦτα
1073 1013 1252 1068 πάντα
1279 1011 1637 1082 κατώρθωσε,
1659 1011 1754 1064 καὶ

157 1098 353 1164 ἱκανὰς
405 1098 710 1164 ἀποδείξεις
758 1098 859 1167 τῆς
910 1096 1106 1152 ἐαυτοῦ
1157 1097 1416 1169 προνοίας
1471 1094 1750 1166 πανταχοῦ

153 1184 434 1253 παρέσχεν
483 1185 640 1254 ἡμῖν.
670 1183 764 1253 Μὴ
813 1181 996 1237 τοίνυν
1029 1181 1193 1253 μέχρι
1218 1181 1313 1237 τοῦ
1338 1181 1606 1251 παρόντος
1631 1180 1749 1248 βίον

152 1267 224 1321 τά
245 1268 495 1340 ἡμέτερα
523 1266 942 1336 συγκεκλεῖσθαι
966 1266 1301 1337 νομίζωμεν,
1319 1265 1457 1318 ἀλλὰ
1480 1265 1750 1320 πιστεύω-

155 1369 280 1422 μεν,
295 1353 378 1405 ὅτι
400 1352 619 1415 πάντως
642 1351 798 1405 ἔσται
825 1351 1008 1422 κρίσις
1037 1350 1131 1406 καὶ
1159 1349 1512 1413 ἀνταπόδοσις
1535 1348 1643 1402 τῶν
1666 1351 1751 1406 ἐν·-

151 1435 333 1490 ταῦθα
367 1435 498 1505 παρ’
524 1433 682 1504 ἡμῶν
707 1435 1013 1505 γινομένων
1045 1433 1325 1490 ἁπάντων.

224 1518 399 1572 Τοῦτο
445 1517 556 1589 γάρ
585 1517 760 1580 οὕτως
793 1518 910 1571 ἐστὶ
940 1517 1112 1585 σαφὲς
1141 1518 1237 1576 καὶ
1278 1517 1508 1587 ἐναργὲς
1558 1520 1746 1580 πᾶσιν,

152 1602 232 1664 ὠς
256 1601 353 1655 καὶ
396 1599 684 1664 Ἰουδαίους
716 1601 812 1654 καὶ
841 1599 1115 1669 Ἕλληνας
1149 1601 1244 1654 καὶ
1281 1599 1619 1669 αἱρετικοὺς,
1653 1599 1747 1652 καὶ

153 1685 336 1738 πάντα
363 1684 640 1739 ὁντιναοῦν
682 1684 970 1754 ἄνθρωπον
1005 1683 1147 1754 ὑπὲρ
1177 1682 1384 1738 τούτων
1427 1686 1748 1754 ὁμογνωμο-

152 1772 288 1823 νεῖν.
319 1770 381 1822 EE
431 1767 540 1841 γάρ
593 1769 686 1822 καὶ
735 1768 810 1838 μὴ
857 1767 1040 1832 καθὼς
1080 1768 1324 1838 προσῆκε
1354 1769 1482 1838 περὶ
1511 1765 1749 1825 ἀναστά-

152 1870 296 1918 σεως
329 1852 712 1922 φιλοσοφοῦσιν
741 1854 1006 1916 ἅπαντες,
1036 1852 1150 1908 ἀλλ’
1171 1852 1320 1922 ὅμως
1354 1853 1482 1922 περὶ
1503 1851 1604 1921 τῆς
1627 1851 1746 1922 κρί-

151 1955 296 2002 σεως
347 1939 441 1991 καὶ⁵
494 1937 598 2007 τῆς
650 1936 927 2001 κολάσεως
971 1935 1197 1992 καὶτῶν
1231 1937 1350 1991 ἐκεῖ
1375 1935 1745 2007 δικαστηρίων

151 2020 399 2084 ἅπαντες
445 2021 847 2093 συμφωνοῦσιν,
877 2021 959 2074 ὃτι
1005 2019 1121 2073 ἐστι
1149 2037 1234 2083 τις
1259 2018 1368 2072 τῶν
1399 2018 1630 2074 ἐνταῦθα
1653 2036 1745 2084 γι-

148 2106 396 2177 νομένων
443 2105 710 2168 ἀντίδοσις
757 2106 896 2158 ἐκεῖ.
931 2103 994 2158 Ei
1022 2103 1131 2174 γὰρ
1167 2102 1242 2174 μὴ
1273 2101 1432 2156 τοῦτο
1469 2098 1558 2174 ἦν,
1598 2103 1744 2167 τίνος

145 2189 341 2243 ἕνεκεν
371 2189 602 2261 οὐρανὸν
632 2188 891 2244 τοσοῦτον
915 2187 1110 2253 ἔτεινε,
1142 2187 1248 2257 γῆν
1276 2187 1629 2258 ὑπεστόρεσε,
1647 2187 1745 2243 θά-

144 2274 360 2327 λασσαν
404 2274 678 2344 ἥπλωσεν.
720 2273 863 2344 ἀέρα
911 2272 1119 2344 ἐξέχεε,
1169 2269 1440 2342 τοσαύτην
1488 2273 1743 2342 πρόνοιαν

145 2357 486 2424 ἐπεδείξατο,
515 2359 565 2412 εἰ
595 2357 671 2430 μὴ
709 2359 871 2430 μέχρι
901 2356 1091 2419 τέλους
1131 2354 1358 2426 ἔμελλεν
1404 2349 1560 2424 ἡμῶν
1602 2368 1749 2424 προ-

151 2432 449 2502 στήσεσθαι
467 2451 481 2499 ;

218 2535 283 2589 δ’.
317 2536 428 2606 Οὐχ
455 2537 588 2607 ὁρᾷς
619 2537 776 2589 πόσοι
813 2535 1108 2606 βιώσαντες
1132 2537 1190 2588 ἐν
1216 2537 1410 2607 ἀρετῇ,
1442 2537 1613 2607 μυρία
1637 2555 1740 2591 πα-

144 2617 335 2681 θόντες
373 2619 524 2672 δεινά
561 2619 826 2690 ἀπῆλθον,
865 2620 1034 2691 μηδὲν
1072 2619 1442 2683 ἀπολαϐόντες
1493 2620 1738 2689 άγαθόν;

143 2699 325 2772 ἕτεροι
358 2701 415 2756 δὲ
442 2701 604 2756 πάλιν
652 2702 920 2775 πονηρίαν
964 2702 1166 2774 πολλὴν
1193 2703 1617 2773 ἐπιδειξάμενοι,
1639 2706 1742 2768 τὰς

145 2784 356 2856 ἐτέρων
388 2786 736 2857 ἁρπάσαντες
755 2786 964 2849 οὐσίας,
991 2787 1169 2858 χήρας
1195 2787 1288 2840 καὶ
1307 2787 1578 2856 ὀρφανοὺς
1601 2789 1740 2842 ἀπο-

141 2868 411 2932 δύσαντες
442 2871 538 2922 καὶ
571 2868 1197 2932 καταδυναστεύσαντες.
1230 2868 1461 2923 πλούτου
1494 2872 1586 2924 καὶ
1603 2889 1736 2942 τρυ-

141 2952 256 3023 φῆς
281 2953 379 3006 καὶ⁵
413 2953 623 3024 μυρίων
643 2951 1054 3016 ἀπολαύσαντες
1073 2951 1298 3021 ἀγαθῶν
1325 2953 1588 3024 ἀπῆλθον,
1617 2956 1739 3010 οὐδὲ⁹

138 3036 205 3088 τὸ
229 3037 395 3107 τυχὸν
425 3036 689 3101 παθόντες
718 3037 926 3100 δεινόν;

216 3141 355 3194 Πότε
385 3135 478 3195 οὖν
511 3141 543 3211 ἢ
580 3144 780 3195 ἐκεῖνοι
809 3145 856 3195 οἱ
884 3143 1138 3214 πρότεροι
1161 3144 1261 3214 τῆς
1295 3143 1498 3216 ἀρετῆς
1522 3145 1738 3216 ἀπολή-

136 3223 334 3292 ψονται
385 3224 482 3289 τάς
515 3225 772 3295 ἀμοιῦάς,
816 3225 849 3296 ἢ
890 3218 1036 3279 οὗτοι
1069 3225 1170 3296 τῆς
1220 3229 1490 3298 πονηρίας
1540 3229 1739 3284 δώσου-

137 3324 195 3360 σι
230 3306 336 3370 τὰς
361 3308 650 3378 τιμωρίας,
682 3311 730 3361 εί
783 3309 945 3379 μέχρι
997 3309 1093 3362 τοῦ
1155 3311 1420 3381 παρόντος
1476 3312 1544 3366 τά
1595 3315 1734 3384 ἠμέ-

135 3405 278 3459 τερα
331 3390 544 3444 ἵσταται
600 3393 944 3463 πράγματα;
981 3393 1103 3446 ’Ὁτι
1153 3393 1282 3463 γὰρ,
1315 3396 1364 3447 εί
1409 3395 1525 3448 ἐστι
1576 3396 1731 3462 Θεὸς,

135 3471 334 3542 ὥσπερ
365 3469 456 3526 οὖν
506 3475 599 3527 καὶ
639 3474 777 3539 ἐστι,
809 3476 1016 3540 δίκαιός
1061 3479 1199 3542 ἐστι,
1234 3479 1345 3542 πᾶς
1382 3479 1633 3535 ὁστισοῦν
1668 3481 1733 3535 ἂν

135 3558 319 3611 εἴποι·
355 3558 437 3610 ὅτι
469 3558 546 3623 δὲ,
576 3560 624 3611 εἰ
656 3559 865 3624 δίκαιός
901 3563 1041 3623 ἐστι,
1072 3562 1165 3614 καὶ
1211 3561 1422 3626 τούτοις
1462 3563 1735 3630 κάκείνοις

136 3641 416 3696 ἀποδώσει
467 3641 536 3694 τά
573 3647 692 3696 κατ’
724 3643 901 3712 ἀξίαν,
933 3645 1027 3698 καὶ
1067 3643 1227 3698 τοῦτο
1261 3645 1728 3718 συνωμολόγηται.

135 3725 206 3778 Εἰ
257 3726 313 3779 δὲ
367 3726 548 3797 μέλλοι
587 3727 864 3792 κάκείνοις
895 3730 988 3782 καὶ
1019 3729 1230 3794 τούτοις
1273 3731 1580 3785 ἀποδιδόναι
1611 3734 1731 3785 κατ’

132 3808 323 3875 ἀξίαν.
350 3808 581 3863 ἐνταῦθα
603 3810 661 3864 δὲ
695 3810 870 3874 οὐδεὶς
896 3811 1078 3865 αὐτῶν
1107 3813 1406 3878 ἀπέλαϐεν,
1430 3813 1555 3868 οὔτε
1585 3817 1730 3870 ἐκεῖ-

132 3911 231 3956 νος
263 3891 365 3962 τῆς
388 3893 655 3964 πονηρίας
677 3892 775 3964 τὴν
799 3893 1041 3958 κόλασιν,
1070 3895 1195 3948 οὔτε
1223 3889 1379 3960 οὗτος
1397 3896 1499 3968 τῆς
1521 3888 1732 3970 ἀρετῆς

128 3975 240 4038 τὰς
270 3975 526 4046 ἀμοιϐὰς,
560 3975 781 4047 εὔδηλον
835 3977 917 4030 ὄτι
966 3977 1215 4032 λείπεταί
1244 3997 1327 4044 τις
1355 3981 1568 4052 καιρὸς,
1603 3984 1662 4036 ἐν
1687 3975 1732 4050 ᾧ

127 4061 241 4130 τὴν
300 4061 679 4132 προσήκουσαν
734 4060 1002 4114 ἀντίδοσιν
1058 4063 1310 4136 ἑκάτεροι
1367 4064 1574 4120 τούτων
1639 4066 1730 4132 ἐξ-

125 4158 282 4196 ουσι.

209 4227 370 4291 Τίνος
397 4227 454 4280 δὲ
487 4228 672 4282 ἐνεκεν
705 4227 840 4291 ὅλως
866 4230 924 4281 ἐν
950 4231 1016 4301 τῇ
1053 4229 1202 4303 [757]
1244 4231 1454 4304 διανοίᾳ
1483 4237 1550 4305 τῇ
1589 4239 1730 4306 ήμε-

125 4311 274 4382 τέρᾳ
305 4311 499 4382 κριτὴν
525 4311 666 4366 οὓτω
689 4312 957 4384 διηνεκῶς
985 4315 1327 4386 ἐγρηγορότα
1367 4318 1460 4369 καί¹
1487 4319 1730 4389 νήφοντα

125 4395 477 4466 κατέστησεν
507 4397 639 4466 ἡμῖν
667 4399 696 4450 ὁ
723 4397 885 4462 Θεός;
920 4397 978 4450 τὸ
1027 4399 1269 4464 συνειδὸς
1315 4399 1479 4470 λέγω.
1516 4403 1592 4456 Οὐ
1621 4404 1729 4476 γάρ

126 4482 311 4540 ἐστιν,
342 4479 441 4530 οὐκ
473 4478 618 4532 ἐστιν
647 4479 823 4544 οὐδεὶς
855 4480 1118 4554 δικαστὴς
1146 4482 1320 4548 οὓτως
1361 4484 1641 4557 ἄγρυπνος
1668 4489 1726 4540 ἐν

124 4561 472 4634 ἀνθρώποις,
515 4557 627 4616 οἷον
667 4563 731 4616 τὸ
763 4566 1034 4637 ἡμέτερον
1071 4568 1327 4631 συνειδός.
1361 4570 1421 4622 Οί
1472 4570 1572 4640 μὲν
1618 4571 1726 4644 γὰρ

122 4647 338 4713 ἔξωθεν
378 4646 632 4700 δικασταὶ
666 4648 758 4700 καὶ
803 4648 906 4701 ὑπὸ
945 4650 1247 4721 χρημάτων
1293 4650 1722 4724 διαφθείρονται,

121 4733 229 4787 καὶ
257 4731 573 4794 κολακείαις
599 4730 948 4801 χαυνοῦνται,
981 4736 1075 4786 καὶ
1097 4733 1188 4787 διὰ
1211 4735 1375 4804 φόϐον
1396 4737 1724 4811 καθυποκρί-

121 4831 340 4877 νονται,
375 4815 470 4866 καὶ
505 4813 673 4867 πολλά
705 4814 870 4888 ἕτερά
917 4818 1034 4870 ἐστι
1083 4819 1152 4872 τὰ
1197 4819 1571 4892 λυμαινόμενα
1623 4825 1726 4895 τὴν

117 4898 299 4972 ὀρθὴν
325 4898 548 4952 ἐκείνων
576 4899 759 4970 ψῆφον
779 4917 792 4933 ·
820 4901 883 4956 τὸ
917 4901 976 4955 δὲ
1013 4901 1106 4955 τοῦ
1137 4905 1437 4970 συνειδότος
1461 4907 1724 4981 δικαστή-

118 5001 248 5054 ριον
291 4982 466 5035 οὐδενὶ
495 4983 700 5038 τούτων
742 4985 912 5040 εἴκειν
955 4981 1129 5041 οἶδεν·
1157 4988 1293 5042 ἀλλὰ
1325 4990 1429 5043 κᾶν
1463 4995 1724 5062 χρήματα

114 5066 255 5136 δῷς,
301 5065 406 5120 κᾶν
459 5065 824 5140 κολακεύσῃς,
855 5069 958 5122 κᾶν
1011 5071 1336 5143 ἀπειλήσης,
1382 5074 1485 5128 κᾶν
1535 5076 1722 5149 ἕτερον

115 5149 312 5207 ὁτιοῦν
345 5149 576 5222 ἐργάσῃ,
611 5151 829 5206 δικαίαν
863 5153 1060 5219 ἐξοίσει
1097 5153 1195 5226 τὴν
1228 5155 1410 5227 ψῆφον
1438 5159 1581 5213 κατά
1612 5161 1721 5216 τῶν

119 5232 536 5304 ἡμαρτηκότων
569 5233 877 5306 λογισμῶν·
911 5238 1007 5289 καὶ
1039 5238 1202 5303 αὐτὸς
1247 5241 1276 5292 ὁ
1311 5243 1410 5310 τὴν
1446 5243 1721 5316 ἁμαρτίαν

117 5317 508 5388 ἐργασάμενος
549 5319 708 5382 αὐτὸς
761 5321 953 5374 ἐαυτὸν
988 5322 1364 5388 καταδικάζει,
1397 5325 1497 5380 κᾶν
1531 5329 1720 5400 μηδεὶς

115 5402 320 5469 ἕτερος
354 5405 654 5472 κατηγορῇ.
687 5404 798 5456 Kal
826 5404 924 5474 οὐχ
955 5404 1122 5470 ἅπαξ,
1153 5407 1274 5460 οὐδὲ
1319 5408 1422 5472 δὶς,
1454 5410 1590 5464 ἀλλά
1625 5414 1720 5466 καὶ

115 5482 395 5547 πολλάκις
423 5487 516 5538 καὶ
539 5486 625 5540 διὰ
655 5488 857 5551 παντὸς
882 5488 977 5541 τοῦ
1009 5489 1124 5559 βίου
1155 5484 1312 5545 τοῦτο
1348 5495 1516 5548 ποιῶν
1543 5495 1719 5550 διατε-

115 5571 206 5621 λεῖ
225 5584 240 5598 ·
267 5565 372 5620 κᾶν
405 5568 570 5634 πολὺς
597 5570 846 5645 παρέλθῃ
871 5573 1082 5644 χρόνος,
1118 5575 1374 5629 οὐδέποτε
1399 5577 1716 5650 ἐπιλήσεται

117 5652 235 5706 τῶν
265 5653 668 5723 γεγενημένων,
693 5654 831 5707 ἀλλά
852 5659 946 5709 καὶ
970 5658 1025 5708 ἐν
1048 5657 1124 5727 τῷ
1145 5661 1390 5727 γίνεσθαι
1409 5663 1509 5733 τὴν
1531 5664 1714 5734 ἀμαρ-

111 5737 271 5796 τίαν,
316 5735 409 5788 καὶ
441 5737 572 5805 πρὶν
605 5737 880 5804 γενέσθαι,
912 5740 1006 5793 καὶ
1038 5742 1176 5810 μετά
1207 5743 1268 5795 τὸ
1293 5745 1546 5812 γενέσθαι
1582 5766 1713 5818 σφο-

448 5821 710 5882 ΡΑτιιοι..
755 5830 872 5888 Gn.
918 5831 1200 5894 XLVIII.

1414 308 1501 366 DE
1541 306 1823 365 ΜΖΑπο
1862 305 2113 365 (3οΝοω
2152 306 2238 362 IV.

3317 308 3452 366 KH!

1867 420 1993 493 δρὸς
2021 421 2325 492 ἐφέστηκεν
2358 423 2490 492 ἡμῖν
2536 423 2865 494 κατήγορος,
2902 420 2991 476 καὶ
3038 421 3270 494 μάλιστα
3314 426 3452 494 μετά

1859 506 1918 558 τὸ
1946 505 2224 572 γενέσθαι.
2244 506 2331 558 Ἐν
2361 506 2459 575 μὲν
2499 508 2608 577 γὰρ
2645 505 2724 576 τῷ
2750 507 3013 578 πράττειν
3042 505 3140 577 τὴν
3175 507 3450 582 ἁμαρτίαν

1858 589 1963 642 ὑπὸ
1991 588 2092 659 τῆς
2125 588 2318 659 ἡδονῆς
2359 588 2652 659 μεθύοντες
2697 591 2795 660 οὐχ
2833 588 3007 654 οὕτως
3039 589 3404 661 αἰσθανόμεθα
3429 610 3449 626 ν

1857 671 2080 727 ἐπειδὰν
2101 672 2158 726 δὲ
2184 672 2408 745 γένηται
2435 675 2530 728 καὶ
2558 675 2697 747 λάϐῃ
2723 673 2896 741 τέλος,
2925 674 3048 727 τότε
3074 674 3138 747 δὴ
3185 675 3445 745 μάλιστα,

1854 756 1954 827 τῆς
1979 755 2174 826 ήδονῆς
2209 755 2531 829 σϐεσθείσης
2557 758 2797 829 ἀπάσης,
2826 757 2888 811 τὸ
2917 757 3115 829 πικρὸν
3145 761 3245 829 τῆς
3283 776 3450 830 μετα-

1855 838 2006 904 νοίας
2038 839 2422 912 ἐπεισέρχεται
2464 842 2687 913 κέντρον
2714 841 3048 905 ἀπεναντίας
3073 844 3196 906 ταῖς
3223 842 3449 898 ώδινού-

1856 938 1978 986 σαις
2006 921 2272 992 γυναιξίν.
2292 925 2408 978 Ἐπ’
2435 925 2660 980 ἐκείνων
2697 925 2798 995 μὲν
2847 925 2956 997 γάρ
3003 925 3110 997 πρὸ
3156 925 3249 978 τοῦ
3283 927 3444 982 τόκου

1854 1005 2022 1070 πολὺς
2056 1006 2151 1059 καὶ
2177 1007 2451 1078 ἀφόρητος
2472 1011 2499 1063 6
2521 1009 2682 1073 πόνος
2723 1010 2815 1063 καὶ
2847 1009 3035 1074 ὠδῖνες
3061 1010 3304 1082 δριμεῖαι
3329 1010 3446 1064 δια-

1853 1089 2155 1144 κόπτουσαι
2204 1093 2325 1155 ταῖς
2364 1091 2655 1161 ἀλγηδόσιν
2685 1093 2881 1156 αὐτάς·
2920 1094 3058 1164 μετὰ
3085 1094 3142 1146 δὲ
3169 1093 3260 1147 τὸν
3284 1094 3444 1149 τόκον

1851 1174 2056 1238 ἄνεσις,
2081 1173 2160 1245 τῷ
2182 1173 2372 1246 βρέφει
2394 1177 2493 1246 τῆς
2514 1177 2704 1248 ὀδύνης
2730 1176 3151 1250 συνεξελθούσης
3168 1192 3182 1204 ·
3208 1176 3444 1231 ἐνταῦθα

1847 1256 1905 1311 δέ
1954 1258 2052 1328 οὐχ
2099 1257 2294 1322 οὕτως.
2331 1258 2446 1312 ἀλλ’
2475 1259 2583 1322 ’ἐως
2617 1261 2716 1331 μὲν
2749 1260 2814 1313 ἂν
2857 1259 3140 1330 ώδίνωμεν
3179 1260 3275 1314 καὶ
3317 1260 3444 1312 συλ-

1848 1341 2261 1414 λαμϐάνωμενα
2298 1343 2368 1395 τά
2403 1343 2776 1415 διεφθαρμένα
2806 1343 3170 1414 βουλεύματα,
3211 1343 3441 1414 εὐφραι-

1847 1425 2052 1496 νόμεθα
2080 1426 2173 1480 καὶ
2208 1424 2473 1496 χαίρομεν
2493 1443 2508 1456 ·
2537 1425 2756 1481 ἐπειδὰν
2791 1426 2849 1478 δέ
2875 1426 3234 1496 ἀποτέκωμεν
3259 1425 3320 1478 τὸ
3347 1442 3445 1479 πο-
3558 1417 3562 1421 ’

1847 1509 2014 1580 νηρὸν
2055 1508 2270 1562 παιδίον
2300 1509 2399 1580 τὴν
2427 1510 2731 1582 ἁμαρτίαν,
2765 1510 2887 1563 τότε
2915 1510 2976 1563 τὸ
3010 1508 3198 1580 αἶσχος
3228 1509 3324 1567 τοῦ
3356 1527 3445 1566 τε-

1847 1593 2065 1662 χθέντος
2108 1593 2309 1658 ίδόντες
2346 1593 2689 1664 ὀδυνώμεθα,
2724 1594 2846 1647 τότε
2885 1594 3289 1665 διακοπτόμεθα
3329 1593 3443 1647 τῶν

1844 1676 2148 1731 ὼδινουσῶν
2177 1676 2452 1746 γυναικῶν
2477 1677 2880 1750 χαλεπώτερον.
2910 1678 3002 1731 Διὸ
3026 1677 3332 1747 παρακαλῶ
3361 1679 3439 1751 μὴ

1843 1758 2094 1830 δέχεσθαι
2150 1759 2250 1830 μέν
2300 1760 2535 1830 μάλιστα
2577 1760 2729 1830 παρά
2769 1759 2869 1829 τὴν
2919 1761 3092 1832 ἀρχὴν
3138 1761 3439 1832 ἐπιθυμίαν

1842 1841 2276 1915 διεφθαρμένην·
2312 1844 2362 1896 εί
2409 1842 2466 1895 δὲ
2499 1843 2593 1895 καὶ
2619 1842 2904 1913 δεξόμεθα,
2933 1843 3256 1912 ἀποπνίγειν
3289 1844 3439 1898 ἔνδον

1841 1924 1910 1978 τὰ
1935 1926 2246 1997 σπέρματα.
2280 1927 2342 1978 Εἰ
2365 1925 2421 1978 δὲ
2449 1926 2542 1979 καὶ
2574 1925 2736 1998 μέχρι
2767 1926 2958 1983 τούτου
2991 1925 3437 2001 ρᾳθυμήσαιμεν,

1842 2007 2167 2072 ἐξελθοῦσαν
2209 2010 2288 2071 εἰς
2317 2007 2480 2079 ἔργον
2513 2009 2612 2079 τὴν
2640 2008 2918 2078 ἁμαρτίαν
2957 2009 3298 2063 ἀποκτείνειν
3327 2009 3437 2063 πάο

1842 2091 1924 2144 λιν
1956 2090 2026 2144 δι’
2053 2092 2500 2162 ἐξομολογήσεως
2523 2093 2618 2146 καὶ
2638 2093 2911 2162 δακρύων,
2948 2093 3039 2147 διὰ
3069 2090 3166 2146 τοῦ
3197 2111 3439 2165 κατηγο-

1843 2177 1958 2246 ρεῖν
1990 2175 2220 2229 ἑαυτῶν.
2259 2176 2427 2230 Οὐδὲν
2455 2177 2564 2248 γάρ
2597 2175 2771 2241 οὕτως
2802 2177 3044 2248 ὀλέθριον
3067 2180 3133 2250 τῇ
3166 2171 3434 2251 ἁμαρτίᾳ,

1841 2258 1919 2321 ὡς
1962 2258 2318 2328 κατηγορίαι)
2350 2259 2445 2313 καὶ
2477 2260 2822 2328 κατάγνωσις
2869 2261 2966 2314 σὺν
3019 2262 3278 2333 μετανοίᾳ
3339 2265 3436 2317 καὶ

1839 2340 2088 2411 δάκρυσι.
2129 2341 2427 2409 Κατέγνως
2479 2358 2576 2395 σου
2618 2343 2718 2410 τὴν
2762 2343 3070 2414 ἀμαρτίαν;
3119 2344 3324 2398 ἀπέθου
3373 2345 3436 2397 τὸ

1841 2425 2081 2494 φορτίον.
2129 2425 2241 2478 Καὶ
2289 2425 2374 2488 τίς
2421 2425 2600 2480 ταῦτά
2649 2443 2856 2495 φησιν;
2898 2427 3071 2491 Αὐτὸς
3118 2430 3148 2481 ὁ
3196 2427 3436 2492 δικάζων

1839 2506 1992 2570 Θεός.
2023 2505 2172 2577 Λέγε
2206 2506 2289 2561 σὺ
2319 2507 2424 2574 τὰς
2455 2509 2750 2576 ἁμαρτίας
2782 2526 2900 2563 σου
2927 2509 3179 2578 πρῶτος,
3220 2511 3322 2565 ἵνα
3348 2510 3436 2566 δι-

1839 2588 2119 2658 καιωθῇς.
2153 2589 2311 2654 Τίνος
2359 2591 2469 2659 γὰρ
2519 2591 2706 2644 ἕνεκεν
2735 2592 2969 2664 αἰσχύνῃ
3017 2593 3110 2646 καὶ
3151 2594 3432 2665 ἐρυθριᾷς,

1839 2672 1962 2725 εἰπέ
1996 2690 2108 2743 μοι,
2137 2672 2207 2725 τὰ
2235 2673 2608 2745 ἁμαρτήματα
2653 2678 2860 2740 είπεῖνς
2897 2677 2972 2746 μὴ
3010 2677 3119 2746 γὰρ
3158 2677 3436 2749 ἀνθρώπῳ

1838 2755 2038 2822 λέγεις,
2073 2756 2158 2808 ἵνα
2183 2756 2416 2830 ὀνειδίσῃ
2448 2774 2544 2823 σες
2575 2758 2651 2829 μὴ
2680 2759 2790 2830 γάρ
2820 2759 2900 2829 τῷ
2931 2760 3203 2828 συνδούλῳ
3240 2760 3434 2832 ὁμολο-

1838 2841 1978 2904 γεῖς,
2027 2839 2116 2893 ῖνα
2167 2840 2559 2912 ἐκπομπεύσῃς
2594 2840 2684 2910 Τῷ
2717 2842 2986 2915 Δεσπότῃ,
3022 2843 3100 2914 τῷ
3146 2843 3429 2914 κηδεμόνι,

1837 2921 1916 2993 τῷ
1970 2922 2358 2994 φιλανθρώπῳ,
2421 2923 2499 2994 τῷ
2563 2925 2734 2996 ἰατρῷ
2784 2927 2847 2979 τὸ
2914 2928 3138 2999 τραῦμα
3192 2931 3431 2984 ἐπιδεικ-

1837 3023 2003 3070 νυεις.

1907 3140 1999 3210 Μὴ
2029 3141 2158 3210 γὰρ,
2190 3141 2295 3196 κᾶν
2319 3143 2384 3196 σὺ
2415 3144 2488 3212 μὴ
2518 3145 2703 3216 εἴπῃς,
2733 3147 2938 3209 ἐκεῖνος
2964 3148 3064 3200 οὐκ
3091 3145 3254 3214 οἶδεν,
3283 3148 3342 3212 ὅς
3362 3167 3428 3217 γε

1834 3225 1929 3278 καὶ
1961 3225 2068 3297 πρὸ
2101 3225 2194 3278 τοῦ
2226 3226 2534 3297 πραχθῆναι
2568 3227 2879 3296 ἡπίστατοε
2905 3246 2919 3293 ;
2949 3231 3090 3294 τίνος
3119 3226 3212 3284 οῦν
3241 3231 3428 3286 ἕνεκεν

1832 3309 1896 3360 οὐ
1928 3307 2143 3375 λέγεις;
2177 3309 2252 3380 μὴ
2281 3310 2390 3380 γὰρ
2431 3311 2495 3363 ἐκ
2534 3311 2634 3381 τῆς
2663 3312 2763 3381 σῆς
2790 3313 3126 3384 κατηγορίας
3155 3315 3428 3386 φορτικώ-

1833 3408 1990 3464 τερον
2021 3391 2228 3460 γίνεται
2265 3393 2326 3445 τὸ
2357 3394 2700 3466 ἀμάρτημα;
2743 3396 3130 3467 Ἥμερώτερον
3189 3400 3289 3469 μὲν
3332 3394 3427 3454 οὖν

1835 3476 1930 3532 καὶ
1976 3475 2325 3545 κουφότερον.
2358 3476 2469 3530 Καὶ
2502 3477 2592 3531 διὰ
2625 3476 2782 3532 τοῦτο
2827 3479 3075 3549 βούλεταί
3119 3498 3178 3534 σε
3226 3482 3422 3547 εἰπεῖν,

1833 3561 1930 3630 οὐχ
1959 3559 2046 3612 ἵνα
2069 3560 2295 3630 κολάσῃ,
2325 3559 2442 3614 ἀλλ’
2474 3559 2560 3614 ἵνα
2594 3563 2962 3635 συγχωρήσῃ·
2999 3565 3098 3635 οὐχ
3131 3566 3220 3619 ἵνα
3263 3565 3426 3632 αὐτὸς

1837 3643 1984 3714 μάθῃ
2002 3643 2098 3714 τὴν
2119 3645 2399 3716 ἁμαρτίαν
2418 3661 2432 3675 ·
2458 3644 2576 3709 πῶς
2598 3645 2728 3716 γὰρ,
2759 3647 2788 3698 ὁ
2806 3647 2992 3714 εἰδώςς
3019 3649 3078 3702 ἀ)
3090 3649 3136 3701 λ’
3155 3650 3240 3703 ἴνα

1835 3729 1900 3782 σὺ
1937 3726 2114 3800 μάθῃς
2146 3728 2312 3782 πόσον
2339 3745 2420 3783 σοι
2459 3731 2736 3800 συγχωρεῖ
2763 3730 2943 3802 χρέος.
2972 3731 3231 3787 Βούλεται
3267 3734 3328 3788 δέ
3363 3752 3426 3788 σε

1836 3808 2030 3880 μαθεῖν
2054 3809 2154 3878 τῆς
2192 3817 2411 3880 χάριτος
2442 3811 2504 3864 τὸ
2530 3810 2784 3881 μέγεθος,
2819 3813 2906 3866 ἵνα
2947 3814 3286 3886 εὐχαριστῶν
3312 3817 3426 3871 δια-

1829 3892 2010 3964 τελῇς,
2047 3891 2133 3946 ἵνα
2161 3892 2521 3964 ὀκνηρότερος
2567 3892 2705 3964 πρὸς
2745 3895 3023 3965 ἁμαρτίαν
3045 3893 3133 3971 ᾖς,
3169 3899 3256 3952 ἵνα
3285 3917 3424 3970 προ-

1832 3973 2129 4044 θυμότερος
2173 3974 2252 4036 είς
2283 3973 2650 4044 ἀρετήνδ.”Λν
2698 3975 2773 4048 μὴ
2820 3979 2982 4048 εἴπῃς
3005 3980 3099 4034 τοῦ
3140 3981 3336 4051 χρέους
3363 3985 3424 4035 τὸ

1834 4057 2086 4129 μέγεθος.
2120 4057 2221 4110 οὐκ
2252 4056 2638 4125 ἐπιγινώσκεις
2670 4059 2770 4129 τῆς
2813 4079 2847 4130 χ
2891 4079 3036 4132 ριτος
3059 4063 3160 4131 τὴν
3189 4065 3423 4138 ὑπερϐο-

1830 4139 1951 4212 λήν.
1979 4140 2094 4194 Οὐκ
2120 4139 2434 4207 ἀναγκάζω,
2464 4142 2649 4213 φησὶν,
2685 4143 2767 4209 είς
2799 4144 2963 4214 μέσον
2987 4145 3165 4202 ἐλθεῖν
3200 4164 3259 4200 σε
3295 4148 3422 4202 θέα-

1829 4241 1980 4294 τρον,
2015 4223 2108 4276 καὶ
2164 4223 2449 4294 μάρτυρας
2499 4229 2829 4297 περιστῆσαι
2880 4227 3142 4294 πολλούς·
3190 4231 3316 4301 ἐμοὶ
3359 4233 3422 4286 τὸ

1829 4309 2134 4379 ἁμάρτημα
2174 4307 2299 4360 εἰπέ
2336 4307 2482 4378 μόνῳ
2525 4309 2646 4362 κατ’
2677 4309 2837 4374 ἰδίαν,
2871 4311 2956 4364 ἵνα
2993 4313 3317 4384 θεραπεύσω
3358 4316 3421 4369 τὸ

1829 4391 2004 4454 ἕλκος,
2036 4391 2131 4444 καὶ
2159 4389 2453 4456 ἀπαλλάξω
2477 4391 2576 4463 τῆς
2599 4393 2812 4465 ὀδύνης.
2836 4394 2936 4448 Διά
2963 4397 3122 4450 τοῦτο
3147 4397 3208 4450 τὸ
3239 4415 3420 4451 συνει-

1831 4475 1919 4539 δὸς
1957 4476 2090 4546 ἡμῖν
2138 4474 2474 4545 ἐγκατέθηκε
2527 4476 2623 4529 καὶ⁹
2669 4477 2878 4546 πατρὸς
2914 4479 3417 4554 φιλοστοργὸτερον.

1830 4559 2020 4630 Πατὴρ
2072 4557 2169 4628 μὲν
2224 4562 2330 4629 γὰρ
2377 4557 2546 4624 ἅπαξ,
2575 4560 2609 4629 ἦ
2644 4559 2915 4634 δεύτερον,
2947 4563 2980 4631 ἢ
3011 4565 3105 4616 καὶ
3136 4565 3339 4634 τρίτον,
3383 4567 3416 4637 ἦ

1828 4644 1921 4696 καὶ
1938 4641 2160 4702 δεκάκις
2179 4639 2510 4712 ἐπιτιμήσας
2535 4641 2613 4712 τῷ
2640 4643 2813 4711 παιδὶ,
2832 4646 3054 4700 ἐπειδάν
3079 4647 3160 4718 ἴδῃ
3185 4649 3418 4717 μένοντα

1827 4727 2176 4798 ἀδιόρθωτον,
2206 4724 2591 4794 ἀπαγορεύσας
2623 4727 3014 4798 ἀποκηρύττει,
3051 4732 3145 4784 καὶ
3189 4732 3291 4802 τῆς
3333 4735 3414 4786 οἱ-

1827 4811 1949 4876 κίας
1981 4811 2253 4876 ἐκϐάλλει,
2285 4810 2378 4864 καὶ
2399 4809 2498 4879 τῆς
2521 4811 2842 4878 συγγενείας
2866 4812 3147 4868 διακόπτει
3169 4833 3181 4846 ·
3213 4817 3327 4870 ἀλλ’
3351 4820 3413 4872 οὺ

1824 4897 1886 4950 τὸ
1934 4895 2169 4958 συνειδός
2191 4906 2245 4934 θ·
2290 4893 2446 4955 ἀλλὰ,
2498 4892 2599 4946 κᾶν
2630 4894 2801 4962 ἅπαξ,
2850 4896 2953 4951 κᾶν
2997 4897 3269 4972 δεύτερον,
3314 4903 3418 4959 κάν

1825 4980 2028 5052 τρίτον,
2060 4978 2160 5033 κᾶν
2217 4978 2475 5048 μυριάκις
2524 4975 2677 5049 εἴπῃ,
2715 4979 2809 5032 καὶ
2842 4983 3221 5056 παρακούσῃς,
3253 4988 3415 5041 πάλιν

1824 5064 1960 5133 ἐρεῖ,
1997 5064 2090 5116 καὶ
2118 5062 2217 5115 οὐκ
2249 5061 2546 5130 ἀφίσταται
2575 5061 2679 5125 ἕως
2705 5063 2942 5134 ἐσχάτης
2966 5065 3244 5138 ἀναπνοῆς
3264 5085 3278 5098 ·
3320 5071 3415 5123 καὶ

1825 5148 1882 5200 ἐν
1930 5145 2096 5216 οἰκίᾳ,
2138 5144 2234 5198 καὶ
2278 5147 2334 5198 ἐν
2377 5143 2661 5214 ἀμφόδοις,
2705 5148 2798 5198 καὶ
2827 5148 2885 5199 ἐν
2914 5151 3184 5222 τραπέζῃ,
3212 5152 3305 5204 καὶ
3353 5151 3414 5207 ἐν

1824 5231 2018 5302 ἀγορᾷ,
2052 5229 2145 5282 καὶ
2170 5231 2227 5282 ἐν
2264 5228 2426 5292 ὁδοῖς,
2453 5227 2710 5293 πολλάκις
2735 5229 2792 5282 δέ
2828 5231 2923 5284 καὶ¹
2960 5233 3020 5285 ἐν
3049 5233 3279 5307 ὀνείροις
3308 5236 3411 5290 αὑ-

1885 5389 2022 5454 Ϋᾼίίἰ
2047 5391 2373 5454 συλλάϐωμεν.

1885 5450 1912 5490 b
1941 5451 2079 5520 Unus
2101 5467 2216 5501 mss.
2243 5450 2451 5520 ὀλέθριον
2473 5457 2538 5520 ᾡς
2559 5459 2589 5514 ἡ
2614 5457 2934 5520 ἀμαρτία,καὶ
2957 5460 3092 5509 οὐδὲν
3114 5460 3264 5518 οὕτως
3283 5464 3409 5514 ὤπυι-

1821 5513 1958 5583 λιμον
1981 5517 2046 5570 ὠς
2068 5513 2364 5580 κατηγορία.⁷
2377 5517 2530 5566 Paulo
2554 5513 2665 5577 ροσί
2684 5513 2766 5567 aiii
2787 5513 3022 5584 κατέγνως
3041 5538 3129 5570 σου
3149 5530 3233 5582 τῆς
3251 5513 3408 5593 ἀμαρο

1820 5592 1938 5621 τιοις.

1868 5592 1938 5629 οις.

1885 5638 1908 5666 ⁸
1940 5637 2035 5686 Alii
2063 5638 2331 5687 ἐπίσταται.

1884 5697 1909 5736 τί
1932 5698 2032 5763 Alii
2063 5701 2178 5763 πρὸς
2199 5701 2388 5763 ἀρετήν.

1892 5764 1915 5792 °
1935 5759 2032 5810 Alii
2055 5759 2243 5812 adduni
2260 5764 2317 5810 τό
2340 5764 2548 5820 συνειδὸς
2571 5765 2622 5814 δὲ
2646 5765 2734 5830 οὐχ
2757 5767 2922 5822 οὕτως.

3022 5854 3084 5912 31
