3862 6228
436 310 597 372 Ἰθέὅ

432 436 546 498 τοῖς
571 431 681 487 τῶν
705 427 1111 503 ἡμαρτημένων
1135 428 1268 499 ἡμῖν
1310 423 1380 478 τὰ
1424 421 1616 477 εἴδωλα
1644 420 1736 474 καὶ
1760 418 1859 481 τὰς
1886 432 2046 487 φαν-,

432 518 626 581 τασίας
655 515 975 589 παρίστησι.

503 625 567 676 ε’.
588 622 701 676 Καὶ
725 622 827 692 ὅρα
860 618 1053 688 σοφίαν
1069 616 1226 670 Θεοῦ.
1256 614 1393 667 Οὐτε
1412 610 1635 682 διηνεκῆ
1661 609 1761 680 τὴν
1783 622 2025 692 κατηγο-

438 705 560 778 ρίαν
601 689 861 774 ἐποίησεν
916 698 1059 755 εἶναι
1125 699 1221 752 τοῦ
1276 695 1575 759 συνειδότος
1637 694 1733 762 (οὐ
1792 692 1902 763 γὰρ
1932 689 2023 778 ᾉᾶν

433 775 748 860 ἡνέγκαμεν
775 788 835 842 τὸ
868 782 1110 859 φορτίον,
1150 784 1391 854 συνεχῶς
1421 780 1868 851 ἐγκαλούμενοι),
1895 775 2020 860 οὔτε

433 859 607 937 οὓτως
635 859 858 942 ἀσθενῆ,
878 869 953 934 ὡς
971 873 1037 923 ἐκ
1060 868 1280 939 πρώτης
1306 867 1399 920 καὶ
1421 864 1682 936 δευτέρας
1712 859 2019 931 ἀπαγορεῦ-

434 968 527 1010 σαι
564 951 965 1026 παραινέσεως.
1002 953 1066 1005 Εἰ
1100 953 1198 1022 μὲν
1234 951 1343 1020 γὰρ
1378 948 1500 1003 καθ’
1533 947 1770 1016 ἐκάστην
1803 944 2022 1015 ἡμέραν

432 1041 528 1094 καὶ
567 1039 719 1112 ὥραν
760 1038 987 1110 ἔμελλεν
1027 1038 1175 1108 ἡμᾶς
1219 1036 1450 1097 κεντεῖν,
1488 1033 1591 1087 κᾶν
1630 1031 2022 1101 ἀπεπνίγημεν

430 1128 540 1180 ἀπὸ
566 1126 666 1196 τῆς
699 1123 963 1194 ἀθυμίαςο
1006 1124 1054 1175 εἰ
1089 1122 1146 1175 δέ
1190 1118 1338 1185 ἅπαξ
1370 1119 1463 1172 καὶ
1488 1116 1740 1188 δεύτερον
1773 1114 2023 1185 ὑπομνῆ-

433 1228 533 1266 σαν
564 1225 589 1252 ε
621 1211 834 1280 ἀπέστη
864 1209 965 1279 τῆς
994 1207 1389 1277 ἐπιτιμήσεως,
1416 1204 1516 1256 οὐκ
1536 1201 1601 1255 ἂν
1629 1201 1829 1270 πολλὴν
1856 1202 2024 1271 ἐκαρ-

433 1295 740 1366 πωσάμεοα
792 1296 892 1365 τὴν
949 1291 1240 1361 ὠφέλειαν.
1295 1287 1395 1341 Διά
1444 1286 1603 1339 τοῦτο
1649 1284 1875 1357 διηνεκῆ
1922 1283 2022 1354 μὲν

303 1398 314 1411 ·
430 1377 636 1450 ταύτην
658 1377 915 1449 ἐποίησεν
943 1372 1083 1428 εἶναι
1108 1373 1207 1445 τὴν
1225 1371 1563 1442 ἐπιτίμησιν,
1587 1368 1647 1421 οὐ
1674 1366 1779 1439 μὴν
1799 1366 2017 1437 συνεχῆ·

429 1459 657 1530 διηνεκῆ
685 1460 806 1530 μὲν,
838 1458 925 1512 ἵνα
960 1458 1034 1529 μὴ
1066 1459 1143 1519 εἰς
1175 1455 1448 1526 ῥᾳθυμίαν
1476 1451 1864 1522 ἐμπίπτωμεν,
1903 1450 2021 1505 ἀλλ’

432 1547 520 1598 ἀεὶ
554 1545 645 1598 καὶ
673 1544 833 1615 μέχρι
862 1541 1121 1610 τελευτῆς
1155 1538 1698 1609 ύπομιμνησκόμενοι
1736 1537 2017 1606 νήφωμεν

430 1630 493 1684 οὐ
526 1630 724 1699 συνεχῆ
757 1628 815 1681 δέ
839 1627 961 1681 οὐδὲ
988 1623 1311 1690 ἐπάλληλον,
1330 1622 1421 1676 ἵνα
1447 1620 1524 1693 μὴ
1561 1619 2017 1690 καταπίπτωμεν,

429 1712 567 1766 ἀλλά
597 1712 813 1771 ἀνέσεις
828 1710 980 1773 τινάς
1008 1707 1377 1779 λαμϐάνοντες
1400 1706 1493 1759 καὶ
1517 1702 1872 1774 παραμυθίας
1897 1703 2023 1756 ἀνα-

431 1795 710 1866 πνέωμεν.
738 1795 963 1865 ’Ὠσπερ
995 1792 1105 1863 7&9
1140 1792 1201 1845 τὺ
1247 1792 1371 1862 μηδ’
1403 1790 1540 1857 ὅλως
1569 1790 1757 1858 ἀλγεῖν
1786 1789 1879 1841 ἐπὶ
1907 1791 2021 1851 τοῖς

428 1880 827 1951 ἁμαρτήμασιν
854 1876 1119 1948 ὀλέθριον,
1153 1875 1249 1928 καὶ
1271 1875 1368 1946 τὴν
1397 1874 1632 1945 ἐσχάτην
1662 1871 2020 1943 ἀναισθησίαν

428 1958 673 2019 ἐντ’ίκτον
704 1963 858 2033 ἡμῖν,
879 1958 1022 2014 οὕτω
1042 1957 1104 2012 τὸ
1134 1959 1374 2028 συνεχῶς
1405 1957 1501 2012 καὶ
1528 1957 1672 2028 πέρα
1692 1955 1786 2010 τοῦ
1815 1955 2018 2027 μέτρου

428 2041 587 2101 τοῦτο
614 2044 844 2115 πάσχειν
873 2041 1186 2107 ἐπιϐλαϐές.

510 2152 575 2204 Ἡ
607 2151 716 2222 7&9
754 2148 1032 2220 ὑπερϐολὴ
1088 2148 1188 2218 τῆς
1228 2146 1472 2216 ἀθυμίας
1515 2144 1670 2215 ῐσχυε
1708 2144 1804 2198 καὶ
1849 2142 1958 2197 τῶν
1989 2143 2017 2182 b

429 2235 569 2290 κατά
591 2235 755 2303 φύσιν
794 2231 1056 2295 πολλάκις
1088 2228 1396 2284 ἐκϐαλοῦσα
1425 2228 1660 2300 φρενῶν,
1691 2226 2020 2299 ὑποϐρύχιον

428 2317 655 2387 ποιῆσαι
692 2316 792 2389 τὴν
817 2315 1017 2386 ψυχὴν,
1046 2314 1142 2369 καὶ
1172 2312 1311 2384 πρὸς
1357 2312 1574 2367 ἅπαντα
1619 2312 1894 2381 ἄχρηστον
1929 2313 2021 2382 ἐρ-

426 2400 702 2469 γάσασθαι
735 2399 806 2453 τά
827 2398 986 2452 καλά.
1022 2397 1120 2450 Διά
1172 2396 1331 2450 τοῦτο
1365 2397 1460 2450 καὶ
1502 2397 1568 2449 ἐκ
1611 2394 2020 2465 διαλειμμάτων

427 2485 560 2556 ἡμῖν
585 2483 677 2538 τὸν
710 2481 804 2536 τοῦ
836 2481 1137 2544 συνειδότος
1178 2479 1400 2549 ἔλεγχον
1446 2478 1862 2549 παρεσκεύασεν
1897 2479 2018 2531 ἐπι·

426 2567 695 2632 τίθεσθαι,
728 2564 915 2637 ἐπειδὴ
943 2564 1149 2636 σφόδρα
1177 2562 1325 2617 ἐστὶν
1364 2562 1660 2633 ἀπότομος,
1698 2562 1794 2616 καὶ
1818 2560 2019 2627 παντὸς

428 2650 657 2722 κέντρου
682 2648 1045 2719 σφοδρότερον
1066 2647 1158 2700 τὸν
1179 2646 1545 2717 ἡμαρτηκότα
1572 2644 1786 2699 νύττειν
1804 2643 2016 2699 είωθεν.

427 2733 566 2787 Οὐδὲ
594 2731 705 2805 γὰρ
739 2731 905 2802 ἡνίκα
954 2729 1020 2785 ἂν
1073 2728 1483 2800 ἀμαρτάνωμεν
1534 2728 1709 2791 αὐτοὶ,
1755 2725 1893 2780 ἀλλά
1924 2725 2019 2780 καὶ

427 2817 593 2888 ἡνίκα
624 2816 691 2870 ἀν
725 2816 903 2888 ἐτεροι
928 2813 999 2867 τά
1024 2814 1165 2867 αὐτά
1209 2810 1611 2884 πλημμελῶσιν
1640 2813 1795 2883 ἡμῖν,
1822 2811 2018 2877 διεγείο

430 2917 585 2971 ρεται
619 2898 864 2971 σφοδρῶς
893 2899 987 2953 καὶ
1021 2896 1160 2967 μετά
1208 2895 1410 2966 πολλῆς
1439 2896 1597 2966 ἡμῶν
1643 2894 1889 2967 καταϐοᾷ
1920 2895 2020 2966 τῆς

428 2983 694 3047 εὐτονίας.
728 2984 838 3037 Καὶ⁴
865 2982 975 3053 γὰρ
1003 2983 1032 3034 6
1064 2980 1283 3052 πόρνος,
1314 2978 1409 3032 καὶ
1434 2980 1463 3031 6
1485 2977 1693 3049 μοιχὸς.
1725 2979 1821 3033 καὶ
1845 2981 1874 3032 6
1901 2979 2022 3032 κλέ-

431 3083 574 3137 πτης
613 3066 675 3120 οὐ
710 3065 872 3135 μόνον
917 3067 1048 3119 ὅταν
1092 3063 1256 3127 αὐτὸς
1310 3063 1710 3134 κατηγορῆται,
1743 3062 1857 3116 ἀλλ’
1888 3064 2019 3117 ὅταν

429 3151 527 3205 καὶ
560 3150 763 3222 ἐτέρων
788 3148 1015 3203 τοιαῦτα
1047 3145 1440 3217 τολμησάντων
1479 3144 1656 3218 ἀκούῃ
1680 3162 2020 3217 κατηγορου-

431 3235 631 3305 μένων,
655 3233 822 3296 αὐτὸς
876 3235 1092 3303 ἡγεῖται
1133 3228 1518 3302 μαστίζεσθαι,
1552 3230 1610 3281 ἐν
1659 3231 1783 3292 ταῖς
1811 3229 2016 3301 ἐτέρων

428 3318 777 3388 ἐπιτιμήσεσι
803 3317 903 3386 τῆς
922 3314 1130 3376 οἰκείας
1153 3312 1428 3384 ἁμαρτίας
1456 3312 1751 3383 λαμϐάνων
1773 3314 2020 3383 ἀνάμνηο

428 3416 538 3469 σιν,
577 3400 673 3454 καὶ
699 3400 1010 3468 ἐγκαλεῖται
1045 3397 1144 3467 μὲν
1175 3397 1352 3459 ἄλλος,
1408 3397 1706 3468 πλήττεται
1729 3397 1786 3450 δέ
1813 3392 1967 3460 οὗτος
1989 3398 2017 3449 6

433 3486 600 3558 μηδὲν
624 3483 1047 3554 ἐγκαλούμενος,
1073 3484 1203 3536 ὅταν
1226 3478 1344 3553 ᾗτά
1367 3481 1506 3534 αὐτά
1537 3481 1732 3552 ἐκείνῳ
1761 3481 2019 3551 τετολμη-

429 3568 559 3634 κώς
598 3567 789 3639 ὥσπερ
822 3563 914 3621 οὖν
946 3567 1041 3620 καὶ
1073 3566 1168 3618 ἐπὶ
1194 3567 1307 3628 τοῖς
1337 3563 1782 3635 κατορθώμασιν,
1813 3565 2017 3637 ἐτέρων

429 3650 930 3723 ἐγκωμιαζομένων
983 3649 1077 3703 καὶ
1134 3646 1607 3718 στεφανουμένων,
1648 3650 1710 3709 ,οἰ
1762 3648 1831 3702 τά
1879 3650 2020 3703 αὐτά

430 3735 864 3807 κατωρθωκότες
895 3733 1124 3796 ἐκείνοις
1152 3732 1402 3802 χαίρουσι
1435 3732 1528 3785 καὶ
1559 3731 1908 3800 ἀγάλλονται,
1941 3734 2019 3797 ὡς

336 3862 359 3875 -.
429 3821 532 3873 οὐκ
565 3818 789 3873 ἐκείνων
826 3817 1085 3888 μᾶλλονῆ
1122 3815 1302 3869 αὐτῶν
1330 3816 1760 3886 ἐπαινουμένων.
1781 3815 2015 3890 Τί[759]

429 3902 613 3956 τοίνυν
641 3902 836 3971 γένοιτ’
870 3901 936 3955 ἂν
964 3900 1059 3953 τοῦ
1085 3899 1472 3970 ἡμαρτηκότος
1494 3898 1845 3970 ἀθλιώτερον,
1865 3901 2016 3964 ὅταν,

431 3985 636 4056 ἐτέρων
682 3983 1204 4055 κατηγορουμένων,
1241 3983 1403 4046 αὐτὸς
1462 3983 1836 4054 καταδύηται;
1877 3982 2018 4037 τίδὲ

431 4068 527 4122 τοῦ
559 4067 762 4133 ζῶντος
814 4070 871 4121 ἐν
919 4068 1090 4139 ἀρετῇ
1128 4066 1563 4139 μακαριώτερον,
1613 4068 1763 4131 ὃταν,
1811 4067 2017 4136 ἐτέρων

431 4153 864 4224 ἐπαινουμένων,
895 4151 1057 4215 αὐτὸς
1102 4151 1268 4225 χαίρῃ
1323 4150 1418 4204 καὶ
1463 4150 1782 4222 διαχέηται,
1816 4153 1875 4204 ἐν
1907 4153 2019 4215 τοῖς

431 4237 636 4307 ἐτέρων
665 4236 959 4306 ἐγκωμίοις
987 4235 1294 4305 ὑπόμνησιν
1327 4233 1619 4301 λαμϐάνων
1664 4233 1773 4288 τῶν
1801 4235 2018 4289 οἰκείων

430 4319 873 4391 κατορθωμάτων
894 4335 908 4382 ;
942 4317 1123 4372 Ταῦτα
1146 4318 1246 4387 τῆς
1273 4316 1367 4371 τοῦ
1385 4317 1520 4369 Θεοῦ
1549 4317 1749 4385 σοφίας·
1766 4318 1833 4371 τά
1857 4318 2015 4389 ἔργα,

430 4403 606 4458 ταῦτα
624 4404 722 4473 τῆς
756 4402 1017 4473 μεγίστης
1047 4400 1213 4456 αὐτοῦ
1244 4402 1496 4472 προνοίας
1520 4400 1590 4454 τὰ
1622 4405 1842 4473 σημεῖα.
1887 4406 2017 4473 Ἀγ-

432 4505 576 4558 κυρα
602 4486 709 4557 γάρ
742 4486 825 4549 τίς
849 4487 997 4538 ἐστιν
1021 4485 1143 4557 ἱερά
1167 4485 1260 4538 τοῦ
1287 4484 1588 4548 συνειδότος
1619 4487 1652 4556 ἡ
1675 4487 2014 4559 ἐπιτίμησις,

430 4572 534 4623 οὐκ
574 4569 719 4623 ἐῶσα
751 4568 935 4623 τέλεον
968 4570 1115 4639 ἡμᾶς
1148 4570 1227 4631 είς
1266 4567 1356 4621 τὸν
1387 4567 1488 4638 τῆς
1528 4568 1804 4640 ἁμαρτίας
1847 4588 2017 4625 κατα-

435 4653 786 4725 ποντισθῆναι
817 4652 997 4724 βυθόν.
1046 4651 1181 4706 Οὐδέ
1207 4652 1316 4722 7&9
1346 4651 1473 4722 παρ’
1504 4651 1666 4705 αὐτὸν
1691 4652 1799 4708 τῶν
1836 4655 2017 4726 ἁμαρ-

432 4737 695 4808 τημάτων
726 4739 819 4790 τὸν
867 4735 1060 4806 καιρὸν
1096 4735 1274 4804 μόνον,
1305 4734 1443 4787 ἀλλά
1495 4735 1590 4788 καὶ
1641 4736 1779 4805 μετὰ
1818 4738 2019 4802 πολλὰς

433 4819 696 4873 ἐνιαυτῶν
745 4818 1026 4890 περιόδους
1072 4814 1210 4872 οἶδεν
1265 4817 1416 4887 ἡμᾶς
1469 4817 1728 4882 πολλάκις
1781 4820 2017 4886 παλαιᾶς

432 4904 877 4975 ἀναμιμνήσκειν
907 4901 1201 4973 ἁμαρτίας·
1235 4902 1331 4954 καὶ
1363 4901 1555 4955 τούτου
1588 4903 1683 4955 καὶ
1723 4904 1817 4957 ἀπ’
1839 4905 2018 4959 αὐτῶν

431 4988 858 5059 παραστήσομαι
886 4987 995 5040 τῶν
1022 4985 1255 5056 Γραφῶν
1286 4985 1430 5055 σαφῆ
1468 4986 1567 5056 τὴν
1594 4987 1887 5053 ἀπόδειξιν.

520 5087 807 5143 Ἀπέδοντὸ
837 5104 969 5144 ποτε
1000 5087 1091 5140 τὸν
1136 5086 1336 5158 Ἰωσὴφ
1374 5087 1424 5139 οἰ
1469 5086 1715 5157 ἀδελφοὶ,
1764 5091 2018 5160 ἐγκαλεῖν

433 5175 531 5245 μὲν
558 5173 713 5227 οὐδὲν
738 5172 977 5245 ἔχοντες,
1009 5172 1089 5225 ὅτι
1125 5169 1184 5224 δέ
1221 5167 1449 5224 ἐνύπνια
1482 5170 1631 5243 ἐώρα
1658 5172 1756 5244 τὴν
1790 5174 2017 5243 μέλλου-

432 5275 533 5311 σαν
561 5255 714 5328 αὐτῷ
741 5252 1237 5328 προαναφωνοῧντα
1263 5251 1441 5319 δόξαν.
1477 5249 1665 5309 Εἶδον
1692 5255 1823 5328 γὰρ,
1848 5259 1982 5329 φησί
2000 5299 2016 5325 ,

429 5341 503 5394 τὰ
557 5339 866 5410 δράγματα
927 5335 1095 5408 ὑμῶν
1149 5336 1669 5407 προσκυνήσαντα
1737 5339 1803 5393 τὸ
1870 5342 2020 5411 ἐμὸν

428 5421 681 5493 δράγμα.
697 5421 891 5477 Καίτοι
914 5421 1057 5495 ὐπέρ
1086 5420 1291 5475 τούτων
1320 5420 1609 5490 φυλάττειν
1634 5422 1797 5477 αὐτὸν
1823 5424 2010 5496 ἐχρῆν·

432 5507 696 5579 στέφανος
719 5505 829 5579 7&9
856 5507 954 5578 τῆς
979 5505 1156 5570 οίκίας
1176 5506 1394 5577 ἀπάσης
1415 5504 1640 5576 ἔμελλεν
1664 5506 1901 5575 ἔσεσθαι,
1924 5510 2016 5563 καὶ

493 5694 523 5757 f
548 5694 691 5757 Unus
710 5708 803 5744 ms.
825 5696 1117 5757 ὑπομνήσας.

489 5752 524 5793 δ
546 5755 683 5806 Unus
702 5769 793 5805 ms.
816 5762 869 5806 ει
885 5752 1035 5808 S'avil.
1057 5760 1108 5809 in
1125 5770 1282 5823 marg.
1311 5758 1505 5822 ἀθυμίας
1525 5758 1623 5810 οἶδε
1648 5760 1727 5808 καὶ
1750 5760 1863 5809 τῶν.

1164 306 1219 362 S.
1260 301 1546 362 JOANNIS
1586 292 2081 357 CHRYSOSTOMI
2120 294 2441 354 ARCHIEP.
2486 294 3036 354 (IO‘NSTANTINOP.

2129 415 2452 488 λαμπρότης
2483 417 2576 471 τοῦ
2600 418 2789 486 γένους
2830 416 3048 477 παντός.
3092 412 3252 466 Ἀλλά
3290 413 3540 466 τοιοῦτον
3568 413 3603 481 ἡ
3642 412 3733 481 βια-

2128 500 2342 553 σκανία*
2372 504 2485 565 τοῖς
2515 501 2736 564 οἰκείοις
2765 501 2996 569 πολεμεῖ
3029 496 3234 559 καλοῖς,
3277 496 3370 548 καὶ
3412 494 3634 564 μᾶλλον
3668 496 3734 548 ἄν

2124 584 2297 637 ἕλοιτο
2339 584 2510 656 μυρία
2562 585 2793 656 πάσχειν
2837 595 2859 623 ο
2907 582 3059 637 δεινά
3106 582 3135 634 ὁ
3185 580 3530 650 βασκαίνων,
3562 579 3598 649 ἡ
3642 578 3733 631 τὸν

2125 667 2355 737 πλησίον
2380 668 2509 721 ἰδεῖν
2537 668 2951 739 εὐδοκιμοῦντα,
2992 665 3096 719 κᾶν
3125 666 3206 729 εἰς
3230 663 3393 717 αὐτὸν
3418 662 3732 716 διαϐαίνειν

2129 751 2313 822 μέλλοι
2345 752 2414 805 τά
2443 752 2543 822 τῆς
2572 752 2838 819 εὐδοξίας·
2872 746 2933 806 οὐ
2958 751 3009 804 τί
3033 749 3228 819 γένοιτ’
3254 748 3321 802 ἀν
3344 746 3728 816 ἀθλιώτερον;

2127 835 2308 907 Ὅπερ
2333 831 2425 888 οὖν
2453 837 2698 889 κάκεῖνοι
2721 834 2946 898 ἔπαθον,
2992 835 3089 887 καὶ
3133 833 3334 896 ἰδόντες
3371 830 3546 884 αὐτὸν
3592 829 3751 900 πόρ-,

2127 924 2299 994 ρωθεν
2321 924 2548 993 ῆκοντα,
2571 922 2781 994 τροφὴν
2810 921 2995 983 αὐτοῖς
3020 917 3337 988 κομίζοντα,
3375 914 3520 987 πρὸς
3560 913 3731 983 ἀλλή-

2124 1008 2252 1071 λους
2277 1006 2482 1075 ἔλεγον·
2514 1006 2709 1070 Δεῦτε,
2742 1004 3193 1071 ἀποκτείνωμεν
3212 999 3422 1061 αὐτόν,
3448 996 3557 1052 καὶ
3592 996 3731 1051 16w-

2119 1108 2236 1162 μεν
2250 1092 2308 1145 τί
2321 1092 2493 1146 ἔσται
2511 1089 2586 1145 τὰ
2599 1090 2856 1144 ἐνύπνια
2875 1086 3085 1143 αὐτοῦ.
3106 1086 3168 1140 Et
3186 1086 3279 1139 καὶ
3302 1084 3376 1155 μὴ
3392 1084 3467 1147 ὡς
3488 1080 3731 1151 ἀδελφὺν

2124 1174 2378 1245 ῂδέσθης,
2410 1174 2532 1228 οὐδὲ
2557 1172 2657 1243 τὴν
2680 1173 2843 1241 φύσιν
2870 1170 3136 1238 ἐπέγνως,
3154 1169 3253 1239 τὴν
3276 1168 3409 1237 γοῦν
3431 1166 3731 1238 τράπεζαν

2125 1258 2294 1329 αὐτὴν
2319 1256 2634 1327 αἰδεσθῆναι
2662 1255 2792 1318 ἔδει,
2815 1257 2910 1308 καὶ
2940 1254 3034 1308 τὸν
3056 1253 3157 1322 τῆς
3188 1250 3466 1313 διακονίας
3492 1250 3726 1321 τρόπον,

2123 1343 2207 1395 ὅτι
2232 1343 2447 1413 θρέψων
2474 1358 2535 1394 σε
2564 1341 2917 1413 παρεγένετο.
2966 1338 3108 1391 Ἀλλ’
3135 1338 3239 1408 ὅρα
3278 1335 3396 1400 πῶς
3426 1335 3528 1389 καὶ
3557 1335 3725 1387 ἀκον-

2123 1443 2214 1491 τες
2236 1424 2639 1497 προφητεύουσι
2659 1441 2671 1457 ·
2732 1424 2914 1478 Δεῦτε
2934 1463 2949 1488 ,
3001 1422 3166 1491 φασὶν
3191 1460 3206 1485 ,
3263 1419 3727 1487 ἀποκτείνωμεν

2122 1508 2330 1575 αὑτὸν,
2371 1509 2471 1563 καὶ
2500 1509 2718 1578 ἴδωμεν
2749 1508 2807 1561 τί
2829 1507 3001 1561 ἐσται
3026 1503 3215 1559 αὐτοῦ
3243 1503 3316 1557 τὰ
3335 1503 3624 1556 ἐνύπνια.
3658 1501 3723 1553 Εἰ

2121 1593 2230 1666 7&9
2263 1593 2365 1646 οὐκ
2395 1592 2809 1657 ἐϐουλεύσαντο,
2856 1591 2952 1644 καὶ
3003 1589 3097 1641 τὸν
3146 1587 3296 1640 δόλον
3349 1584 3595 1654 ὖφαναν,
3622 1584 3724 1637 καὶ

2121 1679 2220 1751 τὴν
2255 1677 2450 1749 ἀναιδῆ
2481 1676 2676 1748 βουλὴν
2706 1675 2950 1748 ἔρραψαν
2971 1673 3209 1742 ἐκείνην,
3244 1671 3343 1725 οὐκ
3368 1669 3439 1723 ἂν
3462 1668 3723 1751 ἔγνωσαν

2122 1747 2229 1815 τῶν
2257 1747 2526 1816 ἐνυπνίων
2556 1747 2783 1814 ἐκείνων
2811 1759 2911 1828 τὴν
2948 1757 3198 1827 δύναμιν.
3234 1754 3309 1808 Οὐ
3338 1752 3449 1822 γὰρ
3473 1747 3549 1823 ἦν
3581 1751 3725 1809 ἴσον.

2125 1845 2289 1917 μηδὲν
2314 1845 2559 1899 παθόντα
2589 1843 2760 1897 δεινὸν
2805 1842 2899 1895 ἐπὶ
2944 1840 3037 1894 τὸν
3077 1839 3264 1910 θρόνον
3305 1834 3589 1905 ἀναϐῆναι
3622 1834 3728 1902 τῆς

2119 1928 2421 1997 Αἰγύπτου,
2443 1928 2536 1982 καὶ
2559 1928 2647 1982 διά
2677 1925 2949 1980 τοσούτων
2970 1925 3079 1977 τῶν
3108 1920 3447 1991 κωλυμάτων
3474 1920 3581 1973 καὶ
3612 1918 3729 1970 τῶν

2121 2013 2394 2085 ἐμποδίων
2424 2012 2452 2054 (ι
2482 2013 2582 2083 τῆς
2624 2011 2796 2080 αὐτῆς
2829 2008 3035 2080 ταύτης
3068 2003 3423 2060 ἐπιλαϐέσθαι
3461 2002 3729 2073 λαμπρό-

2119 2117 2304 2170 τητος.
2328 2099 2390 2153 Εἰ
2419 2098 2493 2170 μὴ
2520 2098 2628 2169 7&9
2655 2095 3073 2159 ἐπεϐούλευσαν,
3108 2093 3211 2146 οὐκ
3236 2092 3301 2145 ἂν
3320 2092 3401 2153 είς
3435 2089 3729 2156 Αἴγυπτον

2121 2183 2402 2238 ἀπέδοντο·
2435 2184 2483 2236 εί
2511 2183 2586 2253 μὴ
2615 2180 2877 2234 ἀπέδοντο
2904 2181 2985 2242 εἰς
3016 2178 3313 2246 Αἴγυπτον,
3331 2175 3436 2227 οὐκ
3470 2171 3545 2226 ἂν
3579 2170 3727 2241 ἡρά-

2124 2266 2225 2338 σθη
2249 2269 2283 2338 ἡ
2316 2266 2595 2319 δέσποινα·
2637 2266 2687 2318 εί
2724 2265 2799 2335 μὴ
2838 2261 3052 2334 ἡράσθη
3108 2263 3143 2330 ἡ
3183 2258 3464 2321 δέσποινα,
3493 2255 3609 2310 οὐκ
3658 2255 3729 2309 ἂν

2121 2350 2386 2422 ἐνεϐλήθη
2417 2353 2497 2412 είς
2528 2350 2591 2402 τὸ
2618 2348 3013 2419 δεσμωτήριον,
3067 2345 3167 2399 οὐκ
3210 2344 3276 2398 ἂν
3305 2341 3604 2411 συνέκρινε
3660 2340 3730 2392 τὰ

2119 2439 2395 2510 ὁράματα,
2425 2437 2526 2490 οὐκ
2548 2435 2614 2489 ἂν
2652 2434 2751 2504 τῆς
2799 2430 3077 2503 βασιλείας
3106 2428 3402 2510 ἐπέτυχεν;
3417 2427 3469 2510 εἰ
3508 2424 3592 2497 μὴ
3606 2425 3730 2510 ὶτῆς

2123 2503 2403 2593 βασιλείας
2431 2520 2489 2572 δέ
2536 2517 2802 2587 ἐπέτυχεν
2842 2514 3079 2585 ἐκείνης,
3115 2512 3216 2566 οὐκ
3268 2511 3334 2564 ἂν
3371 2505 3549 2581 ἦλθον
3573 2503 3728 2562 οὗτοι

2121 2608 2243 2661 κατ’
2273 2605 2544 2676 ἐμπορίαν
2579 2603 2750 2667 σίτου,
2781 2601 2878 2654 καὶ
2899 2596 3316 2671 προσεκύνησαν
3340 2595 3537 2648 αὐτόν.
3557 2595 3729 2647 Ὥστε

2122 2689 2313 2759 ἐπειδὴ
2343 2687 2673 2742 ἀπέκτειναν
2703 2684 2887 2748 αὐτὸν,
2917 2682 3005 2735 διά
3024 2680 3183 2734 τοῦτο
3202 2678 3440 2749 μάλιστα
3465 2677 3729 2745 ἔγνωσαν

2120 2773 2286 2830 αὐτοῦ
2318 2772 2390 2826 τά
2434 2772 2683 2825 ἐνύπνια.
2709 2769 2775 2823 Τί
2804 2764 2926 2833 οὗν;
2962 2766 3120 2819 αὐτοὶ
3159 2763 3415 2836 πρόξενοι
3442 2763 3564 2816 τῶν
3598 2762 3729 2835 μελ-

2120 2858 2321 2912 λόντων
2340 2855 2563 2924 ἀγαθῶν
2591 2852 2744 2924 αὐτῷ
2777 2851 2995 2905 πάντων
3024 2849 3274 2918 ἐγένοντο
3296 2849 3393 2902 καὶ
3431 2846 3544 2916 τῆς
3575 2864 3731 2917 περι-

2122 2941 2350 3013 φανείας
2372 2940 2623 3009 ἐκείνηςς
2669 2934 2960 3007 Οὐδαμῶς,
2999 2931 3137 2988 ἀλλά
3171 2932 3328 2986 αὐτοί¹
3356 2930 3461 3001 μέν
3499 2929 3729 3001 θανάτῳ

2122 3028 2217 3081 καὶ
2240 3024 2449 3095 ἀθυμίᾳ
2477 3025 2572 3076 καὶ
2603 3025 2670 3093 τῇ
2701 3020 2918 3091 δουλείᾳ
2961 3018 3057 3072 καὶ
3087 3018 3201 3080 τοῖς
3248 3014 3511 3085 ἐσχάτοις
3542 3032 3726 3086 παρα-

2119 3111 2302 3166 δοῦναι
2332 3108 2721 3163 ἐϐουλεύσαντο
2746 3107 2959 3168 κακοῖςο
2986 3105 3016 3157 ὁ
3043 3102 3101 3156 δὲ
3135 3100 3451 3170 εὐμήχανος
3476 3099 3628 3164 Θεὸς
3664 3101 3725 3169 τῇ

2119 3195 2228 3248 τῶν
2258 3190 2718 3247 ἐπιϐουλευόντων
2746 3187 2983 3258 πονηρία
3005 3184 3142 3255 πρὸς
3167 3182 3264 3253 τὴν
3284 3180 3380 3235 τοῦ
3410 3182 3725 3251 πραθέντος

2120 3281 2214 3334 καὶ
2242 3274 2716 3337 ἐπιϐουλευθέντος
2741 3270 3090 3342 εὐδοκίμησιν
3118 3268 3508 3338 ἀπεχρήσατο.

2148 3428 2153 3437 ’
2197 3424 2399 3490 ς’.Ἰνα
2416 3421 2473 3474 δέ
2505 3419 2581 3490 μὴ
2598 3417 2887 3487 συντυχίας
2915 3414 3079 3478 τινὸς,
3095 3413 3230 3485 μηδέ
3251 3414 3621 3484 πραγμάτων
3644 3429 3729 3465 πε.

2126 3505 2405 3580 ριπετείας
2447 3515 2470 3542 θ
2504 3504 2574 3557 τὰ
2610 3499 2893 3572 συμϐάντα
2930 3494 3069 3551 εἶναι
3102 3495 3417 3566 νομίζηται,
3451 3496 3525 3549 δι’
3548 3495 3726 3549 αὐτῶν

2120 3579 2229 3645 τῶν
2268 3585 2718 3657 ἐναντιουμένων,
2753 3583 2819 3636 δι’
2853 3580 3033 3636 αὐτῶν
3056 3579 3166 3632 τῶν
3195 3579 3558 3645 κωλυόντων,
3590 3580 3728 3633 αὐτά

2121 3672 2518 3737 κατασκευάζει
2545 3669 2614 3723 τά
2643 3667 3005 3737 κωλυόμεναό
3022 3664 3299 3728 Θεὸς,τοῖς
3329 3662 3727 3738 ἐχθροῖςῐῖϐθ]

2122 3759 2286 3816 αὐτοῦ
2324 3757 2461 3827 πρὸς
2486 3754 2584 3825 τὴν
2618 3752 2970 3821 εὐδοκίμησιν
3003 3748 3271 3812 διακόνοις
3297 3748 3623 3819 χρώμενος,
3643 3752 3727 3803 ἵνα

2126 3844 2327 3915 μάθῃς,
2354 3842 2437 3894 ὅτι
2463 3839 2498 3893 ἃ
2527 3842 2555 3893 ό
2581 3838 2712 3901 Θεὸς
2740 3834 3112 3906 βεϐούλευται,
3145 3832 3319 3896 οὐδεὶς
3340 3833 3724 3898 διασκεδάσει,

2122 3941 2216 3982 και
2239 3926 2336 3996 τὴν
2369 3926 2527 3995 χεῖρα
2557 3919 2722 3976 αὐτοῦ
2764 3920 2862 3990 τὴν
2902 3916 3112 3987 ὑψηλὴν
3137 3915 3311 3978 οὐδεὶς
3349 3916 3723 3988 ἀποστρέψει·

2121 4014 2189 4066 ἶν’
2244 4010 2376 4063 ὅταν
2400 4003 2727 4075 ἐπιϐουλεύῃ
2757 4001 2908 4072 παρά
2956 4016 3141 4066 τινων,
3202 3998 3276 4071 μὴ
3324 4001 3720 4072 καταπίπτῃς,

2125 4096 2260 4168 μηδὲ
2281 4092 2663 4164 δυσχεραίνῃς,
2694 4085 2809 4141 ἀλλ’
2836 4083 3036 4137 εἰδέναι
3071 4082 3237 4168 ἔχῃς,
3280 4084 3365 4136 ὅτι
3397 4084 3546 4155 πρὸς
3570 4087 3729 4150 τέλος

2120 4167 2340 4250 ἀπαντᾷ
2373 4176 2607 4248 χρηστὸν
2626 4177 2660 4245 ἡ
2681 4170 2966 4242 ἐπιϐουλὴ,
2989 4169 3147 4241 μόνον
3167 4167 3233 4223 ἂν
3255 4170 3527 4237 γενναίως
3549 4171 3728 4242 φέρῃς

2120 4265 2188 4318 τλι
2220 4262 2624 4333 συμπίπτοντα.

2203 4409 2335 4463 Ἰδοὺ
2357 4407 2487 4476 γοῦν
2509 4408 2603 4460 καὶ
2626 4405 2864 4459 ἐνταῦθα
2891 4403 3083 4474 φθόνος
3108 4404 3387 4475 βασιλείαν
3421 4405 3610 4473 ἔτεκε,
3630 4412 3731 4463 καὶ

2123 4490 2394 4564 βασκανία
2420 4490 2659 4560 διάδημα
2707 4488 3034 4561 προεξένησε
3056 4529 3070 4552 ,
3103 4488 3198 4541 καὶ
3237 4487 3429 4559 θρόνον
3461 4491 3725 4561 ἐκόμισε,

2122 4577 2216 4630 καὶ
2250 4577 2405 4629 αὐτοί
2437 4577 2484 4627 οἰ
2518 4572 3040 4635 ἐπιϐουλεύσαντες,
3070 4573 3224 4626 αὐτοὶ
3259 4570 3588 4644 συνὼθησαν
3619 4578 3727 4630 αὐ-

2122 4662 2211 4716 τὸν
2248 4660 2386 4729 πρὸς
2429 4659 2490 4712 τὸ
2532 4657 2761 4729 μέγεθος
2806 4657 3020 4727 ἐκείνης
3054 4658 3153 4728 τῆς
3201 4658 3395 4728 ἀρχῆς⁹
3432 4661 3531 4713 καὶ
3559 4664 3591 4716 6
3615 4665 3727 4733 μὲν

2122 4742 2527 4805 ἐπιϐουλευθεὶς
2582 4740 2962 4806 ἐϐασίλευσεν,
3011 4742 3060 4794 οἰ
3111 4741 3168 4794 δέ
3224 4741 3728 4812 ἐπιϐουλεύσαντες

2122 4827 2420 4881 ἐδούλευον·
2452 4827 2703 4888 κάκεῖνος
2735 4824 2834 4895 μέν
2858 4826 3263 4895 προσεκυνεῖτο,
3285 4818 3432 4880 οὗτοι
3452 4826 3509 4880 δέ
3540 4846 3727 4901 προσ-

2123 4913 2368 4966 εκύνουν.
2422 4911 2591 4965 Ὅταν
2646 4910 2825 4963 τοίνυν
2882 4908 3084 4980 ἐπέλθῃ
3132 4926 3215 4962 σοι
3252 4909 3270 4948 ί
3317 4909 3468 4963 δεινά
3509 4918 3725 4988 συνεχῆ

2124 4997 2216 5051 καὶ
2245 4994 2524 5065 ἐπάλληλα
2543 5035 2558 5055 ,
2610 4993 2684 5064 μὴ
2719 4991 2950 5064 θορυϐοὖ
2971 5035 2984 5057 ,
3028 4991 3161 5063 μηδὲ
3186 4991 3506 5063 δυσχέραινε
3529 5036 3548 5061 ,
3598 4998 3728 5051 ἀλλ’

2120 5081 2356 5151 ἀνάμενε
2387 5078 2449 5131 τὸ
2473 5077 2645 5141 τέλοςο
2674 5076 2893 5141 πάντως
2930 5077 3039 5148 7&9
3068 5078 3441 5148 ἀπαντήσεται
3476 5079 3586 5151 τῆς
3622 5084 3723 5135 τας,

2120 5163 2257 5218 Θεοῦ
2286 5161 2698 5233 μεγαλοδωρεᾶς
2719 5160 2892 5226 ἀξιον,
2911 5161 3072 5231 μόνον
3094 5161 3186 5214 ἐὰν
3208 5161 3551 5232 εὐχαρίστως
3569 5167 3640 5219 τά
3662 5170 3723 5220 ἐν

2126 5247 2277 5317 μέσῳ
2319 5244 2701 5316 συμπίπτοντα
2746 5244 2998 5314 ἐνέγκῃς.
3048 5245 3201 5297 Ἐπεὶ
3243 5246 3340 5298 καὶ
3376 5240 3537 5311 οὗτος
3578 5254 3723 5319 μετά

2119 5332 2188 5385 τά
2224 5330 2476 5401 ὀνείρατα
2501 5331 2683 5381 ἐκεῖνα
2728 5328 2856 5398 περὶ
2895 5328 3004 5381 τῶν
3044 5329 3288 5399 ἐσχάτων
3318 5329 3681 5396 κινδυνεύσας
3702 5375 3719 5401 ,

2185 5573 2206 5601 (³
2230 5570 2327 5620 Alii
2346 5571 2524 5618 παθεῖν.

2182 5632 2208 5670 ά
2234 5634 2333 5695 Alii
2356 5632 2741 5695 ἐμποδισμάτων.

2188 5696 2212 5761 ξ
2235 5692 2479 5761 ῑᾷῃ-ιιδᾲηιε.
2501 5692 2769 5761 περιφορᾶς,
2795 5696 2920 5745 alius
2936 5703 3248 5761 περιφανείας.

2193 5754 2212 5794 ί
2238 5756 2338 5807 Alii
2370 5756 2523 5805 ἔπεισί
2546 5754 2641 5805 σοι’.

3590 293 3734 348 ιοιι
3794 83 3826 391 1

3814 462 3826 709 1

3822 750 3826 801 1
