3862 6228
116 318 260 385 i013

116 449 208 494 ter
239 451 296 498 et
337 442 388 496 in
434 441 654 495 somniis
694 439 822 510 ipsis
867 449 1201 510 peccatorum
1239 437 1391 491 nobis
1433 435 1711 489 simulacra

117 543 439 604 spectraque
463 539 808 602 repraesentat

195 627 249 683 5.
283 625 614 682 Conscientia
637 625 872 679 stimulus
891 665 906 688 ,
935 640 1090 690 quare
1115 639 1213 675 non
1239 632 1309 675 est
1339 631 1623 688 perpetuus.
1647 647 1715 656 ———

123 719 259 774 Vide
314 728 492 772 autem
543 718 633 771 Dei
685 717 1021 786 sapientiam.
1066 713 1182 768 Non
1235 713 1358 767 fecit
1405 720 1710 781 perpetuam

119 811 466 866 conscientia
490 810 911 871 accusationem,
931 823 1110 876 neque
1136 807 1275 861 enim
1310 805 1410 858 hoc
1435 819 1569 856 onus
1598 818 1708 872 per-

117 899 268 958 ierre
295 911 617 972 poteramus,
648 901 692 954 si
723 900 921 969 jugiter
946 904 1248 951 accusasset
1277 912 1289 948 ι
1329 909 1498 962 neque
1532 905 1716 945 rursus

114 995 260 1047 adeo
289 995 455 1048 levem
491 1003 546 1048 et
581 993 920 1057 imbecillem,
953 1000 1010 1043 ut
1039 999 1156 1059 post
1187 1003 1342 1041 unam
1380 994 1470 1039 aut
1494 985 1715 1037 alter-in

120 1085 540 1139 admonitionem
579 1085 906 1155 desperaret.
951 1082 1082 1135 Nam
1119 1080 1162 1135 si
1202 1079 1424 1150 singulis
1447 1077 1632 1132 diebus
1664 1083 1718 1128 et

123 1179 274 1232 horis
293 1179 475 1234 fuisset
491 1194 590 1233 nos
605 1179 954 1240 stimulatnra,
972 1191 1201 1230 mmrore
1224 1174 1464 1246 profecto
1486 1173 1716 1226 sutfoea-

121 1284 309 1323 remur
337 1287 349 1322 :
373 1283 557 1323 rursus
579 1270 623 1323 si
649 1279 768 1339 post
789 1284 946 1322 uuam
975 1275 1133 1337 atque
1153 1267 1374 1321 alteram
1399 1262 1718 1333 increpatio-

124 1376 249 1415 nem
293 1359 592 1426 desisteret,
618 1358 762 1414 haud
803 1359 1024 1413 multum
1064 1359 1264 1412 fruetus
1303 1357 1455 1412 nobis
1480 1355 1712 1409 afferret.

124 1445 313 1520 loque
357 1450 480 1505 fecit
518 1450 936 1518 objurgationcm
984 1458 1315 1518 perpetuam,
1363 1458 1417 1501 at
1462 1462 1567 1500 non
1608 1445 1716 1499 fre-

122 1553 376 1607 quentem
409 1559 420 1593 :
454 1551 760 1611 perpetuam
801 1542 1036 1611 quidem,
1069 1557 1136 1596 ue
1174 1541 1226 1594 in
1254 1540 1549 1594 socordiam
1591 1538 1720 1592 inci-

123 1630 398 1697 derenuis,
445 1631 539 1686 sed
571 1646 783 1700 semper
821 1641 874 1685 et
903 1648 1071 1701 usque
1109 1631 1174 1685 ad
1206 1640 1430 1685 mortem
1460 1630 1718 1684 admoniti

127 1721 496 1790 vigilaremus;
538 1736 644 1775 non
686 1719 1018 1792 frequentem
1055 1735 1183 1775 vero
1208 1736 1269 1775 ac
1297 1721 1488 1789 sacpius
1519 1721 1717 1789 repeti-

126 1820 257 1874 tam,
290 1827 356 1866 ne
381 1813 559 1866 animo
596 1813 1020 1876 concideremus,
1051 1812 1145 1867 sed
1172 1822 1227 1866 ut
1256 1812 1479 1866 subinde
1509 1813 1718 1866 relaxa-

128 1904 273 1957 tiuue
318 1901 612 1972 sulatioquc
671 1907 920 1973 qu0piam
983 1915 1236 1973 accepto,
1309 1904 1715 1972 respiraremus.

123 1993 590 2060 Quemadmodum
627 1995 768 2048 enim
795 1995 1016 2049 omnino
1045 2010 1148 2048 non
1177 1995 1359 2050 dolere
1395 1994 1462 2048 de
1489 1993 1719 2063 peccatis

121 2085 342 2138 exitiale
377 2095 479 2148 est,
511 2095 669 2155 atque
708 2089 866 2139 etiam
906 2087 1027 2139 mali
1065 2101 1276 2140 sensqu
1317 2086 1470 2140 nobis
1500 2099 1718 2154 prorsus

122 2173 360 2228 adimit:
407 2175 484 2228 sic
534 2184 587 2228 et
630 2175 828 2245 jugitcr
873 2189 1143 2246 supraque
1181 2175 1396 2228 modum
1445 2175 1495 2228 id
1545 2174 1718 2228 facere

126 2265 345 2318 noxium
363 2275 464 2318 est.

201 2354 363 2408 Dolor
404 2356 702 2410 immodicus
731 2357 939 2411 adducit
968 2359 1240 2412 insaniam.
1265 2387 1338 2397 —
1370 2358 1548 2412 Potest
1575 2357 1718 2411 enim

125 2457 184 2500 et
223 2446 422 2502 doloris
453 2449 732 2503 immodica
773 2449 1077 2520 magnitudo
1112 2449 1418 2520 frequenter
1447 2450 1718 2504 hominem

124 2554 160 2591 a
187 2539 512 2594 naturalibus
539 2542 812 2596 excutiens
834 2543 1097 2606 sensibus,
1129 2544 1362 2596 aninunu
1385 2541 1717 2612 demergere,

125 2640 186 2683 et
212 2629 279 2683 ad
320 2629 542 2685 honesta
571 2633 747 2685 omnia
776 2632 1010 2686 inutilem
1042 2633 1284 2687 reddere.
1345 2633 1640 2701 Eapropter
1667 2641 1721 2686 et

125 2719 257 2774 illud
315 2721 574 2789 providit,
637 2730 692 2775 ut
743 2738 808 2776 ex
866 2723 1155 2776 intervallis
1215 2723 1368 2775 nobis
1419 2723 1722 2776 immineret

123 2813 471 2866 conscientia:
496 2812 815 2882 redargutio,
847 2824 1128 2882 propterea
1156 2813 1296 2882 quod
1327 2823 1408 2866 est
1433 2812 1718 2867 admodum

125 2917 354 2968 Severa,
397 2911 450 2956 ct
497 2903 687 2970 quovis
731 2903 947 2957 stimulo
988 2904 1162 2957 acrius
1188 2919 1420 2973 pungere
1447 2903 1722 2958 consuevit

127 3001 487 3063 peceatorcm.
530 2989 645 3044 Non
670 2993 811 3045 enim
846 3003 967 3046 tunc
989 2993 1195 3058 solum,
1238 3009 1358 3046 cum
1400 2993 1496 3062 ipsi
1530 3009 1722 3062 pecca-

128 3099 273 3146 mus,
301 3083 645 3136 veruinetiam
673 3098 795 3138 cum
825 3085 911 3137 alii
943 3085 1281 3138 committunt
1305 3084 1491 3138 eadem
1512 3126 1526 3149 ,
1552 3086 1717 3140 vehe-

127 3182 341 3226 menter
362 3173 615 3240 insurgit,
659 3189 953 3244 magnaque
991 3176 1331 3229 contentione
1361 3175 1514 3229 nobis
1541 3177 1719 3230 occla-

128 3275 264 3318 mat.
294 3264 423 3319 Nam
459 3276 741 3333 scortator,
773 3267 999 3332 adulter,
1029 3277 1119 3321 aut
1153 3267 1239 3321 fur
1273 3284 1377 3322 non
1408 3268 1566 3322 modo
1599 3285 1719 3323 cum

129 3367 414 3412 accusatur
453 3359 586 3428 ipse,
627 3362 975 3414 verumctiam
1017 3376 1136 3413 cum
1181 3361 1329 3414 audit
1369 3361 1500 3414 alios
1533 3361 1720 3416 eadem

127 3464 294 3504 ausos
329 3452 592 3518 accusari,
625 3452 738 3520 ipse
770 3453 868 3506 sibi
897 3453 1102 3507 videtur
1125 3453 1303 3523 flagris
1330 3455 1461 3508 caedi
1490 3454 1616 3508 dum
1643 3454 1724 3508 in-

128 3552 419 3611 crepantur
446 3545 570 3606 alii,
613 3559 829 3599 suorum
875 3546 1226 3600 admissurum
1261 3547 1629 3612 reminiscens,
1669 3555 1723 3601 et

129 3637 271 3690 alius
297 3638 511 3706 quidem
537 3648 757 3692 vocatur
787 3641 838 3692 in
863 3639 952 3708 jus
973 3681 988 3705 ,
1021 3639 1103 3692 hic
1131 3654 1260 3693 vero
1290 3638 1604 3708 ﬂagellatur,
1636 3639 1722 3692 cui

132 3728 342 3781 nullum
392 3732 593 3784 crimen
641 3730 951 3792 intenditur.
999 3731 1042 3784 si
1091 3731 1247 3784 fuerit
1296 3733 1482 3784 eadem
1538 3746 1718 3785 ausus.

130 3820 592 3888 Quemadmodum
620 3822 670 3875 in
702 3823 926 3876 aliorum
958 3831 1102 3876 recte
1129 3823 1276 3875 factis
1294 3823 1418 3876 dum
1443 3821 1724 3876 laudantur

130 3921 190 3966 et
219 3922 562 3977 coronantur,
607 3913 700 3983 qui
730 3916 915 3967 eadem
962 3928 1084 3967 cum
1115 3913 1243 3982 ipsis
1274 3923 1416 3968 recte
1443 3913 1576 3967 facta
1601 3927 1724 3982 ges-

130 4013 342 4068 serunt,
387 4003 619 4073 gaudent
660 4004 1061 4073 exsultantque,
1102 4005 1250 4073 quasi
1303 4019 1408 4057 non
1453 4004 1526 4057 illi
1557 4005 1724 4073 magis

130 4110 296 4164 quam
325 4095 420 4164 ipsi
444 4094 803 4149 laudarentur.
833 4095 970 4160 Quid
999 4095 1155 4164 igitur
1174 4110 1292 4149 esse
1319 4095 1483 4163 possit
1511 4095 1724 4150 homine

136 4195 420 4254 peccatore
449 4188 694 4242 miserius
715 4228 729 4251 ,
757 4188 844 4257 qui
871 4189 1079 4257 quoties
1107 4196 1424 4241 accusantur
1459 4189 1580 4248 alii,
1613 4187 1725 4255 ipse

131 4278 513 4330 exanimatur‘!
543 4279 767 4343 Contra,
812 4278 936 4348 quid
963 4294 1028 4331 eo
1059 4279 1298 4341 beatius,
1338 4279 1427 4348 qui
1472 4294 1593 4332 cum
1623 4281 1726 4332 vir-

134 4378 253 4423 tute
283 4369 429 4432 vivit,
460 4371 546 4437 riui
569 4369 692 4422 dum
723 4371 1005 4424 laudantur
1033 4370 1142 4435 alii,
1174 4371 1284 4438 ipse
1301 4370 1492 4439 gaudet
1522 4371 1726 4424 laetitia-

132 4477 244 4530 que
271 4461 482 4522 diffluit,
518 4478 580 4514 ex
613 4462 836 4514 aliorum
865 4461 1106 4515 laudibus
1130 4476 1347 4515 suorum
1382 4472 1526 4517 recte
1555 4461 1723 4516 facto-

135 4569 260 4607 rum
287 4554 596 4608 memoriam
623 4554 923 4622 recipiens?
952 4553 1077 4607 llzrc
1101 4563 1222 4606 sunt
1241 4553 1432 4608 divina:
1454 4556 1726 4623 sapientia:

133 4660 326 4714 opera,
385 4645 496 4700 haec
545 4647 779 4698 maxima
820 4645 957 4700 illius
1002 4646 1348 4714 providentia:
1392 4657 1517 4700 sunt
1566 4662 1725 4716 argu-

135 4747 320 4791 menta
347 4754 360 4790 :
383 4737 725 4791 conscientia:
749 4737 1038 4806 increpatio
1063 4752 1212 4792 sacra
1239 4746 1321 4791 est
1345 4752 1540 4792 ancora
1561 4781 1575 4803 ,
1621 4755 1726 4792 non

133 4831 323 4883 siuens
344 4843 442 4881 nos
466 4829 676 4883 tandem
695 4828 746 4882 in
771 4837 1106 4896 peccatorum
1129 4828 1362 4900 demergi
1383 4829 1724 4898 profundum.

132 4918 326 4987 Neque
360 4919 501 4993 enim
531 4935 624 4988 per
653 4918 705 4972 id
739 4929 944 4988 tempus
975 4927 1176 4973 tantum
1203 4935 1310 4989 quo
1333 4933 1545 4990 peccata
1581 4937 1728 4978 com-

134 5010 424 5076 mittimus,
449 5026 631 5064 verum
651 5011 808 5064 etiam
836 5019 956 5080 post
979 5011 1172 5064 multos
1189 5027 1447 5066 annorum
1477 5013 1728 5068 circuitus

134 5103 288 5158 novit
324 5119 422 5159 nos
459 5119 600 5173 stupe
630 5104 821 5158 veteris
865 5105 1151 5158 admonere
1188 5106 1387 5172 peccati
1417 5123 1430 5158 :
1480 5107 1636 5176 idque
1661 5123 1726 5162 ex

136 5196 273 5265 ipsis
299 5196 570 5252 evidenter
593 5197 954 5267 comprobabo
974 5197 1277 5266 Scripturis.

211 5284 432 5341 Invidia:
459 5288 549 5339 vis.
569 5317 638 5326 —
657 5287 1021 5342 Vendidcrunt
1044 5291 1170 5343 olim
1203 5289 1392 5344 fratres
1412 5290 1724 5360 Joseplium,

135 5379 274 5433 nihil
299 5379 515 5448 quidem
554 5378 808 5434 habentes
833 5381 973 5450 quod
1005 5382 1328 5448 incusarent,
1357 5383 1459 5438 sed
1478 5385 1728 5455 quoniam

133 5471 350 5525 viderat
375 5473 580 5526 somnia
621 5473 719 5541 ipsi
762 5473 984 5543 gloriam
1011 5483 1290 5530 venturam
1336 5475 1724 5544 portendentia.

147 5561 430 5629 Videbunt,
476 5562 684 5630 inquit.
731 5564 1016 5634 manipulos
1045 5579 1228 5620 vestros
1253 5565 1520 5620 adorantes
1562 5567 1727 5620 mani-

128 5659 316 5721 pulum
347 5669 511 5708 meum
536 5651 691 5724 (Gen.
721 5655 809 5708 57.
841 5655 920 5724 7).
958 5655 1290 5726 Quamquam
1318 5657 1387 5710 ob
1414 5655 1529 5711 hinc
1552 5655 1731 5712 decuit

132 5746 289 5800 illum
335 5760 550 5801 servare
597 5746 772 5813 potius
795 5787 809 5813 ,
841 5745 981 5816 quod
1033 5747 1192 5802 totius
1242 5747 1455 5804 familiai
1483 5764 1679 5804 corona
1704 5789 1722 5817 ,

1345 322 1430 376 DE
1471 316 1741 374 LAZARO
1781 315 2020 372 CONCIU
2059 318 2144 373 IV.

3275 327 3368 382 it)!
3387 328 3409 380 ι

1821 432 2090 503 totiusque
2131 436 2340 504 generis
2371 435 2535 491 decus
2582 446 2695 491 erat
2739 438 2964 494 futurus.
2995 437 3101 494 Sed
3144 439 3408 510 ejusmodi

1819 537 1906 576 res
1949 533 2034 578 est
2072 523 2267 579 invidia
2299 541 2314 578 :
2350 536 2546 596 pugnat
2570 527 2826 583 adversus
2851 528 3143 586 domestica
3171 532 3370 588 decora
3395 573 3409 592 .

1819 617 2124 685 mavultque
2171 616 2379 672 invidus
2432 622 2710 674 innumera
2758 621 2961 690 perpeti
3011 622 3192 688 mala,
3251 639 3412 694 quam

1820 704 2001 760 videre
2046 707 2344 774 proximum
2379 709 2429 762 in
2461 710 2634 778 pretio
2661 710 2897 764 habitum
2923 752 2936 774 ,
2972 713 3181 767 etiamsi
3226 714 3414 784 gloria

1823 809 1944 862 pars
1973 795 2037 849 ad
2066 797 2236 865 ipsum
2279 798 2350 852 sit
2377 810 2750 868 permanatura
2786 819 2799 855 :
2831 817 2937 872 quo
2963 818 3095 858 sane
3121 805 3246 873 quid
3291 820 3412 861 CS>0

1821 886 1989 955 possit
2033 889 2322 944 miserius?
2345 890 2497 958 Quod
2523 900 2579 946 et
2622 893 2723 946 illis
2749 909 2847 947 usu
2878 895 3022 950 venit
3055 919 3069 956 ε
3101 912 3223 951 cum
3265 899 3410 952 enim

1821 978 2075 1032 vidissent
2131 980 2277 1036 illum
2327 983 2511 1051 procul
2566 985 2904 1051 venientem,
2953 988 3186 1059 ipsisque
3230 991 3409 1046 cibum

1821 1068 2170 1137 alfercntem,
2217 1073 2354 1127 inter
2396 1089 2456 1128 se
2493 1074 2740 1130 dicebant
2791 1095 2804 1130 :
2861 1077 3073 1146 Venire,
3119 1086 3410 1137 occidamus

1819 1173 1955 1225 cum,
1989 1177 2048 1214 ac
2076 1162 2332 1217 videamus
2359 1165 2482 1234 quid
2511 1168 2686 1237 futura
2713 1168 2812 1221 sint
2839 1169 2978 1222 illius
3004 1172 3199 1224 somnia
3252 1171 3406 1240 (Gen.

1821 1250 1910 1303 37.
1941 1252 2012 1306 20
2034 1252 2074 1321 ).
2110 1253 2174 1308 Ut
2206 1254 2421 1310 fratrem
2451 1271 2556 1310 non
2599 1259 2894 1314 reverearis
2917 1301 2932 1326 ,
2965 1275 3136 1329 neque
3166 1272 3408 1316 naturam

1821 1356 2078 1413 agnoscas
2103 1385 2116 1410 ,
2145 1353 2291 1399 certe
2315 1360 2556 1401 mensam
2584 1349 2751 1417 ipsam
2777 1350 3125 1405 conveniebat
3149 1353 3409 1418 revereri,

1822 1433 2103 1504 ipsumque
2132 1435 2411 1490 ministerii
2441 1437 2698 1505 ofﬁcium,
2727 1439 3160 1510 quandoquidem
3187 1441 3412 1497 aliturus

1823 1534 1877 1581 te
1919 1528 2183 1582 veniebat.
2213 1529 2319 1583 Sed
2360 1529 2482 1585 vide
2525 1532 2795 1601 quomodo
2824 1541 2876 1586 et
2922 1522 3285 1603 imprudentes
3314 1550 3414 1587 va-

1822 1617 2130 1672 ticinantur.
2170 1619 2362 1682 Venite,
2395 1621 2659 1692 inquiunt,
2692 1623 2976 1677 occidamus
3004 1641 3137 1692 eum,
3167 1634 3214 1678 el
3240 1626 3411 1680 vidca-

1823 1727 1932 1764 mus
1961 1712 2081 1781 quid
2123 1716 2299 1782 futura
2323 1714 2424 1766 sint
2467 1714 2604 1767 illius
2631 1715 2845 1768 somnia.
2876 1716 3083 1770 Etenim
3117 1719 3216 1771 nisi
3263 1728 3411 1772 stru-

1823 1802 2028 1857 xissent
2073 1804 2310 1870 insidias,
2341 1805 2444 1859 nisi
2491 1805 2642 1860 dolos
2687 1808 3000 1871 tcxuissent,
3031 1817 3082 1863 et
3128 1809 3410 1879 impudens

1824 1893 1952 1947 illud
1995 1895 2278 1949 concilium
2328 1897 2781 1963 eoucinuassent,
2831 1913 3161 1968 nequaquam
3208 1915 3412 1970 cogno-

1824 1983 2026 2038 viSseut
2054 1983 2158 2037 vim
2209 1985 2418 2038 illorum
2462 1987 2812 2040 somniorum.
2844 1986 2959 2042 Non
3005 1989 3147 2043 enim
3191 1991 3413 2059 perinde

1823 2089 2072 2144 magnum
2100 2084 2214 2129 erat
2239 2118 2252 2138 .
2296 2075 2493 2146 .Ioseph
2519 2119 2533 2136 .
2565 2078 2608 2131 si
2638 2077 2769 2131 nihil
2796 2079 2972 2132 acerbi
3000 2094 3190 2148 passus
3227 2089 3408 2149 esset,

1823 2167 2184 2223 conscendere
2211 2167 2458 2223 thronum
2487 2167 2732 2240 Egypti,
2764 2185 2827 2223 ac
2857 2180 2933 2225 tot
2973 2171 3260 2227 obstaculis
3297 2173 3412 2228 dis-

1823 2259 1994 2314 cussis
2011 2301 2025 2327 ,
2053 2258 2195 2314 hunc
2219 2261 2466 2315 eumdem
2492 2262 2701 2333 assequi
2727 2263 3088 2332 Splendorem.
3132 2263 3240 2318 Nisi
3267 2266 3410 2322 enim

1824 2350 1898 2403 illi
1943 2352 2264 2405 struxissent
2309 2351 2568 2420 insidias,
2619 2369 2723 2408 non
2773 2355 3138 2411 vendidissent
3183 2372 3308 2414 eum
3359 2360 3412 2414 in

1823 2441 2114 2515 Egyptum
2147 2462 2160 2497 :
2194 2445 2292 2498 uisi
2320 2445 2370 2499 in
2401 2445 2689 2517 .Egyptum
2721 2447 3126 2515 vendidissent,
3152 2465 3257 2504 non
3287 2452 3416 2505 ada-

1825 2542 2002 2590 matus
2046 2534 2233 2590 fuisset
2275 2535 2344 2589 ab
2383 2535 2510 2590 hera
2543 2551 2557 2588 :
2592 2537 2636 2590 si
2665 2551 2771 2591 non
2816 2536 3003 2593 fuisset
3045 2538 3321 2595 adamatus
3347 2542 3414 2596 ab

1827 2625 1952 2680 hera
1979 2667 1993 2689 ,
2025 2641 2128 2680 nou
2162 2627 2343 2680 fuisset
2371 2627 2646 2696 conjectus
2688 2630 2740 2681 in
2769 2644 3038 2684 careerem
3063 2671 3081 2696 ,
3111 2647 3215 2685 non
3247 2634 3417 2686 inter-

1828 2725 2068 2784 pretatus
2111 2717 2299 2771 fuisset
2342 2719 2547 2771 somnia
2576 2759 2590 2782 ,
2638 2735 2742 2772 non
2790 2734 3012 2788 regnum
3057 2721 3187 2776 illud
3227 2722 3417 2777 fuisset

1825 2817 2144 2876 assequutus
2177 2824 2190 2860 :
2223 2807 2266 2861 si
2295 2823 2400 2861 non
2435 2807 2620 2862 fuisset
2644 2823 2865 2878 regnum
2897 2820 3276 2880 consequutus,
3305 2829 3413 2868 non

1827 2898 2099 2952 venissent
2129 2898 2200 2951 illi
2231 2899 2639 2954 commercaturi
2669 2901 2992 2956 frumentum
3017 2944 3032 2969 ,
3065 2919 3162 2958 nec
3190 2905 3415 2960 adoras-

1826 2998 1962 3043 sent.
1991 2989 2172 3059 Itaque
2187 2990 2438 3059 quoniam
2457 2990 2768 3046 occiderunt
2795 2993 2965 3057 illum,
2983 2994 3052 3048 ob
3069 2994 3169 3049 hoc
3186 2997 3416 3050 maxime

1827 3081 2207 3136 intellexerunt
2233 3083 2376 3136 illius
2406 3084 2632 3138 somnia.
2663 3085 2798 3151 Quid
2829 3087 3018 3155 igitur?
3045 3087 3222 3157 lpsine
3245 3091 3416 3145 bono-

1826 3190 1942 3229 rum
1988 3175 2226 3229 omnium
2268 3190 2387 3245 quce
2419 3186 2536 3246 post
2581 3187 2910 3245 evenerunt,
2944 3179 3191 3249 illiusque
3231 3182 3416 3250 gloria:

1826 3265 2039 3320 fuerunt
2058 3267 2130 3321 illi
2148 3267 2552 3322 conciliatores?
2571 3268 2936 3338 Nequaquam.
2965 3271 3158 3326 Verum
3184 3274 3283 3342 ipsi
3299 3276 3417 3344 qui-

1825 3357 1947 3412 dem
1979 3357 2338 3411 moliebantur
2371 3358 2518 3412 illum
2548 3360 3413 3432 morti,deslieratioui,serviwti,

1827 3449 2057 3502 breviter
2081 3449 2336 3502 extremis
2357 3448 2512 3504 malis
2538 3450 2747 3505 tradere
2780 3468 2792 3503 :
2825 3451 2918 3504 sed
2948 3452 3084 3506 Deus
3112 3454 3304 3509 melior
3329 3472 3418 3510 ar-

1828 3541 1955 3595 tifex
1979 3585 1994 3607 ,
2025 3541 2387 3595 insidiantium
2421 3543 2620 3596 malitia
2650 3544 2700 3596 in
2729 3544 2929 3598 vcnditi
2971 3545 3283 3616 insidiisque
3310 3548 3413 3600 itu-

1827 3635 1973 3702 petiti
1995 3634 2217 3703 gloriam
2242 3650 2367 3687 usus
2389 3643 2490 3688 est.

1899 3724 1952 3777 6.
1992 3724 2068 3778 Ne
2095 3719 2232 3778 vero'
2246 3733 2461 3794 putares
2500 3741 2676 3778 rerum
2712 3737 2965 3789 eventus,
2998 3729 3080 3780 vel
3115 3743 3272 3782 casus
3295 3744 3416 3783 esse

1830 3815 2094 3880 fortuitos,
2127 3815 2208 3868 vel
2238 3817 2304 3867 ab
2333 3815 2681 3868 humanarum
2717 3831 2894 3868 rerum
2925 3817 3096 3870 subita
3127 3821 3418 3874 mutatione

1830 3908 2063 3978 pendere
2092 3927 2103 3963 :
2136 3925 2228 3976 per
2254 3923 2346 3962 eos
2375 3907 2464 3976 qui
2494 3908 2842 3962 adversantur
2871 3949 2888 3975 ,
2919 3925 3014 3978 per
3039 3926 3132 3965 eos
3155 3915 3243 3982 qui
3271 3915 3420 3966 obsi-

1831 4009 1996 4061 stunt,
2012 4009 2260 4068 procurat
2277 4000 2434 4062 Dcus,
2451 4009 2509 4052 ιιι
2525 4015 2610 4052 res
2630 4015 2748 4068 qum
2767 4009 3028 4062 vetantur,
3047 4003 3416 4072 conficiantur,

1829 4091 2057 4145 inimicis
2083 4091 2191 4143 suis
2225 4091 2290 4141 ad
2322 4104 2471 4142 suam
2500 4091 2722 4159 gloriam
2757 4101 2908 4144 utens
2937 4093 3213 4158 ministris,
3253 4106 3309 4148 ut
3335 4098 3420 4149 in-

1832 4185 2036 4254 telligas
2075 4183 2215 4252 quod
2257 4183 2395 4236 Deus
2429 4184 2688 4248 decrevit,
2719 4198 2746 4234 a
2781 4184 2992 4238 nemine
3021 4185 3288 4254 dissipari,
3319 4205 3418 4243 nec

1831 4293 2044 4330 manum
2075 4276 2213 4328 illam
2241 4275 2503 4329 excelsam
2533 4292 2562 4328 a
2589 4290 2852 4345 quoquam
2879 4292 3124 4329 aversum
3150 4279 3209 4332 iri
3241 4298 3252 4330 :
3278 4282 3418 4349 quod

1830 4370 1875 4423 si
1905 4369 2116 4439 quando
2145 4369 2213 4421 ab
2250 4368 2427 4436 aliquo
2470 4368 2664 4435 petaris
2703 4367 2928 4432 insidiis,
2966 4384 3032 4422 ne
3058 4373 3421 4426 consterneris

1830 4464 2029 4527 animo,
2055 4477 2185 4516 neve
2213 4463 2432 4515 moleste
2455 4463 2611 4526 feras,
2635 4461 2727 4515 sed
2753 4462 2892 4514 scire
2922 4463 3095 4529 possis
3123 4464 3340 4518 insidias
3365 4465 3421 4520 iu

1832 4556 2026 4610 bonum
2071 4554 2228 4608 ﬁllt'm
2270 4555 2522 4620 exituras,
2558 4563 2760 4607 tantum
2807 4554 2851 4607 si
2893 4554 3098 4609 fortiter
3136 4555 3272 4611 feras
3301 4573 3422 4627 qum

1831 4647 2100 4702 accidunt.

1907 4737 2125 4790 Eventus
2151 4737 2200 4789 in
2228 4753 2380 4790 manu
2404 4735 2520 4789 Dei.
2551 4764 2620 4774 -—-
2642 4736 2780 4790 Ecce
2804 4735 2888 4789 hic
2923 4751 3133 4807 quoque
3175 4737 3310 4794 livor
3335 4757 3423 4796 re-

1831 4847 1992 4902 gnum
2009 4829 2229 4900 peperit,
2258 4829 2454 4883 invidia
2475 4829 2774 4883 conciliavit
2799 4828 3063 4896 diadema,
3087 4830 3153 4885 ad
3169 4831 3420 4888 thronum

1834 4921 2118 4991 perduxit,
2167 4931 2324 4990 atque
2347 4920 2421 4973 illi
2452 4921 2547 4988 ipsi
2579 4920 2667 4989 qui
2712 4921 2985 4975 struebant
3015 4922 3234 4978 insidias
3273 4928 3425 4979 auxi-

1835 5013 2026 5067 liantcs
2053 5020 2428 5082 promoverunt
2469 5012 2534 5065 ad
2578 5013 2719 5066 illius
2744 5012 2951 5083 imperii
2979 5017 3420 5083 magnitudinem.

1835 5105 1903 5159 Et
1923 5106 1966 5159 is
1987 5103 2198 5174 quidem
2221 5104 2304 5157 cui
2327 5110 2540 5158 structa:
2573 5103 2781 5158 fuerant
2809 5103 3014 5160 insidia:
3045 5121 3266 5176 regnum
3297 5107 3426 5166 ade,-

1837 5206 1958 5266 ptus
1985 5206 2067 5252 est
2093 5214 2106 5250 :
2141 5197 2174 5250 ii
2221 5211 2349 5252 vero
2376 5198 2464 5266 qui
2491 5207 2813 5264 struxerant,
2858 5199 3154 5254 servierunt
3185 5218 3202 5256 :
3234 5201 3428 5255 adora-

1837 5289 1990 5344 batur
2019 5290 2128 5354 ille,
2179 5288 2231 5342 hi
2274 5288 2580 5343 adorarunt.
2628 5289 2804 5359 Itaque
2835 5303 2959 5345 cum
2998 5291 3090 5345 tibi
3134 5290 3425 5346 acciderint

1835 5384 2026 5437 acerba
2053 5382 2411 5450 continuaque
2455 5384 2614 5447 mala,
2646 5397 2714 5436 ne
2745 5383 2973 5438 turberis
2999 5398 3170 5454 neque
3197 5383 3424 5439 moleste

1837 5473 1993 5536 feras,
2023 5473 2115 5528 sed
2163 5483 2382 5544 expecta
2427 5473 2607 5530 linem.
2641 5472 2868 5528 Omnino
2909 5475 3178 5546 continget
3225 5475 3424 5546 aliquid

1837 5563 2084 5618 munifico
2134 5564 2247 5619 Deo
2276 5567 2513 5635 dignum,
2547 5574 2749 5620 tantum
2791 5565 2834 5620 si
2864 5580 2986 5620 cum
3012 5566 3301 5637 gratiarum
3332 5581 3424 5620 ac--

1840 5656 1982 5710 tione
2009 5653 2146 5710 feras
2193 5671 2310 5727 qua:
2339 5657 2586 5712 accidunt
2617 5674 2630 5709 :
2657 5655 3082 5727 quandoquidem
3132 5672 3230 5712 uec
3281 5658 3421 5723 iste,

1839 5761 1960 5804 cum
1987 5745 2076 5802 illa
2106 5749 2443 5818 somniasset,
2469 5766 2585 5805 eum
2619 5751 2668 5804 in
2700 5759 2995 5805 extremum
3021 5750 3306 5805 discrimen
3339 5767 3424 5805 ve-
