3862 6228
454 318 593 376 1015

451 430 638 494 uisset,
669 440 790 482 cum
819 420 1064 478 venditus
1090 434 1120 474 a
1147 419 1417 484 fratribus,
1435 431 1556 473 cum
1583 415 1652 470 ab
1676 415 1804 470 hera
1830 411 2036 470 insidiis

450 520 734 590 appetitus,
765 516 995 586 denique
1013 529 1134 570 eum
1178 514 1233 566 in
1275 525 1546 566 carcerem
1575 515 1719 564 esset
1742 505 2037 574 conjectus,

453 611 663 666 dicebat
679 607 818 678 apud
843 620 966 661 sese
993 621 1006 658 :
1037 603 1159 674 quid
1189 601 1404 657 tandem
1432 601 1534 654 hoc
1556 607 1640 655 est
1666 597 1789 653 rei?
1816 594 2040 650 Ερΐοίιοο

451 713 576 758 runt
606 717 690 756 me
731 701 818 755 illa
845 698 1046 753 somnia
1083 713 1095 749 :
1125 694 1312 750 exsule
1348 708 1378 747 a
1406 692 1595 762 patria,
1624 689 1879 762 spoliatus
1920 701 2037 740 sum

454 794 718 853 libertate,
747 797 966 860 propter
989 788 1152 842 Deum
1185 799 1288 840 non
1309 784 1446 840 cessi
1470 784 1611 838 herae
1635 782 1701 836 ad
1721 779 2038 836 adulterium

453 883 692 939 invitanti
722 899 736 935 :
767 891 985 952 propter
1007 879 1314 948 pudicitiam
1357 892 1421 932 ae
1446 878 1694 933 virtutem
1734 874 1805 930 du
1833 887 2037 943 prunas,

451 990 514 1030 ac
539 990 606 1030 ne
629 975 704 1029 sic
731 972 943 1042 quidem
974 971 1116 1025 ultus
1133 979 1218 1024 est
1235 969 1406 1024 vicem
1431 982 1606 1022 meam
1632 966 1789 1028 Deus,
1813 974 1902 1016 aut
1923 978 2038 1016 ma-

451 1080 578 1118 num
609 1064 864 1133 porrexit,
909 1060 1003 1117 sed
1035 1075 1220 1130 passus
1244 1067 1327 1114 est
1355 1073 1441 1114 me
1469 1056 1602 1112 tradi
1632 1057 1854 1111 vinculis
1881 1069 2039 1123 super

450 1157 552 1210 alia
581 1155 700 1210 aliis
731 1172 746 1209 :
779 1153 1112 1208 calamitates
1146 1151 1446 1206 inciderunt
1497 1157 1784 1218 perpetnte,
1826 1155 1944 1216 post
1965 1145 2039 1198 ci-

451 1259 684 1302 sternam
702 1245 951 1310 servitus,
971 1251 1092 1312 post
1105 1243 1415 1297 servitutem
1435 1240 1659 1302 iusidim,
1681 1247 1800 1308 post
1824 1237 2040 1292 insidias

451 1335 736 1401 calumnia,
761 1342 878 1404 post
901 1334 1440 1387 calumniamcarcer.
1473 1330 1668 1384 Verum
1696 1330 1882 1384 borum
1908 1327 2038 1382 nihil

454 1427 602 1480 illum
629 1424 990 1494 perturbabat,
1017 1423 1112 1478 sed
1144 1423 1520 1492 perseverabat
1547 1422 1598 1474 in
1627 1435 1722 1490 spe
1749 1434 1870 1474 cum
1901 1419 2037 1473 bona

453 1517 665 1580 liducia,
691 1516 866 1570 sciens
903 1514 1044 1584 quod
1069 1530 1190 1584 qute
1219 1515 1356 1569 dicta
1381 1523 1506 1568 sunt
1533 1529 1562 1568 a
1593 1513 1718 1578 Deo,
1751 1527 2038 1584 numquam

457 1605 722 1661 excident.

524 1695 660 1749 Deus
699 1711 858 1766 quare
892 1711 994 1749 non
1050 1694 1219 1748 statim
1267 1695 1416 1764 eripit
1465 1704 1682 1749 sanctos.
1723 1725 1794 1734 —
1831 1694 2044 1749 Poterat

455 1786 667 1855 quidem
716 1787 858 1840 Deus
886 1785 1072 1841 eodem
1102 1787 1262 1841 etiam
1289 1785 1377 1839 die
1416 1786 1513 1840 ista
1561 1785 1837 1854 perlicere,
1869 1785 1961 1839 sed
1991 1795 2049 1840 ut

456 1879 612 1932 simul
633 1886 688 1933 et
708 1893 857 1932 suam
880 1877 1115 1933 declaret
1134 1877 1442 1947 potentiam,
1465 1885 1520 1932 et
1547 1877 1704 1932 fidem
1729 1876 2045 1932 famulorum

457 1985 696 2034 suorum,
725 1970 983 2038 permittit
1001 1970 1226 2024 multum
1250 1969 1505 2038 temporis
1530 1969 1879 2035 intercedere,
1913 1969 2049 2024 mqu

457 2069 616 2130 taque
641 2059 874 2114 incidere
903 2059 1303 2128 impedimenta,
1334 2062 1408 2112 uti
1438 2059 1596 2113 simul
1620 2069 1675 2114 et
1697 2060 1862 2128 ipsius
1886 2059 2051 2114 robur

458 2163 771 2219 cognoscas,
826 2159 936 2202 tum
981 2149 1248 2218 explentis
1303 2150 1581 2219 promissa,
1627 2162 1966 2220 posteaquam
1997 2152 2049 2205 in

455 2238 883 2310 desperationem
905 2238 1130 2295 adducta
1152 2255 1240 2294 res
1257 2250 1360 2302 est.
1381 2250 1434 2294 et
1455 2254 1738 2294 servorum
1760 2243 2052 2310 perspicias

469 2331 804 2386 tolerantiam
829 2345 891 2385 ac
920 2329 1097 2395 fidem,
1128 2345 1263 2400 quos
1291 2331 1423 2385 nihil
1453 2333 1664 2398 horum,
1693 2348 1810 2402 qua:
1842 2333 2054 2388 interim

463 2423 730 2486 accidunt,
767 2438 797 2475 a
848 2422 984 2476 bona
1030 2436 1126 2492 spe
1153 2421 1389 2492 depellit.
1439 2422 1542 2478 Sed
1574 2423 1712 2493 quod
1743 2424 1920 2479 dicere
1948 2438 2057 2480 ete-

470 2531 676 2585 peram,
719 2517 915 2571 reversi
959 2525 1084 2571 sunt
1128 2517 1236 2582 isti,
1291 2515 1430 2571 fame
1462 2517 1578 2571 illos
1617 2517 1776 2571 veluti
1805 2518 2056 2574 carniﬁce

467 2609 766 2677 prmcipites
793 2609 1023 2678 agitante
1051 2649 1066 2672 ,
1120 2619 1175 2664 et
1228 2609 1449 2680 principi
1480 2609 1677 2680 .loseph
1721 2610 2013 2667 exhibente

464 2701 712 2755 volebant
740 2717 922 2756 emere
970 2700 1296 2756 frumentum
1326 2720 1338 2754 :
1370 2703 1456 2758 hic
1502 2714 1677 2758 autem
1721 2707 1792 2760 ait
1845 2706 1910 2759 ad
1939 2722 2054 2772 eos,

467 2790 830 2862 Exploratores
876 2793 992 2847 estis
1045 2791 1213 2864 (Gen.
1245 2793 1334 2847 42.
1363 2793 1452 2865 9).
1486 2794 1564 2848 Illi
1590 2795 1729 2863 apud
1766 2811 1883 2851 sese
1910 2799 2057 2852 dice-

467 2882 617 2944 bant,
635 2884 884 2952 quidnam
918 2887 1017 2937 hoc
1041 2892 1123 2938 est
1144 2884 1444 2940 ?A|imenta
1465 2893 1700 2955 emptum
1719 2888 1978 2954 venimus,
2003 2899 2057 2944 et

467 2972 536 3029 de
562 2974 666 3028 vita
701 2975 1062 3044 periclitamur
1087 2976 1110 3028 Ἰ
1141 2975 1329 3029 Merito
1359 2994 1372 3030 :
1406 2975 1837 3048 quandoquidem
1876 2991 1934 3034 et
1963 2981 2054 3035 ille

471 3067 622 3121 vobis
647 3067 949 3124 alimoniam
971 3067 1246 3132 afferebat,
1269 3067 1441 3139 deque
1461 3071 1566 3123 vita
1597 3071 1922 3140 periclitatus
1951 3083 2053 3128 est.

467 3157 733 3213 Caeterum
764 3159 854 3214 ille
882 3159 1095 3228 quidem
1118 3175 1244 3215 vere
1264 3175 1449 3230 passus
1475 3170 1595 3227 est;
1633 3177 1729 3217 vos
1754 3172 1928 3218 autem
1956 3165 2057 3220 hoc

469 3266 563 3320 per
593 3251 986 3304 simulationem
1026 3250 1287 3320 patimini.
1314 3250 1428 3305 Non
1460 3253 1600 3306 enim
1644 3254 1890 3308 inimicus
1920 3265 2054 3322 erat,

470 3341 564 3395 sed
606 3341 800 3395 inimici
851 3356 1132 3409 personam
1181 3351 1584 3411 assumpserat,
1623 3345 1826 3414 utquid
1872 3347 1922 3399 in
1969 3362 2058 3415 pa-

473 3443 620 3486 terna
655 3429 848 3485 familia
889 3441 1135 3500 ageretur
1171 3432 1236 3486 ad
1275 3433 1486 3502 plenum
1520 3447 1884 3506 cognosceret.
1917 3439 2060 3504 Quo-

473 3524 616 3577 niam
653 3523 794 3576 enim
824 3523 966 3577 circa
1013 3523 1185 3591 ipsum
1228 3524 1452 3592 improbi
1497 3525 1792 3596 ingratique
1832 3527 2058 3595 fuerant,

472 3613 745 3682 Benjamin
788 3621 963 3667 autem
995 3629 1114 3666 cum
1146 3615 1277 3683 ipsis
1307 3630 1411 3668 non
1452 3616 1660 3672 viderat
1686 3659 1700 3683 ,
1749 3620 1948 3674 veritus
1993 3621 2062 3678 de

475 3719 638 3774 puero
667 3720 735 3760 ne
757 3704 968 3774 quando
986 3714 1040 3759 et
1064 3706 1149 3759 ille
1179 3705 1365 3761 eadem
1387 3723 1505 3776 qua:
1528 3707 1690 3764 frater
1710 3724 1898 3778 passus
1925 3711 2060 3767 fnis-

474 3805 575 3860 set,
599 3795 751 3866 jubet
781 3812 944 3850 unum
973 3813 1036 3851 ex
1065 3797 1166 3851 illis
1195 3798 1425 3852 vinctum
1457 3800 1563 3853 illic
1595 3796 1846 3870 detineri,
1872 3802 2063 3858 deinde

477 3887 599 3941 illos
634 3896 846 3958 sumpto
875 3888 1018 3942 omni
1047 3888 1627 3955 lrumentodiseedere,
1674 3902 1902 3947 mortem
1951 3895 2058 3950 illis

475 3978 852 4042 comminatus,
885 3978 983 4032 nisi
1013 3977 1230 4033 fratrem
1256 3995 1410 4034 suum
1439 3980 1784 4037 adducerent.
1812 3983 1934 4038 llzec
1965 3985 2060 4054 igi-

477 4077 565 4126 tur
592 4068 678 4122 ubi
703 4068 836 4122 facta
863 4077 1005 4135 sunt,
1028 4068 1162 4123 dixit
1191 4071 1295 4124 illis
1322 4089 1336 4125 :
1369 4071 1674 4142 Relinquite
1697 4075 1924 4145 aliquem
1957 4076 2062 4143 hic,

474 4169 534 4215 et
569 4159 783 4214 fratrem
811 4170 1044 4215 vestrum
1074 4161 1357 4216 adducite:
1383 4165 1463 4218 sin
1505 4166 1700 4232 minus,
1741 4169 2059 4226 moriemini.

477 4251 617 4317 Quid
643 4260 750 4306 tttm
777 4252 918 4306 inter
943 4267 1000 4307 se
1019 4253 1368 4322 loquebantur
1393 4256 1466 4308 illi
1490 4256 1514 4308 ?
1535 4257 1778 4312 Profecto
1805 4259 1917 4314 haec
1941 4263 2060 4330 jure

478 4343 632 4400 nobis
675 4343 961 4399 accidunt:
1004 4359 1125 4398 nam
1178 4346 1230 4399 in
1271 4347 1500 4415 peccatis
1539 4364 1721 4404 sumus
1749 4393 1763 4414 ,
1802 4351 1868 4406 de
1898 4353 2060 4409 fratre

477 4444 662 4489 nostro
685 4450 803 4488 cum
831 4445 1040 4504 rogaret
1064 4449 1180 4490 nus.
1207 4436 1364 4491 Vides
1389 4447 1777 4507 postquantum
1807 4445 2060 4512 temporis

480 4527 681 4594 peccati
722 4526 864 4580 illius
904 4526 1362 4580 recordabantur?
1396 4527 1459 4580 Et
1495 4529 1560 4582 ad
1611 4539 1812 4598 patrem
1847 4533 2058 4601 quidem

479 4615 756 4671 dixerant:
787 4614 836 4668 F
837 4632 921 4667 era
943 4615 1157 4684 pessima
1178 4617 1428 4670 devoravit
1448 4617 1636 4688 Ioseph
1661 4616 1813 4688 (Gen.
1831 4618 1920 4677 37.
1939 4622 2054 4692 3'5).

481 4709 747 4762 (la-terum
770 4708 884 4776 ipso
910 4706 1107 4776 .losepb
1134 4720 1396 4778 praesente
1415 4711 1765 4782 audienteque
1786 4724 2059 4784 peceatum

481 4813 636 4852 suum
679 4797 996 4864 prodebant.
1045 4797 1181 4866 Quid
1233 4802 1331 4854 hac
1381 4816 1440 4856 re
1487 4802 1779 4859 mirabilius
1819 4807 2060 4864 accidere

481 4889 699 4958 possit?
731 4888 995 4944 Iudicium
1040 4890 1240 4960 absque
1269 4891 1726 4963 redargntionibns
1770 4899 2056 4967 peragitur,

481 5000 491 5026 ι
515 4988 532 5030 ι
559 4977 828 5032 excusatio
855 4980 970 5032 sine
1004 4981 1361 5048 accusatione,
1403 4983 1645 5052 probatio
1671 4985 1786 5039 sine
1816 4989 2057 5054 testibus,

482 5071 606 5121 dum
633 5067 755 5137 ipsi,
782 5066 873 5137 qui
903 5066 1110 5122 facinus
1141 5080 1473 5140 peregerant,
1491 5073 1694 5140 seipsos
1719 5075 2058 5145 redarguunt,

479 5155 730 5226 quodque
761 5156 895 5210 clam
937 5156 1128 5211 factum
1168 5157 1358 5224 fuerat,
1404 5160 1653 5218 efferunt.
1692 5165 1822 5232 Quis
1847 5181 2064 5235 persua-

510 5267 2279 5296 mm;

1769 5285 2011 5295 .—

1454 5335 1558 5393 AD
1601 5335 2012 5412 HOMILIAM
2060 5337 2160 5401 DE
2199 5338 2798 5400 DORMIENTIBUS

570 5416 965 5486 Chrysostomo
1017 5417 1157 5472 dure
1216 5419 1358 5472 hanc
1413 5420 1692 5475 homiliatn
1763 5419 2066 5477 secundum

498 5504 735 5566 quatuor
764 5494 884 5548 illas
929 5493 997 5548 de
1024 5494 1235 5550 Lazaro
1267 5502 1478 5567 priores
1505 5498 1779 5569 ponimus.
1833 5500 1892 5555 ld
1941 5518 2071 5556 vero

496 5589 608 5627 non
653 5573 816 5626 modo
847 5576 1112 5642 temporis
1139 5576 1489 5646 ordinisque,
1527 5578 1624 5632 sed
1680 5579 1845 5632 etiam
1901 5595 2070 5651 argn-

498 5652 666 5705 tuenti
704 5651 843 5704 ratio
902 5653 1160 5720 postulat.
1221 5652 1353 5708 Nam
1400 5665 1522 5725 post
1570 5665 1804 5726 quatuor
1849 5659 1970 5713 illas
2002 5661 2071 5716 de

501 5727 710 5781 Lazaro
740 5744 798 5783 se
827 5729 967 5783 hanc
1006 5743 1407 5802 consequenter
1448 5735 1652 5791 dixisse
1693 5739 1850 5791 initio
1891 5740 2071 5795 deela-

502 5811 588 5856 tat
629 5805 764 5874 ipse.
797 5805 917 5861 Dies
955 5818 1183 5877 quatuor
1226 5812 1280 5866 in
1326 5813 1638 5883 explicanda
1697 5817 1838 5870 vobis
1876 5816 2071 5872 Lazari

1193 308 1251 363 S.
1291 303 1567 363 JOANNIS
1605 295 2078 357 CIIRYSOSTOMI
2120 293 2436 376 ARCIllEP.
2478 293 3014 354 CONSTANTINOP.

3638 294 3756 352 «θη

2171 409 2273 466 sit?
2293 409 2424 480 Quis
2454 411 2632 483 adegit
2653 412 2705 467 in
2733 412 3001 482 publicum
3028 411 3238 480 ell'erre,
3267 427 3384 484 qum
3410 425 3542 470 ante
3573 425 3756 468 tantum

2171 503 2427 572 temporis
2441 511 2645 573 patrata
2660 498 2822 557 sunt?
2845 505 3034 558 Annon
3063 503 3398 574 perspicuum
3421 514 3508 559 est
3531 505 3638 559 hnc
3655 508 3756 558 adu-

2171 593 2314 662 gisse
2337 594 2736 659 conscientiam,
2769 594 3023 663 judicem,
3051 595 3134 649 cui
3161 595 3319 649 verba
3355 595 3472 650 dari
3507 610 3620 648 non
3652 611 3756 664 pos-

2175 695 2338 748 sunt;
2369 699 2488 753 qme
2522 684 2735 739 assidue
2771 685 3106 740 coucutiebat
3131 686 3339 739 illorum
3371 689 3754 751 mentem,ani-
3819 684 3825 706 ‘

2175 791 2425 845 mumque
2453 776 2697 830 turbabat
2721 777 2745 831 ?
2774 775 2840 831 Et
2866 776 2956 832 ille
2977 777 3186 830 occisus
3215 787 3339 831 tunc
3366 777 3601 833 sedebat
3623 781 3759 834 tacite

2171 865 2416 936 judicans
2453 867 2570 922 illos
2595 883 2611 920 :
2636 882 2866 936 eumque
2902 868 3044 922 nulla
3089 869 3352 924 sententia
3380 869 3433 924 in
3463 870 3620 940 ipsos
3639 883 3759 924 esset

2181 960 2538 1028 pronuntiata,
2563 959 2663 1028 ipsi
2706 959 3168 1014 condemnationis
3209 960 3474 1015 calculum
3516 960 3762 1016 adversus

2179 1064 2299 1104 sese
2327 1048 2584 1104 ferebant.
2615 1049 2681 1104 Et
2705 1049 2788 1103 isti
2807 1049 3022 1119 quidem
3047 1051 3160 1103 haec
3183 1049 3464 1105 dicebant:
3491 1051 3639 1105 alius
3653 1067 3764 1104 vero

2179 1155 2300 1196 sese
2321 1140 2630 1206 excusabat,
2657 1139 2840 1196 dicens
2866 1159 2880 1195 :
2914 1139 3100 1195 Nonne
3119 1141 3226 1194 dixi
3245 1141 3313 1194 ad
3328 1156 3414 1194 vos
3438 1142 3514 1194 ita
3535 1143 3765 1209 loquens:

2185 1231 2268 1286 Ne
2296 1231 2492 1286 ltedatis
2526 1249 2756 1300 puerum.
2784 1247 2904 1285 neue
2941 1232 3217 1302 quidquam
3262 1234 3384 1286 inali
3415 1233 3494 1287 illi
3523 1234 3726 1302 faciatis
3749 1276 3761 1299 ,

2181 1322 2417 1392 quoniam
2453 1322 2613 1392 frater
2635 1331 2805 1376 noster
2828 1332 2899 1376 est
2922 1338 2941 1375 :
2969 1335 3014 1375 et
3044 1337 3153 1374 ecce
3190 1339 3322 1375 nunc
3365 1324 3582 1392 sanguis
3620 1324 3764 1391 ipsius

2179 1413 2461 1484 exquiritur
2484 1413 2548 1467 de
2573 1413 2802 1467 manilius
2827 1412 3053 1467 nostris?
3076 1411 3225 1483 (Gen.
3248 1412 3336 1467 42.
3366 1413 3487 1482 29.).
3527 1416 3761 1468 Attamen

2181 1505 2230 1559 is
2254 1505 2341 1574 qui
2372 1504 2490 1559 haec
2507 1504 2736 1570 dicebat,
2765 1504 2891 1558 nihil
2915 1504 2980 1559 de
2999 1505 3145 1560 cazde
3166 1514 3256 1559 aut
3279 1503 3662 1560 interfectione
3690 1506 3765 1560 illa

2182 1597 2387 1652 dixerat
2412 1614 2426 1651 :
2454 1611 2635 1652 verum
2659 1611 2726 1650 ne
2765 1595 2879 1665 ipse
2901 1595 3114 1665 quidem
3145 1595 3335 1650 sedens
3355 1595 3658 1664 quidquam
3679 1597 3769 1650 tale

2181 1689 2476 1759 qumrebat,
2530 1688 2623 1745 sed
2666 1688 2828 1744 alium
2875 1689 3090 1742 fratrem
3134 1687 3486 1756 requirebat:
3541 1687 3770 1755 ipsorum

2183 1791 2357 1838 tamen
2378 1783 2700 1838 conscientia
2727 1797 2826 1853 per
2844 1781 3075 1838 oblatam
3096 1784 3430 1838 occasionem
3456 1782 3769 1843 insurresit,

2183 1875 2570 1946 momorditqne
2611 1875 2826 1930 illorum
2873 1875 3113 1941 animos,
3159 1875 3423 1939 efficiens,
3455 1884 3519 1929 ut
3569 1876 3773 1930 nemine

2183 1967 2558 2037 compellente,
2603 1980 2699 2021 sua
2736 1966 3114 2022 confiterentur
3166 1962 3438 2023 facinora.
3480 1964 3698 2021 Eadem
3732 1977 3773 2018 t-t

2185 2060 2336 2115 nobis
2354 2060 2599 2116 accidunt
2620 2061 2671 2114 in
2703 2060 2934 2128 peccatis
2958 2057 3256 2128 praeteritis.
3286 2057 3418 2112 Cum
3451 2058 3610 2112 enim
3636 2060 3773 2112 malis

2182 2165 2280 2205 nos
2291 2151 2754 2206 circumstantibus
2769 2149 3162 2216 exaniinamur,
3176 2149 3409 2219 priorum
3434 2160 3773 2219 peccatorum

2184 2243 2590 2297 reminiscimur.

2255 2336 2304 2388 7.
2351 2335 2476 2389 llaec
2516 2336 2672 2406 igitur
2698 2335 2879 2389 orantia
2907 2349 3028 2390 eum
3067 2335 3318 2400 sciamus,
3349 2332 3443 2388 ubi
3471 2333 3614 2406 quid
3646 2336 3777 2408 pravi

2177 2428 2526 2496 gesserimus,
2551 2441 2618 2482 ne
2645 2435 3014 2496 exspectemus
3037 2425 3368 2482 calamitates
3401 2429 3777 2498 malorumque

2178 2520 2471 2584 incursum,
2505 2531 2676 2587 neque
2697 2517 2952 2587 pericula,
2975 2533 3150 2588 neque
3176 2518 3408 2583 vincula,
3432 2519 3537 2573 sed
3564 2521 3777 2590 singulis

2176 2619 2232 2663 et
2259 2608 2406 2663 horis
2439 2617 2493 2663 et
2511 2609 2702 2662 diebus
2736 2621 3055 2663 reuovemus
3096 2608 3232 2678 apud
3270 2623 3369 2662 nos
3392 2609 3549 2678 ipsos
3575 2611 3679 2664 hoc
3701 2611 3776 2679 ju-

2178 2698 2401 2764 dicium,
2458 2699 2774 2753 sententiam
2799 2698 3051 2753 adtersus
3073 2713 3170 2753 nos
3195 2699 3338 2767 ips«s
3363 2698 3647 2764 feramus,
3679 2717 3778 2754 om-

2181 2792 2338 2860 nique
2363 2791 2520 2846 modo
2547 2805 2803 2846 conemur
2831 2792 2940 2845 Deo
2966 2807 3062 2845 nos
3092 2807 3337 2862 purgare,
3366 2807 3435 2845 ac
3471 2810 3664 2862 tneque
3693 2796 3778 2864 ipsi

2178 2882 2246 2936 de
2266 2882 2655 2936 resurrectione
2675 2881 2846 2952 deque
2863 2882 3064 2950 judicio
3088 2883 3414 2945 dubitemus,
3441 2898 3635 2953 neque
3659 2888 3779 2937 alios

2182 2982 2251 3025 tta
2281 2971 2557 3041 loquentes
2579 2971 2835 3035 feramus,
2861 2971 2953 3026 sed
2981 2972 3152 3026 n‘odis
3171 2971 3420 3025 omnibus
3449 2988 3554 3041 per
3580 2989 3647 3027 ea
3678 2991 3779 3042 qua:

2180 3062 2319 3118 dicta
2341 3071 2483 3126 sunt,
2507 3061 2615 3116 illis
2641 3061 2949 3117 obturemus
2978 3077 3058 3117 os.
3091 3062 3219 3116 Nam
3251 3062 3295 3115 si
3339 3063 3452 3117 illic
3481 3079 3604 3118 non
3644 3081 3777 3118 esse-

2182 3153 2485 3210 musdaturi
2509 3169 2692 3224 poenas
2707 3155 3082 3219 admissnrmn,
3109 3155 3243 3208 Deus
3261 3171 3618 3225 nequaquam
3644 3160 3776 3212 nobis

2183 3245 2269 3301 hic
2295 3246 2656 3301 constituisset
2684 3246 2792 3301 tale
2825 3245 3102 3314 judicium.
3141 3245 3244 3300 Sed
3276 3255 3324 3299 et
3356 3245 3463 3299 hoc
3499 3248 3688 3316 ipsum
3712 3261 3778 3301 ea

2189 3339 2329 3394 illius
2354 3337 2694 3408 benignitatis
2728 3336 2996 3392 indicium.
3037 3336 3294 3404 Quoniam
3320 3339 3466 3391 enim
3500 3347 3642 3393 tunc
3667 3353 3780 3393 esa-

2185 3441 2369 3485 cturus
2411 3439 2495 3485 est
2540 3443 2572 3484 a
2608 3428 2762 3483 nobis
2797 3429 3056 3483 rationem
3085 3429 3425 3491 delictorum,
3457 3429 3702 3483 instituit
3737 3434 3779 3482 iu

2186 3521 2338 3576 nobis
2386 3520 2526 3574 hunc
2577 3520 2804 3588 iudicem
2845 3519 3341 3586 incorruptibilem,
3391 3528 3451 3572 ut
3497 3521 3550 3574 is
3602 3522 3691 3576 hic
3726 3522 3780 3574 de

2186 3612 2486 3668 commissis
2507 3612 2659 3667 nobis
2697 3610 2956 3680 judicium
2980 3609 3225 3671 reddens.
3271 3610 3781 3682 emendatioresquc

2187 3705 2411 3772 faciens,
2455 3720 2520 3760 ex
2545 3705 2636 3758 illo
2674 3704 2865 3774 eripiat
2905 3702 3143 3773 judicio:
3174 3702 3313 3771 quod
3349 3713 3406 3756 et
3440 3703 3655 3759 Paulus
3681 3706 3780 3758 ait:

2192 3794 2333 3850 Nam
2353 3797 2399 3851 si
2449 3798 2776 3863 nosmetipsos
2787 3791 3160 3864 iudicaremus:
3177 3810 3277 3848 non
3306 3795 3485 3862 utique
3514 3797 3778 3866 judicare-

2191 3905 2352 3942 mura
2373 3885 2796 3958 Domino(l.Cor.
2814 3886 3020 3949 H.3l).
3039 3885 3108 3941 Ut
3137 3885 3294 3955 igitur
3331 3900 3514 3954 neque
3548 3895 3668 3941 tum
3693 3903 3782 3956 pn-

2191 3978 2421 4044 niamur,
2451 3992 2620 4046 neque
2663 3987 2773 4031 tum
2815 3990 2997 4045 pinnas
3021 3975 3229 4041 demus,
3274 3975 3325 4028 in
3372 3990 3536 4029 suam
3565 3977 3785 4046 quisque

2193 4069 2570 4124 conscientiam
2619 4066 2963 4136 ingrediatur,
3013 4068 3281 4135 vitamque
3322 4067 3570 4135 explicet
3602 4087 3616 4120 :
3647 4085 3773 4123 cun-

2193 4160 2399 4228 ctisque
2430 4158 2728 4213 commissis
2746 4157 3030 4227 diligenter
3047 4157 3282 4211 excussis
3306 4156 3652 4214 condemnet
3675 4160 3786 4212 ειν

2194 4265 2333 4304 mam
2357 4289 2374 4314 ,
2429 4264 2547 4318 qua:
2589 4248 2705 4303 lucc
2742 4249 2997 4317 patravit,
3033 4247 3316 4318 puniatque
3356 4248 3786 4319 cogitationem,

2189 4341 2407 4411 affligat,
2439 4342 2744 4410 crucietque
2771 4355 2921 4394 suam
2967 4341 3132 4409 ipsius
3173 4348 3434 4405 mentem,
3457 4344 3784 4411 supplicium

2188 4451 2219 4490 a
2245 4435 2423 4506 seipse
2461 4435 2635 4504 exigat
2670 4448 2764 4502 pro
2809 4431 3056 4502 peccatis,
3100 4446 3198 4502 per
3235 4430 3784 4495 condemnationem.

2193 4542 2286 4596 per
2310 4527 2590 4597 diligenter
2615 4537 2785 4580 actam
2813 4523 3197 4594 pteuilentiam,
3238 4538 3334 4594 per
3364 4521 3680 4592 lacrymas,
3706 4541 3787 4595 pd

2190 4619 2598 4684 confessionem,
2643 4633 2740 4688 per
2773 4617 3053 4686 jejunium,
3102 4631 3195 4684 per
3232 4615 3674 4685 eleemosynam,
3709 4633 3788 4686 per

2189 4710 2569 4766 continentiam
2593 4725 2656 4764 ac
2681 4709 2978 4770 caritatem,
3007 4717 3066 4762 ut
3109 4705 3374 4774 possimus
3411 4720 3624 4760 omnes
3651 4709 3790 4762 omni

2190 4804 2350 4858 modo
2391 4803 2478 4858 hic
2519 4801 2771 4870 depositis
2798 4799 3026 4870 peccatis
3043 4798 3207 4852 multa
3237 4794 3357 4851 cum
3404 4796 3620 4852 ﬁducia
3674 4800 3790 4852 illuc

2190 4895 2666 4964 proficiscizquam
2708 4891 2862 4947 nobis
2915 4889 3162 4945 omnibus
3201 4889 3476 4957 contingat
3527 4892 3788 4959 assequi.

2187 4987 2354 5056 gratia
2382 5001 2444 5040 ac
2469 4985 2791 5054 benignitate
2820 4981 3028 5037 Domini
3059 4980 3225 5034 nostri
3252 4979 3380 5033 Jesu
3404 4978 3649 5044 Christi,
3682 4983 3790 5048 qui-

2185 5094 2307 5132 cum
2337 5077 2478 5131 Patri
2503 5087 2558 5132 et
2595 5084 2780 5130 saneto
2819 5074 3018 5144 Spiritu
3047 5073 3237 5143 gloria,
3281 5072 3330 5124 in
3363 5073 3578 5125 smcnla
3610 5089 3785 5126 δωρη-

2183 5168 2373 5223 lorum.
2407 5171 2592 5222 Amen.

3064 5273 3320 5284 ιον-α..-

3328 5277 3664 5294 h

2567 5285 2858 5297 *—

2864 5275 3664 5294 ____._._.._____________

2175 5425 2434 5494 parabola
2461 5428 2902 5510 consumpsimus.
2939 5427 3128 5510 Neque
3151 5441 3328 5510 tamen
3372 5450 3433 5491 se
3463 5453 3778 5510 argumen-

2178 5512 2291 5558 tum
2333 5513 2567 5584 tnutare,
2604 5505 2704 5584 sed
2735 5505 2923 5584 eodem
2973 5508 3090 5576 ipso
3154 5509 3411 5567 insistere
3448 5505 3774 5584 profitetur.

2175 5583 2498 5662 cumdicit:
2541 5580 2640 5636 Ille
2665 5583 2728 5635 de
2757 5581 2970 5637 Lazaro
3021 5587 3351 5657 evangelirus
3397 5580 3605 5647 cantus
3652 5595 3771 5662 fuit.

2175 5660 2260 5712 hic
2285 5661 2607 5730 apostolicus
2639 5677 2840 5726 sonus;
2899 5667 2988 5716 sed
3022 5683 3152 5718 unus
3197 5676 3270 5719 est
3301 5683 3604 5726 concentus
3631 5660 3662 5726 :ﬁ
3705 5673 3768 5722 si-

2173 5740 2383 5808 quidem
2421 5743 2474 5793 in
2510 5741 2604 5794 illa
2643 5744 2898 5810 paralrola
2939 5747 3104 5797 multa
3157 5745 3220 5798 de
3265 5754 3671 5804 resurrectione
3725 5761 3766 5800 tt

2177 5821 2238 5874 de
2269 5820 2362 5873 illo
2396 5820 2654 5875 tribunali
2683 5822 3040 5878 ultilosouhati
3092 5842 3316 5893 sanans;
3378 5845 3528 5882 nunc
3568 5835 3625 5883 in
3691 5835 3762 5881 ie-
