3828 6226
189 307 323 360 1617

1375 287 1466 344 DE
1500 285 1775 341 LAZARU
1811 287 2056 344 CONClO
2119 290 2182 344 γ.

3289 287 3425 346 “HS

912 773 1096 881 ΙΝ
1154 775 1434 880 DIC
1448 775 1745 884 TUM

1856 770 2260 881 ,ΑΡοὸ
2279 767 2647 877 TOLI
2699 764 2824 872 (⁰)ῖ

247 1106 326 1146 or:
372 1106 846 1152 DORMIENTIBUS
893 1111 1110 1155 AUTEM
1153 1113 1315 1155 nom
1360 1115 1476 1157 vos
1518 1114 1874 1168 IGNORABE,
1921 1115 2206 1156 FRATBES
2254 1096 2310 1174 (l
2359 1095 2565 1155 Thess.
2615 1093 2672 1153 lt.
2723 1094 2845 1173 19.),
2893 1113 2972 1152 ET
3005 1111 3062 1152 IN
3109 1110 3218 1152 σοι)
3265 1109 3343 1154 ιιι-

1633 1215 1956 1258 ΔΒΒΔΠᾹΜ.

236 1854 286 1906 Ι.
331 1853 451 1907 Dies
481 1863 707 1922 quatuor
737 1855 787 1908 in
819 1855 1126 1925 explicanda
1153 1859 1301 1914 vobis
1324 1859 1505 1913 Lazari
1525 1859 1748 1930 parabo-

164 1943 214 1995 la
243 1943 691 2012 consun-rpsimus,
747 1945 1158 2017 thesaurumque
1191 1950 1556 2015 exhausimus,
1588 1965 1746 2019 quem

163 2034 464 2088 invenimus
491 2035 542 2088 in
582 2050 805 2105 corpore
835 2036 1106 2092 ulceribus
1132 2047 1370 2094 scatcntc
1396 2058 1407 2092 :
1438 2042 1743 2094 thesaurum

163 2126 214 2177 in
240 2142 344 2194 quo
372 2141 469 2179 nec
494 2143 704 2192 aurtnu,
725 2142 822 2181 nec
845 2138 1142 2197 argentum,
1171 2144 1270 2183 nec
1299 2130 1498 2198 lapides
1530 2129 1745 2198 pretiosi

161 2218 365 2270 inerant
388 2233 402 2281 ;
431 2217 522 2270 sed
549 2217 908 2288 philosophia,
938 2218 1212 2284 fortitudo,
1236 2221 1510 2288 patientia,
1536 2221 1748 2289 ingens-

159 2325 262 2377 que
296 2312 708 2376 perseverantia.
741 2310 1196 2377 Quemadmodum
1228 2311 1370 2366 enim
1404 2312 1456 2364 iu
1484 2310 1748 2365 thesauris

158 2399 257 2451 sub
273 2415 484 2452 sensum
502 2400 812 2454 cadentibus
837 2402 1113 2472 contingit,
1133 2412 1191 2456 ut
1205 2418 1263 2456 su
1272 2403 1508 2471 perﬁcies
1537 2416 1744 2470 Sputas,

159 2490 386 2543 tribulos
426 2491 772 2560 aSperiusque
796 2493 966 2545 solum
999 2508 1107 2561 pra:
1127 2508 1186 2546 se
1217 2493 1379 2558 ferat,
1398 2494 1440 2546 si
1472 2493 1592 2562 quis
1620 2506 1747 2544 vero

157 2580 315 2632 altius
343 2588 534 2633 terram
566 2581 828 2646 ell'oderil,
857 2598 1062 2651 magna:
1091 2582 1283 2636 adsunt
1317 2584 1513 2636 divitia)
1538 2601 1551 2648 ;
1590 2583 1667 2636 sic
1693 2591 1748 2636 et

158 2672 210 2725 in
243 2673 440 2726 Lazaro
467 2674 685 2741 contigit
710 2691 723 2738 ;
750 2673 876 2727 foris
900 2675 1141 2741 vulnera,
1171 2677 1315 2729 intus
1337 2675 1532 2728 divitia:
1558 2677 1741 2743 ingen-

159 2773 271 2817 tes:
298 2779 491 2832 corpus
534 2766 845 2829 resolutum,
879 2764 1032 2819 fortis
1055 2765 1285 2834 vigilque
1319 2765 1527 2818 animus
1556 2783 1567 2817 :
1599 2764 1745 2818 vide-

157 2867 321 2922 reque
350 2863 462 2907 erat
490 2853 689 2907 dictum
719 2857 1065 2922 apostolicum
1109 2855 1207 2908 hac
1245 2856 1295 2908 in
1325 2870 1381 2908 re
1423 2855 1695 2923 impletum
1729 2872 1742 2908 :

160 2943 418 3008 Quantum
451 2951 680 2996 externus
715 2944 863 2997 homo
905 2945 1262 3014 corrumpitur,
1289 2954 1484 2997 tantum
1521 2945 1745 2998 internus

157 3043 426 3085 renovatur
454 3033 529 3102 (‘2.
557 3032 672 3086 Cor.
703 3034 755 3088 4.
790 3035 902 3103 16).

228 3125 416 3177 Contra
470 3125 1006 3182 Manichteos.—Ac
1060 3129 1251 3183 licebat
1302 3129 1516 3198 quidem
1578 3129 1741 3182 etiam

157 3216 318 3271 hodie
341 3217 476 3270 hanc
506 3219 810 3286 parabolam
841 3229 1086 3284 tractare,
1120 3231 1172 3273 et
1203 3236 1321 3273 cum
1346 3221 1612 3274 literetieis
1643 3235 1743 3288 pu-

157 3323 344 3377 gnare,
393 3308 480 3377 qtti
527 3318 677 3361 vetus
709 3309 1109 3363 Testamentum
1155 3309 1475 3379 vituperant,
1523 3312 1746 3380 patriar-

158 3401 286 3453 chas
337 3413 626 3465 accusant,
673 3414 727 3455 et
778 3413 964 3456 contra
1024 3403 1395 3458 universorum
1448 3415 1742 3459 creatorem

160 3493 329 3546 Deum
361 3494 593 3563 linguam
641 3503 877 3549 acuunt:
909 3510 1090 3548 verum
1137 3509 1204 3549 ne
1244 3496 1542 3550 satietatem
1584 3505 1745 3564 atque

161 3587 428 3640 fastidium
458 3589 627 3640 oratio
648 3587 800 3642 vobis
825 3586 1030 3649 afferat,
1064 3586 1179 3641 haec
1205 3588 1492 3642 certamina
1519 3587 1663 3642 aliud
1692 3587 1742 3641 iu

159 3685 368 3746 tempus
398 3687 737 3746 seponentes,
766 3693 864 3747 age
892 3678 956 3732 ad
983 3680 1124 3732 aliud
1145 3689 1512 3748 argumentum
1544 3694 1746 3732 sermo-

161 3784 280 3820 nem
303 3779 697 3821 convertamus.
736 3769 868 3822 Nam
909 3771 1066 3823 unius
1105 3771 1316 3839 generis
1341 3771 1460 3824 cibo
1489 3772 1745 3826 instructa

161 3873 341 3909 mensa
365 3859 660 3911 satietatem
690 3860 848 3928 parit,
869 3860 1029 3912 variis
1052 3875 1176 3913 vero
1202 3859 1393 3914 eduliis
1415 3859 1745 3930 frequentata

161 3950 454 4017 appetitum
495 3952 710 4004 excitat.
764 3951 831 4005 Ut
870 3952 1026 4019 igitur
1073 3952 1122 4003 in
1169 3951 1267 4004 hac
1307 3953 1564 4007 concione
1606 3953 1744 4007 idem

161 4040 390 4102 eveniat,
433 4041 498 4094 ad
539 4054 779 4094 sanetum
820 4041 1036 4094 Paulum
1071 4042 1226 4109 longo
1250 4042 1358 4108 jam
1389 4044 1640 4110 temporis
1677 4044 1748 4096 in-

161 4133 386 4185 tervallo
427 4142 777 4186 revertamur.
813 4133 1023 4186 Etenim
1067 4143 1364 4201 opportune
1409 4134 1561 4187 nobis
1591 4134 1747 4188 hodie

162 4222 311 4277 locus
339 4222 563 4290 apostoli
593 4222 763 4276 lectus
808 4232 909 4287 est,
949 4224 1035 4291 qui
1082 4238 1250 4290 nuper
1276 4223 1429 4276 dictis
1459 4232 1746 4278 consenta-

161 4330 259 4367 nea
300 4313 677 4382 suppeditabit.
710 4313 945 4367 Audistis
973 4315 1148 4382 itaque
1187 4314 1406 4368 Paulum
1453 4315 1608 4370 hodie
1636 4317 1745 4370 cla-

160 4415 394 4459 mantem
425 4421 486 4459 ac
512 4406 776 4460 dicentem
802 4423 814 4459 :
847 4404 922 4458 De
946 4405 1308 4459 dormientibus
1336 4416 1497 4461 autem
1520 4409 1637 4462 nolo
1664 4426 1748 4463 vos

159 4498 417 4566 ignorare,
472 4505 528 4548 ut
579 4514 677 4549 non
733 4499 1111 4562 contristemt‘ni,
1157 4500 1284 4551 sicut
1325 4509 1371 4552 et
1423 4501 1606 4562 ueteri,
1663 4503 1749 4569 qui

159 4604 300 4656 spem
345 4605 446 4639 non
493 4588 674 4640 habent
720 4590 793 4655 (l.
825 4587 1005 4642 Thess.
1051 4590 1103 4641 4.
1151 4588 1261 4657 12).
1311 4589 1401 4642 lllc
1443 4589 1509 4644 dc
1550 4589 1748 4644 Lazaro

159 4677 501 4746 evangelieus
541 4687 728 4731 cautus
759 4678 872 4740 fuit,
910 4677 999 4732 hic
1039 4678 1362 4746 apostolicus
1411 4693 1612 4743 sonus;
1654 4680 1746 4734 sed

162 4783 301 4822 unus
331 4778 410 4822 est
438 4779 748 4824 concentus.
781 4769 835 4824 Si
865 4769 1077 4839 quidem
1107 4771 1159 4824 in
1183 4771 1270 4824 illa
1303 4772 1558 4840 parabola
1586 4773 1746 4826 tnulta

159 4862 228 4912 de
260 4860 672 4922 resurrectione,
706 4869 760 4914 et
787 4861 854 4915 de
882 4861 972 4915 illo
999 4861 1244 4915 tribunali
1274 4863 1629 4931 philosophati
1660 4878 1749 4917 Sll-

162 4967 312 5015 mus;
358 4967 498 5007 nunc
542 4953 594 5006 in
634 4953 861 5021 idipsum
909 4961 1277 5022 argumentum
1320 4967 1415 5006 nos
1458 4955 1628 5007 oratio
1656 4953 1750 5008 dc-

160 5045 332 5096 duxit.
361 5043 539 5113 Itaque
569 5045 775 5098 etiamsi
804 5045 910 5114 jam
943 5046 1114 5099 locum
1142 5045 1364 5114 apostoli
1393 5044 1745 5110 defodiamus,

161 5135 411 5190 eumdem
453 5144 628 5189 tamen
678 5136 764 5190 hic
799 5135 1105 5190 thesaurum
1147 5135 1492 5204 reperiemus.
1539 5136 1748 5189 Etenim

164 5238 294 5281 tunc
339 5241 517 5280 sermo
549 5236 730 5280 noster
763 5236 901 5280 totus
940 5243 1004 5282 eo
1046 5226 1337 5295 spectabat,
1385 5236 1440 5278 ιιι
1482 5226 1748 5280 auditores

164 5317 484 5371 doceremus
508 5359 523 5383 ,
557 5316 685 5370 nihil
717 5317 768 5370 ιιι
811 5317 908 5370 hac
946 5319 1051 5369 vita
1080 5315 1412 5382 Splendidam
1441 5316 1750 5369 existiman-

229 5412 302 5472 (a)
333 5411 508 5460 Collata
525 5422 634 5457 cum
659 5417 762 5472 Mss.
785 5409 942 5472 Itegiis
965 5408 1097 5472 I819,
1123 5407 1399 5472 l960,1975
1425 5420 1436 5454 :
1463 5405 1749 5472 Colbertinis

163 5469 247 5526 d9.
274 5469 382 5530 διδ-ι,
405 5473 538 5522 1050.
568 5477 614 5517 In
632 5470 802 5518 codice
825 5470 954 5516 (:olb.
975 5471 1066 5519 564
1092 5471 1362 5517 inscribitur
1386 5476 1528 5516 Sexta
1547 5469 1749 5530 iuta/a-

163 5549 294 5590 rum,
319 5529 375 5583 et
395 5533 586 5582 bomilia
612 5533 658 5579 in
685 5545 769 5579 eos
791 5545 872 5592 qtu
897 5532 955 5578 ad
979 5533 1229 5579 Circenses
1251 5537 1460 5591 pergunt
1476 5529 1748 5578 inscribitur

158 5606 342 5659 Quinta
380 5601 426 5643 In
451 5594 556 5643 aliis
573 5596 740 5652 Qttinta
768 5592 1057 5653 inscribitur,
1085 5599 1135 5640 et
1161 5605 1278 5641 vere
1305 5593 1475 5652 quinta
1501 5598 1591 5639 est.

1859 1858 2006 1922 dum,
2037 1855 2129 1910 sed
2160 1869 2252 1922 spe
2295 1853 2514 1906 ulterius
2555 1851 3022 1922 progrediendum,
3058 1863 3213 1921 atque
3258 1855 3438 1906 animo

1853 1945 2086 2017 quotidie
2104 1943 2449 2012 reputandmn
2473 1957 2611 2005 esse,
2637 1942 2816 2010 quales
2839 1942 2942 1994 iElic
2958 1943 3252 2007 sententiae,
3277 1958 3435 2011 quam

1853 2037 2186 2091 formidabile
2208 2037 2461 2105 judicium
2493 2036 2721 2088 futurum
2764 2035 2830 2088 sit
2858 2053 2868 2086 :
2897 2051 3052 2104 quam
3087 2034 3252 2088 fraudi
3282 2037 3433 2105 inop-

1854 2137 2114 2198 portunus
2139 2128 2317 2198 jutlex.
2350 2127 2460 2181 lloc
2482 2125 2672 2179 Paulus
2703 2125 2752 2177 in
2779 2124 3031 2178 hodierna
3055 2125 3281 2178 lectione
3307 2139 3437 2178 con-

1855 2219 2010 2282 sulit;
2057 2219 2151 2273 sed
2195 2220 2427 2272 animmn
2468 2217 2745 2271 advertite.
2777 2216 2856 2268 De
2889 2217 3246 2270 dormientibus
3275 2227 3438 2271 autem

1854 2312 1970 2363 nolo
1999 2327 2082 2363 vos
2121 2312 2374 2378 ignorare,
2403 2310 2603 2377 fratres,
2650 2319 2703 2360 ut
2733 2325 2832 2360 non
2859 2309 3216 2361 contristemini
3243 2309 3367 2361 sicut
3393 2319 3439 2361 et

1853 2404 2039 2464 ceteri,
2083 2401 2170 2469 qui
2208 2417 2347 2469 spem
2387 2418 2486 2453 non
2527 2399 2724 2452 habent.
2768 2399 2828 2452 Si
2875 2399 3005 2451 enim
3034 2399 3280 2453 credimus
3305 2402 3438 2468 quod

1852 2490 2002 2544 Jesus
2040 2501 2262 2544 mortuus
2299 2499 2389 2555 est,
2420 2502 2465 2542 et
2494 2490 2762 2544 resurrexit
2814 2506 2830 2541 :
2882 2491 2952 2541 ita
2993 2499 3037 2541 et
3068 2489 3204 2543 Deus
3232 2508 3313 2544 eos
3356 2491 3440 2560 qui

1853 2581 2162 2634 dormierunt
2192 2597 2280 2647 per
2308 2579 2482 2632 Iesum
2506 2579 2718 2631 adducet
2745 2596 2858 2631 cum
2886 2595 2941 2630 eo
2971 2577 3022 2646 (Ι
3030 2579 3134 2633 bid.
3167 2580 3273 2647 l3).

1923 2670 2025 2724 Cur
2046 2669 2234 2724 Christi
2261 2681 2488 2734 mortem,
2516 2669 2732 2721 aliorum
2754 2669 3102 2721 dormitionem
3127 2678 3259 2720 vocet
3293 2669 3428 2720 Pau-

1853 2762 1952 2815 lus.
1978 2761 2179 2814 —Hoe
2222 2761 2447 2829 primum
2491 2759 2887 2828 disqttirendum
2935 2760 3083 2814 nobis
3133 2761 3426 2822 incumbit,

1852 2869 1947 2906 cur
1975 2867 2094 2905 cum
2117 2851 2183 2905 de
2201 2851 2414 2904 Christo
2436 2851 2683 2920 loquitur,
2713 2850 2827 2919 ejus
2853 2851 3052 2903 obitunt
3083 2861 3303 2904 mortem
3336 2867 3430 2903 vo-

1851 2952 1955 3006 cet,
1999 2957 2119 2994 cum
2165 2950 2342 2995 autem
2392 2941 2458 2994 de
2512 2941 2726 2994 interitu
2770 2951 2952 2994 nostro
2990 2941 3117 3010 agit,
3165 2957 3286 2995 cum
3331 2957 3435 2996 non

1851 3041 2099 3097 mortem,
2145 3032 2236 3085 sed
2268 3031 2641 3084 dormitionem
2672 3031 2920 3098 appellet.
2952 3029 3067 3084 Non
3097 3031 3238 3084 enim
3279 3030 3433 3096 dixit,

1851 3122 2164 3177 demortuis
2194 3132 2406 3184 autem;
2437 3121 2528 3173 sed
2558 3121 2720 3190 quid?
2750 3119 2825 3172 De
2851 3119 3205 3172 dormientibus
3232 3130 3434 3174 autent:

1852 3225 1907 3269 ct
1933 3229 2164 3279 rursum,
2196 3213 2278 3265 Ita
2307 3224 2352 3266 et
2385 3213 2520 3265 Deus
2549 3229 2651 3276 eos,
2680 3213 2764 3281 qui
2790 3212 3096 3264 dormierunt
3127 3228 3214 3279 per
3235 3211 3434 3276 Iesum,

1851 3308 2066 3361 adducet
2106 3323 2219 3360 cum
2244 3304 2395 3375 eo(-l.
2443 3305 2616 3358 Thess.
2647 3305 2699 3358 4.
2735 3305 2858 3372 15);
2906 3319 3003 3357 nec
3045 3303 3199 3370 dixit,
3229 3319 3322 3358 eos
3346 3306 3434 3373 qui

1852 3399 2044 3453 mortui
2075 3407 2198 3452 sunt
2229 3415 2241 3450 :
2273 3405 2324 3450 et
2354 3388 2568 3459 iterum,
2607 3395 2716 3447 Nos
2745 3396 2828 3464 qui
2859 3395 3092 3458 vivimus,
3132 3395 3215 3463 qui
3251 3395 3436 3448 residui

1851 3505 2020 3542 sumus
2050 3489 2101 3541 in
2135 3487 2403 3541 adventum
2453 3485 2675 3550 Domini,
2713 3502 2813 3538 non
2854 3485 3207 3554 prwveniemus
3243 3500 3325 3537 eos
3352 3485 3436 3553 qui

1853 3579 2163 3632 dormierunt
2189 3575 2291 3649 (Ib.
2323 3577 2433 3645 14).
2463 3576 2644 3644 Neque
2675 3575 2760 3629 hic
2803 3573 2954 3638 dixit,
3003 3588 3094 3628 eos
3120 3575 3208 3642 qui
3245 3573 3436 3626 mortui

1853 3678 1999 3734 sunt,
2025 3669 2118 3721 sed
2146 3677 2226 3721 ter
2255 3667 2574 3720 mentionem
2598 3665 2714 3734 ejus
2746 3664 2962 3729 faciens,
2996 3675 3075 3718 ter
3106 3671 3328 3717 mortem
3354 3678 3439 3713 vo-

1853 3761 1988 3813 cavit
2018 3758 2416 3811 dormitionem.
2450 3757 2525 3810 De
2552 3755 2766 3808 Christo
2793 3765 2971 3808 autem
3012 3770 3121 3808 non
3149 3754 3271 3807 item
3301 3771 3312 3806 :
3343 3752 3437 3824 sed

1852 3849 2158 3920 quomodo?
2205 3849 2265 3902 Si
2304 3849 2436 3902 enim
2469 3849 2715 3900 credimus
2743 3847 2875 3914 quod
2902 3844 3050 3898 Jesus
3077 3855 3300 3897 mortuus
3342 3853 3436 3897 cst.-

1853 3940 1967 3994 Non
2007 3939 2159 4002 dixit,
2197 3937 2554 4000 obdormivit,
2588 3937 2700 3993 sed.
2742 3944 2968 3986 mortuus
3009 3942 3098 3986 est.
3129 3933 3236 3986 Cur
3261 3933 3438 4001 itaque

1853 4033 2046 4086 Christi
2098 4031 2299 4085 obitum
2341 4038 2584 4092 mortem,
2629 4038 2866 4080 nostrum
2899 4042 3025 4078 vero
3062 4025 3432 4078 dormitionem

1853 4122 2168 4192 appellavit?
2195 4139 2298 4174 non
2331 4120 2470 4172 enim
2502 4129 2698 4171 temere
2736 4126 2787 4170 et
2828 4117 2940 4169 sine
2967 4116 3173 4168 delectu
3213 4115 3311 4166 hac
3339 4129 3434 4165 vo-

1853 4228 1972 4266 cum
2004 4211 2380 4265 observatione
2406 4219 2488 4262 cst
2529 4224 2673 4269 usus,
2707 4205 2798 4260 sed
2844 4205 3115 4272 sapientia:
3143 4202 3352 4271 plenum
3383 4214 3436 4254 et

1855 4318 2101 4373 magnum
2146 4301 2270 4370 qttid
2324 4314 2603 4368 apparatis.
2656 4298 2729 4350 De
2773 4296 2985 4350 Christo
3027 4296 3166 4349 enim
3212 4294 3435 4362 loquens

1855 4404 2082 4449 mortem
2133 4391 2282 4454 dixit,
2337 4398 2393 4441 ut
2442 4388 2674 4456 passioni
2717 4385 2871 4439 fidem
2923 4384 3138 4446 faceret,
3176 4381 3243 4436 de
3283 4381 3435 4435 nobis

1856 4501 2038 4555 agens,
2069 4483 2444 4537 dormitionem
2477 4479 2704 4543 vocavit,
2737 4485 2795 4530 ut
2829 4477 3068 4530 dolorem
3095 4475 3308 4529 leniret.
3335 4473 3430 4528 Ub"

1856 4580 1995 4633 enim
2042 4579 2148 4647 jam
2203 4579 2523 4633 resurrectio
2572 4583 2938 4645 praecesserat,
2995 4572 3161 4624 fidens
3211 4578 3436 4623 mortem

1857 4677 2149 4733 memorat;
2200 4669 2288 4722 ubi
2335 4678 2507 4722 autem
2547 4675 2746 4736 tantum
2778 4663 3108 4732 sperabatur,
3159 4658 3457 4713 dormitior

1858 4776 1978 4812 nem
2012 4768 2182 4819 vocat,
2213 4757 2310 4811 hac
2343 4773 2471 4810 voce
2507 4772 2633 4810 usus
2677 4754 2741 4808 ad
2791 4753 2956 4806 nostri
2994 4749 3435 4814 consolationem,

1857 4864 1910 4906 et
1940 4852 2003 4904 ad
2034 4867 2182 4918 spem
2210 4849 2589 4918 suggerendam
2620 4865 2630 4899 :
2664 4862 2784 4900 nam
2823 4846 2911 4914 qui
2939 4843 3154 4906 dormit,
3188 4841 3304 4896 sine
3333 4840 3434 4894 du-

1857 4943 1944 4997 bio
1989 4950 2245 5009 resurget,
2278 4941 2510 5008 nihilque
2554 4937 2694 4991 aliud
2726 4952 2870 4990 mors
2912 4945 3013 5000 est,
3054 4949 3209 5004 quam
3243 4933 3433 5002 longus

1856 5050 2095 5086 somnus.
2125 5032 2199 5086 Ne
2231 5032 2357 5084 mihi
2397 5031 2614 5096 dixeris,
2647 5039 2910 5082 mortuum
2957 5043 3056 5082 nec
3098 5026 3304 5092 audire,
3338 5040 3437 5079 nec

1857 5125 2022 5192 loqui,
2055 5138 2154 5176 nec
2190 5122 2391 5186 videre,
2427 5136 2595 5192 neque
2637 5135 2797 5173 sensu
2841 5119 2976 5172 afﬁci
3009 5137 3020 5170 :
3056 5133 3176 5171 nam
3208 5116 3436 5184 idipsum

1857 5214 1924 5267 de
1949 5214 2245 5267 dormiente
2279 5211 2525 5266 dixerim.
2569 5211 2623 5264 Si
2655 5209 2790 5278 quod
2827 5223 2987 5278 porro
3032 5207 3225 5276 mirum
3259 5206 3438 5259 dicere

1858 5306 2033 5370 liceat,
2065 5304 2378 5357 dormientis
2405 5303 2576 5354 anima
2609 5299 2997 5370 quodammodo
3025 5295 3256 5359 dormit;
3287 5309 3433 5348 mor-

1861 5397 1932 5451 tui
1966 5411 2066 5450 non
2113 5396 2257 5459 item,
2300 5395 2392 5448 sed
2436 5395 2634 5462 vigilat.
2683 5393 2768 5454 At,
2812 5390 3036 5458 inquies,
3076 5395 3314 5441 mortuus
3345 5400 3439 5453 pu-

1857 5489 2042 5542 trescit
2083 5495 2137 5541 et
2184 5485 2562 5553 corrumpitur,
2607 5482 2876 5552 pulvisque
2919 5488 2973 5532 et
3018 5477 3151 5531 cinis
3186 5470 3437 5527 ellicitur.

1857 5578 1992 5648 Quid
2031 5587 2146 5632 tum
2176 5577 2316 5642 inde,
2370 5576 2594 5631 dilecte?
2644 5574 2764 5629 Ideo
2810 5569 3039 5626 maxime
3071 5572 3435 5644 gaudendum.
