3828 6226
422 279 560 335 1019

420 399 630 454 Etenim
661 398 704 451 si
732 396 850 466 quis
874 405 1107 450 veterem
1135 393 1352 447 domum
1374 397 1674 460 quassatam
1706 395 2007 440 restaurare

417 489 564 552 velit,
595 487 766 558 primo
793 482 1122 540 habitatores
1165 481 1328 551 ejicit,
1372 480 1699 546 domumque
1731 473 1913 536 diruit,
1953 482 2008 526 et

419 580 930 652 niagnificentiorem
952 573 1216 640 exstruit;
1242 571 1401 642 ejecti
1432 585 1557 624 vero
1589 584 1692 622 non
1720 567 1841 621 ideo
1869 579 2004 621 moe-

416 679 556 735 rent,
589 670 684 726 sed
728 666 960 738 gaudent
997 664 1193 735 potius.
1238 661 1355 717 Non
1400 660 1542 714 enim
1584 657 2003 717 demolitionem,

416 781 536 834 quae
588 762 690 817 sub
737 767 1008 829 aspectum
1057 755 1216 819 cadit,
1263 753 1356 811 sed
1415 751 1652 808 futurum
1699 748 2004 812 aedificium,

415 855 558 926 quod
590 869 693 908 non
717 852 944 917 videtur,
967 849 1146 902 animo
1183 855 1449 916 reputant.
1480 846 1552 898 ita
1584 841 1818 898 facturus
1846 839 2002 905 Deus,

414 960 610 1016 corpus
639 943 904 1007 dissolvit,
933 949 990 996 et
1033 941 1086 994 in
1128 939 1220 994 illo
1250 938 1573 992 habitantem
1604 934 1833 988 animum
1860 932 2006 1001 prius

415 1035 614 1101 educit,
657 1050 755 1089 ceu
795 1050 862 1089 ex
907 1033 1071 1088 domo
1109 1031 1380 1101 quapiam,
1409 1037 1467 1082 ut
1504 1035 1622 1097 post
1665 1025 1718 1079 in
1761 1023 2004 1077 eamdem

415 1129 836 1201 magnificentius
891 1134 1251 1182 constructam
1295 1123 1509 1176 domum
1539 1162 1553 1184 ,
1602 1119 1832 1172 animam
1883 1126 2003 1169 cum

415 1223 602 1293 majori
629 1221 795 1292 gloria
825 1218 1060 1274 reducat.
1093 1216 1168 1272 Ne
1198 1216 1354 1284 igitur
1373 1211 1769 1268 demolitionem
1796 1213 2007 1276 specte-

415 1331 559 1381 mus,
589 1314 682 1369 sed
714 1313 944 1367 futurum
976 1307 1337 1380 splendorem.

485 1406 538 1459 2.
585 1405 890 1472 lterumque
928 1401 972 1456 si
998 1400 1118 1470 quis
1157 1408 1388 1452 statuam
1417 1395 1616 1446 habens
1659 1392 1902 1460 rubigine
1939 1404 2003 1444 ac

416 1509 657 1566 tempore
687 1492 1083 1556 labefactatam,
1135 1488 1419 1556 multisque
1457 1483 1692 1552 partibus
1737 1480 1999 1544 mutilam,

416 1593 587 1660 ipsum
609 1586 891 1643 contritam
937 1585 988 1637 in
1021 1582 1288 1636 fornacem
1319 1578 1503 1646 injicit,
1539 1587 1595 1629 ιιι
1622 1574 1800 1629 flando
1825 1573 2005 1642 splen-

416 1679 675 1735 didiorem
719 1675 927 1732 reddat.
975 1670 1430 1741 Quemadmodum
1482 1669 1641 1738 igitur
1685 1667 1736 1720 in
1784 1664 2002 1720 fornace

413 1782 592 1829 statua
618 1769 812 1825 detrita
851 1782 957 1822 non
984 1765 1211 1826 deletur,
1244 1762 1337 1816 sed
1378 1769 1682 1820 renovatur,
1716 1758 1793 1813 sic
1831 1767 2001 1812 morte

414 1852 638 1936 cor‘pora
666 1847 845 1916 uestra
873 1874 978 1914 non
1011 1871 1230 1927 prorsus
1258 1863 1502 1924 pereunt,
1531 1852 1625 1908 sed
1655 1860 1996 1905 renovantur.

413 1956 548 2010 Cum
585 1955 746 2024 igitur
773 1951 973 2007 videris
1011 1963 1227 2004 carnem
1274 1956 1536 2008 nostram,
1577 1961 1674 1999 ceu
1703 1945 1754 1997 in
1785 1941 2001 1997 fornace

412 2047 735 2104 defluentem
779 2053 834 2100 et
864 2048 1278 2114 putrescentem,
1313 2055 1380 2093 ne
1424 2042 1473 2091 in
1505 2045 1726 2106 aspectu
1769 2034 1857 2088 illo
1885 2043 1997 2088 ste-

417 2141 567 2205 teris,
606 2137 702 2193 sed
742 2137 920 2192 denuo
961 2129 1300 2189 confiundam
1349 2139 1618 2198 exspecta.
1670 2127 1852 2196 Neque
1897 2124 2001 2179 hoc

413 2241 618 2288 tantum
644 2227 872 2297 exempli
901 2225 1059 2280 modo
1088 2231 1366 2278 contentus
1394 2229 1528 2283 esto,
1555 2218 1647 2274 sed
1679 2217 1743 2273 ad
1776 2217 1826 2271 id
1857 2217 1998 2286 quod

413 2326 563 2394 prius
590 2331 674 2378 est
707 2317 1076 2376 ratiocinando
1102 2313 1349 2385 procede.
1395 2311 1692 2368 Statuarius
1718 2309 1882 2377 enim,
1907 2307 1996 2378 qui

411 2429 607 2485 corpus
630 2427 835 2468 aeneum
881 2409 1084 2479 injecit,
1114 2421 1218 2462 non
1254 2419 1470 2460 auream
1498 2403 1588 2457 tibi
1619 2412 1673 2458 et
1717 2402 1995 2456 immortao

412 2504 516 2560 lem
557 2505 733 2559 reddit
760 2510 1011 2568 statuam,
1041 2501 1136 2554 sed
1168 2511 1370 2552 teneam
1411 2511 1620 2550 rursum
1649 2494 1830 2550 efficit.
1854 2493 1997 2548 Con-

412 2607 493 2651 tra
539 2611 669 2650 vero
722 2594 885 2659 Deus,
937 2592 1082 2645 luteo
1136 2604 1198 2643 ac
1241 2585 1453 2641 morta!i
1497 2587 1694 2654 injecto
1742 2598 1988 2654 corpore,

411 2702 626 2741 auream
680 2694 732 2740 et
777 2680 1133 2738 immortalem
1185 2677 1276 2733 tibi
1326 2685 1554 2732 statuam
1605 2675 1822 2731 reddit:
1854 2682 1996 2729 terra

410 2779 575 2842 enim,
609 2793 726 2847 qua:
749 2775 947 2830 fluxum
979 2788 1043 2828 ac
1067 2769 1411 2842 corruptibile
1438 2784 1631 2839 corpus
1657 2769 1883 2837 accepit,
1914 2766 1997 2821 ln-

409 2869 756 2940 corruptibiic
804 2867 931 2921 illud
975 2875 1030 2921 et
1069 2863 1370 2920 immortale
1414 2861 1664 2917 restituit.
1709 2859 1787 2914 Ne
1817 2861 1996 2930 itaque

410 2962 668 3016 intuearis
715 2973 860 3025 cum,
907 2954 1058 3026 cujus
1101 2953 1269 3010 clausi
1315 2961 1438 3008 sunt
1477 2953 1638 3016 oculi,
1687 2951 1777 3021 qtti
1817 2959 1995 3004 mutus

406 3053 566 3124 jacet,
600 3049 694 3106 sed
721 3065 869 3116 eum,
901 3049 990 3118 qui
1016 3053 1258 3117 resurget
1284 3054 1339 3100 et
1359 3043 1583 3114 accipiet
1606 3043 1828 3114 gloriam
1855 3041 1994 3096 inef-

411 3142 623 3199 fabilem
650 3151 703 3197 et
723 3139 1035 3212 stupendum
1063 3137 1489 3208 mirabilemque,
1515 3145 1672 3206 atque
1692 3151 1720 3189 a
1745 3134 1993 3204 praesenti

409 3232 712 3304 lmjusmodi
744 3237 961 3301 aspectu
996 3229 1344 3300 cogitationes
1375 3225 1606 3282 transfer
1637 3227 1688 3280 in
1729 3240 1878 3297 spem
1909 3225 1992 3280 fu-

409 3338 602 3381 turam.
648 3327 716 3380 At
746 3321 1188 3378 consuetudinem
1226 3321 1474 3390 requiris,
1507 3319 1734 3390 ideoque
1765 3319 1995 3389 ingemi-

407 3417 512 3474 scis
548 3434 610 3472 uc
635 3417 822 3487 luges?
863 3415 927 3469 Et
954 3415 1042 3484 qui
1080 3429 1185 3467 non
1226 3411 1515 3466 absurdum
1548 3411 1725 3473 fuerit,
1761 3410 1825 3476 si,
1870 3424 1990 3464 cum

407 3524 607 3580 sponso
655 3505 885 3576 cuipiam
935 3504 1095 3558 filiam
1144 3502 1513 3567 collocaveris,
1563 3501 1756 3570 illeque
1808 3503 1992 3555 secum

407 3618 524 3658 eam
559 3603 610 3656 in
639 3601 983 3670 longinquam
1023 3599 1294 3670 regionem
1322 3597 1625 3664 abduxerit,
1666 3596 1846 3667 ibique
1875 3613 1990 3650 rem

409 3709 664 3765 prospere
707 3692 951 3762 gesserit,
994 3707 1106 3745 rem
1155 3705 1260 3744 non
1305 3688 1583 3743 molestam
1634 3689 1806 3751 ducis,
1854 3689 1992 3744 bene

405 3794 570 3856 gestae
605 3785 682 3839 rei
713 3783 848 3838 fama
877 3783 1133 3837 absentiae
1154 3779 1394 3836 dolorem
1421 3781 1656 3836 leniente
1683 3799 1696 3834 :
1723 3781 1810 3835 hic
1838 3796 1986 3844 vero,

404 3890 526 3931 cum
563 3889 667 3928 non
711 3873 894 3938 homo,
933 3887 1041 3927 non
1091 3887 1402 3937 conservus,
1448 3870 1541 3926 sed
1583 3871 1698 3942 ipse
1735 3871 1991 3926 Dominus

404 3976 686 4039 cognatum
721 3978 871 4022 tuum
910 3967 1168 4039 abripuit,
1223 3979 1450 4021 mmreas
1477 3973 1534 4020 et
1558 3962 1857 4021 crucieris?

475 4069 670 4113 Luctus
698 4074 816 4129 erga
845 4057 1110 4127 defunctos
1127 4057 1292 4126 qualis
1315 4073 1420 4111 esse
1449 4055 1642 4112 debeat.
1665 4085 1737 4096 —
1762 4057 1827 4110 Et
1853 4072 1989 4126 quo-

405 4148 586 4216 modo,
617 4149 847 4218 inquies,
881 4147 1043 4201 homo
1068 4162 1189 4202 cum
1214 4147 1334 4211 sim,
1360 4147 1558 4216 possim
1589 4161 1694 4200 non
1724 4146 1990 4202 maerere?

402 4240 586 4310 Neque
609 4255 709 4310 ego
739 4240 790 4294 id
819 4241 1029 4308 postulo
1057 4257 1070 4294 :
1105 4255 1208 4294 non
1238 4255 1526 4294 maerorem
1554 4251 1696 4306 veto,
1737 4239 1830 4295 sed
1857 4255 1992 4295 mte-

402 4333 543 4385 roris
566 4329 979 4385 vehementiam.
1002 4329 1228 4384 Moerere
1256 4344 1502 4399 namque,
1536 4340 1739 4384 natura:
1765 4338 1866 4393 est,
1895 4329 1989 4384 sed

402 4423 541 4479 ultra
567 4423 786 4497 modum
814 4438 1064 4488 maerere,
1100 4421 1316 4485 furoris,
1346 4423 1589 4489 insania),
1611 4422 1990 4492 muliebrisque

401 4515 587 4570 animi.
631 4515 817 4580 Moere,
861 4514 1186 4584 lacrymare;
1233 4513 1328 4568 sed
1366 4527 1434 4568 ne
1479 4529 1618 4583 argrc
1663 4517 1990 4584 molesteque

398 4607 560 4672 feras,
593 4622 662 4662 ne
690 4605 997 4676 indigneris.
1030 4603 1238 4660 Gratias
1279 4619 1376 4674 age
1419 4604 1491 4669 ei,
1521 4603 1608 4673 qui
1653 4604 1889 4671 abstulit,
1931 4615 1992 4661 ut

400 4698 710 4753 defunctum
753 4712 1001 4764 exornes,
1028 4696 1248 4766 ejusque
1283 4695 1455 4751 funeri
1481 4695 1596 4750 haec
1619 4695 1762 4765 justa
1804 4697 1989 4766 splen-

399 4787 525 4840 dide
552 4789 844 4855 persolvas,
885 4787 1091 4856 ipstque
1127 4786 1324 4840 mittas.
1353 4785 1408 4840 Si
1451 4786 1672 4841 moleste
1699 4785 1858 4854 feras,
1889 4788 2005 4859 ipsi,

399 4880 816 4935 contumeliosus
842 4895 922 4945 es,
963 4879 1130 4934 Deum
1157 4877 1467 4943 exacerbus,
1499 4891 1653 4950 teque
1680 4877 1850 4950 ipsum
1890 4881 1988 4935 da-

397 4985 525 5024 mno
555 4968 726 5025 afficis
745 4984 760 5034 ;
782 4971 864 5024 sin
885 4971 1080 5040 gratias
1095 4984 1241 5039 agas,
1275 4969 1350 5023 illi
1378 4969 1658 5034 honorem,
1683 4971 1791 5026 Deo
1814 4971 1988 5041 ipsum

394 5061 678 5129 abripienti
712 5061 954 5131 gloriam,
984 5060 1076 5116 tibi
1106 5061 1310 5114 lucrum
1346 5076 1622 5129 procuras.
1641 5060 1985 5132 Lacrymare,

393 5159 453 5204 ut
481 5151 738 5206 Dominus
768 5160 885 5207 tuus
915 5151 1169 5206 Lazarum
1197 5151 1349 5217 luxit,
1381 5151 1596 5206 modum
1629 5150 1802 5219 nobis,
1834 5168 1992 5224 regu-

396 5244 500 5298 lam
537 5243 927 5313 terminumque
963 5241 1162 5298 doloris
1201 5257 1423 5312 ponens,
1455 5259 1611 5312 quem
1644 5245 1986 5315 przetergredi

395 5351 501 5390 non
526 5335 671 5390 licet.
723 5333 814 5390 Sic
855 5345 909 5390 et
950 5335 1145 5390 Paulus
1173 5336 1284 5389 ait:
1315 5333 1392 5388 De
1421 5336 1779 5390 dormientibus
1819 5347 1988 5392 autem

396 5428 515 5481 nolo
542 5443 627 5481 vos
657 5428 910 5498 ignorare,
952 5437 1007 5480 ut
1034 5444 1132 5481 non
1171 5427 1530 5481 contristemini
1557 5432 1686 5482 sicut
1727 5440 1772 5483 et
1797 5433 1984 5498 cwteri,

395 5521 480 5590 qui
511 5536 650 5590 spem
689 5536 790 5573 non
819 5515 1000 5574 habent
1029 5520 1105 5589 (l.
1140 5517 1316 5573 Thess.
1350 5519 1404 5573 4.
1435 5518 1546 5587 12).
1581 5520 1763 5586 Mmre,
1797 5523 1984 5592 inquit,

396 5621 449 5662 at
483 5625 588 5662 non
631 5617 689 5662 ut
730 5609 1001 5676 Etlmicus,
1052 5609 1141 5678 qui
1189 5608 1255 5664 de
1297 5611 1688 5665 resurrectione
1718 5611 1983 5682 desperat,

395 5713 489 5765 qui
528 5698 759 5754 futuram
798 5699 962 5756 vitam
1005 5715 1112 5756 non
1159 5710 1442 5772 exspectat.
1495 5701 1663 5759 Pudet
1707 5719 1810 5770 me,
1853 5704 1982 5761 mihi

1164 273 1222 329 S.
1261 268 1540 328 JOANNIS
1573 261 2046 324 CHRYSOSTOMI
2087 260 2405 317 ARCHIEP.
2446 259 2979 321 CONSTANTINOP.

3585 261 3723 317 1630

2121 379 2340 444 credite,
2373 388 2426 436 et
2451 379 2730 444 erubesco,
2757 394 2880 435 cum
2909 395 3002 451 per
3031 379 3204 434 forum
3235 379 3388 434 video
3427 380 3720 433 mulierum

2119 479 2344 535 turmas,
2377 470 2624 526 indecore
2664 480 2903 542 agentes,
2936 472 3156 541 capillos
3185 473 3461 533 vellentes,
3501 470 3721 525 brachia

2115 576 2383 632 genasque
2412 562 2738 628 lacerantes;
2765 563 2922 632 idque
2942 579 3121 618 coram
3153 564 3408 619 Etlmieis.
3437 565 3586 631 Quid
3619 580 3720 617 non
3796 613 3797 638 ἦ

2117 652 2188 705 illi
2229 652 2297 707 de
2326 653 2479 709 nobis
2508 654 2719 721 dicturi,
2761 655 2888 724 quid
2931 671 3038 709 non
3081 654 3415 711 vociferaturi
3447 658 3630 710 sunt?
3660 658 3717 711 lli

2115 752 2242 797 sunt
2263 744 2353 814 qui
2384 744 2450 799 de
2489 746 2882 801 resurrectione
2916 746 3391 816 philosophantur?
3420 747 3573 802 Sane
3604 749 3717 816 qui-

2114 831 2258 887 dem.
2297 823 2430 890 Non'
2451 837 2592 889 enitn
2620 849 2740 891 cum
2767 833 3104 906 dogmatibus
3128 846 3277 908 gesta
3314 841 3712 893 consentiunt:

2115 926 2291 980 verbis
2336 926 2548 996 quidem
2591 928 2660 982 de
2705 929 3581 998 resurrectioneiphilosophantnr
3615 948 3630 981 :
3669 946 3720 982 re

2112 1027 2287 1071 autem
2331 1018 2443 1087 ipsa
2483 1019 2700 1088 perinde
2741 1035 2801 1074 se
2837 1030 3048 1090 gerunt,
3088 1032 3245 1090 atque
3287 1021 3382 1086 illi,
3425 1022 3523 1091 qui
3554 1021 3625 1074 de
3655 1036 3712 1074 ea

2112 1109 2434 1179 desperant:
2465 1114 2508 1165 si
2554 1114 2998 1169 resurrectionem
3045 1114 3157 1168 fore
3194 1114 3555 1180 confiderent,
3592 1115 3712 1169 talia

2114 1217 2216 1254 non
2247 1213 2467 1272 agerent
2494 1222 2506 1255 :
2539 1204 2583 1257 si
2613 1219 2921 1273 persuasum
2953 1204 3227 1271 haberent,
3255 1205 3398 1260 hunc
3422 1204 3493 1260 ad
3517 1207 3712 1259 meliu—

2113 1309 2224 1347 rem
2258 1296 2444 1350 fortem
2473 1297 2688 1361 abiisse,
2728 1313 2832 1352 non
2866 1299 3046 1368 utique
3087 1300 3344 1369 lugerent.
3385 1299 3516 1354 llaec
3545 1309 3601 1354 et
3632 1301 3712 1352 bis

2113 1388 2259 1456 plura
2305 1389 2487 1444 dicttnt
2527 1391 2787 1454 infideles.
2839 1407 2959 1447 cum
3003 1393 3157 1447 talem
3211 1393 3437 1446 audiunt
3476 1393 3705 1447 luctum.

2111 1480 2502 1538 Erubescamus
2547 1498 2694 1554 ergo,
2745 1494 2799 1540 et
2858 1485 3182 1541 moderatius
3229 1502 3471 1556 agamus,
3531 1501 3706 1556 neque

2113 1581 2314 1628 tantum
2353 1584 2406 1630 et
2441 1577 2594 1631 nobis
2625 1577 2751 1646 ipsis
2779 1588 2833 1633 et
2861 1581 3251 1648 spectatoribus
3278 1580 3461 1634 damni
3506 1581 3708 1634 infera-

2110 1681 2248 1719 mus.
2279 1665 2408 1732 Cur,
2439 1683 2640 1737 qumso,
2673 1669 2748 1724 sic
2779 1670 3084 1725 defunctum
3113 1673 3296 1742 luges?
3335 1675 3418 1726 Au
3446 1674 3575 1743 quia
3606 1675 3708 1727 im-

2109 1758 2308 1827 probus
2349 1760 2500 1814 erat?
2545 1762 2703 1830 Atqui
2749 1762 2868 1816 ideo
2904 1764 3086 1833 gratim
3113 1763 3352 1835 agenda},
3391 1766 3540 1834 quod
3591 1768 3714 1835 ejus

2110 1851 2421 1919 improbitas
2464 1853 2683 1922 prmcisa
2728 1853 2903 1909 fuerit.
2955 1857 3022 1909 At
3062 1854 3197 1924 frugi
3245 1863 3301 1912 et
3339 1856 3522 1911 bonus
3555 1859 3713 1912 erat?

2109 1941 2234 1996 Ideo
2273 1943 2440 1997 laetari
2489 1945 2760 2010 convenit,
2797 1944 2938 2015 quod
2980 1948 3088 2001 cito
3135 1948 3390 2016 abreptus
3429 1947 3526 2010 sit,
3564 1950 3716 2016 prius

2106 2047 2262 2102 quum
2295 2035 2608 2105 improbitas
2638 2037 3018 2091 conscientiam
3046 2038 3165 2107 ejus
3189 2047 3440 2103 mutaret,
3473 2040 3714 2093 abierit-

2104 2138 2208 2192 qne
2238 2126 2289 2180 in
2320 2127 2517 2193 locum,
2542 2128 2630 2181 tthi
2663 2127 2716 2182 in
2744 2135 2857 2183 tuto
2885 2138 3143 2194 versatur,
3176 2143 3348 2200 neque
3378 2130 3484 2182 ulla
3525 2140 3714 2184 ιιιιιιςι-

2107 2217 2179 2268 tio
2209 2219 2509 2272 metuenda.
2543 2219 2646 2274 Sed
2681 2217 2893 2289 juvenis
2937 2219 3094 2276 erat?
3121 2220 3322 2275 Idcirco
3346 2221 3586 2290 gloriam
3627 2238 3716 2276 ra-

2106 2307 2269 2376 pienti
2324 2307 2432 2364 Deo
2484 2310 2703 2371 referas,
2757 2311 2898 2381 quod
2947 2311 3054 2366 cito
3104 2311 3250 2366 illum
3293 2311 3361 2366 ad
3417 2313 3712 2367 meliorem

2105 2408 2303 2452 sortem
2337 2400 2629 2456 vocaverit.
2666 2401 2841 2457 Senex
2874 2403 3021 2457 erat?
3049 2402 3129 2458 Ob
3158 2401 3208 2457 id
3234 2405 3422 2474 gratia:
3452 2407 3711 2474 agendm,

2105 2489 2298 2543 itertnn
2331 2491 2554 2560 rapienti
2593 2491 2701 2548 Deo
2731 2493 2953 2564 gloriam
2986 2493 3205 2549 referas.
3253 2492 3408 2549 llunc
3438 2495 3712 2551 efferendi

2103 2581 2318 2635 modum
2353 2584 2631 2638 erubesce.
2681 2583 3015 2651 Psalmodize,
3064 2599 3273 2656 preces,
3304 2596 3524 2655 patrum
3573 2603 3709 2641 con-

2102 2679 2313 2736 ventus,
2347 2671 2570 2727 fratrum
2601 2674 2885 2728 multitudo
2931 2681 3112 2738 tanta;
3156 2675 3272 2730 hare
3313 2676 3567 2746 inquam,
3603 2695 3710 2731 non

2102 2761 2222 2817 ideo
2261 2762 2476 2831 adsunt,
2520 2775 2576 2818 ut
2613 2763 2766 2830 fleas,
2810 2779 3038 2821 maereas
3083 2773 3136 2821 et
3173 2763 3492 2836 indigneris,
3527 2768 3629 2823 sed
3659 2780 3715 2823 nt

2099 2853 2299 2921 gratias
2328 2855 2378 2909 ei
2410 2869 2556 2926 agas,
2602 2857 2691 2926 qui
2723 2854 3030 2911 defunctum
3074 2857 3299 2926 accepit.
3331 2857 3713 2924 Quemadmo-

2101 2945 2226 3000 dum
2265 2948 2408 3002 enim
2452 2961 2567 3012 eos,
2594 2948 2685 3018 qui
2730 2946 2795 3001 ad
2839 2950 3202 3018 magistratum
3231 2961 3517 3016 vocantur,
3555 2955 3710 3007 multi

2099 3055 2222 3094 cum
2276 3039 2522 3094 laudibus
2570 3049 2623 3094 et
2673 3040 3059 3094 acclamatione
3106 3041 3464 3108 comitantur;
3536 3045 3610 3097 ita
3657 3057 3710 3099 et

2099 3139 2333 3196 sanctos,
2392 3131 2483 3200 qui
2529 3131 2896 3196 decesserunt,
2949 3139 3131 3200 utpote
3171 3133 3260 3201 qui
3308 3132 3374 3187 ad
3435 3137 3706 3203 majorem

2100 3235 2393 3279 evocentur
2421 3223 2701 3290 honorem,
2731 3239 2849 3278 cum
2880 3225 3084 3294 magnis
3113 3239 3300 3279 «mines
3321 3225 3590 3282 laudibus
3615 3228 3709 3282 de-

2099 3315 2316 3370 ducunt.

2173 3407 2316 3462 Mors
2352 3411 2490 3478 quies
2540 3408 2886 3463 est—Mors
2915 3409 3066 3479 quies
3104 3423 3202 3474 est,
3238 3420 3290 3466 et
3337 3427 3369 3466 a
3410 3414 3707 3471 sudoribus

2098 3500 2344 3568 curisque
2369 3498 2715 3553 saecularibus
2742 3497 3005 3553 liberatio.
3033 3497 3164 3553 Cum
3192 3498 3348 3570 igitur
3374 3517 3441 3556 ex
3475 3506 3704 3573 propin-

2098 3591 2214 3661 quis
2236 3591 2465 3661 aliquem
2489 3589 2684 3646 videris
2707 3589 2831 3645 hinc
2860 3589 3166 3657 abeuntem,
3200 3607 3265 3646 ne
3291 3593 3515 3663 indigne
3537 3594 3703 3662 feras,

2097 3683 2188 3738 sed
2215 3698 2590 3754 compungere,
2623 3682 2686 3737 ad
2716 3684 2940 3754 teipsum
2965 3684 3098 3748 redi,
3130 3687 3519 3742 conscientiam
3551 3703 3708 3744 scru-

2099 3785 2233 3840 tare,
2278 3777 2381 3831 hoc
2419 3777 2721 3840 considera,
2777 3778 2922 3832 brevi
2975 3793 3154 3845 parem
3213 3779 3304 3834 tibi
3349 3782 3703 3838 subeundum

2097 3882 2218 3923 esse
2259 3866 2440 3923 finem.
2473 3868 2882 3938 Temperantior
2918 3881 3056 3936 esto,
3090 3880 3144 3926 et
3171 3872 3394 3928 alterius
3421 3889 3602 3931 morte
3628 3879 3704 3932 ti-

2099 3974 2243 4013 mere
2273 3959 2440 4026 disce,
2465 3959 2724 4029 ignaviam
2770 3976 2986 4015 omnem
3025 3963 3273 4031 prmcide,
3303 3963 3441 4019 facta
3482 3977 3578 4022 tua
3603 3985 3701 4023 ex-

2099 4051 2286 4119 pende,
2321 4059 2495 4105 errata
2525 4053 2754 4122 corrige,
2781 4053 3035 4120 optimam
3075 4052 3158 4108 fac
3199 4071 3408 4111 morum
3439 4061 3704 4114 mutatio-

2099 4156 2242 4195 nem.
2272 4141 2383 4196 lloc
2408 4141 2475 4195 ab
2509 4140 2810 4196 infidelibus
2836 4142 3150 4206 differimus,
3180 4147 3321 4215 quod
3347 4147 3506 4202 aliter
3532 4161 3705 4219 atque

2096 4233 2170 4286 illi
2195 4232 2260 4286 de
2288 4232 2446 4286 rebus
2466 4231 2929 4301 ipsisjudicemus.
2961 4233 3193 4301 Respicit
3221 4235 3446 4292 infidelis
3475 4241 3701 4307 caelum,

2095 4329 2149 4378 et
2172 4323 2379 4389 adorat,
2411 4322 2554 4392 quod
2596 4323 2754 4378 deum
2799 4338 2919 4379 esse
2957 4325 3137 4380 credat
3173 4343 3186 4378 :
3219 4335 3415 4381 terram
3447 4331 3701 4398 respicit,

2097 4416 2373 4486 ipsamque
2396 4415 2545 4474 colit.
2575 4425 2630 4470 ct
2658 4415 2743 4480 iis,
2769 4432 2888 4486 qum
2914 4417 2965 4470 in
3006 4431 3221 4472 sensum
3244 4418 3459 4481 cadunt,
3496 4419 3700 4476 inhiat.

2097 4508 2166 4562 At
2194 4523 2292 4563 nos
2312 4520 2503 4562 secus:
2531 4507 2772 4563 videmus
2802 4508 2942 4562 enim
2973 4507 3183 4573 caelum,
3215 4519 3265 4564 et
3291 4509 3407 4576 ejus
3435 4513 3704 4579 Opifiecm

2096 4599 2422 4654 admiramur
2453 4618 2464 4652 :
2496 4599 2667 4669 ipsum
2697 4600 2890 4670 quippe
2931 4615 3035 4654 non
3063 4601 3240 4663 deum,
3269 4601 3364 4656 sed
3409 4602 3502 4658 Dei
3539 4607 3698 4675 Opiﬁ-

2096 4692 2236 4746 cium
2274 4703 2392 4746 esse
2422 4692 2712 4747 credimus.
2759 4691 2930 4747 Video
2963 4691 3217 4746 mundum
3261 4693 3599 4762 universum,
3635 4714 3696 4754 ac

2097 4796 2191 4852 per
2217 4782 2364 4837 illum
2390 4780 2626 4836 deducor
2681 4781 2744 4836 ad
2785 4791 3098 4838 creatorem.
3133 4781 3288 4838 Videt
3330 4784 3422 4840 ille
3449 4785 3701 4855 divitias,

2096 4874 2332 4945 ipsisque
2361 4873 2528 4928 inhiat
2567 4883 2622 4930 et
2647 4874 2970 4944 obstupescit
2999 4893 3011 4929 :
3037 4875 3194 4931 video
3240 4887 3292 4931 et
3319 4893 3420 4948 ego
3447 4878 3701 4947 divitias,

2095 4973 2149 5021 et
2177 4964 2393 5020 irrideo.
2424 4963 2582 5020 Videt
2621 4965 2708 5019 ille
2739 4975 3126 5036 paupertatem.
3146 4977 3199 5021 et
3227 4968 3538 5038 ingemiseit
3567 4989 3581 5024 :
3613 4975 3700 5027 vi-

2095 5056 2198 5109 deo
2223 5066 2276 5110 et
2305 5071 2403 5126 ego
2429 5063 2815 5125 paupertatem,
2844 5065 2896 5109 et
2917 5056 3145 5110 exsulto.
3173 5057 3292 5112 Alio
3307 5073 3430 5128 ego,
3459 5060 3573 5115 alio
3604 5062 3699 5117 ille

2096 5147 2257 5201 modo
2285 5162 2369 5202 res
2401 5147 2732 5216 inspicimus.
2775 5146 2864 5202 Sic
2896 5158 2950 5202 et
2993 5149 3045 5201 in
3076 5161 3248 5204 morte
3278 5166 3374 5204 nos
3401 5155 3648 5221 gerimus
3678 5171 3692 5206 :

2097 5239 2242 5293 videt
2287 5239 2377 5292 ille
2419 5249 2711 5303 mortuum,
2754 5248 2808 5292 et
2847 5248 3114 5293 mortuum
3158 5249 3352 5309 putat:
3385 5242 3551 5297 video
3593 5260 3693 5314 ego

2097 5341 2388 5397 mortuum,
2413 5342 2467 5386 et
2488 5347 2732 5385 somnum
2765 5347 2860 5401 pro
2903 5341 3076 5387 morte
3104 5333 3279 5388 video.
3323 5337 3400 5388 Ac
3427 5339 3692 5404 quemad-

2099 5423 2313 5477 modum
2346 5423 2398 5476 in
2429 5423 2596 5478 literis
2633 5424 2845 5489 accnlit,
2887 5432 2946 5479 ut
2975 5425 3161 5480 iisdem
3192 5426 3360 5479 oculis
3390 5427 3538 5496 ipsas
3571 5446 3688 5485 cer-

2097 5529 2304 5580 namus,
2335 5513 2474 5568 docti
2519 5523 2572 5569 et
2611 5514 2830 5578 indocti,
2881 5530 2980 5570 nec
3022 5515 3208 5570 eadem
3251 5527 3431 5572 tamen
3475 5531 3688 5585 mente;

2096 5606 2189 5660 sed
2206 5607 2294 5676 qui
2323 5605 2505 5660 literas
2535 5621 2639 5658 non
2668 5612 2881 5671 norunt,
2913 5621 3007 5660 eas
3036 5606 3206 5661 solum
3235 5623 3333 5676 pro
3361 5609 3560 5664 litteris
3593 5612 3688 5665 ha-

2098 5701 2283 5768 beant,
2319 5699 2406 5770 qui
2433 5711 2559 5752 vero
2604 5706 2823 5765 norunt,
2866 5711 3056 5769 magna
3087 5708 3202 5752 arte
3246 5714 3465 5754 sensqu
3498 5702 3554 5756 in
3590 5703 3683 5756 illis
