3828 6226
196 297 338 356 £019

198 415 309 468 Καὶ
345 414 472 477 τεὺς
513 411 876 485 ἐκϐληθέντας
912 415 972 468 οὐ
1020 415 1181 469 λυπεῖ
1209 412 1270 467 τὸ
1300 414 1608 484 γινόμενον,
1645 412 1779 466 άλλά

197 497 294 550 καί⁵
329 496 610 565 εὐφραίνει
655 496 838 551 πλέον·
889 497 950 550 οὐ
993 496 1103 569 γὰρ
1143 500 1210 569 τῇ
1246 497 1565 569 καθαιρέσει
1610 511 1784 567 προσ-

196 581 379 651 έχουσι
401 583 465 650 τῇ
486 579 814 652 βλεπομένῃ,
846 580 986 634 ἀλλά
1009 580 1108 652 τὴν
1131 580 1432 651 μέλλουσαν
1456 580 1785 650 οίκοδομὴνι

197 665 562 732 φαντάζονται
597 665 696 735 τὴν
734 667 794 718 οὐ
822 664 1179 737 βλεπομένην.
1214 663 1370 718 Οὕτω
1395 663 1459 735 δὴ
1491 665 1584 718 καὶ
1609 664 1786 727 ὀΘεὸς

197 750 374 801 ποιεῖν
439 747 648 819 μέλλων
689 748 950 802 καταλύει
993 749 1152 820 ἡμῶν
1200 748 1262 802 τὸ
1296 747 1490 820 σῶμα,
1539 749 1634 802 καὶ
1688 747 1784 820 τὴν

195 829 516 884 ἐνοικοῦσαν
545 833 601 883 ἐν
630 832 777 902 αὐτῷ
809 831 987 904 ψυχὴν
1013 833 1196 903 ἐξάγει
1223 833 1509 904 πρότερον,
1529 832 1783 904 καθάπερ

195 917 257 982 ἐξ
283 917 460 978 οἰκίας
481 916 645 980 τινὸς,
677 917 761 970 ἵνα
784 917 1172 989 λαμπροτέραν
1198 918 1367 987 αὐτὴν
1393 918 1779 989 οἰκοδομήσας,

201 997 341 1067 μετά
357 998 601 1062 πλείονος
639 1000 807 1069 αὐτὴν
823 1001 980 1069 δόξης
997 1002 1266 1073 εἰσαγάγῃ
1290 999 1472 1054 πάλιν.
1493 1001 1584 1071 Μὴ
1601 1001 1780 1054 τοίνυν

194 1085 263 1153 τῇ
300 1081 618 1152 καθαιρέσει
658 1083 1034 1155 προσέχωμεν,
1056 1083 1192 1137 ἀλλὰ
1227 1087 1292 1154 τῇ
1339 1083 1605 1156 μελλούσῃ
1639 1085 1782 1156 λαμ-

195 1164 444 1236 πρότητι.

268 1247 335 1318 β’.
353 1248 520 1302 Πάλιν
543 1249 834 1321 ἀνδριάντα
863 1267 946 1315 τις
975 1250 1113 1322 ἔχων
1138 1251 1200 1323 ίῷ
1215 1253 1306 1306 καὶ
1326 1253 1503 1324 χρόνῳ
1522 1253 1780 1326 διεφθαρ-

197 1333 384 1402 μένον,
435 1333 528 1386 καὶ
562 1334 734 1388 πολλὰ
758 1334 866 1388 τῶν
900 1335 1082 1406 μερῶν
1122 1336 1614 1408 ἀποτεθλασμένον,
1650 1355 1780 1392 συν-

192 1415 392 1486 τρίψας
430 1415 591 1470 αὐτὸν
621 1419 701 1480 είς
754 1421 1120 1490 χωνευτήριον
1163 1418 1444 1488 ἐμϐάλλει,
1477 1422 1571 1474 καὶ
1610 1421 1779 1493 τήξας

193 1499 361 1553 αὐτὸν
429 1499 702 1572 ἀκριϐῶς,
766 1499 909 1554 οὕτω
979 1501 1362 1574 λαμπρότερον
1429 1504 1776 1560 ἀποδίδωσιν.

197 1582 412 1655 Ὠσπερ
434 1580 524 1637 οῦν
553 1585 584 1654 ή
624 1584 681 1636 ἐν
718 1583 795 1655 τῷ
835 1587 1185 1658 χωνευτηρίῳ
1225 1587 1483 1659 συντριϐὴ
1512 1589 1610 1642 οὐκ
1640 1591 1779 1658 ἀφα-

193 1667 408 1736 νισμός,
437 1667 571 1720 ἀλλά
600 1668 996 1738 ἀνακαινισμός
1048 1668 1131 1734 τίς
1165 1670 1280 1723 ἐστι
1321 1669 1415 1722 τοῦ
1465 1671 1780 1742 ἀνδριάντος

193 1750 430 1802 ἐκείνου·
456 1748 598 1801 οὕτω
622 1749 847 1804 καὶτῶν
881 1750 1166 1820 ἡμετέρων
1195 1755 1462 1822 σωμάτων
1492 1756 1519 1806 6
1549 1753 1780 1818 θάνατος

192 1832 294 1885 οὐκ
317 1831 564 1885 ἀπώλειά
590 1833 671 1896 τίς
697 1833 863 1895 ἐστιν,
882 1833 1017 1886 ἀλλὰ
1052 1834 1374 1899 ἀνανέωσις.
1403 1836 1570 1890 Ὅταν
1598 1837 1778 1891 τοίνυν

195 1915 333 1986 ἴδῃς,
376 1914 629 1986 καθάπερ
676 1916 735 1968 ἐν
768 1915 1140 1988 χωνευτηρίῳ,
1174 1919 1588 1990 καταρρέουσαν
1621 1921 1776 1990 ήμῶν

191 1997 292 2066 τὴν
331 1998 506 2068 σάρκα
533 1999 628 2050 καὶ
659 1998 996 2070 σηπομένην,
1019 2000 1092 2070 μὴ
1124 2003 1254 2071 στῇς
1284 2001 1448 2072 μέχρι.
1474 2001 1574 2072 τῆς
1603 2001 1778 2071 ὄψεως

192 2079 417 2149 ταύτης,
449 2080 584 2133 ἀλλὰ
609 2081 710 2152 τὴν
739 2081 1110 2152 ἀναχώνευσιν
1138 2083 1394 2153 ἀνάμενε·
1416 2084 1512 2137 καὶ
1537 2085 1671 2155 μηδὲ
1698 2085 1783 2155 τῷ

197 2162 386 2232 μέτρῳ
414 2162 508 2214 τοῦ
553 2163 996 2236 παραδείγματος
1027 2167 1305 2238 ἀρκεσθῇς
1329 2168 1525 2239 τούτῳ,
1553 2168 1670 2222 ἀλλ’
1685 2170 1778 2223 ἐπὶ

190 2244 256 2298 τὸ
283 2245 546 2317 πρότερον
581 2246 810 2317 πρόελθε
841 2247 918 2318 τῷ
951 2248 1115 2318 λόγῳ,
1166 2247 1222 2302 Ὁ
1255 2249 1356 2320 μὲν
1391 2249 1500 2321 γάρ
1526 2250 1772 2322 ἀνδριανο

190 2328 412 2390 τοποιδς
470 2328 702 2399 χαλκοῦν
758 2329 1011 2400 ἐμϐαλὼν
1066 2331 1254 2401 σῶμα,
1307 2334 1366 2385 οὐ
1417 2332 1650 2403 χρυσοῦν
1685 2335 1778 2387 καὶ

192 2410 466 2465 ἀθάνατόν
490 2429 571 2465 σοι
595 2413 889 2466 ἀποδίδωσι
915 2414 1006 2466 τὸν
1037 2415 1350 2487 ἀνδριάντα,
1379 2417 1515 2471 ἀλλά
1543 2417 1778 2488 χαλκοῦν

191 2493 487 2565 ἐργάζεται
525 2495 705 2549 πάλιν·
734 2495 762 2547 6
793 2495 848 2548 δὲ
870 2495 1000 2560 Θεὸς
1033 2497 1131 2567 οὐχ
1156 2497 1346 2561 οὕτως,
1390 2499 1526 2554 ἀλλά
1555 2502 1779 2571 πήλινον

192 2576 291 2629 καὶ
343 2576 534 2646 θνητὸν
578 2576 836 2646 ἐμϐαλὼν
871 2579 1048 2649 σῶμα,
1101 2581 1338 2650 χρυσοῦν
1384 2585 1480 2636 καὶ
1513 2585 1779 2638 ἀθάνατον

191 2657 491 2711 ἀποδίδωσί
549 2675 629 2712 σοι
682 2661 776 2714 τὸν
832 2662 1160 2732 ἀνδριάντα·
1208 2664 1447 2734 φθαρτὸν
1499 2667 1668 2738 γάρὴ
1704 2667 1778 2737 γῆ

189 2740 459 2810 δεξαμένη
493 2741 555 2792 τὸ
583 2741 740 2812 σῶμα
772 2747 861 2795 καὶ
888 2744 1174 2814 ἐπίκηρον,
1214 2745 1489 2817 ἄφθαρτον
1524 2750 1618 2801 καὶ
1644 2751 1780 2820 ἀκή-⁵

193 2840 357 2894 ρατον
389 2823 680 2877 ἀποδίδωσι
709 2826 770 2878 τὸ
795 2827 945 2880 αὐτό.
978 2828 1068 2897 Μὴ
1118 2830 1296 2882 τοίνυν
1322 2831 1436 2902 ἴδῃς
1458 2833 1661 2885 ἐκεῖνον
1686 2832 1778 2885 τὸν

194 2908 482 2980 μεμυκότα
535 2910 660 2972 τοὺς
710 2910 1045 2980 ὀφθαλμοὺς,
1080 2911 1173 2965 τὸν
1228 2915 1442 2982 ἄφωνον
1491 2917 1775 2986 κείμενον,

186 2991 330 3046 ἀλλά
386 2992 478 3045 τὸν
527 2992 920 3062 ἀνιστάμενον,
963 2995 1054 3046 τὸν
1110 2997 1567 3068 ἀπολαμϐάνοντα
1616 3001 1776 3068 δόξαν

190 3075 433 3147 ἄρρητον
462 3075 555 3128 καὶ
597 3077 844 3146 φρικώδη
894 3079 989 3130 καὶ
1035 3079 1375 3152 θαυμαστὴν,
1412 3084 1506 3137 καὶ
1545 3085 1652 3138 ἀπὸ
1679 3085 1779 3156 τῆς

190 3159 477 3230 παρούσης
508 3159 684 3228 ὂψεως
734 3162 874 3230 πρὸς
928 3163 1027 3230 τὴν
1077 3163 1378 3232 μέλλουσαν
1423 3166 1618 3221 ἐλπίδα
1649 3186 1777 3239 μετ-

190 3243 366 3310 άγαγε
401 3247 523 3305 τοὺς
557 3242 875 3312 λογισμούς.
929 3245 1088 3298 Ἀλλά
1140 3247 1428 3317 συνήθειαν
1473 3250 1772 3322 ἐπιζητεῖς,

189 3329 288 3379 καὶ
316 3326 404 3378 διὰ
442 3325 602 3379 τοῦτο
623 3326 788 3398 ὀδύρῃ
823 3329 919 3380 καὶ
947 3327 1168 3400 θρηνεῖς
1191 3347 1205 3396 ;
1245 3331 1354 3384 Καὶ
1377 3332 1493 3396 πῶς
1519 3334 1620 3387 οὐκ
1649 3337 1773 3390 ἆτο-

191 3427 316 3472 πον,
348 3411 397 3462 εί
436 3411 533 3480 μὲν
559 3412 777 3481 νυμφίῳ
805 3411 866 3464 τὸ
908 3412 1203 3482 θυγάτριον
1223 3414 1393 3486 δοίης,
1436 3412 1556 3470 εἶτα
1593 3419 1775 3474 λαϐὼν

189 3496 271 3556 είς
305 3494 520 3564 μακρὰν
545 3495 749 3557 ἐκεῖνος
775 3495 1002 3548 ἀπέλθοι
1028 3497 1232 3567 χώραν,
1263 3501 1358 3552 καὶ
1387 3501 1566 3566 καλῶς
1599 3505 1774 3574 πράτ-

188 3595 300 3630 των
325 3577 616 3648 διατελοίη.
638 3577 804 3649 μηδὲν
831 3579 1081 3648 ἡγεῖσθαι
1116 3581 1289 3634 δεινὸν
1305 3584 1365 3635 τὸ
1381 3588 1772 3657 γεγενημένον,

187 3663 257 3731 τῇ
288 3659 385 3724 τῆς
414 3661 724 3731 εὐπραγίας
761 3663 918 3735 φήμῃ
953 3665 1392 3734 παραμυθεῖσθαι
1437 3668 1536 3736 τῆς
1569 3670 1774 3742 ἀποδη-

193 3744 322 3815 μίας
357 3744 458 3796 τίν
495 3743 752 3814 ἀθυμίαν·
785 3743 1018 3798 ἐνταῦθα
1049 3745 1104 3798 δὲ
1151 3746 1252 3800 οὐκ
1303 3749 1614 3819 ἀνθρώπου,
1651 3754 1775 3806 οὐδὲ

190 3825 480 3879 συνδούλου
506 3827 670 3891 τινὸς,
707 3827 822 3879 ἀλλ’
853 3828 1020 3880 αὐτοῦ
1052 3828 1147 3880 τοῦ
1194 3832 1467 3885 Δεσπότου
1519 3833 1774 3900 λαϐόντος

188 3910 281 3960 τῖιν
312 3909 652 3979 προσήκοντα
671 3947 686 3971 ,
712 3909 901 3977 ἀλγεῖν
939 3914 1033 3963 καὶ
1055 3911 1370 3983 ὀδύρεσθαις

261 3991 372 4043 Καὶ
397 3990 513 4053 πῶς
543 3990 653 4047 οἶόν
679 4007 760 4055 τε,
796 3992 953 4062 φησὶ,
988 3994 1061 4065 μὴ
1091 3995 1276 4064 ἀλγεῖν
1302 3998 1586 4069 ἄνθρωπον
1611 4001 1770 4067 bna;

191 4072 326 4126 Οὐδὲ
354 4072 466 4140 ἐγὼ
508 4072 667 4126 τοῦτο
697 4074 842 4143 λέγω
863 4092 878 4107 ·
913 4077 1036 4130 οὐδὲ
1068 4078 1168 4148 τὴν
1198 4077 1454 4148 ἀθυμίαν,
1501 4080 1638 4135 ἀλλά
1671 4085 1772 4156 τὴν

189 4161 438 4212 ἐπίτασιν
467 4160 566 4229 τῆς
609 4158 848 4229 ἀθυμίας
881 4160 1122 4231 ἀναιρῶ·
1156 4162 1218 4214 τὸ
1263 4164 1363 4233 μὲν
1397 4164 1506 4236 γὰρ
1542 4167 1772 4237 ἀθυμεῖν

188 4245 288 4314 τῆς
331 4244 578 4313 φύσεως,
622 4243 683 4296 τὸ
720 4243 778 4296 δὲ
819 4243 961 4314 πέρα
1003 4243 1098 4298 τοῦ
1137 4245 1336 4318 μέτρου
1385 4249 1541 4303 τοῦτο
1597 4254 1772 4305 ποιεῖν

195 4327 388 4391 τιινίας
427 4329 523 4380 καὶ
561 4328 984 4399 παραφροσύνης
1023 4331 1118 4383 καὶ
1162 4331 1530 4398 γυναικώδους
1566 4333 1767 4407 ψυχῆς.

193 4410 486 4479 Ἀλγησον,
533 4409 821 4480 δάκρυσον,
867 4410 1002 4464 ἀλλά
1048 4414 1122 4486 μὴ
1171 4415 1641 4491 ἀποδυσπετήσῃς,
1694 4422 1769 4492 μὴ

186 4494 559 4565 δυσχεράνῃς,
625 4495 699 4565 μὴ
766 4495 1186 4569 ἀγανακτήσῃς·
1245 4499 1638 4572 εὐχαρίστησον
1689 4505 1771 4575 τῷ

187 4578 538 4643 λαμϐάνοντι,
570 4577 653 4630 ἵνα
691 4577 841 4649 [765]
877 4581 1163 4653 κοσμήσῃς
1195 4581 1286 4634 τὸν
1318 4583 1642 4650 ἀπελθόντα,
1674 4591 1767 4642 καὶ

187 4659 418 4730 λαμπρὰ
466 4658 638 4712 ταῦτα
688 4661 837 4730 αὐτῷ
887 4663 1192 4734 συμπέμψῃ
1240 4666 1489 4734 ἐντάφια.
1520 4670 1617 4720 Ἂν
1666 4671 1767 4740 μὲν

185 4743 298 4812 γάρ
329 4742 684 4814 δυσχεράνῃς,
721 4745 972 4798 κάκεῖνον
1011 4746 1378 4818 καθύϐρισας,
1420 4751 1514 4803 καὶ
1553 4752 1644 4806 τὸν
1672 4753 1768 4808 λα-

187 4827 352 4878 ϐόντα
395 4825 753 4896 παρώξυνας,
802 4831 894 4882 καὶ
945 4831 1142 4884 σαυτὸν
1196 4833 1569 4903 κατέϐλαψας·
1614 4839 1680 4892 ἂν
1712 4840 1766 4895 δὲ

186 4913 608 4981 εὐχαριστήσῃς,
645 4913 896 4966 κάκεῖνον
929 4913 1263 4984 ἐκόσμησας,
1295 4916 1388 4968 καὶ
1417 4918 1507 4971 τὸν
1535 4919 1768 4978 λαϐόντα

185 4993 478 5058 ἐδόξασας,
528 4996 620 5047 καὶ
664 4997 860 5048 σαυτὸν
909 4997 1218 5068 ὠφέλησας.
1275 5000 1555 5071 Δάκρυσον
1613 5005 1688 5070 ὡς
1738 5012 1766 5063 ὁ

184 5081 462 5146 Δεσπότης
507 5095 599 5130 σου
651 5079 916 5148 ἐδάκρυσε
958 5081 1050 5134 τὸν
1075 5081 1349 5152 Λάζαρον,
1387 5085 1560 5157 μέτρα
1598 5090 1767 5155 τιθεὶς

185 5164 318 5230 ἡμῖν
351 5165 444 5216 καὶ
487 5163 717 5226 κανόνας
751 5165 844 5217 καὶ
879 5167 1040 5236 ὅρους
1087 5168 1346 5238 ἀθυμίας,
1379 5169 1472 5233 οὕς
1505 5173 1765 5244 ὑπερϐαί-

183 5261 299 5298 νειν
339 5247 400 5298 οὐ
447 5246 546 5298 δεῖ.
584 5245 742 5299 Οὕτω
776 5248 868 5301 καὶ
921 5249 1132 5314 Παῦλος
1178 5249 1328 5306 εἶπε·
1362 5257 1500 5326 Περὶ
1537 5256 1605 5309 δὲ
1649 5258 1766 5312 τῶν

183 5329 648 5398 κεκοιμημένων,
678 5333 858 5401 φησὶν,
889 5335 960 5386 οὐ
991 5334 1142 5389 θέλω
1183 5337 1338 5406 ὑμᾶς
1369 5343 1630 5410 ἀγνοεῖν,
1663 5345 1764 5400 ἵνα

176 5412 267 5482 μὴ
313 5413 624 5482 λυπῆσθε,
669 5416 750 5481 ὡς
794 5416 890 5470 καὶ
943 5420 996 5470 οἱ
1048 5421 1248 5473 λοιποί
1302 5426 1354 5477 οἱ
1395 5424 1480 5493 μὴ
1520 5425 1766 5495 ἔχοντες

180 5495 422 5549 ἐλπίδα.
445 5498 652 5564 Λυποῦ,
671 5500 856 5568 φησὶν,
881 5500 1018 5554 ἀλλά
1036 5502 1110 5574 μὴ
1127 5504 1201 5566 ὡς
1220 5505 1418 5577 Ἕλλην
1443 5510 1471 5558 6
1487 5509 1764 5578 ἀπογινώ-

184 5594 332 5632 σκων
359 5580 730 5647 ἀναστάσεως,
753 5585 781 5636 6
803 5583 1122 5649 ἀπελπίζων
1139 5588 1237 5658 τὴν
1265 5588 1562 5657 μέλλουσαν
1590 5593 1758 5665 ζωήν.

249 5713 276 5745 δ
304 5713 441 5763 l'nus
461 5716 735 5778 dxoaopﬁv,
763 5719 886 5768 alius
913 5720 1294 5784 οἰκοδομηθῆναι,
1321 5725 1442 5773 alius
1465 5729 1733 5790 οἶκοξομεῖν

1436 297 1525 351 DE
1563 295 1841 353 LAZARO
1879 295 2126 354 CONCIO
2169 299 2228 355 ν.

3341 311 3360 364 1
3373 313 3478 368 υτ.ίο

1893 413 2252 485 Αἰσχύνομαι,
2295 416 2639 484 πιστεύσατε,
2678 421 2774 474 καὶ
2810 421 3066 492 ἐρυθριῶ,
3098 423 3184 478 διὰ
3216 425 3316 496 τῆς
3345 427 3474 495 d170-

1892 497 1990 565 ρᾶς
2029 498 2221 570 χοροὺς
2252 501 2529 568 γυναικῶν
2577 503 2721 574 δρῶν
2773 505 3240 575 ἀσχημονοῦντας,
3285 510 3474 579 τρίχας

1886 580 2223 665 τιλλομένας,
2259 582 2551 654 βραχίονας
2577 588 2940 658 τεμνομένας,
2973 591 3202 661 παρειὰς
3233 610 3479 665 0739::-

1886 663 2139 734 τομένας,
2197 667 2299 718 ὐπὸ
2350 670 2462 732 τοῖς
2495 667 2796 739 ὀφθαλμοῖς
2846 671 2954 725 τῶν
2988 671 3254 739 Ἑλλήνων
3301 663 3480 729 ταῦτα

1886 747 2165 818 γινόμενα.
2217 749 2280 801 Τί
2337 751 2445 822 γὰρ
2502 753 2602 804 οὐκ
2656 753 2872 824 ἐροῦσιν
2927 758 3158 821 ἐκεῖνοι;
3206 757 3258 809 τί
3308 758 3366 810 δὲ
3413 761 3476 813 οὐ

1886 828 2208 899 φθέγξονται
2253 834 2382 902 περὶ
2413 833 2600 905 ήμῶν;
2633 831 2792 888 Οὕτοί
2826 839 2966 889 είσιν
2999 840 3046 890 οί
3087 841 3215 910 περὶ
3248 840 3476 894 ἀναστά-

1886 928 2025 977 σεως
2061 915 2514 984 φιλοσοφοῦντεςς
2573 918 2719 971 Πάνυ
2773 936 2854 987 γε.
2892 921 2968 972 Οὐ
3018 921 3126 990 γάρ
3185 923 3473 993 συμϐαίνει

1882 999 1996 1060 τοῖς
2024 997 2256 1068 δόγμασι
2302 1000 2370 1053 τά
2401 1009 2698 1071 γινομενα-
2731 1003 2789 1056 ἐν
2818 1005 3024 1074 ῥήμασι
3069 1005 3136 1058 τά
3171 1007 3298 1077 περὶ
3340 1009 3474 1061 ἀνα-

1886 1080 2128 1145 στάσεως
2164 1083 2536 1152 φιλοσοφοῦσι,
2566 1087 2660 1138 καὶ
2702 1089 2759 1140 ὲν
2794 1090 2904 1150 τοῖς
2938 1089 3227 1159 πράγμασι
3256 1091 3324 1144 τά
3365 1091 3474 1145 τῶν

1883 1165 2280 1232 ἀπεγνωκότων
2325 1168 2601 1222 ποιοῦσιν·
2642 1171 2690 1222 εί
2722 1170 2986 1242 ἐθάρρουν
3029 1167 3192 1237 οῦτοι,
3225 1175 3306 1226 ὅτι
3342 1175 3474 1229 ἀνά-

1885 1246 2074 1309 στασίς
2121 1251 2304 1312 ἐστιν,
2357 1251 2458 1304 οὐκ
2509 1250 2574 1304 ἂν
2620 1251 2792 1304 ταῦτα
2842 1253 3132 1323 ἐποίησαν·
3185 1257 3232 1307 εί
3281 1274 3473 1309 πεπει-

1883 1330 2039 1394 κότες
2065 1326 2204 1402 ἦσαν
2233 1333 2477 1397 ἑαυτοὺς,
2505 1335 2587 1388 ὅτι
2617 1335 2752 1407 πρὸς
2785 1336 3030 1405 βελτίονα
3057 1338 3206 1408 λῆξιν
3231 1339 3474 1409 ἀπῆλθεν

1882 1409 2066 1477 οὕτος,
2111 1415 2212 1467 οὐκ
2246 1414 2312 1468 ἂν
2355 1415 2686 1487 ἐθρήνησαν.
2728 1418 2916 1471 Ταῦτα
2962 1421 3057 1473 καὶ
3097 1420 3317 1473 πλείονα
3348 1421 3472 1474 τού·

1881 1513 1990 1549 των
2021 1496 2268 1565 λέγουσιν
2294 1499 2344 1551 οἱ
2368 1500 2586 1553 ἄπιστοι
2611 1501 2717 1554 τῶν
2756 1500 2970 1572 θρήνων
3000 1503 3224 1557 ἐκείνων
3251 1504 3474 1557 ἀκούον-

1881 1595 1992 1641 τες.
2028 1579 2424 1650 Αἰσχυνώμεθα
2457 1582 2655 1649 τοίνυν,
2687 1585 2783 1638 καὶ
2838 1585 3230 1657 σοφρωνῶμεν,
3262 1588 3357 1640 καὶ
3392 1589 3467 1659 μὴ

1880 1661 2148 1732 τοσαύτην
2196 1662 2290 1716 καὶ
2343 1665 2557 1728 ἑαυτοῖς
2611 1667 2854 1731 καὶτοῖς
2899 1668 3070 1740 ὁρῶσι
3121 1670 3470 1740 προξενῶμεν

1879 1745 1978 1814 τὴν
2035 1744 2264 1814 βλάϐην.
2300 1745 2456 1809 Τίνος
2489 1746 2598 1816 γάρ
2624 1747 2827 1802 ἕνεκεν.
2871 1751 2992 1802 εἰπέ
3050 1767 3174 1820 μοι,
3209 1752 3470 1822 δακρύεις

1880 1825 2021 1880 οὕτω
2053 1828 2144 1880 τὸν
2183 1827 2520 1895 ἀπελθόντας
2567 1832 2649 1883 ὅτι
2690 1833 2926 1904 πονηρὸς
2973 1828 3077 1904 ἦν;
3125 1834 3334 1887 Οὐκοῦν
3380 1835 3471 1888 διά

1879 1909 2038 1961 τοῦτο
2085 1911 2426 1980 εὐχαριστεῖν
2458 1913 2557 1976 δεῖ,
2607 1914 2691 1966 ὅτι
2731 1916 2966 1987 ἐνεκόπη
3025 1916 3095 1968 τὰ
3133 1916 3233 1986 τῆς
3270 1919 3466 1981 κακίας

1881 1991 2048 2061 αὐτῷ.
2095 1993 2253 2046 Ἀλλά
2298 1994 2533 2065 χρηστὸς
2565 1996 2658 2048 καὶ
2696 1999 2982 2069 ἐπιεικής;
3020 1998 3131 2052 Καὶ
3173 2000 3260 2054 διὰ
3309 2001 3468 2054 τοῦτο

1879 2074 2090 2154 χαίρειν
2119 2076 2218 2141 δεῖ,
2262 2077 2343 2130 ὅτι
2392 2077 2598 2147 ταχέως
2639 2079 2884 2150 ήρπάγη,
2935 2082 3064 2152 πρὶν
3112 2081 3144 2152 ἢ
3184 2085 3249 2153 τῇ
3296 2084 3467 2154 κακίᾳ

1881 2147 2086 2229 ἀλλάξῃ
2131 2159 2368 2220 σύνεσιν,
2419 2161 2511 2212 καὶ
2547 2147 2791 2230 ἀπῆλθεν
2824 2147 2902 2225 είς
2953 2147 3153 2234 χωρίον
3196 2147 3325 2218 ἔνθα

1882 2241 2182 2309 ἀσφαλείας
2223 2241 2408 2295 λοιπὸν
2448 2243 2668 2313 ἕστηκε,
2719 2245 2813 2297 καὶ
2848 2246 3149 2318 μεταϐολὴν
3189 2249 3288 2302 οὐκ
3321 2250 3467 2304 ἐστιν

1885 2323 2228 2377 ὑποπτεῦσαι
2262 2343 2405 2380 τινα.
2445 2325 2604 2378 Ἀλλά
2638 2327 2754 2391 νέος
2787 2323 2884 2396 ἦν;
2924 2329 3152 2384 Καὶ·δά
3193 2331 3351 2385 τοῦτο
3381 2334 3467 2386 δό-

1882 2406 2043 2472 ξασον
2083 2407 2172 2460 τὸν
2199 2407 2452 2471 λαϐόντα,
2479 2409 2562 2461 ὃτι
2599 2411 2807 2479 ταχέως
2851 2411 3011 2465 αὐτὸν
3055 2415 3188 2486 πρὸς
3217 2417 3316 2484 τὴν
3349 2416 3467 2486 βελ-

1879 2489 2029 2542 τίονα
2079 2489 2234 2561 λῆξιν
2275 2491 2555 2544 ἐκάλεσεν.
2598 2493 2758 2546 Ἀλλά
2812 2496 3170 2566 γεγηρακώς;
3224 2499 3332 2551 Καὶ
3379 2499 3466 2553 διὰ

1878 2572 2037 2624 τοῦτο
2067 2573 2481 2642 εὐχαρίστησον,
2510 2575 2604 2627 καὶ
2630 2575 2723 2628 τὸν
2755 2575 2988 2630 λαϐόντα
3021 2578 3244 2642 δόξασον
3281 2582 3463 2636 πάλιν.

1878 2653 2208 2724 Αίσχύνθητι
2249 2653 2311 2705 τὸ
2349 2655 2535 2724 σχῆμα
2580 2657 2680 2726 τῆς
2710 2660 2978 2729 ἐκφορᾶς·
3009 2661 3336 2733 ψαλμῳδίαι,
3371 2666 3466 2718 καὶ

1880 2736 2066 2804 εὐχαὶ,
2105 2736 2199 2789 καὶ
2240 2737 2493 2808 πατέρων
2539 2738 2812 2808 σύλλογος,
2859 2743 2955 2794 καὶ
2987 2743 3189 2813 πλῆθος
3223 2746 3469 2816 ἀδελφῶν

1878 2819 2151 2884 τοσοῦτον,
2195 2819 2294 2888 οὐχ
2329 2820 2415 2872 ἵνα
2458 2821 2650 2893 κλαίῃς
2695 2824 2788 2876 καὶ
2820 2824 2988 2898 ὀδύρῃ
3029 2827 3123 2879 καὶ
3164 2829 3468 2884 ἀποδυσπε-

1876 2905 1997 2972 τῇς,
2032 2903 2148 2985 ἀλλέ
2180 2903 2267 2957 ἵνα
2298 2903 2629 2975 εὐχαριστῇς
2667 2905 2746 2975 τῷ
2775 2906 3014 2962 λαϐόντι.
3058 2911 3326 2983 Καθάπερ
3355 2914 3466 2985 γάρ

1876 2986 2003 3049 τοὺς
2057 2984 2145 3038 ἐπ’
2173 2985 2348 3057 ἀρχὴν
2402 2987 2772 3058 καλουμένους
2830 2990 3018 3045 πολλοὶ
3077 2984 3464 3066 προπέμπουσι

1875 3070 1996 3130 ταῖς
2031 3069 2350 3139 εὐφημίαις,
2385 3069 2530 3122 οὕτω
2560 3073 2652 3125 καὶ
2684 3074 2792 3127 τῶν
2828 3075 2998 3143 ἁγίων
3025 3078 3150 3140 τοὺς
3180 3079 3462 3144 ἀπιόντας.

1877 3148 1974 3234 άτε
2026 3151 2120 3203 ἐπὶ
2179 3151 2399 3221 μείζονα
2453 3153 2754 3224 κληθέντας
2815 3158 3001 3227 τιμὴν,
3059 3161 3197 3229 μετά
3262 3162 3466 3234 πολλῆς

1877 3231 2118 3297 ἅπαντες
2146 3235 2537 3305 προπέμπουσι
2565 3237 2666 3306 τῆς
2697 3240 2996 3310 εὐφημίας.

1960 3317 2289 3382 Ἀνάπαυσίς
2327 3321 2474 3372 ἐστιν
2500 3321 2528 3372 6
2556 3319 2807 3385 θάνατος,
2843 3323 3080 3394 ἱδρώτων
3111 3326 3204 3378 καὶ
3248 3328 3465 3398 φροντί-

1875 3400 1984 3453 δων
2029 3401 2283 3470 βιοτικῶν
2331 3402 2645 3474 ἀπαλλαγή.
2681 3405 2848 3458 Ὅταν
2895 3403 2988 3460 οὖν
3033 3409 3148 3478 ἴδῃς
3185 3411 3308 3462 τινὰ
3354 3412 3465 3466 τῶν

1876 3485 2260 3554 προσηκόντων
2305 3485 2608 3539 ἀπελθόντα
2645 3488 2928 3554 ἐντεῦθεν,
2973 3492 3047 3560 μὴ
3094 3493 3463 3566 δυσχεράνῃς⁹

1875 3565 2015 3619 ἀλλά
2065 3568 2427 3638 κατανύγηθι,
2465 3569 2602 3640 πρὸς
2651 3573 2876 3625 σεαυτὸν
2910 3574 3191 3639 ἐπάνελθε,
3228 3576 3288 3629 τὸ
3340 3565 3466 3631 συν-

1877 3650 2014 3713 ειδὺς
2047 3651 2324 3714 ἐξέτασον.
2359 3654 2633 3725 σκόπησον
2674 3657 2754 3710 ὅτι
2795 3657 2889 3710 καὶ
2921 3658 2980 3710 σὲ
3013 3660 3208 3730 μικρὸν
3238 3660 3465 3734 ὕστερον

1874 3731 2033 3785 τοῦτο
2069 3733 2221 3803 μένει
2251 3733 2314 3787 τὸ
2339 3736 2515 3800 τέλος.
2545 3737 2710 3792 Γενοῦ
2741 3741 3178 3812 σωφρονέστερος
3199 3744 3290 3797 καὶ
3315 3731 3464 3810 δέξαι

1876 3815 2043 3882 φόϐον
2085 3817 2194 3868 ἀπὸ
2233 3817 2334 3886 τῆς
2367 3818 2552 3890 ἐτέρου
2590 3821 2873 3892 τελευτῆς,
2906 3824 3002 3876 καὶ
3049 3826 3320 3896 ῥᾳθυμίαν
3360 3846 3462 3882 πε·

1879 3897 2101 3986 ρίκοψον
2132 3898 2372 3986 ἀπασαν,
2415 3902 2734 3986 ἀναλόγισαι
2772 3905 2841 3958 τά
2892 3909 3275 3977 πεπραγμένα,
3319 3911 3464 3986 διόρ-

1876 3978 2049 4068 θωσον
2086 3981 2156 4068 τὰ
2188 3984 2570 4068 ἡμαρτημένα,
2608 3987 2838 4058 ἀρίστην
2873 3990 3096 4060 ποίησον
3134 3978 3458 4068 μεταϐολήν.

1875 4062 2062 4132 Τούτῳ
2095 4063 2458 4135 διεστήκαμεν
2482 4068 2591 4120 τῶν
2624 4069 2888 4135 ἀπίστων,
2919 4071 2996 4141 τῷ
3031 4074 3240 4144 κρίσεις
3266 4062 3462 4149 ἐτέρας

1875 4146 2002 4216 περὶ
2052 4146 2162 4200 τῶν
2221 4149 2562 4219 πραγμάτων
2632 4151 2794 4222 ἔχειν.
2841 4155 2973 4226 Ὁρᾷ
3021 4157 3112 4210 τὸν
3156 4146 3384 4229 οὐρανὸν
3430 4164 3461 4216 ὁ

1873 4229 2132 4292 ἄπιστος,
2185 4232 2280 4282 καὶ
2328 4237 2660 4301 προσκυνεῖ·
2713 4236 2831 4289 θεὸν
2865 4238 2973 4308 γὰρ
3033 4236 3170 4294 εἷναι
3217 4242 3456 4313 νομίζει·

1873 4313 1977 4382 ὁρᾷ
2032 4313 2130 4382 τὴν
2179 4314 2302 4384 γῆν,
2353 4313 2503 4386 [766]
2544 4318 2639 4373 κα)⁵
2692 4319 3002 4390 θεραπεύει,
3057 4325 3149 4377 καὶ
3207 4326 3342 4397 πρὸς
3390 4330 3459 4384 τὰ

1874 4397 2107 4486 αἰσθητὰ
2140 4398 2387 4486 κέχηνεν.
2429 4401 2568 4454 Ἀλλ’
2601 4405 2760 4474 ἡμεῖς
2793 4407 2890 4477 οὐχ
2933 4408 3106 4473 οὕτως
3126 4427 3139 4439 ·
3171 4413 3286 4466 ἀλλ’
3319 4416 3458 4486 ὀρῶ-

1877 4496 1976 4548 μεν
2001 4481 2093 4533 τὸν
2121 4482 2367 4551 οὐρανὸν,
2410 4486 2503 4536 καὶ
2534 4486 2625 4538 τὸν
2659 4490 2995 4558 πεποιηκότα
3038 4493 3199 4546 αὐτὸν
3239 4481 3456 4568 θαυμά-

1876 4562 2074 4632 ζομεν·
2106 4565 2167 4616 οὐ
2199 4563 2307 4634 γάρ
2366 4565 2485 4619 θεὸν
2540 4569 2724 4633 αὐτὸν,
2783 4570 2898 4623 ἀλλ’
2950 4573 3110 4643 ἔργον
3149 4573 3287 4631 εἶναι
3318 4562 3457 4634 Θεοῦ

1874 4645 2344 4717 πεπιστεύκαμεν.
2387 4649 2528 4718 Ὀρῶ
2578 4651 2675 4720 τὴν
2728 4653 2904 4706 κτίσιν
2966 4656 3204 4723 ἅπασαν,
3259 4663 3350 4715 καὶ
3385 4663 3458 4716 δι’

1873 4728 2044 4817 aiax?“
2103 4731 2549 4817 X_aL9¢7m70590:
2587 4734 2733 4817 πρὸς
2789 4737 2880 4789 τὸν
2927 4738 3280 4812 δημιουργόν.
3322 4747 3457 4817 Ὁρᾷ

1872 4810 2101 4900 πλοῦτον
2130 4813 2358 4900 ἐκεῖνος,
2391 4817 2487 4900 καὶ
2532 4816 2728 4888 κέχηνε
2767 4821 2861 4873 καὶ
2887 4810 3302 4896 ἐκπέπληκται·
3343 4810 3453 4900 ὁρῶ

1872 4893 2102 4947 πλοῦτον
2147 4895 2277 4963 ἐγὼ,
2319 4896 2412 4950 καὶ
2447 4900 2754 4966 καταγελῶ.
2790 4903 2923 4974 Ὀρᾷ
2975 4893 3165 4962 πενίαν
3211 4893 3451 4978 ἐκεῖνος,

1871 4977 1966 5029 καὶ
2000 4977 2280 5064 ὀδύρεται·
2315 4979 2427 5064 ὁρῶ
2460 4981 2650 5035 πενίαν
2675 4983 2807 5052 ἐγὼ,
2837 4986 2932 5040 καὶ
2959 4989 3280 5064 ἀγάλλομαι.
3315 4977 3456 5050 Ἐτέέ

1874 5076 1981 5145 ρως
2010 5059 2121 5128 ἐγὼ
2157 5059 2338 5129 βλέπω
2365 5062 2436 5115 τὰ
2476 5065 2796 5135 πράγματα,
2842 5071 2935 5123 καὶ
2977 5059 3180 5145 ἑτέρως
3222 5079 3446 5142 ἐκεῖνος.

1869 5141 2028 5195 Οὕτω
2077 5145 2171 5196 καὶ
2218 5145 2308 5198 ἐπὶ
2353 5144 2447 5199 τοῦ
2499 5147 2730 5202 θανάτου
2779 5153 3040 5224 ποιοῦμεν
3063 5141 3081 5186 ’⁷
3124 5159 3225 5228 ὁρᾷ
3258 5141 3451 5231 νεκρόν

1870 5225 2093 5314 ἐκεῖνρς,
2142 5229 2234 5314 καί
2274 5228 2482 5314 νομίζει
2514 5235 2706 5303 νεκρὸν
2734 5231 2872 5290 εἶναι
2901 5257 2912 5268 -
2947 5241 3059 5310 ὁρῶ
3098 5225 3289 5314 νεκρὸν
3318 5225 3453 5314 ἐγὼ,

1870 5311 1962 5363 καὶ
2006 5310 2174 5365 ὕπνον
2207 5313 2329 5398 ἀντὶ
2376 5314 2606 5369 θανάτου
2645 5318 2846 5388 βλέπω.
2891 5324 3002 5377 Καὶ
3051 5310 3304 5398 καθάπερ
3355 5310 3449 5385 ἐπι

1869 5394 1976 5447 τῶν
2003 5396 2344 5480 γραμμάτων
2370 5401 2483 5463 τοῖς
2519 5400 2618 5471 μὲν
2646 5403 2828 5467 αὐτοῖς
2857 5406 3070 5478 ὁρῶμεν
3093 5409 3230 5464 αὐτά
3254 5394 3450 5480 ὀφθαλ-

1872 5480 1990 5566 μρῖς
2030 5479 2175 5566 οί-τε
2209 5481 2434 5566 είδότες,
2463 5483 2516 5535 οῖ
2547 5500 2607 5536 τε
2658 5486 2978 5554 ἀγνοοῦντες
3019 5492 3087 5546 τά
3121 5479 3446 5566 γράμματα,

1867 5560 1926 5612 οὐ
1952 5563 2018 5631 τῇ
2045 5562 2271 5651 αὐτῇμδὲ
2297 5565 2528 5651 διανοίᾳ,
2555 5567 2670 5651 ἀλλ’
2702 5571 2752 5621 οἱ
2787 5572 2886 5642 μὲν
2910 5574 3010 5626 οὐκ
3037 5560 3246 5640 ειδότες*
3269 5560 3449 5651 γράμλ

1873 5660 2037 5713 ματα,
2065 5645 2252 5712 άπλῶς
2291 5644 2433 5702 εἶναι
2471 5650 2753 5720 νομίζουσι
2798 5653 2867 5707 τὰ
2924 5656 3250 5728 βλεπόμενα,
3282 5644 3339 5714 ’δι
3383 5644 3448 5715 δέ

1874 5728 2222 5800 ἐπιστάμενοι
2255 5735 2392 5803 μετά
2440 5735 2640 5806 πολλῆς
2675 5738 2870 5810 τέχνης
2905 5741 2993 5794 τὸν
3027 5744 3446 5818 ἐναποκείμενοδ
