3860 6224
410 264 536 320 1021

407 376 529 432 νοῦν
554 373 929 442 ἀναλέγονταν
962 374 1106 427 οὕτω
1130 373 1194 445 δὴ
1238 374 1333 426 καὶ
1367 374 1459 425 ἐπὶ
1486 376 1593 426 τῶν
1634 376 1975 444 πραγμάτων

404 460 519 523 τοῖς
557 458 655 529 μέν
686 458 869 519 αὐτοῖς
915 445 1210 526 ὀφθαλμοῖς
1238 456 1453 527 ὁρῶμεν
1486 456 1554 507 τά
1588 455 1974 525 συμϐαίνοντα,

405 542 467 595 ού
516 544 583 611 τῇ
620 540 757 610 αὐτῇ
791 539 847 592 δέ
901 538 1109 610 διανοίᾳ
1153 539 1245 590 καὶ
1287 537 1501 610 γνώμῃ.
1553 538 1615 590 οι
1657 536 1834 590 τοίνυν
1882 537 1976 589 ἐπὶ

402 623 511 675 τῦν
567 622 741 676 ἄλλων
790 621 1043 675 ἁπάντων
1090 620 1432 692 διεστηκότες
1476 618 1677 684 αὐτῶν,
1731 621 1788 673 ἐν
1854 621 1975 682 ταῖς

404 706 532 775 ’περὶ
561 705 654 759 τοῦ
688 704 915 760 θανάτου
949 704 1314 774 συμπέσωμεν
1348 701 1576 773 ψήφοις,

378 786 381 789 ’
474 797 545 858 γ’.
576 789 856 859 Ἐννόησον
889 803 1026 857 προς
1049 787 1170 839 τίνα
1186 786 1419 856 ἀπῆλθε,
1452 787 1544 839 καὶ
1560 785 1690 838 λαϐὲ
1721 802 1977 855 παραμυ-

405 872 558 926 θίανο
615 873 743 926 ἔνθα
793 869 1002 934 Παῦλός
1036 872 1203 935 ἐστιν,
1257 869 1386 922 ἔνθα
1434 869 1658 939 Πέτρος,
1690 867 1818 922 ἔνθα
1868 868 1975 920 τῶν

406 958 574 1024 ἁγίων
599 956 628 1008 6
646 955 804 1027 χορὸς
824 954 999 1017 ἁπας·
1030 954 1281 1024 ἐννόησον
1304 951 1422 1015 πῶς
1449 952 1828 1021 ἀναστήσεται,
1854 950 1974 1019 μεθ’

402 1040 535 1108 ὅσης
560 1038 718 1106 δόξης
765 1038 859 1090 καὶ
906 1036 1289 1107 λαμπρότητος
1310 1051 1323 1065 ·
1378 1034 1629 1102 ἐννόησον
1653 1034 1734 1086 ὃτι
1765 1032 1974 1086 πενθῶν

403 1123 499 1176 καὶ
527 1120 849 1191 ὀδυρόμενος
881 1117 1003 1172 οὔτε
1032 1118 1093 1171 :6
1124 1116 1487 1188 γεγενημένον
1517 1117 1723 1186 δυνήσῃ
1754 1114 1974 1187 6:096:6-

407 1203 602 1257 σασθαι
632 1205 745 1267 τοῖς
788 1203 1062 1273 ὀδυρμοῖς,
1121 1201 1215 1253 καὶ
1251 1199 1445 1253 σαυτὸν
1494 1198 1861 1268 καταϐλάψεις
1906 1198 1976 1251 τὰ

403 1288 605 1358 ἔσχατα
624 1306 635 1320 ·
667 1286 917 1356 ἐννόησον
940 1285 1091 1347 τίνας
1123 1287 1260 1357 μιμῇ
1282 1282 1441 1336 τοῦτο
1468 1282 1657 1345 ποιῶν,
1682 1283 1778 1337 καὶ
1807 1282 1975 1351 φεῦγε

403 1373 501 1441 τὴν
520 1370 801 1423 κοινωνίαν
823 1371 921 1439 τῆς
947 1367 1235 1439 ἁμαρτίας.
1262 1366 1424 1429 Τίνας
1453 1364 1546 1419 οὖν
1583 1368 1723 1436 μιμῇ
1764 1366 1857 1418 καὶ
1880 1366 1976 1435 ζη-

402 1455 513 1518 λοῖς
539 1471 554 1519 ;
590 1453 727 1515 Τοὺς
760 1452 1023 1513 ἀπίστους
1049 1463 1098 1514 ⁸,
1124 1452 1247 1513 τοὺς
1281 1450 1381 1502 οὐκ
1403 1450 1625 1521 ἔχοντας
1649 1448 1859 1513 ἐλπίδα,
1879 1465 1976 1501 κα-

403 1537 579 1607 θάπερ
604 1537 697 1588 καὶ⁵
721 1535 749 1586 6
781 1533 989 1597 Παῦλος
1033 1527 1217 1586 εἶπεν·
1253 1532 1387 1586 Ἵνα
1437 1531 1514 1600 μὴ
1555 1530 1857 1600 λυπῆσθε,
1894 1531 1976 1596 ὡς

402 1622 501 1673 καὶ
533 1622 588 1671 οὶ
614 1617 811 1671 λοιποί
843 1619 897 1671 oi
917 1616 1004 1685 μὴ
1032 1615 1277 1684 ἔχοντες
1302 1616 1540 1670 ἐλπίδα.
1598 1616 1707 1669 Καὶ
1740 1614 1975 1685 πρόσεχε

399 1706 469 1774 τῇ
498 1702 591 1756 τοῦ
626 1702 864 1773 ῥήματος
890 1699 1173 1770 ἀκριϐείᾳο
1201 1700 1261 1751 06
1286 1699 1394 1770 γὰρ
1426 1698 1599 1760 εἶπεν,
1630 1700 1694 1751 Ol
1726 1698 1801 1770 μή
1828 1698 1975 1768 ἔχον-

400 1807 493 1853 τες
522 1789 712 1842 ἐλπίδα
736 1788 1103 1851 ἀναστάσεως,
1130 1786 1244 1840 ἀλλ’
1278 1785 1485 1849 ἁπλῶς,
1522 1789 1585 1839 Ol
1610 1784 1696 1854 μὴ
1729 1786 1976 1853 ἔχοντες

398 1872 637 1927 ἐλπίδα.
680 1873 738 1925 '0
758 1871 865 1941 γάρ
902 1870 1090 1923 ἐλπίδα
1118 1870 1217 1939 τῆς
1266 1870 1382 1922 ἐκεῖ
1428 1868 1659 1939 κρίσεως
1690 1868 1765 1939 μὴ
1796 1868 1935 1939 ἔχων
1957 1907 1972 1930 ,

400 1955 656 2026 οὐδεμίαν
681 1953 873 2008 ἐλπίδα
910 1952 1046 2024 εχει,
1078 1952 1185 2005 οὐδ’
1211 1953 1294 2005 ὃτι
1318 1951 1449 2014 Θεὸς
1476 1952 1625 2005 ἐστιν
1654 1948 1794 2004 οἶδεν
1814 1991 1829 2011 ,
1864 1951 1973 2004 οὐδ’

401 2041 485 2092 ὅτι
516 2040 822 2109 προνοεῖται
850 2036 959 2090 τῶν
999 2036 1281 2105 παρόντων
1330 2035 1701 2106 πραγμάτων,
1753 2034 1863 2086 οὐδ’
1890 2035 1973 2087 ὃτι

399 2123 469 2175 τά
498 2123 677 2176 πάντα
706 2121 826 2174 θεία
848 2138 932 2184 τις
954 2121 1126 2190 ἐφορᾷ
1154 2119 1299 2190 δίκη.
1344 2119 1402 2171 '0
1421 2118 1592 2170 ταῦτα
1617 2118 1673 2170 δὲ
1700 2118 1799 2170 οὐκ
1820 2118 1975 2182 είδὼς

400 2207 523 2261 οὐδὲ
554 2206 811 2277 νομίζων,
848 2204 1039 2274 θηρίου
1073 2202 1273 2262 παντός
1308 2203 1454 2254 ἐστιν
1486 2199 1843 2272 ἁλογώτερος,
1881 2204 1974 2254 καὶ

402 2291 600 2360 νόμους
622 2290 717 2343 καὶ
738 2289 1060 2359 δικαστήρια
1090 2287 1184 2340 καὶ
1206 2286 1439 2353 θεσμοὺς
1469 2286 1564 2338 καὶ
1580 2284 1757 2337 πάντα
1789 2285 1975 2349 ἁπλῶς

400 2374 470 2428 τά
492 2372 671 2441 ἁγαθὰ
700 2372 807 2426 ἀπὸ
835 2370 937 2439 τῆς
958 2372 1164 2433 οἰκείας
1192 2368 1441 2441 ἐξορίσας
1465 2369 1642 2439 ψυχῆς
1660 2385 1672 2397 ’
1702 2371 1730 2422 6
1756 2368 1865 2439 γὰρ
1898 2372 1972 2440 μὴ

402 2455 717 2529 προσδοκῶν
734 2455 961 2518 εὐθύνας
979 2455 1194 2524 ὑφέξειν
1218 2455 1325 2508 τῶν
1349 2456 1774 2527 πεπραγμένων,
1794 2457 1974 2526 πάσης

405 2542 503 2612 μὲν
534 2541 736 2612 ἀρετῆς
780 2537 1061 2606 ἀφέξεται,
1102 2539 1279 2608 πάσης
1312 2537 1369 2591 δὲ
1420 2538 1620 2602 κακίας
1673 2538 1970 2602 ἀνθέξεται.

285 2648 288 2650 τ
401 2623 570 2678 Ταῦτ’
591 2618 683 2676 οῦν
705 2623 1072 2692 ἐννοήσαντες,
1095 2621 1189 2673 καὶ
1212 2620 1309 2692 τὴν
1339 2619 1525 2674 ἁνοιαν
1553 2621 1647 2673 καὶ
1676 2620 1773 2690 τὴν
1795 2637 1973 2690 παρα-

402 2707 634 2780 πληξίαν
653 2706 761 2760 τῶν
790 2705 1073 2775 Ἑλλήνων,
1101 2699 1183 2767 οἷς
1209 2702 1570 2772 κοινωνοῦμεν
1595 2702 1682 2756 διὰ
1709 2702 1816 2756 τῶν
1843 2702 1976 2773 091']-

400 2810 528 2857 νων,
564 2790 935 2861 λογισάμενοι,
980 2787 1270 2857 φεύγωμεν
1315 2786 1411 2857 τὴν
1443 2786 1579 2857 πρὸς
1613 2786 1810 2849 αὐτοὺς
1841 2803 1974 2855 συμ-

401 2876 626 2946 φωνίαν.
664 2874 763 2927 Διὰ
778 2872 887 2945 γάρ
911 2871 1070 2925 τοῦτο
1085 2871 1180 2924 καὶ
1209 2870 1419 2932 Παῦλος
1442 2871 1620 2924 αὐτῶν
1637 2868 1970 2940 ἀνεμνήσθη,

402 2961 490 3014 lla.
527 2959 627 3030 τὴν
658 2955 880 3021 ἀτιμίαν
914 2955 1174 3024 ἐννοήσας
1206 2953 1343 3025 πρὸς
1372 2954 1439 3024 ἡν
1487 2952 1872 3015 καταπίπτεις,
1909 2953 1975 3005 ἐκ

401 3043 499 3113 τῆς
527 3042 662 3113 πρὸς
684 3039 924 3103 ἐκείνους
944 3037 1260 3109 συμφωνίας
1275 3034 1571 3106 ἀνανήψῃς,
1598 3036 1691 3089 καὶ
1716 3034 1852 3106 πρὸς
1876 3033 1974 3105 τὴν

399 3125 606 3179 οἰκείαν
638 3122 916 3190 εὐγένειαν
945 3119 1263 3192 ἐπανέλθῃς.
1308 3118 1418 3171 Καὶ
1460 3119 1560 3171 οὐκ
1604 3117 1836 3170 ἐνταῦθα
1878 3117 1975 3187 μό-

400 3225 511 3271 νον,
545 3206 681 3261 ἀλλά
708 3205 974 3275 πολλαχοῦ
1002 3204 1160 3257 τοῦτο
1180 3205 1321 3256 ποιεῖ
1350 3202 1443 3256 καὶ
1466 3202 1706 3272 συνεχῶς
1738 3203 1766 3255 6
1797 3200 1975 3271 μακὰ-

403 3308 517 3363 ριος
548 3289 777 3352 Παῦλος.
811 3290 980 3342 Ὀταν
1009 3287 1120 3357 γὰρ
1153 3286 1459 3353 ἀπαγαγεῖν
1492 3284 1600 3336 τῶν
1642 3277 1974 3354 ἁμαρτημά-

399 3391 508 3429 των
546 3373 819 3442 βούληται.
870 3370 1110 3442 δείκνυσι
1161 3367 1271 3420 τίσι
1313 3364 1676 3436 κοινωνοῦμεν
1733 3366 1821 3419 διὰ
1866 3366 1973 3420 τῶν

402 3456 835 3529 ἁμαρτημάτων,
850 3454 936 3507 ἵνα
951 3455 1016 3522 τῇ
1041 3450 1286 3519 ποιότητι
1311 3448 1403 3502 τοῦ
1426 3448 1717 3520 προσώπου
1734 3448 1972 3519 δηχθεὶς,

401 3541 499 3611 τὴν
527 3539 810 3593 κοινωνίαν
835 3534 1033 3604 φύγῃς,
1068 3531 1525 3585 Θεσσαλονικεῦσι
1558 3531 1688 3598 γοῦν
1723 3532 1970 3602 γράφων,

402 3622 574 3683 οὓτως
596 3620 781 3684 ἔλεγεν
800 3637 813 3650 ’
847 3618 1140 3679 Ἕκαστος
1164 3612 1230 3666 τὸ
1254 3612 1468 3666 ἑαυτοῦ
1493 3611 1661 3680 σῶμα
1695 3613 1723 3653 ιι
1752 3612 1973 3667 κτᾶσθε

402 3704 473 3758 ἐν
506 3698 777 3771 ἁγιασμῷ
806 3699 903 3752 καί
933 3696 1092 3766 τιμῇ,
1120 3693 1207 3763 μὴ
1235 3694 1305 3746 ἐν
1325 3692 1496 3746 πάθει
1517 3694 1771 3763 ἀτιμίας,
1795 3694 1974 3748 καθάη

401 3810 514 3864 περ
533 3793 676 3860 ἔθνη
711 3790 779 3845 τὰ
789 3790 876 3859 μὴ
892 3789 1089 3843 ειδότα
1118 3787 1284 3841 Θεόν.
1319 3783 1430 3837 Καὶ
1456 3784 1616 3837 πάλιν
1631 3802 1644 3816 ’
1664 3786 1760 3853 Μὴ
1778 3787 1974 3850 καθὼς

399 3879 477 3933 τὰ
521 3877 704 3932 λοιπὰ
750 3875 895 3941 ἔθνη
948 3870 1097 3944 [767]
1174 3866 1543 3937 περιπατεῖτε
1616 3870 1682 3922 ἐν
1729 3873 1972 3937 ματαιό-

400 3978 533 4029 τητι
578 3958 683 4014 τοῦ
736 3957 880 4024 νοὸς
911 3953 1127 4010 αὐτῶν.
1175 3953 1332 4005 υῦτω
1370 3951 1434 4021 δὴ
1475 3953 1569 4004 καὶ
1594 3950 1853 4005 ἐνταῦθα·
1891 3955 1973 4006 Οὺ

401 4044 556 4100 θέλω
582 4043 651 4096 δὲ
681 4039 835 4110 ὑμᾶς
863 4038 1123 4108 ἀγνοεῖν,
1149 4033 1419 4103 ἀδελφοί,
1460 4033 1594 4102 περὶ
1634 4034 1753 4087 τῶν
1786 4050 1975 4087 κεκοι-

398 4130 699 4200 μημένων,
731 4125 934 4195 ἵναμὴ
965 4121 1267 4189 λυπῆσθε,
1299 4118 1491 4184 καθὼς
1534 4119 1631 4171 καὶ
1674 4120 1728 4173 οὶ
1775 4118 1975 4172 λοιποὶ

401 4216 457 4266 οί
473 4212 559 4282 μὴ
577 4212 822 4279 ἔχοντες
858 4208 1097 4262 ἐλπίδα.
1117 4205 1191 4258 06
1212 4204 1319 4273 γὰρ
1347 4205 1380 4273 ἡ
1402 4200 1561 4271 φύσις
1585 4201 1692 4252 τῶν
1717 4203 1976 4272 πραγμά-

402 4313 535 4353 των.
575 4294 744 4363 ἀλλ’ἢ
783 4291 1097 4363 προαίρεσις
1122 4291 1155 4358 ή
1188 4286 1431 4357 ἡμετέρα
1462 4283 1651 4337 λυπεῖν
1676 4285 1822 4353 ἡμᾶς
1848 4283 1974 4338 εἴω-

403 4379 523 4433 θεν·
556 4379 654 4448 οὐχ
685 4379 714 4430 6
748 4376 972 4441 θάνατος
991 4372 1082 4425 τοῦ
1107 4370 1449 4433 ἀπελθόντος,
1492 4367 1606 4420 ἀλλ’
1648 4369 1680 4437 ή
1722 4366 1975 4421 ἀσθένεια

401 4462 513 4515 τῶν
543 4458 898 4531 θρηνούντων.
925 4456 1027 4509 Τὸν
1049 4454 1179 4524 γοῦν
1211 4452 1397 4506 πιστὸν
1436 4451 1587 4505 οὐδὲν
1621 4451 1730 4503 τῶν
1774 4452 1975 4523 παρόν-

401 4562 512 4598 των
550 4543 788 4611 λυπῆσαι
840 4539 1147 4615 δυνήσεται,
1196 4534 1333 4589 ἀλλὰ
1388 4534 1496 4605 πρὸ
1528 4534 1636 4587 τῶν
1674 4534 1972 4604 μελλόντων

403 4625 621 4694 ἀγαθῶν
649 4625 743 4678 καὶ
768 4625 824 4675 ἐν
848 4621 925 4693 τῷ
957 4621 1182 4691 παρόντι
1211 4618 1461 4690 διέστηκε
1484 4617 1591 4671 τῶν
1616 4617 1878 4683 ἀπίστων,
1913 4619 1972 4671 οῦ

407 4709 579 4779 μικρά
595 4705 993 4776 ἀπολαμϐάνων
1023 4706 1088 4755 ἐκ
1112 4702 1211 4772 τῆς
1238 4700 1378 4753 κατά
1404 4699 1637 4771 Χριστὸν
1658 4699 1974 4769 φιλοσοφίας

404 4792 604 4857 ἀγαθά,
639 4791 734 4843 καὶ
766 4788 1027 4859 μεγίστην
1057 4787 1121 4838 ἐκ
1164 4785 1355 4837 τούτου
1396 4782 1777 4854 καρπούμενος
1813 4783 1973 4836 e606-

409 4875 537 4944 μίαν
555 4874 651 4926 καὶ
678 4872 901 4942 διηνεκῆ
924 4869 1119 4941 χαράν.
1141 4868 1231 4920 Διὸ
1260 4870 1353 4921 καὶ
1368 4869 1397 4919 6
1420 4866 1631 4930 Παῦλός
1648 4884 1780 4937 φησι
1800 4882 1813 4895 ·
1835 4867 1975 4921 Χαί-

402 4972 536 5025 ρετε
556 4956 626 5009 ὲν
645 4956 840 5021 Κυρίῳ
862 4952 1118 5007 πάντοτε
1136 4968 1148 4981 ·
1182 4949 1367 5004 πάλιν
1384 4948 1517 5019 ἐρῶ,
1545 4952 1797 5017 χαίρετε.
1815 4949 1976 5004 Ὥστε

406 5043 500 5095 καὶ
520 5038 627 5111 πρὸ
659 5037 757 5106 τῆς
786 5037 1131 5097 ἀναστάσεως
1151 5035 1211 5087 06
1243 5034 1445 5103 μικρὰν
1476 5032 1680 5102 ταύτην
1712 5033 1977 5103 ἐλάϐομεν

407 5124 660 5195 ἀμοιϐὴν,
687 5120 768 5191 τῷ
801 5121 875 5191 μὴ
910 5119 1270 5173 καταπίπτειν
1304 5118 1397 5169 ἐπὶ
1424 5116 1613 5185 μηδενὶ
1638 5115 1747 5170 τῶν
1780 5134 1978 5187 συμπιο

408 5209 647 5263 πτόντων
678 5203 885 5268 δεινῶν,
917 5202 1049 5256 ἁλλά
1085 5204 1151 5271 τῇ
1187 5200 1296 5253 τῶν
1326 5199 1626 5269 μελλόντων
1660 5199 1835 5255 ἐλπίδι
1870 5218 1976 5254 πα-

409 5288 680 5364 ραμυθίας
708 5286 999 5341 ἀπολαύειν
1030 5283 1251 5353 πολλῆς.
1272 5282 1498 5364 ξ”Ωσπερ
1520 5277 1612 5335 οῦν
1639 5284 1976 5354 ἑκατέρωθεν

408 5362 565 5443 ἡμεῖς
595 5370 969 5442 κερδαίνομεν,
1002 5366 1173 5428 οὕτως
1196 5366 1223 5417 ὁ
1251 5362 1479 5427 ἄπιστος
1504 5365 1845 5437 ἑκατέρωθεν
1880 5384 1978 5420 κα-

468 5556 497 5583 ·
521 5553 604 5602 Sic
624 5564 739 5600 mss.
760 5548 816 5598 In
839 5546 985 5597 editis
1008 5546 1117 5601 τοὺς
1134 5544 1359 5599 ἀπίστους
1377 5544 1541 5593 deest.

471 5614 502 5653 δ
525 5614 636 5662 Mss.
659 5613 722 5676 :_6_
736 5605 1118 5676 ἑαυτοῦρκεῦςς,
1140 5615 1195 5676 ει
1220 5606 1287 5653 sic
1311 5606 1460 5654 Savil.
1507 5608 1555 5654 in
1583 5620 1734 5670 marg.
1758 5608 1808 5656 in
1838 5613 1976 5658 textu

412 5687 529 5724 vero
550 5685 659 5723 cum
681 5671 798 5721 Mor.
825 5670 879 5718 :6
912 5669 1080 5717 ἑαυτοῦ
1100 5669 1257 5728 σῶμα.

1126 264 1186 320 S.
1221 262 1507 320 JOANNIS
1539 264 2026 322 CHRYSOSTOMI
2066 267 2382 322 ARCIIIEP.
2425 268 2980 325 CONSTANTINOP.

3508 265 3528 317 ί
3543 264 3663 320 03?.

2084 373 2474 438 ταϐλάπτεται,
2518 378 2609 429 καὶ
2631 376 2707 446 τῷ
2733 375 3054 439 κολάζεσθαι
3080 375 3302 447 ὕστερον
3329 375 3415 428 διά
3442 376 3547 446 τὴν
3568 375 3675 444 τῆς

2084 455 2434 521 ἀναστάσεως
2462 459 2742 522 ἀπιστίαν,
2774 461 2869 513 καὶ
2902 459 2978 528 τῷ
3012 460 3374 511 καταπίπτειν
3414 458 3511 510 ἐπὶ
3550 459 3671 520 τοῖς

2085 539 2320 609 παροῦσι
2369 540 2678 612 πράγμασι,
2733 543 2821 597 διὰ
2847 544 2909 596 :6
2957 543 3123 614 μηδὲν
3154 542 3460 612 προσὼκᾷν
3520 543 3672 612 μετά

2082 621 2255 675 ταῦτα
2291 624 2545 694 χρηστόν.
2597 626 2670 678 Οὐ
2704 624 2884 677 τοίνυν
2912 624 2999 678 διὰ
3036 624 3134 694 τήν
3171 624 3464 678 ἀνάστασιν
3501 624 3670 693 μόνον

2082 704 2369 774 ὀφείλομεν
2393 706 2735 776 εὐχαριστεῖν
2759 707 2836 778 τῷ
2867 707 3006 778 Θεῷ,
3038 707 3173 761 ἁλλὰ
3201 707 3291 761 καὶ
3328 706 3415 760 διὰ
3445 707 3548 778 τὴν
3579 707 3670 759 ὲλ-

2085 787 2212 840 πίδα
2238 790 2335 855 τῆς
2368 791 2737 854 ἀναστάσεως,
2763 793 2796 863 ἢ
2821 792 2914 845 καὶ
2944 792 3042 863 τὴν
3061 791 3402 861 ὀδυνωμένην
3433 790 3668 843 δύναται

2084 871 2586 942 παραμυθήσασθαι
2616 874 2814 945 ψυχὴν,
2851 876 2946 927 καὶ
2984 877 3166 927 πεῖσαι
3199 873 3325 943 περὶ
3358 873 3468 926 τῶν
3498 873 3671 927 ἀπελε-

2084 952 2285 1007 θόντων
2320 954 2566 1025 θαρρεῖν,
2595 956 2671 1019 ὡς
2713 957 3167 1026 ἁναστησομένων
3224 957 3381 1009 πάλιν
3413 956 3510 1009 καὶ
3541 973 3667 1008 συν-

2086 1036 2360 1106 εσομένων
2387 1040 2541 1107 ἡμῖν.
2566 1038 2629 1091 El
2658 1038 2764 1110 γάρ
2791 1038 2975 1106 ἀλγεῖν
3005 1039 3109 1110 χρὴ
3147 1038 3241 1092 καὶ
3267 1039 3503 1103 πενθεῖν,
3531 1040 3665 1101 :06;

2084 1120 2141 1172 6v
2172 1119 2467 1191 ἁμαρτίαις
2510 1121 2718 1186 ζῶντας
2760 1121 2974 1175 πενθεῖν
3005 1123 3087 1175 δεῖ
3124 1124 3219 1174 καὶ
3247 1121 3530 1193 ὀδύρεσθαι
3549 1161 3566 1182 ,
3599 1123 3662 1175 ού

2082 1203 2210 1266 :06;
2271 1204 2606 1268 ἀπελθόντας
2656 1205 2774 1276 μετ’
2827 1206 3051 1277 ἀρετῆς.
3111 1204 3267 1258 Οῦτω
3311 1206 3402 1258 καὶ
3444 1206 3664 1270 Παῦλος

2084 1289 2256 1338 ποιεῖ·
2290 1286 2599 1357 Κορινθίοις
2651 1286 2760 1358 γὰρ
2818 1287 3147 1340 ἐπιστέλλων
3177 1287 3342 1357 φησί’
3388 1288 3484 1353 Μή
3534 1305 3666 1354 πως

2082 1368 2337 1421 ἐλθόντα
2356 1385 2429 1437 με
2444 1369 2586 1436 πρὸς
2618 1369 2773 1437 ὑμᾶς
2788 1369 3125 1437 ταπεινώσῃ
3157 1374 3189 1423 ὁ
3210 1369 3372 1435 Θεὸς,
3394 1370 3491 1423 καί
3518 1386 3665 1422 πεν-

2084 1449 2250 1516 θήσω
2294 1453 2583 1518 πολλούς.
2642 1452 2756 1506 Ούκ
2802 1448 2923 1506 εἷπε
2954 1453 3061 1507 τῶν
3088 1453 3487 1518 ἀποθανόντων,
3522 1453 3665 1507 ἀλλὰ

2083 1532 2193 1585 τῶν
2225 1534 2752 1605 προημαρτηκότων,
2802 1534 2897 1587 καὶ
2956 1534 3030 1606 μὴ
3067 1535 3518 1605 μετανοησάντων
3564 1536 3664 1587 ἐπὶ

2083 1617 2148 1686 τῇ
2184 1617 2443 1688 ἀσελγείᾳ
2476 1618 2570 1670 καὶ
2600 1617 2914 1689 ἀκαθαρσίᾳ
2941 1614 2974 1692 ᾖ
3004 1618 3245 1689 ἔπραξαν
3271 1635 3285 1648 °
3329 1620 3549 1682 τούτους
3578 1620 3666 1673 δεῖ

2084 1700 2487 1754 πενθεῖν.υῦτω
2514 1701 2607 1754 καὶ
2638 1701 2796 1765 ἀλλος
2822 1705 3077 1773 παραινεῖ
3115 1698 3288 1770 λέγων
3309 1719 3325 1735 '
3368 1703 3662 1759 Κλαῦσον

2082 1780 2179 1834 ἐπὶ
2212 1782 2422 1850 νεκρῷ,
2442 1782 2683 1847 ἐξέλιπε
2705 1784 2813 1854 γὰρ
2832 1782 2957 1853 φῶς
2977 1801 2992 1815 ο
3020 1785 3117 1837 καὶ
3146 1785 3243 1837 ἐπὶ
3265 1785 3438 1853 μωρῷ
3463 1784 3649 1838 κλαῦι

2085 1882 2220 1929 σον,
2260 1866 2501 1930 ἐξέλιπε
2548 1868 2658 1936 γὰρ
2703 1869 2977 1933 σύνεσις.
3029 1868 3234 1936 Ὀλίγον
3294 1869 3528 1923 κλαῦσον
3564 1869 3667 1924 ἐπὶ

2084 1948 2283 2019 νεκρῷ,
2312 1949 2394 2001 ὅτι
2427 1949 2829 2012 ἀναπέπαυται,
2859 1949 2951 2003 τοῦ
2982 1949 3039 2003 δὲ
3063 1950 3247 2020 μωροῦ
3279 1951 3419 2021 ὑπὲρ
3443 1951 3536 2004 τὸν
3569 1950 3666 2005 θά-

2084 2048 2240 2084 νατον
2260 2032 2293 2100 ἡ
2322 2031 2435 2101 ζωὴ
2471 2034 2699 2102 πονηρά.
2734 2035 2795 2086 Εἰ
2824 2034 2880 2086 δὲ
2910 2036 2938 2087 6
2967 2035 3234 2097 συνέσεως
3271 2036 3663 2105 ἀπεστερημέ-

2083 2129 2172 2176 νος
2193 2112 2483 2177 διαπαντὸς
2504 2115 2651 2179 ἄξιος
2678 2114 2745 2168 ἂν
2771 2115 2854 2186 εἴη
2882 2116 3218 2186 θρηνεῖσθαι,
3246 2116 3425 2187 πολλῷ
3457 2117 3664 2186 μᾶλλον

2082 2198 2111 2249 6
2146 2195 2492 2268 δικαιοσύνης
2531 2199 2758 2268 ἔρημος,
2813 2199 2908 2251 καὶ
2940 2199 3037 2268 τῆς
3086 2198 3229 2253 κατά
3265 2199 3395 2252 Θεὸν
3443 2199 3666 2262 ἐλπίδος

2084 2278 2473 2343 ἐκπεπτωκώς.
2531 2280 2767 2343 Τούτους
2803 2276 2895 2333 οῦν
2949 2280 3234 2352 πενθῶμεν
3281 2284 3469 2352 ἡμεῖς’
3499 2281 3667 2336 τοῦτο

2086 2363 2187 2432 μὲν
2220 2364 2328 2433 γὰρ
2355 2363 2468 2434 ἔχει
2499 2363 2688 2434 κέρδος
2719 2364 2778 2416 τὸ
2817 2363 3031 2426 πένθος.
3064 2365 3329 2428 Πολλάκις
3376 2364 3508 2434 γοῦν
3534 2365 3668 2429 τοὺς

2081 2446 2353 2509 τοιούτους
2384 2447 2706 2518 θρηνοῦντες
2736 2446 3186 2517 διωρθωσάμεθα.

2154 2554 2226 2607 Τὸ
2250 2554 2306 2607 δὲ
2331 2555 2424 2607 ἐπὶ
2453 2557 2564 2617 τοῖς
2595 2554 2940 2619 ἀπελθοῦσιν,
2968 2555 3222 2625 ἀνόνητον
3248 2555 3383 2625 ὁμοῦ
3407 2557 3503 2609 καὶ
3530 2557 3669 2627 βλα-

2082 2635 2261 2706 ϐερόν.
2328 2636 2419 2705 Μὴ
2452 2636 2632 2689 τοίνυν
2693 2635 3140 2705 ἀντιστρέψωμεν
3176 2637 3275 2708 τὴν
3319 2637 3496 2703 τάξιν,

2083 2716 2355 2787 ἁμαρτίαν
2380 2716 2668 2788 θρηνῶμεν
2703 2718 2862 2788 μόνον
2884 2734 2898 2749 ο
2937 2717 3007 2770 τὰ
3033 2717 3089 2770 δὲ
3120 2718 3255 2771 ἀλλα
3302 2720 3480 2772 πάντα
3499 2760 3516 2782 ,
3556 2720 3671 2773 κᾶν

2083 2801 2265 2865 πενία,
2301 2800 2403 2853 κᾶν
2433 2801 2606 2865 νόσος,
2642 2800 2744 2853 κᾶν
2786 2800 3017 2864 θάνατος
3059 2802 3257 2871 ἄωρος,
3282 2801 3383 2855 κᾶν
3404 2806 3670 2875 ἐπήρεια,

2082 2883 2186 2935 κᾶν
2224 2882 2579 2951 συκοφαντία,
2608 2882 2712 2936 κᾶν
2741 2882 2922 2935 ὁτιοῦν
2955 2885 3271 2955 προσπίπτῃ
3311 2885 3420 2936 τῶν
3445 2886 3671 2957 ἀνθρω-

2082 2963 2251 3017 πίνων
2281 2965 2487 3029 κακῶν,
2524 2965 2700 3021 πάντα
2738 2967 3002 3032 γενναίως
3035 2966 3311 3036 φέρωμεν.
3372 2967 3673 3033 ’Υπόθεσις

2083 3047 2192 3119 γὰρ
2215 3051 2347 3119 ήμῖν
2373 3048 2442 3101 τὰ
2465 3048 2614 3102 δεινά
2636 3048 2810 3103 ταῦτα
2836 3048 3117 3118 στεφάνων
3142 3048 3251 3102 είσὶ
3280 3048 3567 3116 πλειόνων,
3600 3050 3671 3105 ἂν

2083 3132 2362 3202 νήφωμεν.

2152 3230 2216 3283 δ’.
2236 3232 2347 3284 Καὶ⁸
2365 3230 2481 3292 πῶς
2500 3230 2646 3283 ἔστιν
2673 3230 2955 3303 ἄνθρωπον
2980 3231 3130 3297 ὄντα,
3153 3247 3225 3300 φη
3234 3232 3306 3295 al,
3332 3231 3407 3301 μή
3438 3232 3633 3299 ἀλγεῖν
3654 3250 3669 3297 ;

2083 3313 2405 3367 Τούναντίον
2433 3315 2531 3384 μέν
2561 3310 2653 3367 οὖν
2686 3314 2829 3381 λέγω
2847 3330 2862 3345 ·
2891 3314 3009 3378 πῶς
3041 3314 3188 3369 ἐστιν
3224 3315 3514 3384 ἄνθρωπον
3537 3316 3671 3370 ὄντα

2083 3396 2289 3464 ἀλγεῖν,
2313 3395 2455 3467 λόγῳ
2480 3395 2784 3465 τιμηθέντα
2805 3396 2901 3449 καὶ
2929 3396 3175 3467 λογισμῷ
3199 3436 3215 3461 ,
3250 3397 3343 3449 καὶ
3372 3400 3495 3460 ταῖς
3537 3401 3669 3469 περὶ

2081 3479 2190 3531 τῶν
2231 3478 2531 3549 μελλόντων
2573 3478 2793 3543 ἐλπίσι;
2825 3481 2934 3532 Καὶ
2961 3480 3046 3541 τίς
3070 3481 3216 3532 ἐστιν
3237 3517 3252 3544 ,
3289 3479 3349 3540 6;
3388 3481 3489 3548 οὺχ
3524 3477 3671 3534 ἑάλω

2082 3560 2158 3631 τῷ
2198 3560 2361 3615 πάθει
2404 3559 2620 3630 τούτῳ;
2664 3562 2819 3631 φησί.
2873 3560 3067 3613 Πολλοὶ
3099 3563 3191 3614 καὶ
3224 3561 3532 3631 πολλαχοῦ,
3571 3565 3671 3615 καὶ

2082 3646 2166 3714 ἐφ’
2202 3643 2357 3714 ήμῶν
2378 3682 2392 3706 ,
2424 3645 2519 3696 καὶ
2545 3644 2637 3695 ἐπὶ
2664 3644 2770 3697 τῶν
2798 3644 3077 3712 προγόνων
3119 3644 3227 3696 τῶν
3260 3645 3570 3715 ἡμετέρων.
3608 3646 3670 3699 ’0

2082 3722 2385 3795 γοῦνἸὼϐ,
2416 3725 2707 3796 ὁλοκλήρου
2754 3725 2847 3777 τοῦ
2891 3726 3053 3796 χοροῦ
3088 3726 3196 3779 τῶν
3243 3726 3451 3779 παίδων
3491 3728 3665 3780 ἀπελ-

2084 3812 2295 3875 θόντος,
2351 3811 2580 3865 ἄκουσον
2636 3811 2689 3863 τί
2743 3826 2935 3878 φησιν·
2981 3810 3034 3861 Ὁ
3091 3811 3304 3877 Κύριος
3348 3809 3602 3873 ἔδωκεν,
3631 3814 3668 3865 ὀ

2086 3896 2300 3961 Κύριος
2331 3893 2609 3961 ἀφείλετο
2629 3909 2642 3923 ·
2680 3892 2760 3957 ὡς
2794 3891 2874 3957 τῷ
2891 3893 3088 3959 Κυρίῳ
3115 3891 3346 3955 ἔδοξεν,
3380 3892 3537 3945 οὕτω
3564 3894 3669 3947 καὶ

2086 3976 2234 4049 [768]
2283 3975 2539 4046 ἐγένετο.
2566 3975 2869 4046 Θαυμαστὰ
2906 3975 3005 4045 μὲν
3032 3971 3125 4028 οῦν
3146 3975 3318 4028 ταῦτα
3346 3975 3443 4028 καὶ
3475 3977 3669 4040 ἁπλῶς

2083 4060 2417 4129 ἀκουόμενα·
2458 4058 2524 4111 ἂν
2551 4058 2608 4111 δὲ
2635 4059 2729 4111 καὶ
2756 4059 2873 4130 μετ’
2895 4058 3180 4129 ἀκριϐείας
3213 4057 3475 4129 ἐξετάσῃς
3499 4060 3666 4121 αὐτὰ,

2082 4143 2204 4195 τότε
2254 4142 2514 4211 μειζόνως
2560 4140 2679 4209 ὕψει
2724 4142 2786 4194 τὸ
2834 4140 3035 4211 θαῦμα.
3090 4138 3372 4209 Ἐννόησον
3410 4140 3543 4210 γὰρ,
3582 4141 3669 4193 ὅτι

2085 4226 2205 4296 οὐχὶ
2240 4226 2365 4287 τοὺς
2410 4224 2627 4294 ἡμίσεις
2654 4222 2846 4278 ἐλαϐεν
2874 4224 2903 4275 6
2944 4222 3208 4284 διάϐολος,
3240 4221 3335 4274 καὶ
3376 4223 3506 4284 τοὺς
3536 4224 3672 4292 ἠμί-

2087 4324 2201 4369 σεις
2242 4307 2472 4376 ἀφῆκεν,
2526 4305 2645 4357 οὐδὲ
2689 4306 2815 4367 τοὺς
2868 4305 3119 4367 πλείονας
3168 4303 3360 4367 ἔλαϐε,
3408 4304 3671 4368 καὶτοὺς

2084 4390 2336 4450 ἐλάττους
2402 4388 2646 4458 ἀφῆκεν·
2715 4386 2852 4441 ἁλλά
2918 4386 3208 4457 ὁλόκληρον
3272 4386 3545 4456 ἐτρύγησε
3576 4388 3673 4440 τὸν

2085 4473 2317 4544 καρπὸν,
2342 4473 2434 4524 καὶ
2466 4471 2527 4524 :6
2553 4470 2765 4540 δένδρον
2788 4472 2849 4523 οὑ
2877 4469 3142 4523 κατέϐαλε
3162 4485 3175 4497 ·
3207 4469 3387 4521 πᾶσαν
3412 4470 3671 4538 ἐπήγαγε

2084 4557 2181 4627 τὴν
2221 4556 2487 4610 θάλατταν
2522 4553 2658 4624 μετά
2689 4553 2798 4607 τῶν
2824 4553 3104 4623 κυμάτων,
3151 4552 3329 4605 καὶτὸ
3359 4554 3574 4622 σκάφος
3607 4558 3672 4608 06

2084 4639 2500 4693 κατεπόντισεν⁸
2537 4636 2665 4707 ὃλην
2697 4635 2795 4706 τὴν
2844 4635 3072 4705 δύναμιν
3134 4634 3390 4701 ἐκένωσε,
3430 4636 3530 4689 καὶ
3576 4640 3674 4691 τὸν

2086 4723 2293 4793 πύργον
2321 4721 2419 4773 οὐκ
2448 4720 2644 4775 ἔσεισε.

2171 4827 2331 4880 Ἀλλά
2362 4825 2603 4895 εἱστήκει
2630 4823 2892 4877 πάντοθεν
2927 4820 3269 4892 βαλλόμενος,
3301 4822 3395 4874 καὶ
3435 4824 3672 4893 ἀκλινὴς

2089 4912 2285 4982 μένων,
2318 4908 2413 4962 καὶ
2450 4907 2666 4975 νιφάδες
2704 4906 2959 4976 ἐφέροντο
2985 4904 3173 4974 βελῶν,
3198 4904 3293 4957 καλ⁸
3321 4903 3421 4956 οὐκ
3458 4906 3671 4975 ἐπλήτ..

2083 5010 2237 5047 τετο·
2272 4991 2467 5063 μᾶλλον
2494 4990 2550 5042 δὲ
2582 4990 2891 5059 ἐπέμποντο
2927 4987 3047 5056 μὲν,
3078 4986 3178 5038 οὐκ
3215 4986 3555 5057 ἐτίτρωσκον
3585 4990 3665 5041 δέ.

2099 5077 2376 5144 Ἐννόησον
2408 5076 2530 5127 ὅσον
2568 5073 2704 5136 ἐστὶ,
2737 5070 3022 5131 τοσούτους
3061 5068 3256 5131 παῖδας
3292 5068 3417 5120 ἰδεῖν
3447 5070 3668 5124 ἀπολω-

2086 5158 2262 5222 λότας.
2299 5158 2363 5210 Τί
2413 5157 2521 5227 γὰρ
2552 5156 2648 5208 οὐκ
2700 5150 2769 5225 ἦν
2816 5151 3001 5206 ίκακὸν
3048 5152 3293 5215 δάκνειν;
3346 5154 3409 5202 τὸ
3455 5154 3668 5216 πάντας

2086 5239 2518 5313 ἀναρπασθοῖψαι,
2552 5239 2614 5291 :6
2642 5238 2847 5299 πάντας
2877 5234 3070 5305 ἀθρόον
3100 5233 3193 5287 καὶ
3220 5235 3277 5286 ἐν
3319 5234 3510 5305 ἡμέρᾳ
3549 5238 3666 5305 μιᾷ,

2087 5326 2149 5379 :6
2183 5328 2240 5379 ἐν
2268 5322 2416 5394 αὐτῷ
2448 5324 2546 5395 τῆς
2583 5320 2799 5392 ήλικίας
2824 5318 2901 5389 τῷ
2922 5317 3097 5375 ἄνθει.
3126 5317 3189 5369 :6
3228 5315 3431 5387 πολλὴν
3463 5320 3669 5391 ἀρετὴν

2089 5405 2578 5475 ἐπιδεδειγμένους.
2611 5403 2672 5455 :6
2705 5403 2891 5473 τρόπῳ
2930 5399 3156 5470 τοιούτῳ
3186 5400 3461 5469 τιμωρίας
3500 5419 3659 5455 κατα.

2090 5492 2246 5545 λῦσαι
2284 5490 2375 5543 τὸν
2410 5488 2545 5558 βίον,
2572 5488 2633 5541 τὸ
2677 5485 2815 5557 μετά
2852 5484 3119 5547 τοσαύτας
3160 5483 3376 5553 πληγὰς
3429 5485 3667 5555 ἐσχάτηοι

2092 5573 2446 5644 ἐπενεχθῆναι
2493 5571 2719 5639 ταύτης,
2756 5568 2816 5621 :6
2857 5568 3209 5638 φιλόστοργον
3250 5561 3390 5620 εἶναι
3436 5568 3532 5620 τὸν
3578 5586 3665 5636 γε-

2091 5658 2422 5730 γεννηκότα,
2477 5656 2537 5708 :6
2582 5653 2864 5716 ποθεινοὺς
2919 5648 3055 5705 εἶναι
3106 5652 3230 5715 τοὺς
3288 5650 3664 5717 ἁπελθόνταςς
