3828 6226
205 299 333 353 1021

205 425 518 471 contentum
566 413 849 484 colligam;
899 409 1070 472 sic'et
1119 418 1170 472 in
1220 418 1348 487 ipsis
1401 419 1560 473 rebus
1605 419 1792 473 iisdem

203 504 373 556 oculis
405 504 645 561 videmus
684 522 745 560 ea
787 524 906 578 qum
949 512 1284 580 contingunt.
1335 510 1428 566 sed
1459 527 1565 565 non
1607 510 1792 566 eadem

205 606 384 651 tuente
412 605 466 652 et
490 599 692 651 animo.
719 601 800 653 An
832 600 992 670 igitur
1015 603 1104 671 qui
1134 602 1185 654 in
1218 602 1465 657 omnibus
1493 602 1610 656 aliis
1636 601 1795 656 rebus

202 686 270 739 ab
321 687 423 742 illis
470 689 870 758 discrepamus,
920 693 969 746 in
1018 693 1080 747 iis
1130 710 1248 764 qua:
1287 694 1352 748 ad
1395 705 1620 750 mortem
1668 711 1793 765 spe-

203 787 352 832 ctant
380 781 627 836 eumdem
657 799 814 852 quem
854 785 928 838 illi
954 785 1216 839 calcnlmn
1248 788 1546 856 ponemus?

273 870 326 923 5.
360 869 543 940 Cogita
570 876 637 925 ad
668 889 824 942 quem
853 875 1082 941 abierit,
1113 886 1165 930 et
1186 879 1604 932 consolationem
1649 881 1790 934 acci-

203 975 270 1029 pe
298 978 310 1012 :
345 977 409 1014 eo
439 963 642 1018 scilicet
671 964 756 1017 ubi
788 965 982 1020 Paulus
1008 977 1108 1031 est,
1137 969 1224 1022 ubi
1241 968 1448 1034 Petrus,
1473 970 1561 1023 ubi
1583 980 1796 1024 sancto-

205 1068 323 1106 rum
373 1054 569 1108 chorus
615 1057 810 1110 omnis.
855 1055 1040 1127 Cogita
1088 1060 1357 1127 quomodo
1399 1071 1792 1118 resurrecturus

205 1146 275 1198 sit
297 1187 312 1206 ,
341 1161 462 1199 cum
491 1157 688 1217 quanta
715 1150 881 1219 gloria
911 1161 965 1204 et
993 1151 1298 1220 splendore.
1339 1154 1533 1208 Animo
1560 1163 1748 1223 reputa
1775 1196 1790 1219 ,

208 1245 258 1290 te
290 1237 413 1290 fletu
441 1249 494 1291 et
520 1239 766 1311 lacrymis
795 1243 843 1294 in
887 1258 944 1296 re
974 1243 1061 1298 illa
1103 1243 1232 1296 nihil
1279 1245 1678 1299 immutaturum
1708 1247 1792 1302 vel

207 1328 616 1384 emendaturum
641 1372 657 1397 ,
706 1332 798 1386 sed
844 1333 934 1388 tibi
967 1334 1065 1404 ipsi
1106 1335 1358 1390 damnum
1405 1337 1589 1406 ingens
1619 1337 1794 1392 illatu-

205 1434 323 1473 rum
358 1439 370 1474 :
403 1422 572 1492 cogita
603 1440 735 1493 quos
759 1425 808 1479 id
836 1425 1032 1481 faciens
1060 1427 1281 1483 imiteris
1301 1471 1316 1494 ,
1340 1437 1394 1484 et
1427 1429 1547 1500 fuge
1571 1445 1794 1485 consor-

207 1513 338 1565 tium
389 1513 439 1567 in
490 1517 722 1584 peccatis
776 1518 1098 1585 hujusmodi.
1152 1521 1297 1589 Quos
1357 1538 1485 1592 ergo
1529 1523 1793 1580 imitaris?

207 1619 342 1673 quas
390 1607 690 1662 aeruularis?
738 1609 1023 1675 lnfideles,
1057 1613 1148 1682 qui
1203 1628 1353 1684 spem
1399 1630 1504 1668 non
1557 1616 1790 1682 habent,

206 1699 658 1765 quemadmodum
688 1710 741 1756 et
766 1701 962 1756 Paulus
987 1702 1122 1757 dixit
1153 1721 1166 1756 :
1201 1704 1268 1759 Ut
1290 1721 1390 1758 non
1411 1706 1791 1774 contristemini,

207 1792 335 1842 sicut
358 1801 402 1843 et
427 1794 593 1846 cteteri
618 1833 631 1855 ,
665 1794 752 1860 qui
776 1811 918 1863 spent
953 1811 1054 1848 non
1080 1796 1282 1849 habent.
1320 1797 1385 1851 Et
1423 1797 1794 1853 animadverte

209 1880 336 1932 dicti
380 1881 774 1937 accurationem
805 1903 817 1934 :
854 1899 958 1938 non
980 1885 1122 1938 enim
1155 1885 1320 1949 dixit,
1362 1888 1449 1956 qui
1499 1902 1649 1956 spem
1689 1904 1793 1942 non

217 1972 413 2026 habent
440 1975 847 2029 resurrectionis
872 2017 886 2040 ,
917 1976 1010 2030 sed
1038 1977 1351 2046 simpliciter
1370 2018 1384 2043 ,
1413 1979 1513 2044 Qui
1536 1996 1674 2048 spem
1695 1996 1795 2033 non

211 2063 411 2116 habent.
441 2063 570 2118 Nam
600 2067 687 2133 qui
712 2081 860 2134 spem
906 2081 1010 2120 non
1042 2066 1200 2120 habet
1236 2067 1420 2136 judicii
1451 2069 1556 2122 illic
1585 2068 1746 2122 futuri
1775 2109 1791 2132 ,

210 2154 406 2207 nullam
439 2171 586 2224 spem
619 2155 812 2222 habet,
847 2172 1019 2225 neque
1045 2158 1212 2210 Deum
1255 2173 1374 2212 esse
1405 2159 1589 2222 novit,
1622 2175 1795 2228 neque

215 2248 316 2300 scit
341 2263 462 2302 eum
497 2264 580 2301 res
611 2247 870 2301 humanas
899 2264 993 2302 sua
1018 2264 1204 2318 regere
1232 2250 1555 2317 providentia
1582 2291 1596 2314 ,
1624 2265 1795 2319 neque

210 2337 442 2391 divinam
483 2339 764 2408 quamdam
809 2339 1068 2408 justitiam
1115 2339 1229 2394 lucc
1273 2341 1450 2394 omnia
1508 2341 1791 2408 inspicere.

207 2428 306 2493 Qai
335 2439 512 2483 autem
544 2429 657 2482 haec
685 2446 789 2482 non
823 2429 1102 2499 intelligit,
1137 2447 1307 2500 neque
1337 2447 1517 2485 secum
1550 2439 1792 2500 reputat,

209 2520 320 2571 fera
366 2519 548 2586 quavis
593 2520 836 2573 stolidior
877 2529 996 2584 est,
1031 2522 1118 2589 qui
1159 2521 1341 2589 leges,
1392 2521 1628 2590 judicia,
1673 2521 1793 2592 jura

211 2606 456 2677 boaaquc
501 2610 676 2662 omnia
723 2625 790 2662 ex
823 2610 1000 2663 animo
1041 2625 1140 2664 suo
1179 2611 1488 2664 elitninavit.
1523 2612 1620 2677 Qui
1653 2612 1796 2665 enim

212 2710 618 2769 noncxspectat
659 2717 718 2755 se
767 2701 1059 2756 facinorum
1110 2704 1370 2756 rationem
1421 2703 1794 2770 redditurum,

213 2791 464 2845 virtutem
495 2807 712 2859 prorsus
760 2792 970 2846 deseret
995 2835 1008 2858 ,
1040 2794 1437 2864 nequitiamque
1465 2811 1680 2849 onuiem
1712 2811 1799 2851 se-

211 2883 456 2936 ctabitur.
481 2883 604 2937 llaec
629 2883 923 2953 cogitantes
944 2927 959 2950 ,
991 2900 1054 2939 ac
1096 2887 1373 2940 stultitiam
1406 2888 1798 2958 amentiamque

211 2972 502 3029 Gentilium
525 3015 539 3032 ,
570 2975 883 3042 quibuscum
915 2975 1145 3045 lugendo
1166 2979 1622 3032 communicamus
1642 3019 1656 3044 ,
1683 2979 1798 3032 ani-

213 3079 301 3118 mo
334 3074 640 3134 reputantes
665 3107 678 3128 ,
711 3083 777 3122 ne
800 3069 1191 3121 committamus
1217 3077 1275 3122 ut
1301 3085 1418 3122 cum
1441 3070 1545 3123 illis
1572 3085 1796 3125 consen-

213 3157 426 3208 tianms.
476 3157 596 3212 Ideo
642 3174 870 3227 namque
907 3159 1102 3213 Paulus
1146 3161 1264 3214 illos
1293 3171 1712 3226 commemorat,
1741 3173 1799 3216 ut

213 3247 447 3302 dedecus
493 3250 542 3302 in
584 3251 722 3319 quod
755 3251 983 3305 incurris
1014 3261 1265 3320 reputans
1293 3293 1306 3317 ,
1341 3254 1407 3307 ab
1435 3254 1644 3307 illorum
1685 3270 1799 3307 moâ€”

212 3341 360 3394 ribus
388 3340 573 3409 pedem
614 3341 810 3396 referas
836 3384 848 3405 ,
873 3350 928 3396 ct
952 3343 1016 3396 ad
1048 3344 1310 3411 propriam
1340 3344 1529 3398 redeas
1555 3345 1798 3398 nobilita-

213 3441 318 3484 tem
345 3475 360 3498 ,
395 3448 568 3502 neque
598 3433 684 3488 hic
722 3435 929 3500 Solum,
965 3433 1059 3490 sed
1101 3437 1259 3490 etiam
1290 3437 1470 3490 multis
1501 3437 1549 3491 in
1577 3437 1707 3491 locis
1736 3454 1799 3493 ac

212 3525 516 3593 frequenter
537 3526 584 3579 id
614 3527 920 3596 agitbeatus
940 3528 1150 3582 Paulus.
1182 3529 1312 3583 Cum
1343 3530 1483 3583 enim
1510 3545 1538 3584 a
1567 3531 1798 3599 peccatis

217 3617 329 3670 vult
348 3617 633 3684 abducere,
653 3619 884 3672 ostendit
900 3620 1210 3688 quibuscum
1233 3623 1688 3676 communicemus
1706 3639 1799 3691 per

213 3705 325 3775 ipsa
371 3716 608 3776 peccata,
629 3718 686 3762 ut
710 3725 774 3763 ex
807 3725 1047 3778 persona:
1074 3711 1378 3766 conditione
1407 3723 1600 3778 motus,
1629 3714 1802 3768 socie-

216 3797 306 3850 tati
339 3801 628 3852 renunties.
652 3799 1214 3856 Thcssaloaicensilms
1242 3803 1398 3871 igitur
1418 3802 1659 3856 scribens
1681 3844 1694 3869 ,
1726 3805 1796 3857 ita

214 3890 425 3944 diccbat
455 3908 468 3943 :
507 3890 856 3961 Unusquisque
899 3903 1116 3946 vestrum
1144 3894 1396 3963 possideat
1432 3909 1615 3961 corpus
1651 3911 1799 3949 suum

214 3981 268 4034 in
297 3982 694 4050 sanctiï¬catione
732 3993 780 4036 et
810 3984 1028 4046 honore,
1075 4001 1175 4037 non
1223 3985 1273 4036 in
1305 3985 1539 4052 passione
1576 3985 1798 4055 ignomi-

214 4076 340 4140 niae,
368 4077 495 4128 sicut
543 4085 712 4145 gentes
739 4092 853 4147 qua:
889 4075 1054 4130 Deum
1093 4093 1194 4129 non
1226 4087 1466 4129 noverunt
1497 4076 1572 4142 (1.
1617 4075 1795 4131 Thess.

215 4169 270 4223 4.
299 4169 353 4222 4.
387 4169 473 4238 5).
515 4171 592 4224 Ac
618 4183 803 4223 rursus
837 4186 850 4222 :
898 4167 1018 4222 Non
1045 4169 1172 4221 sicut
1195 4177 1384 4221 cwtera:
1425 4177 1592 4237 gentes
1617 4169 1797 4221 ambu-

217 4260 325 4312 lant
351 4259 404 4312 in
428 4262 644 4313 vanitate
669 4258 835 4312 cordis
865 4259 944 4312 sui
973 4258 1135 4327 (Eph.
1174 4259 1226 4311 4.
1263 4259 1382 4326 l7).
1415 4258 1503 4312 Sic
1541 4267 1595 4312 et
1623 4259 1675 4312 in
1699 4260 1804 4314 hoc

217 4352 336 4406 loco
368 4367 381 4402 :
415 4350 550 4404 Nolo
574 4366 658 4404 vos
681 4351 916 4420 ignorare
939 4389 953 4415 ,
985 4354 1167 4418 fratres
1191 4390 1206 4415 ,
1232 4349 1296 4403 de
1323 4349 1682 4403 dormientibus
1703 4390 1718 4414 ,
1744 4358 1801 4402 ut

217 4459 318 4500 non
343 4442 701 4496 contristemini
728 4443 855 4496 sicut
883 4450 931 4494 et
959 4441 1127 4494 cwteri
1147 4481 1162 4506 ,
1192 4441 1278 4509 qui
1302 4457 1439 4511 spem
1466 4457 1567 4494 non
1593 4440 1797 4495 habent.

215 4532 331 4588 Non
359 4534 500 4588 enim
532 4533 608 4588 rei
641 4533 806 4603 ipsius
832 4543 1018 4587 natura
1039 4573 1054 4598 ,
1083 4532 1175 4586 sed
1205 4532 1363 4585 animi
1393 4532 1560 4586 nostri
1601 4547 1800 4601 propo-

216 4627 378 4679 situm
407 4625 646 4680 dolorem
674 4624 826 4679 nobis
847 4623 1036 4678 allâ€˜erre
1057 4623 1221 4677 solet:
1244 4638 1347 4676 non
1381 4637 1522 4677 mors
1543 4622 1797 4688 defuncti,

217 4718 313 4772 sed
343 4718 631 4787 lugentium
664 4718 962 4772 infirmitas.
998 4715 1233 4771 Fidelem
1258 4717 1432 4785 itaque
1462 4716 1600 4770 nulla
1619 4731 1798 4770 rerum

219 4811 558 4876 praisentimn
606 4808 788 4862 dolore
832 4807 1048 4862 afficere
1092 4808 1321 4875 poterit;
1352 4807 1446 4860 sed
1486 4806 1645 4860 etiam
1677 4816 1800 4861 ante

217 4900 392 4954 futura
425 4899 560 4953 bona
592 4909 648 4954 et
671 4899 723 4953 in
749 4899 996 4966 pra-senti
1025 4899 1130 4951 vita
1151 4897 1218 4949 ab
1241 4896 1538 4951 inlidelibus
1563 4904 1801 4950 remotus

217 5001 320 5057 est,
353 5008 458 5046 non
489 5007 650 5061 parva
696 5007 760 5045 ex
805 4990 1137 5059 philosophia
1180 4989 1474 5044 Christiana
1505 4988 1800 5058 percipiens

219 5083 376 5145 bona,
419 5083 809 5152 maximamque
836 5082 957 5136 inde
987 5092 1191 5135 metens
1232 5080 1581 5145 alacritatem,
1612 5095 1803 5149 perpe-

220 5186 474 5244 tuumque
502 5174 774 5245 gaudium.
805 5174 981 5241 Quare
1011 5174 1202 5229 Paulus
1222 5173 1295 5226 ait
1329 5191 1340 5226 :
1373 5171 1598 5225 Gaudete
1622 5172 1673 5225 in
1697 5171 1802 5225 Do-

218 5267 356 5321 mino
382 5282 607 5334 semper,
653 5267 834 5320 iterum
872 5267 984 5319 dico
1009 5307 1024 5330 ,
1073 5266 1286 5336 gaudete
1315 5264 1573 5334 (Philipp.
1619 5263 1674 5317 4.
1719 5262 1798 5333 4).

219 5357 402 5426 Itaque
431 5357 591 5410 etiam
629 5367 755 5411 ante
800 5359 1251 5412 resurrectionem
1285 5371 1388 5408 non
1422 5370 1636 5424 parvam
1666 5354 1802 5408 hanc

217 5446 520 5501 mercedem
544 5447 831 5516 accipimus
853 5489 866 5511 ,
897 5449 1038 5516 quod
1066 5449 1115 5500 in
1146 5447 1287 5500 nulla
1328 5446 1679 5500 accidentium
1709 5459 1800 5499 ca-

217 5536 516 5590 lamitatum
566 5539 746 5592 animo
791 5539 1167 5602 concidamus;
1215 5537 1307 5592 sed
1360 5537 1656 5591 futurorum
1707 5551 1801 5605 spe

219 5627 386 5687 multo
417 5628 652 5681 fruamur
691 5629 902 5683 solatio.
932 5629 1386 5695 Quemadmodum
1433 5629 1590 5699 igitur
1629 5627 1766 5682 utrin

223 5733 328 5786 quc
355 5718 559 5774 lucrum
586 5719 807 5775 facimus
827 5761 842 5787 ,
873 5720 940 5773 ita
972 5719 1196 5775 infidelis
1228 5719 1473 5790 utrinque
1501 5719 1694 5773 (lanino
1722 5715 1797 5774 af-

1399 305 1485 361 DE
1525 306 1798 361 LAZARO
1845 306 2087 365 CONClO
2126 309 2187 363 Î½.

3351 313 3486 367 1022

1901 419 2108 487 ficitur,
2140 431 2193 478 et
2233 423 2375 493 quod
2410 424 2624 479 demum
2671 427 2951 496 puniatur,
2986 437 3106 502 quia
3133 441 3492 494 resurrectio-

1900 526 2022 565 nem
2064 527 2168 566 non
2216 515 2481 582 credidit,
2514 527 2568 572 et
2597 519 2740 587 quod
2778 520 2956 575 animo
2979 524 3225 578 concidat
3249 525 3302 580 in
3350 543 3491 595 prte-

1899 602 2142 657 sentibus
2189 605 2388 670 rebus,
2438 608 2558 676 quia
2605 609 2734 662 nihil
2768 621 2885 679 post
2931 611 3069 667 hanc
3095 613 3258 668 vitam
3303 632 3488 684 sperat

1902 689 2045 745 boni.
2095 692 2210 746 Non
2242 696 2413 748 solum
2457 711 2584 766 ergo
2615 708 2830 767 propter
2877 704 3323 757 resurrectionem
3375 707 3484 758 lico

1898 783 2096 850 gratias
2123 798 2280 853 agere
2323 785 2580 841 debemus
2601 828 2614 849 ,
2655 787 2749 842 sed
2779 791 2938 843 etiam
2981 803 3194 860 propter
3216 810 3364 862 spem
3395 811 3480 848 rc-

1897 874 2242 928 snrrectionis
2259 916 2272 938 ,
2297 891 2414 943 qua:
2434 886 2485 929 et
2509 886 2822 932 maerentem
2843 879 3080 934 animum
3099 882 3257 936 solari
3281 893 3476 951 potest,

1897 973 1954 1019 et
1983 967 2304 1033 persuadere
2333 967 2487 1021 nobis
2531 979 2590 1022 ut
2617 970 2760 1024 circa
2804 969 3085 1025 defunctos
3116 972 3482 1040 confidamus.

1899 1069 1994 1108 eos
2023 1070 2216 1124 nempe
2246 1069 2641 1114 resurrecturos
2665 1100 2679 1124 ,
2709 1075 2771 1115 ac
2797 1061 3073 1117 nobiscum
3105 1062 3310 1120 futuros
3337 1080 3479 1122 esse.

1897 1144 2033 1200 Nam
2081 1149 2124 1200 si
2156 1163 2387 1204 interere
2415 1151 2664 1205 convenit
2702 1167 2765 1206 ac
2801 1152 2980 1222 lugere
3003 1195 3017 1218 ,
3041 1156 3254 1225 lugendi
3287 1157 3358 1222 ii,
3393 1159 3481 1227 qui

1899 1237 1954 1290 in
1985 1239 2218 1306 peccatis
2240 1240 2452 1303 vivunt,
2487 1255 2590 1295 non
2641 1242 2678 1295 ii
2727 1243 2963 1312 quicum
3013 1246 3207 1300 virtn'e
3249 1247 3480 1302 defuncti

1899 1337 2040 1382 sunt.
2067 1329 2156 1384 Sic
2175 1339 2232 1384 et
2260 1331 2454 1385 Paulus
2483 1332 2606 1387 facit
2636 1350 2650 1388 :
2679 1333 2971 1390 Corinthiis
2997 1338 3190 1407 quippe
3221 1341 3483 1409 scribens,

1897 1419 2007 1472 ait:
2035 1417 2319 1490 Nequando
2348 1422 2414 1474 ad
2441 1440 2524 1476 vos
2548 1424 2821 1478 venientem
2853 1442 2927 1479 tne
2972 1425 3112 1480 Deus
3141 1429 3370 1483 huntifiet
3395 1473 3408 1494 ,
3439 1440 3488 1487 et

1898 1513 2087 1566 multos
2121 1513 2321 1584 lugeam
2350 1513 2428 1585 (2.
2460 1513 2578 1568 Cor.
2609 1515 2696 1571 12.
2727 1515 2838 1588 21).
2869 1517 2983 1571 Non
3013 1520 3207 1574 multos
3241 1537 3304 1575 ex
3337 1538 3484 1576 mor-

1902 1603 2006 1656 tuis
2035 1603 2207 1669 dixit;
2237 1603 2328 1658 sed
2360 1621 2423 1658 ex
2448 1604 2511 1658 iis
2535 1647 2549 1672 ,
2581 1606 2669 1675 qni
2692 1622 2812 1660 cum
2839 1617 2962 1662 ante
2983 1611 3367 1678 peccavissent,
3394 1629 3485 1667 eos

1899 1701 2077 1747 tamen
2122 1695 2352 1748 lascivia:
2383 1695 2714 1765 impuneque
2740 1697 2861 1750 vitae
2892 1714 2995 1751 non
3027 1701 3310 1769 pmoitcret
3341 1719 3355 1757 :
3389 1703 3487 1757 hos

1899 1785 2081 1854 lugere
2107 1789 2374 1839 convenit.
2407 1787 2494 1840 Sic
2519 1787 2656 1840 alius
2682 1798 2863 1842 mouet
2896 1790 2975 1843 his
3017 1791 3190 1846 verbis
3225 1810 3236 1844 :
3274 1791 3370 1846 Fle
3394 1811 3484 1846 suo

1896 1895 1987 1942 per
2016 1887 2212 1931 mortuo
2248 1895 2266 1932 .'
2296 1880 2478 1950 defecit
2527 1881 2657 1934 enim
2689 1882 2898 1947 lumen;
2943 1893 2987 1938 et
3007 1901 3157 1952 super
3181 1885 3333 1938 stulto
3371 1888 3438 1955 [le
3465 1901 3488 1942 :

1901 1969 2084 2039 defecit
2130 1969 2264 2023 enim
2291 1970 2624 2039 intelligentia
2653 1971 2838 2041 (Eccli.
2866 1973 2956 2028 22.
2995 1975 3107 2045 10).
3142 1974 3331 2027 Parum
3357 1977 3486 2029 fleas

1898 2074 2059 2130 Super
2088 2071 2298 2114 mortuo
2319 2102 2332 2124 ,
2364 2064 2612 2131 quoniam
2638 2064 2934 2133 requievit;
2969 2068 3112 2120 stulti
3143 2076 3318 2121 autem
3347 2083 3489 2120 inor-

1902 2160 1953 2204 te
1981 2151 2085 2204 vita
2111 2161 2194 2205 est
2217 2151 2469 2206 deterior.
2492 2152 2642 2220 Quod
2669 2158 2712 2207 si
2744 2156 3105 2225 intelligentia:
3125 2172 3318 2230 expers
3343 2173 3487 2211 sent-

1899 2257 1996 2311 per
2024 2241 2271 2314 lacrymis
2300 2244 2490 2312 dignus
2515 2255 2593 2298 est
2622 2261 2635 2309 ;
2669 2246 2836 2299 multo
2857 2248 3023 2316 magis
3045 2248 3244 2316 justitia
3267 2267 3484 2320 vacuus,

1900 2343 1954 2386 et
1980 2334 2067 2403 qui
2095 2350 2125 2386 a
2157 2349 2251 2402 spe
2276 2335 2328 2387 in
2352 2336 2514 2388 Deum
2547 2337 2762 2389 excidit.
2796 2337 2904 2390 Hos
2936 2338 3110 2408 itaque
3157 2341 3431 2409 lugeamus
3462 2361 3476 2396 :

1902 2425 1988 2478 hic
2038 2427 2211 2481 luctus
2264 2428 2411 2482 lucro
2459 2444 2564 2481 non
2598 2437 2680 2482 est
2715 2429 3001 2484 destitutus
3035 2449 3047 2484 :
3079 2447 3218 2501 sarpe
3261 2450 3488 2502 namque

1901 2520 2045 2574 luctu
2077 2529 2260 2574 nostro
2292 2520 2413 2574 illos
2438 2520 2858 2576 cmendavimus.

1971 2611 2245 2664 Peccatum
2275 2612 2438 2664 solum
2467 2612 2757 2682 lugendum.
2786 2642 2858 2654 â€”
2880 2613 3164 2668 Defunctos
3191 2626 3366 2668 autem
3411 2619 3488 2670 lu-

1904 2717 2033 2770 gere
2054 2717 2175 2756 cum
2211 2702 2396 2756 inutile
2419 2743 2433 2770 ,
2467 2711 2576 2756 tum
2603 2702 2920 2758 damnosum
2951 2713 3050 2759 est.
3099 2705 3177 2759 Ne
3208 2706 3363 2774 igitur
3395 2726 3488 2761 or-

1901 2795 2078 2848 dinem
2107 2795 2436 2848 invertamus
2461 2836 2477 2860 ,
2529 2794 2625 2848 sed
2655 2805 2930 2862 peccatum
2963 2797 3133 2850 Sillllm
3163 2797 3438 2867 lugeamus
3468 2817 3484 2855 :

1901 2887 2103 2955 reliqua
2128 2902 2255 2940 vero
2279 2887 2457 2940 omnia
2483 2928 2496 2950 ,
2521 2888 2634 2940 sive
2654 2897 3017 2956 paupertatem
3043 2929 3055 2950 ,
3081 2889 3192 2942 sive
3215 2890 3478 2955 morbum,

1900 2977 2012 3030 sive
2061 2976 2395 3030 immaturam
2445 2986 2706 3040 mortem,
2755 2977 2867 3031 sive
2905 2977 3156 3031 damnum
3183 3019 3196 3040 ,
3240 2980 3358 3033 sive
3400 2997 3488 3032 ca-

1901 3066 2193 3131 lumniatn,
2249 3067 2361 3120 sive
2409 3066 2550 3119 aliud
2589 3067 2856 3136 quidpiam
2902 3066 3192 3121 humanum
3245 3070 3484 3136 malum,

1903 3156 2109 3212 fortiter
2137 3157 2392 3212 feramus.
2428 3157 2551 3212 llaec
2580 3159 2775 3227 quippe
2822 3159 2958 3212 mala
2984 3201 2999 3225 ,
3028 3160 3072 3213 si
3119 3169 3480 3229 temperantes

1902 3247 2161 3304 fuerimus
2185 3291 2200 3315 ,
2233 3250 2413 3318 plures
2438 3249 2591 3302 nobis
2619 3263 2846 3303 coronas
2875 3260 3180 3318 procurant.

1972 3343 2025 3394 4.
2058 3341 2126 3394 At
2155 3341 2241 3409 qui
2268 3383 2281 3403 ,
2332 3340 2571 3410 inquies,
2607 3340 2718 3393 ï¬eri
2751 3342 2953 3408 pOâ€™sSil,
2988 3351 3045 3396 ut
3090 3341 3337 3397 homines
3363 3359 3484 3399 cum

1903 3433 2068 3485 simus
2090 3473 2103 3494 ,
2133 3431 2317 3484 dolore
2346 3446 2448 3483 non
2479 3431 2810 3484 afticiamur?
2835 3437 2901 3484 At
2924 3447 3022 3499 ego
3054 3443 3236 3485 contra
3265 3449 3484 3502 quaero:

1904 3525 1992 3594 qui
2024 3524 2136 3580 fieri
2164 3525 2330 3593 possit
2352 3535 2407 3577 ut
2433 3525 2610 3592 lugeat
2632 3523 2812 3589 homo,
2831 3524 2919 3593 qui
2949 3525 3170 3578 rationis
3193 3525 3487 3596 particeps,

1901 3625 1955 3668 et
1979 3616 2274 3668 futurorum
2305 3630 2399 3683 spe
2429 3614 2587 3668 fultus
2607 3614 2724 3668 est?
2747 3613 2963 3682 Ecquis,
2995 3615 3234 3684 'inquies,
3261 3631 3489 3684 unquam

1903 3708 2022 3772 fuit,
2038 3707 2125 3776 qui
2158 3707 2258 3760 hac
2272 3705 2586 3776 mgritudine
2612 3721 2718 3759 non
2740 3715 2926 3774 captus
2956 3707 3064 3758 sit?
3093 3706 3234 3759 Multi
3254 3716 3303 3760 et
3327 3707 3492 3776 pluri-

1903 3799 2002 3853 bus
2029 3799 2080 3852 in
2113 3799 2274 3864 locis,
2309 3808 2418 3851 tum
2450 3809 2634 3850 nostro
2655 3838 2668 3860 ,
2702 3808 2809 3848 tum
2844 3799 3238 3866 progenitorum
3275 3810 3487 3854 nostro-

1904 3904 2023 3942 rum
2045 3903 2179 3942 tcvo.
2212 3887 2422 3940 Etenim
2453 3885 2576 3939 audi
2605 3886 2727 3954 quid
2756 3886 2876 3949 Job,
2899 3885 3095 3948 amisso
3125 3896 3234 3940 toto
3256 3887 3486 3944 filiorum

1903 3988 2046 4034 cmtu
2073 4020 2087 4041 ,
2129 3978 2273 4032 dicat
2303 3995 2316 4031 :
2344 3977 2591 4030 Dominus
2621 3978 2790 4038 dedit,
2825 3975 3068 4029 Dominus
3099 3976 3304 4030 abstulit
3334 3993 3353 4031 :
3381 3983 3484 4034 sic-

1902 4079 1956 4123 ut
1992 4068 2211 4122 Domino
2233 4067 2442 4138 placuit,
2470 4067 2542 4119 ita
2567 4068 2755 4136 factum
2784 4076 2856 4118 est
2902 4065 3021 4136 (Job
3051 4067 3100 4120 1.
3126 4065 3240 4135 21).
3273 4067 3365 4121 Vel
3391 4083 3488 4122 au-

1909 4159 2020 4214 ditu
2047 4157 2262 4228 quidem
2293 4159 2405 4211 lure
2447 4156 2708 4210 mirabilia
2741 4164 2902 4210 sunt:
2929 4165 2984 4209 at
3027 4157 3071 4210 si
3105 4157 3190 4210 illa
3240 4169 3492 4214 accurate

1903 4249 2375 4318 cxpenderis,tunc
2392 4247 2561 4316 majus
2576 4262 2764 4300 cernes
2783 4246 3118 4300 miraculum.
3135 4245 3317 4317 Cogita
3339 4264 3488 4302 nam-

1903 4358 2006 4412 que
2022 4340 2314 4404 diabolum,
2335 4355 2440 4394 non
2457 4340 2743 4394 liberorum
2764 4339 3041 4393 dimidium
3065 4340 3368 4404 abstulisse;
3394 4357 3490 4395 nc-

1903 4448 2007 4502 que
2039 4432 2218 4501 plures
2243 4431 2525 4485 abstulisse
2545 4472 2559 4497 ,
2596 4430 2870 4498 pauciores
2888 4430 3187 4498 reliquisse;
3207 4429 3300 4485 sed
3329 4441 3494 4484 totum

1904 4523 2131 4579 fructum
2160 4522 2517 4577 dcmessuissc
2539 4561 2554 4587 ,
2602 4536 2701 4575 nec
2727 4520 2969 4574 arborem
2985 4520 3243 4589 dejecisse
3272 4539 3285 4574 :
3327 4529 3495 4574 totum

1903 4631 2052 4671 mare
2072 4629 2192 4669 cum
2209 4613 2453 4667 ï¬‚uctibus
2482 4611 2717 4676 induxit,
2740 4627 2910 4679 neque
2933 4620 3108 4664 tamen
3128 4612 3375 4681 scapham
3399 4613 3497 4666 de-

1904 4707 2089 4761 mersit
2113 4723 2125 4758 :
2147 4713 2307 4758 totam
2337 4707 2442 4756 vim
2473 4703 2740 4760 adhibuit.
2769 4718 2942 4769 neque
2971 4703 3153 4756 turrim
3182 4706 3496 4760 commovit.

1973 4793 2072 4848 Job
2102 4793 2386 4862 exemplum
2417 4793 2687 4861 patientite.
2709 4792 2900 4845 -â€”Sed
2946 4793 3091 4845 stetit
3131 4793 3220 4847 ille
3266 4794 3498 4863 undique

1908 4888 2025 4942 telis
2043 4887 2333 4955 impetitus,
2354 4883 2744 4953 inunobilisque
2772 4898 3026 4937 manens:
3053 4883 3154 4938 tela
3177 4885 3343 4939 instar
3364 4881 3503 4939 nit'is

1905 4980 1958 5033 in
1981 4995 2099 5033 eum
2123 4977 2397 5031 confertim
2422 4975 2748 5041 ferebantur;
2777 4990 2948 5043 neque
2973 4975 3062 5028 ille
3086 4977 3494 5044 percellebatur:

1906 5072 2012 5124 imo
2035 5069 2381 5123 mittebantur
2421 5065 2636 5135 quidem
2663 5106 2677 5128 ,
2708 5074 2762 5118 at
2785 5079 2888 5118 nOu
2919 5066 3284 5120 vulnerabant.
3317 5067 3500 5136 Cogita

1905 5173 2158 5232 quantum
2182 5162 2249 5216 sit
2273 5171 2348 5215 tot
2375 5159 2509 5213 filios
2532 5168 2770 5212 mortuos
2795 5173 3036 5211 cernere.
3065 5156 3199 5222 Quid
3228 5157 3366 5211 enim
3394 5174 3502 5212 non

1905 5253 2147 5308 dolorem
2201 5249 2501 5305 inferebat?
2536 5249 2685 5316 Quod
2735 5263 2922 5302 omnes
2966 5258 3317 5317 raperentur,
3350 5248 3490 5317 quod

1906 5359 2093 5398 omnes
2119 5343 2275 5398 simul
2303 5358 2406 5395 uno
2426 5341 2511 5395 die
2532 5381 2544 5405 ,
2578 5340 2718 5408 quod
2746 5339 2796 5394 in
2830 5341 2942 5407 ipso
2971 5340 3142 5393 anatis
3173 5337 3322 5404 flore,
3355 5340 3493 5408 quod

1906 5454 2026 5493 cum
2055 5441 2162 5505 jam
2189 5439 2456 5506 egregium
2486 5431 2756 5487 dedissent
2785 5431 2990 5484 virtutis
3011 5431 3280 5498 specimen
3306 5473 3319 5494 ,
3345 5432 3484 5499 quod

1908 5527 2148 5599 supplicii
2195 5542 2344 5581 more
2383 5526 2546 5578 vitam
2591 5523 2840 5584 finirent,
2870 5519 3008 5590 quod
3044 5528 3160 5587 post
3192 5529 3267 5573 tot
3311 5520 3492 5589 plagas

1907 5620 2023 5675 inec
2047 5627 2309 5688 postrema
2333 5617 2634 5680 inferretur,
2662 5613 2801 5683 quod
2829 5622 2976 5682 pater
3015 5619 3156 5665 esset
3209 5611 3492 5665 liberorum

1910 5729 2092 5773 amans
2117 5753 2132 5780 ,
2166 5713 2303 5783 quod
2333 5710 2566 5766 defuncti
2596 5707 2870 5765 amabiles.
2893 5703 3025 5760 Cum
3054 5703 3194 5759 enim
3221 5704 3498 5776 improbos
