3828 6226
336 309 474 366 (0-33

331 421 593 492 quiSpiam
619 419 813 474 liberos
842 416 1036 472 amittit
1053 455 1067 480 ,
1094 414 1161 470 de
1180 414 1384 483 jactura
1405 409 1616 481 quidem
1639 406 1803 471 dolet,
1832 401 1926 458 sed

331 527 442 571 non
460 525 582 567 cum
607 519 746 564 tanta
773 506 1105 562 vehementia
1133 520 1146 557 :
1179 503 1548 558 defunctorum
1575 501 1716 554 enim
1738 498 1927 565 impro-

324 605 469 654 bitas
502 615 610 656 non
650 599 722 654 ita
748 613 924 652 acrem
951 596 1078 650 sinit
1115 607 1234 648 esse
1261 592 1523 648 dolorem.
1569 590 1704 644 Cum
1749 598 1926 643 autem

329 687 531 745 virtute
561 690 766 760 praediti
797 697 954 752 sunt,
985 687 1176 740 vulnus
1216 685 1306 739 diu
1334 682 1626 754 perdurat,
1669 681 1925 735 memoria

335 784 449 850 ejus
475 795 582 836 non
603 780 858 834 amittitur
881 796 894 831 :
920 778 1115 830 malum
1137 790 1349 829 onmem
1372 773 1788 828 consolationem
1812 774 1930 827 vin-

336 873 429 938 cit,
461 872 656 941 duplex
679 870 922 925 stimulus
942 878 1044 933 est,
1071 869 1202 921 alter
1231 882 1260 921 a
1289 876 1498 930 natura,
1529 865 1666 918 alter
1685 880 1714 917 a
1737 865 1930 920 virtute

339 965 729 1020 defunctorum.
757 962 908 1030 Quod
938 971 1113 1015 autem
1154 960 1225 1014 illi
1257 961 1449 1014 virtute
1495 959 1667 1012 ornati
1708 967 1888 1013 essent
1911 999 1927 1023 ,

340 1057 465 1110 hinc
489 1056 660 1126 palam
687 1097 702 1120 ,
730 1055 869 1124 quod
898 1064 1046 1122 pater
1083 1069 1325 1122 magnam
1351 1067 1536 1106 eorum
1565 1066 1744 1105 curam
1769 1051 1931 1105 habe-

343 1149 696 1218 ret,quodqoe
719 1147 918 1200 hostias
943 1161 1036 1214 pro
1067 1145 1172 1198 illis
1197 1143 1506 1204 offerret,de
1525 1143 1748 1196 occultis
1766 1143 1926 1197 etiam

343 1257 528 1293 eorum
583 1241 818 1309 peccatis
859 1238 1151 1302 sollicitus,
1194 1235 1432 1304 nihilque
1475 1235 1571 1304 ipsi
1623 1234 1738 1303 plus
1781 1233 1930 1286 cordi

347 1343 484 1386 erat.
529 1333 581 1386 Id
612 1346 738 1384 vero
769 1348 870 1383 non
897 1330 1053 1383 modo
1102 1327 1352 1380 virtutem
1382 1327 1607 1379 filiorum
1654 1324 1927 1389 declarat,

343 1425 438 1477 sed
464 1425 621 1478 etiam
653 1423 816 1492 patris
842 1437 1097 1476 amorem.
1131 1421 1262 1474 Cum
1295 1419 1452 1489 igitur
1497 1428 1549 1473 et
1576 1427 1725 1487 pater
1747 1425 1890 1473 esset
1915 1459 1930 1482 ,

345 1526 400 1570 et
443 1530 606 1584 usque
627 1515 760 1569 adeo
785 1515 948 1583 prolis
973 1529 1176 1575 amans,
1203 1513 1290 1582 qui
1321 1526 1424 1565 non
1457 1511 1750 1566 naturalem
1775 1510 1936 1564 modo

345 1606 612 1672 affectum,
644 1607 736 1660 sed
767 1607 925 1660 etiam
955 1622 1099 1670 eum,
1129 1606 1217 1674 qui
1245 1621 1310 1658 ex
1337 1605 1528 1674 pietate
1555 1603 1931 1673 proficisceba-

347 1707 467 1761 tur,
495 1697 767 1750 exhiberet
794 1712 809 1761 ;
835 1711 953 1750 eum
985 1697 1143 1749 etiam
1183 1695 1411 1749 defuncti
1455 1705 1616 1749 tanta:
1654 1694 1932 1763 probitatis

346 1798 558 1854 essent,
591 1789 711 1843 hinc
743 1789 932 1858 triplex
973 1789 1220 1843 maeroris
1258 1789 1392 1858 ignis
1426 1787 1757 1858 gignebatur.
1791 1787 1935 1841 Pne-

347 1889 489 1936 terea
520 1896 638 1936 cum
671 1883 858 1951 partim
888 1890 1089 1934 tantum
1112 1881 1464 1949 abripiuntur,
1483 1880 1712 1948 aliquam
1741 1894 1936 1932 conso-

349 1974 596 2027 lationem
621 1974 930 2028 hoemalum
958 1974 1132 2028 habet.
1174 1973 1305 2028 Nam
1337 1971 1532 2026 residui
1576 1971 1667 2024 filii
1693 1971 1936 2024 dolorem

347 2065 414 2118 de
439 2065 660 2118 aliormn
692 2075 861 2118 tnorte
891 2066 1175 2119 obscurant
1212 2075 1265 2118 et
1292 2065 1550 2134 mitigant.
1581 2065 1649 2116 At
1677 2077 1796 2117 cum
1830 2076 1936 2115 uno

350 2165 590 2223 tempore
619 2156 847 2208 universi
881 2155 1176 2208 moriuntur
1200 2195 1214 2218 ,
1258 2154 1322 2208 ad
1351 2170 1506 2223 quem
1535 2153 1806 2222 respicere
1836 2166 1934 2221 po-

351 2248 474 2300 terit
520 2247 640 2310 ille,
692 2248 778 2314 qui
821 2247 1104 2300 multorum
1147 2246 1374 2300 filiorum
1403 2256 1552 2313 pater
1585 2245 1694 2314 jam
1726 2244 1938 2314 penitus

346 2338 508 2392 orbos
533 2339 657 2392 est?
688 2339 764 2392 Ad
807 2339 919 2392 [nec
947 2340 1182 2408 quintam
1209 2340 1367 2394 etiam
1398 2339 1600 2408 plagam
1651 2351 1932 2392 recensere

351 2428 492 2482 licet.
517 2429 771 2496 Qua'nam
804 2430 890 2483 illa
920 2438 1002 2485 est
1021 2430 1045 2483 ?
1067 2429 1220 2498 Quod
1249 2430 1537 2499 derepente
1565 2444 1752 2485 omnes
1798 2429 1938 2482 inte-

350 2519 554 2573 t'ierint.
593 2519 721 2573 Nam
759 2520 803 2573 si
833 2536 953 2575 cum
994 2521 1132 2574 intra
1177 2530 1285 2576 tres
1314 2531 1404 2575 aut
1437 2521 1669 2589 quinque
1692 2519 1808 2575 dies
1836 2520 1942 2572 vita

351 2608 640 2676 funguntur
661 2610 843 2679 aliqui,
873 2620 996 2665 tunc
1015 2611 1264 2666 mulieres
1288 2620 1342 2664 et
1369 2611 1577 2680 cognati
1600 2625 1786 2663 omnes
1813 2609 1940 2662 illud

350 2702 580 2756 maxime
615 2701 930 2770 deplorant,
964 2702 1103 2773 quod
1129 2702 1236 2757 cito
1265 2711 1319 2757 et
1347 2701 1638 2772 derepente
1662 2700 1943 2755 defunctos

350 2791 418 2844 ab
443 2807 626 2845 eorum
671 2793 838 2846 oculis
866 2793 1116 2862 abreptus
1155 2793 1257 2858 sit;
1300 2801 1501 2862 quanto
1545 2792 1713 2861 magis
1741 2791 1826 2845 hic
1865 2791 1944 2843 in-

351 2881 537 2948 doluit,
560 2883 648 2952 qui
673 2900 774 2936 non
801 2884 936 2938 intra
963 2893 1069 2939 tres
1093 2886 1172 2939 vel
1201 2885 1354 2948 duos,
1378 2885 1458 2939 vel
1487 2900 1648 2938 unum
1665 2885 1826 2950 diem,
1851 2883 1944 2937 sed

354 2972 482 3026 hora
518 2988 620 3026 una
649 2989 834 3028 omnes
878 2978 954 3030 sic
983 2977 1179 3029 amisit.
1223 2976 1414 3029 Malum
1461 2974 1783 3044 aliquamdiu
1821 2984 1944 3028 ante

353 3064 670 3131 przevisum,
723 3067 927 3120 etiamsi
974 3067 1258 3122 admodum
1306 3068 1636 3122 intolerabile
1678 3068 1782 3134 sit,
1832 3067 1944 3136 ipsa

353 3163 529 3210 tamen
561 3160 956 3226 exspectatione
994 3161 1148 3215 facile
1176 3161 1406 3215 lenitur:
1440 3160 1581 3228 quod
1611 3169 1786 3214 autem
1826 3160 1944 3212 ino-

352 3244 586 3313 pinatum
613 3248 821 3313 accidit,
857 3250 1243 3306 intolerandmn
1285 3260 1386 3305 est.
1407 3249 1540 3304 Cum
1570 3250 1726 3319 igitur
1750 3249 1947 3319 aliquid

353 3349 448 3404 per
495 3348 552 3388 se
578 3349 768 3404 grave,
799 3339 1126 3407 inopinatum
1159 3353 1419 3411 praeterea
1449 3342 1704 3410 contingit
1725 3382 1739 3404 ,
1773 3342 1946 3410 cogita

353 3445 512 3498 quam
538 3425 871 3486 intolerabile
899 3432 987 3492 sit,
1019 3443 1072 3484 ut
1097 3449 1193 3484 nec
1216 3433 1343 3487 satis
1371 3433 1548 3486 verbis
1574 3431 1798 3501 exprimi
1827 3446 1947 3500 pos-

355 3522 443 3575 sit.
492 3521 581 3575 νίς
607 3532 810 3579 sextam
857 3521 1064 3590 plagam
1111 3524 1332 3578 audire?
1364 3522 1419 3576 In
1465 3525 1582 3592 ipso
1618 3524 1788 3577 mlatis
1815 3522 1949 3578 flore

355 3626 542 3666 omnes
585 3614 831 3679 perdidit.
867 3609 1024 3668 Scitis
1067 3621 1322 3682 quantum
1360 3627 1646 3670 mmrorem
1690 3621 1746 3671 et
1787 3627 1946 3687 quam

357 3702 559 3755 varium
583 3703 774 3757 luctum
801 3703 1024 3759 inferant
1039 3713 1380 3774 pramatura:
1393 3715 1614 3763 mortes.
1642 3707 1767 3762 Hzt-c
1791 3723 1948 3775 porro

357 3806 502 3844 mors
531 3807 633 3845 non
665 3805 975 3861 pra-matura
1005 3807 1228 3862 tantum,
1253 3797 1347 3852 sed
1373 3798 1532 3852 etiam
1558 3797 1785 3851 violenta
1807 3807 1944 3863 erat,

360 3881 428 3934 ita
459 3891 515 3934 ut
546 3883 657 3936 hmo
687 3885 923 3954 septima
941 3887 1088 3958 plaga
1115 3899 1275 3942 esset.
1311 3888 1425 3942 Non
1447 3888 1588 3942 enim
1619 3889 1670 3941 in
1694 3889 1829 3942 lecto
1853 3903 1948 3942 eos

359 3973 634 4040 exspirare
677 3975 1012 4046 animamque
1041 3977 1223 4031 efflare
1253 3979 1416 4043 vidit,
1458 3978 1552 4034 sed
1577 3979 1768 4033 domus
1796 3978 1948 4032 ruina

359 4062 579 4117 obrutos
607 4081 809 4118 omnes.
847 4068 1120 4137 l'erpeode
1163 4071 1348 4139 igitur,
1389 4085 1494 4139 quo
1520 4070 1698 4123 animo
1731 4079 1874 4123 esset
1906 4069 1951 4123 is

359 4155 447 4221 qui
479 4159 744 4210 cumulum
792 4159 940 4212 illum
973 4160 1231 4216 effodiens
1255 4203 1269 4225 ,
1318 4179 1457 4215 nunc
1489 4161 1716 4230 lapidem
1743 4203 1758 4226 ,
1806 4174 1949 4214 nunc

361 4245 657 4297 memhrmn
687 4247 910 4317 alicujus
936 4265 966 4302 e
995 4251 1119 4303 filiis
1146 4252 1471 4315 extraheret,
1498 4251 1586 4322 qui
1624 4267 1836 4305 manum
1866 4251 1949 4304 vi-

360 4333 509 4388 deret
538 4334 712 4390 adhuc
741 4340 987 4408 poculum
1019 4351 1308 4407 tenentem,
1339 4358 1567 4412 moxque
1591 4343 1828 4397 dextram
1858 4357 1953 4412 pa-

363 4426 489 4478 tina:
523 4427 821 4496 impositam
844 4474 857 4496 ,
889 4440 1161 4503 totumque
1185 4449 1381 4503 corpus
1405 4435 1757 4491 deformatum
1777 4478 1793 4504 ,
1824 4452 1952 4491 cun-

365 4517 489 4570 n-ito
522 4533 671 4583 naso,
701 4522 974 4576 confraeto
1001 4529 1191 4593 capite,
1215 4527 1490 4580 exstinctis
1515 4527 1700 4590 oculis.
1729 4527 1952 4581 cerebro

362 4603 467 4660 huc
487 4618 538 4662 et
563 4609 686 4665 illuc
713 4612 956 4682 disjecto.
992 4623 1120 4682 tota,
1147 4624 1204 4670 ut
1229 4631 1336 4670 uno
1366 4617 1529 4671 verbo
1550 4618 1742 4683 dicam,
1771 4617 1952 4685 specie

363 4695 695 4764 labefactata.
720 4703 786 4757 ita
809 4713 863 4758 ut
886 4721 980 4774 per
999 4707 1273 4761 vulnerum
1297 4710 1603 4764 varietatem
1633 4725 1736 4764 non
1769 4709 1956 4767 liceret

363 4791 723 4847 amantissimo
744 4796 949 4863 parenti
978 4797 1149 4852 vultus
1175 4799 1554 4854 internoscere.
1581 4800 1705 4855 Hree
1737 4801 1957 4855 audien-

367 4893 448 4937 tes
495 4885 882 4943 conturbamini
927 4904 989 4943 ac
1034 4889 1195 4944 fletis.
1248 4891 1437 4946 Animo
1465 4904 1704 4964 reputate
1753 4896 1951 4966 igitur,

365 4975 488 5042 quis
524 4975 612 5030 ille
653 4986 834 5039 esset,
874 4979 964 5046 qui
1001 4979 1116 5034 hiec
1157 4983 1536 5050 Conspiciehat.
1584 4984 1640 5039 Si
1685 4985 1825 5039 enim
1858 5000 1955 5038 nos

375 5073 494 5132 post
524 5073 725 5120 tantum
758 5071 1010 5136 temporis
1043 5071 1373 5127 intervallum
1404 5092 1506 5127 non
1534 5090 1816 5143 possumus
1844 5085 1953 5128 tra-

368 5159 596 5226 gtediam
625 5159 768 5212 illam
800 5160 915 5215 sine
943 5161 1190 5233 lacrymis
1219 5165 1300 5219 vel
1327 5167 1508 5220 auditu
1555 5167 1713 5231 ferre,
1747 5168 1955 5221 etiamsi

370 5250 559 5304 aliena:
584 5251 912 5306 calamitates
943 5263 1262 5320 narrentur;
1297 5258 1413 5326 quis
1444 5269 1558 5312 erat
1585 5259 1956 5314 adamantinus

373 5339 483 5401 ille,
515 5345 606 5410 qul
638 5342 737 5394 hoc
765 5342 938 5396 oblato
967 5346 1289 5413 spectaculo,
1329 5364 1432 5400 non
1461 5350 1511 5401 in
1543 5350 1748 5413 alienis,
1783 5350 1874 5403 sed
1902 5350 1954 5403 in

372 5430 485 5485 suis
505 5432 655 5486 tnalis
669 5432 1134 5504 philosophahatur
1152 5437 1166 5468 ¹
1184 5438 1207 5491 ?
1227 5437 1404 5507 Neque
1424 5439 1564 5493 enim
1585 5440 1796 5511 indigne
1819 5441 1955 5502 tulit,

376 5640 415 5658 τη
429 5591 543 5658 J‘Ltn
576 5601 787 5658 uno__.\!s.
813 5594 882 5642 sic
905 5595 1191 5643 terminatur
1227 5595 1332 5658 liget:
1375 5597 1571 5645 ltomilia
1607 5610 1617 5644 :
1650 5595 1958 5658 .chueienim

369 5643 567 5716 ﬁftdigue
621 5652 727 5716 tulit
750 5667 988 5715 unquam,
1027 5667 1179 5716 neque
1216 5643 1342 5704 dixit
1429 5643 1672 5714 ouidi/ioc
1694 5643 1847 5708 est."
1870 5643 1959 5708 ica

369 5709 480 5753 dm
536 5725 551 5760 .'
583 5714 804 5764 Dominus
829 5709 990 5775 dedit,
1022 5709 1244 5768 Dominus
1270 5709 1478 5770 abstulit.
1523 5721 1654 5781 quod
1693 5720 1754 5782 si,
1793 5733 1956 5772 excin-

1044 302 1101 358 ε.
1140 297 1416 357 JOANNIS
1457 279 1928 351 cunvsos'rout
1970 283 2291 344 ARCHIEP.
2335 288 2865 346 CONSTANTINOP.

3495 295 3634 349 σου
3761 92 3786 386 1

2036 416 2207 472 neque
2234 405 2408 460 simile
2434 405 2704 478 quidpiam
2740 408 2868 462 dixit
2896 425 2908 462 :
2938 407 3070 476 Quid
3100 409 3199 465 hoc
3228 412 3352 466 est?
3387 412 3641 470 llmceine

2037 495 2376 565 benignitatis
2419 511 2552 552 mea:
2593 500 2996 554 remuneratio?
3025 501 3158 554 Num
3182 502 3303 559 ideo
3335 502 3643 576 hospitibus

2034 587 2252 642 domum
2282 602 2453 641 meam
2483 591 2663 658 aperui
2687 631 2702 652 .
2730 599 2787 645 ut
2809 609 2926 646 eam
2960 594 3246 649 liberorum
3269 597 3534 650 tumulum
3562 615 3646 655 vt-

2036 681 2260 736 derem?
2303 681 2498 737 ldeone
2529 693 2728 738 tantam
2771 701 2893 755 erga
2935 686 3052 740 illos
3095 688 3343 741 virtutem
3372 687 3637 755 exhibui,

2037 774 2221 827 uthac
2266 787 2441 830 morte
2489 777 2906 830 occumbereot?
2933 778 3075 832 Nihil
3103 782 3290 832 horum
3330 779 3414 832 vel
3461 779 3641 843 dixit,

2037 865 2120 917 vel
2151 865 2438 933 cogitavit;
2469 867 2562 920 sed
2585 868 2760 920 omnia
2786 867 2993 923 fortiter
3024 870 3171 934 tulit,
3208 869 3330 923 licet
3360 879 3486 938 post
3520 880 3642 922 tan-

2039 963 2143 1009 tam
2166 971 2348 1010 curam
2371 958 2552 1012 orbus.
2577 957 2726 1013 Sicut
2747 961 2888 1014 enim
2914 959 3115 1028 peritus
3136 962 3424 1014 statuarius
3445 974 3645 1013 aureas

2040 1050 2296 1119 imagines
2322 1049 2619 1119 effingens,
2651 1067 2845 1120 magno
2871 1066 2963 1105 eas
2994 1052 3170 1105 studio
3196 1062 3458 1115 exornat;
3493 1055 3561 1106 ita
3591 1063 3646 1106 et

2039 1141 2126 1196 ille
2155 1157 2340 1196 eorum
2379 1143 2586 1196 animos
2626 1143 2976 1211 componebat
3001 1183 3016 1208 ,
3050 1143 3364 1196 informabat
3387 1144 3645 1197 ornabat-

2038 1249 2163 1304 que.
2193 1237 2269 1291 Ae
2293 1236 2738 1304 quemadmodum
2763 1237 3060 1292 laboriosus
3083 1239 3311 1308 agricola
3337 1240 3644 1309 palmarum

2041 1326 2121 1378 vel
2149 1326 2386 1380 olearum
2435 1328 2629 1396 stirpes
2674 1328 2846 1397 rigat.
2896 1331 3141 1383 munitet
3169 1331 3338 1399 sopit,
3385 1333 3646 1400 omnique

2039 1418 2242 1469 ratione
2262 1416 2437 1470 colere
2460 1433 2564 1472 non
2599 1430 2804 1481 cessat;
2833 1420 2900 1471 ita
2930 1427 2982 1473 et
3006 1420 3090 1473 ille
3123 1435 3223 1472 non
3253 1421 3503 1474 cessabat
3529 1423 3644 1474 sin-

2039 1507 2284 1576 golorum
2303 1509 2554 1573 animam,
2582 1509 2732 1578 quasi
2759 1511 2948 1562 olivam
2974 1509 3315 1575 frm'liferam,
3342 1511 3408 1564 ad
3434 1513 3641 1579 majora

2040 1599 2250 1652 virtutis
2296 1601 2620 1654 incrementa
2651 1601 2937 1655 deducere.
2981 1601 3085 1656 Sed
3135 1603 3264 1656 vidit
3289 1604 3488 1673 stirpes
3522 1620 3642 1655 ma-

2042 1689 2166 1759 ligni
2191 1690 2406 1761 spiritus
2429 1691 2621 1760 impetu
2645 1693 2876 1758 avulsas,
2905 1701 3064 1762 atque
3091 1693 3141 1746 in
3171 1704 3364 1746 terram
3389 1704 3636 1763 prostra-

2045 1789 2143 1844 tas,
2178 1781 2643 1852 miserabilemque
2671 1785 2793 1837 vita:
2813 1787 3011 1838 exitum
3037 1800 3314 1854 perpessas
3336 1827 3352 1851 ,
3383 1784 3521 1839 nihil
3556 1796 3640 1838 ta-

2043 1887 2163 1925 men
2193 1871 2458 1926 maledicti
2490 1875 2724 1942 protulit,
2754 1875 2848 1928 sed
2877 1875 2986 1930 Deo
3015 1877 3211 1946 gratias
3236 1891 3422 1946 agens,
3457 1875 3607 1930 letha
3626 1907 3645 1916 -

2044 1962 2147 2016 lem
2175 1962 2388 2017 diabolo
2415 1965 2616 2032 plagam
2648 1965 2858 2020 inflixit.

2115 2055 2168 2108 5.
2211 2055 2264 2110 Si
2294 2071 2420 2110 vero
2448 2055 2645 2110 dixeris
2671 2099 2685 2116 .
2718 2058 2910 2110 mtdtos
2950 2057 3038 2111 ille
3078 2059 3212 2112 filios
3250 2057 3471 2112 habuit:
3501 2059 3647 2114 alius

2046 2161 2174 2200 vero
2204 2161 2345 2216 sa‘pe
2374 2147 2585 2201 unicum
2615 2148 2841 2216 perdidit
2877 2149 3042 2203 lilium
3064 2192 3077 2215 ,
3109 2166 3282 2220 neque
3310 2153 3422 2220 pari
3449 2152 3651 2210 dolore

2044 2239 2264 2294 alfectus
2285 2248 2386 2307 est,
2411 2240 2609 2310 optime
2633 2241 2865 2310 loqueris
2896 2261 2911 2296 :
2939 2253 3096 2312 atque
3129 2244 3177 2296 in
3206 2243 3304 2298 hoc
3331 2244 3421 2296 tibi
3449 2259 3649 2298 assen-

2048 2333 2168 2394 tior,
2193 2332 2333 2401 quod
2356 2345 2460 2384 non
2488 2347 2582 2402 par
2604 2331 2759 2386 fuerit
2784 2333 2954 2396 dolor,
2983 2333 3075 2388 sed
3097 2334 3215 2389 Jobi
3248 2335 3416 2388 multo
3443 2336 3648 2404 major.

2046 2425 2175 2492 Qua:
2214 2427 2354 2480 enim
2385 2426 2457 2479 illi
2497 2442 2562 2481 ex
2605 2441 2888 2481 numerosa
2927 2428 3110 2481 sobole
3138 2428 3373 2482 utilitas?
3403 2427 3642 2481 Eviden-

2049 2520 2236 2572 tiorem
2267 2519 2363 2588 ipsi
2395 2527 2553 2589 atque
2582 2519 2909 2574 acerbiorem
2941 2520 3181 2575 dolorem
3214 2521 3408 2575 vulnus
3439 2522 3646 2587 intuiit,

2049 2611 2100 2663 in
2125 2611 2362 2678 pluribus
2387 2612 2700 2678 corporibus
2721 2622 3019 2680 acceptum.

2120 2700 2394 2753 Abrahami
2422 2702 2724 2770 exemplum.
2749 2733 2819 2741 —
2839 2702 2989 2767 Quod
3019 2701 3063 2754 si
3094 2701 3238 2756 lubet
3265 2701 3430 2755 alium
3465 2703 3651 2757 videre

2049 2801 2311 2856 sanctum,
2336 2793 2418 2847 cui
2445 2793 2630 2847 imicus
2653 2803 2768 2848 erat
2795 2793 2953 2860 filius,
2983 2794 3114 2862 pari,
3147 2793 3252 2846 imo
3273 2793 3460 2861 majori
3483 2795 3650 2847 animi

2049 2885 2410 2955 magnitudine
2437 2901 2590 2940 usum
2613 2927 2626 2949 ,
2656 2885 2942 2940 recordare
2969 2886 3253 2940 Abrahami
3285 2888 3611 2956 patriarcha:
3633 2931 3647 2950 ,

2049 2977 2138 3044 qui
2170 2976 2402 3030 lsaacum
2429 2975 2644 3045 quidem
2691 2979 3005 3032 morientem
3049 2993 3153 3031 non
3189 2977 3344 3040 vidit;
3377 2978 3475 3032 sed
3507 2979 3652 3048 quod

2049 3068 2205 3138 longe
2225 3068 2468 3122 acerbius
2489 3069 2825 3137 amariusque
2848 3075 2983 3132 erat,
3004 3068 3117 3139 ipse
3141 3083 3263 3123 eum
3285 3079 3529 3125 mactare
3540 3071 3653 3146 jus~

2051 3177 2143 3215 sus
2163 3172 2243 3217 est
2265 3178 2280 3227 ;
2311 3178 2410 3216 nec
2437 3163 2687 3216 mandato
2712 3164 3041 3232 repugnabat
3070 3163 3176 3230 ille,
3200 3178 3304 3223 non
3329 3163 3653 3240 indignam-

2052 3263 2139 3308 tur
2159 3295 2173 3318 ,
2207 3269 2378 3323 neque
2406 3254 2580 3309 simile
2619 3254 2888 3324 quidpiam
2931 3254 3138 3314 dicebat
3167 3277 3182 3314 :
3215 3260 3406 3316 ideone
3437 3278 3528 3316 me
3556 3279 3651 3332 pa-

2052 3352 2187 3397 trem
2212 3343 2398 3407 fecisti,
2437 3352 2494 3397 ut
2519 3342 2611 3397 filii
2633 3343 2953 3405 homicidam
2975 3349 3210 3404 faceres?
3248 3350 3435 3404 Melius
3463 3351 3652 3406 fuisset

2050 3436 2270 3490 omnino
2291 3452 2396 3490 non
2419 3435 2651 3509 dedisse,
2670 3457 2827 3511 quam
2849 3441 3029 3496 datum
3053 3442 3141 3496 tali
3164 3443 3321 3497 modo
3336 3445 3650 3498 sustulisse.

2052 3527 2186 3586 Eum
2227 3543 2442 3602 prorsus
2483 3534 2562 3586 vis
2605 3533 2838 3587 habere?
2883 3533 2991 3588 Cur
3039 3549 3159 3587 eum
3217 3549 3248 3587 a
3293 3550 3382 3588 mc
3426 3537 3651 3589 mactari

2053 3623 2284 3692 imperas
2303 3663 2319 3688 ,
2347 3638 2624 3690 meamque
2649 3622 2922 3677 dexteram
2952 3625 3204 3691 sanguine
3236 3623 3354 3693 ejus
3381 3627 3652 3678 contami-

2052 3713 2206 3768 nari?
2250 3716 2443 3768 Annon
2491 3714 2757 3783 pollicitus
2805 3730 2926 3769 eras
2974 3731 3061 3769 me
3106 3731 3199 3784 per
3235 3716 3377 3770 hunc
3421 3732 3650 3784 puerum

2053 3815 2220 3860 totum
2260 3805 2444 3860 orbem
2493 3805 2640 3874 prole
2679 3821 2794 3859 mea
2843 3806 3227 3874 impleturum?
3267 3806 3367 3875 Qui
3416 3809 3649 3862 fructum

2051 3895 2204 3950 dabis
2225 3896 2402 3949 avulsa
2427 3897 2638 3950 radice?
2665 3896 2943 3963 Quomodo
2976 3897 3178 3966 prolem
3209 3897 3498 3966 promittis,
3529 3915 3650 3953 cum

2054 3987 2220 4041 filium
2269 3996 2503 4040 mactare
2543 3986 2766 4055 jubeas?
2804 3985 2933 4053 Quis
2975 3987 3096 4040 talia
3140 3987 3268 4040 vidit
3296 3987 3377 4040 vel
3409 3987 3651 4042 audivit?

2056 4078 2316 4146 Deceptus
2346 4093 2461 4130 sum
2490 4093 2551 4129 ac
2585 4076 2994 4131 Cil'Clttln‘ClllllS.
3027 4075 3163 4129 Nihil
3194 4077 3367 4130 simile
3398 4078 3538 4132 dixit
3561 4090 3651 4134 aut

2052 4170 2322 4235 Cogitavit.
2349 4184 2452 4222 non
2482 4170 2673 4222 restitt
2696 4168 3116 4234 imperanti,non
3138 4169 3389 4236 expetivit
3413 4169 3538 4222 facti
3566 4186 3652 4223 ra-

2057 4261 2277 4324 tionem,
2306 4259 2398 4312 sed
2424 4259 2506 4313 his
2532 4259 2725 4313 auditis
2754 4281 2766 4312 :
2796 4259 2980 4327 Accipe
3004 4260 3166 4328 ﬁlium
3195 4269 3331 4312 tuum
3353 4303 3366 4323 ,
3397 4279 3547 4330 quem
3573 4263 3653 4314 di-

2057 4353 2190 4422 ligis,
2221 4349 2392 4413 Isaac,
2419 4360 2463 4404 et
2491 4351 2659 4403 adduc
2689 4368 2806 4404 eum
2841 4351 2892 4403 in
2919 4367 3074 4403 unum
3103 4352 3365 4413 montium,
3388 4369 3542 4421 quem
3573 4355 3656 4406 di-

2055 4459 2174 4496 xero
2198 4442 2284 4495 tibi
2311 4441 2472 4509 (Gen.
2505 4439 2594 4493 2:2.
2617 4441 2709 4509 Ξ),
2739 4457 2858 4493 cum
2891 4449 3033 4492 tanta
3061 4440 3331 4493 alacritate
3362 4443 3565 4508 paruit,
3597 4452 3656 4497 ut

2058 4538 2175 4606 plus
2196 4537 2376 4600 etiam,
2400 4552 2555 4604 quam
2583 4534 2896 4602 imperatum
2925 4544 3086 4597 esset,
3112 4532 3328 4586 faceret.
3356 4533 3492 4586 Nam
3522 4551 3657 4589 uxo-

2057 4644 2170 4683 rem
2201 4628 2301 4682 hoc
2327 4627 2514 4681 celavit
2544 4636 2598 4680 et
2625 4641 2834 4690 servos,
2867 4625 3097 4694 ipsisque
3129 4625 3178 4676 in
3220 4625 3418 4678 montis
3468 4626 3658 4680 radice

2059 4721 2292 4776 dimissis
2313 4763 2328 4786 ,
2361 4721 2468 4774 sola
2499 4735 2678 4774 secum
2710 4719 2865 4772 ducta
2898 4719 3110 4771 victima
3139 4717 3398 4771 ascendit.
3433 4717 3510 4771 lta
3547 4735 3655 4773 non

2061 4814 2275 4877 invitus,
2300 4813 2392 4866 sed
2421 4827 2538 4864 cum
2570 4811 2839 4864 alacritate
2869 4811 3033 4863 multa
3057 4809 3203 4879 jussa
3229 4809 3660 4878 exsequebatur.

2059 4905 2244 4974 Cogita
2272 4917 2400 4972 ergo
2427 4912 2679 4972 quantum
2709 4901 2834 4954 illud
2866 4911 2978 4954 erat
2998 4942 3012 4964 ,
3043 4901 3213 4954 solum
3239 4914 3358 4953 cum
3388 4899 3513 4954 solo
3552 4900 3663 4954 filio

2059 4997 2309 5068 colloqui,
2335 5006 2594 5067 prtesente
2621 4995 2851 5058 nemine,
2873 5009 2992 5048 cum
3019 4994 3220 5047 viscera
3245 4993 3480 5046 maxime
3506 5009 3664 5046 com-

2061 5099 2359 5158 moventur,
2391 5089 2694 5156 amorisque
2718 5089 2795 5141 vis
2823 5086 2992 5155 major
3019 5092 3101 5140 est
3119 5124 3134 5150 ,
3161 5083 3319 5153 idque
3349 5099 3459 5136 non
3496 5084 3661 5138 unius

2062 5184 2142 5238 vel
2169 5183 2393 5237 duorum
2414 5221 2430 5246 ,
2462 5180 2554 5234 sed
2584 5180 2812 5249 plurium
2840 5177 3046 5232 dierum
3086 5176 3276 5244 spatio.
3307 5173 3441 5227 Nam
3471 5175 3519 5228 si
3551 5184 3658 5229 sta-

2063 5275 2158 5332 tim
2184 5275 2396 5330 fecisset
2423 5272 2561 5343 quod
2587 5273 2901 5341 imperatum
2930 5276 3064 5334 erat,
3094 5282 3341 5337 magnum
3373 5267 3656 5322 mirabile-

2062 5411 2193 5475 plum
2216 5409 2283 5459 ad
2305 5421 2389 5458 nos
2410 5405 2666 5475 ﬂectentes,
2693 5404 2957 5475 beatigobt
2987 5403 3162 5475 aqemft
3202 5409 3438 5475 rationem
3476 5403 3658 5453 imitat:

2059 5465 2419 5536 fugi-intusmou
2440 5469 2581 5536 modo
2624 5468 2674 5516 in
2694 5465 3040 5536 afﬂictionibus,
3068 5465 3152 5514 sed
3189 5478 3242 5536 tu
3269 5465 3656 5536 quiante-umque

2053 5526 2168 5587 aliis
2189 5526 2516 5586 incommodis,
2551 5543 2662 5578 cum
2700 5526 2811 5586 uitri
2847 5528 3098 5576 Dominum
3126 5532 3353 5587 nostrum
3379 5526 3652 5582 adibimus,

2061 5586 2161 5644 tum
2201 5594 2428 5643 stabimus
2448 5590 2608 5640 securi
2629 5597 2737 5639 ante
2763 5589 2974 5639 tribunal
3017 5586 3193 5637 (lo-isti
3230 5601 3246 5636 :
3284 5600 3394 5648 qml'
3413 5597 3656 5648 sec-simas

2061 5657 2195 5709 nobis
2217 5654 2435 5705 wtmibus
2461 5653 2601 5702 detur
2625 5665 2710 5712 per
2734 5650 2940 5715 gratiam
2963 5657 3008 5700 ct
3031 5646 3414 5699 miscricordiam
3457 5646 3656 5702 Domini

2065 5721 2213 5773 nostri
2234 5728 2346 5770 Jcsu
2371 5715 2562 5772 Christi.
2591 5723 2684 5763 etc.
