3860 6224
235 270 255 322 Ι
267 270 374 324 02ςῦ

225 385 396 440 Ὅταν
441 381 844 456 γὰρ’πονηροὺς
890 382 1135 452 ἀποϐάλῃ
1170 400 1251 446 τις
1283 385 1498 446 παῖδας,
1540 384 1794 436 δάκνεται

226 471 326 541 μὲν
359 467 438 539 τῷ
476 468 658 529 πάθει,
699 468 838 539 πλὴν
884 467 998 521 ἀλλ’
1027 468 1088 519 ού
1121 467 1260 538 μετά
1289 467 1488 535 πολλῆς
1520 469 1618 538 τῆς
1667 484 1798 535 σφο-

222 554 514 624 δρότητος
556 552 589 620 ή
637 551 744 620 γάρ
787 550 1018 621 πονηρία
1061 550 1167 603 τῶν
1212 549 1552 602 ἀπελθόντων
1601 548 1795 619 δριμυ-

221 637 389 709 τέραν
417 636 516 687 οὑκ
549 635 742 705 ἀφίησι
776 633 1024 702 γενέσθαι
1053 635 1149 704 τὴν
1180 633 1372 704 ὀδύνην
1393 650 1406 661 ·
1440 635 1569 686 ὅταν
1601 632 1658 684 δὲ
1704 632 1799 684 καὶ

223 720 470 789 ἐνάρετοι
500 711 624 777 ὦσι,
658 716 881 787 μόνιμον
907 717 966 769 τὸ
995 716 1212 787 τραῦμα
1241 715 1469 784 γίνεται,
1505 715 1735 784 άληστος
1763 715 1797 785 ή

225 801 438 870 μνήμη,
469 798 896 870 ἀπαραμύθητον
917 799 976 852 16
1009 799 1196 862 κακὸν,
1221 798 1438 852 διπλοῦν
1466 799 1526 851 16
1551 797 1794 867 κέντρον,

220 883 286 935 τὸ
330 883 427 952 μὲν
454 883 561 936 ἀπὸ
611 882 709 951 τῆς
743 881 976 950 φύσεως,
1009 881 1070 934 τὸ
1094 882 1152 934 δὲ
1182 882 1289 935 άπὸ
1321 882 1422 951 τῆς
1459 881 1661 951 ἀρετῆς
1688 879 1798 932 τῶν

222 965 586 1019 ἀπελθόντων.
617 966 738 1018 ’Ότι
764 965 821 1017 δὲ
867 959 1006 1033 ἦσαν
1039 965 1280 1034 ἐνάρετοι
1300 1006 1315 1029 ,
1347 965 1504 1036 δῆλον
1550 962 1756 1016 ἐκεῖθεν
1780 978 1793 989 ·

223 1049 432 1118 Πολλὴν
469 1048 646 1102 αὐτῶν
675 1050 703 1101 6
735 1047 914 1118 πατὴρ
943 1049 1176 1102 ἐποιεῖτο
1203 1047 1302 1119 τὴν
1340 1048 1675 1118 ἐπιμέλειαν,
1708 1047 1798 1098 καὶ

223 1132 581 1202 ἀνιστάμενος
633 1131 822 1192 θυσίας
881 1130 1217 1202 προσέφερεν
1268 1131 1409 1202 ὑπὲρ
1459 1129 1658 1193 αὐτῶν,
1707 1129 1800 1181 καὶ

223 1215 368 1284 ὑπὲρ
393 1212 502 1266 τῶν
533 1212 742 1284 ἀδήλων
772 1214 1184 1284 ἁμαρτημάτων
1213 1213 1485 1277 δεδοικὼς,
1519 1213 1613 1266 καὶ
1645 1211 1799 1265 οὐδὲν

222 1295 376 1366 αὑτῴ
403 1295 590 1349 τούτου
624 1295 1011 1366 προτιμότερον
1045 1292 1132 1367 ἦν.
1161 1295 1330 1350 Τοῦτο
1360 1297 1414 1349 δὲ
1444 1297 1504 1348 οὑ
1535 1294 1643 1348 τῶν
1675 1293 1800 1348 παί-

219 1378 331 1431 δων
361 1379 459 1450 τὴν
510 1379 709 1449 ἀρετὴν
748 1377 986 1432 δείκνυσι
1044 1380 1224 1448 μόνον,
1257 1378 1391 1431 ἀλλά
1437 1379 1531 1431 καὶ
1563 1377 1660 1448 τὴν
1704 1373 1798 1428 τοῦ

223 1461 434 1532 πατρὸς
472 1461 867 1531 φιλοστοργίαν.
900 1461 1070 1513 Ὅταν
1105 1457 1196 1514 οὖν
1240 1463 1334 1514 καὶ
1370 1459 1549 1531 πατὴρ
1581 1455 1668 1531 ἦν,
1703 1456 1798 1512 καὶ

220 1543 369 1596 οὑτω
418 1543 789 1614 φιλόστοργος,
823 1542 898 1614 μὴ
945 1543 1036 1596 τὸν
1086 1544 1192 1596 ἀπὸ
1223 1545 1321 1614 τῆς
1369 1542 1583 1612 φύσεως
1636 1539 1802 1595 πόθον

221 1625 632 1696 ἐνδεικνύμενος
667 1625 848 1696 μόνον,
897 1625 1034 1678 ἀλλὰ
1067 1627 1162 1679 καὶ
1211 1626 1302 1678 τὸν
1342 1625 1448 1678 ἀπὸ
1491 1625 1590 1694 τῆς
1639 1623 1801 1677 εὑλα-

221 1710 398 1775 ϐείας,
440 1709 575 1763 άλλά
606 1710 698 1762 καὶ
727 1710 776 1762 οἱ
816 1709 1139 1772 ἀπελθόντες
1169 1707 1341 1770 οὑτως
1387 1707 1650 1778 ἐνάρετοι,
1683 1722 1804 1776 τρι-

221 1793 334 1862 πλῆ
367 1793 574 1860 γίνεται
611 1792 708 1863 τῆς
741 1791 978 1862 ἀθυμίας
1007 1793 1041 1862 ή
1078 1790 1245 1860 πυρά,
1274 1790 1463 1852 Πάλιν,
1494 1791 1622 1842 ὅταν
1657 1788 1802 1844 κατὰ

223 1876 396 1946 μέρος
434 1875 874 1948 ἀναρπάζωνται,
906 1873 1017 1943 ἔχει
1045 1873 1168 1927 τινά
1215 1872 1566 1944 παραμυθίαν
1607 1871 1670 1925 16
1697 1871 1804 1926 πά-

221 1960 350 2021 θος·
384 1958 434 2009 οί
481 1957 589 2029 γάρ
625 1956 1027 2026 ἐπιλειπόμενοι
1068 1958 1165 2028 τὴν
1212 1957 1305 2009 ἐπὶ
1347 1959 1459 2018 τοῖς
1507 1952 1804 2012 ἀπελθοῦσι

223 2039 614 2104 συσκιάζουσιν
661 2039 925 2110 ἀθυμίαν·
969 2042 1096 2094 ὅταν
1137 2039 1193 2093 δὲ
1243 2037 1534 2108 ὁλόκληρος
1583 2038 1611 2090 ὀ
1645 2035 1803 2108 χορὸς

229 2124 462 2198 ἀπέλθῃ,
487 2123 621 2194 πρὸς
645 2125 765 2177 τίνα
801 2125 1086 2194 δυνήσεται
1118 2123 1242 2176 ίδιῖν
1263 2126 1290 2176 ὁ
1319 2121 1584 2183 πολύπαις
1610 2121 1806 2188 ἀθρόον

230 2209 398 2272 ἄπαις
429 2208 750 2277 γενόμενος;
793 2208 946 2261 Μετά
974 2206 1177 2259 τούτων
1209 2205 1368 2258 πάλιν
1395 2205 1510 2257 ἐστι
1541 2207 1632 2257 καὶ
1663 2203 1801 2273 πέμ·

229 2308 372 2362 πτην
409 2293 581 2344 εἰπεῖν
616 2290 850 2360 πληγήν.
901 2289 1064 2342 Ποίαν
1110 2289 1175 2358 δὴ
1210 2287 1450 2357 ταύτην;
1499 2289 1559 2340 τὸ
1612 2286 1804 2357 ἀθρόον

227 2375 423 2437 αὑτοὺς
464 2373 879 2445 ἀναρπασθῆναι
921 2373 1143 2436 πάντας.
1176 2373 1239 2424 EE
1288 2371 1396 2440 γὰρ
1431 2373 1486 2422 ἐν
1533 2370 1732 2440 τρισὶν,
1769 2370 1802 2440 ἢ

229 2459 392 2510 πέντε
437 2458 672 2527 ἡμέραις
709 2455 1051 2510 ἀπελθόντων
1097 2455 1280 2520 τινῶν,
1319 2455 1374 2506 αἱ
1409 2455 1667 2522 γυναῖκες
1712 2454 1807 2505 καὶ

228 2543 280 2593 οἱ
344 2542 713 2613 προσήκοντες
784 2539 1022 2601 ἅπαντες
1078 2537 1236 2590 τοῦτο
1297 2537 1531 2608 μάλιστα
1589 2536 1806 2590 πάντων
1871 2593 1884 2604 _

230 2625 617 2693 ὀλοφύρονται,
667 2624 748 2675 ὅτι
803 2621 1010 2692 ταχέως
1069 2620 1163 2673 καὶ
1212 2619 1470 2690 ἐξαίφνης
1515 2619 1806 2691 ἀνηρπάγη

233 2708 333 2776 τῆς
379 2706 597 2759 ἐκείνων
641 2705 814 2775 ὅψεως
845 2707 872 2758 ὀ
912 2703 1348 2775 τετελευτηκώςο
1393 2702 1574 2773 πολλῷ
1608 2701 1809 2772 μᾶλλον

229 2785 383 2851 οὗτος
421 2788 486 2841 ἂν
516 2787 749 2859 ήλγησεν
775 2789 874 2839 οὐκ
902 2789 960 2839 ἐν
994 2787 1229 2858 ἡμέραις
1266 2788 1413 2858 τρισὶ
1443 2788 1535 2840 καὶ
1565 2785 1685 2838 δυσὶ
1716 2785 1811 2837 καὶ

234 2872 372 2941 μιᾷ,
419 2871 533 2922 ἀλλ’
581 2873 638 2923 ἐν
689 2869 809 2941 ὥρᾳ
862 2872 959 2941 μιᾷ
1007 2871 1212 2934 πάντας
1247 2870 1419 2931 οὑτως
1469 2866 1807 2938 ἀφαιρεθείς.

233 2955 310 3006 T6
343 2954 439 3024 μὲν
473 2954 579 3025 γὰρ
613 2953 904 3025 μελετηθέν
935 2952 1012 3023 τῷ
1039 2953 1214 3024 χρόνῳ
1245 2953 1434 3016 δεινὸν,
1467 2952 1570 3004 κᾶν
1602 2950 1811 3022 σφόδρα

234 3038 508 3108 ἀφόρητον
549 3035 616 3110 ᾖ,
663 3039 730 3108 τῇ
783 3036 1074 3107 προσδοκία
1124 3036 1324 3105 κοῦφον
1364 3035 1428 3087 ἂν
1461 3034 1668 3102 γένοιτο
1709 3036 1811 3104 ρᾳ-

231 3121 359 3184 δίως
379 3138 392 3151 ο
423 3121 486 3174 τὸ
513 3119 568 3173 δὲ
614 3120 740 3190 παρ’
772 3119 960 3172 ἐλπίδα
989 3117 1204 3188 συμϐὰν
1239 3117 1332 3170 καὶ
1365 3117 1625 3188 ἐξαίφνης
1674 3116 1810 3184 ἀφό-

238 3221 401 3275 ρητον
450 3203 679 3272 γίνεται.
705 3203 870 3255 Ὅταν
902 3198 994 3254 οὖν
1044 3217 1094 3253 τι
1140 3202 1261 3254 καθ’
1291 3201 1450 3254 ἑαυτὸ
1485 3199 1716 3270 χαλεπὸν
1744 3194 1807 3270 ᾗ,

235 3289 334 3339 καὶ
363 3286 460 3358 τὴν
483 3288 546 3339 ἐκ
572 3285 664 3338 106
694 3284 821 3354 παρ’
849 3284 1038 3336 ἐλπίδα
1066 3283 1338 3354 συμϐῆναι
1370 3284 1620 3356 λαμϐάνῃ
1651 3299 1814 3352 προσ-

235 3371 433 3440 θήκην,
481 3369 729 3440 ἐννόησον
764 3365 878 3430 πῶς
910 3367 1182 3438 ἀφόρητον
1229 3366 1470 3434 γίνεται,
1506 3367 1598 3419 καὶ
1637 3367 1813 3418 πάντα

235 3451 554 3522 ὑπερϐαίνει
598 3451 771 3518 λόγον.
817 3449 1004 3503 Βούλει
1042 3451 1135 3503 καὶ
1178 3449 1344 3521 ἕκτην
1385 3448 1616 3503 ἀκοῦσαι
1674 3449 1814 3519 πλη-

242 3537 386 3603 γήν;
447 3535 534 3586 Ἐν
567 3533 713 3604 αὑτῷ
751 3534 849 3603 τῆς
883 3532 1096 3603 ήλικίας
1141 3532 1218 3603 τῷ
1259 3533 1408 3586 ἄνθει
1453 3533 1662 3595 πάντας
1711 3534 1816 3587 άπ-

243 3619 616 3672 ώλεσεν.⁹1στε
644 3617 700 3670 δὲ
725 3618 869 3680 ὅπως
895 3619 942 3669 οί
975 3617 1141 3689 ἄωροι
1171 3619 1422 3671 δάκνουσι
1452 3616 1688 3680 θάνατοι,
1723 3616 1815 3670 καὶ

242 3701 488 3755 ποικίλον
537 3700 748 3754 ποιοῦσι
797 3701 858 3752 16
893 3699 1101 3762 πένθος.
1157 3695 1327 3764 Οὗτος
1381 3700 1438 3753 δέ
1485 3700 1586 3753 οὑκ
1638 3701 1816 3770 ἄωρος

240 3785 404 3856 μόνον
443 3781 530 3857 ἦν,
562 3784 708 3857 [769]
752 3784 888 3837 ἀλλά
935 3786 1025 3837 καὶ
1056 3784 1247 3855 βίαιος,
1277 3785 1352 3848 ὡς
1385 3780 1524 3838 εῖναι
1563 3784 1658 3838 καὶ
1689 3783 1818 3837 ταύ-

238 3885 343 3938 την
387 3868 619 3937 ἑϐδόμην
650 3868 862 3938 πληγήν
887 3883 899 3897 ⁸
938 3867 998 3920 οὑ
1040 3867 1148 3939 γάρ
1184 3867 1278 3920 ἐπὶ
1323 3868 1512 3938 κλίνης
1541 3862 1678 3921 εἶδεν
1714 3867 1816 3919 αὑ-

241 3954 372 4014 τοὺς
423 3950 791 4012 ἀποπνέοντας
839 3949 933 4002 καὶ
986 3948 1501 4020 ψυχορῤαγοῦντας,
1556 3949 1693 4002 ἀλλὰ
1747 3953 1816 4023 τῇ

244 4035 396 4106 οἰκίᾳ
426 4035 866 4104 καταχωσθέντας
901 4034 1164 4096 ἅπαντας.
1203 4034 1484 4105 Ἐννόησον
1505 4036 1702 4101 τοίνυν,
1733 4037 1818 4098 τίς

239 4116 311 4190 ἦν
355 4117 660 4189 ἀνορύττων
692 4119 868 4170 ἐκεῖνο
917 4115 976 4168 τὸ
1024 4117 1206 4185 χῶμα,
1250 4118 1344 4170 καὶ
1376 4117 1471 4170 νῦν
1506 4118 1604 4188 μὲν
1645 4119 1812 4184 λίθον,

242 4206 342 4257 νῦν
380 4202 436 4255 δέ
487 4202 644 4272 μέλος
671 4201 912 4254 ἀνέλκων
949 4200 1183 4262 παιδίου,
1216 4203 1308 4252 καὶ
1358 4204 1515 4274 χεῖρα
1546 4202 1689 4273 ὁρῶν
1735 4202 1816 4256 ἔτι

243 4285 446 4355 φιάλην
474 4285 828 4354 κατέχουσαν,
859 4283 952 4335 καὶ
997 4282 1176 4348 δεξιάν
1221 4282 1415 4353 ἑτέραν
1464 4284 1817 4355 ἐπικειμένην

242 4367 325 4437 τῷ
377 4367 588 4430 πίνακι,
637 4367 729 4418 καὶ
766 4365 926 4418 αὑτὸν
975 4363 1066 4416 106
1115 4365 1366 4434 σώματος
1420 4365 1814 4436 διεφθαρμένον

241 4454 340 4505 τὸν
396 4451 584 4512 τύπον,
639 4450 781 4520 ῥινὸς
838 4448 1251 4520 συντριϐείσης,
1305 4448 1544 4519 κεφαλῆς
1593 4448 1818 4502 διαθλα-

245 4534 506 4605 σθείσης,
554 4532 844 4603 ὀφθαλμῶν
900 4531 1335 4600 ἀφανισθέντων.
1384 4531 1684 4601 ἐγκεφάλου
1740 4533 1820 4585 δι-

243 4617 612 4687 εσπαρμένον,
641 4616 819 4686 πάσης
837 4613 1020 4677 ἁπλῶς
1039 4615 1136 4684 τῆς
1162 4613 1376 4685 μορφῆς
1397 4613 1816 4688 διεφθαρμένης,

244 4700 340 4753 καὶ
392 4700 484 4768 τῆς
514 4697 622 4752 τῶν
649 4697 976 4768 τραυμάτων
1010 4695 1280 4759 ποικιλίας
1316 4698 1418 4749 οὐκ
1444 4697 1698 4770 ἀφιείσης
1726 4701 1818 4753 τὸν

247 4780 462 4850 πατέρα
504 4779 611 4834 τῶν
650 4779 996 4849 ποθουμένων
1039 4778 1214 4848 δψεων
1269 4778 1566 4847 ἐπιγνῶναι
1598 4781 1688 4834 τὸν
1724 4783 1818 4834 τύ-

248 4881 375 4917 πον.
421 4863 755 4934 Συνεχύθητε
807 4863 980 4916 ταῦτα
1026 4863 1334 4926 ἀκούοντες,
1389 4865 1483 4917 καὶ
1514 4864 1815 4932 δακρύετε⁹

244 4946 540 5016 ἐννοήσατε
574 4945 770 5007 τοίνυν,
799 4945 881 5007 τίς
912 4941 979 5015 ἦν
1008 4946 1210 5007 ἐκεῖνος
1235 4945 1406 5000 ταῦτα
1430 4946 1588 5017 ὀρῶν.
1621 4953 1681 5000 ιιι
1713 4965 1819 5021 γαρ

247 5033 412 5104 ημεῖς
446 5031 582 5102 μετά
608 5030 856 5083 τοσοῦτον
885 5029 1073 5101 χρόνον
1120 5029 1181 5081 οὑ
1230 5029 1503 5100 δυνάμεθα
1555 5031 1819 5103 ἀδακρυτὶ

245 5113 350 5184 τῆς
370 5112 670 5183 τραγῳδίας
695 5111 906 5182 ἐκείνης
931 5113 1029 5181 τὴν
1053 5112 1220 5181 ἀκοὴν
1241 5113 1503 5180 ἐνεγκεῖν,
1533 5116 1626 5167 καὶ
1647 5117 1820 5170 ταῦτα

246 5195 535 5264 ἀλλοτρίας
585 5195 872 5257 ἀκούοντες
911 5194 1230 5265 συμφοράς,
1287 5196 1370 5256 τίς
1417 5191 1485 5266 ἦν
1533 5198 1562 5249 6
1607 5200 1820 5269 ἀδάμας

247 5281 455 5341 ἐκεῖνος
481 5277 580 5350 θέᾳ
600 5277 772 5330 ταῦτα
802 5277 1262 5348 παραλαμϐάνων,
1293 5281 1393 5332 οὑκ
1417 5281 1473 5332 ἐν
1494 5281 1814 5352 ἀλλοτρίοις,

248 5360 363 5413 ἀλλ’
391 5361 450 5412 ἐν
482 5361 702 5423 οἰκείοις
732 5359 1035 5430 φιλοσοφῶν
1061 5363 1284 5428 κακοῖς;
1314 5373 1341 5402 ι
1387 5363 1521 5416 Οὑδέ
1553 5365 1660 5436 γάρ
1709 5367 1821 5418 ἀπο·

247 5442 631 5512 εδυσπέτησεν,
660 5443 781 5496 οὑδέ
807 5443 1044 5494 τοιοῦτον
1066 5443 1216 5496 οὐδὲν
1243 5441 1390 5496 εἴπεο
1415 5445 1480 5498 Τί
1514 5462 1643 5499 ποτε
1667 5448 1821 5501 τοῦτό

249 5526 433 5590 ἐστιν;
477 5523 616 5595 αὕτη
666 5541 755 5594 μοι
803 5525 902 5595 τῆς
937 5525 1418 5598 φιλοφροσύνης,ή
1455 5528 1698 5600 άμοιϐή;
1733 5530 1822 5584 διὰ

316 5673 344 5704 ⁸
367 5674 494 5724 οὐδὲ
515 5675 605 5738 γὰρ
643 5674 1025 5732 ἀπεδυσπέτησεν
1062 5675 1305 5734 οὐδέποτε,
1346 5677 1456 5728 οὐδὲ
1483 5678 1602 5740 εἷπε,
1627 5680 1685 5728 Τί
1708 5697 1823 5730 ποτε

1464 269 1548 322 DE
1588 268 1864 324 LAZARO
1899 270 2148 330 CONCIU
2187 276 2247 336 V.

1906 381 2065 435 10610
2094 383 2208 445 τοῖς
2247 380 2416 447 ξένοις
2442 382 2652 452 ἀνέῳξα
2692 375 2792 452 τὴν
2830 381 3027 446 οἰκίαν,
3052 381 3136 434 ἵνα
3169 379 3335 449 τάφον
3375 382 3483 432 τῶν

1907 465 2112 518 παίδων
2133 465 2425 536 γινομένην
2447 465 2614 536 αὐτὴν
2640 465 2836 530 ἐπίδω;
2861 465 2948 517 διὰ
2975 463 3131 516 τοῦτο
3153 466 3332 517 πᾶσαν
3357 465 3487 536 περὶ

1906 547 2100 610 αὑτοὺς
2138 546 2336 619 ἀρετὴν
2371 547 2747 618 ἐπεδειξάμην,
2782 547 2865 599 ἵνα
2889 546 3127 600 τοιοῦτον
3154 547 3486 615 ὑπομείνωσι

1908 629 2169 692 θάνατον;
2220 629 2385 683 Οὐδὲν
2432 628 2634 683 τούτων
2674 632 2775 683 οὑκ
2809 626 2981 693 εἶπεν,
3030 631 3128 682 οὑκ
3173 630 3481 696 ἐνενόησεν·

1906 720 2020 773 ἀλλ’
2048 718 2208 788 ἔφερε
2251 719 2429 773 πάντα
2457 719 2718 787 γενναίως
2751 721 2844 772 καὶ
2877 720 3013 790 μετά
3062 719 3332 787 τοσαύτην
3366 719 3486 770 ἐπι-

1920 802 2138 872 μέλειαν
2177 802 2354 855 αὑτῶν
2405 802 2740 871 ἀφαιρεθείς.
2793 802 3055 873 Καθάπερ
3111 802 3221 870 γὰρ
3269 801 3500 872 ἀριστος·

1907 883 2314 954 ἀδριαντοποιδς
2349 884 2579 953 χρυσοῦς
2609 884 2945 938 διαπλάττων
2978 884 3316 954 ἀνδριάντας,
3347 882 3487 953 μετά

1911 966 2112 1036 πολλῆς
2132 967 2461 1029 καλλωπίζει
2481 967 2578 1036 τῆς
2598 967 2880 1038 ἀκριϐείας
2897 983 2908 996 ·
2929 966 3068 1020 οὕτω
3090 967 3183 1019 καὶ
3205 966 3366 1028 αὐτὸς
3388 967 3488 1027 τάς

1907 1048 2127 1102 ἐκείνων
2153 1049 2450 1121 ἐρρύθμιζε
2479 1049 2653 1118 ψυχάς
2690 1049 3028 1102 διαπλάττων
3046 1089 3060 1114 ,
3097 1049 3481 1118 κατακοσμῶν.

1907 1131 2018 1183 Καὶ
2057 1130 2308 1202 καθάπερ
2352 1148 2435 1194 τις
2480 1130 2724 1201 γεωργὸς
2774 1131 3058 1199 φιλόπονος
3103 1131 3326 1200 στελέχη
3366 1147 3485 1198 φοι-

1907 1211 2072 1265 νίκων
2133 1213 2166 1283 ἢ
2220 1212 2414 1266 ἐλαιῶν
2477 1212 2683 1282 ἄρδων,
2746 1212 3018 1281 τειχίζων,
3075 1215 3482 1284 περιφράττων,

1909 1295 2070 1348 παντὶ
2125 1294 2442 1366 θεραπεύων
2475 1295 2662 1366 τρόπῳ
2707 1296 2966 1348 διατελεῖο
3018 1296 3160 1348 οὕτω
3199 1297 3292 1348 καὶ
3334 1291 3486 1358 οὗτος

1907 1376 1968 1430 οὑ
2006 1376 2357 1446 διελίμπανε,
2391 1376 2644 1448 καθάπερ
2697 1377 2884 1430 ἐλαίαν
2937 1376 3058 1430 τινὰ
3106 1378 3482 1446 κατάκαρπον,

1907 1458 2006 1527 τὴν
2043 1458 2272 1510 ἑκάστου
2301 1457 2480 1528 ψυχὴν
2521 1461 2601 1521 είς
2648 1458 2866 1514 πλείονα
2897 1460 3098 1530 ἀρετῆς
3142 1457 3320 1523 αὔξων
3370 1458 3487 1512 ἐπί-

1906 1539 2071 1592 δοσιν.
2110 1538 2247 1591 Ἀλλ⁹
2275 1535 2382 1592 εἶδε
2415 1539 2638 1610 στελέχη
2663 1544 2729 1612 τῇ
2762 1541 2854 1594 106
2897 1541 3134 1611 πανηροῦ
3181 1540 3490 1610 πνεύματος

1908 1621 2179 1692 προσϐολῇ
2237 1621 2683 1685 ἀνασπασθέντα,
2741 1624 2835 1678 καὶ
2883 1625 2973 1676 ἐπὶ
3025 1625 3127 1692 γῆς
3167 1621 3484 1682 ἐκταθέντα,

1907 1703 2120 1758 καὶτὸν
2147 1703 2378 1759 ἐλεεινὸν
2422 1705 2518 1775 τῆς
2553 1703 2806 1774 τελευτῆς
2847 1706 3214 1776 ὑπομείναντα
3263 1704 3483 1774 τρόπον,

1908 1785 2001 1838 καὶ
2032 1786 2184 1840 οὐδὲν
2223 1786 2544 1856 βλάσφημον
2582 1786 2902 1854 ἐφθέγξατο,
2945 1787 3080 1840 ἀλλά
3125 1787 3217 1840 καὶ
3260 1786 3487 1856 εὑχαρί⁴

1909 1884 2094 1938 στησε,
2125 1869 2344 1940 καιρίαν
2380 1868 2501 1932 δοὺς
2530 1869 2608 1939 τῷ
2636 1869 2866 1940 διαϐόλῳ
2896 1869 2994 1941 τὴν
3019 1871 3255 1941 πληγήν.

1980 1948 2040 2004 ε’.
2073 1950 2136 2003 El
2164 1949 2224 2004 δὲ
2259 1949 2467 2017 λέγοις,
2513 1951 2594 2004 ὅτι
2644 1950 2868 2015 πολλοὺς
2919 1949 3062 2022 εἶχεν
3105 1945 3259 2014 οὗτος
3304 1950 3489 2014 υἱοὺς,

1909 2032 2067 2096 ἄλλος
2104 2033 2159 2086 δέ
2200 2033 2462 2096 πολλάκις
2491 2034 2584 2086 ἕνα
2616 2034 2880 2105 μονογενῆ
2921 2034 3058 2104 ἔχων
3091 2032 3360 2095 ἀπώλεσε,
3392 2032 3489 2084 καὶ

1910 2116 2009 2167 οὑκ
2038 2115 2149 2168 ἴσον
2176 2116 2237 2169 τὸ
2263 2115 2476 2178 πένθος,
2507 2115 2686 2179 καλῶς
2717 2115 2917 2184 λέγεις,
2947 2116 3102 2184 κάγώ
3127 2116 3208 2169 σοί
3236 2133 3377 2185 φημι
3407 2116 3488 2168 ὅτι

1911 2198 2010 2251 οὐκ
2054 2196 2168 2252 ἴσον
2206 2199 2266 2252 16
2301 2199 2516 2264 πένθος,
2542 2199 2678 2252 ἀλλά
2706 2198 2882 2270 πολλῷ
2918 2197 3099 2269 μεῖξον
3130 2199 3192 2250 τὸ
3221 2199 3312 2252 106
3346 2197 3487 2251 Ἰώϐ.

1913 2280 1977 2332 Τί
2014 2279 2121 2352 γάρ
2161 2279 2309 2351 αὑτῷ
2340 2280 2439 2351 τῆς
2480 2281 2835 2345 πολυπαιδίας
2883 2281 3100 2350 δφελος;
3148 2280 3492 2353 Τρανοτέραν

1914 2363 2061 2434 αὑτῴ
2102 2364 2197 2434 τὴν
2250 2365 2534 2434 συμφορὰν
2586 2366 2808 2434 ἐποίησε
2868 2365 2963 2418 καὶ
3015 2364 3342 2436 πικροτέραν
3395 2361 3492 2434 τὴν

1913 2445 2103 2517 ὀδύνην
2130 2447 2191 2500 τὸ
2231 2449 2288 2500 ἐν
2321 2448 2526 2500 πλείοσι
2557 2446 2772 2518 σώμασι
2805 2448 2864 2500 τὸ
2893 2445 3115 2518 τραῦμα
3147 2446 3418 2510 δέξασθαι.

1985 2529 2048 2582 Et
2085 2529 2142 2582 δέ
2171 2529 2348 2599 βούλει
2375 2531 2468 2583 καὶ
2493 2529 2679 2601 ἕτερον
2712 2530 2838 2582 ἰδεῖν
2863 2528 3016 2596 ἅγιον
3041 2529 3300 2598 μονογενῆ
3325 2529 3492 2582 παῖδα

1917 2610 2126 2680 ἔχοντα,
2178 2611 2270 2666 καὶ
2305 2613 2403 2671 τὴν
2451 2612 2619 2682 αὐτὴν
2648 2611 2681 2682 ἢ
2714 2613 2808 2664 καὶ
2843 2611 3062 2663 πλείονα
3094 2610 3342 2681 ἀνδρείαν
3376 2613 3493 2665 ἐπι-

1915 2691 2245 2761 δειξάμενον,
2290 2693 2665 2763 ἀναμνήσθητι
2696 2693 2790 2746 τοῦ
2843 2693 3178 2762 πατριάρχου
3220 2692 3491 2764 Ἀϐραάμ,

1915 2773 1974 2837 ὃς
2009 2775 2108 2828 οὐκ
2158 2770 2264 2828 εἶδε
2302 2776 2392 2827 16v
2430 2775 2610 2829 Ἰσαὰκ
2656 2776 3014 2838 ἀποθανόντα,
3061 2772 3197 2839 ἀλλ’,
3238 2775 3266 2827 ὃ
3314 2775 3492 2846 πολλῷ

1917 2857 2237 2929 πικρότερον
2281 2852 2348 2929 ἦν
2377 2858 2470 2911 καλ⁸
2512 2857 2918 2931 ὀδυνηρότερον,
2947 2857 3109 2920 αὑτὸς
3146 2858 3306 2912 αὑτὸν
3335 2875 3496 2911 κατα-

1920 2939 2116 3008 σφάξαι
2164 2939 2508 3002 ἐπετάττετο,
2557 2941 2650 2992 καὶ
2692 2941 2792 2992 οὑκ
2839 2941 3058 2992 ἀντεῖπε
3110 2940 3243 3011 πρὸς
3283 2941 3342 2992 τὸ
3371 2942 3493 2995 ἐπί-

1917 3040 2124 3094 ταγμα,
2158 3023 2278 3075 οὑδέ
2323 3022 2698 3092 ἐδυσχέρανεν,
2745 3023 2866 3076 οὐδὲ
2900 3021 3200 3091 ἐφθέγξατό
3231 3041 3282 3076 τι
3320 3024 3495 3077 τοιοῦ-

1918 3123 2011 3160 τον
2029 3122 2042 3136 ·
2075 3105 2174 3158 Διά
2197 3104 2353 3158 τοῦτό
2385 3121 2452 3175 με
2481 3105 2692 3175 πατέρα
2722 3105 3002 3175 ἐποίησας,
3033 3105 3120 3157 ἵνα
3146 3107 3496 3160 παιδοκτόνον

1919 3189 2232 3261 ἀπεργάσῃς
2270 3187 2474 3257 βέλτιον
2505 3182 2572 3257 ἦν
2602 3187 2674 3258 μὴ
2703 3186 2884 3240 δοῦναι
2913 3188 3010 3258 τὴν
3036 3187 3231 3260 ἀρχὴν,
3267 3189 3298 3261 ἢ
3329 3190 3489 3242 δόντα

1918 3271 2155 3342 τοιούτῳ
2185 3269 2336 3343 [770]
2383 3268 2570 3340 τρόπῳ
2618 3269 2780 3322 αὑτὸν
2817 3270 3129 3338 ἀφελέσθαι.
3182 3271 3368 3325 Βούλει
3401 3273 3497 3326 λα-

1919 3356 2066 3420 ϐεῖν;
2109 3353 2252 3417 τίνος
2301 3352 2488 3405 ἕνεκεν
2526 3352 2672 3422 κάμὲ
2717 3351 3060 3422 κατασφάξαι
3109 3354 3372 3419 κελεύεις,
3404 3357 3497 3410 καὶ

1920 3437 2020 3508 τὴν
2063 3435 2240 3502 δεξιάν
2300 3436 2488 3506 μιᾶναι
2532 3437 2630 3505 τὴν
2677 3435 2950 3506 ἐμαυτοῦ;
2989 3437 3102 3489 Οὑκ
3152 3436 3258 3490 ἀπὸ
3303 3437 3495 3493 τούτου

1926 3536 2017 3589 μοι
2048 3517 2141 3571 τοῦ
2180 3518 2392 3572 παιδίου
2426 3517 2525 3588 τὴν
2554 3519 2878 3588 οἰκουμένην
2917 3519 3190 3588 ἐμπλῆσαι
3225 3519 3334 3572 τῶν
3364 3520 3498 3572 ἀπο-

1923 3603 2094 3672 γόνων
2127 3601 2399 3671 ὑπέσχου;
2440 3601 2556 3663 πῶς
2589 3597 2680 3654 οὗν
2723 3603 2848 3664 τοὺς
2901 3603 3148 3673 καρποὺς
3199 3601 3351 3664 δίδως
3396 3603 3496 3675 τὴν

1926 3684 2082 3756 ῥίζαν
2134 3683 2403 3755 ἀναιρῶν;
2446 3683 2563 3746 πῶς
2613 3684 2669 3736 δέ
2718 3684 3020 3752 ἀπογόνους
3060 3685 3370 3758 ἐπαγγέλλῃ
3407 3687 3498 3740 τὸν

1924 3767 2038 3818 υἱὸν
2091 3766 2494 3834 κατασφάττειν
2553 3765 2821 3832 κελεύων;
2875 3767 2960 3830 τίς
3015 3766 3186 3820 ταῦτα
3241 3765 3369 3830 εἶδε,
3413 3769 3498 3832 τίς

1924 3848 2096 3900 ταῦτα
2147 3847 2414 3918 ἧκουσεν;
2463 3847 2815 3919 Ἠπάτημαι,
2875 3849 3294 3919 παρελογίσθην.
3331 3851 3498 3904 Οὐδὲν

1923 3930 2134 3982 τοιοῦτο
2171 3929 2270 3982 οὑκ
2303 3925 2474 3993 εἶπεν,
2520 3931 2619 3981 οὑκ
2651 3931 2952 4000 ἐνενόησεν,
3002 3931 3102 3984 οὑκ
3151 3933 3370 3984 ἀντεῖπε
3406 3933 3498 4004 ,τῷ

1925 4011 2263 4078 κελεύσαντι,
2293 4012 2392 4063 οὑκ
2433 4011 2712 4082 ἀπῄτησεν
2752 4012 3003 4077 εὐθύνας,
3040 4013 3175 4065 ἀλλά
3215 4014 3453 4079 ἀκούσας
3477 4032 3492 4045 ·

1925 4094 2082 4149 Λαὸὲ
2107 4092 2214 4146 τὸν
2248 4094 2382 4147 υἱόν
2410 4110 2528 4147 σου
2564 4095 2670 4148 τὸν
2696 4095 3024 4165 ἀγαπητὸν,
3054 4095 3126 4150 ὃν
3151 4097 3493 4165 ἠγάπησας,

1924 4177 2030 4229 τὸν
2069 4175 2282 4240 Ἰσαὰκ,
2309 4175 2407 4230 καὶ
2434 4175 2695 4246 ἀνάγαγε
2727 4176 2914 4230 αὑτὸν
2945 4178 3037 4246 ἐφ’
3068 4176 3137 4231 ἓν
3168 4177 3286 4231 τῶν
3313 4180 3496 4246 ὀρέων

1924 4253 2012 4312 ὧν
2040 4257 2118 4310 ἄν
2147 4273 2246 4310 σοι
2283 4257 2448 4321 εἴπω,
2481 4259 2618 4328 μετὰ
2646 4258 2914 4331 τοσαύτης
2944 4260 3250 4331 προθυμίας
3275 4261 3335 4314 16
3378 4261 3500 4316 ἐπί-

1925 4357 2111 4410 ταγμα
2137 4339 2476 4410 ἐπλήρωσεν,
2502 4341 2577 4404 ὡς
2603 4343 2695 4394 καὶ
2721 4342 2939 4395 πλείονα
2961 4341 3070 4396 τῶν
3095 4341 3497 4413 ἐπιταχθέντων

1927 4425 2170 4494 ποιῆσαι.
2224 4424 2335 4475 Καὶ
2384 4422 2492 4496 γὰρ
2530 4423 2590 4475 16
2655 4423 2875 4492 γύναιον
2940 4423 3176 4494 ἔκρυψε,
3217 4426 3312 4477 καὶ
3368 4427 3496 4489 τοὺς

1927 4506 2125 4568 παῖδας
2175 4505 2330 4558 ἔλαθε
2377 4507 2530 4558 κάτω
2567 4505 2748 4576 μένειν
2781 4507 2958 4576 ἀφεὶς,
3008 4509 3100 4560 καί¹
3134 4507 3295 4576 μόνον
3325 4508 3386 4562 τὸ
3421 4510 3496 4561 ίε-

1928 4591 2070 4660 ρεῖον
2102 4587 2284 4640 λαϐὼν
2332 4589 2516 4658 ἀνῄει’
2570 4588 2742 4652 οὑτως
2787 4592 2888 4643 οὑκ
2943 4590 3110 4654 ἀκων,
3159 4590 3296 4643 ἀλλά
3357 4592 3496 4663 μετά

1929 4670 2237 4742 προθυμίας
2268 4670 2468 4739 πολλῆς
2490 4671 2550 4724 16
2576 4672 2863 4725 κελευσθὲν
2887 4673 3174 4742 ἔπραττεν.
3215 4674 3497 4744 Ἐννόησον

1925 4755 2103 4805 τοίνυν
2133 4753 2318 4823 ήλίκον
2348 4749 2437 4824 ἦν,
2469 4754 2627 4824 μόνον
2659 4755 2805 4825 μόνῳ
2839 4755 3180 4823 διαλέγεσθαι
3212 4757 3289 4827 τῷ
3322 4757 3494 4820 παιδὶ,

1931 4834 2156 4907 μηδενὸς
2182 4836 2467 4905 παρόντος,
2495 4836 2584 4888 ὅτε
2619 4837 2816 4906 μᾶλλον
2849 4836 2921 4889 τὰ
2960 4838 3243 4908 σπλάγχνα
3281 4839 3497 4911 διαθερ-

1931 4919 2196 4990 μαίνεται,
2241 4919 2330 4971 καὶ
2373 4917 2722 4990 σφοδρότερον
2765 4919 2826 4972 16
2865 4919 3086 4990 φίλτρον
3117 4923 3357 4990 γίνεται,
3404 4927 3499 4977 καὶ

1927 5000 2085 5053 τοῦτο
2113 5000 2212 5053 οὑκ
2248 5001 2306 5053 ἐν
2334 5001 2435 5071 μιᾷ
2458 5001 2491 5072 ἦ
2519 5000 2690 5066 δυσὶν,
2717 5000 2855 5054 ἀλλά
2883 5004 2978 5056 καὶ
3006 5005 3064 5055 ἐν
3097 5004 3334 5058 πλείοσιν
3364 5007 3499 5075 ήμέ-

1933 5101 2076 5154 ραις.
2131 5083 2205 5136 T6
2261 5083 2359 5154 μέν
2406 5084 2514 5154 γὰρ
2548 5085 2760 5154 ταχέως
2796 5087 3016 5157 ποιῆσαι
3070 5087 3131 5140 16
3184 5089 3494 5158 ἐπιταχθὲν,

1929 5166 2238 5236 θαυμαστὸν
2283 5166 2376 5219 καὶ
2412 5167 2572 5237 μέγα,
2621 5167 2736 5220 ἀλλ’
2762 5169 2860 5238 οὑχ
2890 5169 3032 5223 οὑτω
3079 5169 3389 5240 θαυμαστὸν
3422 5170 3495 5232 ὼς

1926 5260 2068 5329 10616
2112 5262 2298 5329 éc‘rw;_
2319 5260 2669 5329 fAll’néleyev,“
2690 5281 2727 5329 «_
2761 5262 2819 5313 ‘0
2852 5265 3023 5329 Κύριος
3062 5266 3254 5323 ἔδωκεν,
3277 5265 3500 5329 ὀξῌύριος

1928 5323 2159 5397 ἀφείλετο.
2189 5341 2248 5402 ’ἴῃ
2271 5323 2366 5402 ἐΑν
2393 5323 2531 5397 ὀὕτω
2568 5325 2681 5402 καθξ
2704 5323 3188 5402 ἠμᾶςςρίιίονομρμεν
3231 5323 3500 5402 καθάπεριὸ

1930 5384 2156 5444 μακάριος
2189 5384 2315 5440 Ἰὼϐ,
2357 5384 2412 5430 ού
2447 5385 2586 5445 μόνον
2610 5385 2685 5431 ἐπὶ
2710 5384 2793 5442 τῆς
2815 5384 3039 5460 θλίψεως,
3055 5384 3175 5434 ἀλλὰ
3199 5388 3278 5433 καὶ
3306 5387 3380 5432 ἐπὶ
3402 5384 3499 5435 τών

1929 5446 2083 5521 αλλωχ
2111 5445 2475 5521 ἐλμττωμάτων,
2499 5446 2796 5521 καὶκαθαροί.
2827 5463 2943 5521 προς
2959 5448 3039 5520 τόν
3057 5448 3502 5521 ἡμέ-ῖερογὶάπελευα

1930 5506 2108 5612 edge-.00:
2148 5506 2410 5562 Δεσπότην,
2432 5507 2512 5552 καὶ
2550 5511 2634 5562 τῆς
2668 5506 2753 5553 τού
2778 5506 2922 5570 πυρὸς
2941 5506 3124 5569 γεέννης
3159 5506 3505 5567 ἀπαλλαγησό-

1931 5567 2168 5643 μεφαζριαί
2192 5568 2308 5643 μετὰ
2327 5565 2589 5643 παρρησίας
2611 5568 2881 5643 στησόμεθα
2896 5567 3264 5643 ἔμπροσθεν.τοῦ
3283 5570 3502 5643 βήματος

1929 5625 2013 5692 106
2055 5625 2280 5692 Χριστοῦ·
2318 5625 2596 5692 ᾖς’-γένοιτο
2623 5625 2798 5692 πάντας
2818 5625 2943 5692 ἡμᾶς
2976 5625 3206 5692 ἐᾶτιτλυχεῖν
3236 5625 3392 5692 χάριτι
3417 5629 3500 5678 καὶ

1932 5687 2246 5752 φιλανθρωπία
2271 5687 2356 5735 106
2379 5688 2554 5749 Κυρίου
2567 5690 2702 5744 ἡμῶν
2717 5687 2874 5745 Ἰησοῦ
2888 5687 3117 5752 Χριστοῦ,
3126 5687 3334 5741 'elchsi.
3351 5703 3496 5741 unus.
