3860 6224
439 277 582 335 4025

442 408 498 459 τὸ
550 405 634 460 διά
686 405 897 461 πολλῶν
947 408 1171 478 ἡμέρων
1228 406 1661 477 βασανιζομένης
1706 403 1873 459 αὐτοῦ
1925 401 2020 456 καὶ

437 489 857 561 γυμναζομένης
912 490 1010 561 τῆς
1062 489 1241 561 ψυχῆς
1298 490 1464 562 μηδὲν
1516 490 1709 543 παθεῖν
1770 489 1908 560 πρὸς
1959 487 2022 541 τὸ

437 573 653 627 παιδίον
682 574 1040 645 ἀνθρώπινον.
1069 575 1168 628 Διά
1196 575 1305 646 γὰρ
1343 574 1501 628 τοῦτο
1532 575 1665 631 αὐτὸ
1690 575 1785 628 καὶ
1815 572 2021 644 μακρό-

436 674 573 729 τερα
626 661 925 730 σκάμματα
972 658 1239 730 ἐπέθηκεν
1277 662 1304 712 ό
1342 659 1508 723 Θεὸς,
1564 660 1658 711 καὶ
1703 658 1763 711 τὸ
1807 656 2019 711 στάδιον

438 740 705 805 ἐξέτεινε-ι
732 782 747 805 ,
780 742 868 795 ἵνα
909 741 1296 812 ἀκριϐέστερον
1333 741 1449 812 ἴδῃς
1479 742 1573 796 τὸν
1614 741 1875 811 ἀθλητήν.
1911 740 2020 792 Kal

439 825 548 893 γὰρ
578 820 646 895 ἦν
680 824 920 896 ἀθλητὴς
947 824 1135 890 ὅντως,
1164 824 1264 878 οὐκ
1292 823 1566 897 ἀνθρώπῳ
1602 824 1867 883 παλαίων,
1902 824 2018 877 ἀλλ’

438 909 574 978 αὐτῇ
610 910 675 977 τῇ
721 907 822 976 τῆς
874 907 1089 975 φύσεως
1119 907 1415 980 τυραννίδι.
1445 910 1605 971 Ποῖος
1642 906 1801 975 λόγος
1837 924 2017 977 παρα-

440 990 633 1060 στῆσαι
676 990 963 1062 δυνήσεται
1005 992 1103 1061 τὴν
1154 991 1439 1063 ἀνδρείαν;
1478 992 1745 1062 Ἀνήγαγε
1778 990 1841 1044 τὸ
1892 1008 2018 1044 παι-

435 1070 568 1134 δίον,
600 1073 935 1138 συνεπόδισε,
970 1077 1083 1137 τοῖς
1115 1074 1292 1139 ξύλοις
1325 1074 1584 1144 ἐπέθηκε,
1612 1073 1710 1144 τὴν
1743 1075 2016 1143 μάχαιραν

435 1149 704 1224 ἥρπασεν,
736 1157 961 1226 ἐπάγειν
987 1157 1085 1220 τὴν
1111 1158 1328 1229 πληγὴν
1353 1157 1567 1228 ἔμελλε.
1601 1157 1727 1220 Πῶς
1754 1157 1893 1210 εἴπω
1922 1158 2018 1211 καὶ

435 1238 575 1307 ποίῳ
619 1239 827 1311 τρόπῳ.
880 1241 979 1294 οὐκ
1014 1242 1150 1311 ἔχω’
1190 1242 1348 1311 μόνος
1402 1240 1563 1302 αὐτὸς
1596 1235 1738 1293 οἶδεν
1782 1242 1810 1293 ό
1841 1239 2018 1293 ταῦτα

435 1321 838 1393 ἐργασάμενος
869 1322 1026 1391 λόγος
1066 1322 1175 1394 γὰρ
1197 1324 1369 1387 οὐδεὶς
1401 1322 1753 1394 παραστῆσαι
1790 1322 2018 1393 δυνήσε-

433 1421 545 1467 ται,
579 1406 697 1469 πῶς
725 1408 826 1460 οὐκ
854 1408 1154 1479 ἐνάρκησεν
1185 1410 1218 1478 ἡ
1252 1408 1394 1478 χεὶρ,
1428 1406 1545 1470 πῶς
1573 1407 1675 1459 οὐκ
1709 1405 1871 1477 ἐλύθη
1908 1407 2019 1459 τῶν

434 1487 642 1560 νεύρων
698 1492 727 1543 ό
773 1491 941 1555 τόνος,
973 1492 1090 1556 πῶς
1140 1492 1199 1544 οὐ
1256 1492 1507 1561 συνέχεεν
1539 1490 1702 1543 αὑτὸν
1735 1492 1769 1561 ἡ
1820 1490 2017 1543 ποθουη

438 1572 572 1643 μένη
615 1572 708 1626 τοῦ
746 1573 959 1627 παιδίου
1013 1573 1156 1643 ὗψις.
1209 1574 1390 1638 Ἀξιον
1448 1572 1682 1626 ἐνταῦθα
1734 1573 2015 1644 θαυμάσαι

432 1655 647 1707 καὶτὸν
704 1656 907 1710 Ἰσαάκ.
944 1656 1153 1728 Ὠσπερ
1193 1656 1301 1728 γὰρ
1352 1658 1555 1720 ἐκεῖνος
1581 1655 1658 1727 τῷ
1691 1656 1832 1728 Θεῷ,
1872 1657 2017 1710 οὕτω

433 1739 527 1792 καὶ
582 1734 733 1804 οὗτος
787 1741 1032 1795 ἐπείθετο
1098 1741 1174 1812 τῷ
1227 1742 1423 1813 πατρί’
1488 1742 1737 1812 καθάπερ
1787 1743 2013 1806 ἐκεῖνος,

430 1822 525 1875 τοῦ
559 1822 694 1875 Θεοῦ
736 1823 1048 1887 κελεύοντος
1079 1822 1262 1886 θῦσαι,
1290 1827 1392 1879 οὐκ
1424 1823 1703 1895 ἀπῄτησεν
1751 1823 2011 1887 εὑθύνας’

431 1904 576 1959 οὕτω
638 1907 731 1960 καὶ
776 1899 958 1970 οὗτος,
1022 1907 1115 1960 τοῦ
1152 1908 1356 1979 πατρὸς
1388 1907 1743 1977 δεσμεύοντος
1787 1907 1880 1961 καὶ
1926 1907 2019 1960 ἀν-

412 1989 655 2057 ’άγοντος
674 1992 764 2043 ἐπὶ
793 1991 882 2044 τὸν
913 1990 1113 2063 βωμὸν,
1141 1992 1241 2044 οὐκ
1269 1987 1419 2045 εἴπεο
1451 1992 1607 2055 Τίνος
1632 1991 1815 2045 ἕνεκεν
1846 1990 2019 2046 ταῦτα

433 2077 635 2139 ποιεῖς;
669 2077 783 2128 ἀλλ’
809 2076 1063 2129 ὑπέκειτο
1098 2078 1163 2147 τῇ
1211 2076 1357 2148 χειρὶ
1392 2078 1456 2147 τῇ
1490 2079 1763 2148 πατρικῇ.
1806 2077 1917 2130 Καὶ
1948 2072 2017 2148 ἦν

434 2157 562 2211 ἰδεῖν
583 2159 792 2229 πατέρα
811 2161 903 2213 καὶ
922 2160 1075 2231 ίερέα
1090 2159 1371 2230 γινόμενον
1390 2160 1482 2213 τὸν
1503 2159 1685 2223 αὐτὸν,
1705 2160 1800 2214 καὶ¹
1824 2159 2017 2216 θυσίαν

430 2243 600 2312 χωρὶς
652 2242 884 2311 αἵματος
933 2242 1369 2313 ἀναφερομένην,
1440 2242 1800 2314 όλοκαύτωμα
1850 2245 2019 2315 χωρἰς

433 2323 623 2393 πυρὸς,
654 2324 884 2378 θανάτου
930 2325 1022 2378 καὶ
1054 2325 1405 2388 ἀναστάσεως
1435 2325 1607 2380 τύπον
1637 2327 1730 2378 ἐπὶ
1778 2325 1874 2379 τοῦ
1907 2328 2016 2397 βω-

434 2406 536 2477 μοῦ
583 2407 889 2477 γινόμενον.
942 2409 1051 2460 Kal
1092 2408 1199 2478 γὰρ
1242 2407 1445 2477 ἔσφαξε
1483 2409 1573 2461 τον
1607 2409 1743 2473 υίὺν,
1777 2410 1871 2462 καὶ
1917 2410 2018 2463 οὐκ

431 2488 689 2558 ἔσφαξεν·
717 2491 815 2542 οὐκ
841 2488 1040 2559 ἔσφαξε
1072 2493 1236 2562 χειρὶ,
1263 2492 1400 2545 ἀλλὰ
1429 2494 1494 2562 τῇ
1525 2491 1826 2563 προθυμίᾳ.
1863 2492 2017 2545 Ἐπεὶ

431 2573 525 2625 καὶ
551 2574 579 2625 ό
613 2572 744 2636 Θεὸς
770 2572 856 2625 διὰ
893 2572 1049 2626 τοῦτο
1085 2574 1391 2639 ἐκέλευσεν,
1440 2576 1537 2644 οὐχ
1572 2576 1806 2645 αἵματος
1857 2576 2029 2644 χύσιν

432 2653 754 2726 βουλόμενος
787 2656 935 2719 ίδείν,
965 2656 1103 2710 ἀλλά
1143 2657 1460 2729 προαίρεσίν
1496 2675 1579 2710 σοι
1610 2659 1780 2725 δεῖξαι
1816 2659 2010 2723 θέλων,

430 2737 644 2793 καὶτὸν
679 2742 921 2808 γενναῖον
977 2742 1182 2793 ἐκεῖνον
1229 2742 1286 2793 ἐν
1337 2741 1488 2811 μέσῳ
1534 2742 1635 2812 τῆς
1682 2742 2015 2814 οἰκουμένης

428 2822 767 2895 ἁνακηρῦξαι
807 2824 1007 2895 πάσης,
1052 2824 1147 2877 καὶ
1180 2825 1465 2878 παιδεῦσαι
1498 2825 1626 2887 τοὺς
1667 2825 1805 2895 μετά
1838 2824 2013 2879 ταῦτα

430 2905 659 2969 πάντας,
683 2907 762 2960 ὅτι
797 2909 890 2962 καὶ
918 2907 1145 2971 παίδων,
1178 2909 1272 2961 καὶ
1306 2907 1545 2978 φύσεως,
1573 2910 1671 2962 καὶ
1701 2908 1810 2963 τῶν
1837 2908 2007 2963 ὄντων

429 2988 703 3055 ἁπάντων,
750 2992 843 3044 καὶ
875 2991 1047 3062 αὐτῆς
1076 2992 1175 3060 τῆς
1219 2991 1397 3061 ψυχῆς
1442 2990 1534 3045 τοῦ
1562 2990 1698 3044 Θεοῦ
1738 2991 1806 3045 τὰ
1838 3008 2010 3062 προσ-

426 3071 683 3144 τάγματα
735 3076 1004 3146 προτιμᾷν
1050 3075 1179 3145 χρή.
1219 3074 1428 3145 Κατῄει
1479 3073 1659 3127 τοίνυν
1708 3074 1886 3139 ζῶντα
1917 3075 2011 3127 λα-

427 3153 537 3207 ϐὼν
571 3155 824 3228 μάρτυρα
856 3158 950 3211 τὸν
984 3157 1189 3212 Ἰσαάκ.
1228 3158 1362 3210 Τίνα
1410 3152 1502 3212 οὖν
1537 3158 1731 3228 ἕξομεν
1764 3157 2010 3227 συγγνώ-

430 3255 558 3309 μην,
603 3241 725 3292 εἱπὲ
762 3257 870 3311 μοι,
904 3239 1060 3294 ποίαν
1100 3241 1156 3293 δὲ
1200 3240 1516 3310 ἀπολογίαν,
1552 3244 1600 3293 εί
1632 3240 1726 3293 τὸν
1761 3243 2009 3309 γενναῖον

424 3320 633 3375 ἐκεῖνον
670 3324 807 3392 μετὰ
858 3323 1126 3395 τοσαύτης
1171 3324 1386 3394 εἴδομεν
1430 3324 1740 3393 προθυμίας
1768 3323 1847 3394 τῷ
1890 3324 2008 3395 Θεῷ

426 3404 769 3475 πειθόμενον,
802 3407 894 3459 xal
932 3408 1149 3459 πάντων
1177 3405 1325 3476 αὐτῷ
1359 3406 1813 3477 παραχωροῦντα,
1855 3407 2007 3479 [ΤΗ]

426 3488 523 3540 καὶ
546 3490 704 3558 ἡμεῖς
732 3488 1186 3559 δυσχεραίνομεν;
1226 3490 1317 3559 Μὴ
1358 3489 1421 3559 δή
1461 3506 1551 3559 μοι
1582 3490 1644 3543 τὸ
1684 3489 1880 3554 πένθος
1926 3491 2008 3543 εί-

427 3585 556 3640 πῃς,
608 3570 741 3641 μηδὲ
774 3571 835 3622 τὸ
870 3573 967 3641 τῆς
1003 3574 1289 3642 συμφορᾶς
1336 3572 1631 3643 ἀφόρητον,
1662 3573 1777 3626 ἀλλ’
1830 3575 2008 3628 ἐκεῖνο

428 3655 721 3723 σκόπησον,
747 3654 828 3707 ὅτι
857 3656 951 3707 καὶ
978 3654 1072 3707 τοῦ
1100 3655 1327 3718 πένθους
1357 3655 1594 3725 χαλεποῦ
1623 3655 1775 3718 ὄντος
1807 3654 2009 3709 ἀνώτε-

425 3752 518 3805 ρος
567 3733 654 3807 ἦν.
697 3737 897 3791 Ἱκανὸν
947 3733 1014 3808 ἦν
1065 3737 1125 3790 τὸ
1184 3739 1473 3807 ἐπιταχθὲν
1506 3739 1804 3809 θορυϐῆσαι
1839 3738 2006 3791 αὐτοῦ

423 3818 513 3872 τὸν
553 3817 831 3889 λογισμὸν,
869 3820 964 3872 καὶ
1001 3821 1081 3883 εἰς
1117 3821 1349 3893 ἀπορίαν
1396 3820 1560 3875 αὐτὸν
1598 3821 1879 3892 ἐμϐαλεῖν,
1910 3820 2008 3875 καὶ

422 3902 522 3973 τὴν
568 3903 751 3956 πίστιν
797 3903 1062 3977 ὑπορύξαι
1108 3905 1208 3976 τὴν
1243 3907 1300 3959 ἐν
1332 3908 1447 3969 τοῖς
1498 3904 1851 3977 παρελθοῦσι.
1910 3904 2008 3967 Τίς

422 3986 532 4058 γὰρ
563 3985 671 4040 τῶν
705 3987 914 4041 πολλῶν
956 3989 1056 4042 οὐκ
1096 3987 1161 4041 ἂν
1210 3988 1460 4059 ἐνόμιζεν
1501 3988 1719 4059 ἀπάτην
1766 3986 1905 4043 εἶναι
1937 3986 2008 4041 τὰ

421 4071 687 4143 είρημένα
725 4074 851 4145 περὶ
890 4073 985 4126 τοῦ
1030 4073 1266 4145 πλήθους
1306 4074 1414 4127 τῶν
1448 4074 1706 4143 ἐγγόνων,
1749 4066 1823 4127 ὧν
1856 4071 2006 4143 αὐτῷ

1170 280 1228 335 5.
1268 281 1555 338 JOANNIS
1592 280 2079 340 CHRYSOSTOMI
2120 283 2440 340 ABCHIEP.
2480 279 3029 337 οοΝεϊΑΝτιΝοΡ.

3571 284 3717 345 ιυεο

2124 389 2515 460 ἐπηγγείλατο;
2568 391 2706 446 Ἀλλ’
2756 394 2854 463 οὐχ
2900 395 2928 445 ό
2968 390 3238 464 Ἀϐραάμ.
3290 395 3401 448 Καὶ
3443 395 3538 449 τὸν
3584 397 3714 449 Ἰὼϐ

2122 474 2179 528 δέ
2223 479 2323 546 τῆς
2384 478 2476 531 ἐπὶ
2530 481 2595 549 τῇ
2657 481 2913 550 συμφορᾷ
2974 478 3291 549 φιλοσοφίας
3346 478 3448 551 οὐχ
3509 475 3747 552 ἦττον,-

2123 559 2217 611 καὶ
2253 558 2395 630 ὑπὲρ
2422 559 2611 614 τούτου
2654 561 2890 630 μάλιστα
2936 563 3097 615 αὐτὸν
3129 560 3422 633 θαυμάζειν
3452 563 3591 635 χρὴ,
3627 565 3713 618 ὅτι

2127 642 2265 712 μετά
2291 646 2560 715 τοσαύτην
2597 645 2818 716 ἀρετὴν,
2855 645 2992 715 μετά
3035 645 3403 717 ἐλεημοσύνας
3434 649 3533 701 καὶ
3583 648 3714 715 φιλ-
3746 696 3749 699 η

2122 726 2469 798 ανθρωπίας,
2527 729 2663 799 μετά
2721 728 2782 781 τὸ
2832 729 2998 800 μηδὲν
3079 731 3217 801 μήτε
3287 728 3494 800 ἐαυτῷ,
3563 731 3713 800 μήτε

2121 812 2235 873 τοῖς
2291 812 2448 864 παισὶ
2514 812 2810 867 συνειδέναι
2874 813 3130 884 πονηρὸν,
3190 811 3441 866 τοσοῦτον
3502 812 3712 875 πένθος

2126 891 2250 946 ίδὼν
2291 893 2433 947 οὕτω
2478 896 2664 950 καινὸν
2703 897 2797 951 καὶ
2850 895 3150 968 παράδοξον
3202 896 3307 949 καὶ.
3350 895 3541 968 μηδενὶ
3593 894 3710 947 τῶν

2120 975 2190 1028 τά
2228 976 2426 1048 ἔσχατα
2490 977 2901 1050 τετολμηκότων
2947 978 3320 1051 συμϐεϐηκὸς,
3372 980 3472 1033 οὐκ
3525 978 3707 1032 ἔπαθε

2119 1059 2189 1112 τά
2231 1061 2339 1113 τῶν
2381 1060 2613 1127 πολλῶν,
2664 1062 2785 1116 οὐδὲ
2821 1060 3071 1132 ἐνόμισεν
3116 1060 3371 1134 ἀνόνητον
3410 1058 3554 1116 εἶναι
3599 1063 3707 1135 τὴν

2121 1142 2344 1214 ἀρετὴν,
2399 1144 2522 1198 ούδέ
2596 1145 2781 1207 κακῶς
2850 1144 3233 1215 βεϐουλεῦσθαι
3309 1148 3419 1209 τοῖς
3491 1146 3709 1217 παρελ-

2121 1225 2326 1281 θοῦσιν.
2361 1230 2524 1283 ’Ὥστε
2562 1229 2630 1283 δι’
2668 1231 2954 1301 ἀμφότερα
3002 1230 3199 1293 αὐτοὺς
3251 1229 3423 1283 ταῦτα
3467 1231 3529 1282 ού
3572 1229 3710 1283 θαυ-

2124 1313 2317 1383 μάζειν
2354 1315 2461 1386 χρὴ
2498 1316 2678 1387 μόνον,
2724 1315 2862 1370 ἀλλά
2906 1316 3000 1385 καὶ
3039 1314 3234 1385 ζηλοῦν
3285 1314 3378 1367 καὶ
3409 1313 3706 1385 μιμεῖσθαι

2119 1395 2217 1466 τὴν
2263 1397 2483 1467 ἀρετήν.
2530 1399 2639 1452 Kal
2683 1399 2757 1468 μὴ
2791 1397 2995 1465 λεγέτω
3033 1414 3151 1461 τις,
3191 1397 3274 1450 ὅτι
3300 1397 3515 1449 ’ἐκεῖνοι
3561 1396 3706 1450 θαυ-

2123 1480 2314 1548 μαστοί
2340 1498 2482 1544 τινες
2511 1476 2671 1552 ἦσαν.
2695 1481 3008 1552 Θαυμαστοὶ
3042 1481 3138 1551 μὲν
3167 1479 3276 1552 γὰρ
3306 1476 3444 1552 ἦσαν
3473 1482 3571 1534 καὶ
3604 1498 3707 1551 με-

2118 1563 2273 1631 γάλοι
2291 1580 2305 1595 ο
2328 1563 2444 1617 ἀλλ’
2470 1567 2633 1635 ἡμεῖς
2656 1564 2823 1618 τανῦν
2854 1564 3073 1618 πλείονα
3108 1564 3332 1618 ἐκείνων
3357 1566 3706 1636 ἀπαιτούμε-

2119 1647 2189 1700 θα
2222 1648 2540 1716 φιλοσοφίαν
2594 1647 2825 1702 καὶτῶν
2875 1649 2932 1700 ἐν
2967 1650 3033 1718 τῇ
3082 1647 3295 1719 Παλαιᾷ
3353 1647 3703 1718 βεϐιωκότων

2117 1731 2395 1785 ἁπάντων.
2440 1732 2580 1786 Ἐὰν
2612 1733 2721 1801 γὰρ
2748 1730 2833 1801 μὴ
2861 1731 3238 1799 περισσεύσῃ
3265 1733 3302 1801 ἠ
3331 1731 3701 1799 δικαιοσύνη

2116 1815 2285 1885 ὑμῶν
2308 1816 2499 1869 πλέον
2531 1814 2649 1870 τῶν
2670 1814 3058 1885 γραμματέων
3086 1818 3183 1871 καὶ
3208 1818 3568 1887 Φαρισαίων,
3600 1835 3709 1888 φη-

2120 1900 2225 1967 σὶν,
2260 1903 2331 1954 οὐ
2356 1900 2441 1969 μὴ
2474 1900 2785 1969 εἰσέλθητε
2809 1906 2896 1968 εις
2924 1901 3040 1970 τὴν
3056 1901 3384 1966 ,ϐασιλείαν
3429 1898 3553 1954 τῶν
3594 1903 3706 1955 οὺ-

2110 1984 2336 2053 ρανῶν.
2363 1981 2638 2039 Πάντοθεν
2665 1986 2843 2041 τοίνυν
2868 1985 3348 2057 σωφρονισθέντες,
3385 1986 3479 2040 καὶ
3521 1985 3707 2040 ταῦτα

2120 2067 2494 2133 συλλέξαντες,
2528 2071 2622 2123 καὶ
2637 2069 2705 2123 τὰ
2729 2071 2855 2141 περὶ
2883 2069 3231 2132 ἀναστάσεως
3247 2071 3380 2140 ἡμῖν
3405 2069 3705 2139 εἰρημένα,

2068 2174 2079 2179 ·
2118 2153 2213 2206 καὶ
2239 2153 2310 2206 τὰ
2333 2154 2460 2222 περὶ
2487 2152 2595 2207 τῶν
2634 2155 2805 2223 ἁγίων
2845 2154 3073 2219 τούτων,
3120 2153 3361 2223 συνεχῶς
3407 2152 3707 2223 ἐπᾴδωμεν

2118 2240 2237 2301 ταῖς
2260 2236 2480 2308 ψυχαῖς,
2516 2239 2590 2309 μὴ
2625 2239 2784 2307 μόνον
2808 2240 2950 2292 κατὰ
2973 2238 3067 2292 τὸν
3097 2238 3286 2308 καιρὸν
3313 2238 3408 2290 τοῦ
3438 2237 3705 2301 πένθους,

2117 2320 2253 2375 ἀλλά
2298 2322 2390 2375 καὶ
2443 2322 2609 2393 ἡνίκα
2661 2322 2729 2376 ἂν
2776 2322 3173 2392 καθαρεύωμεν
3206 2321 3421 2391 ὀδύνης.
3463 2320 3564 2373 Διὰ
3590 2319 3706 2389 γάρ

2116 2404 2274 2458 τοῦτο
2303 2406 2395 2459 καὶ
2415 2404 2545 2474 ἐγὼ,
2576 2405 2753 2460 καίτοι
2783 2404 3008 2477 μηδενὸς
3044 2404 3196 2467 ὄντος
3234 2405 3292 2456 ἐν
3316 2402 3528 2473 ἀθυμία
3547 2444 3564 2467 ,
3604 2402 3707 2455 νῦν

2116 2489 2338 2553 τούτους
2387 2490 2614 2561 ἐκίνησα
2648 2490 2774 2555 τοὺς
2803 2490 3018 2558 λόγους,
3062 2489 3127 2542 ἶν’
3149 2529 3164 2554 ,
3197 2488 3328 2540 ὅταν
3359 2484 3706 2556 ἐμπέσωμεν

2116 2576 2196 2637 είς
2216 2591 2336 2627 τινα
2357 2573 2614 2645 τοιαύτην
2653 2574 2940 2647 συμφορὰν
2970 2614 2985 2637 ,
3022 2571 3359 2644 μεμνημένοι
3404 2569 3515 2624 τῶν
3541 2571 3703 2640 εἰρη-

2119 2658 2316 2727 μένων,
2359 2658 2549 2727 ἱκανῆς
2582 2657 2945 2728 ἀπολαύωμεν
2988 2654 3379 2727 παραμυθίαςο
3427 2654 3554 2706 ἐπεὶ
3608 2654 3706 2705 καὶ

2117 2739 2467 2813 στρατιῶται,
2492 2742 2716 2813 εἰρήνης
2748 2739 2938 2811 οὔσης,
2962 2740 3030 2792 τὰ
3059 2739 3152 2792 τοῦ
3176 2737 3420 2809 πολέμου
3459 2736 3707 2808 μελετῶ-

2116 2840 2220 2886 σιν,
2258 2823 2344 2877 ἵνα
2373 2823 2471 2894 τῆς
2523 2823 2703 2894 μάχης
2752 2821 3076 2893 ἐπιστάσης,
3120 2820 3336 2875 καὶτοῦ
3368 2819 3567 2891 καιροῦ
3602 2820 3708 2891 τὴν

2116 2905 2407 2977 ἐμπειρίαν
2456 2905 2834 2969 ἀπαιτοῦντος,
2869 2904 3143 2975 εὐκαίρως
3181 2903 3562 2970 ἐπιδείξωνται
3600 2901 3705 2972 τὴν

2114 2988 2332 3058 τέχνην,
2361 2988 2429 3059 ἥν
2462 2991 2518 3042 ἐν
2540 2991 2604 3060 τῇ
2630 2990 2821 3060 εἰρήνῃ
2850 2987 3241 3058 κατώρθωσαν.
3261 2988 3370 3041 Καὶ
3392 2988 3562 3056 ἡμεῖς
3588 2985 3706 3039 τοί-

2114 3089 2210 3124 νυν
2242 3072 2336 3125 καὶ
2364 3071 2504 3126 ὅπλα
2534 3072 2627 3125 καὶ
2657 3073 2924 3143 φάρμακα
2944 3070 3445 3140 κατασκευάσωμεν
3479 3070 3701 3132 ἑαυτοῖς

2113 3157 2171 3208 ἐν
2196 3154 2273 3226 τῷ
2291 3154 2465 3226 καιρῷ
2490 3155 2589 3225 τῆς
2605 3157 2846 3226 εἰρήνης,
2870 3155 2977 3218 ἵνα,
2997 3154 3051 3207 εί
3075 3170 3205 3207 ποτε
3230 3152 3468 3222 πόλεμος
3496 3154 3699 3222 ἐπιστῇ

2114 3237 2302 3290 παθῶν
2333 3237 2614 3307 ἀλόγων,ἢ
2643 3238 2893 3302 πένθους,
2922 3237 2954 3307 ἢ
2978 3237 3190 3307 ὀδύνης,
3224 3235 3256 3307 ἢ
3282 3234 3444 3289 ἄλλου
3471 3234 3701 3288 ὁτουοῦν

2112 3319 2380 3388 τοιούτου,
2433 3320 2877 3391 καθωπλισμένοι
2925 3318 3107 3383 καλῶς
3160 3320 3255 3372 καὶ
3307 3317 3698 3389 πεφραγμένοι

2115 3405 2403 3467 πάντοθεν,
2432 3404 2532 3468 τὰς
2560 3403 2653 3457 τοῦ
2685 3404 2931 3475 Πονηροῦ
2969 3402 3277 3475 προσϐολὰς
3315 3401 3454 3473 μετά
3486 3400 3699 3471 πολλῆς

2113 3486 2581 3558 ἀποκρουσιῖῳεθα
2603 3488 2703 3557 τῆς
2732 3487 3041 3558 ἐμπειρίας,
3064 3487 3159 3540 καὶ
3179 3486 3457 3555 λογισμοῖς
3487 3484 3697 3556 ὀρθοῖς,

2112 3572 2207 3623 καὶ
2242 3572 2358 3633 ταῖς
2384 3569 2692 3639 ἀποφάσεσι
2725 3568 2818 3622 τοῦ
2852 3569 3010 3634 Θεοῦ,
3049 3569 3143 3622 καὶ
3170 3571 3285 3630 τοῖς
3322 3567 3694 3636 ὑποδείγμασι

2111 3653 2218 3706 τῶν
2240 3652 2458 3721 ἀγαθῶν
2482 3652 2712 3724 ἀνδρῶν,
2741 3652 2836 3705 καὶ
2869 3653 3033 3706 παντ)⁵
3064 3652 3249 3722 τρόπῳ
3272 3649 3541 3704 πάντοθεν
3564 3651 3694 3702 ἐαυ-

2111 3738 2236 3800 τοὺς
2250 3737 2595 3807 τειχίσωμεν.
2616 3736 2771 3789 Οὕτω
2789 3735 2897 3807 γὰρ
2912 3735 3253 3807 δυνησόμεθα
3268 3735 3359 3787 καὶ
3374 3734 3474 3804 τὴν
3493 3731 3696 3804 παροῦ-

2112 3836 2210 3873 σαν
2239 3820 2383 3890 ζωὴν
2409 3819 2550 3891 μετά
2604 3819 2867 3890 εὐθυμίας
2911 3819 3207 3887 διενεγκεῖν
3228 3859 3242 3881 ,
3274 3817 3369 3870 καὶ
3405 3815 3508 3887 τῆς
3539 3816 3690 3886 βασι-

2110 3902 2262 3965 λείας
2292 3902 2399 3955 τῶν
2435 3902 2682 3976 οὐρανῶν
2712 3904 3010 3972 ἐπιτυχεῖν,
3042 3903 3100 3953 ἐν
3144 3899 3367 3973 Χριστῷ
3411 3900 3618 3969 Ἰησοῦ,

2110 3987 2144 4056 ἡ
2185 3983 2313 4050 δόξα
2344 3986 2440 4039 καὶ
2491 3984 2554 4037 τὸ
2606 3985 2808 4055 κράτος
2838 3984 2954 4055 ἅμα
2991 3983 3069 4055 τῷ
3104 3983 3279 4055 Πατρὶ
3313 3983 3408 4037 καὶ
3436 3982 3516 4053 τῷ
3548 3982 3690 4055 ἁγίῳ

2110 4069 2410 4139 Πνεύματι,
2447 4071 2526 4133 είς
2553 4072 2680 4133 τοὺς
2708 4068 2913 4132 αίῶνας
2942 4068 3051 4122 τῶν
3075 4066 3308 4122 αἰώνων.
3361 4068 3417 4119 ’Δ
3428 4067 3557 4137 μήν.
