3828 6226
145 305 276 360 1ίὶὶῦ

135 437 239 492 que
269 419 477 475 facinus
505 419 728 485 fuisset;
759 418 853 474 sed
883 433 984 473 non
1017 416 1236 488 perinde
1269 425 1443 470 tamen
1469 415 1727 476 mirabile,

131 525 298 584 atque
338 529 458 567 eum
492 529 588 583 per
619 514 816 566 multos
853 512 970 566 dies
1007 511 1122 580 ejus
1151 511 1362 562 animus
1397 507 1731 562 excruciatus

135 604 522 673 exercitusque
551 603 731 665 fuerit,
761 603 892 656 nihil
924 602 1136 655 humani
1166 601 1305 652 circa
1331 599 1494 652 filium
1520 611 1730 667 passum

135 710 278 748 esse.
311 695 435 748 ideo
460 695 602 748 enim
628 694 863 762 longiora
890 693 964 746 illi
987 700 1275 746 seammata
1301 690 1572 759 proposuit
1595 689 1734 742 Deus

134 786 481 856 stadiumque
528 787 810 855 spatiosius
835 828 848 847 ,
884 796 938 839 ut
983 785 1282 837 accuratius
1319 782 1572 834 athletam
1613 795 1735 850 spe-

134 886 336 933 ctares.
371 878 507 933 Vere
539 893 766 946 namque
806 877 1005 930 athleta
1045 888 1191 939 erat,
1224 892 1326 927 non
1366 889 1486 926 cum
1519 872 1734 926 homine

139 968 445 1032 decertans,
469 968 560 1021 sed
583 985 700 1021 cum
727 968 833 1036 ipsa
859 979 1059 1020 naturae
1087 966 1382 1037 tyrannide.
1407 965 1534 1032 Quis
1557 980 1734 1016 sermo

142 1061 313 1130 possit
347 1061 461 1130 ejus
491 1060 850 1114 fortitudinem
891 1060 1239 1129 extlrimerc?
1269 1058 1500 1112 Adduxit
1528 1057 1691 1110 ﬁlium
1717 1099 1730 1122 ,

141 1152 406 1216 devinxit,
439 1153 594 1222 lignis
625 1151 897 1221 imposuit,
925 1167 1106 1206 ensem
1134 1151 1377 1220 arripuit,
1399 1151 1506 1220 jam
1533 1151 1734 1218 plagam

143 1244 428 1299 inllixurus
451 1254 586 1298 erat.
620 1243 754 1311 Quid
782 1245 915 1298 ultra
943 1255 1027 1296 aut
1057 1259 1159 1312 qua
1187 1245 1391 1297 ratione
1417 1244 1602 1312 loquar
1630 1260 1733 1296 non

145 1337 324 1391 habeo
351 1337 528 1392 :solus
555 1338 643 1392 ille
671 1339 836 1400 novit,
867 1338 956 1406 qui
985 1337 1081 1390 ista
1110 1337 1346 1404 perfecit.
1378 1335 1557 1390 Oratio
1580 1336 1734 1403 quip-

153 1445 224 1498 pe
256 1429 400 1483 uulla
423 1431 721 1498 exprimere
746 1429 961 1498 poterit,
986 1427 1253 1497 quomodo
1281 1443 1468 1480 manus
1487 1427 1604 1495 ejus
1631 1443 1735 1478 non

146 1519 504 1588 obtorpuerit,
528 1520 792 1588 quomodo
822 1535 1104 1573 nervorum
1136 1520 1212 1572 vis
1234 1535 1334 1571 non
1363 1519 1532 1570 Soluta
1557 1519 1733 1582 fuerit,

141 1625 250 1678 quo
280 1617 434 1679 pacto
459 1610 698 1664 amabilis
731 1610 818 1662 ille
846 1610 936 1662 ﬁlii
965 1621 1208 1678 asizectus
1236 1626 1354 1661 eum
1386 1625 1489 1661 non
1519 1618 1736 1662 contur-

143 1699 368 1754 baverit.
397 1701 494 1754 ilic
519 1702 678 1754 etiam
716 1699 862 1753 Isaac
887 1700 1137 1753 admirari
1179 1701 1453 1752 convenit.
1497 1699 1563 1754 Ut
1593 1699 1734 1753 enim

136 1787 231 1846 ille
264 1793 392 1857 Deo,
423 1793 493 1846 ita
533 1791 619 1846 hic
646 1794 778 1861 patri
823 1793 1014 1862 paruit.
1045 1803 1097 1845 et
1139 1801 1194 1846 u‘.
1228 1792 1341 1856 ille,
1387 1793 1493 1846 Deo
1516 1793 1736 1860 jubeute

140 1882 468 1947 sacrificare,
498 1883 729 1937 rationes
767 1899 872 1936 non
903 1883 1086 1952 exigit,
1117 1883 1186 1936 ita
1214 1891 1265 1935 et
1304 1883 1410 1947 ille,
1445 1892 1595 1951 patre
1621 1883 1739 1934 vin-

140 1974 321 2028 cientc
350 1983 404 2028 et
433 1989 594 2043 super
618 1990 764 2028 aram
813 1974 1096 2029 inducente
1121 2014 1136 2039 ,
1165 1989 1269 2028 non
1316 1974 1482 2039 dixit,
1515 1990 1612 2027 cur
1636 1973 1738 2029 hoc

140 2067 293 2136 agis?
319 2067 423 2121 Sed
444 2077 676 2136 paterna:
694 2068 869 2120 manui
893 2067 1220 2136 subjacebat.
1241 2066 1435 2121 Videre
1451 2076 1567 2120 erat
1582 2082 1734 2120 enm-

140 2158 274 2210 dem
319 2167 523 2226 patrem
559 2158 751 2212 factum
792 2168 846 2212 et
874 2158 1240 2222 sacerdotem,
1275 2158 1591 2212 sacrificium
1619 2159 1738 2214 sine

139 2249 405 2316 sanguine
434 2249 666 2303 oblatqu
692 2291 705 2315 ,
739 2249 1107 2303 holocaustum
1134 2251 1333 2320 absque
1365 2249 1482 2318 igne
1507 2293 1520 2313 ,
1549 2253 1738 2307 mortis

139 2353 209 2392 ac
237 2340 647 2394 resurrectionis
690 2340 913 2409 figuram
957 2340 1008 2394 in
1049 2340 1200 2394 altari
1243 2343 1489 2410 positam.
1523 2341 1735 2396 Etenim

144 2431 315 2483 tilium
345 2431 673 2496 immolavit,
707 2439 761 2484 et
792 2446 896 2484 non
940 2431 1233 2484 immolavit
1261 2449 1273 2483 :
1307 2447 1409 2485 non
1433 2428 1733 2485 immolavit

139 2536 340 2586 manu,
373 2520 466 2575 sed
500 2522 790 2590 proposito.
829 2521 961 2575 Nam
1001 2531 1055 2575 et
1096 2522 1238 2576 Deus
1277 2522 1397 2576 ideo
1438 2522 1733 2592 imperavit,

140 2628 252 2668 non
272 2613 410 2684 quod
435 2613 746 2669 effusionem
775 2615 1046 2684 sanguinis
1073 2615 1254 2669 videre
1275 2615 1456 2680 vellet,
1484 2614 1575 2668 sed
1594 2613 1734 2683 quod

140 2707 474 2777 propositum
501 2707 662 2760 animi
703 2708 797 2760 tibi
837 2707 1122 2762 ostendere
1161 2717 1410 2776 cuperet,
1441 2715 1601 2775 atque
1630 2721 1733 2759 una

140 2799 337 2853 fortem
363 2798 506 2852 illum
534 2798 707 2852 virum
733 2797 784 2852 in
816 2799 961 2852 orbis
987 2798 1162 2853 medio
1190 2799 1498 2868 praedicare,
1523 2813 1737 2851 omnes-

136 2905 250 2959 que
278 2898 518 2957 posteros
545 2888 766 2951 docere,
799 2897 852 2942 et
886 2889 1101 2954 liberis,
1135 2898 1184 2944 et
1224 2898 1424 2943 naturae
1450 2931 1462 2953 ,
1493 2898 1547 2944 et
1576 2889 1736 2944 rebus

136 2980 392 3034 omnibus
413 3021 426 3042 ,
457 2980 660 3049 ipsique
686 2981 878 3033 anima:
921 2980 1011 3034 Dei
1048 2980 1195 3049 jussa
1227 2981 1476 3049 anteponi
1513 2980 1730 3034 debere.

138 3070 432 3126 Descendit
481 3071 642 3140 igitur
687 3072 807 3124 vivo
849 3078 1066 3139 recepto
1116 3079 1350 3141 martyre
1402 3072 1564 3124 Isaac.
1605 3069 1735 3135 Qua:

135 3177 272 3231 ergo
299 3162 452 3217 nobis
477 3162 628 3216 venia
656 3204 670 3228 ,
701 3178 882 3232 quteso
909 3204 921 3224 ,
957 3179 1073 3231 qtae
1098 3162 1340 3216 defensio
1369 3163 1468 3217 erit
1493 3205 1505 3227 ,
1539 3164 1580 3217 si
1611 3180 1731 3217 cum

136 3253 432 3307 viderimus
472 3253 661 3307 fortem
711 3255 854 3306 illum
899 3259 1070 3308 virum
1113 3270 1231 3309 Cum
1275 3264 1414 3308 tanti
1463 3255 1735 3312 alacritate

141 3346 261 3399 Deo
279 3345 679 3415 obsequentem,
701 3346 750 3399 in
773 3347 1125 3415 omnibusque
1143 3347 1616 3417 obtemperantem,
1639 3365 1734 3404 nos

135 3435 372 3491 moleste
395 3437 658 3490 feramus?
687 3437 762 3490 Ne
789 3439 918 3491 mihi
946 3437 1167 3503 luctum,
1200 3453 1267 3496 ne
1288 3438 1604 3492 calamitatis
1625 3455 1735 3492 ma.

132 3529 472 3599 guitudinem
488 3529 708 3583 afferas:
730 3530 821 3584 sed
842 3531 1128 3599 perpende,
1151 3532 1293 3584 illum
1315 3531 1632 3587 fuisscluctu
1647 3549 1736 3586 su-

135 3620 432 3690 periorem.
455 3619 755 3673 Mandatum
783 3620 1082 3690 bujusmodi
1107 3632 1313 3690 poterat
1332 3623 1474 3676 illius
1495 3623 1730 3677 animum

132 3713 482 3776 conturbare,
513 3714 727 3766 anxium
759 3713 1003 3779 reddere,
1030 3724 1082 3768 et
1113 3715 1271 3770 ﬁdem
1303 3718 1419 3782 ejus
1443 3716 1582 3769 circa
1609 3731 1736 3784 prm-

1351 299 1436 354 DE
1476 298 1746 354 LAZARO
1784 299 2026 355 CONCIO
2073 301 2134 355 ν.

3293 316 3427 371 εἰ)Ξεί

1841 416 2023 469 tudine
2047 417 2259 485 generis
2285 425 2337 472 et
2368 429 2617 489 nepotum
2649 421 2787 477 Deus
2817 424 3081 492 pollicitus
3109 431 3258 483 erat?
3302 433 3426 486 l‘hi-

1842 507 2136 576 losophiam
2172 508 2293 561 item
2320 509 2438 564 .Iobi
2469 510 2519 564 in
2563 521 2703 566 tanta
2732 515 3038 572 calamitate
3065 520 3231 573 nihilo
3252 523 3428 577 tuinus

1839 600 1958 680 quis
2009 600 2256 655 admirari
2305 602 2487 668 debet,
2533 605 2673 674 quod
2723 617 2842 675 post
2889 619 3086 664 tantam
3131 614 3424 668 exhibitam

1840 691 2115 755 virtutem,
2143 694 2647 766 posteleemosyuas
2674 707 2726 752 et
2750 697 3146 769 benignitatem,
3169 720 3288 758 eum
3310 707 3428 759 titil-

1841 783 1939 836 lius
1961 785 2040 838 vel
2065 784 2161 838 sibi
2191 787 2268 839 vel
2301 788 2420 841 tiliis
2442 790 2565 842 mali
2600 793 2846 845 conscius
2875 807 3047 858 esset,
3069 813 3188 850 cmn
3224 808 3425 852 tantum

1843 881 2054 943 tamque
2077 875 2404 944 inopinatum
2431 879 2636 934 videret
2665 882 2880 946 luctum,
2906 897 3135 953 quantus
3157 904 3223 942 re
3253 891 3426 943 scele-

1840 965 2119 1018 ratissimis
2149 967 2359 1036 quidem
2406 986 2652 1040 umquam
2685 975 3008 1044 contigerat,
3045 994 3148 1030 non
3194 981 3268 1034 sic
3295 981 3427 1035 affe-

1840 1064 1956 1107 ctus
1983 1054 2166 1120 fuerit,
2198 1067 2253 1110 ut
2281 1058 2365 1112 alii
2395 1061 2605 1127 solent,
2638 1080 2808 1134 neque
2849 1062 3106 1134 putziverit
3135 1070 3426 1125 infructuo-

1841 1159 1952 1197 sam
1982 1161 2102 1200 esse
2131 1149 2376 1202 virtutem
2401 1193 2416 1214 ,
2449 1161 2538 1204 aut
2567 1169 2624 1206 se
2655 1157 2790 1208 male
2822 1157 2978 1210 rebus
3007 1160 3118 1212 suis
3147 1172 3268 1214 aute
3298 1179 3428 1216 con-

1843 1240 2091 1295 suluisse.
2124 1242 2300 1310 Itaque
2327 1243 2486 1299 hosce
2513 1247 2654 1299 viros
2682 1248 2749 1302 ob
2775 1249 2884 1303 luce
2907 1261 3125 1320 utraque
3149 1270 3252 1307 non
3271 1257 3428 1308 modo

1842 1331 2089 1386 admirari
2113 1335 2388 1400 debemus,
2411 1339 2503 1391 sed
2539 1342 2696 1393 etiam
2718 1344 2978 1410 temulari,
3003 1360 3294 1418 eorumque
3319 1352 3429 1404 vir-

1845 1432 2006 1478 tutem
2036 1426 2246 1480 imitari.
2267 1428 2372 1482 Nec
2393 1430 2536 1483 dicat
2561 1431 2822 1499 quisliiam
2845 1433 2950 1488 :llli
2975 1437 3069 1489 viri
3092 1438 3431 1498 admirabiles

1841 1525 1987 1569 certe
2007 1526 2060 1569 et
2080 1518 2253 1586 magni
2276 1529 2426 1572 erant
2443 1537 2455 1582 ;
2472 1521 2562 1573 sed
2581 1538 2608 1570 a
2628 1524 2779 1576 nobis
2801 1525 2970 1590 major
2987 1543 3126 1582 nunc
3149 1532 3431 1600 requiritur

1842 1607 2198 1678 philosoiihia,
2218 1626 2374 1680 quam
2399 1612 2467 1665 ab
2490 1613 2592 1666 illis
2617 1615 2884 1682 omnibus,
2909 1619 2996 1686 qui
3027 1619 3076 1672 iu
3105 1624 3270 1676 veteri
3299 1624 3429 1678 Tes-

1845 1709 2078 1753 tamento
2105 1702 2365 1756 vixerunt.
2390 1703 2507 1758 Nisi
2534 1706 2674 1759 enim
2697 1709 3024 1764 abundaverit
3041 1713 3243 1781 iustitia
3267 1727 3428 1770 vestra

1842 1790 1957 1859 plus
1968 1808 2120 1861 quant
2133 1793 2410 1846 scribarum
2426 1794 2884 1861 etP/mrisworum,
2906 1817 3005 1854 non
3027 1803 3274 1858 intrabitis
3289 1807 3340 1859 in
3360 1825 3413 1861 re

1841 1898 1994 1950 gnum
2007 1884 2242 1937 caelorum
2261 1885 2468 1952 (Matth.
2491 1888 2541 1940 5.
2560 1886 2673 1956 ‘20).
2691 1888 2769 1942 Ad
2791 1891 3066 1946 meliorem
3083 1909 3210 1964 ergo
3228 1894 3427 1965 frugem

1842 1971 2059 2025 omnino
2085 1975 2306 2040 reversi,
2336 1974 2522 2044 hisque
2546 1977 2800 2043 collectis,
2835 1995 2896 2034 ac
2925 1981 3082 2036 simul
3111 1984 3193 2048 iis,
3222 2001 3338 2054 qua:
3363 1989 3431 2042 de

1843 2065 2233 2118 resurrectione
2250 2080 2455 2119 necnon
2474 2066 2539 2119 de
2555 2069 2752 2122 sanctis
2770 2069 2872 2124 illis
2887 2071 3014 2125 viris
3033 2072 3263 2128 diximus
3282 2117 3295 2141 ,
3319 2077 3432 2131 lt;th

1841 2153 2054 2208 assidue
2076 2155 2126 2207 in
2147 2156 2337 2209 animis
2358 2157 2834 2222 eouciuamus,non
2856 2161 3014 2216 modo
3038 2163 3088 2216 in
3109 2164 3282 2220 luctus
3301 2150 3432 2220 tent-

1841 2248 2087 2315 porc,sed
2101 2249 2256 2302 etiam
2273 2249 2483 2318 quando
2497 2252 2640 2304 vacui
2658 2252 2839 2308 dolore
2856 2269 3056 2308 sumus.
3073 2255 3194 2311 Ideo
3207 2274 3432 2329 namque

1841 2353 1957 2407 ego,
1976 2349 2029 2393 et
2044 2341 2086 2394 si
2104 2341 2276 2392 nullus
2295 2342 2345 2394 in
2367 2357 2594 2397 tnmrore
2608 2343 2694 2408 sit,
2716 2343 2932 2413 bosjam
2948 2362 3222 2403 sermones
3237 2349 3354 2413 feci,
3375 2363 3432 2405 ut

1842 2446 1961 2484 cum
1982 2447 2032 2484 m
2047 2433 2274 2486 similem
2296 2433 2647 2488 calamitatem
2669 2435 3034 2505 iucidcrimus,
3049 2440 3310 2495 dictorum
3332 2461 3433 2497 mc-

1842 2539 2038 2588 mores,
2055 2526 2214 2578 nmlta
2234 2525 2867 2582 fruamurconsolatione.
2887 2531 3074 2586 Milites
3087 2536 3226 2588 enim
3242 2536 3290 2588 in
3308 2553 3433 2604 pare

1843 2632 1930 2669 res
1954 2617 2171 2670 bellicas
2197 2616 2538 2681 meditantur,
2573 2629 2628 2672 ut
2660 2620 2888 2674 instante
2917 2639 3087 2690 pugna
3119 2633 3171 2677 ct
3196 2634 3434 2694 tempore
3461 2620 3473 2635 ’

1845 2706 2085 2774 peritiam
2107 2706 2426 2775 postulante,
2447 2717 2744 2777 Opportune
2761 2719 2927 2764 artem
2949 2713 3255 2780 exhibeant,
3274 2733 3429 2784 quam

1843 2797 1895 2850 in
1925 2812 2054 2866 pace
2083 2798 2382 2852 coluerunt.
2426 2799 2493 2852 Et
2536 2815 2632 2853 nos
2663 2801 2821 2870 igitur
2842 2818 2989 2856 arma
3021 2813 3074 2857 et
3114 2807 3345 2859 remedia
3380 2808 3431 2862 iu

1843 2887 1988 2954 pacis
2021 2897 2258 2956 tempore
2287 2889 2438 2942 nobis
2467 2905 2732 2958 paremus,
2764 2900 2819 2944 ut
2846 2892 2887 2945 si
2916 2893 3128 2962 quando
3156 2895 3432 2948 irrationa-

1841 2977 2024 3029 biliutn
2046 2977 2349 3043 affectuum,
2373 2980 2548 3033 acerbi
2573 2981 2761 3045 luctus,
2785 2991 2878 3036 aut
2899 2983 3116 3050 doloris,
3140 2997 3230 3038 aut
3256 2989 3433 3055 cujus-

1843 3069 1980 3137 piam
2003 3069 2208 3123 adversi
2233 3071 2428 3124 bellum
2453 3073 2726 3142 ingruerit,
2755 3075 2974 3144 pulchre
2995 3079 3181 3130 armati
3204 3089 3258 3132 et
3279 3081 3432 3134 undi-

1840 3176 1944 3231 que
1971 3160 2154 3213 muniti
2181 3202 2195 3224 ,
2227 3161 2440 3230 maligni
2471 3165 2724 3231 impetum
2751 3165 2912 3218 multa
2939 3181 3060 3218 cum
3093 3169 3277 3236 peritia
3309 3186 3433 3238 pro-

1843 3254 2144 3322 pulsemus;
2181 3261 2338 3321 atque
2369 3254 2525 3307 rectis
2565 3256 3008 3323 cogitationibus,
3047 3257 3138 3311 Dei
3169 3259 3427 3329 eloquiis,
3479 3269 3484 3272 '

1841 3346 2238 3415 proborumquc
2269 3345 2500 3398 virorum
2533 3348 2792 3416 exemplis
2815 3389 2829 3411 ,
2859 3349 3168 3402 omnimodo
3200 3351 3428 3420 undique

1840 3454 1940 3492 nos
1989 3442 2308 3492 muniamus.
2359 3438 2447 3492 Sic
2491 3439 2632 3490 enim
2679 3440 2967 3506 poterimus
3016 3449 3068 3492 et
3116 3451 3429 3508 praesentem

1839 3531 2002 3583 vitam
2029 3545 2148 3584 cum
2189 3531 2328 3584 bono
2365 3531 2546 3584 animo
2591 3531 2879 3599 transigere
2899 3571 2912 3593 ,
2941 3538 2994 3582 et
3021 3546 3240 3600 regnum
3267 3532 3431 3587 etule-

1840 3639 1958 3677 rum
1985 3623 2238 3691 consequi
2263 3666 2277 3690 ,
2307 3624 2357 3676 in
2381 3622 2593 3678 Christo
2623 3620 2749 3678 Iesu
2777 3661 2792 3687 ,
2821 3620 2904 3674 cui
2956 3622 3120 3690 gloria
3165 3631 3220 3676 et
3265 3621 3432 3690 impe-
3513 3657 3524 3666 .

1827 3714 1980 3767 "rium
1998 3728 2117 3767 cum
2143 3713 2295 3768 Patre
2317 3724 2368 3768 et
2389 3724 2572 3770 sancto
2588 3715 2787 3785 Spiritu
2808 3713 2860 3771 in
2883 3712 3072 3771 secula
3093 3713 3429 3769 sa'culnrum.

136 3802 299 3856 tet-ita
322 3803 642 3872 subagitare.
667 3803 797 3870 Quis
819 3803 960 3856 enim
979 3804 1114 3857 alius
1135 3815 1330 3873 praeter
1348 3805 1727 3871 Abrahamum,
1840 3805 2032 3858 Amen.

132 3904 247 3948 non
266 3897 514 3959 putasset
539 3892 775 3948 fraudem
805 3909 867 3948 ea
897 3894 1072 3948 omnia
1104 3909 1223 3950 esse
1247 3937 1259 3958 ,
1294 3911 1412 3966 qua:
1453 3896 1520 3952 de
1546 3896 1727 3952 multi-

1641 4731 1946 4759 ψ
