3828 6226
432 276 564 329 11)·27

1097 277 1156 331 S.
1191 276 1469 331 JOANNIS
1503 275 1988 333 CllRYSOS'l'OMI
2024 273 2340 331 ARClllEP.
2377 269 2915 328 CONSTANTINOP.

3526 266 3658 321 1028

841 487 948 545 AD
978 485 1390 546 HOMILIAM
1428 486 1507 546 IN
1541 487 1826 547 ΤΕΒΒᾸΞ
1863 489 2180 557 MOTUM,
2221 488 2322 546 ΕΤ
2351 488 2689 547 DIVITEM
2726 489 2826 547 ET
2869 487 3244 546 LAZARUM

493 584 646 658 [772]
673 585 820 640 Ilanc
868 587 1183 640 conicionem
1220 587 1470 658 antehae
1504 588 1772 658 mutilam.
1806 588 1986 654 ingen-

423 655 571 716 tiu—ue
603 655 840 723 q'uatuor
879 659 1195 723 paginarum
1219 655 1368 709 hiatu
1406 656 1805 719 labefactatam,
1845 673 1987 712 nimo

421 729 710 793 integram,
777 737 828 779 et
877 727 941 777 ail
988 726 1220 778 duorum
1279 728 1774 792 manuscriptormn
1830 729 1984 779 fidem

425 798 678 848 sarcitam
709 795 921 864 damus.
961 794 1091 847 Eam
1128 811 1255 848 vero
1287 811 1393 847 non
1435 808 1828 864 consequenter
1869 807 1991 864 post.

422 866 580 925 alias,
626 863 719 919 Sed
745 864 1081 935 aliquantulo
1111 865 1434 926 interposito
1478 863 1718 934 tempore
1747 863 1991 935 Chryso-

421 943 636 986 stomus
666 935 892 999 habuit;
921 933 994 988 ita
1027 945 1204 988 tamen
1241 944 1299 988 ut
1327 949 1514 987 recens
1554 951 1582 988 a
1609 937 1732 989 thue
1780 933 1991 990 memo-

427 1005 505 1055 ria
543 1019 727 1056 eorum
757 1043 772 1064 ,
819 1019 938 1071 qua:
985 1004 1050 1058 de
1112 1003 1317 1056 Lazaro
1372 1004 1523 1057 etde
1563 1006 1727 1057 divite
1772 1021 1878 1058 non
1919 1006 1990 1058 ita

425 1073 636 1141 pridem
671 1073 813 1126 dicta
850 1073 1089 1132 fuerant.
1148 1075 1458 1126 auditorum
1499 1075 1701 1127 animis
1733 1074 1989 1136 haereret,

427 1153 489 1195 ut
519 1143 842 1196 testificatur
885 1145 1000 1209 ipse
1050 1159 1199 1196 num.
1233 1143 1286 1197 4.
1319 1143 1618 1197 Occasione
1668 1154 1848 1197 autem
1912 1143 1996 1196 in-

427 1213 598 1278 gentis
630 1223 786 1266 terra:
815 1224 1014 1274 motus,
1045 1214 1137 1280 qui
1174 1214 1352 1267 triduo
1384 1213 1570 1265 urbem
1607 1223 1956 1268 succusserat
1979 1255 1993 1277 ,

432 1283 546 1335 haec
576 1283 935 1336 coneionatus
963 1290 1046 1337 est
1070 1283 1508 1352 tlbrysostonius.
1537 1281 1639 1346 Qui
1667 1284 1736 1336 sit
1761 1300 1886 1336 vero
1911 1285 1997 1338 ille

434 1361 593 1404 terrae
629 1361 830 1414 motus,
866 1362 918 1404 et
952 1366 1060 1420 quo
1081 1351 1368 1419 contigerit
1393 1367 1557 1411 anno,
1591 1367 1696 1404 non
1740 1353 1810 1404 ita
1843 1352 1997 1406 facile

428 1431 516 1474 est
545 1423 825 1488 augurari,
859 1423 1300 1490 quandoquidem
1340 1421 1654 1487 frequenter
1699 1422 2000 1476 Antiochia:

430 1502 587 1544 terrm
617 1502 792 1544 motus
826 1493 1073 1546 accidere
1103 1492 1367 1545 solebant.
1419 1491 1790 1544 Memorantnr
1843 1501 2002 1545 terra;

431 1571 611 1612 nmtus
641 1561 942 1615 Antiochia:
974 1572 1097 1615 ante
1124 1569 1426 1615 statuarum
1467 1562 1824 1620 eversionem.
1855 1578 2000 1614 anno

431 1628 558 1689 587,
577 1639 627 1682 et
647 1631 987 1698 quidemjam
1014 1631 1325 1698 frequentes
1345 1631 1628 1690 accidisse,
1644 1630 1871 1683 llomilia
1897 1632 1930 1684 5
1947 1632 1998 1684 in

431 1708 662 1770 statuas,
698 1716 850 1753 nutu.
871 1701 924 1762 7,
952 1702 1058 1754 Καὶ
1104 1702 1212 1770 γὰρ
1235 1700 1472 1769 σεισμῶν
1495 1701 1750 1763 πολλάκις
1771 1703 2006 1753 καταλα-

433 1766 660 1832 ϐόντων,
698 1771 792 1822 καὶ
831 1770 990 1842 λιμοῦ
1031 1766 1124 1825 καὶ
1151 1766 1392 1841 α’ὑχμοῦ,
1420 1772 1568 1841 τρεῖς
1605 1771 1698 1823 καὶ
1730 1771 2004 1842 τέσσαρας

2087 588 2300 658 ἡμέρας
2324 586 2801 656 σωῳρονισθὲντες,
2828 587 2921 658 καὶ
2942 586 3333 658 ἐπιεικέστεροι
3357 585 3662 658 γενόμξνοι,

2096 631 2301 712 Helm;
2335 631 2488 711 ter-ile
2522 631 2976 724 motibus’i’sa’piua
3010 631 3388 717 accidentibus,
3421 665 3474 706 et
3492 631 3664 716 ΓΓαιιῶ

2092 741 2248 798 atque
2280 729 2532 787 siccitule,
2562 728 2629 779 ad
2662 736 2763 780 (res
2797 727 3130 798 ref‘quafuor
3163 726 3272 778 dies
3325 725 3591 798 moderati
3621 735 3663 798 et

2094 796 2468 851 mansuetiores
2499 798 2684 864 effecti,
2717 806 2820 849 etc.
2851 796 2972 850 llaec
2997 798 3063 848 de
3093 806 3250 848 terrm
3280 797 3543 859 molibus,
3575 797 3663 860 qui

2095 878 2222 921 ante
2258 869 2746 936 Qnaihagesimam
2779 869 2905 919 anui
2937 867 3041 920 587
3063 866 3174 933 jam
3213 864 3530 932 frequentes
3582 880 3668 917 ac-

2095 939 2359 993 ciderant.
2392 938 2526 990 Aliis
2577 939 2700 990 item
2737 938 3195 1006 subsequentibus
3225 937 3384 989 anuis
3442 936 3669 1006 crebros

2097 1010 2291 1062 iterum
2341 1008 2604 1062 accidisse
2639 1025 2742 1060 non
2787 1004 3012 1060 dubium
3065 1007 3294 1059 videtur.
3338 1008 3394 1057 lu
3426 1004 3668 1074 quadam

2099 1078 2243 1131 enim
2273 1078 2516 1139 homilia,
2557 1093 2585 1130 a
2616 1077 2944 1130 Combefisio
2993 1078 3160 1137 edita,
3215 1077 3280 1128 de
3338 1076 3446 1127 alio
3507 1087 3670 1127 terra:

2101 1157 2275 1206 motu,
2299 1149 2390 1214 qui
2419 1147 2585 1200 biduo
2619 1148 2803 1200 urbem
2858 1148 3280 1212 subagitaverat.
3315 1147 3490 1198 multa
3531 1159 3669 1211 pra:-

2098 1219 2244 1271 clare
2277 1218 2536 1283 loquitur,
2570 1233 2633 1270 ac
2665 1216 2976 1282 frequentes
3002 1217 3246 1270 accidere
3281 1227 3444 1268 terra;
3490 1223 3672 1283 neotns

2101 1287 2305 1341 indicat
2337 1282 2423 1340 his
2456 1289 2636 1340 verbis
2666 1308 2676 1340 ε
2724 1285 2890 1340 Εἶπον
2951 1288 3042 1339 καὶ
3094 1286 3220 1355 χθὲς
3249 1287 3330 1338 ὅτι
3360 1284 3421 1336 οὐ
3477 1282 3672 1355 puan

2101 1355 2312 1426 καρπὸς
2363 1356 2468 1408 ἀπὸ
2516 1357 2624 1408 τῶν
2681 1358 2950 1426 σεισμῶν,
3007 1353 3277 1426 Dicebanr
3310 1357 3475 1426 etiam
3524 1353 3669 1426 fieri,

2100 1422 2203 1480 non
2257 1442 2476 1492 parvum
2533 1427 2764 1494 fructum
2803 1422 2882 1480 'ex
2922 1437 3075 1479 terra:
3132 1424 3384 1494 minibus,
3415 1422 3669 1474 derirari.

2102 1495 2432 1550 Memoratur
2486 1493 2664 1548 autem
2724 1497 2778 1549 in
2826 1497 3100 1549 Chronico
3153 1493 3450 1547 Marcellini
3517 1501 3674 1545 terra:

2107 1573 2288 1620 motus
2329 1567 2518 1632 ingens
2545 1566 2610 1618 ad
2644 1580 2845 1619 annum
2874 1565 2997 1624 594,
3035 1565 3128 1617 sud
3166 1564 3255 1631 qui
3284 1565 3496 1627 aliquot
3555 1570 3674 1632 tau-

2106 1645 2220 1687 tum
2275 1630 2502 1701 Europa:
2555 1635 2801 1702 regiones
2839 1635 3130 1687 concussit.
3182 1630 3337 1685 Alius
3386 1630 3673 1702 eodcm‘in

2103 1703 2374 1757 Chronico
2404 1698 2696 1756 abuntathr
2726 1713 2882 1756 terrae
2942 1715 3120 1756 motus
3176 1704 3240 1755 ad
3279 1717 3489 1754 annqu
3549 1698 3674 1759 596,

2105 1775 2198 1841 qui
2238 1783 2410 1827 totum
2450 1775 2633 1826 orbem
2689 1772 3052 1828 commovisse
3109 1774 3299 1825 fertur.
3339 1771 3504 1823 llunc
3549 1783 3679 1820 vero

1437 1959 3696 1985 mm“

547 2062 609 2103 IV
654 2058 881 2102 TEnﬂﬂ
926 2055 1177 2108 ιιοτωι,
1213 2053 1292 2097 ΕΤ
1334 2052 1399 2096 ιη
1442 2049 1716 2094 ΒῙνῙΤΕὶί
1744 2050 1826 2092 ET
1859 2049 1997 2093 LAZA

2111 2049 2181 2106 ιι,
2213 2050 2420 2103 ATQUE
2465 2051 2636 2094 omne
2679 2052 2980 2097 seavrrus
3025 2053 3193 2097 οιιτΑ
3237 2055 3380 2098 sin
3429 2036 3552 2118 (a).

484 2317 530 2367 l.
572 2313 673 2365 Cur
700 2322 847 2365 terra:
875 2321 1041 2363 motus
1069 2309 1176 2378 ﬁeri
1217 2306 1468 2377 permittat
1497 2303 1656 2358 Deus.
1683 2333 1750 2344 -—
1778 2301 1997 2355 Vidistis

407 2409 499 2464 Dei
530 2405 836 2477 potentiam.
865 2403 1069 2457 vidistis
1101 2401 1193 2457 Dci
1224 2398 1639 2469 benignitatem?
1669 2395 1997 2465 potentiam,

407 2499 548 2569 quod
587 2498 771 2552 orbem
801 2507 959 2552 teme
1001 2493 1368 2555 concusserit;
1409 2488 1786 2560 benignitatem
1810 2529 1824 2552 ,
1857 2485 1999 2554 quod

370 2613 376 2620 ·
405 2605 528 2644 eum
553 2588 828 2644 cadentem
853 2585 1143 2640 firmaverit
1164 2600 1178 2636 :
1203 2583 1310 2637 imo
1335 2596 1462 2635 vero
1483 2581 1533 2634 in
1564 2589 1786 2647 utroque
1809 2590 2000 2648 poten-

405 2680 534 2733 tiam
573 2687 625 2733 et
654 2676 1052 2747 benignitatem.
1099 2673 1229 2729 Nam
1274 2682 1329 2726 et
1367 2669 1722 2724 commovisse
1754 2667 2002 2736 potentia:

409 2769 543 2835 fuit,
580 2777 634 2823 et
663 2767 1031 2835 composuisse
1058 2762 1435 2832 benignitatis;
1465 2759 1603 2830 quod
1634 2769 1827 2812 terram
1857 2771 2003 2811 eom-

409 2862 634 2916 moverit
673 2870 726 2915 et
755 2859 1046 2914 firmaverit
1069 2857 1253 2912 orbem
1284 2865 1440 2910 terra:
1461 2895 1476 2920 ,
1507 2851 1649 2922 quod
1683 2863 2001 2905 concussum

413 2954 706 3026 etjamjam
752 2953 1011 3008 ruiturum
1051 2949 1307 3004 erexerit.
1339 2948 1408 3000 At
1448 2945 1590 3000 enim
1636 2951 1792 2997 terra:
1829 2949 2004 2995 motus

415 3046 626 3115 quidem
660 3043 916 3116 prmteriit
937 3083 953 3108 ,
986 3050 1159 3095 metus
1182 3047 1360 3093 autem
1394 3045 1606 3090 maneat
1636 3051 1650 3087 :
1682 3032 1889 3088 transiit
1916 3031 2002 3084 illa

409 3145 730 3206 tempestas,
764 3131 858 3189 sed
903 3133 1063 3186 timor
1103 3146 1207 3184 non
1255 3138 1490 3183 transeat
1533 3145 1546 3181 :
1595 3124 2005 3195 supplicationes

410 3227 580 3294 spatio
615 3226 774 3279 trium
815 3223 1022 3279 dierum
1069 3221 1297 3274 abiimus
1321 3260 1336 3284 ,
1367 3227 1734 3272 verumtamen
1771 3214 2005 3269 studium

411 3333 516 3371 non
547 3316 940 3384 restingnanms
972 3330 984 3366 :
1013 3313 1082 3366 ob
1112 3312 1213 3366 hoc
1239 3311 1379 3366 enim
1410 3319 1567 3364 terrm.
1595 3317 1768 3362 motus
1792 3306 2004 3370 accidit,

413 3411 483 3463 ob
522 3418 756 3463 nostram
797 3406 1094 3461 socordiam
1135 3423 1149 3459 :
1191 3402 1443 3457 socordes
1485 3400 1680 3455 fuimus
1704 3441 1718 3464 ,
1760 3407 1814 3454 et
1851 3407 2008 3452 terra)

412 3512 616 3556 motum
654 3499 1075 3562 accersivimus;
1117 3495 1349 3550 studium
1394 3509 1458 3549 ac
1484 3493 1810 3562 diligentiam
1851 3489 2008 3544 adhi-

413 3592 646 3657 lmimus,
665 3599 718 3645 et
740 3592 870 3643 iram
895 3589 1221 3657 repulimus;
1246 3601 1314 3641 ne.
1335 3585 1589 3641 socordes
1612 3585 1802 3639 itermn
1819 3583 2007 3648 simus,

415 3693 473 3738 ut
502 3683 633 3736 iram
659 3697 722 3736 ac
760 3680 1079 3750 supplicium
1123 3681 1312 3733 iterum
1350 3693 1454 3732 non
1501 3691 1862 3732 accersamus.
1890 3675 2008 3730 Non

417 3774 558 3827 cnim
589 3783 814 3826 mortem
843 3770 1137 3840 peccatoris
1159 3770 1268 3822 vult
1291 3769 1452 3833 Deus,
1474 3769 1610 3820 sicut
1630 3782 1749 3822 eum
1773 3765 2009 3820 converti

415 3879 480 3920 ac
505 3864 682 3918 vivere
711 3860 930 3932 (Ezecli.
961 3861 1049 3916 55.
1084 3861 1138 3914 ll
1161 3862 1200 3932 ).
1229 3859 1448 3914 Vidistis
1474 3873 1633 3928 quam
1661 3857 1846 3927 fragile
1869 3857 1939 3911 sit
1959 3862 2012 3911 et

417 3954 674 4010 caducum
703 3969 870 4023 genus
907 3951 1232 4006 humanum?
1273 3951 1405 4005 Cum
1435 3950 1583 4004 fieret
1613 3957 1767 4004 terra;
1795 3957 1968 4002 motus
1991 3986 2010 4012 ,

419 4048 497 4102 sic
540 4061 639 4116 ego
676 4046 815 4115 apud
860 4061 946 4100 me
987 4043 1282 4114 cogitabam
1316 4060 1329 4096 :
1364 4043 1450 4097 ubi
1491 4057 1631 4097 nunc
1663 4041 1896 4112 rapinae?
1923 4041 2013 4097 ubi

420 4137 824 4192 fraudationes?
870 4136 957 4190 ubi
1005 4135 1224 4204 imperia
1272 4134 1508 4202 iniusta?
1550 4133 1638 4186 ubi
1681 4131 1880 4186 fastus?
1922 4132 2010 4186 ubi

420 4228 786 4299 principatus?
812 4226 898 4280 ubi
920 4225 1328 4296 oppressiones?
1359 4224 1445 4277 ubi
1475 4223 1791 4292 spoliatores
1818 4238 2012 4293 egeno-

419 4319 581 4375 rmn?
629 4319 718 4372 ubi
758 4319 977 4372 divitum
1019 4316 1245 4387 superba
1298 4315 1546 4370 fastidia?
1585 4315 1673 4370 ubi
1715 4315 2010 4384 principum

423 4409 684 4480 imperia?
709 4409 794 4462 ubi
823 4407 1016 4462 minae?
1039 4407 1124 4461 ubi
1148 4407 1402 4462 timores?
1431 4405 1600 4462 Unum
1625 4407 1878 4476 temporis
1894 4423 2012 4459 mo-

427 4510 666 4556 mentum
693 4500 896 4554 facilius
911 4515 1069 4570 quam
1087 4514 1398 4553 aranearum
1424 4499 1555 4553 telas
1579 4497 1755 4552 omnia
1777 4498 2009 4567 diripuit,

419 4594 599 4647 ouinia
644 4592 908 4646 destruxit
953 4607 966 4644 :
1010 4599 1066 4646 et
1111 4590 1424 4646 audiebatur
1467 4587 1696 4645 civitatis
1745 4591 2008 4661 ejulatus,

419 4698 712 4752 omnesque
741 4682 806 4736 ad
837 4681 1130 4736 Ecclesiam
1159 4681 1460 4736 currebant.
1499 4681 1738 4752 Cogitate
1759 4725 1772 4746 ,
1798 4681 1845 4737 si
1876 4699 2010 4737 cun-

418 4781 502 4827 cta
534 4773 878 4842 pessumdare
924 4773 1034 4826 Deo
1068 4773 1240 4826 visum
1283 4783 1466 4838 esset,
1507 4773 1636 4843 quid
1677 4773 2006 4830 fecissemus.

423 4865 547 4919 llaec
573 4873 748 4918 autem
773 4864 912 4930 dico,
941 4875 998 4917 ut
1023 4879 1230 4928 eorum,
1255 4879 1372 4932 qua:
1397 4863 1728 4929 acciderunt,
1753 4877 2012 4936 perpetuo

419 4957 595 5023 vigeat
632 4959 684 5008 in
717 4954 865 5008 vobis
910 4965 1120 5018 metus,
1159 4955 1506 5024 omniumque
1547 4966 1778 5012 mentem
1822 4972 2010 5012 corro-

422 5048 594 5100 boret.
623 5041 920 5107 Concussit,
953 5055 1006 5098 at
1035 5060 1138 5099 non
1168 5047 1470 5116 prostravit.
1511 5047 1566 5102 Si
1603 5048 1744 5102 enim
1773 5059 2011 5118 proster-

421 5154 550 5194 nere
589 5137 885 5200 voluisset,
919 5139 1137 5193 minimc
1179 5137 1418 5209 profecto
1457 5142 1812 5196 concussisset
1854 5155 1868 5192 :
1917 5141 2010 5196 sed

420 5237 672 5305 quoniam
705 5235 753 5288 id
797 5235 1004 5288 nolebat
1026 5276 1041 5300 ,
1073 5235 1346 5302 praecessit
1376 5245 1622 5306 tanquam
1653 5249 1829 5305 prmco
1857 5244 2011 5290 terra;

423 5335 622 5392 motus,
655 5325 787 5380 iram
823 5326 913 5380 Dei
944 5325 1190 5380 omnibus
1216 5335 1338 5380 ante
1366 5325 1704 5392 denuntians,
1738 5335 1795 5380 ut
1823 5327 2012 5382 timore

422 5417 675 5472 meliores
698 5416 870 5472 effecti
894 5457 909 5484 ,
934 5417 1249 5487 supplicium
1278 5417 1449 5487 reipsa
1481 5416 1810 5473 inferendum
1840 5420 2010 5490 repel-

485 5573 560 5633 (a)
579 5569 766 5635 collata
790 5582 907 5635 eum,
923 5569 1034 5635 cod.
1079 5569 1301 5618 Vaticano
1325 5568 1439 5635 57$,
1477 5577 1530 5620 et
1549 5570 1866 5635 Ottoboniano
1886 5585 2010 5635 quo-

421 5631 729 5698 dam’aliquot
752 5633 798 5680 in
823 5631 956 5698 locis,
983 5633 1327 5698 itemquecum
1347 5631 1456 5678 cod.
1488 5638 1603 5694 Reg.
1628 5632 1771 5695 2545,
1793 5634 1853 5683 ad
1872 5631 2014 5698 cujus

422 5693 572 5743 fidem
592 5690 693 5744 biec
713 5694 903 5744 homilia
925 5690 1131 5757 primum
1152 5691 1280 5741 edita
1307 5690 1480 5743 fixerat.

2107 2301 2300 2355 lamus.
2331 2303 2400 2355 ita
2429 2317 2638 2372 quoque
2663 2321 2782 2360 cum
2815 2305 3054 2360 barbaris
3077 2307 3182 2373 egit
3208 2323 3222 2360 :
3248 2307 3430 2360 Adhuc
3462 2317 3570 2361 (res
3586 2313 3710 2372 dies,

2107 2401 2152 2446 et
2177 2387 2369 2446 Ninive
2381 2397 2685 2451 subvertetur
2725 2395 2875 2465 (Ion.
2913 2400 2966 2454 5.
2992 2401 3076 2468 4).
3101 2399 3279 2467 Quare
3300 2415 3429 2454 vero
3453 2417 3565 2455 non
3589 2403 3710 2456 sub-

2111 2483 2314 2537 vertis?
2337 2485 2554 2540 Minaris
2577 2496 2626 2540 te
2645 2487 3022 2544 subversurum
3040 2507 3054 2555 ;
3081 2495 3208 2559 quin
3228 2490 3387 2559 igitur
3400 2492 3677 2546 subvenis
3695 2493 3712 2544 ξ

2107 2571 2239 2639 Quia
2267 2575 2392 2629 nolo
2419 2579 2731 2633 subvertere
2752 2619 2766 2642 ,
2798 2578 2997 2634 idcirco
3026 2580 3222 2636 minor.
3251 2579 3359 2635 Cur
3384 2597 3522 2651 ergo
3545 2582 3714 2636 dicis!

2106 2664 2183 2719 Nc
2212 2665 2402 2722 faciam
2432 2683 2495 2724 ea
2516 2711 2531 2735 ,
2561 2685 2680 2739 qua:
2708 2671 2829 2726 dico
2871 2687 2884 2724 :
2933 2672 3200 2741 prmcedat
3240 2687 3423 2728 sermo
3444 2715 3459 2736 ,
3497 2686 3558 2729 et
3585 2689 3715 2743 opus

2108 2755 2457 2827 impediatur:
2479 2760 2659 2815 Adhuc
2681 2773 2778 2816 (res
2797 2763 2924 2829 dies,
2943 2774 2989 2818 et
3014 2764 3196 2818 Niniee
3222 2766 3566 2820 aubwrletnr.
3585 2768 3714 2821 Tum

2109 2851 2363 2920 temporis
2384 2851 2588 2907 dicebat
2613 2853 2868 2922 pr0pbeta
2894 2871 2906 2906 :
2935 2854 3090 2910 hodie
3111 2857 3247 2910 muri
3261 2871 3452 2911 vocem
3473 2859 3713 2914 mittunt.

2111 2941 2235 2996 Haec
2262 2958 2388 2996 vero
2413 2943 2532 2999 dico
2551 2986 2564 3008 ,
2592 2960 2766 3014 neque
2793 2945 2974 3000 dicere
3013 2946 3266 3001 desistam
3285 2988 3302 3013 ,
3327 2964 3455 3003 cum
3488 2951 3560 3004 ad
3590 2967 3715 3020 pan-

2111 3047 2264 3102 peres
2292 3043 2404 3089 tum
2428 3034 2495 3089 ad
2535 3035 2724 3090 divites
2756 3052 2768 3089 :
2799 3037 3025 3107 cogitate
3064 3049 3260 3107 quanta
3293 3039 3384 3091 Dei
3414 3041 3491 3095 sit
3520 3041 3602 3094 ira
3623 3083 3640 3106 ,
3668 3053 3716 3095 et

2111 3139 2216 3194 quo
2241 3133 2396 3194 pacto
2427 3125 2597 3180 facilia
2624 3127 2732 3182 sint
2762 3127 2834 3182 illi
2863 3137 3052 3182 cuncta
3077 3138 3133 3183 et
3161 3130 3440 3198 proclivia,
3473 3132 3718 3186 tandem-

2111 3230 2215 3285 que
2248 3215 2317 3270 ab
2355 3215 2696 3286 improbitate
2732 3217 3054 3273 desistamns
3102 3237 3114 3272 :
3163 3220 3410 3290 perbrevi
3457 3224 3718 3291 temporis

2113 3318 2385 3364 momento
2402 3320 2634 3365 mentem
2653 3312 2668 3342 ¹
2682 3311 3023 3382 animumque
3035 3311 3454 3382 uniuscujusque
3470 3323 3718 3369 nostrum

2113 3401 2344 3473 infregit,
2377 3412 2430 3458 et
2455 3403 2632 3458 cordis
2665 3402 3004 3459 fundamenta
3029 3403 3319 3458 concussit.

2185 3491 2314 3548 Dies
2348 3494 2536 3565 judicii
2573 3510 2724 3564 quam
2769 3494 3163 3548 lremendus.—
3201 3492 3448 3562 Cogitate
3495 3495 3588 3549 die
3637 3495 3721 3548 illo

2115 3587 2413 3652 tremendo,
2444 3602 2565 3642 cum
2602 3601 2705 3641 non
2746 3602 2908 3641 unum
2941 3586 3194 3654 temporis
3223 3597 3566 3641 momentum
3595 3589 3715 3650 erit,

2115 3676 2210 3732 sed
2250 3677 2450 3731 infinita
2488 3676 2702 3742 saecula,
2737 3686 2792 3731 et
2834 3675 2967 3745 ignis
3007 3675 3172 3738 fluvii,
3203 3690 3267 3729 ac
3307 3677 3560 3731 minaces
3606 3679 3716 3738 inv.

2117 3773 2276 3833 atque
2303 3765 2369 3819 ad
2397 3765 2654 3833 judicium
2683 3765 3054 3834 pertrahentes
3081 3766 3300 3820 virtutes
3321 3807 3336 3831 ,
3371 3769 3715 3822 tremendum

2119 3855 2368 3920 tribunal,
2389 3855 2648 3924 judicium
2677 3856 3062 3924 incorruptum,
3094 3867 3149 3911 et
3181 3872 3300 3924 qua:
3339 3859 3515 3926 gessit
3550 3869 3717 3912 mins-

2117 3949 2340 4018 quisque
2381 3948 2734 4002 versabuntur
2773 3949 2844 4002 ob
2889 3947 3094 4009 oculos,
3141 3963 3243 4002 nec
3287 3948 3430 4001 ullus
3478 3952 3586 4003 erit
3631 3951 3716 4018 qui

2118 4047 2422 4102 succurrat,
2459 4055 2562 4092 non
2590 4041 2813 4103 vicinus,
2844 4054 2947 4093 non
2977 4049 3190 4104 orator,
3223 4054 3328 4094 non
3358 4042 3714 4110 prOpinquus.

2121 4147 2225 4185 non
2266 4131 2447 4195 frater,
2491 4146 2595 4184 non
2638 4140 2805 4200 pater,
2845 4146 2948 4184 non
2989 4141 3177 4195 mater,
3221 4146 3325 4184 non
3373 4133 3716 4201 peregrinus.

2118 4239 2222 4278 non
2245 4224 2378 4278 alius
2400 4224 2555 4289 ullus,
2579 4223 2702 4294 quid
2731 4232 2839 4276 tmn
2867 4237 3048 4293 quazso
3077 4222 3371 4278 faciemus?
3401 4224 3610 4279 Metum
3644 4226 3721 4278 in-

2120 4313 2254 4378 fero,
2285 4323 2341 4368 ut
2368 4313 2592 4367 salutem
2621 4313 2889 4382 perficiam
2921 4331 2936 4368 ε
2965 4313 3257 4368 doctrinam
3291 4313 3435 4369 ferro
3461 4327 3690 4385 penetra

2121 4405 2360 4459 biliorem
2410 4404 2696 4459 fabricatus
2742 4420 2896 4470 sum,
2947 4415 3006 4459 ut
3055 4416 3287 4460 vestrum
3332 4407 3593 4476 quisque,
3638 4410 3718 4464 eizi

2119 4495 2277 4550 fuerit
2306 4496 2474 4561 ulcus,
2505 4495 2631 4549 illud
2657 4494 2890 4564 abjiciat.
2924 4494 3111 4550 Nonne
3139 4511 3352 4565 semper
3381 4496 3640 4552 dicebam
3672 4508 3722 4552 et

2118 4601 2259 4641 llllllc
2283 4585 2421 4648 dico.
2447 4594 2499 4640 et
2524 4586 2703 4642 dicere
2729 4602 2834 4640 non
2860 4587 3112 4642 desistam
3142 4604 3155 4640 :
3188 4602 3471 4659 quousque
3497 4591 3719 4645 tandem

2119 4679 2279 4734 rebus
2305 4679 2484 4734 saeculi
2515 4679 2669 4748 hujus
2697 4679 2840 4734 affixi
2871 4680 3040 4735 estis?
3064 4679 3142 4734 Ad
3173 4696 3360 4736 onmes
3384 4683 3616 4751 quidem
3647 4695 3723 4737 est

2117 4771 2248 4825 mihi
2273 4785 2472 4828 sermo.
2491 4770 2585 4826 sed
2608 4771 2672 4824 ad
2694 4785 2787 4826 eos
2809 4773 3093 4841 przecipue.
3113 4772 3201 4841 qui
3225 4772 3414 4827 morbo
3447 4774 3722 4834 laborant,

2117 4879 2218 4919 nec
2237 4865 2304 4919 ad
2329 4879 2392 4919 ea
2415 4880 2533 4934 qua:
2548 4865 2816 4931 dicuntur,
2846 4865 3141 4919 attendunt.
3173 4865 3285 4918 lmo
3309 4879 3440 4920 vero
3475 4870 3726 4936 perutilis

2117 4965 2200 5010 est
2230 4957 2438 5024 utrique
2467 4971 2643 5010 sermo
2675 4973 2688 5008 :
2721 4956 2792 5009 illi
2820 4956 3031 5025 quidem
3063 4956 3152 5026 qui
3180 4955 3368 5010 morbo
3394 4955 3641 5022 laborat,
3675 4970 3725 5012 ut

2117 5048 2397 5104 sanitatem
2425 5058 2704 5118 recuperet
2736 5065 2749 5100 :
2781 5049 2830 5103 ei
2859 5063 2985 5102 vero
3011 5049 3098 5117 qui
3127 5063 3288 5103 sanus
3307 5059 3408 5110 est,
3432 5067 3510 5105 ne
3533 5054 3724 5106 morbo

2119 5141 2340 5196 laboret.
2357 5141 2641 5211 Quousque
2659 5141 2869 5195 tandem
2890 5139 3162 5210 pecunim?
3182 5155 3462 5211 quousque
3483 5143 3720 5197 divitim?

2117 5250 2394 5306 quousque
2405 5233 2751 5289 aedificiorum
2767 5233 3186 5303 magnificentia?
3203 5248 3490 5302 quousque
3506 5236 3722 5289 rabidus

2118 5343 2303 5382 eorum
2330 5326 2494 5390 furor,
2523 5325 2612 5396 qui
2639 5326 2794 5380 bruto
2809 5327 3134 5395 voluptatum
3165 5326 3332 5378 amori
3359 5327 3538 5382 dediti
3570 5328 3721 5382 sunt?

2119 5420 2258 5476 Ecce
2281 5419 2428 5474 venit
2455 5428 2609 5474 terra:
2638 5427 2841 5473 motus:
2861 5417 2984 5488 quid
3012 5417 3320 5488 profuerunt
3343 5419 3523 5486 opes?
3550 5418 3723 5473 Labor

2183 5576 2200 5608 ί
2220 5575 2405 5642 _vatic.,
2427 5585 2528 5642 cor.
2562 5572 2706 5622 Paulo
2742 5579 2860 5642 post
2894 5578 3023 5620 Idem
3042 5607 3056 5629 ,
3095 5577 3142 5621 et
3167 5571 3514 5642 fimrfanmua
3562 5580 3726 5642 terrm

2120 5637 2264 5686 Paulo
2287 5644 2393 5697 post
2427 5636 2593 5693 \‘atic.,
2619 5631 2766 5696 Quod
2788 5646 2880 5684 non
2917 5646 3120 5696 parrwu
3144 5631 3426 5695 discrimen,
3474 5636 3572 5685 sed
3593 5631 3727 5694 ﬂata

2121 5698 2243 5762 ignis
2266 5697 2568 5760 crepitantes.
