3828 6226
185 343 320 398 1027

220 685 519 730 ostremum
569 683 724 743 putat
766 673 1116 732 liermantius
1172 676 1448 731 lmmiiiam
1505 676 1641 732 lianc
1685 677 1754 731 de

209 761 392 799 .azuro
452 746 838 814 praecessisse:
895 747 1024 814 quia
1091 747 1341 800 videlicet
1417 747 1574 801 initio
1623 747 1756 802 dicit

180 817 629 886 Illirysnstomus,
662 814 872 879 ἐτίναξε
904 815 1000 886 τὴν
1021 817 1364 886 οἰκουμένην,
1397 817 1570 869 orbem
1599 827 1755 870 term

181 883 467 939 concussit.
497 883 551 938 Si
582 899 761 940 autem
783 886 896 940 haec
918 883 1029 940 sint
1057 887 1124 940 ad
1152 883 1390 940 litterarii
1416 886 1752 955 accipienda,

182 956 250 1009 ad
287 956 437 1008 ἰιιιιιιι
495 957 852 1010 universalem
909 965 1066 1010 terra:
1121 967 1329 1010 motum
1389 972 1498 1010 non
1565 957 1756 1012 incon-

183 1037 442 1096 gruenter
492 1025 818 1079 referantur.
878 1026 944 1079 At
1005 1025 1477 1096 Chrysostomus,
1533 1028 1756 1096 quando

183 1095 406 1167 vixdum
435 1103 807 1167 terraemotus
855 1095 1182 1167 cessaverat.
1210 1105 1297 1167 _ut
1324 1113 1390 1150 ex
1441 1095 1602 1152 dictis
1634 1097 1755 1167 ejus

117 1204 120 1208 η
186 1164 391 1219 inferre
432 1166 577 1227 licet,
611 1165 752 1219 hanc
780 1165 1099 1220 concionem
1139 1165 1365 1220 habuit:
1400 1175 1452 1221 et
1479 1164 1756 1236 quomodo

184 1236 329 1290 scire
364 1245 597 1302 poterat,
625 1251 694 1288 ne
734 1236 912 1290 dicam
945 1251 1012 1289 an
1045 1245 1216 1289 totum
1261 1238 1472 1298 orbem,
1521 1253 1590 1291 au
1623 1237 1756 1290 vici-

189 1321 291 1359 nas
343 1307 535 1360 saltem
596 1305 847 1374 regiones
900 1306 1271 1360 concussisset
1325 1316 1482 1361 terra:
1534 1302 1757 1362 motus?

186 1376 333 1429 Sane
361 1391 482 1430 eum
520 1375 650 1429 dicit
681 1377 872 1444 bisque
904 1376 1098 1443 repetit
1155 1377 1340 1430 orbem
1393 1386 1553 1431 terra:
1604 1393 1754 1432 com-

189 1456 398 1516 motum
427 1459 572 1507 esse.
608 1445 856 1516 oratorio
885 1445 1127 1516 loquitur
1165 1459 1335 1516 more,
1368 1456 1532 1516 atque
1576 1448 1756 1502 verbis

181 1530 251 1566 ex
275 1514 557 1584 Scriptura
577 1529 730 1570 sacra
748 1515 1015 1584 decerptis
1038 1516 1224 1570 utitur.
1244 1514 1608 1582 Quamobrem
1631 1532 1756 1571 cum

187 1594 296 1636 tam
329 1583 640 1654 frequentes
662 1595 845 1639 essent
870 1583 1174 1640 Antiochiae
1207 1595 1364 1640 terrae
1391 1599 1590 1652 motus,
1623 1603 1758 1642 non-

183 1654 289 1724 nisi
315 1654 608 1708 divinando
644 1670 938 1723 possumus
965 1655 1033 1708 ad
1069 1655 1302 1724 aliquem
1332 1668 1756 1711 memoratarum

182 1723 655 1792 huius'coneionis
684 1733 896 1792 tempus
929 1723 1206 1780 revocare.
1241 1725 1404 1780 Certe
1428 1735 1504 1780 alt
1529 1725 1759 1782 Cosmas

183 1791 498 1865 Egyptius,
530 1809 586 1864 p.
615 1793 742 1858 121,
771 1791 1120 1850 Antiochiam
1175 1793 1556 1866 frequentibus
1601 1807 1759 1852 terra:

1175 342 1259 396 DF.
1300 341 1574 398 LAZARO
1611 341 1858 398 CONCIO
1898 341 1983 396 γι.
2020 371 2087 381 -
2117 336 2450 395 MONITUM.

1475 486 1499 490 ,νς
1511 484 1720 491 -..φ-...οη-
1729 483 1934 490 ---...---
1947 480 2156 490 ...σοι-μ...

1609 556 1990 642 MONi'l‘UM

3197 367 3205 374 -
3295 337 3434 394 1028

2167 479 2476 489 ..α’-.-

1860 677 2098 734 motibus
2125 691 2445 732 succussam
2469 716 2485 741 ,
2520 676 2590 731 iis
2639 674 2934 738 aliquando
2981 688 3280 728 corruisse.
3333 672 3433 731 His

1858 748 2157 816 perspectis
2186 757 2412 802 eatenus
2457 754 2666 800 tantum
2711 745 3011 799 llerinantii
3045 744 3253 798 calculo
3282 754 3434 816 stant

1857 813 2329 877 iiuniicensemus.
2362 825 2634 885 quatenus
2677 832 2784 869 non
2822 824 3118 883 repugnat,
3151 829 3297 867 anno
3324 813 3431 885 396

1857 887 2196 940 hunclerrze
2251 884 2460 940 motum
2490 885 2834 952 contigisse:
2891 899 3080 936 verum
3144 893 3204 935 ut
3259 884 3436 952 potuit

1859 956 1954 1010 illo
1981 971 2149 1018 anno,
2177 957 2351 1025 patuit
2374 964 2436 1025 et
2465 956 2608 1017 aliis,
2646 955 2699 1008 in
2733 955 2866 1008 urbe
2903 965 3010 1025 tam
3044 953 3252 1011 crebris
3279 953 3435 1023 quati

1859 1027 2102 1080 motibus
2128 1023 2367 1080 assueta.
2398 1024 2512 1080 Hoc
2538 1041 2704 1078 unum
2729 1034 2881 1080 certo
2911 1023 3092 1080 dicere
3114 1038 3434 1091 possumus,

1859 1100 2007 1149 hunc
2037 1096 2104 1150 de
2134 1095 2343 1149 Lazaro
2382 1109 2715 1151 sermonem.
2755 1095 2857 1149 etsi
2900 1108 3008 1148 non
3061 1093 3248 1148 eadem
3307 1108 3435 1146 curn

1857 1175 2100 1235 quatuor
2151 1165 2427 1234 prioribus
2477 1167 2621 1220 serie
2651 1165 2870 1219 babitus
2929 1163 3100 1235 fuisse
3166 1162 3434 1235 videatur,

1859 1231 1985 1305 post
2007 1231 2282 1291 modicum
2307 1237 2376 1290 ab
2407 1235 2514 1289 illis
2544 1244 2760 1304 tempus
2787 1234 3202 1305 pronuntiatum
3228 1231 3399 1305 fuisse
3419 1251 3432 1286 :

1857 1303 2298 1376 quandoquidem
2356 1320 2585 1376 numero
2630 1303 2671 1358 4’
2695 1307 2770 1359 ait
2801 1303 3436 1376 ChrySOstomusuassi-

1857 1371 2020 1430 duam
2055 1371 2369 1430 sermonum
2401 1377 2468 1428 de
2499 1374 2704 1429 Lazaro
2735 1371 3114 1428 tractationem
3160 1371 3437 1426 auditores

1857 1461 1991 1502 suos
2022 1448 2124 1502 hac
2160 1448 2212 1500 in
2242 1461 2302 1500 re
2354 1447 2549 1501 fecisse
2577 1448 2850 1510 doctores,
2880 1445 3236 1509 διδασκάλους
3293 1445 3438 1514 ὑμᾶς

1857 1517 2156 1588 εἰργάσατο
2206 1519 2240 1588 ἡ
2272 1515 2502 1588 συνεχὴς
2527 1518 2636 1570 τῶν
2679 1517 2854 1588 λόγων
2883 1516 3208 1588 ἀπόλαυσις.

1931 1585 2310 1656 luterpretatio
2341 1585 2535 1640 Latina
2566 1595 2650 1641 est
2680 1585 2971 1654 Frontonis
3017 1587 3216 1646 θυι-ωε.
3250 1601 3312 1640 ea
3344 1600 3440 1640 cx-

1857 1668 2008 1727 cepta
2043 1658 2247 1724 ingenti
2280 1665 2452 1724 parte,
2484 1671 2652 1726 quam
2679 1670 2826 1711 nunc
2854 1657 3094 1727 primum
3124 1657 3341 1711 edimus
3382 1664 3440 1710 ct

1860 1725 2052 1783 Latine
2081 1727 2474 1783 convertimus.
2503 1725 2517 1726 ί
2857 1725 2868 1727 ⁷
3127 1747 3130 1750 ~

3009 2045 3414 2060 .—

342 2169 445 2235 Είς
475 2166 584 2221 τὸν
613 2164 872 2234 σεισμὸν
901 2163 1002 2218 καί
1033 2163 1120 2231 είς
1145 2161 1253 2217 τὸν
1275 2163 1584 2218 Πλούσιον
1627 2160 1728 2216 καὶ
1763 2162 1851 2230 εις
1881 2161 1989 2218 τὸν
2018 2161 2306 2234 Λάζαρον,
2326 2162 2426 2218 xui
2441 2166 2629 2220 πόθεν
2647 2165 2687 2235 ἠ
2706 2165 2955 2222 δουλεία
2971 2165 3210 2237 ἐγένετο
3231 2179 3282 2223 ι.

254 2419 324 2467 α’.
342 2410 523 2464 Εἶδετε
551 2408 685 2464 Θεοῦ
701 2407 951 2477 δύναμιν,
970 2406 1140 2461 εἴδετε
1157 2405 1292 2460 Θεοῦ
1306 2405 1718 2477 φιλανθρωπίαν
1740 2427 1755 2477 ;

175 2495 428 2565 δύναμιν,
463 2495 544 2546 ὅτι
570 2491 780 2556 ἐτίναξε
803 2490 902 2561 τὴν
933 2489 1259 2561 οἰκουμένην
1281 2507 1294 2520 ·
1322 2488 1755 2562 φιλανθρωπίαν,

175 2581 262 2634 ὃτι
296 2578 598 2630 πίπτουσαν
628 2575 795 2644 αὐτὴν
816 2572 1008 2642 ἐστησε
1028 2589 1042 2602 ο
1087 2571 1289 2643 μᾶλλον
1326 2572 1384 2625 δὲ
1415 2573 1475 2625 ἐν
1510 2573 1759 2648 ἐκατέρῳ

176 2662 277 2714 xui
297 2659 522 2729 δύναμιν
549 2657 644 2710 xui.
673 2654 1105 2728 φιλανθρωπίαν.
1137 2655 1166 2695 ι)
1199 2654 1310 2709 Καὶ
1338 2654 1448 2727 γάρ
1485 2655 1548 2708 τὸ
1581 2660 1758 2712 σεῖσαι

179 2742 335 2818 [775]
362 2741 660 2813 δυνάμεως,
695 2741 791 2794 xui
828 2739 890 2792 τὸ
937 2739 1135 2810 στῆσαι
1185 2738 1602 2811 φιλανθρωπίας
1625 2756 1639 2772 ⁸
1675 2743 1759 2796 ὅτι

174 2829 358 2881 ἔσεισε
389 2824 488 2896 τὴν
516 2825 619 2896 γῆν
645 2823 740 2876 xui.
764 2822 1014 2894 ἐστήριξε
1039 2821 1138 2893 τὴν
1166 2821 1516 2892 οἰκουμένην,
1554 2823 1637 2876 ὅτι
1673 2841 1760 2878 σα-

173 2909 477 2980 λευομένην
527 2906 622 2960 xui
663 2906 962 2975 μέλλουσαν
1013 2905 1184 2975 αὐτὴν
1233 2905 1454 2957 πίπτειν
1513 2905 1756 2977 ἤγειρεν.

172 2993 324 3046 Ἀλλ’
349 2994 378 3044 6
416 2990 516 3061 μὲν
549 2987 773 3059 σεισμὸς
811 2985 1109 3059 παρῆλθεν,
1142 2989 1172 3040 6
1207 2986 1264 3039 δὲ
1312 2986 1478 3055 φόϐος
1509 2987 1720 3057 μενέτω
1742 3002 1755 3017 ⁸

171 3080 210 3132 ὁ
245 3076 406 3138 σάλος
435 3075 640 3136 ἐκεῖνος
661 3071 1033 3142 παρέδραμεν,
1063 3071 1096 3139 ὴ
1124 3069 1182 3123 δὲ
1198 3069 1456 3124 εὐλάϐεια
1488 3070 1563 3142 μὴ
1590 3088 1762 3142 παρα-

171 3158 462 3232 δραμέτω’
505 3153 930 3222 ἐλιτανεύσαμεν
945 3154 1096 3232 τρεῖς
1121 3151 1356 3221 ἡμέρας,
1378 3150 1517 3205 ἀλλὰ
1551 3153 1626 3223 μὴ
1662 3169 1761 3212 κα.

170 3231 501 3310 ταλύσωμεν
532 3239 629 3309 τὴν
666 3235 922 3306 σπουδήν.
952 3231 1050 3287 Διὰ
1096 3235 1205 3304 γὰρ
1234 3233 1393 3288 τοῦτο
1447 3235 1476 3288 6
1511 3236 1757 3305 σεισμὸς,

171 3326 269 3380 διὰ
300 3325 398 3394 τὴν
443 3319 714 3394 ρᾳθυμίαν
769 3319 868 3388 τὴν
903 3315 1212 3388 ἡμετέρανο
1263 3317 1758 3389 ἐῤῥᾳθυμήσαμεν,

174 3410 276 3463 xui
297 3404 636 3474 ἐκαλέσαμεν
657 3401 749 3454 τὸν
773 3399 996 3468 σεισμόν
1016 3416 1030 3430 ·
1055 3398 1472 3471 ἐσπουδάσαμεν
1489 3439 1504 3463 ,
1532 3400 1627 3454 xui
1661 3403 1761 3455 ἀπ-

174 3485 565 3561 εκρουσάμεθα
583 3484 683 3556 τὴν
702 3485 873 3556 ὀργήν
893 3499 908 3515 ο
932 3482 1007 3553 μὴ
1033 3481 1197 3536 πάλιν
1220 3482 1645 3555 ρᾳθυμήσωμεν,
1671 3484 1762 3538 ἵνα

178 3573 263 3644 μὴ
301 3570 462 3625 πάλιν
489 3567 806 3637 καλέσωμεν
837 3565 937 3637 τὴν
964 3564 1132 3636 ὀργὴν
1178 3565 1274 3618 xui
1316 3564 1413 3634 τὴν
1464 3565 1756 3636 τιμωρίαν,

174 3655 257 3709 οὐ
290 3651 397 3724 γὰρ
435 3649 682 3722 βούλεται
711 3650 740 3701 6
772 3648 906 3711 Θεὸς
926 3647 1017 3702 τὸν
1046 3647 1274 3701 θάνατον
1290 3646 1384 3700 τοῦ
1403 3648 1755 3719 ἀμαρτωλοῦ,

174 3738 258 3801 ὡς
290 3736 350 3789 τὸ
374 3731 701 3804 ἐπιστρέψαι
727 3730 822 3785 xui
852 3730 950 3801 ζῇν
973 3730 1157 3783 αὐτόν.
1191 3729 1375 3784 Εῐδετε
1401 3729 1463 3783 τὸ
1492 3731 1761 3804 ἐπίκηρον

172 3817 276 3874 τοῦ
301 3818 487 3887 γένους
515 3815 622 3870 τῶν
651 3812 992 3886 άνθρὼπωνς
1021 3813 1150 3865 Ὅτε
1187 3813 1216 3864 6
1257 3811 1481 3882 σεισμὸς
1523 3812 1759 3881 ἐγένετο,

177 3902 426 3956 ἐνενόουν
455 3901 512 3952 ἐν
547 3896 724 3968 ἐαυτῷ
746 3895 920 3964 λέγων
940 3912 953 3925 ·
998 3893 1108 3946 Ποῦ
1156 3895 1213 3947 αἱ
1250 3894 1538 3965 ἁρπαγαί;
1571 3893 1676 3948 ποῦ
1704 3897 1762 3949 ui.

177 3983 523 4048 πλεονεξίαι;
557 3981 658 4034 ποῦ
691 3979 747 4032 αἱ
772 3977 1117 4049 τυραννίδες;
1145 3976 1250 4029 ποῦ
1269 3977 1632 4044 αῐάπόνοιαι;
1657 3977 1762 4030 ποῦ

177 4066 593 4130 αίδυναστεῖαις
629 4061 734 4116 ποῦ
769 4062 825 4114 ui.
865 4061 1311 4128 καταπονήσεις;
1350 4057 1453 4112 ποῦ
1485 4059 1543 4112 ui
1572 4059 1765 4130 λεηλα-

179 4150 298 4204 σίαι
337 4149 446 4204 τῶν
491 4147 773 4216 πενήτων;
829 4142 933 4196 ποῦ
964 4142 1020 4195 αἱ
1054 4139 1423 4212 ύπερηφανίαι
1450 4141 1557 4197 τῶν
1596 4143 1764 4196 πλου-

175 4232 453 4297 τούντων;
480 4229 583 4283 ποῦ
625 4227 735 4281 τῶν
766 4227 1045 4298 ἀρχόντων
1080 4225 1137 4277 ui
1187 4224 1534 4290 δυναστείαι;
1568 4224 1672 4278 ποῦ
1706 4227 1763 4279 ui

177 4314 433 4377 ἀπειλαί;
459 4312 562 4366 ποῦ
589 4313 639 4365 οἱ
671 4309 826 4380 φόϐοι
847 4325 862 4373 ;
890 4307 1006 4365 Μία
1028 4305 1224 4377 καιροῦ
1244 4307 1384 4377 ῥοπὴ
1407 4307 1502 4359 xui
1519 4302 1766 4380 ἀράχνης

179 4398 565 4470 εὐτελέστερον
613 4395 793 4449 πάντα
845 4392 1104 4470 διεσπᾶτο
1129 4429 1144 4453 ,
1179 4389 1356 4445 πάντα
1389 4389 1574 4443 ἐκεῖνα
1602 4407 1766 4462 ⁷’κοιρ-

181 4482 395 4546 ελύετο,
425 4469 519 4534 xui
547 4476 793 4541 κωκυτὸς
823 4475 1031 4538 πόλεως
1066 4469 1156 4544 ἦν,
1189 4473 1282 4526 xui
1320 4471 1521 4536 πάντες
1545 4474 1639 4527 ἐπὶ
1667 4473 1766 4544 τὴν

179 4564 480 4636 ἐκκλησίαν
513 4563 755 4634 ἔτρεχον.
791 4559 1134 4629 Ἐννοήσατε,
1158 4557 1208 4609 εί
1227 4555 1374 4620 ἔδοξε
1395 4555 1474 4626 τῷ
1497 4555 1616 4626 Θεῷ
1633 4557 1768 4611 πάν-

178 4666 258 4704 τα
286 4646 632 4715 κατενέγκαι,
657 4643 712 4697 τί
740 4641 806 4696 ἂν
835 4640 1129 4710 ἐπάθομεν.
1177 4637 1364 4692 Ταῦτα
1394 4637 1452 4691 δὲ
1483 4638 1648 4706 λέγω,
1681 4639 1768 4693 ἴνα

182 4729 428 4802 συνεχῶς
461 4726 688 4800 ἀκμάζῃ
719 4725 778 4777 ἐν
827 4725 956 4794 ὑμῖν
1005 4725 1034 4776 6
1075 4721 1240 4793 φόϐος
1292 4721 1400 4776 τῶν
1430 4722 1765 4793 γενομένων,

182 4815 286 4870 καὶ
308 4814 405 4884 τὴν
429 4811 666 4866 διάνοιαν
691 4809 910 4862 πάντων
945 4805 1198 4878 στηρίζῃ.
1238 4805 1520 4867 Ἔσεισεν,
1552 4805 1669 4858 ἀλλ’
1704 4807 1765 4859 οὺ

183 4896 516 4952 κατέϐαλεν·
550 4895 599 4948 εί
629 4893 736 4964 γάρ
764 4889 1014 4944 ἐϐούλετο
1035 4887 1385 4953 καταϐαλεῖν,
1408 4888 1509 4941 οὐκ
1524 4887 1590 4942 ἂν
1621 4888 1761 4942 ἔσει-

187 4997 319 5034 σεν’
347 4979 480 5034 άλλά
519 4976 706 5039 ἐπειδὴ
741 4975 840 5028 οὐκ
870 4971 1123 5026 ἐϐούλετο
1195 4971 1464 5042 προέλαϐε
1507 4971 1761 5044 καθάπερ

260 5166 286 5196 "
307 5167 492 5217 Collata
532 5178 644 5214 cam
667 5163 773 5212 cod.
815 5162 1052 5212 Vaticano
1075 5161 1132 5211 57
1144 5161 1184 5218 ι,
1209 5166 1263 5224 et
1285 5159 1615 5224 Ottoboniauo
1645 5174 1772 5224 quo-

184 5230 303 5279 dam
323 5230 508 5290 atiquot
527 5229 589 5290 iu_
607 5228 744 5290 locis,
771 5227 992 5290 itemque
1014 5237 1124 5290 cum
1148 5223 1257 5290 eqd.
1281 5223 1403 5284 Reg.
1434 5223 1575 5290 3385,
1596 5223 1773 5290 adcu-

178 5292 267 5357 jus
288 5284 432 5357 ﬁdem
454 5290 560 5357 [nec
578 5285 776 5357 bomilia
797 5284 1162 5357 primumhedita
1186 5284 1366 5344 fuerat,
1386 5287 1582 5357 quique
1592 5288 1771 5357 iugen-

188 5345 298 5400 iem
342 5352 474 5399 illam
516 5349 668 5397 habet
699 5345 956 5396 lacunam.
1002 5345 1221 5406 itemque
1260 5358 1369 5395 cum
1406 5345 1523 5394 cod.
1548 5345 1764 5406 Colbert.

187 5413 336 5471 2493,
361 5414 446 5472 qui
489 5408 691 5472 mendis,
719 5415 899 5472 scatet,
917 5413 979 5472 et
995 5407 1126 5472 hunc
1146 5405 1536 5472 babettltulumz
1558 5405 1640 5472 Εἰς
1659 5407 1769 5472 rei»;

186 5467 436 5534 σεισμοῦς,
456 5473 538 5534 xui
562 5473 626 5525 εἰς
645 5471 730 5534 τήν
745 5469 1018 5534 παραϐολήν
1041 5467 1127 5516 τοῦ
1149 5469 1489 5534 πλουσίουκαῖ
1502 5471 1589 5534 τοῦ
1612 5467 1772 5534 Aulu-

291 5529 471 5595 {atque
498 5533 564 5582 ita
585 5531 754 5580 dilIert
779 5529 838 5579 ab
860 5529 1011 5587 edito,
1036 5537 1089 5578 ut
1113 5533 1406 5591 plerumque
1428 5530 1524 5577 alia
1545 5529 1770 5577 videatur

314 5607 411 5644 illi.

257 5655 289 5696 δ
315 5657 449 5705 Unus
471 5655 566 5703 Kui
581 5654 670 5716 γὰρ
693 5653 774 5716 xui
794 5652 850 5716 τὸ
869 5651 1029 5716 σεῖσαι
1047 5651 1404 5716 φιλανθρωπίας,
1423 5651 1496 5699 ὅτι
1516 5651 1776 5716 ξσεισε-τήν

193 5718 493 5778 οἰκουμένην,
517 5713 599 5762 καὶ
639 5713 875 5778 έστήριςεν
917 5713 1078 5768 αὐτήν·
1113 5713 1305 5774 δύναμιν
1345 5714 1417 5762 ὅτι
1453 5713 1776 5775 σαλευομένην

191 5776 281 5843 grai
306 5775 565 5838 μέλλουσαν
596 5776 780 5822 πίπτειν
799 5775 998 5838 ἤγειρεν.

499 5881 770 5940 ΡΑτιιοι..
811 5873 929 5934 Gn.
975 5866 1257 5932 XLVIII.

1860 2409 2086 2482 κήρυξό
2119 2408 2363 2480 σεισμὸς,
2416 2408 2876 2480 προαναγγέλλων
2932 2409 3106 2464 ἅπασι
3132 2409 3232 2481 τὴν
3275 2409 3443 2483 ὀργὴν

1859 2494 1952 2549 τοῦ
1990 2493 2148 2557 Θεοῦ,
2172 2493 2259 2546 ἴνα
2289 2491 2368 2563 τῷ
2398 2490 2548 2560 φόϐῳ
2579 2491 2822 2562 βελτίους
2847 2492 3150 2564 γενόμενοι,
3175 2494 3426 2564 ἀποκρου

1862 2575 2083 2647 σὼμεθα
2105 2575 2205 2646 τὴν
2237 2574 2327 2628 διὰ
2355 2573 2464 2628 τῶν
2489 2574 2833 2644 πραγμάτων
2854 2575 3147 2646 τιμωρίαν.
3174 2574 3332 2628 Οῦτω
3353 2575 3444 2629 xui

1858 2657 2080 2711 ἐπὶτῶν
2111 2656 2402 2728 βαρϐάρων
2429 2657 2706 2728 ἐποίησεν.
2736 2658 2862 2712 Ἔτι
2895 2657 3054 2726 τρεῖς
3081 2657 3313 2728 ἡμέραι.
3345 2657 3446 2712 καὶ

1858 2740 2085 2809 Νινευὴ
2111 2737 2700 2809 καταστραφήσεται.
2724 2741 2836 2794 Καὶ
2854 2741 2946 2794 διὰ
2973 2740 3027 2794 τί
3051 2741 3113 2794 οὐ
3142 2738 3447 2811 καταστρέ-

1847 2840 2016 2895 .φεις;
2050 2823 2296 2886 ἀπειλεῖς
2340 2823 2776 2888 κατασκάπτειν,
2819 2824 2916 2876 xui.
2965 2823 3054 2877 διά
3091 2824 3143 2878 τί
3179 2823 3241 2877 ού
3281 2839 3447 2878 κατα-

1862 2909 2181 2973 σκάπτεις;
2247 2907 2469 2977 Ἐπειδὴ
2533 2906 2594 2959 οὐ
2672 2907 2932 2978 βούλομαι
3003 2907 3447 2976 κατασκάπτειν,

1859 2991 1950 3044 διὰ
1986 2990 2146 3044 τοῦτο
2179 2987 2407 3043 ἀπειλῶ.
2440 2989 2506 3042 Τί
2535 2982 2630 3042 οῦν
2683 2989 2902 3058 λέγεις;
2955 2988 3071 3043 Ἵνα
3106 2991 3180 3062 μὴ
3235 2991 3449 3062 ποιήσω

1858 3073 1896 3128 ἃ.
1955 3072 2101 3141 λέγω
2132 3111 2148 3137 ,
2215 3071 2647 3144 προλαμϐανέτω
2706 3073 2735 3122 6
2805 3070 2962 3140 λόγος
2989 3111 3006 3136 ,
3072 3074 3169 3126 καὶ
3239 3072 3447 3128 κωλυέ-

1859 3175 1939 3210 τω
1960 3156 2021 3211 τὸ
2046 3157 2229 3228 ἔργον.
2267 3157 2398 3209 Ἔτι
2423 3154 2578 3222 τρεῖς
2597 3155 2830 3224 ἡμέραι,
2861 3156 2960 3209 καὶ
3000 3156 3224 3224 Νινευὴ
3270 3173 3449 3210 κατα-

1859 3241 2292 3310 στραέρήσεται,
2311 3240 2430 3293 τότε
2442 3241 2470 3292 6
2487 3240 2771 3310 προφήτης
2785 3237 2959 3308 ἔλεγε,
2974 3239 3038 3310 σή
3047 3257 3114 3311 με
3123 3257 3212 3311 ρον
3221 3241 3271 3294 οἱ
3281 3244 3449 3312 τοῖχοι

1863 3323 2046 3396 φωνὴν
2064 3325 2277 3394 ἀφιᾶσι.
2295 3322 2481 3376 Ταῦτα
2501 3321 2738 3390 δὲλέγω.
2754 3323 2848 3376 xui
2862 3321 3039 3391 λέγων
3058 3323 3118 3376 οὐ
3141 3324 3446 3394 παύσομαι.

1860 3407 2112 3476 καὶπρὸς
2129 3406 2368 3478 πένητας
2389 3405 2483 3458 xui
2503 3405 2642 3477 πρὸς
2668 3404 2975 3468 πλουσίους·
2996 3406 3287 3475 ἐννοήσατε
3305 3406 3447 3476 πόση

1860 3490 1956 3544 τοῦ
1978 3491 2114 3544 Θεοῦ
2134 3492 2168 3562 ἡ
2204 3489 2363 3560 ὀργὴ,
2387 3490 2504 3554 πῶς
2532 3488 2682 3560 αύτῷ
2711 3490 2888 3544 πάντα
2913 3489 3071 3562 ρᾁια
3092 3492 3187 3544 xui
3213 3489 3411 3544 εὔκολα
3431 3508 3446 3522 ο

1862 3576 1958 3630 xui
1983 3574 2198 3645 στῶμέν
2228 3591 2358 3626 ποτε
2395 3575 2494 3644 τῆς
2525 3575 2810 3644 πονηρίας.
2864 3575 2950 3627 Ἐν
2981 3573 3212 3645 βραχείᾳ
3256 3574 3450 3646 καιροῦ

1865 3661 2005 3730 ῥοπῇ
2039 3658 2132 3711 xui
2160 3657 2260 3728 τὴν
2280 3657 2520 3711 διάνοιαν
2551 3669 2574 3695 ο
2601 3658 2695 3710 xui
2721 3656 2810 3711 τὸν
2837 3656 2960 3710 νοῦν
2979 3656 3127 3711 οὕτω
3147 3657 3450 3728 παρέλυσεν

1862 3741 2094 3795 ἑκάστου
2121 3781 2135 3800 .
2170 3739 2266 3794 xui
2289 3741 2360 3794 τά
2388 3739 2616 3810 θεμέλια
2646 3739 2746 3808 τῆς
2779 3737 3008 3810 καρδίας
3035 3739 3316 3793 διέσεισεν.

1947 3823 2340 3893 Ἐννοήσωμεν,
2373 3824 2422 3876 εί
2451 3822 2594 3876 κατὰ
2618 3821 2718 3891 τὴν
2736 3823 2951 3894 ἡμέραν
2976 3823 3194 3893 ἐκείνην
3216 3823 3319 3892 τὴν
3352 3837 3452 3892 φο-

1837 3906 2057 3979 ϐερὰν,
2087 3906 2177 3958 ὅτε
2199 3905 2261 3958 ού
2291 3906 2390 3976 μία
2411 3904 2605 3975 καιροῦ
2630 3904 2793 3974 ῥοπὴ,
2835 3903 2951 3957 ἀλλ’
2984 3905 3204 3976 ἄπειροι
3232 3905 3451 3971 αἰῶνες,

1864 3991 1959 4042 xui
1983 3987 2218 4057 ποταμοὶ
2241 3986 2432 4056 πυρὸς,
2457 3988 2552 4038 καὶ
2580 3985 2942 4056 ἀπειληφόροι
2965 3985 3146 4056 ὀργαὶ,
3174 3986 3270 4040 xui
3292 3986 3454 4042 δυνά-

1869 4087 1991 4142 μεις
2012 4069 2105 4122 ἐπὶ
2129 4067 2230 4140 τὴν
2263 4067 2446 4139 κρίσιν
2480 4067 2758 4133 ἕλκουσαι,
2784 4069 2879 4121 xui
2904 4067 3054 4138 βῆμα
3082 4068 3334 4140 φοϐερὸν,
3357 4070 3454 4126 xui

1864 4153 2212 4224 δικαστήριον
2245 4151 2563 4207 ἀδέκαστον.
2593 4151 2688 4204 xui
2726 4149 2958 4204 ἑκάστου
2981 4149 3052 4205 τὰ
3085 4152 3454 4223 πεπραγμένα

1866 4236 1974 4307 πρὸ
2001 4235 2107 4288 τῶν
2135 4233 2429 4304 ὀφθαλμῶν
2453 4234 2676 4304 ἕστηκε,
2702 4233 2796 4286 xui
2819 4232 2994 4296 οὐδεὶς
3022 4235 3050 4286 6
3072 4231 3303 4304 βοηθῶν,
3327 4232 3454 4288 οὔτε

1865 4319 2083 4386 γείτων,
2117 4316 2241 4370 οῦτε
2273 4318 2480 4389 ῥήτωρ,
2519 4315 2644 4369 οῦτε
2668 4314 2956 4385 συγγενὴς,
2989 4315 3089 4369 οὐκ
3121 4315 3368 4385 ἀδελφὸς,
3389 4318 3452 4371 ού

1867 4403 2072 4472 πατὴρ,
2101 4401 2163 4454 οὐ
2194 4401 2399 4473 μήτηρ,
2420 4400 2481 4453 ού
2499 4400 2667 4465 ξένος,
2691 4400 2791 4453 οὐκ
2813 4399 2972 4462 ἀλλος
2990 4398 3186 4465 οὐδεὶς,
3216 4401 3270 4453 τί
3296 4399 3455 4467 ποιή-

1869 4501 2035 4555 σομεν
2082 4483 2204 4536 τότε
2229 4500 2244 4550 ;
2269 4483 2394 4537 εἰπέ
2434 4499 2546 4552 μοι.
2597 4483 2751 4550 Ἀγω
2785 4483 2878 4535 τὸν
2909 4481 3076 4550 φόϐον
3107 4480 3134 4520 ά
3167 4482 3254 4536 ἵνα
3286 4498 3455 4536 κατα·

1869 4567 2122 4622 σκευάσω
2145 4566 2243 4635 τὴν
2267 4566 2541 4635 σωτηρίαν
2558 4580 2569 4592 ·
2607 4564 2828 4635 σιδήρου
2849 4565 3165 4635 τομωτέραν
3194 4566 3457 4636 είργασάυ

1871 4668 1982 4722 μην
2006 4650 2106 4718 τὴν
2147 4647 2519 4713 διδασκαλίαν,
2577 4648 2666 4700 ἵνα
2712 4647 2944 4710 ἕκαστος
2994 4646 3150 4716 ὑμῶν
3188 4647 3457 4717 σηπεδόνα

1869 4733 2029 4804 ἔχων,
2065 4731 2356 4800 ἀπόθηται.
2385 4731 2500 4784 Οὐκ
2524 4730 2611 4783 ἀεὶ
2640 4725 2851 4798 ελεγον,
2876 4730 2974 4782 καὶ
2998 4729 3095 4783 νῦν
3135 4729 3279 4800 λέγω
3298 4769 3313 4795 ,
3360 4731 3457 4788 καὶ

1868 4816 2040 4884 λέγων
2072 4815 2132 4868 οὐ
2160 4812 2457 4883 παύσομαι,
2497 4811 2662 4883 μέχρι
2705 4812 2839 4865 πότε
2880 4813 2995 4875 τοῖς
3025 4812 3294 4888 παριοῦσίν
3331 4814 3456 4867 ἐστε

1870 4896 2283 4968 προσηλωμένοι
2310 4912 2324 4961 ;
2347 4895 2492 4968 Πρὸς
2523 4897 2729 4958 πάντας
2760 4895 2861 4966 μέν
2887 4894 3038 4967 [776]
3055 4894 3220 4963 λέγω,
3242 4893 3458 4968 ἐξαιρέ-

1869 4998 1978 5044 τως
2010 4979 2065 5032 δὲ
2100 4978 2235 5050 πρὸς
2285 4978 2414 5042 τοὺς
2460 4976 2775 5042 νοσοῦντας,
2826 4977 2922 5031 xui
2978 4977 3055 5049 μὴ
3085 4976 3458 5050 προσέχοντας

1869 5065 1982 5126 τοῖς
2019 5061 2333 5132 λεγομένοις
2350 5079 2363 5092 ·
2403 5060 2603 5132 μᾶλλον
2631 5060 2708 5126 δέ,
2735 5059 2985 5132 ἐκατέρῳ
3008 5062 3280 5133 χρήσιμος
3301 5063 3330 5116 6
3364 5062 3458 5117 λό-

1867 5161 1986 5213 γος,
2013 5143 2092 5214 τῷ
2119 5143 2220 5214 μὲν
2246 5142 2516 5209 νοσοῦντι,
2540 5143 2628 5197 ῖνα
2675 5143 2894 5215 ὑγιάνῃ,
2921 5143 3001 5215 τῷ
3042 5144 3100 5199 δὲ
3137 5143 3456 5213 ὑγιαίνοντι,

1872 5230 1959 5282 ἵνα
1995 5228 2072 5299 μὴ
2118 5229 2343 5301 νοσήσῃ.
2390 5227 2570 5301 Μέχρι
2600 5228 2732 5281 πότε
2779 5228 3081 5298 χρήματα;
3133 5228 3298 5299 μέχρι
3328 5228 3457 5282 πότε

1871 5309 2136 5376 πλοῦτος;
2182 5309 2344 5382 μέχρι
2386 5311 2518 5364 πότε
2566 5311 2921 5382 περιφάνειαι
2966 5311 3454 5382 οίκοδομημάτων;

1878 5395 2039 5466 μέχρι
2070 5395 2202 5448 πότε
2227 5393 2399 5448 λύσσα
2421 5395 2550 5468 περὶ
2581 5395 2680 5466 τὴν
2703 5394 2908 5465 ἄψυχον
2925 5393 3276 5465 φιληδονία-ις
3323 5395 3458 5452 Ἰδοὺ

1875 5473 2040 5548 ἦλθεν
2070 5479 2098 5530 6
2134 5477 2354 5548 σεισμός
2373 5492 2387 5506 ⁸
2417 5477 2470 5531 τί
2523 5477 2806 5549 ὠφέλησεν
2833 5479 2862 5530 6
2897 5475 3160 5542 πλοῦτος;
3208 5477 3266 5529 '0
3297 5478 3459 5544 πόνος

1942 5589 1967 5620 ε
1991 5586 2491 5666 Υέἓεοεήνμαρδίαχ·
2517 5590 2671 5666 eum
2695 5595 2804 5666 ροει
2822 5588 3140 5666 spumata
3165 5591 3354 5666 θεμέλιει
3372 5597 3458 5666 τῆς

1943 5668 1988 5718 ς,-
2006 5649 2122 5699 ibid.
2445 5651 2599 5718 Paulo
2618 5649 2728 5714 post
2750 5650 2902 5698 Vatic.
2925 5650 2996 5698 ὅτι
3016 5651 3072 5699 οὐ
3096 5649 3241 5715 μικρὰ
3258 5654 3288 5710 ἡ

1879 5667 1980 5760 Eo
2006 5667 2122 5699 ιυια.
2150 5667 2417 5708 mandate.
2445 5667 2599 5701 raulo
2618 5667 2728 5714 post

1932 5713 2239 5776 .iﬁjrorupoi
2249 5714 2400 5776 7:096;
2419 5714 2743 5776 καχλάζοντες.

1945 5770 1973 5812 ὃ
2009 5770 2158 5824 i’alic.
2183 5774 2310 5830 αὔξω
2325 5770 2412 5823 ’τὸν
2434 5770 2596 5839 φόϐον,
2640 5789 2738 5827 non
2777 5778 2934 5839 male;
2965 5781 3020 5825 et
3040 5773 3156 5824 ibid.
3187 5776 3451 5839 ἐργάζομαι.

3042 5865 3123 5925 32
