3860 6224
457 271 596 332 10⁵29

455 388 729 459 ἑκατέρων
753 385 1032 458 παρελύθη
1063 397 1088 425 ι
1107 403 1119 417 ·
1146 385 1220 456 τῷ
1243 385 1565 457 κεκτημένῳ
1594 384 1654 438 16
1687 384 1872 455 κτῆμα
1899 398 2024 436 συν-

452 478 720 542 απώλετο,
757 478 792 549 ἡ
829 478 976 532 οἰκία
1001 476 1078 548 τῷ
1097 477 1565 531 κατασκευάσαντα.
1587 491 1600 506 ·
1637 475 1814 540 κοινὸς
1859 476 2028 546 τάφος

455 569 709 622 ἁπάντων
733 570 766 638 ἡ
799 567 952 631 πόλις
972 568 1200 636 ἐγίνετο,
1237 569 1405 639 τάφος
1442 567 1858 640 ἐσχεδιασμένος
1878 609 1894 631 ,
1929 568 2030 621 ούκ

455 661 513 712 ἐν
541 660 695 730 χερσὶ
714 660 994 729 τεχνιτῶν,
1025 660 1161 713 ἀλλὰ
1190 663 1258 732 τῇ
1298 663 1551 732 συμφορᾷ
1587 660 2029 728 κατεσκευασμέ-

455 767 563 812 νος.
594 749 701 802 Ποῦ
733 751 761 802 6
797 749 1054 814 πλοῦτος;
1084 750 1186 803 ποῦ
1222 751 1278 805 αί
1319 751 1654 816 πλεονεξίαι;
1715 751 1908 822 Ὁρᾶτε
1947 749 2031 802 ὃτι

457 838 701 911 ἀράχνης
730 841 906 895 πάντα
921 840 1276 915 εὐτελέστερα
1297 860 1314 910 ;

528 952 592 1022 β’.
633 952 933 1025 Ἀλλ’ἐρεῖς
963 973 1075 1026 μοι,
1111 957 1206 1010 καὶ
1237 955 1532 1024 τίὼφελεῖς
1551 955 1757 1024 λέγων;
1801 954 2028 1024 Ὠφελῶ,

401 1061 406 1068 ·
442 1043 552 1096 ’ἐάν
581 1043 664 1106 τίς
695 1062 795 1115 μου
824 1045 998 1118 άκούῃ
1017 1063 1031 1077 ·
1065 1045 1176 1115 ἐγὼ
1195 1047 1254 1100 16
1272 1045 1510 1117 ἐμαυτοῦ
1535 1044 1676 1101 ποιῶ
1697 1064 1712 1079 ο
1737 1049 1766 1100 6
1791 1046 2032 1116 σπείρων

456 1132 687 1204 σπείρει.
737 1137 994 1208 Ἐξῆλθεν
1033 1140 1064 1192 ό
1095 1139 1332 1210 σπείρων
1364 1138 1460 1194 τοῦ
1513 1142 1764 1210 σπεῖραι·
1826 1140 1922 1193 καὶ
1961 1138 2030 1192 16

455 1222 554 1291 μὲν
583 1222 745 1277 ἔπεσε
781 1227 932 1296 παρὰ
968 1226 1069 1297 τὴν
1097 1227 1236 1290 666v,
1258 1227 1327 1281 τὰ
1358 1229 1416 1282 66
1446 1230 1538 1282 ἐπὶ
1574 1230 1674 1299 τὴν
1702 1229 1927 1299 πέτραν,
1961 1229 2030 1282 τά

432 1314 510 1367 '66
544 1316 637 1369 ἐπὶ
667 1317 767 1381 τὰς
813 1317 1077 1386 ἀκάνθας,
1125 1323 1194 1375 16
1235 1321 1293 1374 66
1323 1322 1416 1375 ἐπὶ
1447 1323 1546 1392 τὴν
1569 1319 1674 1392 γῆν
1699 1323 1798 1392 τὴν
1822 1321 1994 1393 καλὴν
2013 1338 2028 1354 ·

448 1403 580 1488 τρία
602 1402 754 1478 ,μέρη
805 1408 1074 1472 ἀπώλετο,
1109 1413 1298 1466 καὶιέν
1336 1413 1536 1484 ἐσώθη,
1562 1413 1658 1466 καὶ
1678 1415 1780 1467 ούκ
1817 1413 2030 1484 ἀπέστη

436 1490 551 1565 ’τῆς
597 1497 890 1568 γεωργίας,
932 1499 1047 1553 ἀλλ’
1081 1501 1268 1572 ἐπειδὴ
1297 1503 1356 1555 ἓν
1376 1501 1684 1570 διεσώζετο,
1711 1503 1814 1557 ούκ
1857 1503 2032 1556 ἐπαύ-

435 1603 586 1640 «σατο
615 1588 715 1657 τῆς
738 1591 1055 1662 γεηπονίας.

507 1693 627 1751 Καὶ
649 1697 744 1753 νῦν
778 1700 836 1754 δὲ
873 1700 1161 1774 ἀμὴχανον
1211 1707 1272 1760 ἐν
1311 1702 1553 1776 τοσούτῳ
1597 1704 1791 1776 πλὴθει
1827 1705 2031 1778 σπόρον

435 1788 925 1862 ⁴καταϐαλλόμενον
973 1796 1048 1866 μὴ
1091 1797 1338 1866 ἐνεγκεῖν
1373 1815 1464 1869 μοι
1520 1799 1724 1869 στάχυν
1746 1813 1761 1829 ⁶
1806 1797 1909 1851 κᾶν
1955 1799 2029 1870 μὴ

446 1885 654 1948 ’πάντες
678 1885 1009 1952 ἀκούσωσιν,
1037 1890 1088 1942 οί
1111 1889 1332 1960 ἡμίσεις
1354 1890 1678 1944 ἀκούσονται
1699 1906 1713 1920 ·
1746 1889 1849 1943 κᾶν
1878 1889 1954 1961 μὴ
1981 1891 2030 1942 οί

438 1970 692 2064 ,ἡμίσεια
727 1979 761 2049 ἡ
796 1979 960 2051 τρίτη
999 1985 1210 2053 μοῖρα·
1254 1982 1360 2037 κᾶν
1400 1984 1476 2058 μὴ
1515 1985 1549 2054 ἡ
1584 1983 1742 2054 τρίτη
1777 1986 1962 2055 μοῖρα.
1995 1984 2028 2055 ἡ

448 2065 678 2140 δεκάτη·
713 2071 816 2126 κᾶν
847 2073 922 2145 μὴ
952 2075 984 2144 ἡ
1019 2074 1242 2144 δεκάτη,
1289 2075 1394 2129 κᾶν
1437 2070 1518 2139 εἷς
1555 2077 1621 2129 ἐκ
1649 2076 1746 2129 τοῦ
1791 2076 2031 2148 πλήθους

448 2160 678 2233 ἀκούσῃ,
702 2157 966 2218 ἀκουέτω.
999 2165 1075 2218 Ού
1113 2166 1308 2238 μικρὸν
1342 2167 1371 2207 δ
1396 2165 1504 2238 γάρ
1525 2164 1587 2220 16
1613 2167 1708 2221 κα)⁵
1736 2166 1794 2220 έν
1825 2167 2031 2238 πρόϐα-

447 2260 543 2303 Ιιον
569 2250 904 2322 διασωθῆναι
927 2267 942 2282 ·
968 2255 1091 2308 ἐπεὶ
1121 2256 1218 2308 καὶ
1247 2257 1276 2309 ό
1304 2255 1511 2325 ποιμὴν
1539 2255 1746 2320 ἐκεῖνος
1785 2255 1853 2309 τά
1886 2257 2032 2308 6w:-

451 2344 845 2412 νηκονταεννέα
873 2345 1121 2417 πρόϐατα
1157 2347 1494 2412 καταλιπὼν,
1530 2348 1624 2400 ἐπὶ
1649 2348 1710 2400 16
1746 2348 1806 2402 ἐν
1842 2347 1904 2402 16
1936 2365 2033 2402 πε·-

451 2427 1083 2509 πλιινημὶένονέδραμεν.
1116 2440 1194 2492 Ού
1222 2439 1550 2511 καταφρονῶ
1572 2440 1860 2513 ἀνθρώπου
1881 2457 1896 2472 ·
1928 2441 2031 2495 κὰν

451 2516 534 2587 εἷς
556 2521 614 2597 ᾖ,
669 2523 956 2595 ἄνθρωπός
1003 2529 1142 2594 ἐστι,
1169 2529 1231 2584 16
1261 2530 1730 2601 περισπούδαστον
1767 2531 1862 2585 τοῦ
1893 2531 2030 2586 Θεοῦ

446 2605 592 2677 ζῶον
611 2630 626 2644 ·
654 2615 759 2669 κᾶν
780 2614 963 2682 δοῦλος
985 2613 1042 2692 ᾖ,
1067 2618 1166 2672 οὐκ
1188 2618 1302 2672 ἐστι
1326 2636 1416 2690 μοι
1437 2619 1910 2691 εὐκαταφρόνητος
1928 2637 1941 2650 ·
1967 2621 2030 2674 ού

451 2705 564 2780 γὰρ
583 2698 799 2779 ἀξίωμα
827 2708 1008 2780 ζητῶ,
1045 2709 1160 2765 ἀλλ’
1201 2711 1434 2782 ἁρετὴν·
1475 2711 1540 2764 ού
1577 2710 1917 2776 δεσποτείαν,
1966 2709 2029 2764 ού

450 2795 722 2862 δουλείαν,
755 2798 893 2853 ἀλλὰ
915 2799 1094 2872 ψυχὴν
1114 2817 1129 2832 ·
1163 2801 1267 2855 κᾶν
1291 2797 1372 2866 εἷς
1402 2797 1462 2876 ᾖ,
1495 2801 1781 2873 ἄνθρωπός
1804 2803 1940 2866 ἐστι,
1963 2801 2030 2855 δι’

445 2895 512 2949 δν
538 2895 767 2968 οὐρανὸς
792 2898 1209 2972 ἐτανύσθη,-καὶ
1261 2900 1412 2971 ἡλιος
1462 2900 1662 2970 φαίνει,
1696 2899 1790 2954 καὶ
1834 2900 2032 2971 σελήνη

449 2987 658 3060 τρέχει,
688 2991 784 3044 καὶ
806 2991 917 3062 ἀὴρ
948 2990 1195 3063 ἐξεχέθη,
1224 2991 1320 3044 καῖ
1349 2991 1525 3062 πηγαὶ
1554 2989 1799 3062 βρύουσι,
1824 2991 1917 3044 καὶ
1942 2990 2034 3044 θά-

449 3077 618 3133 λαττα
647 3079 893 3151 ἡπλὼθη,
921 3082 1016 3135 καὶ
1037 3083 1310 3154 προφῆται
1336 3081 1715 3152 ἐπέμφθησαν,
1746 3082 1839 3134 καὶ
1866 3081 2032 3151 νόμος

451 3172 608 3246 ἐδόθη
629 3193 642 3206 ·
673 3177 768 3230 καὶ
810 3175 865 3229 τί
892 3173 976 3229 δεῖ
1017 3176 1194 3231 πάντα
1238 3177 1450 3246 λέγειν;
1490 3177 1558 3231 δι’
1595 3177 1655 3230 δν
1682 3179 1710 3230 6
1737 3176 2032 3249 μονογενὴς

453 3265 583 3328 Υἱὸς
619 3263 714 3318 τοῦ
744 3264 878 3320 Θεοῦ
913 3264 1198 3337 ἄνθρωπος
1231 3259 1468 3336 ἐγένετο.
1521 3267 1581 3320 '0
1617 3267 1894 3337 Δεσπότης
1927 3284 2029 3336 μου

451 3357 689 3431 ἐσφάγη,
724 3360 817 3414 καὶ
850 3360 910 3414 τὸ
929 3357 1068 3431 αἷμα
1096 3360 1265 3415 αὐτοῦ
1297 3360 1512 3432 ἐξέχεεν
1541 3361 1683 3433 ύπέρ
1716 3361 2026 3432 ἀνθρώπου·

453 3451 611 3512 κάγὼ
636 3454 1042 3526 καταφρονῆσαι
1067 3453 1208 3524 ἐχως
1233 3451 1327 3508 καὶ
1350 3454 1507 3507 ποίαν
1533 3453 1643 3524 ἔιχω
1659 3452 1989 3526 συγγνώμην
2013 3471 2028 3520 ;

453 3540 568 3593 Ούκ
593 3540 820 3595 ἀκούετε
851 3543 932 3596 ὄτι
963 3543 1315 3615 Σαμαρείτιδι
1347 3542 1664 3611 διελέγετοό
1692 3543 1918 3614 Κύριος,
1936 3545 2033 3597 καὶ

423 3689 425 3692 ς
454 3632 686 3702 μυρίους
719 3631 964 3702 ἡνάλωσε
989 3633 1216 3702 λόγους;
1254 3633 1348 3688 καὶ
1369 3635 1470 3688 ούκ
1495 3633 1680 3703 ἐπειδὴ
1699 3634 2034 3704 Σαμαρεῖτις

453 3720 544 3796 ῆν,
584 3728 990 3799 κατεφρονεῖτο,
1011 3726 1125 3790 ἀλλ’
1158 3725 1346 3797 ἐπειδὴ
1367 3726 1546 3796 ψυχὴν
1571 3719 1735 3796 εῖχεν,
1769 3727 2034 3781 ἐσπουδά-

455 3811 608 3878 ζετο·
641 3813 742 3867 ούκ
781 3813 966 3885 ἐπειδὴ
997 3813 1167 3886 πόρνη
1190 3809 1281 3885 ἦν,
1305 3815 1677 3884 ύπερεωρᾶτο,
1707 3813 1824 3868 ἀλλ’
1845 3817 2034 3888 ἐπειδὴ

453 3904 644 3977 ἔμελλε
697 3904 1002 3970 σώζεσθαι,
1037 3907 1130 3960 καὶ
1183 3908 1365 3961 πίστιν
1398 3906 1725 3972 ἐπεδείξατο,
1772 3907 2035 3972 πολλάκις

454 3998 736 4070 ἁπὴλαυσε
759 3998 858 4070 τῆς
891 3997 1226 4069 ἐπιμελείας.
1259 3998 1333 4050 Ού
1370 3997 1649 4069 παύσομαι
1688 3998 1868 4066 λέγειν
1898 3998 2030 4068 ἐγὼ,

453 4087 560 4145 κάν
607 4090 798 4163 μηδεὶς
902 4092 930 4143 ό
957 4089 1201 4144 ἀκούων·
1239 4088 1421 4160 ίατρός
1463 4090 1599 4159 είμι,
1643 4088 1927 4160 ἐπιτίθημι
1965 4089 2034 4143 τά

456 4183 760 4256 φάρμακα·
801 4182 1122 4246 διδάσκαλός
1149 4183 1286 4252 εἰμι,
1334 4183 1624 4252 παραινεῖν
1663 4181 1992 4254 ἐκελεύσθην
2016 4198 2031 4213 ·

455 4273 604 4344 λέγει
633 4275 776 4347 γάρ·
820 4273 1060 4328 Σκοπὸν
1096 4271 1323 4326 δέδωκά
1354 4288 1428 4326 σε
1471 4269 1551 4337 τῷ
1578 4272 1723 4339 olm,»
1761 4273 2032 4342 Ἰσραήλ.

453 4366 660 4423 οὐδένα
686 4365 1038 4439 διορθοῦμαι;
1065 4366 1176 4420 Καὶ
1205 4365 1257 4419 τί
1294 4363 1481 4431 τοῦτο;
1510 4363 1626 4418 ἁλλ’
1672 4364 1784 4434 ἐγὼ
1827 4365 1916 4420 τὸν
1943 4385 2034 4438 μι-

455 4457 584 4513 σθὸν
609 4457 738 4529 ἔχω.
773 4458 882 4512 Καὶ
906 4457 1064 4512 τοῦτο
1091 4457 1215 4512 καθ’
1250 4455 1557 4528 ὑπερϐολὴν
1586 4450 1740 4511 εἷπον
1765 4473 1780 4488 ·
1811 4457 2033 4529 ἀμήχα-

452 4565 548 4604 νον
592 4548 702 4620 γὰρ
733 4550 794 4603 ἐν
843 4547 1012 4621 [775]
1043 4547 1238 4620 πλὴθει
1275 4545 1513 4617 τοσούτῳ
1550 4547 1624 4618 μὴ
1677 4546 2036 4620 διορθωθῆναί

451 4658 597 4697 τινα.
641 4641 782 4695 Ἀλλ’
797 4641 960 4696 αὐταὶ
996 4641 1054 4693 αί
1075 4640 1304 4710 σκήψεις
1331 4639 1427 4692 καὶ
1464 4640 1521 4692 αί
1566 4638 1874 4710 προφάσεις
1922 4639 2032 4693 είσὶ

451 4735 562 4790 τῶν
590 4733 848 4806 ῥᾳθύμων
865 4731 1170 4804 ἀκροατῶν.
1214 4731 1444 4798 Ἀκούω,
1469 4732 1623 4802 φησι,
1649 4730 1771 4784 καθ’
1794 4731 2032 4802 ἡμέραν,

452 4826 549 4882 καὶ
577 4827 640 4881 ού
691 4826 849 4880 ποιῶ.
902 4827 1121 4892 Ἀκουε,
1157 4824 1261 4878 κᾶν
1321 4822 1397 4895 μὴ
1435 4825 1632 4895 ποιῇς·
1683 4824 1746 4875 ἐκ
1782 4821 1892 4892 γάρ
1941 4820 2035 4874 τοῦ

452 4915 672 4972 ἀκούειν
699 4917 792 4971 καὶ
823 4901 885 4969 16
907 4916 1168 4987 πράττειν
1200 4915 1568 4984 περιγίνεται·
1596 4912 1698 4967 κᾶν
1729 4913 1804 4985 μὴ
1847 4915 2034 4983 ποιῇς,

453 5011 688 5084 αἰσχύνῃ
715 5012 808 5064 ἐπὶ
855 5011 918 5081 τῇ
962 5007 1238 5080 ἁμαρτία·
1280 5005 1382 5062 κᾶν
1410 5007 1486 5078 μὴ
1516 5009 1697 5078 ποιῇς,
1726 5004 2034 5077 μεταϐάλλῃ

450 5102 554 5173 τὴν
594 5100 818 5172 γνώμην
843 5114 858 5132 ο
908 5098 1009 5153 κᾶν
1035 5099 1111 5171 μὴ
1148 5100 1329 5170 ποιῇς,
1363 5095 1747 5161 καταδικάζεις
1779 5093 2028 5161 σεαυτὸν,

451 5195 535 5249 ὃτι
560 5193 622 5247 ού
653 5193 846 5256 ποιεῖς.
865 5190 1034 5244 Τοῦτο
1059 5188 1115 5242 66
1134 5187 1195 5243 16
1218 5189 1542 5260 κατηγορεῖν
1565 5183 1815 5252 σεαυτοῦ,
1838 5185 2033 5252 πόθεν;

461 5285 524 5342 '0
551 5284 762 5356 καρπὸς
784 5282 894 5337 τῶν
940 5281 1089 5354 ἐμῶν
1136 5279 1328 5350 λόγων.
1370 5279 1582 5337 Ὀτανο
1625 5279 1806 5348 εἴπῃς·
1845 5277 2030 5349 Οίμοι,

514 5516 542 5548 ⁸
565 5515 716 5566 Savil.
740 5520 792 5563 el
811 5513 919 5563 cod.
942 5511 1070 5574 Reg.
1097 5508 1370 5574 παρελύετο.

513 5578 544 5619 δ
568 5578 723 5627 Valic.
746 5575 950 5636 ἀκούσῃ·
973 5570 1204 5636 κερδαίνω
1235 5570 1422 5636 έγῴίού
1444 5570 1622 5636 μικρόν.

517 5641 545 5710 ξ
569 5637 727 5710 Χιίξο.
751 5635 894 5710 τοῦτο
911 5632 1092 5710 Μός
1115 5634 1211 5682 τῶν
1231 5633 1448 5696 χειλέων,
1475 5632 1602 5682 ὅταν.

520 5700 550 5742 ἆ
569 5701 723 5753 huc.
745 5698 830 5754 τὰς
849 5698 1061 5760 ἀνομίας.

1165 274 1222 332 S.
1266 273 1553 330 JOANNIS
1585 277 2077 333 CIIRYSOSTOMI
2122 279 2441 336 ARCIIIEP.
2484 278 3030 335 CONSTANTINOP.

3577 266 3721 322 1030

2134 381 2362 450 ἡκουσα,
2384 383 2478 435 καὶ⁸
2504 382 2564 436 ού
2587 381 2725 435 ποιῶ
2744 399 2757 413 ·
2781 381 2841 435 τὸ
2869 381 3014 453 οἴμοι
3049 380 3326 453 προοίμιόν
3355 381 3472 435 ἐστι
3492 381 3599 452 τῆς
3620 384 3722 436 ἐπὶ

2129 472 2190 526 16
2218 472 2427 544 βέλτιον
2458 473 2781 545 μεταϐολῆς.
2804 475 3091 546 ’Ἡμαρτες
3109 491 3121 504 ·
3141 474 3484 546 ἐθρὴνησας;
3511 473 3718 537 ἔλυσας

2129 564 2228 635 τὴν
2246 565 2544 637 ἁμαρτίαν.
2568 565 2716 636 Λέγε
2738 566 2850 636 γὰρ
2875 567 2957 620 σὺ
2980 565 3214 636 πρῶτος
3239 567 3344 632 τὰς
3366 567 3663 636 ἁμαρτίας
3687 562 3716 603 δ

2129 667 2268 718 σου,
2315 655 2416 708 ινα
2462 654 2798 725 δικαιωθῇς.
2840 657 2961 710 Κᾶν
3018 657 3348 729 στυγνάσῃς,
3386 656 3418 720 ἦ
3455 656 3719 725 κατηφὴς

2129 745 2282 816 γένῃ.
2318 745 2430 816 ἔχει
2458 746 2582 801 τινὰ
2611 747 2888 818 σωτηρίαν
2909 748 2943 818 ἡ
2975 749 3271 818 κατήφεια,
3297 747 3355 802 ού
3374 747 3465 801 διὰ
3497 746 3602 818 τὴν
3622 747 3721 816 φύ-

2132 852 2217 889 σιν
2245 835 2345 906 τῆς
2377 837 2679 908 κατηφείας
2700 878 2716 903 ,
2762 837 2900 891 ἀλλά
2924 837 3012 891 διά
3031 838 3130 909 τὴν
3159 837 3575 909 φιλανθρωπίαν
3620 838 3722 892 τοῦ

2130 927 2419 984 Δεσπότου.
2452 928 2544 998 Τῷ
2566 929 2742 999 ἔχοντι
2771 928 3050 1000 ἁμαρτίας
3076 929 3178 982 ούκ
3203 929 3356 1000 ὀλίγη
3384 929 3724 999 παραμυθία

2129 1015 2192 1070 16
2217 1017 2404 1070 λυπεῖν
2438 1016 2651 1072 ἑαυτόν.
2687 1018 2870 1072 Εἴδον
2909 1017 3040 1090 γάρ,
3077 1018 3264 1090 φησὶν,
3299 1019 3386 1072 ὅτι
3431 1019 3725 1088 ἐλυπήθη

2133 1108 2232 1162 καί
2261 1109 2625 1179 ἐστύγνασε,
2660 1109 2758 1164 καί
2809 1110 3076 1181 ίασάμην
3102 1109 3292 1164 αὐτοῦ
3327 1112 3432 1176 τὰς
3463 1110 3723 1176 ὀδύνας.

2135 1203 2200 1254 Ὢ
2235 1201 2648 1272 φιλανθρωπίας
2679 1203 2913 1273 ἁφάτου,
2951 1204 3046 1258 καὶ
3075 1203 3409 1274 ἀγαθότητος
3442 1205 3724 1274 ἐρμηνευο

2133 1293 2292 1363 θῆναι
2321 1294 2397 1366 μὴ
2428 1293 2729 1364 δυναμένης
2754 1297 2767 1348 !
2811 1293 3110 1365 Ἑλυπὴθη,
3145 1295 3238 1348 καὶ
3263 1295 3499 1365 ἰασάμην
3527 1296 3722 1349 αὐτόν.

2132 1385 2244 1438 Καὶ
2272 1385 2326 1438 τί
2365 1385 2530 1456 μέγα,
2563 1388 2644 1440 ὅτι
2689 1386 2967 1458 ἐλυπήθη;
3003 1387 3078 1441 Ού
3113 1386 3257 1457 μέγα
3284 1386 3413 1456 μέν·
3446 1385 3565 1439 ἀλλ’
3607 1386 3725 1453 ἐγὼ

2132 1476 2388 1546 ἀφορμὴν
2408 1476 2600 1530 έλαϐον
2635 1476 2727 1530 τοῦ
2766 1476 2946 1530 ίᾶσθαι
2980 1477 3075 1540 τὰς
3103 1477 3295 1538 ὀδύνας
3317 1475 3504 1529 αὐτοῦ.
3528 1476 3721 1529 Εῖδετε

2134 1567 2252 1631 πῶς
2272 1569 2331 1623 ἐν
2360 1567 2589 1640 βραχείᾳ
2624 1568 2817 1641 καιροῦ
2855 1572 2996 1640 ῥοπῇ
3027 1569 3207 1623 πάντα
3236 1570 3544 1639 συνήγαγε;

2203 1661 2479 1733 Διηνεκῶς
2503 1663 2684 1715 τοίνυν
2711 1663 2809 1733 τὴν
2840 1662 3078 1732 ἐσπέραν
3105 1661 3320 1732 ἐκείνην
3352 1660 3445 1714 τοῦ
3487 1660 3726 1731 σεισμοῦ

2131 1752 2411 1822 λογίζεσθε
2457 1755 2516 1806 ἐν
2555 1755 2788 1818 ἑαυτοῖς.
2831 1755 2896 1808 Οἰ
2935 1753 3036 1824 μὲν
3064 1754 3174 1823 γὰρ
3206 1753 3356 1808 άλλοι
3389 1754 3597 1815 πάντες
3635 1754 3730 1806 διά

2129 1845 2222 1898 τὸν
2255 1845 2480 1916 σεισμὸν
2507 1845 2847 1898 ἐδεδοίκεσαν
2866 1884 2882 1907 ,
2917 1843 3028 1912 ἐγὼ
3055 1843 3112 1897 δὲ
3139 1843 3227 1896 διὰ
3254 1843 3354 1914 τὴν
3395 1844 3584 1897 αἰτίαν
3625 1843 3728 1896 τοῦ

2135 1936 2379 2008 σεισμοῦ.
2411 1937 2689 2008 Συνήκατε
2726 1935 2778 1990 τί
2805 1932 2989 2001 εἶπον;
3027 1939 3091 1990 Οἱ
3134 1937 3232 2006 μὲν
3273 1935 3596 2005 ἐφοϐοῦντο,
3650 1938 3732 2006 μὴ

2133 2032 2274 2101 πέσῃ
2300 2031 2334 2101 ἡ
2357 2029 2533 2093 πόλις,
2563 2030 2660 2083 καὶ
2689 2028 3058 2083 ἀποθάνωσιν
3084 2029 3195 2098 ἐγὼ
3215 2028 3272 2082 66
3301 2027 3538 2088 δέδοικα,
3575 2030 3663 2081 ὅτι
3703 2030 3732 2079 6

2131 2121 2408 2193 Δεσπότης
2431 2122 2564 2192 ἡμῖν
2604 2119 2917 2192 ὀργίζεται·
2958 2121 3019 2174 ού
3049 2121 3162 2192 γὰρ
3204 2120 3437 2191 χαλεπὸν
3473 2119 3539 2172 16
3582 2121 3730 2172 ἀπο-

2132 2213 2335 2278 θανεῖν,
2389 2212 2526 2266 ἁλλὰ
2577 2213 2812 2284 χαλεπὸν
2837 2212 2900 2266 τὸ
2944 2212 3244 2284 παροξῦναι
3288 2212 3378 2266 τὸν
3411 2213 3728 2282 Δεσπότην.

2134 2304 2297 2358 ’Ὥστε
2328 2305 2388 2358 ού
2443 2304 2534 2359 διά
2563 2305 2656 2360 τὸν
2696 2306 2920 2377 σεισμὸν
2965 2305 3299 2377 ἐφοϐούμην,
3334 2305 3476 2360 ἁλλὰ
3503 2305 3601 2359 διὰ
3628 2307 3729 2376 τὴν

2131 2399 2313 2454 αἰτίαν
2351 2397 2446 2453 τοῦ
2495 2399 2755 2469 σεισμοῦ·
2799 2399 2832 2470 ἡ
2887 2399 2996 2470 γάρ
3055 2399 3204 2452 αίτία
3258 2398 3355 2452 τοῦ
3410 2399 3652 2468 σεισμοῦ
3694 2403 3728 2468 ἡ

2130 2491 2268 2564 ὀργὴ
2295 2492 2388 2545 τοῦ
2410 2491 2568 2553 Θεοῦ,
2594 2491 2695 2561 τῆς
2709 2491 2766 2545 66
2783 2491 2951 2561 ὀργῆς
2975 2489 3150 2544 αἴτιον
3166 2493 3221 2543 αί
3241 2491 3511 2562 ἁμαρτίαι
3538 2491 3728 2561 ἡμῶν.

2131 2583 2416 2655 Μηδέποτε
2448 2581 2614 2652 φοϐοῦ
2645 2582 2891 2644 κόλασιν,
2923 2579 3039 2633 ἀλλ’
3064 2579 3338 2650 ἁμαρτίαν
3368 2578 3468 2650 τὴν
3503 2579 3734 2650 μητέρα

2131 2674 2230 2748 τῆς
2256 2671 2550 2738 κολάσεως.
2583 2671 2792 2728 Σείεται
2820 2673 2853 2745 ἡ
2892 2673 3077 2737 πόλιςς
3109 2673 3216 2726 Καὶ
3256 2671 3310 2723 τί
3341 2670 3549 2735 τοῦτο;
3589 2672 3734 2725 άλλά

2133 2769 2226 2823 σοῦ
2248 2770 2326 2842 μὴ
2357 2767 2673 2838 σαλευθὴτω
2698 2769 2732 2838 ἡ
2759 2767 2966 2820 διάνοια
2985 2783 2998 2796 ·
3033 2767 3158 2819 ἐπεὶ
3190 2767 3284 2820 καὶ
3299 2765 3393 2818 ἐπὶ
3421 2765 3535 2818 τῶν
3557 2781 3726 2834 νοση-

2133 2860 2320 2932 μάτων
2353 2861 2446 2914 κα“ι
2478 2860 2586 2914 τῶν
2625 2859 2958 2931 τραυμάτων
2992 2859 3094 2911 ούκ
3121 2858 3362 2920 ἐκείνους
3407 2854 3730 2926 θρηνοῦμεν

2129 2951 2255 3014 τοὺς
2289 2948 2778 3022 θεραπευομένους,
2829 2947 2966 3002 ἀλλὰ
3023 2947 3150 3010 τοὺς
3189 2946 3257 3000 τὰ
3283 2946 3484 3000 ἀνίατα
3515 2945 3734 3002 νοσοῦν-

2130 3059 2254 3106 τας.
2288 3043 2462 3114 Ὅπερ
2501 3041 2618 3094 ἐστὶ
2668 3040 2824 3103 νόσος
2850 3040 2945 3093 καὶ
2992 3037 3235 3110 τραῦμα,
3292 3037 3453 3090 τοῦτό
3482 3039 3610 3090 ἐστι
3636 3037 3732 3090 καὶ

2130 3133 2378 3204 ἁμαρτία
2399 3149 2414 3163 ·
2438 3133 2575 3204 ὅπερ
2605 3130 2724 3186 ἐστὶ
2753 3130 2896 3201 τομὴ
2925 3131 3022 3183 καὶ
3048 3129 3362 3200 φάρμακον,
3412 3126 3582 3181 τοῦτό
3613 3129 3730 3181 ἐστι

2132 3226 2228 3279 καὶ
2250 3224 2516 3295 τιμωρία.

2204 3373 2274 3432 γ’,
2291 3361 2564 3431 Συνήκατε
2573 3360 2627 3416 τί
2637 3359 2800 3430 λέγω;
2812 3358 3137 3433 Προσέχετε·
3155 3356 3443 3427 φιλόσοφον
3455 3357 3571 3426 γάρ
3585 3356 3736 3427 ὑμᾶς

2135 3457 2394 3530 βούλομαι
2423 3453 2712 3509 παιδεῦσαι
2737 3453 2916 3520 λόγον.
2944 3451 3044 3504 Διὰ
3081 3449 3136 3502 τί
3168 3451 3294 3512 τοὺς
3321 3447 3736 3518 κολαζομένους

2131 3547 2459 3620 θρηνοῦμεν,
2484 3543 2599 3600 ἀλλ’
2629 3546 2692 3604 οὗ
2712 3545 2840 3608 τοὺς
2867 3540 3318 3613 ἁμαρτάνοντας;
3348 3539 3425 3593 Οὐ
3444 3540 3561 3612 γάρ
3583 3535 3734 3593 οὕτω

2133 3639 2367 3712 χαλεπὸν
2403 3639 2625 3702 κόλασις
2647 3676 2663 3701 ,
2695 3635 2772 3700 ὡς
2802 3634 3037 3707 χαλεπὸν
3075 3634 3109 3704 ἡ
3147 3632 3426 3703 ἁμαρτία·
3484 3631 3590 3701 τῆς
3621 3631 3731 3700 γάρ

2134 3733 2406 3796 κολάσεως
2439 3731 2694 3794 ὑπόθεσις
2723 3728 3042 3801 ἡὰμαρτία.
3091 3726 3219 3780 Ἐάν
3246 3724 3427 3779 τοίνυν
3450 3724 3574 3796 ἴδῃς
3606 3725 3729 3776 τινά

2136 3822 2401 3896 σηπεδόνα
2425 3823 2637 3893 ἔχοντα,
2665 3821 2760 3874 καὶ
2789 3819 3078 3889 σκώληκας
3114 3817 3209 3872 καὶ
3253 3813 3455 3888 ίχῶρας
3485 3815 3603 3868 ἀπὺ
3635 3814 3731 3868 τοῦ

2139 3915 2389 3987 σώματος
2416 3912 2874 3988 κατερχομένους,
2905 3911 3001 3964 καὶ
3039 3907 3346 3980 ἀμελοῦντα
3386 3906 3486 3960 τοῦ
3531 3907 3731 3969 ἕλκους

2137 4004 2233 4057 καὶ
2263 4001 2363 4072 τῆς
2401 4002 2716 4071 σηπεδόνος,
2740 4000 2928 4069 ἕτερον
2965 3999 3022 4053 δέ
3051 3999 3120 4052 τὰ
3152 3999 3293 4052 αύτὰ
3321 3997 3614 4066 πάσχοντα
3648 3999 3732 4050 ίαο

2135 4093 2339 4166 τρικῶν
2364 4093 2707 4147 ἀπολαύοντα
2732 4093 2954 4165 χειρῶν,
2977 4091 3289 4163 καιόμενον,
3317 4091 3412 4144 καὶ
3449 4107 3512 4143 τε
3522 4090 3733 4160 μνόμεο

2137 4203 2248 4250 νον,
2279 4187 2374 4239 καὶ
2408 4186 2580 4257 πικρὰ
2629 4185 2854 4238 πίνοντα
2891 4184 3180 4255 φάρμακα,
3233 4182 3358 4236 τίνα
3396 4181 3733 4252 θρηνήσεις;

2137 4279 2260 4334 εἰπέ
2309 4295 2432 4350 μοι·
2461 4279 2554 4332 16v
2601 4277 2881 4341 νοσοῦντα,
2922 4275 3018 4330 καὶ
3068 4275 3144 4347 μὴ
3188 4272 3668 4344 θεραπευόμενον,
3698 4274 3733 4344 ἦ

2136 4373 2228 4427 τὸν
2251 4371 2527 4438 νοσοῦντα,
2560 4371 2656 4426 καὶ
2683 4368 3150 4441 θεραπευόμενον;
3181 4365 3351 4436 Δῆλον
3383 4366 3466 4418 ὅτι
3512 4363 3614 4417 τὸν
3642 4381 3732 4416 νοο

2139 4461 2357 4528 σοῦντα,
2389 4463 2483 4515 καὶ
2520 4461 2597 4532 μὴ
2625 4459 3085 4532 θεραπευόμενον.
3125 4456 3311 4518 Οὖτως
3347 4454 3606 4507 ἔστωσαν
3640 4454 3736 4507 δύο

2139 4554 2472 4627 ἁμαρτωλοὶ,
2501 4555 2529 4605 6
2557 4553 2656 4624 μὲν
2687 4550 3071 4622 κολαζόμενος,
3097 4551 3126 4602 6
3150 4547 3207 4601 66
3226 4547 3300 4618 μὴ
3330 4545 3732 4616 κολαζόμενος.

2139 4645 2289 4721 [776]
2322 4645 2414 4719 Μὴ
2439 4646 2586 4715 λέγε,
2625 4644 2894 4717 μακάριος
2923 4635 3100 4706 οὗτος,
3141 4641 3223 4694 ὅτι
3271 4639 3521 4704 πλουτεῖ,
3555 4639 3734 4709 ὀρφα-

2137 4741 2260 4803 νοὺς
2281 4737 2524 4800 άποδύει,
2560 4737 2734 4808 χήρας
2785 4734 3047 4806 βιάζεται.
3077 4731 3269 4784 Καίτοι
3305 4727 3366 4781 ού
3401 4731 3577 4793 νοσεῖ,
3617 4727 3733 4782 ἀλλ’

2139 4831 2400 4904 ἁρπάζων
2425 4829 2722 4900 εὐδοκιμεῖ,
2749 4826 2916 4897 τιμῆς
2938 4821 3201 4879 ἀπολαύει
3237 4819 3332 4875 καὶ
3368 4819 3730 4883 δυναστείας,

2137 4923 2292 4977 οὐδὲν
2321 4921 2429 4975 τῶν
2460 4917 2814 4992 ἀνθρωπίνων
2839 4917 3124 4987 ὑπομένει,
3157 4914 3220 4967 ού
3252 4909 3512 4982 πυρετὸν,
3542 4913 3610 4964 ού
3641 4912 3736 4964 κά-

2139 5029 2329 5078 κωσιν,
2360 5011 2460 5064 οὑκ
2491 5009 2656 5081 ἄλλην
2680 5006 2803 5061 τινὰ
2833 5005 3019 5059 νόσον·
3049 5002 3254 5056 παίδων
3275 4999 3434 5070 χορὸς
3463 5000 3604 5070 περὶ
3631 5000 3730 5053 αύ-

2137 5105 2262 5172 τὺν,
2297 5106 2472 5175 γῆρας
2521 5099 2778 5170 λιπαρόν·
2825 5096 2961 5152 ἁλλὰ
2988 5095 3180 5149 τοῦτον
3226 5091 3467 5162 μάλιστα
3512 5090 3727 5162 θρήνει,

2135 5198 2218 5250 ὅτι
2247 5194 2342 5249 καὶ
2372 5195 2538 5257 νοσεῖ,
2567 5193 2663 5244 καὶ
2693 5190 2756 5242 ού
2784 5185 3176 5260 θεραπεύεται·
3204 5184 3320 5246 πῶς
3339 5221 3356 5246 ,
3401 5180 3523 5251 ἐγὼ
3557 5181 3724 5249 λέγω.

2149 5285 2276 5340 Ἐάν
2307 5284 2423 5357 ῐδης
2453 5281 2578 5338 τινὰ
2602 5281 2775 5352 ὑδέρῳ
2802 5279 3190 5351 κατεχόμενον,
3219 5276 3315 5330 καὶ
3339 5273 3548 5344 σπληνὶ
3569 5273 3730 5348 χαλε·

2137 5380 2373 5449 πωτάτῳ
2398 5376 2460 5430 τὸ
2500 5374 2658 5445 σῶμα
2708 5370 3124 5442 ἐξογκούμενον,
3176 5368 3272 5422 καὶ
3327 5366 3406 5438 μὴ
3453 5369 3727 5437 τρέχοντα

2138 5471 2274 5544 πρὸς
2301 5471 2393 5525 16v
2427 5468 2628 5541 ἰατρὸν,
2658 5465 2794 5520 ἁλλὰ
2826 5463 3168 5536 ψυχροποσίᾳ
3197 5461 3563 5533 προσέχοντα,
3601 5455 3730 5530 τρά-

2137 5565 2312 5630 πεζοαν
2361 5557 2552 5630 έχοντα
2601 5553 2985 5627 Συϐαριτικὴν,
3037 5551 3158 5606 καθ’
3220 5551 3462 5622 ἑκάστην
3511 5549 3729 5618 ἡμέραν

2142 5659 2428 5730 μεθύοντα,
2473 5651 2959 5728 δορυφορούμενον,
3003 5648 3095 5702 καὶ
3126 5645 3473 5700 ἐπιτείνοντα
3510 5643 3611 5711 τὴν
3639 5639 3726 5696 νύ-
