3828 6226
113 331 242 386 Ιωῦ

160 987 214 1042 2.
245 989 315 1043 At
338 990 480 1045 enim
510 990 641 1045 mihi
664 990 831 1061 dices,
857 994 985 1065 quid
1008 995 1236 1052 dicendo
1265 1000 1516 1067 proﬁcis?
1541 1001 1676 1058 Pro-

12 1082 15 1111 τ
96 1078 232 1145 licio,
263 1079 307 1132 si
346 1079 466 1149 quis
505 1096 594 1135 me
633 1082 854 1137 audiat:
883 1099 983 1155 ego
1026 1086 1169 1156 quod
1213 1087 1447 1144 officium
1494 1105 1673 1147 meum

12 1176 15 1201 ν
92 1179 194 1237 est,
224 1170 275 1226 id
302 1180 498 1241 praesto
531 1190 544 1226 :
573 1173 865 1229 seminator
891 1177 1135 1232 seminat.
1170 1177 1312 1233 Exiit
1337 1181 1425 1251 qui
1447 1183 1675 1239 seminat

12 1272 15 1297 π
92 1262 155 1317 ad
183 1264 572 1330 seminandum,
601 1274 656 1321 et
683 1265 925 1337 quaedam
956 1268 1264 1325 ceciderunt
1302 1286 1458 1328 secus
1492 1273 1628 1328 viam
1652 1314 1669 1341 ,

12 1362 15 1389 τ
92 1355 329 1424 quaedam
348 1370 507 1427 supra
531 1367 753 1428 petram,
772 1360 1013 1430 qumdam
1035 1375 1195 1433 supra
1216 1364 1415 1433 spinas,
1430 1364 1672 1435 quazdam

93 1447 141 1501 'n
164 1456 359 1502 terram
376 1449 571 1505 bonam
599 1450 807 1521 (Matth.
825 1453 909 1509 15.
925 1451 980 1524 3)
1007 1470 1021 1508 :
1051 1464 1157 1511 tres
1183 1464 1361 1525 partes
1376 1458 1668 1527 perierunt,

12 1528 13 1573 ἕ
89 1549 141 1594 et
164 1555 266 1594 una
285 1549 491 1596 servata
514 1553 614 1609 est,
632 1559 729 1599 nec
748 1544 815 1599 ab
830 1545 1147 1615 agricultura
1167 1548 1402 1604 destitit:
1425 1550 1519 1606 sed
1538 1566 1672 1622 quo-

92 1629 227 1683 niam
255 1645 359 1685 una
383 1641 698 1687 conservata
726 1642 809 1688 est
826 1674 841 1700 ,
872 1649 1059 1704 agrum
1087 1636 1265 1692 colere
1293 1652 1398 1693 non
1422 1640 1667 1695 cessavit.

158 1742 277 1798 Non
315 1747 506 1816 frustra
541 1746 744 1811 seritur,
772 1747 968 1802 etiamsi
991 1748 1140 1819 pauci
1167 1763 1334 1804 semen
1370 1752 1665 1821 suscipiant.

12 1826 13 1853 ξ
90 1864 153 1874 -
180 1835 242 1889 Et
268 1851 395 1891 vero
426 1851 567 1891 nunc
606 1837 657 1891 in
700 1846 897 1892 tantam
939 1840 1326 1895 multitudinem
1373 1842 1666 1912 projectum

85 1938 264 1980 settlen
297 1925 408 1980 fieri
446 1942 551 1980 non
592 1935 767 1996 potest
799 1928 925 1997 quin
968 1929 1097 1983 mihi
1138 1939 1345 2000 segetes
1386 1932 1663 2002 proferat:

12 2032 13 2037 η
87 2017 291 2071 tametsi
317 2032 504 2072 omnes
533 2033 638 2073 non
667 2018 923 2085 audiant,
968 2020 1184 2075 dimidia
1212 2036 1335 2090 pars
1359 2022 1539 2079 audiet
1569 2042 1583 2078 :
1614 2033 1668 2080 et

14 2100 19 2127 τ
86 2106 203 2160 licet
228 2120 332 2160 non
360 2092 597 2172 dimidia,
627 2123 749 2177 pars
772 2110 923 2164 tertia
955 2126 970 2163 :
1001 2120 1055 2165 et
1084 2111 1207 2166 licet
1234 2127 1334 2167 nec
1364 2112 1540 2181 tertia,
1568 2114 1665 2171 de-

14 2192 19 2221 τ
84 2199 213 2251 cima
244 2215 259 2250 :
289 2207 339 2252 et
368 2199 489 2253 licet
516 2213 615 2253 nec
641 2198 844 2253 decima
868 2240 882 2265 ,
923 2201 1046 2255 licet
1074 2217 1208 2257 unus
1238 2217 1304 2256 ex
1331 2217 1394 2259 ea
1421 2204 1663 2259 multitu-

12 2286 19 2317 τ
82 2287 200 2342 dine
223 2287 500 2343 auditurus
525 2290 613 2353 sit,
643 2289 822 2343 audiat
852 2307 865 2342 :
900 2306 1002 2344 non
1031 2291 1170 2345 enim
1200 2293 1445 2362 exiguum
1471 2304 1552 2348 est
1582 2295 1664 2351 vel

12 2380 17 2411 τ
83 2393 234 2434 unam
280 2396 434 2436 ovem
480 2382 725 2437 servari:
757 2383 1184 2455 quandoquidem
1235 2394 1290 2439 et
1330 2395 1511 2455 pastor
1547 2387 1658 2453 ille,

12 2476 18 2506 ί
83 2472 166 2541 qui
195 2474 478 2542 nonaginta
501 2489 689 2528 novem
719 2475 1003 2544 reliquerat
1026 2490 1173 2541 oves,
1201 2475 1267 2530 ad
1290 2492 1446 2530 unam
1474 2491 1663 2532 cucur-

12 2570 19 2613 ἓ
84 2563 165 2625 rit,
192 2579 314 2633 quae
341 2564 680 2618 abcrraverat
713 2564 940 2635 (Matth.
964 2566 1051 2621 18.
1082 2565 1205 2636 12).
1244 2566 1523 2622 Hominem
1554 2583 1661 2623 non

12 2655 18 2683 ῖ
82 2664 361 2707 contemno
390 2670 403 2705 :
440 2654 559 2708 licet
588 2669 724 2708 unus
758 2654 847 2721 sit,
880 2654 1042 2709 homo
1071 2663 1177 2721 est,
1202 2655 1399 2710 animal
1435 2656 1547 2711 Deo
1572 2671 1661 2712 ca-

12 2764 18 2779 ι
83 2732 383 2799 ιιὶεεὶιηιιιη.’
406 2744 555 2799 Licet
577 2760 764 2801 servus
802 2746 890 2813 sit,
921 2746 1341 2804 contemnendus
1385 2746 1515 2803 mihi
1552 2762 1660 2805 non

83 2835 283 2891 videtur
312 2854 326 2891 :
356 2852 464 2891 non
486 2838 627 2891 enim
655 2836 965 2907 dignitatem
1001 2853 1215 2909 quaero,
1243 2839 1336 2894 sed
1363 2839 1611 2894 virtutem
1641 2858 1655 2893 :

12 2918 19 2965 ί
81 2941 179 2980 non
208 2927 624 2983 dominationem
655 2939 746 2983 aut
764 2929 1097 2996 servitutem,
1126 2929 1220 2985 sed
1243 2931 1475 2986 animam
1498 2949 1512 2986 :
1535 2931 1657 2986 licet

80 3034 209 3073 unus
237 3020 330 3085 sit,
364 3018 524 3073 homo
548 3030 663 3088 cst,
700 3030 916 3090 propter
952 3037 1108 3092 quem
1148 3022 1336 3077 caelum
1376 3031 1656 3079 extensum

12 3118 15 3149 ε
61 3121 175 3177 est,
203 3113 285 3166 sol
314 3111 476 3178 lucet,
505 3112 628 3165 luna
653 3112 910 3178 decurrit,
950 3128 1043 3167 aer
1080 3112 1278 3167 eﬂ'usus
1320 3122 1439 3180 est,
1480 3111 1657 3171 fontes

12 3232 19 3241 ις
79 3201 388 3266 scaturiuut,
411 3217 703 3271 expansum
730 3211 814 3258 est
841 3218 1007 3269 mare,
1031 3203 1309 3274 Propheta:
1337 3205 1483 3260 missi
1508 3214 1652 3273 sunt,

77 3301 127 3347 et
170 3294 255 3347 lex
307 3293 430 3349 data
472 3301 554 3348 est
580 3308 598 3351 :
628 3303 683 3350 et
708 3294 833 3365 quid
862 3309 997 3364 opus
1027 3304 1110 3349 est
1136 3304 1324 3350 cuncta
1365 3297 1656 3367 persequi?

78 3393 293 3454 propter
328 3401 485 3455 quem
524 3386 824 3456 unigenitus
853 3385 946 3440 Dei
974 3385 1137 3441 Filius
1162 3384 1334 3443 factus
1359 3396 1443 3444 est
1470 3388 1651 3443 homo.

78 3475 331 3531 Dominus
371 3492 522 3531 meus
569 3476 870 3531 immolatus
911 3486 1014 3545 est,
1054 3492 1118 3532 ac
1158 3479 1467 3549 sanguinem
1498 3495 1650 3534 suum

12 3626 19 3653 l

78 3581 169 3635 pro
195 3568 412 3621 homine
443 3566 593 3634 fudit,
618 3578 671 3621 et
694 3567 840 3622 illum
866 3583 965 3637 ego
983 3546 1356 3624 contemnam?
1384 3570 1498 3637 Qua
1526 3586 1653 3626 vero

75 3658 261 3729 dignus
294 3660 445 3715 venia
490 3658 680 3714 fuero?
722 3659 909 3715 Nonne
954 3660 1176 3716 audistis
1222 3661 1499 3716 Dominum
1527 3678 1650 3718 cum

14 3810 19 3815 ,
74 3750 397 3804 Samaritana
434 3750 791 3820 colloquutmn
836 3765 953 3806 esse
978 3751 1200 3822 (Joann.
1238 3753 1291 3807 4.
1321 3753 1374 3807 6.
1401 3751 1558 3822 sqq.),
1587 3767 1651 3808 ac

12 3900 19 3909 _
74 3850 354 3895 sexcentos
381 3841 701 3909 impendisse
729 3855 1025 3907 sermones,
1059 3856 1158 3895 nec
1186 3842 1435 3911 quoniam
1462 3842 1649 3898 Sama-

12 3930 18 4007 “
73 3933 237 3987 ritana
264 3940 400 3996 erat,
430 3932 548 3986 ideo
573 3942 927 4001 contemptam
949 3924 1065 3987 eam
1097 3932 1277 3999 fuisse,
1291 3933 1384 3988 sed
1398 3933 1647 4003 quoniam

12 4016 17 4097 ξ
74 4026 302 4080 animam
336 4025 581 4090 habebat,
613 4026 666 4079 in
711 4027 881 4095 pretio
919 4026 1151 4082 habitam
1183 4028 1340 4082 esse?
1382 4026 1498 4081 Non
1526 4028 1647 4097 quia

12 4108 17 4119 ’
72 4108 476 4172 iuueretrixerat,
496 4107 749 4177 despecta
761 4120 870 4175 eSt;
891 4110 984 4165 sed
1008 4111 1133 4180 quia
1153 4108 1422 4165 servanda
1438 4116 1576 4175 erat,
1593 4118 1648 4168 et

12 4180 19 4273 ἦ
73 4197 919 4263 fidemexltibuit,multainillam
933 4199 1649 4273 curacollataest(a).Equi-

12 4270 19 4287 Ι

69 4288 187 4341 dem
213 4291 401 4345 dicere
425 4305 530 4345 non
561 4292 813 4357 cessabo,
839 4294 965 4349 licet
982 4295 1169 4350 nullus
1195 4294 1288 4362 sit,
1311 4296 1402 4365 qui
1422 4294 1643 4351 audiat:

12 4366 19 4393 ⁵
69 4380 314 4433 ιιιριιίίιιιε
346 4397 490 4446 sum,
514 4382 746 4438 adhibeo
777 4385 1179 4440 medicamenta
1218 4404 1232 4440 :
1269 4386 1463 4441 doctor
1499 4401 1643 4448 sum,

12 4462 15 4483 ⁵
68 4474 380 4526 mandatum
406 4474 633 4529 mihiest
655 4482 714 4529 ut
733 4476 1052 4532 admoneam
1075 4495 1089 4543 ;
1116 4478 1196 4533 sic
1220 4478 1363 4532 enim
1383 4478 1492 4531 ait:
1513 4476 1645 4546 Spe-

12 4552 13 4565 ¹
68 4562 361 4617 culatorem
389 4565 510 4618 dedi
540 4576 586 4620 te
606 4566 786 4622 domui
817 4567 1215 4638 Israel(Ezeclt.
1256 4572 1308 4625 5.
1343 4569 1648 4639 Π).Νεηιῑ-

12 4640 21 4674 ⁵
68 4669 187 4708 nem
206 4655 427 4725 corrigo
454 4675 467 4710 :
498 4657 628 4727 quid
653 4666 766 4713 tum
788 4668 977 4729 postea
996 4659 1137 4715 YSed
1152 4675 1253 4731 ego
1271 4660 1519 4717 mercede
1535 4675 1645 4715 non

12 4730 22 4765 ς

12 4916 23 4951 β

14 4746 21 4781 τ
64 4759 248 4802 careo.
276 4746 340 4800 Et
356 4747 459 4802 hoc
478 4749 543 4802 ad
567 4764 841 4807 summum
860 4752 1005 4808 dixi:
1031 4768 1154 4808 nam
1172 4753 1227 4808 in
1245 4760 1394 4807 tanta
1413 4753 1628 4808 multitu

68 4836 197 4893 dine
216 4837 332 4893 fieri
362 4854 469 4894 non
496 4849 696 4911 potest.
718 4843 850 4913 quin
875 4844 1075 4915 aliquis
1100 4844 1446 4915 corrigatur:
1470 4843 1566 4900 sed
1592 4844 1647 4898 1ιί

64 4937 363 4996 pmtextus
379 4940 530 4994 sunt,
559 4932 641 4987 hae
667 4934 1056 5005 negligentium
1080 4942 1208 4991 sunt
1224 4935 1533 4990 auditorum
1552 4948 1648 4988 ex-

12 5024 21 5041 "
65 5018 402 5077 cusationes.
420 5021 595 5079 Audio
612 5025 878 5094 quotidie,
897 5025 1096 5095 inquit,
1113 5033 1168 5081 et
1185 5041 1294 5081 non
1313 5024 1452 5081 facio
1471 5044 1483 5081 :
1499 5024 1646 5088 audi,

12 5192 19 5223 τ

62 5109 190 5166 licet
210 5126 317 5165 non
334 5112 522 5180 facias;
550 5131 673 5170 nam
690 5131 754 5172 ex
772 5132 839 5171 eo
854 5117 999 5188 quod
1015 5119 1139 5187 quis
1158 5117 1366 5183 audiat,
1382 5118 1650 5190 contingit

62 5202 228 5256 etiam
245 5211 304 5256 ut
323 5204 486 5259 faciat
509 5223 520 5257 :
541 5207 755 5262 tametsi
774 5222 884 5262 non
903 5207 1279 5278 facis,‘pudore
1300 5207 1642 5279 perfunderis

12 5280 19 5317 ί
65 5292 137 5344 oh
160 5301 445 5362 peccatum
471 5312 485 5349 :
509 5296 724 5352 tametsi
749 5312 859 5352 non
879 5296 1038 5365 facis,
1063 5306 1246 5355 mutas
1272 5300 1595 5355 sententiam
1628 5317 1641 5354 :

72 5381 291 5438 tametsi
316 5398 424 5438 non
450 5382 609 5447 facis,
632 5386 867 5456 teipsum
890 5390 1242 5452 condemnas,
1269 5389 1415 5459 quod
1438 5404 1546 5444 non
1570 5389 1648 5444 fa-

66 5471 205 5527 cias.
226 5472 350 5529 Haec
371 5484 551 5530 autem
570 5477 683 5547 ipsa
708 5480 787 5534 tui
818 5480 989 5550 ipsius
1016 5480 1447 5536 accusatiounde
1464 5482 1647 5537 nasci-

12 5560 19 5585 ”
67 5568 157 5615 tur
174 5560 198 5613 ?
215 5560 541 5618 Sermonum
566 5563 777 5621 fructus
794 5575 879 5623 est
896 5580 1163 5623 meorum.
1176 5569 1406 5634 Quando
1421 5569 1642 5635 dixeris,

12 5654 19 5687 ὲ

130 5694 207 5758 (a)
232 5696 322 5746 Hic
344 5698 479 5748 locus
501 5700 684 5750 cltatur
702 5715 729 5752 a
752 5701 931 5751 Photio
958 5701 1008 5751 in
1034 5701 1264 5753 Biblioth.

1240 5887 1303 5911 ..κ-
1366 5890 1373 5895 ί
1396 5879 1403 5884 ’

1301 336 1387 399 οε
1431 337 1704 398 LAZABO
1735 342 1980 402 CONCIO
2006 346 2091 403 Vl.

12 436 17 467 ί
105 455 447 513 utrorumque
468 443 706 499 sublatus
730 453 847 511 est;
876 446 1029 517 periit
1057 464 1154 503 una
1190 463 1308 504 cum
1341 455 1677 522 possessione

12 532 17 561 ί
102 548 395 605 possessor,
442 535 767 592 domicilium
823 554 942 593 cum
994 554 1060 594 eo
1108 542 1196 611 qui
1244 553 1613 601 construxerat
1662 565 1677 601 :

12 624 15 655 ῖ
100 624 329 679 omnium
360 639 646 682 commune
669 627 970 697 sepulcrum
993 629 1127 685 facta
1153 640 1230 687 est
1261 633 1468 700 civitas,
1497 637 1679 706 sepul-

12 713 17 745 τ
99 729 244 770 crum
266 730 330 770 cx
356 723 595 786 tempore
614 726 1007 786 structum,non
1036 721 1104 775 ab
1127 721 1388 779 artificum
1409 725 1673 793 manibus,

12 808 15 819 '
97 806 184 862 sed
196 807 538 864 acalamitate
554 806 885 867 fabricatum.
903 811 999 867 Ubi
1012 813 1228 881 divitim,
1244 815 1333 871 ubi
1356 818 1573 887 rapinae,
1587 819 1676 874 ubi

12 902 13 921 δ
96 896 489 954 fraudationcs?
521 899 719 956 Videtis
740 944 755 968 ,
795 911 854 957 ut
878 906 1053 959 omnia
1079 908 1187 961 sint
1219 909 1426 964 araneis
1449 911 1677 967 viliora?

3233 369 3366 427 “‘30

1791 456 1877 512 hei
1904 457 2034 514 mihi
2060 477 2074 514 :
2097 460 2293 527 audivi,
2324 471 2377 520 et
2415 481 2521 521 non
2564 466 2698 523 facit)
2731 488 2743 523 :
2770 468 2920 538 illud,
2954 474 3036 530 hci
3067 478 3215 545 mihi,
3248 497 3369 539 mu.

1788 550 1999 607 tationis
2039 553 2092 608 in
2132 555 2321 611 melius
2354 566 2435 613 est
2477 560 2808 628 praeludium.
2851 564 3109 632 Peccasti,
3138 570 3361 627 luxistrl

1750 634 1758 640 ’
1786 640 2065 698 Peccatum
2087 646 2290 702 solvisti
2314 665 2327 701 :
2348 647 2450 703 Dic
2464 652 2596 705 enim
2624 664 2679 707 tu
2703 656 2897 725 primus
2917 658 3201 729 iniquitates
3229 672 3362 732 tuas,

1784 740 1842 785 ut
1873 732 2172 802 justiﬁceris
2213 735 2367 806 (Isai.
2399 740 2488 794 45.
2519 740 2635 811 26).
2668 743 2818 812 Quod
2857 746 2901 800 si
2940 751 3271 809 contristeris
3311 764 3367 811 et

1783 830 2007 877 maestus
2032 824 2150 891 ﬁas,
2181 836 2264 882 est
2286 828 2482 899 aliquid
2508 832 2695 887 salutis
2719 834 2771 888 in
2798 839 3069 906 mmstitia,
3095 856 3202 897 non
3235 860 3363 914 pro-

1782 920 1901 980 pter
1923 915 2192 970 mmstitize
2218 927 2456 974 naturam
2478 962 2493 987 ,
2523 922 2615 976 sed
2636 937 2852 996 propter
2883 928 3089 987 Domini
3119 926 3371 999 benigni-

1782 1009 1964 1058 tatem.
1996 1005 2065 1060 Et
2091 1007 2175 1062 cui
2205 1006 2401 1065 fuerint
2428 1023 2659 1081 peccata,
2685 1030 2790 1071 non
2820 1018 3104 1077 mediocris
3130 1034 3211 1079 est
3237 1039 3366 1081 con-

1780 1092 1970 1149 solatio
2008 1095 2152 1165 quod
2194 1098 2427 1169 seipsum
2469 1104 2763 1159 contristet.
2814 1106 2931 1162 Vidi
2970 1112 3133 1175 enim,
3168 1115 3359 1184 inquit,

1778 1183 1913 1253 quod
1936 1187 2256 1243 contristatus
2293 1199 2364 1244 est
2405 1200 2454 1245 et
2489 1204 2691 1249 incestus
2722 1197 2837 1265 fuit,
2873 1209 2921 1253 et
2956 1205 3129 1257 sanavi
3166 1183 3364 1265 datores

1777 1273 2065 1368 ejus‘Usai.
2090 1279 2179 1334 57.
2208 1279 2317 1350 18).
2368 1280 2413 1336 Ο
2448 1282 2765 1340 ineffabilem
2792 1286 3167 1361 benignitatem
3196 1306 3359 1368 atque

1777 1365 2089 1433 bonitatem,
2112 1385 2230 1440 qua:
2253 1373 2483 1441 exprimi
2506 1388 2610 1430 non
2638 1386 2814 1447 potest
2838 1379 2852 1433 l
2881 1379 3236 1441 Contristatus
3254 1365 3358 1456 est,

1775 1464 1831 1511 et
1858 1460 2039 1513 sanavi
2063 1474 2205 1514 eum.
2246 1461 2380 1529 Quid
2412 1478 2541 1519 vero
2565 1480 2834 1537 magnum,
2853 1471 2993 1539 quod
3012 1476 3356 1533 cuntristatus

1776 1549 1881 1603 sit?
1920 1550 2163 1623 Magnum
2208 1552 2260 1608 id
2305 1554 2519 1624 quidem
2549 1573 2654 1613 non
2683 1569 2783 1627 est,
2827 1562 2920 1615 sed
2966 1562 3092 1622 inde
3138 1571 3360 1627 sanandi

1774 1640 1987 1698 dolores
2013 1645 2127 1712 ejus
2147 1647 2481 1702 occasionem
2503 1649 2722 1719 arripui.
2752 1651 2989 1721 Vidistis,
3014 1668 3067 1712 ut
3096 1675 3200 1714 uno
3223 1671 3330 1717 tem

1776 1732 1921 1799 poris
1946 1744 2216 1787 momento
2237 1748 2425 1791 cuneta
2455 1738 2767 1809 collegerit?

1846 1819 1965 1874 Non
1992 1823 2053 1875 ob
2086 1832 2232 1878 terra:
2258 1834 2467 1893 motum,
2499 1829 2587 1881 sed
2610 1832 2671 1883 ob
2694 1846 2897 1885 causam
2926 1836 3036 1906 ejus
3061 1837 3352 1900 timendum.

1772 1939 1841 1949 —
1862 1909 2008 1965 Illam
2050 1914 2226 1983 itaque
2252 1930 2528 1985 vesperam
2562 1926 2716 1973 terra:
2746 1931 2922 1978 motus
2953 1937 3208 1995 perpetuo
3232 1944 3352 1984 cum

1771 2002 1964 2057 animis
2006 2005 2196 2059 vestris
2239 2006 2455 2062 volvite.
2498 2006 2629 2063 Nam
2666 2010 2757 2066 alii
2804 2014 3016 2083 quidem
3055 2033 3242 2073 omnes
3284 2015 3355 2069 αἱ)

1772 2100 1928 2147 terra:
1957 2103 2157 2149 motum
2186 2095 2376 2151 timore
2403 2100 2633 2169 correpti
2661 2112 2833 2168 erant,
2862 2119 2961 2174 ego
2985 2122 3109 2161 vero
3136 2120 3351 2181 propter

1770 2197 1984 2239 causam
2014 2195 2169 2241 terra:
2198 2197 2394 2242 motus.
2442 2187 2653 2246 Satisne
2690 2194 2909 2262 capitis,
2939 2197 3062 2266 quid
3087 2197 3355 2254 dixerim!

1772 2272 1850 2327 llli
1894 2273 2105 2343 quidem
2152 2278 2612 2346 pertimescebant,
2652 2297 2719 2337 ne
2757 2284 3063 2341 concideret
3088 2289 3274 2344 civitas
3298 2302 3351 2347 et

1770 2364 2050 2421 interirent
2095 2383 2109 2418 :
2162 2381 2262 2437 ego
2302 2384 2449 2434 vero,
2497 2371 2637 2441 quod
2684 2372 2835 2428 nobis
2879 2375 3134 2433 Dominus
3186 2381 3348 2437 iratus

1769 2463 1929 2519 esset,
1950 2456 2269 2511 metuebam.
2295 2457 2411 2513 Non
2440 2460 2581 2515 enim
2606 2477 2764 2531 grave
2783 2476 2864 2519 est
2886 2477 3109 2524 mortem
3132 2469 3348 2538 obiisse,

1766 2544 1863 2601 sed
1888 2561 2049 2616 grave
2077 2556 2160 2603 est
2187 2549 2468 2606 Dominum
2500 2553 2757 2609 irritasse.
2802 2555 2983 2626 Itaque
3012 2575 3116 2615 non
3137 2562 3248 2631 jam
3277 2565 3348 2620 ob

1768 2644 1926 2692 terra:
1952 2648 2156 2694 motum
2179 2640 2454 2710 pavebam,
2482 2643 2575 2698 sed
2604 2645 2674 2699 ob
2700 2659 2915 2701 causam
2939 2657 3098 2706 terra:
3125 2662 3306 2710 motus
3327 2697 3340 2709 .

1764 2743 1925 2784 causa
1965 2730 2107 2786 enim
2147 2739 2305 2786 terrae
2350 2741 2527 2789 motus
2573 2734 2664 2789 Del
2706 2745 2789 2791 est
2834 2738 2947 2803 ira;
2995 2756 3153 2810 porro
3189 2758 3347 2801 causa

1763 2818 1963 2875 divina:
1989 2820 2083 2877 ira:
2112 2833 2289 2876 nostra
2316 2831 2440 2878 sunt
2467 2833 2705 2893 peccata.
2732 2826 2847 2882 Noli
2872 2844 3119 2900 umquam
3145 2836 3346 2905 suppli-

1762 2911 1904 2966 cium
1935 2912 2123 2967 timere
2144 2954 2161 2980 ,
2194 2912 2288 2968 sed
2313 2914 2552 2984 supplicii
2579 2929 2850 2985 parentem
2877 2930 3174 2989 peccatum.
3199 2924 3345 2982 Con-

1762 3000 1959 3056 cutitur
1988 3002 2218 3057 civitas?
2241 3002 2377 3070 Quid
2405 3013 2516 3059 tum
2545 3008 2764 3075 postea?
2792 3009 2939 3065 Mens
2963 3027 3095 3069 vero
3122 3024 3207 3070 tua
3233 3032 3341 3075 non

1762 3100 2147 3161 conquassetur
2171 3108 2185 3145 :
2211 3092 2636 3168 quandoquidem
2666 3106 2719 3152 et
2750 3098 2800 3151 in
2829 3099 3030 3156 morbis
3064 3117 3128 3159 ac
3157 3106 3341 3163 vulne-

1759 3180 1908 3235 ribus
1937 3196 2041 3235 non
2067 3195 2161 3236 eos
2182 3182 2441 3252 lngemus,
2469 3184 2559 3254 qui
2590 3196 2863 3255 curantur,
2893 3190 2987 3245 sed
3013 3193 3099 3262 qui
3126 3194 3341 3252 insana-

1760 3270 1851 3325 bili
1879 3272 2065 3325 morbo
2085 3271 2345 3327 laborant.
2392 3272 2543 3339 Quod
2572 3284 2654 3330 est
2680 3278 2895 3334 morbus
2921 3290 2975 3336 et
3000 3284 3211 3352 vulnus,
3238 3285 3341 3341 hoc

1758 3370 1841 3417 est
1878 3360 2038 3417 etiam
2078 3371 2382 3431 peccatum;
2417 3365 2558 3435 quod
2593 3375 2678 3422 est
2712 3370 2877 3424 sectio
2901 3380 2956 3426 et
2983 3374 3336 3433 medicamen-

1762 3461 1892 3516 tum,
1925 3450 2026 3507 hoc
2051 3461 2133 3506 est
2161 3453 2320 3507 etiam
2352 3468 2529 3524 poena.

1829 3544 1881 3597 5.
1927 3542 2049 3597 Νοη
2073 3545 2158 3613 qui
2186 3545 2485 3615 puniuntur,
2517 3547 2607 3602 sed
2644 3550 2732 3617 qui
2774 3562 2980 3621 peccant
3020 3556 3244 3626 lugendi.
3266 3590 3334 3602 —

1757 3634 2097 3691 lntellexistis
2125 3635 2263 3705 quod
2290 3635 2447 3691 dico?
2483 3638 2756 3696 Attendite
2783 3658 2798 3694 :
2828 3644 2946 3698 volo
2971 3646 3115 3701 enim
3139 3649 3337 3704 oratio-

1757 3740 1878 3778 nem
1918 3724 2263 3794 pbilosophire
2300 3725 2507 3796 plenam
2533 3743 2628 3784 vos
2654 3729 2867 3788 docere.
2912 3733 3080 3800 Quam
3102 3740 3336 3795 :tandem

1754 3813 1825 3868 ob
1852 3827 2065 3868 causam
2093 3828 2187 3869 eos
2214 3814 2305 3883 qui
2343 3815 2668 3883 puniuntur,
2709 3834 2813 3875 non
2855 3837 2948 3876 eos
2991 3825 3079 3893 qui
3117 3838 3338 3895 peccant

1755 3903 2035 3975 lugemus?
2073 3904 2187 3959 Non
2226 3904 2368 3958 enim
2404 3918 2492 3960 res
2534 3906 2605 3960 ita
2645 3911 2819 3977 gravis
2842 3922 2924 3966 est
2955 3927 3127 3982 poena,
3164 3928 3221 3971 ut
3247 3934 3333 3973 res

1753 3994 1929 4064 gravis
1951 4002 2035 4049 est
2059 4004 2333 4063 peceatum
2364 4012 2377 4050 :
2405 4012 2526 4052 nam
2568 4014 2740 4068 pmna:
2753 4014 2909 4055 causa
2935 4013 3209 4071 peccatum
3228 4020 3332 4062 est.

1752 4083 1809 4138 Si
1834 4097 1994 4153 quem
2023 4083 2178 4153 igitur
2200 4084 2396 4140 videris
2420 4085 2699 4143 habentem
2725 4090 2893 4155 ulcus,
2926 4106 3136 4147 vermes
3156 4104 3212 4149 et
3234 4111 3323 4150 sa-

1753 4176 1891 4229 niem
1936 4189 1968 4229 a
2013 4189 2238 4243 corpore
2286 4174 2601 4241 deﬂuentes,
2650 4194 2747 4233 nec
2786 4179 2978 4234 vulnus
3020 4191 3195 4238 tamen
3239 4196 3328 4239 aut

1750 4256 1903 4321 ulcus
1941 4276 2215 4320 curantem
2246 4283 2259 4318 :
2290 4268 2515 4322 alterum
2542 4284 2669 4324 vero
2706 4273 2904 4340 pariter
2929 4271 3175 4327 allectum
3196 4316 3211 4339 ,
3237 4278 3325 4345 qui

1752 4360 2075 4414 medicorum
2125 4370 2303 4416 utatur
2340 4376 2498 4431 opera
2530 4403 2543 4427 ,
2585 4363 2675 4433 qui
2716 4373 2935 4433 uratur,
2976 4376 3225 4437 secetur,
3273 4382 3329 4425 et

1748 4450 1941 4505 acerba
1963 4450 2345 4505 medicamenta
2367 4451 2637 4522 deglutiat,
2659 4454 3102 4523 utrum,istorum,
3122 4472 3324 4527 quaeso,

1750 4537 1987 4607 lugebis!
2027 4553 2221 4593 eumne
2258 4541 2345 4609 qui
2376 4556 2518 4609 aeger
2553 4551 2655 4606 est,
2700 4558 2796 4596 nec
2836 4554 3072 4609 curatur,
3104 4560 3173 4600 an
3199 4562 3323 4601 eum

1748 4629 1839 4699 qui
1875 4644 2018 4699 aeger
2052 4638 2153 4695 est,
2181 4640 2234 4684 et
2264 4631 2517 4685 curatur?
2560 4631 2706 4685 llaud
2748 4631 3002 4698 dubium,
3032 4635 3158 4703 quin
3200 4630 3347 4691 eum

1749 4720 1943 4790 potius,
2000 4721 2260 4790 qui-cum
2317 4735 2459 4790 aeger
2507 4722 2609 4789 sit,
2656 4737 2757 4776 non
2792 4734 3027 4778 curatur.
3072 4726 3146 4781 Ita
3194 4744 3328 4797 quo-

1746 4826 1849 4879 que
1873 4818 2178 4880 peccatores
2201 4810 2307 4864 sint
2331 4809 2454 4873 duo,
2477 4827 2699 4881 quorum
2725 4827 2861 4867 unus
2888 4813 3100 4883 quidem
3131 4819 3319 4884 punia-

1747 4912 1852 4969 tur,
1883 4902 2019 4959 alter
2041 4916 2168 4957 vero
2192 4916 2295 4958 non
2320 4903 2602 4971 puniatur:
2628 4918 2694 4958 ne
2713 4903 2882 4971 dicas,
2908 4906 3090 4961 beatus
3109 4906 3196 4962 hic
3215 4918 3321 4975 est,

1744 4993 1867 5063 quia
1887 4991 2083 5048 divitiis
2104 4990 2293 5058 afﬂuit,
2316 4991 2584 5062 orphanos
2601 4993 2814 5063 spoliat,
2834 4995 3018 5049 viduas
3032 4998 3286 5065 opprimit
3308 5017 3321 5053 :

1745 5065 1954 5139 tametsi
1981 5097 2087 5137 non
2113 5092 2353 5154 aegrotat,
2384 5082 2478 5139 sed
2505 5096 2626 5138 cum
2652 5084 2840 5153 rapiat,
2863 5095 2946 5141 est
2969 5086 3022 5140 in
3042 5089 3318 5143 existima-

1746 5173 1911 5238 tione,
1940 5172 2240 5227 cumulatur
2265 5172 2469 5228 honore
2487 5214 2503 5238 ,
2541 5173 2863 5241 dominatur,
2894 5177 3053 5231 nullis
3079 5178 3319 5233 adversis

1743 5278 1921 5318 rerum
1963 5262 2308 5319 humanarum
2348 5264 2557 5319 casibus
2594 5264 2834 5333 laeditur,
2870 5281 2975 5323 non
3016 5266 3182 5333 febri,
3211 5282 3318 5323 non

1744 5352 2114 5419 afllictatione,
2144 5369 2251 5408 non
2279 5354 2386 5409 alio
2407 5355 2593 5425 quovis
2622 5356 2812 5412 morbo
2841 5375 2854 5409 :
2882 5357 3168 5413 liberorum
3198 5359 3318 5414 cin—

1741 5443 1882 5512 gitur
1918 5442 2104 5509 choro,
2140 5452 2468 5499 senectutem
2495 5445 2648 5500 beate
2677 5445 2958 5516 transigit:
2990 5455 3045 5500 at
3083 5446 3225 5502 hunc
3262 5458 3317 5503 tu

1743 5535 1971 5590 nissime
1999 5534 2141 5604 luge,
2163 5533 2307 5605 quod
2330 5544 2549 5606 aegrotet
2567 5578 2584 5602 ,
2614 5550 2713 5601 nes
2738 5546 2913 5596 tamen
2936 5548 3169 5594 curetur.
3200 5539 3319 5609 Quo

1745 5625 1955 5681 tandem
1980 5633 2155 5697 pacto,
2181 5639 2281 5696 ego
2307 5623 2503 5682 dicam.
2531 5624 2586 5682 Si
2614 5641 2774 5698 quem
2798 5627 2992 5685 videris
3015 5637 3315 5700 correptum

1748 5719 2053 5793 liydropisi,
2092 5719 2284 5790 cuique
2331 5718 2493 5777 lienis
2530 5735 2594 5776 ex
2638 5720 2910 5781 doloribus
2946 5735 3140 5792 corpus
3176 5723 3311 5778 intu.
