3828 6226
495 318 517 371 1
529 314 626 372 051

493 430 707 496 tnuerit,
736 441 835 484 nec
877 434 1052 481 tamen
1089 427 1267 477 currat
1307 416 1375 471 ad
1416 413 1712 479 medicum,
1742 408 1836 467 sed
1867 406 2072 478 frigida:

494 531 620 594 potu
648 536 707 577 se
731 519 994 580 oblectet,
1025 527 1088 568 ac
1111 506 1408 584 Sybaritica
1441 520 1623 560 mensa
1651 508 1874 564 fruatur,
1896 497 2073 568 quoti-

491 617 579 672 dic
600 612 913 675 inebrietur,
940 602 1191 662 satellitio
1217 601 1461 669 stipctur,
1494 604 1550 650 et
1575 594 1818 648 morbum
1846 597 2070 659 augeat:

491 678 630 762 cedo
667 704 951 760 bcatumne
993 692 1303 766 praedicabis
1347 686 1605 760 ejusmodi
1655 684 1956 747 hominem,
2005 693 2073 733 an

493 809 620 851 vero
649 792 901 847 miserunt
928 781 1222 856 iudicabis?
1251 777 1403 848 Quud
1429 777 1474 832 si
1502 776 1726 830 alterum
1753 770 1946 826 videris
1971 768 2072 839 hy.

491 886 690 957 dropisi
719 888 1052 950 correptum,
1087 874 1176 946 qui
1203 870 1527 927 medicorum
1555 863 1796 921 manibus
1824 867 2072 925 curetur,

490 977 584 1050 qui
608 974 731 1032 fami
753 973 985 1042 seipsum
1008 965 1186 1027 dedat,
1211 963 1298 1033 qui
1327 959 1491 1016 multa
1506 963 1789 1050 prematur
1814 957 2072 1050 egestate,

489 1039 580 1142 qui
601 1039 1006 1122 medicamentis
1036 1055 1250 1112 assidue
1287 1047 1587 1122 peracerbis
1612 1051 1808 1142 utatur,
1836 1057 1955 1142 quae
1979 1039 2074 1094 do-

492 1133 661 1214 lorem
685 1155 898 1227 quidem
919 1149 1166 1213 afferunt,
1191 1145 1283 1200 sed
1309 1142 1588 1199 sanitatem
1612 1137 1798 1227 dolore
1820 1133 2032 1205 pariunt
2056 1148 2071 1185 :

465 1264 671 1308 nonne
697 1226 838 1303 hunc
868 1258 976 1314 pne
1007 1241 1098 1296 illo
1129 1239 1338 1292 beatum
1378 1231 1554 1289 dices?
1595 1226 1850 1286 Confessa
1881 1239 1969 1280 res
1993 1230 2077 1278 est

489 1358 553 1399 ac
578 1337 857 1397 manifesta
890 1352 903 1388 :
932 1347 1052 1387 nam
1078 1343 1214 1385 unus
1241 1325 1453 1398 quidem
1478 1336 1619 1389 aeger
1639 1328 1719 1373 est
1736 1358 1752 1384 ,
1792 1330 1892 1371 nec
1916 1327 2075 1368 cura-

493 1443 581 1490 tur
614 1449 629 1487 :
657 1429 795 1484 alter
819 1433 996 1480 autem
1021 1435 1162 1492 arger
1186 1427 1290 1483 est,
1317 1413 1410 1468 sed
1438 1410 1766 1466 medicorum
1792 1418 1955 1476 opera
1981 1401 2078 1457 uti-

492 1534 599 1579 tur.
626 1521 698 1577 At
720 1519 863 1574 enim
887 1514 1104 1568 molesta
1128 1519 1208 1564 est
1229 1505 1432 1562 curatio
1457 1521 1470 1556 :
1491 1515 1670 1556 verum
1695 1497 1836 1553 utilis
1856 1504 1938 1551 est
1961 1495 2076 1563 ejus

495 1613 635 1668 ﬁnis.
665 1610 738 1666 Ita
759 1619 969 1678 quoque
991 1611 1188 1657 nostra:
1210 1597 1368 1666 hujus
1387 1594 1509 1647 vitae
1529 1607 1588 1646 se
1612 1605 1700 1645 res
1723 1587 1949 1650 habent;
1980 1583 2075 1678 sed

494 1722 525 1760 a
554 1676 866 1772 corporibus
895 1707 1198 1751 sermonem
1231 1684 1457 1743 transfer
1483 1682 1548 1738 ad
1570 1681 1796 1744 animas,
1819 1694 1854 1772 a7
1873 1676 2076 1731 morbis

493 1798 560 1851 ad
595 1771 830 1864 peccata,
855 1788 924 1844 ab
943 1785 1234 1842 acerbitate
1262 1779 1768 1834 medicamentorqu
1795 1771 1859 1825 ad
1893 1783 2077 1864 poenas

491 1899 541 1943 et
556 1859 810 1958 judicium
822 1879 1078 1936 divinum.
1101 1871 1256 1942 Quod
1271 1871 1410 1927 enim
1428 1875 1511 1924 est
1530 1859 2079 1958 medicattientumad-

490 1953 718 2032 hibitum
738 1987 768 2026 a
790 1970 1085 2036 medico,et
1099 1964 1264 2020 sectio
1278 1971 1333 2017 et
1351 1959 1508 2031 ignis,
1523 1959 1624 2013 hoc
1642 1964 1725 2011 est
1743 1971 1772 2009 a
1803 1955 1912 2010 Deo
1933 1953 2076 2007 illata

494 2088 671 2144 pretia.
698 2069 830 2127 Nam
851 2074 910 2122 ut
921 2071 1287 2134 saepenumero
1307 2055 1553 2112 admotus
1574 2053 1709 2124 ignis
1728 2050 1851 2115 urit,
1869 2058 1929 2144 et
1937 2047 2081 2144 sistit

495 2139 645 2218 ulcus
659 2159 798 2232 quod
813 2155 1078 2230 pascendo
1090 2151 1274 2222 serpit,
1287 2157 1342 2204 et
1352 2147 1734 2202 ferramentum
1747 2139 2078 2211 putredinem

495 2255 760 2319 exhaurit,
791 2251 1032 2307 dolorem
1061 2245 1275 2317 quidem
1301 2243 1537 2303 inurens,
1566 2235 1661 2293 sed
1693 2234 1968 2289 utilitatem
1996 2241 2078 2287 ta-

481 2364 619 2408 .men
645 2345 858 2416 pariens
890 2341 1001 2396 :ita
1026 2346 1080 2393 et
1103 2337 1269 2391 l‘ames
1289 2375 1306 2402 ,
1343 2341 1398 2388 et
1430 2339 1628 2402 pestes,
1655 2337 1708 2383 et
1731 2337 2080 2397 quaecumque

497 2437 636 2494 mala
661 2449 782 2492 esse
808 2431 1072 2496 videntur,
1120 2425 1248 2482 ferri
1306 2424 1424 2479 loco
1456 2429 1511 2476 et
1545 2419 1681 2490 ignis
1725 2416 2080 2472 admoventur

479 2529 709 2588 .anitnaa,
733 2532 792 2580 ut
808 2521 1210 2592 aegrotationum
1231 2514 1347 2585 ejus
1371 2513 1520 2568 ulcus
1541 2509 1834 2580 depascens
1847 2505 1915 2562 ad
1935 2505 2081 2560 simi-

497 2618 774 2676 litudinem
789 2625 1076 2684 corporum
1096 2607 1402 2672 cohibeant,
1423 2615 1646 2672 eamque
1666 2598 1940 2656 meliorem
1965 2594 2080 2650 effi—

496 2711 660 2766 ciant.
693 2707 895 2764 Bursus
919 2703 1026 2758 duo
1047 2709 1204 2756 sunto
1229 2703 1581 2760 scortatores;
1606 2691 1841 2747 sermoni
1862 2689 2082 2746 subesse

483 2799 820 2870 intelligatur
839 2797 1013 2865 imago
1036 2809 1050 2846 :
1073 2792 1198 2855 duo,
1225 2790 1460 2858 inquam,
1483 2791 1824 2847 scortatores,
1852 2793 2080 2851 quorum

488 2906 635 2950 .unus
673 2890 820 2944 dives
847 2885 952 2952 sit,
993 2897 1191 2953 pauper
1213 2880 1394 2934 alter:
1427 2885 1545 2931 uter
1581 2888 1766 2930 eorum
1803 2871 2081 2927 meliorem

499 2982 662 3039 habet
688 2993 837 3050 spem
867 2974 1087 3032 salutis?
1131 2969 1279 3026 [laud
1305 2967 1524 3024 dubium
1549 2965 1676 3036 quin
1707 2978 1924 3034 pauper.
1963 2960 2081 3015 Noli

495 3086 627 3142 ergo
677 3070 856 3125 dicere
887 3084 900 3120 :
931 3065 1082 3121 dives
1129 3069 1432 3124 seortatur,
1481 3065 1535 3112 et
1578 3056 1768 3124 opibus
1812 3051 2077 3116 abundat;

491 3163 698 3219 idcirco
745 3160 956 3216 beatum
995 3156 1168 3226 ipsum
1216 3150 1446 3223 pradico
1486 3166 1500 3204 :
1556 3147 1684 3218 quin
1733 3145 1904 3216 potius
1952 3143 2079 3196 bene

503 3259 613 3304 tum
638 3246 784 3302 illum
805 3260 833 3298 a
856 3251 908 3298 te
928 3237 1201 3312 praedicari
1217 3234 1516 3307 oportebat,
1533 3235 1576 3288 si
1597 3247 1716 3287 cum
1735 3238 2075 3294 scnrtaretur,

497 3351 702 3408 pauper
726 3341 870 3391 esset
901 3350 914 3386 :
941 3333 988 3387 si
1024 3346 1144 3386 cum
1175 3335 1518 3390 seortaretur,
1546 3324 1685 3379 fame
1706 3329 2035 3394 premeretur
2063 3337 2078 3375 :

502 3427 723 3482 haberet
746 3424 888 3481 enim
912 3421 1158 3476 adactum
1196 3417 1510 3475 necessitate
1545 3414 1817 3470 doctorem
1849 3411 2082 3482 philoso-

503 3518 664 3589 phizc,
690 3520 1075 3587 paupertatem.
1101 3511 1235 3566 Cum
1275 3509 1434 3578 igitur
1462 3505 1759 3576 improbum
1781 3502 1977 3558 videris
1997 3516 2080 3557 se-

501 3609 677 3668 eunda
714 3615 950 3663 utentem
979 3603 1212 3669 fortuna,
1236 3603 1530 3672 laerymare
1555 3616 1567 3652 :
1595 3598 1702 3653 duo
1722 3597 1916 3668 quippe
1941 3594 2080 3651 mala

504 3712 650 3769 sunt,
671 3700 860 3766 morbo
884 3697 1081 3768 urgeri,
1104 3706 1160 3752 et
1187 3692 1530 3754 insanabilem
1558 3704 1696 3746 esse.
1723 3690 1856 3744 Cum
1884 3687 2082 3743 videris

503 3793 802 3865 improbum
829 3788 1218 3846 calamitatibus
1249 3785 1436 3856 premi,
1466 3783 1764 3850 consolare,
1788 3799 1894 3838 non
1921 3780 2081 3837 modo

504 3885 626 3956 quia
651 3882 840 3939 melior
863 3879 1126 3943 redditur,
1156 3877 1248 3933 sed
1272 3876 1394 3946 quia
1421 3874 1582 3928 multa
1612 3873 1727 3944 ejus
1752 3884 1969 3942 peccata
1995 3870 2083 3928 hic

503 3973 804 4045 expiantur.
847 3968 1077 4025 Attende
1113 3967 1393 4036 diligenter
1415 3963 1481 4018 ad
1507 3979 1570 4019 ea
1595 3979 1713 4032 qua:
1735 3962 1890 4027 dico;
1929 3961 2080 4016 multi

505 4065 749 4122 homines
771 4070 827 4118 ct
849 4061 936 4124 hic
959 4059 1255 4130 expiantur,
1289 4064 1343 4111 et
1377 4055 1484 4110 illic
1511 4053 1812 4124 plectuntur
1840 4070 1855 4107 :
1884 4052 1973 4108 alii
1997 4052 2084 4107 hic

505 4166 732 4222 tantum,
777 4153 868 4209 alii
919 4151 1027 4206 illic
1075 4159 1300 4204 tantum.
1354 4145 1518 4216 lnlige
1561 4145 1740 4199 animo
1784 4142 2080 4199 doctrinam

507 4262 682 4303 meam
713 4262 728 4301 :
752 4243 840 4300 hic
867 4243 1061 4313 quippe
1086 4253 1266 4295 sermo
1285 4246 1472 4292 exacte
1497 4235 1768 4292 discussus
1793 4235 1986 4291 multas
2012 4248 2082 4290 ex

505 4337 686 4392 animo
709 4343 801 4389 tuo
823 4331 1257 4404 perturbationes
1281 4327 1478 4399 ejiciet.

575 4429 783 4484 Beatius
808 4437 881 4482 est
921 4427 973 4480 in
999 4425 1095 4478 hac
1131 4423 1233 4478 rita
1261 4420 1453 4493 puniri.
1493 4448 1562 4460 —
1589 4417 1697 4476 Sed
1743 4419 1970 4489 primum
1990 4459 2007 4486 ,
2037 4418 2082 4474 si

504 4520 697 4592 placet,
731 4518 784 4573 in
818 4516 1052 4573 medium
1079 4512 1412 4586 proferamus
1451 4526 1572 4566 eum
1592 4551 1609 4576 ,
1634 4513 1727 4581 qui
1754 4509 1868 4566 illic
1896 4509 2084 4581 punia-

506 4621 613 4678 tur,
644 4611 732 4666 hic
757 4623 886 4666 vero
905 4607 1112 4664 deliciis
1146 4604 1344 4676 potitus
1367 4603 1524 4660 fuerit
1553 4621 1566 4658 :
1591 4602 1867 4659 attendant
1892 4603 2084 4659 divites

502 4712 556 4759 et
594 4715 856 4772 pauperes
875 4699 940 4754 iis
971 4713 1088 4769 qua:
1108 4697 1356 4752 dicuntur
1384 4713 1398 4750 :
1430 4695 1670 4765 utrisque
1705 4709 1933 4764 namque
1958 4709 2084 4765 per-

505 4791 650 4846 utilis
688 4800 773 4845 est
805 4788 1068 4844 doctrina.
1095 4785 1165 4842 Ut
1201 4785 1344 4841 enim
1373 4785 1512 4840 scias
1547 4783 1633 4840 bic
1669 4793 1726 4840 et
1757 4784 1864 4840 illic
1889 4785 2086 4839 multos

507 4881 707 4952 puniri,
735 4877 1004 4936 Christum
1033 4877 1296 4933 dicentem
1325 4874 1447 4930 audi
1475 4892 1490 4928 :
1513 4871 1580 4928 In
1598 4890 1962 4946 quamcumque
1986 4891 2083 4928 au-

509 4982 610 5030 tem
631 4971 879 5024 ciuitatem
915 4977 1002 5021 aut
1030 4967 1236 5021 domum
1272 4965 1576 5021 intraueritis
1593 5005 1609 5031 ,
1639 4965 1884 5019 intrantes
1907 4965 1961 5019 in
1989 4966 2085 5019 do-

505 5077 646 5116 mum
688 5058 905 5115 salutate
947 5074 1058 5113 eam
1090 5057 1348 5112 dicentes:
1389 5073 1493 5128 patr
1539 5056 1656 5110 huic
1698 5057 1870 5110 domui
1899 5073 1918 5123 ;
1961 5066 2007 5110 et
2043 5057 2088 5110 si

509 5152 710 5222 quidem
741 5149 892 5222 fuerit
913 5147 1094 5202 domus
1119 5147 1211 5202 illa
1233 5147 1406 5218 digna,
1433 5148 1596 5202 ueniat
1622 5163 1726 5218 pax
1751 5157 1912 5202 uestra
1934 5165 2088 5219 super

509 5257 657 5308 um;
681 5241 728 5295 si
759 5249 926 5294 autem
951 5254 1052 5293 non
1075 5238 1226 5309 fuerit
1264 5238 1437 5308 digna,
1466 5253 1569 5308 pax
1609 5247 1772 5291 vestra
1813 5248 2089 5292 revertatur

510 5333 578 5386 ad
599 5348 704 5386 vos.
735 5329 804 5386 Et
836 5329 1134 5402 quicumque
1161 5345 1263 5384 non
1293 5331 1530 5401 receperit
1554 5344 1659 5396 vos,
1680 5345 1838 5400 neque
1868 5331 2088 5385 audierit

507 5441 771 5481 sermones
808 5428 1028 5488 vestros,
1073 5427 1309 5475 exeuntes
1348 5418 1486 5489 foras
1523 5419 1586 5473 de
1622 5419 1840 5487 civitate,
1875 5421 2091 5476 excutite

514 5512 764 5582 puluerem
803 5511 866 5566 de
891 5511 1101 5580 pedibus
1133 5511 1324 5565 uestris.
1355 5511 1515 5564 Amen
1555 5511 1672 5566 dico
1702 5513 1870 5579 vobis,
1901 5513 2088 5568 tolera-

517 5602 666 5658 bilius
690 5605 784 5657 erit
823 5613 971 5658 terra:
993 5602 1340 5658 Sodomorum
1373 5611 1418 5656 et
1453 5599 1897 5657 Gomorrharorum
1933 5605 1986 5658 in
2009 5605 2092 5660 die

515 5693 720 5766 iudicii,
733 5710 885 5765 quam
908 5693 987 5749 illi
1009 5693 1215 5749 civitati.
1246 5692 1315 5749 In
1341 5709 1704 5766 quamcumque
1725 5704 1891 5750 autem
1911 5697 2088 5752 civita-

1232 301 1289 357 S.
1330 297 1606 357 JOANNiS
1641 288 2115 352 CHRYSOSTOMI
2155 289 2473 347 ARClllEP.
2515 287 3051 346 CONSTANTINOP.

3649 288 3766 344 1033

2184 414 2284 458 tem
2303 415 2392 460 aut
2411 406 2616 460 domum
2636 405 2965 473 intraueritis,
2987 406 3288 477 interrogate
3301 406 3417 474 quis
3442 405 3501 460 in
3518 421 3586 460 ea
3609 407 3770 476 dignus

2181 495 2276 559 sit,
2301 505 2352 550 et
2381 495 2453 550 ibi
2480 508 2706 565 manete,
2747 498 2908 552 donec
2935 498 3121 552 ementis
3146 497 3362 568 (Matth.
3400 498 3500 554 10.
3540 498 3664 567 Η).
3701 499 3768 553 Ex

2182 585 2266 642 his
2290 587 2458 658 liquet
2499 587 2804 644 Sodomitas
2832 599 2887 646 et
2929 589 3307 646 Gomorrhtcos
3343 601 3400 647 et
3437 592 3531 647 hic
3575 595 3772 661 punitas

2182 675 2365 744 fuisse,
2391 687 2445 733 et
2469 679 2577 734 illic
2597 680 2753 748 plecti
2777 697 2792 735 :
2823 695 2945 737 cum
2967 682 3108 737 enim
3131 682 3272 737 dicat
3296 683 3649 739 tolerabilius
3680 685 3777 740 fore

2181 769 2469 826 Sodomitis
2495 787 2654 842 quam
2683 771 2818 840 istis,
2846 772 3080 828 ostendit
3103 788 3196 829 eos
3226 774 3386 844 plecti
3415 774 3678 846 quidem,
3698 778 3777 832 sed

2183 876 2288 916 non
2321 862 2391 916 ita
2423 873 2479 917 ut
2503 863 2609 918 isti.
3069 931 3074 936 _

2251 955 2303 1007 4.
2333 953 2468 1010 Sunt
2506 969 2720 1019 rursus,
2751 955 2844 1025 qui
2869 956 3174 1026 plectuntur
3212 957 3302 1014 hic
3327 968 3545 1015 tantum
3570 1001 3591 1026 ,
3619 972 3680 1015 ut
3708 963 3779 1017 ille

2181 1052 2480 1099 scortator:
2527 1045 2607 1100 sic
2649 1046 2792 1100 enim
2835 1046 2904 1102 ad
2947 1047 3254 1104 Corinthios
3303 1051 3566 1107 scribens
3607 1053 3780 1109 beatas

2181 1134 2374 1189 Paulus
2416 1135 2663 1190 dicebat:
2699 1135 2920 1192 Omnino
2955 1139 3162 1193 auditur
3195 1140 3326 1194 inter
3369 1157 3463 1196 vos
3490 1145 3779 1212 fornicatis,

2181 1238 2226 1280 et
2251 1227 2366 1280 talis
2391 1229 2680 1299 foruicatio,
2709 1231 2877 1299 qualis
2899 1247 2990 1285 nec
3017 1231 3146 1285 inter
3164 1243 3354 1303 gentes,
3386 1236 3464 1287 ita
3491 1246 3552 1288 ut
3582 1252 3783 1290 uxore:

2181 1322 2340 1392 patris
2384 1324 2464 1376 sui
2506 1324 2689 1394 aliquis
2726 1324 2927 1378 habeat.
2971 1324 3034 1378 Et
3078 1341 3164 1380 vos
3202 1328 3372 1396 inﬂati
3407 1329 3576 1394 estis,
3608 1339 3660 1383 et
3697 1346 3780 1382 nos

2181 1415 2341 1484 magis
2365 1413 2555 1468 luctum
2579 1415 2856 1480 habuistis,
2888 1424 2945 1469 ut
2991 1416 3198 1470 tollatur
3231 1418 3296 1471 de
3323 1418 3501 1472 medio
3536 1431 3779 1483 vestrum,

2179 1509 2267 1576 qui
2291 1508 2386 1561 hoc
2413 1524 2540 1579 Opus
2569 1509 2706 1582 fecit.
2742 1507 2852 1580 Ego
2872 1510 3072 1578 quidem
3091 1509 3268 1565 absens
3292 1527 3539 1580 corpore,
3572 1530 3784 1582 prima:

2181 1609 2345 1654 autem
2371 1600 2576 1670 spiritu,
2599 1601 2714 1672 jam
2729 1601 2960 1671 judicavi
2981 1611 3036 1654 ut
3061 1616 3279 1672 prwscns
3304 1618 3423 1655 eum
3452 1604 3550 1672 qui
3576 1605 3654 1657 sic
3681 1621 3785 1672 ope-

2180 1699 2319 1744 ratus
2347 1690 2494 1745 estin
2525 1691 2729 1746 nomine
2755 1691 2961 1746 Domini
2987 1692 3145 1745 nostri
3163 1690 3286 1746 Iesu
3310 1692 3548 1761 Christi,
3580 1710 3784 1766 congrr.

2181 1783 2312 1852 gatis
2341 1782 2501 1849 nobis,
2525 1793 2571 1838 et
2585 1784 2770 1855 spiritu
2799 1800 2932 1850 meo,
2966 1785 3164 1838 tradere
3189 1785 3493 1854 hujusmodi
3521 1796 3725 1841 mturare
3743 1790 3784 1842 is

2180 1873 2442 1928 interitum
2480 1875 2683 1939 carnis,
2710 1883 2763 1928 ut
2789 1875 2999 1944 spiritus
3041 1875 3210 1928 salvus
3255 1877 3318 1929 sit
3361 1876 3416 1929 in
3447 1877 3542 1931 die
3588 1876 3787 1931 Domini

2179 1962 2308 2019 Jesu
2363 1966 2439 2037 (l.
2476 1965 2594 2021 Cor.
2639 1965 2694 2022 5.
2745 1967 2822 2036 l).
2875 1964 3038 2021 Vides
3097 1974 3156 2021 ut
3209 1965 3295 2021 hic
3345 1967 3623 2036 puniatur
3668 1969 3785 2034 iste,

2164 2071 2285 2128 nec
2336 2057 2444 2113 illic
2487 2057 2774 2128 puniatur?
2819 2057 2952 2112 Nam
2993 2058 3242 2128 quoniam
3292 2057 3386 2113 hic
3427 2058 3561 2128 ejus
3603 2073 3788 2129 corpus

2189 2147 2430 2218 punitum
2473 2156 2576 2213 est,
2617 2147 2727 2202 illic
2753 2163 2859 2202 non
2883 2148 3117 2218 punitur.
3150 2147 3266 2203 Jam
3303 2150 3615 2204 ostendere
3655 2151 3786 2204 illum

2185 2240 2331 2305 volo,
2358 2238 2448 2310 qui
2477 2238 2682 2295 deliciis
2710 2239 2797 2295 bic
2826 2239 3061 2304 fruatur,
3096 2247 3152 2294 ct
3181 2239 3286 2293 illic
3312 2239 3622 2309 plectatur.
3654 2241 3786 2295 Dim

2184 2340 2293 2387 erat
2321 2331 2548 2402 quidam.
2581 2333 2651 2386 At
2681 2331 2894 2386 tametsi
2937 2329 3178 2385 historian
3221 2331 3613 2387 narrationem
3654 2343 3783 2387 ante-

2183 2421 2389 2477 vertitis
2411 2460 2428 2489 ,
2457 2430 2765 2491 exspectate
2807 2421 2966 2474 tinem
3002 2421 3293 2487 orationis;
3324 2420 3448 2476 haec
3496 2424 3655 2477 enim
3685 2440 3782 2477 nua

2184 2515 2302 2570 laus
2326 2524 2431 2582 est,
2463 2523 2809 2584 vestrumque
2851 2514 3179 2583 prteconium
3199 2555 3214 2580 ,
3247 2523 3304 2568 ut
3339 2515 3460 2583 jam
3490 2514 3630 2568 dum
3661 2515 3784 2585 prin-

2184 2606 2324 2677 cipia
2362 2615 2645 2673 seruntur,
2685 2620 2782 2660 vos
2823 2613 3032 2674 segetes
3077 2604 3349 2675 colligatis
3388 2623 3403 2658 :
3435 2606 3671 2660 assidua
3709 2622 3809 2674 ros,

2184 2711 2494 2752 sermonum
2541 2695 2745 2752 auditio
2791 2695 3042 2750 doctores
3083 2694 3356 2750 reddidit:
3398 2695 3509 2750 sed
3544 2701 3785 2767 quoniam

2185 2789 2459 2845 vobiscum
2487 2798 2542 2843 et
2581 2786 2820 2842 nonnulli
2841 2786 3108 2858 peregrini
3154 2796 3280 2840 sunt
3313 2787 3560 2856 ingressi
3585 2828 3604 2855 ,
3637 2789 3784 2842 nolite

2185 2893 2425 2946 currere,
2451 2878 2547 2935 sed
2573 2893 2667 2934 eos
2685 2879 2775 2949 qui
2805 2878 3124 2944 claudicant,
3149 2886 3491 2948 exspectate.
3517 2879 3781 2951 Siquidem

2188 2985 2386 3041 corpus
2409 2979 2493 3025 est
2514 2969 2754 3024 Ecclesia
2783 2986 2797 3022 :
2826 2968 3040 3024 oculum
3069 2969 3226 3024 habet
3246 2979 3300 3023 ct
3324 2983 3501 3040 caput.
3521 2971 3713 3026 habet.
3733 2971 3782 3026 la

2186 3063 2348 3133 igitur
2376 3061 2422 3116 si
2447 3061 2695 3116 calcaneo
2715 3061 2870 3130 spina
2911 3063 2979 3116 sit
3016 3062 3196 3129 infixa,
3226 3061 3490 3117 deorsum
3520 3064 3719 3118 omitus
3740 3079 3785 3118 se

2187 3152 2429 3218 inclinat,
2456 3151 2597 3222 quod
2638 3151 2938 3206 membrum
2973 3152 3043 3207 sit
3079 3153 3323 3222 corporis
3350 3194 3366 3217 ,
3401 3169 3601 3225 neque
3627 3155 3784 3211 dicit:

2187 3242 2629 3314 Quandoquidem
2659 3244 2715 3297 in
2740 3243 2851 3299 alto
2891 3243 3076 3311 sedeo,
3109 3244 3410 3299 membrum
3442 3246 3607 3316 quod
3648 3247 3784 3302 deor-

2186 3350 2304 3390 sum
2328 3344 2411 3390 est
2436 3334 2585 3389 nihili
2604 3334 2779 3402 facio;
2810 3335 2905 3390 sed
2932 3335 3150 3390 inclinat
3178 3351 3259 3402 se,
3287 3351 3576 3409 suamque
3602 3339 3784 3396 deserit

2187 3425 2524 3480 altitudinem
2553 3441 2567 3479 :
2598 3425 2810 3480 tametsi
2851 3425 2977 3496 quid
3011 3426 3261 3481 calcaneo
3291 3427 3501 3482 vilius?
3530 3440 3633 3484 aut
3678 3432 3784 3501 quid

2187 3518 2348 3573 oculo
2375 3517 2642 3572 nobilius?
2668 3517 2775 3574 Sed
2820 3517 3232 3589 inrequalitatem
3275 3522 3544 3590 cognatio
3596 3533 3785 3577 natura

2187 3608 2428 3678 corrigit,
2459 3616 2514 3662 et
2541 3608 2735 3663 caritas
2758 3608 2939 3664 omnia
2965 3609 3175 3664 miscet.
3221 3607 3297 3663 lta
3323 3608 3410 3664 fac
3445 3619 3509 3665 tu
3537 3628 3781 3684 quoque:

2187 3698 2430 3768 quamvis
2449 3699 2594 3754 celer
2617 3708 2674 3754 et
2697 3699 2978 3768 expeditus
3018 3699 3124 3764 sis,
3153 3711 3313 3770 atque
3339 3700 3410 3754 ad
3460 3702 3780 3760 audiendum

2187 3801 2424 3860 paratus,
2451 3789 2497 3845 si
2522 3789 2739 3845 fratrem
2773 3791 2991 3856 trabeas,
3019 3791 3108 3860 qui
3133 3806 3192 3846 ea
3225 3807 3345 3860 qua:
3371 3805 3780 3863 proponuntur,

2187 3883 2396 3951 assequi
2429 3889 2691 3951 nequeat,
2733 3881 3024 3937 descendat
3055 3882 3122 3936 ad
3162 3881 3364 3937 calcem
3410 3887 3622 3941 oculus
3645 3895 3782 3950 tum.

2188 3970 2540 4027 claudicantis
2563 3971 2788 4026 membri
2815 3973 3280 4028 commiseratione
3307 3981 3602 4045 tangatur,
3635 3978 3708 4032 ita
3733 3988 3783 4031 ut

2188 4061 2260 4117 ob
2290 4070 2435 4117 tuam
2459 4061 2788 4118 celeritatem
2813 4071 2869 4118 et
2907 4064 3048 4118 illius
3087 4063 3390 4120 tarditatem
3428 4081 3644 4138 expers
3685 4085 3785 4124 ser-

2189 4152 2366 4206 monis
2397 4152 2511 4220 ipse
2528 4166 2632 4207 non
2655 4162 2904 4208 maneat:
2939 4155 3046 4209 noli
3074 4163 3164 4210 tua
3189 4155 3550 4226 intelligentia
3577 4161 3635 4214 in
3662 4161 3783 4215 illius

2190 4241 2479 4312 perniciem
2505 4241 2673 4309 abuti,
2706 4242 2800 4297 sed
2823 4245 2890 4298 ob
2918 4253 3062 4298 tuam
3083 4245 3419 4301 celeritatem
3457 4248 3579 4304 Deo
3601 4254 3782 4321 gratias

2190 4345 2309 4402 age.
2337 4331 2494 4388 Dives
2531 4331 2628 4388 es?
2652 4333 2860 4403 gaudeo
2890 4334 3343 4406 vehementerque
3377 4336 3545 4393 hetor
3573 4357 3591 4393 :
3631 4353 3687 4396 at
3713 4343 3780 4396 ille

2192 4439 2394 4495 pauper
2417 4423 2592 4479 adhuc
2613 4435 2695 4480 est
2724 4442 2737 4478 :
2767 4440 2835 4482 ne
2858 4436 3075 4497 propter
3095 4427 3307 4483 divitias
3334 4438 3460 4484 tuas
3479 4431 3537 4485 in
3561 4445 3782 4503 egestate
3807 4429 3809 4503 ἢ

2193 4447 2394 4495 pauper
2417 4447 2592 4479 auuuc
2613 4447 2695 4480 CSI
2724 4447 2737 4478 :
2767 4447 2835 4482 ne
2859 4447 3075 4497 propter
3095 4447 3307 4483 utvulas
3334 4447 3460 4484 tuas
3479 4448 3537 4485 In
3561 4447 3782 4503 egestate

2193 4526 2427 4572 maneat.
2477 4516 2694 4588 Spinam
2724 4517 2883 4574 habet
2908 4520 3032 4588 ille,
3065 4521 3432 4591 perturbatam
3477 4527 3750 4582 rationem
3773 4447 3810 4616 Il

2195 4617 2250 4664 tu
2277 4622 2404 4664 vero
2428 4608 2497 4663 ad
2518 4609 2664 4664 illum
2697 4610 2984 4677 descende,
3030 4627 3094 4667 ac
3112 4613 3320 4683 spinam
3357 4617 3632 4675 extrahe.
3667 4619 3783 4688 Quid

2195 4699 2353 4769 igitur
2380 4700 2492 4754 ait?
2530 4699 2682 4755 Dives
2720 4712 2826 4755 erat
2854 4703 3092 4774 quidam;
3129 4704 3378 4772 nomine,
3429 4721 3549 4763 non
3583 4712 3783 4780 reipm:

2193 4790 2343 4846 dives
2368 4801 2485 4847 erat
2508 4793 2725 4863 quidam
2754 4810 2987 4865 purpura
3017 4795 3255 4863 indutus,
3276 4797 3366 4853 cui
3397 4815 3606 4857 mensa
3638 4820 3783 4876 appo-

2195 4881 2422 4937 nebatur
2441 4885 2659 4954 opipara
2682 4925 2700 4952 ,
2729 4887 2837 4940 vini
2869 4895 3106 4943 crateres
3132 4887 3333 4944 habens
3352 4905 3688 4960 coronatos,
3714 4897 3780 4964 (ιιι

2194 4973 2437 5028 convivia
2463 4975 2700 5044 quotidie
2728 4977 3029 5032 celebrabat
3053 4994 3069 5043 ;
3096 4977 3229 5034 alter
3263 4995 3394 5036 vero
3421 4985 3662 5053 quidam
3692 4996 3783 5042 erat

2198 5077 2418 5132 pauper,
2444 5063 2678 5121 Lazarus
2700 5069 2915 5122 nomine
2947 5066 3102 5141 (Luc.
3127 5068 3216 5124 16.
3246 5069 3362 5141 l9).

2270 5153 2373 5208 Cur
2411 5172 2592 5211 nomen
2633 5156 2802 5212 divitis
2845 5175 2946 5212 non
2986 5159 3051 5214 sit
3087 5175 3399 5229 expressum.
3429 5190 3512 5204 -—-—
3541 5165 3649 5222 Ubi
3677 5181 3782 5235 erg!

2197 5261 2398 5302 nomen
2423 5247 2602 5303 divitis
2627 5248 2650 5303 ?
2679 5248 2969 5320 Nusquam,
2997 5252 3193 5322 quippe
3215 5250 3305 5323 qui
3336 5256 3571 5313 nomine
3601 5271 3777 5312 careat.

2197 5335 2420 5405 Quanta:
2463 5338 2703 5394 divitiae?
2750 5339 2859 5396 Nec
2904 5349 3081 5396 tamen
3134 5342 3212 5396 illi
3257 5357 3463 5400 nomen
3512 5354 3776 5416 reperitur.

2198 5426 2394 5494 Quales
2423 5428 2635 5484 tandem
2661 5429 2744 5484 hac
2769 5430 3015 5486 divitiae?
3043 5432 3217 5488 Arbor
3246 5432 3391 5489 foliis
3413 5450 3683 5504 vernans,
3705 5438 3774 5492 sel

2200 5519 2373 5575 fructu
2413 5519 2663 5576 destituta
2696 5540 2709 5577 :
2751 5538 2982 5593 quercus
3022 5523 3075 5579 in
3119 5525 3286 5580 altum
3331 5537 3598 5596 proteris:
3625 5573 3641 5595 ,
3685 5543 3771 5598 qu

2199 5611 2444 5680 glandem
2500 5613 2670 5668 brutis
2720 5563 3077 5681 animantibus
3127 5615 3179 5668 in
3234 5563 3412 5671 cibdin
3473 5563 3809 5689 supprimi-Il

2206 5699 2364 5756 homo
2393 5703 2480 5773 qui
2509 5703 2733 5758 fructum
2763 5720 2868 5759 non
2897 5703 3058 5762 habet
3087 5704 3335 5760 hominis.
3373 5704 3477 5763 Ubi
3504 5708 3654 5765 enim
3675 5708 3768 5763 diri-

3755 5841 3809 6069 Ι

3802 4657 3810 4910 1

3805 4967 3810 5200 Ι
