3860 6224
85 294 217 346 ωσι

83 425 201 472 σον,
227 407 346 462 εἰπέ
380 425 490 478 μοι,
521 410 842 482 μακαρίζεις
869 409 1076 476 τοῦτον,
1111 411 1145 483 ἦ
1169 411 1471 476 ταλανῐξεις
1491 429 1506 475 ;
1527 412 1653 464 Ἐάν

81 494 144 547 δὲ
169 495 350 565 ἕτερον
377 493 489 563 ἴδῃς
523 493 695 564 ὑδέρῳ
725 507 752 535 ιι
779 495 1164 565 κατεχόμενον,
1211 495 1470 566 ἰατρικῶν
1519 497 1647 548 ἀπο-

83 575 319 632 λαύοντα
343 579 575 651 χειρῶν,
605 579 752 651 λιμῷ
784 580 974 634 ἑαυτὸν
1005 581 1301 642 ἐκδιδόντα,
1349 582 1406 633 ὲν
1452 581 1656 650 ἀπορίᾳ

84 661 256 732 πολλῇ
285 663 436 725 ὄντα,
491 664 805 734 φαρμάκοις
851 662 1364 738 προσκαρτεροῦντα
1417 664 1653 732 πικροῖς,

79 745 268 814 έχουσι
305 745 404 815 μὲν
439 745 653 817 ὀδύνην,
669 746 912 800 τίκτουσι
933 746 990 799 δὲ
1016 746 1102 798 διὰ
1122 746 1221 815 τῆς
1235 745 1423 816 ὀδύνης
1446 745 1652 813 ὑγείαν,

79 827 209 897 οὐχὶ
242 827 427 882 τοῦτον
449 829 590 899 ὑπὲρ
618 830 824 882 ἐκεῖνον
858 829 1180 899 μακαρίζεις
1205 845 1220 893 ;
1258 827 1615 898 Ὠμολόγηται
1637 843 1651 856 ·

76 911 108 962 6
139 910 241 978 μὲν
268 910 374 980 γὰρ
405 914 570 970 νοσεῖ.
595 910 690 964 καὶ
721 911 782 964 οὑ
810 910 1171 984 θεραπεύεται
1195 926 1208 940 ⁸
1236 913 1264 964 6
1288 909 1344 964 δὲ
1375 913 1538 973 νοσεῖ,
1561 909 1654 962 καὶ

73 991 346 1045 ἀπολαύει
395 994 652 1064 ἰατρείας.
697 994 835 1046 Ἀλλ’
878 993 1135 1056 ἐπίπονος
1164 994 1198 1062 η
1239 992 1467 1063 ἰατρεία.
1516 993 1654 1044 Ἀλλ’

71 1073 357 1144 ὠφέλιμον
384 1077 554 1147 αὑτῆς
582 1076 644 1129 τὸ
659 1076 830 1140 τέλος.
863 1077 1050 1139 Οὕτως
1074 1077 1190 1130 ἐστὶ
1209 1075 1303 1129 καὶ
1325 1077 1382 1129 ἐν
1407 1075 1485 1146 τῷ
1513 1091 1654 1146 παρ-

71 1156 202 1209 όντι
263 1157 380 1228 βίῳ.
423 1158 561 1211 Ἀλλ’
591 1159 700 1214 ἀπὸ
729 1159 837 1212 τῶν
868 1159 1136 1230 σωμάτων
1177 1158 1356 1226 ἄπαγε
1379 1158 1469 1212 τὸν
1499 1156 1656 1225 λόγον

70 1239 178 1292 ἐπὶ
205 1241 302 1304 τὰς
331 1240 529 1310 ψυχάς,
563 1241 671 1295 ἀπὸ
703 1243 810 1294 τῶν
831 1241 1153 1312 νοσημάτων
1183 1239 1278 1294 ἐπὶ
1313 1240 1380 1294 τά
1401 1241 1654 1311 ἁμαρτή-

71 1339 254 1391 ματα,
284 1323 392 1376 ἀ¹πὺ
407 1324 506 1394 τῆς
536 1324 760 1394 πικρίας
785 1324 895 1378 τῶν
915 1324 1223 1396 φαρμάκων
1249 1324 1342 1377 ἐπὶ
1368 1324 1468 1386 τὰς
1481 1339 1655 1392 τιμω-

71 1405 209 1474 ρίας
243 1406 335 1459 καὶ
366 1407 466 1476 τὴν
517 1407 700 1478 κρίσιν
756 1407 852 1460 τοῦ
897 1407 1052 1461 Θεοῦ.
1095 1407 1272 1478 Ὅπερ
1296 1407 1404 1477 γάρ
1450 1406 1567 1458 ἐστι
1594 1403 1688 1458 τὸ,

67 1489 374 1560 φάρμακον
425 1490 484 1542 τὸ
532 1489 684 1562 παρὰ
709 1491 803 1544 τοῦ
841 1488 1048 1560 ίατροῦ,
1083 1491 1180 1542 καὶ
1210 1490 1243 1558 ἡ
1271 1488 1414 1558 τομὴ
1467 1488 1561 1540 καὶ
1593 1486 1656 1540 τὸ

67 1570 217 1641 πῦρ.
243 1571 398 1624 τοῦτό
415 1573 561 1624 ἐστιν
592 1574 626 1644 ὴ
653 1573 891 1643 τιμωρία
915 1575 948 1643 ἡ
977 1571 1128 1644 παρά
1147 1571 1239 1625 τοῦ
1263 1569 1418 1624 θεοῦ.
1446 1571 1656 1640 ’Ὠσπερ

65 1653 192 1722 γὰρ
224 1653 286 1705 τὸ
319 1653 428 1724 πῦρ
461 1654 719 1718 πολλάκις
744 1655 1081 1725 ἐπαγόμενον
1114 1653 1281 1715 καίει,
1323 1654 1418 1706 καὶ
1445 1652 1544 1722 τὴν
1570 1668 1656 1703 νοο

69 1735 195 1804 μὴν
223 1735 443 1799 κωλύει,
478 1737 574 1789 καλ⁵
599 1737 660 1790 τὸ
690 1737 927 1806 σιδήριον
948 1738 1259 1806 ἀφαιρεῖται
1301 1734 1398 1805 τὴν
1425 1732 1654 1804 σηπεδόο

63 1835 168 1878 να,
199 1818 319 1887 ἔχον
348 1818 446 1888 μὲν
481 1819 694 1888 ὀδύνην,
731 1821 966 1890 παρέχον
983 1820 1039 1872 δὲ
1069 1819 1364 1889 ὼφέλειαν’
1393 1816 1536 1870 οὑτω
1561 1816 1656 1868 καὶ

61 1902 240 1970 λιμὸς
273 1904 366 1956 καί
392 1903 570 1974 λοιμοὶ
609 1904 703 1957 καὶ
730 1905 830 1958 ὅσα
856 1903 1004 1958 κακά
1038 1900 1299 1956 δοκοῦντα
1323 1897 1490 1966 εἶναι,
1535 1901 1655 1954 ἀντὶ

62 1985 302 2054 σιδήρου
335 1987 428 2039 καὶ
457 1987 628 2056 πυρὸς
659 1987 954 2055 ἐπάγονται
977 1988 1042 2054 τῇ
1075 1987 1244 2057 ψυχῇ,
1263 1985 1351 2038 ἴνα
1370 1985 1469 2055 τὴν
1485 1983 1656 2053 νομὴν

57 2069 187 2120 τῶν
215 2069 534 2138 νοσημάτων
557 2068 700 2123 κατὰ
729 2069 827 2140 τὴν
871 2069 1054 2124 εἰκόνα
1088 2069 1196 2121 τῶν
1245 2066 1510 2138 σωμάτιον
1543 2082 1654 2120 κω-

57 2149 217 2220 λύσῃ
255 2152 348 2204 καὶ
401 2149 648 2221 βελτίονα
694 2151 1014 2222 ἐργάσηται.
1064 2150 1236 2205 Πάλιν
1293 2149 1535 2202 ἔστωσαν
1563 2146 1655 2200 δύο

57 2235 294 2304 πόρνοι,
329 2235 419 2287 καὶ
447 2234 753 2288 ὑποκείσθω
774 2233 852 2306 τῷ
869 2235 1012 2305 λόγῳ
1039 2236 1072 2306 ἡ
1103 2233 1266 2287 εἰκών
1288 2249 1301 2264 °
1328 2232 1422 2286 δύο
1443 2231 1650 2303 πόρνοιο

55 2316 196 2369 ἀλλ’
228 2318 257 2368 6
299 2317 396 2387 μὲν
429 2317 702 2381 πλούσιος,
737 2321 765 2372 6
785 2317 852 2377 δὲ,
871 2318 1060 2386 πένης.
1086 2316 1183 2378 Τίς
1213 2315 1413 2386 μᾶλλον
1434 2313 1656 2377 ἐλπίδας

59 2399 359 2470 σωτηρίας
383 2399 531 2470 ἔχεις
571 2400 926 2470 Ὡμολόγηται
958 2398 1199 2468 δηλονότι
1250 2400 1280 2451 ὀ
1322 2397 1510 2466 πένης.
1561 2395 1653 2467 Μὴ

52 2482 262 2534 τοίνυν
289 2483 446 2552 εἴπῃς
471 2524 484 2541 ,
515 2483 595 2535 ὅτι
637 2483 666 2534 6
712 2481 964 2544 πλούσιος
1003 2479 1256 2550 πορνεύει
1288 2480 1382 2532 καλ⁵
1411 2479 1652 2542 πλουτεῖ,

55 2566 174 2619 καὶ
204 2564 294 2618 διὰ
325 2567 480 2618 τοῦτο
513 2567 800 2637 μακαρίζω
829 2567 1011 2619 αὑτόν.
1057 2564 1271 2618 Μᾶλλον
1308 2563 1414 2616 ἔδει
1457 2579 1516 2615 σε
1547 2579 1653 2632 μα-

54 2649 330 2716 καρίζειν
362 2648 542 2714 αὑτὸν,
590 2649 639 2700 εί
674 2647 950 2719 πορνεύων
979 2647 1220 2710 ἐπένετο,
1276 2647 1324 2698 εἰ
1379 2644 1654 2714 πορνεύων

52 2732 399 2800 ἐλίμωττεν·
431 2725 543 2800 εἶχε
561 2731 668 2802 γὰρ
690 2731 1004 2785 διδάσκαλον
1022 2729 1541 2799 κατηναγκασμένον
1557 2727 1656 2796 τῆς

53 2815 404 2885 φιλοσοφίας
428 2815 526 2886 τὴν
549 2814 758 2868 πενίαν.
787 2815 956 2868 Ὅταν
983 2815 1098 2887 ἴδῃς
1127 2813 1294 2868 κακον
1323 2810 1656 2883 εὑημεροῦν-

47 2919 160 2965 τα,
201 2900 498 2971 δάκρυσον⁶
536 2899 628 2953 δύο
657 2899 767 2969 γάρ
796 2899 962 2962 κακὰ,
999 2899 1092 2952 καὶ
1113 2899 1268 2962 νόσος
1293 2897 1387 2950 καὶ
1417 2896 1478 2949 τὸ
1503 2896 1657 2950 ἀνία-

45 3003 189 3040 τον.
215 2985 386 3038 Ὅταν
406 2983 518 3056 ίδῃς
543 2984 710 3038 κακὸν
737 2986 793 3036 ἐν
815 2985 1118 3055 συμφοραῖς
1135 2981 1282 3044 ὄντα,
1303 2977 1654 3051 παραμυθοῦ,

49 3071 148 3142 μὴ
178 3069 273 3121 διὰ
292 3067 447 3120 τοῦτο
471 3068 652 3138 μόνον,
681 3067 762 3120 ὅτι
789 3066 1009 3137 βελτίων
1031 3065 1260 3134 γίνεται,
1289 3065 1402 3118 ἀλλ’
1426 3066 1508 3118 ὅτι
1535 3063 1658 3117 πολ·

43 3153 135 3204 λὰ
169 3151 286 3203 τῶν
303 3150 711 3220 ἁμαρτημάτων
740 3150 901 3204 αὑτοῦ
921 3147 1150 3202 ἐνταῦθα
1163 3145 1454 3200 διαλύεται.
1483 3146 1658 3217 Πρόσο

41 3253 164 3305 εχε
209 3234 351 3305 μετά
372 3234 657 3305 ἀκριϐείας
686 3231 764 3302 τῷ
789 3233 952 3303 λόγῳ.
988 3231 1180 3285 Πολλοὶ
1213 3231 1322 3284 τῶν
1356 3228 1657 3300 ἀνθρώπων

42 3321 169 3373 καὶ
221 3317 456 3370 ἐνταῦθα
510 3315 850 3381 διαλύονται,
885 3316 978 3369 καὶ
1006 3318 1123 3368 ἐκεῖ
1163 3315 1470 3384 κρίνονταιο
1520 3313 1568 3366 οἰ
1601 3312 1659 3366 δὲ

41 3398 318 3453 ἐνταῦθα
359 3400 536 3470 μόνον,
563 3400 611 3452 οἰ
634 3398 691 3452 δὲ
715 3400 832 3452 ἐκεῖ
861 3399 1039 3468 μόνον.
1076 3397 1288 3467 Κάτεχέ
1323 3413 1425 3467 μου
1459 3395 1556 3467 τὴν
1581 3395 1657 3448 δι-

38 3481 376 3536 δασκαλίαν
395 3498 408 3511 ο
441 3475 596 3545 οὗτος
623 3480 738 3551 γὰρ
760 3479 1154 3551 διευκρινηθεὶς
1177 3481 1206 3532 6
1231 3479 1387 3548 λόγος
1429 3477 1656 3541 πολλοὺς

40 3564 346 3637 θορύϐους
368 3564 586 3618 ἐκϐαλεῖ
615 3581 706 3617 σου
738 3563 834 3616 τοῦ
864 3561 1145 3632 λογισμοῦ.

159 3646 329 3711 Ἀλλ’,
366 3647 413 3699 εἰ
455 3645 620 3709 δοκεῖ,
655 3646 1070 3717 παραγάγωμεν
1115 3645 1196 3706 είς
1233 3643 1394 3714 μέσον
1444 3643 1657 3715 πρῶτον

34 3733 164 3788 τὸν
219 3732 340 3784 ἐκεῖ
378 3730 476 3800 μὲν
517 3728 896 3798 κολαζόμενον,
937 3725 1170 3780 ἐνταῦθα
1191 3725 1248 3778 δὲ
1276 3725 1657 3779 ἀπολαύσαντα

31 3815 319 3886 τρυφῆς.
351 3812 774 3885 Προσεχέτωσαν
801 3812 896 3864 καὶ
920 3809 1163 3862 πλούσιοι
1194 3808 1289 3862 καί⁵
1319 3808 1550 3877 πένητες
1579 3804 1658 3875 τῷ

32 3898 382 3970 λεγομένῳ·
433 3895 713 3968 ἑκατέροις
767 3895 878 3966 γὰρ
935 3894 1203 3964 χρήσιμος
1245 3893 1280 3962 η
1319 3890 1654 3944 διδασκαλία.

35 3989 206 4037 Ὀτι
235 3981 346 4050 γὰρ
373 3979 466 4034 καὶ
499 3977 646 4050 [777]
679 3975 913 4032 ἐνταῦθα
943 3975 1038 4030 καὶ
1083 3976 1200 4028 ἐκεῖ
1234 3972 1420 4026 πολλοί
1449 3972 1659 4042 κρίνον-

26 4086 186 4128 ται.
213 4065 382 4118 ἄκουε
401 4063 495 4116 τοῦ
519 4062 752 4134 Χριστοῦ
777 4062 1042 4129 λέγοντος·
1074 4062 1180 4124 Εἰς
1207 4057 1286 4125 ἢν
1308 4057 1360 4111 δ’
1383 4056 1460 4110 ἂν
1479 4057 1660 4109 πόλιν

27 4156 93 4219 ἢ
134 4149 350 4203 οὶκίαν
376 4144 704 4212 εἰσέλθητε,
732 4143 1142 4212 εἰσερχόμενοι
1176 4142 1265 4206 είς
1290 4138 1402 4208 τὴν
1438 4138 1655 4202 οὶκίαν,

25 4230 452 4290 ἀσπάσασθε
501 4227 716 4294 αὐτὴν,
768 4225 1069 4295 λέγοντες·
1107 4221 1330 4292 Εἰρήνη
1383 4220 1464 4286 τῷ
1513 4222 1659 4285 οἴκῳ

24 4317 294 4378 τούτῳ.
326 4313 453 4366 Κᾶν
476 4311 594 4381 μὲν
629 4306 669 4381 ᾗ
697 4311 734 4379 ή
772 4309 928 4364 οἰκία
953 4309 1113 4373 ἀξία,
1155 4305 1470 4360 εἰσελθέτω
1504 4305 1543 4374 ή
1579 4307 1656 4358 εἰ·

19 4399 232 4474 ρήνη
259 4394 428 4462 ὑμῶν
449 4395 540 4448 ἐπ’
562 4393 774 4462 αὐτήνο
807 4393 916 4446 ἐὰν
941 4392 1009 4445 δὲ
1027 4391 1112 4460 μὴ
1140 4385 1182 4461 ᾖ
1205 4389 1377 4474 ἀξίαἱ
1389 4389 1427 4456 ὴ
1452 4387 1658 4474 ειρήγη

23 4471 250 4552 ὑμῶν
278 4480 369 4548 ἐφ’
401 4478 554 4548 ὑμᾶς
585 4475 1002 4544 ἐπιστραφήτω
1024 4475 1072 4528 δ.
1101 4474 1210 4529 Καὶ
1238 4473 1306 4540 ὃς
1348 4472 1426 4526 ἂν
1445 4471 1531 4541 μὴ
1563 4471 1660 4525 δέ-

20 4571 259 4633 ξηται
286 4563 462 4632 ὑμᾶς,
488 4562 643 4631 μηδὲ
671 4562 907 4627 ἀκούσῃ
942 4558 1085 4624 τοὺς
1103 4561 1326 4628 ,λόγους
1353 4557 1537 4627 ὑμῶν,
1559 4558 1658 4622 ἐξ-

19 4649 400 4718 ερχόμενοι
449 4645 564 4710 ἔξω
624 4643 736 4711 τῆς
799 4644 1065 4708 πόλεως,
1141 4639 1487 4704 ἐκτινάξατε
1553 4640 1661 4693 τὸν

19 4729 402 4797 κονιορτὸν
449 4727 566 4781 τῶν
607 4726 809 4780 ποδῶν
849 4723 1036 4793 ὑμῶν.
1091 4723 1267 4794 Ἀμὴν
1295 4724 1451 4793 λέγω
1495 4725 1657 4793 ὑμῖν,

19 4814 480 4880 ἀνεκτότερον
509 4811 681 4864 ἔσται
711 4807 788 4878 γῇ
812 4808 1089 4877 Σοδόμων
1117 4805 1218 4860 καὶ
1247 4807 1567 4875 Γομόρρων
1590 4806 1662 4859 ἐν

19 4899 280 4973 ἡμέρᾳ
317 4895 590 4963 κρίσεως,
622 4893 660 4960 ἢ
688 4889 764 4959 τῇ
803 4893 978 4946 πόλει
1003 4891 1222 4973 ἐκείνῃ.
1250 4891 1353 4954 Εις
1385 4887 1467 4973 ἣν
1502 4889 1553 4943 δ’
1585 4889 1663 4944 ἂν

19 4971 272 5044 πόλιν
306 4977 344 5046 ἢ
378 4977 574 5030 οὶκίαν
602 4975 933 5042 εἰσέλθητε,
968 4971 1292 5037 ἐξετάσατε
1335 4972 1425 5038 τίς
1449 4973 1519 5026 ἐν
1555 4975 1662 5027 αὐ-

19 5089 68 5126 τ
91 5065 145 5134 ᾗ
198 5061 374 5124 ἄξιός
412 5058 563 5122 ἐστι,
599 5055 777 5111 κάκεῖ
799 5056 1063 5124 μείνατε,
1107 5055 1219 5120 ἕως
1247 5055 1323 5109 ἂν
1352 5055 1658 5122 ἐξέλθητε.

31 5152 137 5205 Ἀ
148 5146 233 5197 πο
256 5142 460 5196 τούτων
487 5141 646 5210 δῆλον
674 5141 757 5193 ὅτι
777 5141 827 5192 οἱ
854 5139 1102 5209 Σοδόμων
1131 5140 1225 5192 καὶ
1249 5140 1540 5211 Γομόρρων
1567 5140 1662 5193 καὶ

19 5224 328 5290 ἐνταῦθα
379 5222 694 5294 ἐκρίθησαν,
750 5222 844 5276 καὶ
890 5223 1006 5275 ἐκεῖ
1055 5232 1078 5259 ο
1121 5221 1457 5285 κολάζονται.
1492 5221 1662 5276 Ὅταν

19 5315 199 5390 γὰρ
237 5308 394 5379 λέγῃ,
443 5308 526 5360 ὅτι
569 5305 919 5376 ἀνεκτότερον
969 5304 1121 5360 ἔσται
1165 5305 1419 5376 Σοδόμοις
1461 5305 1495 5377 ἢ
1538 5305 1662 5360 τού-

121 5544 152 5606 f
183 5543 276 5606 Yal
288 5543 345 5606 i_c.
357 5545 556 5606 ὑδερείᾳ.

119 5605 166 5648 I-
205 5603 358 5667 Vati};
383 5603 496 5666 πρὸς
519 5603 638 5667 ὑμεῖς
655 5604 1008 5667 ἀναστραφέτωᾲ.

123 5669 165 5700 ⁸
199 5667 285 5715 Sic
309 5663 482 5727 Vaut,
515 5663 564 5715 ili
599 5664 770 5715 Morel.
794 5663 843 5714 (ξι
870 5663 1019 5716 Savil.
1044 5675 1161 5716 vero
1185 5666 1263 5715 καὶ
1283 5665 1469 5716 ἐκεῖθεν.

1299 290 1388 347 DE
1424 288 1701 346 LAZARO
1736 287 1986 346 CONCIO
2025 289 2112 346 Vl.

3191 286 3332 345 1052

1759 429 1894 476 τοις,
1919 415 2211 479 δείκνυσιν,
2250 413 2334 466 ὅτι
2368 410 2684 476 κολάζονται
2713 409 2835 480 μὲν,
2861 409 2958 478 οὑχ
2980 407 3120 460 οὕτω
3162 408 3218 462 δὲ
3253 410 3331 474 ὡς
3367 449 3370 453 -

1757 489 1922 550 οῦτοι.

1827 586 1889 638 δ’.
1911 586 2080 638 Πάλιν
2100 586 2238 638 εἰσὶν
2267 586 2315 638 οἰ
2333 583 2564 638 ἐνταῦθα
2579 581 2928 645 κολαζόμενοι
2949 581 3129 650 μόνον,
3143 579 3330 650 ὥσπερ

1755 670 1785 722 6
1817 667 2223 740 mmpveuxtbq.
2251 667 2556 739 Κορινθίοις
2593 666 2702 735 γὰρ
2730 663 3058 717 ἐπιστέλλων
3093 667 3122 718 6
3147 665 3329 734 μακά-

1759 768 1874 822 ριος
1924 749 2155 814 Παῦλος,
2201 750 2374 813 οὑτως
2432 750 2635 817 ἔλεγεν·
2689 749 2876 814 Ὅλως
2923 747 3203 802 ἀκούεται
3259 747 3332 799 ἐν
3369 757 3372 760 ’

1755 833 1898 902 ὑμῖν
1920 835 2184 902 πορνεία,
2207 832 2307 887 καί
2336 834 2578 900 τοιαύτη
2612 831 2880 900 πορνεία,
2921 830 3052 897 ἣτις
3085 829 3230 882 οὐδὲ
3260 830 3331 883 ἐν

1755 915 1880 983 τοῖς
1921 916 2164 970 ἔθνεσιν
2201 914 2561 985 ὀνομάζεται,
2595 914 2750 970 ὥστε
2777 912 3033 984 γυναῖκά
3059 929 3192 966 τινα
3220 907 3328 966 τοῦ

1755 999 1979 1067 πατρὸς
2002 1000 2185 1066 ἔχειν.
2216 999 2327 1053 Καὶ
2353 999 2522 1068 ὑμεῖς
2558 996 2997 1067 πεφυσιωμένοι
3035 995 3196 1058 ἐστὲ,
3229 995 3329 1048 καὶ

1756 1083 1892 1151 οὐχὶ
1930 1082 2172 1152 μᾶλλον
2215 1080 2604 1149 ἐπενθήσατε,
2638 1081 2739 1134 ἵνα
2765 1078 2990 1146 ἐξαρθῇ
3026 1078 3094 1131 ἐκ
3132 1077 3330 1146 μέσου

1755 1163 1924 1234 ὑμῶν
1944 1167 1977 1219 ὁ
1997 1164 2065 1218 τὸ
2087 1164 2265 1233 ἔργον
2290 1164 2467 1218 τοῦτο
2487 1160 2766 1229 ποιήσας.
2804 1160 2952 1230 Ἐγὼ
2973 1159 3090 1228 μὲν
3111 1157 3222 1228 γὰρ
3248 1158 3331 1225 ὡς

1756 1245 1926 1300 ἀπὼν
1959 1245 2038 1312 τῷ
2074 1245 2320 1316 σώματι,
2371 1245 2578 1314 παρὼν
2627 1243 2696 1297 δὲ
2731 1242 2812 1308 τῷ
2855 1243 3166 1311 πνεύματι,
3211 1240 3329 1309 ἤδη

1757 1328 2022 1398 κέκρικα,
2051 1328 2132 1393 ὡς
2169 1328 2376 1396 παρὼν
2403 1328 2511 1380 τὸν
2536 1327 2690 1380 οὕτω
2720 1325 2896 1379 τοῦτο
2926 1321 3329 1391 κατεργασμέ-

1754 1427 1885 1473 νον,
1911 1410 1981 1464 ἐν
2002 1409 2084 1476 τῷ
2109 1411 2352 1479 ὀνόματι
2379 1409 2486 1464 τοῦ
2508 1410 2728 1476 Κυρίου
2766 1407 2934 1476 ἡμῶν
2974 1404 3170 1473 ’1ησοῦ
3197 1407 3330 1472 Χρι-

1754 1493 1905 1548 στοῦ
1928 1492 2355 1562 συναχθέντων
2387 1490 2596 1561 ήμῶνεί
2623 1490 2722 1544 καὶ
2762 1490 2866 1544 τοῦ
2895 1487 3042 1558 ἐμοῦ
3073 1488 3334 1556 πνεύμα-

1755 1591 1879 1639 τος,
1913 1574 2284 1643 παραδοῦναι
2335 1574 2440 1628 τὸν
2491 1572 2766 1628 τοιοῦτον
2821 1570 2905 1636 τῷ
2953 1568 3190 1636 σατανᾷ
3243 1572 3334 1636 εις

1755 1657 2006 1725 ὄλεθρον
2027 1656 2138 1725 τῆς
2162 1657 2409 1724 σαρκὸς,
2458 1658 2559 1710 ἵνα
2587 1655 2652 1709 τὸ
2689 1655 2926 1723 πνεῦμα
2961 1650 3131 1720 σωθῇ
3163 1652 3233 1704 ἐν
3256 1652 3335 1720 τῇ

1753 1739 1944 1808 ἡμέρᾳ
1966 1740 2072 1794 τοῦ
2094 1742 2316 1808 Κυρίου
2347 1740 2564 1806 Ἰησοῦ.
2605 1735 2757 1802 Εἶδες
2787 1737 2906 1800 πῶς
2931 1731 3085 1798 οὗτος
3109 1730 3212 1790 ὧδε
3241 1751 3334 1788 κοο
3375 1769 3378 1772 ~

1753 1821 1995 1887 λάζεται,
2045 1822 2140 1876 καὶ
2187 1824 2303 1876 ἐκεῖ
2353 1823 2414 1874 οὑ
2455 1821 2777 1886 κολάζεταις
2824 1818 3040 1887 Ἐπειδὴ
3077 1817 3188 1888 γάρ
3226 1809 3331 1870 ὧδε

1755 1905 2022 1975 ἐκολάσθη
2065 1904 2230 1958 αὑτοῦ
2262 1905 2324 1959 τὸ
2360 1904 2538 1975 σῶμα,
2573 1907 2688 1958 ἐκεῖ
2717 1905 2778 1956 οὑ
2822 1902 3132 1966 κολάζεται.
3180 1900 3334 1954 Θέλω

1757 1986 1858 2058 [δὲ]
1879 1987 2066 2041 λοιπὸν
2103 1988 2274 2054 δεῖξαι
2302 1987 2395 2041 τὸν
2423 1984 2526 2041 ὦδε
2548 1987 2928 2057 τρυφήσαντα,
2955 1987 3074 2038 ἐκεῖ
3095 1985 3152 2038 δὲ
3172 1983 3335 2037 κολα-

1755 2070 2002 2141 ζόμενον.
2031 2067 2142 2124 τΗν
2162 2088 2254 2137 τις
2276 2072 2594 2136 πλούσιος.
2632 2070 2772 2123 Ἀλλ’
2802 2070 2852 2122 εί
2887 2069 2983 2123 καὶ
3009 2067 3332 2139 προλαμϐά-

1753 2169 1873 2206 νετε
1908 2154 2007 2223 τὴν
2045 2153 2284 2224 ἱστορίαν
2334 2153 2428 2206 τοῦ
2462 2153 2823 2222 διηγήματος,
2862 2150 3192 2221 ἀναμείνατε
3233 2149 3333 2220 τὴν

1753 2235 1906 2290 λύσιν
1931 2236 2024 2290 τοῦ
2057 2236 2237 2305 λόγου·
2259 2237 2417 2290 τοῦτο
2436 2235 2545 2306 γὰρ
2574 2235 2705 2306 ἐμὸν
2744 2235 3045 2305 ἐγκώμιον,
3075 2235 3170 2287 καὶ
3191 2233 3331 2304 ὑμέ-

1752 2336 1910 2391 τερος
1941 2319 2179 2386 ἔπαινος,
2209 2320 2508 2392 προοιμίων
2537 2318 3046 2390 καταϐαλλομένων,
3063 2318 3162 2388 ῆδη
3187 2317 3333 2388 ὑμᾶς

1753 2402 1846 2456 τὸν
1875 2403 2074 2473 στάχυν
2103 2403 2419 2474 δρέπεσθαι.
2450 2402 2817 2466 Διδασκάλους
2853 2402 2998 2471 ὑμᾶς
3039 2400 3334 2472 είργάσατο

1753 2488 1788 2556 ἡ
1821 2487 2050 2557 συνεχὴς
2090 2486 2199 2539 τῶν
2238 2485 2410 2554 λόγων
2463 2485 2781 2548 ἀπόλαυσις
2829 2483 2945 2538 ἀλλ’
2977 2483 3164 2552 ἐπειδὴ
3213 2482 3333 2553 μεθ’

1755 2567 1909 2638 ὑμῶν
1957 2571 2064 2622 εἰσι
2105 2569 2200 2622 καὶ
2241 2568 2381 2635 ξένοι
2413 2568 2558 2631 τινὲς
2586 2568 2863 2632 εἰσιόντες,
2909 2565 2983 2638 μὴ
3022 2565 3246 2636 τρέχετε
3280 2573 3330 2626 ο,

1754 2651 1870 2706 ἀλλ’
1915 2652 2243 2722 ἀναμείνατε
2292 2653 2419 2715 τοὺς
2460 2649 2814 2720 χωλεύοντας.
2851 2648 2962 2701 Καὶ
3004 2647 3113 2718 γάρ
3147 2648 3180 2715 ἡ
3216 2646 3336 2700 Ἐκ-

1755 2733 1953 2805 κλησία
2005 2734 2165 2804 σῶμά
2220 2735 2388 2787 ἐστιν·
2440 2732 2716 2803 ὀφθαλμὸν
2764 2731 2898 2800 ἔχει,
2948 2730 3046 2783 καὶ
3088 2728 3336 2800 κεφαλὴν

1753 2815 1887 2888 ἔχει.
1919 2817 2130 2888 Ὥσπερ
2175 2812 2268 2870 οὗν
2309 2817 2404 2869 ἐὰν
2441 2817 2474 2887 ἡ
2521 2816 2730 2888 πτέρνα
2761 2814 2978 2884 δέξηται
3009 2812 3268 2877 ἄκανθαν,
3301 2813 3334 2869 ὁ

1753 2900 2027 2970 ὀφθαλμὸς
2054 2899 2206 2952 κάτω
2239 2898 2460 2961 κύπτει,
2491 2897 2651 2967 μέλος
2689 2896 2764 2950 ὢν
2799 2894 2894 2950 τοῦ
2934 2895 3204 2965 σώματος.
3233 2896 3334 2950 καὶ

1753 2983 1815 3036 οὑ
1844 2983 2012 3050 λέγει,
2051 2981 2268 3050 Ἐπειδὴ
2317 2983 2374 3033 ἐν
2411 2979 2534 3049 ὑψει
2571 2980 2837 3051 κάθημαι,
2874 2979 3199 3049 καταφρονῶ
3233 2979 3332 3033 τοῦ

1755 3063 1907 3118 κάτω
1934 3064 2147 3134 μέλους,
2182 3063 2316 3118 ἀλλὰ
2346 3064 2541 3117 κύπτει
2567 3063 2659 3117 καὶ
2691 3061 3091 3132 καταλιμπάνει
3124 3060 3185 3113 τὸ
3206 3061 3332 3113 ἐαυ-

1754 3146 1848 3200 τοῦ
1913 3147 2067 3216 ὓψοςο
2132 3147 2312 3200 καίτοι
2361 3146 2413 3198 τί
2463 3145 2700 3216 πτέρνης
2747 3143 3142 3213 εὐτελέστερον,
3189 3142 3223 3212 ἦ
3277 3142 3334 3196 τί

1754 3231 2033 3300 ὀφθαλμοῦ
2057 3230 2466 3301 εὑγενέστερονς
2490 3229 2603 3284 ἀλλ’
2626 3231 2659 3299 ὴ
2689 3227 3000 3298 συμπάθεια
3026 3226 3086 3280 τὸ
3109 3227 3334 3296 ἀνὼμαο

1755 3315 1846 3368 λον
1873 3313 2171 3384 διώρθωσε,
2213 3313 2308 3366 καὶ
2345 3314 2378 3383 ἡ
2416 3314 2602 3380 ἀγάπη
2627 3312 2688 3364 τὸ
2722 3313 2831 3365 πᾶν
2877 3309 3159 3381 ἐκέρασεν’
3188 3307 3335 3364 οὑτω

1757 3397 1852 3450 καὶ
1895 3397 1958 3450 σὺ
2005 3396 2165 3449 ποίειο
2216 3395 2318 3449 κᾶν
2349 3395 2518 3464 ταχὺς
2554 3391 2640 3466 ᾖς,
2677 3393 2778 3447 κᾶν
2815 3391 3331 3464 παρεσκευασμένος

1757 3478 1894 3549 πρὸς
1942 3479 2224 3550 ἀκρόασιν.
2273 3477 2348 3549 μὴ
2403 3477 2532 3548 ἔχῃς
2581 3478 2637 3530 δὲ
2683 3475 3196 3549 παρακολουθοῦντα
3237 3475 3332 3529 τὸν

1757 3558 1987 3628 ἀδελφὸν
2029 3561 2142 3621 τοῖς
2181 3556 2694 3627 καταϐαλλομένοις,
2730 3555 3024 3626 καταϐήτω
3062 3556 3090 3608 6
3128 3552 3333 3623 ὀφθαλ-

1762 3643 1860 3714 μός
1890 3657 1984 3694 σου
2016 3639 2152 3710 πρὸς
2177 3639 2274 3710 τὴν
2296 3640 2548 3710 πτέρναν·
2585 3638 2952 3708 συμπασχέτω
2973 3637 3053 3708 τῷ
3074 3636 3333 3707 χωλεύονσ

1755 3741 1810 3777 τι
1859 3723 2031 3794 μέλει,
2075 3721 2214 3775 ὥστε
2252 3723 2326 3793 μὴ
2366 3722 2455 3775 διὰ
2495 3721 2594 3792 τὴν
2638 3722 2736 3790 σὴν
2767 3720 3062 3790 ταχυτῆτα,
3096 3720 3191 3773 καὶ
3231 3719 3332 3790 τὴν

1759 3807 1968 3862 ἐκείνου
2031 3804 2362 3876 βραδυτῆτα,
2419 3804 2626 3873 ἔρημον
2670 3802 2832 3855 αὑτὸν
2892 3803 3184 3872 ἀπομεῖναι
3233 3800 3330 3855 τοῦ

1759 3887 1909 3959 [778]
1945 3887 2124 3954 λόγου.
2175 3886 2267 3956 Μὴ
2295 3887 2360 3956 τῇ
2395 3885 2606 3938 συνέσει
2647 3886 2713 3954 τῇ
2757 3887 2820 3954 σῇ
2861 3885 2939 3946 εἰς
2981 3883 3191 3935 ἐκείνου
3227 3883 3335 3935 άπ-

1756 3969 1952 4023 ώλειαν
2003 3970 2314 4040 ἀποχρήσῃ,
2354 3967 2490 4020 ἀλλὰ
2518 3967 2678 4036 χάριν
2712 3967 2802 4036 ἔχε
2836 3965 2916 4035 τῷ
2943 3966 3062 4035 Θεῷ
3102 3964 3191 4018 διὰ
3230 3965 3333 4036 τὴν

1760 4053 1858 4124 σὴν
1878 4052 2173 4122 ταχυτῆτα.
2207 4049 2468 4113 Πλούσιος
2497 4045 2582 4113 aI;
2618 4049 2794 4120 χαίρω
2823 4050 2918 4102 καὶ
2943 4047 3329 4118 εὑφραίνομαιο

1757 4136 1871 4190 ἀλλ’
1900 4136 2106 4196 ἐκεῖνος
2144 4133 2224 4186 ἔτι
2254 4131 2498 4186 πένεταιο
2528 4131 2602 4203 μὴ
2624 4131 2834 4190 διὰ,τὸν
2865 4131 2953 4183 σὸν
2974 4131 3202 4184 πλοῦτον
3230 4148 3326 4201 με·

1759 4220 1897 4273 νέτω
1936 4219 1994 4271 ἐν
2017 4219 2083 4288 τῇ
2106 4215 2368 4286 πτωχείᾳ.
2403 4213 2677 4267 Ἀκανθαν
2708 4213 2818 4283 ἔχει
2851 4215 3074 4277 ἐκεῖνος,
3105 4213 3328 4286 τεθορυ-

1761 4302 1997 4372 ϐημένον
2039 4297 2317 4368 λογισμόνο
2361 4297 2498 4350 ἀλλὰ
2537 4296 2807 4367 κατάϐηθι
2847 4297 2982 4367 πρὸς
3019 4296 3201 4358 αὑτὸν,
3237 4296 3333 4350 καὶ

1761 4385 1908 4450 ἐξελε
1933 4382 2032 4452 τὴν
2055 4381 2316 4435 ἄκανθαν.
2335 4379 2400 4433 Τί
2433 4376 2525 4434 οῦν
2546 4397 2707 4450 φησιν
2727 4398 2740 4441 ;
2771 4376 2881 4432 Ἦν
2902 4397 2990 4445 τις
3011 4379 3328 4444 πλούσιος,

1759 4467 2005 4537 ὀνόματι,
2024 4464 2142 4535 οὑχ).
2169 4458 2589 4534 πράγματι.Ἦν
2611 4480 2700 4527 τις
2715 4464 3030 4526 πλούσιος,
3045 4459 3333 4532 πορφύραν

1761 4548 2197 4618 ἐνδιδυσκόμενος
2226 4589 2240 4612 ,
2274 4543 2552 4614 τράπεζαν
2585 4545 3019 4616 παρατιθέμενος
3042 4543 3328 4612 πολυτελῆ,

1761 4632 2042 4704 κρατῆρας
2092 4628 2230 4698 ἔχων
2281 4627 2645 4698 ἐστεμμένους
2680 4627 2846 4692 οἴνου,
2893 4626 3167 4695 συμπόσια
3207 4625 3330 4678 καθ’

1762 4715 1999 4783 ἑκάστην
2025 4712 2237 4783 ἡμέραν
2267 4712 2455 4765 ποιῶν·
2491 4711 2676 4782 ἕτερος
2705 4711 2764 4764 δέ
2795 4727 2880 4773 τις
2901 4706 2969 4782 ἦν
2997 4709 3190 4779 πένης,
3223 4707 3331 4763 Ad-

1762 4799 1926 4870 ζαρος
1947 4795 2191 4865 ὀνόματι.
2579 4844 2588 4851 ,

1834 4880 1944 4931 Καὶ
1974 4876 2078 4930 ποῦ
2108 4875 2170 4928 τὸ
2192 4875 2364 4946 ὄνομα
2391 4875 2483 4928 τοῦ
2515 4873 2802 4938 πλουσίου;
2833 4870 3104 4942 Οὑδαμοῦσ
3129 4871 3333 4927 ἀνώνυ-

1766 4977 1862 5031 μος
1905 4959 2014 5030 γάρ
2049 4960 2184 5012 ἐστι.
2221 4957 2392 5020 Πόσος
2425 4956 2677 5020 πλοῦτος;
2712 4955 2808 5009 καὶ
2851 4956 3022 5026 ὄνομα
3054 4953 3202 5024 αὑτῴ
3235 4954 3334 5026 οὐχ

1761 5041 2093 5114 εὑρίσκεται.
2126 5040 2281 5102 Ποῖος
2335 5038 2562 5102 πλοῦτος
2612 5033 2798 5104 οὗτοςς
2854 5038 3076 5108 Δένδρον
3116 5037 3333 5107 φύλλοις

1767 5124 1868 5194 μὲν
1920 5123 2126 5194 κομῶν,
2177 5121 2389 5192 καρποῦ
2426 5121 2483 5174 δὲ
2528 5122 2993 5193 ἀπεστερημένον,
3036 5121 3165 5194 δρῦς
3199 5121 3333 5191 πρὸς

1764 5206 1895 5276 ὕψος
1944 5205 2341 5275 ἀνατεταμένη,
2394 5203 2612 5272 ἀλόγοις
2644 5204 2848 5275 τροφὴν
2887 5204 3199 5275 παρέχουσα
3235 5203 3334 5272 τὴν

1767 5289 2014 5357 βάλανον,
2073 5288 2358 5358 ἄνθρωπος
2411 5287 2512 5340 οὑκ
2571 5285 2709 5355 ἔχων
2755 5286 3043 5358 ἀνθρώπου
3097 5285 3372 5355 καρπόν..
3485 5331 3490 5338 .

1767 5371 1938 5424 Ὅπου
1971 5369 2080 5438 γὰρ
2111 5367 2342 5431 πλοῦτος
2372 5370 2467 5421 καὶ
2513 5369 2778 5440 ἁρπαγαὶ,
2809 5369 2972 5431 λύκος
3004 5370 3032 5421 6
3072 5367 3322 5437 βλεπόμε-

1766 5468 1874 5516 νοςο
1903 5453 2036 5507 ὅπου
2065 5451 2292 5516 πλοῦτος
2316 5451 2410 5507 καὶ
2438 5452 2718 5522 θηριωδία,
2743 5452 2930 5508 λέοντα
2953 5450 3084 5523 ὁρῶ,
3120 5451 3214 5506 καὶ
3236 5451 3340 5506 οὑκ

1827 5605 1853 5670 εὶ
1880 5606 2004 5670 Beg.
2030 5620 2138 5655 cum
2171 5609 2318 5658 Savil.
2347 5611 2496 5670 ὑμῶν.

1825 5668 1846 5690 ⁸
1879 5667 2031 5718 Vaﬁc.
2058 5671 2121 5732 μὴ
2139 5667 2505 5732 προλαμϐάνετε.
