3828 6226
153 311 294 368 1033

150 429 240 481 tim
270 440 332 479 ac
362 423 582 494 rapinm,
615 422 769 491 lupus
800 429 880 475 est
912 419 957 473 is
982 419 1071 490 qui
1110 417 1347 473 cernitur
1379 435 1392 471 :
1421 416 1508 471 ubi
1537 413 1741 470 divitia:

150 531 206 575 ct
251 520 455 580 feritas,
501 517 710 571 leonem
745 513 901 569 video
939 527 1044 567 non
1073 511 1342 565 hominem
1369 527 1381 565 :
1411 509 1741 567 nobilitatem

152 608 383 680 perdidit
412 605 741 678 ignobilitate
784 603 1019 659 malitiaz.
1052 601 1205 657 Dives
1234 610 1339 654 erat
1379 601 1585 672 quidam
1609 641 1624 666 ,
1652 599 1742 669 qui

148 701 389 773 quotidie
413 713 643 772 purpura
669 697 987 752 induebatur
1009 712 1023 750 :
1051 695 1226 750 anima
1247 707 1374 749 vero
1398 692 1513 762 ejus
1532 691 1744 746 araneis

149 794 349 850 referta
377 800 494 848 erat
532 809 547 844 :
593 797 860 861 unguenta
890 788 1155 858 spirabat,
1201 795 1258 842 at
1303 785 1508 841 ftetoris
1555 785 1745 854 plenus

149 895 270 941 erat
302 901 317 940 :
349 896 533 939 mensa
563 882 638 936 illi
685 879 1052 951 apponebatur
1093 879 1311 948 opipara
1343 893 1358 930 :
1385 876 1648 949 parasitos
1688 883 1745 930 et

148 980 456 1035 adulatores
496 977 671 1032 alebat
716 993 730 1028 :
773 988 991 1030 carnem
1020 971 1299 1043 saginabat
1325 969 1571 1025 ancillam
1605 986 1618 1023 :
1647 967 1745 1024 do-

149 1072 351 1127 minam
406 1077 583 1125 autem
612 1067 842 1124 animam
872 1065 1012 1121 fame
1040 1064 1338 1120 confectam
1392 1061 1692 1132 negligebat
1724 1075 1739 1114 :

146 1163 344 1217 domus
381 1161 456 1216 illi
486 1169 601 1216 erat
634 1159 793 1213 sertis
821 1155 1064 1212 redimita
1085 1197 1100 1221 ,
1133 1154 1226 1209 sed
1258 1153 1595 1208 fundamenta
1623 1167 1744 1220 pec-

147 1255 255 1310 cati
283 1254 432 1309 calce
475 1251 735 1313 obducta,
779 1256 834 1303 et
860 1248 1035 1302 anima
1068 1247 1120 1300 in
1147 1245 1272 1299 vino
1299 1243 1533 1299 defossa.
1585 1241 1743 1297 Dives

149 1346 314 1417 igitur
359 1345 451 1400 ille
499 1358 683 1398 mensa
730 1341 999 1397 fruebatur
1036 1338 1253 1412 epipara
1301 1336 1609 1407 poculisque
1633 1335 1741 1389 vini

147 1436 421 1492 coronatis
452 1453 464 1489 :
498 1436 760 1504 parasitos
799 1440 854 1487 et
889 1439 1252 1486 assentatores
1279 1428 1487 1491 alebat,
1518 1442 1739 1496 pravum

147 1527 350 1580 diaboli
381 1525 683 1588 theatrum,
726 1523 877 1592 lupos
905 1522 1054 1586 illos,
1087 1520 1176 1590 qui
1206 1519 1400 1572 multos
1427 1518 1654 1572 divitum
1687 1517 1739 1571 in

149 1618 464 1671 servitutem
495 1615 774 1684 redigunt,
821 1613 910 1683 qui
957 1611 1243 1681 perniciem
1291 1609 1504 1663 illorum
1539 1607 1741 1661 ventris

148 1711 233 1761 sui
264 1708 567 1777 explatione
598 1713 932 1768 mercantur,
959 1703 1049 1780 qui
1091 1700 1303 1757 divitias
1335 1699 1539 1754 honore
1573 1697 1740 1752 multo

150 1816 206 1856 ct
237 1801 597 1856 assentatione
624 1798 963 1868 populantur.

229 1896 327 1951 Ubi
363 1895 514 1951 semel
550 1894 794 1947 inclinata
829 1907 907 1944 res
939 1899 1032 1955 est,
1055 1887 1206 1941 amici
1237 1886 1300 1940 de
1336 1884 1608 1939 medio.—-
1639 1881 1743 1937 Ne-

149 2003 418 2059 quaquam
443 1987 655 2042 aberret
678 1983 766 2054 qui
791 1983 923 2036 tales
943 1980 1187 2034 homines
1214 1979 1367 2048 lupos
1389 1974 1742 2044 compellave-

151 2084 243 2143 rit,
276 2080 365 2150 qui
393 2077 543 2148 qttasi
571 2089 725 2130 ovem
754 2073 974 2128 divitem
1006 2071 1058 2125 in
1085 2069 1261 2124 medio
1289 2065 1539 2137 positum,
1571 2062 1742 2123 laudi-

150 2172 253 2225 bus
269 2169 530 2226 extollunt
555 2177 608 2220 ct
631 2163 907 2236 przcconiis
929 2162 1134 2228 inflant,
1166 2174 1229 2214 ac
1255 2173 1322 2215 ne
1345 2155 1562 2228 quidem
1590 2154 1743 2209 ulcus

146 2264 335 2318 videre
363 2262 577 2323 sinunt,
618 2257 714 2314 sed
742 2257 858 2326 ejus
885 2263 1118 2309 mentem
1147 2256 1452 2316 excaecant,
1499 2244 1741 2317 putredi-

148 2369 278 2410 nem
308 2358 520 2422 augent.
556 2347 754 2403 Deinde
778 2343 852 2417 (a)
875 2352 1074 2398 mutata
1100 2356 1277 2396 rerum
1304 2337 1455 2404 facie,
1477 2335 1633 2390 amici
1658 2333 1742 2388 fu-

145 2446 324 2515 giunt,
361 2457 460 2496 nos
497 2454 624 2494 vero
663 2437 754 2509 qui
793 2433 1219 2504 increpabamus,
1272 2425 1740 2484 commiseratione

145 2550 432 2592 movemur
461 2551 474 2587 :
506 2532 667 2587 larvae
697 2529 800 2584 illa:
819 2569 835 2595 ,
871 2525 1013 2598 quod
1040 2523 1351 2595 plerumque
1386 2519 1496 2590 jam
1523 2515 1740 2584 accidit,

143 2629 504 2685 occultantur.

223 2720 286 2773 5.
319 2718 479 2772 Dives
519 2728 648 2785 ergo
678 2713 766 2768 ille
811 2709 1072 2781 parasitos
1113 2706 1290 2762 alebat
1329 2712 1384 2759 et
1410 2701 1739 2767 adulatores,

142 2811 368 2869 domum
417 2807 686 2878 propriam
733 2802 996 2857 theatrum
1048 2798 1285 2862 fecerat,
1330 2797 1457 2850 vino
1502 2792 1740 2862 singulos

143 2901 493 2965 resolvebat,
542 2897 702 2953 rebus
751 2893 1036 2949 admodum
1097 2887 1366 2960 prosperis
1418 2885 1736 2941 fruebatur:

143 2994 286 3050 alius
313 3007 442 3047 vero
469 2988 687 3060 quidam
711 2993 829 3040 erat
853 2984 1105 3046 Lazarus,
1137 2978 1405 3035 ulceribus
1433 2976 1642 3046 plenus,
1671 2971 1746 3028 ad

141 3085 346 3139 ostium
374 3081 550 3137 divitis
576 3077 768 3134 sedens
787 3117 803 3142 ,
846 3075 937 3146 qui
966 3075 1048 3129 vel
1081 3073 1246 3126 micas
1273 3069 1519 3139 cupiebat
1548 3084 1568 3122 :~
1589 3067 1738 3137 juxta

143 3178 352 3232 fontem
383 3173 611 3236 sitiebat,
643 3171 695 3224 in
726 3184 784 3224 re
811 3177 915 3222 tam
945 3179 1198 3236 prospera
1229 3163 1364 3217 f'ame
1389 3159 1740 3220 consumeba-

143 3279 260 3324 tur.
291 3268 354 3321 Et
372 3280 604 3337 quonam
628 3262 896 3332 projectus
921 3257 1133 3314 fuerat?
1162 3255 1276 3311 Non
1303 3255 1354 3310 in
1383 3254 1603 3320 bivium,
1632 3265 1738 3307 non

143 3364 207 3416 in
234 3360 428 3423 vicum,
461 3372 565 3411 non
596 3355 648 3410 in
673 3353 1028 3423 angiportum,
1055 3363 1159 3404 non
1187 3345 1418 3402 medium
1444 3345 1499 3400 in
1526 3344 1736 3410 forum;

140 3453 244 3508 sed
273 3450 340 3505 ad
368 3449 563 3504 ostium
611 3444 824 3511 divitis,
864 3456 967 3511 qua
1010 3440 1345 3509 ingressurus
1373 3435 1464 3491 ille
1489 3448 1739 3506 egressu-

142 3561 349 3616 rusque
373 3541 678 3598 necessario
693 3545 810 3594 erat
837 3553 850 3588 :
875 3551 942 3591 ne
967 3535 1188 3599 diceret,
1221 3547 1327 3586 non
1356 3529 1485 3597 vidi,
1514 3536 1738 3599 prmter-

145 3639 225 3693 ivi
249 3639 289 3703 ⁸,
317 3651 422 3693 non
452 3633 621 3689 oculis
650 3629 876 3701 inspexi.
907 3627 988 3683 Ad
1029 3627 1325 3696 ingressum
1381 3630 1531 3677 tuum
1570 3619 1735 3689 jacet,

142 3735 434 3799 margarita
462 3726 513 3780 in
545 3739 716 3789 emno,
745 3730 799 3776 et
825 3735 930 3775 non
959 3717 1146 3773 vides?
1176 3715 1412 3771 Medicus
1431 3712 1498 3768 ad
1520 3711 1736 3778 omium,

137 3831 205 3878 et
231 3837 336 3876 non
370 3817 574 3875 curaris
594 3817 618 3868 ’ἰ
663 3813 998 3870 Gubernator
1026 3811 1079 3863 in
1107 3815 1297 3878 portu,
1326 3814 1381 3860 et
1409 3802 1739 3872 naufragium

139 3910 396 3985 pateris?
441 3907 707 3963 Parasitos
734 3903 854 3969 alis,
899 3909 955 3956 et
982 3910 1241 3970 pauperes
1279 3910 1384 3949 non
1429 3892 1570 3947 alis?
1612 3891 1740 3947 Haec

141 3981 280 4058 tunc
305 4007 452 4071 gesta
480 4006 637 4061 sunt,
674 3993 937 4062 hodieque
979 3998 1257 4060 geruntur.
1305 3984 1428 4040 Ideo
1453 3983 1594 4037 enim
1625 3981 1741 4036 haec

139 4095 346 4164 scripta
376 4101 533 4156 sunt,
579 4097 640 4143 ut
667 4085 864 4157 posteri
909 4098 975 4138 ex
1015 4081 1175 4136 rebus
1219 4076 1348 4148 ipsis
1377 4073 1735 4138 erudirentur,

138 4204 216 4244 ac
241 4203 307 4242 nc
354 4184 540 4240 eadem
572 4182 684 4252 ipsa
729 4184 1072 4250 paterentur,
1113 4187 1232 4242 qua:
1276 4182 1465 4240 passus
1505 4165 1594 4220 ille
1633 4172 1739 4218 est.

139 4279 234 4337 Ad
263 4278 459 4332 ostium
487 4275 644 4344 igitur
666 4270 876 4341 jacobat
906 4281 1112 4337 pauper
1141 4281 1156 4317 :
1188 4276 1388 4333 pauper
1413 4258 1563 4322 foris,
1590 4256 1741 4311 dives

141 4373 294 4426 intus
323 4387 336 4422 :
365 4379 592 4434 corpore
637 4359 904 4415 ulceribus
935 4357 1094 4426 pleno
1130 4352 1342 4423 jacebat
1377 4366 1391 4403 :
1435 4348 1737 4410 thesaurus,

137 4461 241 4532 qui
269 4461 320 4514 in
361 4455 641 4525 superficie
668 4451 866 4521 spinas,
899 4449 1042 4502 intus
1067 4458 1195 4499 vero
1225 4440 1540 4511 margaritas
1578 4437 1740 4492 habe-

138 4557 264 4609 bat.
295 4548 448 4619 Quod
490 4547 632 4601 enim
661 4543 736 4598 illi
778 4546 1154 4596 nocumentum
1181 4551 1248 4591 ex
1280 4532 1587 4589 inﬁrmitate
1613 4545 1738 4585 cor-

139 4643 337 4717 poris,
364 4638 539 4694 anima
569 4635 707 4691 bene
734 4630 987 4688 valente?
1013 4627 1244 4682 Audiant
1273 4638 1531 4696 pauperes
1549 4663 1564 4688 ,
1593 4629 1648 4676 et
1674 4635 1742 4675 ne

140 4714 386 4796 interere
413 4731 771 4805 praafocentur
801 4744 816 4781 :
842 4724 1063 4780 audiant
1101 4720 1292 4776 divites
1314 4760 1329 4785 ,
1362 4726 1418 4772 et
1445 4733 1474 4771 a
1505 4714 1740 4785 nequitia

138 4837 551 4888 convertantur.
599 4825 724 4881 ideo
769 4832 1004 4889 namque
1030 4816 1113 4870 hze
1142 4814 1261 4870 dum
1300 4811 1455 4867 nobis
1483 4809 1742 4878 imagines

143 4929 431 4996 prostant,
476 4917 779 4972 divitiarum
823 4919 877 4966 et
917 4905 1283 4980 paupertatis,
1327 4897 1659 4957 crudelitatis
1689 4905 1743 4951 et

145 4988 494 5074 Eolerantiaa,
543 5004 812 5076 patientia!
854 5009 910 5056 et
953 4996 1209 5054 avaritiae.
1255 4993 1326 5049 Ut
1372 5005 1495 5047 cum
1541 4988 1742 5043 videris

145 5117 445 5180 pauperem
472 5096 740 5154 ulceribus
767 5094 982 5165 plenum
1012 5097 1066 5144 et
1092 5089 1400 5157 despectura
1425 5123 1440 5149 ,
1483 5095 1551 5135 ne
1577 5079 1740 5133 mise-

147 5214 277 5257 rum
305 5191 676 5266 praedicaveris
702 5206 718 5245 ε
748 5202 871 5244 cum
901 5185 1095 5240 videris
1118 5181 1336 5236 divitem
1364 5184 1609 5231 ornatum
1627 5212 1642 5238 ,
1675 5185 1746 5227 ne

150 5265 373 5349 \‘eatnm
401 5287 622 5343 dixeris.
668 5281 904 5339 Gradum
951 5279 1091 5334 refer
1124 5275 1190 5329 ad
1232 5270 1538 5344 parabolam
1571 5285 1584 5321 :
1614 5265 1658 5321 si
1687 5273 1743 5321 te

155 5382 339 5441 turbet
365 5378 695 5448 naufragium
722 5372 1124 5442 cogitationum,
1154 5365 1277 5436 fuge
1306 5365 1358 5418 in
1389 5369 1600 5432 portum
1630 5375 1644 5413 :
1675 5372 1741 5412 ex

163 5480 277 5549 zjus
321 5473 626 5530 narratione
665 5465 1083 5525 consolationem
1112 5459 1337 5527 accipe:
1368 5453 1538 5525 cogita
1579 5449 1748 5505 Laza-

224 5642 242 5674 ι
282 5634 490 5695 Benzel.,
517 5641 618 5684 Non
640 5627 740 5681 ridi
762 5639 872 5678 cum
896 5619 1160 5695 νζςξιςζίυεσ
1185 5693 1197 5695 A
1215 5677 1345 5695 ,_A_.
1371 5673 1573 5695 ,,_,_,,_‘
1594 5673 1719 5695 ηιμ,

223 5673 1744 5761 (ιιῖῖἑέἵονὶὲιίέιῑίδιῐῶῐιιίῴᾱιττι-ιελειίέιῃθρξξεφιρρὲξξξξάωίι

151 5737 423 5817 τηδῦδὲἱίιέ
440 5737 870 5810 {attigissem
891 5749 948 5798 ad
967 5737 1318 5799 udcm'mticis
1340 5737 1628 5794 θεωρείτω.

1394 301 1482 357 DE
1523 299 1792 358 LAZARO
1829 297 2072 362 CONCIO
2110 305 2196 361 Vl.

3306 322 3442 376 103i

1853 433 1969 476 ram
2016 421 2325 493 despectum
2351 465 2366 487 .
2415 425 2587 496 cogita
2629 425 2846 485 divitem
2891 445 3145 500 prmperc
3190 446 3435 505 agentem

1852 507 2165 580 deliciisque
2194 511 2456 569 fruentem
2481 556 2496 580 ,
2543 515 2778 588 nihilque
2817 527 2871 574 te
2914 523 3186 589 perturbet
3222 539 3434 591 eorum,

1850 614 1970 668 quae
2015 601 2066 654 in
2116 603 2223 656 vita
2268 615 2544 674 geruntur.
2594 607 2726 664 Nam
2772 610 2816 665 si
2863 623 3113 670 accurato
3161 617 3439 672 ratiocinio

1851 693 2052 759 utaris,
2103 709 2206 748 non
2239 705 2291 752 te
2335 696 2527 754 ﬂuctus
2568 699 2928 772 demergunt:
2956 705 3106 761 navis
3146 723 3251 762 non
3281 710 3441 765 undis

1851 783 2128 853 obruitur,
2172 786 2217 842 si
2264 789 2525 845 ratiocinii
2581 793 2867 863 sagacitate
2912 810 3094 852 rerum
3144 798 3440 870 distinguas

1851 883 2116 930 naturam.
2145 877 2281 942 Quid
2314 887 2369 933 tu
2392 879 2520 935 mihi
2545 880 2713 948 dicis,
2744 898 2938 953 corpus
2965 901 3142 942 meum
3171 890 3225 943 in
3263 905 3432 960 angu-

1850 973 1936 1019 sto
1972 964 2159 1034 jacet?
2201 967 2350 1023 Mens
2390 985 2456 1025 ne
2486 969 2726 1026 lzcdatur.
2760 973 2854 1029 lIle
2877 975 3028 1032 dives
3061 987 3116 1032 et
3160 979 3436 1049 improbus

1850 1066 1932 1112 cst
1958 1075 1970 1111 :
1994 1058 2120 1128 quid
2148 1068 2258 1113 tum
2285 1073 2470 1132 postea
2490 1063 2516 1117 ?
2545 1064 2611 1117 At
2632 1064 2946 1134 improbitas
2966 1083 3073 1124 non
3097 1069 3199 1127 sub
3219 1086 3435 1126 sensum

1849 1149 2010 1203 cadit.
2040 1149 2119 1204 Ne
2147 1151 2276 1205 mihi
2321 1153 2591 1208 hominem
2620 1154 2689 1210 ab
2723 1158 2981 1211 exteriori
3027 1157 3162 1215 facie
3203 1170 3431 1229 spectes,

1848 1240 1943 1295 sed
1972 1240 2113 1297 hunc
2137 1244 2373 1298 exterius
2401 1246 2587 1315 proba.
2614 1245 2749 1302 Cum
2774 1248 2925 1304 vides
2947 1250 3215 1319 arborem,
3241 1253 3436 1310 foliane

1848 1334 2178 1402 consideras,
2211 1351 2276 1390 an
2309 1338 2578 1393 fructum?
2607 1338 2684 1397 Ita
2706 1351 2762 1396 et
2798 1341 2851 1396 in
2880 1341 3116 1402 homine.
3157 1344 3213 1400 Si
3240 1346 3434 1404 videris

1848 1423 2156 1492 hominem,
2204 1442 2272 1482 ne
2312 1427 2579 1487 exteriora
2619 1432 2953 1502 perpendas,
2995 1433 3092 1489 sed
3137 1433 3389 1493 interiora
3416 1454 3434 1490 :

1848 1513 2076 1569 fructum
2102 1517 2430 1582 consideres,
2451 1535 2556 1574 non
2583 1518 2708 1576 folia
2732 1524 2749 1554 ⁸
2777 1541 2789 1575 ;
2811 1538 2879 1578 ne
2906 1523 3044 1579 forte
3064 1525 3271 1582 oleasit
3286 1543 3420 1598 agre

1848 1605 1982 1670 stis,
2025 1604 2153 1660 dum
2192 1609 2420 1677 genuina
2464 1609 2581 1663 olea
2613 1619 2826 1680 putatur
2853 1629 2866 1664 :
2897 1629 2965 1668 ne
2998 1613 3133 1669 forte
3161 1615 3315 1686 lupus
3342 1617 3442 1682 sit,

1845 1694 1972 1750 dum
2001 1696 2238 1751 creditur
2279 1713 2399 1754 esse
2443 1700 2623 1754 homo.
2663 1701 2742 1756 Ne
2771 1702 2948 1772 itaque
2981 1719 3011 1756 a
3041 1715 3228 1763 natura
3259 1705 3416 1766 homi-

1848 1804 1969 1845 nem
2015 1789 2210 1860 proba,
2254 1790 2349 1847 sed
2378 1807 2407 1844 a
2436 1793 2721 1849 voluntatis
2755 1797 3029 1866 proposito
3057 1814 3073 1852 :
3100 1814 3168 1855 ne
3200 1815 3231 1854 a
3261 1800 3429 1866 vultu,

1847 1881 1942 1935 sed
1967 1896 1997 1935 a
2037 1884 2299 1938 sententia
2330 1901 2342 1937 :
2373 1899 2472 1939 nec
2497 1899 2528 1938 a
2556 1887 2818 1941 sententia
2859 1898 3064 1944 tantum
3085 1931 3101 1956 ,
3145 1891 3240 1946 sed
3269 1893 3432 1949 vitam

1845 1973 2128 2044 diligenter
2172 1975 2420 2047 inquire;
2467 1977 2514 2034 si
2557 1993 2849 2050 pauperum
2890 1991 2974 2038 est
3017 1997 3224 2051 amans,
3269 1984 3434 2044 homo

1845 2073 1927 2120 est
1955 2082 1969 2118 :
1999 2065 2043 2121 si
2085 2069 2137 2121 in
2162 2070 2497 2125 commerciis
2525 2080 2796 2140 versatur,
2823 2089 3053 2144 quercus
3084 2083 3168 2134 est
3203 2093 3218 2130 :
3264 2076 3328 2135 si.
3351 2086 3432 2132 est

1845 2158 2026 2214 animo
2052 2158 2214 2226 ferus,
2247 2160 2333 2216 leo
2356 2172 2439 2217 est
2467 2179 2480 2216 :
2513 2163 2558 2218 si
2586 2179 2747 2235 rapax
2767 2205 2783 2232 ,
2827 2166 2980 2237 lupus
3009 2176 3134 2223 est:
3164 2169 3209 2223 si
3237 2169 3432 2225 subdo-

1844 2248 1948 2314 lus,
1978 2251 2142 2321 aspis.
2179 2251 2245 2306 Et
2267 2251 2373 2317 dic,
2406 2252 2676 2310 hominem
2706 2271 2907 2326 quacro,
2940 2258 3065 2330 quid
3093 2259 3223 2314 mihi
3254 2270 3306 2315 tu
3335 2276 3432 2332 pro

1846 2337 2062 2396 homine
2084 2341 2248 2396 feram
2271 2344 2552 2398 ostendis?
2577 2345 2728 2402 Disce
2748 2347 2874 2417 quid
2897 2349 2969 2404 sit
2987 2350 3154 2408 virtus
3173 2350 3429 2420 hominis,

1844 2438 1900 2485 et
1937 2445 2006 2485 ne
2041 2431 2289 2487 turberis.
2322 2432 2452 2488 Erat
2492 2435 2650 2506 igitur
2677 2436 2911 2493 Lazarus
2951 2439 3003 2501 in
3035 2440 3174 2498 ostio
3212 2441 3428 2507 sedens,

1845 2524 2117 2580 ulceribus
2167 2525 2356 2596 plenus
2381 2567 2397 2593 ,
2443 2527 2584 2583 fame
2630 2528 2960 2597 labefactus,
3006 2530 3433 2602 accedentcsque

1844 2629 2007 2671 canes
2053 2616 2328 2687 lingebant
2373 2621 2493 2687 ejus
2534 2619 2799 2686 vulnera;
2844 2635 3005 2677 canes
3054 2622 3270 2678 homine
3315 2624 3434 2692 ipso

1846 2704 2188 2764 humaniores
2214 2709 2486 2779 lingebant
2511 2710 2631 2779 ejus
2658 2711 2876 2766 vubtera
2893 2751 2911 2778 ,
2939 2711 3146 2768 saniem
3177 2713 3434 2773 tollebant

1843 2805 1898 2852 et
1922 2798 2302 2858 emundabant.
2343 2799 2563 2856 Jacebat
2604 2802 2694 2856 ille
2722 2803 2873 2872 quasi
2912 2818 3102 2857 aurum
3133 2804 3183 2858 in
3213 2803 3434 2860 fornace

1844 2888 2072 2955 sedens,
2113 2898 2168 2944 et
2193 2890 2470 2959 probatior
2491 2891 2733 2949 eﬂ‘ectus.
2780 2891 2896 2951 Non
2921 2892 3132 2950 dicebat
3157 2894 3206 2949 id
3231 2935 3248 2960 ,
3288 2895 3432 2965 quod

1843 2981 2061 3052 plurimi
2102 2996 2368 3052 pauperes
2405 2983 2628 3038 dicunt:
2657 2984 2893 3041 hteecine
2930 2993 3012 3045 est
3054 2986 3433 3056 providentia?

1846 3073 2060 3129 Deusne
2087 3073 2317 3128 humana
2347 3075 2608 3144 respicit?
2651 3074 2766 3145 Ego
2793 3075 2847 3130 in
2868 3075 3073 3146 justitia
3093 3078 3276 3133 vivens
3302 3093 3432 3148 pau-

1843 3179 1941 3235 per
1983 3179 2141 3232 snm,
2186 3174 2242 3220 et
2287 3165 2379 3219 ille
2429 3165 2641 3236 iniquus
2685 3166 2838 3223 dives
2878 3176 2962 3223 est
2980 3167 3010 3223 ?-
3050 3167 3190 3227 Nihil
3239 3168 3429 3227 borum

1843 3256 2128 3328 cogitabat,
2173 3255 2268 3313 sed
2311 3256 2840 3326 incomprehensibili
2884 3257 2980 3313 Dei
3023 3274 3145 3329 erga
3187 3258 3432 3320 homines

1843 3348 2141 3404 clementia:
2183 3347 2363 3403 omnia
2408 3349 2807 3413 committebat,
2855 3349 3091 3404 animum
3135 3349 3433 3405 emundans

1845 3451 2000 3494 suum
2020 3480 2036 3506 ,
2067 3438 2361 3494 cruciatum
2389 3439 2654 3505 tolerans,
2685 3439 2994 3508 patientiam
3023 3439 3314 3506 exhibens,
3345 3440 3432 3510 ja-

1843 3543 1974 3585 cens
2001 3543 2231 3601 corpore
2249 3570 2264 3596 ,
2302 3543 2524 3585 currens
2553 3538 2729 3585 mente
2749 3571 2765 3596 ,
2805 3531 2985 3584 animo
3012 3530 3196 3586 volans
3225 3540 3280 3586 et
3307 3531 3431 3586 bra-
3501 3527 3507 3538 ’

1843 3621 1990 3677 vium
2036 3622 2337 3692 arripiens,
2381 3637 2666 3693 emergens
2717 3637 2785 3678 ex
2830 3622 3026 3690 malis,
3069 3633 3124 3678 et
3168 3623 3433 3678 bonorum

1845 3715 2018 3770 testis.
2063 3713 2176 3770 Non
2205 3713 2340 3773 dixit
2371 3732 2385 3769 :
2417 3713 2640 3786 parasiti
2668 3713 2897 3769 ubertim
2928 3713 3177 3769 fruuntur
3204 3714 3433 3782 deliciis,

1842 3821 1944 3876 ego
1974 3821 2041 3860 ne
2067 3805 2224 3864 micis
2249 3805 2466 3877 quidem
2491 3806 2682 3876 dignus
2711 3805 2932 3863 habeor.
2977 3806 3083 3862 Sed
3111 3807 3280 3877 quid?
3320 3808 3435 3864 Dco

1843 3899 2069 3969 gratiam
2095 3907 2148 3953 et
2176 3897 2401 3969 gloriam
2429 3898 2715 3954 referebat.
2747 3898 2956 3954 Accidit
2991 3906 3050 3951 ut
3075 3898 3233 3952 ambo
3259 3914 3438 3953 more-

1845 3996 2032 4042 rentur
2061 4004 2076 4041 :
2106 3995 2350 4042 mortuus
2395 3996 2478 4042 est
2520 3987 2703 4051 dives,
2749 3987 3092 4057 sepultusque
3131 3985 3230 4040 fuit
3261 4004 3274 4041 :
3305 3988 3438 4043 abiit

1844 4088 1900 4134 et
1928 4079 2160 4140 Lazarus
2179 4120 2196 4146 ,
2233 4093 2410 4148 neque
2434 4077 2579 4133 enim
2606 4078 2833 4136 dixerim
2852 4118 2868 4143 ,
2897 4087 3139 4133 mortuus
3165 4087 3266 4135 est.
3298 4079 3432 4144 Nam

1845 4170 2025 4229 divitis
2051 4171 2267 4241 quidem
2294 4185 2442 4225 mors
2465 4185 2592 4226 vere
2619 4184 2768 4225 mors
2790 4178 2872 4224 est
2897 4179 2953 4225 et
2979 4171 3273 4239 sepultura,
3302 4186 3435 4242 pau-

1846 4263 1990 4334 peris
2018 4277 2146 4317 vero
2176 4277 2320 4317 mors
2357 4271 2440 4317 est
2466 4261 2825 4332 peregrinatio
2849 4269 2902 4316 et
2931 4261 3202 4316 translatio
3228 4262 3303 4316 ad.
3322 4277 3435 4316 me-

1847 4358 1980 4413 liora
2000 4397 2015 4421 ,
2053 4370 2347 4426 cursusque
2371 4370 2400 4408 a
2431 4364 2722 4408 seammate
2758 4352 2824 4412 ad
2851 4353 3126 4422 prteminm
3146 4395 3162 4421 ,
3190 4369 3219 4406 a
3248 4354 3440 4423 pelago

1845 4449 1914 4503 ad
1951 4455 2197 4521 portum,
2244 4446 2316 4502 ab
2354 4446 2473 4501 acie
2516 4445 2584 4499 ad
2627 4455 2887 4514 tropaeum
2914 4484 2932 4508 ,
2975 4459 3006 4496 a
3053 4443 3347 4504 sudoribus.
3366 4445 3434 4500 ad

1846 4553 2122 4599 coronam.
2152 4538 2326 4595 Ambo
2364 4537 2491 4592 illuc
2517 4536 2801 4599 abierunt,
2830 4535 2918 4599 ubi
2966 4549 3054 4591 res
3079 4550 3219 4590 vene
3249 4553 3263 4590 :
3292 4535 3437 4592 solu-

1849 4639 1958 4686 tum
1985 4639 2068 4685 est
2097 4629 2364 4684 theatrum
2384 4669 2400 4693 ,
2432 4629 2653 4683 sublata:
2681 4626 2865 4680 larvae.

1921 4722 2022 4778 Res
2064 4722 2300 4777 humana:
2339 4734 2503 4772 scena:
2545 4726 2927 4788 comparantur.
2965 4745 3039 4756 —
3077 4715 3437 4783 Quemadmo-

1848 4814 1976 4869 dum
2007 4811 2083 4884 (a)
2115 4811 2258 4868 enim
2302 4811 2356 4864 in
2398 4810 2606 4866 theatro
2644 4807 2950 4872 inmeridie
2979 4807 3241 4866 velamina
3270 4809 3438 4862 multa

1848 4916 1975 4963 sunt
1995 4948 2009 4972 ,
2056 4905 2316 4973 multique
2345 4903 2542 4960 scenici
2573 4901 2798 4973 ingrcssi
2839 4898 3206 4954 bisti-ionicam
3236 4899 3438 4954 larvam

1851 5002 1903 5056 in
1934 5000 2083 5055 vultu
2126 4997 2358 5063 habent,
2397 5005 2649 5055 veterem,
2677 4993 2905 5048 fabulam
2950 5000 3215 5058 tractant,
3245 5007 3442 5062 resque

1849 5102 2028 5162 gestas
2059 5096 2277 5144 narrant
2319 5105 2335 5141 :
2375 5096 2428 5142 et
2464 5083 2840 5154 aliusquidem
2886 5082 3262 5152 philosophum
3308 5082 3436 5152 agit,

1850 5185 1940 5254 qui
1981 5198 2086 5238 non
2129 5189 2213 5237 est
2252 5177 2601 5250 philosophus
2630 5193 2643 5228 :
2673 5176 2808 5230 alius
2835 5191 3014 5246 regem
3036 5215 3050 5238 ,
3083 5174 3174 5243 qui
3205 5188 3298 5228 rex
3331 5189 3437 5226 non

1852 5285 1957 5342 est,
1985 5273 2081 5329 sed
2107 5271 2248 5342 regis
2275 5270 2520 5327 habitum
2533 5267 2694 5324 habet
2717 5281 2813 5336 per
2837 5266 3231 5322 enarrationem
3261 5280 3275 5316 :
3302 5263 3442 5318 alius

1853 5366 2093 5423 medicus
2113 5406 2127 5431 ,
2157 5363 2246 5435 qui
2271 5378 2340 5418 ne
2374 5361 2576 5433 lignum
2603 5359 2818 5431 quidem
2850 5367 3077 5413 tractare
3105 5363 3314 5426 potest,
3343 5354 3438 5409 sed

1919 5545 1937 5579 ⁸
1970 5543 2053 5594 Hic
2065 5542 2282 5594 quaedam
2305 5537 2646 5588 desiderantur
2666 5535 2717 5584 in
2753 5530 2966 5592 Benzel.,
2987 5543 3098 5593 qua:
3120 5528 3363 5578 habentur
3383 5527 3437 5576 in

1853 5610 1998 5657 cond.
2023 5599 2146 5664 aliis,
2171 5611 2225 5652 et
2239 5602 2474 5664 quadram
2495 5599 2553 5648 ad
2571 5605 2778 5648 textum.

1915 5652 1997 5731 ῖᾶί
2022 5652 2146 5718 iis;
2175 5652 2482 5729 paucioribus
2513 5665 2685 5711 tractat
2725 5668 2868 5720 supra
2903 5652 3067 5711 homil.
3096 5658 3130 5700 II
3163 5654 3227 5708 de
3250 5653 3454 5710 Lazaro,

1856 5746 1985 5791 num.
2007 5731 2056 5780 3-
