3860 6224
354 224 495 282 1055

354 335 546 394 medici
573 331 810 390 vestibus
832 328 1057 385 amictus
1084 337 1168 386 est
1190 344 1203 380 :
1234 326 1373 382 alius
1395 337 1608 388 servus,
1635 323 1724 392 qui
1751 330 1930 375 tamen

355 405 493 484 liber
517 436 599 482 est
621 442 636 480 :
661 425 801 480 alius
829 422 1036 488 doctor,
1063 420 1152 490 qui
1179 435 1247 474 ne
1275 418 1482 472 litteras
1506 414 1721 486 quidem
1746 411 1931 467 novit:

357 519 508 574 nullo
545 515 708 572 modo
744 529 892 570 suam
915 553 930 578 ,
975 511 1070 566 sed
1099 510 1324 564 alienam
1353 507 1587 578 speciem
1618 505 1933 560 referentes.

356 609 488 665 Nam
517 607 756 664 medicus
786 611 1036 674 apparet,
1067 601 1157 671 qui
1189 615 1293 653 non
1322 607 1405 653 est
1446 595 1683 651 medicus
1715 611 1729 648 :
1759 593 1938 664 philo-

357 701 562 770 sophus
585 705 826 769 apparet,
848 695 937 765 qui
962 709 1168 749 comam
1197 691 1356 745 habet
1378 691 1513 742 intra
1540 687 1760 748 larvam.
1784 683 1938 739 miles

357 802 580 864 apparet
617 792 684 856 is,
724 789 816 859 qui
855 785 1038 841 militis
1083 785 1284 839 cultum
1331 783 1515 836 refe-rt.
1565 776 1784 834 Etiamsi
1812 789 1940 829 vero

358 885 520 940 larvas
563 881 770 953 species
809 877 975 941 fallat,
1015 876 1111 932 sed
1156 889 1262 929 non
1308 873 1442 928 fallit
1479 879 1744 936 naturam,
1789 867 1942 937 cujus

358 977 636 1034 veritatem
663 972 841 1044 specie
883 977 1222 1025 transmutat.
1271 967 1449 1021 Donec
1488 974 1665 1018 autem
1697 975 1857 1017 scena
1886 970 1942 1016 et

360 1066 628 1122 theatrum
671 1071 787 1129 est,
833 1061 1045 1130 lmtique
1088 1065 1416 1128 spectatores
1459 1054 1734 1118 assident,
1782 1051 1944 1105 larva:

361 1165 580 1213 manent
619 1171 635 1208 :
677 1167 799 1209 cum
843 1161 1021 1206 autem
1063 1148 1382 1204 adveniente
1410 1158 1630 1214 vespera
1677 1141 1942 1196 theatrum

362 1246 611 1310 solvitur,
641 1241 1017 1298 recedentibus
1043 1237 1308 1300 omnibus,
1352 1235 1514 1291 larvale
1552 1232 1942 1304 projiciuntur:

364 1349 489 1395 tunc
514 1337 604 1408 qui
650 1336 790 1390 intus
817 1349 910 1389 rex
941 1341 1076 1394 erat,
1121 1329 1252 1385 foris
1294 1327 1514 1382 a-rarius
1556 1335 1658 1380 est.
1689 1324 1946 1394 Projectze

364 1439 490 1485 sunt
511 1430 692 1494 lat-vae,
717 1425 977 1481 abscessit
1003 1421 1230 1484 fallacia,
1252 1419 1449 1475 veritas
1473 1416 1718 1488 apparuit
1742 1434 1754 1470 :
1778 1425 1833 1471 et
1855 1416 1945 1486 qui

367 1522 512 1575 intus
539 1518 678 1574 liber
707 1525 844 1582 erat,
876 1515 1006 1569 foris
1034 1527 1220 1566 servus
1245 1509 1682 1579 deprehenditur.
1715 1505 1780 1562 Ut
1803 1507 1946 1560 enim

363 1611 472 1682 jam
495 1609 626 1676 dixi,
648 1609 794 1663 intus
815 1605 1039 1670 fallacia,
1063 1603 1193 1657 foris
1213 1601 1409 1656 veritas
1433 1617 1446 1654 ε
1469 1598 1684 1653 advenit
1703 1611 1947 1666 vespera,

364 1702 600 1756 solutum
627 1707 709 1753 est
736 1696 1021 1762 theatrum,
1049 1693 1291 1764 apparuit
1316 1691 1530 1745 veritas.
1561 1688 1634 1742 Ita
1661 1701 1872 1758 quoque
1897 1687 1949 1740 in

365 1793 474 1846 vita
503 1799 558 1846 et
582 1791 635 1844 in
664 1788 770 1843 line
796 1787 915 1841 vitae
944 1801 1030 1840 res
1057 1791 1348 1853 prsis-entes
1373 1791 1497 1836 sunt
1526 1779 1789 1834 theatrum
1819 1793 1834 1843 ;
1865 1776 1950 1831 bi-

367 1884 679 1940 strionicam
721 1888 886 1952 agunt
928 1879 1129 1934 diviti-.1:
1167 1885 1222 1930 ct
1261 1884 1579 1945 paupertas,
1627 1873 1874 1942 princeps
1899 1878 1954 1926 et

367 1973 632 2038 subditus,
660 1979 715 2026 et
742 1970 825 2025 his
848 1967 1037 2025 similia
1063 1983 1079 2034 ;
1113 1981 1235 2021 cum
1262 1975 1442 2019 autem
1468 1963 1584 2019 dies
1612 1963 1701 2017 illa
1730 1962 1955 2017 transie-

367 2069 459 2134 rit,
486 2076 542 2122 et
566 2081 670 2120 nox
702 2065 790 2118 illa
821 2061 1094 2118 tremenda
1122 2059 1435 2122 advenerit;
1481 2056 1589 2110 imo
1619 2055 1795 2125 potius
1816 2054 1951 2119 dies,

367 2171 490 2229 qua:
517 2139 888 2227 peccatoribus
916 2167 1043 2217 nox,
1068 2149 1331 2224 justisque
1355 2148 1470 2202 dies
1494 2147 1595 2200 erit
1623 2163 1637 2199 :
1665 2161 1784 2200 cum
1811 2144 1956 2198 solu-

369 2261 483 2303 tum
525 2246 690 2302 fuerit
733 2245 1020 2307 theatrum,
1066 2256 1186 2295 cum
1234 2241 1483 2308 projects).
1527 2235 1723 2291 fuerint
1771 2235 1954 2302 larvas,

369 2353 491 2393 cum
520 2335 886 2404 unusquisque
923 2342 978 2386 et
1007 2344 1168 2400 Opera
1214 2329 1281 2383 ad
1320 2342 1544 2382 examen
1588 2326 1953 2381 vocabuntur:

371 2447 480 2487 non
509 2429 870 2498 unusquisque
896 2435 950 2480 et
975 2423 1172 2479 divitiae
1198 2423 1316 2492 ejus
1334 2463 1349 2487 ,
1386 2435 1491 2474 non
1519 2419 1882 2489 unusquisque
1905 2426 1961 2472 et

373 2520 706 2593 principatus
745 2517 886 2585 ejus,
929 2529 1035 2568 non
1089 2511 1458 2581 unusquisque
1497 2517 1553 2564 et
1598 2507 1772 2562 honor
1819 2507 1956 2576 ejus,

372 2627 482 2666 non
507 2607 872 2678 unusquisque
915 2616 970 2659 et
998 2602 1232 2673 potentia
1262 2601 1420 2670 ejus;
1464 2599 1556 2654 sed
1598 2598 1960 2668 unusquisque

372 2713 428 2758 et
454 2716 619 2772 opera
645 2700 781 2769 ejus,
814 2707 868 2752 ct
897 2698 1143 2766 princeps
1172 2705 1226 2749 et
1266 2694 1573 2762 imperator,
1605 2702 1659 2747 et
1687 2691 1880 2745 mulier
1908 2698 1963 2745 et

372 2795 495 2859 vir,
524 2807 644 2848 cum
677 2805 706 2843 a
737 2789 890 2844 nobis
920 2789 1081 2842 vitam
1125 2786 1341 2856 probam
1371 2794 1426 2838 et
1453 2784 1590 2838 bona
1620 2798 1782 2853 opera
1808 2796 1962 2852 repe-

374 2897 454 2942 tet
471 2929 487 2954 ,
513 2900 623 2940 non
647 2883 959 2954 dignitatum
992 2893 1260 2951 pompam,
1303 2893 1406 2932 non
1435 2876 1761 2946 paupertatis
1785 2875 1962 2929 vilita-

375 2987 527 3044 tem,
571 2991 676 3029 non
725 2974 1009 3042 despectus
1061 2969 1417 3040 tyrannidem.
1471 2968 1541 3022 Da
1592 2965 1721 3020 mihi
1776 2980 1960 3034 opera,

375 3067 583 3123 etiamsi
613 3079 801 3120 servus
831 3064 926 3128 sis,
968 3077 1127 3131 quam
1157 3059 1308 3114 liberi
1340 3059 1437 3112 viri
1468 3057 1725 3121 meliora;
1754 3055 1963 3110 etiamsi

377 3159 570 3214 mulier
609 3157 713 3218 sis,
747 3170 904 3225 quam
937 3153 1034 3206 viri
1081 3150 1322 3205 fortiora.
1352 3148 1486 3203 Cum
1517 3147 1737 3217 objecta:
1765 3144 1965 3200 fuerint

377 3249 561 3314 larvuc,
593 3255 719 3300 tunc
749 3251 1010 3314 apparent
1038 3250 1092 3296 et
1116 3240 1265 3295 dives
1295 3248 1348 3293 et
1374 3253 1592 3308 pauper.
1626 3237 1690 3291 Et
1711 3235 1967 3307 quemad-

379 3339 596 3394 modum
625 3337 735 3400 hic,
762 3344 1042 3404 postquam
1073 3333 1307 3387 solutum
1335 3330 1432 3385 fuit
1462 3330 1750 3395 theatrum,
1774 3329 1819 3383 si
1845 3328 1966 3400 quis

381 3439 625 3484 nostrum
656 3427 710 3480 in
739 3425 883 3480 edito
927 3423 1047 3478 loco
1089 3422 1285 3477 sedens
1319 3420 1512 3476 viderit
1552 3434 1674 3475 eum
1705 3418 1794 3489 qui
1825 3420 1968 3474 intus

381 3517 732 3591 philosophus
767 3525 881 3570 erat
904 3555 920 3582 ,
972 3513 1100 3567 foris
1130 3512 1376 3566 :rrarium
1415 3525 1565 3576 esse,
1607 3509 1963 3564 exclamabit:

383 3610 547 3666 hem!
592 3609 782 3663 Annon
813 3606 900 3661 hic
938 3606 1079 3658 intus
1102 3601 1454 3674 philosophus
1479 3601 1636 3657 erat?
1681 3601 1796 3656 Jam
1839 3600 1968 3654 foris

385 3701 633 3756 aerarium
661 3698 816 3752 video
845 3714 859 3751 :
886 3711 1063 3749 annon
1113 3694 1198 3748 hic
1240 3709 1332 3747 rex
1380 3693 1523 3746 intus
1549 3691 1714 3747 erat?
1751 3691 1820 3745 Et
1856 3691 1966 3760 jam

388 3792 521 3847 foris
545 3790 703 3845 vilem
733 3787 1016 3858 quemdam
1045 3785 1312 3839 hominem
1339 3798 1522 3838 cerno.
1553 3783 1748 3836 Annon
1777 3781 1863 3835 hic
1892 3783 1971 3834 in—

387 3890 477 3936 tus
514 3879 663 3936 dives
691 3877 850 3934 erat?
878 3878 949 3931 At
982 3876 1110 3930 foris
1140 3888 1426 3944 pauperem
1457 3871 1612 3928 video
1643 3889 1656 3924 :
1687 3872 1756 3925 ita
1783 3879 1836 3925 et
1865 3871 1971 3925 illic

387 3971 464 4028 eri
472 3979 512 4025 t.

461 4062 515 4119 6.
546 4061 858 4118 Sermonem
887 4073 991 4112 non
1013 4057 1240 4111 ulterius
1264 4054 1576 4124 producam,
1601 4070 1668 4108 ne
1690 4053 1971 4107 verborum

388 4153 540 4222 copia
571 4151 866 4205 auditorem
896 4147 1116 4202 obrnam
1147 4163 1160 4197 :
1189 4146 1281 4199 sed
1310 4144 1513 4198 duabus
1541 4143 1826 4214 propositis
1850 4157 1974 4212 pcr-

387 4244 536 4297 sontis
564 4250 728 4295 totam
768 4239 962 4293 theatri
993 4237 1359 4291 histrionicam
1395 4235 1696 4290 declarabo.
1731 4235 1805 4289 De
1844 4235 1974 4290 dua-

389 4336 492 4389 bus
521 4331 765 4402 personis
795 4329 1050 4392 tractavi,
1081 4343 1252 4398 exque
1282 4326 1386 4381 illis
1425 4325 1630 4380 duabus
1655 4325 1808 4379 vobis
1833 4326 1971 4378 viam

389 4424 574 4493 aperui
622 4431 678 4477 et
720 4420 1054 4476 occasionem
1101 4417 1299 4487 prtebui
1348 4434 1360 4470 :
1405 4432 1498 4486 per
1534 4417 1657 4470 vita:
1701 4417 1976 4485 praesentis

392 4516 786 4570 enarrationem
832 4521 1064 4566 mentem
1107 4508 1322 4564 dilatavi
1367 4517 1598 4562 vestram
1623 4549 1640 4571 ,
1683 4516 1741 4560 ut
1783 4507 1974 4577 singuli

394 4621 572 4660 rerum
599 4604 887 4659 discrimen
910 4599 1169 4655 ediscant.
1201 4598 1327 4652 Diue
1349 4597 1507 4666 igitur
1526 4607 1678 4652 erant
1702 4611 1973 4666 persona):

393 4696 530 4751 alter
554 4703 836 4765 personam
861 4691 1079 4760 gerebat
1105 4687 1305 4752 divitis,
1330 4687 1466 4742 alter
1494 4688 1740 4756 pauperis
1772 4704 1785 4740 :
1813 4685 1980 4740 Laza-

397 4803 490 4842 rus
531 4798 813 4855 personam
842 4780 1089 4851 pauperis
1108 4821 1125 4846 ,
1153 4779 1304 4833 dives
1346 4778 1436 4832 illc
1468 4792 1746 4846 personam
1777 4775 1975 4832 divitis.

394 4877 494 4939 "te
521 4884 642 4929 sunt
687 4875 848 4928 larvte
875 4880 931 4926 et
964 4885 1208 4942 personae
1230 4909 1246 4935 ,
1281 4883 1387 4924 non
1421 4885 1600 4924 rerum
1640 4869 1835 4924 veritas
1872 4868 1976 4939 (a).

393 4964 526 5024 Illuc
561 4966 718 5021 ambo
743 4965 1018 5028 abierunt,
1049 4963 1202 5017 dives
1229 4962 1434 5017 scilicet
1461 4971 1511 5015 et
1540 4977 1740 5031 pauper
1769 4980 1782 5015 :
1809 4962 1978 5016 Laza-

394 5075 514 5114 rum
542 5062 892 5126 susceperunt
913 5052 1121 5123 angeli,
1149 5060 1274 5123 post
1298 5066 1458 5106 canes
1489 5052 1605 5106 illos
1629 5052 1835 5121 angeli,
1864 5062 1983 5122 post

481 5258 533 5319 a)
560 5265 689 5327 _c_ave
711 5260 856 5327 pu:c_s
876 5252 1276 5327 Chrysostotnum,
1301 5251 1387 5321 qui
1410 5250 1456 5297 iu
1479 5248 1981 5327 lirmcegletitihiis_lio-

458 5260 533 5369 in)
564 5265 689 5306 cave
711 5260 856 5327 puics
876 5260 1276 5324 Chrysostomum,
1301 5260 1387 5321 qui
1410 5262 1456 5297 in
1479 5260 1869 5320 prmceuentinus
1893 5260 1981 5296 no-

397 5323 462 5370 ιιιὶ
485 5323 544 5368 iis
560 5318 810 5366 historiam
828 5321 982 5362 lazart
1004 5319 1058 5362 et
1076 5312 1239 5361 dIVttts
1255 5326 1389 5373 quasn
1426 5323 1588 5373 veram
1613 5310 1858 5373 historiam
1877 5324 1984 5370 pro-

399 5382 527 5438 tulit,
547 5376 968 5441 jam_palinodiam
989 5385 1191 5430 canere,
1215 5371 1325 5421 cuin
1347 5373 1462 5441 dicit
1484 5371 1546 5419 de
1570 5377 1737 5419 L-izaro
1760 5379 1812 5418 et
1833 5372 1981 5441 divite

400 5432 623 5505 loquens,
649 5432 796 5505 iuret?
817 5441 925 5485 sunt
948 5447 1022 5494 ea,
1060 5445 1170 5496 qua:
1188 5439 1442 5505 apparent,
1476 5444 1568 5480 non
1592 5444 1756 5480 rerum
1787 5432 1978 5505 veritus.

400 5493 510 5553 tlaéc
523 5493 711 5564 quippe
730 5499 953 5547 dicuntur
971 5493 1332 5564 cunSequenter
1355 5494 1414 5541 ad
1437 5505 1514 5550 ea,
1538 5506 1649 5552 quae
1664 5504 1807 5553 supra
1833 5493 1983 5564 fusius

399 5555 597 5621 extulit,
618 5555 794 5622 h'empe
818 5565 967 5607 totam
983 5555 1238 5622 humanam
1260 5558 1404 5603 vitam
1427 5566 1589 5604 scenae
1618 5555 1982 5616 comparandam

404 5635 517 5675 esse
540 5637 552 5671 :
576 5619 702 5687 quod
721 5619 884 5671 tamen
903 5629 1070 5668 rerum
1099 5619 1361 5672 veritatem
1385 5635 1482 5671 non
1504 5622 1653 5675 tollit.

1090 213 1148 273 8.
1190 210 1467 271 JOANNIS
1500 206 1969 268 CHRYSOSTOIII
2007 203 2322 262 ARCHIEP.
2362 202 2892 262 GONSTANTINOP.

3475 199 3628 260 1066

2045 317 2226 373 divitis
2244 318 2440 374 ostium
2465 320 2612 374 sinus
2633 321 2879 387 Abraha',
2900 330 3020 391 post
3042 319 3234 378 famem
3259 339 3440 382 rerum
3457 328 3622 395 copis

2045 409 2205 463 finem
2224 424 2328 463 non
2355 410 2618 477 habitura,
2640 419 2759 478 post
2782 427 3047 468 :erumnas
3064 415 3413 484 tranquillitas
3433 431 3628 487 perpe-

2045 507 2170 565 tua;
2199 499 2348 553 illum
2371 499 2451 571 (tt)
2466 515 2592 554 vero
2610 511 2729 570 post
2755 501 2966 558 divitias
2993 517 3294 576 paupertas,
3323 518 3440 576 post
3467 523 3626 560 nteri-

2046 604 2160 644 sam
2186 593 2458 661 opiparam
2488 593 2802 663 supplicium
2828 605 2884 651 et
2901 597 3192 663 cruciatus,
3221 609 3335 667 post
3361 600 3631 668 tranquil-

2047 677 2249 734 litatem
2293 681 2609 736 intolerandi
2643 683 2880 739 dolores.
2929 685 2994 740 Et
3029 687 3306 742 considera
3337 689 3463 742 mihi
3495 691 3632 758 quid

2047 768 2246 824 factum
2287 773 2377 824 sit.
2412 773 2538 828 llluc
2569 773 2850 840 abierunt,
2883 785 2939 832 et
2963 779 3193 833 solutum
3222 789 3306 834 est
3333 781 3631 844 theatrum,

2047 861 2269 930 objecta;
2294 863 2454 918 larvm
2483 881 2496 918 :
2523 867 2697 920 vultus
2722 866 2936 922 demum
2963 882 3338 939 apparuerunt.
3367 873 3638 928 Abierant

2048 956 2230 1024 ambo,
2254 957 2498 1029 videtque
2524 960 2672 1016 dives
2698 961 2786 1016 ille
2809 962 3126 1018 torrefactus
3147 964 3402 1021 Lazarum
3430 967 3481 1022 in
3506 970 3640 1023 sinu

2051 1048 2281 1103 Ahrabze
2325 1050 2464 1105 bene
2503 1065 2768 1121 agentem,
2815 1054 3018 1110 deliciis
3060 1055 3355 1126 fruentem,
3393 1061 3640 1130 dicitque

2053 1140 2128 1195 illi
2159 1159 2170 1192 :
2205 1139 2359 1194 Pater
2383 1142 2637 1196 Abraham
2655 1185 2671 1210 ,
2698 1145 2834 1198 mitte
2857 1144 3110 1201 Lazarum
3138 1158 3193 1202 ut
3227 1160 3445 1205 extremo
3471 1153 3640 1222 digito

2051 1233 2260 1288 instillat
2304 1235 2356 1288 in
2385 1236 2612 1306 linguam
2642 1252 2824 1303 meam,
2862 1239 2982 1308 quia
3007 1241 3204 1294 crucior
3227 1243 3279 1294 in
3306 1243 3400 1296 hac
3423 1245 3642 1313 [luimus

2054 1323 2206 1397 (Luc.
2238 1325 2325 1379 16.
2355 1325 2425 1379 24
2446 1328 2488 1396 ).
2529 1326 2664 1394 Quid
2704 1328 2863 1398 igitur
2889 1329 3198 1385 Abraham?
3235 1331 3366 1399 Fili,
3402 1335 3641 1403 recepisti

2057 1417 2185 1470 bona
2211 1426 2320 1482 tua,
2341 1427 2388 1471 et
2407 1416 2638 1472 Lazarus
2659 1420 2794 1473 mala
2817 1437 2913 1474 sua
2940 1436 2960 1474 :
2983 1432 3029 1474 et
3058 1439 3190 1475 nunc
3213 1423 3293 1476 hic
3319 1426 3638 1491 consolatur,

2055 1516 2109 1560 tu
2137 1523 2252 1560 vero
2282 1507 2545 1563 cruciaris.
2573 1509 2811 1581 Alioquin
2841 1522 3010 1567 autem
3035 1521 3080 1564 et
3119 1513 3272 1566 chaos
3310 1517 3439 1568 inter
3468 1532 3564 1569 uos
3590 1526 3644 1570 et

2056 1615 2142 1653 vos
2165 1600 2421 1668 ﬁrmatum
2448 1612 2557 1669 est;
2602 1615 2656 1657 ut
2682 1605 2727 1658 si
2754 1606 2866 1675 quis
2904 1607 3112 1660 voluerit
3141 1608 3260 1660 hinc
3297 1609 3420 1662 illuc
3445 1611 3514 1664 ad
3553 1626 3644 1664 eos

2058 1691 2398 1760 pertransire,
2445 1709 2545 1747 non
2594 1694 2771 1764 possit.
2821 1697 3069 1752 Animum
3115 1697 3365 1754 adhibete
3395 1718 3411 1754 :
3441 1700 3512 1755 de
3556 1700 3647 1756 his

2058 1787 2199 1858 enim
2231 1788 2375 1840 utilis
2397 1801 2574 1842 sermo
2602 1789 2925 1855 instituetur,
2952 1792 3038 1860 qui
3064 1800 3259 1848 terreat
3283 1794 3520 1863 quidem,
3543 1796 3646 1850 sed

2058 1879 2147 1948 qui
2191 1890 2415 1950 purget;
2459 1883 2549 1951 qui
2594 1883 2895 1948 excruciet,
2940 1882 3034 1939 sed
3065 1883 3153 1954 qui
3196 1885 3489 1940 emendet:
3519 1903 3649 1956 qua:

2059 1969 2309 2040 dicuntur
2349 1971 2553 2040 excipe.
2586 1970 2720 2026 Cum
2751 1973 2802 2026 in
2848 1974 3169 2029 cruciatibus
3209 1975 3430 2041 degeret
3465 1978 3647 2046 dives,

2062 2052 2274 2114 sursum
2299 2063 2529 2131 aspexit,
2561 2072 2612 2118 et
2639 2063 2767 2117 vidit
2793 2063 3054 2119 Lazarum
3084 2083 3098 2119 :
3128 2067 3258 2120 vidit
3280 2083 3392 2121 rem
3424 2085 3647 2123 novam.

2064 2149 2120 2221 In
2148 2151 2286 2204 ostio
2315 2160 2404 2204 tuo
2429 2151 2665 2221 quotidie
2694 2161 2804 2206 erat
2838 2169 2852 2206 :
2889 2153 2969 2206 bis
2997 2164 3142 2208 terve
3179 2156 3569 2225 ingrediebaris
3597 2170 3654 2212 et

2063 2240 2440 2312 egrediebaris,
2470 2251 2524 2297 et
2565 2257 2668 2297 non
2693 2244 3014 2313 respiciebas
3043 2262 3162 2300 eum
3187 2264 3204 2313 ;
3234 2262 3355 2300 cum
3379 2257 3569 2304 autem
3597 2250 3654 2304 in

2063 2334 2334 2404 Sartagine
2362 2335 2610 2399 versaris,
2639 2350 2707 2390 ex
2733 2343 2880 2390 tanto
2906 2337 3189 2392 interstitio
3217 2339 3408 2394 vides?
3430 2341 3569 2394 Cum
3601 2340 3655 2394 in

2064 2424 2264 2480 divitiis
2288 2440 2504 2495 ageres,
2531 2441 2650 2480 cum
2680 2441 2846 2496 penes
2885 2438 2937 2484 te
2962 2436 3078 2486 erat
3100 2439 3159 2482 ut
3187 2429 3396 2485 videres
3416 2471 3432 2494 ,
3461 2431 3657 2486 videre

2066 2515 2211 2571 illum
2242 2518 2493 2584 nolebas,
2519 2533 2616 2573 cur
2659 2535 2798 2574 nunc
2827 2529 2931 2575 tam
2962 2530 3114 2576 acute
3155 2523 3329 2576 cernis
3354 2525 3370 2555 ι
3391 2522 3417 2576 ?
3457 2525 3656 2580 Annon

2067 2606 2119 2662 in
2148 2608 2287 2663 ostio
2333 2619 2422 2664 tuo
2467 2609 2629 2664 erat?
2672 2609 2778 2664 Cur
2823 2611 2972 2666 illum
3018 2621 3142 2666 tunc
3182 2628 3212 2667 e
3257 2614 3503 2682 proximo
3543 2630 3656 2669 non

2067 2698 2311 2766 videbas,
2354 2715 2494 2755 nunc
2531 2709 2706 2754 autem
2743 2716 2808 2756 ex
2847 2710 2995 2756 tanto
3022 2702 3304 2757 interstitio
3331 2704 3501 2770 vides,
3527 2719 3659 2759 cum

2071 2796 2274 2843 tantum
2324 2793 2392 2844 sit
2441 2791 2812 2846 intermedium
2858 2792 3065 2848 chaos?
3110 2793 3245 2860 Quid
3299 2805 3479 2849 autem
3519 2796 3661 2850 ille!

2068 2880 2337 2935 Abraham
2360 2890 2568 2951 patrem
2585 2892 2757 2936 vocat.
2783 2883 3065 2938 Patremne
3081 2899 3240 2939 vocas
3255 2886 3482 2958 eum(b),
3500 2888 3662 2957 cujus

2071 2971 2485 3042 hospitalitatem
2518 2990 2623 3029 non
2667 2991 2727 3030 es
2769 2976 3053 3030 imitatus?
3093 2977 3191 3032 llic
3231 2987 3434 3048 patrem
3475 2989 3659 3045 voeat,

2072 3065 2160 3120 ille
2189 3065 2354 3119 filium
2381 3082 2396 3120 :
2426 3067 2641 3121 nomina
2671 3069 3005 3137 cognationis
3032 3079 3173 3136 sunt,
3206 3071 3299 3125 sed
3333 3072 3538 3126 nullum
3566 3088 3663 3142 pa-

2073 3157 2376 3212 trocinium.
2407 3159 2602 3214 Verum
2632 3161 2848 3215 nomina
2875 3162 3110 3231 profert,
3149 3170 3205 3216 ut
3240 3161 3462 3217 discatis
3486 3178 3664 3233 genus
3703 3198 3706 3202 η

2073 3253 2202 3307 nihil
2231 3251 2508 3324 prodesse.

2131 3345 2400 3410 Nobilitas
2431 3357 2502 3402 est
2535 3363 2637 3401 non
2671 3348 2920 3418 majorum
2961 3345 3221 3416 splendor,
3255 3348 3343 3401 sed
3381 3348 3564 3425 virtus.
3592 3377 3667 3390 —

2073 3437 2331 3494 Nobilitas
2354 3440 2549 3510 quippe
2577 3448 2659 3494 est
2687 3456 2790 3494 non
2822 3439 3082 3508 majorum
3112 3440 3386 3511 splendor,
3414 3442 3511 3496 sed
3539 3457 3664 3498 mo-

2073 3544 2163 3585 res
2189 3531 2382 3586 virtute
2411 3530 2639 3599 praiditi.
2673 3530 2752 3585 Ne
2790 3531 2917 3585 mihi
2948 3532 3144 3586 dixeris
3165 3573 3180 3596 ,
3221 3543 3370 3602 pater
3403 3542 3492 3588 est
3529 3534 3666 3589 mihi

2074 3623 2281 3678 consul.
2317 3623 2452 3689 Quid
2489 3622 2592 3677 hoc
2631 3623 2697 3678 ad
2743 3625 2872 3678 me?
2899 3624 3016 3678 Non
3047 3624 3148 3680 hoc
3172 3641 3375 3695 quer.
3414 3625 3496 3682 Ne
3530 3627 3664 3680 mihi

2075 3712 2293 3774 dixeris,
2314 3722 2515 3782 patrem
2535 3712 2704 3768 habeo
2725 3714 3019 3769 consulem.
3044 3715 3264 3770 Etiamsi
3293 3715 3518 3772 Paulum
3534 3732 3667 3787 apo-

2076 3807 2272 3860 stolum
2298 3817 2500 3874 patrem
2529 3806 2756 3864 haberes
2778 3848 2794 3874 ,
2821 3809 2867 3863 si
2895 3816 3156 3879 martyres
3186 3807 3378 3864 fratres
3399 3851 3414 3873 ,
3450 3819 3506 3865 tu
3534 3826 3668 3867 vero

2076 3899 2327 3953 virtutem
2354 3898 2563 3953 illorum
2596 3915 2700 3954 non
2736 3900 3022 3956 imitareris
3044 3942 3061 3968 ,
3093 3901 3221 3955 nihil
3252 3901 3346 3955 tibi
3382 3903 3668 3972 prodesset

2078 3989 2162 4043 illa
2185 3989 2466 4060 cognatio;
2490 3990 2597 4044 imo
2618 3991 2793 4059 potius
2815 3991 2905 4045 tibi
2926 4000 3142 4046 noceret
3161 4001 3316 4061 teque
3335 3993 3669 4048 condemna-

2078 4091 2178 4151 ret.
2201 4083 2386 4148 Mater,
2412 4085 2634 4154 inquiet,
2659 4100 2773 4140 mea
2799 4085 3192 4156 eleemosynam
3219 4097 3423 4155 erogat.
3459 4087 3668 4156 Ecquid

2081 4176 2182 4240 hoc
2207 4176 2270 4230 ad
2303 4185 2390 4241 te,
2421 4179 2509 4246 qui
2549 4176 2868 4231 inhumanus
2893 4178 2988 4232 es?
3025 4176 3154 4230 Nam
3195 4177 3312 4245 ejus
3358 4178 3672 4235 humanitas

2082 4268 2188 4320 tuis
2218 4267 2471 4335 improbis
2512 4266 2753 4321 moribus
2781 4267 3021 4321 accessio
3059 4265 3527 4323 condemnationis
3561 4282 3672 4324 est.

2081 4358 2216 4425 Quid
2242 4358 2384 4413 enim
2417 4358 2543 4412 dicit
2575 4357 2807 4412 Joannes
2836 4357 3067 4427 Baptista
3105 4356 3169 4410 ad
3203 4358 3455 4425 pupulum
3487 4357 3677 4413 Judai—

2082 4450 2239 4504 cum?
2257 4448 2432 4502 Facite
2455 4449 2670 4518 fructum
2690 4448 2897 4520 dignum
2921 4448 3243 4518 pwniteutitc,
3269 4458 3313 4500 et
3330 4465 3394 4501 ne
3412 4448 3672 4517 diam-itis,

2084 4552 2275 4612 patrem
2298 4541 2534 4610 habemus
2568 4541 2818 4594 Abraham
2846 4538 2996 4609 (Luc.
3028 4541 3082 4594 5.
3112 4541 3191 4596 8i.
3221 4541 3547 4596 Praeclarum
3574 4543 3676 4597 ha.

2085 4635 2179 4688 bes
2206 4644 2416 4688 atavnm
2443 4651 2456 4686 :
2485 4634 2529 4687 si
2559 4634 2793 4688 imitatus
2821 4631 2985 4686 fueris
3006 4673 3020 4694 ,
3053 4631 3176 4685 hinc
3215 4633 3418 4686 lucrum
3461 4632 3676 4698 habes;

2084 4727 2128 4780 si
2157 4741 2260 4780 non
2289 4727 2542 4789 imitatus,
2570 4724 2884 4794 pra'clarum
2913 4724 3058 4778 illum
3089 4723 3251 4776 habes
3275 4733 3678 4793 accusatorem,

2085 4820 2225 4890 quod
2253 4835 2319 4873 ex
2347 4819 2485 4874 dulci
2517 4818 2698 4873 radice
2733 4835 2944 4872 amarus
2969 4819 3044 4872 sis
3068 4828 3217 4873 ortus
3253 4816 3474 4874 fructus.
3507 4821 3681 4878 Num-

2085 4929 2241 4981 quam
2273 4912 2482 4967 beatum
2514 4911 2766 4980 prmdices
2788 4911 3079 4973 hominem,
3101 4910 3250 4978 cujus
3266 4923 3532 4980 cognatus
3553 4931 3655 4984 pm

2093 5002 2191 5056 bus
2219 5012 2320 5067 est,
2350 5002 2448 5056 nisi
2476 5002 2591 5070 ejus
2620 5015 2795 5055 mores
2827 5001 3080 5054 imitetur.
3107 5001 3327 5055 Matrem
3358 5003 3534 5060 habes
3558 5021 3657 5060 san

2086 5097 2267 5154 ctam?
2289 5096 2427 5152 Nihil
2456 5097 2522 5152 ad
2551 5106 2604 5152 te
2639 5095 2829 5150 attinet
2856 5113 2869 5149 :
2901 5103 3122 5149 matrem
3155 5095 3318 5150 habes
3346 5099 3640 5153 scelestam
3658 5123 3678 5156 ι

2153 5303 2168 5334 ι
2191 5297 2401 5357 Beimel.,
2418 5307 2537 5358 ann
2557 5296 2608 5346 in
2623 5293 2801 5346 divitiis
2819 5293 3116 5358 [mutbtmdus
3137 5306 3231 5343 non
3247 5293 3401 5358 uides,
3414 5306 3623 5358 sinuque
3635 5296 3684 5345 in

2088 5377 2228 5429 pmnu
2246 5355 2578 5418 acute'cemis,
2600 5363 2694 5406 etc.
2721 5358 2979 5429 sequentia
3016 5355 3407 5429 item‘jaululum
3429 5355 3682 5429 (lilii-runt.

2150 5426 2222 5486 (α)
2255 5430 2363 5472 meo
2402 5433 2660 5484 parumper
2685 5419 2870 5467 variant
2908 5419 2957 5466 in
2982 5418 3100 5466 edit.
3127 5417 3342 5476 Beuzel.,
3367 5419 3462 5467 sed
3512 5427 3691 5468 sensus

2089 5489 2238 5660 milia);
2257 5553 2317 5595 Ea
2354 5522 2463 5596 fere
2485 5543 2670 5606 repetit
2702 5553 2813 5604 qua:
2851 5540 3084 5591 concione
3125 5542 3272 5591 tertia
3297 5554 3468 5603 supra,
3507 5543 3685 5594 num.9

2092 5616 2166 5660 et.
2238 5643 2253 5658 .

2092 5616 2145 5662 et
2161 5616 2253 5660 ω.
