3860 6224
417 283 554 340 1037
668 332 670 334 τ

416 397 664 482 τρὸςῖσέ.
721 400 932 476 Ὥσπερ
955 403 1170 478 ἐκείνης
1191 411 1224 478 ὴ
1263 408 1432 480 ἁρετὴ
1465 411 1564 464 οὐκ
1585 413 1790 482 ωφελεῖ
1823 428 1880 464 σε
1910 410 1986 482 μὴ

418 477 686 565 ζηλοῦντα
718 483 888 556 αὐτῆς
934 486 1031 557 τὴν
1068 477 1312 561 ἀρετῆν,
1353 477 1527 557 οὕτως
1578 477 1700 548 ούδέ
1737 497 1772 565 ὴ
1823 477 1998 548 κακία

417 563 592 649 αὐτῆς
620 565 850 635 βλάπτει
905 584 987 633 σε,
1041 571 1134 624 ἐὰν
1191 574 1504 645 μεταϐάλῃς
1557 577 1656 649 τὴν
1699 563 1988 648 πονηρίαν.

429 647 569 731 ξΑλλ*
608 649 799 723 ὥσπερ
840 653 958 707 ἐκεῖ
991 654 1175 723 μεῖζον
1218 657 1282 710 τὸ
1328 647 1738 731 ἐγκλημα,νὸτι,
1779 647 1991 715 οίκοθεν

414 729 554 801 ῑχων
575 733 880 806 ὑπόδειγμα
897 775 912 799 ,
943 737 1044 791 ούκ
1065 740 1322 809 ἐμιμήσω
1347 742 1445 813 τὴν
1478 729 1705 814 ἀρετήν·
1730 742 1872 797 οὕτω
1897 743 1992 797 καὶ

413 815 648 870 ἐνταῦθα
679 817 741 872 τὸ
775 819 1051 891 ἐγκώμιον
1103 824 1309 892 μεῖζον,
1342 825 1425 878 ὅτι
1473 827 1686 898 μητέρα
1729 845 1812 892 τις
1849 827 1991 898 ἔχων

413 901 676 982 πονηρὰν,
705 900 804 958 οὐκ
832 904 1148 977 ἐμιμήσατο
1173 906 1272 978 τὴν
1316 910 1582 982 πονηρίαν
1624 911 1815 982 αὐτῆς,
1870 911 1988 966 ἀλλ’

413 981 523 1035 ἀπὸ
553 983 710 1066 ῥίζης
743 989 947 1058 πικρᾶς
971 988 1072 1059 ἔφυ
1122 992 1371 1063 καρπός·
1418 981 1479 1049 06
1533 995 1646 1065 γὰρ
1703 981 1988 1066 προγόνων

411 1065 760 1136 περιφάνεια,
791 1069 928 1127 ἀλλὰ
963 1073 1165 1142 τρόπος
1193 1076 1395 1148 ἀρετῆς
1435 1075 1702 1149 ζητεῖται.

496 1169 636 1238 Ἐγὼ
659 1173 754 1228 καὶ
773 1173 960 1229 δοῦλον
978 1177 1174 1250 εὐγενῆ
1198 1179 1370 1242 καλῶ,
1384 1181 1478 1235 καὶ
1493 1181 1762 1252 δεσπότην
1794 1182 1986 1237 ἀλυσιν

412 1255 817 1326 περικείμενον,
846 1259 941 1314 ἐὰν
971 1263 1274 1334 καταμάθω
1302 1263 1467 1318 αὐτοῦ
1488 1264 1578 1318 τὸν
1603 1266 1834 1336 τρόπον·
1861 1265 1987 1336 ἐμοὶ

411 1336 508 1421 καὶ
537 1337 565 1389 ὁ
596 1339 653 1392 ἐν
681 1339 950 1412 ἀξιώματι
1005 1344 1304 1419 δυσγενὴς,
1357 1347 1452 1401 ἐὰν
1496 1349 1689 1419 δούλην
1741 1349 1838 1420 ἔχῃ
1885 1349 1985 1421 τὴν

409 1417 607 1503 ψυχήν.
641 1422 737 1485 Τίς
757 1424 865 1495 γάρ
888 1427 1002 1479 ἐστι
1031 1417 1236 1491 δοῦλος,
1255 1430 1303 1482 εί
1337 1431 1412 1500 μὴ
1434 1433 1462 1484 6
1484 1417 1654 1484 ποιῶν
1681 1417 1986 1503 τὴν-ἀμαρ-

409 1500 563 1586 τίαν;
609 1503 672 1557 Ἡ
705 1506 802 1576 μὲν
832 1508 940 1577 γὰρ
967 1509 1100 1582 ἄλλη
1154 1510 1366 1565 δουλεία
1413 1500 1790 1586 περιστάσεως
1838 1500 1984 1586 πρα-

408 1584 663 1670 γμάτων·
687 1587 822 1661 αὕτη
850 1591 906 1644 δὲ
931 1595 962 1663 η
990 1592 1202 1647 δουλεία
1225 1595 1456 1668 διαφορά
1475 1584 1720 1670 γνώμης,
1743 1600 1867 1651 ἐπεὶ
1884 1584 1986 1652 καί⁵

410 1666 443 1736 ἡ
473 1665 684 1722 δουλεία
705 1671 764 1738 ἐξ
794 1674 969 1744 ἀρχῆς
993 1676 1242 1731 ἐντεῦθεν
1266 1665 1534 1752 είσῆλθεν.

479 1769 682 1857 ζ’ἒρύκ
707 1771 776 1847 ἦν
804 1777 989 1844 δοῦλος
1005 1781 1064 1834 τὸ
1081 1784 1313 1838 παλαιόν
1336 1803 1350 1816 ·
1381 1788 1410 1840 6
1438 1786 1549 1857 γὰρ
1577 1785 1711 1851 Θεὸς
1733 1787 1984 1841 πλάττων

407 1852 500 1906 τὸν
531 1854 838 1928 ἄνθρωπον,
867 1861 966 1915 οὐκ
991 1865 1245 1936 ἐποίησεν
1274 1869 1436 1922 αὐτὸν
1452 1852 1658 1934 δοῦλον,
1686 1870 1802 1923 ἀλλ’
1829 1870 1983 1924 ἐλεύ-

408 1936 609 2024 θερον.-
632 1942 886 2016 Ἐποίησε
911 1947 1003 2000 τὸν
1042 1949 1214 2021 Ἀδάμ
1242 1953 1337 2006 καὶ
1367 1953 1466 2024 τὴν
1500 1954 1664 2017 Εὕαν,
1693 1954 1787 2009 καὶ
1807 1955 1985 2024 ἀμφό-

405 2037 554 2108 τεροι
581 2019 720 2094 ἦσαν
747 2027 1022 2100 ἐλεύθεροι
1046 2048 1062 2062 ·
1093 2019 1256 2088 πόθεν
1283 2033 1380 2090 οὖν
1483 2038 1699 2092 δουλεία
1725 2019 1942 2107 ἐγένετο
1965 2055 1980 2104 ;

421 2106 706 2194 Ἐξώκειλε
744 2114 805 2167 τὸ
839 2116 999 2183 γένος
1043 2118 1152 2172 τῶν
1199 2106 1524 2192 ἀνθρώπων,
1579 2122 1676 2176 καὶ
1703 2106 1775 2176 τά
1808 2123 1983 2194 μέτρα

403 2191 504 2278 τῆς
520 2191 814 2278 ἐπιθυμίας
839 2199 1194 2269 ὑπερϐάντες,
1216 2205 1296 2268 είς
1308 2191 1611 2260 ἀκολασίαν
1638 2191 1978 2278 ἐπήρθησαν·

405 2272 502 2326 κιὶ
531 2275 699 2344 ὅπως,
735 2279 922 2334 ἄκουε·

488 2379 736 2466 Ἐγένετο
761 2385 1168 2458 κατακλυσμὸς,
1201 2389 1262 2443 τὸ
1301 2391 1482 2447 κοινὸν
1519 2394 1619 2464 τῆς
1654 2395 1982 2466 οἰκουμένης

405 2461 686 2548 ναυάγιον,
735 2469 1115 2541 καταρράκται
1165 2474 1521 2548 ἠνεῴχθησαν
1542 2461 1585 2540 ,⁷
1609 2478 1705 2531 καὶ
1753 2461 1981 2534 ἄϐυσσοι

403 2545 836 2622 ἀνεϐλύσθησαν,
867 2556 961 2608 καὶ
980 2555 1155 2610 πάντα
1180 2554 1250 2628 ἦν
1280 2545 1450 2632 ὕδωρ,
1469 2562 1564 2614 καὶ
1586 2561 1656 2616 τὰ
1681 2563 1982 2632 φαινόμενα

404 2631 864 2716 άνεστοιχειοῦντο
904 2638 1000 2692 καὶ
1029 2639 1318 2704 διελύοντο,
1355 2631 1450 2697 καὶ
1477 2644 1550 2716 γῆ
1579 2645 1678 2698 οὐκ
1704 2646 1979 2715 ἐφαίνετο,

402 2710 848 2800 ἀλλ’ᾼῆνᾲάπαντα
891 2721 1146 2791 πέλαγος,
1189 2723 1346 2796 ῥίζαν
1372 2738 1400 2768 ι
1429 2710 1621 2798 ἔχοντα
1669 2710 1768 2798 τὴν
1811 2710 1981 2800 ὀργὴν

401 2794 497 2881 τοῦ
514 2797 668 2862 Θεοῦ,
694 2801 788 2854 καὶ
813 2802 990 2858 πάντα
1036 2794 1256 2876 κύματα
1290 2804 1376 2879 ἧν,
1414 2794 1507 2862 καὶ
1536 2794 1977 2881 πάντα-πελάγηο

401 2878 519 2962 ὄρη
537 2881 675 2952 πρὸς
697 2882 831 2953 ὕψος
857 2888 1252 2961 ἀνατεταμένα,
1300 2878 1438 2946 ἀλλά
1463 2893 1526 2945 τὸ
1567 2893 1804 2962 πέλαγος
1839 2878 1979 2950 αύτά

401 2961 677 3051 ἐκάλυπτε
699 2970 831 3051 ξγκαὶ
850 2964 918 3040 ἦν
943 2972 1179 3040 πέλαγος
1203 2975 1296 3028 καὶ
1331 2976 1560 3047 οὐρανὸς
1587 2961 1768 3047 μόνον,
1795 2981 1888 3033 καὶ
1909 2975 1978 3051 ἦν

399 3044 462 3098 τὸ
466 3045 635 3134 γένος
664 3049 772 3104 τῶν
803 3052 1108 3134 ἀνθρώπων
1137 3044 1436 3124 ἀπολωλὸς,
1473 3059 1568 3112 καὶ
1589 3044 1665 3128 ’ἦν
1691 3062 1720 3114 6
1743 3044 1977 3134 σπινθηρ

398 3127 714 3216 τοῦγένους
749 3133 846 3188 τοῦ
897 3137 1169 3210 ἡμετέρου
1207 3139 1237 3191 6
1268 3139 1423 3206 Νῶε,
1460 3127 1697 3214 σπινθὴρ
1737 3145 1796 3196 ἐν
1827 3127 1978 3216 μέσῷ

399 3209 692 3298 πελάγους,
741 3216 834 3271 καὶ
893 3218 968 3291 μὴ
1019 3209 1400 3293 σϐεννύμενος,
1449 3223 1550 3288 τάς
1596 3209 1854 3298 ἀπαρχάς
1883 3209 1976 3281 τοῦ

399 3291 776 3382 γένους-ημῶν
801 3299 960 3370 έχων,
1011 3291 1249 3371 γυναῖκα
1275 3307 1370 3359 καὶ
1401 3307 1612 3373 παιδία,
1644 3291 1977 3382 περιστερὰν

399 3376 496 3462 καὶ
548 3380 787 3449 κόρακα,
831 3384 926 3437 καὶ
957 3383 1027 3440 τὰ
1052 3385 1188 3440 ἀλλα
1216 3389 1419 3444 πάντα.
1458 3391 1568 3444 Καὶ
1605 3376 1746 3462 ἦσαν
1776 3376 1976 3458 πάντες

398 3459 568 3526 ινδον,
591 3463 688 3516 καὶ
710 3465 938 3536 ἐφέρετο
967 3470 1001 3539 ἡ
1025 3469 1178 3542 [785]
1207 3472 1440 3537 κιϐωτὸς
1465 3459 1651 3530 ἐπάνω
1674 3475 1768 3531 τοῦ
1787 3475 1976 3540 ὕδατος

401 3545 460 3596 ἐν
484 3545 636 3632 μέσῳ
666 3547 761 3602 τοῦ
792 3550 1084 3620 κλύδωνος,
1119 3555 1216 3608 καὶ
1259 3557 1360 3610 οὐκ
1393 3559 1679 3626 ἐναυάγει’
1714 3555 1828 3631 εἶχε
1867 3560 1976 3632 γὰρ

401 3628 743 3715 κυϐερνήτην
770 3633 861 3687 τὸν
888 3635 981 3690 τοῦ
1007 3639 1208 3702 παντὸς
1231 3641 1528 3712 Δεσπότην.
1549 3643 1613 3695 Al
1637 3642 1744 3715 γάρ
1766 3628 1976 3710 σανίδες

399 3710 561 3800 αὑτὸν
589 3713 939 3800 οῠμδιέσωσαν
957 3719 1007 3783 δ,
1038 3721 1153 3777 ἀλλ’
1176 3719 1211 3786 ἡ
1239 3725 1360 3795 χεὶρ
1384 3726 1417 3796 ἡ
1455 3710 1725 3797 κραταιάί
1751 3728 1847 3781 καὶ
1874 3729 1976 3800 ὅρα

324 3845 330 3850 .
400 3794 627 3882 θαῦμαῖ
654 3797 783 3852 Ὅτε
815 3803 909 3855 καὶ
941 3803 1238 3876 ἐξεκλύσθη
1267 3809 1299 3876 ή
1330 3794 1530 3878 ὅτε
1560 3794 1974 3882 ἀνῃρέθησανοί

398 3879 467 3933 τὰ
496 3878 642 3934 κακά
663 3883 1061 3967 ἐργασάμενοι,
1092 3889 1179 3941 ὅτε
1205 3889 1485 3962 ἐλώφησεν
1517 3896 1545 3946 6
1570 3878 1798 3967 χειμὼν,
1844 3899 1975 3966 ἐφά-

400 3980 571 4050 νησαν
617 3966 687 4050 ali
729 3971 966 4038 κορυφαὶ
999 3971 1109 4023 τῶν
1131 3971 1323 4042 ὀρέων,
1371 3966 1684 4050 ἐκάθισενή
1718 3979 1970 4044 κιϐωτὸς,

397 4045 612 4117 έπεμψε
641 4049 740 4117 τὴν
769 4052 1100 4124 περιστεράν
1121 4056 1149 4107 6
1169 4055 1314 4111 Νῶε.

468 4154 755 4226 Μυστήρια
782 4156 840 4211 δὲ
870 4153 938 4229 ἦν
980 4159 1050 4214 τὰ
1088 4160 1379 4232 λεγόμενα,
1407 4166 1501 4219 καὶ
1533 4166 1642 4219 τῶν
1672 4167 1972 4236 μελλόντων

398 4236 570 4301 τύπος
591 4237 658 4291 τὰ
684 4240 943 4310 γινόμενα
961 4257 976 4274 ·
997 4238 1129 4310 οἷον,
1153 4250 1185 4316 ἠ
1213 4247 1508 4318 Ἐκκλησία
1523 4249 1772 4314 κιϐωτὸς,
1797 4253 1825 4304 6
1848 4252 1972 4306 Νῶε

397 4323 428 4373 6
458 4321 710 4391 Χριστὸς,
739 4325 772 4394 ἡ
804 4327 1100 4398 περιστερὰ
1125 4328 1186 4381 τὸ
1214 4329 1438 4400 Πνεῦμα
1460 4331 1522 4383 τὸ
1550 4333 1724 4401 ἀγιον,
1751 4334 1814 4386 τὸ
1841 4334 1974 4403 φύλ-

396 4403 487 4488 λον
512 4403 612 4473 τῆς
631 4404 825 4488 ἐλαίας
868 4409 901 4477 ἡ
947 4408 1325 4481 φιλανθρωπία
1349 4411 1442 4466 τοῦ
1477 4412 1635 4471 Θεοῦ.
1668 4415 1742 4468 Τὸ
1767 4416 1974 4488 ἥμερον

397 4484 537 4547 ζῶον
593 4485 951 4557 ἐξεπέμπετο,
1002 4492 1096 4550 καὶ
1139 4492 1361 4563 ἐξῆλθεν
1402 4495 1512 4548 ἀπὸ
1561 4497 1660 4567 τῆς
1705 4484 1971 4553 κιϐωτοῦ·

577 4569 746 4634 τύπος
791 4573 994 4639 ἐκεῖνα,
1027 4574 1200 4630 ταῦτα
1243 4576 1300 4635 δὲ
1330 4577 1727 4650 ἀλήθεια.⁹ὐρα
1767 4579 1825 4634 δέ
1873 4581 1972 4653 τὴν

394 4651 672 4736 δαψίλειαν
705 4655 801 4725 τῆς
827 4656 1104 4728 ἀληθείας.
1134 4659 1398 4733 Καθάπερ
1423 4663 1456 4732 ή
1480 4663 1709 4728 κιϐωτὸς
1736 4665 1794 4718 ἐν
1821 4651 1972 4736 μέσιρ

393 4735 489 4789 τεῦ
535 4738 804 4806 πελάγους
848 4740 1072 4806 διέσωζε
1104 4742 1230 4807 τοὺς
1274 4743 1384 4798 ἔσω
1423 4745 1600 4809 ὄντας,
1627 4746 1770 4800 οὕτω
1812 4735 1968 4820 καὶὴ

407 4819 704 4890 Ἐκκλησία
717 4821 971 4886 διασώζει
991 4827 1119 4889 τοὺς
1140 4825 1526 4898 πλανωμένους
1545 4827 1810 4894 ἅπαντας.
1831 4819 1968 4884 Ἀλλ⁶

393 4900 432 4973 ἡ
463 4903 560 4972 μὲν
589 4903 820 4985 κιϐωτὸς
860 4905 1031 4985 ἔσωζε
1077 4909 1258 4977 μόνον,
1295 4910 1330 4980 ἡ
1376 4909 1433 4964 δὲ
1477 4911 1775 4985 Ἐκκλησία
1808 4913 1969 4969 πλέον

391 5001 445 5038 τι
492 4984 801 5055 ἐργάζεται.
834 4981 959 5042 Οἷόν
985 5007 1036 5043 τι
1069 4989 1242 5060 λέγω·
1274 4991 1506 5049 Ἔλαϐεν
1549 4996 1582 5066 ἡ
1636 4981 1866 5060 κιϐωτὸς
1898 4997 1969 5051 τά

392 5067 563 5136 ἀλογα
588 5108 602 5131 ,
636 5067 729 5122 καὶ
753 5067 955 5126 ἔσωσεν
981 5071 1150 5142 ἄλογα
1170 5090 1184 5102 ·
1225 5072 1413 5129 ἐλαϐεν
1443 5078 1477 5148 ὴ
1522 5077 1819 5149 Ἐκκλησία
1845 5080 1969 5133 ἀλό-

391 5165 520 5217 γους
543 5149 882 5222 ἀνθρώπους,
917 5155 1010 5208 καὶ
1029 5157 1092 5210 o6
1121 5156 1284 5222 σώζει
1315 5158 1497 5229 μόνον,
1520 5162 1658 5216 ἀλλά
1687 5164 1779 5216 καὶ
1809 5179 1969 5233 μετα-

391 5233 576 5290 ϐάλλει
594 5252 610 5264 ·
641 5237 832 5292 ἔλαϐεν
857 5240 890 5310 ἡ
921 5241 1152 5306 κιϐωτὸς
1177 5244 1411 5315 κόρακα,
1437 5246 1532 5300 καὶ
1560 5247 1771 5318 κόρακα
1792 5247 1968 5319 έπεμ-

390 5319 492 5391 ψε·
539 5321 806 5392 λαμϐάνει
861 5325 896 5395 ἡ
945 5323 1239 5396 Ἐκκλησία
1302 5327 1538 5400 κόρακα,
1563 5333 1659 5386 καὶ
1689 5331 1969 5403 ἐκπέμπει

454 5551 480 5620 ..
605 5552 753 5620 .ReS'.’
775 5553 900 5620 ,c‘m':
927 5568 1044 5604 vero
1065 5553 1237 5620 “Bm!-
1265 5555 1406 5620 ῥίζας.

454 5610 664 5690 ἐχειρο.
685 5610 746 5664 66
767 5617 1070 5680 διετὴργσαν.
1095 5615 1250 5667 Paulo
1265 5610 1275 5620 ’
1294 5610 1405 5680 ροέι
1445 5617 1568 5683 Reg.
1613 5620 1832 5684 ἐξεπλύθη
1874 5639 1964 5690 pro

390 5671 658 5734 ἀεκλύσθη.

1100 286 1141 341 S
1197 285 1485 342 JOANNIS
1520 282 2012 340 ιιηιιιέοετοω
2053 283 2376 343 ARCIIIEP.
2415 287 2968 345 CONSTANTINUP.

2100 413 2459 483 περιστεράν
2509 413 2774 483 λαμϐάνει
2826 414 3008 479 λύκον,
3054 410 3146 466 καὶ
3189 406 3461 477 ἐκπέμπει
3508 408 3675 462 αὐτὸν

2097 493 2567 562 πρόϐατον.⁶⁹οταν
2610 498 2717 568 γὰρ
2751 498 2967 569 είσὲλθῃ
2995 493 3222 550 ἐνταῦθα
3260 491 3546 562 ἄνθρωπος
3574 490 3675 559 άρ-

2095 577 2303 642 πάζων,
2331 579 2686 645 πλεονεκτῶν,
2710 583 2916 654 ἀκούσῃ
2945 582 2999 635 δὲ
3026 581 3137 634 τῶν
3165 577 3323 632 θείων
3350 575 3549 662 λογίων

2093 658 2469 725 διδασκαλίας.
2511 665 2835 734 μεταϐάλλει
2861 665 2959 735 τὴν
2985 662 3234 732 γνώμην,
3279 660 3374 712 καὶ
3412 658 3538 711 ἀντὶ
3582 656 3676 710 λύιί

2095 760 2192 796 κου
2222 745 2430 813 γίνεται
2464 748 2764 816 πρόϐατον·
2791 749 2821 802 6
2853 749 2950 834 μέν
2986 747 3094 818 γὰρ
3119 746 3280 834 λύκος
3303 745 3396 834 καὶ
3420 742 3492 795 τὰ

2092 845 2223 899 τρια
2270 831 2527 901 ἁρπάζει,
2560 833 2620 886 τὸ
2665 833 2724 886 δὲ
2769 833 3040 904 πρόϐατον
3089 831 3183 884 καὶ
3231 829 3296 882 :6
3332 828 3477 897 ἐριον
3501 825 3673 880 αὑτοῦ

2095 913 2669 981 προΐεται.Ἐκάθισεν
2715 917 2749 986 ἡ
2799 914 3048 979 κιϐωτὸς,
3095 913 3192 968 καὶ
3232 910 3558 982 ἀνεῴγησαν
3615 908 3675 960 αί

2095 993 2276 1066 θύραι.
2295 995 2513 1066 Ἐξῆλθε
2538 997 2662 1050 Νῶε
2689 997 2754 1051 ἐκ
2779 996 2872 1051 τοῦ
2900 996 3156 1065 ναυαγίου
3201 992 3486 1054 διασωθείς
3505 1009 3520 1021 ·
3554 990 3676 1060 βλέ-

2095 1095 2186 1131 πει
2217 1079 2316 1148 τὴν
2347 1080 2450 1150 γῆν
2482 1081 2873 1152 ἠρημωμένην,
2910 1081 3096 1151 βλέπει
3120 1080 3288 1148 τάφον
3315 1077 3643 1147 ἐσχεδιασμέ

2092 1178 2182 1215 νον
2219 1162 2353 1228 ἰλὺν,
2379 1163 2551 1234 τάφον
2580 1164 2756 1218 κοινὸν
2785 1165 3008 1236 κτήνεσι
3027 1164 3120 1217 καὶ
3140 1159 3466 1233 ἀνθρώποις,
3490 1158 3673 1213 πάντα

2092 1246 2228 1315 ὁμοῦ
2272 1248 2340 1302 τὰ
2383 1248 2613 1319 σώματα
2660 1248 2841 1300 ἵππων
2872 1249 2964 1301 καὶ
3003 1244 3302 1317 ἀνθρώπων
3331 1244 3426 1296 καὶ
3455 1243 3672 1313 κτηνῶν

2092 1328 2304 1397 ἀλόγων
2335 1333 2548 1384 πάντων
2577 1331 2711 1401 ὁμοῦ
2738 1328 3220 1400 κατακεχωσμένα.
3250 1322 3372 1380 Εἶδε
3410 1327 3511 1396 τὴν
3535 1343 3673 1396 τρα-

2092 1411 2294 1482 γῳδίαν
2334 1414 2572 1484 ἐκείνην,
2604 1410 2709 1467 εἶδε
2739 1415 2838 1484 τὴν
2868 1414 2971 1483 γῆν
3001 1411 3222 1482 πικρίας
3257 1412 3537 1482 γέμουσαν
3557 1426 3573 1440 ·
3613 1411 3671 1462 ἐν

2090 1493 2298 1567 ἀθυμίᾳ
2335 1496 2502 1566 πολλῇ
2533 1492 2622 1568 ἦν,
2649 1497 2848 1559 πάντες
2877 1495 3155 1549 ἀπώλοντο
3173 1511 3186 1526 ·
3222 1494 3322 1547 ούκ
3359 1494 3668 1564 ἄνθρωπος,

2089 1575 2151 1629 06
2181 1577 2395 1648 κτῆνος,
2424 1580 2524 1632 οὐκ
2549 1579 2677 1633 ἀλλο
2695 1597 2744 1633 τι
2771 1579 2879 1632 τῶν
2902 1579 3008 1644 ἔξω
3029 1578 3130 1646 τῆς
3151 1575 3381 1630 κιϐωτοῦ
3409 1574 3663 1643 διεσώθη·

2088 1659 2318 1729 οὐρανὸν
2357 1661 2552 1715 ἐϐλεπε
2583 1663 2770 1732 μόνον’
2796 1664 2900 1716 ὑπὸ
2920 1663 3018 1733 τῆς
3037 1660 3272 1730 ἀθυμίας
3298 1660 3665 1730 ἐτυραννεῖτο,

2089 1743 2373 1813 κατείχετο
2401 1745 2506 1798 ὑπὸ
2547 1746 2648 1816 τῆς
2680 1747 2892 1814 ὀδύνης,
2927 1745 3080 1797 ἔπιεν
3108 1737 3270 1804 οἶνον,
3305 1742 3509 1794 ἔδωκεν
3540 1742 3668 1793 ἐαυ-

2089 1824 2180 1877 τὸν
2211 1825 2288 1895 τῷ
2322 1825 2500 1896 ὕπνῳ,
2530 1829 2615 1882 ἵνα
2650 1828 3110 1902 παραμυθήσηται
3134 1825 3192 1879 τὸ
3217 1825 3373 1888 ἕλκος
3403 1827 3505 1895 τῆς
3530 1824 3668 1877 ἀθυ-

2090 1907 2466 1972 μίας.”Εκειτο
2508 1909 2565 1964 δέ
2609 1912 2700 1965 ἐπὶ
2745 1911 2845 1981 τῆς
2879 1909 3086 1979 κλίνης.
3117 1908 3364 1978 καθάπερ
3395 1904 3671 1976 ἰατρῷτῷ

2089 1988 2241 2061 ὕπνῳ
2266 1991 2459 2045 ἐαυτὸν
2494 1993 2746 2057 ἐκδοῦςο,
2773 1992 2944 2063 λήθην
2975 1989 3339 2063 ἐργαζόμενος
3363 1992 3431 2059 τῇ
3457 1988 3672 2059 διανοίᾳ

2085 2073 2196 2126 τῶν
2227 2076 2628 2145 γεγενημένων,
2668 2071 2756 2130 οἷα
2789 2077 2934 2139 εἰκὸς
2964 2073 3334 2146 γεγηρακότα,
3382 2071 3479 2126 καὶ
3523 2067 3671 2124 οἶνον

2087 2156 2302 2218 πιόντα,
2341 2158 2434 2211 καὶ
2481 2157 2633 2227 ὕπνῳ
2687 2159 3066 2230 κατεχόμενον.
3094 2159 3186 2210 Δεῖ
3226 2155 3335 2227 γὰρ
3381 2155 3528 2224 ὑπὲρ
3573 2153 3670 2207 τοῦ

2085 2238 2295 2292 δικαίου
2333 2240 2796 2312 ἀπολογήσασθαι,
2823 2243 2905 2295 6::
2935 2243 3037 2294 ούκ
3080 2235 3148 2310 ἦν
3194 2239 3366 2310 μέθης
3401 2237 3527 2290 οὐδὲ
3559 2237 3669 2290 πά-

2086 2322 2212 2386 θους
2241 2323 2505 2394 ἐπιθυμία
2529 2324 2591 2377 τὸ
2617 2325 2920 2396 γινόμενον,
2945 2323 3080 2378 ἀλλά
3101 2323 3166 2377 δι’
3194 2320 3534 2392 ἀμφοτέρων.
3552 2321 3672 2375 ἰᾶτο

2085 2405 2145 2458 τὸ
2186 2405 2362 2470 ἐλκος.
2393 2406 2564 2460 Τοῦτο
2589 2406 2698 2478 γάρ
2725 2407 2822 2460 καὶ
2847 2408 2876 2459 6
2905 2404 3156 2476 Σολομὼν
3188 2404 3339 2472 ἔλεγε
3358 2421 3372 2434 ·
3403 2405 3552 2457 Δότε
3581 2398 3671 2458 οἷ-

2086 2504 2198 2542 νον
2227 2488 2350 2555 τοῖς
2376 2488 2446 2542 ἐν
2470 2490 2662 2559 λύπῃ,
2694 2489 2792 2543 καί
2814 2488 3009 2559 μέθην
3041 2487 3164 2554 τοῖς
3187 2487 3258 2541 ἐν
3283 2486 3564 2552 ὀδύναις..

2154 2613 2254 2668 Διά
2280 2615 2439 2670 τοῦτο
2480 2616 2663 2670 πολλοὶ
2697 2615 2806 2670 τῶν
2850 2614 3171 2689 ἀνθρώπων,
3203 2614 3298 2668 καὶ
3337 2613 3581 2685 μάλιστα
3609 2614 3670 2666 ἐν

2083 2699 2195 2760 τοῖς
2221 2695 2612 2768 ἐπικηδείοιςά,
2643 2698 2772 2752 ὅταν
2817 2715 2902 2763 τις
2948 2697 3159 2752 παιδίον
3185 2697 3218 2768 η
3257 2698 3496 2764 γυναῖκα
3527 2697 3670 2749 ἀπο·

2085 2779 2245 2850 ϐάλῃ,
2273 2779 2458 2852 ἐπειδὴ
2493 2781 2555 2834 τὸ
2580 2781 2751 2844 πάθος
2774 2783 3048 2852 τυραννεῖ,
3076 2779 3264 2851 ἐπειδὴ
3285 2778 3491 2849 ἀθυμία
3514 2796 3669 2849 περι-

2082 2862 2310 2930 γίνεται,
2343 2863 2526 2934 ἐπειδὴ
2565 2866 2757 2936 κρατεῖ
2783 2863 2844 2917 τὸ
2874 2862 3135 2928 συνειδὸς,
3169 2861 3432 2933 λαμϐάνει
3473 2861 3668 2930 φίλους

2082 2945 2162 3008 είς
2205 2945 2306 3017 τὴν
2353 2945 2527 2999 οίκίαν
2571 2947 2669 3018 τὴν
2721 2946 2935 3007 ἐαυτοῦ,
2971 2947 3061 3000 καὶ
3111 2946 3411 3017 συμπόσιον
3441 2943 3668 3014 δαψιλὲς

2083 3032 2246 3094 ποιεῖ,
2279 3029 2375 3082 καὶ
2411 3025 2553 3093 οἶνος
2597 3031 2834 3100 ἄκρατος
2863 3031 3062 3084 δίδοται
3090 3030 3168 3101 τῷ
3194 3029 3544 3100 λυπουμένῳ,
3577 3029 3667 3083 ἵνα

2081 3113 2544 3184 παραμυθήσηται
2591 3114 2653 3166 τὸ
2694 3114 2870 3177 ἕλκος.
2901 3112 3072 3166 Τοῦτο
3103 3111 3270 3165 έπαθε
3297 3110 3390 3165 καὶ
3420 3111 3452 3162 ὁ
3479 3111 3667 3182 γέρων

2081 3196 2289 3258 ἐκεῖνος
2317 3199 2456 3249 τότε.
2475 3195 2610 3249 Ὑπὸ
2631 3196 2741 3267 γὰρ
2778 3196 2879 3267 τῆς
2907 3193 3059 3266 [784]
3099 3193 3334 3265 ἀθυμίας
3359 3191 3666 3264 τυραννοῦ⁹

2083 3295 2264 3348 μενος,
2293 3278 2542 3350 καθάπερ
2559 3280 2833 3350 φαρμάκῳ
2851 3278 2930 3349 τῷ
2945 3279 3072 3347 οίνῳ
3087 3288 3110 3316 ε
3131 3277 3419 3348 ἐχρήσατο,
3442 3277 3540 3330 καὶ
3553 3275 3683 3329 ἀπὸ-

2079 3361 2173 3413 τοῦ
2203 3360 2345 3414 οίνου
2377 3361 2604 3416 δέδωκεν
2643 3362 2832 3416 ἐαυτὸν
2875 3361 2954 3431 τῷ
2999 3360 3300 3431 ὕπνῳ.”1να
3343 3358 3399 3412 δέ
3446 3358 3664 3434 μάθητε

2080 3445 2245 3500 πόθεν
2271 3447 2305 3516 ἡ
2334 3445 2546 3500 δουλεία
2573 3446 2749 3517 ἐδόθη,
2788 3445 2926 3516 μετά
2969 3444 3164 3515 μικρὸν
3193 3442 3448 3496 εἰσελθὼν
3479 3445 3509 3496 6
3539 3442 3666 3496 ἐπι-

2079 3528 2386 3597 κατάρατος
2413 3532 2617 3592 ἐκεῖνος
2643 3529 2756 3589 υἱὸς
2781 3527 2969 3592 αὐτοῦ,
2999 3529 3114 3592 υἱὸς
3145 3527 3242 3596 μὲν
3267 3525 3432 3580 αὐτοῦ
3460 3527 3528 3596 τῇ
3553 3525 3664 3595 φύ-

2081 3629 2183 3674 σει,
2207 3613 2305 3683 οὐχ
2335 3613 2448 3676 υίὸς
2469 3614 2526 3666 δὲ
2547 3614 2864 3686 προαιρέσει
2895 3612 3080 3683 (πάλιν
3106 3611 3164 3666 δὲ
3189 3611 3332 3680 λέγω
3352 3611 3663 3678 εὐγένειαν,

2077 3696 2137 3747 06
2169 3695 2447 3765 προγόνων
2481 3696 2854 3766 περιφάνειαν,
2886 3695 3021 3750 ἀλλά
3053 3695 3252 3767 τρόπον
3275 3691 3524 3764 ἀρετῆς)’
3552 3694 3665 3744 εἰα-

2078 3778 2247 3833 ελθὼν
2283 3777 2311 3829 ό
2341 3781 2454 3843 υίὸς
2491 3775 2597 3833 εἶδε
2641 3779 2739 3850 τὴν
2783 3778 3062 3848 γύμνωσιν
3106 3776 3200 3830 τοῦ
3245 3775 3473 3846 πατρός.
3524 3775 3664 3828 Δέον

2078 3863 2432 3932 περιστεῖλαι,
2465 3863 2582 3916 δέον
2629 3861 2994 3933 περικαλύψαι
3031 3860 3120 3916 διὰ
3160 3860 3223 3914 τὸ
3249 3860 3446 3930 γῆρας,
3477 3857 3574 3910 διὰ
3601 3857 3662 3911 τὸ

2077 3945 2292 4010 πένθος,
2321 3946 2408 4001 διὰ
2447 3947 2547 4016 τὴν
2579 3945 2890 4016 συμφοράν,
2911 3945 3004 4005 διὰ,
3024 3944 3086 3999 τὸ
3115 3943 3330 4014 πατέρα
3371 3939 3541 3994 αὑτοῦ
3575 3936 3662 3992 εἷο

2077 4045 2164 4081 ναι
2183 4043 2196 4056 ·
2231 4030 2259 4080 6
2283 4027 2339 4081 δὲ
2371 4026 2600 4092 ἐξελθὼν
2632 4026 3005 4098 ὲξεπόμπευσε
3051 4025 3147 4082 καὶ
3191 4022 3658 4093 ἐξετραγῴδησεν.

2075 4111 2143 4167 Οἱ
2171 4111 2227 4164 δὲ
2257 4111 2405 4165 ἄλλοι
2427 4111 2446 4150 τ
2475 4110 2641 4164 αὐτοῦ
2662 4111 2880 4181 ἀδελφοὶ
2901 4110 3155 4172 λαϐόντες
3183 4107 3402 4163 πάλλιον
3431 4106 3665 4159 ὀπισθο-

2078 4194 2280 4267 φανῶς,
2307 4195 2392 4249 ἵνα
2418 4195 2492 4266 μὴ
2517 4195 2667 4248 ἴδωσι
2690 4195 2758 4248 τὰ
2787 4193 2917 4265 παρ’
2938 4193 3146 4246 ἐκείνου
3167 4190 3668 4261 ἐκπομπευόμενα,

2075 4278 2406 4341 εἰσελθόντες
2444 4275 2716 4345 ἐκάλυψαν
2741 4276 2834 4329 τὸν
2862 4276 3094 4345 πατέρα.
3113 4273 3376 4336 Ἀναστὰς
3399 4272 3459 4325 δὲ
3490 4275 3519 4327 6
3552 4289 3667 4328 ica-

2073 4363 2197 4434 τὴρ,
2225 4361 2367 4430 έγνω
2400 4360 2596 4424 πάντα,
2623 4359 2717 4413 καὶ
2757 4358 2982 4431 ἄρχεται
3006 4358 3183 4427 λέγειν
3201 4372 3216 4387 °
3263 4357 3670 4425 Ἐπικατάρα-

2074 4462 2178 4511 τος
2229 4443 2473 4498 Χαναὰν
2507 4442 2648 4509 παῖς
2667 4459 2682 4473 ·
2709 4443 2946 4509 οίκέτης
2970 4444 3141 4497 ἔσται
3188 4439 3313 4506 τοῖς
3363 4440 3666 4508 ἀδελφοῖς

2073 4528 2357 4582 ain-013.1)
2377 4527 2434 4582 δὲ
2457 4527 2604 4596 λέγει
2630 4526 2868 4581 τοιοῦτόν
2894 4530 3036 4580 ἐστι·
3066 4525 3261 4588 Δοῦλος
3285 4524 3382 4596 ἐση
3409 4563 3424 4590 ,
3451 4525 3538 4577 ὅτι
3573 4523 3667 4589 ἐξ-

2074 4611 2427 4682 επόμπευσας
2458 4610 2558 4682 τὴν
2585 4609 2970 4682 ἀσχημοσύνην
2997 4609 3092 4663 τοῦ
3123 4608 3324 4681 πατρός
3351 4626 3468 4662 σου.
3487 4609 3663 4680 Ὁρᾷς

2071 4696 2153 4748 ὅτι
2178 4694 2285 4748 ἀπὸ
2316 4693 2590 4764 ἁμαρτίας
2622 4694 2656 4763 ἠ
2687 4692 2918 4754 δουλεία,
2955 4693 3048 4746 καὶ
3080 4694 3112 4761 ἠ
3145 4690 3376 4762 πονηρία
3399 4691 3503 4761 τὴν
3526 4691 3666 4746 δου-

2073 4778 2223 4831 λείαν
2248 4778 2507 4849 είσηγαγε
2529 4793 2542 4840 ;
2569 4775 2750 4830 Βούλει
2777 4775 2936 4844 δείξω
2959 4791 3042 4831 σοι
3071 4774 3379 4845 ἐλευθερίαν
3400 4773 3512 4832 ἀπὸ
3529 4773 3665 4830 606-

2029 4887 2033 4892 α
2073 4861 2256 4924 λείας;
2298 4858 2541 4928 Ἐγένετό
2569 4874 2653 4922 τις
2696 4857 2982 4927 Ὀνήσιμος
3002 4856 3238 4926 οἰκέτης,
3267 4855 3667 4921 κατάπτυστος

2071 4943 2348 5016 δραπέτης
2364 4959 2376 4972 ·
2401 4935 2552 5004 οὕτος
2581 4940 2768 5009 ἔφυγε,
2795 4939 2889 4993 καὶ
2914 4936 3124 5007 ἀπῆλθε
3146 4937 3284 5008 πρὸς
3297 4937 3388 4992 τὸν
3409 4937 3664 5006 Παῦλον,

2071 5026 2228 5096 ἔτυχε
2258 5024 2351 5078 τοῦ
2376 5023 2768 5095 βαπτίσματος,
2802 5020 3139 5075 ἀπελούσατο
3162 5020 3229 5072 τὰ
3251 5020 3661 5091 ἁμαρτήματα,

2071 5109 2379 5181 παρέμενεν
2410 5105 2576 5161 αὑτοῦ
2606 5107 2718 5166 τοῖς
2738 5103 2895 5157 ποσί·
2920 5103 3120 5175 γράφει
3155 5101 3364 5165 Παῦλος
3396 5103 3540 5172 πρὸς
3561 5104 3663 5157 τὸν

2069 5191 2336 5260 δεσπότην
2368 5189 2562 5242 αὑτοῦ·
2604 5187 2942 5255 Ὀνήσιμον,
2977 5185 3084 5238 τὸν
3117 5184 3263 5238 ποτέ
3309 5199 3411 5237 σοι
3461 5185 3664 5253 ἄχρη-

2069 5291 2239 5340 στον,
2271 5273 2388 5328 νῦν
2417 5271 2486 5326 δὲ
2515 5269 2612 5325 καί
2639 5269 2741 5324 σοι
2779 5269 2878 5323 καί
2903 5267 3032 5338 ἐμοὶ
3059 5268 3418 5336 εὔχρηστον,
3457 5281 3662 5337 προσ-

2134 5502 2345 5574 ἳΧεείεο
2363 5501 2618 5574 παραέοῠς-
2645 5501 2767 5571 Res:
2792 5500 2994 5574 W994-
3192 5565 3216 5574 -
3303 5562 3327 5574 -

2133 5565 2160 5605 σι
2183 5566 2331 5628 νοιῑςξ.
2358 5561 2742 5628 ἐπιτηδείοιςέξζ
2755 5561 2877 5628 infr_a
2899 5565 3027 5628 idem
3054 5565 3216 5626 κρατεῖ
3245 5562 3333 5614 τοῦ
3355 5568 3652 5628 συνειδότος.

2137 5631 2160 5687 9
2185 5628 2265 5675 Sic
2290 5625 2441 5674 Valic.
2467 5634 2621 5673 recte.
2649 5623 2776 5674 Edil.
2803 5626 2873 5686 τῷ
2896 5623 3116 5687 τοιούτῴ.

2137 5686 2156 5728 ί
2185 5688 2334 5740 Valic.
2361 5689 2388 5736 6
2411 5687 2463 5737 δὲ
2482 5687 2638 5744 ἄλλος,
2661 5690 2715 5734 et
2739 5688 2809 5736 sic
2826 5686 3085 5748 sequentia
3105 5686 3154 5738 in
3175 5687 3428 5749 singulari.
