3828 6226
239 286 378 345 1057
400 280 403 283 ’

241 401 379 457 Nihil
406 400 473 455 ad
504 407 559 456 te
582 398 771 455 attinet
799 415 813 454 :
841 405 900 453 ut
938 397 1076 454 illius
1101 397 1270 455 virtus
1294 397 1389 455 tibi
1430 411 1537 455 non
1564 399 1820 470 prodest,

240 495 286 549 si
311 493 562 548 virtutem
589 508 696 546 non
724 491 967 560 imiteris,
993 491 1067 547 ita
1094 507 1194 548 nec
1219 491 1363 548 illius
1391 492 1703 563 improbitas
1729 493 1824 548 tibi

240 582 529 654 quidquam
563 591 753 649 nocet,
789 583 834 637 si
875 581 1167 654 nequitiam
1196 581 1436 653 deponas
1470 601 1484 639 :
1513 583 1610 639 sed
1631 594 1689 639 ut
1715 583 1827 639 illic

245 677 418 746 majus
440 685 523 731 est
550 675 752 730 crimen
778 717 795 741 ,
822 675 966 746 quod
989 690 1110 731 cum
1136 675 1439 747 exemplum
1471 675 1699 731 haberes
1724 674 1825 731 do-

242 769 520 822 llieallCUIll
544 807 562 832 ,
584 767 834 822 virtutem
865 783 970 822 non
1008 767 1085 823 sis
1118 766 1356 822 imitatus
1383 784 1399 822 :
1431 766 1504 822 ita
1542 766 1713 837 major
1740 765 1829 823 hic

244 857 363 913 laus
392 865 611 927 surget,
639 857 780 928 quod
810 856 928 927 quis
960 872 1082 912 cum
1126 856 1346 913 haberet
1382 865 1608 912 matrem
1652 854 1828 912 scele-

243 958 404 1015 stam,
430 936 570 1005 illius
595 949 989 1020 improbitatem
1020 964 1125 1003 non
1150 950 1221 1004 sit
1249 949 1506 1015 imitatus,
1537 948 1631 1004 sed
1658 947 1831 1004 dulcis

244 1043 446 1100 fructus
494 1043 566 1098 sit
604 1042 673 1097 ab
709 1041 900 1097 acerba
946 1041 1125 1096 radice
1164 1049 1475 1112 prognatus.
1522 1039 1638 1095 Non
1685 1039 1829 1095 enim

243 1135 496 1205 splendor
537 1134 799 1206 majorum
822 1175 841 1202 ,
882 1134 977 1190 sed
1008 1134 1201 1190 virtute
1229 1133 1435 1204 prmditi
1478 1147 1655 1188 mores
1679 1146 1831 1203 qua:-

244 1236 455 1283 runtur.

318 1355 543 1410 Servitus
571 1371 687 1409 vera
717 1364 994 1425 peccatum.
1018 1384 1087 1395 —
1116 1353 1231 1425 Ego
1252 1353 1336 1410 vel
1360 1367 1573 1409 servum
1601 1351 1832 1408 nobilent

246 1446 476 1515 appello,
508 1454 563 1500 et
586 1445 860 1500 dominum
887 1459 1070 1500 catena
1102 1446 1371 1509 vinctum,
1402 1445 1447 1499 si
1476 1443 1604 1498 mihi
1632 1442 1832 1514 cogniti

247 1533 449 1589 fuerint
472 1535 587 1605 ejus
613 1549 789 1589 mores
816 1552 828 1587 :
860 1534 987 1589 mihi
1012 1535 1093 1589 vel
1136 1536 1204 1602 is,
1239 1535 1327 1605 qui
1355 1534 1406 1589 in
1428 1534 1683 1605 dignitate
1706 1549 1835 1588 con-

248 1627 465 1682 stitutus
489 1636 571 1681 est
590 1667 605 1692 ,
636 1627 882 1697 ignobilis
910 1626 1141 1689 videtur,
1167 1628 1211 1682 si
1235 1626 1469 1681 animam
1500 1641 1711 1681 servam
1739 1624 1835 1678 ha-

247 1716 372 1774 beat
397 1735 411 1772 :
440 1720 559 1789 quis
578 1720 722 1774 enim
752 1733 939 1774 servus
962 1728 1044 1774 est
1065 1758 1084 1786 ,
1110 1719 1213 1773 nisi
1238 1719 1327 1789 qui
1358 1717 1484 1773 facit
1508 1728 1787 1789 peccatum
1810 1714 1837 1769 ?

248 1811 368 1868 Alia
389 1811 602 1882 quidem
618 1811 846 1867 servitus
869 1811 938 1865 ab
956 1810 1193 1866 adversis
1219 1825 1397 1866 rerum
1422 1808 1702 1865 eventibus
1722 1807 1834 1862 ori—

250 1912 357 1968 tur,
386 1900 503 1957 lucc
530 1917 659 1958 vero
689 1901 916 1956 servitus
946 1900 1232 1957 discrimen
1262 1910 1344 1957 est
1372 1900 1569 1966 animi;
1598 1896 1838 1969 quando-

249 1993 468 2066 quidem
496 2008 527 2049 a
558 1993 819 2065 principio
844 1990 1076 2049 servitus
1101 1992 1225 2048 hinc
1252 1992 1487 2063 irrepsit.

322 2106 379 2162 7.
404 2105 516 2162 Non
537 2114 653 2161 erat
676 2106 815 2161 nllus
841 2122 1029 2161 servus
1057 2105 1184 2160 olim
1210 2123 1222 2160 :
1257 2105 1397 2160 Dens
1422 2104 1565 2159 enim
1589 2117 1709 2158 cum
1741 2100 1840 2157 ho-

251 2198 450 2253 minem
480 2196 735 2252 fortnaret
760 2237 775 2262 ,
807 2212 1018 2251 servum
1048 2197 1196 2250 illum
1232 2210 1562 2265 nequaquam
1595 2192 1723 2249 fecit
1742 2234 1759 2261 ,
1786 2201 1842 2247 at

253 2290 504 2347 liberum.
534 2289 799 2345 Adamum
824 2289 1027 2345 creavit
1055 2299 1112 2343 et
1140 2289 1327 2355 Evam,
1354 2296 1508 2342 erant
1532 2284 1748 2356 quidem
1773 2285 1840 2349 li-

254 2380 369 2436 beri
410 2379 569 2434 ambo
600 2396 614 2434 :
648 2379 789 2434 unde
828 2378 988 2449 igitur
1026 2389 1142 2433 orta
1183 2387 1266 2433 est
1306 2378 1577 2434 servitus?
1618 2374 1844 2447 lmpegit

256 2470 546 2527 humanum
573 2486 762 2542 genus,
791 2487 854 2527 ac
881 2471 1097 2527 modum
1124 2470 1428 2542 cupiditatis
1456 2469 1756 2538 excedens,
1788 2470 1843 2525 in

260 2562 533 2619 lasciviam
559 2571 644 2619 est
665 2563 949 2633 impulsum
981 2579 996 2618 :
1023 2576 1132 2634 quo
1158 2576 1285 2618 vero
1314 2570 1470 2633 pacto
1493 2560 1641 2617 audi.

325 2673 612 2743 Descriptio
641 2674 819 2728 diluvii
844 2672 1059 2728 Noe.—
1082 2673 1306 2728 Factum
1335 2679 1421 2728 est
1445 2671 1724 2740 diluvium,
1751 2684 1845 2726 or-

256 2762 338 2819 bis
366 2773 627 2820 terrarum
666 2779 952 2820 commune
1000 2764 1331 2835 naufragium
1356 2805 1373 2832 ,
1415 2770 1700 2819 cataractae
1725 2761 1844 2817 caeli

255 2867 456 2926 aperta:
484 2868 641 2925 sunt,
671 2866 726 2912 et
748 2857 926 2928 abyssi
955 2855 1185 2926 profusa:
1211 2854 1375 2930 (Gen.
1403 2856 1458 2909 7.
1486 2855 1594 2924 10)
1623 2854 1846 2910 :omnia

257 2957 409 3003 erant
436 2962 571 3018 aqua
596 2989 611 3013 ,
639 2955 695 3003 et
722 2962 841 3017 qua:
868 2947 1039 3002 oculis
1075 2947 1346 3002 cernimus
1373 2946 1425 3000 in
1452 2946 1717 3001 elementa
1753 2959 1845 2999 re-

258 3040 623 3103 solvchantnr,
653 3053 717 3093 ac
746 3038 1182 3101 destruebantur,
1219 3051 1319 3091 nec
1345 3035 1635 3106 apparebat
1662 3043 1799 3090 terra
1824 3049 1840 3099 ;

260 3130 354 3185 sed
373 3131 552 3186 omnia
577 3130 794 3200 pelagus
813 3138 989 3196 erant,-
1016 3127 1165 3183 radix
1191 3135 1371 3184 autem
1400 3126 1501 3181 illis
1526 3124 1744 3181 suberat
1770 3125 1845 3179 ira

262 3225 353 3278 Dei
377 3241 392 3291 ;
425 3222 615 3278 ﬂuctus
639 3233 793 3278 erant
822 3222 1022 3286 omnia,
1049 3229 1103 3276 et
1130 3220 1307 3275 omnia
1334 3218 1521 3284 maria,
1553 3225 1764 3272 montes
1792 3217 1846 3271 in

259 3316 424 3370 altum
453 3316 617 3371 erecti
652 3314 1009 3384 proeminent,
1046 3320 1103 3366 at
1139 3326 1235 3367 eos
1276 3311 1494 3381 pelagus
1523 3316 1843 3378 operuerat,

262 3416 573 3478 tantumque
617 3407 830 3477 pelagus
850 3447 865 3472 ,
897 3416 951 3461 et
976 3404 1162 3460 omium
1188 3411 1304 3458 erat
1326 3443 1341 3470 ,
1374 3401 1638 3472 perditum
1678 3400 1849 3457 fuerat

260 3515 429 3570 genus
459 3501 747 3553 humanum
780 3515 794 3552 :
826 3496 1054 3553 scintilla
1084 3495 1253 3551 nostri
1280 3494 1495 3565 generis
1534 3492 1646 3549 Noe
1674 3501 1849 3548 resta-

262 3593 383 3657 bat,
410 3590 637 3645 scintilla
665 3591 718 3644 in
750 3588 927 3643 medio
953 3586 1110 3655 mari,
1143 3601 1242 3641 nec
1266 3597 1443 3641 tamen
1471 3583 1849 3654 exstingueba-

263 3694 370 3752 tur,
400 3684 658 3755 primitias
685 3681 897 3753 generis
921 3680 1086 3735 nostri
1113 3694 1295 3735 secum
1323 3678 1524 3733 habens
1549 3691 1769 3731 uxorem
1795 3682 1851 3730 et

264 3780 481 3844 liberos,
514 3777 816 3833 columbam
837 3785 892 3830 et
915 3788 1135 3830 corvum
1160 3780 1215 3828 et
1242 3780 1434 3827 caetera
1460 3769 1637 3824 omnia
1662 3784 1675 3821 :
1706 3768 1850 3821 intus

262 3878 418 3925 erant
442 3883 653 3932 omnes,
682 3876 737 3921 et
766 3865 1036 3921 ferebatur
1060 3878 1183 3919 arca
1215 3877 1375 3932 super
1400 3876 1566 3931 aquas
1591 3860 1643 3915 in
1672 3858 1850 3914 medio

264 3961 513 4030 procellae
542 4001 558 4027 ,
595 3974 770 4029 neque
807 3956 1138 4026 naufragium
1184 3954 1448 4019 faciebat;
1494 3952 1690 4022 quippe
1730 3965 1850 4020 qua:

263 4053 669 4122 gubernatorem
716 4049 988 4103 dominum
1034 4045 1257 4100 haberet
1301 4043 1684 4099 universitatis.
1731 4041 1850 4097 Non

262 4142 407 4197 enim
451 4155 659 4197 asseres
696 4139 845 4194 illum
879 4145 1159 4193 servarunt
1182 4177 1197 4201 ,
1228 4134 1323 4190 sed
1367 4134 1581 4188 robusta
1614 4133 1704 4188 Dei
1734 4147 1848 4195 ma,-

264 4247 389 4289 nus.
418 4233 494 4286 Ac
531 4230 652 4285 vide
692 4229 1045 4293 miraculum;
1075 4242 1195 4281 cum
1232 4225 1412 4280 abluta
1450 4224 1639 4280 fuisset
1665 4234 1806 4280 terra
1832 4264 1847 4289 ,

263 4338 385 4378 cum
412 4321 601 4375 sublati
624 4330 805 4375 essent
828 4335 859 4374 e
887 4318 1084 4383 medio,
1107 4318 1196 4387 qui
1222 4317 1358 4370 mala
1389 4324 1847 4385 perpetraveraut,

262 4426 385 4467 cum
427 4410 611 4467 sedata
640 4421 930 4480 tempestas
969 4417 1150 4474 esset,
1193 4417 1554 4478 apparuerunt
1590 4406 1850 4461 montium

263 4505 517 4569 vertices,
544 4503 786 4560 consedit
816 4518 959 4569 arca,
988 4500 1289 4557 columbam
1320 4500 1463 4555 misit
1493 4498 1626 4555 Noe.

337 4615 567 4669 Ecclesia
594 4631 709 4669 cum
733 4630 853 4669 arca
881 4611 995 4668 Noe
1014 4612 1221 4667 collata.
1258 4610 1384 4666 Vide
1408 4612 1460 4666 in
1492 4608 1686 4665 Homil.
1716 4610 1769 4670 l.
1794 4608 1850 4665 in

266 4706 509 4774 Paulum,
531 4716 578 4762 et
617 4708 681 4761 de
720 4706 1040 4762 Paenitentia.
1066 4735 1140 4746 —
1161 4704 1330 4761 Porro
1360 4704 1608 4776 mysteria
1640 4703 1852 4758 fuerunt

263 4813 384 4868 qum
419 4808 719 4863 narrantur,
745 4805 800 4852 et
826 4811 1005 4852 rerum
1034 4797 1328 4849 futurarum
1359 4795 1522 4864 figura
1544 4833 1559 4860 ,
1591 4808 1710 4863 quae
1738 4802 1849 4847 tum

266 4890 463 4943 tiebant
484 4930 498 4951 ,
532 4889 779 4943 nimirum
809 4902 931 4942 arca
976 4887 1069 4940 fuit
1114 4885 1349 4941 Ecclesia
1374 4926 1390 4951 ,
1420 4883 1534 4941 Noe
1563 4883 1807 4940 Christus
1830 4925 1845 4951 ,

263 4980 507 5034 columba
535 4978 764 5049 Spiritus
784 4986 1020 5045 sanctus,
1042 4978 1177 5033 olere
1204 4976 1387 5031 folium
1412 4976 1501 5031 Dei
1527 4975 1845 5047 benignitas.

268 5073 535 5129 Emissum
567 5080 650 5127 est
676 5073 874 5127 animai
922 5079 1256 5126 mansuetum
1278 5109 1294 5136 ,
1325 5078 1381 5125 et
1409 5069 1538 5125 exiit
1575 5085 1642 5124 ex
1682 5084 1805 5123 arca
1829 5106 1846 5135 ,

272 5166 360 5220 ted
391 5165 555 5235 figura
586 5163 796 5219 fuerunt
826 5164 937 5230 illa,
966 5163 1080 5219 hare
1106 5171 1231 5219 sunt
1257 5162 1474 5217 veritas.
1506 5161 1643 5217 Vide
1670 5168 1848 5216 autem

276 5258 507 5314 veritatis
526 5254 936 5313 abundantiam:
960 5255 1406 5327 quemadmodum
1436 5256 1487 5309 in
1519 5254 1696 5311 medio
1716 5255 1848 5313 mari

265 5350 513 5406 servabat
536 5365 630 5406 eos
658 5363 781 5405 arca
806 5391 820 5416 ,
852 5350 939 5419 qui
969 5350 1107 5404 intus
1136 5359 1287 5404 erant
1309 5389 1324 5413 ,
1355 5349 1433 5404 sic
1457 5359 1507 5402 et
1539 5362 1728 5404 omnes
1757 5349 1846 5417 qui

262 5452 465 5511 errant,
491 5452 668 5498 servat
699 5443 930 5497 Ecclesia
953 5459 965 5495 :
990 5457 1171 5497 verum
1198 5457 1322 5497 arca
1348 5442 1593 5495 servabat
1619 5450 1842 5507 tantum,

264 5536 506 5597 Ecclesia
530 5535 781 5605 quiddam
819 5534 1047 5602 amplius
1091 5532 1318 5602 perlicit.
1361 5533 1601 5602 Exempli
1644 5546 1801 5587 causa
1828 5572 1843 5597 ,

267 5627 491 5684 rationis
518 5635 772 5696 expertes
796 5624 1093 5679 animantes
1122 5624 1327 5694 accepit
1355 5639 1476 5677 arca
1502 5664 1516 5687 ,
1548 5632 1601 5677 et
1627 5622 1848 5677 rationis

264 5728 512 5789 rvpi-vtes
534 5718 828 5774 animantes
848 5717 1079 5775 servavit
1108 5733 1120 5769 :
1154 5715 1373 5776 rationis
1401 5725 1645 5788 expertes
1672 5715 1843 5770 homi-

1510 286 1600 345 ΒΕ
1638 286 1912 347 ιΑῑΑῐιο
1947 288 2194 347 CONCIO
2227 290 2315 347 VI.

3382 292 3403 345 Ι
3417 290 3523 348 058

1934 415 2033 457 nes
2051 401 2244 473 accipit
2264 399 2519 469 Ecclesia,
2543 415 2644 460 nec
2665 413 2843 461 servat
2863 413 3088 471 tantum,
3115 404 3208 462 sed
3231 406 3389 463 etiam
3420 408 3521 463 im-

1933 502 2125 549 mutat.
2152 493 2385 549 Corvum
2413 495 2618 566 acccpit
2642 510 2766 552 arca
2788 537 2805 563 ,
2832 506 2887 554 et
2914 496 3131 553 corvum
3157 498 3337 553 emisit
3367 488 3381 551 Ξ
3416 498 3520 552 Ee-

1933 584 2095 641 clesia
2134 599 2353 641 corvum
2388 587 2620 657 accipit,
2648 598 2704 643 et
2737 588 3037 644 columbam
3060 588 3297 644 emittit:
3329 586 3522 657 accipit

1935 676 2197 749 lupum,et
2214 693 2369 734 ovem
2388 678 2536 735 illum
2557 680 2770 736 emittit.
2792 680 2923 736 Cum
2948 681 3092 737 enim
3123 681 3393 751 ingressus
3420 680 3528 735 huc

1937 767 2096 824 fuerit
2118 767 2280 825 homo
2303 785 2467 842 rapax
2497 779 2552 825 et
2578 770 2869 837 fraudator,
2891 772 2980 827 ubi
2999 772 3301 827 divinorum
3320 768 3518 827 doctri~
3550 787 3570 807 -

1936 873 2061 914 nam
2086 860 2416 931 eloquiornm
2439 861 2892 929 audiverit,mutat
2919 872 3176 928 mentem,
3203 872 3258 917 et
3279 877 3376 933 pro
3401 862 3529 931 lupo

1939 950 2000 1007 iit
2025 952 2141 1008 ovis
2173 969 2187 1007 :
2217 952 2478 1023 siquidem
2521 954 2678 1023 lupus
2715 952 2886 1009 aliena
2922 953 3096 1024 rapit,
3140 961 3195 1008 at
3221 954 3337 1008 ovis
3361 952 3530 1009 etiam

1938 1042 2118 1098 lunam
2161 1058 2314 1100 suam
2356 1045 2621 1101 concedit.
2661 1044 2813 1101 Sedit
2851 1059 3010 1111 arca,
3041 1054 3096 1100 et
3122 1055 3375 1100 reserata:
3401 1052 3529 1099 sunt

1937 1146 2144 1207 portas;
2184 1152 2431 1210 egressus
2459 1147 2543 1193 est
2569 1153 2601 1193 e
2628 1138 2900 1209 naufragio
2926 1146 3169 1193 servatus
3195 1136 3308 1192 Noe
3333 1154 3346 1191 :
3378 1135 3528 1191 videt

1938 1238 2134 1286 terram
2146 1230 2463 1295 desolatam,
2482 1228 2627 1284 videt
2646 1229 2946 1299 sepulcrum
2963 1244 3029 1284 ex
3045 1237 3281 1298 tempore
3303 1227 3524 1293 factum,

1939 1319 2148 1387 limum,
2177 1335 2462 1375 commune
2488 1319 2743 1389 jumentis
2770 1327 2823 1373 et
2845 1317 3150 1372 hominibus
3175 1317 3475 1387 sepulcrum
3506 1333 3520 1369 :

1940 1420 2131 1468 cuncta
2159 1412 2317 1466 simul
2346 1427 2603 1483 equorum
2626 1453 2640 1478 ,
2675 1411 2978 1474 hominum,
3010 1420 3063 1466 et
3089 1411 3309 1464 rationis
3337 1425 3527 1478 exper-

1941 1503 2072 1558 tium
2110 1502 2472 1573 jumentorum
2511 1503 2748 1557 omnium
2787 1516 3011 1571 corpora
3056 1501 3260 1571 sepulta
3292 1509 3445 1556 erant
3471 1508 3528 1554 ct

1940 1594 2151 1650 obruta.
2178 1595 2323 1649 Vidit
2350 1595 2660 1664 tragmdiam
2690 1593 2834 1648 illam
2861 1634 2877 1658 ,
2905 1592 3037 1647 vidit
3062 1602 3257 1646 terram
3300 1590 3528 1645 miserias

1898 1698 1907 1707 '
1941 1688 2176 1757 plenam,
2206 1686 2371 1741 multa
2392 1694 2509 1740 erat
2536 1686 2787 1739 obsessus
2817 1682 3090 1748 maestitia,
3123 1682 3393 1752 perierant
3412 1695 3528 1733 om-

1943 1792 2041 1833 nes
2063 1818 2079 1844 ,
2108 1792 2214 1832 non
2235 1777 2431 1842 homo,
2464 1790 2568 1829 non
2594 1775 2898 1845 jumentum
2925 1814 2940 1838 ,
2986 1787 3093 1827 non
3128 1770 3271 1826 aliud
3321 1771 3531 1841 quidvis

1943 1885 2129 1926 eorum
2151 1911 2167 1935 ,
2196 1884 2316 1939 qua:
2340 1867 2550 1923 fuerant
2574 1876 2724 1923 extra
2750 1881 2951 1931 aream,
2982 1872 3248 1920 servatum
3275 1873 3357 1919 est
3381 1881 3395 1917 :
3422 1878 3531 1919 cxc-

1946 1958 2056 2015 lum
2080 1959 2329 2014 cernebat
2357 1958 2529 2012 solum
2557 1998 2572 2024 ,
2600 1956 2851 2011 mmstitia
2878 1952 3242 2025 torquebatur,
3264 1962 3318 2008 et
3345 1952 3533 2007 dolore

1946 2051 2286 2123 premebatur
2313 2068 2327 2105 :
2357 2051 2536 2106 vinum
2563 2049 2712 2115 bibit,
2737 2063 2927 2104 somno
2950 2048 3184 2117 seipsum
3210 2044 3443 2106 tradidit,
3476 2052 3533 2099 nt

1946 2145 2139 2200 vulnus
2185 2142 2455 2200 maestitia:
2497 2142 2783 2211 mitigaret.
2827 2138 3048 2194 Jacebat
3089 2138 3141 2192 in
3187 2137 3363 2203 lecto,
3410 2150 3532 2190 cum

1948 2249 2139 2291 somno
2168 2235 2403 2305 seipsum
2436 2239 2705 2303 tamquam
2732 2229 2939 2287 medico
2964 2229 3199 2285 dedisset
3218 2269 3233 2292 ,
3270 2236 3328 2281 nt
3369 2227 3533 2281 menti

1950 2326 2267 2397 subreperet
2297 2339 2482 2381 eorum
2512 2322 2728 2389 oblivio,
2760 2337 2879 2392 qua:
2906 2319 3247 2383 acciderant;
3276 2317 3411 2372 sicut
3438 2316 3535 2370 bo-

1950 2417 2080 2473 mini
2100 2416 2215 2472 seni
2243 2415 2462 2480 assolet,
2487 2415 2577 2485 qui
2603 2413 2781 2468 vinum
2803 2411 3032 2475 biberit,
3056 2418 3110 2464 et
3130 2422 3321 2464 somno
3344 2407 3415 2462 sit
3440 2423 3535 2475 op-

1949 2524 2167 2581 pressus
2192 2525 2207 2563 :
2230 2508 2433 2578 justum
2454 2506 2596 2562 enim
2621 2513 2831 2577 oportet
2858 2517 3131 2565 excusare,
3163 2501 3305 2572 quod
3329 2516 3434 2555 non
3464 2514 3534 2555 ex

1951 2600 2228 2667 ebrietate,
2250 2599 2337 2653 vel
2366 2614 2431 2653 ex
2459 2597 2719 2667 passionis
2744 2594 3009 2651 desiderio
3037 2608 3126 2648 res
3153 2592 3227 2647 illi
3262 2592 3377 2646 luce
3394 2592 3538 2645 acci-

1951 2690 2124 2759 derit,
2167 2691 2260 2746 sed
2300 2697 2528 2759 utroque
2552 2687 2746 2743 vulnus
2769 2684 3062 2755 mitigabat.
3087 2683 3200 2739 Hoc
3225 2683 3367 2739 enim
3392 2681 3540 2737 dice-

1954 2781 2045 2839 bat
2068 2790 2123 2838 et
2151 2781 2403 2837 Salomon
2430 2797 2444 2832 :
2479 2779 2611 2833 Date
2644 2778 2816 2831 vinum
2858 2776 2923 2831 iis
2946 2816 2962 2842 ,
2994 2774 3082 2847 qui
3121 2774 3176 2828 in
3205 2789 3416 2827 umore
3438 2814 3454 2838 ,
3491 2782 3539 2826 et

1952 2877 2363 2932 inebriamentum
2390 2874 2474 2938 iis,
2504 2873 2590 2943 qui
2615 2872 2667 2926 in
2690 2869 2945 2925 doloribus
2972 2868 3156 2939 (Prov.
3187 2868 3274 2923 5i.
3298 2865 3393 2938 6).

2036 2968 2149 3022 Vini
2169 2983 2290 3021 usus
2310 2966 2363 3020 in
2383 2965 2542 3020 luctu.
2560 2992 2631 3005 —-
2655 2961 2860 3017 Idcirco
2886 2960 3037 3015 multi
3059 2959 3301 3015 homines
3326 2974 3388 3013 ac
3409 2966 3544 3024 prte-

1953 3060 2109 3131 cipue
2132 3066 2372 3127 tempore
2398 3053 2792 3124 exsequiarum,
2821 3066 2943 3105 cum
2964 3048 3083 3120 quis
3106 3048 3268 3103 tilium
3292 3056 3382 3102 ant
3404 3060 3539 3101 uxo-

1956 3166 2070 3206 rem
2099 3147 2358 3211 amiserit,
2382 3146 2505 3216 quia
2532 3141 2859 3214 perturbatio
2881 3140 2987 3195 vim
3016 3139 3157 3204 facit,
3183 3137 3303 3208 quia
3335 3137 3541 3192 maesti-

1955 3241 2027 3297 tia
2056 3240 2221 3296 vincit
2238 3280 2254 3306 ,
2284 3238 2407 3310 quia
2433 3234 2754 3293 conscientia
2782 3232 3105 3297 dominatur,
3133 3231 3335 3286 amicos
3357 3244 3540 3285 secum

1955 3333 2149 3404 accipit
2172 3333 2225 3386 in
2252 3330 2397 3386 aedes
2424 3344 2549 3385 suas
2571 3370 2586 3395 ,
2616 3328 2893 3398 opiparum
2935 3325 3091 3379 struit
3123 3322 3460 3387 convivium,
3486 3331 3541 3378 et

1954 3424 2137 3480 vinum
2163 3436 2369 3476 merum
2391 3418 2602 3474 tristitia
2631 3424 2878 3484 correpto
2903 3413 3079 3480 datur,
3109 3422 3167 3468 ttt
3186 3413 3377 3467 vulnus
3398 3413 3542 3466 miti-

1955 3527 2081 3589 get;
2109 3515 2209 3569 hoc
2228 3522 2283 3569 et
2308 3513 2385 3568 illi
2412 3511 2526 3568 seni
2548 3520 2672 3565 tunc
2695 3508 2907 3564 accidit.
2937 3506 3067 3563 Nam
3088 3522 3209 3561 cum
3238 3506 3310 3559 illi
3341 3505 3543 3559 moesti-

1957 3609 2026 3664 tia
2053 3608 2158 3662 vim
2184 3605 2399 3661 alferret
2416 3647 2430 3666 .
2458 3602 2561 3658 hoc
2584 3610 2851 3670 tamquam
2882 3599 3170 3670 pharmaco
3195 3614 3322 3652 usus
3342 3607 3425 3652 est
3444 3640 3458 3661 ,
3488 3605 3542 3651 et.

1957 3707 2080 3770 post
2107 3698 2287 3751 vinum
2317 3695 2549 3765 seipsum
2579 3709 2769 3748 somno
2800 3691 3031 3746 tradidit.
3055 3688 3124 3745 Ut
3150 3688 3289 3743 unde
3314 3689 3543 3742 servitus

1958 3788 2122 3843 indita
2150 3787 2221 3840 sit
2249 3785 2552 3853 intelligatis
2574 3823 2589 3849 ,
2624 3781 2779 3851 paulo
2811 3790 2929 3848 post
2958 3795 3079 3835 cum
3112 3781 3379 3848 ingressus
3404 3785 3544 3833 esset

1958 3877 2270 3934 maledictus
2295 3875 2385 3930 ille
2412 3874 2550 3929 filius
2571 3873 2708 3941 ejus,
2734 3871 2879 3926 filius
2900 3879 3105 3935 natura,
3134 3885 3237 3923 non
3270 3869 3505 3922 moribus
3528 3886 3542 3921 :

1957 3983 2146 4024 rursus
2172 3967 2369 4039 quippe
2397 3965 2725 4019 nobilitatem
2762 3976 2867 4015 non
2912 3960 3170 4029 majorum
3202 3960 3543 4030 splendorem

1956 4061 2167 4131 appello
2191 4100 2206 4125 ,
2237 4058 2333 4115 sed
2359 4058 2550 4113 virtute
2580 4054 2830 4124 praeditos
2859 4068 3036 4109 mores
3060 4069 3075 4117 ;
3114 4068 3234 4107 cum
3274 4054 3544 4122 ingressus

1956 4164 2099 4211 esset
2139 4153 2311 4217 illius,
2353 4150 2643 4205 nuditatem
2686 4147 2851 4217 patris
2889 4145 3075 4200 videt:
3116 4160 3237 4200 cum
3268 4144 3543 4199 debuisset

1957 4248 2237 4317 obtegere,
2262 4257 2382 4298 cum
2408 4240 2680 4296 debuisset
2709 4238 2910 4303 velare,
2939 4245 3158 4307 propter
3183 4246 3538 4301 senectutem,

1958 4346 2177 4408 propter
2205 4346 2489 4388 maerorem
2517 4371 2531 4394 ,
2579 4337 2797 4399 prepter
2828 4327 3182 4382 calamitatem
3207 4367 3223 4392 ,
3261 4334 3541 4395 propterea

1955 4429 2097 4501 quod
2125 4436 2275 4500 pater
2294 4426 2410 4496 ejus
2428 4431 2575 4488 erat;
2606 4422 2697 4477 ille
2720 4436 2848 4475 vero
2873 4434 3119 4490 egressus
3147 4418 3460 4488 divulgavit,
3489 4426 3543 4473 et

1958 4521 2158 4591 tragice
2181 4518 2346 4573 auxit.
2378 4519 2452 4570 Ac
2476 4513 2655 4569 caeteri
2682 4513 2797 4575 eius
2819 4511 3010 4566 fratres
3033 4520 3244 4578 sumpto
3269 4511 3429 4580 pallio
3457 4525 3543 4565 re-

1958 4622 2212 4674 trorsum,
2245 4623 2312 4662 ne
2335 4605 2600 4668 viderent,
2632 4619 2751 4674 quae
2780 4603 2871 4656 ille
2899 4601 3281 4670 divulgaverat,
3315 4600 3540 4669 ingressi

1957 4713 2159 4772 patrem
2190 4709 2536 4770 operuerunt.
2568 4695 2704 4751 Tum
2744 4694 2831 4748 ubi
2875 4692 3107 4747 surrexit
3146 4704 3328 4760 pater,
3357 4693 3539 4749 omnia

1954 4793 2225 4864 cognovit,
2255 4799 2309 4845 et
2337 4788 2516 4843 dicere
2543 4786 2705 4856 erepit
2734 4802 2749 4841 :
2783 4783 3087 4838 Maledictus
3113 4781 3360 4838 Chanaan
3389 4800 3548 4854 puer;

1957 4884 2181 4957 funmlus
2208 4883 2301 4936 erit
2326 4878 2565 4949 fratribus
2591 4877 2696 4931 suis
2728 4873 2892 4946 (Gen.
2918 4874 2972 4929 9.
2999 4873 3071 4930 25
3090 4872 3130 4945 ).
3162 4873 3399 4942 Quorum
3424 4890 3543 4930 vcr-

1958 4977 2144 5030 bornm
2175 4973 2291 5027 hmo
2318 4979 2401 5026 est
2419 4968 2682 5023 sententia
2715 4983 2729 5020 :
2759 4980 2949 5020 servus
2974 4963 3102 5030 eris,
3125 4964 3248 5033 quia
3276 4965 3439 5033 patris
3471 4963 3544 5018 tui

1957 5064 2337 5137 turpitudinem
2379 5059 2681 5131 divulgasti.
2713 5057 2874 5112 Vides
2902 5066 2959 5111 ut
2992 5071 3024 5111 e
3065 5064 3285 5126 peccato
3314 5056 3545 5111 servitus

1955 5166 2071 5213 orta
2102 5155 2204 5219 sit,
2235 5163 2291 5209 et
2324 5149 2636 5221 improbitas
2676 5148 2990 5203 servitutem
3032 5143 3424 5201 introduxerit?
3452 5144 3547 5200 Vis

1955 5246 2233 5304 ostendam
2262 5243 2564 5299 libertatem
2594 5254 2662 5294 ex
2689 5236 2988 5295 servitute?
3016 5235 3269 5291 Famuitts
3298 5234 3396 5289 fuit
3422 5233 3546 5305 qui-

1954 5339 2078 5395 dam
2103 5336 2406 5399 Onesimus,
2436 5331 2742 5402 despectus,
2770 5328 3023 5399 fugitivus
3052 5344 3065 5382 :
3098 5326 3185 5381 hic
3212 5324 3365 5395 fugit,
3395 5333 3453 5380 et
3475 5323 3544 5379 ad

1954 5432 2176 5488 Paulum
2206 5428 2334 5484 abiit
2359 5467 2375 5495 ,
2400 5424 2721 5497 baptismum
2746 5421 2976 5476 obtinuit
2994 5460 3009 5484 ,
3039 5426 3251 5487 peccata
3274 5416 3404 5473 eluit
3426 5455 3441 5481 .
3472 5416 3542 5472 ad

1954 5523 2119 5596 pedes
2144 5521 2262 5586 ejus
2290 5517 2547 5574 remansit
2577 5533 2591 5571 :
2619 5513 2806 5570 scribit
2838 5511 2903 5564 ad
2942 5509 3215 5564 dominum
3246 5510 3363 5577 ejus
3400 5506 3542 5562 Pau-

1956 5616 2063 5669 lum
2095 5630 2109 5668 :
2143 5611 2437 5666 Onesimum
2462 5607 2547 5678 qui
2574 5605 2664 5660 tibi
2700 5601 2976 5670 aliquando
3003 5599 3195 5654 inutilis
3228 5599 3326 5671 fuit
3348 5639 3365 5663 ,
3411 5614 3546 5653 nunc

1956 5717 2133 5767 autem
2163 5718 2209 5764 ct
2249 5708 2370 5765 mihi
2413 5715 2459 5765 et
2501 5703 2588 5765 tibi
2612 5701 2773 5771 utilis,
2815 5700 2960 5757 illum
2997 5710 3050 5754 ut
3090 5713 3167 5754 ms
3191 5695 3392 5768 suscipe
3419 5693 3441 5766 (
3468 5691 3547 5747 Ad
