3828 6226
281 263 416 320 1039

283 377 504 433 Philem.
530 373 740 448 10-12).
762 373 900 444 Quid
923 373 1068 432 enim
1095 372 1323 429 accidit?
1347 375 1504 438 Quem
1523 368 1676 442 genui
1690 368 1742 423 in
1756 367 1870 423 ein-

276 471 405 526 cutis
432 471 574 525 meis.

350 563 406 620 8.
436 563 623 619 Vidisti
647 562 1004 628 nobilitatem,
1029 560 1206 617 vidisti
1232 572 1431 625 mores,
1461 556 1552 629 qui
1575 555 1786 627 pariunt
1805 552 1872 609 li-

281 656 589 712 bertatem?
614 654 812 711 Servus
837 655 981 710 enim
1015 662 1067 708 et
1105 653 1238 708 liber
1273 651 1489 706 nomina
1515 659 1642 704 sunt
1664 646 1871 716 simpli‘

283 749 440 803 citer.
469 747 605 816 Quid
633 756 719 802 est
745 745 974 802 servus?
1009 745 1217 801 Nudum
1257 759 1473 799 nomen.
1515 741 1686 810 Quam
1719 738 1873 795 multi

287 837 489 893 domini
527 838 662 893 ebrii
685 837 867 907 jaceat
895 837 949 891 in
976 837 1107 890 toris
1128 876 1144 900 ,
1174 835 1356 890 famuli
1383 848 1516 888 vero
1537 831 1752 886 adstant
1786 844 1875 885 so-

286 929 427 984 brii?
458 927 646 984 Utrum
686 926 969 998 appellabo
994 939 1206 981 servum
1249 924 1487 979 sobrium
1523 937 1592 976 an
1621 918 1874 976 ebrium?

287 1035 504 1075 servum
536 1019 786 1082 hominis,
817 1033 888 1074 an
916 1019 1238 1088 mancipium
1265 1015 1416 1070 vitii?
1448 1015 1541 1070 Ille
1561 1013 1875 1069 servitutem

288 1112 523 1167 exterius
563 1113 768 1177 habet,
816 1111 903 1166 hic
945 1111 1308 1181 captivitatem
1352 1108 1494 1163 intus
1543 1105 1872 1162 circumfert.

290 1203 419 1259 llaec
447 1217 548 1274 ego
573 1203 696 1258 dico
722 1243 737 1268 ,
769 1218 944 1273 neque
970 1202 1151 1258 dicere
1173 1199 1397 1256 cessabo
1419 1239 1436 1263 ,
1472 1207 1531 1254 ut
1560 1197 1630 1253 de
1669 1197 1828 1252 rebus
1857 1235 1874 1263 ,

291 1305 451 1365 prout
487 1309 670 1350 earum
721 1305 908 1350 natura
946 1295 1108 1365 exigit
1131 1334 1145 1357 ,
1187 1293 1431 1349 sentiatis
1453 1332 1469 1357 ,
1496 1303 1668 1360 neque
1694 1302 1880 1345 errore

292 1387 432 1457 vulgi
462 1386 796 1442 abducamini
823 1429 838 1454 ,
861 1387 953 1442 sed
975 1387 1097 1457 quid
1121 1399 1311 1442 servus
1335 1385 1405 1440 sit
1428 1382 1681 1438 noveritis
1706 1421 1721 1446 ,
1751 1379 1878 1451 quid

293 1491 518 1548 pauper,
546 1477 673 1548 quid
704 1477 986 1546 ignobilis,
1017 1475 1144 1546 quid
1175 1476 1396 1538 beatus,
1427 1473 1552 1543 quid
1587 1472 1794 1526 vitium.
1819 1470 1879 1526 Si

295 1569 442 1624 enim
468 1569 565 1623 ista
591 1568 883 1638 dijudicare
907 1567 1200 1623 didiceritis
1219 1607 1234 1631 ,
1266 1565 1410 1622 nulla
1431 1580 1526 1620 vos
1549 1562 1881 1636 perturbatio

295 1661 571 1732 percellet.
601 1660 704 1716 Sed
733 1676 799 1716 nc
823 1659 962 1731 quod
992 1660 1165 1714 obiter
1189 1659 1392 1715 dictum
1421 1667 1504 1714 est
1539 1657 1764 1727 amplius
1792 1657 1883 1709 ﬁat

295 1769 362 1810 eo
380 1794 396 1822 ,
422 1753 491 1810 de
513 1770 618 1823 quo
641 1755 834 1825 agitur,
859 1764 914 1808 et
933 1754 1227 1808 orationem
1255 1753 1363 1807 alio
1392 1751 1672 1813 traducat,
1702 1747 1770 1803 ab
1797 1763 1886 1802 ar-

295 1855 552 1916 gumento
588 1860 692 1898 non
719 1844 1078 1900 discedamus.
1107 1843 1203 1898 llic
1234 1843 1392 1913 igitur
1407 1841 1562 1896 dives
1584 1882 1600 1907 ,
1635 1839 1884 1908 deinceps

296 1950 425 1990 Vt‘l‘O
453 1951 652 2005 panper
679 1953 694 1990 :
722 1936 830 1990 imo
873 1950 1002 1991 vero
1033 1943 1142 1990 tum
1183 1949 1303 1990 cum
1329 1933 1520 2004 opibus
1545 1929 1883 1995 abundabat,

298 2041 500 2096 pauper
523 2034 659 2082 erat.
690 2027 826 2096 Quid
855 2028 996 2082 enim
1024 2027 1242 2096 prodest
1271 2025 1494 2093 homini,
1523 2025 1567 2080 si
1589 2025 1762 2080 aliena
1792 2023 1889 2077 hac

299 2118 441 2184 beat,
469 2127 523 2174 et
547 2133 640 2173 sua
670 2135 774 2172 non
803 2117 1036 2174 habeat?

371 2208 667 2278 Depositum
691 2220 808 2264 sunt
836 2210 1042 2264 divitiis.
1075 2239 1146 2250 -—-
1183 2209 1319 2278 Quid
1366 2207 1581 2278 prodest
1609 2205 1811 2262 homini
1842 2206 1888 2260 si

299 2299 553 2370 pecunias
595 2299 902 2371 possideat,
953 2301 1202 2355 virtutem
1251 2316 1379 2355 vero
1425 2316 1528 2354 non
1575 2299 1888 2370 possideat?

297 2392 408 2445 Cur
435 2406 495 2446 ea
521 2406 639 2460 qua:
664 2400 790 2445 sunt
819 2391 1042 2446 aliorum
1061 2391 1280 2461 accipis,
1307 2400 1362 2446 et
1401 2400 1486 2445 tua
1517 2390 1730 2460 perdis?
1772 2389 1889 2444 Vil-

300 2480 429 2546 lam,
459 2481 648 2550 inquit,
681 2480 908 2535 fertilem
931 2482 1132 2537 habeo:
1160 2481 1285 2552 quid
1311 2491 1393 2536 est
1421 2481 1560 2535 hoc?
1580 2490 1630 2534 at
1656 2481 1888 2534 animam

303 2570 530 2624 fertilem
563 2585 668 2624 non
701 2570 902 2626 habes:
933 2570 1104 2626 habeo
1145 2571 1406 2642 mancipia
1428 2611 1442 2634 ,
1498 2571 1593 2626 sed
1639 2572 1889 2626 virtutem

302 2678 408 2718 non
433 2664 638 2720 habes:
668 2664 837 2719 habeo
867 2664 1195 2731 indumenta,
1226 2665 1318 2720 sed
1348 2665 1596 2734 pietatem
1627 2679 1730 2719 non
1763 2680 1888 2733 pos-

301 2754 446 2810 sides
477 2772 490 2806 :
520 2754 659 2824 quod
681 2755 900 2810 alterius
925 2765 1008 2810 est
1051 2755 1213 2810 habes
1237 2795 1252 2824 ,
1283 2764 1372 2810 tua
1409 2754 1536 2810 vero
1566 2771 1674 2809 non
1705 2755 1889 2810 habes.

304 2845 360 2899 Si
399 2845 519 2914 quis
545 2845 851 2914 depositum
900 2846 992 2902 tibi
1037 2847 1352 2910 tradiderit,
1405 2862 1532 2900 num
1581 2855 1633 2902 te
1673 2847 1891 2901 divitem

302 2947 521 3003 possum
577 2936 809 2990 vocare?
859 2936 1099 2992 Minime.
1149 2936 1366 3004 Quare?
1417 2936 1572 3004 Quod
1619 2938 1892 3006 possideas

303 3026 498 3082 aliena.
524 3027 636 3083 Hoc
664 3028 806 3082 enim
833 3037 916 3084 est
942 3028 1242 3099 depositum
1269 3047 1282 3083 :
1311 3038 1468 3101 atque
1497 3030 1697 3084 utinam
1724 3031 1894 3101 depo-

304 3119 464 3173 situm
495 3127 697 3174 tantum
723 3129 899 3189 esset,
932 3137 1104 3192 neque
1128 3123 1366 3178 accessio
1403 3122 1496 3176 tibi
1522 3123 1770 3194 supplicii
1797 3125 1892 3179 fie-

304 3218 406 3264 ret.
461 3209 594 3266 Cum
641 3211 863 3268 vidisset
899 3227 1027 3282 ergo
1068 3213 1326 3269 Lazarum
1351 3213 1506 3270 dives
1528 3257 1544 3281 ,
1585 3218 1660 3270 ait
1689 3234 1703 3270 :
1739 3214 1897 3270 Pater

306 3300 584 3363 Abraham.
616 3303 850 3356 miserere
883 3303 979 3357 mei
1009 3302 1161 3373 (Luc.
1193 3305 1281 3360 16.
1309 3303 1425 3376 24).
1480 3305 1736 3376 Pauperis
1772 3317 1896 3361 sunt

308 3391 424 3447 huic
453 3392 611 3447 verba
629 3434 645 3459 ,
675 3393 904 3448 mendici
927 3435 943 3460 ,
968 3394 1142 3464 egeni.
1195 3393 1354 3449 Pater
1378 3395 1634 3449 Abraham
1662 3398 1897 3452 miserere

307 3485 425 3537 mei.
452 3483 592 3551 Quid
624 3485 737 3539 vis?
779 3484 926 3539 Mitte
949 3483 1221 3540 Lazarum.
1250 3486 1418 3554 Quem
1446 3487 1640 3544 millies
1673 3499 1894 3557 prteter-

308 3574 450 3640 iisti,
475 3590 634 3644 quem
673 3590 741 3630 ne
770 3576 951 3632 videre
975 3576 1187 3646 quidem
1213 3578 1444 3647 voluisti,
1470 3578 1613 3635 hunc
1637 3580 1728 3634 tibi
1755 3596 1898 3636 nunc

308 3665 375 3718 ad
403 3665 630 3720 salutem
659 3666 794 3720 mitti
825 3668 1098 3737 postulas?
1129 3668 1277 3723 Mitte
1307 3668 1583 3725 Lazarum.
1631 3671 1729 3726 Ubi
1769 3687 1898 3726 vero

309 3772 453 3812 nunc
483 3758 818 3827 pocillatorcs
845 3759 958 3814 tui?
985 3761 1071 3815 ubi
1099 3769 1307 3833 tapetes
1329 3803 1346 3828 ,
1390 3763 1477 3818 ubi
1508 3765 1770 3833 parasiti?
1808 3766 1896 3820 ubi

310 3851 710 3906 assentatores?
751 3851 842 3906 ubi
883 3851 1089 3907 fastus?
1139 3854 1227 3908 ubi
1272 3855 1567 3925 superbia?
1598 3857 1683 3910 ubi
1713 3857 1895 3910 defos-

310 3955 428 3996 sum
457 3941 686 3997 aurum?
717 3942 800 3997 ubi
837 3957 864 3996 a
899 3943 1056 3998 tineis
1081 3959 1238 3999 exesa
1268 3945 1626 4000 vestimenta?
1675 3947 1762 4001 ubi
1804 3961 1896 4001 ar-

311 4044 527 4103 gentum
561 4033 702 4105 quod
730 4050 758 4088 a
796 4043 848 4089 te
875 4035 1154 4090 colebatur
1173 4037 1198 4089 ?
1241 4035 1329 4090 ubi
1363 4051 1586 4106 magnus
1611 4048 1898 4107 apparatus

311 4132 368 4181 et
393 4125 687 4196 voluptaria
734 4127 884 4182 vita?
939 4127 1088 4182 Folia
1114 4137 1301 4195 erant,
1346 4128 1567 4184 advenit
1596 4129 1800 4201 hyems,
1846 4140 1900 4184 et

311 4218 582 4274 exsiccata
619 4227 744 4274 sunt
789 4220 966 4274 omnia
1014 4238 1028 4274 :
1069 4220 1336 4275 somnium
1382 4229 1572 4286 erant;
1625 4229 1681 4274 ut
1722 4229 1896 4274 autem

313 4309 430 4364 dics
450 4310 641 4375 illuxit,
666 4310 925 4366 abscessit
943 4313 1208 4367 somnium
1239 4328 1252 4364 :
1277 4312 1466 4367 umbra
1490 4322 1674 4377 erant;
1705 4315 1900 4367 veritas

313 4401 478 4466 venit,
507 4408 562 4455 et
585 4402 778 4456 umbra
795 4404 1067 4471 praeteriit.
1100 4403 1246 4457 Mitte
1270 4403 1542 4458 Lazarum.

383 4490 490 4546 Cur
508 4491 766 4546 Abraham
791 4493 1105 4563 potissimum
1127 4495 1303 4548 viderit
1321 4495 1551 4550 dives.—
1570 4495 1748 4561 Quare
1773 4512 1902 4551 vero

315 4585 518 4642 nullum
545 4585 707 4640 alium
731 4587 932 4657 justum
960 4587 1121 4650 videt,
1158 4603 1265 4642 non
1292 4587 1423 4654 Noe,
1453 4604 1558 4644 non
1583 4589 1768 4654 Jacoh,
1796 4605 1901 4644 non

319 4678 451 4745 Lot,
483 4693 588 4734 non
622 4679 769 4736 Isaac
791 4721 806 4745 ,
837 4680 931 4734 sed
959 4679 1264 4745 Abraham;
1316 4681 1441 4750 quid
1483 4681 1592 4735 ita?
1639 4682 1900 4748 Quoniam

319 4769 598 4839 hospitalis
624 4781 741 4824 erat
765 4769 1068 4837 Abraham,
1112 4779 1167 4826 et
1212 4772 1264 4826 in
1307 4786 1463 4826 suum
1505 4773 1900 4837 tabernaculum

321 4862 548 4916 viatores
573 4862 915 4932 perlrahebat
936 4881 950 4917 :
973 4864 1151 4933 itaque
1177 4865 1332 4934 hujus
1359 4864 1759 4919 inbumanitalis
1787 4880 1905 4918 ma-

316 4956 403 5028 jor
445 4957 743 5011 accusatrix
789 4956 1019 5010 efficitur
1058 4957 1200 5013 illius
1228 4957 1583 5028 hospitalitas.
1627 4956 1773 5010 Mitte
1797 4955 1903 5010 La.-

319 5063 514 5101 sarum.
547 5046 675 5103 Haec
698 5046 973 5102 audientes
1001 5047 1302 5114 timeamus,
1329 5048 1688 5114 dilectissimi,
1714 5063 1782 5103 ne
1807 5062 1906 5104 nos

318 5153 529 5209 quoque
554 5153 816 5209 pauperes
839 5138 1133 5206 videamus,
1165 5149 1218 5195 et
1244 5150 1623 5211 prmtereamus
1651 5158 1663 5194 :
1693 5153 1761 5196 ne
1786 5141 1907 5196 loco

321 5232 504 5286 Lazari
531 5232 684 5286 multi
711 5242 835 5288 tunc
859 5233 1024 5288 nostri
1056 5233 1183 5288 fiant
1221 5245 1581 5290 accusatores.
1631 5233 1778 5289 Mitte
1799 5233 1906 5288 La-

323 5339 495 5378 sarum
513 5363 529 5389 ,
555 5333 610 5378 ut
638 5341 751 5378 cum
776 5325 1034 5379 intinxerit
1061 5337 1336 5380 extremum
1357 5327 1502 5398 digiti
1525 5327 1603 5381 sui
1623 5328 1676 5380 in
1699 5343 1904 5397 aquam,

322 5415 531 5486 instillat
555 5416 746 5487 lingua:
773 5433 917 5484 mere,
945 5417 1066 5488 quia
1092 5419 1314 5488 ﬂammis
1340 5433 1460 5473 uror
1485 5417 1638 5488 (Luc.
1669 5418 1756 5474 16.
1786 5418 1904 5490 24).

322 5510 433 5576 Qua
490 5509 632 5564 enim
690 5525 939 5566 mensura
994 5500 1328 5577 meticmini,
1386 5512 1702 5566 remetictur
1755 5510 1908 5568 vobis

325 5597 538 5668 (.llattlt.
567 5600 621 5656 7.
648 5601 707 5672 2)
745 5620 759 5657 :
791 5617 896 5656 non
926 5602 1302 5672 impartituses
1336 5603 1521 5671 micas,
1554 5618 1727 5672 neque
1751 5604 1908 5660 stilla:

325 5691 598 5776 particeps
625 5697 760 5754 eris.
800 5692 947 5752 Mitte
970 5693 1228 5752 Lazarum
1253 5737 1266 5762 ,
1298 5703 1355 5751 ut
1379 5703 1620 5754 extremo
1639 5695 1805 5768 digito
1827 5695 1909 5753 in-

1019 259 1075 318 S.
1112 254 1392 315 JOANNIS
1428 251 1900 311 CIIRYSOSTOMI
1936 251 2253 310 ARCUIEP.
2293 250 2826 310 CONSTANTISOP.

3429 252 3565 313 1040

1975 368 2143 432 stillet
2179 367 2376 438 linguae
2418 381 2592 432 mem,
2624 367 2748 438 quia
2791 364 3020 421 ﬂammis
3061 377 3210 421 uror.
3260 359 3398 432 Quid
3435 377 3559 415 vero

1973 459 2244 516 Abraham
2268 460 2334 514 ad
2367 457 2514 512 illum
2538 458 2562 512 ?
2583 457 2964 529 Fili,rerepisti
2983 456 3116 512 bona
3141 467 3229 511 tua
3251 456 3304 510 in
3331 454 3433 509 vita
3458 463 3559 516 tua,

1973 561 2021 607 et
2044 550 2275 606 Lazarus
2302 551 2533 605 similiter
2553 550 2688 604 uiola
2717 566 2814 604 sua
2838 566 2858 612 ;
2883 559 2933 605 et
2952 565 3088 603 nunc
3111 548 3206 602 iste
3223 547 3305 601 hic
3332 545 3562 600 consola-

1975 653 2090 710 tur,
2134 654 2188 697 tu
2213 659 2330 698 vero
2363 644 2605 698 cruciaris
2635 641 2792 713 (Luc.
2827 640 2916 696 l6.
2944 636 3060 714 25).
3105 639 3313 696 Rursus
3343 637 3428 692 hic
3460 650 3563 689 non

1976 736 2149 802 dixit,
2188 735 2410 805 cepisti,
2451 735 2544 789 sed
2584 734 2832 804 recepisti
2866 749 2880 786 :
2909 731 3136 788 multum
3176 728 3335 785 aﬂ'ert
3373 726 3563 782 discriv

1978 828 2138 883 minis
2162 827 2360 882 additio
2391 827 2802 898 prmpositionis.
2845 824 2998 894 Quod
3033 823 3178 881 enim
3202 834 3446 893 persaepe
3472 833 3569 874 ca-

1978 922 2120 977 ritati
2151 930 2343 976 vostrae
2372 922 2478 976 dixi
2505 963 2521 987 ,
2551 921 2632 976 vel
2661 921 2823 976 etiam
2865 918 3192 990 syllabarum
3241 923 3575 972 scrutatores

1979 1028 2100 1069 esse
2123 1014 2380 1069 debemus
2403 1032 2416 1077 ;
2465 1012 2777 1068 Scrutamini
2817 1011 2951 1065 enim
2978 1008 3276 1078 Scripturas
3302 1003 3487 1078 (Joan.
3511 1001 3570 1057 5.

1981 1104 2072 1176 59)
2095 1147 2110 1171 ,
2142 1106 2346 1174 inquit:
2380 1119 2502 1158 nam
2531 1104 2636 1157 iota
2669 1117 2830 1156 lltltlm
2869 1109 2962 1154 aut
2985 1114 3120 1168 apex
3146 1111 3282 1152 unus
3322 1105 3574 1165 saepenu-

1983 1215 2132 1253 mero
2157 1213 2370 1252 sensum
2403 1197 2620 1251 excitat.
2653 1194 2723 1250 Ut
2744 1203 2921 1248 autem
2945 1190 3209 1259 intelligas
3228 1188 3387 1244 etiam
3409 1183 3580 1238 unius

1984 1289 2233 1346 clementi
2260 1288 2582 1342 additionem
2615 1302 2832 1342 sensum
2863 1285 3096 1350 efﬁcere,
3126 1281 3214 1336 hic
3249 1281 3365 1352 ipse
3394 1277 3572 1332 Abra-

1985 1381 2108 1435 ham
2144 1378 2442 1451 patriarcba
2472 1379 2617 1448 prius
2660 1377 2857 1432 Abram
2896 1373 3209 1437 dicebatur,
3257 1370 3412 1440 eique
3440 1365 3580 1421 dixit

1985 1472 2127 1526 Deus
2158 1488 2174 1524 :
2203 1487 2308 1526 non
2356 1470 2458 1525 erit
2487 1485 2679 1524 nomen
2726 1479 2874 1521 tuum
2906 1465 3141 1526 Abram,
3184 1460 3278 1517 scd
3308 1455 3578 1514 Abraham

1991 1561 2140 1634 (Gen.
2174 1562 2260 1616 17.
2294 1561 2352 1631 5)
2383 1578 2396 1613 :
2427 1559 2632 1613 addidit
2671 1574 2740 1623 a,
2779 1565 2834 1612 et
2860 1566 3066 1627 patrem
3093 1553 3241 1607 illum
3281 1547 3574 1603 mimarum

1985 1654 2220 1723 gentium
2254 1651 2504 1706 reddidit.
2554 1649 2694 1703 Ecce
2727 1647 2886 1716 igitur
2912 1646 3070 1699 unius
3100 1639 3347 1698 elementi
3375 1636 3580 1691 additio

1990 1746 2208 1799 multum
2237 1745 2538 1814 prosapiam
2579 1741 2849 1796 iudicavit.
2895 1737 3011 1792 Noli
3043 1751 3170 1806 ergo
3199 1733 3324 1788 talia
3371 1740 3582 1786 temere

1989 1838 2261 1910 prseterirc
2288 1854 2302 1891 :
2339 1852 2446 1890 non
2476 1835 2617 1889 enim
2644 1832 2808 1894 dixit,
2835 1829 3020 1898 cupisti
3049 1828 3184 1882 bona
3217 1835 3303 1878 tua
3323 1864 3339 1889 ,
3367 1819 3466 1876 sed
3492 1834 3583 1874 re-

1988 1907 2174 2000 cepisti
2210 1945 2223 1981 :
2266 1927 2357 1998 qui
2412 1942 2544 1981 vero
2589 1923 2813 1993 recipit,
2863 1921 3041 1976 debita
3085 1915 3320 1985 recipit:
3360 1907 3586 1967 attende

1991 2020 2131 2091 quod
2179 2020 2332 2083 dico;
2377 2017 2519 2073 aliud
2562 2017 2704 2072 enim
2737 2022 2819 2069 est
2844 2027 3037 2081 capere
3060 2051 3075 2075 ,
3112 2006 3255 2064 aliud
3285 2003 3535 2075 recipere
3565 2019 3583 2056 :

1992 2129 2113 2167 nam
2136 2111 2322 2180 recipit
2347 2112 2466 2180 quis
2497 2123 2581 2174 ea,
2610 2123 2729 2176 qua:
2756 2104 3019 2166 habebat;
3050 2100 3192 2170 capit
3207 2105 3383 2152 autem
3411 2108 3586 2164 saepe,

1992 2221 2110 2274 qua:
2140 2219 2242 2256 non
2275 2201 2600 2272 possidebat.
2651 2195 2902 2265 Recepisti
2935 2194 3065 2247 bona
3093 2202 3215 2256 tua,
3260 2198 3305 2244 et
3348 2185 3586 2240 Lazarus

1993 2297 2127 2349 mala
2156 2311 2270 2348 sua.
2303 2292 2442 2347 Ecce
2467 2300 2521 2346 et
2547 2290 2696 2344 dives
2726 2288 2863 2342 bona
2890 2300 2985 2339 sua
3018 2282 3246 2352 recepit,
3270 2288 3326 2334 et
3350 2278 3590 2332 Lazarus

1994 2389 2131 2442 mala
2161 2401 2276 2441 sua.
2325 2385 2449 2439 ltec
2475 2394 2651 2437 autem
2673 2396 2701 2434 a
2731 2395 2815 2434 mc
2841 2379 2980 2432 dicta
3005 2385 3131 2430 sunt
3161 2373 3336 2428 omnia
3365 2378 3593 2441 propter

1995 2495 2087 2534 eos
2112 2521 2125 2542 ,
2153 2478 2243 2548 qui
2274 2477 2563 2547 puniuntur
2583 2474 2668 2528 hic
2696 2483 2751 2527 et
2781 2488 2883 2525 non
2924 2469 3054 2534 illic,
3099 2475 3318 2538 propter
3357 2477 3457 2519 eos
3496 2460 3592 2532 qui

1995 2573 2151 2642 genio
2175 2571 2258 2624 hic
2286 2569 2580 2638 indulgent,
2612 2577 2666 2621 et
2698 2566 2805 2620 illic
2833 2565 3138 2632 puniuntur.
3167 2555 3399 2612 Attende
3427 2554 3595 2625 igitur

1995 2664 2060 2716 ad
2087 2679 2148 2716 ea
2179 2676 2298 2731 quae
2336 2659 2458 2715 dico
2483 2679 2495 2713 :
2533 2657 2784 2728 Recepisti
2806 2657 2938 2710 bona
2968 2664 3053 2708 tua
3076 2693 3093 2718 ,
3121 2661 3167 2706 et
3196 2649 3426 2704 Lams
3451 2645 3594 2701 mala

1996 2771 2108 2817 sua,
2138 2770 2256 2822 qua:
2283 2751 2541 2806 solvenda
2567 2758 2742 2817 erant,
2771 2763 2892 2817 qua:
2920 2743 3275 2801 debebantur.
3311 2737 3594 2794 Attendite

1995 2846 2274 2917 quatstioui
2306 2864 2318 2899 :
2351 2844 2419 2898 ad
2467 2844 2640 2897 locum
2671 2841 2813 2896 enim
2844 2852 3005 2909 pergo
3031 2853 3045 2902 ;
3077 2836 3194 2889 sine
3214 2875 3230 2899 ,
3260 2833 3420 2888 telam
3461 2844 3594 2900 per-

1999 2949 2206 2993 texam.
2251 2939 2319 2990 At
2362 2936 2502 2991 enim
2531 2935 2695 2988 nolite
2723 2932 2775 2986 in
2804 2929 3024 2985 exordio
3053 2926 3288 2992 turbari,
3327 2922 3423 2978 sed
3467 2935 3596 2978 eum

1999 3032 2102 3085 tale
2132 3030 2255 3098 quid
2295 3030 2482 3083 dixero
2506 3070 2522 3094 ,
2565 3028 2883 3082 solutionem
2914 3029 3222 3092 exspectate
3247 3037 3261 3071 :
3292 3015 3418 3073 volo
3441 3016 3596 3072 enim

1998 3135 2180 3180 acutos
2210 3133 2261 3179 et
2292 3125 2624 3194 perspicaces
2656 3136 2749 3174 vos
2780 3119 3025 3184 reddere,
3061 3129 3235 3186 neque
3259 3113 3448 3170 leviter
3468 3120 3599 3167 tan-

1999 3225 2111 3270 tum
2141 3231 2428 3280 exercere,
2469 3213 2563 3269 sed
2609 3214 2663 3268 in
2703 3213 3000 3266 divinarum
3038 3209 3432 3278 Scripturarum
3459 3219 3598 3276 pro-

2001 3308 2220 3362 fundum
2260 3306 2528 3361 dimittere
2553 3347 2566 3368 ,
2622 3303 2940 3374 profundum
2968 3344 2981 3366 ,
3025 3301 3078 3355 in
3121 3314 3227 3371 quo
3263 3296 3410 3352 nulla
3437 3295 3603 3352 sevit

2001 3405 2288 3467 tempestas
2312 3439 2326 3462 ,
2375 3395 2697 3466 profundum
2747 3393 3128 3463 tranquillitate
3169 3389 3332 3444 maris
3371 3386 3549 3443 tutius
3581 3403 3599 3440 :

2000 3497 2198 3558 quanto
2219 3489 2376 3557 igitur
2403 3487 2632 3556 amplius
2652 3483 2993 3540 descenderis
3019 3523 3033 3548 ,
3065 3480 3320 3551 majorem
3351 3478 3604 3534 invenies

2001 3581 2360 3636 securitatem.
2400 3578 2516 3632 Non
2548 3578 2689 3632 enim
2729 3576 2817 3631 hic
2849 3585 2930 3630 est
2975 3573 3307 3629 inordinatus
3330 3584 3604 3641 aquarum

2003 3675 2265 3744 impetus,
2312 3672 2405 3727 sed
2440 3672 2680 3726 ordinata
2712 3669 2992 3740 dispositio
3027 3666 3438 3722 sententiarum.
3481 3663 3603 3720 Re-
3639 3651 3644 3658 ’

2003 3765 2182 3834 cepisti
2218 3763 2350 3816 bona
2391 3772 2509 3828 tua,
2558 3772 2604 3816 et
2635 3760 2860 3814 Lazarus
2903 3759 3042 3812 mala
3077 3774 3170 3811 sua
3197 3772 3217 3811 :
3245 3766 3293 3811 et
3335 3770 3474 3809 nunc
3513 3754 3606 3808 hic

2003 3857 2313 3924 consolatur,
2345 3867 2394 3910 tu
2423 3871 2536 3909 vero
2562 3855 2822 3908 cruciaris.
2854 3853 3038 3922 Magna
3067 3859 3148 3905 est
3174 3848 3404 3920 quaestio
3435 3861 3454 3901 :
3479 3845 3605 3902 dixi

2002 3964 2122 4004 eum
2171 3949 2260 4017 qui
2300 3948 2528 4017 recipit,
2570 3961 2632 4002 ea
2668 3962 2784 4015 que
2828 3944 3005 3999 debita
3048 3950 3200 3996 erant
3235 3939 3480 4009 recipere
3511 3938 3606 3993 :si

2002 4055 2129 4109 ergo
2151 4039 2323 4108 justus
2350 4038 2444 4091 fuit
2472 4037 2724 4102 Lazarus,
2757 4045 2810 4089 ut
2846 4035 3094 4088 nimirum
3126 4030 3245 4096 fuit,
3276 4038 3332 4085 el
3360 4027 3609 4085 Abrahae

2003 4131 2153 4186 sinus
2180 4131 2450 4196 indicavit,
2473 4145 2691 4193 corona,
2715 4128 2956 4198 praemia,
2981 4124 3337 4196 refrigerium,
3357 4121 3610 4178 delecta-

2005 4225 2114 4287 tio,
2149 4223 2426 4278 tolerantia
2451 4264 2464 4286 ,
2498 4219 2793 4290 patientia;
2837 4220 2936 4272 iste
2961 4231 3092 4272 vero
3118 4224 3406 4286 peccator,
3437 4211 3612 4282 plane

2005 4317 2279 4385 improbus
2305 4325 2356 4369 et
2395 4315 2717 4368 inhumanus
2740 4353 2756 4379 ,
2784 4310 2988 4366 deliciis
3017 4318 3071 4364 et
3100 4306 3343 4364 ebrietati
3369 4319 3611 4372 vetans,

2004 4408 2298 4480 Sybaritica
2348 4422 2531 4462 mensa
2585 4404 2903 4475 perfruens,
2949 4416 3068 4456 cum
3100 4400 3152 4455 in
3193 4407 3340 4454 tanta
3381 4397 3615 4452 lascivia

2007 4499 2320 4568 luxuriaque
2366 4504 2713 4551 versaretur:
2745 4511 2841 4549 cur
2881 4493 2956 4547 ait
2994 4491 3104 4556 illi,
3146 4489 3269 4562 quia
3309 4486 3619 4557 recepisti?

2008 4591 2144 4646 Num
2175 4592 2316 4644 enim
2349 4590 2422 4643 illi
2454 4588 2750 4643 debebatur
2774 4585 3044 4656 quidpiam
3087 4581 3290 4637 homini
3318 4579 3619 4649 opulento.

2011 4684 2211 4738 homini
2241 4681 2462 4752 prodigo
2484 4692 2539 4735 ct
2569 4679 2901 4734 inhumano?
2929 4675 3068 4745 Quid
3088 4675 3230 4730 enim
3258 4673 3331 4728 illi
3357 4670 3622 4728 debeba-

2011 4775 2133 4829 tur?
2162 4773 2268 4829 Cur
2299 4790 2402 4827 non
2430 4773 2582 4834 dixit,
2608 4771 2817 4841 cepisti,
2849 4770 2942 4825 sed
2971 4766 3254 4838 recepisti?

2081 4868 2136 4921 9.
2165 4865 2292 4932 Qua:
2325 4865 2453 4918 bona
2481 4863 2618 4917 dives
2646 4861 2904 4931 receperit.
2931 4889 3004 4900 —
3034 4856 3271 4915 Attende
3295 4855 3446 4928 quod
3467 4855 3622 4912 diei-

2011 4973 2128 5011 nms
2159 4974 2171 5009 :
2196 4956 2523 5011 debebantur
2539 4955 2612 5009 illi
2633 4966 2825 5024 pmnzc,
2851 4950 3184 5006 debebantur
3212 4947 3285 5004 illi
3306 4947 3618 5019 supplicia,

2010 5050 2340 5105 debebantur
2369 5049 2441 5103 illi
2469 5047 2705 5103 dolores.
2758 5045 2866 5100 Cur
2906 5059 3013 5100 non
3057 5042 3222 5108 dixit,
3263 5040 3352 5096 illa
3390 5040 3628 5112 cupidi,

2011 5143 2105 5200 sed
2135 5141 2380 5213 recepisti
2409 5141 2543 5196 bona
2574 5140 2663 5196 illa
2695 5147 2804 5204 tua,
2834 5137 2994 5192 vitam
3020 5135 3164 5191 illam
3193 5134 3274 5191 sic
3301 5132 3608 5206 appellam

2011 5246 2064 5292 et
2092 5235 2323 5290 Lazarus
2362 5233 2499 5288 mala
2529 5231 2666 5286 sua?
2714 5229 2820 5287 Sed
2847 5227 3065 5284 attende
3083 5227 3360 5289 animum;
3387 5225 3448 5284 ill
3471 5226 3630 5284 Illae

2012 5328 2153 5384 enim
2181 5341 2475 5398 gravesque
2504 5323 2794 5379 sententias
2821 5319 3144 5379 delabimur.
3182 5316 3482 5374 Hominum
3529 5317 3631 5390 qui

2015 5434 2157 5475 nunc
2183 5420 2382 5487 degunt
2400 5416 2639 5471 omnium
2664 5414 2751 5469 alii
2773 5413 2990 5484 quidem
3015 5421 3324 5481 peccatores
3341 5417 3502 5472 sunt,
3530 5408 3631 5465 alii

2015 5527 2143 5567 vero
2177 5510 2305 5580 justi
2337 5526 2352 5562 :
2384 5507 2750 5562 animadverte
2780 5505 2940 5574 igitur
2966 5502 3129 5558 etiam
3168 5516 3222 5555 tn
3260 5499 3425 5570 justis
3450 5498 3634 5555 dilic-

2016 5603 2240 5659 rentiam
2276 5619 2289 5654 :
2322 5599 2456 5654 alius
2477 5599 2656 5669 justus
2680 5604 2763 5652 est
2785 5636 2802 5664 ,
2842 5595 2980 5650 alius
3004 5594 3174 5664 magis
3209 5592 3392 5664 justus
3413 5633 3431 5658 ,
3470 5591 3635 5646 alii:

2017 5693 2336 5762 sublimior,
2383 5691 2518 5748 alius
2569 5687 2773 5762 major;
2827 5697 2881 5744 et
2932 5685 3386 5759 quemadmodum
3442 5685 3633 5742 διεξίω
