3860 6224
368 314 498 371 1041

365 426 596 498 ἀστέρες
616 424 723 478 είσὶ
747 423 935 477 πολλοὶ
970 423 1065 478 καὶ
1091 423 1241 494 ἣλιος
1278 425 1370 476 καὶ
1402 423 1621 491 σελήνη,
1661 419 1806 473 οὕτω
1831 418 1925 472 καὶ

364 511 593 582 διαφορά
613 508 853 563 δικαίων.
881 509 1074 575 Ἄλλη
1101 507 1210 576 γὰρ
1229 507 1376 567 δόξα
1402 506 1601 572 ἡλίου.
1639 504 1737 557 καὶ
1764 503 1925 570 ἄλλη

365 593 656 662 σελήνης,
714 592 810 645 καί
852 591 1010 658 ἄλλη
1060 588 1210 655 δόξα
1257 590 1546 658 ἀστέρων.
1573 590 1655 643 T6
1685 588 1784 659 μὲν
1816 587 1927 656 γάρ

363 676 608 746 διαφέρει
636 678 694 729 ἐν
721 675 868 747 δόξῃ.
898 674 969 728 τὰ
986 674 1043 727 δὲ
1064 673 1402 728 ἐλαττοῦται·
1427 673 1522 726 καὶ
1541 671 1791 741 καθάπερ
1817 670 1926 723 είσὶ

367 756 594 828 σώματα
623 757 950 828 ἐπουράνιας
978 754 1122 810 οὕτω
1163 756 1257 810 καὶ
1287 756 1514 826 σώματα
1552 755 1769 823 ἐπίγεια
1787 769 1801 783 ⁸
1832 753 1926 806 καὶ

363 839 552 911 ὥσπερ
586 843 644 894 ἐν
673 842 787 903 τοῖς
815 838 1062 908 σώμασιν
1103 841 1132 892 6
1176 839 1273 909 μὲν
1307 839 1523 905 ἔλαφος,
1559 836 1662 891 όδέ
1691 836 1866 899 κύων,
1895 835 1926 888 6

361 922 421 977 δέ
443 923 600 987 λέων,
621 925 651 976 6
677 922 734 974 6t
765 921 894 976 ἀλλο
925 921 1142 994 θηρίον,
1173 924 1203 976 6
1251 922 1308 975 δὲ
1355 923 1542 985 ἀσπὶς,
1568 921 1598 974 6
1633 919 1690 974 δὲ
1715 917 1843 974 ἀλλο
1872 934 1924 971 τι

359 1002 471 1057 τῶν
497 1004 776 1057 τοιούτων⁶
809 1003 952 1058 οῦτω
996 1005 1091 1058 καὶ
1123 1006 1181 1059 ἐν
1208 1008 1320 1068 τοῖς
1351 1005 1711 1075 ἁμαρτήμασι
1737 1000 1925 1069 διαφο-

364 1087 476 1156 ραί.
513 1087 632 1140 Τῶν
666 1085 968 1158 ἀνθρώπων
1003 1087 1182 1141 τοίνυν
1201 1088 1251 1141 οἱ
1285 1087 1384 1159 μὲν
1405 1088 1510 1140 είσὶ
1538 1086 1753 1148 δίκαιοι,
1785 1083 1835 1138 οί
1866 1081 1924 1136 δέ

361 1170 694 1242 ἁμαρτωλοί·
717 1169 854 1225 ἀλλά
880 1171 973 1224 καὶ
1000 1171 1060 1222 ἐν
1080 1172 1192 1234 τοῖς
1216 1170 1448 1234 δικαίοις
1476 1168 1642 1240 πολλὴ
1671 1166 1922 1238 διαφορὰ,

360 1253 456 1306 καί⁵
483 1253 541 1306 ἐν
571 1254 683 1313 τοῖς
721 1251 1064 1322 ἁμαρτωλοῖς
1110 1251 1281 1323 πολλὴ
1331 1253 1422 1307 καὶ
1479 1253 1722 1322 ἄπειρος.
1763 1249 1924 1304 Ἀλλά

360 1336 614 1406 πρόσεχεο
637 1335 700 1389 Ei
726 1335 821 1389 καὶ
839 1333 1042 1398 δίκαιος
1115 1353 1220 1399 τις,
1235 1335 1336 1390 κάν
1359 1335 1617 1406 μυριάκις
1695 1334 1920 1398 δίκαιος,

361 1419 456 1472 καὶ
489 1418 626 1488 πρὸς
679 1419 849 1490 αὐτὴν
880 1418 1054 1490 ἀναϐῇ
1090 1418 1190 1490 τὴν
1234 1418 1506 1491 κορυφὴν,
1559 1417 1700 1472 ὥστε
1747 1417 1926 1488 ἀπηλο

357 1498 553 1570 λάχθαι
582 1499 1014 1572 ἁμαρτημάτων,
1041 1501 1102 1553 o6
1139 1499 1359 1554 δύναται
1388 1500 1626 1572 καθαρὸς
1655 1495 1794 1554 εἶναι
1823 1516 1925 1568 κη-

356 1582 518 1649 λῖδος,
547 1583 650 1636 κᾶν
681 1584 939 1653 μυριάκις
1057 1584 1286 1649 δίκαιος,
1330 1584 1444 1638 ἀλλ’
1473 1582 1754 1654 ἄνθρωπός
1782 1582 1920 1636 ἐστι.

361 1666 460 1732 Τίς
486 1666 596 1734 γὰρ
622 1665 994 1734 καυχήσεται
1018 1665 1214 1734 ἁγνὴν
1238 1666 1403 1735 ἔχειν
1426 1665 1542 1733 τὴν
1562 1665 1848 1734 καρδίαν;
1881 1665 1921 1732 ἢ

355 1750 448 1816 τίς
470 1750 941 1820 παρῤησιιίσεται
979 1752 1236 1819 καθαρὸς
1261 1747 1414 1804 εἶναι
1458 1749 1574 1804 ἀπὸ
1603 1749 1921 1819 ἀμαρτίας;

355 1832 457 1886 Διά
483 1832 641 1886 τοῦτο
664 1832 997 1902 κελευόμεθα
1035 1835 1118 1896 εἰς
1160 1833 1260 1904 τήν
1304 1833 1470 1905 εὐχὴν
1501 1832 1699 1900 λέγειν’
1741 1831 1924 1900 ’Ἄφες

355 1911 501 1979 ἡμῖν
525 1912 596 1966 τὰ
650 1911 1017 1980 ὀφειλήματα
1054 1911 1241 1980 ἡμῶν,
1298 1913 1382 1965 ἵνα
1418 1914 1486 1983 τῇ
1539 1909 1797 1982 συνηθείᾳ.
1823 1909 1923 1980 τῆς

353 1994 522 2064 εὐχῆς
551 1993 981 2065 ἀναμνησθῶμεν
1010 1995 1227 2048 ἐκεῖότι
1255 1994 1541 2049 ὑπεύθυνοί
1562 1995 1728 2064 ἐσμεν
1761 1995 1838 2045 κοέ
1858 1991 1921 2046 ά-

355 2091 493 2128 σεσι.
529 2077 640 2129 Καὶ
677 2075 786 2145 γάρ
815 2075 1024 2139 Παῦλος
1055 2078 1084 2129 ὁ
1135 2077 1453 2140 ἀπόστολος,
1487 2077 1548 2130 τὸ
1600 2073 1792 2138 σκεῦος
1819 2075 1919 2146 τῆς

353 2155 605 2224 ἐκλογῆς,
637 2159 666 2212 6
697 2159 822 2222 ναὸς
846 2159 938 2213 τοῦ
961 2159 1119 2222 Θεοῦ,
1152 2161 1214 2213 τὸ
1247 2162 1422 2232 στόμα
1457 2159 1550 2214 τοῦ
1578 2157 1850 2230 Χριστοῦ,
1884 2161 1918 2231 ή

351 2238 492 2308 λύρα
519 2238 612 2292 τοῦ
636 2241 974 2312 Πνεύματος,
1009 2242 1038 2294 6
1069 2241 1390 2307 διδάσκαλος
1419 2243 1521 2312 τῆς
1561 2240 1918 2311 οἰκουμένης,

350 2322 381 2375 6
402 2322 508 2392 γῆν
537 2325 633 2375 καὶ
657 2321 930 2378 θάλασσαν
963 2323 1283 2395 περιελθὼν,
1317 2329 1346 2380 6
1383 2325 1482 2389 τάς
1521 2327 1763 2391 ἀκάνθας
1810 2325 1921 2378 τῶν

351 2404 637 2474 ἁμαρτιῶν
662 2407 1000 2473 ἀνασπάσας,
1029 2409 1058 2461 6
1088 2407 1156 2461 τὰ
1192 2408 1484 2478 σπέρματα
1513 2408 1614 2478 τῆς
1641 2409 1919 2472 εὐσεϐείας

351 2487 710 2552 καταϐαλὼν,
763 2492 792 2543 6
845 2489 1107 2560 βασιλέων
1139 2491 1540 2564 εὐπορώτερος,
1587 2492 1616 2544 6
1651 2491 1920 2545 πλουσίων

347 2569 779 2642 δυνατώτερος,ὁ
805 2572 1151 2643 στρατιωτῶν
1186 2575 1429 2644 ίσχυρότε
1439 2592 1548 2646 ρος,
1565 2576 1595 2628 6
1617 2575 1919 2644 φιλοσόφων

350 2651 807 2724 φιλοσοφώτερος,
838 2656 868 2707 6
904 2655 1147 2726 ῥητόρων
1179 2656 1640 2728 εύγλωττότερος.
1693 2659 1722 2711 6
1756 2657 1919 2728 μηδὲν
2011 2679 2020 2686 ί

349 2733 488 2804 ἔχων
508 2733 602 2786 καὶ
629 2735 806 2789 πάντα
829 2737 1181 2808 κεκτημένος,
1205 2741 1233 2791 6
1253 2739 1310 2794 tv
1329 2741 1393 2810 τῇ
1422 2741 1548 2809 σκιᾷ
1568 2739 1731 2792 αὐτοῦ
1759 2738 1920 2793 θάνα-

348 2833 440 2872 τον
485 2816 655 2881 λύων,
694 2818 724 2871 6
769 2819 827 2871 tv
879 2821 990 2882 τοῖς
1045 2821 1281 2889 ἱματίοις
1323 2822 1487 2875 αὑτοῦ
1532 2821 1601 2875 τά
1639 2822 1918 2892 νοσήματα

351 2898 686 2966 φυγαδεύων.
718 2902 746 2953 6
774 2899 834 2953 ἐν
864 2900 1106 2974 θαλάσσῃ
1148 2903 1386 2974 τρόπαια
1422 2905 1646 2974 στήσας,
1686 2907 1715 2959 6
1737 2907 1916 2976 ἁρπα-

347 2981 467 3049 γεὶς
496 2980 602 3044 ἕως
624 2981 808 3053 τρίτου
839 2983 1089 3054 οὐρανοῦ,
1122 2985 1216 3038 καὶ
1249 2986 1330 3048 είς
1381 2986 1708 3058 παράδεισον
1745 2989 1918 3041 είσελ-

347 3061 478 3127 θὼν,
515 3064 545 3116 6
569 3063 660 3117 τὸν
693 3063 926 3134 Χριστὸν
948 3064 1080 3118 Θεὸν
1099 3064 1470 3138 ἀνακηρύξας,
1502 3069 1708 3132 ἐκεῖνος
1746 3068 1914 3137 λέγει’

350 3144 543 3199 οὐδὲν
575 3145 728 3217 [787]
755 3145 989 3214 ἐμαυτῷ
1011 3147 1287 3212 σύνοιδα,
1327 3150 1464 3202 ἀλλ’
1493 3152 1604 3204 οὐκ
1640 3151 1918 3215 ἐντούτῳ

345 3225 744 3297 δεδικαίωμαι.
774 3229 833 3282 ’0
852 3228 1105 3282 τοσοῦτον
1121 3230 1217 3283 καὶ
1243 3229 1561 3301 τηλικοῦτον
1581 3233 1916 3304 κεκτημένος

345 3309 556 3382 ἀρετῶν
592 3310 828 3382 πλῆθος,
873 3311 1057 3380 λέγει·
1108 3311 1173 3368 '0
1209 3312 1278 3367 δὲ
1317 3315 1654 3384 ἀνακρίνων
1687 3331 1766 3384 με
1797 3316 1916 3370 K6-

339 3393 470 3460 ριός
490 3393 642 3448 ἐστι.

414 3475 512 3538 Τίς
542 3470 635 3529 οὖν
653 3475 983 3546 καυχήσεται
1008 3475 1178 3547 ἀγνὴν
1198 3476 1342 3548 ἔχειν
1369 3477 1468 3550 τήν
1489 3478 1716 3550 καρδίαν
1735 3498 1750 3548 ;
1777 3479 1811 3551 ἢ
1829 3479 1914 3545 τίς

344 3557 786 3635 παῤῥησιάσεται
821 3557 1060 3629 καθαρὸς
1095 3554 1234 3613 εῖναι
1271 3561 1380 3615 ἀπὸ
1407 3563 1710 3634 ἀμαρτίαςς
1746 3564 1914 3635 ’Δμή-

343 3653 502 3708 χανον
531 3637 710 3693 τοίνυν
747 3634 885 3693 εἶναι
923 3639 1209 3712 ἄνθρωπόν
1260 3659 1380 3697 τινα
1409 3634 1820 3715 ἀναμάρτητον.
1845 3647 1912 3700 Τί

343 3720 452 3791 γὰρ
486 3720 696 3790 λέγεις;
729 3722 936 3788 δίκαιός
968 3725 1148 3790 tactv;
1184 3723 1429 3796 ἐλεήμων
1463 3727 1610 3792 ὲστίς
1643 3728 1912 3796 φιλόπτω-

338 3803 440 3875 χός
466 3804 651 3870 ἐστινς
691 3805 831 3858 Ἀλλ’
858 3805 970 3877 ἔχει
1013 3825 1066 3861 τι
1102 3808 1405 3878 ἐλάττωμα⁹
1441 3809 1474 3880 ἢ
1508 3809 1716 3880 ὑϐρίζει
1749 3811 1912 3866 ἀκαί-

346 3899 474 3955 ρως,
505 3886 538 3956 ἢ
574 3887 871 3952 κενοδοξεῖ,
899 3888 932 3959 ἢ
981 3887 1108 3943 ἀλλο
1140 3907 1193 3942 τι
1227 3890 1464 3944 τοιοῦτον
1503 3894 1662 3944 ποιεῖ·
1705 3892 1765 3945 o6
1800 3895 1909 3964 γὰρ

339 3968 424 4022 δεῖ
456 3971 632 4024 πάντα
664 3971 1004 4039 καταλέγειν.
1046 3973 1104 4025 '0
1144 3972 1244 4042 μὲν
1280 3973 1545 4044 ἐλεήμων,
1577 3973 1691 4026 ἀλλ’
1717 3975 1778 4028 ού
1806 3978 1910 4028 σὼ-

341 4068 494 4123 φρων
525 4052 802 4116 πολλάκιςο
829 4055 857 4107 6
879 4054 936 4107 δέ
963 4054 1192 4125 σώφρων
1227 4055 1347 4125 μὲν,
1369 4054 1486 4108 ἀλλ’
1511 4055 1610 4110 οὐκ
1640 4056 1906 4128 ἐλεήμων·

340 4133 370 4184 6
401 4134 498 4203 μὲν
527 4135 586 4186 ἐν
618 4133 790 4206 ταύτῃ
815 4137 882 4206 τῇ
909 4136 1076 4207 ἀρετῇ
1107 4136 1451 4206 ὀνομάζεται,
1482 4137 1511 4189 6
1538 4137 1595 4190 δὲ
1618 4139 1676 4191 ἐν
1701 4140 1906 4210 ἐκείνῃ.

345 4216 526 4269 Ἔστω
556 4233 639 4278 τις
657 4217 882 4280 δίκαιοςο
933 4219 1027 4272 καὶ
1075 4218 1335 4282 πολλάκις
1384 4221 1482 4290 μὲν
1526 4221 1734 4286 δίκαιός
1758 4225 1905 4289 ἐστι,

339 4299 434 4352 καὶ
465 4298 578 4369 ἔχει
602 4300 776 4354 πάντα
793 4300 864 4354 τὰ
882 4301 1084 4370 ἀγαθὰ,
1116 4302 1210 4356 καὶ
1241 4301 1396 4372 ἐσχεν
1419 4303 1678 4358 ἀπόνοιαν
1705 4305 1792 4360 διά
1807 4306 1907 4378 τήν

339 4379 706 4451 δικαιοσύνην,
729 4383 822 4436 καὶ
854 4382 1156 4456 ἐλυμήνατο
1187 4384 1336 4455 αὐτῷ
1372 4385 1470 4457 τήν
1496 4385 1836 4459 δικαιοσύνην
1871 4393 1904 4461 ή

337 4463 584 4518 ἀπόνοια.
640 4465 696 4517 ’0
722 4461 1008 4536 Φαρισαῖος
1047 4467 1148 4520 οὐκ
1179 4463 1247 4537 ἦν
1268 4467 1497 4532 δίκαιος,
1521 4469 1796 4540 νηστεύων
1823 4471 1905 4536 δὶς

337 4543 434 4598 τοῦ
456 4547 760 4613 σαϐϐάτου;
793 4550 887 4602 καὶ
910 4549 961 4601 τί
983 4565 1175 4619 φησιν;
1207 4549 1330 4604 Οὐκ
1360 4549 1477 4618 εἰμί
1505 4551 1586 4617 ὡς
1623 4553 1677 4606 οι
1701 4555 1904 4608 λοιποί

338 4627 458 4682 τῶν
475 4629 815 4699 ἀνθρώπων,
839 4631 1100 4702 ἅρπαγες
1127 4632 1224 4687 καί
1245 4633 1618 4688 πλεονέκται.
1645 4635 1754 4688 Καὶ
1779 4636 1906 4690 πολ-

337 4709 494 4774 λάκις
511 4711 618 4765 ἀπὸ
647 4712 887 4785 καθαροῦ
920 4714 1220 4777 συνειδότος
1241 4716 1322 4778 είς
1354 4715 1612 4770 ἀπόνοιαν
1639 4712 1771 4788 ἦλθέ
1798 4737 1901 4783 τις·

337 4793 434 4846 καὶ
479 4794 615 4864 ὅπερ
663 4796 763 4849 ούκ
821 4795 1054 4866 ἔϐλαψεν
1097 4795 1260 4851 αὑτὸν
1299 4798 1333 4868 ή
1377 4797 1640 4870 ἀμαρτία,
1673 4799 1902 4872 ἔϐλαψεν

334 4876 499 4931 αὐτὸν
526 4879 558 4947 ή
590 4878 835 4931 ἀπόνοια.
867 4879 980 4932 Οὐκ
1007 4879 1121 4933 ἐστι
1159 4881 1288 4948 γοῦν
1322 4881 1604 4952 ἄνθρωπον
1629 4884 1750 4938 καθ’
1779 4885 1900 4940 ὅλου

333 4957 507 5023 οὕτως
539 4954 680 5012 εῖναι
705 4960 932 5023 δίκαιον,
951 4961 1027 5025 ὡς
1053 4961 1293 5034 καθαρὸν
1313 4959 1449 5017 εῖναι
1475 4965 1583 5018 ἀπὸ
1605 4966 1897 5038 ἁμαρτίας,

334 5041 428 5094 καὶ
451 5041 632 5106 πάλιν,
667 5042 766 5095 οὐκ
799 5043 946 5096 ἔστιν
965 5044 1247 5114 ἄνθρωπον
1273 5045 1460 5099 οὐδένα
1489 5049 1656 5102 κακὸν
1679 5046 1815 5104 εἶναι
1847 5063 1898 5116 α,

331 5121 410 5186 ὡς
447 5122 522 5194 μή
547 5122 691 5194 ἔχειν
712 5141 763 5178 τι
792 5124 894 5178 κᾶν
935 5126 1128 5196 μικρὸν
1152 5127 1376 5195 ἀγαθόν.
1418 5123 1542 5183 Οίόν
1562 5148 1614 5184 τι
1641 5131 1802 5200 λέγωο
1838 5133 1898 5187 ’0

329 5204 480 5260 δεῖνα
505 5205 743 5276 ἁρπάζει
771 5209 868 5261 καὶ
899 5208 1210 5262 πλεονεκτεῖ
1254 5211 1348 5263 καὶ
1389 5211 1742 5283 λυμαίνεται,
1780 5216 1894 5270 ἀλλ’

331 5285 502 5342 ἐνίοτε
550 5288 916 5360 ἐλεημοσύνην
977 5288 1223 5355 δίδωσιν,
1279 5293 1394 5345 ἀλλ’
1439 5293 1607 5348 ἐνίοτε
1662 5297 1894 5368 σώφρων

329 5369 495 5432 ἐστὶν,
517 5371 630 5424 ἀλλ’
647 5372 814 5426 ἐνίοτε
847 5371 1004 5440 λόγον
1035 5372 1146 5443 ἔχει
1175 5375 1426 5445 χρηστὸν,
1453 5377 1568 5429 ἀλλ’
1595 5378 1763 5432 ἐνίοτε
1788 5383 1895 5434 κᾶν

329 5451 411 5506 ἐνὶ
458 5452 612 5524 ἀνδρὶ
667 5454 982 5524 ἐϐοήθησεν,
1036 5454 1150 5506 ἀλλ’
1191 5455 1361 5509 ἐνίοτε
1417 5456 1680 5511 ἔκλαυσεν
1703 5499 1720 5521 ,
1773 5462 1888 5515 ἀλλ’

328 5533 497 5588 ἐνίοτε
525 5535 1026 5605 ἐστύγνασεν.,οῠτε
1045 5531 1136 5590 οὖν
1157 5537 1361 5602 δίκαιός
1383 5539 1497 5592 ἐστι
1525 5542 1692 5611 χωρὶς
1720 5543 1891 5614 6.61.0-

392 5685 420 5716 ⁸
442 5684 572 5735 Εἶναι
596 5686 738 5738 deest
757 5689 806 5736 in
829 5687 950 5750 Reg.

1035 312 1095 372 8.
1135 311 1423 370 JOANNIS
1460 306 1952 368 CIIIKYSOSTOMI
1996 308 2314 366 ARCIIIEP.
2351 310 2907 369 CONSTANTDOP.

3458 301 3597 360 mn

2033 419 2176 484 τίας,
2199 421 2322 474 οὔτε
2353 421 2502 475 ἐστὶν
2529 421 2849 492 ἁμαρτωλὸς
2875 419 3100 474 καθόλου
3134 419 3336 491 ἔρημος
3367 419 3597 486 ἀγαθοῦ.

2032 510 2098 565 Τί
2130 510 2223 565 τοῦ
2253 512 2455 582 Ἀχαάϐ
2475 512 2850 585 χαλεπώτερον
2873 530 2887 578 ;
2912 514 3125 583 ἥρπασε
3160 511 3253 564 καὶ
3287 511 3596 578 ἐφόνευσενο

2031 602 2146 656 ἀλλ’
2178 604 2327 674 ὅμως
2352 603 2538 675 ἐπειδὴ
2569 602 2884 674 ἐστύγνασε,
2917 603 3065 673 λέγει
3090 603 3168 673 τῷ
3204 601 3359 673 Ἠλίᾳ
3387 604 3416 656 6
3441 601 3595 666 Θεός·

2031 689 2206 761 Εῖδες
2231 692 2356 760 πῶς
2407 696 2705 764 κατενύγη
2758 693 3002 763 Ἀχαὰϐ,
3061 688 3199 755 εἶδες
3249 693 3307 746 ἐν
3357 691 3601 761 τοσούτῳ

2033 785 2179 857 βυθῷ
2211 785 2396 840 κακῶν
2418 785 2535 851 πῶς
2557 787 2752 859 εὑρέθη
2775 803 2829 840 τι
2857 786 3050 858 μικρὸν
3071 784 3272 854 ἀγαθόν
3292 800 3306 850 ;
3329 784 3394 837 Τί
3428 782 3600 837 Ἰούδα

2029 877 2210 946 χεῖρον
2229 873 2321 928 τοῦ
2355 874 2637 946 προδότου,
2669 875 2764 929 τοῦ
2803 874 3326 946 αίχμαλιιηισθέντος
3360 871 3466 927 ὑτὼ
3494 871 3600 942 τῆς

2030 967 2428 1039 φιλαργυρίαςς
2468 967 2582 1022 ἀλλ’
2611 969 2760 1039 ὅμως
2787 967 2884 1022 καὶ
2915 966 3076 1032 αὐτὸς
3115 966 3338 1037 ἐποίησε
3370 963 3472 1019 κᾶν
3499 981 3599 1036 μι-

2029 1055 2160 1127 κρόν
2184 1073 2239 1110 τι
2274 1056 2412 1127 μετά
2443 1057 2618 1112 ταῦτα
2665 1058 2889 1126 ἀγαθόν.
2941 1059 3242 1127 Ἥμαρτον
3276 1056 3406 1127 γὰρ,
3438 1053 3600 1125 φησι,

2029 1147 2335 1215 παραδοὺς
2365 1143 2508 1218 αἷμα
2545 1148 2758 1204 ἀθῶον.
2805 1150 2980 1219 Ὅπερ
3011 1145 3104 1202 οὖν
3135 1148 3350 1217 ελεγον·
3390 1148 3454 1200 o6
3486 1146 3602 1218 γάρ

2029 1241 2144 1292 ἐστι
2174 1239 2333 1304 φύσει
2360 1242 2394 1310 ή
2417 1241 2605 1303 κακία,
2649 1241 2734 1294 ἴνα
2776 1241 2850 1312 μὴ
2892 1241 2992 1315 ἐχῃ
3023 1241 3204 1312 χώραν
3236 1242 3270 1310 ή
3308 1240 3498 1312 ἀρετή.
3524 1238 3603 1292 T6

2030 1330 2302 1402 πρόϐατον
2329 1332 2584 1386 οὐδέποτε
2630 1333 2852 1388 δύναται
2890 1333 3142 1402 γενέσθαι
3189 1334 3400 1404 ἀγριον,
3436 1331 3605 1401 φύσει

2029 1421 2139 1494 γάρ
2165 1421 2278 1492 ἔχει
2297 1423 2358 1476 τὸ
2384 1424 2610 1496 ἥμερον·
2641 1426 2671 1478 6
2697 1425 2860 1488 λύκος
2895 1425 3151 1478 οὐδέποτε
3182 1424 3403 1477 δύναται
3437 1423 3604 1492 γενέ-

2031 1513 2153 1566 σθαι
2177 1515 2406 1585 ἥμερος,
2439 1515 2599 1585 φύσει
2626 1515 2736 1588 γὰρ
2773 1515 2884 1587 εχει
2915 1516 2978 1570 τὸ
3020 1515 3230 1587 ἄγριον.
3272 1517 3346 1568 06
3377 1514 3602 1569 λύονται

2027 1598 2120 1658 οὖν
2148 1605 2197 1658 οί
2229 1604 2383 1676 νόμοι
2419 1607 2518 1677 τῆς
2541 1606 2774 1676 φύσεως,
2813 1604 2933 1660 οὐδὲ
2974 1605 3305 1669 σαλεύονται,
3334 1603 3470 1658 ἀλλά
3497 1604 3603 1675 μέ-

2028 1712 2211 1749 νουσιν
2249 1696 2514 1767 ἀκίνητοι.
2551 1698 2674 1750 Ἐπὶ
2705 1697 2839 1768 ἐμοῦ
2868 1696 3026 1752 τοῦτο
3063 1697 3164 1750 οὐκ
3191 1696 3288 1760 ἔνι,
3336 1685 3474 1749 ἀλλά
3500 1697 3603 1748 καὶ

2028 1784 2218 1858 ἄγριος
2248 1789 2469 1859 γίνομαι
2485 1791 2612 1844 ὅταν
2634 1789 2925 1861 βούλωμαι,
2945 1789 3039 1844 καὶ
3059 1790 3265 1860 ἥμερος
3282 1788 3409 1842 ὅταν
3435 1785 3599 1840 θέλω·

2027 1874 2088 1926 o6
2123 1874 2233 1945 γὰρ
2260 1874 2418 1944 φύσει
2450 1876 2694 1946 δέδεμαι,
2739 1877 2854 1932 ἀλλ’
2896 1870 3177 1948 ἐλευθερία
3225 1875 3606 1948 προαιρέσεως

2027 1967 2350 2037 τετίμημαι.
2382 1970 2559 2039 Ὅπερ
2590 1963 2682 2022 οὖν
2712 1965 2889 2034 εἷπον,
2919 1967 3041 2022 οὗτε
3067 1967 3270 2036 ἀγαθός
3311 1984 3395 2030 τις
3420 1964 3603 2028 οὕτως

2027 2054 2196 2116 ἐστὶν,
2227 2057 2304 2120 ὼς
2332 2057 2406 2128 μὴ
2432 2056 2575 2128 ἔχειν
2611 2056 2812 2129 μικράν
2851 2057 3067 2128 κηλῖδα,
3096 2055 3220 2110 οὔτε
3252 2055 3489 2126 πονηρός
3514 2070 3603 2116 τις

2026 2146 2200 2210 οὕτως
2228 2148 2392 2211 ἐστὶν,
2424 2147 2500 2212 ῶς
2526 2149 2600 2220 μὴ
2624 2149 2768 2220 ἔχειν
2803 2149 2906 2203 κᾶν
2940 2148 3132 2219 μικρὸν
3157 2147 3380 2216 ἀγαθόν.

2110 2237 2262 2292 Ἐπεὶ
2286 2234 2379 2292 οὖν
2406 2239 2623 2294 πάντων
2646 2239 2908 2303 ἀντίδοσίς
2929 2241 3068 2302 ἐστι,
3097 2239 3192 2292 καὶ
3213 2238 3429 2292 πάντων
3448 2236 3604 2290 ἐστὶν

2027 2329 2250 2400 ἀμοιϐή’
2292 2330 2392 2384 κᾶν
2422 2331 2530 2400 γάρ
2581 2333 2773 2400 φονεὺς
2889 2348 2993 2394 τις,
3025 2330 3126 2384 κᾶν
3154 2329 3387 2399 πονηρός
3420 2345 3506 2392 τις
3531 2323 3604 2401 ᾖν

2027 2420 2131 2474 κᾶν
2169 2420 2496 2492 πλεονέκτης
2522 2422 2572 2486 δ,
2612 2423 2812 2493 ποιήσῃ
2839 2422 2896 2475 δέ
2935 2423 3116 2482 καλὸν,
3151 2422 3300 2492 μένει
3321 2419 3472 2490 αὑτῷ
3499 2420 3602 2473 τοῦ

2026 2508 2196 2566 καλοῦ
2224 2513 2256 2582 ή
2283 2513 2660 2576 ἀνταπόδοσις,
2697 2513 2792 2565 καὶ
2827 2512 2889 2566 o6
2926 2513 3014 2565 διὰ
3047 2512 3114 2565 τὰ
3145 2512 3310 2572 κακά,
3343 2511 3378 2564 ἀ
3407 2511 3606 2579 ἐποίη-

2027 2619 2140 2669 σεν,
2166 2602 2394 2673 ἄμισθον
2426 2603 2632 2672 γίνεται
2660 2603 2719 2657 τὸ
2743 2603 2926 2658 καλόν.
2953 2603 3060 2656 Καὶ
3087 2604 3265 2668 πάλιν,
3293 2603 3398 2658 κάν
3427 2602 3606 2674 μυρία

2022 2712 2109 2758 τις
2138 2694 2440 2765 ἐργάζηται
2499 2694 2715 2764 ἀγαθά,
2772 2696 2973 2766 ποιήσῃ
3013 2695 3071 2748 δέ
3103 2712 3157 2747 τι
3185 2694 3407 2764 φαῦλον,
3444 2694 3604 2765 μένει

2025 2784 2174 2856 αύτῷ
2196 2785 2289 2838 τοῦ
2317 2785 2521 2855 φαύλου
2553 2787 2585 2858 ή
2616 2786 2987 2848 ἀνταπόδοσις.
3006 2787 3218 2856 Κάτεχε
3233 2786 3425 2846 ταῦτα,
3442 2783 3602 2858 [788]

2025 2878 2179 2948 τήρει
2212 2877 2351 2931 αύτά
2376 2876 2549 2948 ὀχυρὰ
2579 2877 2671 2930 καὶ
2690 2877 2943 2948 ἀκίνητα.
2967 2876 3102 2931 Οὔτε
3133 2876 3336 2946 ἀγαθός
3365 2875 3451 2940 τίς
3476 2878 3603 2928 ἐστι

2025 2968 2193 3038 χωρὶς
2249 2968 2557 3038 ἁμαρτίας,
2617 2965 2740 3020 οὔτε
2784 2965 2956 3031 κακός
2996 2965 3081 3030 τίς
3134 2967 3248 3019 ἐστι
3308 2966 3480 3037 χωρὶς
3517 2965 3606 3018 δι-

2022 3059 2334 3130 καιοσύνης.
2354 3059 2434 3113 T6
2466 3059 2605 3114 αὐτά
2626 3060 2736 3132 γάρ
2760 3059 2903 3128 λέγω
2927 3059 3106 3124 πάλιν,
3134 3060 3221 3113 ῖνα
3251 3058 3485 3130 ριζὼσω,
3507 3060 3602 3112 ἵνα

2021 3150 2294 3219 φυτεύσω.
2335 3151 2421 3204 ἵνα
2447 3152 2526 3214 είς
2563 3150 2725 3222 βάθος
2758 3150 2930 3220 θήσω.
2969 3151 3254 3222 Ἐμϐἀλλει
3293 3150 3402 3222 γάρ
3438 3168 3601 3216 τινας

2025 3241 2295 3312 μερίμνας
2312 3243 2340 3294 6
2366 3241 2609 3306 διάϐολος
2645 3243 2724 3305 είς
2750 3241 2850 3311 τὴν
2885 3241 3081 3312 ψυχὴν,
3117 3241 3437 3312 βουλόμενος
3455 3240 3602 3293 ἀπο-

2022 3330 2350 3401 ϐουκολῆσαι
2387 3331 2540 3402 ὑμῶν
2565 3331 2661 3403 τήν
2705 3332 2962 3397 διάνοιαν,
3013 3332 3109 3386 καὶ
3152 3332 3492 3404 λυμήνασθαι
3523 3332 3599 3385 τά

2020 3425 2154 3496 παρ’
2184 3423 2318 3496 ἐμοῦ
2348 3424 2634 3495 λεγόμενα·
2651 3423 2740 3478 διά
2767 3424 2927 3479 τοῦτο
2953 3426 3033 3489 είς
3063 3424 3224 3496 βάθος
3251 3424 3390 3478 αὑτά
3415 3442 3600 3478 κατα-

2020 3515 2188 3586 φέρω.
2235 3515 2361 3568 Ἐἀν
2408 3517 2518 3588 γάρ
2563 3509 2666 3570 ὧδε
2718 3518 2962 3588 τηρήσῃς
3019 3516 3295 3586 ἀσφαλῶς,
3348 3515 3452 3569 κάν
3479 3515 3598 3581 ἔξω

2019 3603 2293 3676 ἀπέλθῃς,
2334 3605 2600 3660 ἀπολέσαι
2643 3605 2781 3659 αὑτά
2820 3606 2881 3658 o6
2925 3606 3172 3662 δύνασαι.
3213 3607 3422 3677 Ὥσπερ
3451 3607 3594 3676 γὰρ,

2018 3694 2115 3747 ἐάν
2145 3694 2291 3764 βάλω
2319 3696 2538 3767 χρυσίον
2563 3697 2643 3759 είς
2673 3695 2973 3765 βαλάντιον,
2997 3699 3210 3767 σφίγγω
3234 3698 3328 3752 καὶ
3350 3697 3596 3768 σφραγί-

2019 3787 2201 3858 ζομαι,
2220 3787 2307 3841 ῖνα
2337 3788 2430 3842 καὶ
2458 3787 2592 3858 ἐμοῦ
2621 3788 2852 3852 ἀπόντος
2881 3791 2910 3844 6
2929 3789 3132 3862 λῃστὴς
3163 3789 3237 3861 μή
3260 3788 3420 3862 λάϐῃ,
3439 3789 3594 3842 οὓτω

2018 3879 2113 3934 καὶ
2138 3880 2230 3932 ἐπὶ
2257 3880 2354 3950 τῆς
2381 3881 2647 3952 ὑμετέρας
2675 3881 2894 3952 ἀγάπης
2923 3881 3082 3934 ποιῶ·
3116 3883 3180 3952 τῇ
3211 3881 3462 3953 συνεχείᾳ
3485 3882 3595 3951 τῆς

2016 3969 2365 4034 διδασκαλίας
2397 3970 2610 4040 σφίγγω
2646 3972 2740 4024 καὶ
2773 3971 3072 4042 σφραγῖδας
3109 3970 3392 4042 ἐπιτίθημι
3415 4010 3432 4034 ,
3485 3975 3594 4024 καὶ

2015 4061 2384 4133 ἀσφαλίζομαι
2417 4062 2572 4133 ὑμῶν
2609 4063 2707 4134 τὴν
2731 4062 2973 4134 γνώμην,
3015 4064 3101 4117 ῐνα
3137 4064 3209 4134 μὴ
3243 4064 3458 4133 γένηται
3494 4063 3596 4128 ἐξ·

2021 4151 2198 4223 ίτηλος
2221 4155 2287 4223 τῇ
2321 4151 2583 4224 ῥᾳθυμίᾳ,
2605 4153 2718 4207 ἀλλ’
2746 4154 2832 4206 ἵνα
2865 4154 3108 4226 τηρήσας
3148 4153 3369 4224 μᾶλλον,
3402 4157 3467 4226 τῇ
3497 4157 3597 4208 ἐν·

2016 4233 2189 4298 ταῦθα
2218 4244 2428 4316 γαλήνῃ
2453 4244 2546 4297 τὸν
2589 4243 2694 4309 ἔξω
2729 4243 2956 4314 θόρυϐον
3005 4245 3453 4314 ἀποκρούσωμαι.
3509 4246 3594 4299 O6

2015 4336 2196 4390 τοίνυν
2226 4335 2400 4390 ταῦτα
2443 4333 2765 4404 πολυλογίας
2797 4335 2867 4390 τά
2902 4334 3188 4406 λεγόμενα,
3235 4335 3348 4388 ἀλλ’
3380 4336 3595 4405 ἐπιμε-

2015 4423 2166 4488 λείας
2188 4425 2282 4478 καὶ
2320 4424 2698 4495 φιλοστοργίας
2754 4423 2850 4478 καὶ
2887 4423 3051 4478 πόθου
3093 4423 3186 4476 τοῦ
3231 4423 3594 4489 διδασκάλου,

2014 4515 2100 4568 ἵνα
2131 4516 2206 4586 μὴ
2266 4516 2515 4586 ἀπορρυῇ
2545 4515 2614 4568 τά
2669 4514 2955 4586 λεγόμενα.
3011 4512 3194 4567 Ταῦτα
3251 4514 3358 4585 γὰρ
3399 4513 3596 4581 λέγειν

2012 4607 2139 4677 ἐμοὶ
2172 4607 2271 4677 μὲν
2301 4606 2400 4659 ούκ
2451 4606 2702 4676 ὀκνηρὸν,
2775 4607 2902 4675 ὑμῖν
2961 4606 3018 4659 δὲ
3067 4605 3324 4674 ἀσφαλές·
3372 4604 3596 4671 διδάξαι

2013 4697 2296 4768 βούλομαι,
2318 4699 2414 4768 οὐχ
2449 4698 2633 4761 ἀπλῶς
2656 4695 3042 4762 ἐπιδείξασθαι.
3073 4697 3186 4749 Ούκ
3215 4697 3358 4749 ἔστιν
3383 4690 3478 4748 οὖν
3499 4712 3596 4761 τις

2009 4787 2239 4852 δίκαιος,
2269 4788 2332 4852 ὃς
2379 4789 2479 4841 ούκ
2531 4788 2643 4858 ἔχει
2698 4788 2988 4860 άμαρτίαν’
3046 4787 3141 4840 καὶ
3195 4787 3296 4840 οὐκ
3343 4787 3460 4841 ἐστι
3497 4805 3594 4852 τις

2008 4879 2330 4951 ἁμαρτωλὸς
2349 4879 2408 4942 ὃς
2436 4879 2535 4931 οὐκ
2565 4878 2675 4949 ἔχει
2698 4879 2899 4946 ἀγαθόν
2919 4895 2933 4909 ο
2961 4877 3077 4932 ἀλλ’
3107 4879 3296 4950 ἐπειδὴ
3329 4879 3593 4934 ἑκάστων

2007 4973 2156 5026 ἐστὶν
2203 4972 2498 5035 ἀντίδοσις,
2549 4971 2713 5041 βλέπε
2761 4972 2813 5025 τί
2868 4971 3074 5040 γίνεται
3107 4987 3123 5002 ο
3167 4972 3226 5024 Ὀ
3253 4972 3592 5044 ἀμαρτωλδς

2005 5055 2378 5134 ἀπολαμϐάνει
2404 5063 2513 5116 τῶν
2535 5061 2754 5130 ἀγαθῶν
2783 5062 2947 5116 αὑτοῦ
2974 5063 3259 5134 ἰσόρροπον
3298 5064 3397 5134 τὴν
3428 5064 3589 5117 ἀντί-

2005 5153 2174 5218 δοσιν,
2203 5153 2300 5207 ἐάν
2322 5171 2376 5208 τι
2420 5154 2520 5226 ἐχῃ
2561 5154 2666 5208 κάν
2699 5153 2892 5226 μικρὸν
2934 5154 3167 5222 ἀγαθόν·
3199 5153 3344 5207 καὶὸ
3367 5152 3590 5222 δίκαιος

2004 5245 2377 5316 ἀπολαμϐάνει
2435 5247 2532 5316 τῆς
2592 5246 2863 5318 ἁμαρτίας
2912 5245 3076 5300 αὐτοῦ
3128 5244 3226 5316 τὴν
3287 5247 3589 5319 ίσόρῤοπον

2004 5336 2204 5408 κρίσιν,
2234 5336 2336 5391 κάν
2371 5336 2564 5408 μικρόν
2590 5355 2643 5392 τι
2677 5339 2877 5410 ποιήσῃ
2909 5339 3097 5393 κακόν.
3126 5339 3192 5392 Τί
3219 5333 3311 5393 οὖν
3339 5340 3585 5408 γίνεται,

2063 5640 2090 5714 6
2121 5640 2271 5692 Valic.
2295 5644 2380 5692 κᾶν
2415 5645 2504 5707 γὰρ
2542 5647 2743 5710 φονεύσῃ
2767 5664 2852 5706 τις,
2877 5649 2963 5696 κᾶν
2985 5649 3238 5713 πορνεύσῃ,
3265 5649 3353 5698 κᾶν
3377 5652 3579 5706 πλεονε-
