3828 6226
170 330 287 382 ΙΜΙ

177 446 291 489 sunt
315 434 514 502 multte,
541 446 594 490 et
617 436 697 491 sol
723 446 777 492 et
806 437 927 492 luna
948 478 964 503 ,
986 436 1062 490 sic
1087 444 1141 491 et
1159 434 1456 491 differentia
1488 446 1569 490 est
1599 435 1737 490 inter

176 526 333 596 iustos
361 545 375 582 :
403 526 519 580 Alia
537 528 724 598 quippe
747 527 953 581 claritas
970 527 1090 580 solis
1112 567 1129 589 ,
1171 534 1217 580 et
1244 526 1346 579 alia
1372 525 1540 590 tunc,
1570 534 1615 578 st
1637 524 1741 578 alia

177 615 368 671 claritas
404 616 664 671 stellarum
691 616 767 691 (l.
797 615 917 672 Cor.
947 618 1033 672 15.
1056 616 1150 686 41)
1174 633 1188 670 :
1213 615 1453 685 qumdam
1481 615 1621 687 enim
1647 629 1740 668 ex-

180 707 363 761 tellunt
387 708 648 774 claritate,
675 707 918 778 quadam
945 717 1299 779 superantur;
1320 704 1739 776 ctquemadmo—

173 797 291 852 dum
315 814 533 868 corpora
560 808 682 853 sunt
706 799 959 863 celestis,
983 800 1060 854 sic
1086 807 1288 853 etsunt
1314 812 1536 866 corpora
1566 804 1737 851 terre-

173 889 325 955 stria,
369 899 423 944 et
458 889 906 960 quemadmodum
949 890 1000 944 iu
1041 889 1353 959 corporibus
1378 887 1520 942 aliud
1548 902 1737 943 cervus

170 986 267 1043 est,
291 978 430 1033 aliud
452 980 600 1034 canis
617 1021 632 1045 ,
663 980 807 1034 aliud
829 980 932 1046 leo,
964 979 1106 1034 aliud
1132 979 1235 1033 alia
1257 977 1387 1043 fera,
1405 977 1545 1031 aliud
1568 975 1732 1046 aSpis,

169 1068 301 1122 aliud
325 1069 427 1123 tale
455 1070 729 1140 quippiam
761 1087 775 1122 :
806 1070 883 1125 sic
909 1079 962 1124 et
992 1069 1043 1123 in
1067 1069 1298 1140 peccatis
1323 1077 1449 1123 sunt
1480 1066 1736 1121 differen-

169 1157 268 1210 tiae.
312 1158 565 1214 llomiues
607 1159 765 1228 igitur
788 1159 875 1213 alii
908 1158 1121 1229 quidem
1150 1167 1275 1213 sunt
1292 1157 1456 1228 justi,
1489 1156 1577 1211 alii
1608 1169 1735 1211 vero

168 1259 463 1317 peccatores
490 1267 504 1304 :
534 1250 629 1305 sed
668 1259 722 1305 et
757 1250 810 1305 in
834 1250 991 1320 justis
1034 1250 1255 1304 multum
1299 1257 1383 1305 est
1424 1247 1729 1314 discrimen,

165 1349 219 1393 et
260 1340 308 1393 in
352 1341 719 1409 peccatoribus
762 1342 986 1396 multum
1033 1350 1089 1396 et
1135 1341 1451 1395 immensum
1491 1356 1506 1392 :
1548 1353 1730 1394 verum

163 1430 391 1484 attende.
430 1429 579 1486 Licet
595 1431 770 1500 justus
789 1432 857 1486 sit
882 1432 1002 1502 quis
1025 1472 1043 1499 ,
1075 1431 1199 1486 licet
1224 1431 1417 1486 millies
1441 1429 1509 1484 sit
1532 1429 1727 1499 justus,

165 1528 215 1573 et
237 1520 300 1574 ad
328 1521 535 1576 culmen
587 1523 759 1591 ipsum
799 1521 1105 1577 ascenderit
1136 1538 1151 1575 :
1180 1521 1250 1575 ita
1274 1562 1290 1586 ,
1336 1530 1393 1575 ut
1431 1533 1624 1590 expers
1660 1519 1730 1573 sit

165 1614 356 1678 peccati
381 1654 396 1679 ,
440 1628 543 1667 non
570 1621 746 1684 potest
770 1627 889 1667 esse
918 1611 1148 1667 mundus
1168 1626 1198 1665 τι
1227 1611 1385 1667 sorde
1413 1628 1426 1664 :
1457 1610 1578 1664 licet
1605 1609 1729 1664 mil—

165 1702 255 1755 lies
267 1702 438 1771 justus
460 1704 567 1769 sit,
595 1712 678 1758 est
708 1711 882 1759 tamen
907 1704 1087 1758 homo.
1134 1703 1258 1768 Quis
1282 1703 1411 1757 enim
1431 1692 1729 1773 gloriabitur

160 1804 342 1847 castum
366 1812 419 1848 se
439 1795 619 1850 habere
640 1812 727 1849 cor
748 1837 763 1861 ,
796 1805 885 1850 aut
906 1798 1017 1867 quis
1041 1796 1257 1864 conﬁdet
1284 1796 1525 1848 mundum
1549 1810 1603 1847 se
1621 1809 1727 1848 esse

158 1900 191 1935 a
216 1896 411 1952 peccato
432 1885 612 1950 (Prov.
635 1884 725 1941 20.
752 1885 852 1955 9)?
890 1886 1175 1955 PrOpterea
1204 1885 1379 1940 dicere
1405 1886 1455 1938 in
1486 1884 1725 1938 oratione

156 1976 397 2044 iubemur
424 1995 439 2030 :
472 1976 676 2032 Dimitte
708 1978 849 2031 nobis
875 1978 1039 2033 debita
1074 1988 1245 2031 nostra
1286 1977 1499 2045 (Matth.
1522 1976 1577 2031 6.
1610 1976 1722 2046 1‘2),

159 2075 213 2119 ut
238 2065 490 2120 orationis
514 2067 898 2122 consuetudine
926 2067 1307 2121 admoneamur
1350 2066 1458 2121 illic
1496 2081 1592 2121 nos
1621 2065 1721 2119 ob-

156 2157 334 2210 noxios
352 2172 472 2212 esse
500 2159 789 2228 suppliciis.
836 2159 1045 2214 Etenim
1077 2159 1271 2213 Paulus
1294 2157 1594 2228 apostolus,
1628 2171 1719 2213 vas

152 2246 444 2310 electionis,
492 2247 584 2302 Dei
632 2249 924 2317 templum,
965 2263 1026 2302 os
1047 2248 1274 2313 Christi,
1322 2248 1431 2319 lyra
1469 2247 1718 2317 Spiritus,

148 2335 330 2392 doctor
344 2339 488 2392 orbis
505 2348 783 2407 terrarum,
811 2341 899 2411 qui
921 2351 1113 2394 terram
1142 2350 1195 2395 et
1221 2356 1369 2395 mare
1399 2339 1716 2410 peragravit,

147 2428 233 2497 qui
266 2438 600 2497 peccatorum
630 2431 809 2500 spinas
834 2430 1049 2485 revulsit
1068 2472 1082 2493 ,
1110 2431 1198 2500 qui
1222 2431 1490 2500 religionis
1516 2429 1717 2484 semina

146 2518 387 2585 iactavit;
418 2521 506 2577 ille
536 2522 750 2592 regibus
776 2523 1074 2592 opulentior
1091 2565 1107 2590 ,
1136 2524 1223 2577 ille
1249 2522 1500 2577 divitibus
1524 2531 1716 2592 poten-

146 2610 250 2662 tior
271 2650 288 2675 ,
328 2611 580 2666 militibus
621 2612 840 2677 fortior,
883 2613 970 2667 ille
999 2613 1164 2683 magis
1190 2612 1533 2681 philosophus
1557 2625 1714 2681 quam

143 2700 241 2770 ipsi
268 2701 584 2772 philosophi,
615 2703 703 2758 ille
726 2703 972 2757 disertior
993 2704 1310 2767 oratoribus,
1341 2703 1429 2773 qui
1457 2702 1586 2757 nihil
1615 2701 1715 2755 ha-

141 2791 330 2858 bebat,
376 2801 430 2846 et
454 2792 629 2847 omnia
662 2792 983 2862 possidebat,
1019 2793 1108 2862 qui
1154 2802 1379 2848 mortem
1405 2793 1593 2847 umbra
1619 2806 1714 2847 sua

138 2885 413 2951 Solvebat,
455 2885 543 2956 qui
572 2886 787 2940 morbos
815 2885 927 2941 suis
969 2886 1303 2939 vestimentis
1346 2884 1555 2953 fugabat
1578 2924 1594 2948 ,
1621 2884 1713 2954 qui

135 2986 331 3044 tropma
349 2976 516 3031 erexit
537 2977 588 3030 in
610 2976 761 3039 mari,
792 2975 859 3030 ad
882 2976 1090 3030 tertium
1122 2990 1289 3044 usque
1314 2976 1500 3029 czelum
1529 2986 1712 3044 raptus

132 3076 246 3128 est,
277 3075 331 3119 et
356 3066 407 3119 in
448 3066 750 3135 paradisum
785 3068 1052 3135 ingressus
1074 3107 1090 3132 ,
1129 3066 1218 3134 qui
1246 3063 1515 3119 Christum
1548 3066 1710 3120 Deum

132 3154 438 3223 prtcdicavit
460 3194 477 3220 ,
529 3156 615 3209 ille
655 3154 780 3208 dicit
811 3171 826 3207 :
856 3153 1006 3208 Nihil
1040 3154 1165 3208 mihi
1196 3153 1425 3208 conscius
1451 3170 1562 3207 sum
1583 3153 1711 3208 :sed

130 3260 235 3296 non
266 3244 316 3298 in
340 3243 451 3298 "hoc
478 3245 788 3313 justiﬁcatus
820 3261 931 3299 sum
970 3245 1048 3314 (l.
1076 3244 1193 3298 Cor.
1217 3244 1269 3298 4.
1300 3245 1356 3312 4)
1386 3262 1399 3297 :
1430 3245 1519 3315 qui
1548 3244 1707 3300 talem

129 3348 441 3414 tantamque
482 3340 733 3393 virtutum
781 3339 991 3409 copiam
1033 3337 1389 3409 acquisierat,
1441 3338 1562 3393 ait:
1606 3337 1709 3404 Qui

18 3492 19 3501 γ
121 3440 294 3483 autem
308 3430 509 3500 judicat
533 3446 611 3482 me
631 3471 647 3495 ,
677 3428 923 3482 Dominus
957 3436 1048 3482 est.

18 3588 19 3593 κ
203 3517 392 3572 Nullus
415 3528 484 3573 est
508 3518 744 3573 immunis
768 3535 801 3571 a
836 3526 1057 3586 peccato.
1082 3545 1157 3557 —
1196 3515 1325 3583 Quis
1352 3530 1481 3586 ergo
1506 3515 1705 3586 gloria-

18 3610 19 3615 ‘
121 3608 272 3663 bitur
304 3617 508 3664 castum
535 3625 593 3664 se
623 3609 817 3663 habere
843 3624 937 3663 cor
965 3626 978 3663 :
1009 3616 1102 3662 aut
1126 3608 1246 3678 quis
1273 3607 1507 3663 confidet
1545 3624 1704 3662 mun-

18 3696 19 3705 “
119 3699 254 3754 dum
275 3714 334 3755 se
352 3714 474 3756 esse
502 3714 532 3754 a
556 3700 807 3769 peccato?
839 3699 1167 3768 lmpossibile
1182 3708 1267 3753 est
1291 3700 1469 3770 igitur,
1493 3700 1704 3755 utullus

18 3860 19 3867 γ
119 3793 289 3846 homo
312 3793 430 3845 sita
461 3801 676 3861 peccato
713 3792 981 3846 immunis.
1023 3790 1158 3856 Quid
1194 3791 1336 3845 enim
1376 3790 1493 3844 ais?
1520 3791 1703 3847 Justus

18 3880 19 3887 “
116 3882 253 3937 est?
278 3883 580 3937 misericors
602 3883 723 3937 est?
748 3897 1036 3951 pauperum
1062 3896 1247 3936 amans
1277 3882 1392 3935 est?
1420 3885 1488 3937 At
1517 3884 1700 3938 vitium

18 3954 21 3963 y
113 3971 340 4042 aliquod
370 3972 528 4027 habet
557 3992 569 4027 :
594 3974 678 4027 vel
705 3972 1365 4042 importunecoutumeliis
1388 3973 1587 4039 allicit,
1619 3974 1699 4028 vel

18 4048 19 4051 η
110 4064 266 4119 inani
309 4064 475 4134 gloria
513 4063 754 4129 ducitur,
805 4063 888 4118 vel
926 4062 1068 4118 aliud
1102 4062 1372 4133 quidpiam
1404 4062 1506 4118 tale
1550 4064 1696 4133 agit;

18 4162 21 4165 '
110 4169 226 4209 non
249 4155 391 4209 enim
423 4154 746 4208 recensendo
774 4163 898 4207 sunt
918 4155 1113 4207 omnia.
1144 4152 1239 4207 Hic
1268 4153 1569 4207 misericors
1593 4163 1694 4220 est,

106 4247 212 4302 sed
246 4262 351 4300 non
381 4255 683 4315 temperans
711 4263 725 4299 :
761 4259 999 4314 persa-pe
1020 4244 1108 4299 ille
1138 4255 1439 4313 temperans
1456 4244 1694 4315 quidem,

103 4347 168 4392 at
197 4337 502 4391 misericors
525 4351 628 4391 nou
654 4344 732 4391 est
764 4354 778 4390 :
812 4337 897 4389 hic
924 4336 1137 4390 virtutis
1166 4336 1343 4403 unius,
1368 4335 1455 4389 ille
1476 4335 1696 4390 alterius

18 4418 19 4445 ³
100 4428 273 4484 laude
322 4428 636 4484 celebratur.
684 4427 763 4481 Sit
791 4427 982 4493 aliquis
1003 4426 1197 4496 justus,
1229 4435 1451 4496 etsa-pe
1479 4426 1691 4497 quidem

18 4524 21 4531 '
95 4521 289 4592 justus
313 4529 415 4582 est,
444 4520 598 4588 eique
618 4517 794 4571 omnia
822 4518 1001 4571 insunt
1026 4518 1161 4571 bona
1180 4558 1195 4581 ,
1225 4516 1319 4571 sed
1348 4518 1419 4571 ob
1433 4516 1691 4585 justitiam

94 4607 361 4677 superbia
392 4615 577 4669 tumet,
604 4605 821 4675 ejusque
836 4605 1093 4674 justitiam
1122 4604 1366 4674 superbia
1394 4605 1689 4661 labefactat.

18 4690 25 4723 ⁵
90 4697 379 4769 Numquid
403 4698 579 4767 justus
618 4704 736 4751 erat
764 4696 1095 4761 Pharisaaus,
1142 4697 1231 4766 qui
1260 4696 1342 4751 bis
1378 4697 1431 4750 in
1471 4698 1691 4752 sabbato

18 4800 23 4803 ‘
85 4789 423 4864 jejunabat?
470 4789 608 4858 Quid
648 4798 825 4843 autem
864 4788 1027 4842 dicit?
1071 4787 1190 4842 Non
1216 4805 1328 4842 sum
1364 4789 1492 4843 sicut
1524 4789 1692 4845 ceteri

24 4872 27 4875 ’
85 4881 393 4945 Ιιοηιὶηιιηι,
418 4889 663 4949 raptores,
693 4879 869 4950 injusti
896 4877 1045 4948 (Luc.
1072 4878 1157 4933 18.
1189 4879 1277 4949 Η)
1307 4897 1320 4933 :
1350 4894 1415 4934 ac
1450 4895 1688 4950 persaepe

18 4966 25 4978 ’
81 4989 163 5029 ex
192 4972 526 5027 conscientia
557 4968 750 5023 munda
796 4969 847 5023 in
891 4968 1191 5037 superbiam
1216 4969 1519 5023 devolvitur
1543 4972 1681 5041 quis,

18 5070 27 5093 '
77 5074 148 5121 et
173 5062 329 5134 quod
355 5078 459 5117 non
485 5062 653 5131 potuit
681 5061 752 5115 illi
776 5060 968 5115 afferre
987 5061 1362 5115 detrimentum
1385 5073 1680 5130 peccatum,

18 5156 27 5189 ⁵
76 5154 260 5209 aﬂert
303 5153 572 5222 superbia.
622 5150 759 5205 Fieri
795 5166 923 5221 ergo
967 5167 1071 5205 non
1104 5160 1312 5221 potest,
1344 5161 1403 5206 ut
1429 5151 1590 5209 homo
1615 5154 1686 5209 sit

18 5246 29 5281 τ
74 5246 162 5299 ita
203 5245 425 5312 penitus
466 5241 640 5310 justus
666 5281 682 5304 ,
711 5249 768 5293 ιιι
795 5256 823 5293 a
853 5249 1069 5310 peccato
1102 5241 1173 5296 sit
1199 5240 1463 5308 mundus;
1510 5257 1684 5314 neque

18 5338 31 5377 τ
73 5349 289 5391 mrsus
323 5334 437 5388 ﬁeri
476 5342 653 5404 potest
682 5344 738 5387 ut
764 5333 903 5387 ullus
928 5335 999 5388 ita
1029 5333 1201 5388 malus
1226 5334 1296 5389 sit
1323 5334 1516 5402 homo,
1553 5337 1680 5406 quin

18 5428 293 5483 ihabeat
350 5426 567 5497 aliquod
614 5426 802 5481 saltem
857 5426 1104 5497 exiguum
1160 5426 1379 5482 bonum.
1438 5427 1680 5498 Exempli

64 5532 252 5573 causa
273 5557 292 5585 ,
345 5517 437 5574 ille
466 5520 607 5588 rapit
644 5527 699 5573 et
734 5516 943 5572 fraudat
983 5526 1037 5573 et
1079 5518 1366 5587 perniciem
1398 5517 1597 5573 infert:
1626 5528 1682 5574 at

66 5624 499 5679 nonnumquam
529 5609 748 5680 largitur
770 5610 1184 5680 eleemosynam,
1207 5618 1262 5665 at
1281 5625 1679 5682 nonnumquam

18 5750 31 5783 ι
52 5711 405 5770 temperans
427 5712 530 5769 est,
559 5710 614 5756 at
638 5715 1035 5771 nonnumquam
1063 5701 1203 5758 bona
1227 5703 1391 5760 verba
1420 5703 1674 5775 loquitur,

1383 320 1469 375 DE
1498 318 1772 375 LAZARO
1804 318 2049 376 CONCIO
2108 320 2190 374 Vl.

3280 321 3415 376 ltiti

1851 444 1908 489 at
1934 450 2326 511 nonnumquam
2355 438 2442 492 uni
2471 438 2657 494 Saltem
2683 438 2799 493 viro
2837 436 3127 492 subsidium
3172 436 3417 506 pra-.buit,

1846 535 1901 580 at
1927 542 2318 598 nonnumquam
2346 530 2511 594 luxit,
2561 540 2617 584 at
2646 544 3042 598 nonnumquam
3079 541 3309 583 morere
3340 537 3392 581 ta

1844 624 1963 671 ctus
1982 615 2098 672 fuit.
2124 617 2234 674 Nec
2259 620 2415 690 igitur
2435 620 2611 689 justus
2635 629 2721 675 est
2748 621 2887 679 ullus
2912 619 3027 674 sine
3051 626 3292 689 peccato,
3324 632 3411 673 ne-

1844 721 1949 776 que
1998 716 2244 777 peccator
2282 718 2365 765 est
2404 710 2614 780 penitus
2642 724 2833 779 expers
2872 708 3017 764 boni.
3065 707 3203 777 Quid
3233 707 3419 762 Achab

1844 797 2233 866 perniciosius?
2280 799 2471 870 Rapuit
2507 809 2561 855 et
2587 800 2781 856 occidit
2812 817 2826 855 :
2853 811 3215 855 verumtamen
3266 808 3418 869 post-

1842 903 2000 958 quam
2026 898 2250 946 mtestus
2282 891 2375 947 fuit
2396 934 2412 958 ,
2441 892 2568 948 dicit
2593 893 2720 948 Elia:
2747 894 2885 948 Deus
2909 910 2922 945 :
2961 891 3143 946 Vidisti
3165 891 3412 962 quemad-

1840 978 2045 1032 modum
2069 991 2394 1051 compunctus
2408 992 2482 1037 est
2503 982 2675 1037 Achab
2701 984 2777 1052 (3.
2810 981 2937 1054 Reg.
2966 982 3056 1037 2|.
3084 981 3221 1050 99)?
3251 980 3413 1036 Vides

1841 1078 1899 1125 ut
1927 1070 1979 1125 in
2008 1080 2154 1127 tanto
2197 1073 2455 1127 malorum
2502 1075 2706 1143 gurgite
2742 1075 2936 1128 bonum
2983 1073 3245 1143 quoddam
3292 1072 3409 1127 exi-

1838 1174 1998 1230 guum
2047 1162 2118 1216 sit
2162 1162 2470 1218 inventum?
2514 1163 2653 1233 Quid
2694 1165 2961 1234 proditore
2986 1163 3119 1219 Juda
3155 1163 3410 1228 deterius,

1836 1249 1927 1318 qui
1969 1251 2205 1306 avaritiae
2245 1253 2564 1323 mancipium
2608 1252 2741 1307 fuit?
2783 1252 3159 1308 Verumtamen
3199 1262 3252 1307 et
3294 1252 3408 1321 ipse

1836 1338 1959 1395 boni
1984 1342 2252 1413 quidpiam
2276 1344 2466 1399 saltem
2490 1345 2735 1415 exiguum
2751 1343 2942 1400 deinde
2968 1343 3208 1413 praestitit
3233 1362 3248 1397 :
3276 1341 3408 1397 Pec-

1834 1432 1944 1485 cavi
1965 1434 2105 1487 enim
2126 1474 2141 1498 ,
2177 1434 2383 1504 inquit,
2421 1436 2623 1490 tradens
2648 1435 2941 1504 sanguinem
2960 1436 3158 1506 justum
3191 1431 3403 1507 (Matth.

1832 1521 1922 1575 27.
1951 1521 2031 1593 4).
2058 1522 2209 1590 Quod
2234 1524 2393 1594 igitur
2408 1524 2671 1593 dicebam,
2699 1541 2803 1579 non
2829 1533 2912 1580 est
2935 1540 2963 1578 a
2988 1535 3177 1579 natura
3207 1525 3406 1594 impro-

1833 1610 1970 1665 bitas
1991 1653 2007 1678 ,
2036 1621 2095 1667 ut
2120 1614 2302 1669 virtuti
2343 1616 2491 1670 locus
2526 1631 2631 1671 non
2673 1617 2762 1671 sit.
2806 1616 2933 1673 Ovis
2970 1630 3258 1686 numquam
3290 1615 3404 1670 fieri

1830 1711 2006 1771 potest
2035 1704 2165 1771 fera,
2192 1706 2387 1776 quippe
2405 1722 2525 1776 qum
2548 1708 3005 1762 mansuetudinem
3035 1706 3226 1762 habeat
3252 1722 3281 1761 a
3308 1722 3402 1761 na-

1832 1801 1947 1848 tura
1979 1812 1992 1849 :
2024 1796 2177 1867 lupus
2202 1813 2486 1867 numquam
2515 1797 2627 1854 fieri
2657 1808 2959 1854 mansuetus
2990 1806 3178 1868 potest,
3208 1797 3402 1867 quippe

1828 1888 1917 1957 qui
1960 1887 2222 1944 feritatem
2266 1890 2456 1945 habeat
2483 1906 2512 1945 a
2543 1901 2746 1946 natura.
2797 1890 2910 1944 Non
2958 1890 3234 1945 solvuntur
3269 1904 3397 1959 ergo

1829 1985 2032 2031 natura;
2062 1978 2204 2048 leges
2221 2020 2236 2044 ,
2268 1995 2437 2050 neque
2458 1981 2749 2049 refiguntur
2767 2021 2780 2044 ,
2809 1979 2901 2034 sed
2929 1980 3159 2033 immolre
3180 1988 3393 2048 perma-

1828 2078 1973 2123 nent.
2008 2070 2060 2124 In
2092 2086 2177 2126 me
2213 2070 2314 2125 hoc
2338 2072 2512 2126 locum
2554 2086 2658 2126 non
2686 2071 2878 2137 habet,
2910 2070 3003 2125 sed
3029 2080 3082 2125 et
3109 2068 3249 2124 ferus
3275 2084 3395 2123 cum

1829 2158 1952 2212 volo
1982 2158 2051 2213 lio
2074 2200 2088 2225 ,
2122 2168 2176 2215 et
2201 2169 2533 2227 mansuetus,
2564 2175 2683 2215 cum
2717 2160 2839 2214 volo
2871 2177 2884 2213 :
2915 2174 3020 2214 non
3043 2159 3181 2213 enim
3210 2171 3395 2212 natura

1824 2264 1942 2304 sum
1963 2250 2169 2305 vinctus
2193 2291 2209 2317 ,
2240 2252 2332 2305 sed
2358 2251 2561 2306 arbitrii
2605 2251 2849 2306 libertate
2889 2250 3187 2305 decoratus.
3233 2248 3385 2316 Quod

1823 2354 1952 2409 ergo
1975 2338 2215 2395 dicebam
2237 2382 2253 2406 ,
2301 2357 2399 2397 nec
2433 2341 2571 2396 ullus
2599 2351 2682 2397 est
2717 2342 2788 2395 ita
2834 2341 3038 2405 bonus,
3067 2348 3123 2393 ut
3151 2340 3392 2409 exiguam

1824 2431 1995 2486 labem
2018 2448 2122 2485 non
2154 2433 2343 2488 habeat
2371 2451 2385 2487 :
2418 2448 2516 2487 nec
2540 2433 2680 2487 ullus
2703 2441 2785 2487 est
2811 2433 2881 2486 ita
2906 2432 3094 2492 malus,
3119 2438 3178 2485 ut
3203 2429 3390 2483 saltem

1821 2522 2066 2591 exiguum
2093 2522 2287 2576 bnutnn
2315 2538 2418 2575 non
2443 2522 2651 2577 habeat.

1889 2610 2149 2666 Bonorum
2182 2622 2230 2666 et
2266 2612 2517 2666 malorum
2548 2611 2823 2667 retributio.
2854 2639 2926 2651 —
2956 2608 3216 2677 Quoniam
3236 2608 3391 2679 igitur

1818 2704 2053 2757 omnium
2080 2712 2163 2758 est
2201 2703 2508 2770 retributio,
2538 2713 2593 2759 et
2618 2705 2854 2758 omnium
2897 2703 3254 2758 remuneratio
3285 2718 3296 2753 :
3325 2700 3389 2755 li-

1817 2801 1903 2846 cet
1925 2793 2067 2847 enim
2110 2790 2372 2846 homicida
2414 2793 2485 2846 sit
2508 2791 2663 2862 quis,
2705 2791 2825 2847 licet
2849 2791 3118 2861 improbus
3157 2790 3225 2844 sit
3248 2790 3388 2859 quis,

1819 2884 1941 2939 licet
1970 2883 2273 2951 fraudator,
2311 2886 2355 2939 si
2382 2885 2509 2955 quid
2539 2885 2661 2939 boni
2697 2883 2919 2948 fecerit,
2950 2883 3094 2937 illum
3125 2882 3245 2936 boni
3277 2894 3387 2935 ma-

1817 2983 1910 3029 net
1936 2974 2236 3040 retributio,
2268 2991 2440 3046 neque
2462 2983 2676 3045 propter
2702 2988 2763 3029 ea
2789 2974 2946 3039 mala,
2969 2988 3087 3042 quae
3112 2971 3256 3037 fecit,
3284 2970 3385 3024 bo-

1816 3079 1943 3119 num
1988 3064 2236 3121 mercede
2279 3066 2514 3135 privatur
2548 3081 2562 3117 :
2605 3073 2660 3119 et
2705 3078 2889 3119 rursus
2933 3063 3054 3117 licet
3109 3062 3384 3115 innumera

1814 3152 1950 3208 bona
1968 3154 2293 3223 praestiterit,
2325 3156 2367 3208 si
2387 3153 2515 3224 quid
2533 3154 2654 3208 mali
2671 3152 3010 3216 commiserit,
3037 3158 3215 3206 manet
3238 3150 3383 3204 illum

1814 3244 2091 3299 retributio
2131 3245 2277 3300 mali.
2330 3244 2455 3300 llaec
2492 3244 2694 3309 retine,
2737 3243 2851 3297 lucc
2896 3242 3045 3297 firma
3084 3250 3139 3296 et
3168 3242 3382 3295 immota

1811 3346 2069 3388 conserva
2099 3350 2113 3388 :
2136 3349 2308 3405 neque
2332 3334 2503 3389 bonus
2528 3344 2613 3389 est
2639 3333 2776 3388 ullus
2803 3332 2916 3387 sine
2942 3340 3179 3402 peccato,
3212 3344 3383 3399 neque

1810 3424 1926 3479 sine
1940 3424 2144 3494 justitia
2170 3426 2342 3479 malus
2354 3433 2436 3479 est
2453 3422 2615 3479 ullus.
2640 3424 2838 3480 Eadem
2860 3424 3001 3478 enim
3029 3436 3214 3477 rursus
3239 3421 3381 3485 dico,

1812 3522 1872 3568 ut
1907 3513 2169 3569 radicibus
2199 3512 2316 3569 ﬁxis
2353 3513 2616 3568 stabiliam
2640 3554 2656 3579 ,
2687 3522 2745 3568 ut
2771 3513 3002 3583 plantem
3025 3553 3041 3578 ,
3074 3520 3141 3566 ut
3171 3510 3224 3565 in
3253 3524 3378 3581 pro-

1810 3603 1970 3659 fundo
1997 3604 2276 3659 eollocem.
2325 3604 2575 3660 Diabolus
2596 3604 2789 3674 quippe
2813 3601 3195 3658 sollicitudines
3213 3615 3374 3671 quas-

1808 3694 1931 3749 dam
1978 3695 2031 3751 iu
2074 3696 2309 3750 animum
2363 3696 2564 3766 injicit,
2612 3696 2738 3750 dum
2782 3704 3017 3751 mentem
3056 3696 3287 3749 vestram
3325 3692 3378 3747 in

1808 3784 2044 3840 fraudem
2072 3786 2187 3840 vult
2222 3786 2422 3841 illicere
2445 3828 2460 3852 ,
2500 3794 2555 3841 et
2576 3802 2694 3856 quae
2722 3800 2753 3839 a
2789 3800 2877 3840 me
2907 3785 3154 3839 dicuntur
3178 3780 3378 3838 labefa-

1806 3884 1953 3931 ctare
1983 3893 1997 3929 :
2027 3884 2300 3945 propterea
2353 3877 2407 3930 in
2449 3875 2765 3946 profundum
2791 3890 2854 3930 ea
2881 3875 3110 3929 dimitto.
3152 3872 3210 3929 Si
3234 3876 3377 3928 enim

1805 3980 1870 4021 ea
1895 3966 2175 4034 diligenter
2200 3965 2285 4018 hic
2312 3964 2713 4020 conservaveris
2736 4005 2751 4028 ,
2800 3963 2924 4019 licet
2969 3963 3113 4018 foras
3158 3963 3374 4029 abieris,

1804 4058 2049 4111 amittere
2078 4056 2166 4110 illa
2196 4072 2300 4110 non
2330 4065 2500 4125 potes.
2532 4054 2602 4111 Ut
2623 4055 2766 4111 enim
2800 4054 2845 4109 si
2868 4069 3055 4108 aurum
3084 4053 3137 4107 iu
3161 4067 3374 4109 crume-

1805 4164 1925 4204 nam
1956 4149 2171 4212 misero,
2193 4147 2499 4217 constringo
2520 4146 2661 4200 illam
2685 4152 2741 4201 et
2759 4145 2999 4215 obsigno,
3026 4159 3094 4200 ne
3120 4159 3206 4200 me
3236 4142 3372 4199 forte

1802 4244 2021 4298 absente
2046 4240 2129 4294 fur
2156 4238 2383 4307 abripiat
2411 4255 2425 4292 :
2454 4238 2532 4292 sic
2559 4237 2720 4292 etiam
2763 4250 2888 4306 erga
2915 4244 3149 4290 vestram
3173 4235 3366 4290 carita-

1804 4342 1909 4389 tem
1935 4348 2021 4387 me
2043 4347 2172 4402 gero
2203 4347 2216 4383 :
2248 4328 2503 4384 doctrina:
2522 4327 2829 4382 assiduitate
2851 4326 3155 4396 constringo
3177 4365 3193 4390 ,
3228 4335 3282 4380 et
3301 4325 3373 4378 si-

1799 4426 1983 4496 gillum
2019 4437 2260 4494 appono,
2312 4430 2650 4489 mentemque
2691 4430 2922 4473 vestram
2965 4420 3253 4480 confirmo,
3303 4431 3374 4471 ne

1801 4519 1943 4572 iners
1969 4527 2021 4571 et
2042 4513 2262 4570 evanida
2284 4511 2531 4582 'segnilie
2574 4509 2826 4564 reddatur
2844 4548 2859 4572 ,
2889 4507 2984 4562 sed
3013 4515 3070 4562 ut
3094 4521 3211 4562 eam
3237 4520 3371 4561 cou-

1801 4623 2020 4665 servans
2051 4607 2224 4677 potius
2249 4620 2311 4659 ea
2354 4603 2760 4674 tranquillitate,
2805 4614 2964 4670 quam
2993 4600 3079 4653 hic
3124 4598 3369 4668 percipit,

1798 4711 2073 4757 externum
2100 4712 2313 4754 omnem
2342 4696 2621 4751 tumultum
2652 4694 2924 4765 repellam.
2954 4690 3069 4746 Non
3094 4706 3222 4761 ergo
3246 4701 3369 4746 suat

1797 4790 2028 4847 hominis
2053 4788 2289 4859 loquacis
2316 4787 2475 4843 verba
2495 4828 2509 4851 ,
2537 4801 2656 4856 quae
2680 4785 2937 4848 dicimus;
2979 4782 3072 4837 sed
3111 4781 3371 4837 sollicitu-

1794 4885 1970 4940 dinem
1994 4924 2011 4949 ,
2038 4890 2313 4952 paternum
2352 4877 2595 4933 allectum
2634 4886 2689 4932 et
2712 4874 2945 4932 doctoris
2981 4888 3217 4930 amorem
3257 4888 3369 4942 prae

1793 4989 1854 5030 se
1880 4973 2071 5037 ferunt,
2101 4986 2167 5026 ne
2194 4970 2414 5026 efﬂuant
2446 4983 2564 5038 qua:
2582 4967 2847 5022 dicuntur.
2880 4964 3136 5036 Equidem
3159 4963 3225 5017 ad
3255 4963 3369 5017 iure

1790 5065 2013 5123 dicenda
2037 5064 2254 5119 minime
2278 5062 2455 5131 segnis
2475 5075 2622 5124 sum,
2653 5059 2803 5113 vobis
2826 5068 3003 5113 autem
3027 5056 3364 5114 securitatem

1791 5155 2019 5225 idipsum
2048 5153 2181 5224 parit
2208 5170 2222 5207 :
2249 5152 2444 5208 docere
2468 5151 2590 5205 volo
2609 5192 2625 5214 ,
2670 5164 2777 5204 non
2804 5146 3176 5204 ostentationis
3201 5158 3361 5202 causa

1789 5245 1983 5301 facere.
2010 5244 2126 5300 Non
2147 5254 2231 5300 est
2258 5244 2417 5315 igitur
2442 5241 2583 5297 ullus
2606 5242 2693 5312 qui
2722 5249 2938 5311 peccato
2962 5247 3163 5302 careat,
3190 5250 3364 5306 neque

1789 5346 2036 5408 peccator
2065 5335 2203 5391 ullus
2232 5345 2350 5402 est,
2393 5334 2483 5405 qui
2516 5334 2717 5389 bonum
2743 5329 2958 5401 aliquod
2986 5343 3092 5385 non
3120 5325 3311 5383 habeat
3343 5344 3359 5383 :

1788 5426 1884 5484 sed
1926 5427 2177 5496 quoniam
2204 5426 2475 5495 utriusque
2498 5432 2679 5498 parata
2710 5430 2794 5477 est
2818 5418 3177 5476 remuneratio
3199 5459 3214 5483 ,
3242 5417 3365 5472 vide

1787 5516 1915 5589 quid
1944 5516 2054 5572 ﬁat.
2080 5517 2338 5572 Peccator
2366 5530 2547 5586 parem
2577 5513 2729 5570 bouis
2751 5513 2862 5568 suis
2890 5510 3079 5581 recipit
3103 5523 3354 5565 remuue-
3428 5500 3436 5513 ”

1787 5609 2049 5664 rationem
2074 5649 2091 5676 ,
2134 5609 2179 5663 si
2206 5609 2330 5679 quid
2357 5608 2436 5662 vel
2467 5606 2742 5662 minimum
2769 5604 2896 5659 boni
2922 5601 3114 5658 habeat
3139 5641 3155 5665 ,
3184 5609 3239 5655 et
3272 5599 3359 5668 jn—

1788 5711 1903 5758 stus
1929 5701 2157 5772 peccatis
2193 5702 2304 5757 suis
2345 5716 2439 5770 par
2463 5699 2715 5770 judicium
2757 5696 2978 5768 recipit,
3018 5693 3062 5749 si
3100 5692 3361 5749 tantillum
