3828 6226
416 324 555 381 1045

412 434 533 488 mali
572 430 775 489 fecerit.
806 432 942 501 Quid
967 448 1095 504 ergo
1122 434 1349 502 accidit,
1390 443 1444 489 et
1471 434 1595 504 quid
1640 434 1765 490 facit
1805 433 1989 490 Deus?

411 525 637 582 l’eccato
661 527 942 582 terminum
973 527 1236 593 deﬁnivit,
1279 537 1594 596 przrsentem
1623 527 1783 581 vitam
1812 536 1867 581 et
1905 525 1989 580 l'u-

412 623 590 670 turum
630 631 800 670 arvum
828 633 842 669 :
869 617 915 670 si
953 619 1071 686 quis
1099 631 1226 686 ergo
1276 616 1448 686 justus
1501 615 1698 684 fuerit,
1746 617 1836 686 qui
1865 615 1988 670 mali

409 705 678 776 quidpiam
712 707 1030 777 perpetrarit
1053 717 1107 762 et
1146 707 1235 762 hic
1268 709 1455 762 morbo
1493 708 1750 763 laborarit
1773 723 1836 763 ac
1865 723 1992 778 sup-

411 797 572 868 plieio
594 796 665 852 sit
691 797 912 853 allectus
931 840 947 864 ,
978 813 1044 852 ne
1082 798 1310 853 turberis
1333 839 1347 860 ,
1379 797 1472 854 sed
1501 799 1639 868 apud
1669 808 1720 854 te
1743 798 1916 870 cogita
1939 807 1994 855 et

412 889 578 946 dicito
607 889 820 960 :justus
851 891 951 946 iste
986 890 1256 961 quidpiam
1293 890 1416 945 mali
1447 890 1569 946 fecit
1595 891 1900 962 aliquando,
1939 901 1993 946 et

411 981 536 1035 illud
569 981 652 1036 hic
679 981 888 1050 recipit,
921 998 988 1037 ne
1013 983 1121 1037 illic
1150 983 1428 1052 plectatur.

479 1069 582 1126 Cur
615 1074 956 1142 peccatoribus
993 1090 1073 1127 res
1117 1089 1353 1143 prospere
1376 1073 1664 1128 succedant.
1693 1103 1764 1113 —
1786 1072 1994 1127 Rursus

414 1172 745 1230 peccatorem
776 1164 819 1218 si
846 1164 1041 1218 videris
1067 1163 1992 1234 rapientem,l'raudantem,sexcenta

409 1251 545 1306 mala
575 1261 964 1324 perpetrantcm
989 1296 1002 1316 ,
1036 1256 1124 1323 qui
1159 1257 1428 1325 prosperis
1457 1264 1631 1310 tamen
1656 1255 1993 1310 successibus

414 1351 630 1409 utatur,
673 1354 784 1398 tum
816 1351 870 1398 tu
901 1346 1069 1414 rogita
1119 1346 1313 1400 bonum
1357 1346 1571 1416 aliquod
1610 1362 1731 1402 eum
1766 1347 1891 1401 olim
1917 1349 1993 1402 ie-

409 1433 552 1488 cisse
573 1475 590 1499 ,
619 1449 681 1488 ac
705 1435 838 1490 bona
869 1435 1013 1489 illum
1044 1435 1129 1490 hic
1155 1437 1392 1506 recipere
1410 1478 1424 1503 ,
1467 1452 1535 1492 ne
1561 1437 1667 1492 illic
1691 1437 1990 1493 mercedem

409 1532 674 1593 reposcat.
721 1525 794 1579 lta
818 1524 1140 1595 licetjustus
1178 1527 1552 1597 sitquispiam,
1592 1535 1646 1582 et
1670 1529 1866 1599 aliquid
1894 1529 1991 1582 ad-

409 1616 548 1669 versi
573 1614 838 1684 patiatur,
887 1616 971 1671 hic
1012 1615 1211 1671 idcirco
1232 1618 1458 1687 recipit,
1502 1626 1561 1672 ut
1598 1617 1685 1672 hic
1717 1629 1990 1688 peccatum

408 1705 674 1777 deponat;
707 1717 762 1761 et
801 1723 966 1777 purus
997 1708 1119 1762 illuc
1146 1707 1406 1764 discedat.
1437 1709 1590 1777 Quod
1613 1711 1658 1766 si
1685 1710 1844 1766 fuerit
1867 1727 1995 1781 pec-

406 1807 556 1851 cator
583 1798 774 1866 aliquis
814 1798 1079 1853 sexcentis
1121 1799 1274 1853 malis
1311 1807 1626 1870 coopertus,
1656 1808 1712 1855 et
1736 1801 1826 1870 qui
1864 1796 1988 1856 sexl

406 1891 576 1945 centis
605 1890 985 1944 insanabilibus
1023 1889 1222 1944 morbis
1258 1890 1499 1956 laboret,
1537 1892 1625 1960 qui
1666 1892 1857 1960 rapiat,
1900 1891 1988 1962 qui

409 1980 618 2036 l'raudet
643 1998 657 2035 :
689 1981 888 2035 ideirco
914 1996 1168 2052 prOSpero
1190 1997 1368 2036 rerum
1394 1997 1644 2037 successu
1669 1982 1890 2049 fruitur,
1921 1999 1990 2039 ne

408 2071 713 2126 mercedem
757 2071 866 2128 illic
903 2081 1130 2143 repetat.
1181 2072 1442 2141 Quoniam
1469 2088 1597 2143 ergo
1640 2081 1696 2129 et
1733 2074 1987 2130 Lazarum

409 2179 624 2238 peccata
640 2170 879 2240 quaadam
901 2170 1095 2226 habere
1119 2173 1437 2242 contigerat,
1459 2181 1513 2228 et
1536 2172 1755 2227 divitem
1776 2168 1990 2239 aliquod

407 2259 604 2314 bonum
635 2259 862 2326 habere,
919 2270 1198 2331 propterea
1229 2263 1356 2318 dicit
1390 2263 1655 2318 Abraham
1689 2281 1703 2317 :
1731 2263 1862 2318 nihil
1904 2261 1990 2318 hic

408 2352 637 2420 require,
669 2351 806 2406 bona
830 2353 936 2408 illic
959 2363 1047 2410 tua
1071 2357 1339 2425 recepisti,
1367 2365 1418 2410 et
1444 2355 1677 2411 Lazarus
1705 2355 1842 2410 mala
1870 2369 1986 2410 sua.

410 2443 582 2512 Atque
604 2451 660 2498 ut
683 2443 947 2514 intelligas
968 2444 1082 2500 haac
1116 2461 1143 2497 a
1177 2461 1262 2500 me
1291 2455 1493 2501 temere
1517 2462 1622 2501 non
1650 2445 1776 2511 dici,
1803 2461 1986 2500 verum

409 2533 482 2588 ita
528 2549 588 2590 se
639 2551 751 2590 rem
787 2535 1013 2603 habere,
1043 2537 1214 2593 dicit:
1247 2537 1500 2608 Recepisti
1541 2540 1670 2593 bona
1709 2549 1815 2596 tua.
1860 2541 1990 2606 Qua:

409 2625 670 2681 tandem?
717 2626 912 2682 Fecisti
953 2628 1148 2698 aliquid
1191 2629 1363 2684 boni?
1398 2631 1661 2699 Recepisti
1689 2646 1818 2700 Opes
1847 2639 1986 2694 tuas,

407 2716 686 2772 sanitatem
707 2757 727 2783 ρ
755 2717 1003 2785 delicias,
1037 2720 1323 2787 potentiam
1344 2761 1358 2786 ,
1389 2720 1644 2777 honorem
1678 2738 1691 2775 :
1724 2721 1854 2777 nihil
1894 2721 1987 2778 tibi

1120 324 1178 382 S.
1217 323 1494 382 JOANNIS
1527 323 1997 381 CllRYSOSTOMl
2040 321 2358 381 ARCIIIEP.
2397 325 2934 383 CONSTANTINOP.

3552 327 3679 384 ΜΗ

2093 433 2339 504 debetur,
2368 438 2612 506 recepisti
2638 439 2773 493 bona
2801 448 2911 494 tua.
2959 439 3093 506 Quid
3121 439 3276 510 igitur
3296 439 3322 493 ?
3348 439 3565 495 Nihilne
3587 441 3655 497 La

2095 543 2251 583 zarus
2278 529 2554 598 peccavit?
2583 531 2693 583 lmo
2719 546 2866 594 vero,
2892 540 2946 586 et
2974 531 3207 585 Lazarus
3227 532 3364 585 mala
3392 548 3490 586 sua
3522 550 3538 583 τ
3562 547 3679 585 cum

2095 625 2150 673 tu
2182 619 2318 674 bona
2349 632 2434 674 tua
2463 620 2706 691 recepisti
2727 663 2743 688 ,
2785 632 2895 674 tum
2936 620 3167 676 Lazarus
3194 621 3372 676 mala:
3401 632 3679 693 propterea

2096 725 2236 765 nunc
2279 709 2379 765 iste
2422 713 2765 778 consolatur,
2827 721 2880 765 tu
2924 727 3054 766 vero
3092 712 3367 766 cruciaris.
3416 713 3602 782 Itaque
3637 715 3680 769 si

2095 800 2306 870 quando
2341 801 2544 871 justum
2574 802 2772 857 videris
2809 801 2894 856 hic
2935 803 3178 873 punitum
3209 846 3222 867 ,
3272 805 3489 858 beatum
3531 804 3681 859 illum

2095 894 2346 964 praedira,
2375 902 2430 948 et
2449 895 2613 949 dicito
2647 913 2660 948 :
2687 895 2864 965 justus
2890 895 2979 950 hic
3003 896 3084 950 vel
3115 906 3390 965 peccatum
3417 896 3602 961 habet,
3632 906 3684 952 et

2096 987 2221 1042 illud
2249 988 2474 1057 recipit,
2505 1003 2569 1043 ac
2610 1003 2772 1057 purus
2812 989 2936 1043 illuc
2972 988 3120 1042 abit:
3149 999 3240 1043 aut
3268 989 3386 1060 plus
3429 990 3684 1057 plectitur

2095 1095 2253 1150 quam
2285 1080 2534 1148 peccarit,
2562 1089 2615 1135 et
2641 1079 2714 1134 illi
2741 1081 3216 1149 accessiojustitia:
3242 1091 3539 1150 reputatur.
3571 1081 3680 1138 Illic

2095 1172 2237 1227 enim
2283 1173 2418 1227 ratio
2453 1180 2768 1242 supputatur
2792 1215 2808 1238 ,
2856 1175 3033 1243 aitque
3072 1173 3217 1242 justo
3253 1173 3388 1227 Deus
3424 1191 3438 1226 :
3479 1184 3683 1228 tantum

2097 1264 2261 1320 habes
2285 1281 2314 1319 a
2343 1281 2430 1320 me
2458 1283 2471 1318 :
2503 1265 2727 1319 fortasse
2766 1279 2892 1318 vero
2929 1265 3116 1319 decem
3157 1265 3342 1319 obolos
3372 1264 3450 1318 illi
3490 1265 3679 1332 credit,

2095 1365 2150 1412 et
2176 1357 2431 1412 rationem
2479 1357 2552 1412 illi
2592 1356 2778 1412 decem
2818 1357 3092 1410 obolorum
3121 1356 3383 1410 subducit.
3441 1357 3596 1422 Quod
3639 1357 3682 1411 si

2095 1450 2282 1505 obolos
2325 1449 2594 1520 sexaginta
2637 1447 2982 1516 expenderit,
3029 1447 3104 1501 ait
3151 1447 3226 1500 illi
3263 1448 3443 1501 Deus:
3487 1448 3682 1508 Decem

2097 1539 2188 1596 tibi
2215 1539 2400 1594 obolos
2427 1539 2631 1608 imputo
2653 1538 2721 1591 ad
2753 1547 3047 1606 peccatum,
3077 1547 3125 1590 et
3150 1537 3215 1590 ad
3238 1537 3498 1604 justitiam
3527 1537 3684 1606 quin-

2093 1632 2363 1703 quaginta.
2405 1631 2600 1686 Verum
2627 1641 2682 1685 ut
2711 1630 2886 1685 discas
2907 1629 2958 1683 id
2981 1669 2997 1694 ,
3029 1629 3169 1698 quod
3207 1638 3402 1691 restat,
3434 1631 3501 1683 ad
3521 1629 3682 1698 justi-

2095 1725 2221 1778 tiam
2239 1723 2312 1778 illi
2339 1723 2593 1792 reputari,
2607 1723 2783 1791 justus
2803 1729 2917 1776 erat
2940 1720 3061 1784 Joh,
3090 1721 3206 1775 sine
3224 1719 3472 1785 crimine,
3493 1735 3680 1784 verax,

2092 1814 2273 1869 colens
2299 1814 2463 1868 Deum
2489 1855 2504 1879 ,
2545 1812 2819 1867 abstinens
2847 1811 2916 1865 ab
2942 1811 3087 1865 omni
3129 1810 3265 1863 mala
3303 1825 3403 1865 re:
3439 1811 3682 1879 punitum

2094 1904 2182 1960 hic
2209 1903 2306 1959 fuit
2343 1904 2460 1974 ejus
2487 1918 2717 1972 corpus,
2752 1913 2811 1957 ut
2849 1903 2954 1958 illic
2996 1901 3298 1956 mercedem
3341 1914 3680 1970 reposceret.

2091 1995 2229 2065 Quid
2257 1995 2398 2052 enim
2429 1997 2505 2050 ait
2531 1995 2604 2050 illi
2637 1995 2816 2048 Deus?
2856 1995 3017 2048 Aliter
3054 2004 3202 2065 putas
3229 2011 3307 2047 me
3342 1995 3435 2046 tibi
3472 2011 3684 2064 respono

2092 2085 2244 2152 disse,
2275 2103 2425 2158 quam
2449 2096 2501 2140 ut
2520 2102 2769 2156 appareas
2779 2086 2955 2154 justus
2985 2083 3128 2154 (Job.
3155 2083 3244 2139 40.
3279 2082 3373 2154 3)?
3421 2083 3680 2137 Eamdcut

2093 2179 2252 2250 igitur
2273 2194 2394 2233 cum
2425 2178 2582 2247 justis
2618 2177 2923 2246 patientiam
2957 2175 3305 2243 exhibentes,
3333 2184 3388 2230 et
3417 2176 3680 2244 :equalem

2093 2279 2254 2326 recta:
2300 2268 2509 2322 illorum
2551 2268 2941 2322 conversationi
2972 2265 3306 2321 tolerantiam
3334 2265 3682 2331 exhibentes,

2095 2367 2274 2431 parata
2303 2358 2500 2413 sanctis
2544 2359 2708 2412 Deum
2746 2358 3090 2428 diligentibus
3130 2357 3266 2411 hom
3315 2356 3683 2425 recipiamus:

2093 2469 2210 2523 quzu
2237 2452 2390 2507 nobis
2414 2450 2661 2506 omnibus
2697 2451 2908 2518 assequi
2939 2451 3211 2520 contingat
3246 2449 3419 2518 gratia
3447 2456 3505 2503 et
3530 2446 3685 2502 beni-

2092 2545 2296 2613 gnitate
2328 2543 2537 2596 Domini
2569 2542 2740 2596 nostri
2769 2541 2894 2597 Jesu
2913 2540 3153 2606 Christi,
3179 2541 3265 2595 cui
3289 2539 3466 2612 gloria
3497 2548 3556 2595 et
3584 2539 3680 2593 im-

2094 2634 2297 2704 perium
2325 2632 2378 2687 in
2401 2631 2595 2689 saecula
2620 2629 2968 2687 saeculorum.
3001 2630 3200 2690 Amen.

491 2968 3624 3008 Mx:

616 3206 700 3269 ΙΝ
729 3202 1136 3268 HOMILIAM
1171 3203 1582 3268 ADVERSUS
1616 3203 1761 3266 EOS
1788 3202 1923 3276 QUI
1949 3205 2056 3265 AD
2085 3181 2341 3267 LUDOS
2371 3205 2791 3266 CIRCENSES
2820 3205 3492 3272 PROFlClSCUNTUR

513 3719 664 3774 lianc
691 3717 1010 3772 concionem
1040 3715 1093 3770 in
1138 3714 1279 3771 serie
1309 3711 1654 3768 bomiliarum
1697 3711 1762 3767 de
1797 3710 2007 3765 Lazaro

446 3833 810 3905 repone-dam
841 3847 962 3888 esse
1009 3829 1492 3902 deprehendimus.
1538 3826 1749 3882 Etenim
1782 3842 2010 3883 numero

447 3952 503 4016 5,
558 3949 625 4005 de
663 3947 857 4002 Lasari
903 3955 959 4002 et
1017 3945 1201 4000 divitis
1259 3943 1520 4016 parabola
1577 3957 1702 3997 mox
1759 3941 2010 3997 dicturus

449 4064 892 4134 Clnysostomus,
923 4059 1004 4114 sic
1050 4058 1252 4113 habet:
1294 4056 1468 4112 Unum
1497 4057 1660 4126 igitur
1696 4069 1760 4108 ea:
1814 4053 1880 4107 iis
1922 4053 2012 4122 qui

449 4175 737 4245 perlatam
771 4173 904 4225 hanc
947 4180 1155 4242 portam
1201 4171 1493 4231 intrarunt,
1545 4176 1595 4221 et
1620 4181 1779 4219 unum
1831 4179 1896 4218 ea:
1947 4164 2014 4218 iis

452 4289 541 4356 qui
573 4303 666 4356 per
697 4294 979 4357 angustam
999 4293 1048 4338 et
1076 4293 1281 4337 arctam
1309 4282 1448 4334 viam
1493 4281 1814 4334 incesserunt
1875 4277 2016 4333 vobis

456 4401 509 4453 in
542 4399 771 4453 medium
797 4397 1143 4468 proferentes,
1176 4410 1357 4449 eorum
1386 4409 1504 4464 qua:
1538 4411 1570 4447 a
1600 4391 1826 4447 Domino
1874 4391 2017 4445 dicta

457 4522 577 4565 sunt
607 4507 879 4565 veritatem
910 4509 1268 4574 ostendamus,
1293 4518 1345 4562 et
1380 4508 1562 4562 eadem
1590 4523 1775 4560 rursus
1808 4504 2021 4559 Domini

457 4622 717 4692 parabola
751 4631 984 4676 utamur.
1014 4619 1080 4674 Et
1111 4621 1297 4690 paucis
1331 4619 1664 4690 interpositis
1707 4632 1802 4673 eos
1830 4618 2020 4673 eadem

461 4741 722 4810 parabola
747 4739 858 4810 jam
883 4739 1125 4796 imbutos
1173 4738 1478 4803 declarans,
1540 4736 1620 4794 sic
1668 4735 1887 4806 pergit:
1946 4734 2024 4789 Ac

2107 3712 2218 3766 scio
2245 3711 2480 3781 equidem
2514 3728 2599 3766 vos
2647 3711 2881 3766 homines
2912 3729 3235 3784 perspicaces
3258 3714 3377 3782 jam
3424 3720 3575 3785 quod
3606 3722 3686 3772 di-

2109 3832 2247 3882 cturi
2279 3831 2447 3882 simus
2476 3828 2782 3900 intelligere,
2848 3829 3189 3883 nihilominus
3231 3840 3404 3884 tamen
3466 3851 3498 3885 a
3537 3837 3687 3888 nobis

2111 3941 2220 3995 dici
2252 3959 2458 3998 necesse
2481 3952 2576 3996 est.
2612 3943 2680 3997 Et
2709 3953 2895 4012 postea
2923 3944 2989 3998 de
3016 3943 3181 3999 divite
3205 3953 3260 3999 et
3304 3943 3522 4000 Lazaro
3571 3947 3688 4014 pln-

2113 4056 2266 4111 ribus
2309 4055 2438 4126 agit.
2489 4055 2710 4110 Demum
2761 4069 2989 4110 numero
3031 4056 3102 4120 5,
3139 4065 3434 4126 postquam
3495 4055 3696 4110 Lazari

2114 4176 2344 4222 mortem
2393 4185 2516 4223 cum
2581 4169 2764 4224 divitis
2813 4169 2962 4223 obitu
3023 4169 3363 4224 contulerat:
3428 4169 3699 4222 Lubculr‘r

2115 4282 2275 4346 enim,
2320 4282 2429 4347 ait,
2485 4282 2618 4334 hanc
2661 4298 2765 4334 rem
2807 4297 2941 4349 sirpe
2982 4298 3147 4347 verso,
3177 4281 3346 4352 ἡδέως
3372 4281 3488 4351 γὰρ
3517 4283 3702 4334 ταῦτα.

2120 4391 2339 4462 στρὲφω
2371 4393 2628 4462 συνεχῶς,
2665 4403 2720 4446 ut
2750 4409 2899 4446 nemo
2930 4408 2996 4447 ea:
3027 4393 3159 4456 illis,
3193 4392 3281 4461 qui
3329 4403 3570 4461 egestate
3625 4394 3704 4446 ecl

2119 4502 2316 4558 morbis
2349 4513 2400 4557 et
2425 4503 2564 4573 [ante
2588 4515 2923 4571 premuntur.
2956 4519 3010 4557 se
3029 4511 3348 4564 contemnat.
3375 4514 3431 4556 et
3461 4505 3706 4572 seipsun.

2121 4617 2368 4671 miserum
2405 4617 2731 4680 arbitretur;
2761 4617 2852 4670 sed
2894 4617 3171 4685 patienter,
3227 4625 3334 4670 etc.
3367 4615 3451 4670 Ex
3490 4617 3709 4685 quibus

2122 4731 2472 4801 perspicuum
2527 4739 2631 4793 est,
2672 4729 2813 4785 hanc
2874 4729 3034 4798 paulo
3082 4737 3204 4800 post
3251 4727 3515 4783 humili-as
3583 4729 3712 4784 illas

437 4946 764 5033 ADVE‘iSUS
819 4988 956 5040 EOS.
1001 4990 1109 5043 QUI
1179 4992 1262 5033 AD
1305 4992 1501 5036 LUDOS
1571 4991 1907 5036 CIRCENSES
1947 4985 2524 5039 PBOFIGISCUNTUR,
2570 4984 2652 5026 ΕΤ
2693 4983 2755 5028 IN
2801 4983 2996 5026 ιιιωι
3045 4983 3394 5027 EVANGELII
3469 4985 3722 5036 LOCUI,

524 5067 798 5110 INTBATE
840 5066 960 5109 PER
1003 5069 1340 5113 ANGUSTAM
1383 5069 1662 5124 PORTAM,
1707 5069 1859 5123 QUIA
1902 5068 2064 5111 ιΔΤΑ
2108 5065 2334 5119 PORTA,
2366 5065 2447 5124 Ε’Ῑξ
2489 5062 2783 5124 81³ΔΤ105Δ
2843 5062 2953 5124 VIA
3000 5062 3138 5116 EST,
3183 5062 3326 5115 ρυλε
3377 5063 3597 5107 υυαι-ι·
3654 5066 3729 5107 All

524 5144 983 5200 runtrtoueu,
1029 5147 1109 5190 ET
1152 5149 1347 5191 num
1391 5150 1576 5208 sum,
1619 5117 1746 5202 om.
1771 5147 2050 5192 INTRANT
2081 5146 2201 5188 pen
2242 5117 2374 5186 sm
2423 5117 2690 5204 (Matth.
2733 5125 2794 5184 '1.
2825 5123 2946 5205 13)
2983 5143 2998 5182 :
3031 5141 3112 5183 ur
3139 5141 3253 5184 sua
3281 5141 3492 5187 manu
3522 5144 3600 5187 IN
3643 5143 3729 5186 ot-

524 5224 726 5268 vrreu
769 5225 850 5267 ΕΤ
890 5225 956 5268 ιη
999 5225 1292 5271 “unum
1322 5209 1434 5291 (a).

2019 5329 2102 5345 ﬂ

2133 5421 2461 5492 Spiritualem
2504 5431 2744 5475 mensam
2775 5415 2925 5470 vobis
2967 5427 3276 5484 apponere:
3313 5413 3410 5468 sed
3443 5414 3606 5485 piget
3655 5429 3731 5468 me

2129 5523 2478 5584 cunctorque,
2505 5511 2634 5567 dum
2659 5509 2818 5566 video
2843 5507 3046 5563 nullum
3073 5519 3169 5562 vos
3185 5522 3253 5562 ex
3276 5506 3499 5561 assidua
3532 5506 3731 5562 docui-

2135 5620 2201 5660 na
2248 5603 2477 5660 fructum
2517 5615 2727 5674 cepere.
2765 5598 3201 5670 Quandoquidem
3230 5597 3465 5669 agricola
3507 5613 3729 5669 quoque

553 5461 567 5474 .
599 5423 918 5479 Consuetam
961 5439 1144 5479 rursus
1169 5425 1429 5494 attingere
1454 5423 1750 5478 doctrinam
1776 5423 1899 5478 volo
1922 5464 1937 5490 ,
1967 5431 2024 5477 et

517 5423 540 5478 l

506 5531 581 5643 θα)
613 5533 788 5584 Collata
812 5545 922 5583 uim
943 5539 1050 5608 uss.
1070 5535 1230 5613 Regiis
1245 5533 1386 5594 1964,
1413 5533 1531 5607 l9_15
1555 5547 1573 5606 ς
1593 5532 1880 5608 colbertlnis
1910 5531 2023 5604 ξδι,

541 5630 556 5643 .
586 5595 723 5643 1050.
742 5601 793 5643 In
811 5594 1192 5643 contemnam
1214 5597 1318 5643 haec
1339 5594 1531 5643 hormha
1560 5599 1832 5643 ωὼιιω-
1854 5603 2023 5643 Quinta

444 5592 793 5709 Ξεῖἷῶῡςὲἁξη
811 5592 1192 5648 εοωεηίηοὸῧι
1214 5597 1318 5646 haec
1339 5592 1531 5646 hamilia
1560 5597 1832 5647 inscribitur
1854 5595 2024 5652 Quinta

3779 457 3792 580 ὗ

3757 5841 3792 6069 l
