3828 6226
434 276 579 334 ιοιεῑ

431 390 650 446 ἐπειδὰν
693 385 905 456 δαψιλεῖ
930 385 995 455 τῇ
1033 385 1171 453 χειρὶ
1201 384 1268 434 τά
1304 381 1592 451 σπέρματα
1629 382 1739 442 τοῖς
1779 381 1999 439 κόλποις

432 476 529 544 τῆς
560 472 662 542 γῆς
698 466 1177 541 παρακατάθηται,
1232 464 1325 517 καὶ
1376 464 1452 534 μὴ
1485 463 1640 526 ἀξίαν
1673 461 1779 514 τῶν
1829 460 2005 513 πόνων

433 556 518 627 [an
556 555 655 624 τὴν
687 553 923 623 βλάστην
953 549 1266 620 γινομένην,
1295 547 1355 598 οῦ
1382 545 1522 616 μετά
1546 545 1644 615 τῆς
1676 544 2004 627 αύτῆςλπρο-

432 625 633 708 θυμίας
658 636 757 705 τῆς
792 632 1069 705 γεωργίας
1097 631 1326 685 ἀπτεται
1350 646 1363 659 ·
1403 631 1436 700 ἡ
1462 627 1570 698 γάρ
1603 627 1755 689 ἐλπὶς
1789 625 1875 678 ἀεὶ
1904 625 2004 694 τῆς

429 721 542 773 τῶν
573 717 799 790 καρπῶν
822 716 994 786 φορᾶς
1025 714 1390 783 ὑποτέμνεται
1421 711 1482 764 τὸ
1508 711 1644 782 βαρὺ
1675 708 1783 762 τῶν
1809 708 2001 761 πόνων.

432 806 536 859 Τὸν
563 804 726 857 αὐτὸν
753 801 818 873 δὴ
842 801 1042 872 τρόπον
1073 799 1167 851 καὶ
1200 799 1358 868 ἡμεῖς
1383 796 1475 850 τὸν
1514 795 1680 848 πολὺν
1704 793 1889 847 τοῦτον
1910 791 2006 843 πό-

431 903 520 939 νον
546 886 647 956 τῆς
671 881 1018 944 διδασκαλίας
1040 880 1257 949 κούφως
1290 878 1355 932 ἂν
1380 878 1712 948 ἠνέγκαμεν,
1740 876 1787 929 εἰ
1807 873 2006 945 ἐμάθο-

432 987 532 1040 μεν
565 967 726 1022 πλέον
756 984 808 1019 τι
824 965 1109 1036 γινόμενον
1134 963 1199 1015 ἐκ
1227 962 1323 1032 τῆς
1347 959 1722 1032 παραινέσεως
1748 958 1845 1028 τῆς
1863 958 2000 1040 ἡμε-

427 1039 593 1122 τέρας
624 1051 704 1113 εἰς
745 1047 1012 1118 ὠφέλειαν
1033 1047 1133 1115 τὴν
1172 1043 1462 1115 ὑμετέραν.
1491 1043 1627 1096 Νυνὶ
1653 1043 1710 1096 δὲ
1728 1043 1855 1095 ὅταν
1883 1039 2006 1094 θεα-

429 1134 654 1205 σώμεθα
674 1174 689 1195 ,
724 1134 807 1186 ὅτι
843 1130 983 1203 μετὰ
1014 1129 1114 1192 τὰς
1146 1128 1418 1190 τοσαύτας
1449 1126 1606 1198 ἡμῶν
1635 1125 2003 1207 παραινέσεις,

429 1217 568 1289 μετά
599 1217 696 1280 τὰς
724 1214 995 1277 τοσαύτας
1038 1210 1320 1274 νουθεσίας
1365 1210 1458 1263 καὶ
1499 1208 1816 1280 ἐπιπλήξεις
1851 1207 2005 1273 (οὐδὲ

426 1302 535 1373 γὰρ
563 1297 923 1370 ἐπαυσάμεθα
945 1296 1184 1367 συνεχῶς
1207 1295 1351 1366 ὑμᾶς
1382 1294 1889 1364 ὑπομιμνήσκοντες
1913 1292 2004 1346 τοῦ

426 1383 658 1456 φοϐεροῦ
680 1381 1028 1453 δικαστηρίου
1050 1381 1143 1434 καὶ
1166 1378 1273 1431 τῶν
1300 1377 1539 1431 εὐθυνῶν
1564 1377 1671 1430 τῶν
1693 1378 2002 1448 ἀπαραιτή-

424 1486 554 1532 των,
569 1468 664 1521 καὶ
680 1466 773 1520 τοῦ
798 1465 967 1536 πυρὸς
980 1463 1189 1517 ἐκείνου
1213 1459 1307 1513 τοῦ
1328 1460 1612 1521 ἀσϐέστου,
1634 1461 1842 1513 καὶτοῦ
1867 1464 2006 1512 σκὼ-

426 1552 589 1620 ληκος
618 1548 715 1602 τοῦ
749 1545 1151 1616 ἀτελευτήτου).
1189 1543 1334 1605 τινές
1362 1542 1470 1595 τῶν
1493 1543 1666 1596 ταῦτα
1698 1544 2004 1596 ἀκουόντων

427 1634 582 1704 (οὐδὲ.
612 1634 722 1704 γὰρ
752 1633 893 1686 κατά
923 1630 1142 1682 πάντων
1167 1628 1385 1696 ἐκφέρω
1413 1628 1512 1696 τὴν
1551 1627 1751 1697 ψῆφον,
1782 1628 1856 1696 μὴ
1906 1629 2002 1695 γέ-

424 1717 623 1783 νοιτο),
654 1717 871 1769 πάντων
907 1712 1113 1766 τούτων
1159 1708 1563 1779 ἐπιλαθόμενοι,
1594 1709 1756 1762 πάλιν
1776 1712 1868 1763 ἐπὶ
1906 1712 2003 1779 τὴν

425 1800 723 1869 σατανικὴν
746 1797 981 1866 Θεωρίαν
1013 1794 1113 1863 τῆς
1153 1792 1514 1861 ἱπποδρομίας
1539 1793 1766 1857 ἑαυτοὺς
1787 1793 2005 1846 ἐκδεδώ-

425 1900 576 1947 κασι,
628 1883 757 1953 ποίᾳ
809 1881 994 1933 λοιπὸν
1035 1875 1332 1950 προσδοκίᾳ
1372 1875 1479 1927 τῶν
1528 1876 1709 1929 αὐτῶν
1751 1875 2005 1945 ἀψόμεθα

424 1967 625 2029 πόνων,
661 1966 752 2018 καὶ
784 1964 881 2034 τὴν
909 1959 1256 2017 διδασκαλίαν
1288 1958 1469 2021 αὐτοῖς
1486 1958 1689 2028 ταύτην
1715 1959 1814 2028 τὴν
1842 1976 2004 2011 πνευ-

426 2050 663 2120 ματικὴν
699 2046 1116 2117 παραθήσομεν,
1141 2042 1376 2113 ὁρῶντες
1416 2042 1580 2113 μηδὲν
1611 2042 1771 2095 πλέον
1806 2042 2002 2104 αὐτοὺς

421 2130 672 2185 ἐντεῦθεν
731 2128 1167 2200 καρπουμένους,
1217 2128 1329 2181 ἀλλ’
1365 2125 1553 2188 ἁπλῶς
1595 2124 1853 2195 συνηθείᾳ
1896 2126 2004 2177 τινὶ

422 2213 973 2275 κατακολουθοῦντας,
1003 2210 1096 2263 καὶ
1122 2208 1449 2281 κροτοῦντας
1482 2209 1578 2279 μὲν
1606 2207 1672 2259 τὰ
1699 2209 1826 2280 παρ’
1847 2208 2002 2278 ἡμῶν

419 2298 709 2367 λεγόμενα,
734 2295 828 2347 καὶ
853 2291 1166 2355 δεικνύντας
1197 2293 1328 2363 ἡμῖν
1363 2291 1437 2353 ὡς
1468 2289 1585 2360 μεθ’
1613 2291 1806 2361 ἡδονῆς
1821 2290 2003 2361 δέχον-

419 2399 508 2433 ται
532 2381 656 2442 τοὺς
678 2377 983 2448 ἡμετέρους
1012 2375 1226 2443 λόγους,
1253 2373 1345 2426 καὶ
1372 2374 1507 2443 μετά
1535 2372 1693 2424 τοῦτο
1725 2373 1884 2425 πάλιν
1908 2373 2002 2425 ἐπὶ

419 2464 509 2516 τὸν
539 2462 873 2531 ἱππόδρομον
908 2460 1238 2531 τρέχοντας,
1287 2459 1382 2511 καὶ
1425 2457 1680 2527 μείζονας
1715 2457 1844 2520 τοὺς
1875 2458 2002 2527 κρό-

418 2562 544 2607 τους
566 2545 661 2596 ἐπὶ
679 2545 805 2605 τοὺς
830 2543 1072 2613 ἡνιόχους
1090 2540 1563 2610 ἐπιδεικνυμένους
1585 2539 1676 2592 καὶ
1701 2539 2001 2593 ἀκάθεκτον

418 2630 515 2701 τὴν
550 2628 763 2701 μανίαν,
803 2628 896 2680 καὶ
938 2624 1074 2696 μετά
1103 2623 1299 2677 πολλοῦ
1350 2623 1443 2676 τοῦ
1491 2624 1647 2675 τόνου
1683 2624 2003 2693 συντρέχον-

417 2730 536 2778 τας,
569 2712 664 2766 καὶ
692 2710 827 2781 πρὶς
854 2707 1115 2778 ἀλλήλους
1146 2706 1407 2769 πολλάκις
1447 2706 2000 2778 διαπληκτιζομένους

421 2797 516 2850 καὶ
545 2795 820 2862 λέγοντας,
847 2793 929 2845 ὃτι
952 2793 980 2843 ό
1017 2790 1116 2860 μέν
1144 2802 1170 2830 α
1199 2790 1302 2843 τῶν
1333 2789 1516 2842 ἵππων
1541 2790 1602 2842 οῦ
1641 2789 1823 2853 καλῶς
1844 2790 2001 2861 έδρα-

425 2897 546 2950 μεν,
585 2881 613 2931 ό
637 2879 693 2932 δὲ
727 2874 1137 2937 ὑποσκελισθείς
1164 2874 1487 2937 κατέπεσεν,
1521 2875 1615 2927 καὶ
1643 2875 1672 2926 ό
1698 2873 1797 2944 μὲν
1825 2873 2000 2943 τούτῳ

419 2961 498 3031 τῷ
534 2960 733 3031 ἡνιόχῳ
783 2958 974 3011 ἐαυτὸν
1019 2958 1334 3027 πρδσνέμει,
1368 2958 1395 3009 ὁ
1425 2956 1481 3008 δὲ
1520 2957 1597 3026 τῷ
1654 2956 1863 3027 ἐτέρῳο
1907 2958 2001 3010 καὶ

419 3044 654 3114 οὐδαμοῦ
683 3043 863 3097 ἔννοια
891 3040 1012 3094 οὐδὲ
1035 3040 1338 3109 ὑπόμνησις
1362 3039 1469 3091 τῶν
1496 3039 1779 3109 ἡμετέρων
1805 3038 1997 3107 λόγων,

418 3128 536 3180 οὐδὲ
570 3128 676 3179 τῶν
706 3123 1094 3194 πνευματικῶν
1130 3123 1221 3175 καὶ
1258 3122 1501 3192 φρικτῶν
1549 3121 1864 3192 μυστηρίων
1891 3121 1998 3173 τῶν

417 3210 651 3264 ἐνταῦθα
683 3210 1044 3280 τελουμένων,
1080 3207 1218 3260 ἀλλά
1242 3207 1495 3277 καθάπερ
1538 3206 1872 3277 αἰχμάλωτοι
1909 3223 1999 3275 γε-

418 3295 634 3364 νόμενοι
663 3294 767 3346 ὑπὸ
800 3293 908 3344 τῶν
945 3292 1038 3343 τοῦ
1090 3291 1337 3343 διαϐόλου
1374 3291 1641 3358 παγίδων,
1677 3293 1793 3343 ἐκεῖ
1819 3290 2001 3361 διημε-

422 3379 657 3449 ρεύουσι,
692 3381 758 3446 τῇ
801 3378 1063 3446 σατανικῇ
1110 3374 1313 3445 θεωρία
1362 3374 1588 3437 ἑαυτοὺς
1618 3373 1995 3440 ἐκδεδωκότες,

417 3463 513 3513 καὶ⁵
546 3462 625 3523 εἰς
652 3458 914 3528 αἰσχύνην
937 3457 1290 3528 προκείμενοι
1323 3457 1416 3509 καί
1456 3456 1728 3519 Ἰουδαίοις
1746 3457 1840 3509 καὶ
1866 3456 1995 3509 Ἕλ-

417 3544 541 3611 λησι
575 3543 669 3594 γαὶ
699 3544 812 3602 τοῖς
849 3542 918 3593 τὰ
946 3541 1191 3610 ἡμέτερα
1222 3538 1499 3609 διασύρειν
1523 3538 1907 3609 βουλομένοις;

489 3627 583 3686 Τίς
608 3623 674 3676 ἂν
707 3620 820 3685 οὖν,
845 3623 947 3675 κᾶν
980 3617 1242 3695 σφόδραῇ
1276 3622 1496 3686 λίθινο;,
1527 3621 1561 3691 ἦ
1602 3623 1696 3674 καὶ
1734 3621 1997 3693 ἀναίσθη-

415 3725 528 3772 τος,
560 3706 733 3760 ταῦτα
758 3706 1073 3775 ἀναλγήτως
1112 3706 1355 3773 ἐνεγκεῖν
1399 3698 1723 3775 δυνήσεται,
1770 3710 1901 3777 μήτι
1934 3724 1995 3776 γε

415 3794 575 3861 ἡμεῖς
599 3792 648 3842 οί
683 3788 956 3860 πατρικὴν
1007 3788 1389 3858 φιλοστοργίαν
1420 3789 1550 3859 περὶ
1607 3789 1817 3852 πάντας
1853 3791 1996 3859 ὑμᾶς

416 3873 818 3927 ἐπιδείκνυσθαι
864 3873 1295 3935 σπουδάζοντεςς
1329 3872 1463 3924 Οὐδὲ
1494 3871 1603 3941 γὰρ
1642 3871 1802 3925 τοῦτο
1837 3875 1995 3943 μόνον

417 3959 535 4011 ἐστὶ⁵
566 3956 718 4029 [791]
747 3956 807 4009 τὸ
830 3955 1036 4009 λυποῦν
1069 3956 1354 4026 ἡμᾶς,,ὄτι
1390 3955 1649 4025 ἀνόνητον
1678 3956 1769 4008 τὸν
1797 3957 1994 4027 ἡμέτε-

419 4059 509 4113 ρον
537 4039 911 4093 ἐπιδείκνυσθε
959 4039 1206 4108 κάματον
1226 4081 1241 4104 ,
1273 4037 1409 4091 ἀλλά
1443 4036 1620 4108 πολλῷ
1652 4038 1812 4093 πλέον
1838 4033 2014 4110 ἡμῶν

416 4124 773 4185 καθάπτεται,
801 4123 928 4175 ὅταν
960 4122 1304 4192 ἐννοήσωμεν
1331 4121 1412 4173 ὃτι
1448 4121 1753 4192 βαρυτέραν
1782 4124 1996 4187 ἐαυτοῖς

414 4207 650 4261 οίταῦτα
676 4204 954 4268 ποιοῦντες
971 4204 1294 4275 ἐργάζονται
1310 4203 1407 4275 τὴν
1433 4203 1776 4275 κατάκρισιν.
1805 4206 1995 4276 Ἡμεῖς

414 4290 525 4361 γὰρ
550 4289 657 4342 τῶν
704 4290 882 4341 πόνων
930 4289 1029 4357 τὴν
1065 4286 1301 4357 ἀμοιὸἡν
1332 4288 1675 4357 ἀναμένομεν
1722 4291 1872 4360 παρά
1899 4291 1994 4342 τοῦ

414 4374 685 4427 Δεσπότου
708 4391 723 4404 ο
747 4371 808 4423 τὸ
840 4370 948 4441 γὰρ
977 4371 1247 4440 ἡμέτερον
1279 4368 1425 4423 ἆπαν
1469 4371 1868 4441 πεποιήκαμεν,
1901 4373 1996 4426 καὶ

413 4458 476 4510 τὸ
498 4456 759 4527 ἀργύριον
785 4454 1157 4523 κατεϐάλομεν
1176 4494 1191 4516 ,
1224 4453 1318 4506 καὶ
1349 4453 1410 4505 τὸ
1446 4453 1708 4508 τάλαντον
1741 4455 1803 4509 τὸ
1831 4458 1996 4527 ἐμπι-

414 4542 636 4595 στευθέν
683 4541 813 4612 ἡμῖν
844 4539 1214 4609 διενείμαμεν,
1271 4537 1366 4589 καὶ
1401 4530 1569 4589 ὀὐδὲν
1595 4537 1703 4591 τῶν
1735 4540 1816 4602 εἰς
1846 4541 1994 4609 ἡμᾶς

411 4625 655 4695 ἡκόντων
686 4623 1198 4694 παραλελοίπαμεν·
1229 4621 1279 4673 οἱ
1311 4619 1369 4672 δὲ
1398 4620 1467 4672 τὰ
1504 4620 1742 4691 ἀργύρια
1764 4620 1989 4691 δεξάμε-

411 4726 493 4763 νοι
517 4708 689 4761 ταῦτα
720 4710 789 4761 τὰ
822 4704 1191 4776 πνευματικὰ,
1225 4703 1384 4757 ποίαν
1426 4703 1670 4769 ἕξουσιν,
1715 4705 1837 4758 εἰπέ
1883 4725 1993 4776 μοι,

366 4784 373 4793 ’
410 4789 731 4857 ἀπολογίαν,
756 4788 914 4841 ποίαν
943 4789 1000 4842 δέ
1031 4788 1387 4857 συγγνώμην,
1409 4786 1537 4839 ὅταν
1568 4787 1643 4857 μὴ
1675 4787 1832 4856 μόνον
1857 4789 1996 4842 αύτά

411 4872 774 4935 ἀπαιτῶνται,
811 4871 946 4924 ἀλλὰ
979 4872 1073 4924 καὶ
1108 4871 1206 4940 τὴν
1238 4869 1443 4922 τούτων
1475 4870 1771 4940 ἐργασίαν;
1820 4872 1994 4936 ποίοις

411 4955 710 5025 ὀφθαλμοῖς
735 4954 953 5024 ὄψονται
975 4955 1068 5007 τὸν
1095 4954 1290 5025 κριτήν
1314 4971 1328 5019 ;
1362 4952 1476 5016 πῶς
1500 4954 1701 5007 οἴσουσι
1729 4955 1825 5026 τήν
1855 4957 1992 5027 ἡμέ-

416 5056 515 5110 ραν
553 5038 769 5106 ἐκείνην
794 5038 891 5108 τὴν
916 5038 1176 5107 φοϐερὰν,
1210 5036 1280 5089 τὰ
1317 5036 1653 5107 κολαστήρια
1683 5036 1751 5090 τὰ
1795 5039 1995 5111 ἀφόρη-

410 5138 512 5186 τα;
548 5121 640 5193 Μὴ
689 5120 799 5191 γὰρ
830 5123 908 5183 είς
938 5122 1160 5188 ἄγνοιαν
1191 5120 1375 5189 έχουσι
1434 5123 1800 5189 καταφυγεῖν;
1852 5125 1992 5177 Καθ’

409 5204 651 5276 ἑκάστην
680 5205 897 5275 ἡμέραν
936 5202 1261 5274 ἐνηχοῦμεν,
1317 5202 1719 5272 παραινοῦμεν,
1764 5222 1993 5277 1190195-

411 5287 645 5361 πόμεθα,
668 5286 985 5358 δεικνύομεν
1005 5286 1105 5355 τῆς
1129 5288 1342 5355 ἀπάτης
1365 5288 1454 5337 τὸν
1473 5284 1714 5357 ὖλεθρον,
1741 5287 1841 5358 τῆς
1868 5289 1993 5359 βλά-

409 5370 512 5440 ϐης
539 5371 603 5424 τὸ
630 5369 877 5442 μέγεθος,
909 5369 1008 5438 τῆς
1036 5368 1334 5437 σατανικῆς
1383 5368 1745 5440 πανηγύρεως
1780 5372 1871 5425 τὸν
1910 5373 1991 5425 δό-

408 5452 520 5521 λον,
545 5454 641 5509 καὶ
665 5453 788 5507 οὺδέ
820 5452 963 5506 οὓτω
1004 5451 1330 5505 καθικέσθαι
1362 5451 1732 5524 ἠδυνήθημεν.
1781 5455 1890 5508 Καὶ
1939 5458 1989 5508 τί

408 5535 553 5607 λέγω
579 5539 678 5610 τὴν
708 5537 922 5609 ἡμέραν
956 5537 1172 5607 ἐκείνην
1204 5537 1305 5607 τὴν
1336 5536 1603 5608 φοὸεράν;
1631 5538 1782 5603 Τέως
1811 5540 1877 5593 τὰ
1906 5542 1989 5592 ἐν-

464 5693 499 5725 ⁸
519 5692 645 5747 Tres
661 5707 775 5747 mss.
801 5696 1284 5758 διαπληκτιζομένους·
1307 5697 1428 5747 διατί
1452 5698 1478 5745 ὁ
1499 5698 1599 5760 μέν.

1098 266 1151 320 s.
1196 262 1481 320 JOANNIS
1520 264 2011 322 cnnvsosmm
2057 268 2381 326 MHZIIIEP.
2422 269 2974 327 CONSTANTINOP.
3587 256 3711 317 ius

2111 376 2290 430 ταῦθα
2327 379 2714 449 γυμνάσωμεν.
2744 373 3031 439 Πῶς,εἰπέ
3056 389 3164 445 μοι,
3196 370 3245 424 οί
3271 373 3370 440 τῆς
3409 374 3711 439 catamiti;

2110 459 2329 530 ἐκείνης
2364 462 2729 531 μετασχόντες
2759 460 2992 531 θεωρίας
3021 457 3350 526 δυνήσονται
3379 454 3529 523 μετά
3574 460 3709 529 παρ⁸

2113 542 2310 612 maia;
2362 542 2596 596 ἐνταῦθα
2639 542 3067 614 παραγενέσθαι,
3104 538 3166 592 τὸ
3205 536 3448 598 συνειδὸς
3496 536 3710 606 ἔχοντες

2110 625 2643 696 κατεξανιστάμενον
2701 627 2796 680 καί⁵
2852 622 3138 679 καταϐοῶν
3193 620 3446 691 μεγάλας
3487 622 3565 676 Ἦ
3616 623 3710 673 οῦκ

2109 707 2406 763 ἀκούουσιν
2431 703 2577 764 οὗτοι
2609 708 2704 763 τοῦ
2741 708 3015 779 μακαρίου
3052 704 3265 759 Παύλου
3307 702 3576 769 λέγοντος
3620 705 3709 756 τοῦ

2108 791 2435 849 διδασκάλου
2462 794 2559 864 τῆς
2583 793 2928 865 οἰκουμένης,
2961 793 3056 857 17c
3077 789 3358 844 κοινωνία
3381 787 3541 857 φωτί
3563 789 3709 856 πρὸς

2109 876 2355 944 σκότος,
2386 877 2426 945 ἣ
2454 879 2548 945 τίς
2563 877 2732 948 μερὶς
2752 876 2948 942 πιστῷ
2970 875 3122 945 μετὰ
3167 873 3475 935 ἁπίστου;
3531 873 3710 941 ΙΙόσης

2110 960 2221 1029 γὰρ
2251 962 2356 1015 οὐκ
2388 961 2455 1015 ἂν
2504 964 2589 1034 εῐη
2641 961 3043 1030 καταγνώσεως
3075 958 3246 1024 ἀξιον,
3279 959 3412 1012 ὅταν
3445 959 3481 1010 ὁ
3518 958 3704 1019 πιστὸς

2111 1042 2206 1095 καὶ
2237 1044 2348 1096 τῶν
2375 1043 2611 1099 ἐνταῦθα
2641 1046 2980 1116 τελουμένων
3006 1044 3101 1098 καὶ
3132 1042 3306 1112 εὐχῶν
3328 1041 3432 1095 καὶ
3452 1040 3706 1111 φρικτῶν

2114 1126 2433 1198 μυστηρίων
2461 1128 2556 1180 καὶ
2593 1129 2968 1199 πνευματικῆς
2995 1125 3343 1188 διδασκαλίας
3381 1122 3701 1181 ἀπολαύων.

2114 1208 2251 1277 μετὰ
2284 1209 2387 1280 τήν
2426 1210 2662 1266 ἐνταῦθα
2691 1211 2914 1282 τελετὴν
2966 1209 3218 1263 ἀπελθὼν
3262 1206 3579 1277 καθέζηται
3631 1206 3706 1266 εἰς

2108 1290 2209 1361 τὴν
2251 1294 2548 1364 σατανικὴν
2582 1295 2799 1366 ἐκείνην
2841 1294 3075 1365 θεωρίαν
3108 1290 3246 1362 μετά
3293 1289 3393 1343 τοῦ
3441 1289 3705 1347 ἀπίστου,

2114 1376 2250 1445 μετά
2287 1377 2379 1430 τοῦ
2420 1380 2476 1431 ἐν
2501 1378 2579 1448 τῷ
2611 1378 2793 1432 σκότει
2827 1379 2923 1450 τῆς
2960 1376 3214 1439 ἀσεϐείας
3254 1373 3647 1444 πλανωμένου,
3678 1371 3707 1423 δ

2109 1459 2187 1529 τῷ
2216 1461 2354 1528 φωτί
2378 1460 2477 1513 τοῦ
2519 1462 2618 1528 τῆς
2669 1460 3014 1530 δικαιοσύνης
3046 1459 3197 1530 ἡλίου
3254 1455 3704 1524 καταυγασθείςς

2112 1541 2256 1604 Πῶς,
2289 1542 2410 1596 εἰπέ
2455 1560 2584 1613 μοι,
2639 1544 2824 1598 λοιπὸν
2880 1542 3232 1613 ἐπιστομίσαι
3277 1537 3640 1610 δυνησόμεθα
3676 1538 3705 1605 ἢ

2111 1623 2427 1696 Ἕλληναςὴ
2464 1627 2752 1690 Ἰουδαίους
2772 1645 2787 1692 ;
2815 1626 2932 1690 πῶς
2949 1627 3005 1680 δὲ
3024 1626 3308 1694 ἐναγαγεῖν
3330 1622 3545 1684 αὐτοὺς
3565 1620 3708 1689 ἶσκῦ·

2110 1723 2297 1778 σομεν,
2324 1712 2416 1762 καὶ
2443 1710 2707 1781 πείσομεν
2731 1710 3137 1781 μετατάξασθαι
3159 1711 3237 1771 είς
3264 1708 3365 1778 τὴν
3390 1705 3705 1767 εὐσέϐειαν,

2109 1791 2235 1844 ὅταν
2267 1793 2434 1864 ὁρῶσι
2467 1796 2593 1858 τοὺς
2631 1795 2750 1865 μεθ’
2778 1796 2936 1866 ἡμῶν
2966 1794 3328 1865 τεταγμένους
3361 1793 3443 1854 εἱς
3472 1790 3548 1843 τὰ
3586 1788 3704 1840 ὀλέ-

2109 1875 2235 1945 Ορια
2266 1878 2450 1930 ἐκεῖνα
2481 1879 2575 1931 καὶ
2614 1880 2795 1949 πάσης
2829 1878 3017 1949 ,λύμης
3047 1878 3286 1947 γέμοντα
3316 1874 3535 1943 θέατρα
3568 1888 3706 1941 συμ-

2110 1960 2446 2029 φυρομένους
2469 1962 2687 2027 αὑτοῖς;
2716 1962 2871 2024 Τίνος
2892 1961 2999 2032 γὰρ
3025 1957 3372 2025 ἓνεκεν,είπέ
3412 1973 3537 2026 μοι,
3569 1954 3707 2024 μετὰ

2106 2042 2169 2094 τὸ
2213 2045 2620 2113 παραγενέσθαι
2658 2047 2910 2109 ἐνταῦθα,
2944 2046 3038 2100 καί
3065 2043 3371 2114 ἐκκαθᾶραι
3420 2040 3521 2094 τὸν
3560 2040 3705 2105 λογι-

2112 2124 2264 2195 σμὸν,
2294 2128 2387 2178 καὶ
2418 2128 2515 2198 τήν
2548 2128 2785 2182 διάνοιαν
2809 2131 2889 2193 είς
2927 2128 3089 2199 νῆψιν
3133 2128 3364 2196 ἀγαγεῖν
3400 2125 3503 2177 καὶ
3536 2122 3703 2175 κατὰ·

2109 2208 2277 2272 νύξιν.
2310 2210 2471 2262 πάλιν
2506 2211 2754 2264 ἀπελθὼν
2793 2214 2908 2265 ἐκεῖ
2961 2210 3428 2283 καταρρυπαίνεις
3468 2206 3699 2267 ἑαυτὸν,

2111 2291 2179 2342 Ἣ
2209 2294 2308 2345 οὐκ
2338 2293 2556 2352 ἀκούεις
2589 2295 2754 2364 σοφοῦ
2793 2313 2937 2358 τινος
2981 2295 3265 2363 λέγοντος·
3302 2286 3413 2357 Εἷς
3464 2289 3701 2342 οἰκοδο-

2103 2373 2236 2441 μῶν
2262 2377 2357 2427 καί
2390 2374 2476 2443 εἷς
2504 2379 2800 2448 καθαιρῶν
2836 2382 2893 2432 τί
2920 2379 3247 2448 ὠφέλησαν
3289 2374 3489 2428 πλέον
3526 2375 3562 2439 ἦ
3607 2375 3701 2424 κεῖ-

2108 2473 2296 2524 πουςὶ
2333 2462 2395 2512 Ὃ
2432 2462 2495 2531 δὴ
2530 2464 2622 2515 καὶ
2653 2464 2747 2517 νῦν
2771 2466 3001 2532 γίνεται.
3028 2462 3197 2516 Ὅταν
3222 2459 3331 2530 γὰρ
3356 2460 3430 2512 τὰ
3457 2456 3701 2510 ἐνταῦθα

2108 2543 2198 2611 ὑφ’
2227 2545 2384 2614 ἡμῶν
2406 2547 2828 2618 οἰκοδομηθέντα
2864 2548 2952 2601 διὰ
2987 2547 3084 2617 τῆς
3129 2542 3391 2615 συνεχοῦς
3441 2542 3701 2594 διδασκα-

2106 2627 2224 2688 λίας
2258 2630 2352 2680 καὶ
2382 2629 2482 2699 τῆς
2526 2631 2901 2701 παραινέσεως
2928 2631 3134 2701 ταύτης
3160 2631 3261 2700 τῆς
3286 2626 3700 2697 πνευματικῆς.

2106 2711 2359 2764 ἀπελθὼν
2385 2715 2580 2782 ἀθρόον
2600 2717 2716 2768 ἐκεῖ
2746 2716 2923 2769 πάντα
2955 2713 3208 2786 καθέλῃς,
3234 2710 3329 2765 καὶ
3356 2710 3443 2773 είς
3471 2709 3702 2775 ἔδαφος,

2105 2794 2180 2856 ὡς
2212 2795 2407 2855 εἰπεῖν,
2436 2799 2775 2871 καταγάγῃς,
2794 2799 2946 2849 ποῖον
2978 2795 3170 2865 ὄφελος
3208 2794 3372 2848 πάλιν
3392 2794 3551 2863 ἡμᾶς
3569 2794 3700 2846 ἄνω-

2106 2877 2197 2930 θεν
2216 2877 2288 2931 τὰ
2311 2878 2412 2948 τῆς
2443 2880 2734 2951 οἰκοδομῆς
2770 2878 3193 2941 ἐπ.δείκνυσθαι,
3215 2877 3311 2930 καὶ
3340 2876 3515 2928 πάλιν
3553 2875 3697 2942 ὑμᾶς

2104 2959 2172 3014 τὰ
2197 2961 2295 3032 τῆς
2326 2961 2734 3033 καθαιρέσεωςς
2764 2965 2935 3034 πόσης
2963 2963 3122 3017 τοῦτο
3148 2961 3334 3022 ἀνοίας
3375 2959 3481 3011 οὐκ
3514 2959 3587 3010 ἂν
3611 2960 3697 3027 εἰη

2105 3045 2199 3097 καὶ
2231 3045 2649 3118 παραπληξίας;
2688 3048 2823 3101 Εἰπὲ
2852 3050 2962 3120 γάρ
3008 3065 3122 3119 μοι,
3153 3048 3201 3098 εί
3232 3045 3444 3098 ἐθεάσω
3468 3044 3533 3094 ἐν
3576 3044 3697 3103 ταῖς

2105 3127 2387 3198 αἰσθηταῖς
2420 3130 2646 3193 ταύταις
2672 3130 2982 3200 οἰκοδομαῖς
3019 3132 3139 3192 ταῖς
3160 3129 3249 3182 διὰ
3277 3126 3386 3180 τῶν
3414 3126 3589 3178 λίθων
3610 3144 3693 3192 γιο

2104 3211 2356 3280 νομέναις
2379 3211 2537 3265 τοῦτό
2551 3230 2672 3267 τινα
2703 3214 2980 3276 ποιοῦντα,
3005 3214 3126 3283 οὐχὶ
3146 3212 3222 3275 ὡς
3248 3211 3520 3280 μεμηνότι
3546 3210 3699 3277 αὐτῷ

2105 3293 2389 3364 προσέξεις
2422 3296 2515 3348 καὶ
2546 3297 2667 3367 εἰκῆ
2716 3300 2809 3350 καὶ
2865 3297 3040 3368 μάτην
3073 3297 3413 3365 κοπτομένῳ,
3465 3294 3570 3346 καὶ
3614 3296 3699 3354 εἰς

2102 3379 2256 3432 οὐδὲν
2282 3380 2400 3433 δέον
2433 3381 2609 3434 πάντα
2636 3382 2703 3435 τά
2739 3381 2902 3435 αὑτοῦ
2932 3382 3414 3444 καταναλίσκοντις
3454 3379 3568 3431 Τὸν
3599 3380 3697 3431 αἰδ-

2102 3466 2193 3519 τὸν
2240 3466 2303 3535 δὴ
2349 3467 2552 3535 τρόπον
2584 3467 2679 3519 καὶ
2719 3468 2813 3520 ἐπὶ
2861 3468 2959 3536 τῆς
3006 3466 3291 3536 οἰκοδομῆς
3348 3463 3565 3532 ταύτης
3593 3463 3695 3530 τῆς

2105 3549 2483 3619 πνευματικῆς
2515 3550 2756 3618 λογίζου,
2791 3550 2887 3602 καὶ
2917 3550 3014 3620 τὴν
3044 3549 3211 3620 αὐτὴν
3235 3548 3437 3617 ἔκφερε
3480 3547 3690 3616 ψῆςῦν.

2116 3633 2244 3685 Ἰδοὺ
2275 3632 2410 3703 γάρ·
2467 3634 2627 3702 ἡμεῖς
2661 3634 2780 3702 μὲν,
2824 3633 3011 3704 ἐπειδὴ
3054 3634 3133 3695 εἰς
3165 3632 3323 3685 τοῦτο
3372 3633 3697 3701 ἐτάχθημεν

2104 3715 2253 3784 παρά
2290 3717 2388 3786 τῆς
2432 3716 2525 3768 τοῦ
2575 3715 2711 3768 Θεοῦ
2762 3715 3004 3786 χάριτος,
3042 3715 3163 3768 καθ’
3203 3716 3440 3785 ἑκάστην
3470 3718 3692 3786 ἡμέρ;ν

2101 3797 2197 3868 τὴν
2226 3797 2510 3869 οἰκοδομὴν
2539 3797 2744 3870 ταύτην
2772 3800 2870 3871 τὴν
2891 3801 3268 3870 πνευματικὴν
3285 3801 3364 3863 είς
3386 3800 3542 3871 [791]
3559 3800 3692 3869 ὕφες

2101 3881 2409 3951 ἐγείρομεν,
2440 3882 2532 3934 καὶ
2561 3883 2697 3953 πρὸς
2712 3883 2808 3954 τὴν
2835 3883 2936 3952 τῆς
2951 3884 3150 3954 ἀρετῆς
3165 3883 3518 3936 διδασκαλίαν
3543 3885 3692 3954 ὑμᾶς

2101 3963 2317 4030 ἐνάγειν
2346 3964 2717 4035 σπουδάζομεν
2742 3982 2756 3995 ο
2790 3966 2933 4030 τινὲς
2960 3966 3017 4020 δέ
3049 3966 3159 4019 τῶν
3187 3965 3425 4019 ἐνταῦθα
3460 3983 3691 4037 συντρε-

2101 4048 2302 4117 χόντων
2330 4048 2426 4118 τὴν
2457 4048 2595 4118 μετὰ
2620 4049 2814 4103 πολλοῦ
2863 4051 3026 4113 πόνου
3058 4050 3085 4089 δ
3108 4049 3439 4121 αὐξηθεῖσαν
3480 4054 3694 4108 οἰκοδο-

2104 4134 2210 4205 μὴν
2266 4136 2326 4187 ἐν
2378 4136 2477 4203 μιᾷ
2509 4134 2704 4205 καιροῦ
2758 4134 2897 4208 ῥοπῇ
2941 4138 3223 4207 μονονουχὶ
3276 4140 3401 4200 ταῖς
3451 4141 3693 4203 οἰκείαις

2100 4219 2255 4288 χερσί
2307 4216 2395 4270 διὰ
2429 4217 2528 4285 τῆς
2554 4218 2766 4296 ἀφάτου
2809 4219 3013 4290 ταύτης
3052 4220 3323 4291 ῥᾳθυμίας
3352 4223 3435 4283 εἰς
3482 4223 3693 4291 Eax);

2102 4302 2450 4368 κατάγουσιν,
2482 4302 2615 4371 ἡμῖν
2645 4302 2741 4371 μὲν
2776 4302 2977 4374 πολλὴν
3000 4304 3097 4374 τήν
3132 4304 3373 4373 ἀθυμίαν
3426 4307 3695 4361 ἐντεῦθεν

2099 4385 2393 4448 τίκτοντες,
2446 4383 2661 4447 ἐαυτοῖς
2693 4384 2749 4438 δέ
2798 4385 3053 4456 μέγιστον
3078 4387 3167 4439 τὸν
3198 4387 3421 4457 ὀλεθρον
3460 4392 3565 4443 καὶ
3591 4393 3693 4466 τὴν

2102 4468 2305 4539 ζημίαν
2340 4467 2629 4538 ἀφόρητον.
3650 4464 3659 4466 ⁷
3696 4464 3701 4467 ⁷

2174 4551 2238 4620 β’,
2264 4551 2414 4621 Τάχα
2438 4551 2800 4623 σφοδροτέραν
2821 4554 2918 4624 τὴν
2944 4555 3259 4624 ἐπιτίμησιν
3273 4557 3693 4630 ἐποιησάμεθα’

2101 4636 2220 4687 ὅσον
2257 4633 2355 4703 μὲν
2390 4634 2526 4704 πρὸς
2548 4634 2645 4704 τὴν
2668 4636 2943 4707 ἡμετέραν
2971 4637 3349 4708 φιλοστοργίαν
3387 4641 3692 4714 σφοδροτέ-

2106 4735 2240 4787 ραν,
2280 4718 2402 4770 ὅσον
2449 4717 2507 4769 δὲ
2537 4718 2673 4788 πρὸς
2692 4704 2761 4770 τὸ
2804 4704 3030 4790 μέγεθος
3076 4720 3168 4773 τοῦ
3194 4704 3695 4796 ’πλημμελήματα
3798 4704 3799 4751 ί

2100 4802 2220 4854 οὐδέ
2240 4801 2338 4872 τὴν
2366 4800 2540 4864 ἀξίαν.
2560 4801 2698 4853 Ἀλλ’
2724 4803 2873 4873 ὅμως
2897 4805 3082 4875 ἐπειδὴ
3111 4804 3188 4857 δεῖ
3209 4807 3434 4870 καὶτοῖς

2101 4883 2220 4936 κόσι
2247 4885 2405 4953 χεῖρα
2421 4883 2659 4966 ὀρέγειν,
2693 4887 2789 4939 καὶ
2822 4888 2949 4957 περί
2988 4889 3111 4951 τοὺς
3145 4888 3399 4941 τοσοῦτον
3441 4894 3694 4966 ἐρραθυ-

2103 4966 2347 5037 μηκότας
2378 4965 2476 5036 τὴν
2524 4968 2792 5040 πατρικὴν
2847 4969 3060 5023 εὔνοιαν
3109 4971 3511 5039 ἐπ.δείξασθαι,
3571 4965 3694 5034 οὐδὲ

2100 5048 2268 5112 οὕτως
2289 5050 2708 5122 ἀπαγορεύομεν
2732 5053 2912 5117 αὐτοῖς
2931 5054 3028 5123 τὴν
3050 5057 3323 5127 σωτηρίαν
3346 5075 3360 5087 ·
3394 5060 3571 5128 μόνον
3597 5066 3693 5118 eia

2102 5134 2400 5205 βουληθῶσι
2437 5136 2634 5206 μηκέτι
2658 5140 2770 5201 τοῖς
2795 5139 2976 5198 αὐτοῖς
2995 5140 3155 5192 πάλιν
3180 5147 3531 5211 περιπεσεῖν,
3556 5148 3693 5201 ἀλλὰ
3798 5134 3799 5185 Ὺ

2102 5219 2260 5288 μέχρι
2292 5220 2479 5272 τούτου
2512 5219 2704 5290 στῆσαι
2730 5221 2799 5274 τὰ
2824 5222 2922 5292 τῆς
2944 5224 3233 5294 ῥᾳθυμίας,
3252 5227 3345 5277 καὶ
3366 5227 3692 5303 ἀπαγορεῦ-

2098 5319 2187 5354 σαι
2216 5304 2429 5364 ἑαυτοῖς
2449 5304 2548 5373 τὴν
2574 5304 2666 5356 ἐπὶ
2693 5305 2794 5368 τὰς
2826 5305 3185 5377 ἱπποδρομίας
3215 5309 3427 5376 ἄνοδον,
3453 5315 3559 5368 καὶ
3586 5318 3689 5370 πᾶ·

2098 5403 2196 5438 σαν
2221 5387 2318 5456 τὴν
2340 5386 2594 5457 τοιαύτην
2624 5389 2918 5460 σατανικὴν
2947 5389 3200 5459 θεωρίαν.

2166 5452 2442 5541 Δεσπότην
2480 5452 2587 5540 γὰρ
2620 5470 2819 5541 ἔχομεν
2874 5452 3253 5543 ίριλάνθρωπον
3318 5476 3419 5532 καὶ
3472 5452 3691 5553 ἥμερον

2160 5700 2189 5741 δ
2215 5698 2349 5751 Unus
2366 5700 2544 5750 πολλοῦ
2568 5701 2738 5767 κόπου,
2761 5703 2887 5755 alius
2906 5704 3082 5755 πολλοῦ
3104 5706 3244 5755 τόνου

3798 4832 3799 4927 ψ
