3828 6226
183 316 319 370 1645
1417 334 1501 387 DE
1541 333 1730 388 LAZAI

1847 336 2091 393 CONCIO
2131 339 2239 398 νη.

149 502 152 512 ι
180 433 457 495 postquam
483 428 685 485 liberali
713 448 871 488 manu
900 437 1100 492 semina
1123 440 1260 494 siuui
1299 452 1451 497 ιρι-ηρ
1468 448 1750 514 comtuisit,

3309 358 3443 414 Illth

1869 453 2211 511 midabilem?
2240 457 2454 514 interim
2493 462 2562 517 de
2610 463 2764 534 hujus
2802 467 2925 521 vitae
2953 469 3112 526 rebus
3140 485 3441 533 sermonem

149 519 350 584 ﬁneque
391 516 606 587 dignum
654 522 920 580 laboribus
945 543 1164 596 germen
1190 531 1331 585 videt
1373 536 1572 589 exoriri
1600 578 1614 602 ,
1649 553 1752 591 non

149 607 358 664 eadem
387 623 506 662 cum
554 612 716 667 animi
757 615 1030 672 alacritate
1076 622 1450 688 agriculturam
1494 637 1751 684 exercet:

149 699 422 760 quoniam
454 713 576 767 spes
601 703 857 760 ubertatis
881 707 1086 777 frugum
1120 726 1332 782 semper
1358 715 1653 771 molestiam
1677 717 1752 772 la-

171 786 358 841 borum
413 790 698 848 inuuiuuit.
725 797 843 850 Pari
896 801 1100 856 ratione
1137 818 1234 857 nos
1277 820 1486 876 quoque
1531 809 1751 866 multum

169 876 313 932 hune
342 878 566 936 docendi
599 883 832 942 laborem
860 904 1013 957 aequo
1035 892 1213 946 animo
1243 893 1502 952 ferremus
1533 939 1546 964 ,
1579 899 1622 952 si
1654 916 1750 954 nos

166 967 438 1038 quidpiam
470 974 756 1041 profecisse
779 979 1145 1038 cohortatione
1174 993 1351 1039 nostra
1381 987 1748 1045 didicissemus

165 1059 234 1112 ad
265 1061 544 1118 utilitatem
574 1075 804 1122 vestram
848 1073 1262 1139 promovendam
1295 1094 1308 1129 :
1331 1076 1440 1145 jam
1471 1094 1600 1134 vero
1626 1095 1745 1134 cum

166 1154 558 1222 conspiciamus
585 1159 723 1228 quod
753 1171 871 1230 post
896 1171 1000 1218 tam
1028 1167 1219 1221 multas
1239 1167 1631 1226 cohortationes
1653 1187 1746 1225 no-

164 1252 325 1310 stras,
359 1255 475 1313 post
502 1256 606 1303 tam
636 1251 828 1306 multas
857 1254 1246 1314 admonitiones
1271 1273 1324 1314 et
1351 1262 1741 1332 castigationes,

163 1333 364 1404 (neque
387 1340 527 1394 enim
553 1344 878 1400 cessavimus
897 1347 1048 1404 vobis
1082 1348 1134 1403 in
1162 1353 1471 1407 memoriam
1495 1370 1744 1412 revocare

163 1429 497 1484 tremendum
544 1432 672 1488 illud
705 1436 931 1491 tribunal
957 1480 972 1503 ,
1003 1439 1333 1498 inevitabiles
1374 1445 1491 1500 illas
1519 1461 1701 1516 poenas
1722 1489 1737 1514 ,

163 1513 339 1585 ignem
373 1518 515 1574 illum
541 1563 555 1588 ,
584 1524 672 1592 qui
699 1541 983 1596 numquam
1011 1532 1364 1602 exstinguitur
1383 1575 1396 1598 ,
1427 1546 1481 1589 et
1507 1551 1740 1592 vermem

163 1606 256 1674 qui
282 1622 565 1678 numquam
592 1615 832 1680 moritur,
866 1633 1050 1673 eorum
1078 1623 1364 1686 nonnullis,
1396 1625 1484 1694 qui
1507 1625 1620 1680 lucc
1642 1641 1740 1680 au-

160 1694 316 1751 diunt
338 1737 354 1762 ,
387 1700 516 1768 (non
563 1704 702 1757 enim
741 1705 791 1758 in
821 1722 1008 1765 omnes
1043 1714 1357 1767 sententiam
1398 1713 1546 1782 fero,
1577 1718 1739 1787 absit)

160 1785 353 1844 horum
383 1794 616 1848 omnium
644 1797 839 1865 oblitis,
868 1817 1051 1858 rursus
1079 1805 1153 1859 illi
1178 1809 1414 1863 satanico
1439 1824 1495 1864 se
1516 1809 1738 1866 Circen-

157 1881 296 1935 sium
323 1889 626 1953 spectaculo
649 1889 931 1959 dederunt,
963 1910 1064 1965 qua
1094 1897 1304 1952 tandem
1344 1903 1739 1970 exspectatione

157 1970 336 2028 laetati
386 1977 674 2035 redibimus
721 1983 787 2036 ad
826 1987 1041 2040 eosdem
1089 1987 1337 2056 labores,
1369 2001 1424 2045 et
1469 1991 1604 2048 hanc
1635 1994 1738 2048 illis

153 2061 452 2119 doctrinam
496 2069 823 2138 spiritualem
864 2090 1190 2146 appoucmus
1215 2120 1230 2145 ,
1257 2095 1376 2135 cum
1412 2083 1611 2136 nttllum
1643 2099 1737 2138 eos

155 2153 283 2209 inde
312 2156 535 2213 fructum
566 2165 868 2233 percepisse
895 2168 1169 2224 videamus
1198 2211 1213 2236 ,
1246 2172 1338 2226 sed
1367 2175 1732 2230 consuetudini

151 2243 361 2299 cuidam
393 2257 589 2306 temere
614 2253 968 2324 obsequentes
992 2273 1112 2313 cum
1137 2261 1414 2331 applausu,
1443 2279 1560 2333 quae
1585 2264 1732 2320 dice-

151 2334 348 2391 bantur
390 2355 420 2393 a
466 2341 954 2416 nobis,exccpisse
991 2350 1247 2422 nobisque
1295 2354 1732 2424 significationem

150 2424 368 2483 dedisse
409 2431 694 2500 voluptatis
720 2435 835 2504 ejus
863 2454 1020 2507 quam
1061 2456 1126 2495 ex
1167 2444 1360 2498 nostris
1398 2447 1734 2502 sermonibus

149 2516 467 2585 capiebant,
496 2536 558 2576 ac
606 2523 797 2580 deinde
847 2543 1028 2583 rursus
1070 2531 1136 2584 ad
1177 2531 1386 2587 Circum
1411 2549 1728 2602 accurrere,

148 2608 443 2679 majorique
471 2628 591 2668 cum
616 2618 892 2686 applausn,
914 2630 967 2676 et
991 2621 1244 2678 effrenata
1271 2625 1497 2696 quadam
1526 2628 1729 2684 insania

148 2705 391 2761 cursibus
418 2710 730 2777 agitatorum
762 2713 938 2770 favere
961 2757 976 2783 ,
1005 2731 1211 2773 summa
1236 2722 1575 2776 contentione
1608 2737 1728 2777 cum

146 2799 256 2854 illis
283 2815 601 2858 concurrere
627 2845 642 2869 ,
671 2815 724 2859 et
768 2806 906 2862 inter
941 2823 1000 2863 se
1042 2807 1345 2880 frequenter
1384 2813 1590 2868 velitari
1623 2855 1638 2880 ,
1666 2830 1730 2870 ac

145 2889 348 2957 dicere,
383 2909 541 2947 unum
572 2896 783 2965 quidem
811 2913 875 2952 cx
908 2901 1058 2970 equis
1086 2917 1188 2957 non
1216 2912 1361 2959 recte
1383 2907 1682 2961 cucurrisse
1710 2948 1725 2973 ,

144 2981 374 3036 alterum
406 3000 532 3038 vero
561 2988 953 3056 supplantatum
983 3007 1102 3046 esse
1130 2995 1432 3063 prolapsum
1459 3037 1472 3058 .
1505 3005 1559 3051 et
1587 2997 1729 3053 hunc

145 3072 362 3142 quidem
405 3076 478 3130 illi
511 3079 755 3147 agitatori
784 3096 843 3136 se
868 3083 1175 3154 atljungere,
1209 3087 1352 3141 illum
1374 3103 1504 3143 vero
1529 3091 1682 3146 alteri
1708 3133 1722 3155 ,

147 3178 250 3216 nec
277 3179 496 3234 nsquam
526 3182 618 3221 eos
649 3178 828 3225 mente
854 3186 1066 3227 versare
1085 3216 1099 3238 ,
1127 3175 1209 3229 vel
1235 3178 1503 3232 recordari
1533 3180 1724 3234 verbo-

145 3270 265 3307 rum
295 3266 618 3324 nostrorum,
650 3277 820 3330 neque
842 3264 1191 3332 spiritualium
1221 3270 1726 3341 tremendorumque

145 3347 520 3416 mysteriorum
548 3364 665 3418 qua:
695 3351 780 3406 hic
815 3354 1149 3410 celebrantur
1171 3399 1185 3422 ,
1217 3359 1310 3412 sed
1345 3363 1492 3428 quasi
1532 3362 1725 3418 diaboli

145 3437 350 3506 laqueis
370 3440 562 3508 captivi
594 3450 889 3508 teneantur,
921 3445 1025 3500 illic
1050 3455 1187 3500 totos
1208 3447 1322 3504 dies
1343 3451 1641 3514 traducere,
1673 3463 1728 3508 et

143 3529 397 3584 satanicis
421 3532 738 3598 Spectaculis
760 3549 818 3588 se
839 3534 1054 3602 dedere,
1086 3553 1251 3609 seque
1277 3539 1476 3597 Judagis
1499 3558 1561 3598 ac
1582 3543 1725 3600 Gen-

145 3619 326 3674 tilibus
347 3623 644 3690 opprobriis
668 3625 966 3682 obruendos
987 3644 1274 3697 exponere,
1299 3631 1506 3703 illisque
1531 3637 1618 3703 qui
1641 3651 1727 3690 re-

144 3710 248 3763 bus
269 3712 462 3765 nostris
481 3713 743 3770 voluerint
761 3716 1098 3773 obtrectare?

221 3799 264 3850 Α
293 3803 592 3870 spectaculis
618 3805 845 3873 profanis
870 3817 1065 3862 avocat.
1093 3839 1162 3850 —
1186 3809 1314 3878 Quis
1337 3827 1483 3884 ergo,
1517 3819 1725 3872 tametsi

143 3890 308 3944 fuerit
351 3893 506 3961 plane
549 3907 777 3962 saxeus,
805 3906 898 3952 aut
926 3900 1169 3964 stupidus
1193 3942 1206 3962 .
1237 3901 1340 3958 hoc
1380 3904 1496 3958 sine
1540 3905 1726 3961 dolore

146 3981 291 4035 ferre
322 3986 509 4051 poterit
534 4025 548 4049 ,
581 3986 774 4040 nedqu
804 4002 920 4050 nos,
949 3990 1037 4058 qui
1067 4005 1192 4060 erga
1220 4006 1314 4045 vos
1337 4007 1523 4048 omnes
1545 4004 1724 4062 pater-

144 4089 275 4126 num
317 4073 564 4129 affectum
615 4076 868 4134 exhibere
919 4081 1531 4147 contendimus?Neque
1583 4087 1723 4141 enim

146 4162 253 4216 hoc
295 4164 466 4218 Solum
515 4175 638 4231 est,
679 4167 819 4236 quod
868 4169 1020 4224 nobis
1060 4170 1297 4226 dolorem
1340 4174 1539 4241 inurit,
1585 4177 1726 4246 quod

144 4257 386 4312 iutilem
429 4269 664 4314 nostrum
698 4261 930 4316 laborem
976 4262 1352 4330 reddatis,sed
1395 4269 1562 4322 multo
1614 4285 1727 4324 ma-

140 4349 229 4418 gis
273 4351 472 4419 tangit,
520 4366 643 4405 cum
688 4353 840 4406 nobis
887 4354 1032 4409 venit
1081 4355 1132 4408 in
1169 4366 1400 4411 mentem
1452 4373 1587 4426 eos,
1636 4361 1725 4430 qui

143 4441 264 4496 iure
295 4442 521 4507 faciunt,
556 4445 856 4514 graviorem
884 4447 982 4501 sibi
1006 4447 1398 4504 damnationem
1429 4465 1722 4507 accersere.

140 4533 255 4588 Nos
279 4534 418 4590 enim
447 4536 687 4591 laborum
715 4538 1015 4594 mercedem
1034 4555 1062 4593 a
1083 4541 1305 4596 Domino
1320 4553 1721 4612 exspectamus:

140 4625 396 4693 quoniam
425 4625 475 4680 id
503 4626 641 4697 quod
673 4627 841 4682 nostri
868 4631 1104 4686 muneris
1125 4631 1239 4696 fuit,
1265 4633 1604 4702 perfecimus,
1630 4651 1724 4705 pe-

140 4715 356 4770 cuniam
398 4717 780 4786 expendimus,
804 4730 855 4774 et
883 4721 1141 4776 creditum
1166 4723 1316 4778 nobis
1340 4725 1587 4778 talentum
1612 4725 1726 4780 dis-

142 4807 463 4873 tribuimus,
491 4809 623 4863 nihil
669 4825 854 4866 eorum
899 4826 1016 4882 quas
1073 4823 1372 4868 nostrarum
1415 4826 1569 4871 erant
1607 4832 1726 4886 par-

142 4898 277 4953 tium
320 4899 789 4966 praetermisimus;
820 4901 908 4970 qui
938 4916 1069 4956 vero
1096 4904 1398 4972 spirituales
1433 4906 1526 4960 has
1567 4923 1727 4976 pecu-

139 4990 260 5044 nias
276 4999 614 5060 acceperunt,
627 5007 805 5062 quam,
819 4996 1418 5062 quaiso,exmtsationem
1435 4997 1722 5064 habebunt,

139 5093 304 5146 quam
331 5081 562 5146 veniam,
585 5097 704 5136 cum
734 5097 836 5136 non
867 5084 971 5138 illa:
994 5093 1192 5138 tantum
1219 5085 1286 5139 ab
1309 5087 1386 5140 eis
1414 5089 1722 5156 cxigentur,

139 5173 241 5227 sed
268 5173 430 5228 etiam
457 5183 693 5244 qurestus
715 5174 962 5229 illarum?
983 5175 1184 5244 Quibus
1211 5178 1380 5231 oculis
1398 5178 1629 5246 judicem
1654 5182 1727 5234 in-

147 5265 472 5321 tuebuntur?
491 5268 606 5336 Quo
627 5278 779 5337 pacto
801 5268 1183 5324 formidabilem
1205 5271 1349 5324 illum
1370 5271 1508 5327 diem
1533 5273 1722 5342 ferent,

145 5358 484 5414 intoleranda
532 5360 836 5415 tormenta?
881 5360 1017 5416 Num
1070 5363 1210 5417 enim
1263 5362 1332 5417 ad
1381 5363 1726 5433 ignorantiam

139 5447 435 5519 confugere
474 5451 764 5519 poterunt?
787 5451 1033 5519 Quotidie
1062 5453 1408 5508 inclamamus
1427 5494 1443 5520 ,
1465 5454 1724 5510 admone-

145 5554 287 5605 mus,
314 5540 678 5611 cohortamur,
709 5541 908 5600 fraudis
937 5543 1224 5613 perniciem
1255 5542 1570 5612 indicamus,
1601 5559 1724 5614 gra-

145 5632 363 5687 vitatem
391 5633 593 5699 damni,
622 5633 841 5689 satanici
868 5645 1162 5689 conventus
1189 5634 1391 5702 dolum,
1421 5649 1519 5690 nec
1549 5643 1725 5691 tamen

145 5723 220 5779 ita
258 5723 529 5795 potuimus
552 5737 911 5780 commovere.
937 5723 1072 5792 Quid
1102 5723 1221 5780 dico
1253 5724 1396 5782 diem
1435 5725 1580 5783 illum
1610 5725 1719 5782 for-

1865 542 2218 600 instituamus.
2250 548 2366 614 Quo
2394 560 2581 618 pacto,
2611 569 2790 622 quaeso
2809 597 2823 622 ,
2856 567 3142 626 poterunt,
3175 560 3264 630 qui
3293 576 3435 619 sata-

1862 634 1980 688 nico
2011 636 2083 691 illi
2113 642 2418 707 spectaculo
2444 644 2728 704 intersunt.
2752 647 2854 703 huc
2882 649 3210 706 conﬁdenter
3233 657 3434 724 venire,

1859 738 1979 778 cum
2009 742 2068 781 se
2093 728 2158 782 ab
2181 730 2485 800 insurgente
2512 750 2574 788 ac
2592 736 2932 793 vehementer
2955 741 3281 798 reclamante
3308 760 3438 800 con-

1858 816 2076 870 scientia
2113 834 2206 872 sua
2232 823 2461 876 sentiant
2485 824 2863 882 condemnari?
2885 831 3074 885 Annon
3107 835 3326 890 audiunt
3347 837 3434 890 isti

1855 904 2064 960 beatum
2096 907 2624 974 Paulum,doctorem
2659 917 2803 971 orbis
2831 927 3090 976 terrarum
3121 923 3387 980 dicentem
3417 944 3431 979 :

1857 994 1983 1060 Quae
2007 999 2215 1054 societas
2244 1001 2344 1054 luci
2379 1005 2446 1056 ad
2489 1005 2731 1072 tenebras,
2761 1018 2848 1062 aut
2873 1019 2984 1079 quia
3007 1027 3126 1081 pars
3154 1015 3296 1081 ﬁdeli
3316 1032 3434 1070 cum

1851 1085 2046 1153 inﬁdeli
2075 1087 2149 1158 (2.
2179 1089 2294 1144 Cor.
2327 1091 2359 1146 6
2411 1094 2541 1163 l4)?
2565 1095 2766 1162 Quanta
2807 1100 2948 1153 enim
2981 1101 3430 1162 condemnatione

1850 1174 2062 1245 dignum
2103 1182 2426 1237 censendum
2471 1194 2551 1240 est
2574 1227 2588 1250 ,
2615 1202 2736 1241 cum
2769 1189 2969 1255 ﬁdelis,
2997 1193 3084 1262 qui
3117 1209 3329 1263 precum
3374 1207 3430 1253 et

1850 1267 2242 1324 tremendorutn
2291 1276 2660 1343 mysteriorum
2691 1293 2808 1348 quae
2835 1279 2922 1334 hic
2959 1283 3330 1350 celebrantur,
3363 1301 3426 1340 ac

1848 1357 2134 1423 Spiritualis
2176 1361 2430 1419 doctrina:
2470 1367 2738 1438 particeps
2775 1367 2965 1433 fuerit,
2995 1381 3114 1440 post
3143 1373 3298 1444 hujus
3322 1376 3424 1430 loci

1847 1449 2160 1506 sacrificium
2190 1457 2426 1511 satanico
2461 1459 2538 1512 illi
2577 1463 2880 1529 spectaculo
2905 1478 3024 1518 cum
3063 1465 3260 1521 infideli
3289 1471 3428 1522 assi~

1846 1536 2000 1607 deat,
2027 1555 2146 1595 cum
2185 1558 2251 1599 eo
2293 1547 2379 1615 qui
2428 1548 2478 1603 in
2512 1551 2743 1605 tenebris
2782 1553 3066 1622 impietatis
3103 1557 3348 1623 aberrat,
3380 1561 3425 1615 is

1845 1629 1932 1696 qui
1955 1630 2080 1683 solis
2099 1631 2316 1701 justitite
2338 1634 2494 1691 fuerit
2521 1639 2682 1694 radiis
2707 1641 3034 1698 illustratus?
3060 1645 3170 1712 Qua
3194 1649 3419 1715 ratione,

1843 1732 2024 1786 qua-so
2043 1761 2056 1783 ,
2088 1722 2338 1794 deinceps
2367 1731 2656 1794 poterimus
2685 1729 2978 1788 Gentilibus
3008 1744 3098 1788 aut
3125 1735 3322 1792 Judaris
3361 1755 3424 1793 es

1843 1808 2127 1867 obturare?
2150 1814 2262 1882 Qua
2295 1817 2501 1873 ratione
2541 1821 2790 1877 inducere
2829 1823 3118 1880 valebimus
3142 1868 3156 1891 ,
3185 1842 3248 1882 ac
3292 1845 3418 1898 per-

1842 1901 2063 1957 suadere
2087 1944 2103 1969 ,
2129 1914 2184 1958 ut
2209 1905 2274 1960 ad
2303 1908 2509 1977 pietatis
2539 1920 2714 1978 partes
2735 1921 3004 1969 transeant
3026 1956 3040 1979 ,
3067 1930 3188 1970 cum
3216 1933 3308 1972 eos
3339 1919 3418 1972 vi-

1840 1993 2036 2060 deant,
2063 1997 2153 2065 qui
2177 2006 2318 2054 stant
2344 2015 2374 2055 a
2406 2002 2558 2056 nobis
2581 2044 2594 2066 ,
2625 2004 2674 2057 in
2707 2005 3015 2072 perniciosis
3041 2008 3142 2064 illis
3166 2011 3418 2080 omnique

1839 2084 2072 2139 sordium
2100 2101 2292 2155 genere
2317 2089 2733 2147 redundantibus
2762 2094 2979 2149 theatris
2998 2111 3118 2150 cum
3145 2097 3247 2152 illis
3267 2112 3416 2153 com-

1839 2174 2068 2228 misceri.
2097 2175 2202 2230 Cur
2222 2178 2362 2231 enim
2386 2220 2401 2242 ,
2425 2196 2635 2250 qumso,
2669 2192 2942 2253 postquam
2975 2186 3076 2240 huc
3107 2188 3296 2241 venisti
3320 2229 3336 2255 ,
3363 2197 3420 2243 et

1835 2265 2071 2318 animum
2109 2269 2407 2338 expurgasti
2433 2310 2448 2336 ,
2481 2282 2818 2342 mentemque
2865 2273 2929 2327 ad
2977 2275 3320 2331 sobrietatem
3363 2285 3418 2332 et

1836 2357 2202 2412 contr-itionem
2251 2360 2500 2414 induxisti
2533 2403 2548 2428 ,
2580 2379 2764 2418 rursus
2804 2365 2928 2420 illuc
2977 2367 3160 2422 abiens
3188 2369 3413 2437 teipsum

1834 2449 2202 2505 contaminas?
2229 2450 2342 2505 Non
2373 2453 2524 2506 audis
2562 2455 2856 2523 sapientem
2903 2457 3182 2526 quemdam
3226 2458 3412 2513 dicen-

1836 2545 1941 2592 tem
1968 2557 1979 2590 :
2007 2538 2151 2594 Unus
2171 2542 2452 2610 wdtﬁcans,
2471 2553 2516 2597 et
2539 2560 2668 2598 unus
2690 2545 2973 2612 destruens,
2996 2549 3116 2617 quid
3141 2550 3416 2618 proﬁciunt

1832 2630 1994 2695 aliud,
2012 2648 2161 2701 quant
2189 2633 2381 2689 labores
2406 2634 2590 2705 (Eccli.
2614 2638 2703 2692 54.
2729 2635 2821 2711 28)
2835 2639 2857 2691 ?
2873 2639 2928 2693 Id
2957 2654 3080 2694 vero
3098 2656 3236 2694 nunc
3254 2641 3412 2695 etiam

1833 2720 1908 2775 ﬁt.
1942 2723 2071 2777 Cum
2101 2726 2241 2779 enim
2272 2741 2333 2780 ea
2379 2743 2497 2798 qua:
2529 2743 2560 2782 a
2602 2730 2754 2783 nobis
2797 2731 2881 2785 hic
2920 2728 3179 2786 aedificata
3209 2733 3415 2787 fuerant

1832 2830 1927 2884 per
1945 2815 2235 2872 doctrinam
2259 2820 2545 2887 assiduam,
2567 2830 2622 2875 et
2646 2821 2970 2889 Spiritualem
3003 2822 3139 2877 hanc
3163 2822 3410 2877 admoni-

1833 2909 2027 2961 tionem
2053 2949 2068 2973 ,
2095 2909 2371 2964 confestim
2407 2911 2531 2964 illuc
2557 2911 2740 2966 abiens
2768 2913 2945 2966 omnia
2970 2912 3238 2976 destruas,
3272 2921 3327 2967 et
3356 2914 3410 2967 in

1831 2999 2209 3067 pavimentum,
2233 3008 2290 3053 ut
2319 3001 2386 3052 ita
2414 3000 2613 3070 loquar,
2646 3001 2882 3070 abjicias,
2905 3002 3030 3071 quid
3052 3002 3202 3056 nobis
3219 3003 3412 3072 prode-

1830 3089 1931 3154 rit,
1961 3089 2006 3143 si
2044 3103 2227 3144 rursus
2268 3090 2546 3145 tedificium
2587 3093 2972 3159 instauremus,
2999 3102 3053 3147 et
3082 3109 3175 3148 vos
3219 3095 3407 3148 iterum

1829 3179 2149 3233 destruatis?
2172 3179 2301 3247 Quis
2345 3197 2449 3235 non
2500 3197 2720 3236 summae
2758 3183 3038 3238 dementia:
3071 3186 3171 3239 hoc
3209 3184 3413 3242 facinus

1829 3269 2023 3324 dixerit
2047 3286 2108 3325 ac
2135 3270 2364 3326 furoris?
2390 3273 2483 3327 Dic
2510 3273 2651 3327 enim
2677 3315 2691 3341 ,
2719 3288 2900 3343 quaso
2919 3316 2934 3340 ,
2961 3276 3004 3328 si
3036 3276 3087 3328 in
3127 3276 3410 3331 sensilibus

1830 3362 1946 3416 istis
1972 3364 2208 3419 :ediliciis
2228 3406 2242 3431 ,
2270 3380 2388 3434 qua:
2408 3381 2470 3420 ex
2500 3366 2760 3435 lapidibus
2785 3377 3183 3434 construuntur,
3214 3385 3404 3440 quem-

1830 3455 1968 3522 piam
2000 3469 2245 3510 cerueres
2276 3455 2378 3509 hoc
2398 3464 2638 3526 agentem
2663 3474 2676 3510 :
2699 3472 2875 3513 nonne
2895 3473 3016 3513 eum
3044 3468 3309 3530 tamquam
3327 3460 3408 3513 fu-

1829 3546 2026 3599 riosmn
2046 3547 2345 3613 intuereris,
2364 3558 2452 3601 aut
2480 3549 2670 3602 frustra
2699 3550 3031 3605 etincassum
3055 3551 3408 3619 laborantem,

1828 3645 1883 3689 et
1920 3637 2096 3689 omnia
2134 3651 2228 3690 sua
2268 3637 2321 3691 in
2353 3653 2438 3692 res
2468 3639 2679 3694 inutiles
2702 3641 3125 3709 expendentem?
3153 3643 3267 3697 Pari
3318 3659 3408 3698 ra-

1830 3729 1972 3782 tione
2019 3729 2088 3784 de
2132 3729 2234 3783 hoc
2273 3730 2528 3798 spirituali
2577 3731 2803 3786 mdificio
2849 3733 3204 3800 ratiocinare,
3250 3743 3409 3804 atque

1827 3818 2067 3872 eamdem
2097 3817 2177 3872 fer
2200 3821 2534 3875 sententiam.
2566 3819 2724 3885 Ecce,
2755 3836 2850 3876 nos
2874 3823 3105 3891 quidem,
3131 3833 3407 3894 postquam

1830 3907 1882 3960 id
1915 3907 2064 3961 nobis
2089 3908 2323 3962 muneris
2351 3922 2378 3958 a
2408 3909 2572 3977 gratia
2600 3909 2775 3963 divina
2805 3910 3033 3964 delatum
3060 3922 3160 3977 est,
3185 3914 3406 3984 singulis

1829 3995 2016 4050 diebus
2041 3995 2318 4064 Spirituale
2345 3995 2444 4050 hoc
2467 3997 2743 4050 aedilicium
2769 3999 2818 4052 in
2841 3999 3003 4053 altum
3035 4001 3286 4069 erigimus
3307 4043 3323 4068 ,
3349 4012 3405 4056 et

1821 4100 1924 4139 vos
1965 4085 2028 4138 ad
2081 4086 2286 4140 virtutis
2328 4085 2620 4140 doctrinam
2671 4087 2962 4156 provehere
3001 4090 3320 4144 studemus:
3354 4100 3409 4147 at

1830 4177 2068 4230 nonnulli
2114 4175 2204 4246 qui
2242 4175 2343 4229 huc
2385 4187 2743 4243 concurrunt,
2770 4177 3050 4233 aadilicium
3093 4179 3259 4235 multo
3283 4197 3404 4236 cum

1829 4268 2010 4323 labore
2036 4278 2244 4321 auctum
2280 4283 2387 4322 uno
2417 4269 2668 4336 temporis
2693 4279 2964 4324 momento
2983 4271 3095 4324 suis
3123 4287 3408 4340 propcmo-

1828 4359 1952 4413 dmn
1981 4359 2221 4412 manibus
2255 4375 2350 4428 per
2374 4375 2632 4412 summam
2675 4359 2811 4414 hanc
2859 4359 3112 4414 desidiam
3162 4363 3209 4414 in
3259 4362 3407 4430 pavi-

1830 4461 2066 4506 mentum
2111 4452 2397 4519 dejiciunt,
2427 4462 2482 4505 et
2523 4452 2675 4506 nobis
2715 4453 2926 4521 quidem
2967 4453 3232 4522 ingentem
3284 4454 3409 4508 inde

1830 4543 2093 4596 tristitiam
2129 4544 2338 4611 pariunt
2366 4582 2380 4607 ,
2409 4542 2512 4596 sibi
2544 4558 2668 4596 vero
2705 4544 2991 4612 perniciem
3020 4552 3312 4598 extremam
3353 4554 3409 4601 et

1829 4632 2164 4688 intolerabile
2187 4633 2435 4687 damnum
2467 4633 2804 4687 contralmnt.

1897 4724 1950 4777 2.
1983 4725 2264 4792 ASperiore
2291 4722 2513 4777 fortasse
2538 4725 2954 4793 reprehensione
2989 4726 3069 4779 usi
3103 4740 3286 4780 sumus
3319 4743 3331 4779 :
3361 4727 3408 4780 si

1829 4823 2101 4881 spectetur
2143 4814 2356 4883 quidem
2405 4824 2654 4882 paternus
2701 4813 2787 4867 hic
2825 4829 2976 4867 amor
3013 4823 3212 4877 noster,
3255 4828 3410 4884 aspe-

1830 4906 2006 4968 riore;
2036 4905 2116 4958 sin
2148 4911 2322 4958 autem
2345 4904 2576 4972 gravitas
2595 4903 2771 4956 delicti
2793 4913 3080 4972 spectetur,
3107 4919 3174 4958 ne
3193 4903 3408 4973 quidem

1830 4997 1958 5050 satis
1984 4995 2160 5064 digna.
2206 4995 2576 5048 Verumtamen
2621 4996 2868 5063 quoniam
2907 4995 3067 5064 lapsis
3114 5011 3303 5050 manus
3325 5005 3407 5050 est

1833 5087 2165 5156 porrigenda,
2195 5097 2353 5155 atque
2377 5101 2498 5154 erga
2544 5086 2659 5139 illos
2685 5087 2772 5155 qui
2802 5095 2904 5140 tam
2935 5088 3262 5157 negligentes
3293 5085 3408 5141 fuc-

1831 5187 1974 5244 runt,
2005 5187 2219 5245 paterna
2248 5177 2546 5232 exhibenda
2575 5187 2657 5232 est
2681 5179 3070 5244 benevolentia,
3095 5194 3163 5233 ne
3197 5182 3274 5233 sic
3294 5180 3410 5248 qui-
3479 5242 3481 5245 ι

1830 5270 1950 5326 dem
1998 5271 2065 5324 de
2103 5271 2313 5326 illorum
2353 5272 2525 5326 salute
2567 5270 2936 5340 desperemus,
2967 5269 3256 5324 dummodo
3302 5284 3408 5322 non

1830 5363 2056 5431 amplius
2087 5364 2139 5415 in
2170 5361 2354 5416 eadem
2387 5361 2550 5416 velint
2577 5361 2835 5426 recidere,
2859 5359 2952 5415 sed
2977 5360 3077 5413 huc
3099 5373 3265 5428 usque
3295 5369 3409 5413 tan-

1832 5461 1941 5508 tum
1989 5453 2318 5524 negligentia:
2361 5467 2471 5507 sum
2511 5452 2803 5522 indulgere,
2845 5450 3051 5520 sibique
3099 5449 3225 5519 ipsis
3265 5449 3410 5506 aditu

1830 5542 2158 5598 Circensium
2189 5553 2245 5598 et
2277 5543 2450 5598 omnis
2475 5541 2732 5612 ejusmodi
2761 5540 2979 5594 satanici
3003 5539 3294 5610 spectaculi
3325 5539 3408 5594 in-

1833 5637 2112 5692 terdicant.

1903 5725 2159 5796 Confessio
2186 5733 2519 5795 peccatorum.
2557 5723 2844 5793 Bcnignum
2879 5722 3040 5790 enim,
3061 5722 3402 5792 clementem,
