3860 6224
413 331 546 389 “H7

411 460 474 502 ac
526 440 798 510 providum
847 438 1103 494 habemus
1147 436 1448 496 Dominum,
1497 432 1586 504 qui
1625 446 1745 486 cum
1785 437 1985 484 natura:

410 541 612 590 nostra
649 529 857 585 noverit
903 525 1337 587 imbecillitatem,
1371 522 1462 578 ubi
1504 519 1820 590 negligentia
1863 531 1987 586 sup-

411 623 628 694 plantati
656 621 708 677 in
731 627 1002 690 peccatum
1022 615 1232 686 aliquod
1255 614 1483 685 prolapsi
1514 610 1789 672 fuerimus,
1823 622 1984 663 unum

411 715 464 769 id
494 712 666 768 solum
692 726 724 766 a
766 709 920 767 nobis
949 708 1190 778 requirit,
1235 715 1294 762 ut
1336 722 1403 762 ne
1437 705 1802 775 desperemus,
1833 699 1924 756 sed
1953 715 1984 753 a

412 814 631 874 peccato
659 803 976 866 resiliamus,
1015 809 1067 856 ct
1093 799 1159 855 ad
1187 797 1575 854 confessionem
1616 806 1980 864 properemus.

411 893 565 961 Quod
590 894 634 951 si
657 892 760 949 boe
785 892 1058 958 faciamus,
1086 891 1193 946 cito
1224 905 1283 945 se
1324 889 1533 945 veniam
1561 886 1804 940 daturum
1839 883 1988 953 polli-

412 994 602 1042 cetur:
634 984 749 1054 ipse
774 983 916 1040 enim
944 991 1026 1040 est
1061 982 1152 1053 qui
1179 981 1308 1037 dicit
1353 998 1369 1036 :
1402 979 1662 1049 Numquid
1702 976 1789 1046 qui
1827 974 1980 1038 cadit,

412 1094 513 1130 non
539 1077 774 1146 resurgit,
801 1085 909 1140 aut,
935 1075 1024 1140 qui
1049 1072 1222 1128 avertit
1247 1088 1319 1138 se,
1343 1088 1442 1125 non
1476 1069 1737 1124 revertitur
1767 1065 1899 1136 (Jer.
1930 1065 1983 1120 8.

412 1160 502 1228 4)?
518 1159 642 1216 llaec
660 1160 816 1228 igitur
835 1173 956 1216 cum
973 1158 1222 1223 sciamus,
1244 1164 1350 1212 tam
1370 1155 1682 1210 clementem
1706 1149 1984 1204 Dominum

413 1263 482 1302 ne
499 1262 831 1318 spernanms,
853 1247 948 1301 sed
967 1246 1174 1302 noxiam
1195 1242 1630 1301 consuetudinem
1651 1251 1984 1310 superemus,

413 1355 587 1410 neque
605 1356 699 1410 per
714 1340 872 1396 latam
893 1347 1100 1410 portam
1122 1346 1176 1393 et
1195 1337 1480 1407 spatiosam
1504 1334 1640 1388 viam
1657 1330 1983 1394 iucedamus,

414 1438 573 1498 prout
592 1428 812 1484 audistis
841 1428 999 1485 hodie
1034 1441 1368 1486 communem
1393 1423 1668 1480 Dominum
1692 1420 1986 1479 admonen-

419 1530 527 1575 tem
558 1520 610 1574 in
630 1516 945 1588 Evangelio,
963 1528 1028 1568 ac
1045 1518 1310 1574 dicentem
1344 1533 1358 1570 :
1390 1514 1588 1572 Intrate
1613 1528 1701 1582 per
1721 1520 1986 1582 angustam

415 1619 632 1680 portam,
663 1611 781 1680 quia
809 1611 913 1665 lata
951 1620 1117 1680 parta,
1148 1619 1191 1665 et
1220 1610 1442 1680 spatiosa
1470 1607 1549 1662 uia
1577 1616 1681 1672 est,
1708 1619 1819 1674 quae
1851 1602 1987 1656 ducit

416 1703 484 1755 ad
527 1703 874 1772 perditionem,
915 1712 962 1758 et
1001 1703 1149 1757 multi
1189 1710 1326 1768 sunt,
1382 1700 1468 1769 qui
1517 1699 1710 1753 intrant
1751 1712 1839 1766 per
1875 1711 1986 1749 eam

414 1792 626 1862 (Matth.
657 1793 710 1848 7.
746 1790 854 1863 15).
887 1792 1021 1848 Dum
1049 1791 1200 1847 audis
1220 1792 1378 1847 latam
1400 1804 1520 1845 esse
1539 1797 1763 1858 portam,
1785 1794 1842 1842 et
1865 1799 1988 1854 apa-

415 1881 603 1938 tiosam
627 1883 784 1948 viam,
826 1897 893 1940 ne
921 1881 1198 1953 decipiaris
1246 1882 1302 1937 in
1335 1879 1557 1937 exordio
1578 1921 1596 1945 ,
1648 1893 1819 1948 neque
1859 1875 1984 1930 illud

414 1983 643 2042 spectes,
671 1972 810 2042 quod
837 1972 987 2030 multi
1013 1973 1122 2033 sint
1145 1973 1232 2042 qui
1272 1986 1366 2042 per
1393 1985 1508 2026 eam
1532 1969 1730 2026 intrent
1761 1986 1775 2024 :
1801 1965 1896 2026 sed
1923 1965 1988 2022 il-

412 2062 503 2117 lud
529 2064 908 2130 animadverte,
951 2065 1002 2119 in
1044 2073 1321 2135 angustum
1350 2063 1490 2118 illam
1522 2063 1682 2116 finem
1719 2060 1982 2116 desinere.

412 2153 546 2216 Illud
594 2170 804 2225 quoque
859 2155 1146 2226 prudenter
1191 2155 1488 2220 considera,
1538 2167 1869 2223 nequaquam
1919 2151 1988 2207 de

412 2245 593 2301 sensili
637 2255 786 2314 porta
829 2245 984 2300 verba
1034 2245 1168 2309 fieri,
1213 2260 1384 2315 neque
1424 2245 1491 2300 de
1530 2245 1613 2298 via
1653 2243 1983 2314 simpliciter,

414 2333 508 2390 sed
537 2335 605 2390 de
631 2344 736 2390 tota
759 2336 862 2390 vita
897 2344 1096 2400 nostra,
1135 2335 1204 2391 de
1228 2336 1422 2391 virtute
1463 2349 1526 2389 ac
1576 2335 1706 2390 vitio
1747 2333 1988 2388 admoni-

418 2427 614 2482 tionem
644 2441 782 2481 esse.
816 2427 1038 2494 Propter
1063 2441 1127 2482 ea
1151 2441 1360 2496 quoque
1384 2426 1452 2480 ab
1472 2425 1555 2480 his
1582 2423 1760 2480 verbis
1785 2438 1991 2480 sermo-

415 2531 540 2572 nem
568 2515 850 2581 inchoavit,
882 2516 1074 2571 Intratc
1098 2535 1187 2586 per
1209 2527 1476 2588 angustam
1515 2527 1736 2584 portam,
1776 2517 1990 2571 virtutis

415 2616 620 2685 portam
639 2607 714 2662 sic
730 2607 1022 2677 appellans.
1049 2607 1246 2664 Deinde
1272 2623 1394 2662 cum
1418 2607 1660 2672 dixisset,
1685 2606 1880 2660 Intrate
1901 2622 1990 2676 per

415 2707 680 2769 angustam
705 2707 920 2768 portam,
948 2715 1043 2754 nos
1057 2699 1304 2769 deinceps
1324 2713 1538 2755 causam
1553 2699 1730 2763 docet,
1743 2699 1814 2754 ob
1832 2713 1990 2768 quam

415 2788 480 2842 ad
514 2789 612 2842 hoc
641 2804 738 2844 nos
763 2788 1088 2847 cohortetnr.
1133 2789 1282 2844 Licet
1321 2791 1461 2846 enim
1503 2798 1726 2858 angusta
1765 2789 1834 2842 sit
1867 2789 1987 2853 ista,

417 2879 744 2949 multumque
796 2879 1030 2936 laborem
1073 2879 1263 2937 offerat
1304 2881 1356 2935 iu
1409 2881 1672 2950 ingressu,
1715 2879 1760 2933 si
1815 2887 1989 2934 tamen

417 2970 680 3037 paululum
710 2971 982 3038 laboretis,
1012 2971 1078 3028 ad
1120 2972 1337 3029 multam
1361 2971 1689 3027 latitudinem
1719 2971 1992 3040 pervenie-

416 3062 485 3114 tis
513 3069 566 3114 et
608 3062 1028 3131 amplitudinem,
1073 3079 1191 3132 qua:
1234 3078 1329 3118 vos
1370 3063 1567 3132 ingenti
1598 3061 1869 3131 voluptate
1897 3076 1991 3130 po-

418 3152 544 3206 terit
572 3169 833 3209 recreare.
865 3154 944 3209 Ne
969 3155 1127 3223 igitur
1161 3154 1260 3208 hoc
1299 3154 1568 3223 Spectetis,
1625 3153 1815 3222 inquit,
1847 3150 1990 3220 quod

416 3255 636 3313 angusta
667 3245 756 3309 sit,
785 3259 958 3313 neque
993 3258 1088 3298 vos
1113 3243 1434 3300 conturbent
1465 3243 1773 3312 primordia,
1821 3257 1992 3311 neque

416 3335 683 3404 ingressus
725 3336 982 3404 angustia:
1024 3334 1236 3393 desides
1270 3350 1366 3390 vos
1408 3335 1664 3400 reddant;
1708 3335 1809 3389 lata
1849 3335 1989 3388 enim

419 3425 529 3480 huic
561 3437 731 3494 porta,
761 3435 814 3480 et
866 3427 1096 3494 spatiosa
1147 3428 1231 3480 via
1281 3427 1476 3482 desinit
1518 3428 1570 3482 in
1617 3428 1986 3496 perditionem.

417 3515 748 3584 Quapropter
773 3515 920 3572 multi
945 3515 1104 3572 etiam
1133 3515 1203 3572 ob
1226 3516 1372 3571 initia
1415 3526 1470 3572 et
1506 3517 1723 3571 exordia
1760 3516 1988 3584 decepti,

419 3620 590 3672 neque
615 3605 905 3659 futurorum
931 3604 1217 3674 quidquam
1263 3606 1632 3675 praevidentes,
1661 3607 1712 3660 in
1742 3607 1993 3676 perditio-

418 3708 539 3746 nem
585 3693 788 3761 seipsos
820 3693 1138 3754 dediderunt
1178 3712 1192 3748 :
1244 3696 1457 3757 idcirco.
1507 3695 1636 3748 Lata
1677 3709 1768 3758 est,
1802 3698 1989 3766 inquit,

418 3793 581 3855 porta,
599 3795 642 3838 et
659 3787 884 3854 spatiosa
902 3787 1001 3853 via,
1023 3801 1135 3854 quia
1159 3787 1296 3845 ducit
1316 3788 1383 3845 ad
1408 3789 1755 3858 perditionem,
1779 3799 1824 3843 et
1847 3790 1992 3843 multi

417 3886 551 3940 sunt,
577 3877 663 3944 qui
690 3877 880 3932 intrant
907 3893 995 3944 per
1029 3893 1156 3932 eam.
1190 3879 1267 3934 Ac
1305 3889 1445 3934 reste
1477 3895 1608 3934 sane
1638 3880 1793 3934 latam
1825 3881 1990 3950 ipsam

417 3974 619 4035 portatu
647 3966 878 4033 vocavit,
907 3967 1190 4036 spatiosum
1214 3970 1372 4032 viam,
1401 3984 1519 4038 qua:
1543 3969 1609 4024 ad
1637 3969 1986 4039 perditionem

417 4057 647 4117 deducit.
678 4058 776 4126 Qui
806 4059 949 4114 enim
979 4059 1044 4114 ad
1073 4059 1224 4114 ludos
1244 4059 1520 4115 Circenses
1540 4061 1789 4116 festinant
1808 4076 1993 4116 ascen-

420 4149 566 4211 dere,
593 4158 893 4219 czeteraque
913 4150 1146 4206 satanica
1171 4150 1257 4206 illa
1277 4152 1601 4220 spectacula,
1629 4152 1992 4221 temperantia:

417 4241 796 4305 valedicentes,
823 4241 1068 4296 virtutem
1098 4257 1194 4310 pro
1241 4242 1405 4296 nihilo
1435 4242 1713 4307 habentes,
1755 4243 1842 4311 qui
1875 4241 1994 4296 libi-

415 4333 524 4386 tlini
553 4347 617 4386 ac
643 4333 802 4401 genio
827 4333 1098 4402 indulgere
1121 4335 1322 4399 volunt,
1344 4335 1432 4403 qui
1454 4334 1660 4388 deliciis
1687 4343 1740 4388 et
1768 4334 1902 4403 gula:
1931 4349 1989 4387 se

419 4423 636 4488 dedunt,
665 4423 754 4492 qui
789 4424 1129 4493 pecuniarum
1167 4424 1454 4493 cupiditate
1480 4434 1534 4479 et
1574 4425 1774 4478 insania
1804 4426 1994 4478 stimu-

418 4513 613 4577 lantur,
646 4528 708 4567 ac
739 4513 1018 4582 prarseutis
1046 4515 1164 4567 vita:
1188 4515 1483 4570 commodis
1525 4515 1744 4579 inhiant,
1787 4531 1879 4584 per
1919 4517 1992 4568 la-

416 4610 523 4655 tam
552 4612 754 4670 portam
786 4613 838 4656 ct
880 4605 1168 4667 spatiosam
1206 4605 1346 4659 viam
1377 4605 1627 4659 incedunt
1659 4624 1671 4659 :
1711 4616 1988 4674 postquam

417 4701 593 4746 autem
622 4692 779 4762 paulo
807 4693 1015 4762 longius
1038 4697 1301 4764 progressi
1345 4703 1486 4759 sunt,
1523 4697 1819 4766 multasque
1868 4713 1989 4766 pec-

419 4792 654 4838 catorum
684 4785 916 4838 sarcinas
953 4794 1368 4849 coacervaruut,
1412 4788 1589 4842 afflicti
1621 4799 1674 4843 et
1712 4789 1987 4851 debilitati,

417 4890 537 4928 cum
565 4875 629 4928 ad
652 4876 927 4930 viaelinem
970 4878 1325 4944 pervenerint,
1355 4879 1575 4933 ulterius
1619 4880 1858 4948 progredi
1906 4897 1992 4933 ne-

418 4975 640 5036 queunt,
674 4982 794 5021 cum
822 4969 920 5021 vite
946 4978 1254 5037 premantur
1275 4972 1548 5039 angustiis,
1585 4988 1648 5024 eo
1673 4971 1808 5039 quod
1851 4973 1989 5025 mole

417 5058 617 5127 gravati
657 5068 988 5126 peccatorum
1026 5060 1169 5113 illam
1213 5075 1464 5130 peragere
1493 5062 1708 5114 minime
1748 5065 1984 5129 possint:

417 5165 522 5219 quo
545 5151 622 5214 lit,
646 5157 701 5202 ut
727 5150 783 5204 in
817 5150 986 5218 ipsum
1028 5151 1240 5205 tandem
1291 5153 1601 5219 perditionis
1643 5155 1987 5221 pra-cipitium

416 5239 782 5293 devolvuntur.
826 5239 962 5306 Quid
1005 5240 1183 5309 igitur,
1219 5257 1422 5308 qtuuso,
1467 5243 1703 5310 prodest,
1753 5244 1891 5312 qttod
1924 5244 1989 5296 ad

415 5329 665 5398 exiguum
694 5336 900 5396 tempus
923 5344 1016 5398 per
1051 5329 1337 5397 spatiosum
1379 5330 1703 5397 incedamus,
1732 5333 1774 5386 si
1807 5332 1992 5401 perpe—

417 5428 504 5472 tua
530 5418 824 5488 perditione
851 5434 974 5472 mox
998 5420 1377 5488 opprimamur,
1413 5429 1466 5474 et
1493 5419 1578 5474 ubi
1611 5437 1703 5489 per
1723 5425 1986 5477 somnium

415 5509 799 5577 propemodum
839 5509 1045 5564 deliciis
1092 5510 1242 5579 potiti
1282 5510 1556 5578 fuerimus,
1605 5528 1667 5568 re
1709 5530 1832 5569 vera
1871 5530 1989 5584 sup-

415 5601 574 5672 plicio
602 5600 938 5667 plectamur?

485 5695 700 5750 Somnio
735 5694 912 5751 similis
936 5704 1006 5750 est
1057 5696 1161 5751 lucc
1205 5697 1325 5751 vita.
1353 5728 1422 5739 —-
1449 5699 1601 5767 Quod
1648 5703 1788 5758 enim
1835 5706 1987 5761 unius

1111 323 1167 381 8.
1205 320 1481 380 IOANNIS
1516 313 1984 373 CllltYSOSTOMl
2012 310 2325 367 ARCIIIEP.
2357 305 2883 366 CONSTANTINOP.

3526 299 3664 358 {(358

2090 425 2259 481 noctis
2287 434 2369 480 est
2397 423 2681 490 somnium,
2718 423 2820 477 hoc
2859 429 2968 475 tota
3018 433 3253 489 praesens
3301 426 3388 470 est
3436 417 3570 481 vita,
3623 417 3665 468 si

2089 533 2208 573 cum
2235 532 2322 581 eo,
2351 515 2492 586 quod
2521 529 2620 570 nos
2661 522 3004 583 excepturum
3029 521 3132 575 est,
3160 509 3421 579 supplicio
3448 524 3668 574 coutpa-

2089 618 2256 676 retur.
2288 608 2422 662 Num
2463 607 2606 662 enim
2650 615 2706 660 ut
2752 615 2953 660 temere
2999 618 3030 656 a
3075 601 3229 656 nobis
3275 601 3519 669 lcgantur
3555 602 3670 652 han:

2087 700 2281 767 scripta
2326 698 2486 752 sunt?
2538 697 2823 766 Propterea
2876 693 3082 750 Domini
3133 705 3408 746 sermones
3451 690 3670 758 scriptis

2090 788 2327 843 mandari
2357 789 2523 858 gratia
2558 787 2786 857 Spiritus
2815 785 2982 840 sancti
3009 783 3232 848 curavit,
3259 789 3320 837 ut
3345 781 3474 834 dum
3501 795 3571 834 ex
3604 781 3670 833 iis

2088 879 2320 934 remedia
2344 879 2730 948 depromimus,
2757 876 2948 947 quibus
2974 874 3230 930 adversus
3256 871 3540 941 passiones
3567 883 3669 923 nos

2091 969 2522 1037 pratmuniamus,
2567 967 2854 1022 imminens
2891 965 3154 1036 possimus
3191 961 3516 1033 supplicium
3552 961 3669 1015 eri-

2089 1069 2222 1114 tare.
2249 1059 2604 1126 Quamobrem
2635 1068 2746 1112 tum
2785 1071 2996 1128 quoque
3040 1053 3405 1110 convenientia
3431 1051 3672 1106 vulneri-

2089 1152 2188 1207 bus
2228 1167 2417 1207 eorum
2461 1152 2716 1208 adhibens
2759 1151 3140 1206 medicamenta
3185 1148 3441 1203 Dominus
3485 1154 3671 1202 noster

2090 1243 2246 1298 Jesus
2267 1243 2508 1298 Christus
2529 1243 2907 1297 cohortabatur
2925 1240 3109 1294 dicens
3135 1256 3148 1291 :
3173 1238 3367 1292 Intrate
3387 1253 3478 1308 per
3504 1253 3668 1306 angu-

2092 1344 2221 1389 atam
2269 1344 2484 1404 portam.
2537 1335 2825 1403 Angustam
2867 1341 3044 1385 autem
3093 1330 3233 1383 illam
3283 1329 3530 1393 vocabat,
3563 1341 3670 1381 non

2087 1424 2225 1493 quod
2248 1432 2433 1479 natura
2458 1438 2553 1477 sua
2572 1423 2643 1476 sit
2669 1429 2908 1492 angusta,
2938 1419 3033 1475 sed
3053 1418 3192 1489 quod
3221 1418 3429 1472 animus
3457 1425 3668 1476 noster,

2086 1514 2151 1568 ad
2181 1515 2436 1570 desidiam
2454 1513 2702 1584 proclivis
2725 1521 2998 1582 angustam
3033 1511 3174 1564 illam
3212 1523 3331 1564 esse
3353 1507 3666 1563 arbitretur.

2085 1607 2265 1676 Neque
2289 1607 2433 1666 enim
2458 1615 2514 1661 ut
2543 1622 2641 1662 nos
2678 1613 2943 1668 avocaret,
2974 1603 3170 1658 idcirco
3203 1610 3481 1671 angustam
3527 1599 3670 1655 illam

2085 1697 2389 1767 appellavit,
2419 1697 2512 1751 sed
2538 1705 2596 1751 ut
2629 1695 2848 1750 alterius
2895 1692 3219 1748 latitudinem
3270 1690 3558 1760 fugientes,
3605 1697 3659 1744 et

2086 1805 2152 1844 ex
2191 1789 2295 1844 true
2339 1801 2761 1859 unamquamque
2802 1794 3209 1857 cognoscentes,
3241 1784 3375 1844 hanc
3396 1783 3467 1841 ita
3496 1782 3679 1858 potius

2086 1882 2364 1952 eligamus.

2157 1975 2211 2033 3.
2239 1974 2486 2049 Exempla
2510 1995 2682 2032 eorum
2711 1979 2796 2048 qui
2831 1995 2919 2047 per
2957 1977 3112 2031 latam
3154 1975 3285 2030 viam
3326 1972 3683 2026 ambulanti".

2086 2097 2158 2110 --
2182 2069 2286 2124 Sed
2331 2078 2390 2124 ut
2423 2069 2670 2124 omnibus
2702 2069 2972 2123 intellectu
3019 2065 3184 2121 facilis
3215 2066 3303 2118 fiat
3327 2063 3527 2129 oratio,
3557 2077 3676 2131 age,

2089 2160 2131 2212 si
2162 2160 2388 2227 videtur,
2423 2173 2537 2226 eos,
2568 2160 2657 2230 qui
2691 2173 2785 2228 per
2831 2158 2989 2212 latam
3020 2165 3228 2227 portam
3260 2155 3486 2223 ingressi
3528 2165 3674 2216 sunt,

2090 2260 2145 2306 et
2164 2267 2260 2321 per
2280 2251 2566 2322 spatiosum
2593 2251 2730 2306 viam
2770 2251 3101 2304 incesserunt
3143 2249 3193 2301 in
3225 2245 3460 2302 medium
3503 2245 3678 2299 advo-

2088 2356 2292 2410 cemus,
2319 2351 2374 2398 et
2399 2343 2516 2411 quis
2546 2357 2640 2396 eos
2663 2340 2878 2397 tandem
2910 2339 3029 2394 finis
3059 2337 3328 2408 exceperit
3355 2335 3681 2400 videamus;

2090 2433 2321 2502 itemque
2345 2431 2462 2486 ilius
2491 2431 2576 2500 qui
2603 2445 2701 2501 per
2729 2438 3003 2499 angustam
3032 2437 3235 2496 portam
3270 2426 3498 2495 ingressi
3528 2435 3674 2488 sunt,

2090 2533 2145 2578 et
2172 2538 2269 2591 per
2290 2531 2491 2576 arctam
2522 2521 2682 2585 viam,
2718 2529 2775 2574 et
2807 2534 2924 2589 quae
2954 2517 3163 2572 tandem
3207 2516 3290 2569 isti
3319 2515 3461 2568 bona
3503 2512 3679 2567 sortiti

2091 2612 2309 2679 fuerint,
2341 2625 2744 2681 cognoscamus.
2797 2607 2970 2665 Unum
3013 2609 3172 2677 igitur
3211 2621 3277 2661 ex
3316 2607 3402 2668 iis,
3447 2604 3544 2673 qui
3587 2618 3680 2673 per

2091 2705 2248 2757 latam
2282 2703 2418 2757 hanc
2451 2711 2657 2772 portam
2699 2702 2981 2765 intrarunt,
3007 2708 3062 2754 et
3081 2713 3243 2753 unum
3263 2713 3328 2751 ex
3356 2697 3442 2758 iis,
3465 2696 3564 2765 qui
3589 2711 3681 2765 per

2090 2801 2366 2862 angustam
2392 2801 2446 2846 et
2487 2800 2684 2847 arctam
2725 2792 2863 2845 viam
2902 2794 3252 2849 incesserunt.
3291 2787 3448 2841 vobis
3475 2788 3536 2840 in
3563 2803 3679 2841 me-

2091 2883 2236 2938 dium
2266 2884 2614 2952 proferentes,
2646 2897 2829 2938 eorum
2861 2897 2982 2952 qua:
3021 2896 3051 2934 a
3099 2880 3325 2934 Domino
3361 2878 3509 2932 dicta
3558 2887 3683 2932 sunt

2093 2976 2368 3029 veritatem
2395 2974 2757 3041 ostendamus,
2798 2972 3068 3028 eteadem
3107 2986 3290 3026 rursus
3336 2971 3554 3024 Domini
3587 2985 3681 3039 pa-

2090 3066 2273 3124 rabola
2301 3077 2529 3121 utamur.
2557 3066 2810 3132 Quisnam
2837 3080 2966 3135 ergo
2995 3072 3075 3119 est
3123 3063 3212 3117 ille
3253 3063 3342 3132 qui
3386 3077 3484 3131 per
3517 3063 3684 3116 latam

2091 3168 2301 3228 portam
2329 3157 2563 3223 intravit,
2587 3165 2642 3211 et
2668 3156 2955 3225 spatiosam
2987 3155 3128 3208 viam
3155 3154 3498 3224 peragravit?
3528 3154 3683 3207 Prius

2091 3250 2233 3304 enim
2259 3249 2379 3319 quis
2401 3249 2500 3303 iste
2525 3250 2594 3303 sit
2632 3249 2878 3302 convenit
2906 3247 3143 3311 indicari,
3169 3254 3536 3316 quantumque
3561 3261 3684 3316 spe-

2094 3339 2224 3393 tium
2253 3339 2351 3392 via:
2375 3337 2684 3402 confecerit,
2713 3353 2807 3406 per
2831 3337 2986 3390 latam
3020 3335 3294 3400 incedens,
3321 3349 3384 3389 ac
3415 3343 3533 3389 tum
3566 3351 3680 3389 ma-

2092 3429 2339 3484 nifestum
2369 3429 2518 3483 vobis
2544 3427 2788 3493 reddere,
2817 3429 2868 3481 in
2890 3441 3046 3497 quem
3071 3426 3280 3480 tandem
3313 3425 3477 3481 finem
3499 3425 3680 3480 desie-

2091 3521 2180 3574 rit.
2237 3521 2314 3573 Ac
2349 3519 2461 3573 scio
2499 3518 2743 3588 equidem
2790 3533 2888 3572 vos
2932 3518 3172 3571 homines
3203 3515 3548 3586 perspicaces
3571 3517 3680 3585 jam

2090 3610 2213 3680 quid
2240 3610 2428 3664 dicturi
2457 3609 2622 3664 simus
2662 3609 2953 3678 intelligere
2989 3625 3003 3661 :
3049 3608 3391 3662 nihilominus
3439 3618 3624 3663 tamen
3650 3624 3679 3661 a

2094 3705 2244 3757 nobis
2267 3703 2376 3759 dici
2407 3718 2626 3758 necesse
2651 3712 2753 3758 est.
2807 3703 3072 3756 Revocate
3100 3702 3246 3756 vobis
3277 3701 3327 3754 in
3354 3703 3676 3756 memoriam

2091 3797 2308 3851 divitem
2358 3797 2526 3860 illum,
2569 3795 2659 3865 qui
2707 3794 2944 3865 quotidie
2992 3808 3222 3864 purpura
3264 3792 3597 3849 induebatur
3628 3803 3678 3848 et

2091 3887 2274 3957 bysso,
2329 3887 2417 3955 qui
2462 3885 2779 3955 epulabatur
2825 3883 3127 3953 splendide,
3175 3883 3264 3953 qui
3306 3884 3581 3952 parasitos
3625 3893 3676 3937 et

2092 3976 2394 4031 adulatores
2437 3976 2630 4040 alebat,
2673 3976 2763 4044 qui
2809 3974 3033 4029 multum
3077 3987 3281 4028 merum
3335 3971 3676 4037 infundebat,

2092 4068 2180 4138 qui
2210 4067 2444 4137 quotidie
2473 4075 2712 4121 ventrem
2759 4065 3092 4132 saburrabat,
3119 4065 3209 4135 qui
3247 4064 3430 4118 multis
3451 4078 3514 4119 se
3545 4064 3681 4118 deli-

2093 4159 2189 4212 ciis
2219 4156 2592 4228 ingurgitabat,
2631 4171 2724 4224 per
2766 4157 2925 4210 latam
2973 4166 3178 4224 portam
3234 4155 3529 4222 ingressus,
3581 4169 3680 4207 vo.

2093 4251 2294 4318 luptate
2317 4263 2379 4303 ac
2424 4249 2600 4302 lu-titia
2633 4247 2892 4301 mundana
2923 4257 3180 4316 perpetuo
3210 4244 3506 4299 fruebatur.
3541 4244 3680 4299 Nam

2095 4341 2168 4394 illi
2199 4350 2385 4394 cuncta
2412 4340 2555 4393 velut
2574 4355 2638 4392 ex
2669 4337 2816 4392 fonte
2843 4337 3154 4403 afﬂuebant,
3178 4336 3401 4390 multum
3430 4337 3681 4391 ministe—

2096 4433 2252 4496 rium,
2284 4432 2556 4485 immensu:
2597 4431 2820 4492 delieizn,
2865 4431 3104 4498 corporis
3155 4437 3371 4494 Sumtus,
3421 4432 3684 4497 pecunia-

2092 4539 2207 4575 rum
2261 4522 2434 4590 c0pia,
2485 4521 2689 4575 delatus
2735 4537 2762 4573 a
2821 4521 3001 4575 multis
3049 4521 3239 4587 honor,
3277 4531 3680 4574 assentatormu

2092 4613 2293 4678 laudes,
2325 4613 2452 4666 nihil
2481 4614 2688 4668 interim
2714 4623 2846 4678 erat,
2863 4614 3001 4684 quod
3025 4614 3095 4667 illi
3121 4615 3384 4667 tristitiam
3409 4614 3637 4669 afferret
3665 4635 3678 4669 :

2093 4706 2308 4774 etquod
2340 4706 2513 4775 majus
2536 4716 2636 4766 est,
2670 4721 2788 4759 eum
2829 4717 2969 4761 totos
3013 4706 3128 4760 dies
3160 4706 3388 4776 crapulze
3432 4707 3684 4775 gulaque

2093 4810 2286 4850 vacans
2313 4797 2648 4866 transigeret,
2673 4811 2776 4850 non
2798 4795 2958 4850 modo
2982 4811 3230 4865 prospera
3256 4798 3496 4864 corporis
3525 4800 3682 4852 vale-

2095 4886 2273 4940 tudine
2295 4885 2583 4950 fruebatur,
2617 4895 2672 4940 et
2696 4887 2748 4939 in
2779 4887 3064 4941 securitate
3085 4903 3286 4941 summa
3307 4887 3563 4958 degebat,
3590 4891 3684 4945 sed

2093 4989 2147 5033 et
2172 4993 2454 5047 pauperem
2488 4979 2741 5032 Lazarum
2773 4978 2823 5030 in
2854 4978 3116 5032 vestibulo
3140 4979 3425 5045 iacentem,
3457 4979 3685 5049 plenum

2093 5070 2379 5135 ulceribus,
2424 5070 2697 5123 obsessum
2743 5084 2771 5120 a
2813 5069 3067 5130 canibus,
3101 5069 3188 5137 qui
3233 5069 3452 5122 vulnera
3509 5070 3680 5137 linge-

2094 5163 2238 5226 bant,
2285 5161 2527 5230 fameque
2579 5161 2876 5214 confectum
2927 5161 3305 5214 immisericors
3345 5162 3679 5228 prmterihat,

2091 5260 2144 5305 et
2171 5267 2236 5304 ne
2277 5252 2439 5304 micas
2463 5249 2674 5318 quidem
2716 5250 2786 5302 illi
2835 5249 3107 5318 impertire
3132 5248 3468 5318 dignabatur.
3499 5252 3678 5318 Atque

2092 5340 2178 5394 hic
2201 5340 2409 5410 quidem
2439 5356 2530 5408 per
2559 5340 2716 5393 latam
2742 5349 2948 5409 portam
2977 5340 3246 5409 ingressus
3268 5354 3360 5407 per
3380 5340 3676 5406 spatiosum

2090 5431 2226 5484 viam
2253 5431 2548 5496 incedebat,
2583 5430 2722 5483 viam
2745 5430 3073 5493 deliciarum,
3110 5431 3558 5498 intemperantiae,
3603 5431 3673 5483 ri-

2089 5535 2198 5585 sus,
2231 5521 2509 5589 voluptatis
2531 5563 2547 5587 ,
2588 5519 2959 5587 helluationis,
2997 5520 3282 5584 ebrietatis,
3319 5520 3672 5588 pecuniarum

2091 5612 2275 5680 copiae,
2320 5612 2554 5667 mollitiei
2595 5611 2649 5666 in
2686 5612 3016 5667 vestimentis
3054 5628 3068 5664 :
3107 5625 3169 5664 ac
3210 5611 3298 5664 diu
3339 5618 3510 5664 totum
3556 5611 3677 5662 vita:

2093 5704 2246 5774 hujus
2277 5712 2479 5774 tempus
2506 5719 2601 5775 per
2637 5706 2922 5774 Spatiosam
2950 5704 3085 5759 viam
3125 5701 3424 5759 incedendo
3460 5713 3676 5758 transe-
