3860 6224
218 387 352 441 1M7

211 505 305 558 καὶ
332 502 705 574 κηδεμονικὸν,
737 511 816 568 ὃς,
841 505 1027 578 ἐπειδὴ
1061 506 1170 561 οἶδε
1196 509 1294 579 τὴν
1319 511 1599 567 ἀσθένειαν
1628 526 1653 554 ει
1683 515 1780 584 τῆς

211 586 424 654 φύσεως
448 587 546 657 τῆς
562 587 856 659 ἡμετέρας,
885 591 1101 644 ἐπειδὰν
1124 593 1478 664 ἀμαρτήματί
1499 609 1604 649 τινι
1629 614 1782 667 περι-

211 669 464 738 πέσωμεν
513 669 756 740 ρᾳθυμίᾳ
797 671 1296 738 ὐποσκελισθέντες,
1335 677 1394 729 ἓν
1453 679 1615 748 μόνον
1661 682 1780 734 ἐπι-

209 751 359 822 ζητεῖ
379 755 510 824 παρ’
530 753 712 824 ἡμῶν,
742 753 818 825 μὴ
839 756 1173 824 ἀπογνῶναι,
1201 760 1336 813 ἀλλά
1364 762 1663 834 ἀποστῆναι
1684 764 1777 818 τοῦ

207 835 709 907 πλημμελήματος,
754 839 848 890 καὶ
896 839 1030 909 πρὸς
1062 839 1160 912 τὴν
1207 842 1594 916 ἐξομολόγησιν
1631 849 1779 901 ἐπει-

204 919 419 990 χθῆναι.
443 921 562 974 Κάν
589 921 746 974 τοῦτο
767 923 1104 993 ποιήσωμεν,
1125 929 1344 996 ταχεῖαν
1365 929 1497 998 ἡμῖν
1520 929 1621 1001 τὴν
1649 948 1777 1000 συγ-

203 1002 442 1072 χώρησιν
461 1004 855 1072 ἐπαγγέλλεται
869 1021 883 1034 ·
915 1006 1076 1072 αὐτὸς
1093 1007 1203 1078 γάρ
1229 1011 1375 1063 ἐστιν
1401 1013 1428 1064 6
1444 1012 1618 1081 λέγων
1639 1030 1654 1045 ο
1679 1015 1774 1083 Μὴ

202 1087 234 1138 ό
271 1086 507 1139 πίπτων
556 1089 667 1140 οὐκ
698 1088 1012 1142 ἀνίσταται
1033 1130 1049 1152 ,
1079 1090 1118 1159 ἢ
1166 1094 1198 1145 ό
1237 1093 1634 1164 ἀποστρέφων
1662 1099 1773 1151 οὐκ

199 1168 576 1238 ἐπιστρέφευ
608 1170 795 1226 Ταῦτα
823 1172 1003 1227 τοίνυν
1041 1173 1266 1239 εἰδότες,
1298 1177 1374 1249 μὴ
1418 1181 1774 1250 καταφρονῶ-

202 1270 298 1322 μεν
326 1254 419 1307 τοῦ
451 1254 594 1308 οὕτω
627 1255 1008 1327 φιλανθρώπου
1045 1259 1341 1324 Δεσπότου,
1373 1261 1509 1315 ἀλλά
1554 1281 1770 1334 περιγι-

198 1335 415 1406 νώμεθα
447 1339 546 1408 τῆς
579 1337 868 1408 συνηθείας
899 1340 998 1409 τῆς
1030 1340 1358 1407 ὲπιϐλαϐοὖς
1383 1357 1396 1372 °
1444 1345 1538 1397 καὶ
1571 1345 1645 1415 μὴ
1672 1347 1771 1416 τὴν

198 1417 455 1472 πλατεῖαν
504 1418 700 1488 πύλην,
749 1420 844 1473 καὶ⁵
888 1421 1201 1492 εὐρύχωρον
1255 1423 1374 1477 666v
1426 1425 1729 1498 βαδίζωμεν
1753 1446 1766 1460 ·

196 1500 446 1572 καθάπερ
489 1503 731 1572 σήμερον
773 1503 1043 1572 ἠκούσατε
1075 1504 1169 1557 τοῦ
1203 1505 1382 1560 κοινοῦ
1429 1509 1644 1563 πάντων
1672 1514 1769 1564 Δε-

197 1585 393 1637 σπότου
415 1587 804 1656 παραινοῦντος
828 1587 884 1638 ὲν
911 1585 986 1656 τῷ
1016 1587 1350 1659 Εὐαγγελίῳ,
1383 1593 1479 1645 καὶ
1498 1593 1765 1662 λέγοντος⁹

195 1666 511 1721 Eia-45.10818
543 1667 639 1722 διὰ
666 1669 776 1736 τῆς
811 1667 1036 1736 στενῆς
1072 1673 1294 1738 πύλης,
1332 1673 1420 1727 ὅτι
1455 1676 1706 1730 πλατεῖα
1726 1679 1764 1746 ἠ

191 1750 354 1817 πύλη
379 1751 476 1803 καὶ
508 1753 846 1820 εὐρύχωρος
886 1754 924 1820 ἡ
949 1753 1090 1820 ὁδὸς
1116 1756 1154 1823 ἠ
1186 1755 1508 1826 ἀπάγουσα
1540 1762 1627 1826 εὶς
1653 1760 1767 1829 τὴν

189 1832 490 1887 ἀπώλειαν
512 1872 526 1896 ,
555 1834 666 1887 ’καὶ
703 1837 922 1890 πολλοί
972 1838 1132 1890 εισιν
1159 1840 1214 1890 οὶ
1251 1840 1662 1910 εἰσερχόμενοι
1690 1843 1765 1896 δι’

187 1912 394 1982 αὐτῆς.
451 1915 710 1981 Ἀκούσας
739 1914 766 1952 ¹³
798 1917 1060 1971 πλατεῖαν
1108 1918 1306 1991 πύλην,
1334 1923 1429 1974 καὶ
1455 1923 1766 1994 εὐρύχωρον

186 1998 323 2064 ὁδὸν,
348 1999 422 2070 μὴ
450 2002 562 2064 τοῖς
598 2001 904 2072 προοιμίοις
931 2001 1243 2073 ἀπατηθῇς,
1277 2004 1435 2074 μηδὲ,
1471 2006 1555 2058 ὅτι
1583 2008 1766 2062 πολλοὶ

187 2081 525 2152 εἰσέρχονται
551 2082 616 2135 δι’
642 2083 833 2154 αὐτῆς,
868 2083 1028 2138 τοῦτο
1065 2086 1202 2157 ἴδῃς,
1231 2086 1348 2141 ἀλλ’
1378 2088 1548 2142 ἐννόει
1571 2090 1654 2143 δτι
1685 2093 1765 2155 είς

191 2165 374 2218 στενὸν
420 2166 788 2237 καταστρέφει
814 2166 985 2231 τέλος.
1035 2171 1274 2224 Κάκεῖνο
1312 2171 1370 2224 δὲ
1417 2173 1653 2238 συνετῶς
1678 2174 1765 2227 λο-

183 2248 360 2316 γίζου,
383 2250 463 2302 ὅτι
483 2250 544 2303 οὐ
574 2251 702 2320 περὶ
731 2250 996 2322 αἰσθητῆς
1024 2253 1200 2324 πύλης
1225 2255 1373 2308 ἐστὶν
1393 2258 1421 2309 6
1449 2257 1625 2325 λόγος,
1643 2259 1764 2314 οὐδὲ

181 2333 310 2405 περὶ
342 2333 465 2386 6606
510 2333 716 2399 ἀτελῶς,
751 2334 888 2388 ἀλλά
940 2338 1068 2407 περὶ
1099 2337 1280 2409 πάσης
1311 2338 1414 2409 τῆς
1466 2339 1614 2410 ζωῆς
1664 2343 1762 2414 τῆς

181 2418 476 2489 ἡμετέρας,
497 2419 590 2471 καὶ
613 2419 740 2489 περὶ
761 2420 965 2491 ἀρετῆς
987 2423 1082 2475 καὶ
1106 2424 1305 2488 κακίας
1325 2426 1472 2478 ἐστὶν
1499 2430 1532 2499 ἡ
1562 2430 1763 2498 παραί-

180 2517 349 2563 νεσις.
384 2500 484 2552 Διά
514 2518 596 2553 τοι
657 2499 815 2554 τοῦτο
852 2505 948 2557 καὶ
981 2505 1283 2576 ἀρχόμενος
1335 2505 1510 2572 οὕτως
1558 2512 1762 2581 ἤρξατο

179 2582 354 2651 λέγων
373 2626 390 2645 ,
415 2582 732 2638 Εὶσέλθετε
757 2584 853 2638 διὰ
882 2583 992 2650 τῆς
1012 2587 1238 2657 στενῆς
1265 2591 1466 2658 πύλης
1489 2631 1504 2654 ,
1539 2592 1636 2664 τὴν
1662 2594 1760 2664 τῆς

178 2667 381 2736 ἀρετῆς
410 2666 584 2737 πύλην
613 2666 755 2720 οὕτω
783 2668 986 2724 καλῶν.
1018 2666 1152 2722 Εἶτα
1189 2673 1378 2736 εἰπὼν,
1426 2677 1506 2727 ὅτι
1542 2677 1759 2732 Εἰσέλ·

177 2751 307 2802 θετε
329 2748 426 2802 διὰ
456 2748 567 2817 τῆς
594 2749 818 2819 στενῆς
847 2752 1069 2820 πύλης,
1110 2753 1353 2808 διδάσκει
1387 2757 1533 2826 ἡμᾶς
1575 2758 1758 2815 λοιπὸν

175 2835 273 2906 τὴν
305 2834 489 2888 αἰτίαν
515 2877 529 2900 ,
555 2835 624 2888 δι’
646 2837 712 2905 ἣν
738 2836 897 2888 τοῦτο
922 2839 1199 2907 παραινεῖ.
1221 2839 1282 2890 El
1310 2839 1418 2910 γὰρ
1449 2841 1540 2894 καὶ
1573 2845 1754 2916 στενὴ,

175 2918 364 2990 φησὶν,
397 2917 558 2989 αὕτη,
599 2919 694 2972 καὶ
723 2919 889 2972 πολὺν
916 2919 1029 2991 ἔχει
1078 2921 1168 2974 τὸν
1195 2921 1442 2992 κάματον
1461 2926 1518 2979 ὲν
1543 2929 1610 2997 τῇ
1643 2931 1755 2981 είσ-

172 3001 296 3072 όδῳ,
336 3001 449 3055 ἀλλ’
480 3002 576 3054 ἐὰν
606 3001 800 3073 μικρὸν
828 3003 1064 3074 κάμητε,
1088 3005 1170 3067 είς
1201 3004 1335 3058 πολὺ
1360 3006 1558 3072 πλάτος
1591 3011 1757 3082 ἐκϐη-

176 3086 339 3139 σεσθε
377 3084 471 3138 καί¹
502 3085 840 3155 εὐρυχωρίαν
869 3085 1070 3156 πολλὴν
1107 3086 1205 3158 τὴν
1237 3087 1422 3141 ἄνεσιν
1449 3091 1756 3164 δυναμένην

174 3168 306 3238 ὑμῖν
357 3170 682 3238 παρασχεῖν.
731 3168 822 3238 Μὴ
852 3168 1032 3221 τοίνυν
1068 3169 1151 3221 ὅτι
1179 3173 1336 3242 στενή
1375 3174 1492 3226 ἐστι
1517 3213 1532 3238 ,
1568 3176 1752 3247 φησὶν,

175 3252 352 3322 ἴδητε,
393 3251 532 3321 μηδὲ
577 3250 645 3303 τὰ
685 3251 947 3320 προοίμια
995 3252 1140 3321 ὑμᾶς
1182 3252 1500 3325 θορυϐείτω,
1531 3258 1667 3330 μηδὲ
1693 3261 1754 3314 τὸ

174 3333 366 3387 στενὸν
396 3333 498 3402 τῆς
555 3332 764 3385 εἰσόδου
797 3333 1068 3404 ὀκνηροὺς
1107 3334 1536 3406 ἀπεργαζέσθω·
1570 3341 1602 3412 ή
1643 3341 1753 3412 γὰρ

172 3414 405 3468 πλατεῖα
453 3413 592 3484 αὕτη
625 3415 768 3486 πύλη
788 3454 803 3479 ,
839 3417 933 3470 καὶ
965 3419 997 3487 η
1031 3417 1342 3490 εὐρύχωρος
1369 3419 1486 3484 ὁδὸς
1518 3423 1598 3486 είς
1643 3425 1752 3478 ἀπ-

169 3498 372 3552 ώλειαν
395 3499 782 3570 καταστρέφει.
807 3501 900 3552 Διὸ
928 3502 1023 3553 καὶ
1055 3501 1241 3555 πολλοὶ⁹
1258 3506 1324 3575 τῇ
1349 3505 1490 3577 ἀρχῇ
1520 3509 1613 3561 καὶ
1639 3512 1751 3574 τοῖς
1771 3564 1782 3572 ,

171 3581 486 3653 προοιμίοις
537 3582 906 3652 ἀπατώμενοι,
967 3585 1061 3637 καὶ
1112 3585 1265 3639 οὐδὲν
1303 3587 1413 3640 τῶν
1447 3591 1750 3660 μελλόντων

169 3665 568 3736 προορώμενοι,
582 3667 661 3729 είς
681 3665 784 3736 τὴν
800 3666 1073 3722 ἀπώλειαν
1089 3669 1314 3735 ἑαυτοὺς
1329 3673 1620 3732 ἐκδιδόασι.
1649 3680 1750 3735 Διά

167 3749 327 3803 τοῦτό
350 3764 513 3817 φησιν
533 3788 547 3812 ,
584 3749 668 3802 ὅτι
701 3749 959 3802 Elateia
987 3749 1136 3822 [795]
1167 3751 1206 3819 ἡ
1247 3755 1432 3823 πύλη,
1457 3760 1555 3813 καὶ
1578 3763 1744 3831 εὐρύ.

165 3851 360 3902 χωρος
382 3831 422 3898 ἠ
458 3831 599 3896 ὁδὸς
628 3833 666 3900 ἡ
696 3831 1017 3902 ἀπάγουσα
1045 3838 1132 3901 εἰς
1159 3836 1273 3905 τὴν
1299 3840 1623 3911 ἀπώλειαν,
1646 3849 1746 3902 καὶ

165 3917 394 3971 πολλοί
415 3918 573 3969 εἰσιν
599 3918 652 3968 οὶ
678 3918 1084 3986 εἰσερχόμενοι
1100 3920 1174 3972 δι’
1196 3923 1405 3991 αὐτῆς.
1438 3928 1545 3980 Καὶ
1567 3929 1747 3995 καλῶς

162 4000 340 4071 αὐτὴν
363 4000 623 4052 πλατεῖαν
648 3999 824 4070 πύλην
857 4002 1112 4068 ἐκάλεσε,
1148 4005 1242 4058 καὶ
1277 4007 1587 4080 εὐρύχωρον
1629 4013 1745 4067 ὁδὸν

163 4084 263 4156 τὴν
291 4084 390 4136 ἐπὶ
416 4082 515 4154 τὴν
551 4080 831 4137 ἀπώλειαν
855 4085 1195 4154 ἀπάγουσαν.
1232 4091 1298 4142 OE
1351 4092 1460 4162 γὰρ
1509 4096 1601 4146 ἐπὶ
1647 4097 1745 4162 τὰς

167 4166 537 4238 ἱπποδρομίας
561 4166 875 4221 ἀναϐαίνειν
908 4168 1262 4239 σπεύδοντες,
1302 4175 1397 4226 καὶ¹
1439 4176 1537 4240 τὰς
1575 4178 1744 4243 ἀλλας

159 4249 260 4312 τὰς
295 4247 597 4311 σατανικάς
629 4248 896 4318 θεωρίας,
927 4253 1024 4305 καὶ
1064 4253 1164 4323 τῆς
1211 4257 1562 4329 σωφροσύνης
1603 4261 1743 4331 ἀμε-

159 4331 406 4394 λοῦντες,
445 4331 542 4384 καὶ
581 4331 680 4402 τῆς
723 4333 925 4405 ἀρετῆς
959 4335 1147 4390 οὐδένα
1199 4337 1356 4406 λόγον
1403 4342 1736 4413 ποιούμενοι,

159 4419 258 4472 καὶ
285 4416 634 4486 ἀσελγαίνειν
660 4417 994 4488 βουλόμενοι,
1029 4421 1124 4474 καὶ
1160 4422 1211 4473 οί
1237 4425 1304 4493 τῇ
1337 4428 1516 4500 τρυφῇ
1548 4427 1642 4481 καὶ
1670 4432 1736 4500 τῇ

156 4500 577 4572 γαστριμαργίᾳ
607 4501 832 4563 ἑαυτοὺς
874 4500 1193 4566 ἐκδιδόντες,
1227 4507 1319 4558 καὶ
1356 4508 1482 4576 περὶ
1507 4509 1606 4579 τὴν
1629 4512 1739 4565 τῶν

154 4583 462 4654 χρημάτων
485 4583 682 4653 μανίαν
715 4583 812 4636 καὶ
843 4582 1042 4636 λύτταν
1078 4585 1201 4638 καθ’
1245 4587 1482 4660 ἑκάστην
1526 4592 1738 4664 ἡμέραν

153 4665 562 4735 δαπανώμενοι,
602 4667 697 4719 καὶ
728 4666 864 4736 πρὸς
898 4667 966 4718 τὰ
985 4665 1080 4719 106
1122 4670 1388 4740 παρόντος
1439 4672 1554 4742 βίου
1592 4676 1736 4748 πρά-

153 4765 349 4819 γματα
370 4748 680 4819 κεχηνότες,
704 4749 791 4803 διὰ
822 4750 922 4820 τῆς
949 4749 1210 4814 πλατείας
1242 4753 1417 4824 πύλης
1460 4755 1734 4826 βαδίζουσι

154 4830 253 4883 καὶ
276 4829 595 4903 εὐρυχώρου
615 4831 734 4884 6606
755 4849 768 4862 '
797 4832 912 4886 ἀλλ’
938 4833 1156 4887 ἐπειδὰν
1185 4835 1276 4888 ἐπὶ
1298 4837 1431 4890 πολὺ
1462 4841 1735 4910 προέλθω-

153 4930 244 4979 σι,
285 4915 384 4966 καὶ
411 4915 582 4967 πολλὰ
611 4915 721 4969 τῶν
743 4915 1158 4986 ἁμαρτημάτων
1184 4919 1397 4982 ἑαυτοῖς
1435 4921 1504 4974 τά
1539 4925 1743 4995 φορτία,

151 4995 454 5060 συνάξωσι,
482 4997 1024 5068 καταδαπανώμενοι,
1043 4997 1286 5064 ἐλθόντες
1309 5004 1389 5066 είς
1408 5004 1469 5057 τὸ
1492 5006 1590 5075 τῆς
1613 5008 1730 5061 6606

147 5079 330 5143 τέλος,
348 5079 534 5133 οὐκέτι
557 5080 868 5152 περαιτέρω
897 5081 1180 5152 προελθεῖν
1199 5084 1472 5152 δύνανται,
1498 5089 1597 5158 τῆς
1613 5107 1734 5142 στε-

146 5163 380 5242 νότητος
403 5163 504 5234 τῆς
530 5162 650 5216 6606
681 5163 976 5236 πιεζούσης
1004 5166 1222 5233 αὐτοὺς,
1255 5167 1345 5220 διά
1371 5168 1433 5222 16
1468 5171 1542 5242 μὴ
1567 5171 1730 5226 δύνα-

148 5238 281 5300 σθαι
310 5247 390 5317 τῷ
419 5247 569 5316 δγκῳ
603 5247 683 5318 τῷ
702 5249 1114 5318 ἁμαρτημάτων
1149 5238 1549 5322 βαρυνομένους
1597 5256 1731 5308 ταύο

142 5345 247 5400 την
279 5329 538 5381 διελθεῖν
569 5325 648 5382 διὸ
680 5331 892 5400 ἀνάγκη
922 5333 1002 5394 εἰς
1025 5333 1188 5386 αὐτὸν
1212 5333 1311 5404 τῆς
1344 5336 1618 5401 ἀπωλείας
1637 5340 1728 5393 τὸν

144 5411 402 5484 κρημνὸν
430 5413 629 5476 αὐτοὺς
655 5415 1046 5486 καταστρέψαι.
1076 5417 1234 5470 Ποῖον
1259 5414 1352 5473 06v
1369 5420 1580 5490 ὄφελος,
1605 5424 1726 5478 εἰπέ

207 5729 238 5796 ς
261 5726 450 5796 ῼςῃηςιε
469 5739 583 5796 Ipss.
609 5726 828 5796 el_§a_vil.
854 5731 904 5777 in
925 5743 1074 5796 marg.
1113 5733 1166 5780 τὸ
1186 5734 1389 5790 ἀσθενές.

203 5781 240 5826 1⁵
259 5787 368 5838 ΔΙίὶ
391 5787 612 5848 ἀκούσας,
634 5791 714 5839 alii
733 5791 958 5848 ἤκουσας.

1401 394 1485 448 DE
1523 394 1802 451 LAZARO
1839 395 2090 455 CONCIO
2130 398 2243 453 VII.

3310 412 3448 466 1048

1889 544 2000 596 μοι,
2033 533 2168 602 πρὸς
2189 534 2367 602 ὀλίγον
2390 535 2486 606 τὴν
2518 537 2830 610 εὐρύχωρον
2878 535 3196 607 βαδίσαντας
3216 578 3231 601 ,
3267 541 3327 594 ὲν
3364 542 3448 596 διι-

1880 615 2064 681 ηνεκεῖ
2085 616 2331 688 ἀπωλείᾳ
2364 620 2632 687 γενέσθαι,
2664 623 2760 676 καὶ
2795 623 2946 694 ὄναρ,
2981 618 3056 684 ὡς
3086 623 3282 689 εἰπεῖν,
3312 641 3440 694 τρυ-

1880 695 2180 765 φήσαντας,
2211 699 2268 753 ὲν
2289 701 2517 774 ἀληθείᾳ
2542 704 2863 768 κολάξεσθαι
2887 721 2902 772 ;

1950 779 2124 852 Ὅπερ
2157 782 2268 854 γάρ
2309 785 2423 838 ἐστι
2465 787 2593 856 μιᾶς
2621 789 2812 851 νυκτὸς
2843 789 2999 861 ὄναρ,
3031 787 3193 842 τοῦτο
3239 787 3385 854 ἅπας
3416 790 3445 843 ό

1877 863 2065 935 παρὼν
2091 866 2204 935 βίος
2231 868 2368 939 πρὸς
2388 869 2485 939 τὴν
2512 870 2892 943 διαδεξομένην
2925 874 3073 943 ἡμᾶς
3101 873 3323 927 κόλασιν
3351 874 3445 926 καὶ

1872 949 2161 1021 τιμωρίαν.
2187 951 2280 1023 Μὴ
2305 954 2433 1025 γὰρ,
2463 955 2547 1009 ἵνα
2569 955 2751 1019 ἀπλῶς
2770 955 3254 1026 άναγινώσκωμεν,
3273 956 3442 1009 ταῦτα

1872 1032 2211 1104 γέγραπται;
2239 1037 2336 1090 Διά
2367 1029 2522 1090 τοῦτο
2551 1038 2698 1110 ἡτοῦ
2723 1037 3039 1111 Πνεύματος
3068 1039 3230 1110 χάρις
3255 1043 3440 1112 γραφῇ

1870 1116 1997 1179 τοὺς
2021 1118 2116 1170 106
2143 1119 2348 1190 Κυρίου
2369 1120 2562 1189 λόγους
2595 1121 2966 1193 παραδοθῆναι
2998 1121 3319 1192 πεποίηκεν,
3355 1122 3444 1175 ἵνα

1869 1199 2289 1268 προφυλακτικά
2328 1201 2438 1255 τῶν
2480 1204 2668 1258 παθῶν
2704 1204 2814 1258 τῶν
2851 1205 3136 1275 ἡμετέρων
3175 1203 3440 1275 φάρμακα

1869 1281 2120 1337 ἐντεῦθεν
2149 1284 2536 1355 λαμϐάνοντες,
2554 1289 2654 1358 τὴν
2667 1289 2877 1359 ὲπηρτη
2887 1288 3054 1359 μένην
3079 1287 3302 1341 κόλασιν
3321 1287 3438 1340 δια-

1870 1368 2062 1432 φυγεῖν
2115 1367 2455 1440 δυνηθῶμεν.
2501 1371 2603 1424 Διά
2642 1372 2799 1425 τοῦτο
2827 1373 2923 1426 καὶ
2967 1373 3087 1424 τότε
3124 1370 3439 1441 κατάλληλα

1866 1451 1980 1511 τοῖς
1996 1449 2306 1521 τραύμασιν
2332 1453 2511 1507 αὐτῶν
2533 1453 2601 1507 τά
2620 1455 2887 1526 φάρμακα
2907 1453 3165 1518 ἐπιτιθεὶς
3184 1455 3213 1507 6
3236 1455 3440 1507 Δεσπό-

1867 1545 1966 1600 της
1991 1532 2148 1603 ήμῶν
2179 1535 2408 1604 Χριστὸς
2433 1535 2586 1604 ἔλεγε
2623 1537 2902 1607 παραινῶν
2923 1551 2938 1567 ⁸
2985 1537 3304 1592 Είσέλθετε
3339 1535 3439 1590 διὰ

1867 1611 1976 1682 τῆς
2017 1615 2240 1684 στενῆς
2279 1619 2499 1686 πύλης.
2554 1620 2754 1689 Στενὴν
2799 1621 2856 1673 δὲ
2887 1620 3056 1688 αὐτὴν
3095 1618 3300 1681 ἐκάλει,
3336 1619 3437 1671 οὐκ

1867 1695 2053 1765 ἐπειδὴ
2077 1701 2143 1770 τῇ
2168 1699 2326 1768 φύσει
2358 1702 2514 1773 στενὴ
2535 1703 2811 1772 τυγχάνει,
2829 1702 2944 1755 ἀλλ’
2965 1702 3154 1773 ἐπειδὴ
3173 1703 3206 1772 ὴ
3242 1699 3435 1771 γνώμη

1863 1779 1896 1847 ἡ
1937 1780 2181 1850 ἡμετέρα
2210 1783 2348 1852 πρὸς
2380 1784 2647 1854 ρᾳθυμίαν
2704 1785 2902 1856 μᾶλλον
2951 1785 3209 1854 ῥέπουσα,
3243 1783 3434 1855 στενὴν

1863 1862 2032 1935 αὐτὴν
2050 1861 2188 1918 εἷναι
2214 1867 2446 1937 νομίζει.
2481 1868 2617 1923 Οὐδὲ
2648 1870 2756 1941 γὰρ
2796 1870 2882 1924 ἴνα
2914 1868 3230 1940 ἀποστρέψῃ
3259 1869 3430 1939 ἡμᾶς.

1861 1944 1949 1998 διὰ
1978 1947 2138 2002 τοῦτο
2159 1949 2349 2022 στενὴν
2381 1950 2550 2022 αὐτὴν
2577 1951 2878 2023 ὠνόμασεν,
2901 1951 3018 2006 ἀλλ’
3044 1953 3127 2006 ῐνα
3149 1951 3210 2005 16
3231 1951 3433 2014 πλάτος

1859 2027 1961 2097 τῆς
1994 2030 2185 2102 ἐτέρας
2219 2034 2479 2102 φυγόντες
2511 2034 2606 2088 καὶ
2639 2037 2702 2088 ὲκ
2737 2035 2830 2088 τοῦ
2859 2034 3046 2098 τέλους
3075 2035 3308 2104 ἑκάστην
3335 2052 3433 2088 κα-

1859 2115 2214 2187 ταμαθόντες,
2243 2117 2384 2171 οὕτω
2419 2118 2620 2191 ταύτην
2649 2119 2846 2190 μᾶλλον
2876 2118 3147 2191 ἑλώμεθα.

1930 2206 1999 2268 γ’.
2019 2201 2156 2254 Ἀλλ’
2174 2203 2262 2257 ἵνα
2279 2205 2445 2257 πᾶσιν
2461 2207 2489 2258 ὁ
2509 2204 2662 2272 λόγος
2675 2205 2996 2268 εὐσύνοπτος
3007 2203 3250 2275 γένηται,
3275 2204 3429 2276 φέρε,

1859 2282 1907 2334 εί
1929 2282 2094 2348 δοκεῖ,
2123 2285 2532 2357 παραγάγωμεν
2571 2288 2651 2350 είς
2696 2288 2856 2358 μέσον
2885 2289 3010 2351 τοὺς
3050 2286 3138 2340 διά
3160 2288 3260 2358 τῆς
3289 2288 3428 2342 πλα-

1857 2365 2009 2429 τείας
2043 2367 2216 2438 πύλης
2243 2369 2582 2433 εἰσελθόντας
2598 2370 2691 2423 καὶ
2710 2369 2797 2424 διά
2816 2370 2917 2440 τῆς
2944 2368 3255 2440 εὐρυχώρου
3279 2369 3429 2439 βαδί-

1861 2465 2081 2514 σαντας,
2117 2452 2212 2504 καὶ
2246 2452 2443 2522 ἴδωμεν
2475 2444 2584 2506 οἷον
2622 2452 2819 2516 αὐτοὺς
2867 2452 3084 2516 ἐδέξατο
3123 2451 3300 2515 τέλος,
3336 2452 3428 2505 καὶ

1857 2531 1982 2593 τοὺς
2002 2531 2092 2585 διά
2128 2533 2225 2604 τῆς
2265 2535 2458 2605 στενῆς
2491 2535 2664 2607 πύλης
2704 2532 3057 2598 εἰσελθόντας
3080 2535 3172 2587 καὶ
3206 2533 3428 2604 τεθλιμ-

1861 2613 2028 2683 μένης
2051 2614 2195 2680 6606,
2233 2616 2326 2670 καὶ
2352 2618 2759 2689 καταμάθωμεν
2801 2619 2894 2671 καὶ
2933 2617 3158 2681 τούτους
3189 2610 3277 2670 οἷα
3316 2613 3429 2670 €66-

1858 2695 2015 2761 ξαντο
2040 2698 2108 2752 τά
2127 2700 2325 2766 ἀγαθά.
2352 2702 2488 2755 Ἕνα
2517 2701 2694 2755 τοίνυν
2722 2701 2831 2756 τῶν
2860 2701 3169 2780 διάοταύτης
3197 2701 3295 2772 τῆς
3321 2700 3427 2753 πύ-

1855 2781 1953 2852 λης
1987 2782 2334 2838 είσελθόντων
2361 2785 2462 2856 τῆς
2489 2784 2747 2848 πλατείας
2765 2826 2778 2850 ,
2827 2785 2922 2838 καὶ
2952 2785 3048 2839 ἕνα
3073 2785 3180 2838 τῶν
3201 2784 3288 2837 διὰ
3326 2784 3427 2855 τῆς

1857 2864 2046 2932 στενῆς
2078 2867 2171 2920 καὶ
2195 2867 2561 2938 τεθλιμμένης
2607 2866 2728 2920 6606
2769 2866 3100 2937 βαδισάντων
3151 2868 3228 2930 είς
3261 2865 3426 2937 μέσον

1855 2947 1982 3016 ὑμῖν
2007 2948 2319 3018 προθέντες,
2345 2948 2607 3020 δείξωμεν
2635 2948 2743 3002 τῶν
2760 2949 2908 3019 παρά
2926 2949 3020 3002 τοῦ
3044 2948 3248 3020 Κυρίου
3275 2951 3425 3020 είρη-

1857 3032 2032 3102 μένων
2057 3033 2157 3104 τὴν
2183 3034 2463 3103 ἀλήθειαν,
2489 3035 2626 3106 αὐτῇ
2651 3035 2811 3089 πάλιν
2838 3036 2904 3105 τῇ
2948 3033 3042 3086 106
3079 3033 3284 3106 Κυρίου
3318 3050 3424 3086 πα-

1855 3114 2056 3187 ραϐολῇ
2091 3117 2448 3187 χρησάμενοι.
2469 3119 2564 3181 Τίς
2581 3114 2673 3171 οὖν
2700 3119 2848 3171 ἐστιν
2876 3118 2904 3168 6
2931 3117 3019 3171 διὰ
3040 3119 3139 3188 τῆς
3161 3118 3422 3181 πλατείας

1854 3198 2028 3269 πύλης
2085 3198 2363 3264 εἰσελθὼν,
2395 3201 2488 3254 καὶ
2528 3201 2627 3273 τὴν
2674 3201 2986 3272 εὐρύχωρον
3017 3200 3134 3254 ὁδὸν
3164 3199 3419 3271 βαδίσας;

1851 3284 2124 3355 Πρότερον
2171 3285 2278 3357 γὰρ
2316 3286 2582 3356 προσήκει
2625 3284 2794 3352 δεῖξαι
2819 3285 2903 3349 τίς
2946 3279 3100 3348 0616;
3132 3285 3268 3350 ἐστι,
3326 3287 3420 3340 καὶ¹

1851 3367 2015 3420 πόσον
2047 3368 2220 3439 μῆκος
2249 3368 2481 3422 ῶδευσεν
2511 3367 2632 3421 6606
2661 3371 2725 3440 τῇ
2764 3367 2994 3440 πλατείᾳ
3025 3367 3275 3439 βαδίζων,
3325 3372 3420 3424 καὶ

1847 3450 1970 3503 τότε
1999 3451 2232 3522 φανερὸν
2249 3452 2379 3522 ὑμῖν
2398 3452 2640 3522 ποιῆσαι,
2667 3453 2745 3514 είς
2762 3447 2873 3504 οἷον
2889 3453 3221 3525 κατέστρεψε
3247 3453 3416 3518 τέλος.

1848 3535 1958 3588 Καὶ
1983 3531 2099 3588 οἶδα
2131 3536 2247 3606 μὲν,
2273 3535 2354 3588 ὅτι
2385 3536 2594 3588 συνετοὶ
2621 3533 2770 3598 ὄντες
2794 3533 2894 3606 ἤδη
2919 3537 3188 3608 συνήκατε
3212 3534 3267 3585 τδ
3287 3537 3419 3615 μέλ-

1847 3617 1935 3670 λον
1952 3615 2308 3689 ῥηθήσεσθαι·
2332 3617 2448 3672 άλλ⁹
2465 3618 2614 3687 ὅμως
2630 3618 2724 3670 καὶ
2744 3619 2890 3689 ἡμᾶς
2910 3621 3204 3687 ἀναγκαῖον
3220 3621 3412 3676 είπεῖν.

1847 3699 1996 3771 [794]
2022 3699 2427 3771 Ἀναμνήσθητέ
2448 3718 2536 3771 μοι
2555 3701 2651 3754 106
2667 3701 2920 3756 πλουσίου
2938 3704 3168 3771 ἐκείνου,
3185 3705 3277 3758 τοῦ
3295 3707 3436 3760 καθ’·

1845 3783 2084 3855 ἑκάστην
2106 3784 2320 3857 ἡμέραν
2345 3783 2444 3853 τὴν
2474 3785 2760 3857 πορφύραν
2797 3785 2892 3840 καὶ
2921 3787 2990 3841 τὰ
3023 3787 3251 3858 βύσσινα
3280 3791 3416 3844 ἐνδι-

1842 3867 2196 3937 δυσκομένου,
2226 3866 2319 3918 καὶ
2347 3865 2615 3937 λαμπρῶς
2647 3868 2974 3939 ἑστιωμένου
3000 3909 3015 3934 ,
3047 3871 3138 3924 καὶ
3177 3877 3415 3944 παρασί-

1840 3966 1969 4012 τους
1998 3949 2092 4002 καὶ
2126 3949 2367 4012 κόλακας
2391 3947 2704 4020 τρέφοντος,
2736 3952 2831 4004 καὶ
2866 3952 3034 4008 πολὺν
3059 3955 3152 4008 τὸν
3175 3955 3413 4029 ἄκρατον

1841 4029 2166 4104 ὲγχεομένου
2194 4043 2242 4094 ο,
2279 4031 2375 4114 κα).
2402 4031 2830 4103 γαστριζομένου
2859 4035 2980 4088 καθ’
3012 4037 3248 4110 ἑκάστην
3275 4044 3413 4114 ἡμέ-

1845 4133 1964 4186 ραν,
1991 4115 2085 4168 καὶ
2106 4115 2172 4184 τῇ
2195 4113 2372 4185 τρυφῇ
2402 4115 2466 4184 τῇ
2493 4114 2660 4185 πολλῇ
2688 4115 2880 4170 ἑαυτὸν
2912 4113 3302 4187 ἐκδεδωκότος,
3319 4113 3414 4180 καὶ

1838 4197 1928 4252 διὰ
1971 4198 2070 4266 τῆς
2113 4197 2376 4282 πλατείας
2416 4197 2590 4282 πύλης
2621 4197 2977 4282 εἰσελθόντος,
3026 4204 3119 4256 καὶ
3158 4207 3216 4259 ὲν
3251 4209 3408 4282 ἡδονῇ

1837 4281 1930 4334 καὶ
1953 4279 2187 4352 εὐθυμία
2224 4280 2451 4353 βιωτικῇ
2493 4280 2756 4350 διηνεκῶς
2793 4282 3172 4352 τυγχάνοντος.
3226 4279 3410 4346 Πάντα

1836 4364 1945 4434 γὰρ
1969 4361 2118 4446 αὐτῷ
2144 4360 2333 4434 ὥσπερ
2351 4365 2420 4446 -ὲκ
2445 4363 2638 4436 πηγῶν
2667 4365 2910 4446 ἐπέρρει,
2932 4365 3198 4438 θεραπεία
3217 4372 3406 4446 πολλὴ,

1834 4445 2015 4517 τρυφὴ
2043 4445 2270 4515 ἄφατος,
2296 4444 2547 4517 σώματος
2573 4445 2750 4516 ὑγεία,
2783 4448 3079 4520 χρημάτων
3100 4444 3406 4524 περιουσία,

1833 4529 1966 4600 τιμὴ
1997 4527 2148 4600 παρά
2172 4529 2281 4581 τῶν
2313 4527 2549 4610 πολλῶν,
2570 4531 2626 4582 αἱ
2649 4529 2800 4601 παρά
2828 4529 2936 4584 τῶν
2962 4531 3208 4588 κολάκων
3237 4537 3408 4610 εὐφη-

1836 4613 1981 4684 μίαι,
2010 4612 2105 4666 καὶ
2137 4611 2289 4665 οὐδὲν
2321 4605 2388 4681 ἦν
2409 4609 2563 4693 αὐτῷ
2591 4611 2726 4676 τέως
2759 4611 2819 4665 τὸ
2856 4613 3079 4693 λυποῦν.
3116 4617 3224 4670 Καὶ
3248 4605 3416 4693 τὸνδη

1837 4697 2040 4767 μεῖζον,
2068 4696 2148 4747 ὅτι
2175 4696 2232 4746 ἐν
2255 4692 2491 4765 τοσαύτῃ
2537 4695 2815 4767 κραιπάλη
2867 4692 2964 4750 καὶ
3010 4699 3289 4774 ἀδηφαγίᾳ
3330 4692 3408 4758 δι..

1833 4776 2141 4850 ημερεύων,
2159 4776 2218 4828 οὐ
2253 4777 2412 4846 μόνον
2434 4777 2620 4845 ὑγείας
2651 4778 2934 4856 ἀπήλαυσε
2968 4785 3285 4855 σωματικῆς
3311 4789 3406 4840 καὶ

1830 4862 2015 4924 ἀδείας
2043 4860 2244 4929 πάσης,
2275 4859 2413 4913 ἀλλά
2435 4861 2529 4913 καί
2547 4861 2639 4914 τὸν
2673 4861 2884 4932 πένητα
2913 4865 3164 4937 Λάζαρον
3199 4870 3293 4924 ἐπὶ
3311 4871 3405 4926 τοῦ

1831 4943 2073 5005 πυλῶνος
2120 4943 2516 5013 κατακείμενον
2573 4945 2667 4998 καὶ
2697 4946 3012 5018 ἡλκωμένον
3042 4950 3138 5004 καὶ
3167 4953 3272 5006 ὑπὸ
3297 4955 3406 5011 τῶν

1830 5025 2009 5080 κυνῶν
2036 5024 2404 5095 κυκλούμενον
2452 5026 2547 5080 καὶ
2585 5027 2986 5099 διαλειχόμενον
3011 5033 3104 5086 καὶ
3137 5033 3280 5105 λιμῷ
3309 5054 3404 5108 τη-

1830 5109 2060 5180 κόμενον
2083 5108 2326 5178 ἀνηλεῶς
2356 5109 2714 5182 παρέτρεχεν,
2747 5113 2867 5166 οὐδὲ
2899 5113 3094 5185 ψιχίων
3121 5117 3270 5188 αὐτῷ
3307 5137 3397 5188 με·

1827 5191 2090 5255 ταδιδούς.
2145 5193 2255 5244 Καὶ
2289 5193 2318 5245 6
2357 5193 2456 5262 μὲν
2491 5192 2581 5246 διὰ
2637 5197 2737 5265 τῆς
2793 5197 2968 5268 πύλης
3003 5199 3104 5268 τῆς
3141 5200 3400 5266 πλατείας

1827 5273 2104 5343 εἰσελθὼν,
2135 5275 2232 5348 τὴν
2265 5275 2576 5348 εὐρύχωρον
2605 5279 2722 5333 ὁδὸν
2750 5279 2984 5348 ἐϐάδιζε,
3010 5285 3110 5354 τὴν
3147 5285 3248 5356 τῆς
3270 5303 3401 5357 τρυ-

1827 5359 1953 5430 φῆς,
1990 5358 2090 5429 τὴν
2140 5362 2238 5430 τῆς
2271 5361 2581 5428 ἀκολασίας,
2613 5363 2711 5435 τὴν
2738 5365 2831 5418 τοῦ
2860 5367 3094 5434 γέλωτος
3114 5406 3130 5432 ,
3167 5368 3264 5441 τὴν
3301 5370 3401 5440 τῆς

1825 5442 2088 5524 ἀνέσεως,
2111 5442 2209 5513 τὴν
2230 5443 2330 5513 τῆς
2356 5447 2821 5517 γαστριμαργίας,
2846 5448 2940 5519 τὴν
2964 5451 3062 5519 τῆς
3095 5450 3284 5522 μέθης,
3301 5453 3399 5524 τῆς

1825 5523 1934 5578 τῶν
1959 5524 2256 5597 χρημάτων
2276 5526 2595 5600 περιϐολῆς,
2616 5531 2714 5601 τῆς
2735 5532 2791 5582 ὲν
2809 5533 2873 5602 τῇ
2909 5531 3098 5597 ἐσθῆτι
3121 5534 3396 5604 βλακείας.

1887 5802 1910 5832 ⁸
1936 5800 2034 5851 Alii
2059 5800 2354 5864 ἐκχεομένου.
