3860 6224
444 397 580 455 1019

442 510 549 566 Καὶ
584 509 745 583 μέχρι
791 509 985 563 πολλοῦ
1023 505 1201 561 πάντα
1238 506 1329 558 τὸν
1364 506 1555 577 χρόνον
1588 507 1685 575 τῆς
1729 499 2007 583 παρούσης

442 592 590 662 ζωῆς
607 580 708 662 τήν
739 590 1048 663 εὐρύχωρον
1074 587 1193 643 όδὸν
1221 587 1488 651 ἐϐάδισεν,
1524 586 1735 648 οὐδενὸς
1765 580 2011 653 λυπηροῦ

444 677 640 745 πεῖραν
661 672 861 736 λαϐὼν,
891 670 1026 726 ἀλλά
1046 671 1277 725 πάντοτε
1299 670 1359 737 ἐξ
1377 670 1568 742 οὐρίας
1584 667 1899 739 φερόμενος,
1917 665 2013 719 καὶ

445 760 538 813 ἅτε
564 757 628 828 δὴ
659 758 747 811 ἀεὶ
771 756 838 809 δι’
872 755 1185 827 εὐρυχώρου
1217 754 1448 824 βαδίζων
1468 751 1610 818 ὁδοῦ,
1643 750 1779 823 μετὰ
1804 748 2005 816 πολλῆς

442 842 542 911 τῆς
586 840 768 902 ἀδείας
797 837 1089 909 διέτρεχεν.
1139 835 1390 906 Οὐδαμοῦ
1446 835 1722 896 σκόπελοι,
1775 829 2012 901 οὐδαμοῦ

444 923 700 993 κρημνοὶ,
733 920 969 991 οὐδαμοῦ
1004 919 1197 988 ὕφαλοι
1223 917 1475 980 σπιλάδες
1497 925 1550 981 ι,
1581 914 1819 986 οὐδαμοῦ
1852 913 2015 967 ναυά-

444 1021 582 1071 γιον,
616 1002 854 1073 οὐδαμοῦ
888 1000 1175 1072 ἀνώμαλος
1219 1000 1490 1071 μεταϐολὴ
1516 1039 1532 1063 ,
1575 998 1711 1052 ἀλλά
1752 996 2017 1068 διηνεκῶς

447 1086 670 1155 στερεὰν
700 1085 794 1138 καὶ
824 1083 1066 1137 ἰσόπεδον
1089 1083 1311 1147 ὁδεύων,
1335 1081 1478 1135 οὔτω
1507 1081 1600 1134 τὸν
1630 1080 1873 1150 παρόντα
1903 1077 2015 1148 βίον

443 1168 720 1237 διέδραμε,
756 1166 878 1220 καθ’
908 1167 1146 1235 ἑκάστην
1174 1166 1274 1235 τὴν
1313 1165 1528 1235 ἡμέραν
1550 1162 1654 1215 ὑπὸ
1690 1161 1797 1215 τῶν
1835 1161 2014 1231 κυμά-

444 1265 552 1301 των
567 1249 666 1318 τῆς
685 1249 882 1311 κακίας
909 1246 1433 1316 καταποντιζόμενος
1453 1246 1504 1310 ιι,
1532 1245 1627 1298 καὶ
1640 1245 1701 1297 οὐ
1727 1243 2018 1314 λαμϐάνων

447 1332 694 1401 αἴσθησιν
718 1348 732 1362 ·
775 1330 895 1385 καθ’
924 1332 1158 1400 ἑκάστην
1201 1328 1412 1400 ἡμέραν
1442 1325 1881 1398 σπαραττόμενος
1914 1325 2018 1378 ὐπὸ

430 1414 555 1467 ,τῶν
583 1414 797 1467 ἀτόπων
820 1411 1142 1483 ἐπιθυμιῶν,
1176 1413 1271 1465 καὶ
1304 1410 1503 1481 μᾶλλον
1531 1409 1788 1479 ἡδόμενος
1807 1425 1820 1438 ·
1850 1408 2019 1479 διηνε-

448 1495 561 1559 κῶς
603 1494 1054 1566 πολιορκούμενος
1085 1494 1188 1547 ὑπὸ
1210 1493 1521 1562 ἀσελγείας,
1548 1491 1655 1545 ὐπὸ
1677 1507 2020 1562 γαστριμαρο

432 1578 595 1646 -γίας,
630 1578 853 1648 ὑπὸτῆς
900 1576 1008 1630 τῶν
1056 1576 1353 1647 χρημάτων
1381 1573 1598 1645 μανίας,
1635 1574 1730 1628 καὶ
1765 1572 2021 1643 οὐδεμίαν

448 1662 557 1715 τῶν
589 1659 779 1714 δεινῶν
823 1658 1113 1729 λαμϐάνων
1138 1658 1238 1728 τὴν
1281 1656 1556 1727 αἴσθησιν,
1606 1656 1728 1710 οὐδὲ
1783 1655 2023 1725 προϊδεῖν

448 1743 743 1814 δυνάμενος
770 1741 868 1813 τῆς
895 1739 1013 1795 ὁδοῦ
1039 1740 1099 1793 τὸ
1116 1738 1292 1802 τέλος,
1338 1738 1473 1792 ἀλλὰ
1502 1739 1562 1792 τὸ
1585 1738 1760 1809 παρὸν
1794 1737 1894 1807 ἡδὺ
1924 1736 2022 1808 μό-

452 1843 543 1881 νον
580 1824 976 1896 καρπούμενος,
996 1821 1253 1892 οὐδεμίαν
1293 1821 1501 1878 ἑννοιαν
1529 1820 1798 1892 ἐλάμϐανε
1825 1820 1924 1890 τῆς
1946 1819 2026 1871 δι-

448 1906 680 1980 ηνεκοῦς
701 1906 911 1977 ὀδύνης,
936 1905 1071 1959 ἀλλά
1091 1903 1470 1974 ἀπατώμενος,
1491 1903 1567 1966 ώς
1593 1903 1787 1965 εἰπεῖν,
1812 1900 2023 1965 ἐϐάδιζε

450 1990 552 2062 τὴν
579 1987 891 2061 εὐρύχωρον
916 1987 1053 2052 ὁδὸν,
1080 1988 1159 2050 είς
1177 1986 1337 2039 αὐτὸν
1360 1986 1453 2039 τὸν
1482 1984 1723 2056 κρημνὸν
1744 1983 2026 2052 ἐπειγόμε-

451 2089 564 2137 νος,
598 2072 702 2126 ὐπὸ
727 2072 825 2142 τῆς
847 2069 1046 2139 πολλῆς
1075 2068 1245 2140 μέθης
1273 2068 1503 2123 συνιδεῖν
1522 2068 1622 2121 οὐκ
1644 2066 1803 2139 ἔχων.
1834 2066 1899 2119 Ἦ
1916 2063 2027 2135 γὰρ

453 2156 513 2210 ἐν
560 2154 695 2207 πᾶσι
747 2153 860 2216 τοῖς
913 2151 1186 2222 βιωτικοῖς
1243 2150 1514 2222 εὐημερία
1570 2147 2028 2203 καταϐαπτίσασα

454 2234 621 2292 αὐτοῦ
647 2235 741 2290 τὸν
766 2233 1044 2304 λογισμὸν,
1072 2231 1350 2302 ἐτύφλωσε
1386 2232 1445 2286 τὸ
1464 2233 1619 2302 ὄμμα
1649 2231 1748 2301 τῆς
1768 2230 2024 2294 διανοίας,

455 2318 551 2370 καὶ
575 2315 827 2383 καθάπερ
860 2317 1261 2385 πεπηρωμένος
1285 2314 1472 2368 λοιπὸν
1514 2314 1613 2376 τὰς
1639 2312 1810 2382 δψεις,
1828 2344 1837 2349 -
1856 2310 2028 2376 οὕτως

456 2396 722 2465 ἐϐάδιζεν,
750 2398 851 2453 οὐκ
872 2394 1026 2459 31666;
1045 2396 1147 2449 ποῦ
1176 2396 1418 2466 φέρεται·
1441 2397 1583 2465 τάχα
1608 2394 1667 2448 δέ
1683 2394 1802 2448 οὐδὲ
1824 2394 2028 2449 ἔννοιαν

455 2479 729 2551 ἐλάμϐανε
746 2478 848 2548 τῆς
879 2478 1225 2549 ἀνθρωπίνης
1244 2478 1480 2546 φύσεως,
1498 2477 1640 2548 ὁρῶν
1668 2477 1857 2531 ἑαυτὸν
1879 2477 2029 2530 οὐδε-

460 2564 590 2640 μίαν
619 2561 903 2616 δυσκολίαν
931 2560 1289 2633 ὐπομένοντα.
1312 2560 1447 2615 Οὐδὲ
1470 2560 1579 2632 γάρ
1598 2561 1807 2631 ἐτρύφα
1847 2561 2027 2631 μόνον,

457 2645 593 2700 ἀλλά
641 2645 735 2699 καὶ
792 2641 1038 2699 ἐπλούτει
1056 2657 1072 2673 ·
1111 2643 1232 2697 οὐδὲ
1269 2642 1517 2697 ἐπλούτει
1546 2642 1727 2712 μόνον,
1769 2642 1907 2697 ἀλλά
1939 2644 2033 2697 καὶ

458 2726 647 2796 ὑγείας
664 2724 917 2796 σώματος
933 2724 1212 2796 ἀπήλαυεν
1230 2741 1247 2757 ⁸
1270 2726 1392 2779 οὐδὲ
1430 2725 1615 2795 ὑγείας
1658 2726 1907 2796 σώματος
1934 2726 2034 2779 άπ-

461 2810 633 2881 ἡλαυε
662 2808 842 2880 μόνον,
882 2807 1017 2862 ἀλλὰ
1047 2808 1141 2861 καὶ
1174 2807 1489 2879 θεραπείας,
1527 2808 1622 2862 καὶ
1648 2809 1708 2862 οὐ
1738 2807 2032 2880 θεραπείας

461 2890 620 2964 μόνον
653 2891 876 2964 πολλῆς,
906 2890 1042 2945 ἀλλά
1070 2892 1164 2945 καὶ
1184 2891 1507 2963 ἐπιρρέοντα
1539 2890 1725 2963 ῶσπερ
1750 2891 1814 2945 ἑκ
1843 2890 2033 2961 πηγῶν

457 2962 609 3047 αὐτῷ
638 2962 1022 3046 πάντα’όρῶν,
1057 2976 1116 3028 ἐν
1148 2962 1493 3046 ἡδονῇδιῆγε
1523 2962 1776 3046 διηνεκεῖ.
1826 2974 2031 3037 Είδετε,

459 3059 756 3131 ἀγαπητοὶ,
784 3059 875 3113 τὸν
907 3058 996 3113 διὰ
1037 3058 1136 3129 τῆς
1190 3057 1450 3121 πλατείας
1481 3057 1656 3128 πύλης
1701 3056 2032 3120 εἰσελθόντα,

459 3141 557 3199 καὶ
598 3141 697 3214 τὴν
734 3141 1047 3213 εὐρύχωρον
1091 3139 1208 3194 ὁδὸν
1258 3139 1325 3192 δι’
1364 3138 1485 3193 ὅλου
1530 3138 1821 3208 βαδίσαντα
1848 3179 1862 3204 ,
1903 3140 2035 3209 ὅσης

459 3224 698 3288 ἀνέσεως
720 3224 1036 3295 ἀπήλαυεν;

544 3306 705 3361 Ἀλλά
757 3306 946 3377 μηδεὶς
995 3304 1104 3357 τῶν
1161 3303 1338 3358 ταῦτα
1391 3302 1695 3358 ἀκουόντων
1768 3303 1872 3374 πρὸ
1938 3302 2035 3356 τοῦ

460 3390 649 3453 τέλους
691 3387 991 3460 μακαρίσαι
1039 3386 1201 3442 αὐτὸν
1248 3387 1571 3458 άνάσχηται,
1616 3386 1751 3440 ἀλλά
1806 3387 2036 3456 ἀναμει-

462 3473 609 3528 νάτω
625 3471 733 3525 τῶν
754 3470 1095 3541 πραγμάτων
1109 3468 1170 3521 τὸ
1186 3468 1361 3532 τέλος,
1378 3470 1472 3522 καὶ
1489 3469 1610 3522 τότε
1622 3470 1758 3522 οίσει
1769 3469 1865 3541 τὴν
1884 3467 2036 3541 [795]

462 3556 660 3627 ψῆφον.
682 3554 746 3606 El
764 3552 913 3606 δοκεῖ
942 3551 1142 3615 τοίνυν,
1165 3550 1262 3604 καλ⁵
1281 3551 1373 3605 τὸν
1398 3550 1485 3605 διά
1515 3551 1612 3621 τῆς
1648 3551 1839 3622 στενῆς
1863 3551 2039 3622 πύλης

462 3636 790 3699 εἰσελθόντα,
819 3635 914 3688 καὶ
937 3634 1035 3705 τὴν
1054 3634 1417 3705 τεθλιμμένην
1444 3634 1561 3688 ὁδὸν
1578 3633 1869 3688 ὁδεύσαντα
1894 3651 2039 3706 παρ-

464 3721 761 3791 αγάγωμεν
789 3721 870 3782 είς
896 3719 1082 3789 μέσον,
1113 3710 1209 3771 καὶ
1236 3716 1380 3772 οὔτω
1411 3718 1474 3770 τὸ
1525 3717 1675 3781 τέλος
1707 3717 2036 3789 ἀμφοτέρων

466 3801 811 3872 θεασάμενοι,
848 3799 948 3875 τήν
1000 3801 1383 3872 προσήκουσαν
1430 3801 1561 3872 περὶ
1591 3800 1823 3854 ἑκάστου
1860 3799 2040 3870 ψῆφον

464 3882 706 3954 οἴσομεν.
747 3881 878 3936 Τίνα
897 3881 954 3934 δὲ
981 3880 1140 3939 ἄλλον
1163 3882 1360 3954 έχομεν
1383 3882 1479 3936 νῦν
1513 3885 1877 3955 παραγαγεῖν,
1896 3881 1929 3953 ἡ
1946 3881 2041 3935 τὸν

464 3967 738 4041 Λάζαρον,
789 3965 880 4025 τὸν
925 3965 1017 4023 ἐπὶ
1042 3964 1138 4018 τοῦ
1172 3964 1415 4029 πυλῶνος
1452 3965 1546 4019 τοῦ
1580 3964 1835 4017 πλουσίου
1867 3980 2040 4018 κατα-

466 4050 738 4122 κείμενον,
755 4049 849 4101 καὶ
877 4048 981 4102 ὐπὸ
1001 4047 1109 4103 τῶν
1128 4048 1301 4102 ἑλκῶν
1319 4048 1541 4102 ἐκείνων
1560 4046 2039 4119 πολιορκούμενον,

467 4135 562 4188 καὶ
582 4132 797 4205 δρῶντα
836 4130 936 4195 τὰς
964 4129 1217 4201 γλώσσας
1245 4131 1353 4185 τῶν
1374 4131 1553 4189 κυνῶν
1573 4129 1851 4202 ψαυούσας
1876 4129 2041 4184 αὐτοῦ

466 4215 576 4269 τῶν
594 4214 944 4286 τραυμάτων,
963 4213 1059 4266 καὶ
1081 4212 1214 4283 μηδὲ
1234 4212 1504 4267 ἀπελάσαι
1523 4212 1743 4276 τούτους
1756 4211 2040 4283 ίσχύοντα;

468 4297 736 4369 Καθάπερ
764 4297 871 4367 γά¹ρ
898 4297 1101 4358 ἐκεῖνος
1115 4293 1203 4347 διά
1223 4296 1322 4366 τῆς
1354 4294 1613 4358 πλατείας
1642 4292 1922 4360 εἰσελθὼν,
1943 4294 2043 4365 τὴν

469 4378 781 4452 εὐρύχωρον
813 4377 1090 4440 ἐϐάδιζεν·
1127 4375 1272 4430 οὐτω
1295 4376 1358 4447 δὴ
1381 4378 1474 4430 καὶ
1519 4377 1548 4429 6
1581 4378 1851 4449 μακάριος
1889 4372 2044 4441 οὗτος

472 4461 765 4533 (μακάριον
785 4458 894 4532 γὰρ
916 4458 1080 4513 αὐτὸν
1108 4457 1207 4530 ήδη
1236 4456 1387 4511 καλῶ
1406 4457 1494 4512 διά
1525 4460 1624 4535 τῆς
1652 4459 1844 4528 στενῆς
1873 4459 2045 4512 εἰσελ-

471 4542 584 4599 θεῖν
626 4542 913 4614 ἑλόμενον)
962 4539 1177 4611 εἰσῆλθε
1219 4539 1307 4595 διά
1343 4539 1442 4613 τῆς
1489 4540 1684 4614 στενῆς
1717 4540 1894 4613 πύλης
1942 4542 2045 4612 τῆς

469 4625 800 4693 ἀπεναντίας
814 4634 836 4664 ε
856 4623 1071 4694 ἐκείνης
1085 4623 1264 4677 πάντα
1283 4622 1530 4693 ἐχούσης.
1553 4622 1821 4694 Καθάπερ
1841 4624 2045 4687 ἐκεῖνος

470 4705 734 4777 διηνεκῶς
762 4705 993 4778 ἐτρύφα,
1028 4703 1171 4759 οὕτω
1197 4704 1290 4759 καὶ
1311 4697 1466 4769 οὗτος
1494 4705 1638 4776 λιμῷ
1676 4705 1921 4760 παλαίων
1966 4705 2047 4758 δι-

472 4788 668 4844 ετέλει.
695 4789 806 4841 Καὶ
834 4790 1040 4851 ἐκεῖνος
1070 4788 1170 4858 μὲν
1208 4786 1345 4857 μετά
1373 4788 1474 4857 τῆς
1499 4787 1713 4858 τρυφῆς
1735 4788 1830 4842 καὶ
1858 4788 2044 4857 ὑγείας

475 4870 727 4941 σώματος
749 4870 996 4942 ἀπήλαυε
1031 4871 1125 4924 καὶ
1164 4869 1463 4941 χρημάτων
1498 4871 1833 4940 περιουσίας,
1866 4871 1958 4925 καὶ
1986 4871 2046 4924 ἐν

471 4953 887 5025 γαστριμαργίᾳ
925 4952 1019 5006 καὶ
1060 4953 1199 5026 μέθῃ
1228 4953 1568 5024 διημερεύων
1596 4954 2006 5009 κατεδαπανίἱτο
2027 4970 2042 4985 ·

473 5030 628 5099 οὗτος
650 5035 708 5088 δὲ
733 5035 871 5106 μετά
894 5034 989 5089 τοῦ
1017 5034 1177 5106 λιμοῦ
1206 5036 1301 5089 καὶ
1327 5036 1532 5105 ἐσχάτῃ
1550 5035 1709 5108 πενία
1726 5035 2048 5107 περιϐεϐλη-

470 5117 639 5188 μένος
656 5119 753 5171 καὶ
772 5118 912 5190 νόσῳ
942 5117 1180 5188 διηνεκεῖ
1208 5117 1301 5170 καὶ
1328 5117 1542 5172 ἕλκεσιν
1574 5119 1892 5189 ἀφορήτοις,
1923 5110 2046 5173 οὐδὲ

473 5200 576 5270 τῆς
615 5200 921 5269 ἀναγκαίας
954 5199 1186 5270 ηὐπόρει
1230 5201 1455 5271 τροφῆς,
1517 5200 1653 5254 ἀλλά
1702 5201 1810 5255 τῶν
1851 5201 2048 5273 ψιχίων

474 5284 737 5354 ἐπεθύμει
768 5284 876 5337 τῶν
910 5281 1021 5339 ἀπὸ
1060 5281 1160 5351 τῆς
1189 5282 1468 5351 τραπέζης
1496 5283 1591 5337 τοῦ
1636 5285 1915 5352 πλουσίου,
1956 5286 2049 5340 καὶ

473 5365 595 5419 οὐδὲ
616 5365 822 5421 τούτων
847 5365 1064 5436 ἠξίωτο.
1798 5370 1804 5375 “

545 5443 701 5511 Εἶδες
732 5449 848 5513 πῶς
890 5445 979 5500 διὰ
1012 5445 1115 5515 τῆς
1148 5446 1338 5516 στενῆς
1364 5446 1538 5516 πύλης
1577 5440 1734 5512 οὗτος
1767 5450 2043 5513 εἰσελθὼν,

475 5527 572 5598 τὴν
592 5530 955 5600 τεθλιμμένην
980 5528 1097 5582 ὁδὸν
1128 5527 1390 5597 διηνεκῶς
1433 5528 1709 5596 ἐϐάδιζεν;
1745 5527 1887 5595 εἶδες
1933 5531 2049 5595 πῶς

536 5619 566 5652 ⁸
584 5618 680 5682 Alii
702 5621 871 5682 ὕφαλοι
894 5621 974 5667 καὶ
996 5619 1232 5682 σπιλάδες.

538 5685 565 5715 ⁸)
586 5681 684 5728 Alii
705 5681 1179 5740 καταϐαπτιζὸμενος.

543 5744 564 5766 ο
588 5740 701 5809 Βιιο
715 5753 831 5789 mss.
867 5741 1158 5809 ἀπεναντίας,
1184 5741 1343 5802 inquit
1378 5741 1564 5792 Μοιιιί..
1598 5745 1682 5809 qui
1713 5742 1911 5806 legebat
1934 5756 2047 5807 per-

482 5810 562 5858 νοι
572 5812 647 5846 am
682 5801 946 5850 ἀπεναντία.
968 5800 1102 5848 lion.

1113 400 1174 460 S.
1212 396 1496 457 JOANNIS
1534 391 2025 450 CIIRYSOS'I'UMI
2068 389 2391 448 ARCIIIEP.
2432 387 2989 448 CONSTANTINOPQ

2110 500 2319 561 ἐκεῖνος
2341 496 2430 551 διὰ
2457 496 2557 566 τῆς
2600 495 2858 555 πλατείας
2896 487 3071 560 πύλης
3114 488 3210 542 καὶ
3237 485 3337 555 τῆς
3365 482 3685 566 εὐρυχώρου

2108 577 2228 633 ὁδοῦ
2282 565 2604 651 ἐπορεύετο;
2662 576 2802 630 Ἀλλ’
2834 574 3031 645 ἴδωμεν
3059 570 3245 625 λοιπὸν
3292 567 3578 641 ἑκατέρων
3622 565 3683 651 τὸ

2108 661 2280 728 τέλος,
2307 648 2400 715 καί
2433 661 2550 725 πῶς
2599 660 2697 727 μὲν
2725 660 2935 720 ἑκεῖνος
2982 657 3064 719 είς
3106 652 3292 707 στενὸν
3341 648 3687 720 κατέστρεψε

2111 746 2283 810 τέλος,
2318 745 2437 809 πῶς
2467 745 2524 799 δὲ
2554 736 2712 807 οὗτος
2754 742 2835 805 είς
2882 738 3057 793 πλατύ
3089 738 3186 791 καὶ
3217 735 3420 805 πολλῆς
3445 733 3691 796 ἀνέσεως

2110 830 2280 900 γέμον
2301 846 2316 861 ο
2350 829 2437 883 ίνα
2474 814 2647 881 ταῦτα
2689 824 2953 896 μαθόντες
2985 820 3249 893 ἀκριϐῶς,
3285 818 3361 889 μὴ
3392 817 3497 889 τὴν
3525 814 3692 900 5696-

2112 898 2290 983 χωρον
2320 913 2384 966 ἐκ
2408 912 2610 974 παντὸς
2656 908 2861 981 τρόπου
2898 905 3185 976 διώκωμεν
3229 902 3370 966 ὁδὸν,
3423 900 3565 972 μηδέ

2248 994 2506 1057 πλατείας
2533 980 2706 1063 πύλης
2738 986 3083 1059 είσέρχεσθαι
3112 984 3530 1055 σπουδάξωμεν,

2113 1077 2211 1148 τὴν
2265 1077 2457 1147 στενὴν
2490 1075 2666 1145 πύλην
2708 1069 3159 1144 μεταδιώκωμεν,
3196 1070 3291 1121 καὶ
3322 1068 3424 1137 τὴν
3470 1064 3697 1133 τεθλιμ-

2119 1159 2288 1229 μένην
2320 1159 2437 1212 ὁδδν
2476 1158 2803 1229 βαδίζωμεν,
2834 1157 2922 1209 ἵνα
2956 1156 3038 1217 εἰς
3063 1152 3300 1225 χρηστὸν
3328 1151 3427 1204 καὶ
3452 1148 3698 1210 ἀνέσεως

2114 1244 2287 1311 γέμον
2321 1241 2475 1304 τέλος
2499 1239 2837 1309 καταντῆσαι
2863 1235 3203 1304 δυνηθῶμεν.

2204 1323 2417 1393 Ἐπειδὴ
2450 1323 2558 1394 γὰρ
2581 1322 2642 1376 τδ
2665 1320 2820 1383 τέλος
2847 1319 2952 1389 τῆς
2977 1317 3215 1371 ἑκάστου
3250 1315 3396 1386 ζωῆς
3435 1312 3695 1383 ἔφθασεν,

2118 1407 2219 1478 ὅρα
2247 1405 2299 1458 τί
2330 1422 2462 1477 φησι
2480 1405 2609 1475 περὶ
2631 1404 2726 1458 τοῦ
2751 1404 2852 1474 τὴν
2875 1400 3241 1471 τεθλιμμένην
3259 1398 3544 1459 ὁδεύοντες
3570 1395 3701 1478 πρό-

2118 1477 2298 1560 τερον.
2344 1488 2608 1558 Ἐγένετο
2626 1486 2714 1553 δὲ,
2742 1487 2925 1557 φησὶν,
2952 1482 3275 1541 ἀποθανεῖν
3299 1480 3408 1535 τὸν
3432 1477 3697 1547 πτωχὸν,

2120 1570 2222 1625 καὶ
2248 1569 2658 1640 ἀπενεχθῆναι
2705 1569 2894 1625 αὐτὸν
2936 1569 3056 1624 ὑπὸ
3084 1565 3206 1620 τῶν
3247 1562 3527 1634 ἀγγέλων
3556 1560 3587 1600 δ
3615 1563 3700 1625 εἰς

2120 1653 2229 1707 τὸν
2270 1655 2504 1708 κόλπον
2537 1651 2801 1722 Ἀϐραάμ.
2833 1653 2985 1723 Τάχα
3016 1653 3065 1705 οί
3102 1647 3321 1719 ἄγγελοι
3352 1647 3579 1717 ἀπῆγον
3607 1643 3702 1697 αὐ-

2119 1737 2212 1792 τὸν
2244 1738 2647 1810 προηγούμενοι
2674 1736 2769 1790 καὶ
2788 1733 3233 1808 δορυφοροῦντες,
3268 1731 3365 1785 καὶ
3398 1733 3481 1793 είς
3517 1729 3582 1782 τὸ
3605 1727 3701 1797 τῆς

2120 1820 2360 1885 ἀνέσεως
2409 1821 2608 1892 χωρίον
2662 1820 2801 1891 μετά
2842 1820 2941 1883 τάς
2983 1816 3185 1879 πολλὰς
3222 1814 3439 1877 ἐκείνας
3490 1811 3703 1892 θλίψεις

2122 1904 2219 1958 καὶ
2272 1904 2375 1974 τὴν
2427 1891 2619 1975 στενὴν
2670 1901 2977 1974 ὁδοιπορίαν
3011 1897 3518 1960 ἀποκαθιστῶντες.
3552 1891 3706 1958 Εἶδες

2121 1988 2246 2041 ὅσον
2265 1987 2368 2058 τῆς
2393 1987 2586 2057 στενῆς
2612 1985 2791 2056 πύλης
2821 1986 2917 2038 καὶ
2941 1984 3041 2055 τῆς
3073 1981 3444 2052 τεθλιμμένης
3483 1978 3612 2032 ὁδοῦ
3649 1977 3709 2030 τὸ

2125 2070 2327 2135 πλάτος
2359 2071 2418 2126 ἐν
2450 2069 2529 2140 τῷ
2557 2070 2700 2124 τέλει
2733 2070 3018 2139 φαίνεται;
3072 2069 3217 2140 Ὅρα
3242 2066 3432 2120 λοιπὸν
3470 2066 3575 2118 καὶ
3611 2064 3710 2132 τῆς

2124 2152 2439 2226 εὐρυχώρου
2465 2152 2586 2207 ὁδοῦ
2616 2153 2687 2207 τά
2734 2152 2955 2224 ὀλέθρια
3001 2151 3153 2222 τέλη.
3196 2148 3503 2211 Ἀπέθανε,
3538 2147 3709 2218 φησὶ,

2125 2236 2225 2290 καί
2244 2240 2277 2291 ό
2302 2237 2620 2303 πλούσιος,
2641 2236 2739 2291 καί
2770 2235 2982 2306 ἐτάφη.
3006 2234 3195 2298 Οὐδεὶς
3212 2235 3242 2289 6
3262 2232 3709 2305 προηγούμενος,

2126 2317 2303 2382 οὐδεὶς
2348 2320 2378 2372 6
2406 2318 2740 2390 δορυφορῶν,
2770 2318 2945 2381 οὐδεὶς
2980 2320 3009 2372 6
3048 2315 3280 2387 ὁδηγῶν,
3319 2315 3588 2386 καθάπερ
3621 2314 3711 2367 τὸν

2128 2399 2396 2473 Λάζαρον.
2441 2400 2660 2472 Ἐπειδὴ
2702 2401 2812 2472 γὰρ
2844 2401 2902 2453 ἑν
2944 2402 3009 2471 τῇ
3039 2399 3336 2472 εὐρυχώρῳ
3364 2396 3473 2468 ὁδῷ
3503 2398 3712 2451 τούτων

2129 2483 2384 2537 ἁπάντων
2434 2483 2708 2554 ἀπήλαυε,
2738 2483 2835 2536 καὶ
2874 2482 3101 2545 πολλοὺς
3141 2481 3266 2553 έσχε
3322 2481 3455 2544 τοὺς
3480 2479 3716 2551 δορυφο-

2131 2566 2379 2635 ροῦντας,
2431 2567 2560 2630 τοὺς
2608 2565 3028 2637 θεραπεύοντας,
3067 2567 3193 2629 τοὺς
3244 2563 3492 2627 κόλακας
3548 2563 3711 2632 λέγω,

2127 2650 2256 2713 τοὺς
2278 2648 2629 2720 παρασίτους,
2665 2649 2825 2721 ἡνίκα
2854 2650 2991 2721 πρὸς
3002 2649 3064 2702 τὸ
3086 2647 3237 2712 τέλος
3256 2647 3487 2717 ἔφθασε,
3508 2648 3715 2719 γυμνὸς

2130 2731 2225 2785 καὶ
2254 2731 2460 2803 ἔρημος
2480 2731 2734 2787 ἀπάντων
2754 2731 2946 2801 γέγονε
2974 2731 3112 2802 μετά
3129 2729 3229 2795 τάς
3256 2729 3468 2794 πολλὰς
3498 2730 3715 2792 ὲκείνας

2131 2814 2367 2877 ἀνέσεις,
2401 2814 2604 2884 μᾶλλον
2620 2813 2677 2867 δὲ
2704 2813 2842 2884 μετά
2866 2814 2965 2885 τὴν
2994 2814 3250 2885 βραχεῖαν
3276 2812 3502 2884 ἐκείνην
3532 2814 3715 2869 ἄνεσιν

2132 2897 2226 2950 καὶ
2258 2896 2582 2968 εὐημερίαν.
2614 2896 2797 2960 ’Δπας
2826 2896 2940 2967 γὰρ
2959 2898 2988 2949 ὁ
3018 2894 3208 2967 παρὼν
3229 2894 3345 2965 βίος
3371 2894 3619 2967 βραχὺς,
3642 2894 3714 2961 τῷ

2137 2978 2383 3050 μέλλοντι
2421 2979 2579 3034 αίῶνι
2610 2979 3057 3049 συγκρινόμενος.
3112 2977 3270 3032 Μετά
3311 2976 3414 3049 τὴν
3452 2977 3716 3049 βραχεῖαν

2132 3062 2315 3116 τοίνυν
2359 3063 2565 3123 άνεσιν,
2613 3057 2682 3133 ἧς
2733 3061 3016 3133 άπήλαυσε
3065 3060 3162 3133 τὴν
3224 3060 3550 3133 εὐρύχωρον
3605 3062 3720 3114 ὁδον

2136 3144 2388 3215 βαδίζων,
2419 3144 2480 3198 τὸ
2507 3147 2608 3217 τῆς
2638 3145 3000 3217 στενοχωρίας
3020 3144 3228 3214 καὶτῆς
3253 3143 3497 3213 θλίψεως
3517 3144 3723 3216 χωρίον

2134 3227 2297 3280 αὐτὸν
2345 3225 2585 3292 ἐδέξατο.
2634 3228 2748 3281 Καὶ⁵
2795 3228 3004 3290 ἐκεῖνος
3056 3226 3154 3298 μὲν
3212 3226 3271 3278 ἐν
3317 3227 3437 3288 τοῖς
3493 3226 3719 3289 κόλποις

2136 3309 2288 3383 [796]
2322 3309 2417 3362 τοῦ
2458 3309 2799 3382 πατριάρχου
2831 3308 3225 3373 ἑπανεπαύετο,
3258 3307 3370 3362 τῶν
3407 3309 3600 3363 πόνων
3632 3310 3718 3363 καὶ

2135 3397 2235 3465 τῆς
2253 3393 2455 3464 πολλῆς
2478 3393 2852 3463 ταλαιπωρίας
2880 3391 2982 3456 τὰς
3012 3391 3247 3462 ἀμοιϐάς
3278 3392 3715 3463 ἀπολαμϐάνων,

2137 3477 2230 3530 καὶ
2286 3477 2425 3547 μετά
2467 3475 2557 3529 τὸν
2591 3475 2747 3547 λιμὸν
2800 3476 2895 3529 καὶ
2943 3475 3013 3530 τά
3053 3475 3183 3547 ἕλκη
3232 3475 3326 3528 καὶ
3376 3476 3483 3547 τὴν
3541 3479 3605 3530 ὲν
3648 3476 3717 3547 τῷ

2137 3557 2346 3613 πυλῶνι
2373 3558 2717 3618 κατάκλισιν,
2750 3557 2849 3628 τῆς
2873 3559 3182 3628 ἀπορρήτου
3212 3556 3434 3628 ἐκείνης
3475 3557 3719 3622 ἀνέσεως

2139 3643 2236 3698 καὶ
2282 3641 2404 3695 οὐδὲ
2443 3641 2584 3711 λόγῳ
2621 3640 3023 3712 ἑρμηνευθῆναι
3076 3640 3380 3710 δυναμένης
3424 3645 3715 3712 μετεῖχεν

2138 3720 2294 3789 οὗτος
2310 3724 2367 3778 δὲ
2389 3724 2526 3796 μετά
2543 3723 2641 3795 τὴν
2666 3721 2877 3794 τρυφήν
2907 3723 3000 3776 καὶ
3042 3721 3227 3777 ἄνεσιν
3251 3722 3345 3776 καὶ
3365 3740 3718 3797 γαστριμαρ-

2139 3810 2265 3880 γίαν
2289 3808 2387 3880 τὴν
2418 3807 2616 3879 πολλὴν
2641 3806 2736 3863 καὶ
2778 3807 2877 3879 τὴν
2918 3805 3087 3877 μέθην
3111 3806 3192 3870 είς
3219 3805 3317 3877 τὴν
3338 3808 3720 3880 ἀπαραίτητον

2142 3891 2367 3945 κόλασιν
2387 3889 2604 3960 ἐκείνην
2634 3889 2980 3959 καταντήσας
3007 3889 3467 3959 ἀπετηγανίζετο.
3489 3892 3609 3945 Καὶ
3638 3892 3721 3944 ἵνα

2142 3973 2399 4044 ἑκάτερος
2423 3972 2601 4027 αὐτῶν
2629 3971 2719 4026 διὰ
2743 3971 2850 4031 τῶν
2879 3970 3221 4041 πραγμάτων
3250 3972 3421 4044 μάθῃ,
3443 3975 3474 4026 6
3506 3975 3615 4044 μὲν
3630 3974 3720 4044 τῆς

2143 4055 2336 4126 στενῆς
2366 4052 2487 4109 ὁδοῦ
2516 4054 2578 4107 τὺ
2613 4054 2824 4125 κέρδος,
2860 4054 2889 4105 6
2919 4052 2978 4106 δὲ
3016 4053 3115 4124 τῆς
3143 4053 3464 4125 εὐρυχώρου
3484 4057 3596 4126 τὴν
3626 4058 3720 4126 ζη-

2144 4140 2272 4210 μίαν
2324 4138 2422 4191 καὶ
2455 4137 2545 4191 τὸν
2572 4136 2814 4207 ὄλεθρον,
2854 4135 2961 4189 ἀπὸ
2997 4135 3193 4189 πολλοῦ
3226 4136 3319 4189 τοῦ
3347 4138 3721 4209 διαστήματος

2141 4220 2403 4292 ἀλλήλους
2431 4219 2651 4291 ὁρῶσιν.
2689 4220 2887 4275 Ἄκουε
2936 4217 2996 4272 δὲ
3026 4218 3164 4282 πῶς·
3190 4218 3302 4276 Καὶ
3344 4221 3417 4273 ἐν
3442 4218 3529 4285 τῷ
3584 4223 3724 4290 ᾄδῃ.

2144 4306 2329 4377 φησὶν,
2364 4302 2593 4371 ἐπάρας
2627 4300 2770 4368 τοὺς
2799 4300 3147 4370 ὀφθαλμοὺς
3186 4302 3399 4366 αὐτοῦ,
3428 4304 3722 4374 ὑπάρχων

2142 4389 2213 4443 ἐν
2254 4384 2576 4453 βασάνοις,
2615 4381 2726 4452 ὁρᾷ
2760 4384 2870 4442 τὸν
2926 4384 3187 4454 Ἀϐραὰμ
3224 4385 3342 4438 ἀπὸ
3383 4391 3726 4455 μακρόθεν,

2144 4471 2242 4525 καί
2288 4466 2554 4536 Λάζαρον
2588 4465 2659 4519 ἐν
2704 4464 2831 4531 τοῖς
2879 4467 3128 4532 κόλποις
3178 4465 3385 4521 αὐτοῦ.
3452 4467 3619 4539 Ἐμοὶ
3671 4469 3725 4523 ἃ

2144 4555 2309 4618 δοκεῖ,
2340 4552 2423 4605 ὅτι
2445 4549 2780 4618 θεασάμενος
2806 4559 2830 4586 ε
2860 4549 2967 4619 ,τὴν
2996 4546 3202 4619 ἀθρόαν
3226 4547 3367 4602 οὕτω
3405 4549 3521 4602 τῶν
3585 4569 3725 4623 πρυ..

2145 4635 2370 4706 γμάτων
2400 4630 2721 4703 μεταϐολὴν,
2737 4629 2950 4692 καὶτὸν
2982 4630 3080 4700 μὲν
3103 4632 3161 4684 ἐν
3186 4628 3265 4700 τῷ
3294 4628 3506 4684 πυλῶνι
3529 4634 3725 4705 ἐρριμ·

2150 4716 2309 4789 μένον
2332 4755 2347 4779 ,
2397 4715 2493 4767 καὶ
2523 4716 2643 4776 ταῖς
2672 4710 2946 4781 γλώσσαις
2973 4714 3082 4766 τῶν
3120 4711 3297 4765 κυνῶν
3329 4714 3728 4783 προκείμενον,

2144 4798 2415 4868 τοσαύτης
2473 4795 2815 4853 ἀπολαύοντα
2865 4796 2967 4866 τῆς
3026 4795 3337 4868 παρρησίας
3366 4836 3382 4862 ,
3458 4800 3564 4852 καὶ
3620 4804 3729 4863 τοῖς

2146 4880 2370 4944 κόλποις
2414 4878 2514 4935 τοῦ
2553 4879 2892 4951 πατριάρχου
2939 4877 3352 4949 ἑνδιαιτώμενον
3369 4918 3387 4944 ,
3431 4880 3642 4935 ἑαυτὸν
3677 4882 3729 4935 δὲ

2146 4962 2386 5032 τοσαύτῃ
2410 4960 2638 5032 αἰσχύνῃ
2672 4959 3169 5031 περιϐεϐλημένον,
3204 4960 3301 5017 καὶ
3347 4961 3492 5032 μετά
3520 4965 3728 5037 ταύτης

2148 5045 2245 5099 καὶ
2289 5044 2395 5097 ὑπὸ
2437 5042 2533 5096 τοῦ
2569 5042 2742 5115 πυρὸς
2787 5042 3344 5113 ἀποτηγανιζόμενον,
3372 5044 3613 5101 πλείονα
3637 5048 3727 5116 τῆς

2147 5127 2336 5198 ὀδύνης
2355 5126 2459 5197 τὴν
2484 5125 2735 5197 αίσθησιν
2760 5124 3086 5195 ἐλάμϐανεν.
3130 5124 3303 5194 Ὁρῶν
3323 5129 3634 5199 τοιγαροῦν
3652 5131 3726 5191 εἰς

2146 5212 2208 5265 τὸ
2254 5209 2495 5264 ἐναντίον
2536 5209 2606 5263 τὰ
2641 5209 2947 5280 πράγματα
2989 5208 3356 5278 μεταστάντα,
3406 5211 3506 5265 καὶ
3564 5212 3723 5265 αὐτὸν

2152 5295 2273 5365 μὲν,
2304 5294 2380 5356 ὼς
2402 5294 2598 5356 εἰπεῖν,
2630 5293 2689 5345 ἐν
2711 5293 2904 5363 ὀνείρῳ
2934 5292 3030 5345 καὶ
3053 5293 3179 5363 σκιᾷ
3220 5293 3609 5363 τρυφήσαντα.
3639 5295 3723 5347 καί
3798 5352 3799 5355 η

2147 5377 2243 5431 νῦν
2269 5376 2367 5446 τὴν
2393 5376 2665 5447 ἀφόρητον
2695 5373 2915 5427 κόλασιν
2945 5374 3305 5443 ὑπομένοντα,
3327 5376 3425 5428 καὶ
3454 5377 3605 5445 μετά
3634 5377 3725 5445 τὴν

2149 5458 2462 5529 εὐρύχωρον
2519 5456 2636 5511 ὁδὸν
2684 5459 2779 5511 καὶ
2810 5456 2909 5527 τὴν
2951 5456 3211 5510 πλατεῖαν
3254 5457 3435 5529 πύλην
3472 5460 3561 5523 είς
3588 5458 3727 5512 οὕτω

2208 5558 2251 5624 d__
2266 5558 2455 5624 Omneg
2465 5570 2581 5624 miss.
2609 5557 2853 5621 πρότερον.
2891 5557 3130 5618 Ἀπέθανε,
3153 5560 3311 5621 φησιν,
3339 5561 3366 5608 6
3387 5560 3632 5624 Λάζαρος·
3651 5562 3724 5611 καὶ

2148 5624 2192 5668 οί
2224 5620 2413 5679 ἄγγελοι
2435 5619 2633 5679 ἀπῆγον.

2208 5682 2228 5702 ⁸
2256 5679 2338 5745 Sig
2356 5681 2440 5745 ed._
2458 5679 2758 5745 ambo,_mss.
2774 5688 2937 5745 quem
2960 5693 3132 5745 omnes
3153 5680 3405 5745 ngavtin
3428 5696 3591 5745 marg.
3615 5686 3724 5745 ἁρῦα

2148 5760 2240 5811 σιν.
2393 5741 2499 5811 γᾲρ,
2525 5740 2680 5811 φησὶν,
2702 5743 2729 5788 6
2750 5742 2972 5811 πλούσιος
2999 5742 3078 5791 τὸν
3098 5742 3310 5804 Λάζαρον
3332 5744 3379 5791 ἐν
3413 5744 3513 5799 τοῖς
3526 5740 3722 5797 ’κόλποις

2148 5801 2235 5852 τοῦ
2270 5801 2499 5863 ’Λϐραάμ.
2528 5801 2620 5849 Καὶ
2643 5802 2941 5862 θεασάμενος.
