3828 6226
181 373 200 421 l
219 370 324 423 03'?)

178 488 233 550 gi
267 524 280 543 ,
312 498 480 550 neque
514 481 796 554 quidquam
847 482 1206 537 molestiarum
1236 491 1488 548 espertus
1528 489 1627 542 cst,
1671 475 1764 529 scd

179 590 400 642 semper
457 590 709 644 prospero
756 585 1032 629 ventorum
1081 573 1258 628 afflatu
1301 573 1505 625 delatus
1531 612 1546 632 ,
1589 575 1768 636 utpote

183 681 283 725 per
315 666 600 733 spatiosam
643 665 780 719 viam
825 665 1093 726 incedens,
1127 663 1290 716 nmlta
1328 677 1448 715 cum
1487 658 1770 713 securitate

183 758 462 827 pergebat.
488 757 757 825 Nusquam
787 771 910 810 saxa
939 757 1038 810 sub
1068 755 1222 808 undis
1250 753 1485 814 latentia,
1510 764 1766 818 nusquam

182 848 415 917 scopuli,
451 863 703 918 nusquam
745 847 1067 919 przecipitia,
1113 860 1370 914 nusquam
1419 840 1766 910 naufragium,

190 956 454 1009 nusquam
483 941 702 992 mutatio
730 939 1022 1008 in:rquali~‘,
1054 938 1146 992 sed
1174 936 1321 1007 quasi
1351 951 1444 1005 per
1469 933 1688 987 solidam
1717 941 1771 984 et

187 1031 402 1097 planam
436 1033 702 1100 regionem
733 1031 832 1086 iter
864 1030 1084 1094 habens,
1113 1029 1181 1082 ita
1211 1027 1483 1097 przcsentis
1502 1025 1620 1078 vitae
1650 1038 1771 1092 spa-

189 1121 260 1171 tia
291 1120 605 1175 decurrebat
641 1139 654 1173 :
684 1119 918 1188 quotidie
945 1119 1187 1172 vitiorum
1220 1115 1465 1170 ﬂuctibus
1492 1112 1769 1181 mergeba-

190 1221 300 1276 tur,
333 1228 501 1282 ncque
527 1211 825 1266 sentiebat:
855 1210 1087 1280 quotidie
1117 1223 1396 1277 pravarmn
1425 1204 1770 1272 cupiditatum

189 1303 422 1356 stimulis
449 1303 796 1372 pangebatur,
823 1310 876 1354 et
902 1300 1131 1369 amplius
1162 1298 1435 1352 lmtabatur
1462 1312 1475 1348 :
1503 1311 1531 1348 a
1559 1293 1770 1348 lascivia

189 1410 404 1462 semper
433 1394 794 1459 obsidebatur,
823 1395 889 1448 ab
933 1391 1183 1461 ingluvie,
1214 1391 1280 1444 ab
1311 1389 1492 1442 insana
1532 1385 1770 1456 pecunia:

187 1485 503 1553 cupiditate,
543 1500 640 1539 nec
677 1485 783 1539 ullo
821 1485 1079 1538 malorum
1131 1496 1288 1534 sensu
1322 1479 1648 1547 tangebatur,
1677 1491 1770 1530 ne-

190 1592 298 1641 que
324 1576 420 1628 viae
455 1577 611 1629 tinent
655 1583 858 1643 poterat
903 1573 1193 1642 praevidere
1236 1589 1250 1624 :
1297 1571 1390 1624 sed
1432 1569 1770 1639 przesentium

189 1676 394 1718 tantum
427 1666 754 1734 jucunditate
787 1666 1071 1727 fruebatur,
1105 1679 1201 1717 nec
1241 1677 1488 1730 umquam
1533 1657 1770 1728 perpetui

192 1760 398 1814 doloris
425 1761 474 1814 in
506 1769 735 1814 mentem
783 1759 853 1812 illi
884 1759 1147 1819 veniebat,
1177 1756 1269 1811 sed
1299 1755 1568 1823 deceptus,
1601 1761 1657 1806 ut
1700 1751 1770 1804 ita

191 1850 398 1918 loquar,
433 1865 526 1919 per
555 1851 712 1904 latam
742 1851 881 1903 viam
921 1848 1215 1910 incedebat,
1245 1853 1300 1899 et
1336 1844 1400 1897 ad
1435 1844 1603 1912 ipsum
1634 1856 1770 1909 prae.-

190 1940 430 2008 cipitium
452 1939 749 2001 festinabat,
777 1941 915 2011 quod
941 1955 1042 1993 non
1067 1948 1269 2009 poterat
1299 1952 1405 2006 pne
1424 1935 1584 1988 nimia
1599 1933 1773 1988 ebrie-

191 2041 303 2084 tate
330 2047 670 2100 cognoscere.
703 2031 833 2085 Nam
884 2031 972 2085 ille
1019 2043 1240 2098 prOSpcr
1276 2027 1657 2080 nmndanarum
1689 2037 1773 2076 re-

192 2139 311 2175 rum
338 2136 644 2186 successus,
689 2123 777 2192 qui
811 2123 1068 2176 rationem
1107 2120 1220 2188 ejus
1250 2118 1516 2180 obruerat,
1562 2114 1771 2168 oculum

192 2212 268 2263 illi
300 2211 491 2266 mentis
513 2221 824 2279 excazcarat,
854 2220 905 2266 et
934 2211 1080 2280 quasi
1109 2210 1218 2279 jam
1248 2207 1530 2262 luminibus
1556 2205 1774 2260 orbatus

192 2302 516 2366 ambulabat,
547 2319 717 2372 neque
746 2318 850 2372 quo
883 2303 1107 2357 ferretur
1134 2300 1369 2355 sciebat:
1398 2299 1619 2351 fortasse
1644 2310 1772 2349 vero

193 2408 368 2459 neque
397 2402 596 2446 natura:
639 2394 883 2447 humana:
913 2393 1246 2456 meminerat,
1287 2406 1405 2444 t‘lllll
1445 2404 1502 2442 se
1529 2397 1774 2442 cerneret

189 2481 553 2536 diflicultatem
583 2484 778 2537 nullam
806 2483 1060 2552 experiri.
1100 2482 1214 2536 Non
1240 2481 1380 2534 enim
1409 2487 1607 2533 tantum
1637 2477 1769 2530 deli-

192 2573 292 2625 eiis
317 2573 600 2637 fruebatur,
642 2573 734 2628 sed
761 2583 810 2628 et
836 2573 1024 2642 opibus
1060 2572 1356 2626 abundabat
1389 2588 1401 2624 :
1434 2583 1604 2634 neque
1651 2576 1767 2621 tan-

193 2671 304 2713 tum
326 2661 514 2730 opibus
541 2662 860 2729 abundabat,
889 2663 981 2717 sed
1016 2671 1070 2716 et
1106 2675 1357 2731 prospera
1389 2669 1502 2715 erat
1532 2658 1772 2727 corporis

193 2752 492 2806 valetudine
524 2768 539 2806 :
569 2769 739 2823 neque
767 2768 899 2807 sano
931 2761 1131 2806 tantum
1166 2761 1278 2806 erat
1305 2766 1548 2820 corpore,
1591 2751 1684 2804 sed
1714 2759 1768 2803 et

191 2858 224 2897 a
253 2845 418 2897 multo
445 2844 698 2900 famulitio
719 2846 1008 2908 colebatur,
1043 2859 1213 2914 neque
1245 2851 1445 2896 tantum
1477 2841 1771 2904 colebatur,

191 2937 289 2990 sed
317 2937 490 2989 omnia
513 2939 612 2991 sibi
655 2953 878 2993 cernens
901 2947 1164 3007 tamquam
1194 2952 1260 2990 ex
1287 2935 1432 2990 fonte
1474 2933 1658 2999 fluere,
1697 2933 1776 2986 vi-

194 3040 301 3082 tam
338 3030 388 3082 in
430 3037 680 3097 perpetua
712 3030 978 3097 voluptate
1007 3029 1249 3097 degebat.
1279 3026 1510 3089 Vidistis,
1540 3025 1772 3079 dilectis—

190 3120 334 3184 sizni,
363 3133 507 3186 eum,
543 3121 629 3188 qui
668 3135 761 3189 per
795 3119 955 3173 latam
998 3129 1202 3188 portam
1239 3117 1547 3182 intraverat,
1588 3124 1643 3170 et
1679 3131 1774 3184 per

189 3211 480 3281 spatiosam
537 3211 674 3264 viam
729 3209 1060 3274 incesserat,
1125 3209 1336 3279 quantis
1389 3207 1592 3262 deliciis
1638 3207 1774 3276 poti-

192 3311 340 3354 retur
368 3301 393 3354 ?

264 3395 391 3445 Ante
416 3393 566 3461 ﬁnem
613 3393 726 3446 me
766 3407 910 3446 nemo
953 3393 1139 3446 beatus.
1164 3390 1422 3445 —Nemo
1463 3399 1638 3444 tamen
1669 3404 1768 3443 eo-

191 3500 333 3550 rum,
380 3485 468 3554 qui
514 3484 628 3539 brec
670 3481 912 3550 audiunt,
957 3492 1080 3538 ante
1127 3482 1289 3536 tinem
1330 3481 1544 3536 beatum
1598 3480 1771 3549 ipsum

192 3577 482 3644 pnedicare
517 3575 782 3645 dignetur,
820 3575 914 3630 sed
954 3590 1130 3630 rerum
1174 3573 1332 3628 linem
1371 3581 1664 3642 exspectet,
1708 3585 1773 3626 ac

191 3680 305 3721 tum
335 3669 650 3722 sententiam
677 3667 831 3722 feret.
875 3667 1052 3736 Itaque
1082 3665 1226 3718 illum
1255 3666 1343 3733 qui
1375 3679 1468 3734 per
1491 3671 1769 3733 angustam

193 3771 402 3830 portam
430 3761 738 3828 intraverat,
779 3768 832 3814 et
859 3769 1060 3813 aretum
1100 3759 1201 3812 iter
1225 3757 1549 3822 confecerat,
1579 3756 1622 3808 si
1655 3755 1769 3824 pla-

189 3861 296 3916 cet,
347 3852 398 3903 in
454 3851 685 3905 medium
738 3850 1081 3914 adducamus,
1130 3863 1194 3903 ac
1242 3847 1433 3902 deinde
1488 3857 1766 3917 postquam

191 3944 466 4012 utriusque
517 3945 675 3997 tinem
731 3942 1188 4012 conspexerimus,
1243 3938 1648 3994 convenientem
1701 3937 1769 3992 de

192 4050 515 4104 unoquoque
565 4033 881 4088 sententiam
934 4032 1184 4086 feramus.
1245 4030 1539 4096 Quemnam
1589 4036 1766 4082 autem

188 4128 352 4182 alium
389 4125 628 4195 proferre
658 4139 958 4194 possumus,
1000 4139 1156 4193 quam
1187 4121 1465 4185 Lazarum,
1507 4121 1596 4190 qui
1646 4128 1772 4174 ante

187 4217 368 4272 divitis
387 4216 707 4271 vestibulum
743 4215 971 4285 jacebat,
1014 4223 1070 4269 et
1106 4213 1173 4267 ab
1205 4213 1304 4267 illis
1337 4212 1600 4266 ulceribus
1625 4211 1769 4266 obsi-

186 4309 434 4373 debatur,
464 4308 551 4377 qui
591 4323 685 4361 sua
711 4308 926 4361 vulnera
973 4322 1001 4358 a
1041 4320 1232 4360 canum
1262 4304 1457 4372 linguis
1481 4303 1664 4372 attingi
1689 4303 1768 4356 vi-

185 4402 369 4467 debat,
412 4415 510 4454 nec
553 4401 672 4454 illos
712 4399 916 4454 valebat
966 4397 1221 4468 abigere?
1261 4397 1329 4452 Ut
1363 4396 1503 4451 enim
1548 4395 1638 4451 ille
1673 4410 1767 4464 per

185 4494 348 4546 latam
379 4500 584 4560 portam
615 4492 901 4561 ingressus,
943 4506 1039 4559 per
1061 4491 1346 4560 spatiosam
1377 4489 1515 4542 viam
1555 4488 1767 4543 incede-

186 4581 311 4645 bat;
352 4581 424 4635 ita
451 4581 635 4635 beatus
676 4583 812 4646 iste;
853 4581 1064 4636 beatum
1105 4580 1300 4650 quippe
1343 4579 1488 4633 illum
1528 4579 1636 4649 jam
1666 4594 1764 4647 ap-

185 4674 350 4744 pello,
380 4673 517 4743 quod
550 4687 645 4741 per
688 4682 962 4742 angustam
1006 4672 1226 4741 elegerit
1259 4671 1516 4726 introire:
1550 4685 1648 4739 per
1669 4684 1765 4723 an-

181 4776 394 4836 gustam
450 4775 654 4834 portam
709 4766 954 4832 intravit,
1008 4764 1063 4818 in
1105 4779 1207 4834 qua
1265 4764 1443 4817 omnia
1495 4762 1764 4818 contrario

181 4856 348 4912 modo
372 4871 430 4911 se
451 4855 736 4911 habebant.
776 4855 844 4910 Ut
874 4856 962 4910 ille
987 4869 1198 4923 semper
1234 4853 1438 4909 deliciis
1465 4853 1758 4918 fruebatur,

181 4948 262 5000 sic
304 4955 359 5001 et
402 4946 500 5001 iste
530 4955 781 5016 perpetua
816 4947 954 5002 fame
995 4944 1417 5000 conflictabatur.
1469 4947 1642 5016 Atque
1671 4945 1763 5000 ille

181 5038 402 5108 quidem
445 5036 653 5093 deliciis
696 5046 752 5092 et
786 5051 1038 5107 prospera
1078 5036 1320 5106 corporis
1357 5036 1680 5104 valetudine,
1707 5046 1763 5092 et

184 5132 528 5202 pecuniarum
556 5130 877 5186 abundantia
905 5129 1222 5200 potiebatur,
1253 5137 1308 5185 et
1334 5128 1578 5199 ingluviei
1599 5137 1760 5198 atque

179 5221 429 5277 ebrietati
455 5222 582 5277 totis
605 5221 795 5276 diebus
814 5219 1049 5274 vacando
1068 5219 1446 5274 conficiebatur
1469 5235 1482 5272 :
1507 5217 1608 5273 iste
1630 5233 1760 5272 vero

181 5327 287 5367 una
313 5327 433 5366 cum
455 5311 615 5377 fame,
642 5326 849 5366 summa
887 5325 1176 5381 oppressus
1199 5319 1316 5365 erat
1342 5318 1598 5380 egestate,
1631 5325 1757 5380 per-

180 5406 306 5462 enni
347 5405 554 5471 mobo,
595 5414 651 5460 et
693 5405 1040 5460 intolerandis
1078 5405 1369 5469 ulceribus,
1401 5413 1547 5460 utne
1571 5420 1760 5460 neces-

181 5500 355 5554 sarius
384 5498 596 5569 quidem
628 5497 702 5552 illi
727 5498 880 5553 cibus
907 5505 1230 5567 suppeteret,
1269 5497 1364 5554 sed
1388 5498 1554 5553 micas
1579 5497 1646 5554 de
1671 5498 1756 5553 di-

179 5591 306 5645 vitis
357 5606 542 5646 mensa
582 5590 832 5645 cadentes
876 5597 1185 5659 expeteret,
1237 5604 1371 5660 quas
1423 5603 1756 5661 nequaquam

180 5695 358 5739 tamen
391 5685 718 5750 impetraret.

255 5779 308 5831 ι.
355 5775 537 5831 Vidisti
567 5789 671 5845 quo
698 5783 852 5843 pacto
881 5786 972 5842 per
1001 5780 1274 5842 angustant
1317 5781 1522 5842 portam
1547 5772 1753 5844 ingres-

1388 365 1473 421 DE
1513 359 1781 419 LAZARO
1810 357 2052 416 CONCIO
2085 359 2190 416 \‘ll.

3317 368 3454 427 105⁸)

1880 486 1971 525 sus
2002 475 2118 538 iste,
2148 491 2242 544 per
2278 489 2474 530 aretam
2509 478 2644 531 viam
2687 493 2896 547 semper
2927 481 3226 537 incederet!
3269 481 3450 538 Vidisti

1876 581 1984 634 quo
2028 575 2178 634 pacto
2234 567 2322 620 ille
2371 583 2463 635 per
2510 569 2664 622 latam
2687 577 2889 636 portam
2938 581 2991 624 et
3034 587 3126 639 per
3169 572 3454 642 spatiosam

1879 659 2014 711 viam
2046 660 2317 727 pergeret?
2354 659 2469 713 .lam
2503 675 2626 714 vero
2667 660 2823 713 linem
2855 661 3129 731 utriusque
3157 663 3448 730 videamus,

1876 758 1932 804 et
1955 765 2059 819 quo
2088 760 2240 819 pacto
2272 752 2322 804 in
2352 761 2630 820 augustum
2659 752 2748 806 ille
2779 754 2933 806 linem
2957 753 3196 819 desierit,
3224 771 3330 824 quo
3357 770 3449 823 pa-

1859 851 1964 894 -cto
1991 841 2088 894 iste
2119 842 2169 894 in
2204 841 2364 896 latum
2411 857 2473 896 ac
2511 843 2690 897 multis
2717 843 2926 898 deliciis
2957 842 3212 899 refertum
3244 863 3257 898 :
3292 854 3346 898 ut
3371 845 3455 899 bis

1880 932 2042 1001 probe
2069 932 2366 996 intellectis,
2401 949 2468 987 ne
2496 934 2784 1002 spatiosam
2811 934 2947 987 viam
2971 935 3116 987 onmi
3150 934 3307 990 modo
3335 951 3455 1003 per-

1877 1039 2180 1092 sequamur,
2223 1040 2394 1092 neque
2433 1041 2528 1095 per
2558 1026 2716 1080 latam
2758 1036 2961 1096 portam
2995 1027 3192 1098 ingredi
3239 1027 3454 1081 studea-

1879 1131 2018 1181 mus,
2047 1115 2139 1169 sed
2179 1124 2454 1185 angustam
2486 1127 2692 1186 portam
2737 1129 3018 1181 sectemur,
3051 1126 3106 1173 et
3132 1133 3226 1187 per
3255 1127 3454 1172 arctam

1879 1208 2018 1260 viam
2059 1208 2521 1277 incedamus,,quo
2563 1210 2824 1277 possimus
2853 1209 2916 1261 ad
2951 1209 3146 1263 bonum
3189 1210 3346 1263 linem
3393 1224 3454 1263 ac

1862 1298 2130 1353 refertum
2159 1298 2363 1352 deliciis
2388 1301 2681 1367 pervenire.

1951 1391 2224 1445 Dissimilis
2256 1392 2436 1446 Lazari
2485 1394 2597 1447 vita:
2639 1395 2895 1448 terminus.
2921 1425 2988 1434 —
3015 1395 3144 1450 Cum
3177 1396 3316 1450 enim
3365 1412 3457 1450 cu-

1872 1484 2064 1553 jusque
2094 1485 2300 1539 illorum
2350 1485 2469 1540 linis
2507 1484 2830 1550 advenisset,
2880 1487 2996 1540 vide
3026 1487 3151 1556 quid
3183 1488 3249 1540 de
3278 1488 3454 1556 coqui

1878 1591 1972 1646 per
2001 1587 2199 1630 arctam
2227 1576 2364 1630 viam
2407 1584 2730 1644 perrexerat,
2767 1578 2912 1643 prius
2939 1577 3080 1631 dicat
3104 1596 3114 1629 :
3145 1577 3359 1629 Fuclum
3387 1587 3458 1629 est

1877 1681 2064 1733 autem,
2103 1668 2293 1737 inquit,
2321 1677 2376 1720 ut
2405 1677 2679 1720 moreretur
2704 1668 2984 1728 mendicus,
3017 1679 3061 1720 cl
3091 1678 3378 1737 portaretur
3397 1669 3458 1720 ab

1877 1761 2068 1830 angelis
2096 1761 2147 1813 in
2177 1761 2342 1813 sinum
2362 1760 2580 1813 Abralrw
2603 1759 2750 1829 (Luc.
2782 1763 2864 1815 l6.
2895 1760 3011 1828 2'2).
3044 1761 3288 1815 Fortasse
3312 1762 3457 1814 illtuu

1878 1852 2209 1906 abducebant
2236 1851 2408 1921 angeli
2451 1851 2810 1920 praecedentes
2855 1862 2908 1906 et
2939 1852 3073 1905 latus
3101 1853 3215 1921 ejus
3255 1853 3456 1906 satelli-

1879 1951 1990 1996 tum
2027 1958 2176 1998 more
2197 1943 2492 2012 cingentes,
2523 1953 2680 2012 atque
2720 1943 2770 1996 in
2798 1943 3104 1997 deliciarum
3136 1945 3308 1998 locum
3340 1955 3458 2014 post

1879 2036 2071 2090 multas
2097 2035 2211 2089 illas
2235 2035 2550 2089 aﬂlictioues
2576 2044 2629 2089 et
2672 2044 2872 2089 arctam
2902 2035 3043 2088 illam
3075 2035 3456 2104 peregrinatio.

1879 2142 1998 2182 nem
2053 2127 2421 2182 restituebant.
2487 2127 2644 2181 Vides
2691 2139 2886 2197 quanta
2941 2127 2992 2180 in
3054 2129 3157 2181 linc
3223 2139 3459 2197 angusta:

1877 2228 2045 2289 ponte
2088 2229 2142 2275 et
2187 2229 2347 2274 arcta:
2375 2219 2472 2274 via:
2512 2231 2764 2289 appareat
2805 2221 3056 2274 latitudo?
3085 2221 3214 2275 Vide
3240 2222 3346 2290 jam
3379 2221 3459 2275 fu-

1880 2320 2088 2366 nestum
2121 2311 2400 2366 terminum
2431 2313 2528 2366 via:
2561 2313 2828 2381 spatiose.
2863 2311 3095 2366 Mortuus
3123 2325 3195 2368 cst
3224 2325 3388 2366 autem
3415 2324 3460 2369 et

1879 2403 2033 2466 dives,
2067 2402 2255 2471 inquit,
2285 2411 2330 2455 et
2353 2403 2579 2472 sepultus
2609 2412 2700 2456 est.
2733 2401 2919 2456 Nullus
2950 2402 3047 2457 fuit
3072 2405 3159 2473 qui
3191 2404 3458 2474 praecede-

1880 2502 1982 2554 ret,
2015 2493 2190 2545 nullus
2215 2492 2306 2560 qui
2336 2492 2474 2545 latus
2512 2491 2753 2560 stiparet,
2781 2491 2956 2547 nullus
2981 2493 3070 2562 qui
3100 2493 3150 2547 in
3175 2494 3257 2546 via
3284 2493 3457 2548 dedu-

1879 2591 2042 2646 ceret,
2073 2583 2207 2636 sicut
2235 2583 2513 2636 Lazarum.
2556 2581 2687 2637 Nam
2728 2584 2975 2652 quoniam
3006 2583 3058 2636 in
3103 2584 3332 2653 Spatiosa
3376 2586 3459 2638 via

1879 2675 2083 2727 cunctis
2109 2673 2254 2728 hisce
2281 2675 2480 2744 potitus
2512 2683 2611 2752 est,
2643 2673 2930 2743 habuitque
2969 2675 3165 2729 multos
3209 2675 3459 2729 satellites

1879 2780 1940 2818 ac
1981 2765 2225 2828 famulos,
2253 2774 2638 2830 assentatores,
2670 2764 2904 2834 inquam,
2933 2766 3214 2833 parasitos,
3241 2766 3454 2835 quando

1879 2856 1944 2908 ad
1972 2856 2272 2923 sepulcrum
2317 2855 2482 2919 venit,
2527 2855 2699 2909 nudus
2739 2870 2802 2909 ac
2841 2855 3125 2910 destitutus
3153 2855 3237 2909 his
3283 2858 3457 2910 omni-

1881 2945 1981 2999 bus
2021 2945 2116 2999 fuit
2145 2955 2262 3013 post
2299 2945 2493 2998 multas
2540 2945 2656 2998 illas
2683 2945 2978 3014 voluptates
3008 2947 3087 3000 vel
3129 2946 3303 3014 potius
3336 2956 3454 3015 post

1881 3037 2093 3090 brevem
2133 3037 2272 3090 illam
2327 3036 2651 3106 voluptatem
2702 3044 2756 3090 et
2803 3037 3228 3106 prosperitatem.
3277 3037 3458 3092 BreVis

1878 3129 2020 3181 enim
2061 3135 2145 3180 est
2190 3134 2298 3180 tota
2332 3141 2567 3194 pra~sens
2605 3125 2731 3188 vita,
2779 3126 2821 3180 si
2868 3141 2986 3180 cum
3043 3126 3220 3181 futuro
3265 3127 3459 3181 sa-eulo

1877 3225 2234 3286 cmuparetur.
2267 3217 2392 3271 Post
2424 3217 2642 3272 brevem
2669 3217 2826 3287 igitur
2854 3216 3198 3286 voluptatem,
3230 3233 3332 3286 qua
3360 3233 3457 3286 po-

1879 3309 2006 3362 titus
2043 3315 2146 3375 est,
2172 3307 2296 3362 dum
2333 3323 2426 3376 per
2454 3307 2740 3375 spatiosam
2767 3307 2908 3361 viam
2950 3305 3240 3373 incederet,
3285 3321 3454 3376 angu—

1876 3400 2096 3453 stiarum
2136 3407 2192 3454 et
2229 3397 2530 3453 afflictionis
2557 3413 2680 3452 eum
2711 3397 2860 3452 locus
2894 3400 3120 3468 excepit.
3161 3399 3334 3468 Atque
3364 3398 3454 3452 ille

1877 3489 2090 3559 quidem
2138 3489 2190 3544 in
2233 3488 2352 3542 sinu
2395 3487 2623 3543 Abrahae
2672 3488 3059 3556 requiescebat,
3112 3503 3176 3542 ac
3213 3487 3454 3542 laborum

1878 3580 2270 3649 multarumque
2308 3579 2641 3634 miseriarmn
2687 3579 2990 3635 mercedem
3038 3579 3298 3649 recipiens
3336 3593 3454 3650 pnsl

1877 3669 2092 3735 famem,
2137 3679 2258 3739 post
2284 3671 2484 3732 ulcera.
2527 3677 2804 3740 postquam
2844 3671 2897 3724 in
2927 3669 3191 3724 vestibulo
3221 3671 3451 3725 reclina-

1877 3769 1962 3814 tus
1982 3760 2246 3829 jacuerat,
2293 3759 2648 3813 inelTabilibus
2687 3759 2792 3814 illis
2821 3759 3046 3825 deliciis,
3079 3775 3211 3830 quas
3242 3777 3308 3816 ne
3333 3778 3452 3815 ora-

1877 3850 2020 3905 tione
2067 3849 2278 3918 quidem
2333 3849 2616 3917 complecti
2668 3863 2974 3918 possumus,
3022 3848 3340 3904 fruebatur:
3374 3849 3455 3905 hic

1875 3956 2000 3996 vero
2057 3949 2174 4009 post
2220 3940 2541 4008 voluptatem
2593 3955 2657 3995 ac
2702 3941 2944 4005 delicias,
2997 3949 3116 4009 post
3161 3941 3450 4010 ingluviem

1873 4034 2112 4096 multam,
2143 4043 2261 4101 post
2283 4033 2596 4088 ebrietatem
2638 4033 2712 4087 illi
2743 4033 3032 4088 inevitabili
3073 4035 3333 4104 supplicio
3363 4036 3456 4089 ad-

1871 4123 2048 4177 dictus
2087 4123 2439 4177 cruciabatur.
2484 4122 2550 4178 Ut
2590 4131 2764 4176 autem
2804 4123 3012 4176 illorum
3045 4133 3268 4194 uterque
3297 4125 3453 4180 rebus

1872 4215 2000 4282 ipsis
2036 4214 2308 4280 doceatur,
2357 4214 2441 4268 hic
2467 4214 2701 4284 quidem,
2733 4224 2928 4283 quanta
2977 4215 3046 4270 sit
3085 4225 3323 4284 angusta:
3353 4219 3451 4272 via:

1873 4308 2093 4370 utilitas,
2137 4307 2226 4362 ille
2267 4322 2415 4372 vero,
2448 4315 2701 4376 quantum
2749 4307 3021 4374 damnum,
3055 4317 3247 4378 quanta
3276 4311 3452 4378 perni-

1871 4399 1981 4452 cies
2024 4398 2294 4468 spatiosae,
2326 4412 2357 4452 a
2396 4397 2549 4466 longe
2578 4398 2748 4452 multo
2785 4397 3055 4468 sejunctos
3085 4399 3366 4454 intervallo
3394 4415 3453 4456 se

1872 4490 2096 4545 invicem
2138 4490 2430 4544 intuentur.
2476 4489 2614 4543 Audi
2650 4504 2756 4558 quo
2800 4488 3087 4559 pactozEt
3133 4491 3188 4544 in
3227 4491 3448 4559 inferno,

1869 4582 1963 4647 ait,
1988 4582 2182 4636 elevans
2206 4581 2377 4634 oculos
2394 4597 2533 4646 suos,
2555 4581 2607 4633 in
2633 4582 2888 4634 tormentis
2908 4581 3114 4652 degens,
3137 4582 3266 4636 videt
3293 4577 3451 4636 Abra-

1870 4672 1988 4725 ham
2027 4689 2060 4725 a
2096 4671 2262 4742 longe,
2294 4681 2339 4725 et
2377 4670 2632 4724 Lazarum
2667 4671 2722 4723 in
2752 4671 2866 4724 sinu
2891 4672 3001 4738 ejus
3032 4670 3184 4739 (Luc.
3219 4672 3301 4726 16.
3328 4670 3448 4744 25).

1868 4764 2125 4835 Equidem
2154 4765 2383 4819 arbitror
2419 4763 2568 4818 illum
2598 4763 2686 4817 ubi
2715 4773 2820 4817 tam
2859 4763 3086 4818 subitam
3115 4779 3293 4817 rerum
3338 4781 3454 4819 mu-

1870 4856 2126 4911 tationem
2155 4855 2306 4920 vidit,
2335 4863 2390 4910 et
2434 4855 2580 4908 illum
2607 4854 2821 4924 quidem
2845 4855 2934 4925 qui
2966 4855 3178 4925 jacebat
3207 4856 3259 4910 in
3285 4859 3448 4912 vesti-

1868 4949 2016 5015 bulo,
2042 4963 2339 5018 canumque
2379 4948 2571 5018 linguis
2597 4956 2713 5002 erat
2747 4947 3041 5016 expositus,
3081 4956 3225 5002 tanta
3259 4947 3447 5004 fiducia

1865 5040 2117 5111 gaudere,
2146 5039 2271 5094 dum
2301 5039 2352 5094 in
2382 5039 2695 5110 patriarcha:
2721 5039 2841 5094 sinu
2865 5049 3204 5094 versaretur:
3231 5055 3290 5095 se
3319 5057 3448 5096 vero

1865 5139 2010 5186 tanta
2037 5131 2281 5186 obrutum
2311 5131 2616 5201 ignominia,
2645 5138 2803 5201 atque
2831 5130 3047 5200 insuper
3081 5130 3202 5200 igne
3235 5133 3444 5186 crucia-

1867 5233 1999 5290 tum,
2028 5223 2281 5292 majorem
2312 5236 2529 5278 sensum
2559 5221 2761 5276 doloris
2782 5221 3012 5290 cepisse.
3042 5220 3176 5275 Cum
3208 5233 3336 5290 ergo
3355 5233 3445 5275 res

1863 5322 2109 5370 cerneret
2136 5313 2189 5367 in
2218 5312 2544 5367 contrarium
2582 5318 2832 5374 mutatas,
2858 5324 2922 5364 ac
2953 5323 3012 5364 se
3030 5309 3122 5379 qui
3159 5322 3445 5378 propemo-

1863 5405 1990 5460 dum
2037 5405 2091 5460 in
2133 5404 2336 5460 somnis
2373 5412 2428 5458 et
2460 5402 2646 5458 umbra
2670 5401 2874 5458 deliciis
2904 5399 3100 5470 potitus
3123 5407 3257 5463 erat,
3299 5413 3442 5454 nunc

1863 5497 2196 5554 intolerabile
2219 5495 2534 5566 supplicium
2562 5494 2719 5560 ferre,
2745 5507 2809 5549 ac
2829 5499 2948 5562 post
2985 5490 3272 5562 spatiosam
3301 5491 3435 5546 viam

1863 5589 2128 5658 latamque
2146 5595 2378 5658 portam,
2406 5587 2458 5641 in
2491 5585 2649 5641 finem
2672 5589 2806 5640 adeo
2835 5591 3117 5653 angustum
3144 5595 3262 5638 esse
3287 5583 3426 5636 delr-

1865 5688 2013 5734 tum:
2041 5679 2117 5733 illi
2140 5693 2267 5734 vero
2291 5677 2555 5733 contraria
2577 5675 2797 5745 'penitus
2838 5672 3103 5737 evenisse,
3130 5684 3193 5725 ac
3219 5684 3442 5744 propter

1867 5787 2005 5841 eam,
2037 5787 2193 5842 quam
2237 5772 2289 5825 in
2319 5769 2418 5825 hac
2447 5769 2550 5824 vita
2579 5765 2889 5823 exhibuerat
2915 5762 3253 5836 patientiam,
3283 5761 3434 5816 illum
