3780 6226
413 331 543 388 ιθδι

413 443 768 501 tneli‘abilibus
806 445 1003 517 perfrui
1038 445 1213 514 bonis,
1245 448 1490 504 nesciens
1519 465 1626 518 quo
1651 463 1710 505 se
1740 457 1988 515 verteret,

415 535 672 606 inopsque
699 537 927 603 consilii,
960 553 1082 592 cum
1106 540 1432 608 experientia
1469 539 1764 608 didicisset,
1795 550 1991 612 quanta

413 627 596 684 fraude
621 629 832 700 penitus
857 629 1108 701 deceptus
1136 631 1342 702 fuisset,
1377 647 1498 689 cum
1538 634 1826 704 spatiosam
1852 633 1992 689 viam

413 719 682 789 elegisset,
722 722 1159 792 supplicationem
1197 723 1354 782 otl‘ert
1377 725 1712 795 patriarchae,
1741 740 1806 781 ac
1829 725 1992 780 mise-

412 811 608 868 rabiles
655 829 814 870 voces
853 815 1011 871 simul
1053 826 1108 872 et
1158 819 1424 889 lacrymas
1474 819 1702 876 ubertim
1748 817 1990 874 eﬁundit.

410 902 596 974 Itaque
616 905 660 960 is
675 909 763 976 qui
789 907 858 962 ad
881 907 1140 964 Lazarum
1169 923 1229 965 se
1250 920 1587 976 convertere,
1617 911 1700 965 vel
1726 911 1877 966 illum
1901 927 1992 967 rc-

412 995 618 1064 spicere
664 1012 768 1052 nou
806 999 1141 1069 dignabatur,
1171 1017 1459 1074 pauperem
1497 1004 1761 1074 abiectum
1804 1014 1859 1060 et
1903 1006 1991 1073 ja-

414 1097 625 1143 centem
645 1089 990 1158 investibulo,
1019 1093 1113 1148 sed
1139 1104 1194 1150 et
1224 1096 1397 1166 ipsum
1425 1097 1808 1167 propemodum
1837 1097 1990 1153 dete-

413 1178 653 1234 stabatur
680 1191 897 1252 propter
937 1184 1174 1240 uleerum
1215 1195 1410 1242 tetrum
1453 1188 1694 1254 odorem,
1737 1204 1993 1259 suamque

415 1271 718 1340 mollitiem,
745 1283 819 1328 ~et
863 1275 1104 1341 delicias,
1160 1279 1352 1348 quibus
1393 1281 1646 1337 continue
1694 1281 1987 1350 fruebatur,

413 1376 559 1416 nunc
579 1364 895 1432 patriarcha:
919 1368 1182 1437 supplicat
1208 1379 1262 1424 et
1282 1371 1357 1428 ait
1387 1389 1400 1425 :
1433 1372 1877 1439 PaterAbraliam,
1897 1374 1992 1426 mi-

413 1467 576 1506 serere
603 1455 720 1520 mei,
744 1465 791 1509 et
824 1458 962 1510 mitte
988 1457 1260 1525 Lazarum,
1289 1469 1340 1513 ut
1368 1461 1584 1532 intingat
1611 1472 1885 1518 extremum
1907 1465 1990 1518 di-

411 1543 506 1612 giti
541 1546 623 1598 sui
663 1545 716 1599 in
753 1562 957 1615 aquam,
998 1557 1046 1602 et
1078 1551 1338 1620 refrigeret
1377 1551 1606 1622 linguam
1652 1570 1848 1620 meam;
1871 1556 1992 1624 quia

412 1635 613 1688 crucior
636 1635 690 1689 in
712 1635 807 1690 liae
829 1637 1042 1706 ﬂamma
1071 1639 1219 1708 (Luc.
1252 1640 1339 1696 16.
1370 1641 1486 1711 24).
1511 1641 1855 1700 Sufﬁciebant
1877 1644 1990 1699 haec

411 1723 573 1778 verba
626 1725 692 1779 ad
751 1727 1168 1782 misericordiam
1223 1731 1571 1799 movendam,
1625 1744 1988 1788 verumtamen

411 1814 546 1868 nihil
589 1813 703 1871 bmc
747 1817 820 1871 illi
865 1817 1195 1886 profuerunt.
1241 1821 1614 1891 lntempestiva
1659 1825 1855 1893 quippe
1895 1824 1992 1879 fuit

410 1905 702 1974 confessio,
732 1917 785 1962 et
824 1925 930 1964 non
961 1911 1296 1967 convenienti
1327 1913 1504 1969 oblata
1532 1923 1772 1984 tempore
1797 1915 1990 1986 depre-

410 1997 571 2050 catio.
606 1996 774 2064 Mitte,
813 1998 1003 2070 inquit,
1027 2001 1287 2056 Lazarum
1318 2003 1464 2058 illum
1493 2019 1801 2075 pauperem,
1829 2021 1990 2076 quem

409 2095 567 2142 antea
602 2087 929 2158 detestahar,
962 2092 1048 2146 cui
1087 2092 1251 2148 micas
1293 2109 1397 2148 non
1434 2093 1776 2166 impertiebar
1801 2114 1812 2149 :
1839 2097 1989 2152 illum

409 2189 508 2230 oro
533 2193 694 2244 nunc,
725 2186 780 2234 et
810 2179 1033 2250 digitum
1062 2182 1212 2237 illum
1241 2184 1477 2254 requiro,
1520 2201 1678 2255 quem
1704 2200 1866 2241 canes
1886 2187 1990 2242 lin-

407 2265 623 2334 gebant.
671 2267 836 2324 Vides
888 2279 946 2325 ut
991 2271 1139 2326 illum
1188 2273 1506 2344 supplicium
1559 2278 1988 2346 compeseuerit?

409 2357 571 2413 Vides
604 2374 761 2429 quam
803 2371 1085 2432 angustum
1124 2364 1190 2419 ad
1243 2365 1399 2420 ﬁnem
1436 2366 1585 2421 illum
1632 2369 1864 2437 spatiosa
1904 2370 1985 2424 via

411 2449 707 2504 detulerit?
751 2451 932 2521 Neque
974 2468 1162 2522 preces
1202 2454 1357 2510 ot'f'ert
1384 2456 1604 2523 Lazaro,
1635 2459 1729 2513 sed
1758 2461 1985 2528 patriar-

408 2539 562 2606 chae;
596 2543 786 2597 merito
813 2562 826 2596 :
857 2560 1028 2612 neque
1053 2547 1195 2601 enim
1216 2557 1400 2602 contra
1433 2565 1718 2620 pauperem
1744 2554 1986 2609 attollere

406 2633 591 2687 oculos
629 2633 878 2688 audebat.
927 2635 1088 2692 Suam
1137 2639 1280 2692 enim
1322 2639 1757 2696 inbumanitatem
1807 2654 1986 2700 mente

404 2724 672 2790 versabat;
714 2734 770 2782 et
806 2728 1063 2798 cogitans,
1093 2744 1253 2799 quam
1291 2730 1765 2789 immisericordem
1809 2735 1880 2789 illi
1925 2751 1985 2792 se

404 2815 753 2885 exhibuisset,
794 2818 966 2889 ipsum
1013 2835 1079 2875 ne
1116 2836 1378 2892 responso
1404 2823 1619 2893 quidem
1649 2839 1709 2880 se
1733 2825 1982 2895 dignatu-

403 2920 524 2961 rum
551 2909 941 2978 suspicabatur.
963 2912 1132 2980 Quam
1163 2915 1233 2970 ob
1257 2929 1472 2970 causam
1503 2931 1676 2987 neque
1712 2919 1980 2987 supplica-

403 2996 602 3052 tionem
632 2998 698 3054 ad
727 2999 875 3055 illum
902 3002 1102 3073 dirigit,
1148 3004 1241 3059 sed
1278 3007 1634 3076 patriarcham
1659 3009 1976 3065 obtestatur.

401 3084 510 3144 Sed
549 3103 616 3144 ne
655 3089 733 3144 sic
759 3091 976 3161 quidem
999 3093 1288 3164 quidquam
1318 3097 1543 3166 profe'cit
1571 3117 1584 3152 :
1619 3107 1824 3156 tantum
1861 3116 1977 3156 ma-

398 3177 510 3231 lum
546 3185 629 3233 est
661 3179 1125 3250 intempestivitas,
1165 3193 1221 3240 et
1255 3201 1570 3244 concessum
1619 3191 1772 3247 nobis
1805 3206 1836 3246 a
1883 3193 1977 3248 Dei

399 3265 726 3338 benignitate
751 3270 816 3324 ad
843 3272 1029 3326 salutis
1052 3283 1250 3329 nostra:
1271 3278 1606 3333 occasionem
1637 3289 1848 3352 tempus
1878 3299 1976 3339 ne-

395 3358 619 3428 gligere.
663 3360 834 3427 Quem
887 3362 1032 3416 enim
1085 3364 1424 3422 adamantem
1482 3384 1588 3423 non
1640 3370 1756 3425 hare
1811 3374 1974 3430 verba
2013 3395 2022 3400 ·

396 3448 718 3516 ﬂexissent,
754 3460 813 3507 ct
859 3452 928 3508 ad
976 3455 1397 3514 misericordiam
1440 3469 1496 3516 et
1545 3465 1974 3533 compassionnm

392 3541 805 3596 commovissem
823 3543 848 3596 ?

461 3629 615 3686 Dives
651 3632 747 3686 sibi
775 3635 1022 3690 malorum
1043 3646 1241 3692 auctor.
1270 3669 1340 3680 —
1371 3641 1748 3700 Verumtamen
1785 3664 1852 3704 ne
1892 3651 1972 3706 sic

392 3721 604 3792 quidem
648 3727 836 3780 annuit
884 3729 1124 3797 petitioni
1177 3733 1504 3801 patriarcha,
1562 3738 1656 3791 sed
1711 3755 1970 3810 responso

390 3815 602 3883 quidem
632 3817 776 3872 illum
797 3820 1064 3890 dignatur,
1091 3823 1260 3892 ipsum
1290 3842 1418 3883 vero
1443 3827 1600 3884 docet
1623 3832 1724 3887 sibi
1753 3843 1829 3888 tot
1856 3852 1969 3891 ma-

390 3904 562 3960 lorum
593 3921 714 3961 eum
754 3918 1026 3964 auctorem
1057 3914 1343 3970 exstitisse.
1381 3917 1471 3972 Sic
1509 3920 1650 3975 enim
1679 3937 1801 3977 eum
1831 3925 1966 3980 allo-

387 3995 567 4065 quitur
590 3999 888 4066 patriarcha
920 4019 932 4052 :
958 4002 1085 4069 Fili,
1114 4009 1402 4077 recordare,
1430 4013 1550 4079 quia
1579 4017 1810 4084 recepisti
1835 4018 1967 4072 bona

387 4096 473 4140 tua
507 4089 560 4143 in
587 4091 688 4144 vita
715 4099 823 4157 tua,
849 4103 897 4147 et
925 4094 1152 4153 Lazarus
1178 4099 1406 4154 similiter
1434 4103 1570 4157 mala
1597 4121 1616 4158 :
1639 4123 1772 4161 nunc
1796 4121 1964 4164 autem

385 4178 466 4232 ltic
507 4180 708 4249 quidem
751 4185 1058 4253 consolatur,
1099 4198 1153 4240 tu
1197 4203 1312 4243 vero
1345 4193 1604 4248 cruciaris.
1644 4195 1713 4248 Et
1750 4199 1819 4251 ad
1857 4201 1966 4254 haec

384 4269 554 4322 omnia
577 4270 706 4326 inter
733 4286 820 4326 vos
847 4282 894 4327 et
921 4291 1012 4329 nos
1037 4277 1212 4333 hiatus
1230 4277 1444 4350 magnus
1467 4285 1764 4341 constitutus
1789 4299 1884 4353 est,
1908 4300 1964 4344 ut

383 4359 420 4412 ii
443 4360 530 4429 qui
557 4360 726 4416 volunt
771 4365 890 4418 hinc
924 4367 1140 4422 transire
1179 4369 1248 4422 ad
1285 4387 1390 4436 vos,
1422 4389 1522 4426 non
1549 4379 1761 4444 possint,
1805 4396 1964 4449 neque

381 4449 500 4504 inde
525 4448 634 4505 'huc
671 4462 996 4509 transmeare.
1041 4457 1317 4516 Terribilia
1359 4471 1483 4518 sunt
1521 4464 1636 4520 haec
1679 4448 1962 4538 verba,ret

380 4554 497 4607 qua:
545 4543 750 4609 possint
784 4558 900 4612 eos,
941 4547 1132 4616 quibus
1177 4565 1272 4605 eor
1317 4554 1474 4623 sapit,
1505 4555 1784 4624 plurimum
1813 4576 1963 4616 com-

379 4644 618 4686 movere.
649 4633 779 4688 Nam
815 4644 872 4691 ut
896 4651 1020 4692 eum
1058 4638 1267 4708 doceat,
1301 4656 1361 4698 se
1397 4645 1610 4714 quidem
1639 4663 1790 4704 suam
1831 4666 1957 4722 erga

379 4721 526 4777 illum
557 4725 973 4783 misericordiam
1017 4729 1291 4799 exhibere,
1337 4743 1496 4802 atque
1523 4737 1590 4792 ad
1628 4742 1958 4809 compation-

378 4810 503 4866 dum
518 4812 732 4876 inflecti.
747 4816 872 4870 dum
892 4821 1272 4888 suppliciorum
1288 4825 1780 4897 cernitgravitatem
1795 4849 1809 4886 :
1826 4833 1957 4890 nihil

376 4911 555 4957 tamen
599 4906 772 4960 solatii
799 4911 1039 4977 praebere
1060 4927 1237 4982 posse,
1264 4929 1427 4986 seque
1453 4921 1834 4987 propemodum
1861 4939 1955 4979 ex-

374 5006 567 5049 cusans
594 4995 687 5059 illi,
716 4995 942 5065 Vellem,
970 5000 1161 5072 inquit,
1197 5020 1412 5062 manum
1446 5009 1538 5064 tibi
1567 5013 1858 5084 porrigere,
1887 5030 1956 5072 ae

291 5146 295 5150 ,
372 5084 585 5142 dolores
609 5087 871 5158 mitigare.
899 5101 955 5147 et
993 5098 1310 5162 peracerbas
1343 5115 1528 5170 ptenas
1564 5104 1825 5170 minuere,
1855 5108 1952 5162 sed

278 5205 287 5214 ι
371 5186 426 5232 ιιι
455 5180 792 5249 temetipsum
815 5182 1132 5254 jampridem
1157 5204 1226 5245 eo
1251 5191 1443 5248 solatio
1467 5193 1681 5263 privasti
1706 5214 1720 5249 :
1751 5197 1952 5254 idcirco

367 5271 442 5326 sit
470 5288 484 5324 :
514 5269 644 5339 Fili,
687 5276 975 5332 recordare.
1006 5277 1142 5336 Vide
1181 5281 1472 5340 bonitatem
1519 5288 1855 5357 patriarchae,
1889 5289 1951 5343 li-

366 5361 498 5420 lium
552 5366 725 5436 ipsum
767 5379 941 5425 vocat.
989 5371 1368 5431 Verumtamen
1423 5377 1526 5432 hoc
1577 5379 1793 5448 quidem
1831 5383 1946 5452 ejus

366 5453 747 5515 humanitatem
773 5470 949 5530 potest
981 5465 1285 5531 ostendere,
1323 5467 1415 5522 sed
1453 5468 1658 5524 nullum
1691 5473 1945 5528 auxilium

365 5545 528 5615 ferre,
576 5551 721 5620 quod
763 5553 1000 5623 seipsum
1043 5555 1156 5624 ipse
1203 5557 1515 5625 prodiderit.
1571 5559 1699 5631 Fili,
1749 5564 1940 5634 inquit,

366 5638 648 5708 recordare,
677 5642 798 5711 quia
834 5645 1068 5714 recepisti
1098 5655 1151 5700 tu
1191 5647 1323 5704 bona
1350 5659 1438 5704 tua
1464 5651 1518 5706 in
1555 5653 1658 5708 vita
1697 5663 1804 5709 tua.
1833 5656 1941 5712 Vc—

364 5726 518 5782 uiant
538 5727 631 5787 tibi
671 5731 729 5788 in
752 5741 988 5792 mentem
1017 5739 1304 5806 prieterita,
1331 5741 1436 5797 noli
1465 5740 1701 5800 oblivisci
1727 5749 1938 5817 quantis

1117 332 1173 389 S.
1211 332 1488 391 JOANNIS
1509 333 1980 391 CllllYSOSTOlﬂ
2016 334 2333 392 ARClllEP.
2373 329 2900 390 CONSTANTINOP.

3676 215 3707 228 ς

3535 333 3649 387 Νιὗέ

2101 445 2308 502 deliciis
2330 445 2529 516 potitus
2564 443 2750 511 fueris,
2786 451 2981 514 quanta
3019 443 3310 515 voluptate,
3339 453 3525 514 quanta
3549 461 3647 499 nta-

2100 535 2401 607 gnificentia
2433 554 2447 590 :
2473 551 2579 607 quo
2608 544 2762 608 pacto
2792 535 3042 605 ingluviei
3067 543 3225 606 atque
3252 535 3492 591 ebrietati
3515 536 3650 591 dedi-

2101 636 2187 683 tus
2211 642 2426 696 semper
2443 628 2662 695 vixeris,
2692 642 2814 684 cum
2840 627 2894 682 in
2923 642 3082 684 omne
3106 642 3276 683 mvum
3318 636 3369 683 te
3395 626 3650 682 fruiturum

2102 717 2210 774 illis
2227 717 2582 784 existimares,
2609 727 2665 773 et
2690 719 2779 773 illa
2800 733 2920 774 esse
2944 719 3082 773 bona
3109 727 3391 773 statueres.
3417 718 3490 772 Ex
3509 717 3653 787 ipsius

2097 811 2360 866 sententia
2386 826 2699 882 responsum
2729 811 2803 865 illi
2829 811 2995 866 dedit.
3016 809 3150 866 Cum
3175 810 3316 865 enim
3343 809 3432 864 ille
3450 807 3653 864 sublime

2098 899 2230 956 nihil
2270 903 2576 971 conciperet
2619 904 2817 968 animo,
2859 918 3032 972 neque
3072 903 3208 956 mala
3239 902 3431 968 futura,
3459 917 3569 972 qua:
3607 903 3657 956 il-

2098 990 2207 1046 lum
2234 1003 2520 1063 exceptura
2550 1003 2750 1060 essent,
2776 994 2894 1050 sibi
2929 1002 3053 1048 ante
3095 993 3278 1049 oculos
3315 1002 3548 1061 poneret,
3577 993 3654 1048 illa

2096 1096 2218 1137 esse
2242 1082 2382 1138 bona
2407 1084 2680 1139 censebat.

2167 1175 2221 1230 ὅ.
2263 1175 2376 1230 lloc
2401 1176 2545 1231 enim
2583 1177 2821 1248 plerique
2843 1175 3029 1232 dicere
3053 1174 3200 1232 soliti
3237 1185 3385 1242 sunt,
3410 1175 3498 1246 qui
3535 1174 3656 1230 deli-

2097 1266 2209 1322 cias
2232 1276 2288 1323 et
2310 1268 2594 1338 ingluviem
2622 1269 2687 1324 ad
2710 1278 2980 1339 stuporem
3009 1270 3289 1335 mirantur,
3319 1269 3495 1324 multis
3519 1269 3658 1338 potiti

2097 1358 2291 1414 fuimus
2327 1359 2508 1426 bonis,
2549 1362 2592 1415 si
2623 1361 2834 1430 quando
2861 1377 3098 1416 summas
3134 1361 3354 1416 delicias
3391 1362 3546 1416 velint
3571 1376 3659 1416 ex-

2098 1449 2347 1518 primere.
2377 1450 2496 1506 Noli
2523 1451 2635 1506 hazc
2655 1451 2966 1521 simpliciter
2987 1453 3125 1507 bona
3152 1466 3364 1515 vocare,
3392 1451 3465 1504 mi
3493 1451 3662 1517 homo,

2095 1541 2192 1596 sed
2219 1543 2390 1612 cogita
2419 1544 2535 1598 haec
2569 1558 2599 1597 a
2619 1544 2863 1598 Domino
2887 1543 3008 1597 data
3035 1558 3176 1608 esse,
3216 1552 3273 1597 ut
3300 1543 3378 1598 eis
3403 1541 3668 1596 moderate

2097 1641 2304 1688 utentes
2331 1633 2492 1688 vitam
2520 1643 2757 1689 nostram
2787 1642 3053 1699 tueamur,
3082 1643 3137 1688 et
3177 1634 3534 1689 infirmitatem
3554 1647 3666 1686 eor-

2096 1723 2240 1791 poris
2264 1733 2661 1778 sustentemus:
2692 1725 2795 1779 alia
2813 1739 2941 1779 vero
2966 1734 3089 1778 sunt
3115 1739 3239 1780 vere
3267 1725 3426 1780 bona.

2169 1813 2297 1880 Qua:
2314 1815 2416 1869 sint
2439 1832 2550 1870 vere
2571 1818 2720 1870 bona.
2744 1845 2818 1856 -—
2839 1815 2978 1874 Nihil
2999 1816 3194 1886 quippe
3224 1815 3445 1870 istorum
3475 1816 3669 1871 bonum

2093 1914 2198 1972 est,
2228 1921 2334 1960 non
2362 1906 2567 1962 delicia:
2591 1948 2612 1976 ,
2638 1923 2743 1963 non
2773 1908 3006 1976 divitim,
3037 1925 3144 1964 non
3175 1911 3555 1979 sumptuositas
3577 1923 3667 1964 ve-

2093 1997 2253 2051 stium
2275 2037 2291 2064 ,
2341 1997 2435 2053 sed
2481 1999 2654 2053 solum
2703 2014 2899 2056 nomen
2944 1999 3160 2056 habent.
3186 1999 3324 2068 Quid
3351 2009 3531 2056 autem
3557 2001 3674 2055 dico

2092 2086 2264 2142 solum
2293 2102 2357 2143 ea
2395 2103 2593 2145 nomen
2619 2089 2858 2146 habere?
2886 2091 2979 2146 llla
3007 2105 3136 2146 vero
3161 2105 3532 2160 saepenumero
3555 2105 3671 2161 per-

2092 2178 2285 2234 niciem
2316 2180 2470 2236 nobis
2489 2191 2797 2250 accersunt,
2823 2184 2866 2238 si
2892 2183 3105 2254 quando
3126 2183 3278 2254 ipsis,
3304 2198 3410 2238 non
3437 2191 3496 2238 ut
3519 2197 3670 2253 opor-

2093 2279 2195 2336 tet,
2225 2281 2455 2329 utamur.
2481 2274 2612 2330 Nam
2640 2276 2839 2331 divitiae
2876 2277 3027 2332 bonne
3050 2285 3274 2347 possunt
3298 2291 3420 2332 esse
3461 2289 3670 2346 posses-

2091 2360 2235 2427 sori,
2283 2365 2498 2434 quando
2539 2381 2646 2422 non
2693 2368 2746 2422 in
2796 2367 3026 2423 delicias
3064 2377 3270 2422 tantum
3309 2367 3462 2433 illas,
3494 2381 3594 2422 nec
3621 2367 3675 2421 in

2090 2451 2401 2508 ebrietatem
2443 2465 2499 2510 et
2543 2457 2732 2512 noxias
2767 2457 3068 2528 voluptates
3109 2457 3394 2525 expendit,
3432 2457 3531 2513 sed
3555 2473 3676 2513 cum

2088 2542 2296 2600 deliciis
2356 2547 2630 2605 moderate
2673 2549 2988 2619 perfruens,
3038 2551 3238 2622 reliqua
3283 2551 3336 2604 in
3383 2565 3670 2621 pauperum

2089 2645 2304 2693 ventres
2329 2637 2600 2695 distribuit
2619 2669 2649 2708 ,-
2665 2650 2777 2696 tum
2804 2642 2958 2697 bona:
2983 2651 3108 2697 sunt
3135 2642 3354 2697 divitize.
3375 2641 3470 2697 Sin
3496 2651 3673 2696 autem

2087 2727 2323 2798 seipsum
2350 2731 2478 2801 quis.
2497 2733 2702 2789 deliciis
2733 2748 2797 2789 ac
2823 2735 3032 2790 caeteris
3069 2733 3376 2789 libidinibus
3397 2733 3676 2789 dediturus

2085 2818 2175 2885 sit,
2199 2835 2306 2875 non
2337 2823 2499 2878 modo
2527 2823 2659 2880 nihil
2682 2827 2730 2881 ei
2762 2837 3009 2896 prosunt,
3041 2826 3139 2883 sed
3165 2827 3324 2882 etiam
3355 2827 3408 2881 in
3450 2825 3662 2895 proluu-

2084 2909 2212 2966 dum
2238 2913 2384 2967 illum
2415 2913 2722 2971 barathrum
2753 2919 3077 2987 prmcipitem
3103 2928 3265 2988 agunt
3289 2936 3305 2972 :
3334 2916 3480 2988 quod
3506 2926 3563 2973 et
3587 2917 3669 2971 isti

2083 3005 2233 3062 diviti
2256 3007 2468 3062 accidit.
2496 3009 2666 3074 Quam
2705 3011 2777 3065 ob
2817 3025 3030 3066 causam
3059 3011 3186 3065 dicit
3220 3010 3295 3064 illi
3326 3009 3668 3079 patriarcha:

2083 3101 2212 3170 Fili,
2239 3100 2527 3168 recordare,
2555 3103 2676 3174 quia
2700 3104 2932 3174 recepisti
2958 3105 3088 3158 bona
3115 3114 3205 3157 tua
3229 3103 3282 3157 iu
3309 3105 3410 3156 vita
3435 3113 3548 3156 tua.
3579 3102 3669 3156 Illa

2080 3216 2201 3270 qua;
2227 3218 2354 3259 vere
2379 3203 2518 3259 bona
2547 3218 2669 3260 esse
2705 3204 2968 3260 censebas
3015 3202 3298 3274 recepisti,
3341 3210 3396 3256 et
3439 3200 3668 3255 Lazarus

2079 3294 2328 3351 similiter
2354 3295 2491 3350 mala
2521 3314 2537 3352 :
2566 3311 2677 3351 non
2700 3295 2843 3366 quod
2867 3311 2930 3352 ea
2955 3295 3190 3350 Lazarus
3214 3293 3352 3349 mala
3388 3301 3677 3358 censeret,

2077 3387 2253 3454 absit,
2280 3388 2375 3443 sed
2410 3403 2475 3443 ex
2501 3389 2670 3458 ipsius
2696 3388 2882 3443 divitis
2906 3387 3169 3443 sententia
3199 3385 3300 3440 hoc
3324 3385 3492 3440 etiam
3519 3384 3661 3454 adje-

2075 3479 2150 3534 cit
2174 3497 2188 3534 :
2217 3479 2478 3549 siquidem
2506 3479 2596 3535 ille
2617 3495 2736 3534 cum
2759 3479 2898 3535 banc
2917 3479 3056 3550 apud
3075 3493 3135 3534 se
3155 3477 3474 3533 sententiam
3500 3485 3678 3530 ratam-

2077 3571 2372 3639 habuisset,
2399 3587 2528 3644 opes
2548 3587 2612 3628 ac
2628 3572 2872 3638 delicias,
2897 3571 3167 3627 lasciviam
3189 3579 3245 3626 et
3265 3585 3484 3626 omnem
3507 3570 3678 3622 alium

2074 3663 2200 3718 vita:
2243 3663 2424 3718 luxum
2468 3665 2609 3719 bona
2652 3678 2774 3720 esse
2801 3663 3036 3719 ducebat
3061 3682 3075 3718 :
3103 3671 3470 3734 paupertatem
3501 3676 3669 3726 vero,

2077 3754 2269 3810 famem
2300 3764 2355 3811 et
2382 3755 2660 3810 adversam
2688 3755 3046 3811 valetudinem
3087 3755 3224 3809 mala
3263 3768 3386 3810 esse
3420 3753 3659 3822 suspicis

2074 3846 2247 3900 batur.
2272 3846 2436 3901 Prout
2464 3846 2621 3916 igitur
2645 3846 2994 3901 existimahas
3013 3887 3027 3912 ,
3057 3853 3111 3901 et
3137 3845 3327 3899 falsum
3361 3844 3493 3897 illud
3521 3843 3668 3912 judi-

2071 3936 2211 3990 cium
2236 3935 2661 4006 amplectebaris,
2687 3937 2970 3992 recordare
3013 3947 3064 3992 te
3089 3953 3152 3992 ex
3175 3945 3268 3990 tuo
3288 3935 3504 3990 calculo
3527 3935 3676 3990 bona

2071 4029 2158 4082 illa
2183 4029 2448 4097 recepisse
2469 4070 2484 4093 ,
2515 4044 2634 4084 cum
2663 4045 2756 4099 per
2780 4030 2940 4084 latam
2971 4044 3034 4085 ac
3070 4030 3359 4099 spatiosam
3387 4029 3538 4082 viam
3583 4029 3670 4081 in-

2068 4117 2312 4184 cederes,
2340 4127 2392 4173 ct
2422 4118 2680 4174 Lazarum
2710 4119 2957 4174 similiter
2976 4119 3112 4174 mala
3136 4134 3201 4174 ex
3230 4119 3520 4173 ratiocinio
3549 4128 3676 4183 tuo,

2069 4211 2192 4264 dum
2219 4222 2500 4282 angustum
2544 4221 2598 4268 et
2639 4222 2844 4267 arctum
2889 4213 2993 4268 iter
3037 4212 3343 4266 conficeret.
3389 4211 3670 4278 Quoniam

2065 4282 2228 4370 igitur
2248 4310 2302 4356 tu
2333 4302 2432 4357 viae
2459 4309 2664 4356 tantum
2684 4301 2886 4356 aditum
2912 4301 3212 4370 spectabas,
3236 4300 3324 4356 hic
3342 4315 3475 4355 vero
3498 4301 3681 4357 finem

2065 4391 2384 4459 respiciebat
2405 4433 2420 4458 ,
2462 4405 2638 4462 neque
2666 4391 3017 4462 negligentior
3042 4399 3259 4462 propter
3300 4390 3514 4446 aditum
3563 4393 3672 4446 via:

2063 4479 2402 4542 reddebatur,
2432 4490 2712 4550 propterea
2755 4497 2898 4536 nunc
2937 4481 3243 4536 consolatur
3271 4479 3374 4535 hoc
3415 4482 3469 4535 in
3505 4483 3668 4544 loco,

2066 4577 2119 4623 tu
2149 4585 2278 4625 vero
2303 4572 2579 4638 cruciaris,
2607 4582 2662 4628 et
2686 4573 2817 4628 fines
2843 4572 2942 4627 sibi
2973 4572 3194 4627 invicem
3217 4571 3526 4626 contrarios
3553 4587 3670 4626 sor-

2062 4661 2142 4715 titi
2163 4662 2311 4716 estis.
2339 4662 2558 4719 Vidistis
2585 4665 2760 4734 reipsa
2798 4665 3043 4732 spatiosae
3069 4679 3134 4719 ac
3169 4663 3290 4718 lata:
3314 4665 3414 4718 via:
3449 4665 3628 4719 linem
3649 4706 3667 4732 ,

2060 4760 2115 4807 et
2141 4767 2248 4822 quo
2287 4764 2448 4824 pacto
2469 4762 2706 4824 angusta:
2736 4762 2904 4824 portre
2927 4795 2946 4820 ,
2973 4762 3029 4808 et
3056 4761 3222 4808 arctat
3244 4753 3346 4807 via:
3368 4752 3506 4808 felix
3554 4763 3671 4809 ter-

2059 4843 2234 4897 minus
2261 4858 2382 4898 eum
2412 4845 2688 4912 exceperit
2712 4845 2801 4914 qui
2833 4844 3000 4914 ipsam
3027 4844 3286 4912 elegerat;
3311 4843 3502 4898 audite
3529 4858 3672 4914 ergo

2058 4941 2113 4988 et
2137 4949 2449 5003 responsum
2476 4935 2605 4990 illud
2635 4935 2920 4990 terribilius
2944 4952 2958 4988 :
2986 4934 3053 4988 Et
3090 4934 3160 4987 ad
3184 4933 3292 4988 haec
3314 4936 3536 5002 omnia,
3573 4937 3668 4990 in-

2055 5024 2202 5093 quit,
2231 5027 2360 5079 inter
2384 5042 2475 5080 nos
2505 5036 2553 5080 et
2577 5042 2664 5080 vos
2697 5027 2864 5080 hiatus
2893 5041 3106 5097 magnus
3133 5025 3432 5080 constitutus
3459 5037 3576 5092 est,
3610 5039 3672 5081 sit

2056 5113 2094 5166 ii
2119 5115 2206 5185 qui.
2235 5115 2406 5169 uolunt
2431 5116 2550 5169 hinc
2576 5117 2792 5171 transire
2813 5117 2936 5171 illuc
2962 5133 3064 5170 non
3093 5116 3308 5186 possint,
3334 5132 3506 5186 neque
3533 5120 3669 5172 inde

2055 5203 2152 5258 huc
2181 5215 2510 5261 transmeare.
2529 5206 2608 5263 Ne
2637 5217 2837 5262 temere
2863 5215 3262 5276 prtetereamus,
3280 5205 3666 5274 dilectissimi,

2054 5295 2196 5363 quod
2222 5294 2420 5350 dictum
2447 5304 2558 5363 est,
2586 5295 2680 5352 sed
2723 5306 2962 5352 exactam
3009 5295 3267 5351 orationis
3311 5295 3419 5349 vim
3463 5306 3668 5350 triente

2052 5400 2348 5453 versemus,
2377 5396 2431 5442 et
2453 5395 2652 5456 quanto
2680 5387 2980 5457 perfruatur
3005 5387 3236 5453 honore,
3267 5395 3472 5456 quanta
3504 5388 3670 5442 sedis

2052 5479 2422 5548 praerogativa,
2455 5479 2545 5549 qui
2575 5493 2674 5549 pro
2696 5480 2959 5536 vestibulo
2979 5479 3223 5549 iacebat,
3261 5479 3350 5534 ille
3393 5479 3668 5548 abiectus

2049 5577 2103 5622 et
2134 5584 2353 5639 pauper,
2382 5569 2472 5626 ille
2499 5569 2589 5640 qui
2619 5570 2758 5626 fame
2794 5571 3217 5636 conflictabatur,
3247 5570 3340 5625 ille
3365 5571 3666 5626 ulceribus

2049 5659 2308 5728 oppletus,
2338 5668 2392 5714 et
2415 5661 2638 5716 canibus
2659 5663 2952 5730 expositus.

2122 5747 2244 5806 Non
2290 5768 2534 5821 pauperes
2573 5763 2621 5807 et
2664 5753 2831 5822 amicti
2873 5753 3040 5807 miseri
3099 5762 3328 5807 sunt.-——
3356 5741 3666 5802 Lubcnicr
