3780 6226
190 329 324 385 1051

188 442 372 498 στενὸν
427 437 874 510 καταστρέψαντα
921 437 1075 501 τέλος
1101 454 1112 466 ·
1175 435 1260 488 ἐπ’
1305 435 1515 488 ἐκείνου
1573 433 1628 484 δὲ
1682 431 1750 484 τὰ

185 523 403 578 ἐναντία
442 520 843 591 συμϐεϐηκότα,
875 521 967 573 καὶ
984 518 1073 573 διὰ
1100 518 1198 590 τὴν
1224 516 1455 570 ἐνταῦθα
1481 513 1753 584 ὑπομονὴν

185 607 293 658 τῶν
321 606 650 675 ἀπορρήτων
686 603 910 656 ἐκείνων
936 601 1156 672 ἀγαθῶν
1182 601 1345 653 αὐτὸν
1370 598 1713 652 ἀπολαύοντα
1737 611 1748 622 ·

185 691 280 744 καὶ
304 691 362 741 ἐν
394 687 672 758 ἀμηχανίᾳ
699 685 959 755 γεγονὼς,
993 685 1088 739 καὶ
1119 687 1186 754 τῇ
1235 684 1401 753 πείρᾳ
1431 680 1618 752 μαθὼν
1654 680 1753 748 τὴν

183 771 420 841 ἀπάτην,
459 770 526 840 ἢν
563 769 819 840 ὑπέμεινε
866 769 933 821 δι’
969 768 1090 822 ὅλου
1131 767 1232 837 τὴν
1285 764 1596 836 εὐρύχωρον
1637 761 1753 814 ὁδὸν

184 855 455 924 ἐλόμενος,
483 853 761 922 ἱκετηρίαν
785 851 967 922 τίθησι
995 850 1130 921 πρὸς
1153 849 1245 902 τὸν
1268 847 1632 917 πατριάρχην,
1659 843 1754 896 καὶ

183 935 392 988 ἐλεεινὰ
444 935 738 1003 φθέγγεται
770 936 1012 1006 ῥήματα,
1067 932 1162 985 καὶ
1209 930 1460 1001 δακρύων
1491 927 1750 998 γέμοντα.

184 1019 296 1072 Καὶ
321 1019 349 1070 0
379 1019 486 1089 πρὸ
533 1017 723 1070 τούτου
757 1017 891 1088 μηδὲ
929 1014 1409 1087 ἐπιστρεφόμενος,
1447 1010 1581 1081 μηδὲ
1626 1008 1753 1061 ἰδεῖν

185 1102 509 1171 ἀνεχόμενος
546 1099 636 1154 τὸν
685 1100 956 1171 Λάζαρον,
1001 1097 1094 1152 τόν
1135 1098 1382 1166 πένητα,
1429 1095 1519 1148 τὸν
1567 1096 1624 1146 ἐν
1660 1092 1753 1163 τῷ

185 1184 391 1238 πυλῶνι
423 1182 774 1256 ἐρριμμένον,
804 1183 938 1236 ἀλλὰ
981 1183 1073 1234 καὶ
1122 1179 1540 1250 βδελυττόμενος
1567 1176 1751 1244 αὐτὸν,

183 1268 260 1330 ὼς
288 1267 482 1328 εἰπεῖν,
532 1265 616 1318 διά
658 1265 757 1336 τὴν
799 1265 908 1318 τῶν
942 1263 1115 1317 ἑλκῶν
1162 1261 1454 1327 δυσωδίαν,
1509 1261 1604 1314 καὶ
1652 1259 1754 1328 τὴν

183 1349 391 1402 οἰκείαν
423 1348 701 1418 βλακείαν,
737 1349 798 1401 ἐν
832 1343 1154 1420 ⁴ᾖδιηνεκῶς
1197 1345 1417 1419 τρυφῶν
1458 1345 1631 1416 διῆγε,
1659 1345 1752 1396 νῦν

185 1432 416 1486 ἱκετεύει
438 1433 524 1486 τὸν
554 1431 918 1503 πατριάρχην,
957 1431 1048 1484 καί
1069 1446 1199 1499 φησι
1225 1445 1240 1459 ⁶
1271 1429 1460 1497 Πάτερ
1486 1428 1749 1498 Ἀϐραὰμ,

183 1515 450 1584 ἐλέησόν
471 1532 571 1584 με,
603 1514 702 1568 καὶ
734 1512 978 1582 πέμψον
1024 1510 1310 1580 Λάζαρον,
1346 1512 1446 1564 ἵνα
1467 1512 1644 1578 ,ϐάψῃ
1685 1509 1753 1564 τὸ

184 1600 370 1664 ἀκρον
396 1599 500 1653 τοῦ
521 1598 822 1652 δακτύλου
848 1597 1034 1650 αὑτοῦ
1064 1595 1416 1661 ὒδατος,καί
1435 1595 1753 1664 καταψύξῃ

183 1684 302 1750 τὴν
331 1681 620 1752 γλῶσσάν
661 1700 803 1751 μου,
853 1679 943 1733 ὅτι
988 1678 1290 1748 ὀδυνῶμαι
1334 1679 1404 1731 ἐν
1458 1677 1532 1746 τῇ
1575 1678 1754 1747 φλογί

185 1767 394 1834 ταύτῃ.
436 1764 616 1818 Ἱκανὰ
638 1764 704 1817 τά
743 1765 962 1836 ῥήματα
995 1765 1074 1827 εἰς
1103 1758 1280 1814 οἶκτον
1308 1761 1716 1830 ἀφελκύσασθαι
1735 1775 1750 1790 ·

186 1850 303 1904 ἀλλ’
323 1851 472 1921 ὅμως
496 1849 614 1902 οὐδέ
645 1847 814 1910 οὕτως
836 1846 1012 1916 ὤνησέ
1037 1865 1089 1900 τι
1116 1847 1304 1900 πλέον·
1331 1846 1558 1916 ἄκαιρος
1583 1844 1690 1914 γὰρ
1718 1847 1752 1914 ἡ

185 1935 570 2005 ἐξομολόγησις
620 1931 716 1985 καὶ
765 1934 797 2002 ή
847 1931 1190 2001 παράκλησις
1237 1930 1338 1984 οὐκ
1387 1932 1444 1982 ἐν
1475 1927 1654 2000 καιρῷ
1678 1928 1756 1997 τῷ

182 2017 358 2073 δέοντι
389 2015 669 2087 γινομένη.
701 2014 940 2084 Πέμψον,
962 2015 1114 2084 φησί,
1139 2014 1230 2066 τὸν
1254 2012 1502 2083 Λάζαρον
1526 2013 1755 2073 ἐκεῖνον,

183 2103 276 2156 τὸν
306 2102 530 2172 πένητα,
582 2099 642 2152 ὃν
691 2098 796 2168 πρὸ
843 2098 1033 2151 τούτου
1083 2097 1498 2167 ἐϐδελυττόμην,
1547 2089 1592 2162 ᾧ
1649 2094 1758 2147 τῶν

183 2186 382 2256 ψιχίων
413 2185 475 2237 οὐ
512 2182 852 2254 μετεδίδουν·
882 2182 1093 2235 ἐκείνου
1142 2181 1331 2251 δέομαι
1365 2180 1478 2242 νῦν,
1526 2178 1622 2232 καὶ
1667 2177 1759 2231 τὸν

184 2266 446 2322 δάκτυλον
478 2268 681 2318 ἐκεῖνον
705 2264 968 2336 ἐπιζητῶ,
1003 2263 1062 2316 ὃν
1091 2265 1139 2316 οἱ
1167 2263 1325 2326 κύνες
1352 2263 1576 2331 ἐλειχον.
1608 2256 1760 2323 Εἶδες

187 2350 306 2412 πῶς
341 2347 678 2401 συνέστειλεν
723 2348 884 2400 αὐτὸν
914 2349 949 2416 ἡ
999 2345 1273 2417 τιμωρίας
1321 2341 1460 2408 εἶδες
1517 2345 1632 2406 πῶς
1680 2345 1761 2406 εἰς

189 2432 374 2485 στενὸν
401 2433 552 2495 τέλος
582 2431 917 2500 κατήντησεν
948 2431 982 2500 ἡ
1013 2429 1326 2499 εὐρύχωρος
1377 2429 1527 2493 ὁδός;
1566 2427 1673 2480 Καὶ
1697 2428 1759 2479 οὐ

187 2517 422 2568 ποιεῖται
450 2513 588 2584 πρὸς
616 2513 710 2566 τὸν
731 2512 980 2582 Λάζαρον
1011 2513 1109 2582 τὴν
1138 2511 1438 2581 ἱκετηρίαν,
1463 2509 1598 2563 ἀλλά
1625 2510 1762 2579 πρὸς

185 2601 281 2656 τὸν
329 2599 694 2670 πατριάρχην.
768 2597 1046 2660 Εἰκότως·
1112 2595 1232 2648 οὐδέ
1281 2595 1390 2664 γάρ
1445 2593 1762 2661 ἀντιϐλέψαι

188 2682 390 2753 ἐτόλμα
423 2680 500 2750 τῷ
529 2681 743 2750 πένητι.
783 2679 1011 2732 Ἐνενόει
1040 2678 1169 2748 γάρ,
1213 2673 1388 2748 οἶμαι,
1435 2677 1534 2746 τὴν
1557 2676 1762 2729 οἰκείαν

189 2765 611 2836 ἀπανθρωπίαν,
652 2764 747 2817 καὶ
775 2763 838 2814 τὸ
861 2761 1087 2832 ἀνηλεές
1131 2761 1480 2830 λογιζόμενος
1517 2762 1654 2829 ὅπερ
1683 2761 1763 2822 εἰς

189 2847 356 2906 αὐτὸν
386 2846 720 2911 ἐπεδείξατο,
754 2846 1077 2899 ὑπώπτευεν
1105 2844 1266 2896 αὐτὸν
1298 2843 1427 2906 ἴσως
1455 2842 1590 2913 μηδὲ
1629 2843 1765 2894 ἀπο-

190 2930 427 3002 κρίσεως
448 2929 652 2996 ἀξιοῦν.
676 2928 776 2982 Διά
809 2945 891 2982 τοι
918 2927 1076 2981 τοῦτο
1099 2926 1218 2978 οὐδὲ
1240 2926 1374 2996 πρὸς
1409 2925 1569 2978 αὐτὸν
1596 2927 1765 2976 ποιεῖ-

188 3031 282 3067 ται
338 3013 436 3084 τὴν
498 3013 866 3084 παράκλησιν,
921 3011 1058 3066 ἀλλά
1101 3010 1190 3065 τὸν
1236 3009 1580 3079 πατριάρχην
1615 3008 1765 3081 [797]

193 3095 450 3154 ἱκετεύει.
494 3096 634 3148 Ἀλλ’
662 3097 810 3166 ὅμως
840 3095 959 3148 οὐδὲ
989 3094 1162 3156 οὐτως
1194 3093 1456 3162 ἐκέρδανέ
1493 3109 1546 3146 τι
1581 3093 1762 3146 πλέον.

192 3177 459 3231 Τοσοῦτον
488 3179 655 3232 κακόν
678 3181 823 3232 ἐστιν
846 3179 879 3248 ἡ
909 3176 1157 3246 ἀκαιρία,
1183 3177 1276 3229 καὶ
1301 3177 1360 3228 τὸ
1379 3173 1468 3228 τὸν
1487 3175 1766 3246 δεδομένον

191 3265 326 3334 ⁴ημῖν
352 3263 451 3333 τῆς
477 3261 622 3333 ζωῆς
655 3261 843 3333 καιρὸν
873 3261 1022 3330 παρά
1050 3259 1148 3329 τῆς
1175 3258 1270 3312 τοῦ
1297 3259 1432 3311 Θεοῦ
1463 3257 1768 3328 φιλανθρω-

192 3349 324 3410 πίας
349 3349 428 3411 είς
455 3348 550 3417 τὴν
581 3345 682 3416 τῆς
711 3347 986 3417 ἡμετέρας
1021 3344 1292 3414 σωτηρίας
1337 3344 1590 3398 ὑπόθεσιν
1637 3361 1770 3415 προ-

191 3430 414 3487 διδόναι.
440 3431 600 3482 Ποῖον
617 3428 724 3499 γὰρ
746 3428 1026 3498 ἀδάμαντα
1049 3427 1150 3479 οὐκ
1169 3426 1236 3479 ἀν
1252 3427 1570 3498 κατέκαμψε
1595 3428 1770 3479 ταῦτα

190 3515 263 3568 τά
293 3516 536 3587 ῥήματα,
565 3515 661 3566 καὶ
689 3514 770 3575 εἰς
791 3509 972 3564 οἶκτον
997 3512 1095 3564 καὶ
1137 3510 1484 3581 συμπάθειαν
1514 3513 1722 3582 ἤγαγεν
1751 3527 1766 3576 ;

280 3598 420 3650 Ἀλλ’
458 3599 610 3667 ὅμως
649 3595 772 3648 οὐδὲ
795 3594 968 3659 οὕτως
999 3598 1028 3648 ό
1055 3594 1669 3667 πατριάρχηςέπινεύει
1700 3597 1766 3666 τῇ

192 3682 434 3753 αἰτήσει,
460 3680 574 3734 ἀλλ’
605 3678 949 3750 ἀποκρίσεως
977 3679 1076 3748 μὲν
1111 3679 1275 3732 αὐτὸν
1316 3680 1478 3744 ἀξιοῖ,
1523 3679 1768 3732 διδάσκει

192 3763 254 3818 δὲ
275 3765 439 3819 αὐτὸν
474 3764 556 3816 ὅτι
577 3763 740 3825 αὐτὸς
771 3759 951 3830 ἐαυτῷ
987 3759 1159 3823 αἴτιος
1188 3760 1392 3814 τούτων
1414 3761 1636 3828 ἐγένετο
1659 3761 1768 3816 τῶν

194 3847 402 3902 κακῶν.
430 3848 568 3917 Φησὶ
596 3845 705 3916 γὰρ
730 3844 866 3914 πρὸς
897 3843 1059 3896 αὐτὸν
1089 3845 1117 3896 0
1149 3842 1766 3914 πατριάρχης-Τέκνον,

187 3930 498 4001 μνήσθητι
533 3930 624 3982 ὅτι
653 3928 950 3990 ἀπέλαϐες
977 3925 1047 3978 τὰ
1081 3925 1272 3994 ἀγαθά
1297 3940 1416 3978 σου
1463 3927 1534 3978 ἐν
1557 3925 1631 3994 τῇ
1655 3926 1770 3995 ζωῇ

193 4028 338 4078 σου,
375 4013 473 4066 καί
503 4010 761 4079 Λάζαρος
785 4012 997 4080 ὁμοίως
1029 4009 1102 4062 τὰ
1124 4008 1308 4062 κακά·
1342 4008 1457 4061 νῦν
1478 4009 1546 4060 δὲ
1594 4013 1626 4060 ό
1653 4009 1771 4076 μὲν

194 4096 648 4166 παρακαλεῖται,
700 4093 780 4148 σὺ
821 4093 889 4146 δὲ
947 4091 1261 4146 ὀδυνᾶσαι.
1312 4092 1421 4146 Καὶ
1475 4092 1572 4144 ἐπὶ
1619 4091 1769 4146 πᾶσι

194 4181 432 4244 τούτοις
488 4177 716 4247 μεταξὺ
774 4175 939 4244 ὑμῶν
987 4174 1086 4227 καὶ
1144 4175 1313 4243 ἡμῶν
1363 4175 1570 4243 χάσμα
1617 4174 1770 4244 μέγα

193 4261 560 4332 ἐστήρικται,
577 4262 733 4324 ὅπως
753 4262 804 4311 οι
833 4257 1112 4321 θέλοντες
1136 4257 1410 4324 διαϐῆναι
1435 4259 1610 4310 ἐνθεν
1622 4259 1770 4326 πρὸς

194 4345 355 4414 ὑμᾶς
393 4344 480 4413 μὴ
533 4343 850 4403 δύνωνται,
891 4339 1047 4408 μηδὲ
1078 4342 1130 4392 οί
1160 4340 1388 4395 ἐκεῖθεν
1417 4339 1565 4408 πρὸς
1615 4341 1770 4410 ἡμᾶς

195 4425 544 4495 διαπερῶσι.
570 4423 782 4495 Φοϐερὰ
802 4423 869 4476 τὰ
897 4423 1184 4494 εἰρημένα,
1210 4424 1304 4476 καὶ
1341 4424 1501 4478 ἰκανά
1548 4424 1770 4478 καθικέ-

199 4509 331 4566 σθαι
352 4509 458 4562 τῶν
488 4507 613 4562 νοῦν
643 4507 894 4578 ἐχόντων.
928 4507 1048 4560 Ἵνα
1091 4505 1205 4578 γὰρ
1235 4507 1423 4579 διδάξῃ
1466 4509 1652 4570 αὐτὸν,
1688 4509 1772 4560 ὅτι

194 4593 363 4655 αὐτὸς
395 4592 492 4662 μὲν
519 4591 616 4661 τὴν
637 4591 843 4643 οἰκείαν
875 4590 1276 4660 εὐσπλαγχνίαν
1306 4594 1436 4662 περὶ
1467 4591 1629 4645 αὐτὸν
1653 4593 1772 4644 ἐπι-

193 4677 464 4739 δείκνυσι,
495 4675 591 4728 καὶ
635 4676 713 4738 είς
743 4670 924 4727 οἶκτον
955 4674 1385 4744 ἐπικάμπτεται,
1423 4676 1565 4746 ὁρῶν
1606 4676 1770 4730 αὐτοῦ

196 4763 299 4832 τῆς
324 4761 595 4822 κολάσεως
621 4761 720 4830 τὴν
746 4758 1018 4820 ἐπίτασιν,
1053 4759 1210 4813 οὐδὲν
1231 4759 1287 4811 δὲ
1315 4760 1484 4812 πλέον
1509 4761 1658 4831 αὐτῷ
1693 4764 1772 4824 εἰς

199 4845 556 4916 παραμυθίαν
586 4846 828 4912 ἐνεγκεῖν
857 4842 1101 4904 δύναται,
1142 4844 1425 4912 μονονουχὶ
1474 4844 1768 4912 ἀπολογού-

200 4945 364 5000 μενος
397 4926 547 4997 αὐτῷ
581 4943 767 4998 φησιν,
793 4927 872 4979 ὅτι
909 4924 1238 4995 Ἐϐουλόμην
1265 4926 1422 4995 χεῖρά
1456 4943 1536 4979 σοι
1566 4927 1770 4997 ὀρέξαι,

197 5015 299 5068 καλ.
331 5011 683 5079 ἐπικουφίσαι
708 5027 799 5062 σου
825 5009 920 5071 τὰς
964 5008 1287 5078 ἀλγηδόνας,
1320 5009 1414 5062 καὶ
1445 5009 1555 5062 τῶν
1599 5029 1775 5080 τιμω-

201 5095 337 5169 ριῶν
363 5093 758 5165 ὑποτέμνεσθαι
787 5093 848 5144 τὸ
876 5092 1124 5162 σφοδρὸν,
1150 5091 1285 5144 ἀλλά
1312 5091 1596 5162 προλαϐὼν
1615 5093 1775 5157 αὐτὸς

195 5177 404 5247 ταύτης
437 5175 816 5247 ἀπεστέρησας
860 5174 1050 5228 ἑαυτὸν
1108 5175 1208 5243 τῆς
1272 5175 1654 5246 παραμυθίας·
1688 5177 1777 5230 διά

194 5261 361 5315 τοῦτό
380 5276 542 5330 φησι·
575 5259 810 5321 Τέκνον,
820 5257 1140 5327 μνήσθητι.
1173 5259 1313 5329 Ὅρα
1329 5257 1422 5310 τοῦ
1442 5261 1774 5331 πατριάρχου

195 5344 304 5416 τὴν
333 5342 898 5416 ἀγαθότηταχτέκνον
922 5342 1080 5394 αὐτὸν
1106 5341 1276 5394 καλεῖ.
1318 5340 1478 5396 Ἀλλά
1498 5343 1654 5396 τοῦτο
1677 5345 1777 5415 μὲν

196 5413 302 5499 τήν
326 5428 639 5499 ἡμερότητα
661 5413 758 5496 τὴν
790 5425 954 5478 αὐτοῦ
979 5427 1218 5496 ἐμφῆναι
1249 5424 1498 5488 δύναται,
1522 5413 1777 5497 οὐδεμίαν

196 5514 260 5567 δὲ
309 5511 462 5581 αὐτῷ
496 5510 742 5581 βοήθειαν
789 5508 1019 5578 παρέχει
1045 5508 1132 5560 διὰ
1160 5509 1222 5561 τὸ
1246 5509 1336 5576 ὐφ’
1368 5510 1562 5562 ἑαυτοῦ
1615 5511 1776 5564 αὐτὸν

200 5594 573 5669 προδίδοσθαι.
608 5592 844 5653 Τέκνον,
907 5591 1060 5660 φησὶ,
1101 5590 1403 5659 μνήσθητι
1432 5592 1521 5646 ὅτι
1552 5595 1778 5648 ἀπέλα-

203 5683 309 5747 ϐες
338 5680 420 5734 σὺ
449 5679 521 5734 τὰ
551 5678 745 5750 ἀγαθά
783 5693 899 5732 σου
927 5675 996 5727 ἐν
1032 5675 1108 5744 τῇ
1141 5674 1253 5744 ζωῇ
1285 5692 1400 5732 σου
1421 5695 1433 5707 ο
1464 5682 1542 5744 εἰς
1571 5681 1779 5734 ἔννοιαν

207 5768 330 5824 ἐλθὲ
366 5768 477 5823 τῶν
526 5765 919 5839 παρελθόντων.
980 5762 1054 5833 μὴ
1087 5762 1320 5836 ἐπιλάθῃ
1369 5765 1535 5836 πόσης
1565 5769 1775 5837 τρυτρῆς

1372 318 1460 374 DE
1499 315 1792 374 ιΑΖΑιιο
1807 315 2056 376 CONCIO
2095 321 2208 377 VII.

3284 325 3426 380 1052

1859 432 2197 502 ἀπήλαυσας,
2247 436 2419 507 πόσης
2453 436 2711 504 ἀνέσεως,
2744 437 2913 506 πόσης
2955 439 3275 508 φαντασίας,
3306 439 3423 505 πῶς

1856 517 1913 567 ἐν
1938 520 2351 590 γαστριμαργία
2375 522 2470 574 καὶ
2495 519 2633 592 μέθῃ
2652 521 2828 574 πάντα
2848 521 2938 572 τὸν
2963 521 3075 590 βίον
3099 521 3422 587 διετέλεσας,

1855 600 1912 652 ἐν
1945 600 2171 664 ἐκείνοις
2198 602 2430 672 νομίζων
2451 599 2589 656 εἶναι
2608 605 2784 658 πάντα
2803 603 2894 658 τὸν
2915 605 3104 667 αἰῶνα,
3121 605 3214 657 καὶ
3242 605 3426 659 ἐκεῖνα

1854 681 2169 752 ὁριζόμενος
2190 681 2326 740 εἶναι
2341 685 2408 738 τά
2425 687 2623 754 ἀγαθά.
2666 686 2798 740 Ἀπὸ
2812 687 2912 756 τῆς
2937 687 3119 756 ψήφου
3140 687 3235 756 τῆς
3261 686 3424 740 αὐτοῦ

1853 762 1953 832 τὴν
1999 765 2290 837 ἀπόκρισιν
2352 769 2489 838 πρὸς
2532 769 2697 824 αὐτὸν
2747 770 3059 840 ἐποιήσατο.
3099 772 3264 824 υύδέν
3315 769 3426 840 γὰρ

1855 846 2063 910 ἐκεῖνος
2093 849 2295 920 ὑψηλὸν
2318 851 2742 920 φανταζόμενος,
2780 851 2903 904 οὐδέ
2933 853 3002 906 τὰ
3045 853 3306 922 μέλλοντα
3330 853 3427 904 αὐο

1854 929 1944 983 τὸν
1970 929 2311 1001 διαδέχεσθαι
2331 935 2475 987 κακά
2497 935 2601 1006 1:90
2619 935 2728 989 τῶν
2743 935 3038 1007 ὀφθαλμῶν
3068 936 3226 1007 ἔχων,
3246 938 3429 989 ἐκεῖνα

1854 1012 2036 1080 ἀγαθά
2065 1009 2206 1068 εἶναι
2236 1017 2474 1087 ἐνόμιζε.

1924 1101 1986 1148 ε’.
2014 1096 2185 1149 Τοῦτο
2215 1098 2325 1168 γὰρ
2355 1101 2450 1152 καὶ
2468 1099 2563 1152 νῦν
2593 1100 2713 1164 ἔθος
2734 1101 2914 1170 λέγειν
2940 1103 3054 1164 τοῖς
3075 1100 3291 1162 πολλοῖς
3317 1103 3429 1163 τοῖς

1857 1177 1986 1248 περὶ¹
2039 1181 2252 1251 τρυφὴν
2283 1182 2380 1235 καὶ
2427 1182 2525 1252 τὴν
2578 1183 2885 1254 ἀδηφαγίαν
2917 1183 3306 1254 ἐπτοημένοις,
3345 1183 3428 1235 ὅτι

1855 1260 2033 1314 Πολλά
2067 1263 2248 1330 ἀγαθά
2277 1265 2614 1334 ἐσχήκαμεν,
2643 1265 2770 1319 ὅταν
2799 1265 3091 1335 βούλωνται
3116 1266 3310 1329 ἀνάξαι
3330 1267 3430 1333 τῆς

1856 1343 2059 1414 πολλῆς
2080 1345 2292 1415 τρυφῆς
2319 1348 2418 1417 τὴν
2451 1347 2726 1400 ἐπίτασιν.
2759 1347 2850 1416 Μὴ
2876 1335 3430 1409 κάλειταῦταάπλῶς

1855 1427 2352 1498 ἀγαθά,ἀνθρωπε,
2393 1429 2588 1483 ἐννοῶν
2617 1431 2698 1483 ὅτι
2749 1431 2924 1484 ταῦτα
2955 1431 3054 1501 μὲν
3086 1430 3242 1502 ἐδόθη
3277 1430 3431 1500 παρά

1853 1509 1948 1563 τοῦ
1977 1511 2274 1576 Δεσπότου,
2301 1514 2388 1566 ἴνα
2415 1515 2514 1584 τῆς
2537 1515 2883 1586 συμμετρίας
2912 1514 3298 1579 ἀπολαύοντες,
3327 1515 3430 1585 τὴν

1856 1593 2117 1648 σύστασιν
2151 1596 2364 1666 ἔχωμεν
2385 1597 2485 1667 τῆς
2515 1597 2684 1666 ζωῆς,
2717 1599 2812 1652 καὶ
2859 1598 2958 1668 τὴν
2994 1599 3280 1652 ἀσθένειαν
3309 1598 3428 1651 δια-

1855 1678 2147 1748 κρατῶμεν
2165 1678 2256 1731 τοῦ
2272 1678 2541 1750 σώματος·
2565 1679 2650 1732 ἐτε
2660 1697 2726 1750 ρα
2753 1680 2808 1733 δέ
2825 1683 2939 1734 ἐστι
2959 1681 3026 1734 τά
3043 1681 3208 1742 ὅντως
3227 1682 3428 1749 ἀγαθά.

1927 1760 2094 1813 υύδέν
2126 1760 2236 1832 γάρ
2280 1761 2484 1816 τούτων
2501 1761 2724 1830 ἀγαθὸν,
2747 1763 2808 1814 οὐ
2834 1763 3036 1834 τρυφὴ,
3080 1764 3142 1816 οὐ
3176 1762 3426 1828 πλοῦτος,

1857 1844 1957 1898 οὐκ
2014 1845 2240 1916 ἐσθῆτος
2300 1845 2640 1910 πολυτέλεια,
2689 1846 2803 1899 ἀλλ’
2857 1845 3029 1918 ὄνομα
3087 1847 3250 1917 μόνον
3292 1846 3428 1917 ἔχει.

1858 1928 1922 1980 Τί
1956 1927 2012 1981 δὲ
2039 1927 2182 1995 λέγω
2210 1929 2380 1998 ὄνομα
2419 1929 2582 1998 μόνον
2620 1928 2774 1998 ἔχεις
2816 1928 2990 1982 ταῦτα
3031 1929 3132 1998 μὲν
3163 1925 3257 1984 οὖν
3297 1931 3433 1983 πολ-

1857 2009 2015 2074 λάκις
2071 2011 2162 2064 καὶ¹
2207 2011 2428 2082 ὀλέθρου
2468 2013 2600 2082 ἡμῖν
2629 2011 2779 2065 αἴτια
2815 2012 3046 2081 γίνεται,
3100 2013 3321 2067 ἐπειδάν
3356 2014 3434 2086 μὴ

1857 2093 2083 2156 δεόντως
2130 2093 2312 2157 αὐτοῖς
2376 2093 2731 2165 χρησώμεθα.
2777 2096 2836 2148 '0
2882 2095 2991 2167 γάρ
3043 2095 3274 2160 πλοῦτος
3310 2098 3433 2150 τότε

1859 2175 1926 2229 ἂν
1980 2176 2188 2244 γένοιτο
2217 2176 2422 2244 ἀγαθὸς
2445 2176 2523 2246 τῷ
2551 2177 2896 2248 κεκτημένῳ,
2935 2178 3066 2232 ὅταν
3085 2179 3159 2250 μὴ
3184 2181 3264 2242 εἰς
3288 2195 3428 2249 τρυ-

1861 2261 1968 2330 φὴν
2027 2261 2185 2330 μόνον
2233 2260 2394 2313 αὐτὸν
2450 2259 2738 2334 ἀναλίσκῃ,
2795 2261 2930 2331 μηδὲ
2987 2264 3068 2325 εἰς
3121 2262 3294 2333 μέθην
3338 2262 3434 2314 καὶ

1861 2348 1960 2407 τὰς
1998 2343 2310 2406 ἐπιϐλαϐεἰς
2333 2343 2544 2414 ἡδονάς,
2571 2345 2686 2397 ἀλλ’
2729 2346 2859 2399 ὅταν
2903 2349 3002 2416 τῆς
3041 2347 3254 2417 τρυφῆς
3293 2363 3430 2416 συμ-

1865 2428 2077 2500 μέτρως
2113 2427 2420 2492 ἀπολαύων,
2477 2427 2546 2480 τά
2573 2427 2734 2482 λοιπά
2789 2429 2870 2491 εἰς
2895 2429 2994 2490 τὰς
3034 2427 3142 2482 τῶν
3189 2431 3436 2500 πενήτων

1860 2511 2092 2582 διανέμῃ
2141 2510 2434 2581 γαστέρας,
2485 2510 2606 2563 τότε
2663 2511 2869 2579 ἀγαθὸν
2896 2515 2934 2582 ρ
2981 2511 3228 2577 πλοῦτος.
3271 2514 3334 2566 Εἰ
3375 2514 3436 2567 δὲ

1866 2595 2050 2664 μέλλοι
2085 2611 2168 2656 τις
2195 2597 2373 2665 τρυφῇ
2411 2595 2603 2649 ἑαυτὸν
2635 2593 2790 2667 [798]
2809 2595 3079 2650 ἐκδιδόναι
3103 2597 3200 2650 καὶ
3218 2600 3284 2668 τῇ
3299 2598 3437 2672 άλλη

1863 2677 2094 2747 ἀσωτίᾳ,
2153 2677 2213 2730 οὐ
2272 2677 2433 2747 μόνον
2481 2678 2634 2731 οὐδὲν
2676 2677 2840 2730 αὐτὸν
2888 2679 3148 2750 ὀνίνησιν,
3179 2679 3314 2732 ἀλλά
3341 2682 3436 2733 καί⁹

1863 2764 1944 2824 εἰς
1978 2761 2146 2831 βαθὺν
2191 2761 2436 2832 κρημνὸν
2471 2762 2734 2830 κατάγει·
2773 2761 2802 2814 δ
2841 2763 2905 2833 δὴ
2955 2764 3049 2815 καὶ
3100 2766 3129 2816 0
3181 2762 3438 2827 πλούσιος

1864 2839 2019 2906 οὗτος
2064 2843 2316 2898 πέπονθε.
2397 2845 2482 2896 Διό
2543 2860 2709 2915 φησιν
2767 2845 2917 2915 αὐτῷ
2975 2846 3004 2897 ὁ
3054 2847 3432 2916 πατριάρχης·

1870 2929 2112 2990 Τέκνον,
2168 2926 2463 2995 μνήσθητι
2487 2927 2576 2981 ὅτι
2624 2927 2924 2993 ἀπέλαϐες
2977 2929 3050 2981 τὰ
3101 2930 3294 2998 ἀγαθά
3319 2948 3440 2985 σου

1864 3013 1934 3066 ἐν
1965 3010 2039 3079 τῆ
2085 3009 2196 3078 ζωῇ
2245 3024 2380 3063 σου.
2426 3011 2636 3063 Ἐκεῖνα
2690 3009 2726 3064 ἃ
2779 3010 3026 3080 ἐνόμιζες
3081 3007 3220 3065 εἶναι
3267 3014 3436 3078 ὅντως

1865 3095 2065 3164 ἀγαθὰ,
2097 3093 2270 3148 ταῦτα
2331 3092 2621 3158 ἀπέλαϐες,
2669 3094 2764 3146 καὶ
2804 3093 3053 3164 Λάζαρος
3111 3095 3316 3165 ὁμοίως
3369 3098 3438 3150 τὰ

1869 3179 2038 3242 κακὰ,
2095 3178 2196 3231 οὐκ
2273 3175 2466 3248 ἐπειδὴ
2526 3175 2778 3249 Λάζαρος
2816 3178 2958 3230 αὐτὰ
3008 3179 3156 3231 κακά
3197 3179 3435 3249 ἐνόμιζε,

1871 3267 1946 3336 μὴ
1972 3265 2204 3332 γένοιτο·
2252 3265 2366 3318 ἀλλ’
2423 3265 2530 3317 ἀπὸ
2579 3269 2678 3338 τῆς
2731 3266 2910 3340 ιζήφου
2930 3265 3025 3320 τοῦ
3053 3265 3310 3318 πλουσίου
3342 3271 3440 3320 καὶ

1866 3345 2024 3399 τοῦτο
2051 3348 2349 3418 ἐπήγαγεν.
2398 3348 2634 3412 Ἐκεῖνος
2663 3347 2774 3418 γὰρ
2831 3348 3035 3420 ταύτην
3102 3348 3228 3418 παρ“
3260 3351 3441 3419 ἐαυτῷ

1869 3429 2122 3500 κυρώσας
2147 3430 2247 3499 τὴν
2277 3429 2477 3499 ψῆφον,
2501 3429 2590 3482 τόν
2614 3430 2716 3501 μὲν
2746 3429 2975 3484 πλοῦτον
3003 3431 3092 3485 καὶ
3112 3433 3206 3502 τὴν
3230 3433 3440 3502 τρυφὴν

1871 3515 1967 3568 καλ⁸
1990 3514 2087 3584 τὴν
2131 3513 2425 3566 ἀκολασίαν
2459 3513 2553 3566 καὶ
2604 3513 2702 3584 τὴν
2740 3514 2910 3584 ἀλλην
2969 3514 3229 3584 βλακείαν
3257 3517 3437 3585 ἀγαθά

1870 3596 2110 3667 ἐνόμιζε,
2135 3596 2256 3668 ,τὴν
2291 3596 2350 3650 δέ
2378 3597 2568 3650 πενίαν
2594 3596 2690 3650 καὶ
2735 3597 2829 3650 τὸν
2850 3597 3010 3667 λιμὸν
3038 3597 3132 3650 καὶ
3154 3598 3253 3668 τὴν
3281 3599 3441 3669 χαλε-

1870 3681 1979 3750 πὴν
2017 3680 2328 3750 ἀρρωστίαν
2371 3679 2518 3733 κακὰ
2593 3678 2934 3736 ὑπώπτευεν.
3003 3681 3091 3745 Ὠς
3132 3676 3226 3734 οὖν
3279 3683 3448 3736 αὐτὸυ

1872 3763 2274 3834 ὑπελάμϐανες,
2326 3765 2419 3816 καὶ
2470 3763 2571 3833 τὴν
2618 3763 2959 3833 ἐψευσμένην
3008 3763 3187 3834 κρίσιν
3225 3763 3444 3835 ἐκείνηι

1871 3843 2036 3917 εἶχες,
2076 3846 2344 3917 μνήσθητι
2371 3847 2452 3899 ὅτι
2492 3846 2634 3899 κατὰ
2673 3847 2776 3918 τὴν
2808 3847 2908 3916 σὴν
2951 3845 3132 3916 ψῆφον
3158 3847 3252 3900 καὶ
3278 3847 3342 3900 σὺ
3371 3848 3442 3907 τὰ

1874 3928 2055 3996 ἀγαθά
2081 3930 2265 3981 ἐκεῖνα
2282 3927 2574 3990 ἀπέλαϐες,
2609 3929 2709 3996 τὴν
2732 3927 2988 3982 πλατεῖαν
3017 3930 3111 3980 καί¹
3129 3927 3441 4001 εὐρύχωρον

1869 4010 2096 4075 ὁδεύσας
2118 4009 2255 4072 ὁδὸν,
2289 4010 2382 4062 καὶ
2398 4008 2648 4080 Λάζαρος
2676 4009 2878 4076 ὁμοίως
2907 4009 2974 4061 τὰ
2997 4009 3140 4061 κακά
3168 4011 3310 4062 κατά
3349 4012 3449 4068 τὶν.

1873 4093 1963 4146 σὺν
1991 4092 2168 4161 λόγον,
2215 4091 2314 4161 τὴν
2368 4095 2563 4161 στενὴν
2611 4089 2784 4161 πύλην
2814 4089 2909 4144 καὶ
2952 4091 3049 4161 τὴν
3074 4090 3453 4162 τεθλιμμένην.

1875 4176 2096 4246 βαδίσας
2125 4175 2263 4227 ὁδόν.
2294 4174 2446 4227 Ἐπεὶ
2492 4168 2585 4226 οῦν
2617 4174 2681 4225 σύ
2719 4173 2818 4242 μὲν
2851 4173 2919 4226 τά
2961 4175 3227 4244 προοίμια
3278 4175 3451 4244 μόνσνπ

1872 4256 2012 4324 εἶδες
2046 4259 2142 4328 τῆς
2173 4257 2316 4326 ὀδοῦ,
2355 4251 2508 4318 οὗτος
2549 4256 2606 4309 δέ
2649 4257 2742 4308 καὶ
2791 4257 2926 4327 πρὸς
2961 4256 3023 4310 τὸ
3064 4258 3215 4323 τέλος
3270 4258 3450 4328 ἐώρα,

1871 4344 2024 4398 οὐδὲν
2077 4343 2184 4396 ἀπὸ
2221 4341 2316 4394 τοῦ
2347 4341 2631 4413 προοιμίου
2663 4340 2761 4410 τῆς
2786 4339 2905 4392 ὁδοῦ
2947 4339 3228 4409 γινόμενος
3274 4341 3450 4411 ὀκνης.

1874 4428 2115 4498 ρότερος,
2142 4426 2231 4479 διὰ
2277 4423 2436 4479 τοῦτο
2463 4423 2558 4478 νῦν
2585 4421 2819 4477 ἐνταῦθα
2849 4423 3266 4494 παρακαλεῖται,
3304 4426 3366 4477 σὺ
3385 4425 3442 4480 δὲ

1871 4510 2146 4574 ὀδυνᾶσαι,
2177 4509 2270 4562 καὶ
2301 4506 2630 4570 ἀπεναντίας
2658 4505 2906 4577 ἀλλήλοις
2935 4507 2999 4560 τὸ
3053 4507 3205 4571 τέλος
3242 4511 3454 4580 κατήνιι

1873 4611 2060 4668 τησεν.
2105 4593 2288 4646 Εῖδετε
2332 4591 2398 4644 δι’
2423 4591 2601 4644 αὐτῶν
2635 4590 2746 4643 τῶν
2781 4590 3123 4660 πραγμάτων
3156 4595 3252 4663 τῆς
3282 4593 3444 4667 εὐρύς

1873 4677 2052 4748 χώρου
2105 4677 2201 4728 καὶ
2246 4673 2506 4736 πλατείας
2546 4672 2666 4724 ὁδοῦ
2706 4672 2766 4725 τὸ
2827 4673 2999 4734 τέλος,
3055 4673 3288 4742 ἐμάθετε
3341 4676 3450 4746 τῆς

1874 4763 2067 4830 στενῆς
2098 4757 2270 4828 πύλης
2293 4757 2386 4810 καὶ.
2411 4757 2507 4825 τῆς
2520 4754 2884 4824 τεθλιμμένης
2905 4754 3026 4808 ὁδοῦ
3047 4757 3448 4828 ὃπωςχρηστὸν

1872 4843 1932 4896 τὸ
1967 4845 2140 4913 πέρας
2167 4841 2382 4906 ἐδέξατο
2429 4840 2520 4891 τὸν
2576 4837 2778 4908 ταύτην
2829 4839 3116 4908 ἑλόμενον·
3171 4842 3444 4905 ἀκούσατε

1873 4926 1938 4996 δὴ
1972 4929 2065 4978 καί
2081 4925 2142 4976 τὺ
2169 4921 2539 4994 φοϐερώτερον
2560 4939 2573 4952 ο
2592 4921 2703 4974 Καὶ
2722 4922 2819 4975 ἐπὶ
2841 4922 3010 4987 πᾶσι,
3039 4942 3111 4996 φη
3121 4925 3192 4988 σί,
3212 4929 3446 4995 τούτοις

1869 5008 2097 5080 μεταξὺ
2140 5005 2309 5076 ἡμῶν
2355 5007 2451 5060 καὶ
2482 5004 2650 5073 ὑμῶν
2677 5005 2882 5074 χάσμα
2899 5012 3052 5076 μέγα
3077 5010 3448 5078 ἐστήρικται,

1877 5093 2036 5158 ὅπως
2067 5093 2120 5143 οἱ
2163 5089 2441 5151 θέλοντες
2465 5085 2929 5154 διαϐῆναιένθεν
2958 5089 3085 5143 ἐκεῖ
3101 5093 3186 5159 μὴ
3217 5093 3446 5147 δύνων.

1877 5195 1992 5242 ται,
2024 5175 2181 5245 μηδὲ
2231 5175 2285 5227 οἱ
2327 5171 2556 5226 ἐκεῖθεν
2601 5171 2751 5240 πρὸς
2779 5171 3292 5242 ἡμᾶςδιαπερῶσι.
3352 5179 3452 5249 Μὴ-

1876 5260 2063 5323 ἀπλῶς
2114 5256 2580 5328 παραδράμωμεν,
2628 5255 2927 5326 ἀγαπητοὶ,
2978 5256 3040 5308 τὸ
3077 5256 3286 5326 λεχθὲν,
3331 5260 3454 5314 ἀλλ*

1877 5345 2218 5414 ἐννοήσωμεν
2285 5339 2392 5394 τῶν
2469 5337 2766 5410 λεχθέντων
2821 5339 2920 5408 τὴν
2975 5339 3297 5411 ἀκρίϐειαν,
3351 5344 3452 5402 καὶ

1878 5431 2010 5499 ὅσης
2059 5423 2321 5481 ἀπολαύει
2375 5425 2474 5492 τῆς
2535 5422 2700 5492 τιμῆς
2766 5422 2862 5474 καὶ
2926 5422 3024 5491 τῆς
3079 5423 3370 5494 προεδρίας
3419 5429 3451 5480 ὁ

1881 5511 2032 5583 παρά
2071 5510 2160 5562 τὸν
2187 5507 2409 5560 πυλῶνα
2438 5505 2790 5576 ἐρριμμένος.
2824 5504 2852 5555 0
2890 5503 3388 5577 εὐκαταφρόνητος,
3420 5510 3451 5562 ὁ

1880 5597 2070 5664 πένης,
2111 5596 2140 5647 0
2171 5593 2250 5663 τῷ
2296 5589 2440 5661 λιμῷ
2479 5588 2741 5658 διηνεκῶς
2774 5587 3039 5650 παλαίων,
3066 5591 3094 5642 ὁ
3121 5591 3233 5652 τοῖς
3268 5589 3450 5645 ἐλκεσι

1885 5677 2358 5752 πολιορκούμενος,
2379 5677 2408 5728 0
2430 5676 2541 5736 τοῖς
2560 5671 2685 5724 κυσὶ
2717 5671 3099 5740 προκείμενος.

1967 5765 2168 5829 Ἡδέως
2195 5761 2302 5830 γὰρ
2350 5758 2522 5810 ταῦτα
2572 5755 2788 5826 στρέίρω
2837 5756 3097 5828 συνεχῶς,
3137 5757 3225 5810 ἵνα
3259 5757 3447 5831 μηδεὶς
