3828 6226
360 286 499 344 Ξθξὶδ

359 401 467 456 τῶν
489 400 549 455 ἐν
589 399 747 470 πενίᾳ
770 400 801 471 ἢ
837 399 944 455 τῶν
966 403 1023 455 ἐν
1045 402 1219 466 νόσοις
1242 403 1411 457 δντων
1450 402 1544 456 καὶ
1568 400 1712 472 λιμῷ
1765 418 1931 454 κατα-

359 486 628 556 φρονήσῃ,
680 484 870 536 ἐαυτὸν
921 484 1244 550 ταλανίξων,
1293 485 1430 540 ἀλλὰ
1480 483 1598 555 μεθ’
1652 484 1931 553 ὑπομονῆς

358 569 455 621 καὶ
481 568 830 636 εὐχαριστίας
855 569 1068 622 ἅπαντα
1096 568 1299 638 φέρων,
1343 568 1444 638 ἤδη
1496 569 1616 629 ταῖς
1666 568 1929 636 χρησταῖς

358 651 540 703 ἐλπίσι
566 650 856 719 τρέφηται,
885 652 985 714 τὰς
1012 651 1360 721 ἀπορρήτους
1405 650 1622 715 ἐκείνας
1646 648 1928 718 ἀναμένων

358 733 612 803 ἀμοιϐὰς,
647 735 741 785 καὶ
798 734 908 785 τῶν
966 734 1145 786 πόνων
1180 734 1278 798 τὰς
1322 733 1635 795 ἀντιδόσεις.
1676 734 1783 787 Καὶ
1828 733 1927 786 ἐπὶ

360 815 509 870 πᾶσι
530 818 782 881 τούτοις.
805 817 871 868 Τί
899 817 1068 880 ἐστιν,
1104 817 1228 870 Ἐπί
1256 816 1406 870 πᾶσι
1427 818 1689 880 τούτοις;
1724 814 1925 877 Εἰπὼν,

365 900 447 951 ὅτι
470 899 536 951 σὺ
575 899 673 968 μὲν
702 899 916 952 ἅπαντα
966 901 1025 953 ἐν
1078 899 1157 969 τῷ
1202 899 1430 970 παρόντι
1484 898 1584 968 βίῳ
1633 897 1924 962 ἀπέλαϐες,

363 982 507 1052 άπερ
577 979 713 1050 ήγοῦ
753 976 893 1033 εἶναι
938 980 1139 1050 ἀγαθὰ,
1187 981 1283 1034 καὶ
1337 981 1420 1033 ὃτι
1453 974 1608 1044 οὗτος
1656 980 1927 1035 ἀπέλαϐεν

354 1061 499 1133 άπερ
521 1063 585 1115 σὺ
612 1062 859 1132 ἐνόμιζες
886 1059 1210 1125 είναικακά,
1242 1061 1400 1116 τοῦτο
1430 1061 1760 1135 προσέθηκε,
1779 1062 1924 1116 διδά-

356 1164 501 1200 σκων
529 1146 713 1211 αὐτὸν,
744 1146 826 1198 ὅτι
862 1147 956 1199 καὶ
1002 1145 1294 1199 ἀκόλουθον
1348 1144 1580 1198 ἕκαστον
1613 1145 1765 1209 τέλος
1813 1146 1926 1198 ἐδέ-

353 1228 482 1296 ξατο
513 1241 539 1268 ι
566 1230 658 1281 ἐπὶ
688 1230 822 1282 πᾶσι
873 1231 985 1292 τοῖς
1030 1228 1275 1299 ῥηθεῖσιο
1316 1228 1374 1280 σὲ
1406 1229 1503 1298 μὲν
1545 1228 1683 1299 μετά
1719 1229 1780 1280 τὺ
1817 1228 1924 1281 τῶν

354 1310 577 1380 ἀγαθῶν
626 1304 702 1363 ὧν
777 1310 1024 1380 ἐνόμιζες
1068 1310 1379 1376 ἀπολαύειν,
1440 1313 1473 1380 ἡ
1515 1310 1692 1380 θλῖψις
1741 1311 1834 1364 καὶ
1889 1312 1923 1381 ὴ

353 1393 683 1463 στενοχωρία
711 1393 807 1445 καὶ¹
826 1392 888 1445 τὸ
916 1391 1028 1463 πῦρ
1057 1392 1118 1444 τὸ
1154 1392 1438 1453 ἄσϐεστον.
1473 1392 1664 1445 τοῦτον
1692 1393 1749 1445 δὲ
1783 1392 1923 1462 μετὰ

349 1474 412 1528 τὸ
446 1475 847 1547 προσπαλαῖσαι
898 1476 957 1528 ἐν
1010 1474 1251 1544 διηνεκεῖ
1301 1476 1368 1545 τῇ
1424 1474 1538 1545 ζωῇ
1568 1470 1649 1538 οἷς
1674 1475 1922 1544 ἐνόμιζες

349 1559 510 1622 αὐτὸς
550 1554 695 1611 εἶναι
720 1560 929 1624 κακοῖς,
953 1561 986 1628 ἡ
1009 1557 1192 1621 ἄνεσις
1221 1558 1316 1610 καὶ
1344 1561 1377 1626 ή
1411 1557 1519 1610 τῶν
1537 1557 1755 1627 ἀγαθῶν
1787 1559 1923 1611 ἀπό-

349 1642 537 1704 λαυσις
593 1642 686 1694 καὶ
731 1643 764 1711 η
812 1642 948 1711 μετὰ
1014 1639 1122 1692 τῶν
1192 1641 1365 1707 ἁγίων
1416 1639 1571 1709 λῆξις
1615 1639 1835 1704 ἐδέξατο
1867 1641 1918 1696 ι).

360 1721 579 1793 Ἐπειδὴ
629 1724 815 1777 τοίνυν
856 1722 919 1774 τὸ
959 1721 1111 1784 τέλος
1162 1721 1456 1775 ἀκόλουθον
1503 1722 1733 1787 ἕκαστος
1776 1718 1920 1794 εὗρε,

346 1807 442 1860 καὶ
488 1806 550 1859 σὲ
609 1807 708 1876 μὲν
750 1807 784 1875 ἡ
845 1804 1073 1857 πλατεῖα
1104 1805 1246 1874 πύλη
1278 1805 1374 1858 καὶ
1414 1803 1779 1876 ἡεὺρύχωρος
1806 1805 1925 1869 ὁδὸς

231 1917 240 1926 ·
344 1892 425 1953 είς
485 1888 687 1959 ταύτην
752 1888 854 1958 τὴν
896 1887 1256 1957 στενοχωρίαν
1318 1888 1656 1957 καταντῆσαι
1695 1890 1924 1959 πεποίη-

343 1990 429 2035 κε,
465 1970 653 2026 τοῦτον
683 1971 741 2023 δὲ
793 1971 827 2040 ἡ
869 1968 1026 2040 στενὴ
1068 1970 1161 2022 καὶ
1200 1968 1533 2039 τεθλιμμένη
1584 1971 1661 2033 είς
1719 1970 1923 2042 ταύτην

342 2056 519 2126 ῆγαγε
574 2054 673 2125 τὴν
726 2052 933 2118 ἄνεσιν,
984 2052 1097 2105 Καὶ
1150 2051 1250 2104 ἐπὶ
1303 2050 1454 2106 πᾶσι
1524 2053 1762 2117 τούτοις
1812 2070 1920 2120 με-

339 2137 492 2201 ταξὺ
551 2135 720 2206 ἡμῶν
764 2134 863 2188 καὶ
908 2132 1074 2202 ὑμῶν
1115 2131 1265 2204 [799]
1313 2133 1520 2202 χάσμα
1551 2133 1707 2203 μέγα
1738 2133 1920 2200 ἐστή-

336 2236 548 2289 ρικται.
596 2221 737 2290 ’Ὀρα
759 2219 850 2272 τὸν
877 2217 1105 2287 πένητα,
1141 2216 1231 2269 τὸν
1260 2215 1575 2286 ἡλκωμένον
1604 2216 1787 2287 (πάλιν
1809 2217 1918 2288 γὰρ

337 2302 508 2356 ταῦτα
528 2303 717 2371 λέγω),
744 2301 821 2372 τῷ
846 2300 1162 2372 πατριάρχῃ
1186 2299 1410 2368 συναριθ
1420 2298 1708 2369 μούμενον,
1730 2300 1823 2353 καὶ
1843 2300 1919 2370 τῷ

336 2384 484 2458 χορῷ
503 2385 612 2439 τῶν
636 2384 860 2438 δικαίων
884 2380 1324 2452 κατειλεγμένον.
1350 2380 1591 2445 Μεταξὺ
1612 2381 1724 2450 γὰρ
1749 2380 1920 2451 ἡμῶν

335 2468 433 2521 καὶ
463 2465 652 2536 ὑμῶν,
688 2466 873 2536 φησίν.
903 2460 1057 2527 Εἶδες
1086 2464 1173 2517 ora
1199 2463 1350 2534 λῆξις
1380 2463 1652 2529 διεδέξατο
1669 2462 1761 2516 τὸν
1797 2463 1917 2534 μεθ’

335 2549 614 2619 ὑπομονῆς
650 2549 745 2601 καὶ
772 2546 1119 2617 εὐχαριστίας
1147 2546 1247 2616 τὴν
1272 2545 1514 2616 χαλεπὴν
1564 2546 1783 2617 ἐκείνην
1813 2547 1917 2618 ἀρ-

336 2631 573 2701 ρωστίαν
598 2631 691 2683 καὶ
713 2630 805 2682 τὸν
820 2629 975 2700 λιμὸν
993 2628 1289 2697 ἐνέγκαντα
1308 2645 1324 2694 ;
1351 2629 1591 2693 Μεταξὺ
1614 2627 1722 2696 γὰρ
1748 2628 1918 2698 ήμῶν

332 2714 434 2767 καὶ
461 2711 650 2782 ὑμῶν,
696 2712 851 2783 φησὶ,
893 2710 1101 2780 χάσμα
1145 2709 1302 2780 μέγα
1351 2710 1715 2780 ἐστήρικται.
1748 2711 1913 2775 Πολὺ,

331 2798 515 2869 φησὶν,
550 2797 668 2850 ἐστὶ
703 2795 763 2849 τὸ
793 2795 1050 2866 διεῖργον,
1090 2794 1187 2847 καὶ
1207 2793 1305 2863 οὐχ
1332 2792 1519 2857 ἁπλῶς
1556 2794 1760 2864 χάσμα,
1780 2794 1914 2848 ἀλλά

333 2881 498 2950 μέγα.
527 2881 639 2933 Καὶ
665 2878 775 2949 γὰρ
794 2877 1012 2948 ἀληθῶς
1045 2876 1179 2931 πολὺ
1204 2876 1265 2930 τὸ
1287 2875 1454 2947 μέσον
1477 2876 1577 2945 τῆς
1602 2876 1802 2948 ἀρετῆς
1819 2878 1912 2930 καὶ

328 2962 429 3031 τῆς
455 2961 675 3026 κακίας,
714 2961 810 3014 καὶ
841 2958 1011 3029 πολλὴ
1052 2960 1086 3029 ἡ
1123 2958 1390 3029 διαφορά’
1443 2959 1477 3029 ἡ
1508 2958 1607 3028 μὲν
1654 2958 1766 3029 γάρ
1795 2961 1912 3012 ἐστι

329 3046 558 3096 πλατεῖα
586 3044 683 3097 καὶ
709 3041 1046 3113 εὐρύχωρος,
1070 3041 1105 3111 ἡ
1133 3039 1191 3094 δέ
1225 3039 1388 3111 στενὴ
1420 3041 1515 3094 καὶ
1540 3039 1872 3112 τεθλιμμένη
1895 3056 1908 3070 ·

327 3128 363 3197 ἡ
395 3127 493 3196 μὲν
518 3124 700 3200 τρυφὴ
722 3124 959 3178 πλατεῖα
990 3124 1082 3176 καὶ
1103 3122 1439 3197 εὐρύχωρος,
1476 3124 1510 3194 ἡ
1541 3122 1598 3176 δὲ
1634 3123 1793 3176 πενία
1816 3123 1912 3177 καὶ

327 3212 363 3280 ἡ
389 3209 565 3263 ἔνδεια
592 3209 752 3279 στενὴ
787 3207 883 3260 καὶ
905 3206 1261 3278 τεθλιμμένη.
1292 3206 1506 3276 Ὥσπερ
1549 3200 1640 3258 οὖν
1676 3205 1912 3260 ἐνταῦθα

328 3292 569 3345 ἐναντίαι
598 3290 735 3344 εἰσὶν
769 3291 824 3343 αἱ
851 3288 1163 3353 ὁδοὶ,’καὶὸ
1197 3289 1294 3358 μὲν
1323 3288 1423 3358 τὴν
1458 3286 1755 3358 παρθενίαν
1792 3287 1909 3340 ἐλό-

331 3390 491 3443 μενος
522 3373 620 3441 τὴν
660 3371 852 3442 στενὴν
873 3370 1049 3424 ὁδεύει
1080 3369 1175 3424 καὶ
1200 3368 1589 3439 τεθλιμμένην,
1635 3369 1731 3422 καὶ
1757 3371 1786 3422 6
1810 3368 1908 3440 τὴν

329 3454 683 3526 σωφροσύνην
738 3451 1089 3524 μεταδιώκων
1116 3495 1132 3519 ,
1187 3452 1283 3505 καὶ
1335 3453 1364 3504 ὁ
1392 3451 1491 3521 τὴν
1520 3451 1906 3521 ἀκτημοσύνην

326 3537 724 3606 ἀσπαζόμενος,
749 3536 844 3590 καὶ
869 3537 897 3588 6
935 3535 1037 3604 τῆς
1090 3534 1396 3599 κενοδοξίας
1440 3532 1756 3604 ὑπερορῶν,
1790 3535 1820 3586 6
1846 3534 1905 3587 δὲ

327 3619 425 3690 τὴν
454 3618 712 3671 πλατεῖαν
765 3616 973 3671 ὁδεύειν
1009 3615 1258 3669 σπεύδων
1286 3617 1381 3668 καὶ
1425 3614 1522 3685 τὴν
1570 3616 1900 3687 εὐρύχωρον,

330 3702 468 3773 μέθῃ
490 3701 584 3754 καὶ
613 3703 791 3771 τρυφῇ
826 3701 919 3754 καὶ
950 3700 1248 3771 χρημάτων
1281 3699 1449 3770 μανίᾳ.
1502 3697 1596 3751 καὶ
1639 3698 1903 3768 ἀκολασίᾳ

327 3785 421 3839 καὶ
457 3788 576 3848 ταῖς
617 3783 937 3838 ἐπιϐλαῦέσι
977 3782 1232 3853 θεωρίαις
1281 3781 1472 3836 ἐαυτὸν
1506 3782 1773 3847 ἐκδίδωσι,
1808 3783 1903 3836 καὶ

326 3869 495 3941 πολλὴ
525 3870 800 3940 ἑκατέρων
826 3868 976 3921 ἐστὶν
1010 3869 1044 3938 ἡ
1066 3867 1296 3937 διαφορά
1318 3881 1331 3895 ·
1362 3865 1505 3919 οὕτω
1533 3865 1597 3937 δὴ
1621 3866 1714 3920 καὶ
1741 3868 1799 3919 ἐν
1825 3866 1902 3937 τῷ

387 4016 416 4045 ⁸
438 4014 657 4077 Quatuor
678 4028 793 4063 mss.
814 4015 960 4063 κακά.
983 4015 1077 4077 Καὶ
1118 4014 1329 4077 ἐπίᾲπᾷσι
1354 4011 1727 4077 δέᾼτούτοις-τοῖς
1749 4011 1902 4077 ῥηθεῖ-

323 4092 418 4147 σιν,
430 4072 503 4147 δ’τι
526 4076 795 4147 ἀκόλουθον.
806 4076 1148 4147 ἔξαστργςέλος
1160 4074 1374 4147 ἐδέξατο.
1387 4074 1494 4147 1&1}.
1501 4073 1557 4120 σὲ
1578 4073 1660 4147 μὲγ
1673 4072 1790 4147 μετά
1799 4072 1895 4120 τόν.

387 4133 418 4179 Β
440 4136 623 4189 Omnes
642 4151 755 4186 mss.
781 4139 907 4196 λῆξις
927 4137 1133 4196 ἐδέξατο,
1156 4137 1206 4183 in
1230 4135 1376 4183 editis
1396 4133 1585 4188 ἐδέξατο
1613 4133 1775 4183 deest.

1058 286 1115 343 S.
1154 285 1431 345 JOANNiS
1467 284 1967 343 CHRYSOSTOMI
2006 285 2327 342 ARCHIEP.
2368 286 2914 345 CONS'I'ANTI'NOP.

2033 400 2135 470 τῆς
2182 402 2457 467 κολάσεως
2514 402 2691 474 καιρῷ
2741 405 2835 457 καὶ
2882 405 2979 475 τῆς
3018 404 3453 470 ἀνταποδόσεως,
3518 410 3631 463 τῶν

2032 484 2276 554 ἀμοιϐῶν
2325 487 2457 539 πολὺ
2492 486 2554 539 τὸ
2584 487 2746 556 μέσον
2790 488 2938 542 ἔστιν
2985 490 3187 558 εὑρεῖν.
3230 488 3447 558 Χᾱσμα
3492 489 3629 561 γὰρ.

2031 567 2183 635 φησὶ.
2206 568 2358 637 μέγα
2385 569 2729 636 ἐστήρικται
2749 569 2979 639 μεταξὺ
3001 568 3189 640 ἡμῶν,
3209 573 3481 635 τουτέστι,
3515 575 3631 627 τῶν

2029 649 2272 713 δικαίων,
2301 652 2409 706 τῶν
2437 652 2707 724 ὲναρέτων
2731 692 2745 713 ,
2777 653 2885 705 τῶν
2917 653 3016 724 τὴν
3056 652 3211 724 λῆξιν
3252 654 3471 725 ἐκείνην
3526 656 3628 708 λα-

2029 731 2268 801 χόντων·
2312 734 2410 787 καὶ
2467 732 2657 802 ὑμῶν,
2692 735 2958 799 τουτέστι,
2986 734 3096 787 τῶν
3141 738 3197 789 ἐν
3238 739 3479 808 πονηρίᾳ
3527 741 3627 792 καὶ

2029 814 2198 885 κακίᾳ.
2243 816 2822 887 καταδαπανηθέντων.
2860 818 2969 871 Καὶ
3006 819 3258 872 τοσοῦτόν
3313 821 3434 873 ἐστι
3469 822 3623 891 μέγα

2028 897 2089 950 τὸ
2111 898 2317 969 χάσμα,
2348 898 2505 953 ὥστε
2536 899 2692 969 μήτε
2712 900 2994 955 ἐντεῦθεν
3023 901 3254 956 ἐστὼτὰ
3292 920 3429 957 τινα
3460 906 3622 972 πρὸς

2029 977 2182 1047 ὑμᾶς
2210 978 2483 1049 διαϐῆναι
2504 981 2821 1048 δύνασθαι,
2848 984 3002 1052 μήτε
3020 984 3251 1038 ἐκεῖθεν
3270 987 3424 1053 πρὸς
3454 986 3621 1054 ἡμᾶς

2026 1060 2400 1130 διαπερᾶσαι.
2433 1060 2587 1128 Εἶδες
2603 1066 2883 1136 χάσματος
2912 1067 3143 1136 μέγεθος
3167 1084 3182 1133 ;
3209 1062 3348 1131 εἶδες
3376 1070 3618 1141 ἀπόκρι-

2027 1161 2113 1198 σιν
2141 1145 2365 1217 γεέννης
2395 1146 2701 1218 βαρυτέραν
2724 1165 2738 1211 ;
2759 1143 2907 1219 τΑριι.
2928 1151 2986 1203 ἐν
3008 1151 3317 1222 προοιμίοις
3336 1151 3618 1204 ἀκούσαν-

2024 1244 2115 1290 τες
2138 1238 2160 1266 ο
2198 1227 2296 1297 τὴν
2316 1230 2618 1300 εὐημερίαν
2642 1230 2738 1284 τοῦ
2764 1231 3023 1286 πλουσίου
3047 1233 3142 1285 καὶ
3160 1234 3259 1305 τὴν
3292 1234 3496 1305 πολλὴν
3519 1235 3614 1288 θε-

2027 1310 2258 1378 ραπείαν
2284 1311 2351 1382 ῆν
2378 1306 2493 1381 ε’ίχε
2520 1310 2675 1382 παρὰ
2704 1312 2924 1366 πάντων
2967 1314 3438 1385 δορυφορούμενος
3462 1357 3479 1379 ,
3520 1320 3618 1371 καὶ

2024 1392 2144 1444 καθ’
2171 1392 2405 1463 ἑκάστην
2434 1393 2645 1465 ἡμέραν
2694 1396 2760 1464 τῇ
2791 1398 2970 1466 τρυφῇ
3007 1397 3465 1467 προσηλωμένος,
3512 1400 3619 1452 οὐκ

2025 1475 2301 1544 ἐνομίζετε
2331 1475 2667 1546 μακαριστὸν
2691 1472 2871 1543 εἶναι;
2902 1479 2994 1531 καὶ
3041 1478 3205 1532 πάλιν
3254 1480 3498 1551 δρῶντες
3522 1482 3617 1533 τὸν

2024 1556 2232 1626 πένητα
2265 1559 2356 1610 ἐπὶ
2391 1557 2484 1611 τοῦ
2520 1558 2764 1623 πυλῶνος
2792 1561 3129 1632 ἐρριμμένον
3160 1563 3253 1615 καὶ
3296 1566 3413 1626 τοῖς
3446 1564 3615 1634 χαλε-

2026 1641 2146 1703 ποῖς
2200 1638 2414 1693 ἐλκεσιν
2458 1642 2685 1703 ἐκείνοις
2716 1643 3084 1713 ἐκδεδομένον,
3135 1644 3235 1698 οὐκ
3262 1645 3614 1710 ἐταλανίζετε

2024 1720 2189 1773 αὐτοῦ
2211 1722 2310 1790 τὴν
2335 1723 2510 1794 ζωήν;
2548 1722 2687 1776 Ἀλλ’
2718 1724 2828 1778 ίδοὺ
2860 1725 2954 1778 νῦν
2992 1725 3103 1779 ἀπὺ
3147 1725 3240 1780 τοῦ
3280 1726 3472 1791 τέλους
3499 1729 3615 1780 τῶν

2023 1804 2363 1875 πραγμάτων
2379 1805 2449 1857 τὰ
2474 1805 2691 1860 ἐναντία
2718 1806 2936 1878 ὁρῶμεν
2958 1808 3241 1878 γινόμενα,
3273 1811 3368 1863 καὶ
3382 1809 3479 1862 τον
3512 1811 3616 1881 μέν

2024 1885 2082 1937 ἐν
2112 1884 2367 1955 τηγάνοις
2391 1888 2529 1956 μετά
2555 1887 2654 1958 τὴν
2681 1888 2892 1959 τρυφὴν
2913 1890 3130 1959 ἐκείνην
3156 1892 3251 1944 καὶ
3266 1891 3370 1962 τὴν
3398 1891 3611 1961 μέθην,

2021 1966 2112 2019 τὸν
2136 1968 2194 2021 δέ
2227 1971 2286 2021 ἐν
2314 1972 2426 2033 τοῖς
2456 1969 2676 2033 κόλποις
2702 1970 2799 2024 τοῦ
2834 1972 3177 2042 πατριάρχου
3210 1972 3351 2043 μετὰ
3375 1974 3480 2044 τὴν
3506 1991 3612 2026 πε-

2021 2049 2140 2102 νίαν
2166 2050 2379 2122 ἐκείνην
2404 2052 2501 2122 τὴν
2531 2053 2765 2123 ἐσχάτην
2787 2054 2880 2106 καὶ
2912 2053 3004 2107 τὸν
3027 2053 3206 2123 λιμόν.
3245 2054 3388 2107 Ἀλλ’
3414 2056 3504 2107 ἵνα
3534 2056 3612 2127 μὴ

2021 2132 2102 2193 είς
2128 2132 2263 2186 πολὺ
2319 2133 2494 2203 μῆκος
2547 2135 2877 2205 ἐκτείνωμεν
2916 2136 3007 2189 τὸν
3037 2136 3216 2205 λόγον,
3243 2137 3409 2208 ἀρκεῖ
3443 2137 3612 2208 μέχρι

2019 2214 2210 2267 τούτου
2240 2215 2514 2269 συστεῖλαι
2539 2215 2636 2287 τὴν
2660 2216 3012 2270 διδασκαλίαν
3034 2259 3049 2279 ,
3084 2219 3178 2271 καὶ
3205 2220 3611 2289 παρακαλέσαι

2017 2295 2117 2366 τὴν
2140 2295 2414 2367 ὑμετέραν
2445 2297 2687 2366 ἀγάπην,
2727 2297 2804 2368 μὴ
2822 2299 2923 2369 τὴν
2955 2300 3214 2353 πλατεῖαν
3245 2300 3609 2371 μεταδιώκειν

2020 2377 2215 2448 πύλην,
2263 2378 2399 2449 μηδὲ
2435 2378 2536 2449 τὴν
2580 2379 2895 2451 εὐρύχωρον
2926 2381 3076 2443 ὁδὸν,
3117 2382 3254 2453 μηδὲ
3280 2381 3381 2453 τὴν
3418 2383 3609 2437 ἄνεσιν

2019 2463 2082 2514 ἐκ
2127 2461 2327 2525 παντὸς
2374 2462 2578 2532 τρόπου
2608 2460 2816 2532 ζητεῖν,
2857 2462 2994 2517 ἀλλὰ
3037 2463 3100 2516 τὸ
3132 2462 3286 2528 τέλος
3334 2466 3608 2536 ἑκατέρας

2019 2543 2363 2607 ἐννοοῦντας,
2417 2542 2623 2614 ταύτην
2676 2544 2774 2616 μὲν
2801 2545 3045 2614 φεύγειν,
3097 2544 3483 2615 λογιζομένους
3534 2549 3607 2600 τά

2019 2624 2390 2696 κατειληφότα
2411 2624 2503 2678 τὸν
2541 2625 2794 2680 πλούσιον
2828 2627 3038 2693 τοῦτον,
3069 2626 3165 2698 τὴν
3187 2627 3244 2680 δέ
3269 2628 3467 2697 στενὴν
3497 2629 3607 2680 πύ-

2017 2707 2114 2779 λην
2168 2706 2521 2778 μεταδιώκειν
2554 2709 2648 2762 καὶ
2678 2708 2778 2779 τὴν
2824 2707 3193 2779 τεθλιμμένην
3224 2707 3363 2773 ὁδὸν,
3397 2709 3488 2762 ἵνα
3522 2712 3605 2774 εἰς

2015 2790 2075 2842 τὺ
2100 2789 2202 2859 τῆς
2223 2790 2461 2854 ἀνέσεως
2489 2791 2688 2861 χωρίον
2713 2791 2852 2861 μετὰ
2872 2792 2971 2862 τὴν
2992 2790 3176 2846 ἐνθάδε
3200 2789 3376 2860 θλίψιν
3398 2808 3606 2844 καταν-

2016 2872 2179 2943 τῆσαι
2209 2870 2545 2943 δυνηθῶμεν.
2598 2872 2834 2941 Φεύγετε
2890 2873 3090 2939 τοίνυν,
3140 2873 3463 2945 παρακαλῶ,
3498 2875 3607 2938 τὰς

2020 2955 2315 3018 σατανικάς
2340 2954 2592 3026 θεωρίας,
2622 2956 2718 3009 καὶ
2744 2956 2846 3026 τὴν
2874 2955 3146 3025 ἐπιδλαδῆ
3185 2956 3293 3009 τῶν
3347 2957 3607 3028 ἱιτπώρο⁴

2020 3037 2156 3108 μιῶν
2186 3036 2337 3090 θέαν.
2368 3037 2467 3091 Διά
2512 3037 2621 3106 γὰρ
2647 3037 2775 3101 τοὺς
2822 3037 3190 3110 ὑποσυρέντας
3219 3038 3472 3109 καὶπρὸς
3498 3040 3603 3111 τὴν

2018 3120 2330 3191 εὐρύχωρον
2367 3119 2483 3173 ὁδὸν
2510 3118 2852 3189 βαδίσαντας,
2886 3120 3062 3175 ταῦτα
3099 3123 3275 3174 εἰπεῖν
3316 3121 3602 3194 προήχθη-

2019 3220 2118 3274 μεν
2136 3202 2187 3270 ἀ,
2219 3202 2305 3255 ἴνα
2333 3200 2615 3272 μαθόντες,
2644 3202 2858 3274 ἐκείνην
2889 3204 2987 3274 μὲν
3012 3202 3372 3266 καταλίπωσι,
3402 3204 3505 3275 τὴν
3536 3205 3602 3259 δὲ

2013 3284 2377 3356 τεθλιμμένην
2404 3282 2743 3348 ὁδεύσαντες,
2772 3283 2925 3356 [800]
2956 3285 3055 3355 τὴν
3079 3288 3179 3358 τῆς
3199 3287 3399 3356 ἀρετῆς
3424 3286 3595 3354 λέγω,

2013 3366 2123 3421 τῶν
2139 3367 2352 3421 κόλπων
2376 3364 2471 3420 τοῦ
2501 3366 2841 3438 πατριάρχου
2857 3367 3058 3438 ὁμοίως
3080 3368 3160 3437 τῷ
3182 3367 3419 3439 Λαζάρῳ
3434 3368 3600 3434 ἀξιω-

2013 3449 2168 3513 θῶσι,
2199 3449 2296 3503 καὶ
2322 3449 2422 3519 τῆς
2445 3448 2672 3518 γεέννης
2692 3448 2788 3502 τοῦ
2822 3449 2994 3520 πυρὸς
3023 3452 3174 3520 κοινῇ
3212 3450 3414 3513 πάντες
3440 3452 3600 3504 ἐλευ-

2012 3532 2363 3605 θερωθέντες,
2376 3531 2483 3586 τῶν
2501 3533 2829 3603 ἀπορρήτων
2846 3532 3069 3586 ἐκείνων
3084 3531 3327 3601 ἀγαθῶν,
3344 3533 3380 3587 ἃ
3394 3533 3598 3602 6960.1-

2013 3615 2111 3686 μὺς
2142 3615 2243 3669 οὐκ
2263 3611 2394 3680 εἶδε,
2419 3615 2513 3668 καὶ
2538 3610 2632 3677 οὖς
2650 3615 2753 3667 οὐκ
2777 3614 3028 3684 ἤκουσεν,
3051 3613 3452 3684 ἀπολαύσωμεν
3476 3632 3493 3647 ·
3514 3611 3599 3670 ὧν

2008 3697 2216 3766 γένοιτο
2244 3697 2451 3760 πάντας
2473 3697 2621 3767 ἡμᾶς
2641 3698 2937 3765 ἐπιτυχεῖν,
2953 3696 3135 3768 χάριτι
3164 3696 3259 3750 καὶ
3282 3696 3595 3770 φιλανθρω-
3692 3766 3697 3770 ἢ

2006 3777 2106 3851 πίᾳ
2138 3778 2232 3832 τοῦ
2265 3779 2471 3851 Κυρίου
2506 3777 2663 3849 ἡμῶν
2705 3776 2878 3848 Ἰησοῦ
2932 3776 3167 3848 Χριστοῦ
3194 3818 3210 3844 ,
3257 3778 3376 3849 μεθ’
3416 3774 3481 3833 οὗ
3510 3780 3597 3850 τῷ

2004 3862 2177 3932 Ila-cpi.
2205 3860 2322 3932 ἅμα
2354 3861 2431 3931 τῷ
2458 3860 2597 3931 ἁγίῳ
2646 3859 2927 3932 Πνεύματι
2971 3861 3120 3927 δόξα,
3151 3862 3372 3932 κράτος,
3427 3866 3593 3935 τιμὴ,

2003 3942 2097 3998 νῦν
2118 3943 2213 3996 καὶ
2229 3943 2332 4010 ἀεὶ,
2362 3944 2456 3997 καὶ
2487 3945 2567 4007 είς
2595 3943 2723 4006 τοὺς
2754 3942 2957 4005 αἰῶνας
2979 3941 3088 3997 τῶν
3111 3943 3344 3998 αἰώνων.
3384 3945 3443 3997 Ἀ
3454 3947 3587 4016 μήν.

2066 4068 2092 4128 εἴ
2122 4065 2233 4128 Mss.
2257 4065 2455 4128 plurimi
2478 4069 2532 4113 et
2553 4062 2703 4112 Savil.
2733 4061 2782 4112 in
2806 4061 3233 4128 marg._&i_coéovug

2070 4126 2097 4166 ἀ
2122 4125 2507 4189 Εόὶῐῖῆχθημεν,
2531 4138 2704 4175 omnes
2722 4137 2835 4173 mss.
2860 4125 3181 4186 προήχθημεν.

349 4465 3576 4520 W

623 4732 705 4796 IN
738 4728 1155 4797 HOMILIAM
1190 4733 1317 4797 CUI
1354 4732 1686 4795 TITULUS
1725 4751 1741 4790 :
1781 4730 2156 4795 ASCETAM
2192 4729 2559 4795 FACETlIS
2597 4730 2729 4794 UTI
2762 4731 2930 4795 NON
2961 4730 3275 4795 DEBERE

408 5261 520 5316 Etsi
555 5274 662 5315 non
693 5272 918 5329 prorsus
944 5257 1124 5328 inepta
1148 5257 1218 5314 sit
1242 5259 1357 5314 haec
1382 5259 1767 5324 homilia,-nec
1796 5260 2023 5318 cordato
2050 5260 2274 5334 indigna
2308 5264 2448 5330 viro,
2480 5279 2509 5319 a
2541 5264 2919 5336 Chrysostomi
2960 5274 3142 5322 tamen
3172 5264 3315 5338 stylo
3354 5269 3579 5338 penitus

329 5355 629 5410 abhorrere
655 5350 838 5407 statim
864 5349 1298 5405 animadvertent
1324 5360 1593 5420 quotquot
1621 5348 1679 5404 S.
1713 5351 1956 5408 doctoris
1980 5352 2175 5408 orandi
2216 5355 2436 5409 modum
2478 5366 2534 5409 et
2563 5353 2866 5410 disserendi
2899 5356 3165 5410 rationem
3203 5357 3287 5411 vel
3315 5359 3581 5427 primori-

335 5452 435 5506 hus
463 5448 680 5520 quidem
713 5446 880 5503 labris
915 5445 1336 5516 atligerunt.-Ad
1368 5446 1481 5501 hac
1512 5446 1759 5517 plurima:
1785 5447 1874 5502 hic
1901 5463 2064 5504 voces
2091 5458 2413 5516 occurrunt,
2443 5465 2564 5519 quae
2589 5449 2980 5520 Chrysostomo
3022 5447 3248 5504 minime
3276 5437 3579 5507 familiares
3626 5489 3631 5505 τ

330 5551 504 5606 erant,
533 5551 591 5596 ut
624 5550 752 5597 sunt
785 5539 1150 5612 ληθαργῆται,
1190 5540 1446 5607 oblivisci,
1474 5528 1745 5614 βακήλως,
1792 5542 1916 5596 delia

2018 5586 2032 5609 ,
2076 5544 2388 5615 μελῳδικῶς
2420 5543 2659 5615 ἀνακλᾷν
2693 5543 2979 5599 modulatis
3003 5551 3050 5596 et
3083 5543 3272 5604 fractis
3302 5548 3449 5600 sonis
3489 5564 3580 5602 ca-

337 5650 479 5687 nere.
512 5633 800 5707 Peregrina
834 5635 938 5690 alia
977 5635 1244 5706 ejusmodi
1275 5637 1435 5694 verba
1463 5654 1570 5692 non
1619 5652 1790 5707 pauca
1827 5639 1879 5693 in
1909 5648 2016 5695 tam
2042 5640 2190 5697 brevi
2221 5641 2486 5712 opusculo
2512 5640 2877 5711 deprehendet
2910 5642 3160 5713 quisquis
3193 5640 3578 5713 Chrysoslomi

3734 95 3782 363 \

3782 376 3788 385 η

3766 560 3790 967 i

3780 1612 3790 2005 ἱ
