3828 6226
125 384 128 386 τ
179 361 211 413 -1
223 357 329 413 053

164 463 325 522 enim
365 464 504 520 hanc
533 477 646 519 rem
677 459 923 517 oratione
947 475 1091 530 szepe
1119 473 1298 526 verso,
1323 467 1377 514 ut
1401 474 1558 514 nemo
1581 474 1645 514 ex
1669 456 1776 511 illis

166 558 272 628 qui
303 563 542 626 egestate
563 554 646 609 vel
677 552 879 608 morbis
903 560 959 606 et
984 550 1124 605 fame
1155 558 1488 620 premuntur,
1517 564 1576 604 se
1601 557 1778 604 conte-

185 655 348 712 nnat,
382 658 437 704 et
464 647 699 717 seipsum
748 645 1003 699 miserum
1042 643 1358 710 arbitretur;
1386 643 1478 697 sed
1520 643 1779 712 patienter

184 751 236 796 rt
275 757 398 796 cum
435 739 730 810 gratiarum
775 739 987 793 actione
1030 746 1220 791 cuncta
1249 736 1424 791 ferens
1451 779 1465 801 ,
1501 736 1637 792 bona
1683 750 1778 805 spe

181 837 462 897 lovcalur,
515 841 569 886 et
614 832 702 886 illa
746 846 866 902 qua:
907 829 1067 884 nullis
1092 829 1319 900 exprimi
1361 827 1538 884 verbis
1578 837 1780 899 queunt

184 923 410 992 praemia
434 963 449 987 ,
484 922 832 992 laborumque
876 921 1333 976 remunerationes
1373 928 1666 990 exstinctet.
1711 920 1780 972 Et

180 1015 254 1070 ad
281 1019 387 1069 lucc
415 1016 602 1069 omnia.
625 1013 763 1082 Quid
788 1023 890 1081 est,
919 1015 988 1067 ad
1007 1015 1114 1068 Ita'c
1135 1011 1493 1068 ontnia?Cum
1521 1014 1776 1067 dixisset:

182 1118 242 1161 tu
265 1108 476 1178 quidem
503 1109 554 1161 in
586 1108 688 1163 hac
713 1109 820 1163 vita
845 1115 1036 1162 cuncta
1062 1107 1332 1177 recepisti,
1360 1121 1478 1177 qum
1502 1122 1620 1161 esse
1643 1107 1779 1162 bona

187 1214 405 1267 censes,
433 1211 485 1253 et
515 1199 602 1255 ltic
632 1215 694 1255 ea
724 1201 956 1270 recepit,
979 1215 1097 1269 qua:
1125 1209 1178 1253 tu
1208 1199 1346 1253 mala
1371 1213 1490 1253 esse
1511 1197 1742 1252 ducebas
1762 1235 1776 1261 ,

183 1292 295 1347 hoc
336 1293 565 1363 adjecit,
601 1301 658 1347 ttt
699 1307 824 1348 eum
871 1292 1121 1358 doceret,
1153 1305 1580 1360 unumquemque
1619 1288 1778 1342 ﬁnetn

185 1385 294 1440 sibi
325 1386 729 1440 convenientem
757 1385 1034 1452 excepisse
1064 1385 1128 1436 ad
1161 1382 1276 1437 hzcc
1299 1382 1474 1436 omnia
1501 1397 1620 1450 qua:
1639 1380 1779 1434 dicta

186 1484 378 1540 erant:
408 1486 458 1530 te
496 1476 710 1546 quidem
758 1491 858 1527 uua
903 1490 1024 1528 cum
1066 1473 1254 1539 bonis,
1303 1473 1496 1542 quibus
1549 1481 1598 1525 te
1625 1470 1781 1540 potiri

188 1568 520 1623 arbitrabare
541 1609 556 1631 ,
590 1567 808 1621 afﬂictio
833 1575 886 1620 et
916 1566 1176 1636 angustia:
1198 1606 1212 1629 ,
1245 1573 1298 1618 et
1330 1563 1466 1633 ignis
1495 1563 1583 1632 qui
1625 1577 1782 1614 nunt-

188 1676 351 1730 quam
372 1660 760 1729 exstinguitur:
787 1659 928 1712 hunc
950 1667 1128 1712 autem
1152 1666 1495 1727 posteaquam
1527 1665 1636 1708 toto
1663 1654 1784 1707 vita:

192 1767 306 1807 sua:
347 1761 582 1820 tempore
627 1749 963 1805 conﬂictatus
1005 1759 1088 1805 est
1117 1750 1214 1815 iis,
1240 1765 1358 1818 quae
1389 1758 1444 1801 tu
1480 1745 1619 1802 mala
1665 1760 1785 1800 esse

191 1841 469 1906 censebas,
497 1842 740 1911 voluptas
766 1851 820 1895 et
847 1841 1108 1895 bonorum
1140 1839 1494 1909 participatio,
1526 1846 1581 1892 et
1605 1852 1781 1892 aevum

194 1933 339 2004 quod
366 1948 486 1986 cum
516 1932 717 1986 sanctis
747 1932 893 1986 ducit
913 1973 927 1994 .
957 1930 1192 2002 excepit.
1218 1929 1441 1998 Quando
1470 1930 1628 1998 igitur
1652 1943 1784 1983 con-

193 2026 500 2080 venientem
529 2024 895 2094 unusquisque
922 2023 1086 2076 ﬁnem
1114 2023 1332 2077 sortitus
1359 2029 1439 2075 est
1459 2061 1472 2083 ,
1507 2029 1560 2074 et
1594 2030 1645 2074 te
1677 2019 1787 2088 qui-

195 2119 322 2174 dem
367 2129 515 2189 porta
565 2119 666 2172 lata
698 2127 752 2174 et
781 2118 1013 2187 spatiosa
1043 2117 1127 2171 via
1171 2116 1223 2169 in
1265 2114 1361 2169 has
1397 2115 1664 2184 angustias
1689 2115 1788 2168 de-

195 2210 350 2264 duxit
377 2228 390 2264 :
426 2210 569 2264 hunc
592 2218 768 2263 autem
797 2216 1020 2278 angusta
1041 2216 1095 2261 cl
1121 2218 1264 2262 arcta
1291 2207 1356 2260 ad
1388 2207 1525 2260 hanc
1547 2206 1792 2272 volupta-

198 2311 307 2357 tem
335 2303 594 2370 provexit.
617 2299 697 2355 ~Et
729 2301 796 2354 ad
818 2301 926 2354 lucc
960 2301 1129 2354 omnia
1153 2301 1283 2353 inter
1311 2315 1400 2352 nos
1432 2309 1480 2352 et
1510 2315 1594 2352 vos
1627 2299 1790 2352 hiatus

196 2411 412 2464 magnus
438 2394 736 2447 constitutus
763 2403 856 2446 est.
887 2391 1021 2446 Vide
1051 2406 1357 2461 panperetn,
1392 2389 1658 2444 ulceribus
1683 2389 1792 2458 plc-

198 2501 350 2550 num,
382 2499 566 2538 rursus
595 2484 737 2538 enim
766 2483 880 2537 haec
903 2483 1042 2549 dico,
1068 2499 1189 2536 cum
1219 2481 1518 2551 patriarcha
1545 2496 1792 2535 numera-

201 2586 314 2630 tum
335 2617 350 2641 ,
383 2585 435 2629 et
465 2576 516 2628 in
548 2584 746 2630 emtum
787 2575 1053 2644 justorutn
1094 2582 1453 2642 aggregatum.
1495 2571 1631 2625 Nam
1664 2573 1792 2624 inter

201 2684 296 2722 nos
317 2677 365 2720 et
390 2683 506 2734 1‘08,
535 2667 724 2737 inquit.
752 2666 912 2721 Vides
937 2681 1093 2736 quam
1123 2666 1244 2718 vita:
1277 2663 1634 2718 conditionem
1672 2678 1792 2716 sor-

204 2761 332 2814 titus
374 2759 444 2814 sit
485 2759 564 2825 is,
611 2759 700 2828 qui
745 2773 864 2813 cum
908 2756 1163 2828 patientia
1189 2765 1243 2810 et
1266 2755 1553 2824 gratiarum
1585 2755 1794 2808 actione

202 2867 420 2923 gravem
465 2851 614 2905 illttttt
657 2851 902 2906 morbum
952 2851 1123 2905 fuerat
1160 2849 1462 2918 famemque
1491 2862 1790 2918 perpessus.

205 2942 350 2996 Nunt
374 2945 504 2996 inter
533 2960 622 2997 nos
648 2953 692 2997 et
720 2960 823 3008 vos,
850 2943 1038 3012 inquit,
1066 2942 1234 2994 hiatus
1256 2957 1471 3011 magnus
1503 2940 1796 2992 constitutus

205 3043 298 3090 est.
345 3033 591 3104 Magnum
639 3043 754 3099 est,
801 3034 1000 3103 inquit,
1047 3032 1188 3102 quod
1229 3048 1326 3086 nos
1363 3031 1594 3094 dirimit,
1625 3045 1796 3100 neque

207 3125 522 3194 simpliciter
543 3125 738 3192 hiatus,
757 3124 854 3180 sed
875 3137 1116 3194 magnus.
1139 3123 1275 3177 Vere
1295 3136 1795 3192 namquemagnutn

207 3226 293 3271 est
322 3216 461 3271 inter
485 3221 732 3270 virtutem
763 3224 818 3269 et
846 3216 1030 3269 vitium
1061 3214 1400 3270 intervallum
1423 3255 1435 3278 ,
1466 3215 1798 3282 multumque

209 3308 498 3363 discrimen
525 3326 537 3362 :
561 3307 822 3377 siquidem
854 3307 956 3362 hoc
980 3307 1143 3361 latunt
1173 3318 1225 3361 et
1254 3307 1544 3376 spatiosum
1575 3314 1674 3371 est,
1709 3304 1797 3361 illa

209 3415 340 3453 vero
365 3393 511 3454 arcta
533 3409 585 3453 et
614 3409 837 3469 angusta
863 3417 878 3453 :
904 3399 1146 3468 voluptas
1174 3399 1278 3452 lata
1299 3408 1352 3452 et
1375 3398 1604 3466 spatiosa
1632 3416 1645 3451 :
1670 3413 1800 3467 pau-

208 3503 392 3563 pertas
435 3502 611 3546 autem
653 3501 709 3546 et
749 3493 969 3561 penuria
996 3503 1139 3546 arcta
1173 3501 1226 3547 et
1265 3501 1508 3562 angusta.
1544 3491 1611 3546 Ut
1643 3491 1800 3560 igitur

213 3586 301 3640 hic
323 3587 603 3640 contrariae
629 3595 752 3640 sunt
784 3588 881 3639 vite
902 3627 916 3653 ,
950 3594 1004 3641 et
1029 3585 1116 3640 hic
1143 3585 1392 3656 quidem,
1420 3587 1508 3654 qui
1532 3586 1801 3653 virginita-

213 3689 320 3731 tctn
347 3677 526 3746 elegit,
558 3692 652 3746 per
676 3684 952 3745 angustam
985 3685 1038 3731 ct
1063 3685 1264 3730 arctam
1290 3675 1485 3730 incedit
1506 3716 1519 3737 ,
1551 3677 1675 3730 item
1705 3677 1796 3745 qui

210 3773 507 3827 castitatem
539 3771 840 3841 proﬁtetur,
866 3773 953 3840 qui
987 3780 1350 3840 paupertatem
1379 3770 1657 3839 amplexus
1680 3779 1796 3835 est,

213 3871 270 3917 et
294 3863 380 3932 qui
409 3877 597 3916 vanam
629 3862 849 3931 gloriam
870 3869 1189 3931 aspernatur
1213 3879 1226 3915 :
1255 3861 1346 3916 ille
1375 3877 1502 3916 vero
1524 3877 1616 3930 per
1639 3861 1799 3914 latam

212 3963 270 4009 ct
307 3954 593 4022 spatiosam
647 3969 869 4023 pergere
910 3952 1197 4018 festinans,
1241 3951 1524 4016 ebrietati,
1563 3951 1797 4018 deliciis,

215 4046 561 4114 pecuniarum
610 4045 800 4099 insano
843 4045 1042 4110 amori,
1095 4043 1359 4111 lasciviae,
1393 4058 1459 4098 ac
1488 4043 1802 4113 perniciosis

214 4135 532 4204 spectaculis
556 4137 788 4205 seipsutn
816 4135 1045 4201 addicit,
1074 4145 1128 4190 et
1154 4133 1379 4188 multum
1423 4134 1559 4188 inter
1599 4143 1802 4188 utrum-

215 4241 320 4299 que
346 4226 633 4282 discrimen
677 4227 910 4283 oceurrit
938 4245 952 4283 :
979 4227 1060 4282 sic
1088 4225 1336 4281 nimirum
1374 4234 1427 4282 et
1465 4225 1803 4296 intempore

905 351 1223 408 ASCETAM
1269 354 1573 407 FACETIIH
1617 353 1727 408 UTI
1767 355 1791 410 l‘

1894 352 1904 405 l
1948 353 2234 407 DEBERE.
2270 385 2337 394 —
2371 350 2703 407 ΜΟΝΙΤΕΜ.

3326 354 3460 408 Ιοῦὓ

1885 457 2128 529 supplicii
2155 474 2217 515 ac
2243 458 2606 518 retributionis
2643 461 2863 518 multant
2911 462 3051 519 inter
3087 463 3301 533 prmmia
3339 479 3466 534 pos-

1884 567 2068 606 sumus
2084 551 2436 608 diﬂercntiam
2461 553 2716 608 invenire.
2746 553 2935 608 Iliatus
2955 556 3088 609 enim
3109 572 3322 626 magum
3348 574 3470 610 cort-

1883 648 2086 699 stitutus
2131 656 2202 700 est
2239 648 2370 699 inter
2414 663 2538 711 nos,
2587 647 2689 701 ltoc
2731 656 2846 713 est,
2879 647 3017 703 inter
3035 647 3242 717 justos,
3275 649 3471 704 virtute

1885 740 2160 810 prteditos,
2191 741 2280 810 qui
2307 739 2664 796 conditionem
2701 739 2846 794 illam
2881 741 3004 794 vita:
3030 741 3203 794 sortiti
3234 751 3390 804 sunt,
3425 751 3472 794 et

1885 849 1991 895 vos,
2024 832 2127 887 hoc
2151 843 2253 899 est,
2285 833 2373 903 qui
2401 832 2495 886 toti
2522 831 2650 887 estis
2688 832 2917 901 nequitia
2945 840 2998 884 et
3025 831 3318 887 sceleribus
3341 847 3470 887 coo-

1886 927 2043 995 perti.
2074 922 2330 994 Adeoque
2357 940 2580 996 magnus
2607 931 2690 978 est
2716 922 2910 986 hiatus,
2936 921 3004 977 Ut
3026 939 3184 991 neque
3206 925 3472 992 quisquam

1883 1036 2059 1075 eorum
2086 1020 2172 1089 qui
2197 1019 2278 1072 hic
2314 1019 2618 1082 consistunt,
2649 1016 2718 1070 ad
2747 1032 2830 1070 vos
2857 1017 3072 1069 transire
3101 1017 3285 1084 possit.
3316 1032 3476 1086 neque

1885 1114 1954 1168 ad
1983 1131 2074 1168 nos
2097 1113 2217 1167 inde
2257 1122 2581 1166 transmeare.
2610 1110 2773 1166 Vides
2802 1111 2972 1164 hiatus
3011 1109 3427 1177 magnitudinem
3460 1149 3474 1170 ,

1885 1207 2035 1261 vides
2059 1216 2374 1274 responsum
2405 1203 2645 1273 geltenna
2671 1204 2901 1272 gravius.
2925 1202 3110 1256 Nonne
3148 1217 3176 1255 a
3216 1202 3473 1270 principio

1883 1313 2006 1351 cum
2034 1295 2440 1365 prosperitatent
2463 1293 2640 1348 divitis
2659 1292 2935 1358 audiretis,
2960 1300 3015 1346 et
3036 1292 3346 1362 obsequium
3367 1307 3473 1360 quo

1887 1389 2163 1444 colebatur
2191 1387 2260 1441 ab
2288 1386 2556 1449 omnibus,
2588 1385 2841 1440 Satellitio
2870 1385 3095 1454 stipatus
3115 1425 3129 1447 ,
3155 1391 3211 1438 et
3236 1382 3473 1453 quotidie

1886 1479 2095 1536 deliciis
2124 1467 2391 1543 addictus,
2425 1477 2793 1532 beatissimum
2837 1491 2957 1530 esse
2997 1475 3144 1529 illum
3183 1475 3474 1530 arbitraba-

1889 1571 2054 1625 mini?
2083 1571 2285 1625 Rursus
2316 1569 2440 1623 dum
2473 1583 2761 1638 pauperem
2807 1583 2902 1636 pro
2943 1567 3146 1622 foribus
3170 1567 3434 1636 altjectum
3455 1608 3471 1633 ,

1889 1672 1944 1717 et
1970 1661 2222 1732 gravibus
2251 1661 2355 1715 illis
2383 1661 2682 1729 expositum
2715 1660 2986 1715 ulceribus
3001 1662 3318 1723 cerneretis,
3343 1675 3475 1713 non-

1890 1767 1957 1806 ne
1981 1752 2229 1806 miseram
2253 1750 2367 1820 ejus
2392 1751 2552 1804 vitant
2579 1750 2880 1820 putabatis?
2901 1751 2968 1804 At
2992 1765 3118 1803 ecce
3139 1750 3250 1819 jam
3271 1751 3338 1803 ab
3361 1751 3475 1819 ipso

1890 1859 2069 1898 rerum
2099 1843 2204 1897 ﬁne
2239 1842 2293 1896 in
2321 1841 2647 1896 contrarium
2677 1841 2946 1896 cernimus
2970 1849 3158 1895 cuncta
3186 1855 3438 1895 conversa
3456 1881 3472 1906 ,

1888 1942 1946 1989 et
1985 1933 2127 1988 hunc
2168 1933 2385 2003 quidem
2433 1941 2553 2003 post
2603 1932 2821 1987 delicias
2850 1933 2966 1987 illas
2990 1942 3042 1985 et
3068 1932 3376 1987 ebrietatem
3422 1933 3474 1986 itt

1894 2025 2190 2090 tormentis,
2217 2024 2362 2077 illum
2392 2037 2522 2078 vero
2553 2032 2671 2092 post
2699 2030 2988 2091 egestatem
3014 2022 3156 2075 illam
3181 2031 3475 2076 extremam

1892 2127 1946 2175 et
1975 2117 2169 2172 famem
2192 2117 2244 2171 in
2273 2115 2589 2186 patriarchae
2613 2115 2733 2170 sinu
2761 2114 2980 2169 versari.
3006 2113 3384 2169 Verumtamen
3410 2129 3478 2168 ne

1893 2211 2148 2280 prolixior
2171 2226 2324 2280 atquo
2349 2218 2528 2264 nostra
2553 2209 2623 2264 sit
2646 2207 2839 2271 oratio,
2871 2206 3068 2262 sufﬁcit
3098 2216 3154 2260 ut
3184 2205 3289 2260 huc
3310 2219 3478 2274 usque

1895 2311 2199 2373 provectam
2227 2301 2522 2358 doctrinam
2551 2301 2825 2363 ﬁniamus,
2859 2307 2911 2353 et
2940 2297 3215 2352 caritatem
3246 2305 3477 2351 vestram

1895 2394 2258 2456 coltortetnttr,
2287 2409 2353 2447 ne
2379 2394 2540 2447 latam
2573 2402 2777 2461 portam
2806 2388 3106 2453 sectemini,
3141 2403 3314 2457 neque
3342 2387 3478 2440 viam

1895 2486 2207 2556 spatio-am,
2237 2500 2408 2555 neque
2440 2484 2764 2552 voluptatem
2796 2481 2939 2536 omni
2970 2480 3176 2535 ratione
3199 2478 3479 2548 perquirao

1899 2580 1968 2634 tis
1994 2598 2007 2634 :
2035 2579 2128 2632 sed
2172 2579 2447 2648 utriusque
2486 2577 2646 2631 ﬁnem
2687 2575 2838 2629 vobis
2879 2573 2950 2627 ob
2988 2573 3174 2627 oculos
3199 2578 3476 2641 ponentes,

1896 2673 2034 2728 hanc
2059 2672 2301 2744 fugiatis,
2324 2671 2619 2741 cogitantes
2647 2685 2765 2740 qum
2791 2667 3007 2721 divitem
3038 2667 3198 2719 istum
3226 2663 3360 2717 ntala
3387 2677 3482 2732 op-

1899 2767 2193 2836 presserint
2221 2781 2233 2817 :
2267 2771 2550 2834 angustam
2585 2773 2763 2816 autent
2793 2770 2848 2816 et
2883 2768 3084 2814 arctam
3116 2759 3254 2812 viam
3293 2770 3482 2826 perse-

1897 2855 2153 2926 quamini,
2201 2863 2259 2908 ut
2305 2853 2372 2908 ad
2415 2854 2590 2909 locum
2637 2851 2946 2906 deliciarum
2997 2857 3118 2919 post
3161 2848 3318 2917 hujus
3362 2848 3482 2902 vita:

1897 2961 2164 3002 aerumnas
2193 2945 2470 3015 pervenire
2494 2943 2779 3015 possimus.
2811 2941 3001 3011 Fugite
3031 2953 3483 3010 ergo,qua-so,sa-

1900 3039 2072 3094 tanica
2101 3039 2191 3094 illa
2213 3037 2534 3108 spectacula,
2559 3051 2622 3091 ac
2645 3035 2974 3105 perniciosos
2999 3033 3121 3087 illos
3143 3032 3282 3087 Circi
3305 3031 3480 3086 ludos.

1900 3133 2031 3186 Nam
2061 3139 2278 3200 propter
2309 3143 2404 3185 eos
2429 3129 2518 3200 qui
2547 3126 2770 3182 subdole
2806 3125 3017 3180 attracti
3049 3123 3260 3178 fuerunt
3279 3164 3296 3187 ,
3326 3130 3483 3192 atque

1900 3226 1967 3280 ad
1994 3225 2281 3294 spatiosam
2308 3221 2448 3274 viam
2473 3227 2844 3289 perrexerunt,
2873 3216 2988 3270 haec
3015 3215 3196 3270 dicere
3220 3213 3483 3284 compulsi

1901 3332 2105 3379 sumus,
2141 3324 2197 3370 ut
2222 3315 2396 3370 edocti
2422 3328 2543 3368 cum
2565 3311 2702 3366 hanc
2737 3309 3019 3374 deserant,
3049 3316 3158 3361 tum
3191 3321 3285 3377 per
3314 3321 3486 3376 angu-

1901 3421 2037 3466 stam
2082 3408 2425 3470 incedentes,
2478 3404 2691 3458 virtutis
2738 3402 3024 3463 nimirum,
3073 3400 3124 3452 iit
3168 3396 3487 3468 patriarcha:

1903 3504 2100 3568 sinum,
2133 3497 2581 3572 quemadmodum
2609 3497 2863 3562 Lazarus,
2890 3493 3056 3562 recipi
3085 3502 3412 3554 mereantur,
3435 3499 3490 3545 et

1901 3611 1932 3650 a
1961 3594 2204 3665 gehenna
2235 3592 2371 3662 ignis
2396 3589 2750 3646 communiter
2769 3601 2954 3642 omnes
2978 3583 3184 3639 liberali
3206 3582 3357 3638 bonis
3383 3580 3488 3636 illis

1903 3690 2133 3755 arcanis,
2167 3703 2284 3757 qua:
2313 3685 2499 3740 oculus
2529 3700 2635 3738 non
2670 3683 2830 3747 vidit,
2861 3690 2916 3736 et
2943 3679 3088 3734 auris
3114 3694 3217 3732 non
3244 3675 3482 3740 audivit,

1904 3781 2143 3835 fruamur
2167 3796 2180 3832 :
2204 3794 2322 3848 quae
2351 3791 2446 3832 nos
2473 3789 2660 3830 omnes
2687 3775 2887 3828 utinam
2921 3771 3168 3825 obtinere
3194 3768 3485 3836 contingat,

1903 3871 2072 3942 gratia
2099 3877 2151 3924 et
2181 3868 2508 3938 benignitate
2531 3864 2740 3919 Domini
2773 3862 2940 3917 nostri
2965 3861 3093 3916 Jcsu
3119 3859 3339 3925 Christi,
3368 3873 3490 3912 cum

1905 3977 2010 4031 quo
2037 3960 2182 4014 Patri
2212 3959 2474 4027 simulque
2501 3954 2725 4025 Spiritui
2755 3961 2938 4007 sancto
2959 3951 3148 4022 gloria,
3187 3948 3490 4018 imperium,

1905 4051 2080 4107 honor
2124 4063 2267 4106 nunc
2326 4056 2382 4104 et
2432 4061 2664 4118 semper,
2694 4054 2749 4100 et
2797 4045 2848 4099 itt
2902 4043 3096 4098 satcula
3151 4040 3488 4096 saeculorum.

1907 4145 2097 4199 Amen.

1659 4845 2062 4910 MONITUM.

244 5383 471 5441 operum
505 5364 725 5422 lectioni
767 5365 849 5419 vel
879 5363 1148 5418 tantillum
1184 5368 1434 5416 assuetus
1459 5360 1586 5415 erit.
1625 5356 1987 5424 Quamobrem
2011 5369 2134 5425 iure
2169 5354 2310 5409 inter
2344 5354 2528 5424 spuria
2561 5353 2805 5425 ablegata
2839 5353 2943 5408 fuit
2968 5353 3036 5408 ab
3078 5353 3164 5418 iis,
3190 5352 3283 5422 qui
3332 5354 3486 5423 prius

245 5467 414 5520 editis
441 5465 825 5533 atlvigilarunt.
855 5461 949 5515 llic
972 5461 1217 5528 quasdam
1247 5458 1519 5512 habentur
1543 5457 1610 5511 de
1645 5454 2077 5510 subitttroductis
2105 5462 2156 5508 et
2183 5453 2442 5523 agapetis,
2474 5466 2581 5521 qua
2613 5451 2681 5505 de
2726 5465 2784 5503 rc
2823 5450 2878 5502 in
2916 5447 3062 5500 netis
3092 5445 3486 5515 posterior-itus

247 5569 478 5627 agatur;
516 5557 607 5611 scd
639 5558 802 5610 ctiattt
837 5555 1008 5608 fusius
1037 5562 1227 5620 agetur
1250 5551 1315 5606 ad
1345 5551 1548 5606 calcem
1581 5562 1828 5618 operum,
1859 5562 1978 5601 cum
2017 5548 2080 5601 de
2113 5547 2396 5615 disciplina
2424 5562 2540 5602 :Bvo
2579 5539 2957 5615 Citrysostomi
2983 5549 3197 5610 recepta
3241 5539 3484 5608 disputa-

247 5648 418 5706 bitur.
455 5649 832 5721 lntcrpretatio
863 5647 1054 5703 Latina
1080 5655 1161 5701 est
1191 5644 1481 5700 Frontonis
1516 5641 1718 5698 Ducati.
