3828 6226
221 299 350 355 furi?

210 409 551 466 lnunanttatis
576 451 592 475 ,
631 415 934 476 serpentem
977 414 1031 459 ιιι
1081 405 1206 476 Eva?
1230 404 1320 476 tibi
1357 402 1789 476 contubernalem

210 483 482 534 asciveris.
506 474 638 535 Cum
666 474 966 546 alligaveris
997 477 1167 543 ignem
1198 475 1247 526 in
1276 475 1414 546 sinu,
1442 484 1495 526 et
1523 474 1787 525 lucernam

211 569 262 603 tn
289 551 430 604 [αξιιο
457 551 716 620 posueris,
738 545 1146 620 periculmtrtibi
1175 545 1443 620 creabitur
1463 559 1526 620 cx_
1549 553 1789 620 utruquc.

211 627 317 674 Aut
345 613 488 676 enim
526 621 576 674 itt
609 613 776 693 ipsum
815 616 1047 693 barathri
1094 615 1481 693 prol_:ipsi0ttettt
1515 613 1790 693 incidens,

210 691 516 745 amittend-.c
546 683 804 741 castitatis
833 685 1123 754 periculmn
1151 683 1351 748 adibis;
1381 692 1472 736 aut
1495 684 1538 736 si
1573 684 1672 736 hoc
1701 683 1793 736 libi

212 779 318 814 non
346 760 571 821 accidat,
605 767 811 826 turpem
840 756 932 810 tibi
961 755 1186 826 infamia:
1213 763 1392 809 notam
1424 756 1603 826 inures
1625 794 1640 817 ,
1671 767 1790 826 cum

213 831 306 884 tibi
351 829 656 884 mandatum
694 821 803 892 sit,
836 835 890 879 ιιι
934 841 1038 879 non
1083 824 1254 878 solum
1299 839 1479 892 coram
1521 823 1661 892 lico.
1698 821 1792 876 sed

209 902 370 956 etiam
401 915 580 954 coram
623 891 925 952 hominibus
967 897 1102 949 bona
1147 893 1426 965 provideas
1453 891 1548 965 (2.
1589 891 1707 948 Cor.
1736 892 1790 950 8..

207 971 275 1026 2|
299 970 338 1039 ).
366 972 700 1038 Quapmpter
725 967 826 1022 hac
855 964 1220 1039 Ercclesiastica
1247 964 1616 1039 cohortatione
1641 979 1792 1018 com-

213 1033 541 1096 monefactus
561 1033 1032 1091 Observaredebes
1058 1048 1402 1104 qumcumqtte
1429 1033 1650 1104 honesta
1670 1041 1793 1086 sunt

207 1121 266 1166 et
287 1111 470 1179 pudica
493 1108 750 1178 (Philipp.
777 1107 828 1160 4.
852 1106 930 1179 8),
951 1102 1124 1179 neque
1144 1103 1197 1179 id
1218 1113 1444 1168 tantum,
1464 1102 1557 1179 sed
1576 1112 1631 1158 et
1648 1118 1794 1179 qure-

213 1173 441 1248 cuinque
470 1173 622 1232 bona:
662 1173 835 1248 fanne.
871 1173 1052 1248 meum
1079 1190 1161 1232 ex.
1185 1173 1460 1248 honestate
1491 1173 1791 1248 humanita-

213 1260 323 1305 tem
350 1241 672 1318 {sapientem
691 1247 782 1300 tibi
807 1247 1119 1318 monitorem
1141 1259 1367 1318 appunc.
1389 1241 1496 1318 qur
1512 1244 1790 1318 honestum

209 1313 600 1374 Cltristianisnti
633 1332 822 1370 nomen
850 1313 1222 1369 eontaminas?
1248 1313 1356 1367 Cur
1381 1314 1604 1368 aliorum
1631 1313 1788 1366 etiam

210 1391 507 1458 illaqueans
537 1390 740 1441 animas
781 1386 1216 1458 contubernalem
1253 1383 1348 1458 tibi
1387 1383 1635 1458 asciscis?
1675 1383 1788 1458 Non

207 1453 353 1512 enim
380 1460 548 1513 solum
573 1469 625 1512 ut
652 1457 879 1510 animam
910 1467 1050 1509 tuaut
1077 1453 1349 1515 defendas,
1384 1454 1641 1508 rationem
1664 1454 1788 1508 red-

208 1531 327 1592 des,
353 1530 443 1583 sed
471 1530 540 1583 ob
569 1544 682 1593 eos,
704 1528 895 1595 quibus
920 1525 1169 1579 seandalo
1199 1525 1360 1578 fuisti.
1387 1523 1588 1593 l’rojice
1613 1539 1642 1576 e
1670 1525 1788 1579 sinu

211 1611 305 1653 tuo
330 1608 652 1668 serpentem,
681 1598 920 1668 abiicea
963 1607 1014 1648 te
1056 1597 1172 1664 ipso
1203 1595 1519 1668 periculum.
1551 1595 1726 1668 Si_tibi
1758 1611 1788 1649 a

212 1663 433 1724 feminis
455 1669 743 1724 ministrari
765 1665 1057 1730 desideras,
1079 1663 1174 1717 cur
1195 1680 1298 1716 non
1323 1664 1593 1732 antiquam
1618 1663 1785 1733 legem

207 1741 522 1805 observans,
556 1739 752 1804 nuptiis
779 1748 828 1789 te
873 1735 1117 1805 legitimis
1155 1735 1410 1805 copulasti
1441 1734 1555 1803 (a)?
1583 1733 1789 1802 Ntlplize

208 1812 383 1879 poenis
425 1804 527 1863 non
573 1818 696 1861 sunt
735 1804 978 1879 obnoxia:
1011 1823 1023 1858 :
1061 1804 1375 1879 adulterium
1416 1805 1672 1879 supplicio
1705 1815 1789 1858 est

207 1875 497 1934 obnoxium
548 1877 832 1932 inevitabili
881 1894 895 1930 :
934 1885 1013 1931 est
1059 1875 1199 1929 enim
1246 1875 1584 1938 adulterium,
1630 1885 1788 1942 atque

206 1951 346 2004 adeo
385 1965 628 2018 magnum
677 1947 992 2018 adulterium
1039 1945 1342 2000 cohabitare
1391 1960 1519 2018 cum
1558 1946 1783 2018 feminis.

205 2015 602 2075 Conscientiam
639 2029 778 2071 tuam
808 2017 1072 2082 examina,
1103 2031 1225 2069 num
1257 2015 1466 2083 quando
1492 2015 1784 2068 detrimen-

207 2101 320 2143 tum
350 2091 618 2158 acceperis
641 2128 656 2152 ,
687 2103 812 2141 ntun
840 2087 951 2140 sive
978 2097 1134 2140 noctu
1161 2128 1175 2150 ,
1207 2086 1317 2138 sive
1342 2084 1568 2138 interdiu
1598 2085 1786 2138 vulnus

206 2162 464 2214 inllicttun
483 2157 584 2213 tibi
623 2162 874 2211 senseris.
908 2159 1046 2209 Sane
1073 2173 1169 2222 ego
1199 2172 1292 2209 cor
1320 2166 1464 2207 tuum
1494 2157 1780 2219 reserabo,

206 2232 420 2284 tametsi
461 2231 586 2283 mihi
632 2243 984 2281 succensurus
1031 2243 1108 2278 es.
1152 2227 1525 2279 Verumtamen
1563 2241 1665 2278 nou
1705 2236 1786 2279 est

205 2301 336 2354 tnihi
365 2316 506 2354 cura:
533 2317 545 2351 :
583 2300 732 2350 valde
759 2300 953 2366 quippe
985 2297 1140 2350 doleo
1162 2339 1176 2359 ,
1210 2312 1328 2349 cum
1362 2295 1515 2347 video
1551 2305 1782 2350 ascctam

206 2371 665 2424 subiulroductam
691 2370 962 2420 mulierem
988 2368 1085 2419 sibi
1110 2383 1135 2418 a
1169 2368 1388 2420 ciscere.
1422 2367 1528 2433 Ego
1554 2366 1642 2418 tibi
1665 2367 1784 2420 dico

207 2452 264 2493 te
291 2443 342 2495 in
369 2442 600 2508 singulas
631 2441 788 2492 horas
813 2438 1073 2490 vulnerari
1099 2478 1114 2501 ,
1141 2448 1195 2491 et
1221 2436 1438 2505 singulis
1471 2437 1614 2490 horis
1646 2453 1782 2508 prte-

203 2514 331 2564 dant
360 2507 548 2565 bellua:
576 2511 708 2562 fieri.
737 2508 1006 2562 Laxantur
1035 2510 1174 2561 enim
1208 2508 1296 2559 tibi
1342 2508 1542 2560 vincula
1571 2507 1781 2561 castita-

206 2583 312 2645 tis,
341 2582 696 2646 corrumperis
725 2595 786 2631 ac
816 2579 1067 2631 remissus
1096 2577 1276 2630 evadis
1307 2577 1532 2630 bellator
1560 2593 1784 2644 genero-

201 2668 316 2713 sus,
359 2667 450 2718 pro
484 2652 683 2704 victore
730 2649 972 2716 captivus
1015 2649 1261 2700 efliceris.
1309 2647 1442 2700 Num
1485 2650 1624 2700 enim
1652 2647 1782 2715 lapis

203 2723 304 2774 es?
332 2723 500 2774 llotuo
523 2737 601 2783 es,
632 2719 1002 2774 communibus
1029 2730 1230 2770 naturm
1260 2719 1468 2770 casibus
1497 2719 1778 2772 obnoxius.

203 2793 384 2851 Ignem
415 2793 576 2844 habes
605 2793 653 2843 ιιι
686 2792 803 2843 sinu
827 2832 840 2851 ,
871 2799 925 2842 et
968 2805 1072 2842 non
1119 2787 1328 2842 ureris?
1369 2787 1463 2840 Cui
1497 2787 1782 2843 verisimile

201 2834 333 2915 illud
358 2861 630 2915 videatur?
659 2862 801 2914 Pone
827 2834 1096 2914 lucernam
1124 2859 1174 2912 iu
1203 2857 1367 2923 faeno,
1397 2867 1611 2926 tumque
1637 2858 1777 2924 vide,

201 2948 332 2986 num
357 2933 534 2986 dicere
564 2931 690 2984 mihi
720 2931 888 2998 possis
918 2930 1114 2982 fmnum
1145 2944 1248 2982 non
1276 2929 1354 2980 ttri
1377 2929 1399 2980 ?
1425 2928 1574 2994 Quod
1610 2928 1654 2981 si
1682 2944 1780 2982 ne-

198 3004 413 3071 gaveris
443 3004 520 3055 uri
555 3001 772 3064 fcetttuu,
805 3017 870 3053 ne
901 3001 1026 3053 mihi
1053 2999 1198 3054 dicas
1218 3039 1231 3060 ,
1260 2998 1354 3052 sed
1381 2999 1428 3052 ci
1459 2999 1555 3071 qu_i_
1573 2999 1779 3071 occulta

200 3069 353 3126 novit
375 3113 390 3138 ,
423 3074 509 3142 qui
545 3072 688 3125 venit
727 3081 781 3124 ut
809 3071 1153 3142 cogitationes
1180 3079 1485 3142 congreget.
1518 3069 1776 3142 Estcnitn

198 3137 464 3196 tliscre’tor
490 3137 905 3210 cogitationum,
936 3151 988 3195 et
1030 3137 1458 3193 ratiocinationes
1483 3137 1660 3210 cordis
1695 3139 1800 3210 ill--

200 3213 410 3282 telligit.
455 3214 540 3266 Ait
572 3209 718 3265 enim
750 3228 762 3264 :
797 3213 896 3276 Qui
928 3211 1103 3264 viderit
1145 3210 1414 3282 mulierem
1439 3209 1505 3261 ad
1542 3209 1779 3282 concupi-

197 3280 442 3338 scendum
482 3300 589 3336 eam
615 3325 632 3348 ,
655 3284 769 3353 jam
816 3283 1201 3353 mazclmlusest
1249 3296 1358 3353 eant
1399 3281 1452 3332 in
1497 3280 1646 3353 corde
1672 3296 1778 3353 suo

198 3357 217 3420 (
255 3354 434 3407 Muttlt.
463 3353 515 3406 5.
546 3354 615 3407 28
637 3349 674 3418 )'.
714 3353 839 3406 Vide
881 3369 946 3405 ne
975 3352 1120 3405 omni
1149 3351 1276 3402 hora
1307 3349 1357 3402 in
1387 3359 1436 3404 te
1462 3350 1776 3403 adulterium

197 3423 653 3493 deprehendatur.
686 3423 914 3478 Omnino
941 3423 1085 3476 dices
1115 3439 1127 3474 :
1153 3421 1370 3489 jejuuiis
1393 3461 1407 3484 ,
1437 3421 1776 3474 exercitatio-

199 3496 362 3548 nibus
388 3505 439 3547 ct
469 3495 618 3548 arido
648 3503 964 3562 ansteroque
993 3493 1132 3545 victu
1172 3507 1256 3544 me
1284 3493 1618 3562 communio,
1651 3506 1718 3546 ne
1747 3507 1775 3544 a

198 3567 476 3635 proposito
515 3564 778 3619 excidam.
819 3560 981 3632 Igitur
1008 3563 1078 3615 ob
1125 3562 1265 3635 aliud
1311 3560 1438 3635 nihil
1488 3562 1778 3635 instituitur

197 3630 513 3689 exercitatio
536 3644 644 3699 tua,
670 3635 766 3688 nisi
798 3630 1011 3702 propter
1032 3631 1462 3686 contubernalem
1489 3641 1648 3684 tttam.
1674 3630 1779 3684 lta-

196 3722 308 3774 que
338 3721 441 3758 non
480 3705 586 3774 jam
631 3705 723 3756 tibi
764 3705 1035 3774 justitiam
1065 3702 1427 3774 thesaurizas;
1462 3711 1602 3755 tuam
1632 3703 1774 3774 enim

199 3772 295 3828 illa
325 3772 776 3829 exercitationem
804 3772 1080 3828 subtraxit.
1124 3772 1308 3837 Abjice
1358 3773 1513 3840 igitur
1550 3787 1578 3824 a
1608 3772 1777 3841 teipso

198 3847 373 3907 illam,
404 3861 521 3914 (ltlzt‘
549 3845 830 3898 multorum
861 3844 1242 3914 bonorumutibi
1273 3843 1522 3914 damnum
1555 3843 1779 3914 invexit,-

199 3933 276 3971 ne
306 3926 356 3969 te
383 3911 556 3983 ejiciat
585 3932 617 3969 e
644 3915 906 3984 paradiso,
936 3928 1002 3968 ne
1033 3923 1084 3967 te
1110 3912 1322 3966 diabolo
1343 3911 1622 3965 ludibrium
1652 3912 1776 3965 red-

197 3989 316 4041 dat.
343 3985 459 4040 Noli
482 3986 618 4054 apud
645 3996 694 4039 te
717 3986 856 4038 illam
882 3984 1164 4049 collocare,
1192 3999 1256 4054 ne
1277 3984 1412 4035 forte
1432 3997 1553 4054 c_um
1582 3993 1632 4054 te
1649 3997 1778 4054 snp-

202 4057 495 4126 plautarit,
517 4051 700 4111 tecum
733 4057 782 4109 in
821 4055 1118 4126 gehennam
1163 4053 1415 4106 mittatur.
1449 4051 1777 4105 Formidabi-

201 4124 310 4180 lout
347 4127 577 4195 judieem
621 4127 949 4195 pertimesce,
998 4124 1067 4176 ini
1117 4132 1286 4195 tecum
1331 4132 1534 4195 pactum
1561 4161 1576 4181 ,
1620 4132 1675 4195 ut
1710 4136 1778 4177 ne

196 4193 389 4251 oculos
432 4193 640 4266 quidem
685 4195 936 4264 conjicias
978 4195 1028 4248 in
1078 4194 1372 4247 mulierem.
1425 4193 1778 4246 Prmsentibus

198 4269 506 4321 senioribus
532 4269 779 4322 canitiem
810 4280 1052 4320 reverere
1071 4304 1084 4326 ,
1115 4274 1168 4317 et
1194 4274 1458 4330 tamquam
1487 4271 1659 4331 patres
1686 4279 1778 4316 eos

199 4339 494 4400 reveritus,
528 4353 682 4405 parce
708 4336 1014 4390 scurrilibus
1041 4335 1216 4388 verbis
1244 4342 1296 4387 et
1325 4333 1547 4405 ludicris
1566 4342 1619 4386 et
1647 4333 1778 4386 ridi-

197 4409 359 4461 culis.
387 4407 462 4461 Nc
489 4403 606 4462 lude
633 4423 750 4462 cum
776 4407 968 4474 juniori
995 4445 1010 4470 ,
1041 4420 1210 4473 neque
1234 4405 1373 4457 viam
1399 4403 1600 4474 inertia:
1627 4419 1778 4457 mon-

198 4490 364 4541 stres,
395 4479 563 4531 iniens
589 4493 705 4531 eam
739 4473 881 4544 prior
910 4475 1042 4544 ipse,
1072 4475 1341 4544 multoque
1368 4473 1619 4544 majorem
1647 4489 1778 4528 conc

201 4559 463 4616 templum
491 4543 801 4615 ingenerans
825 4565 837 4600 :
863 4543 1138 4599 mulierem
1160 4543 1286 4616 vero
1313 4543 1396 4598 vel
1422 4543 1538 4598 solo
1561 4553 1776 4616 aspectu

198 4615 362 4673 tenus
388 4633 650 4672 reverere.
682 4618 760 4671 Sit
801 4617 902 4669 illis
929 4616 1094 4669 forma
1123 4615 1365 4684 quatdam
1391 4622 1446 4667 et
1474 4615 1775 4681 exemplum

199 4691 310 4741 vita
342 4698 457 4751 tua;
489 4688 643 4741 talem
673 4697 724 4742 te
753 4687 932 4756 praebe
953 4727 967 4750 ,
997 4695 1068 4756 ut_
1098 4695 1146 4738 te
1169 4687 1286 4756 ilhc
1316 4693 1691 4756 revereantur,
1725 4693 1780 4739 et

199 4761 374 4813 forma
397 4767 553 4825 atque
576 4753 780 4810 initium
810 4754 1140 4811 verecundia:
1167 4755 1268 4808 illis
1301 4757 1414 4825 fias,
1446 4753 1774 4822 quandoqui-

198 4831 327 4882 dem
357 4829 435 4881 vir
455 4824 699 4895 quiddam
716 4835 798 4882 est
821 4826 1044 4880 muliere
1067 4824 1425 4895 principalius,
1455 4839 1628 4895 neque
1654 4825 1780 4878 faci-

202 4903 408 4953 litatem
437 4894 653 4965 adjicias
691 4896 908 4951 faciliori
938 4906 1140 4948 natura:
1165 4894 1435 4949 mttliebr’i.
1471 4894 1777 4949 Verecunda

198 4975 274 5025 sit
304 4969 563 5037 pra-cipua
595 4968 820 5036 quadam
859 4968 1063 5037 ratione
1106 4966 1312 5037 mulier,
1345 4973 1542 5037 quanto
1570 4966 1781 5032 gravius

199 5035 545 5093 est—dedecus
572 5035 810 5092 mulieris
840 5036 1180 5105 impudentia.
1217 5035 1280 5088 Et
1307 5037 1348 5090 si
1379 5035 1590 5087 liberius
1621 5037 1777 5105 etiam

202 5125 330 5162 cum
359 5110 486 5161 viris
527 5109 665 5177 loqui
706 5104 987 5161 admodum
1030 5106 1300 5174 indignum
1339 5116 1420 5158 est
1455 5115 1518 5177 et
1547 5104 1780 5160 audacia:

203 5181 454 5248 plenum,
485 5175 613 5232 cum
649 5178 854 5231 mulieri
898 5179 967 5230 sit
1009 5177 1443 5248 i‘mpositumquut
1486 5175 1667 5229 timeat
1705 5177 1783 5248 vis

204 5245 326 5303 rum
355 5264 506 5301 suum
527 5290 542 5314 ,
571 5248 746 5317 potius
770 5290 784 5312 ,
815 5262 970 5317 quam
1000 5255 1057 5300 ut
1095 5246 1343 5316 loquendi
1373 5245 1615 5300 libertate
1641 5247 1780 5313 apud

201 5321 355 5373 illum
385 5325 600 5373 utatur:
633 5317 819 5370 Mulier
844 5319 1007 5383 enim,
1037 5317 1222 5385 inquit,
1250 5317 1411 5368 virum
1439 5332 1583 5368 suum
1613 5317 1781 5369 timeat

202 5396 222 5457 ρ
253 5389 443 5456 Eph“.
469 5389 522 5442 5.
553 5390 651 5456 35)
686 5406 698 5440 :
729 5389 775 5442 si
815 5388 972 5456 igitur
995 5387 1042 5441 ei
1067 5426 1082 5451 ,
1112 5402 1230 5456 qua:
1265 5387 1434 5438 virum
1481 5387 1667 5450 habet,
1697 5387 1779 5440 lex

201 5461 305 5514 ista
341 5459 606 5528 proposita
632 5467 716 5513 est
738 5498 753 5522 ,
784 5457 908 5528 quid
936 5457 1029 5528 tibi
1055 5471 1197 5511 nunc
1221 5472 1336 5525 qua:
1359 5458 1524 5509 virnnt
1555 5472 1656 5510 non
1689 5460 1782 5510 lia-

203 5531 323 5594 bes,
345 5527 616 5599 agendum
640 5529 844 5584 restat?
868 5527 987 5583 Tibi
1013 5543 1140 5582 vero
1164 5542 1303 5582 nunc
1331 5527 1611 5592 convenit,
1639 5537 1696 5581 ut
1717 5542 1783 5582 ne

265 5687 340 5750 (rt)
376 5687 726 5757 Hic_agltur_de_
749 5685 1209 5757 subintroductisict
1252 5686 1488 5757 agapetis,
1521 5698 1615 5749 qua
1637 5684 1700 5735 de
1724 5697 1782 5735 re

199 5747 396 5813 agetur,
421 5749 508 5799 ubi
519 5747 591 5801 ide
609 5748 861 5813 disciplina
881 5756 1099 5811 tempore
1120 5747 1454 5810 chrysostotiti.

1165 291 1478 350 ASCETAM
1521 291 1829 346 FACETllS
1867 295 1980 346 U‘l’l
2020 289 2154 347 NON
2197 292 2484 350 DEBERE.

3343 294 3481 347 40:73

1906 403 2015 456 ullo
2043 404 2254 473 quidem
2287 414 2442 478 pacto
2468 405 2584 459 viro
2613 407 3052 478 appropinques,
3081 420 3334 478 (plantam
3365 414 3478 472 ﬁeri

1905 483 2116 549 potest,
2148 490 2321 549 neque
2351 476 2459 529 ullo
2504 476 2662 528 modo
2711 478 2787 549 vir
2819 489 2964 530 tuum
2997 476 3198 534 vultum
3236 485 3480 549 aspiciat.

1901 544 2095 597 Christi
2149 545 2289 598 enim
2339 561 2528 614 sponsa
2570 563 2672 606 es;
2729 548 2805 601 sic
2849 552 3165 614 progredere
3209 544 3393 607 ornata
3425 566 3478 610 ut

1901 629 2092 681 sponsa
2118 655 2133 676 ,
2191 616 2335 690 vultu
2372 617 2566 690 amictu
2593 619 2893 690 velato,ne
2922 618 3058 690 forte
3105 621 3149 672 si
3179 637 3334 690 quem
3389 636 3476 679 tuo

1901 695 2185 757 conspectu
2215 686 2592 757 vulnerat-eris,
2625 687 2936 756 perditionis
2962 688 3075 755 ejus
3105 686 3311 757 patinam
3339 693 3474 750 luas.

1900 755 2072 829 Atque
2115 754 2229 829 hare
2254 756 2465 823 quidem
2487 772 2605 829 _nos
2627 754 2698 811 ex
2735 773 2927 829 arcana
2956 754 3348 829 scripturarum
3379 775 3473 818 oo-

1897 826 2067 902 c‘trina
2107 825 2420 902 deprompta
2466 827 2690 882 dicimus
2723 844 2736 881 :
2771 825 3110 902 mult-aurern
3149 846 3266 900 qua:
3308 849 3477 902 neque

1901 893 1995 972 _Dei
2017 895 2262 972 timorem
2287 893 2720 972 animoversant,
2748 913 2918 966 neque
2944 896 3148 972 facilem
3167 893 3321 956 sitam
3349 893 3476 972 pro-

1897 963 2191 1040 lapsionem
2239 965 2621 1040 reformidant,
2671 963 2846 1040 neque
2895 970 3214 1038 propositam
3263 963 3475 1040 pmiutm

1899 1034 2203 1101 provident,
2234 1050 2296 1090 ea
2343 1052 2448 1089 non
2491 1034 2777 1092 admodum
2821 1034 3048 1101 cui-ant,
3080 1049 3134 1094 et
3176 1034 3278 1093 suo
3301 1042 3476 1098 ducta:

1898 1104 2124 1181 consilio
2153 1105 2383 1181 virorum
2415 1107 2782 1181 se__ob_sequiis
2823 1108 3138 1163 addixerunt
3160 1151 3174 1174 ,
3207 1126 3379 1181 neque
3409 1131 3472 1169 ea

1897 1175 2208 1250 prtescripto
2233 1176 2427 1245 regulte
2448 1176 2530 1250 illi
2556 1175 2867 1250 datte,_qtne
2889 1181 3160 1250 nupsit.ct
3182 1175 3364 1250 juncta
3389 1196 3471 1238 est

1896 1249 2105 1318 marito.
2148 1246 2215 1298 At
2249 1253 2306 1318 ιιι
2339 1261 2404 1300 ne
2447 1247 2584 1300 hanc
2611 1247 2826 1316 quidem
2855 1246 3025 1317 legem
3052 1246 3331 1318 observas;
3366 1270 3471 1308 non

1896 1315 2038 1367 enim
2069 1329 2189 1367 cum
2225 1315 2414 1370 timore
2439 1315 2791 1382 conversaris,
2813 1315 3088 1372 sed—multa
3118 1335 3236 1374 cum
3262 1315 3468 1377 securi-

1897 1391 2002 1438 tate
2022 1394 2180 1459 atque
2199 1397 2508 1459 contemptu
2532 1396 2585 1441 et
2604 1388 2760 1459 simul
2781 1389 3038 1451 comedis,
3066 1399 3117 1444 et
3139 1391 3293 1445 simul
3313 1392 3469 1459 bibis,

1894 1461 1950 1507 et
1968 1455 2306 1529 colloqueris,
2331 1465 2382 1529 et
2407 1458 2756 1529 incomposite
2776 1459 2933 1529 simul
2959 1460 3119 1521 rides,
3139 1471 3191 1514 et
3218 1470 3336 1529 post
3356 1455 3469 1518 haec

1893 1525 2070 1577 omnia
2103 1533 2276 1600 tamen
2294 1526 2446 1600 virgo
2474 1528 2832 1600 visappellari
2865 1545 2878 1580 :
2909 1525 3272 1585 verumtamen
3297 1548 3396 1600 ego
3421 1543 3470 1588 to

1894 1607 1998 1670 non
2015 1595 2239 1663 amplius
2255 1596 2512 1664 virginem
2531 1595 2722 1670 dicunt,
2745 1614 2862 1670 qua:
2887 1613 3050 1667 usque
3069 1600 3204 1654 adeo
3221 1611 3270 1655 te
3289 1595 3443 1670 pratici

1895 1663 2055 1740 pitem
2072 1663 2413 1740 agas,_neque
2435 1667 2726 1740 periculurn
2757 1663 3087 1724 reformides.
3113 1663 3332 1725 Audebo
3355 1689 3453 1740 pro

1892 1734 2156 1810 pheticum
2182 1736 2307 1788 illttd
2334 1751 2608 1810 usurpare,
2633 1738 2958 1810 Obstupescat
2983 1741 3160 1792 caelum
3181 1758 3332 1810 super
3351 1734 3464 1809 hoc,

1895 1814 1940 1857 et
1967 1805 2165 1877 horreat
2193 1816 2422 1877 creatura
2460 1807 2604 1875 (Jer.
2629 1807 2684 1860 ‘2.
2715 1808 2811 1877 12)
2841 1825 2853 1860 :
2889 1809 2940 1860 in
2970 1819 3220 1877 quantam
3243 1805 3467 1866 deveni;

1892 1890 2011 1928 mus
2041 1875 2423 1948 impudentiam
2465 1885 2519 1931 et
2545 1878 2754 1942 dignam
2791 1875 3053 1932 Stantibits
3080 1880 3129 1932 in
3174 1883 3467 1948 prostilmlo

1893 1946 2280 2000 meretricibus.
2310 1946 2375 2002 Ut
2400 1950 2539 2000 enim
2572 1949 2673 2002 ill:e
2700 1949 2766 2002 ab
2793 1948 3093 2003 hominibus
3122 1946 3466 2008 histrionibus

1890 2025 2219 2084 congregatae
2247 2017 2590 2084 procliviorcs
2628 2019 2693 2072 ad
2739 2019 3046 2072 inhonestus
3076 2022 3312 2076 actiones
3341 2025 3447 2078 red.

1889 2084 2132 2158 duntur,
2156 2086 2233 2140 sic
2258 2096 2311 2141 ct
2357 2088 2468 2140 isne
2493 2104 2612 2158 cum
2655 2089 2706 2142 in
2746 2089 2978 2142 animum
3026 2090 3378 2158 induxerunt,
3409 2103 3460 2147 ut

1889 2170 2009 2229 cum
2040 2157 2167 2229 viris
2194 2158 2515 2210 cohabitont.
2549 2157 2852 2227 Indignatur
2885 2161 3038 2218 lleus.
3076 2160 3315 2215 homines
3342 2157 3463 2229 pro-

1888 2225 1986 2277 bro
2009 2224 2358 2300 alliciuntaat
2403 2229 2508 2281 ill-.e
2548 2239 2602 2281 ιιι
2631 2224 2865 2300 iniquum
2889 2229 3122 2298 judicent
3162 2224 3460 2299 imitentur,

1889 2311 2060 2367 neque
2083 2297 2244 2350 Deum
2271 2297 2477 2362 timent,
2508 2315 2675 2367 neque
2701 2297 2968 2352 hominem
3000 2314 3343 2357 reverentur:
3369 2297 3462 2358 sed

1887 2365 1954 2418 ad
1993 2365 2107 2420 hare
2143 2369 2320 2440 omnia
2353 2370 2518 2420 nmlto
2548 2365 2732 2440 majori
2761 2385 2882 2423 cum
2913 2371 3099 2425 fiducia
3134 2373 3419 2440 loquuntur
3442 2415 3456 2438 ,

1886 2437 2159 2512 quamvel
2205 2437 2529 2512 ipsat,_qu:e_
2564 2439 2789 2512 honesto
2828 2441 3026 2508 juncta:
3068 2437 3314 2512 conjugio
3340 2437 3460 2498 cum

1887 2506 2015 2579 vitis
2042 2505 2301 2561 habitant.
2352 2505 2450 2579 liae
2480 2509 2727 2562 nimirqu
2772 2505 3106 2579 arrogantius
3144 2505 3326 2566 e'or'um
3364 2531 3461 2568 ne-

1884 2575 2049 2644 gotia,
2071 2591 2190 2650 cum
2215 2579 2404 2650 quibus
2425 2578 2638 2648 degunt,
2664 2575 3035 2634 administrant
3060 2593 3112 2636 et
3132 2585 3458 2650 perturbant,

1885 2647 2221 2723 contumeliis
2241 2663 2335 2723 eos
2359 2647 2641 2723 lacessunt,
2665 2650 3008 2723 omniumque
3030 2647 3314 2723 bonorum,
3339 2671 3456 2723 qua:

1885 2717 1950 2790 ad
1981 2719 2104 2771 illos
2128 2721 2415 2790 pertinent,
2447 2721 2630 2772 volunt
2655 2721 2897 2775 obtinere
2925 2717 3273 2776 dominatum.
3302 2717 3453 2790 Quod

1885 2787 1928 2840 si
1959 2790 2084 2842 velit
2132 2788 2220 2841 ille
2264 2804 2658 2858 nonnumquam
2699 2806 2911 2844 manum
2955 2792 3020 2844 ad
3063 2787 3459 2848 beneficentiam

1885 2858 2202 2930 protendere
2226 2899 2240 2921 ,
2272 2859 2656 2930 prohibetjpsa
2677 2901 2690 2924 ,
2723 2860 2951 2930 denique
2980 2861 3171 2915 famula
3202 2878 3304 2917 non
3337 2875 3418 2919 est
3443 2906 3457 2928 ,

1883 2927 1976 2999 sed
2006 2928 2217 2982 domina
2244 2929 2429 2982 evasit.
2461 2927 2662 2983 Secede
2705 2927 2955 2999 igitur'ab
2992 2932 3162 2985 aliena
3189 2927 3458 2987 cohabita4
3513 2966 3518 2970 -

1885 2998 2046 3057 tione,
2077 3013 2108 3047 ο
2136 2999 2300 3066 virgo.
2332 3013 2500 3064 neque
2525 3015 2552 3050 a
2579 2998 2971 3055 cohabitatione
3011 3011 3210 3055 tantum
3233 3045 3246 3068 ,
3276 3019 3458 3058 verum

1881 3075 1934 3142 et
1954 3081 1984 3120 a
2006 3069 2271 3142 colloquio
2291 3077 2343 3122 et
2368 3085 2396 3142 ει
2427 3070 2615 3142 risuute
2643 3078 2824 3142 mutuo
2853 3071 3080 3142 abstine.
3105 3072 3234 3126 Nam
3265 3074 3308 3127 si
3336 3090 3460 3142 pru-

1883 3138 2024 3212 denti
2049 3137 2162 3212 viro
2183 3139 2231 3191 vi
2240 3155 2273 3212 ιι
2299 3139 2453 3212 tacite
2472 3137 3085 3212 subridereupermissum
3108 3152 3208 3206 est,
3232 3137 3456 3212 sapienti

1881 3208 2091 3262 mulieri
2121 3216 2177 3279 ut
2201 3210 2287 3261 vix
2315 3208 2472 3262 etiam
2500 3209 2660 3269 istud,
2690 3209 2980 3279 injunctum
3009 3223 3111 3266 εει.
3142 3208 3348 3267 Etenim
3371 3217 3454 3267 vel

1883 3279 1996 3345 ipse
2018 3278 2256 3353 modicus
2275 3279 2412 3332 risus
2435 3280 2642 3353 mulieri
2670 3278 2977 3353 religionem
3005 3282 3257 3350 professa:
3283 3286 3458 3353 gravis

1882 3357 1964 3402 est
1983 3357 2037 3402 et
2065 3349 2408 3418 periculosus.
2439 3349 2600 3403 Multo
2625 3349 2985 3405 enimmelior
3007 3349 3114 3416 est,
3143 3369 3259 3421 qua:
3285 3349 3354 3407 ob
3385 3370 3459 3409 re-

1881 3421 2168 3492 verentiam
2195 3429 2462 3492 spectatur
2487 3421 2706 3492 mulier,
2730 3437 2887 3490 quam
2911 3438 3028 3492 quae
3050 3423 3119 3476 ob
3139 3423 3457 3478 hilaritatem

1881 3498 1936 3542 et
1965 3489 2630 3564 voluptatem.‘Enimvero
2670 3489 2794 3564 dum
2817 3492 2903 3564 uad
2931 3489 3262 3564 spiritualem
3293 3510 3458 3564 spon—

1883 3573 1997 3634 satn
2019 3574 2048 3612 ει
2070 3559 2292 3634 muliere
2316 3559 2791 3634 laudestrausl'ert.
2815 3561 2879 3634 is,
2907 3563 2996 3632 qtti
3024 3564 3301 3634 mysticum
3323 3559 3461 3618 scri-

1882 3631 1984 3698 psit
2007 3630 2301 3704 canlicutn,
2313 3630 2429 3704 ejus
2451 3631 2714 3684 silentium
2746 3630 3022 3704 celebrans
3043 3630 3095 3687 et
3118 3633 3324 3687 habitus
3345 3635 3460 3704 ejus

1879 3701 2192 3774 gravitatem
2222 3701 2507 3774 collaudat,
2543 3717 2790 3774 pavorem
2816 3702 2955 3774 illam
2982 3705 3254 3773 appellans
3285 3701 3454 3774 (Cant.

1882 3772 1943 3844 6ἶ
1969 3770 2057 3844 57).
2084 3770 2191 3844 Hoc
2216 3770 2356 3823 enim
2385 3779 2468 3824 est
2494 3771 2631 3844 quod
2663 3772 2955 3844 admodum
2970 3770 3272 3829 venerabile
3293 3770 3457 3844 atque

1879 3839 2247 3912 admirandum
2279 3843 2642 3909 spectantibus
2666 3852 2905 3912 apparet.
2935 3843 3202 3912 Siquidem
3225 3839 3455 3912 oportet,

1880 3920 1937 3963 ut
1964 3911 2082 3975 ejus
2123 3911 2374 3962 honeSIas
2401 3919 2456 3964 et
2491 3911 2722 3979 gravitas
2749 3913 2974 3966 curiosis
3003 3911 3170 3967 oculis
3201 3911 3462 3969 terrorem

1882 3980 2117 4053 incutiat,
2141 3989 2194 4033 et
2212 3979 2276 4032 ad
2306 3981 2662 4053 importunam
2695 3982 3074 4050 impudentiam
3096 3984 3455 4053 repellendam

1881 4052 1945 4103 sit
1974 4050 2157 4103 idonea
2184 4066 2196 4101 :
2221 4064 2376 4117 quant
2399 4050 2556 4104 etiam
2579 4054 2647 4105 ob
2663 4067 2874 4106 causam
2897 4054 3069 4106 omnis
3089 4050 3279 4107 aui-eus
3299 4070 3459 4108 orna-

1885 4127 1968 4173 tus
1999 4120 2070 4173 illi
2116 4129 2328 4187 ereptus
2357 4129 2472 4183 est,
2513 4130 2568 4174 et
2611 4129 2868 4175 tortorum
2917 4123 3179 4188 crinium,
3213 4133 3265 4177 et
3297 4127 3460 4180 vestis

1882 4191 2148 4263 pretiosae,
2181 4205 2245 4263 ne
2265 4192 2599 4263 ornamentis
2625 4191 2816 4261 quibus
2843 4200 2924 4246 cst
2947 4193 3136 4256 cincta,
3161 4193 3416 4263 refulgeat
3438 4236 3453 4259 ,

1880 4269 1933 4314 et
1954 4259 2413 4333 oculoscxhilaret
2439 4259 2776 4333 intuentium,
2793 4271 2952 4331 atque
2972 4264 3035 4316 ad
3061 4259 3448 4333 prolapsionem

1881 4333 2087 4384 invitet.
2119 4330 2404 4400 Propterea
2431 4331 2630 4398 jejunia
2655 4374 2668 4395 ,
2705 4330 3038 4388 abstinentia:
3063 4330 3078 4398 ζ
3109 4343 3163 4388 et
3191 4330 3456 4389 exercita-

1883 4402 2054 4454 tiones
2074 4442 2086 4463 ,
2116 4402 2424 4470 vultumque
2462 4402 2714 4471 pallidum
2755 4417 2818 4455 ac
2861 4413 3142 4469 ntmstum,
3175 4416 3227 4458 et
3257 4417 3458 4460 vestem

1880 4472 2123 4526 viliorem
2171 4471 2374 4543 habere
2397 4473 2546 4540 virgo
2588 4473 2747 4526 debet
2787 4473 2856 4526 ob
2901 4484 3102 4527 natura:
3143 4475 3208 4527 ad
3250 4476 3452 4543 lapsum

1882 4543 2291 4610 proclivitatent.
2326 4542 2526 4595 Idcirco
2567 4545 2724 4597 etiam
2764 4543 2954 4598 Paulus
2992 4545 3229 4599 scribens
3269 4542 3334 4598 ad
3365 4561 3458 4599 ca-

1881 4612 2150 4665 rissimum
2184 4612 2348 4665 filium
2375 4612 2734 4678 Timotheum,
2763 4614 2879 4681 ejus
2909 4615 2958 4667 in
2992 4614 3312 4669 ltonorandis
3339 4633 3459 4670 mu-

1883 4682 2102 4736 lieribus
2145 4682 2522 4753 humanitatem
2566 4685 2823 4737 castitatis
2859 4686 3095 4738 cu-todia
3137 4689 3453 4753 prmmuuit,

1882 4753 2063 4806 dicens
2095 4769 2107 4804 :
2135 4750 2372 4806 Juniorcs
2396 4753 2573 4805 viduas
2597 4753 2789 4806 honora
2813 4764 2866 4805 ut
2892 4771 3106 4817 sorores,
3137 4750 3192 4808 in
3217 4759 3353 4809 omni
3375 4775 3464 4810 ra-

1882 4821 2158 4894 sn‘tatell.
2197 4821 2330 4894 Tim.
2378 4823 2429 4877 5.
2479 4824 2567 4890 5).
2612 4823 2761 4889 Quod
2806 4825 2848 4876 si
2893 4839 2923 4878 a
2968 4826 3186 4880 muliere
3216 4837 3462 4882 ornatum

1884 4893 2096 4966 omnem
2117 4893 2358 4966 corporis
2383 4903 2629 4966 amovent
2649 4910 2815 4947 saera:
2843 4894 3028 4960 litetve,
3069 4908 3266 4964 quanto
3289 4901 3457 4966 magis

1883 4963 1998 5016 viro
2023 4965 2268 5037 convenit
2293 4964 2449 5037 nullo
2485 4964 2642 5037 modo
2665 4973 2947 5037 comptum
2981 4963 3120 5033 esse,
3157 4963 3465 5037 tantumque

1886 5033 2186 5086 necessario
2201 5034 2396 5086 amictu
2417 5034 2614 5097 testiri,
2634 5035 2709 5088 sic
2729 5046 2783 5088 ιιι
2807 5045 3165 5104 tegumentum
3188 5041 3275 5102 sit,
3295 5033 3464 5092 etnon

1885 5113 2254 5174 ornamentum
2280 5144 2293 5163 .
2324 5104 2769 5172 quemadmodum
2812 5106 2863 5159 id
2907 5108 3192 5174 appellavit
3224 5109 3415 5161 l'aulus
3448 5126 3461 5160 :

1888 5171 2142 5245 Habentes
2173 5171 2417 5245 alimento
2461 5183 2505 5227 ct
2554 5184 2833 5245 tegumenta
2857 5216 2871 5237 ,
2903 5171 2993 5229 his
3021 5178 3237 5230 contenti
3281 5180 3467 5231 crinitis

1888 5243 1978 5306 (1.
2006 5242 2136 5296 Tim.
2160 5243 2210 5315 6.
2239 5244 2274 5315 8_
2295 5247 2332 5311 ).
2359 5243 2486 5296 Nam
2512 5242 2629 5312 qua:
2650 5245 2716 5298 ad
2737 5256 2980 5299 ornatum
3003 5255 3322 5315 comparatm
3343 5260 3468 5301 stitit

1887 5322 2082 5377 vestes,
2102 5313 2387 5384 muliebres
2415 5317 2588 5382 potius
2615 5330 2771 5384 quam
2793 5316 2972 5370 viriles
2995 5313 3332 5370 censeantur.
3359 5317 3467 5372 Lex

1887 5384 2082 5459 quippe
2115 5383 2244 5459 dicit
2280 5400 2296 5459 :_
2329 5383 2734 5459 Nonjnduuetur
2761 5386 2836 5459 vir
2869 5396 3000 5440 veste
3025 5386 3286 5459 felltlltell_(
3312 5387 3466 5441 Deut.

1886 5454 1976 5507 22.
2007 5455 2039 5508 5
2058 5453 2208 5527 ).__Ne
2233 5456 2390 5524 igitur
2415 5454 2751 5527 effeminetur
2775 5455 2856 5509 vir
2876 5498 2890 5519 ,
2919 5453 3346 5527 quandoquidem
3377 5475 3473 5512 ne-

1888 5540 1993 5596 que
2014 5525 2326 5596 muliebrem
2355 5540 2539 5580 sexum
2561 5524 2844 5580 admodum
2867 5524 3117 5580 convenit
3137 5524 3274 5596 apud
3301 5529 3466 5584 Deum

1889 5593 2206 5667 effeminari.
2237 5595 2313 5650 Ex
2344 5597 2466 5665 pilis
2504 5597 2832 5651 camelorum
2873 5609 3075 5652 vestem
3116 5593 3389 5667 gestabat,
3420 5609 3474 5652 et

1891 5679 2079 5718 zonam
2113 5666 2352 5732 pellicatu
2381 5667 2520 5722 circa
2564 5669 2770 5725 lumbos
2801 5682 2927 5723 suos
2964 5666 3198 5722 Joannes
3227 5687 3238 5720 :
3267 5677 3321 5723 et
3349 5683 3475 5724 ante

1894 5736 2040 5791 illum
2071 5735 2211 5792 Elias
2238 5779 2252 5805 ,
2283 5739 2431 5808 cuius
2469 5739 2712 5810 Spiritum
2751 5739 2989 5796 Joannes
3031 5741 3205 5811 gereb.
3229 5750 3270 5806 t,
3314 5741 3474 5796 ovilla
