3780 6226
372 274 512 329 rosa

369 387 542 442 solum
574 385 712 456 pelle
738 385 850 456 ipse
887 399 1097 456 qunque
1125 384 1492 439 amiciebatur.
1539 383 1872 456 Stupidimest
1897 394 1951 456 et

371 458 551 510 mollis
575 453 740 510 animi
761 453 1102 525 ’splendidum
1143 456 1507 508 indumentum
1538 462 1591 508 et
1618 453 1802 525 subtili
1824 453 1953 525 arti-

371 528 491 581 tlcio
506 522 815 580 contextum
832 526 1004 594 magni
1029 524 1202 579 facere
1221 541 1232 575 :
1256 525 1467 578 animus
1484 533 1658 578 autem
1675 522 1742 576 ad
1763 524 1950 579 altiora

373 612 600 666 «pureque
619 603 793 660 natus,
815 596 905 665 qui
932 596 1042 648 veri
1064 604 1517 666 ornatusscnsum
1536 608 1731 666 capere
1755 603 1947 666 potest,

374 663 590 720 mollem
629 663 846 720 omnem
865 675 1065 720 vestem
1097 664 1359 734 despicit,
1391 673 1446 718 et
1469 664 1834 734 sublimiorem
1862 663 1950 717 illa

369 737 697 800 desiderans,
727 750 966 789 securam
989 777 1004 802 ,
1039 733 1257 788 minime
1281 734 1602 803 superfluam
1625 773 1640 798 ,
1672 733 1948 787 honestio-

371 821 485 860 rem
513 807 654 859 illam
686 806 1020 872 maximeque
1059 805 1416 858 venerandam
1443 805 1740 859 castitatem
1777 804 1950 856 omni-

373 875 473 930 bus
509 875 778 930 existimat
825 875 1230 943 pra-ferendam.
1278 875 1524 929 Contenti
1573 875 1732 942 igitur
1777 883 1950 929 estote

373 946 677 1007 verborum,
693 961 812 1014 qua:
829 945 965 1000 dicta
983 956 1126 1008 sunt,
1141 945 1516 999 adtnonititnc.
1536 945 1730 999 Cavete
1747 952 1946 1007 autem,

371 1029 437 1069 ne
459 1015 787 1070 honestatem
808 1025 966 1085 atque
985 1016 1295 1084 gravitatem
1321 1015 1726 1085 ultratermiuos
1748 1015 1950 1085 medio-

367 1085 572 1139 critatis
626 1084 894 1154 tamquam
951 1086 1228 1139 molestam
1273 1084 1559 1207 quamdam
1604 1084 1944 1138 severitatem

371 1154 674 1207 nroducatis
703 1171 715 1207 :
744 1170 860 1207 una:
886 1163 938 1207 et
965 1154 1061 1207 insi
1091 1156 1181 1207 oui
1205 1171 1269 1207 au
1314 1157 1370 1207 it.
1399 1165 1452 1207 et
1481 1155 1544 1207 iis
1571 1155 1657 1207 aui
1685 1156 1798 1207 eius
1819 1169 1944 1207 eon-

371 1154 674 1219 producatis
703 1171 715 1208 :
744 1170 860 1223 qua:
886 1163 938 1209 et
965 1154 1061 1222 ipsi
1091 1156 1181 1224 qui
1205 1154 1370 1218 audit,
1399 1165 1452 1208 et
1481 1155 1544 1208 iis
1571 1155 1657 1224 qui
1685 1156 1798 1221 ejus
1819 1169 1949 1207 con-

364 1224 535 1278 sortio
565 1221 816 1278 fruuntur
837 1266 852 1289 ,
885 1221 1044 1279 melle
1068 1221 1131 1278 ac
1161 1227 1278 1278 favo
1316 1225 1525 1278 dulcior
1551 1221 1798 1278 efficitur.
1829 1224 1947 1292 Spi-

367 1293 575 1347 ritualis
613 1295 807 1363 quippe
847 1295 1026 1348 ltetitia
1055 1295 1276 1349 honeste
1301 1310 1363 1348 ac
1389 1295 1582 1349 decore
1609 1295 1675 1347 ad
1698 1295 1944 1347 unionem

368 1377 492 1416 eum
527 1363 636 1419 Deo
674 1364 950 1433 provehit,
982 1379 1182 1434 eosque
1223 1367 1310 1434 qui
1361 1366 1414 1418 in
1457 1379 1803 1430 congressum
1833 1363 1947 1432 ejus

364 1434 610 1497 veniunt,
633 1435 899 1502 voluptate
928 1433 1214 1503 perfundit.
1236 1433 1425 1490 Verum
1456 1450 1523 1488 ne
1551 1435 1634 1487 his
1658 1449 1776 1503 quae
1803 1449 1832 1486 a
1863 1450 1947 1488 me

368 1503 505 1556 dicta
532 1513 654 1574 sunt
676 1546 690 1569 ,
729 1505 1007 1558 occasione
1050 1515 1292 1574 arrepta,
1324 1519 1388 1559 eo
1425 1505 1564 1574 quod
1606 1504 1656 1557 in
1685 1504 1948 1558 hilaritate

369 1573 544 1626 vivere
568 1573 643 1627 sis
673 1574 968 1642 prohibitus
992 1615 1005 1634 ,
1033 1573 1195 1628 tristis
1223 1590 1285 1628 ac
1309 1589 1552 1627 morosus
1577 1588 1698 1628 esse
1727 1573 1947 1642 incipias

367 1656 492 1714 erga
522 1643 709 1714 fratres
732 1643 1102 1714 adventantes,
1130 1660 1303 1714 neque
1327 1644 1557 1697 difficilis
1582 1658 1702 1697 esse
1726 1645 1860 1696 velis
1885 1658 1948 1699 ac

368 1712 587 1767 minime
624 1712 847 1767 affabilis
883 1722 976 1768 aut
1016 1712 1333 1768 inhumanus
1380 1729 1475 1782 pro
1519 1714 1748 1782 benigno
1787 1724 1947 1782 atque

368 1782 622 1848 gratioso,
656 1798 828 1852 neque
854 1783 979 1838 dum
1007 1786 1231 1839 comiter
1257 1783 1577 1852 suscipiendi
1609 1792 1750 1844 sunt.
1779 1786 1866 1852 qui
1893 1792 1947 1839 te

367 1852 597 1906 iuvisunt
618 1894 632 1914 ,
664 1852 853 1906 fratres
875 1894 890 1918 ,
923 1869 1165 1908 morosus
1193 1869 1256 1910 ac
1286 1855 1454 1909 tristis
1474 1896 1487 1919 ,
1516 1863 1609 1906 aut
1637 1854 1688 1906 in
1719 1869 1945 1922 respon-

364 1922 602 1993 sionibus
621 1933 674 1976 et
697 1923 940 1992 alloquiis
970 1926 1288 1978 inaccessas.
1323 1925 1547 1993 Semper
1569 1924 1709 1978 enim
1741 1935 1792 1975 ut
1816 1939 1946 1993 gau-

369 1991 587 2062 deamus
609 2032 623 2054 ,
657 1991 959 2046 mandatum
986 2002 1067 2048 est
1109 1991 1495 2062 apostolicum,
1527 2006 1579 2047 et
1604 1991 1946 2047 Consolainini

364 2060 592 2133 inuicem,
614 2071 688 2127 et,
716 2063 925 2133 invicem
954 2060 1154 2133 benigni
1179 2073 1348 2119 estote
1367 2106 1381 2130 ,
1412 2075 1483 2129 el,
1518 2062 1941 2132 Caritas,inqttit,

361 2131 574 2204 bigtigna
613 2143 682 2186 est
719 2131 803 2204 (l.
844 2132 1021 2186 Thess.
1055 2131 1112 2187 5'.
1155 2135 1256 2199 il;
1293 2135 1480 2203 Ephes.
1526 2135 1578 2188 4.
1610 2135 1712 2198 52;
1746 2135 1792 2187 1.
1819 2131 1941 2188 Cor.

363 2201 450 2275 15.
477 2200 595 2275 1)__:
626 2212 680 2256 et
706 2200 1068 2275 apostolorum
1090 2200 1440 2275 salutationes
1473 2206 1523 2258 in
1550 2219 1735 2258 eormn
1765 2205 1947 2275 insunt

363 2271 602 2339 epistolis
621 2282 793 2335 tamqi.
802 2287 885 2326 am
906 2273 1042 2327 filios
1057 2271 1472 2341 complectentes
1489 2288 1583 2328 eos
1599 2275 1683 2342 qui
1701 2273 1940 2340 audiunt,

364 2349 628 2413 tamquam
675 2342 865 2413 fratres
918 2342 1258 2398 cohortantes
1287 2359 1380 2399 eos
1415 2345 1504 2413 qui
1533 2345 1830 2398 attendunt.
1865 2345 1944 2398 Ac

367 2411 531 2462 multa
555 2425 684 2465 sane
704 2411 771 2465 de
798 2411 896 2465 hac
912 2421 1112 2483 sancta
1127 2411 1467 2483 benignitate,
1496 2429 1614 2483 qua:
1633 2428 1700 2468 ex
1721 2413 1941 2483 caritate

365 2491 664 2546 promanat,
696 2496 767 2553 ex_
790 2482 955 2553 sacris
982 2482 1149 2553 literis
1173 2482 1379 2553 discere
1428 2482 1728 2553 possumus.
1761 2482 1942 2553 Neque

365 2557 575 2614 oportet
603 2559 662 2603 ιιι
703 2550 770 2604 ad
819 2551 1155 2606 immodicam
1201 2550 1518 2606 hilaritatem
1559 2550 1939 2619 traducamur,

365 2632 536 2688 neque
559 2630 617 2674 ut
639 2621 962 2676 scurrilitate
987 2621 1371 2694 benignitatem
1393 2637 1451 2678 se
1469 2622 1536 2678 ad
1563 2623 1658 2678 Dei
1685 2623 1940 2678 imitatio-

1248 2798 1474 2810 -η

389 2795 1504 2822 ====_—————-—-.__.—_—__—-___-=

1884 269 2056 324 SPUB
2064 267 2125 322 ΙἉ
2136 303 2154 324 .

3494 275 3613 333 ιοω

2059 397 2182 437 nom
2221 391 2616 451 comparantem
2663 379 3040 436 labefactemus
3064 422 3078 444 ,
3111 379 3204 436 sed
3250 382 3302 436 in
3341 384 3612 445 meditullio

2055 453 2286 526 quodam
2332 452 2584 526 perfecta:
2631 451 2914 526 hilaritatis
2953 452 3344 526 consistamus,
3371 463 3426 508 et
3463 472 3615 526 neque

2054 521 2267 597 molesti
2300 524 2466 578 simus
2505 525 2571 597 iis
2609 523 2802 592 quibus
2846 521 3178 597 familiariter
3204 525 3432 591 utimur,
3460 521 3615 597 neque

2053 593 2338 664 dissolutos
2363 607 2456 647 eos
2476 603 2531 648 et
2560 591 2760 664 inertes
2782 591 3066 664 reddamus
3094 608 3108 644 :
3139 607 3310 664 neque
3334 596 3518 650 acerbe
3538 591 3614 652 re-

2053 663 2470 786 prehendaiiitts,
2498 678 2671 733 neque
2700 661 3063 744 fraudulenter
3089 661 3386 730 adulémur,
3415 666 3501 747 sed
3528 669 3613 722 uti-

2078 742 2178 786 iter
2201 748 2551 786 corrigamus.
2574 743 2629 786 et
2667 733 2970 786 humaniter
2996 733 3355 786 cohortentur.
3385 734 3478 786 Οω
3503 754 3610 786 mr-

2078 734 2178 787 iter
2201 735 2551 803 corrigamus,
2574 743 2629 790 et
2667 733 2970 804 humaniter
2996 733 3355 789 eohortemur.
3385 734 3479 800 Qui
3502 754 3610 804 par-

2053 804 2139 867 cit,
2169 804 2354 873 inquit,
2383 805 2606 857 emittere
2631 804 2834 857 verbum
2869 803 3074 863 durum,
3103 805 3325 872 prudens
3351 815 3437 858 est.
3466 805 3616 863 Fartus

2052 874 2216 927 "tellis
2245 890 2494 928 sermones
2517 876 2650 937 boni,
2683 874 2894 927 dulcedo
2923 883 3090 926 autem
3113 890 3285 927 eorum
3311 876 3496 931 sanitas
3512 880 3615 931 ani-

2052 958 2168 996 mae.
2201 942 2334 998 Sunt
2355 945 2443 1013 qui
2461 945 2682 998 dicentes
2708 945 2970 1014 vulnerant
2992 945 3137 1013 quasi
3155 946 3309 1009 ensis,
3335 944 3514 1014 lingua:
3534 964 3615 1001 su-

2053 1023 2151 1083 tem
2175 1015 2457 1083 sapientum
2494 1026 2674 1068 sanant
2713 1013 2912 1082 (Prov.
2948 1014 3035 1067 10.
3071 1014 3165 1078 19;
3215 1013 3368 1068 Prov.
3403 1013 3485 1070 16.
3519 1017 3616 1081 2i;

2056 1082 2215 1155 Prov.
2243 1085 2330 1139 12.
2358 1084 2475 1155 18).
2507 1085 2944 1155 Bonumquidem
2965 1091 3048 1155 est
3068 1085 3259 1138 divinis
3281 1088 3496 1140 canticis
3515 1104 3617 1141 mo-

2051 1153 2236 1209 derate
2273 1153 2674 1222 operamdare.
2707 1154 2837 1222 Nam
2882 1153 3059 1207 lattitia
3102 1156 3362 1222 ejusmodi
3404 1170 3616 1213 mentem

2052 1221 2366 1296 sanctificat,
2383 1229 2443 1275 ul.
2462 1221 2539 1276 ait
2557 1221 2852 1294 Apostolus
2871 1238 2885 1276 :
2907 1221 3195 1296 [inplentini
3224 1226 3420 1296 Spiritu
3441 1238 3616 1290 sancto,

2053 1292 2267 1364 inquit,
2282 1303 2546 1364 cantantes
2584 1292 2632 1347 et
2673 1296 2941 1363 psallentes
2969 1295 3021 1347 in
3060 1292 3293 1349 cordibus
3321 1300 3491 1350 uestris
3519 1297 3617 1351 Do-

2051 1364 2187 1434 mino
2214 1363 2435 1434 (Ep/tes.
2478 1365 2530 1418 5.
2567 1365 2792 1434 18-19).
2824 1365 3026 1418 Bonum
3069 1365 3228 1434 igitur
3252 1377 3331 1421 est
3363 1409 3377 1429 ,
3405 1368 3470 1421 ad
3497 1369 3619 1422 heli-

2053 1433 2180 1506 tiam
2209 1434 2472 1506 ejusmodi
2498 1435 2926 1504 consequendam
2956 1433 3195 1506 studiose
3221 1451 3432 1501 vacare,
3460 1453 3618 1506 neque

2050 1503 2121 1558 ob
2151 1505 2439 1577 quamdam
2463 1503 3052 1577 morumZaSperitatem
3083 1520 3146 1558 ac
3170 1505 3419 1560 duritiem
3460 1503 3619 1577 negli—

2048 1584 2236 1642 genter
2261 1575 2312 1628 in
2338 1574 2532 1629 divinis
2556 1575 2798 1629 cantibus
2827 1577 3049 1640 versari,
3081 1578 3232 1642 quasi
3260 1577 3503 1631 nimirmn
3527 1574 3616 1632 vo-

2053 1658 2171 1715 cem
2201 1645 2510 1715 impendere
2549 1645 2643 1699 Dei
2677 1645 2918 1700 laudibus
2944 1661 3048 1699 non
3084 1645 3381 1715 dignemur.
3406 1647 3535 1702 Nam
3558 1650 3620 1703 ad

2049 1713 2311 1786 ejusmodi
2341 1731 2453 1769 rem
2485 1725 2724 1770 sanetam
2755 1725 2810 1770 et
2851 1731 3061 1770 sacrum
3108 1713 3254 1770 illum
3285 1731 3619 1786 congressum

2050 1783 2292 1854 hilariter
2317 1786 2537 1839 allectos
2561 1800 2681 1840 esse
2713 1801 2808 1841 nos
2833 1795 3062 1854 oportet,
3095 1801 3197 1839 non
3229 1787 3278 1840 in
3307 1783 3490 1842 dulces
3514 1804 3620 1842 mo-

2047 1853 2203 1907 dulos
2261 1855 2464 1909 effundi
2491 1897 2504 1919 ,
2555 1871 2730 1924 neque
2776 1853 3000 1910 delicate
3047 1856 3240 1910 divinis
3285 1860 3622 1914 concentibus

2049 1925 2288 1996 mulceri,
2321 1940 2494 1993 neque
2516 1927 2764 1980 mollibus
2793 1942 2854 1980 ac
2882 1927 3059 1980 fractis
3084 1929 3228 1980 sonis
3249 1928 3480 1996 gaudere
3500 1971 3514 1995 ,
3542 1942 3623 1983 at-

2047 2008 2152 2062 que
2177 1994 2280 2068 huc
2306 1995 2538 2068 illucque
2562 1997 2749 2068 oculos
2777 1996 3121 2068 circumferre
3144 2039 3158 2062 ,
3193 1994 3460 2052 ut'videas
3481 2039 3496 2062 ,
3523 2015 3622 2068 quo

2049 2073 2205 2137 pacto
2228 2065 2460 2137 lauderis
2492 2083 2504 2119 :
2537 2067 2631 2120 sed
2673 2067 2725 2120 in
2758 2068 2872 2137 Deo
2899 2067 3182 2120 lmtandmn
3214 2077 3318 2132 est,
3345 2069 3500 2137 eique
3525 2065 3621 2124 soli

2051 2133 2258 2201 placere
2281 2136 2650 2208 studendum,
2679 2146 2837 2206 atque
2863 2136 2949 2190 hic
2988 2137 3274 2208 praecipue,
3304 2149 3362 2192 ut
3383 2133 3502 2193 eum
3532 2140 3622 2192 lio-

2048 2212 2256 2259 nestate
2279 2204 2519 2276 hilaritas
2553 2207 2722 2260 mixta
2753 2204 3079 2276 reperiat—ur,
3114 2204 3233 2261 cum
3259 2223 3289 2260 a
3319 2209 3413 2262 Dei
3442 2210 3622 2265 timore

2045 2276 2276 2344 gravitas
2301 2287 2352 2328 et
2379 2275 2630 2330 honestas
2662 2275 3029 2344 proficiscatur
3050 2316 3067 2341 ,
3097 2277 3258 2332 divini
3288 2293 3419 2333 vero
3442 2288 3621 2334 cantus

2046 2343 2112 2414 ad
2141 2344 2374 2398 laetitiam
2400 2361 2498 2400 nos
2538 2343 2828 2414 provehant
2854 2389 2870 2413 ,
2900 2357 2953 2401 et
2977 2358 3194 2402 .eternze
3219 2347 3360 2403 illius
3385 2352 3616 2403 exsulta-

2047 2413 2212 2489 tionis
2237 2413 2588 2489 imitationem
2616 2416 2666 2489 in
2693 2417 2849 2489 nobis
2877 2419 3199 2489 exprimant,
3228 2419 3281 2472 in
3309 2434 3414 2489 qua
3441 2420 3511 2472 illi
3535 2421 3620 2489 qui

2046 2481 2272 2558 honeste
2292 2486 2590 2558 conversati
2615 2485 2829 2558 fugerint
2851 2527 2866 2553 ,
2893 2481 3123 2558 futuram
3148 2481 3440 2558 transigent
3469 2481 3622 2543 vitam

2045 2553 2188 2627 apud
2215 2554 2520 2627 Dominum,
2543 2556 2626 2611 cui
2649 2557 2818 2626 gloria
2845 2564 2900 2612 et
2923 2557 3204 2627 imperium
3233 2559 3287 2613 in
3313 2553 3508 2614 saecula
3522 2574 3626 2614 sa:-

2043 2624 2315 2680 culorum.
2358 2625 2553 2680 Amen.

3227 2813 3606 2830 Ἢ

905 2943 984 3004 IN
1027 2944 1430 3006 HOMILIAM
1469 2946 1571 3005 DE
1606 2945 1918 3005 JEJUNIO
1957 2946 2058 3006 ET
2101 2947 2643 3008 ELEEMOSYNA
2680 2947 3077 3009 MONITUM.

445 3267 556 3321 Etsi
581 3283 741 3345 _non_
766 3267 946 3345 inepta
999 3268 1068 3322 sit
1117 3269 1235 3323 hzec
1264 3267 1506 3345 bomilia,
1535 3268 1659 3345 jure
1678 3284 1730 3345 _a
1772 3270 2044 3345 Frontone
2073 3269 2270 3345 Ducam
2298 3270 2440 3345 mter
2464 3270 2673 3345 spuria,
2697 3271 2782 3325 vel
2807 3285 2873 3345 ex
2897 3270 3014 3324 aliis
3036 3272 3411 3327 consurcinata
3436 3271 3617 3345 Chry-

374 3337 594 3393 sostomi
639 3340 856 3408 scriptis
889 3349 1226 3393 accensetur.
1271 3338 1651 3407 Interpretatio
1677 3337 1868 3392 Latina
1914 3347 1998 3393 est
2039 3339 2284 3410 ejusdem
2318 3337 2608 3394 Frontonis
2644 3340 2842 3394 Duezei.

351 3441 3619 3466 ww”.—

1205 3557 1488 3603 EJUSDEM
1512 3555 1747 3600 οιιΑτιο
1789 3555 1873 3599 DE
1913 3553 2175 3599 JEJUNIO
2219 3556 2300 3598 ET
2342 3555 2778 3600 ELEEMOSYNA.

1789 3677 2158 3734 «me

421 3808 625 3863 Bonum
653 3816 736 3861 est
756 3806 1035 3876 jejunium,
1071 3807 1208 3861 bona
1237 3815 1319 3860 est
1350 3815 1403 3860 et
1437 3806 1596 3862 lectio
1619 3805 1924 3872 Scriptura-

350 3895 470 3934 rum
502 3896 514 3932 :
547 3879 681 3932 bona
709 3891 837 3931 vero
867 3883 967 3938 est,
997 3876 1207 3944 quando
1236 3886 1290 3930 et
1325 3877 1464 3930 actio
1484 3892 1547 3930 ex
1574 3891 1634 3928 ea
1667 3876 1926 3944 sequitur,

349 3949 597 4017 quoniam
625 3948 668 4001 si
706 3949 872 4013 legas,
904 3953 960 3999 at
990 3961 1093 4017 non
1137 3947 1316 4010 facias,
1345 3947 1395 3999 in
1423 3945 1678 4017 judicium
1721 3945 1816 4017 tibi
1847 3945 1928 3998 le-

348 4014 456 4072 etio
483 4019 659 4078 vertit,
683 4025 737 4071 et
776 4018 826 4070 in
857 4015 1194 4070 occasionem
1223 4017 1488 4084 supplicii.
1521 4014 1644 4068 Non
1669 4015 1802 4068 enim
1829 4031 1927 4067 au-

348 4091 532 4142 ditores
557 4089 698 4156 legis,
719 4087 907 4154 inquit,
930 4087 1060 4156 justi
1075 4095 1189 4138 sunt
1209 4086 1347 4153 apud
1372 4085 1566 4146 Deum;
1604 4085 1692 4138 sed
1710 4087 1929 4156 factores

355 4160 480 4228 legis
500 4155 916 4226 just’iﬁcabuntur
935 4155 1116 4228 ,(Ront.
1141 4156 1194 4208 2.
1225 4155 1310 4225 15)
1341 4173 1352 4208 :
1382 4165 1435 4209 et
1456 4170 1644 4228 rursus
1661 4155 1923 4219 Christus,

353 4226 420 4282 Si
446 4246 545 4281 non
563 4229 822 4289 uenissem,
849 4236 894 4279 et
925 4227 1161 4294 loquutus
1191 4227 1396 4295 fuissem
1422 4226 1512 4289 eis,
1544 4235 1799 4295 peccatum
1826 4242 1929 4278 non

351 4299 586 4352 haberent
611 4313 628 4350 :
657 4313 791 4349 nunc
817 4306 982 4364 autem
1011 4294 1378 4348 excusationem
1407 4311 1509 4347 non
1529 4294 1710 4348 habent
1740 4296 1802 4347 de
1823 4311 1929 4364 pec-

348 4377 460 4421 cato
488 4384 579 4420 suo
611 4366 786 4435 (Joan.
833 4366 915 4420 15.
945 4363 1297 4435 22).ᾘΒθτιιιιε
1339 4373 1539 4429 autem,
1568 4365 1656 4434 qui
1703 4363 1829 4418 dicit
1876 4367 1927 4418 in

350 4439 566 4492 auribus
612 4433 820 4500 eorum,
849 4435 938 4503 qui
980 4433 1230 4501 audiunt,
1262 4449 1324 4487 ac
1354 4444 1463 4488 tum
1497 4436 1780 4504 prrecipue,
1806 4449 1925 4489 cum

350 4509 524 4563 faenus
564 4507 949 4575 erogaverint:
993 4506 1164 4559 fatuus
1205 4516 1380 4558 autem
1416 4514 1496 4575 est
1534 4504 1833 4558 obedientia
1873 4515 1927 4559 et

352 4579 446 4632 Dei
480 4574 848 4630 mandatorum
880 4575 1210 4642 exseqnutio,
1234 4576 1372 4629 sicut
1415 4574 1672 4628 Dominus
1699 4576 1775 4628 ait
1802 4590 1814 4626 :
1861 4575 1926 4628 Et

350 4665 446 4718 ego
465 4649 661 4718 veniens
681 4647 975 4718 recepissent
1001 4645 1192 4718 utique,
1219 4645 1350 4712 quod
1376 4659 1543 4697 meum
1568 4655 1777 4718 est_cum
1803 4661 1924 4698 usu-

343 4714 654 4788 ro(Matth._
685 4716 774 4771 25.
800 4715 1078 4788 27).ρυὶιί
1106 4730 1232 4783 ergo
1261 4714 1616 4788 congregasti,
1646 4714 1826 4780 frater,
1857 4730 1924 4770 ex

343 4785 588 4857 jejunio?
626 4785 1062 4854 Quandoquidem
1089 4796 1142 4838 et
1169 4786 1399 4857 agricola
1445 4785 1642 4838 idcirco
1664 4787 1920 4857 seminat,

350 4855 410 4910 ιιι
441 4857 601 4910 etiam
629 4865 812 4917 metat,
839 4865 893 4909 et
939 4864 1200 4908 mercator
1223 4856 1421 4909 ideirco
1470 4855 1923 4923 peregrinationes

348 4928 480 4993 obit,
505 4935 562 4980 ut
585 4927 835 4994 pecunias
863 4926 1096 4994 colligat,
1113 4935 1164 4978 et
1191 4926 1514 4994 gubernator
1541 4924 1737 4978 idcirco
1760 4927 1922 4980 multa

347 5000 512 5050 maria
554 4997 824 5058 emetitur,
855 5004 908 5048 ut
949 4995 1203 5048 mercium
1231 4996 1452 5049 sarcinis
1494 4995 1668 5048 navim
1697 4995 1916 5062 repleat.

347 5067 423 5121 Ne
451 5065 577 5120 mihi
621 5065 840 5126 dixeris,
875 5073 951 5118 tot
992 5065 1104 5118 dies
1126 5066 1380 5133 jejunavi,
1416 5066 1515 5118 hoc
1546 5075 1599 5118 et
1639 5066 1765 5118 illud
1813 5081 1918 5119 non

339 5136 762 5202 comedi,viuum
793 5151 895 5188 non
927 5135 1052 5196 bibi,
1076 5135 1309 5188 illuviem
1339 5135 1556 5203 pertuli;
1589 5136 1680 5189 sed
1701 5137 1920 5190 ostende

343 5206 577 5271 mihi,an
605 5221 724 5259 cum
754 5205 1036 5259 iracundus
1065 5220 1231 5271 esses,
1260 5206 1390 5260 lenis
1422 5205 1586 5259 factus
1612 5208 1706 5267 sis,
1727 5215 1779 5258 et
1798 5222 1917 5260 cum

342 5292 491 5332 esses
520 5276 773 5337 crudelis,
803 5275 1062 5345 benignus
1087 5279 1320 5329 evaseris
1351 5293 1363 5327 :
1395 5276 1643 5343 quoniam
1671 5277 1714 5329 si
1741 5277 1918 5329 ebrius

341 5346 613 5402 iracundia
644 5347 738 5406 sis,
770 5346 896 5416 quid
927 5360 1142 5416 carnem
1173 5346 1395 5416 aflligis?
1439 5345 1492 5399 Si
1523 5347 1660 5400 intus
1684 5349 1752 5400 sit
1781 5347 1916 5399 invi-

340 5417 426 5471 dia
453 5427 508 5471 et
536 5416 777 5477 avaritia,
807 5415 932 5484 quid
964 5415 1180 5483 prodest
1204 5431 1352 5485 aqua:
1378 5418 1570 5484 potus?
1597 5415 1710 5469 Non
1739 5431 1918 5484 quer

341 5503 502 5549 nunc,
530 5487 702 5554 qualis
731 5485 799 5539 sit
821 5499 1027 5545 mensa,
1057 5485 1148 5538 sed
1174 5500 1241 5538 an
1272 5486 1426 5539 malae
1453 5487 1644 5538 mentis
1674 5486 1806 5540 facta
1849 5487 1920 5541 sit

341 5557 580 5610 mutatio.
615 5555 671 5610 Si
697 5557 938 5620 domina,
965 5554 1216 5608 nimirum
1246 5557 1442 5617 anima,
1486 5554 1792 5619 fornicatur,
1823 5573 1919 5610 cur

338 5625 608 5693 ancillam,
642 5635 882 5682 ventrem
912 5627 1147 5695 inquam,
1177 5624 1448 5696 ﬂagellas?
1471 5625 1530 5682 Si
1557 5626 1731 5681 anima
1753 5627 1916 5683 sedu-

2037 3805 2193 3871 citur,
2221 3819 2316 3858 cur
2355 3819 2549 3874 corpus
2586 3805 2870 3860 maceras?
2912 3804 3039 3858 Haec
3087 3817 3188 3872 ego
3206 3802 3379 3874 Adice,
3412 3819 3527 3858 non
3573 3814 3628 3861 nt

2037 3889 2132 3928 vos
2160 3888 2430 3940 accusem,
2452 3872 2545 3929 Sed
2571 3885 2787 3944 propter
2816 3875 3161 3944 negligentes.
3191 3872 3324 3928 Cum
3354 3874 3506 3928 enim
3534 3889 3630 3928 vos

2036 3944 2248 3998 videam
2275 3945 2535 4004 volantes.
2564 3945 2726 3999 altius
2751 3945 2934 3999 volare
2959 3957 3053 3998 vos
3073 3944 3230 3997 velim
3259 3961 3272 3998 :
3302 3951 3454 3997 tanta
3486 3945 3631 3998 enim

2035 4022 2120 4068 est
2141 4016 2222 4067 vis
2243 4015 2497 4069 caritatis.
2523 4015 2590 4068 Et
2615 4015 3069 4083 quemadmodum
3099 4015 3242 4067 avari
3270 4024 3482 4082 quanto
3513 4015 3632 4082 plus

2036 4085 2149 4138 auri
2186 4085 2516 4153 collegerint,
2547 4095 2692 4138 tanto
2721 4087 2842 4153 plus
2868 4092 3158 4152 eXpetunt:
3190 4084 3268 4153 sic
3291 4095 3346 4136 et
3374 4100 3481 4137 nos
3515 4100 3635 4136 ma-

2032 4155 2135 4223 jori
2167 4152 2476 4222 progressus
2496 4155 2654 4208 vestri
2677 4152 2942 4209 desiderio
2967 4166 3224 4223 tenemur.
3246 4152 3301 4207 Si
3332 4169 3472 4220 ergo
3498 4155 3636 4208 velis

2035 4222 2206 4292 excipi
2237 4225 2374 4293 apud
2423 4225 2606 4288 Deum,
2637 4225 2818 4293 jejuna
2858 4222 3302 4294 quemadmodum
3349 4223 3635 4287 Ninivitr,

2037 4297 2107 4348 mi
2141 4292 2303 4347 frater
2318 4311 2338 4364 ε
2371 4295 2443 4348 illi
2472 4292 2646 4364 legem
2682 4311 2787 4349 non
2814 4292 3132 4363 acceperant
3159 4311 3172 4347 :
3205 4292 3274 4347 de
3303 4294 3514 4362 quibus
3559 4296 3637 4347 ait

2036 4365 2230 4418 Paulus
2255 4381 2267 4417 :
2295 4362 2424 4418 Cum
2452 4362 2585 4418 enim
2613 4364 2814 4430 Gentes,
2836 4362 2956 4430 qute’
2970 4365 3124 4434 legem
3147 4379 3246 4416 non
3284 4365 3505 4430 habent,
3539 4381 3640 4416 ua-

2035 4434 2264 4488 turaliter
2305 4450 2364 4486 ea
2405 4450 2519 4502 qua:
2568 4435 2690 4504 legis
2735 4444 2872 4501 sunt,
2902 4435 3117 4503 faciunt,
3157 4434 3425 4504 ejusmodi,
3466 4435 3639 4503 legem

2035 4521 2135 4557 non
2160 4505 2525 4573 habentes,ipsi
2536 4502 2631 4557 sibi
2650 4515 2768 4558 sunt
2794 4506 2876 4558 lea:
2901 4502 3143 4574 (Rome.
3164 4504 3273 4569 14).
3305 4502 3434 4557 Noli
3471 4502 3642 4573 igitur

2034 4575 2261 4628 otiosum
2284 4574 2540 4644 jejunium
2559 4573 2840 4630 exhibere:
2865 4573 2968 4629 neu
2985 4575 3125 4628 enim
3153 4574 3326 4627 solum
3355 4573 3639 4643 jejunium

2033 4645 2086 4698 in
2111 4645 2296 4699 caelum
2321 4644 2580 4709 ascendit,
2600 4646 2700 4698 nisi
2721 4660 2960 4700 sororem
2989 4645 3182 4697 habeat
3202 4659 3357 4697 suam
3382 4646 3640 4698 eleemoo

2034 4729 2239 4784 synam.
2263 4714 2536 4784 Siquidem
2561 4715 2674 4783 biga
2703 4725 2785 4769 est
2805 4716 2940 4782 ejus,
2965 4731 3063 4768 nec
3084 4713 3392 4768 fraternitas
3417 4724 3480 4768 et
3512 4716 3641 4783 biga

2035 4794 2254 4847 tantum,
2289 4787 2381 4839 sed
2410 4786 2568 4839 etiam
2597 4785 2922 4840 vehiculum.
2957 4785 3106 4840 Unde
3139 4784 3186 4836 id
3214 4787 3477 4838 constat?
3527 4791 3644 4840 An-

2032 4856 2181 4921 gelus
2206 4855 2455 4909 Cornelio
2479 4855 2688 4910 dicebat
2720 4873 2732 4904 :
2770 4855 3030 4908 Orationes
3071 4865 3171 4907 tua:
3206 4866 3251 4906 et
3279 4856 3644 4924 eleemosymz

2032 4935 2132 4978 tute
2156 4926 2485 4979 ascenderunt
2513 4926 2563 4978 in
2607 4927 2897 4979 memoriam
2939 4925 2992 4978 in
3031 4935 3299 4992 conspectu
3341 4924 3447 4978 Dei
3497 4926 3642 4994 (Act.

2034 4995 2118 5049 10.
2154 4994 2228 5065 4).
2265 4995 2356 5048 Est
2386 4997 2526 5049 enim
2550 4996 2633 5049 ala
2663 4996 2919 5049 orationis
2944 4995 3281 5065 eleemosyna
3317 5012 3330 5046 ε
3364 4995 3481 5049 nisi
3513 5010 3643 5047 ora-

2033 5067 2160 5118 tioni
2192 5064 2302 5117 tua:
2330 5067 2467 5119 alam
2513 5065 2800 5128 addideris,
2833 5065 3052 5120 minime
3094 5064 3274 5118 volat:
3309 5080 3442 5118 cum
3500 5079 3641 5118 vero

2031 5136 2188 5189 fuerit
2213 5136 2310 5188 alis
2339 5136 2555 5203 prirdita
2591 5138 2767 5189 anima
2795 5147 2901 5199 tua,
2933 5137 2984 5188 in
3015 5134 3210 5189 caslum
3235 5137 3445 5189 evolat.
3483 5136 3642 5202 Quu-

2029 5220 2197 5274 usque
2227 5210 2436 5259 tandem
2471 5208 2806 5273 pecuniarum
2851 5221 3002 5259 amor
3040 5216 3093 5259 et
3119 5218 3278 5273 opum
3308 5203 3640 5273 cupiditas?

2029 5275 2154 5329 ler
2191 5277 2388 5336 omnia,
2419 5277 2489 5330 mi
2541 5277 2722 5341 frater,
2751 5291 2851 5329 una
2883 5291 3001 5329 cum
3036 5275 3132 5328 hac
3156 5276 3261 5329 vita
3315 5278 3640 5329 terminan-

2028 5357 2132 5400 tur.
2164 5345 2267 5400 Sed
2300 5347 2448 5410 mihi,
2469 5347 2697 5409 satscio,
2717 5347 2884 5407 dices,
2903 5348 3015 5400 lucc
3044 5346 3135 5399 tibi
3162 5346 3260 5414 ipsi
3289 5358 3640 5399 commemo-

2029 5432 2107 5470 ra.
2135 5416 2205 5470 Et
2236 5417 2361 5469 mihi
2387 5418 2483 5484 ipsi
2505 5424 2958 5479 eommcmoro,et
2981 5416 3158 5470 vobis:
3189 5425 3270 5469 est
3297 5417 3453 5469 enim
3481 5428 3639 5469 cont-

2028 5503 2193 5561 mune
2226 5488 2528 5561 consilium.
2557 5487 2686 5561 ‘Ego
2712 5487 2838 5561 dum
2884 5485 2999 5561 hate
3043 5486 3224 5561 audio,
3258 5495 3316 5540 et
3346 5486 3636 5561 corrigor,

2027 5558 2340 5611 beneficium
2389 5570 2416 5609 a
2451 5558 2600 5610 vobis
2647 5559 2848 5625 accipio
2879 5574 2891 5608 :
2926 5557 3049 5610 licet
3092 5557 3138 5609 is
3178 5571 3370 5609 servus
3399 5556 3499 5619 sit,
3537 5556 3637 5621 qui

2027 5627 2184 5696 dicit,
2216 5628 2492 5682 consilium
2525 5627 2784 5695 admitto;
2814 5629 2936 5683 licet
2964 5627 3122 5686 liber.
3160 5626 3391 5682 libenter
3419 5625 3636 5682 audio:
