3828 6226
139 295 165 350 l
175 294 266 352 061

135 418 244 460 non
274 402 414 458 enim
459 415 814 472 personarum
859 400 1188 472 excellentia,
1219 400 1311 472 sed
1358 399 1557 472 utilitas
1587 413 1714 472 cun:

136 475 243 528 silii
274 469 543 535 efficit,'ut
587 487 648 526 ea
695 487 815 540 qua:
859 471 1129 531 dicuntur,
1169 470 1459 540 admittam.
1503 469 1629 540 Nam
1671 469 1716 522 si

139 543 349 613 Moyses
375 542 462 595 ille
491 550 668 613 tantus
700 539 802 604 vir,
830 542 918 610 qui
955 556 1074 594 cum
1105 542 1213 593 Deo
1251 539 1422 593 fuerat
1449 539 1716 613 ροιιοιιιιητ

139 608 250 676 tus,
295 613 462 666 soceri
494 612 577 665 sui
615 608 894 666 consilium
940 626 1043 663 non
1073 619 1154 664 est
1182 619 1477 668 aversatus,
1511 608 1718 662 tametsi

142 683 401 737 barbarus
429 689 564 746 erat,
595 680 686 736 sed
715 695 832 734 cum
862 683 973 748 ipse
1001 680 1254 746 suscepit,
1285 689 1392 731 tum
1426 677 1564 748 Deus
1587 693 1716 748 eon-

141 749 430 824 tirinavit_(
449 749 616 824 Exod.
658 750 744 804 18.
771 746 932 824 ‘24)}
975 760 1171 824 quanto
1218 749 1383 824 magis
1423 747 1561 824 _nos_?
1601 746 1717 824 Non

141 821 268 876 dico
315 816 430 886 tibi,
477 830 534 873 ut
577 820 730 887 inops
765 816 880 882 fias,
919 816 1010 872 sed
1060 829 1116 870 ut
1162 817 1299 886 quod
1346 816 1622 887 redundat,
1668 817 1718 869 in

144 905 402 959 pauperes
420 903 628 958 eroges,
644 886 702 942 ut
740 889 1055 943 abundantia
1087 899 1171 941 tua
1196 887 1378 959 salutis
1399 886 1607 959 occasio
1626 887 1716 938 tibi

146 957 267 1016 iiut;
288 959 401 1013 Non
428 957 618 1012 videtis
657 959 849 1012 mullos
885 961 935 1011 in
960 959 1040 1010 via
1080 957 1375 1025 pauperes?
1411 957 1528 1021 Quo
1568 965 1721 1025 pacto

142 1031 273 1097 negti
315 1029 544 1097 nudique
585 1027 899 1083 remanent?
947 1024 1121 1097 Atque
1157 1026 1241 1097 hic
1269 1025 1480 1097 quidem
1507 1024 1717 1097 junior,

155 1093 243 1152 ille
275 1115 398 1152 vero
445 1093 622 1152 senior
648 1107 777 1162 est;
823 1108 878 1152 et
915 1093 1050 1150 alter
1077 1096 1144 1149 ab
1181 1093 1349 1148 altero
1394 1093 1625 1158 fulcitur,
1669 1104 1723 1148 et

155 1169 319 1222 inulta
343 1176 426 1221 est
448 1168 657 1221 illorum
681 1167 912 1220 miseria.
940 1167 1011 1220 Da
1039 1168 1196 1235 igitur
1223 1173 1591 1235 conservo.ut
1621 1164 1722 1218 Deo

153 1239 358 1292 minam
404 1237 598 1291 habeas
627 1236 938 1300 debitorem,
967 1234 1079 1305 qui
1105 1235 1345 1289 lubenter
1386 1234 1719 1305 est_debitor,

147 1308 244 1376 qui
265 1316 462 1361 sortem
483 1306 573 1360 dat
594 1321 716 1360 cum
748 1321 924 1360 usura.
945 1303 1082 1376 Nam,
1107 1306 1156 1358 in
1188 1305 1344 1376 rebus
1361 1303 1569 1372 quidem
1603 1318 1725 1376 pro-

152 1371 290 1431 fanis
317 1379 515 1430 crimen
542 1383 624 1430 est
653 1391 833 1438 usura,
871 1386 924 1429 at
952 1375 1089 1444 apud
1126 1376 1287 1427 Demn
1317 1371 1435 1444 laus
1461 1383 1560 1426 est.
1587 1371 1722 1444 Non

149 1449 248 1499 das
294 1445 547 1516 pauperi?
593 1446 724 1499 Eum
768 1443 1000 1510 attende,
1039 1445 1128 1513 qui
1177 1459 1270 1511 per
1313 1443 1459 1496 illum
1493 1443 1641 1511 petit,
1670 1450 1724 1516 et

150 1518 270 1586 ejus
297 1511 627 1585 dignitatem,
657 1516 746 1584 qui
776 1516 988 1586 accipit,
1020 1511 1264 1586 reverere
1293 1529 1305 1565 :
1340 1528 1538 1586 pauper
1580 1511 1722 1586 acci-

148 1581 254 1656 pit,
285 1598 337 1640 et
358 1581 508 1656 'Deoi
535 1581 774 1646 mutuum
817 1581 992 1638 datur.
1035 1583 1218 1656 cogita
1246 1597 1352 1652 quo
1391 1581 1725 1656 descenderit

154 1652 274 1724 ejus
299 1670 456 1709 causa
489 1655 742 1708 Dominus
769 1663 908 1716 tuus,
933 1663 990 1708 ut
1019 1663 1068 1707 te
1095 1652 1410 1724 inflecteret,
1443 1667 1509 1706 ne
1535 1652 1724 1724 crude-

148 1722 224 1778 lis
245 1739 393 1778 esses
420 1732 474 1779 et
504 1724 840 1778 inhumanus.
881 1724 1194 1777 Esurientem
1222 1723 1354 1776 enim
1396 1737 1474 1774 me
1510 1722 1722 1784 vidistis,

152 1805 202 1847 et
233 1811 329 1847 non
353 1795 548 1848 aluistis
576 1809 595 1847 :
623 1795 885 1858 sitientem,
916 1803 962 1847 et
991 1809 1088 1846 non
1114 1792 1320 1845 dedistis
1355 1791 1480 1843 mihi
1514 1802 1685 1860 potum
1703 1806 1722 1843 :

157 1865 422 1933 hospitem,
461 1873 507 1916 et
546 1880 645 1916 non
671 1862 940 1933 rollegistis
966 1879 984 1915 :
1011 1864 1223 1926 nudum,
1261 1871 1306 1916 et
1333 1878 1433 1933 non
1460 1861 1726 1933 aperuistis

155 1929 370 2001 (naua.
397 1933 486 1988 25.
517 1933 604 1987 42.
635 1934 760 2003 45);
791 1929 846 2003 et
879 1948 997 2002 qua:
1025 1941 1334 1999 sequuntur.
1363 1929 1475 1984 Non
1501 1930 1595 2003 das
1627 1931 1724 2003 igi-

156 2015 246 2058 tur
264 2003 476 2057 Christo
512 2001 804 2058 esurienti?
851 2001 930 2056 Tu
980 2012 1033 2056 et
1087 2016 1286 2070 pauper
1328 2001 1566 2068 corporis
1609 2001 1726 2069 ejus

154 2074 513 2127 communiter
539 2088 604 2127 ex
636 2087 816 2127 mensa
847 2073 1129 2142 participes
1164 2074 1311 2130 estis.
1344 2078 1398 2124 et
1424 2071 1574 2124 calici
1612 2071 1726 2139 ejus

156 2145 361 2212 pariter
386 2143 790 2196 communicatis
819 2160 830 2194 :
862 2143 912 2196 in
955 2157 1132 2196 rerum
1175 2155 1483 2212 magnarum
1523 2154 1585 2194 ac
1619 2149 1727 2212 tre;

156 2210 468 2267 inendarum
521 2213 947 2267 communionem
999 2221 1172 2266 tecum
1224 2210 1394 2274 venit,
1441 2218 1494 2263 et
1543 2222 1596 2263 tu
1650 2210 1726 2264 illi

151 2285 372 2352 exiguas
401 2298 507 2338 non
533 2283 808 2351 impertis?
837 2281 972 2336 Num
1018 2283 1159 2336 enim
1194 2281 1287 2344 illi,
1320 2295 1437 2348 qua:
1456 2290 1552 2352 tua
1577 2288 1722 2346 sunt,

157 2351 366 2421 largiris
378 2354 403 2404 τ
427 2353 678 2418 Quamvis
696 2353 838 2406 enim
854 2367 884 2404 a
901 2352 1203 2421 parentibus
1227 2351 1518 2421 acceperis,
1538 2364 1726 2421 quam-

155 2418 294 2475 vis'a
324 2423 630 2488 majoribus,
666 2422 758 2476 Dei
788 2418 916 2476 sunt
939 2438 952 2474 :
985 2422 1109 2491 quid
1134 2421 1187 2474 in
1220 2431 1413 2473 terram
1444 2418 1722 2491 _illa_defo-

158 2494 282 2546 dis?
312 2493 383 2545 Da
415 2495 649 2560 pauperi,
678 2501 732 2544 et
760 2492 923 2545 multa
953 2489 1075 2546 cum
1107 2492 1390 2545 securitate
1419 2489 1510 2543 tibi
1543 2489 1724 2560 Domi:

157 2578 260 2615 nus
289 2563 373 2615 illa
412 2559 662 2616 Sei'vabit.
694 2561 814 2615 Non
856 2561 1024 2626 vides,
1055 2561 1180 2630 quid
1210 2561 1407 2615 faciant
1443 2559 1728 2628 agricolas?

150 2632 536 2700 Swpe..untero
566 2633 628 2697 is,
660 2633 744 2685 cui
785 2647 890 2699 prie
921 2632 1096 2700 inopia
1125 2645 1304 2684 semen
1337 2645 1441 2683 non
1471 2630 1724 2700 suppetil,

159 2699 366 2756 vestem
416 2717 563 2756 suam
617 2703 818 2770 pignori
845 2699 1085 2770 opponit,
1115 2711 1168 2754 et
1190 2701 1330 2769 quod
1363 2700 1472 2753 vult
1513 2699 1726 2767 accipit,

149 2786 233 2825 ac
266 2781 417 2826 terra:
455 2772 738 2825 committit
767 2787 780 2824 :
811 2772 1021 2825 tametsi
1073 2785 1328 2840 perssepe,
1359 2784 1479 2824 cum
1521 2779 1726 2838 tempe-

151 2852 351 2895 statum
399 2842 737 2910 intemperies
780 2841 1069 2910 ingruerit,
1110 2841 1249 2893 nulla
1280 2840 1501 2910 collecta
1551 2854 1724 2910 messe

151 2910 412 2975 discedit,
444 2921 497 2964 et
529 2907 700 2965 tamen
737 2907 951 2980 propter
991 2925 1140 2980 spem
1173 2920 1328 2964 terra:
1355 2909 1543 2964 credit.
1573 2907 1724 2974 Quod

152 2982 315 3049 igitur
365 2990 504 3050 terra
558 2989 804 3050 pnestat,
853 2981 954 3050 hoc
1007 2981 1260 3050 Dominus
1315 2987 1570 3050 prmstare
1619 2992 1726 3032 non

152 3048 372 3119 potest?
401 3048 612 3104 Imitare
637 3051 778 3105 illam
820 3051 874 3104 in
905 3049 1084 3104 Veteri
1109 3049 1451 3104 Testamento
1488 3048 1721 3119 viduam,

149 3118 278 3191 una:
309 3121 556 3191 pugillum
588 3120 768 3174 farinae
798 3120 852 3174 in
897 3120 1104 3191 hydria,
1130 3127 1185 3173 et
1213 3134 1436 3188 paucutn
1467 3118 1641 3191 oleum
1672 3118 1723 3172 in

147 3190 364 3261 lecytho
394 3189 614 3261 habuit:
646 3191 894 3261 quoniam
938 3189 1004 3261 es
1052 3191 1180 3259 ipsis
1211 3191 1439 3261 hospitio
1484 3189 1720 3261 prophe-

146 3258 261 3330 tam
288 3261 495 3328 excepit
526 3260 624 3330 (5.
661 3258 906 3330 Regal'l.
941 3259 1028 3329 12)
1051 3258 1182 3312 :attt
1213 3259 1367 3312 i~tam
1406 3260 1455 3311 in
1484 3258 1724 3326 Evange-

147 3329 249 3394 lio,
278 3344 394 3398 qua:
422 3345 542 3383 cum
567 3329 754 3384 ouolos
783 3329 915 3384 duos
941 3332 1192 3394 misisset,
1221 3344 1408 3383 omnes
1435 3331 1723 3398 superavit,

143 3397 348 3470 quippe
377 3413 661 3470 quarisuas
698 3415 884 3470 omnes
909 3415 1038 3468 epes
1084 3401 1286 3452 miserit
1331 3398 1476 3468 (an.
1520 3397 1613 3470 2t.
1643 3397 1720 3470 5).

141 3469 291 3540 Quid
326 3483 450 3540 vero
488 3468 684 3540 dicis?_
707 3469 916 3540 Pauper
941 3486 1078 3534 sum,
1125 3471 1373 3540 pecunias
1401 3484 1517 3540 non
1533 3468 1721 3540 habeo.

147 3539 300 3608 imos
323 3538 508 3592 obolos
537 3554 642 3592 non
674 3538 854 3602 habes,
886 3541 1197 3608 quinetiam,
1228 3539 1349 3593 licet
1374 3553 1477 3591 non
1507 3538 1722 3600 habeas,

145 3607 308 3661 bonne
359 3609 553 3662 mentis
596 3618 650 3662 et
677 3607 915 3663 affeCtus’
946 3624 1075 3677 opes
1125 3610 1343 3677 requirit
1371 3609 1552 3662 Deus:
1603 3623 1725 3677 pro-

146 3686 333 3756 pterea
384 3678 612 3743 dicebat,
648 3678 955 3748 Quicumque
998 3677 1190 3731 dederit
1231 3679 1434 3731 calicem
1462 3677 1724 3800 aquwlri-

146 3747 304 3800 mdw.
337 3764 438 3800 non
487 3750 656 3800 perdet
702 3750 977 3800 mercedem
1025 3764 1170 3800 suam
1222 3747 1432 3800 (Matth.
1490 3747 1575 3800 10.
1644 3746 1722 3800 2).

186 3747 304 3817 idm,
337 3764 438 3800 non
487 3750 656 3815 perdet
702 3746 977 3802 mercedem
1025 3764 1170 3801 suam
1222 3747 1432 3817 (Matth.
1490 3747 1575 3801 10.
1608 3746 1722 3816 42).

203 3817 459 3888 ide,quid
484 3817 625 3872 dicat
650 3835 663 3870 :
691 3833 837 3887 aquae
875 3819 1092 3888 frigidm,
1121 3833 1226 3888 non
1251 3817 1458 3888 calidte,
1485 3833 1551 3870 ne
1597 3832 1724 3888 pro-

143 3896 272 3956 pter
297 3885 557 3955 lignorum
585 3885 852 3956 sumptum
875 3885 1124 3942 mercede
1145 3887 1388 3955 priveris.
1417 3887 1590 3954 Atque
1620 3885 1721 3938 lm-

143 3965 365 4026 perator
393 3957 609 4025 quidem
635 3959 677 4011 si
708 3959 956 4011 tributum
997 3973 1127 4010 auro
1159 3956 1251 4011 tibi
1281 3956 1591 4026 solvendum
1638 3956 1723 4007 in-

139 4025 315 4090 dicat,
356 4041 667 4096 suspensus,
705 4027 932 4080 ﬁdiculis
972 4035 1162 4090 tortus,
1192 4034 1457 4096 quantum
1496 4025 1584 4079 ille
1627 4039 1723 4077 vo-

139 4096 328 4166 luerit,
360 4095 542 4166 pendis
569 4113 583 4149 :
615 4097 858 4166 quamvis
881 4098 1208 4166 pauperisis,
1242 4112 1346 4166 non
1379 4095 1536 4149 habet
1562 4098 1722 4166 ratio-

139 4179 274 4220 nem
305 4163 567 4220 facultatis
605 4163 1102 4235 personarum—sed
1139 4165 1336 4233 proprii
1375 4166 1538 4230 lucri;
1585 4165 1724 4217 Deus

137 4245 327 4305 autem
371 4249 474 4287 non
523 4235 614 4301 ita,
647 4251 830 4289 verum
862 4252 954 4303 pro
979 4236 1235 4305 cujusque
1263 4235 1512 4291 facultate
1542 4236 1722 4302 requi-

139 4305 238 4357 rit.
269 4304 374 4358 Cur
418 4305 556 4360 enim
597 4316 717 4359 sunt
749 4304 1050 4374 pauperes?
1095 4307 1178 4358 An
1202 4320 1334 4374 vero
1363 4320 1468 4357 non
1516 4311 1724 4373 poterat

140 4374 293 4428 Dens
320 4389 536 4428 aureum
573 4373 794 4428 imbrem
829 4375 1149 4429 demittere?
1190 4373 1296 4429 Sed
1323 4383 1380 4427 ut
1422 4374 1560 4427 illius
1591 4388 1723 4442 pan-

137 4454 328 4514 pcrtas
355 4445 601 4496 solatium
621 4445 711 4498 tibi
732 4445 821 4498 fiat
839 4454 1192 4514 peccatorum.
1217 4445 1460 4514 Magnum
1480 4444 1722 4514 quiddam

135 4511 218 4585 est
242 4513 412 4585 Italico,
437 4524 482 4566 et
525 4516 792 4580 pretiosum
832 4511 979 4568 homo
1006 4515 1284 4568 misericors
1306 4511 1498 4585 '(Prov.
1527 4513 1616 4567 20.
1642 4511 1716 4580 ὃ).

145 4583 289 4636 Vide
331 4593 526 4655 quanta
559 4599 642 4655 res
667 4585 734 4637 sit
776 4585 1114 4655 eleemosyna
1147 4601 1161 4637 :
1204 4583 1384 4655 secum
1413 4584 1550 4636 Deus
1575 4597 1723 4637 coni-

138 4663 302 4723 parat
331 4653 724 4707 misericordem
757 4672 770 4708 :
803 4654 977 4707 Estote
1015 4653 1187 4712 enim.
1217 4654 1404 4722 inquit,
1432 4655 1720 4723 misericor—

134 4721 259 4787 des,
289 4724 417 4774 sicut
451 4734 497 4776 et
546 4723 698 4776 Pater
745 4735 899 4778 vester
927 4723 1136 4778 cazlestis
1161 4721 1439 4778 misericors
1467 4732 1540 4776 est
1566 4721 1717 4790 (Luc.

135 4794 200 4846 6.
234 4791 347 4862 56).
393 4792 448 4845 Si
488 4795 693 4846 venerit
720 4808 882 4856 mors,
915 4792 998 4846 hic
1040 4802 1256 4846 manent
1301 4793 1568 4862 pecuniae:
1595 4793 1719 4861 quin

133 4877 200 4917 tu
250 4863 410 4931 igitur
433 4877 523 4914 eas
555 4863 676 4916 illuc
705 4864 998 4930 praanittis,
1029 4872 1088 4916 ut
1126 4863 1180 4916 in
1222 4863 1306 4916 illa
1332 4863 1419 4916 die
1459 4862 1550 4916 tibi
1580 4877 1712 4931 pau-

135 4946 304 5001 peres
345 4933 763 5000 patrocinentur,
808 4933 896 4986 ubi
939 4948 1045 4988 non
1077 4940 1160 4986 est
1188 4943 1386 4994 orator,
1420 4947 1519 4987 nec
1561 4931 1722 4987 advo-

129 5002 337 5058 catus?
389 5003 688 5059 Ostendunt
713 5003 852 5056 enim
880 5012 1056 5056 vestes
1083 5011 1138 5057 et
1165 5001 1400 5070 strepltia
1437 5017 1717 5071 pauperes,

129 5083 196 5153 et
344 5071 463 5153 igne
494 5082 543 5125 te
585 5072 869 5153 abripiuni.
903 5072 1018 5127 Non
1063 5073 1133 5127 ila
1152 5088 1282 5153 pum
1313 5074 1362 5125 in
1391 5072 1612 5140 glaciem
1640 5076 1718 5153 sol

132 5141 412 5205 inciderit,
445 5157 561 5214 eam
601 5142 886 5214 liquefacit.
920 5153 1081 5214 atque
1115 5141 1473 5214 eleemosyna,
1507 5155 1626 5214 eum
1668 5142 1719 5194 in

130 5218 486 5282 peccatorum
531 5211 773 5265 inciderit
799 5213 1208 5275 multitudinem,
1241 5226 1301 5265 ea
1327 5211 1716 5282 delet._Utgau_-

130 5279 249 5334 ient
281 5281 656 5352 sublimitatem
699 5282 964 5352 intelligas
991 5279 1516 5352 eleemosyntc,qttid
1561 5280 1720 5352 virgi-

129 5352 309 5403 nitate
357 5350 712 5409 laboriosius?
756 5350 916 5405 Nihil.
947 5353 1118 5405 Multa:
1157 5350 1280 5404 sunt
1331 5351 1571 5412 virtutes,
1601 5351 1718 5404 alia:

130 5434 376 5490 magnae,
403 5421 520 5475 alia:
567 5422 819 5490 majores,
847 5423 965 5475 alia:
1007 5421 1282 5476 minores?
1323 5423 1392 5475 At
1421 5418 1720 5490 virginitate

129 5489 460 5544 laboriosius
513 5501 596 5546 est
642 5489 792 5544 nihil.
846 5492 980 5545 Cum
1034 5501 1220 5545 natura
1279 5492 1553 5553 luctatur;
1618 5489 1720 5544 hoc

130 5559 341 5611 bellum
386 5560 833 5615 intermissionem
878 5577 982 5614 nun
1027 5561 1229 5616 habet:
1275 5576 1445 5629 pugna
1493 5567 1576 5613 est
1602 5575 1719 5628 qua:

131 5641 329 5696 pacem
359 5645 642 5698 numquam
673 5633 892 5684 sortitur
916 5632 1013 5684 nisi
1051 5631 1194 5686 forte
1221 5646 1315 5698 per
1337 5630 1531 5684 Christi
1562 5630 1719 5684 mise-

131 5698 451 5753 ricordiam.
476 5699 591 5756 Stat
634 5702 782 5771 virgo
806 5700 1076 5757 fornacem
1116 5700 1168 5753 in
1199 5701 1428 5772 seipsam
1455 5700 1713 5764 conllanv,

1278 281 1369 337 ne
1406 279 1678 339 JEJUNIO
1719 273 1802 333 cr
1843 231 2318 333 cinnova

3260 293 3399 346 toga

1831 411 1930 451 nec
1973 399 2402 473 tamen_ttritttt_":
2436 399 2585 469 virgo
2633 418 2793 473 super
2841 419 3034 473 prunas
3077 402 3395 470 consistens,

1827 483 1931 520 non
1960 477 2134 540 tamen
2165 468 2481 534 incenditur,
2505 468 2624 526 cum
2653 468 2722 528 sit
2746 475 2795 528 in
2826 468 3062 540 fornace,
3090 489 3198 528 non
3217 468 3398 527 exuri-

1826 545 1929 617 μετ’,
1953 535 2046 590 sed
2079 545 2134 617 ut
2158 540 2437 617 tres.pneri
2468 535 3124 617 rore‘perfunditur,eum
3159 543 3395 617 invisibi-

1825 607 1962 660 libus
2006 615 2216 660 certans
2243 608 2540 673 virtutibus,
2565 607 2870 668 Michaelem
2903 607 3156 672 imitatur,
3187 621 3239 665 et
3286 612 3396 667 Ga-

1826 674 2046 752 brielcm
2087 677 2382 731 aemulatur.
2424 679 2480 733 In
2529 683 2772 749 paradiso
2798 693 2913 738 erat
2950 683 3240 752 virginitas,
3269 692 3322 752 et
3365 697 3398 736 a

1826 745 2059 799 dracone
2094 757 2343 820 corrupta
2369 760 2450 802 est
2483 768 2495 802 :
2529 745 2807 820 propterea
2853 745 3399 819 mediis'tempOribus

1827 829 1930 867 non
1961 817 2248 890 apparebat
2274 834 2287 869 :
2320 833 2439 890 eum
2487 817 2662 874 autem
2692 824 2837 876 venit
2873 824 2938 887 is,
2967 823 3055 890 qui
3083 838 3146 874 ex
3185 817 3398 884 'virgine

1828 894 1982 958 natus
2002 893 2106 958 est,
2135 885 2287 939 Jesns
2310 886 2550 942 Christus
2577 891 2666 944 Dei
2688 891 2873 954 Filius,
2897 885 3006 946 tum
3031 903 3213 946 rursus
3229 904 3397 958 appa-

1826 955 1950 1031 ritit.
2002 954 2088 1006 Vis
2137 959 2672 1031 autemvirginitatis
2723 962 3135 1031 magnitudinem
3198 954 3397 1031 nosse?

1826 1021 2209 1101 Moysesmare
2233 1021 2639 1088 divisitfaerem
2667 1021 2980 1101 immtitavit,
3010 1044 3200 1082 manna
3221 1029 3393 1101 demi-

1825 1094 1913 1155 sit,
1941 1103 2002 1173 ‘et
2051 1094 2128 1173 illi
2162 1109 2376 1173 prppter
2404 1112 2624 1173 usorent
2649 1114 2800 1173 suam
2829 1094 3204 1173 {Ethiopissam
3243 1098 3398 1152 oblo-

1827 1163 2135 1236 qunti-sunt
2165 1163 2368 1236 '(Nnm.
2399 1166 2484 1219 l2.
2513 1168 2588 1230 1),
2632 1170 2769 1236 quod
2801 1185 2994 1224 uxores
3014 1163 3260 1224 'haberet
3289 1185 3300 1218 :
3343 1177 3400 1222 et

1829 1247 1955 1283 vero
1972 1233 2262 1295 Abraham,
2282 1233 2448 1300 Isaac,
2465 1248 2515 1290 et
2539 1233 2721 1292 Jacob.
2749 1240 2857 1292 Imo
2879 1250 2933 1295 et
2951 1239 3166 1307 Joseph,
3185 1238 3395 1291 tametsi

1824 1308 2004 1355 castus
2033 1311 2168 1364 erat,
2199 1314 2377 1370 pOstea
2408 1314 2581 1360 tamen
2610 1323 2826 1363 uxorem
2858 1309 3058 1362 habuit.
3090 1309 3176 1362 Vis
3202 1307 3399 1360 intelli-

1825 1386 1971 1437 gere,
2008 1381 2201 1439 qnanta
2248 1387 2334 1445 res
2357 1375 2429 1428 sit
2469 1377 2780 1445 virginitas?
2809 1380 2943 1434 Cum
2970 1379 3203 1432 venisset
3241 1376 3398 1430 Chri—

1827 1449 2105 1520 stus,eam
2132 1442 2449 1520 necessitate
2470 1442 2574 1498 non
2601 1447 2871 1520 devinxit;
2904 1448 3060 1520 simul
3088 1449 3239 1520 enim
3269 1446 3400 1499 alias

1829 1512 2196 1581 virtutescnm
2242 1512 2572 1579 intendisset,
2605 1515 2740 1571 hanc
2769 1533 2873 1570 non
2921 1517 3165 1581 intendit,
3199 1527 3253 1569 ut
3278 1531 3397 1570 cum

1827 1589 2018 1647 sponte
2061 1580 2194 1635 bene
2231 1582 2424 1650 egeris,
2465 1587 2756 1640 coroneris.
2785 1587 2883 1652 Qui
2915 1589 2966 1641 in
2993 1580 3317 1642 continentia
3345 1596 3400 1639 et

1829 1658 2138 1725 paupertate
2166 1665 2226 1705 se
2265 1662 2535 1725 exercent,
2567 1655 2790 1721 primam
2831 1657 2971 1710 illam
3002 1655 3398 1725 aggrediuntur.

1830 1717 1966 1791 Sunii
1986 1721 2118 1791 enim
2143 1723 2374 1783 eunuchi,
2402 1724 2486 1791 qui
2508 1717 2580 1777 sic
2604 1726 2709 1790 nati
2736 1738 2851 1779 sunt
2878 1743 2897 1778 :
2933 1735 2979 1780 et
3016 1717 3130 1778 sitit!
3160 1723 3394 1788 eunuchi,

1822 1789 1912 1856 qui
1939 1789 2061 1857 facti
2106 1800 2222 1842 sunt
2249 1791 2311 1842 ab
2360 1789 2639 1848 hominibus
2667 1810 2684 1848 :
2721 1805 2764 1847 et
2804 1805 2919 1850 sunt
2960 1795 3177 1848 eunuchi
3205 1794 3290 1855 qni
3317 1810 3398 1845 se-

1826 1858 1965 1932 ipses
1989 1868 2326 1913 castraverunt
2351 1872 2555 1932 propter
2583 1881 2791 1932 regnum
2813 1867 3050 1919 caelorum
3071 1862 3281 1932 (Matth.
3308 1862 3394 1917 19.

1831 1927 1946 1999 12).
1996 1943 2099 1982 non
2148 1944 2265 1999 cum
2314 1927 2411 1984 sibi
2449 1927 2697 1986 membra
2723 1927 3104 1999 amputassent',
3143 1932 3236 1987 sed
3277 1947 3398 1987 cum

1821 1995 2074 2077 liiSCiVillll
2097 1998 2366 2077 libidinem
2394 2004 2764 2058 resecuissent.
2799 1995 2898 2070 Qui
2918 2013 3076 2073 potest
3092 1995 3271 2072 capere
3307 2019 3398 2055 ca-

1831 2068 1953 2134 piat.
1984 2068 2268 2136 Apostolus
2315 2086 2522 2138 quoque
2569 2078 2786 2127 virtutes
2816 2068 3002 2128 omnes
3045 2068 3167 2128 cuni
3214 2085 3400 2126 recen-

1826 2139 2056 2209 suisset,
2104 2138 2364 2209 hujusqne
2408 2141 2814 2196 innuensitatem
2863 2145 3026 2209 probe
3065 2150 3264 2205 nosset,
3291 2140 3398 2195 ait:

1828 2203 1908 2282 Pe
1933 2203 2204 2282 uirginibus
2250 2203 2553 2277 prwcepmm
2600 2212 2806 2266 Domini
2850 2203 2947 2266 non
2997 2213 3151 2265 habeo
3171 2203 3398 2282 (1.⁷(ἐον.

1823 2275 1883 2352 Ἰ.
1936 2275 2048 2345 25).
2097 2275 2260 2352 Vides
2313 2288 2369 2333 ut
2413 2275 2606 2349 magna
2655 2283 2724 2336 sit
2771 2282 3073 2352 virginitas,
3120 2275 3192 2334 et'
3222 2288 3399 2334 tamen

1827 2345 2028 2421 absque
2061 2346 2398 2421 eleemosyna
2443 2345 2548 2404 non
2585 2353 2814 2406 servavit
2839 2345 3242 2421 :veleemosynre
3270 2365 3400 2404 vero

1827 2416 1947 2470 sine
1974 2417 2270 2486 virginitate
2295 2416 2656 2474 servaverunt.
2683 2421 2927 2490 Quinque
2964 2416 3194 2490 virgines
3221 2419 3400 2483 Γειιιιειι,

1831 2493 2108 2558 propterea
2137 2491 2276 2557 quod
2306 2491 2478 2544 oleum
2529 2506 2632 2545 non
2669 2492 2952 2556 habebant,
2981 2493 3074 2546 sed
3119 2491 3395 2558 virginita-

1833 2566 1936 2609 tem
1968 2556 2236 2623 solam,’in
2285 2561 2464 2627 sponsi
2499 2560 2784 2614 thalamum
2831 2577 2936 2615 non
2973 2556 3254 2615 intrarunt.
3299 2561 3399 2613 Sa-

1827 2627 2090 2698 pienlibus
2108 2628 2248 2680 enim
2267 2628 2466 2691 dicunt,
2487 2628 2621 2683 Date
2645 2631 2786 2685 nobis
2802 2632 2864 2686 de
2880 2633 2988 2685 oleo
3008 2639 3168 2685 vestro
3185 2629 3397 2698 (Matth.

1946 2695 2025 2764 8).
2049 2697 2125 2770 lle
2149 2699 2343 2770 merito
2368 2714 2494 2753 sane
2530 2699 2690 2756 fatua:
2715 2711 2840 2755 sunt
2864 2711 3084 2764 vocataz,
3111 2693 3399 2770 quodcum

1827 2766 1906 2840 id,
1936 2767 2076 2836 quod
2119 2778 2236 2821 erat
2281 2769 2613 2834 laboriosius,
2655 2771 3023 2839 perfecissent,
3061 2766 3202 2840 quod
3253 2769 3400 2840 labo-

1827 2837 1905 2890 ris
1953 2850 2145 2911 expers
2187 2847 2329 2911 erat,
2371 2854 2474 2892 non
2529 2837 2900 2908 praestitissent
2941 2859 2955 2895 :
3005 2837 3250 2911 magnum
3299 2839 3399 2894 ad-

1828 2907 2121 2980 gersarium
2172 2907 2502 2980 dejecerant,
2534 2907 2588 2963 et
2627 2926 2658 2964 a
2687 2911 2875 2965 minori
2916 2911 3065 2966 fuere
3095 2907 3398 2980 'superatai.

1830 2977 1899 3032 Et
1952 2993 2073 3031 cum
2123 2979 2361 3032 venisset
2404 2993 2651 3048 sponsus,
2703 2981 2968 3048 sapientes
3017 2981 3070 3034 in
3109 2977 3400 3034 thalamum

1825 3049 2008 3116 sponsi
2051 3057 2342 3129 venerunt;
2392 3059 2550 3171 algae
2579 3050 2679 3104 illa:
2710 3065 2919 3120 quoque
2943 3051 3212 3121 pulsantes
3235 3066 3402 3103 vene—

1830 3126 1952 3171 runt
1982 3135 1996 3171 :
2036 3128 2212 3171 aituue
2239 3119 2341 3171 tlhs
2371 3135 2384 3171 :
2493 3121 2620 3171 escio
2663 3136 2748 3171 vos
2773 3120 2876 3171 (Ib.
2909 3137 2956 3171 υ.
2989 3121 3098 3171 12).
3126 3120 3262 3171 Ouid
3292 3121 3400 3171 ita?

1830 3126 1952 3190 runt
1982 3135 1996 3190 ξ
2036 3119 2212 3186 aitque.
2239 3118 2341 3190 illis
2371 3135 2384 3171 :
2438 3118 2620 3174 Nescio
2663 3136 2748 3175 vos
2773 3118 2876 3189 (Ib.
2909 3118 2961 3174 υ.
2989 3121 3098 3190 12).
3126 3120 3262 3185 Quid
3292 3121 3400 3190 ita?

1827 3189 2110 3261 Quoniam
2139 3189 2433 3261 esurientem
2493 3206 2569 3243 me
2624 3193 2847 3261 uidistis,
2911 3207 3001 3244 nec
3038 3190 3234 3244 aluistis
3281 3189 3398 3261 (Ib.

1824 3273 1876 3312 υ.
1907 3259 2020 3328 42).
2049 3257 2202 3311 Absit
2243 3269 2439 3322 autem,
2471 3268 2530 3312 ut
2570 3259 2724 3314 talem
2755 3275 2852 3314 nos
2878 3275 3062 3316 vocem
3104 3257 3396 3328 audiamus.

1827 3329 1936 3384 Illis
1963 3327 2088 3399 vero
2115 3343 2233 3399 quae
2253 3329 2643 3399 eleemosynam
2672 3341 3039 3399 erogaverunt,
3067 3329 3172 3384 ait:
3207 3327 3398 3392 Venite,

1826 3398 2072 3452 benedicti
2117 3398 2286 3469 Patris
2333 3400 2444 3461 mei,
2486 3398 2732 3469 possidete
2759 3398 2990 3468 paratum
3017 3400 3153 3453 vobis
3192 3415 3401 3469 regnant

1825 3486 1860 3522 a
1887 3467 2232 3521 constitutione
2259 3469 2432 3521 mundi
2465 3468 2566 3538 (Ib.
2597 3485 2643 3522 υ.
2681 3467 2792 3537 51).
2815 3470 2950 3536 Quid
2980 3470 3090 3524 ita?
3119 3467 3400 3536 num'quia

1825 3538 2556 3608 virginitatemservarunt?
2599 3539 2963 3607 Nequaquam,
3008 3539 3102 3593 sed
3150 3539 3401 3607 quoniam

1827 3607 2050 3670 Esurivi,
2082 3616 2128 3659 et
2170 3607 2376 3661 dedistis
2410 3609 2534 3661 mihi
2574 3611 2883 3663 manducare
2910 3624 2930 3662 :
2971 3609 3124 3673 sitiri,
3155 3618 3202 3662 et
3231 3617 3402 3676 potum

1827 3678 1959 3732 mihi
2001 3676 2206 3731 dedistis
2232 3693 2250 3729 :
2289 3677 2467 3749 hospes
2503 3693 2659 3740 erant,
2701 3690 2746 3733 et
2775 3675 3044 3749 collegistis
3085 3694 3164 3731 me
3186 3694 3204 3731 :
3234 3675 3403 3730 nudus

1826 3763 1986 3810 eram,
2019 3756 2064 3799 et
2094 3747 2422 3815 cooperuistis
2455 3763 2533 3800 me
2558 3764 2576 3801 :
2606 3750 2837 3815 inﬁrmus
2863 3747 2916 3803 ei
2936 3749 2988 3801 in
3012 3763 3229 3809 carcere,
3257 3757 3302 3800 et
3330 3749 3404 3800 vi-

1823 3817 2013 3887 sitastis
2039 3831 2117 3887 me
2139 3814 2242 3885 (1b.
2273 3831 2321 3868 υ.
2349 3815 2438 3870 42.
2466 3817 2581 3887 45).
2607 3814 2672 3871 Ut
2700 3831 2876 3873 autem
2906 3818 3185 3886 intelligas,
3209 3828 3401 3884 quanta

1829 3901 1916 3941 res
1941 3885 2011 3939 sit
2033 3885 2392 3954 eleemosyna,
2416 3885 2598 3939 rursus
2628 3887 2763 3941 hanc
2790 3889 2914 3942 volo
2944 3885 3094 3941 vobis
3123 3887 3402 3940 historiam

1824 3957 1879 4010 in
1910 3954 2217 4026 memoriam
2247 3969 2514 4026 revocare.
2551 3957 2741 4011 Decem
2781 3967 2933 4011 erant
2973 3956 3221 4026 virgines,
3250 3957 3402 4026 quin-

1823 4041 1929 4094 que
1954 4025 2240 4092 sapientes,
2287 4032 2341 4078 et
2377 4025 2611 4093 quinque
2658 4027 2810 4080 fatum
2843 4044 2856 4078 :
2904 4041 2966 4080 ac
2992 4025 3133 4078 circa
3167 4025 3399 4078 medimn

1831 4096 2001 4150 noctis
2027 4109 2126 4146 vox
2152 4102 2234 4147 est
2261 4094 2432 4147 edita:
2462 4095 2679 4164 surgite.
2717 4110 2945 4163 sponsus
2970 4095 3133 4149 venit.
3175 4094 3402 4148 Medium

1825 4165 2000 4219 noctis
2024 4172 2106 4217 est
2130 4163 2452 4217 resurrectio
2494 4182 2507 4216 :
2553 4163 2659 4232 quo
2687 4175 2924 4232 tempore
2954 4177 3052 4217 nos
3092 4179 3280 4218 omnes
3307 4178 3400 4216 an-

1825 4235 1928 4304 geli
1955 4232 2280 4304 excitabunt.
2303 4232 2442 4304 Cum
2482 4248 2610 4304 vero
2649 4235 2878 4304 virgines
2905 4234 3284 4304 surrexissent,
3314 4248 3402 4286 or-

1828 4302 2088 4358 naverunt
2111 4302 2380 4374 lampades
2402 4318 2544 4358 suas.
2570 4302 2750 4358 Porro'
2762 4303 2965 4374 lampas
2994 4311 3078 4374 est
3103 4303 3398 4374 virginitas,

1823 4390 1942 4443 qua;
1972 4372 2328 4443 estquiddam
2372 4388 2582 4443 purum,
2623 4387 2763 4436 acre,
2804 4372 2884 4428 ac‘
2911 4373 3165 4427 lucidum.
3210 4373 3402 4425 Dicunt

1825 4441 2151 4511 sapientibus
2179 4441 2335 4494 fatuae
2365 4441 2382 4494 :7
2411 4442 2540 4495 Date
2566 4443 2706 4497 nobis
2731 4444 2793 4497 de
2827 4443 2937 4498 oleo
2965 4452 3127 4495 vestro
3149 4459 3166 4494 :
3193 4457 3402 4509 respon-

1826 4515 1944 4567 dent
1964 4515 2065 4567 illis
2090 4512 2341 4584 sapientes
2370 4527 2390 4564 :
2418 4513 2666 4584 timemus,
2697 4529 2757 4584 ne
2785 4518 2916 4584 forte
2939 4529 3041 4584 non
3075 4513 3286 4584 suﬂiciat
3308 4528 3428 4584 τρο--

1821 4585 1900 4637 bis
1932 4594 1976 4637 et
2020 4583 2155 4636 vobis
2179 4581 2264 4649 (at
2310 4595 2414 4633 non
2444 4582 2583 4649 quod
2613 4580 2922 4645 inviderent,
2975 4583 3193 4635 minime
3235 4580 3402 4633 dede-

1826 4663 1986 4708 runt:
2018 4651 2143 4720 quid
2187 4651 2327 4703 enim
2375 4650 2480 4720 illic
2503 4666 2638 4718 opus
2680 4660 2764 4705 est
2787 4653 2952 4706 auro?
2991 4666 3097 4705 non
3124 4651 3264 4704 enim
3299 4651 3406 4704 illic

1826 4724 1975 4778 dives
1999 4719 2052 4775 et
2078 4735 2277 4788 pauper
2303 4719 2442 4789 est),
2469 4721 2560 4773 sed
2590 4721 2826 4775 abeuntes
2859 4723 3023 4776 emite.
3055 4721 3281 4788 Quinam
3304 4735 3402 4774 au-

1827 4804 1932 4848 tem
1961 4799 2086 4846 sunt
2109 4789 2202 4853 illi,
2221 4789 2312 4912 Hui
2338 4789 2606 4843 vendunt?
2636 4791 2919 4859 Pauperes.
2948 4791 3025 4844 Tu
3057 4791 3198 4843 enim
3229 4792 3404 4859 potius

1827 4863 2023 4912 accipis
2041 4874 2196 4912 uuam
2258 4873 2316 4912 as
2339 4876 2353 4911 :
2382 4866 2437 4912 tu
2464 4859 2558 4912 das
2585 4860 2657 4912 illi
2685 4869 2914 4912 terrena.
2945 4870 3000 4912 et
3025 4860 3220 4912 accipis
3240 4861 3404 4912 caele-

1826 4863 2023 4930 accipis
2041 4874 2196 4930 quam
2221 4859 2316 4913 das
2339 4876 2353 4911 :
2382 4866 2437 4912 tu
2464 4859 2558 4913 das
2585 4860 2657 4930 illi
2685 4869 2914 4923 terrena,
2945 4870 3000 4915 et
3025 4860 3220 4928 accipis
3240 4861 3404 4914 caele-

1825 4929 2082 4986 stia.’Cnm
2101 4929 2502 4999 igituremptum
2522 4929 2945 4995 abiissent,venit
2959 4944 3207 4998 sponsus,
3222 4939 3275 4983 et
3287 4946 3406 4999 qua:

1827 5012 2024 5067 paratte
2050 5007 2223 5068 erant,
2254 4998 2304 5050 in
2335 4999 2517 5066 sponsi
2552 4999 2841 5053 thalantum
2881 5009 3006 5054 sunt
3048 4998 3321 5068 ingressaz,
3351 5009 3405 5051 et

1825 5073 2020 5125 clausa:
2049 5079 2172 5124 sunt
2207 5067 2404 5136 januaa.
2450 5068 2555 5122 Illae
2595 5083 2723 5122 vero
2752 5085 2873 5124 cum
2906 5067 3193 5132 venissent,
3230 5070 3404 5137 pulsa-

1827 5151 1969 5202 runt,
1999 5149 2053 5194 et
2093 5137 2170 5191 ait
2209 5137 2310 5208 illis
2339 5155 2370 5208 εί
2386 5137 2578 5192 Nescio
2607 5153 2722 5191 vos.
2757 5139 2939 5206 Vides,
2970 5141 3218 5208 quoniam
3262 5138 3404 5208 elec-

1827 5224 2102 5280 mnsynam
2143 5222 2248 5260 non
2291 5207 2569 5280 habebant,
2606 5208 2841 5263 laborem
2883 5207 3040 5262 etiam
3087 5207 3403 5275 virginitatis

1826 5277 2136 5338 amiserunt,
2163 5287 2218 5330 et
2257 5285 2403 5330 extra
2448 5277 2734 5332 thalamum
2787 5280 2966 5346 sponsi
3013 5285 3398 5331 remanserunt.

1829 5349 2009 5417 Itaque
2038 5354 2312 5416 perspecta
2338 5347 2688 5418 eleemosyna:
2718 5345 2964 5418 utilitate,
3007 5347 3213 5407 fratres,
3246 5345 3398 5399 elec-

1827 5433 2103 5489 mosynam
2125 5431 2432 5489 erogemus,
2452 5426 2508 5470 ut
2526 5417 2583 5470 et
2597 5417 2776 5489 sponsi
2800 5418 3403 5489 thalamunicon‘sequa-

1827 5484 1968 5554 mnt',
1992 5495 2047 5542 et
2066 5489 2277 5539 aeternis
2304 5486 2455 5540 bonis
2495 5484 2847 5554 perfruamur,
2879 5488 3042 5555 gratia
3071 5484 3275 5537 Domini
3310 5498 3406 5534 uo.

1829 5561 1924 5613 stri
1951 5560 2077 5614 Jesu
2095 5555 2311 5620 Christi,
2332 5570 2450 5626 cum
2471 5571 2577 5626 quo
2598 5556 2738 5610 Patri
2760 5557 2926 5626 gloria
2945 5570 3046 5609 una
3063 5569 3180 5626 cum
3199 5563 3400 5626 saneto,

1833 5633 1989 5702 bono;
2026 5643 2086 5682 ac
2116 5627 2322 5702 vivitico
2341 5624 2540 5693 Spiritu
2569 5642 2705 5680 nunc
2733 5624 2784 5680 ei
2815 5634 3099 5702 semper.ct
3132 5624 3182 5681 in
3210 5624 3401 5679 sa'cula
3431 5643 3439 5648 ·

1835 5700 2167 5757 saeculorum.
2203 5699 2386 5752 Amen,
