1914 3113
131 115 200 142 “his

128 171 202 206 loqui
225 170 336 198 audebo.
360 169 489 197 Ptecatori
507 170 701 206 autcntpittquit
714 190 722 201 ,
744 169 807 206 digrit
825 170 895 206 Deus
910 178 919 196 :

128 205 208 240 quare
223 211 249 232 tu
262 214 365 232 ennrras
381 206 496 239 justitias
515 213 583 231 meas
603 205 695 240 (Paul.
707 206 751 233 ἆυ.
768 205 832 239 lli)?
847 205 922 232 Nunc

129 239 194 268 vere
206 241 354 268 exclamare
366 248 485 274 possum,
497 243 524 267 et
534 239 717 274 propheticum
730 240 792 266 illud
807 240 902 267 efferre
913 248 919 266 :

131 277 195 308 Quis
215 276 283 302 dabit
304 276 380 310 capiti
396 283 449 301 meo
461 283 561 309 aquam,
574 280 597 301 et
611 275 690 302 oculis
704 275 764 302 meis
775 276 869 310 [autent
883 276 922 302 la-

128 311 292 345 tri/marum?
305 310 338 336 Et
351 310 415 345 ﬂebo
429 310 570 337 vulneratos
584 310 645 344 ﬁlia:
658 310 745 344 populi
753 310 801 337 mei
814 310 919 344 (Jerem.

129 347 157 372 9.
177 347 213 380 l).
230 346 294 372 Nam
310 346 332 372 si
346 345 476 373 Jercutias
497 352 543 372 eos
555 366 562 377 ,
583 345 626 379 qui
642 345 667 371 in
684 345 774 378 pra-lio
790 346 918 372 vulnerati

131 383 237 408 fuerant
248 381 273 407 itt
289 388 402 415 corpore
423 385 525 407 tantum
537 400 545 413 ,
563 381 696 408 sexcentis
710 380 815 407 ﬂetibus
828 380 921 414 dignos

132 416 253 450 putavit,
275 415 339 450 quid
362 415 466 442 dicatur
484 415 519 443 de
538 418 610 442 tanta
629 415 725 442 anima:
751 415 921 443 calamitath

135 450 266 477 inliterati
286 451 334 477 mei
346 471 353 482 ,
377 458 428 477 non
446 450 569 477 vulnerati
584 450 699 483 framea;
712 454 735 476 et
745 451 837 476 mortui
851 459 898 477 me:
911 471 918 483 ,

135 450 266 477 inliterati
286 451 334 477 mei
346 471 353 482 ,
377 458 428 477 non
446 450 569 477 vulnerati
595 458 699 481 ramea;
712 454 735 476 et
745 451 837 476 mortui
851 459 898 477 me:
911 471 918 483 ,

129 495 181 513 non
195 486 286 512 mortui
298 486 325 512 in
337 485 402 512 bello
413 485 495 521 (Iani.
507 485 551 511 2‘2.
565 450 605 520 2‘.
618 485 675 511 Non
689 485 722 511 de
737 486 848 521 mortuis
861 493 921 512 cor-

130 521 240 555 poribus
264 521 378 555 loquilttr
394 529 400 547 :
416 520 462 547 Sed
482 520 516 547 de
534 521 641 547 stimulo
656 528 725 547 vera:
738 520 848 551 mortis.
864 521 921 548 sive

128 557 164 583 ile
178 556 249 590 gravi
263 560 371 590 peccato
385 556 556 590 lacrymatur,
571 561 597 582 et
610 556 642 582 de
653 555 741 590 ignitis
761 555 868 588 maligni
883 561 921 583 te-

129 592 174 624 lis,
190 599 248 625 qua:
260 591 362 618 animas
374 591 453 617 simul
462 599 520 617 cum
532 590 688 624 corporibus
697 590 835 618 barbarico
846 598 921 619 more

129 625 285 653 incendunt.
300 626 401 652 Divina:
411 626 508 660 quippe
520 626 592 660 leges
604 633 665 652 eum
676 626 774 652 sanctis
785 625 921 660 spiritibus

127 665 163 687 tle
182 665 254 688 tattlo
270 661 340 687 utalo
357 669 518 695 magnopere
532 661 623 695 lugent
639 661 664 687 itt
681 669 722 688 tite
736 661 917 695 respicientes.

124 697 308 730 Suaviumquc
317 696 421 722 illorum
433 696 573 723 verborum
586 696 645 723 linis
655 696 718 722 ntilti
733 696 920 723 acerbissimas

126 731 224 762 evasit,
239 738 255 757 ο
267 731 345 758 amici
359 731 427 758 mei!
444 733 481 758 Ac
495 738 538 758 me
550 731 641 765 lugere
653 738 764 758 necesse
783 735 825 758 est
840 738 920 765 super

127 767 172 795 iis.
189 766 222 793 de
236 766 332 800 quibus
351 766 467 801 gaudere
487 765 650 792 debueram:
664 770 799 801 assumpta
822 766 920 801 quippe

126 801 229 827 Christi
251 800 369 828 membra
382 821 389 833 ,
403 800 452 829 feci
467 801 584 828 membra
600 801 758 828 nterclricis.
773 800 859 834 Super
870 800 920 828 iliis

127 837 190 870 quis
210 843 263 862 non
287 836 469 870 gemebundus
489 836 586 862 dixerit
610 846 616 863 :
638 835 770 868 Quomodo
792 838 861 870 facta
884 841 919 863 est

128 872 249 898 nwrctria:
263 871 321 898 urbs
337 871 420 905 ﬁdelis
435 871 521 898 Sion?
536 871 765 905 Ubstupuittwlum
776 879 851 904 super
861 871 918 904 hoc,

127 911 152 932 cl
167 906 262 932 horruit
277 910 343 933 terra
357 906 429 933 valde
443 905 520 941 (Isui.
540 907 564 933 l.
582 906 626 933 ‘21.
640 905 734 933 lerant.
745 906 773 932 2.
787 905 820 932 12
866 906 920 934 Sed

128 941 288 975 precantini,
304 942 446 968 venerandi
460 942 597 976 sanctique
612 945 715 976 patres,
729 948 849 975 utcmque
861 942 920 976 pul-

125 977 202 1003 chra:
214 976 390 1003 confessionis
403 977 590 1009 recordamini,
607 983 658 1011 qua
669 976 808 1003 confessus
822 984 881 1003 sutn
893 977 919 1004 itt

126 1016 274 1046 conspectu
295 1012 342 1039 Dei
368 1016 396 1039 et
419 1012 572 1046 angelorum
596 1016 623 1039 et
643 1011 792 1039 hominum.
816 1011 919 1039 Etenim

126 1047 209 1074 alieni
233 1047 259 1073 iu
283 1046 391 1073 domttnt
413 1046 541 1081 ingressi,
560 1051 647 1074 tantos
666 1054 774 1073 movere
792 1047 919 1074 tumultus

125 1087 269 1114 conantur,
283 1086 311 1108 ut
323 1082 396 1109 illam
409 1082 604 1109 confessionem
620 1082 647 1109 in
662 1081 822 1109 oblivionem
836 1082 920 1109 dedu-

126 1125 191 1143 cere
209 1117 321 1151 possint.
336 1117 432 1144 Verum
447 1117 570 1151 precibus
584 1122 680 1144 vestra:
690 1117 808 1143 caritatis
821 1116 918 1144 factum

126 1156 224 1187 οδινυι
239 1153 366 1179 Dominus
380 1152 496 1180 Sabaoth
509 1152 672 1187 relinqueret
683 1151 761 1179 nobis
776 1159 867 1179 semen
876 1159 919 1179 re-

124 1186 299 1214 cordationis.
322 1188 355 1214 At
376 1188 504 1215 memoria
526 1186 692 1222 prte’dolore
712 1194 760 1214 cor
779 1186 895 1214 obrucns
908 1207 918 1222 ,

126 1230 278 1258 sermonem
292 1222 391 1250 detinet
402 1223 575 1258 impediique,
591 1222 767 1258 lacrymtequc
777 1227 918 1250 manantes

126 1265 220 1284 vocent
235 1257 422 1292 intercipiunt,
439 1257 545 1292 quando
561 1258 587 1284 in
601 1257 717 1285 mentem
732 1258 842 1285 veniunt
854 1264 917 1292 gra-

127 1300 176 1318 \‘tts
191 1292 242 1319 illa:
253 1293 428 1326 calamitates,
444 1301 502 1327 qua:
513 1293 577 1320 milti
590 1293 759 1325 acciderunt;
772 1293 878 1327 quando
891 1292 917 1320 in

127 1332 246 1355 mentem
270 1328 342 1355 venit
363 1336 423 1360 me,
438 1328 483 1362 qui
498 1328 605 1355 Christo
625 1327 819 1355 confessioucut
835 1327 917 1355 dede-

127 1371 205 1395 rant,
225 1363 382 1390 autichrislo
395 1363 544 1398 subjectum
556 1370 630 1396 esse;
645 1363 751 1398 quando
763 1363 789 1389 itt
800 1367 917 1390 utentem

126 1398 202 1424 venit
213 1405 272 1429 me,
285 1399 329 1432 qui
345 1399 439 1432 spiritu
455 1399 622 1433 inceperaut,
637 1398 773 1425 carnalem
787 1398 915 1425 evasisse.

128 1433 175 1459 \‘ie
188 1433 251 1459 milti
267 1433 310 1460 vili
322 1438 350 1460 et
361 1434 475 1468 abiecto,
491 1441 544 1467 prtc
555 1433 648 1460 dolore
663 1440 716 1467 quo
730 1440 846 1467 premor,
861 1440 917 1467 prze

126 1468 286 1495 verecundia
299 1473 326 1495 et
338 1469 525 1500 excusatione,
541 1476 600 1502 qum
619 1468 722 1495 admitti
743 1468 855 1502 nequit:
871 1468 917 1503 qui

127 1504 155 1529 iu
169 1503 248 1530 vitam
263 1504 367 1538 genitus
385 1512 469 1537 eram,
486 1503 564 1530 morti
592 1503 704 1530 traditus
723 1510 793 1530 sum.
809 1502 916 1530 Misere-

126 1538 192 1564 mini
212 1537 281 1569 mei.
303 1546 319 1565 ο
340 1539 509 1566 miscratores
523 1542 611 1573 patres
631 1542 657 1565 et
676 1537 788 1570 medici,
806 1538 916 1565 misere-

127 1573 193 1601 mitti
208 1582 215 1600 :
230 1574 356 1601 assumite
375 1582 456 1608 super
477 1582 519 1601 me
542 1574 675 1608 planctum
685 1594 692 1604 ,
708 1577 736 1600 et
750 1573 838 1608 lugete
853 1581 914 1600 eum

124 1609 171 1642 qui
183 1613 318 1644 vcucnalzn
339 1607 439 1643 vipera:
457 1607 596 1644 inescante
615 1609 713 1644 populo
726 1607 838 1635 infectus
853 1614 895 1635 est
907 1630 914 1642 ,

124 1643 254 1670 :tssuntite
273 1651 353 1678 super
370 1651 415 1671 me
438 1643 572 1678 planctum
584 1663 591 1677 ,
615 1643 642 1670 et
665 1644 765 1677 plorate
779 1650 827 1676 pro
841 1644 916 1671 vobis

125 1678 191 1714 ipsis
203 1684 344 1712 antequam
358 1680 434 1714 plaga
448 1679 602 1714 inlligaturr:
617 1678 742 1714 lacrymte
757 1683 852 1714 vestra:
866 1687 914 1705 vo-

123 1713 167 1739 bis
178 1714 231 1740 sint
248 1713 446 1748 propugnacula
456 1713 548 1741 contra
563 1713 745 1741 adversarium
761 1722 767 1738 :
784 1713 915 1748 lacrymas

123 1748 223 1784 uberes
235 1748 299 1775 ntilti
315 1749 445 1784 largimini
457 1770 464 1783 ,
480 1750 525 1783 qui
538 1749 588 1776 hoc
601 1748 743 1783 possidetis
755 1748 853 1776 donum
864 1753 916 1784 ,rut

123 1783 152 1809 in
174 1791 221 1810 cor
241 1783 404 1817 irrutnpant,
420 1789 447 1811 et
460 1785 567 1811 deleant
584 1784 657 1818 leges
669 1791 684 1810 a
698 1788 806 1817 peccato
820 1784 855 1811 ibi
868 1783 915 1810 de-

123 1818 246 1854 scriptas.
261 1818 348 1845 Etiam
371 1827 435 1854 rogo
447 1840 454 1851 ,
470 1824 581 1854 purgate
594 1818 658 1846 illud
668 1839 675 1852 ,
692 1823 721 1845 ut
733 1818 915 1846 inscribatttur

123 1853 302 1889 lcgcsircgitn,
315 1855 387 1889 leges
401 1853 551 1889 spirituales
561 1874 569 1887 ,
584 1855 660 1889 leges
671 1854 801 1881 ctelestes.
820 1854 912 1881 Domi-

123 1896 178 1926 ttus
197 1888 314 1926 Sabaoth
336 1888 441 1926 reliquit
458 1889 523 1926 mihi
543 1896 633 1926 semen
648 1888 726 1926 fidei,
747 1897 780 1926 ne
804 1896 912 1926 prorsus

122 1923 240 1950 Sodoma
254 1923 511 1952 efﬁceren'Mccum'
518 1924 676 1958 precamiui,
695 1931 712 1950 ο
727 1924 914 1951 misericordes

121 1963 151 1984 ct
175 1958 236 1985 boni
257 1964 345 1993 patres
356 1980 363 1992 ,
377 1964 406 1986 ut
419 1959 594 1989 Ninivitarum
611 1959 765 1993 pmniteutia
785 1966 845 1985 cum
862 1959 913 1987 illis

121 1993 376 2029 sllutentconscqui
392 1995 491 2029 possim
503 2004 509 2021 :
521 1994 582 2021 llete
597 2001 646 2028 pro
656 2002 709 2026 me,
724 1999 751 2021 et
765 1994 852 2021 delete
863 1994 911 2029 (α),

120 2028 168 2061 qui
189 2028 299 2064 perinde
323 2028 403 2064 atque
423 2029 504 2057 Jonas
522 2030 652 2064 propltela
666 2029 848 2057 admonitores
861 2028 912 2056 inci

120 2063 219 2090 fuistis.
238 2063 296 2099 Non
315 2063 387 2091 enim
412 2063 531 2091 mendax
550 2063 594 2092 ille
615 2069 689 2097 erat,
713 2069 742 2091 ut
766 2071 851 2099 neqtte
865 2072 913 2091 vos

121 2098 207 2131 estis,
230 2098 277 2126 sed
298 2100 438 2127 clemetttis
457 2100 503 2127 Dei
517 2098 699 2127 misericordia
720 2098 914 2126 unum’dolore

120 2133 220 2170 :tlt'ccit,
243 2141 276 2170 uc
297 2134 395 2162 multos
416 2135 548 2170 perderet.
571 2135 660 2170 Neque
675 2142 740 2170 vero
758 2134 802 2170 ille
814 2154 822 2167 ,
841 2135 912 2168 quod

120 2168 184 2194 odio
198 2167 318 2196 homines
334 2167 443 2197 haberet
457 2169 586 2202 indoluit;
606 2167 653 2197 sed
673 2169 838 2204 periclitatus
851 2167 892 2196 est
903 2190 910 2202 ,

119 2210 155 2229 ne
166 2203 334 2231 clementiant
356 2205 484 2232 mittentis
497 2213 527 2232 se
542 2205 567 2232 iit
582 2203 682 2232 crimen
700 2205 829 2232 mendacii
850 2211 912 2231 ver-

121 2243 198 2264 teret.
214 2238 273 2266 Non
293 2239 328 2267 ita
348 2247 377 2267 se
397 2240 478 2267 habet
500 2245 587 2267 vestra
605 2241 701 2267 caritas
715 2248 722 2266 :
736 2240 782 2267 sed
797 2239 853 2267 seio
864 2247 912 2267 vos

117 2274 303 2312 congaudere,
318 2275 424 2309 quando
442 2275 572 2312 gaudium
582 2275 661 2312 estin
674 2275 740 2312 creto
754 2282 835 2312 super
853 2282 912 2309 poe-

119 2310 232 2344 nitentia
249 2310 325 2337 unius
339 2311 499 2344 peccatoris,
511 2316 538 2337 et
552 2310 610 2337 sine
624 2310 821 2337 intermissione
833 2317 911 2338 orare

119 2343 168 2370 Dei
183 2343 368 2378 clementiam,
390 2350 420 2372 ut
440 2346 543 2380 perdita
563 2345 682 2373 membra
702 2345 828 2380 recipiat,
849 2345 911 2379 quia

118 2379 209 2405 omnia
224 2380 344 2407 ntembra
366 2379 571 2415 compatiuntur.
597 2381 708 2407 Detnum
729 2380 763 2407 de
778 2380 830 2413 iis,
851 2387 911 2414 qua:

120 2419 210 2441 vestra
223 2416 320 2443 caritas
333 2420 446 2450 tractare
461 2415 605 2448 debuisset,
621 2422 670 2450 ego
682 2415 828 2448 disserant,
844 2422 875 2441 ac
888 2415 910 2442 si

120 2456 135 2475 a
146 2449 258 2483 quadam
273 2449 507 2479 invisibili'virtutc
525 2458 678 2478 sermonem
690 2450 759 2477 clam
775 2454 910 2477 mutuatus

122 2492 218 2511 essent.
230 2485 295 2512 Nam
308 2493 368 2512 cum
380 2486 423 2512 die
438 2490 570 2520 noctuque
579 2490 674 2513 vestra:
687 2486 803 2512 caritatis
812 2484 910 2512 adhor-

121 2520 247 2555 tationem
262 2520 390 2548 memoria
405 2521 549 2554 retineatn,
563 2521 695 2555 meipsunt
709 2527 836 2547 revocare
852 2524 911 2547 stu-

121 2554 184 2586 πο,
202 2563 310 2589 precum
331 2560 480 2583 vestrarum
500 2563 552 2591 ope
565 2554 667 2584 fultus:
682 2561 710 2583 et
727 2555 846 2591 quotidie
860 2562 910 2582 ceu

155 2618 193 2650 (ιε)
206 2624 260 2646 tusc
270 2620 333 2646 male
344 2621 477 2650 celarent.

590 111 795 140 TllEODOltUS
815 110 946 140 LAPSUS
964 111 1009 140 AD
1028 111 1312 141 CHRYSOSTOMUM.

1698 119 1767 148 1066

976 176 1092 207 prtcsens
1106 168 1224 207 doctrina
1241 175 1328 197 vestra
1340 192 1347 203 ,
1360 175 1457 207 vestrae
1467 172 1586 200 caritatis
1598 173 1764 204 adhortatio-

975 204 1035 231 item
1049 204 1311 245 adtnonilioncmque
1323 205 1420 245 animre
1431 214 1497 234 mea:
1509 208 1699 245 subministral,
1714 219 1765 245 qua

975 247 1082 273 precum
1096 244 1243 266 vestrarum
1255 239 1342 267 fervor
1354 241 1503 269 declaratur
1515 251 1522 269 :
1537 243 1614 270 beato
1625 239 1767 273 Ezechiae

975 275 1039 301 milti
1065 274 1243 308 exprobrante
1270 282 1303 302 ac
1329 275 1433 303 dicente
1462 277 1486 304 itt
1512 281 1768 308 commemoratione

974 310 1092 344 priorum
1105 310 1292 336 beneficiorum
1309 319 1315 337 :
1331 309 1447 349 Transitii
1462 321 1506 345 per
1522 316 1601 349 τέγει
1618 315 1668 341 vidi
1681 320 1719 349 te,
1745 323 1767 342 ρι

973 352 1042 382 ecrc_
1047 349 1147 382 tempus
1164 350 1249 376 tuum,
1265 350 1287 371 et
1300 350 1397 380 tempus
1417 347 1614 382 dentcrgentium
1631 354 1668 380 te.
1683 347 1764 377 eter

974 379 1052 417 pandi
1063 380 1118 417 alas
1129 387 1199 417 meas
1211 388 1288 417 super
1301 385 1324 407 te
1333 401 1341 412 ,
1351 379 1380 407 'et
1390 383 1478 414 operui
1494 379 1657 417 ibnominiam
1670 389 1739 412 tuom
1760 395 1768 412 :

974 419 999 453 et
1012 414 1099 453 iuraui
1116 414 1182 453 tibi,”
1190 420 1213 441 et
1223 415 1350 453 ingressus
1366 424 1421 442 sum
1432 417 1458 443 in
1471 414 1646 453 testamentum
1660 424 1760 453 tecum,

972 450 1033 488 dicit
1047 449 1146 488 ᾼάοιιαὶ
1161 448 1343 488 οωηίηίιιξηΕι
1358 452 1426 488 facta
1442 460 1469 478 es
1481 452 1544 478 milii
1554 453 1661 487 pulchra
1675 448 1763 488 valde,

972 489 996 511 et
1010 484 1059 520 lavi
1074 489 1097 511 te
1109 492 1183 518 aqua.
1200 490 1223 511 et
1237 484 1306 511 ablui
1320 484 1468 520 sanguinem
1480 495 1496 513 α
1506 492 1539 519 te,
1554 484 1577 514 'ct
1589 489 1652 516 anxi
1663 494 1687 516 te
1697 484 1763 520 oleo;

972 523 996 558 et
1007 519 1078 558 indui
1087 524 1116 558 _te
1128 519 1203 546 uariis
1216 519 1416 558 uestimentisiet
1426 522 1534 558 calt-caui
1548 527 1572 549 te
1583 523 1729 558 hyacintho,
1741 531 1765 552 et

973 555 1041 581 cinxi
1051 559 1074 581 te
1084 554 1167 589 bysso,
1184 559 1207 581 et
1221 555 1414 591 circumamicivi
1424 560 1447 582 te
1460 557 1539 589 piloso
1551 554 1628 591 texti),
1643 563 1666 586 et
1676 554 1764 586 ornavi

973 594 996 615 te
1008 594 1154 628 ornamento
1163 597 1172 621 ;
1186 594 1209 616 et
1221 590 1389 628 circuinpostti
1402 592 1516 628 armillas
1529 590 1643 620 manibus
1656 595 1706 621 tuis
1716 614 1724 628 ,
1740 602 1764 622 et

972 629 1085 661 torquem
1103 624 1169 661 collo
1188 629 1231 651 tuo
1242 645 1250 657 ,
1263 629 1286 651 et
1299 625 1358 652 dedi
1371 626 1485 653 iuuarent
1499 627 1526 653 in
1541 628 1644 655 nuribus
1656 624 1724 661 tuis;
1739 633 1761 656 et

970 658 1086 694 globulos
1096 660 1162 686 circa
1172 667 1246 686 aures
1256 665 1322 691 tuas,
1339 664 1361 686 et
1372 668 1492 687 coronam
1501 662 1590 697 gloritz
1601 671 1677 696 super
1686 658 1762 697 caput

972 699 1041 734 tuum
1054 702 1064 720 :
1076 699 1201 734 et_ornata
1214 702 1240 721 es
1253 703 1316 721 auro
1332 699 1356 734 et
1371 701 1475 734 amento
1483 717 1499 734 _,_
1506 701 1530 723 et
1542 698 1648 734 amictus
1658 700 1694 725 tui
1703 702 1763 734 byt-

970 729 1020 756 εἰηὶ
1033 734 1057 765 et
1071 729 1152 763 pilosa
1166 734 1233 755 tam
1247 734 1269 755 et
1285 730 1366 765 varia.
1383 729 1416 757 Et
1431 731 1540 758 similam
1550 752 1559 765 ,
1579 733 1630 760 mel
1643 737 1667 760 et
1681 729 1764 761 oleum

971 764 1118 791 comedebat
1130 784 1137 797 ,
1152 769 1174 791 et
1188 764 1257 798 facta
1271 773 1296 791 es
1310 764 1372 791 mihi
1392 766 1499 799 pulchra
1519 764 1592 794 valde
1602 788 1609 799 ,
1629 768 1711 795 valde.
1732 769 1763 796 It't

971 799 1045 838 exiuit
1059 807 1150 825 nomen
1162 804 1233 838 tuum
1244 800 1271 826 in
1282 804 1366 838 gentes
1380 800 1409 838 in
1427 801 1615 838 pulchritudine
1627 808 1671 829 tua
1681 812 1690 829 :
1703 805 1762 838 quia

970 835 1107 869 perfectum
1121 839 1174 860 erat
1188 834 1213 860 in
1226 835 1308 868 specie
1318 835 1377 861 etin
1391 835 1480 862 decore
1490 856 1497 868 ,
1509 837 1576 869 quod
1589 834 1760 865 constitui”.

971 877 1015 907 per
1027 873 1060 900 te,
1076 869 1111 895 ait
1125 869 1224 907 Adonei
1237 869 1371 907 Dominus.
1383 870 1420 907 Et
1435 869 1563 904 conﬁdiin
1581 872 1606 898 in
1622 873 1761 907 pulrltrrtu-

970 904 1055 940 dinem
1067 909 1151 936 tuum,
1166 908 1189 930 et
1202 904 1326 940 fornicata
1340 913 1366 931 es
1379 905 1406 931 in
1419 906 1518 932 notitiae
1534 911 1576 933 tuo
1586 926 1595 940 ,
1610 904 1634 934 et
1651 907 1763 940 clTudisti

971 939 1161 978 fornicationem
1177 943 1246 978 tuum
1255 947 1332 978 super
1342 948 1444 978 omnem
1452 939 1595 978 transitum,
1607 947 1631 969 et
1644 939 1762 978 accepisti

970 974 1001 1000 de
1015 974 1164 1013 vestimentis
1177 974 1236 1006 tuis,
1249 979 1272 1001 et
1282 975 1422 1013 [ecistitibi
1434 976 1504 1003 idola
1514 982 1628 1013 consula,
1645 983 1669 1013 et
1681 974 1761 1013 forni-

970 1014 1029 1046 cuto
1040 1017 1065 1035 es
1074 1009 1101 1035 in
1114 1010 1149 1046 eis
1163 1016 1173 1046 _:
1185 1014 1209 1046 et
1222 1018 1275 1046 non
1287 1010 1453 1045 ingrediaris,
1473 1019 1552 1045 neque
1570 1009 1626 1046 fiet.
1638 1009 1759 1040 Et'acte-

971 1044 1096 1080 pistivasa
1103 1044 1260 1080 gloriationis
1268 1044 1320 1071 me
1329 1053 1360 1071 ea:
1372 1050 1475 1079 argento
1484 1044 1537 1072 meo
1547 1044 1611 1074 alea:
1621 1056 1684 1074 auro
1694 1057 1757 1080 meo,

971 1087 1001 1116 ea:
1016 1078 1047 1116 iis
1057 1086 1113 1113 qua:
1125 1078 1183 1105 dedi
1199 1079 1258 1116 tibi,
1273 1084 1304 1116 et
1310 1080 1390 1116 fecisti
1403 1078 1453 1116 tibi
1476 1081 1597 1116 imagines
1614 1083 1695 1109 uiriles
1706 1104 1713 1115 ,
1739 1078 1761 1109 οι

970 1114 1094 1150 fornicata
1108 1122 1133 1140 es
1147 1122 1204 1140 cum
1217 1114 1253 1141 eis
1269 1115 1374 1150 (ΕιιειςΙιἶ
1385 1115 1427 1142 l6.
1438 1114 1538 1150 8-17)}
1555 1116 1631 1144 beato
1644 1118 1706 1144 item
1719 1119 1763 1145 Je-

971 1149 1053 1188 reutia
1066 1149 1198 1188 clamante
1210 1169 1217 1180 ,
1233 1157 1264 1176 ac
1277 1149 1311 1176 de
1328 1149 1420 1188 eadem
1442 1158 1473 1188 re
1485 1149 1591 1178 dicente
1605 1160 1612 1178 :
1630 1152 1759 1188 Numquid

969 1184 1011 1217 qui
1023 1183 1090 1218 cadit
1101 1191 1150 1210 non
1160 1188 1272 1215 resurget
1282 1205 1289 1215 ,
1306 1189 1328 1211 et
1339 1184 1383 1218 qui
1396 1186 1483 1212 avertit
1492 1194 1518 1212 se
1527 1206 1535 1218 ,
1551 1194 1601 1213 non
1615 1195 1643 1214 se
1655 1183 1758 1215 coniter-

967 1219 1024 1246 tct?
1042 1217 1114 1244 Num
1133 1219 1220 1245 resina
1232 1227 1284 1245 non
1299 1217 1381 1246 estin
1401 1217 1577 1250 Galaud.raut
1594 1219 1689 1246 medici
1706 1228 1757 1246 non

967 1258 1029 1280 sunt
1040 1253 1096 1280 illic
1104 1252 1172 1287 (Jer.
1183 1253 1210 1281 8.
1226 1254 1253 1280 4.
1262 1254 1328 1288 22)?
1341 1254 1402 1281 Dixi
1413 1256 1482 1281 enim
1494 1260 1630 1283 postquam
1642 1254 1690 1281 illa
1702 1254 1758 1287 [or-

969 1289 1053 1325 uicuta
1066 1293 1102 1325 est
1113 1296 1139 1314 ιη
1152 1289 1314 1325 Ιιιδριιιιιὶιιιιδ
1329 1295 1338 1314 :
1350 1290 1383 1315 ad
1398 1293 1571 1325 merrevertere
1583 1291 1664 1325 (Ibid.
1677 1292 1703 1319 3.
1718 1292 1757 1325 7).

968 1322 1021 1350 Sed
1036 1324 1062 1349 in
1075 1323 1116 1360 his
1128 1324 1251 1360 omnibus
1266 1323 1355 1360 timeo,
1372 1330 1407 1350 ne
1421 1324 1505 1360 pietas
1516 1322 1601 1360 vestra
1612 1322 1760 1360 suspirctur

970 1365 1018 1384 nos
1033 1358 1108 1392 quasi
1129 1358 1257 1385 doctrinae
1276 1358 1354 1397 verba
1377 1358 1505 1397 profuge.
1520 1359 1576 1387 Non
1592 1358 1698 1397 utique,
1716 1371 1761 1396 per

968 1397 1083 1430 vestram
1097 1400 1181 1430 spent,
1201 1400 1282 1430 quam
1297 1393 1400 1430 habetis
1414 1393 1440 1430 in
1457 1393 1555 1430 Deum;
1571 1396 1617 1422 sed
1630 1393 1759 1430 quemad-

969 1428 1075 1455 modum
1101 1428 1133 1460 ii,
1159 1427 1207 1464 qui
1235 1428 1359 1464 gravibus
1381 1427 1518 1456 doloribus
1539 1427 1712 1464 premuntur,
1738 1434 1761 1460 si

968 1464 1090 1504 morbum
1105 1463 1215 1504 medicis
1226 1463 1394 1504 committant
1405 1484 1412 1495 ,
1426 1471 1476 1504 spe
1490 1463 1670 1504 remediorum
1684 1463 1761 1494 delc-

968 1505 1012 1524 res
1027 1497 1136 1534 sedant;
1149 1497 1183 1534 ita
1195 1502 1221 1524 et
1234 1505 1283 1532 ego
1291 1497 1470 1534 ex_c_olloquio
1478 1506 1537 1526 cum
1551 1500 1647 1534 pietate
1659 1506 1759 1534 vestra.

968 1532 1043 1566 quasi
1055 1533 1110 1567 jam
1121 1532 1230 1571 vulnera
1242 1532 1432 1571 sint_obt_lucta,
1444 1541 1517 1571 spem
1532 1532 1663 1571 assumpsi
1676 1532 1760 1571 tpajo;

968 1575 1039 1600 rem,
1062 1572 1155 1594 vestrae
1175 1568 1368 1595 adhortationis
1389 1570 1519 1596 meutoria
1541 1569 1609 1596 clam
1624 1568 1658 1597 'in
1679 1568 1760 1599 corde

968 1602 1057 1638 lumen
1070 1602 1198 1637 pariente.
1211 1602 1327 1629 Obsecro
1341 1603 1420 1638 igitur
1435 1611 1481 1630 vos
1491 1623 1499 1637 ,
1518 1611 1535 1632 ο
1549 1605 1760 1634 Christianorum

966 1637 1054 1664 ὐίνὶιμ
1068 1638 1272 1674 congregatioct
1285 1637 1360 1665 sacra
1373 1638 1506 1672 collectio,
1522 1646 1538 1665 0
1551 1640 1648 1674 popule
1657 1646 1759 1673 sancte,

968 1680 1060 1709 preces
1076 1680 1123 1706 pro
1140 1680 1183 1700 me
1196 1673 1228 1700 ad
1242 1673 1384 1700 Dominum
1398 1674 1512 1701 emittite
1522 1695 1529 1707 ,
1543 1673 1604 1709 quia
1624 1683 1677 1702 non
1693 1677 1760 1703 ultra

966 1707 1049 1744 ferant
1066 1715 1108 1734 tne
1118 1712 1200 1744 extra
1209 1708 1279 1735 ovile
1292 1708 1402 1744 reperiri
1415 1729 1422 1740 ,
1438 1713 1512 1736 extra
1528 1707 1669 1744 Sagenam,
1685 1716 1759 1738 extra

967 1742 1069 1780 caulam
1084 1743 1246 1780 spiritualem
1260 1751 1267 1775 ;
1286 1742 1334 1780 sed
1356 1743 1426 1771 intra
1446 1742 1570 1780 vineam,
1586 1745 1654 1772 intra
1662 1742 1759 1780 Vspensi

967 1777 1112 1816 thalamum
1123 1797 1130 1809 ,
1147 1778 1215 1804 intra
1228 1778 1398 1816 paradisum,
1419 1783 1448 1805 ut
1464 1778 1516 1816 illic
1531 1779 1667 1816 vobiscum
1681 1777 1759 1816 repe-

967 1813 1032 1850 riart
1053 1812 1165 1850 Meoque
1186 1818 1329 1847 conspecto
1342 1813 1572 1850 vulneretiutete.
1585 1814 1677 1850 Neque
1686 1812 1758 1845 enim

966 1848 1086 1885 conliteri
1108 1848 1258 1885 erubesco:
1275 1855 1360 1885 neque
1386 1848 1420 1885 ad
1442 1848 1468 1876 id
1491 1857 1564 1883 saepe
1587 1848 1760 1885 repetendum

967 1883 1057 1917 segnis
1078 1890 1136 1918 sum
1149 1891 1156 1909 :
1169 1882 1250 1917 pudet
1262 1884 1332 1910 enim
1345 1884 1415 1918 quod
1431 1891 1473 1911 me
1488 1882 1698 1917 puduerithum
1711 1894 1761 1914 au-

967 1922 1020 1954 tem
1035 1917 1174 1954 epistolam
1184 1917 1316 1954 _legeritis,
1334 1917 1465 1946 universa:
1478 1918 1637 1947 fraternitati
1651 1921 1759 1954 mittite.

966 1952 1025 1988 sine
1047 1952 1245 1988 interrtttissione
1267 1957 1375 1980 orantes
1387 1973 1394 1984 ,
1410 1958 1437 1980 ιιι
1450 1959 1575 1988 peccator
1589 1961 1691 1982 avertat
1701 1963 1731 1983 se
1744 1952 1760 1984 εἰ

966 1987 1121 2025 via_e_rro_ris
1134 2007 1142 2021 ,
1163 1991 1190 2014 ut
1212 1988 1314 2014 anitnas
1335 1989 1580 2025 vestrastservctis,
1593 1995 1619 2016 et
1633 1991 1759 2025 operiatts

966 2022 1162 2050 multitudinem
1174 2026 1355 2056 peccatorum.
1371 2022 1420 2050 llic
1433 2023 1541 2050 demum
1561 2025 1640 2052 linem
1651 2022 1759 2053 dicendi

966 2057 1073 2084 faciam.
1096 2058 1137 2092 'l‘e
1152 2064 1216 2084 vero
1232 2057 1369 2092 alloquor,
1384 2065 1401 2084 ο
1415 2058 1645 2087 venerabilissime
1656 2065 1685 2088 et
1697 2061 1761 2088 reli-

965 2092 1114 2129 giosissime
1127 2091 1250 2129 frater_ct
1263 2091 1338 2126 pater
1349 2099 1435 2129 :_nam
1444 2098 1469 2120 te
1483 2097 1510 2120 ct
1523 2101 1571 2121 ccu
1580 2099 1682 2129 patrem
1693 2103 1759 2123 con-

966 2126 1094 2165 scribere,
1110 2131 1137 2165 et
1149 2134 1198 2154 ceu
1209 2126 1318 2165 fratrem
1331 2127 1416 2165 primo
1430 2128 1489 2165 luco
1502 2126 1602 2165 ponere
1615 2137 1758 2165 numquam

964 2162 1093 2199 dubitavi.
1113 2163 1147 2199 A_
1159 2167 1184 2190 te
1200 2169 1264 2190 vero
1280 2162 1347 2199 plus
1355 2162 1489 2199 quidpiam
1504 2162 1617 2198 postulo
1629 2184 1636 2197 .
1649 2162 1729 2199 quam
1744 2174 1758 2194 a

966 2201 1020 2224 tota
1040 2197 1222 2230 fraternitate;
1236 2197 1458 2231 quemadmodum
1480 2197 1583 2232 pueruli
1596 2200 1619 2227 si
1633 2197 1759 2228 indecore

965 2232 1062 2259 ludant
1074 2233 1101 2259 in
1114 2234 1174 2268 sinu
1187 2237 1314 2267 paterno,
1333 2240 1499 2267 nequaquatn
1512 2241 1526 2260 a
1542 2235 1658 2268 paternis
1672 2235 1758 2263 visce~

964 2268 1039 2294 ribus
1054 2267 1158 2294 excludi
1177 2272 1313 2299 metuunt,
1332 2267 1482 2295 vehementi
1498 2267 1581 2302 patris
1598 2269 1705 2297 alfectui
1729 2272 1759 2298 li-

964 2302 1182 2340 dentes.__Verum
1195 2302 1252 2329 haec
1264 2303 1290 2329 in
1302 2309 1343 2328 me
1355 2303 1584 2340 jamtcessarunt,
1598 2309 1624 2332 et
1637 2312 1687 2340 ego
1701 2305 1758 2333 for-

964 2341 1035 2364 tasse
1056 2337 1163 2372 dignum
1185 2341 1321 2372 gestorum
1347 2337 1505 2372 supplicium
1521 2339 1614 2366 subeo.
1630 2337 1682 2367 Sed
1705 2342 1757 2368 mei

965 2372 1360 2409 memineris,_religiosissinte
1385 2377 1460 2409 pater
1487 2372 1696 2409 (Ζιιιιγεοιιοιιιθ,
1725 2384 1759 2404 tto

964 2407 1182 2445 itntnisetjcordis
1192 2407 1273 2445 animi
1285 2414 1378 2445 petitas
1389 2407 1437 2435 des
1446 2408 1515 2445 apud
1528 2407 1628 2444 justum
1639 2410 1757 2445 judicent

965 2442 1059 2469 Deum.
1076 2442 1147 2470 Deus
1159 2442 1232 2470 enim
1246 2443 1320 2469 novit
1341 2442 1369 2470 in
1394 2442 1682 2472 ntetttoria‘suavita‘tis
1704 2450 1757 2473 tua:

962 2477 1094 2512 lacrymas
1116 2484 1252 2512 superare,
1264 2477 1432 2509 ratiocinium
1443 2498 1451 2511 ,
1466 2482 1493 2505 et
1507 2479 1634 2508 cohibere
1653 2487 1756 2508 seruio-

962 2511 1027 2548 item
1040 2520 1047 2538 :
1061 2512 1236 2548 quamobrem
1247 2511 1292 2540 hic
1304 2512 1384 2540 linem
1399 2512 1505 2540 dicendi
1525 2514 1621 2542 faciam
1632 2535 1641 2548 ,
1655 2515 1756 2543 dulcis-

962 2547 1031 2585 sime
1058 2551 1092 2585 et_
1112 2547 1313 2585 religiosissime
1341 2552 1417 2585 pater
1441 2547 1637 2585 Chrysoslome
1659 2560 1665 2576 :
1694 2551 1756 2585 quia

962 2582 1031 2609 illius
1053 2582 1140 2609 solum
1159 2586 1201 2610 est
1220 2582 1305 2618 gloria
1316 2586 1344 2611 et
1355 2582 1505 2619 imperium
1514 2585 1541 2612 in
1554 2586 1651 2622 saecula
1667 2582 1754 2618 saecu-

962 2616 1060 2644 lorum.
1074 2617 1170 2644 Amen.

973 2624 1060 2645 orum.
1074 2624 1170 2645 Amen.

667 2708 1200 2749 meam-acm—
