3780 6226
387 294 521 360 i067

1883 290 2154 357 SPURIA.

3510 294 3627 351 filiis

1230 682 1316 744 ΓΝ
1344 683 1647 746 LIBRUM
1678 682 2089 746 SEPTIMUM
2121 683 2227 744 DE
2255 678 2767 744 SACEKDOTIO

461 887 624 945 Liber
648 888 914 959 septimus
937 887 1334 961 Cbrysostomo
1363 887 1672 958 adscriptas
1709 889 1778 943 de
1809 888 2121 946 sacerdotio
2153 895 2333 942 exstat
2365 886 2420 940 in
2463 886 2669 956 quibus
2691 885 2797 940 lam
2860 883 3275 952 manuscriptis,
3336 881 3391 936 in
3451 880 3630 936 Coislia

393 980 559 1034 niano
583 977 812 1034 CCXLV
853 980 1127 1037 undecimi
1152 982 1359 1047 saeculi,
1390 990 1444 1038 et
1474 981 1527 1034 in
1559 978 1887 1035 Taurinensi
1920 978 2187 1049 quodam,
2222 977 2381 1046 cujus
2404 976 2728 1048 ἀπόγραφον
2763 991 2929 1031 manu
2955 984 3010 1032 et
3039 976 3184 1032 dono
3216 976 3314 1029 viri
3351 974 3626 1030 clarissimi

393 1074 809 1146 doctissimique
839 1073 1012 1130 Pfailii
1038 1090 1203 1146 penes
1236 1092 1325 1133 me
1358 1078 1551 1134 habeo.
1585 1076 1681 1134 Est
1716 1089 1848 1131 vero
1876 1074 2044 1145 inepti
2079 1072 2370 1143 cujusdam
2408 1072 2645 1130 σταθευιὶ
2677 1083 3051 1130 commentum
3072 1112 3090 1140 ,
3121 1074 3180 1128 ut
3214 1088 3379 1128 nemo
3412 1087 3518 1127 non
3549 1070 3627 1123 vii

386 1234 3635 1268 MM

1309 1321 1852 1408 EJUSDEM
1902 1308 2729 1406 CHRYSOSTOMI

1451 1501 1536 1543 DE
1578 1498 1973 1544 SACEBDOTIO
2016 1497 2201 1541 LIBER
2244 1494 2573 1539 SEPTIMUS.

1814 1630 2232 1691 ww

454 1768 500 1829 ο
544 1768 863 1839 stupendum
911 1766 1271 1839 miraculum!
1327 1780 1360 1839 o_
1415 1765 1585 1839 virtus
1628 1764 1960 1839 ineffabilis!

376 1850 415 1897 ο
458 1835 765 1914 mysterium
811 1836 1094 1914 sacerdotii
1133 1835 1498 1914 horrendum!
1547 1836 1842 1914 Spirituale
1879 1844 1964 1889 est

377 1922 433 1967 et
451 1904 715 1975 sanctum,
734 1906 1098 1963 venerandum
1117 1912 1168 1961 e‘t
1189 1904 1536 1975 inculpatum,
1554 1904 1695 1976 quod
1716 1906 1965 1961 Christus

376 1983 619 2048 veniens,
650 1979 824 2048 dignis
853 1978 1107 2048 elargitus
1127 1985 1228 2031 est.
1281 1976 1578 2048 Procumbo
1616 1987 1671 2032 et
1695 1976 1959 2048 deprecor

377 2066 498 2109 cum
520 2046 768 2122 lacrym'is
788 2056 840 2103 et
868 2046 1170 2122 gemitibus,
1212 2056 1269 2122 u_t
1296 2046 1468 2102 oculis
1489 2048 1805 2122 conspicere
1832 2046 1961 2101 mihi

378 2124 538 2179 liceat
564 2116 712 2175 illum
743 2116 1021 2174 sacerdotii
1052 2132 1178 2171 vere
1210 2116 1519 2171 thesaurum
1542 2117 1628 2183 iis,
1662 2116 1753 2186 qui
1785 2117 1960 2186 ipsum

376 2202 560 2248 sancte
578 2191 843 2259 digneque
864 2196 1203 2259 conservant.
1242 2187 1475 2259 Clypeus
1498 2189 1642 2242 enim
1665 2197 1751 2242 cst
1774 2187 1960 2254 splen-

380 2262 540 2317 didns
563 2270 617 2316 et
643 2258 1093 2328 inco’mparabilis,
1144 2258 1319 2311 turris
1352 2261 1692 2328 inconcussa,
1741 2272 1959 2328 murus,

378 2333 470 2400 qui
490 2331 722 2400 dirumpi
747 2325 944 2400 neipnit.
962 2327 1382 2400 Fundamentum
1400 2325 1594 2400 quippe
1609 2336 1692 2383 est
1710 2327 1959 2400 solidum,

381 2397 413 2456 ii
457 2411 600 2456 terra
640 2397 907 2468 usquead
947 2400 1118 2467 ipsum
1161 2397 1279 2468 czeli
1324 2398 1582 2453 fornicem
1634 2397 1958 2468 pertingens.

384 2471 586 2540 Ecquid
637 2466 759 2540 dico
789 2510 804 2534 ,
862 2466 1107 2540 fratres?
1157 2466 1496 2540 celsissimos
1546 2466 1666 2522 illos
1727 2466 1961 2540 fornices

379 2538 610 2611 attingit,
639 2539 702 2593 ad
733 2540 876 2608 ipsos
902 2538 1064 2592 czelos
1093 2538 1343 2611 ca‘lorum
1373 2539 1486 2611 sine
1513 2539 1667 2611 obice
1691 2538 1954 2611 pervadit,

381 2613 433 2665 in
457 2609 632 2667 medio
653 2610 963 2678 angelorum
984 2616 1103 2661 cum
1127 2609 1451 2675 incorporeis
1468 2610 1674 2662 naturis
1685 2609 1961 2676 splendide

382 2678 645 2753 facileque
660 2677 1049 2753 progreditur;
1085 2678 1284 2753 Ecquid
1310 2678 1453 2753 dico,
1484 2679 1536 2753 in
1560 2679 1739 2734 medio
1767 2693 1958 2753 super-

380 2746 576 2806 naruni
623 2746 875 2818 virtutmu
919 2747 943 2800 ?
1010 2748 1144 2803 Cum
1182 2746 1315 2817 ipso
1379 2746 1606 2803 Domino
1651 2746 1957 2818 angelorum

376 2830 621 2876 creatore
648 2827 703 2874 et
732 2812 1055 2874 illustratore
1079 2812 1448 2884 conversatur,
1477 2827 1533 2872 et
1559 2832 1656 2888 pro
1684 2812 1958 2873 voluntate

375 2905 471 2945 sua
497 2906 617 2946 cum
647 2889 834 2943 fiducia
857 2889 1020 2942 multa
1052 2888 1192 2958 quod
1235 2888 1368 2958 petit
1404 2888 1616 2958 accipit.
1654 2888 1765 2943 Non
1799 2888 1956 2942 ﬁnem

382 2959 568 3016 faciam
599 3003 614 3025 ,
670 2959 878 3024 fratres,
928 2957 1252 3028 praedicandi
1296 2957 1708 3028 celebrandique
1748 2968 1954 3013 tantum

372 3031 644 3101 dignitatis
669 3029 923 3101 gradum,
946 3044 1104 3101 quem
1126 3029 1274 3084 dedit
1297 3028 1531 3101 Trinitas
1568 3029 1760 3084 Adami
1787 3029 1910 3084 filiis
1934 3061 1951 3094 ς

375 3098 470 3171 per
496 3110 652 3170 quem
676 3098 736 3155 et
764 3098 994 3154 mundus
1010 3099 1234 3153 salutem
1256 3098 1617 3171 consequitur,
1632 3109 1695 3171 et
1710 3111 1953 3154 creatum

373 3162 704 3226 illuniinatur
731 3187 744 3223 :
775 3185 873 3240 per
899 3183 1058 3240 quem
1083 3178 1314 3233 montes,
1345 3162 1533 3232 colles,
1565 3169 1756 3240 saltus,
1786 3171 1952 3224 valles
1989 3221 1992 3225 .

376 3243 663 3308 implentur
708 3239 949 3294 instituto
995 3239 1136 3309 beati
1183 3239 1424 3309 generis,
1455 3239 1839 3294 monachorum
1869 3242 1946 3292 vi-

372 3311 563 3365 delicet
617 3326 631 3361 :
690 3308 1137 3379 quemadmodum
1191 3308 1517 3379 clarissimus
1560 3325 1738 3378 praveo
1792 3309 1953 3364 Isaias

369 3381 499 3436 dicit
529 3400 542 3434 :
577 3379 661 3434 Ea:
686 3378 955 3447 verticibus
982 3381 1225 3433 montium
1254 3378 1444 3432 dabunt
1480 3394 1620 3432 voces
1644 3394 1764 3432 suas
1791 3379 1949 3447 (lsai.

370 3452 459 3506 4‘2.
492 3452 581 3519 Η)
612 3450 857 3503 homines
891 3446 958 3503 ad
979 3449 1198 3518 gloriam
1222 3448 1608 3519 prmdicandam
1633 3466 1645 3501 :
1674 3465 1768 3518 per
1793 3446 1947 3518 quem

370 3520 622 3590 iniquitas
654 3519 722 3573 de
763 3527 901 3573 terra
934 3520 1153 3583 tollitur,
1187 3532 1472 3590 perquem
1500 3521 1849 3587 temperantia
1894 3523 1944 3574 in

373 3588 511 3644 terra
541 3600 802 3658 versatur,
830 3606 922 3656 per
948 3605 1103 3657 quem
1130 3589 1372 3643 diabolus
1398 3588 1581 3658 lapsus
1601 3629 1614 3653 ,
1642 3589 1944 3644 destructus

369 3670 474 3721 est,
526 3659 707 3714 lascivi
738 3654 858 3712 facti
913 3654 1039 3714 sunt
1084 3674 1207 3712 vasa
1258 3654 1622 3718 sanctificata,
1667 3658 1939 3714 fornicarii

368 3730 501 3786 casti
554 3739 609 3784 et
650 3729 986 3794 intemerati,
1033 3729 1345 3796 insipientes
1395 3726 1515 3781 facti
1562 3737 1686 3782 sunt
1725 3729 1945 3796 ju~titize

372 3800 537 3855 duces
571 3818 585 3856 :
616 3808 710 3868 per
737 3814 893 3865 quem
923 3800 1108 3852 mortis
1135 3798 1414 3867 imperium
1434 3798 1699 3868 abolitum
1732 3810 1833 3861 est,
1890 3809 1944 3855 et

372 3867 623 3925 infernus
669 3869 832 3923 robur
906 3869 1124 3929 amisit,
1195 3879 1249 3923 et
1308 3867 1684 3923 condemnatio
1754 3871 1940 3924 Adami

367 3941 539 3996 soluta
576 3947 659 3995 est
678 3981 693 4005 ,
723 3939 1079 4009 nuptialisquc
1115 3939 1376 3993 thalamus
1403 3938 1630 3993 caelestis
1658 3938 1943 3995 decoratus

368 4020 452 4066 cst
480 4028 496 4065 :
524 4024 619 4080 per
643 4025 799 4079 quem
838 4010 1130 4080 hominum
1154 4017 1340 4080 natura
1373 4011 1424 4062 in
1471 4009 1718 4063 virtutem
1767 4009 1941 4063 iur-or-

366 4079 649 4150 porea’rum
698 4087 952 4133 mutatur.
999 4079 1143 4150 Quid
1165 4079 1380 4146 dicam,
1429 4086 1484 4150 et
1524 4092 1681 4148 quam
1730 4080 1937 4134 tandem

366 4148 629 4219 proferam
648 4151 671 4188 9
712 4150 913 4203 Donum
945 4151 1084 4203 enim
1114 4149 1251 4203 illius
1281 4148 1561 4204 sacerdotii
1600 4150 1794 4218 gradus
1821 4165 1937 4205 ser-

373 4235 585 4274 monem
614 4233 826 4274 onmem
858 4227 912 4271 ct
934 4220 1307 4284 cogitationem
1348 4227 1566 4288 superat
1597 4235 1610 4271 :
1647 4219 1770 4272 illud
1815 4231 1895 4273 est
1918 4260 1934 4286 ,

366 4301 421 4343 nt
452 4289 724 4358 existimo,
752 4289 891 4357 quod
912 4289 1102 4342 Paulus
1121 4290 1446 4358 stupefactus
1470 4288 1785 4353 snbindicat,
1814 4306 1932 4344 cmn

364 4362 480 4415 ait:
529 4357 575 4412 0
603 4361 821 4413 altitudo
847 4358 1134 4429 diuitiarum
1154 4357 1412 4429 sapientia?
1449 4369 1494 4410 et
1534 4359 1757 4413 scientite
1798 4358 1894 4414 Dei
1915 4361 1937 4414 I

342 4430 513 4487 imam
536 4427 1057 4499 incomprehensibilia
1084 4439 1198 4482 sunt
1214 4427 1414 4499 judicia
1435 4429 1565 4496 ejus,
1595 4441 1641 4482 et
1665 4430 1933 4499 investiga.

362 4501 485 4553 biles
527 4502 619 4553 via:
663 4497 773 4568 ejus
810 4497 998 4569 (Rom.
1028 4499 1115 4569 li.
1142 4497 1289 4569 35’)!
1338 4501 1384 4553 A
1439 4511 1577 4555 terra
1626 4499 1692 4552 ad
1743 4497 1932 4556 cadum

365 4569 594 4633 advolat,
644 4568 825 4639 atque
860 4568 1192 4623 velocissime
1221 4570 1497 4638 petitiones
1529 4577 1739 4623 nostras
1776 4570 1932 4625 ofl‘ert

364 4640 498 4694 Deo.
551 4639 838 4709 Legatione
879 4639 1113 4709 fungitur
1144 4654 1240 4706 pro
1261 4639 1428 4693 servis
1454 4640 1590 4708 apud
1624 4639 1927 4693 Dominum.

360 4712 609 4764 Animum
626 4707 650 4775 ,ἡ
694 4707 905 4780 fratres,
951 4708 1016 4762 ad
1060 4707 1194 4780 hanc
1222 4707 1498 4780 mysticam
1525 4721 1578 4765 et
1610 4709 1927 4763 horrendam

361 4780 717 4833 narrationem
782 4779 968 4832 sedulo
1022 4779 1390 4834 adhibeamus.
1467 4779 1592 4834 Siue
1639 4782 1927 4834 venerabili

360 4847 656 4903 sacerdotio
686 4848 929 4902 remissio
945 4858 1280 4917 peccatorum
1303 4849 1615 4904 mortalibus
1631 4865 1733 4903 non
1752 4850 1924 4904 datur.

360 4918 608 4972 Animum
652 4919 929 4985 adhibete,
967 4918 1158 4972 fratres
1189 4936 1201 4970 :
1235 4935 1327 4971 vos
1365 4920 1506 4972 enim
1549 4920 1680 4974 estis
1717 4922 1927 4988 pietatis

361 4997 675 5059 amatores,
723 4988 840 5042 luce
892 4989 1149 5042 doctrina:
1195 4989 1473 5059 fulgentes.
1532 4990 1791 5057 Quidnam
1846 5001 1925 5043 est

360 5058 509 5128 illud,
541 5057 678 5128 quod
708 5074 875 5128 nuper
903 5058 1210 5112 dicebamus
1238 5057 1303 5112 de
1328 5060 1607 5113 sacerdotii
1637 5062 1926 5128 mysterio?

354 5126 572 5182 Palmes
610 5129 750 5190 vitis,
784 5126 860 5182 _et
905 5143 1125 5197 granum
1177 5130 1423 5183 frumenti
1473 5137 1529 5184 et
1570 5126 1923 5185 sacerdotium

356 5212 678 5253 consensum
729 5208 912 5251 mutuo
962 5197 1157 5268 habent
1196 5214 1212 5252 :
1254 5201 1454 5268 palmes
1496 5208 1551 5254 et
1602 5199 1922 5255 frumentum

353 5269 560 5322 ancilla:
608 5278 767 5325 sunt.
817 5267 1170 5321 sacerdotium
1198 5267 1322 5321 vero
1360 5270 1582 5323 liberum
1629 5281 1729 5325 est.
1783 5271 1918 5325 Cum

359 5338 533 5408 itaque.
562 5337 674 5391 ha-c
701 5338 796 5389 tria
811 5346 1219 5408 congregantur,
1236 5348 1293 5391 ut
1318 5354 1474 5408 supra
1497 5354 1683 5396 omnes
1702 5341 1921 5395 omnino

358 5407 1073 5480 thesaurosconstituautur,
1087 5412 1499 5480 unumquodque
1519 5411 1627 5480 regi
1657 5411 1919 5465 fructuum

354 5490 572 5529 suorum
604 5476 848 5530 virtutem
881 5476 1034 5529 offert
1060 5477 1112 5529 in
1142 5477 1360 5531 odorem
1388 5476 1679 5533 suavitatis.
1712 5480 1921 5535 l’ahues

354 5545 661 5616 sanguinem
692 5546 905 5616 emittit,
930 5544 1253 5616 frumentum
1268 5561 1396 5601 vero
1417 5561 1641 5616 panem:
1671 5551 1919 5604 sacerdo-

357 5615 488 5686 tium
518 5628 790 5686 veroeuin
813 5614 999 5668 fiducia
1026 5616 1200 5669 evolat
1217 5630 1245 5667 a
1274 5614 1495 5670 terra'in
1521 5618 1729 5682 ca‘lttm,
1748 5619 1913 5673 donec

367 5683 537 5748 ipsum
558 5683 869 5739 lnvisihilem
897 5686 1316 5754 contempletur;
1371 5697 1421 5741 et
1474 5698 1748 5758 postquam
1794 5699 1917 5743 ante

2071 1762 2319 1835 thronum
2374 1761 2650 1835 excelsum
2695 1759 2976 1827 adoravit,
3032 1771 3179 1816 stans
3233 1767 3498 1834 supplicat
3548 1782 3647 1835 pro

2070 1835 2240 1888 servis
2280 1834 2507 1887 Domino
2532 1874 2547 1898 ,
2604 1835 2869 1904 Iacrymas
2893 1835 3223 1901 gemitusque
3266 1834 3643 1891 conservorum

2067 1903 2669 1976 gestans,_Dominoque
2704 1902 2935 1976 efferens
2970 1920 2983 1955 :
3023 1904 3373 1976 similiterque
3414 1917 3565 1976 rogat
3593 1920 3644 1961 ut

2068 1974 2490 2047 Consolationcm
2539 1982 2595 2047 et
2650 1974 3016 2047 paenitentiam
3079 1974 3323 2047 tribuat,
3381 1974 3645 2047 simidquc

2069 2045 2280 2116 veniam
2311 2052 2366 2098 et
2394 2043 2812 2116 misericordiam
2842 2044 2972 2116 petit
3000 2059 3030 2098 a
3069 2044 3316 2116 cletnenti
3366 2062 3492 2116 rege
3518 2088 3534 2111 ,
3561 2043 3645 2102 ὐι

2067 2114 2298 2183 Spiritus
2323 2113 2622 2185 paracletus
2657 2113 2816 2185 simul
2842 2114 3017 2169 veniat
3046 2155 3061 2177 ,
3107 2114 3352 2185 donaque
3395 2113 3450 2170 in
3490 2120 3644 2172 terris

2069 2182 2342 2256 proposita
2392 2184 2703 2256 sanctificat.
2749 2182 2883 2256 Cum
2932 2182 3391 2256 autemmysteria
3421 2188 3509 2240 illa
3536 2199 3643 2241 tre~

2072 2253 2265 2309 tuenda
2299 2254 2707 2309 immortalitatis
2731 2253 2887 2322 plena
2920 2255 3076 2308 allata
3114 2253 3307 2309 fuerint
3332 2298 3344 2318 ,
3377 2272 3474 2324 per
3502 2259 3643 2311 illum

2070 2327 2422 2393 pra-stitutum
2446 2323 2803 2390 sacerdotem,
2828 2339 2924 2393 pro
2941 2325 3187 2378 cinnillus
3210 2323 3641 2386 intercedentem.

2069 2404 2195 2448 tune
2222 2396 2481 2473 accedunt
2504 2395 2858 2473 animequte
2888 2410 2981 2463 per
3000 2398 3268 2473 n_i_ysteria_
3281 2399 3645 2473 purgationem

2067 2481 2095 2538 ξι
2129 2466 2690 2538 masculisact-ipiunt.
2730 2464 2933 2530 Videte,
2968 2467 3198 2535 religiOsi
3221 2464 3339 2531 viri,
3369 2464 3638 2538 quomodo

2068 2533 2185 2590 haec
2211 2535 2318 2589 duo
2347 2535 2475 2589 nihil
2500 2533 2789 2603 operentur
2832 2551 2992 2603 super
3022 2533 3215 2589 terram
3239 2576 3254 2597 ,
3288 2533 3641 2593 nisiuelestis

2064 2605 2301 2671 calculus
2326 2606 2566 2669 accedat,
2590 2614 2643 2658 et
2661 2604 2797 2658 dona
2827 2606 3138 2660 sanctificet.
3164 2605 3374 2672 Vidisti,
3403 2624 3437 2659 ο
3458 2608 3637 2675 homo,

2064 2675 2399 2745 splendidum
2453 2675 2804 2746 miraculum?
2835 2675 3062 2746 Videsne
3110 2676 3328 2746 gradum
3378 2678 3529 2732 illum
3558 2695 3638 2733 s1-

2063 2760 2237 2816 crum,
2263 2746 2532 2816 quomodo
2559 2745 2856 2799 animarum
2902 2745 3089 2800 sordes
3118 2745 3416 2816 expurget?
3467 2750 3634 2803 Bene-

2063 2814 2238 2869 dictus
2280 2814 2353 2870 sit
2390 2815 2689 2886 Salvator,
2735 2816 2822 2886 qui
2872 2831 3035 2884 super
3083 2814 3505 2886 terram‘posuit
3544 2820 3638 2874 huc

2061 2884 2551 2955 splendidissimmn
2596 2896 2653 2957 et
2712 2884 3142 2957 eipurgatorium
3198 2884 3444 2955 donum,
3516 2891 3636 2944 dum

2064 2957 2372 3029 sacerdotes
2410 2956 2579 3029 gratia
2605 2956 2853 3029 illustrat,
2873 2956 3092 3027 utquasi
3111 2957 3390 3029 luminaria
3407 2958 3639 3029 fulgeant

2063 3025 2113 3078 in
2145 3026 2365 3081 mundo.
2414 3026 2648 3096 Populus
2672 3026 2759 3096 qui
2792 3042 2888 3081 nos
2920 3025 3191 3095 praecessit
3211 3069 3226 3093 ,
3253 3042 3422 3082 cornu
3462 3025 3637 3085 oleum

2058 3106 2276 3165 gestans
2305 3094 2597 3167 profectum
2625 3094 2829 3167 accepit
2870 3114 2889 3167 λε
2923 3094 3032 3152 nos
3059 3112 3186 3152 vero
3218 3098 3438 3154 inutiles
3470 3101 3638 3156 homi-

2061 3181 2177 3233 nes,
2209 3165 2473 3222 benedicti
2507 3166 2709 3220 Domini
2742 3165 2903 3232 servi,
2954 3182 3058 3221 non
3087 3183 3275 3232 cornu,
3320 3184 3432 3223 non
3460 3173 3637 3226 oleum

2059 3237 2313 3308 sensibile
2369 3238 2674 3308 accepimus
2717 3254 2729 3289 :
2773 3236 2867 3308 sed
2914 3237 2959 3291 is
3008 3237 3122 3306 ipse
3176 3238 3264 3308 qui
3314 3250 3480 3307 caput
3532 3254 3635 3308 est,

2056 3307 2302 3363 excelsus
2326 3316 2381 3362 et
2406 3306 2714 3362 tremendus
2752 3307 3030 3362 descendit
3057 3308 3126 3362 de
3167 3306 3301 3363 cado
3327 3349 3347 3376 ,
3387 3306 3450 3364 et
3494 3306 3642 3366 dedit

2057 3377 2215 3452 nobis
2264 3379 2315 3452 in
2367 3392 2615 3452 manuum
2667 3378 3004 3452 impositiottc
3031 3377 3290 3452 Spiritum
3324 3395 3518 3452 suum,
3551 3384 3639 3452 qui

2054 3460 2152 3500 ceu
2183 3449 2317 3517 ignis
2342 3448 2484 3501 venit
2513 3447 2571 3518 in,
2596 3449 2886 3518 apostolos.
2928 3447 2974 3503 0
3006 3449 3254 3503 virtutem
3276 3447 3637 3518 ineffabilem,

2059 3531 2178 3584 qua:
2207 3519 2417 3588 dignata
2448 3526 2542 3589 est
2558 3517 2807 3589 habitare
2844 3518 2895 3573 in
2924 3518 3079 3573 nobis
3116 3534 3209 3587 per
3228 3520 3639 3589 impositioncm

2053 3586 2308 3660 manuum
2356 3586 2697 3660 sacerdotum
2719 3588 2742 3660 lt
2777 3587 2821 3642 Ο
2873 3586 3125 3660 quantum
3172 3586 3381 3645 obtinet
3406 3592 3641 3660 gradum

2053 3659 2386 3712 tremendum
2413 3657 2540 3712 illud
2561 3659 2952 3730 sacerdotium?
2982 3659 3175 3730 Beatus
3193 3668 3275 3714 est
3296 3657 3550 3730 quisquis
3585 3664 3639 3717 in

2049 3741 2117 3798 eo
2164 3738 2311 3784 caste
2338 3736 2579 3782 versatur
2617 3738 2670 3782 ct
2700 3729 2982 3797 inculpate.
3014 3728 3203 3784 Petrus
3226 3728 3640 3798 quit-ocabatur

2048 3795 2277 3873 Cepitas,
2306 3800 2396 3873 qui
2436 3798 2502 3873 a_d
2543 3798 2666 3851 litus
2713 3795 2877 3873 maris
2911 3813 3104 3869 sagcna
3153 3795 3341 3869 captus
3366 3810 3497 3868 est,
3547 3804 3641 3873 qui

2050 3868 2412 3942 iestimonium
2466 3867 2567 3942 hoc
2588 3870 2831 3942 ‘accepit
2855 3867 3120 3942 atm'agno
3167 3867 3417 3942 pastore:
3461 3867 3640 3942 Super

2047 3938 2179 4010 (tam:
2230 3949 2418 4004 petram
2468 3937 2730 4010 redi/icubo
2754 4009 2759 4010 ν
2781 3937 3060 3993 Ecclesium
3090 3937 3251 3993 meam
3279 3940 3506 4010 (Matth.
3542 3937 3631 3999 i6.

2047 4007 2135 4080 Ᾰδ)
2170 4024 2189 4080 ἱ
2220 4023 2313 4077 per
2343 4008 2694 4080 sacerdotium
2716 4009 2892 4062 claves
2919 4009 3078 4063 etiam
3113 4007 3369 4064 caelorum
3394 4015 3637 4080 accepit.

2044 4076 2405 4148 Similiterque
2435 4077 2633 4152 Patrius
2656 4079 2781 4131 olim
2815 4092 3163 4152 pet-sequntur
3184 4120 3200 4146 ,
3236 4079 3344 4152 hoc
3373 4076 3636 4152 digna-lus

2044 4160 2285 4213 munere,
2312 4146 2409 4203 ceu
2432 4148 2530 4201 alis
2551 4146 2841 4203 instructus
2868 4146 3199 4204 discurrebat
3233 4150 3283 4203 in
3311 4146 3467 4206 terra
3492 4165 3545 4206 ct
3578 4155 3631 4209 in

2044 4222 2176 4270 mari
2209 4220 2504 4287 pnedieans
2528 4219 2976 4274 resurrectionem
3007 4232 3359 4279 mortuorum.
3380 4222 3630 4278 Cradum

2043 4287 2337 4361 referamus
2350 4289 2423 4361 ad
2442 4289 2572 4344 Abel
2595 4291 2818 4361 justum,
2846 4291 2934 4361 qui
2963 4292 3012 4344 in
3043 4291 3302 4361 principio
3326 4294 3632 4349 creatiouis

2041 4358 2292 4432 sacerdos
2341 4359 2436 4432 fuit
2466 4377 2479 4412 :
2519 4369 2571 4413 et
2604 4358 2682 4415 ab
2729 4358 2835 4432 illo
2863 4358 3172 4432 discamus,
3214 4358 3370 4431 'quod
3417 4363 3543 4432 ipse
3575 4368 3629 4420 in

2042 4427 2300 4498 principio
2342 4430 2568 4484 hostiam
2622 4447 2772 4485 suam
2825 4431 2931 4484 Deo
2970 4427 3629 4490 sacrificaverit.’5mmu

2039 4496 2175 4572 ignis
2215 4496 2283 4572 de
2320 4502 2451 4554 caelo
2481 4500 2811 4572 descendens
2852 4500 3076 4554 hostiam
3105 4500 3220 4570 ejus
3239 4507 3631 4572 consuttipsit?

2030 4568 2263 4641 Quando
2289 4581 2465 4641 autem
2489 4571 2681 4626 obtulit
2700 4572 2807 4625 Deo
2836 4572 3111 4639 primitias,
3140 4568 3199 4625 ut
3222 4568 3626 4641 ausu-ipim,

2036 4634 2275 4706 Respexit
2325 4639 2467 4693 Deus
2498 4641 2551 4694 iu
2599 4641 2813 4695 hostiam
2836 4634 3013 4707 'Abcf,
3050 4642 3118 4694 ad
3139 4641 3265 4695 Cain
3302 4634 3482 4696 autem
3520 4634 3627 4699 non

2034 4711 2251 4778 respexit
2292 4709 2601 4784 (Gem-4.4.
2645 4709 2727 4782 5).
2785 4711 3015 4784 Rursum
3068 4720 3245 4784 autem
3298 4712 3414 4766 Noe
3451 4750 3470 4777 ,
3531 4718 3626 4784 qui

2034 4789 2276 4852 servatus
2318 4791 2401 4852 est
2447 4781 2500 4834 in
2544 4796 2663 4833 arca
2695 4822 2710 4846 ,
2740 4782 2968 4852 quando
2996 4781 3179 4836 sedata
3223 4795 3305 4837 εει
3333 4800 3482 4852 aqua
3506 4828 3521 4849 ,
3553 4781 3627 4839 'et

2032 4851 2275 4904 consedit
2326 4851 2415 4904 ille
2465 4851 2515 4904 in
2564 4850 2835 4904 montibus
2882 4856 3106 4917 Ararat,
3153 4851 3258 4907 hoc
3285 4850 3478 4907 statim
3533 4859 3629 4911 ille

2032 4920 2267 4991 suscepit
2291 4921 2667 4986 sacerdotium,
2700 4931 2753 4975 et
2771 4921 2960 4975 obtulit
2990 4922 3214 4976 hostiam
3243 4938 3380 4991 pure
3406 4926 3531 4980 Deo
3567 4929 3625 4980 in

2032 4987 2254 5061 odorem
2309 4991 2603 5045 suavitatis.
2658 4992 3013 5057 Quamobrem
3062 4987 3327 5061 disposuit
3368 5008 3501 5048 eum
3554 5014 3626 5049 eo

2024 5059 2173 5128 Deus
2197 5070 2590 5125 testamentum,
2621 5061 2763 5128 quod
2803 5078 2910 5115 non
2941 5065 3073 5115 ultra
3104 5059 3425 5117 ἰιῐιιυριυηιε
3469 5079 3625 5120 esset

2028 5127 2284 5184 diluvium
2313 5146 2474 5197 super
2504 5127 2699 5184 terram
2729 5144 2747 5185 :
2777 5141 2831 5185 et
2852 5132 2999 5186 dedit
3027 5132 3097 5185 illi
3130 5133 3582 5190 benedictionetrt
3605 5179 3621 5198 ,

2029 5208 2087 5252 ut
2108 5211 2373 5255 cresceret
2399 5210 2453 5254 ct
2478 5201 2930 5269 multiplicaretur.
2966 5201 3203 5256 Vidistin‘
3233 5204 3341 5258 vim
3378 5206 3626 5260 mirabi-

2028 5270 2130 5323 lem
2162 5271 2482 5326 sacerdotii?
2525 5272 2977 5395 Vidistimgnimum
3007 5276 3341 5327 sacerdotem
3370 5277 3519 5334 Abel
3565 5280 3622 5331 in

2028 5340 2196 5395 prima
2223 5343 2508 5395 creatione.
2538 5357 2696 5395 auom
2772 5356 2804 5395 o
2831 5345 3003 5395 ignem
3048 5342 3328 5395 deduxerit
3355 5344 3427 5395 de
3480 5349 3622 5395 metu

2028 5340 2196 5407 prima
2223 5343 2508 5406 creatione,
2538 5340 2804 5409 quomodo
2831 5345 3003 5410 ignem
3048 5342 3328 5398 deduxerit
3355 5344 3427 5398 de
3480 5349 3626 5401 caelo

2027 5410 2081 5464 in
2109 5419 2301 5465 terram
2332 5426 2426 5481 per
2453 5412 2775 5481 inculpatum
2803 5426 2956 5465 suum
2984 5412 3391 5467 holocaustum?
3411 5415 3621 5470 Vidisti

2024 5494 2235 5534 rursum
2282 5480 2395 5534 Noe
2442 5480 2799 5535 venerandum
2856 5485 3187 5536 sacerdotem
3252 5485 3306 5537 in
3362 5489 3623 5540 secunda

2024 5552 2311 5611 creatione,
2338 5552 2607 5618 quomodo
2634 5552 2771 5605 Deus
2808 5551 3131 5619 disposuerit
3169 5568 3292 5607 cum
3319 5555 3414 5609 illo
3447 5567 3624 5610 testa-

2026 5623 2305 5693 mentum?
2337 5622 2443 5676 Iloc
2462 5622 2594 5693 item
2625 5621 2922 5676 sacerdotio
2939 5621 3206 5675 Abraham
3224 5624 3489 5693 dignatus
3510 5640 3624 5689 est,

2023 5698 2079 5743 et
2104 5691 2291 5746 obtulit
2322 5693 2429 5747 Deo
2457 5692 2621 5760 lsaac,
2652 5693 2851 5747 viscera
2878 5693 3088 5762 propria
3115 5691 3465 5749 sacrilictvit.
3506 5697 3625 5752 ilhc
