  <div class='ocr_page' id='page_1' title='image "/cluster/home/n/w/nwhite01/storage/ocr_20150623/48/nnc1.0046978267/550.png"; bbox 0 0 3828 6226; ppageno 0'>
   <div class='ocr_carea' id='block_1_1' title="bbox 191 317 336 382">
    <p class='ocr_par' dir='ltr' id='par_1_1' title="bbox 191 317 336 382">
     <span class='ocr_line' id='line_1_1' title="bbox 191 317 336 382; baseline -0.014 0"><span class='ocrx_word' id='word_1_1' title='bbox 191 326 217 382; x_wconf 77' lang='grc' dir='ltr'><strong>Ι</strong></span> <span class='ocrx_word' id='word_1_2' title='bbox 227 317 336 380; x_wconf 75' lang='lat'><strong>069</strong></span> 
     </span>
    </p>
   </div>
   <div class='ocr_carea' id='block_1_2' title="bbox 189 427 1787 499">
    <p class='ocr_par' dir='ltr' id='par_1_2' title="bbox 189 427 1787 499">
     <span class='ocr_line' id='line_1_2' title="bbox 189 427 1787 499; baseline -0.006 -8"><span class='ocrx_word' id='word_1_3' title='bbox 189 433 433 491; x_wconf 78' lang='lat' dir='ltr'><strong>oswndit</strong></span> <span class='ocrx_word' id='word_1_4' title='bbox 489 432 630 487; x_wconf 90' lang='lat' dir='ltr'><strong>Deus</strong></span> <span class='ocrx_word' id='word_1_5' title='bbox 681 429 780 499; x_wconf 86' lang='lat' dir='ltr'><strong>ipsi</strong></span> <span class='ocrx_word' id='word_1_6' title='bbox 835 445 1083 499; x_wconf 85' lang='lat' dir='ltr'><strong>magnum</strong></span> <span class='ocrx_word' id='word_1_7' title='bbox 1140 429 1454 484; x_wconf 80' lang='lat' dir='ltr'><strong>miraculum</strong></span> <span class='ocrx_word' id='word_1_8' title='bbox 1488 471 1504 495; x_wconf 91' lang='lat'><strong>,</strong></span> <span class='ocrx_word' id='word_1_9' title='bbox 1570 427 1787 482; x_wconf 89' lang='lat' dir='ltr'><strong>Domini</strong></span> 
     </span>
    </p>
   </div>
   <div class='ocr_carea' id='block_1_3' title="bbox 191 499 1783 576">
    <p class='ocr_par' dir='ltr' id='par_1_3' title="bbox 191 499 1783 576">
     <span class='ocr_line' id='line_1_3' title="bbox 191 499 1783 576; baseline -0.007 -15"><span class='ocrx_word' id='word_1_10' title='bbox 191 504 599 576; x_wconf 83' lang='lat' dir='ltr'><strong>generationem</strong></span> <span class='ocrx_word' id='word_1_11' title='bbox 649 517 702 556; x_wconf 91' lang='grc' dir='ltr'><strong>ιιι</strong></span> <span class='ocrx_word' id='word_1_12' title='bbox 753 500 988 576; x_wconf 74' lang='lat' dir='ltr'><strong>virgulto</strong></span> <span class='ocrx_word' id='word_1_13' title='bbox 1030 500 1202 576; x_wconf 86' lang='lat' dir='ltr'><strong>S_abec</strong></span> <span class='ocrx_word' id='word_1_14' title='bbox 1230 540 1245 560; x_wconf 85' lang='lat'><strong>,</strong></span> <span class='ocrx_word' id='word_1_15' title='bbox 1295 500 1677 576; x_wconf 74' lang='lat' dir='ltr'><strong>incrementum</strong></span> <span class='ocrx_word' id='word_1_16' title='bbox 1722 499 1783 576; x_wconf 75' lang='lat' dir='ltr'><strong>in</strong></span> 
     </span>
    </p>
   </div>
   <div class='ocr_carea' id='block_1_4' title="bbox 195 569 1782 638">
    <p class='ocr_par' dir='ltr' id='par_1_4' title="bbox 195 569 1782 638">
     <span class='ocr_line' id='line_1_4' title="bbox 195 569 1782 638; baseline -0.004 -9"><span class='ocrx_word' id='word_1_17' title='bbox 195 569 472 629; x_wconf 63' lang='lat' dir='ltr'><strong>momento</strong></span> <span class='ocrx_word' id='word_1_18' title='bbox 491 574 709 634; x_wconf 88' lang='lat' dir='ltr'><strong>factmn,</strong></span> <span class='ocrx_word' id='word_1_19' title='bbox 733 581 787 625; x_wconf 92' lang='lat' dir='ltr'><strong>et</strong></span> <span class='ocrx_word' id='word_1_20' title='bbox 803 569 1228 624; x_wconf 80' lang='lat' dir='ltr'><strong>benedictionem</strong></span> <span class='ocrx_word' id='word_1_21' title='bbox 1248 585 1349 638; x_wconf 91' lang='lat' dir='ltr'><strong>qua</strong></span> <span class='ocrx_word' id='word_1_22' title='bbox 1373 570 1470 638; x_wconf 86' lang='lat' dir='ltr'><strong>ipsi</strong></span> <span class='ocrx_word' id='word_1_23' title='bbox 1489 569 1782 638; x_wconf 58' lang='lat' dir='ltr'><strong>benedixit:</strong></span> 
     </span>
    </p>
   </div>
   <div class='ocr_carea' id='block_1_5' title="bbox 197 637 1784 711">
    <p class='ocr_par' dir='ltr' id='par_1_5' title="bbox 197 637 1784 711">
     <span class='ocr_line' id='line_1_5' title="bbox 197 637 1784 711; baseline -0.008 -11"><span class='ocrx_word' id='word_1_24' title='bbox 197 645 269 700; x_wconf 85' lang='grc' dir='ltr'><strong>1η</strong></span> <span class='ocrx_word' id='word_1_25' title='bbox 295 646 480 700; x_wconf 78' lang='lat' dir='ltr'><strong>semine</strong></span> <span class='ocrx_word' id='word_1_26' title='bbox 505 651 590 695; x_wconf 80' lang='lat' dir='ltr'><strong>tuo</strong></span> <span class='ocrx_word' id='word_1_27' title='bbox 617 641 967 711; x_wconf 73' lang='lat' dir='ltr'><strong>benedicentur</strong></span> <span class='ocrx_word' id='word_1_28' title='bbox 995 656 1165 693; x_wconf 83' lang='lat' dir='ltr'><strong>omnes</strong></span> <span class='ocrx_word' id='word_1_29' title='bbox 1192 637 1362 710; x_wconf 77' lang='lat' dir='ltr'><strong>gentes</strong></span> <span class='ocrx_word' id='word_1_30' title='bbox 1395 637 1547 711; x_wconf 55' lang='lat' dir='ltr'><strong>(Gen.</strong></span> <span class='ocrx_word' id='word_1_31' title='bbox 1564 639 1652 695; x_wconf 71' lang='grc'><strong>22.</strong></span> <span class='ocrx_word' id='word_1_32' title='bbox 1676 637 1784 706; x_wconf 79' lang='grc'><strong>18).</strong></span> 
     </span>
    </p>
   </div>
   <div class='ocr_carea' id='block_1_6' title="bbox 199 710 1790 773">
    <p class='ocr_par' dir='ltr' id='par_1_6' title="bbox 199 710 1790 773">
     <span class='ocr_line' id='line_1_6' title="bbox 199 710 1790 773; baseline -0.006 -4"><span class='ocrx_word' id='word_1_33' title='bbox 199 717 318 770; x_wconf 82' lang='lat' dir='ltr'><strong>Hoc</strong></span> <span class='ocrx_word' id='word_1_34' title='bbox 348 715 472 768; x_wconf 80' lang='lat' dir='ltr'><strong>item</strong></span> <span class='ocrx_word' id='word_1_35' title='bbox 493 713 794 766; x_wconf 86' lang='lat' dir='ltr'><strong>sacerdotio</strong></span> <span class='ocrx_word' id='word_1_36' title='bbox 819 710 992 765; x_wconf 79' lang='lat' dir='ltr'><strong>Moses</strong></span> <span class='ocrx_word' id='word_1_37' title='bbox 1017 711 1309 763; x_wconf 91' lang='lat' dir='ltr'><strong>honoratus</strong></span> <span class='ocrx_word' id='word_1_38' title='bbox 1335 710 1437 773; x_wconf 87' lang='lat' dir='ltr'><strong>est,</strong></span> <span class='ocrx_word' id='word_1_39' title='bbox 1457 723 1575 762; x_wconf 91' lang='lat' dir='ltr'><strong>cum</strong></span> <span class='ocrx_word' id='word_1_40' title='bbox 1599 722 1790 762; x_wconf 88' lang='lat' dir='ltr'><strong>ascen-</strong></span> 
     </span>
    </p>
   </div>
   <div class='ocr_carea' id='block_1_7' title="bbox 204 778 1789 847">
    <p class='ocr_par' dir='ltr' id='par_1_7' title="bbox 204 778 1789 847">
     <span class='ocr_line' id='line_1_7' title="bbox 204 778 1789 847; baseline -0.003 -11"><span class='ocrx_word' id='word_1_41' title='bbox 204 787 374 838; x_wconf 84' lang='lat' dir='ltr'><strong>disset</strong></span> <span class='ocrx_word' id='word_1_42' title='bbox 417 785 468 836; x_wconf 93' lang='lat' dir='ltr'><strong>iu</strong></span> <span class='ocrx_word' id='word_1_43' title='bbox 524 790 756 836; x_wconf 78' lang='lat' dir='ltr'><strong>montem</strong></span> <span class='ocrx_word' id='word_1_44' title='bbox 813 782 938 835; x_wconf 89' lang='lat' dir='ltr'><strong>Sina</strong></span> <span class='ocrx_word' id='word_1_45' title='bbox 985 780 1050 834; x_wconf 88' lang='lat' dir='ltr'><strong>ad</strong></span> <span class='ocrx_word' id='word_1_46' title='bbox 1107 779 1308 842; x_wconf 90' lang='lat' dir='ltr'><strong>Deum,</strong></span> <span class='ocrx_word' id='word_1_47' title='bbox 1353 778 1502 833; x_wconf 88' lang='lat' dir='ltr'><strong>etab</strong></span> <span class='ocrx_word' id='word_1_48' title='bbox 1525 794 1590 832; x_wconf 91' lang='lat' dir='ltr'><strong>eo</strong></span> <span class='ocrx_word' id='word_1_49' title='bbox 1621 778 1789 847; x_wconf 87' lang='lat' dir='ltr'><strong>legem</strong></span> 
     </span>
    </p>
   </div>
   <div class='ocr_carea' id='block_1_8' title="bbox 199 849 1788 921">
    <p class='ocr_par' dir='ltr' id='par_1_8' title="bbox 199 849 1788 921">
     <span class='ocr_line' id='line_1_8' title="bbox 199 849 1788 921; baseline -0.003 -13"><span class='ocrx_word' id='word_1_50' title='bbox 199 855 501 921; x_wconf 68' lang='lat' dir='ltr'><strong>accepi&lt;set</strong></span> <span class='ocrx_word' id='word_1_51' title='bbox 527 869 539 904; x_wconf 92' lang='lat'><strong>:</strong></span> <span class='ocrx_word' id='word_1_52' title='bbox 573 852 918 920; x_wconf 82' lang='lat' dir='ltr'><strong>quamobrem</strong></span> <span class='ocrx_word' id='word_1_53' title='bbox 959 850 1284 921; x_wconf 81' lang='lat' dir='ltr'><strong>glorilicatus</strong></span> <span class='ocrx_word' id='word_1_54' title='bbox 1318 858 1408 921; x_wconf 80' lang='lat' dir='ltr'><strong>est</strong></span> <span class='ocrx_word' id='word_1_55' title='bbox 1433 849 1610 903; x_wconf 86' lang='lat' dir='ltr'><strong>vultus</strong></span> <span class='ocrx_word' id='word_1_56' title='bbox 1628 849 1752 921; x_wconf 85' lang='lat' dir='ltr'><strong>ejus</strong></span> <span class='ocrx_word' id='word_1_57' title='bbox 1772 889 1788 913; x_wconf 91' lang='lat'><strong>,</strong></span> 
     </span>
    </p>
   </div>
   <div class='ocr_carea' id='block_1_9' title="bbox 202 919 1791 992">
    <p class='ocr_par' dir='ltr' id='par_1_9' title="bbox 202 919 1791 992">
     <span class='ocr_line' id='line_1_9' title="bbox 202 919 1791 992; baseline -0.004 -14"><span class='ocrx_word' id='word_1_58' title='bbox 202 935 268 980; x_wconf 85' lang='grc' dir='ltr'><strong>ιιι</strong></span> <span class='ocrx_word' id='word_1_59' title='bbox 323 919 441 992; x_wconf 87' lang='lat' dir='ltr'><strong>plus</strong></span> <span class='ocrx_word' id='word_1_60' title='bbox 492 919 648 992; x_wconf 80' lang='lat' dir='ltr'><strong>quam</strong></span> <span class='ocrx_word' id='word_1_61' title='bbox 707 922 787 975; x_wconf 75' lang='lat' dir='ltr'><strong>Sol</strong></span> <span class='ocrx_word' id='word_1_62' title='bbox 831 928 1136 990; x_wconf 89' lang='lat' dir='ltr'><strong>appareret.</strong></span> <span class='ocrx_word' id='word_1_63' title='bbox 1198 919 1564 992; x_wconf 68' lang='lat' dir='ltr'><strong>Similiterque</strong></span> <span class='ocrx_word' id='word_1_64' title='bbox 1611 919 1791 972; x_wconf 94' lang='lat' dir='ltr'><strong>Aaron</strong></span> 
     </span>
    </p>
   </div>
   <div class='ocr_carea' id='block_1_10' title="bbox 202 987 1791 1060">
    <p class='ocr_par' dir='ltr' id='par_1_10' title="bbox 202 987 1791 1060">
     <span class='ocr_line' id='line_1_10' title="bbox 202 987 1791 1060; baseline -0.005 -11"><span class='ocrx_word' id='word_1_65' title='bbox 202 987 782 1060; x_wconf 54' lang='lat' dir='ltr'><strong>sacerdotio&#39;dignatus</strong></span> <span class='ocrx_word' id='word_1_66' title='bbox 805 987 926 1044; x_wconf 62' lang='lat' dir='ltr'><strong>est}</strong></span> <span class='ocrx_word' id='word_1_67' title='bbox 963 992 1165 1058; x_wconf 75' lang='lat' dir='ltr'><strong>legatus</strong></span> <span class='ocrx_word' id='word_1_68' title='bbox 1195 987 1364 1043; x_wconf 90' lang='lat' dir='ltr'><strong>factus</strong></span> <span class='ocrx_word' id='word_1_69' title='bbox 1387 989 1452 1042; x_wconf 91' lang='lat' dir='ltr'><strong>ad</strong></span> <span class='ocrx_word' id='word_1_70' title='bbox 1478 987 1661 1042; x_wconf 86' lang='lat' dir='ltr'><strong>Deum</strong></span> <span class='ocrx_word' id='word_1_71' title='bbox 1693 1004 1791 1060; x_wconf 86' lang='lat' dir='ltr'><strong>pro</strong></span> 
     </span>
    </p>
   </div>
   <div class='ocr_carea' id='block_1_11' title="bbox 207 1059 1796 1136">
    <p class='ocr_par' dir='ltr' id='par_1_11' title="bbox 207 1059 1796 1136">
     <span class='ocr_line' id='line_1_11' title="bbox 207 1059 1796 1136; baseline -0.004 -17"><span class='ocrx_word' id='word_1_72' title='bbox 207 1065 452 1136; x_wconf 80' lang='lat' dir='ltr'><strong>peccatis</strong></span> <span class='ocrx_word' id='word_1_73' title='bbox 482 1059 842 1136; x_wconf 39' lang='grc' dir='ltr'>ροῐιιιιὶεΝτιιη</span> <span class='ocrx_word' id='word_1_74' title='bbox 878 1061 1078 1136; x_wconf 60' lang='lat' dir='ltr'><strong>Moyses</strong></span> <span class='ocrx_word' id='word_1_75' title='bbox 1100 1070 1144 1113; x_wconf 82' lang='lat' dir='ltr'><strong>et</strong></span> <span class='ocrx_word' id='word_1_76' title='bbox 1173 1061 1342 1112; x_wconf 82' lang='lat' dir='ltr'><strong>Aaron</strong></span> <span class='ocrx_word' id='word_1_77' title='bbox 1356 1061 1415 1136; x_wconf 75' lang='lat' dir='ltr'><strong>in</strong></span> <span class='ocrx_word' id='word_1_78' title='bbox 1433 1059 1796 1136; x_wconf 48' lang='lat' dir='ltr'><strong>facerdotibus</strong></span> 
     </span>
    </p>
   </div>
   <div class='ocr_carea' id='block_1_12' title="bbox 203 1129 1796 1204">
    <p class='ocr_par' dir='ltr' id='par_1_12' title="bbox 203 1129 1796 1204">
     <span class='ocr_line' id='line_1_12' title="bbox 203 1129 1796 1204; baseline -0.006 -15"><span class='ocrx_word' id='word_1_79' title='bbox 203 1129 322 1204; x_wconf 70' lang='lat' dir='ltr'><strong>ejus</strong></span> <span class='ocrx_word' id='word_1_80' title='bbox 349 1129 518 1204; x_wconf 73' lang='lat' dir='ltr'><strong>(Paul.</strong></span> <span class='ocrx_word' id='word_1_81' title='bbox 547 1129 636 1204; x_wconf 71' lang='lat'><strong>98.</strong></span> <span class='ocrx_word' id='word_1_82' title='bbox 670 1132 748 1200; x_wconf 92' lang='grc'><strong>6).</strong></span> <span class='ocrx_word' id='word_1_83' title='bbox 781 1129 982 1204; x_wconf 61' lang='grc' dir='ltr'>Εθᾷμιιι</span> <span class='ocrx_word' id='word_1_84' title='bbox 1015 1145 1225 1199; x_wconf 91' lang='lat' dir='ltr'><strong>quoque</strong></span> <span class='ocrx_word' id='word_1_85' title='bbox 1247 1129 1662 1204; x_wconf 61' lang='lat' dir='ltr'><strong>modolfhinees</strong></span> <span class='ocrx_word' id='word_1_86' title='bbox 1695 1129 1796 1204; x_wconf 87' lang='lat' dir='ltr'><strong>hoe</strong></span> 
     </span>
    </p>
   </div>
   <div class='ocr_carea' id='block_1_13' title="bbox 205 1199 1798 1269">
    <p class='ocr_par' dir='ltr' id='par_1_13' title="bbox 205 1199 1798 1269">
     <span class='ocr_line' id='line_1_13' title="bbox 205 1199 1798 1269; baseline -0.003 -11"><span class='ocrx_word' id='word_1_87' title='bbox 205 1199 676 1258; x_wconf 67' lang='lat' dir='ltr'><strong>venerabilissimo</strong></span> <span class='ocrx_word' id='word_1_88' title='bbox 708 1199 1009 1256; x_wconf 78' lang='lat' dir='ltr'><strong>Sacerdotio</strong></span> <span class='ocrx_word' id='word_1_89' title='bbox 1031 1207 1256 1254; x_wconf 87' lang='lat' dir='ltr'><strong>mortem</strong></span> <span class='ocrx_word' id='word_1_90' title='bbox 1283 1199 1483 1269; x_wconf 86' lang='lat' dir='ltr'><strong>depulit</strong></span> <span class='ocrx_word' id='word_1_91' title='bbox 1510 1215 1574 1254; x_wconf 79' lang='lat' dir='ltr'><strong>ex</strong></span> <span class='ocrx_word' id='word_1_92' title='bbox 1605 1199 1798 1267; x_wconf 88' lang='lat' dir='ltr'><strong>populo</strong></span> 
     </span>
    </p>
   </div>
   <div class='ocr_carea' id='block_1_14' title="bbox 206 1269 1795 1335">
    <p class='ocr_par' dir='ltr' id='par_1_14' title="bbox 206 1269 1795 1335">
     <span class='ocr_line' id='line_1_14' title="bbox 206 1269 1795 1335; baseline -0.004 -6"><span class='ocrx_word' id='word_1_93' title='bbox 206 1276 329 1329; x_wconf 90' lang='lat' dir='ltr'><strong>illo.</strong></span> <span class='ocrx_word' id='word_1_94' title='bbox 387 1274 562 1327; x_wconf 88' lang='lat' dir='ltr'><strong>llelias</strong></span> <span class='ocrx_word' id='word_1_95' title='bbox 591 1286 721 1327; x_wconf 90' lang='lat' dir='ltr'><strong>vero</strong></span> <span class='ocrx_word' id='word_1_96' title='bbox 766 1286 1005 1335; x_wconf 84' lang='lat' dir='ltr'><strong>rursum,</strong></span> <span class='ocrx_word' id='word_1_97' title='bbox 1051 1271 1151 1323; x_wconf 88' lang='lat' dir='ltr'><strong>hoc</strong></span> <span class='ocrx_word' id='word_1_98' title='bbox 1194 1269 1460 1334; x_wconf 89' lang='lat' dir='ltr'><strong>inductus,</strong></span> <span class='ocrx_word' id='word_1_99' title='bbox 1515 1269 1795 1323; x_wconf 75' lang='lat' dir='ltr'><strong>exauditus</strong></span> 
     </span>
    </p>
   </div>
   <div class='ocr_carea' id='block_1_15' title="bbox 208 1338 1799 1412">
    <p class='ocr_par' dir='ltr' id='par_1_15' title="bbox 208 1338 1799 1412">
     <span class='ocr_line' id='line_1_15' title="bbox 208 1338 1799 1412; baseline -0.004 -12"><span class='ocrx_word' id='word_1_100' title='bbox 208 1356 302 1400; x_wconf 88' lang='lat' dir='ltr'><strong>est</strong></span> <span class='ocrx_word' id='word_1_101' title='bbox 348 1346 400 1397; x_wconf 92' lang='lat' dir='ltr'><strong>in</strong></span> <span class='ocrx_word' id='word_1_102' title='bbox 447 1345 567 1412; x_wconf 84' lang='lat' dir='ltr'><strong>igne</strong></span> <span class='ocrx_word' id='word_1_103' title='bbox 596 1383 612 1407; x_wconf 93' lang='lat'><strong>,</strong></span> <span class='ocrx_word' id='word_1_104' title='bbox 665 1351 719 1396; x_wconf 91' lang='lat' dir='ltr'><strong>et</strong></span> <span class='ocrx_word' id='word_1_105' title='bbox 752 1341 1069 1412; x_wconf 84' lang='lat' dir='ltr'><strong>sacerdotes</strong></span> <span class='ocrx_word' id='word_1_106' title='bbox 1120 1339 1461 1412; x_wconf 85' lang='lat' dir='ltr'><strong>turpitudinis</strong></span> <span class='ocrx_word' id='word_1_107' title='bbox 1510 1338 1799 1394; x_wconf 87' lang='lat' dir='ltr'><strong>interfecit.</strong></span> 
     </span>
    </p>
   </div>
   <div class='ocr_carea' id='block_1_16' title="bbox 209 1409 1802 1481">
    <p class='ocr_par' dir='ltr' id='par_1_16' title="bbox 209 1409 1802 1481">
     <span class='ocr_line' id='line_1_16' title="bbox 209 1409 1802 1481; baseline -0.004 -12"><span class='ocrx_word' id='word_1_108' title='bbox 209 1409 493 1469; x_wconf 78' lang='lat' dir='ltr'><strong>Discamus</strong></span> <span class='ocrx_word' id='word_1_109' title='bbox 520 1414 717 1481; x_wconf 89' lang='lat' dir='ltr'><strong>itaque,</strong></span> <span class='ocrx_word' id='word_1_110' title='bbox 742 1411 954 1481; x_wconf 81' lang='lat' dir='ltr'><strong>fratres,</strong></span> <span class='ocrx_word' id='word_1_111' title='bbox 994 1425 1239 1481; x_wconf 85' lang='lat' dir='ltr'><strong>magnam</strong></span> <span class='ocrx_word' id='word_1_112' title='bbox 1267 1409 1656 1481; x_wconf 82' lang='lat' dir='ltr'><strong>sublimemque</strong></span> <span class='ocrx_word' id='word_1_113' title='bbox 1681 1423 1802 1481; x_wconf 87' lang='lat' dir='ltr'><strong>esse</strong></span> 
     </span>
    </p>
   </div>
   <div class='ocr_carea' id='block_1_17' title="bbox 209 1479 1800 1552">
    <p class='ocr_par' dir='ltr' id='par_1_17' title="bbox 209 1479 1800 1552">
     <span class='ocr_line' id='line_1_17' title="bbox 209 1479 1800 1552; baseline -0.004 -14"><span class='ocrx_word' id='word_1_114' title='bbox 209 1483 499 1539; x_wconf 77' lang='lat' dir='ltr'><strong>sacerdotii</strong></span> <span class='ocrx_word' id='word_1_115' title='bbox 515 1479 1030 1552; x_wconf 74' lang='lat' dir='ltr'><strong>dignitatem.Gloria</strong></span> <span class='ocrx_word' id='word_1_116' title='bbox 1047 1480 1409 1551; x_wconf 88' lang='lat' dir='ltr'><strong>Unigenito,et</strong></span> <span class='ocrx_word' id='word_1_117' title='bbox 1424 1480 1522 1534; x_wconf 89' lang='lat' dir='ltr'><strong>soli</strong></span> <span class='ocrx_word' id='word_1_118' title='bbox 1537 1479 1695 1541; x_wconf 91' lang='lat' dir='ltr'><strong>bono,</strong></span> <span class='ocrx_word' id='word_1_119' title='bbox 1711 1480 1800 1547; x_wconf 92' lang='lat' dir='ltr'><strong>qui</strong></span> 
     </span>
    </p>
   </div>
   <div class='ocr_carea' id='block_1_18' title="bbox 212 1549 1805 1624">
    <p class='ocr_par' dir='ltr' id='par_1_18' title="bbox 212 1549 1805 1624">
     <span class='ocr_line' id='line_1_18' title="bbox 212 1549 1805 1624; baseline -0.005 -16"><span class='ocrx_word' id='word_1_120' title='bbox 212 1570 387 1624; x_wconf 83' lang='lat' dir='ltr'><strong>Ipsam</strong></span> <span class='ocrx_word' id='word_1_121' title='bbox 413 1549 667 1622; x_wconf 83' lang='lat' dir='ltr'><strong>apostolis</strong></span> <span class='ocrx_word' id='word_1_122' title='bbox 700 1551 812 1605; x_wconf 91' lang='lat' dir='ltr'><strong>suis</strong></span> <span class='ocrx_word' id='word_1_123' title='bbox 843 1549 1107 1624; x_wconf 60' lang='lat' dir='ltr'><strong>tradidit,</strong></span> <span class='ocrx_word' id='word_1_124' title='bbox 1131 1549 1232 1624; x_wconf 77' lang='lat' dir='ltr'><strong>per</strong></span> <span class='ocrx_word' id='word_1_125' title='bbox 1253 1564 1408 1624; x_wconf 82' lang='lat' dir='ltr'><strong>suum</strong></span> <span class='ocrx_word' id='word_1_126' title='bbox 1444 1565 1637 1624; x_wconf 84' lang='lat' dir='ltr'><strong>novum</strong></span> <span class='ocrx_word' id='word_1_127' title='bbox 1681 1565 1805 1601; x_wconf 87' lang='lat' dir='ltr'><strong>san-</strong></span> 
     </span>
    </p>
   </div>
   <div class='ocr_carea' id='block_1_19' title="bbox 211 1619 1802 1692">
    <p class='ocr_par' dir='ltr' id='par_1_19' title="bbox 211 1619 1802 1692">
     <span class='ocr_line' id='line_1_19' title="bbox 211 1619 1802 1692; baseline -0.005 -13"><span class='ocrx_word' id='word_1_128' title='bbox 211 1619 471 1692; x_wconf 69' lang='lat' dir='ltr'><strong>ctumque</strong></span> <span class='ocrx_word' id='word_1_129' title='bbox 498 1629 898 1684; x_wconf 70' lang='lat' dir='ltr'><strong>testamentum,</strong></span> <span class='ocrx_word' id='word_1_130' title='bbox 917 1632 966 1674; x_wconf 88' lang='lat' dir='ltr'><strong>ut</strong></span> <span class='ocrx_word' id='word_1_131' title='bbox 988 1620 1142 1674; x_wconf 91' lang='lat' dir='ltr'><strong>nobis</strong></span> <span class='ocrx_word' id='word_1_132' title='bbox 1155 1629 1207 1674; x_wconf 90' lang='lat' dir='ltr'><strong>et</strong></span> <span class='ocrx_word' id='word_1_133' title='bbox 1221 1619 1320 1688; x_wconf 89' lang='lat' dir='ltr'><strong>ipsi</strong></span> <span class='ocrx_word' id='word_1_134' title='bbox 1338 1620 1604 1690; x_wconf 90' lang='lat' dir='ltr'><strong>specimen</strong></span> <span class='ocrx_word' id='word_1_135' title='bbox 1621 1628 1802 1692; x_wconf 42' lang='lat' dir='ltr'><strong>esten:</strong></span> 
     </span>
    </p>
   </div>
   <div class='ocr_carea' id='block_1_20' title="bbox 213 1689 1799 1759">
    <p class='ocr_par' dir='ltr' id='par_1_20' title="bbox 213 1689 1799 1759">
     <span class='ocr_line' id='line_1_20' title="bbox 213 1689 1799 1759; baseline -0.004 -11"><span class='ocrx_word' id='word_1_136' title='bbox 213 1689 447 1759; x_wconf 85' lang='lat' dir='ltr'><strong>dant,in</strong></span> <span class='ocrx_word' id='word_1_137' title='bbox 473 1693 812 1758; x_wconf 85' lang='lat' dir='ltr'><strong>impositione</strong></span> <span class='ocrx_word' id='word_1_138' title='bbox 844 1705 1095 1744; x_wconf 89' lang='lat' dir='ltr'><strong>manuum</strong></span> <span class='ocrx_word' id='word_1_139' title='bbox 1133 1704 1348 1743; x_wconf 90' lang='lat' dir='ltr'><strong>suarum</strong></span> <span class='ocrx_word' id='word_1_140' title='bbox 1372 1689 1539 1756; x_wconf 41' lang='lat' dir='ltr'><strong>&#39;super</strong></span> <span class='ocrx_word' id='word_1_141' title='bbox 1563 1703 1678 1753; x_wconf 91' lang='lat' dir='ltr'><strong>eos,</strong></span> <span class='ocrx_word' id='word_1_142' title='bbox 1709 1689 1799 1754; x_wconf 95' lang='lat' dir='ltr'><strong>qui</strong></span> 
     </span>
    </p>
   </div>
   <div class='ocr_carea' id='block_1_21' title="bbox 213 1760 1803 1833">
    <p class='ocr_par' dir='ltr' id='par_1_21' title="bbox 213 1760 1803 1833">
     <span class='ocr_line' id='line_1_21' title="bbox 213 1760 1803 1833; baseline -0.005 -15"><span class='ocrx_word' id='word_1_143' title='bbox 213 1766 367 1833; x_wconf 78' lang='lat' dir='ltr'><strong>digni</strong></span> <span class='ocrx_word' id='word_1_144' title='bbox 390 1773 533 1817; x_wconf 91' lang='lat' dir='ltr'><strong>sunt.</strong></span> <span class='ocrx_word' id='word_1_145' title='bbox 552 1762 752 1816; x_wconf 87' lang='lat' dir='ltr'><strong>Omnes</strong></span> <span class='ocrx_word' id='word_1_146' title='bbox 771 1763 952 1833; x_wconf 74' lang='lat' dir='ltr'><strong>itaque</strong></span> <span class='ocrx_word' id='word_1_147' title='bbox 981 1775 1095 1833; x_wconf 85' lang='lat' dir='ltr'><strong>nos.</strong></span> <span class='ocrx_word' id='word_1_148' title='bbox 1116 1760 1322 1833; x_wconf 82' lang='lat' dir='ltr'><strong>sincere</strong></span> <span class='ocrx_word' id='word_1_149' title='bbox 1347 1773 1664 1833; x_wconf 82' lang='lat' dir='ltr'><strong>veneremur</strong></span> <span class='ocrx_word' id='word_1_150' title='bbox 1688 1773 1803 1833; x_wconf 84' lang='lat' dir='ltr'><strong>eos,</strong></span> 
     </span>
    </p>
   </div>
   <div class='ocr_carea' id='block_1_22' title="bbox 215 1829 1807 1904">
    <p class='ocr_par' dir='ltr' id='par_1_22' title="bbox 215 1829 1807 1904">
     <span class='ocr_line' id='line_1_22' title="bbox 215 1829 1807 1904; baseline -0.004 -16"><span class='ocrx_word' id='word_1_151' title='bbox 215 1829 312 1904; x_wconf 76' lang='grc' dir='ltr'>ιιιῖὶ</span> <span class='ocrx_word' id='word_1_152' title='bbox 341 1833 561 1903; x_wconf 88' lang='lat' dir='ltr'><strong>gradum</strong></span> <span class='ocrx_word' id='word_1_153' title='bbox 597 1831 880 1904; x_wconf 74' lang='lat' dir='ltr'><strong>sacerdotii</strong></span> <span class='ocrx_word' id='word_1_154' title='bbox 903 1830 1164 1904; x_wconf 82' lang='lat' dir='ltr'><strong>obtinent,</strong></span> <span class='ocrx_word' id='word_1_155' title='bbox 1184 1830 1433 1904; x_wconf 81' lang='lat' dir='ltr'><strong>scientes,</strong></span> <span class='ocrx_word' id='word_1_156' title='bbox 1462 1829 1661 1899; x_wconf 80' lang='lat' dir='ltr'><strong>quodsi</strong></span> <span class='ocrx_word' id='word_1_157' title='bbox 1689 1829 1807 1904; x_wconf 76' lang='lat' dir='ltr'><strong>quis</strong></span> 
     </span>
    </p>
   </div>
   <div class='ocr_carea' id='block_1_23' title="bbox 226 1899 1807 1973">
    <p class='ocr_par' dir='ltr' id='par_1_23' title="bbox 226 1899 1807 1973">
     <span class='ocr_line' id='line_1_23' title="bbox 226 1899 1807 1973; baseline -0.004 -15"><span class='ocrx_word' id='word_1_158' title='bbox 226 1899 373 1973; x_wconf 60' lang='lat' dir='ltr'><strong>ivgis</strong></span> <span class='ocrx_word' id='word_1_159' title='bbox 397 1905 598 1956; x_wconf 90' lang='lat' dir='ltr'><strong>amicos</strong></span> <span class='ocrx_word' id='word_1_160' title='bbox 625 1902 830 1971; x_wconf 81' lang='lat' dir='ltr'><strong>diligat,</strong></span> <span class='ocrx_word' id='word_1_161' title='bbox 863 1917 928 1954; x_wconf 89' lang='lat' dir='ltr'><strong>eo</strong></span> <span class='ocrx_word' id='word_1_162' title='bbox 955 1900 1283 1973; x_wconf 85' lang='lat' dir='ltr'><strong>ipse_multo_</strong></span> <span class='ocrx_word' id='word_1_163' title='bbox 1295 1901 1459 1973; x_wconf 85' lang='lat' dir='ltr'><strong>magis</strong></span> <span class='ocrx_word' id='word_1_164' title='bbox 1479 1915 1509 1952; x_wconf 92' lang='lat' dir='ltr'><strong>a</strong></span> <span class='ocrx_word' id='word_1_165' title='bbox 1535 1913 1660 1973; x_wconf 80' lang='lat' dir='ltr'><strong>rege</strong></span> <span class='ocrx_word' id='word_1_166' title='bbox 1683 1899 1807 1973; x_wconf 59' lang='lat' dir='ltr'><strong>diti:</strong></span> 
     </span>
    </p>
   </div>
   <div class='ocr_carea' id='block_1_24' title="bbox 215 1969 1807 2043">
    <p class='ocr_par' dir='ltr' id='par_1_24' title="bbox 215 1969 1807 2043">
     <span class='ocr_line' id='line_1_24' title="bbox 215 1969 1807 2043; baseline -0.003 -16"><span class='ocrx_word' id='word_1_167' title='bbox 215 1969 396 2043; x_wconf 69' lang='lat' dir='ltr'><strong>gahrr.</strong></span> <span class='ocrx_word' id='word_1_168' title='bbox 441 1974 692 2027; x_wconf 86' lang='lat' dir='ltr'><strong>Amemus</strong></span> <span class='ocrx_word' id='word_1_169' title='bbox 730 1969 863 2040; x_wconf 80' lang='lat' dir='ltr'><strong>ergo</strong></span> <span class='ocrx_word' id='word_1_170' title='bbox 904 1969 1210 2043; x_wconf 78' lang='lat' dir='ltr'><strong>sacerdotes</strong></span> <span class='ocrx_word' id='word_1_171' title='bbox 1251 1969 1382 2043; x_wconf 85' lang='lat' dir='ltr'><strong>Dei,</strong></span> <span class='ocrx_word' id='word_1_172' title='bbox 1428 1969 1680 2043; x_wconf 84' lang='lat' dir='ltr'><strong>quoniam</strong></span> <span class='ocrx_word' id='word_1_173' title='bbox 1700 1969 1807 2043; x_wconf 92' lang='lat' dir='ltr'><strong>__illi</strong></span> 
     </span>
    </p>
   </div>
   <div class='ocr_carea' id='block_1_25' title="bbox 218 2037 1810 2110">
    <p class='ocr_par' dir='ltr' id='par_1_25' title="bbox 218 2037 1810 2110">
     <span class='ocr_line' id='line_1_25' title="bbox 218 2037 1810 2110; baseline -0.005 -13"><span class='ocrx_word' id='word_1_174' title='bbox 218 2037 385 2098; x_wconf 72' lang='lat' dir='ltr'><strong>antici</strong></span> <span class='ocrx_word' id='word_1_175' title='bbox 419 2043 506 2096; x_wconf 88' lang='lat' dir='ltr'><strong>Dei</strong></span> <span class='ocrx_word' id='word_1_176' title='bbox 532 2054 674 2107; x_wconf 80' lang='lat' dir='ltr'><strong>Slml,</strong></span> <span class='ocrx_word' id='word_1_177' title='bbox 704 2053 756 2096; x_wconf 93' lang='lat' dir='ltr'><strong>et</strong></span> <span class='ocrx_word' id='word_1_178' title='bbox 780 2037 879 2110; x_wconf 82' lang='lat' dir='ltr'><strong>pro</strong></span> <span class='ocrx_word' id='word_1_179' title='bbox 901 2042 1052 2093; x_wconf 88' lang='lat' dir='ltr'><strong>nobis</strong></span> <span class='ocrx_word' id='word_1_180' title='bbox 1079 2054 1290 2110; x_wconf 66' lang='lat' dir='ltr'><strong>semper</strong></span> <span class='ocrx_word' id='word_1_181' title='bbox 1318 2037 1673 2110; x_wconf 83' lang='lat' dir='ltr'><strong>intercedunt.</strong></span> <span class='ocrx_word' id='word_1_182' title='bbox 1700 2037 1810 2091; x_wconf 79' lang='lat' dir='ltr'><strong>llo-</strong></span> 
     </span>
    </p>
   </div>
   <div class='ocr_carea' id='block_1_26' title="bbox 221 2109 1806 2178">
    <p class='ocr_par' dir='ltr' id='par_1_26' title="bbox 221 2109 1806 2178">
     <span class='ocr_line' id='line_1_26' title="bbox 221 2109 1806 2178; baseline -0.004 -10"><span class='ocrx_word' id='word_1_183' title='bbox 221 2129 360 2168; x_wconf 81' lang='lat' dir='ltr'><strong>nora</strong></span> <span class='ocrx_word' id='word_1_184' title='bbox 391 2112 720 2175; x_wconf 85' lang='lat' dir='ltr'><strong>sacerdotes,</strong></span> <span class='ocrx_word' id='word_1_185' title='bbox 750 2109 1046 2178; x_wconf 86' lang='lat' dir='ltr'><strong>adimpleus</strong></span> <span class='ocrx_word' id='word_1_186' title='bbox 1079 2112 1178 2163; x_wconf 91' lang='lat' dir='ltr'><strong>hoc</strong></span> <span class='ocrx_word' id='word_1_187' title='bbox 1205 2109 1400 2163; x_wconf 86' lang='lat' dir='ltr'><strong>Christi</strong></span> <span class='ocrx_word' id='word_1_188' title='bbox 1438 2117 1760 2178; x_wconf 69' lang='lat' dir='ltr'><strong>praeceptum</strong></span> <span class='ocrx_word' id='word_1_189' title='bbox 1793 2126 1806 2162; x_wconf 90' lang='lat'><strong>:</strong></span> 
     </span>
    </p>
   </div>
   <div class='ocr_carea' id='block_1_27' title="bbox 227 2178 1812 2262">
    <p class='ocr_par' dir='ltr' id='par_1_27' title="bbox 227 2178 1812 2262">
     <span class='ocr_line' id='line_1_27' title="bbox 227 2178 1812 2262; baseline -0.003 -26"><span class='ocrx_word' id='word_1_190' title='bbox 227 2185 334 2250; x_wconf 83' lang='lat' dir='ltr'><strong>Qui</strong></span> <span class='ocrx_word' id='word_1_191' title='bbox 368 2183 552 2262; x_wconf 81' lang='lat' dir='ltr'><strong>_recipit</strong></span> <span class='ocrx_word' id='word_1_192' title='bbox 579 2182 876 2262; x_wconf 67' lang='lat' dir='ltr'><strong>prophetqtu</strong></span> <span class='ocrx_word' id='word_1_193' title='bbox 920 2181 972 2262; x_wconf 71' lang='lat' dir='ltr'><strong>in</strong></span> <span class='ocrx_word' id='word_1_194' title='bbox 1001 2179 1506 2262; x_wconf 48' lang='lat' dir='ltr'><strong>nptitiqe‘prophelw,</strong></span> <span class='ocrx_word' id='word_1_195' title='bbox 1537 2178 1812 2260; x_wconf 67' lang='lat' dir='ltr'><strong>mercedem</strong></span> 
     </span>
    </p>
   </div>
   <div class='ocr_carea' id='block_1_28' title="bbox 227 2248 1813 2324">
    <p class='ocr_par' dir='ltr' id='par_1_28' title="bbox 227 2248 1813 2324">
     <span class='ocr_line' id='line_1_28' title="bbox 227 2248 1813 2324; baseline 0 -22"><span class='ocrx_word' id='word_1_196' title='bbox 227 2248 489 2324; x_wconf 61' lang='lat' dir='ltr'><strong>iirophrtlé</strong></span> <span class='ocrx_word' id='word_1_197' title='bbox 524 2248 732 2324; x_wconf 74' lang='lat' dir='ltr'><strong>accipiet</strong></span> <span class='ocrx_word' id='word_1_198' title='bbox 767 2249 976 2324; x_wconf 57' lang='lat' dir='ltr'><strong>(Manli.</strong></span> <span class='ocrx_word' id='word_1_199' title='bbox 1027 2250 1112 2304; x_wconf 78' lang='lat' dir='ltr'><strong>it).</strong></span> <span class='ocrx_word' id='word_1_200' title='bbox 1308 2249 1365 2303; x_wconf 88' lang='lat' dir='ltr'><strong>Si</strong></span> <span class='ocrx_word' id='word_1_201' title='bbox 1410 2265 1543 2324; x_wconf 76' lang='lat' dir='ltr'><strong>vero</strong></span> <span class='ocrx_word' id='word_1_202' title='bbox 1571 2249 1813 2324; x_wconf 75' lang='lat' dir='ltr'><strong>quemvis</strong></span> 
     </span>
    </p>
   </div>
   <div class='ocr_carea' id='block_1_29' title="bbox 225 2318 1816 2390">
    <p class='ocr_par' dir='ltr' id='par_1_29' title="bbox 225 2318 1816 2390">
     <span class='ocr_line' id='line_1_29' title="bbox 225 2318 1816 2390; baseline -0.004 -13"><span class='ocrx_word' id='word_1_203' title='bbox 225 2318 563 2377; x_wconf 55' lang='lat' dir='ltr'><strong>sacerdotem</strong></span> <span class='ocrx_word' id='word_1_204' title='bbox 597 2318 808 2390; x_wconf 79' lang='lat' dir='ltr'><strong>ignores</strong></span> <span class='ocrx_word' id='word_1_205' title='bbox 835 2336 900 2372; x_wconf 90' lang='lat' dir='ltr'><strong>an</strong></span> <span class='ocrx_word' id='word_1_206' title='bbox 922 2320 1114 2389; x_wconf 88' lang='lat' dir='ltr'><strong>dignus</strong></span> <span class='ocrx_word' id='word_1_207' title='bbox 1135 2318 1329 2390; x_wconf 89' lang='lat' dir='ltr'><strong>sithoc</strong></span> <span class='ocrx_word' id='word_1_208' title='bbox 1361 2319 1550 2389; x_wconf 84' lang='lat' dir='ltr'><strong>gradu,</strong></span> <span class='ocrx_word' id='word_1_209' title='bbox 1586 2334 1652 2390; x_wconf 84' lang='lat' dir='ltr'><strong>an</strong></span> <span class='ocrx_word' id='word_1_210' title='bbox 1681 2318 1816 2372; x_wconf 93' lang='lat' dir='ltr'><strong>indi-</strong></span> 
     </span>
    </p>
   </div>
   <div class='ocr_carea' id='block_1_30' title="bbox 222 2388 1812 2460">
    <p class='ocr_par' dir='ltr' id='par_1_30' title="bbox 222 2388 1812 2460">
     <span class='ocr_line' id='line_1_30' title="bbox 222 2388 1812 2460; baseline -0.002 -16"><span class='ocrx_word' id='word_1_211' title='bbox 222 2411 384 2460; x_wconf 67' lang='lat' dir='ltr'><strong>gnus,</strong></span> <span class='ocrx_word' id='word_1_212' title='bbox 431 2404 484 2446; x_wconf 90' lang='lat' dir='ltr'><strong>tu</strong></span> <span class='ocrx_word' id='word_1_213' title='bbox 524 2395 592 2446; x_wconf 75' lang='lat' dir='ltr'><strong>ob</strong></span> <span class='ocrx_word' id='word_1_214' title='bbox 617 2388 812 2445; x_wconf 77' lang='lat' dir='ltr'><strong>Christi</strong></span> <span class='ocrx_word' id='word_1_215' title='bbox 842 2388 1162 2459; x_wconf 61' lang='lat' dir='ltr'><strong>praeceptum</strong></span> <span class='ocrx_word' id='word_1_216' title='bbox 1201 2405 1267 2460; x_wconf 90' lang='lat' dir='ltr'><strong>ne</strong></span> <span class='ocrx_word' id='word_1_217' title='bbox 1293 2388 1574 2459; x_wconf 70' lang='lat' dir='ltr'><strong>despicias.</strong></span> <span class='ocrx_word' id='word_1_218' title='bbox 1613 2388 1812 2460; x_wconf 82' lang='lat' dir='ltr'><strong>Quem-</strong></span> 
     </span>
    </p>
   </div>
   <div class='ocr_carea' id='block_1_31' title="bbox 222 2459 1800 2524">
    <p class='ocr_par' dir='ltr' id='par_1_31' title="bbox 222 2459 1800 2524">
     <span class='ocr_line' id='line_1_31' title="bbox 222 2459 1800 2524; baseline -0.004 -6"><span class='ocrx_word' id='word_1_219' title='bbox 222 2459 515 2518; x_wconf 79' lang='lat' dir='ltr'><strong>admodum</strong></span> <span class='ocrx_word' id='word_1_220' title='bbox 535 2461 676 2516; x_wconf 90' lang='lat' dir='ltr'><strong>enim</strong></span> <span class='ocrx_word' id='word_1_221' title='bbox 699 2475 883 2514; x_wconf 86' lang='lat' dir='ltr'><strong>aurum</strong></span> <span class='ocrx_word' id='word_1_222' title='bbox 901 2476 1020 2513; x_wconf 89' lang='lat' dir='ltr'><strong>cmn</strong></span> <span class='ocrx_word' id='word_1_223' title='bbox 1054 2461 1163 2513; x_wconf 90' lang='lat' dir='ltr'><strong>luto</strong></span> <span class='ocrx_word' id='word_1_224' title='bbox 1191 2459 1417 2513; x_wconf 86' lang='lat' dir='ltr'><strong>mixtum</strong></span> <span class='ocrx_word' id='word_1_225' title='bbox 1443 2475 1548 2513; x_wconf 93' lang='lat' dir='ltr'><strong>non</strong></span> <span class='ocrx_word' id='word_1_226' title='bbox 1566 2459 1800 2524; x_wconf 69' lang='lat' dir='ltr'><strong>lteditun,</strong></span> 
     </span>
    </p>
   </div>
   <div class='ocr_carea' id='block_1_32' title="bbox 229 2528 1816 2604">
    <p class='ocr_par' dir='ltr' id='par_1_32' title="bbox 229 2528 1816 2604">
     <span class='ocr_line' id='line_1_32' title="bbox 229 2528 1816 2604; baseline -0.004 -17"><span class='ocrx_word' id='word_1_227' title='bbox 229 2549 408 2604; x_wconf 82' lang='lat' dir='ltr'><strong>neque</strong></span> <span class='ocrx_word' id='word_1_228' title='bbox 435 2532 711 2604; x_wconf 81' lang='lat' dir='ltr'><strong>splendida</strong></span> <span class='ocrx_word' id='word_1_229' title='bbox 744 2531 1024 2604; x_wconf 81' lang='lat' dir='ltr'><strong>margarita</strong></span> <span class='ocrx_word' id='word_1_230' title='bbox 1049 2539 1298 2604; x_wconf 72' lang='lat' dir='ltr'><strong>mutatur,</strong></span> <span class='ocrx_word' id='word_1_231' title='bbox 1327 2529 1540 2604; x_wconf 79' lang='lat' dir='ltr'><strong>quando</strong></span> <span class='ocrx_word' id='word_1_232' title='bbox 1569 2543 1688 2582; x_wconf 90' lang='lat' dir='ltr'><strong>cum</strong></span> <span class='ocrx_word' id='word_1_233' title='bbox 1722 2528 1816 2582; x_wconf 89' lang='lat' dir='ltr'><strong>im-</strong></span> 
     </span>
    </p>
   </div>
   <div class='ocr_carea' id='block_1_33' title="bbox 228 2599 1813 2673">
    <p class='ocr_par' dir='ltr' id='par_1_33' title="bbox 228 2599 1813 2673">
     <span class='ocr_line' id='line_1_33' title="bbox 228 2599 1813 2673; baseline -0.001 -20"><span class='ocrx_word' id='word_1_234' title='bbox 228 2599 378 2673; x_wconf 76' lang='lat' dir='ltr'><strong>puris</strong></span> <span class='ocrx_word' id='word_1_235' title='bbox 399 2602 714 2671; x_wconf 83' lang='lat' dir='ltr'><strong>quibusdam</strong></span> <span class='ocrx_word' id='word_1_236' title='bbox 745 2601 1023 2673; x_wconf 80' lang='lat' dir='ltr'><strong>speciebus</strong></span> <span class='ocrx_word' id='word_1_237' title='bbox 1047 2599 1418 2673; x_wconf 71' lang='lat' dir='ltr'><strong>conjungitur;</strong></span> <span class='ocrx_word' id='word_1_238' title='bbox 1441 2599 1628 2653; x_wconf 89' lang='lat' dir='ltr'><strong>eodem</strong></span> <span class='ocrx_word' id='word_1_239' title='bbox 1656 2613 1813 2673; x_wconf 77' lang='lat' dir='ltr'><strong>pror-</strong></span> 
     </span>
    </p>
   </div>
   <div class='ocr_carea' id='block_1_34' title="bbox 227 2668 1814 2732">
    <p class='ocr_par' dir='ltr' id='par_1_34' title="bbox 227 2668 1814 2732">
     <span class='ocr_line' id='line_1_34' title="bbox 227 2668 1814 2732; baseline -0.003 -5"><span class='ocrx_word' id='word_1_240' title='bbox 227 2668 325 2727; x_wconf 73' lang='lat' dir='ltr'><strong>sus</strong></span> <span class='ocrx_word' id='word_1_241' title='bbox 374 2668 542 2726; x_wconf 76' lang='lat' dir='ltr'><strong>modo</strong></span> <span class='ocrx_word' id='word_1_242' title='bbox 587 2668 943 2725; x_wconf 73' lang='lat' dir='ltr'><strong>sacerdotium</strong></span> <span class='ocrx_word' id='word_1_243' title='bbox 996 2686 1024 2723; x_wconf 90' lang='lat' dir='ltr'><strong>a</strong></span> <span class='ocrx_word' id='word_1_244' title='bbox 1085 2671 1232 2723; x_wconf 92' lang='lat' dir='ltr'><strong>nullo</strong></span> <span class='ocrx_word' id='word_1_245' title='bbox 1280 2671 1468 2723; x_wconf 88' lang='lat' dir='ltr'><strong>sordes</strong></span> <span class='ocrx_word' id='word_1_246' title='bbox 1515 2668 1814 2732; x_wconf 87' lang='lat' dir='ltr'><strong>centrahit,</strong></span> 
     </span>
    </p>
   </div>
   <div class='ocr_carea' id='block_1_35' title="bbox 226 2738 1818 2813">
    <p class='ocr_par' dir='ltr' id='par_1_35' title="bbox 226 2738 1818 2813">
     <span class='ocr_line' id='line_1_35' title="bbox 226 2738 1818 2813; baseline 0.001 -20"><span class='ocrx_word' id='word_1_247' title='bbox 226 2744 476 2813; x_wconf 82' lang='lat' dir='ltr'><strong>quamvis</strong></span> <span class='ocrx_word' id='word_1_248' title='bbox 505 2741 762 2813; x_wconf 84' lang='lat' dir='ltr'><strong>indiguus</strong></span> <span class='ocrx_word' id='word_1_249' title='bbox 799 2739 962 2813; x_wconf 76' lang='lat' dir='ltr'><strong>fuerit</strong></span> <span class='ocrx_word' id='word_1_250' title='bbox 1014 2782 1040 2813; x_wconf 91' lang='lat'><strong>,_</strong></span> <span class='ocrx_word' id='word_1_251' title='bbox 1074 2741 1162 2809; x_wconf 92' lang='lat' dir='ltr'><strong>qui</strong></span> <span class='ocrx_word' id='word_1_252' title='bbox 1208 2739 1334 2813; x_wconf 76' lang='lat' dir='ltr'><strong>illud</strong></span> <span class='ocrx_word' id='word_1_253' title='bbox 1375 2739 1585 2813; x_wconf 78' lang='lat' dir='ltr'><strong>accipit.</strong></span> <span class='ocrx_word' id='word_1_254' title='bbox 1619 2738 1674 2792; x_wconf 86' lang='lat' dir='ltr'><strong>Si</strong></span> <span class='ocrx_word' id='word_1_255' title='bbox 1700 2739 1818 2813; x_wconf 77' lang='lat' dir='ltr'><strong>guis</strong></span> 
     </span>
    </p>
   </div>
   <div class='ocr_carea' id='block_1_36' title="bbox 229 2808 1815 2881">
    <p class='ocr_par' dir='ltr' id='par_1_36' title="bbox 229 2808 1815 2881">
     <span class='ocr_line' id='line_1_36' title="bbox 229 2808 1815 2881; baseline -0.003 -17"><span class='ocrx_word' id='word_1_256' title='bbox 229 2808 395 2881; x_wconf 75' lang='lat' dir='ltr'><strong>porro</strong></span> <span class='ocrx_word' id='word_1_257' title='bbox 423 2814 476 2866; x_wconf 91' lang='lat' dir='ltr'><strong>in</strong></span> <span class='ocrx_word' id='word_1_258' title='bbox 504 2808 869 2881; x_wconf 56' lang='lat' dir='ltr'><strong>hane&#39;iugredi</strong></span> <span class='ocrx_word' id='word_1_259' title='bbox 901 2808 1213 2881; x_wconf 81' lang='lat' dir='ltr'><strong>dignitatem</strong></span> <span class='ocrx_word' id='word_1_260' title='bbox 1245 2809 1436 2877; x_wconf 87' lang='lat' dir='ltr'><strong>dignus</strong></span> <span class='ocrx_word' id='word_1_261' title='bbox 1455 2808 1666 2881; x_wconf 78' lang='lat' dir='ltr'><strong>habitus</strong></span> <span class='ocrx_word' id='word_1_262' title='bbox 1691 2809 1815 2881; x_wconf 75' lang='lat' dir='ltr'><strong>fue-</strong></span> 
     </span>
    </p>
   </div>
   <div class='ocr_carea' id='block_1_37' title="bbox 231 2879 1814 2952">
    <p class='ocr_par' dir='ltr' id='par_1_37' title="bbox 231 2879 1814 2952">
     <span class='ocr_line' id='line_1_37' title="bbox 231 2879 1814 2952; baseline -0.004 -16"><span class='ocrx_word' id='word_1_263' title='bbox 231 2879 327 2948; x_wconf 81' lang='lat' dir='ltr'><strong>rit,</strong></span> <span class='ocrx_word' id='word_1_264' title='bbox 359 2884 409 2936; x_wconf 88' lang='lat' dir='ltr'><strong>in</strong></span> <span class='ocrx_word' id='word_1_265' title='bbox 435 2883 630 2952; x_wconf 87' lang='lat' dir='ltr'><strong>illaque</strong></span> <span class='ocrx_word' id='word_1_266' title='bbox 651 2880 810 2948; x_wconf 80' lang='lat' dir='ltr'><strong>digne</strong></span> <span class='ocrx_word' id='word_1_267' title='bbox 830 2889 884 2934; x_wconf 87' lang='lat' dir='ltr'><strong>et</strong></span> <span class='ocrx_word' id='word_1_268' title='bbox 909 2880 1175 2952; x_wconf 73' lang='lat' dir='ltr'><strong>inculpata</strong></span> <span class='ocrx_word' id='word_1_269' title='bbox 1204 2879 1542 2952; x_wconf 73' lang='lat' dir='ltr'><strong>processerit,</strong></span> <span class='ocrx_word' id='word_1_270' title='bbox 1564 2893 1628 2930; x_wconf 86' lang='lat' dir='ltr'><strong>ea</strong></span> <span class='ocrx_word' id='word_1_271' title='bbox 1655 2879 1814 2952; x_wconf 82' lang='lat' dir='ltr'><strong>vitam</strong></span> 
     </span>
    </p>
   </div>
   <div class='ocr_carea' id='block_1_38' title="bbox 232 2948 1820 3018">
    <p class='ocr_par' dir='ltr' id='par_1_38' title="bbox 232 2948 1820 3018">
     <span class='ocr_line' id='line_1_38' title="bbox 232 2948 1820 3018; baseline -0.005 -10"><span class='ocrx_word' id='word_1_272' title='bbox 232 2956 309 3008; x_wconf 87' lang='lat' dir='ltr'><strong>illi</strong></span> <span class='ocrx_word' id='word_1_273' title='bbox 338 2948 658 3006; x_wconf 80' lang='lat' dir='ltr'><strong>conciliatet</strong></span> <span class='ocrx_word' id='word_1_274' title='bbox 687 2965 939 3004; x_wconf 91' lang='lat' dir='ltr'><strong>coronam</strong></span> <span class='ocrx_word' id='word_1_275' title='bbox 965 2950 1347 3018; x_wconf 67' lang='lat' dir='ltr'><strong>incorruptam.</strong></span> <span class='ocrx_word' id='word_1_276' title='bbox 1367 2948 1422 3003; x_wconf 86' lang='lat' dir='ltr'><strong>Si</strong></span> <span class='ocrx_word' id='word_1_277' title='bbox 1445 2949 1565 3017; x_wconf 92' lang='lat' dir='ltr'><strong>quis</strong></span> <span class='ocrx_word' id='word_1_278' title='bbox 1590 2962 1718 3018; x_wconf 88' lang='lat' dir='ltr'><strong>vero</strong></span> <span class='ocrx_word' id='word_1_279' title='bbox 1739 2948 1820 3000; x_wconf 90' lang='lat' dir='ltr'><strong>in-</strong></span> 
     </span>
    </p>
   </div>
   <div class='ocr_carea' id='block_1_39' title="bbox 233 3017 1822 3090">
    <p class='ocr_par' dir='ltr' id='par_1_39' title="bbox 233 3017 1822 3090">
     <span class='ocr_line' id='line_1_39' title="bbox 233 3017 1822 3090; baseline -0.006 -14"><span class='ocrx_word' id='word_1_280' title='bbox 233 3027 396 3090; x_wconf 79' lang='lat' dir='ltr'><strong>digne</strong></span> <span class='ocrx_word' id='word_1_281' title='bbox 421 3024 472 3075; x_wconf 90' lang='lat' dir='ltr'><strong>in</strong></span> <span class='ocrx_word' id='word_1_282' title='bbox 519 3022 664 3074; x_wconf 85' lang='lat' dir='ltr'><strong>illam</strong></span> <span class='ocrx_word' id='word_1_283' title='bbox 693 3037 752 3072; x_wconf 87' lang='lat' dir='ltr'><strong>se</strong></span> <span class='ocrx_word' id='word_1_284' title='bbox 799 3021 1042 3089; x_wconf 83' lang='lat' dir='ltr'><strong>ingerere</strong></span> <span class='ocrx_word' id='word_1_285' title='bbox 1074 3017 1251 3090; x_wconf 88' lang='lat' dir='ltr'><strong>ausus</strong></span> <span class='ocrx_word' id='word_1_286' title='bbox 1279 3019 1454 3080; x_wconf 89' lang='lat' dir='ltr'><strong>fuerit,</strong></span> <span class='ocrx_word' id='word_1_287' title='bbox 1489 3017 1822 3090; x_wconf 75' lang='lat' dir='ltr'><strong>is_teneb_ras</strong></span> 
     </span>
    </p>
   </div>
   <div class='ocr_carea' id='block_1_40' title="bbox 234 3087 1819 3158">
    <p class='ocr_par' dir='ltr' id='par_1_40' title="bbox 234 3087 1819 3158">
     <span class='ocr_line' id='line_1_40' title="bbox 234 3087 1819 3158; baseline -0.003 -12"><span class='ocrx_word' id='word_1_288' title='bbox 234 3087 335 3147; x_wconf 83' lang='lat' dir='ltr'><strong>sibi</strong></span> <span class='ocrx_word' id='word_1_289' title='bbox 365 3092 658 3147; x_wconf 77' lang='lat' dir='ltr'><strong>exteriores</strong></span> <span class='ocrx_word' id='word_1_290' title='bbox 676 3099 729 3144; x_wconf 85' lang='lat' dir='ltr'><strong>et</strong></span> <span class='ocrx_word' id='word_1_291' title='bbox 745 3087 1000 3158; x_wconf 79' lang='lat' dir='ltr'><strong>judicium</strong></span> <span class='ocrx_word' id='word_1_292' title='bbox 1019 3089 1352 3158; x_wconf 82' lang='lat' dir='ltr'><strong>implacabile</strong></span> <span class='ocrx_word' id='word_1_293' title='bbox 1368 3087 1634 3142; x_wconf 88' lang='lat' dir='ltr'><strong>conciliat.</strong></span> <span class='ocrx_word' id='word_1_294' title='bbox 1662 3087 1819 3141; x_wconf 90' lang='lat' dir='ltr'><strong>Aliud</strong></span> 
     </span>
    </p>
   </div>
   <div class='ocr_carea' id='block_1_41' title="bbox 239 3159 1820 3228">
    <p class='ocr_par' dir='ltr' id='par_1_41' title="bbox 239 3159 1820 3228">
     <span class='ocr_line' id='line_1_41' title="bbox 239 3159 1820 3228; baseline -0.005 -11"><span class='ocrx_word' id='word_1_295' title='bbox 239 3166 334 3217; x_wconf 85' lang='lat' dir='ltr'><strong>tibi</strong></span> <span class='ocrx_word' id='word_1_296' title='bbox 364 3163 668 3228; x_wconf 80' lang='lat' dir='ltr'><strong>exemplum</strong></span> <span class='ocrx_word' id='word_1_297' title='bbox 709 3175 1020 3228; x_wconf 86' lang='lat' dir='ltr'><strong>proponam,</strong></span> <span class='ocrx_word' id='word_1_298' title='bbox 1053 3175 1084 3211; x_wconf 90' lang='grc' dir='ltr'>ο</span> <span class='ocrx_word' id='word_1_299' title='bbox 1112 3159 1291 3223; x_wconf 85' lang='grc' dir='ltr'>Ιιοιιιο,</span> <span class='ocrx_word' id='word_1_300' title='bbox 1332 3169 1388 3212; x_wconf 86' lang='grc' dir='ltr'><strong>ιιι</strong></span> <span class='ocrx_word' id='word_1_301' title='bbox 1420 3175 1486 3212; x_wconf 86' lang='lat' dir='ltr'><strong>ne</strong></span> <span class='ocrx_word' id='word_1_302' title='bbox 1531 3173 1637 3228; x_wconf 75' lang='lat' dir='ltr'><strong>pra:</strong></span> <span class='ocrx_word' id='word_1_303' title='bbox 1666 3171 1820 3210; x_wconf 90' lang='lat' dir='ltr'><strong>arro-</strong></span> 
     </span>
    </p>
   </div>
   <div class='ocr_carea' id='block_1_42' title="bbox 235 3229 1822 3302">
    <p class='ocr_par' dir='ltr' id='par_1_42' title="bbox 235 3229 1822 3302">
     <span class='ocr_line' id='line_1_42' title="bbox 235 3229 1822 3302; baseline -0.004 -17"><span class='ocrx_word' id='word_1_304' title='bbox 235 3234 412 3302; x_wconf 71' lang='lat' dir='ltr'><strong>gantia</strong></span> <span class='ocrx_word' id='word_1_305' title='bbox 437 3230 716 3285; x_wconf 73' lang='lat' dir='ltr'><strong>sacerdotii</strong></span> <span class='ocrx_word' id='word_1_306' title='bbox 736 3229 967 3302; x_wconf 4' lang='lat' dir='ltr'><strong>gradum,</strong></span> <span class='ocrx_word' id='word_1_307' title='bbox 982 3230 1201 3302; x_wconf 79' lang='lat' dir='ltr'><strong>indigne</strong></span> <span class='ocrx_word' id='word_1_308' title='bbox 1219 3243 1428 3283; x_wconf 87' lang='lat' dir='ltr'><strong>sumere</strong></span> <span class='ocrx_word' id='word_1_309' title='bbox 1448 3229 1646 3302; x_wconf 74' lang='lat' dir='ltr'><strong>audeas</strong></span> <span class='ocrx_word' id='word_1_310' title='bbox 1663 3242 1822 3302; x_wconf 85' lang='lat' dir='ltr'><strong>:quo-</strong></span> 
     </span>
    </p>
   </div>
   <div class='ocr_carea' id='block_1_43' title="bbox 237 3297 1819 3369">
    <p class='ocr_par' dir='ltr' id='par_1_43' title="bbox 237 3297 1819 3369">
     <span class='ocr_line' id='line_1_43' title="bbox 237 3297 1819 3369; baseline -0.004 -13"><span class='ocrx_word' id='word_1_311' title='bbox 237 3297 382 3356; x_wconf 74' lang='lat' dir='ltr'><strong>hiatu</strong></span> <span class='ocrx_word' id='word_1_312' title='bbox 418 3303 526 3356; x_wconf 89' lang='lat' dir='ltr'><strong>Deo</strong></span> <span class='ocrx_word' id='word_1_313' title='bbox 570 3317 675 3353; x_wconf 90' lang='lat' dir='ltr'><strong>non</strong></span> <span class='ocrx_word' id='word_1_314' title='bbox 709 3297 918 3369; x_wconf 82' lang='lat' dir='ltr'><strong>placent</strong></span> <span class='ocrx_word' id='word_1_315' title='bbox 962 3300 1016 3362; x_wconf 90' lang='lat' dir='ltr'><strong>ii,</strong></span> <span class='ocrx_word' id='word_1_316' title='bbox 1049 3300 1136 3368; x_wconf 91' lang='lat' dir='ltr'><strong>qui</strong></span> <span class='ocrx_word' id='word_1_317' title='bbox 1168 3307 1481 3368; x_wconf 89' lang='lat' dir='ltr'><strong>arroganter</strong></span> <span class='ocrx_word' id='word_1_318' title='bbox 1526 3297 1819 3369; x_wconf 38' lang='lat' dir='ltr'><strong>ordinatio:</strong></span> 
     </span>
    </p>
   </div>
   <div class='ocr_carea' id='block_1_44' title="bbox 241 3366 1822 3440">
    <p class='ocr_par' dir='ltr' id='par_1_44' title="bbox 241 3366 1822 3440">
     <span class='ocr_line' id='line_1_44' title="bbox 241 3366 1822 3440; baseline -0.004 -14"><span class='ocrx_word' id='word_1_319' title='bbox 241 3389 364 3428; x_wconf 88' lang='lat' dir='ltr'><strong>nem</strong></span> <span class='ocrx_word' id='word_1_320' title='bbox 407 3366 906 3440; x_wconf 57' lang='lat' dir='ltr'><strong>accipiunt.&#39;Nosce</strong></span> <span class='ocrx_word' id='word_1_321' title='bbox 955 3366 1111 3440; x_wconf 81' lang='lat' dir='ltr'><strong>igitur</strong></span> <span class='ocrx_word' id='word_1_322' title='bbox 1148 3369 1272 3438; x_wconf 88' lang='lat' dir='ltr'><strong>quid</strong></span> <span class='ocrx_word' id='word_1_323' title='bbox 1300 3366 1456 3437; x_wconf 59' lang='lat' dir='ltr'><strong>&#39;passi</strong></span> <span class='ocrx_word' id='word_1_324' title='bbox 1496 3369 1603 3421; x_wconf 89' lang='lat' dir='ltr'><strong>sint</strong></span> <span class='ocrx_word' id='word_1_325' title='bbox 1644 3368 1700 3440; x_wconf 83' lang='lat' dir='ltr'><strong>ii,</strong></span> <span class='ocrx_word' id='word_1_326' title='bbox 1732 3366 1822 3440; x_wconf 83' lang='lat' dir='ltr'><strong>qui</strong></span> 
     </span>
    </p>
   </div>
   <div class='ocr_carea' id='block_1_45' title="bbox 238 3437 1813 3514">
    <p class='ocr_par' dir='ltr' id='par_1_45' title="bbox 238 3437 1813 3514">
     <span class='ocr_line' id='line_1_45' title="bbox 238 3437 1813 3514; baseline -0.004 -17"><span class='ocrx_word' id='word_1_327' title='bbox 238 3444 404 3514; x_wconf 81' lang='lat' dir='ltr'><strong>Moysi</strong></span> <span class='ocrx_word' id='word_1_328' title='bbox 436 3452 490 3496; x_wconf 91' lang='lat' dir='ltr'><strong>et</strong></span> <span class='ocrx_word' id='word_1_329' title='bbox 517 3437 708 3494; x_wconf 70' lang='lat' dir='ltr'><strong>Aaroni</strong></span> <span class='ocrx_word' id='word_1_330' title='bbox 753 3437 1212 3505; x_wconf 79' lang='lat' dir='ltr'><strong>contradixerunt,</strong></span> <span class='ocrx_word' id='word_1_331' title='bbox 1261 3448 1316 3493; x_wconf 93' lang='lat' dir='ltr'><strong>et</strong></span> <span class='ocrx_word' id='word_1_332' title='bbox 1357 3454 1477 3493; x_wconf 90' lang='lat' dir='ltr'><strong>cum</strong></span> <span class='ocrx_word' id='word_1_333' title='bbox 1526 3437 1813 3508; x_wconf 84' lang='lat' dir='ltr'><strong>petulantia</strong></span> 
     </span>
    </p>
   </div>
   <div class='ocr_carea' id='block_1_46' title="bbox 1015 304 2658 385">
    <p class='ocr_par' dir='ltr' id='par_1_46' title="bbox 1015 304 2658 385">
     <span class='ocr_line' id='line_1_46' title="bbox 1015 304 2658 385; baseline -0.001 -11"><span class='ocrx_word' id='word_1_334' title='bbox 1015 315 1285 375; x_wconf 81' lang='lat' dir='ltr'><strong>CHRISTI</strong></span> <span class='ocrx_word' id='word_1_335' title='bbox 1324 313 1733 385; x_wconf 64' lang='lat' dir='ltr'><strong>DISCIPUJJJM</strong></span> <span class='ocrx_word' id='word_1_336' title='bbox 1775 304 2119 372; x_wconf 66' lang='lat' dir='ltr'><strong>BENIGNUM</strong></span> <span class='ocrx_word' id='word_1_337' title='bbox 2159 314 2324 372; x_wconf 75' lang='lat' dir='ltr'><strong>ESSE</strong></span> <span class='ocrx_word' id='word_1_338' title='bbox 2365 315 2658 374; x_wconf 78' lang='lat' dir='ltr'><strong>DEBERE.</strong></span> 
     </span>
    </p>
   </div>
   <div class='ocr_carea' id='block_1_47' title="bbox 3335 313 3476 372">
    <p class='ocr_par' dir='ltr' id='par_1_47' title="bbox 3335 313 3476 372">
     <span class='ocr_line' id='line_1_47' title="bbox 3335 313 3476 372; baseline -0.043 0"><span class='ocrx_word' id='word_1_339' title='bbox 3335 313 3476 372; x_wconf 86' lang='lat' dir='ltr'><strong>t0&#39;lo</strong></span> 
     </span>
    </p>
   </div>
   <div class='ocr_carea' id='block_1_48' title="bbox 1893 429 3470 499">
    <p class='ocr_par' dir='ltr' id='par_1_48' title="bbox 1893 429 3470 499">
     <span class='ocr_line' id='line_1_48' title="bbox 1893 429 3470 499; baseline 0.004 -17"><span class='ocrx_word' id='word_1_340' title='bbox 1893 429 2230 496; x_wconf 89' lang='lat' dir='ltr'><strong>impudenter</strong></span> <span class='ocrx_word' id='word_1_341' title='bbox 2257 438 2311 484; x_wconf 93' lang='lat' dir='ltr'><strong>et</strong></span> <span class='ocrx_word' id='word_1_342' title='bbox 2333 440 2646 499; x_wconf 77' lang='lat' dir='ltr'><strong>arroganter</strong></span> <span class='ocrx_word' id='word_1_343' title='bbox 2684 430 2793 485; x_wconf 85' lang='lat' dir='ltr'><strong>Deo</strong></span> <span class='ocrx_word' id='word_1_344' title='bbox 2831 431 3104 487; x_wconf 84' lang='lat' dir='ltr'><strong>incensum</strong></span> <span class='ocrx_word' id='word_1_345' title='bbox 3142 431 3334 488; x_wconf 72' lang='lat' dir='ltr'><strong>oﬂerre</strong></span> <span class='ocrx_word' id='word_1_346' title='bbox 3364 449 3470 488; x_wconf 92' lang='lat' dir='ltr'><strong>non</strong></span> 
     </span>
    </p>
   </div>
   <div class='ocr_carea' id='block_1_49' title="bbox 1892 499 3470 570">
    <p class='ocr_par' dir='ltr' id='par_1_49' title="bbox 1892 499 3470 570">
     <span class='ocr_line' id='line_1_49' title="bbox 1892 499 3470 570; baseline 0.002 -17"><span class='ocrx_word' id='word_1_347' title='bbox 1892 499 2224 554; x_wconf 87' lang='lat' dir='ltr'><strong>dubitarunt.</strong></span> <span class='ocrx_word' id='word_1_348' title='bbox 2256 501 2446 553; x_wconf 85' lang='lat' dir='ltr'><strong>Annon</strong></span> <span class='ocrx_word' id='word_1_349' title='bbox 2493 501 2626 570; x_wconf 88' lang='lat' dir='ltr'><strong>ignis</strong></span> <span class='ocrx_word' id='word_1_350' title='bbox 2651 516 2838 555; x_wconf 85' lang='lat' dir='ltr'><strong>omnes</strong></span> <span class='ocrx_word' id='word_1_351' title='bbox 2867 503 3216 570; x_wconf 86' lang='lat' dir='ltr'><strong>consumpsit,</strong></span> <span class='ocrx_word' id='word_1_352' title='bbox 3238 519 3305 556; x_wconf 91' lang='lat' dir='ltr'><strong>eo</strong></span> <span class='ocrx_word' id='word_1_353' title='bbox 3329 505 3470 570; x_wconf 86' lang='lat' dir='ltr'><strong>quod</strong></span> 
     </span>
    </p>
   </div>
   <div class='ocr_carea' id='block_1_50' title="bbox 1896 570 3471 642">
    <p class='ocr_par' dir='ltr' id='par_1_50' title="bbox 1896 570 3471 642">
     <span class='ocr_line' id='line_1_50' title="bbox 1896 570 3471 642; baseline 0.001 -19"><span class='ocrx_word' id='word_1_354' title='bbox 1896 570 2010 623; x_wconf 87' lang='lat' dir='ltr'><strong>ausi</strong></span> <span class='ocrx_word' id='word_1_355' title='bbox 2040 577 2220 642; x_wconf 88' lang='lat' dir='ltr'><strong>essent</strong></span> <span class='ocrx_word' id='word_1_356' title='bbox 2242 570 2303 642; x_wconf 65' lang='lat' dir='ltr'><strong>in</strong></span> <span class='ocrx_word' id='word_1_357' title='bbox 2327 570 2549 639; x_wconf 88' lang='lat' dir='ltr'><strong>gradum</strong></span> <span class='ocrx_word' id='word_1_358' title='bbox 2597 571 2744 642; x_wconf 64' lang='lat' dir='ltr'><strong>illum</strong></span> <span class='ocrx_word' id='word_1_359' title='bbox 2785 587 2843 626; x_wconf 93' lang='lat' dir='ltr'><strong>se</strong></span> <span class='ocrx_word' id='word_1_360' title='bbox 2892 572 3155 641; x_wconf 87' lang='lat' dir='ltr'><strong>ingerere,</strong></span> <span class='ocrx_word' id='word_1_361' title='bbox 3199 588 3304 642; x_wconf 92' lang='lat' dir='ltr'><strong>quo</strong></span> <span class='ocrx_word' id='word_1_362' title='bbox 3329 571 3471 642; x_wconf 84' lang='lat' dir='ltr'><strong>digni</strong></span> 
     </span>
    </p>
   </div>
   <div class='ocr_carea' id='block_1_51' title="bbox 1898 639 3470 711">
    <p class='ocr_par' dir='ltr' id='par_1_51' title="bbox 1898 639 3470 711">
     <span class='ocr_line' id='line_1_51' title="bbox 1898 639 3470 711; baseline 0.002 -18"><span class='ocrx_word' id='word_1_363' title='bbox 1898 654 2004 693; x_wconf 89' lang='lat' dir='ltr'><strong>non</strong></span> <span class='ocrx_word' id='word_1_364' title='bbox 2031 640 2220 711; x_wconf 81' lang='lat' dir='ltr'><strong>erant?</strong></span> <span class='ocrx_word' id='word_1_365' title='bbox 2241 639 2474 711; x_wconf 80' lang='lat' dir='ltr'><strong>Rursum</strong></span> <span class='ocrx_word' id='word_1_366' title='bbox 2503 655 2631 694; x_wconf 88' lang='lat' dir='ltr'><strong>vero</strong></span> <span class='ocrx_word' id='word_1_367' title='bbox 2653 640 2813 695; x_wconf 83' lang='lat' dir='ltr'><strong>Maria</strong></span> <span class='ocrx_word' id='word_1_368' title='bbox 2841 639 3172 710; x_wconf 75' lang='lat' dir='ltr'><strong>prophetissa</strong></span> <span class='ocrx_word' id='word_1_369' title='bbox 3197 639 3313 705; x_wconf 89' lang='lat' dir='ltr'><strong>Dei,</strong></span> <span class='ocrx_word' id='word_1_370' title='bbox 3332 639 3470 711; x_wconf 81' lang='lat' dir='ltr'><strong>quod</strong></span> 
     </span>
    </p>
   </div>
   <div class='ocr_carea' id='block_1_52' title="bbox 1896 709 3471 780">
    <p class='ocr_par' dir='ltr' id='par_1_52' title="bbox 1896 709 3471 780">
     <span class='ocr_line' id='line_1_52' title="bbox 1896 709 3471 780; baseline 0.003 -20"><span class='ocrx_word' id='word_1_371' title='bbox 1896 709 2134 778; x_wconf 86' lang='lat' dir='ltr'><strong>pauculis</strong></span> <span class='ocrx_word' id='word_1_372' title='bbox 2155 710 2333 780; x_wconf 80' lang='lat' dir='ltr'><strong>verbis</strong></span> <span class='ocrx_word' id='word_1_373' title='bbox 2373 709 2539 779; x_wconf 81' lang='lat' dir='ltr'><strong>Moysi</strong></span> <span class='ocrx_word' id='word_1_374' title='bbox 2582 711 2720 764; x_wconf 90' lang='lat' dir='ltr'><strong>circa</strong></span> <span class='ocrx_word' id='word_1_375' title='bbox 2752 709 3108 766; x_wconf 71' lang='lat' dir='ltr'><strong>sacerdotium</strong></span> <span class='ocrx_word' id='word_1_376' title='bbox 3149 709 3471 780; x_wconf 80' lang='lat' dir='ltr'><strong>exprobras-</strong></span> 
     </span>
    </p>
   </div>
   <div class='ocr_carea' id='block_1_53' title="bbox 1897 779 3472 852">
    <p class='ocr_par' dir='ltr' id='par_1_53' title="bbox 1897 779 3472 852">
     <span class='ocr_line' id='line_1_53' title="bbox 1897 779 3472 852; baseline 0.002 -19"><span class='ocrx_word' id='word_1_377' title='bbox 1897 787 1999 843; x_wconf 90' lang='lat' dir='ltr'><strong>set,</strong></span> <span class='ocrx_word' id='word_1_378' title='bbox 2036 786 2241 852; x_wconf 82' lang='lat' dir='ltr'><strong>tantum</strong></span> <span class='ocrx_word' id='word_1_379' title='bbox 2272 779 2623 852; x_wconf 77' lang='lat' dir='ltr'><strong>abAltissiino</strong></span> <span class='ocrx_word' id='word_1_380' title='bbox 2649 783 2863 848; x_wconf 87' lang='lat' dir='ltr'><strong>pertulit</strong></span> <span class='ocrx_word' id='word_1_381' title='bbox 2889 779 3256 852; x_wconf 87' lang='lat' dir='ltr'><strong>opprobrium,</strong></span> <span class='ocrx_word' id='word_1_382' title='bbox 3301 792 3358 834; x_wconf 94' lang='lat' dir='ltr'><strong>ut</strong></span> <span class='ocrx_word' id='word_1_383' title='bbox 3398 782 3472 836; x_wconf 64' lang='lat' dir='ltr'><strong>lev</strong></span> 
     </span>
    </p>
   </div>
   <div class='ocr_carea' id='block_1_54' title="bbox 1900 849 3476 922">
    <p class='ocr_par' dir='ltr' id='par_1_54' title="bbox 1900 849 3476 922">
     <span class='ocr_line' id='line_1_54' title="bbox 1900 849 3476 922; baseline 0.002 -21"><span class='ocrx_word' id='word_1_384' title='bbox 1900 849 2238 922; x_wconf 16' lang='lat' dir='ltr'><strong>pratcan‘dens</strong></span> <span class='ocrx_word' id='word_1_385' title='bbox 2252 857 2454 922; x_wconf 85' lang='lat' dir='ltr'><strong>septem</strong></span> <span class='ocrx_word' id='word_1_386' title='bbox 2475 850 2663 922; x_wconf 81' lang='lat' dir='ltr'><strong>diebus</strong></span> <span class='ocrx_word' id='word_1_387' title='bbox 2680 860 2826 905; x_wconf 82' lang='lat' dir='ltr'><strong>extra</strong></span> <span class='ocrx_word' id='word_1_388' title='bbox 2849 849 3017 906; x_wconf 81' lang='lat' dir='ltr'><strong>castra</strong></span> <span class='ocrx_word' id='word_1_389' title='bbox 3036 863 3314 922; x_wconf 81' lang='lat' dir='ltr'><strong>segregata</strong></span> <span class='ocrx_word' id='word_1_390' title='bbox 3326 867 3476 905; x_wconf 79' lang='lat' dir='ltr'><strong>man-</strong></span> 
     </span>
    </p>
   </div>
   <div class='ocr_carea' id='block_1_55' title="bbox 1899 919 3478 988">
    <p class='ocr_par' dir='ltr' id='par_1_55' title="bbox 1899 919 3478 988">
     <span class='ocr_line' id='line_1_55' title="bbox 1899 919 3478 988; baseline 0.001 -15"><span class='ocrx_word' id='word_1_391' title='bbox 1899 921 2049 973; x_wconf 90' lang='lat' dir='ltr'><strong>serit.</strong></span> <span class='ocrx_word' id='word_1_392' title='bbox 2075 919 2226 974; x_wconf 88' lang='lat' dir='ltr'><strong>Nune</strong></span> <span class='ocrx_word' id='word_1_393' title='bbox 2250 921 2449 988; x_wconf 86' lang='lat' dir='ltr'><strong>itaque.</strong></span> <span class='ocrx_word' id='word_1_394' title='bbox 2481 919 2689 985; x_wconf 80' lang='lat' dir='ltr'><strong>fratres,</strong></span> <span class='ocrx_word' id='word_1_395' title='bbox 2718 935 2864 977; x_wconf 77' lang='lat' dir='ltr'><strong>caSIe</strong></span> <span class='ocrx_word' id='word_1_396' title='bbox 2895 923 2946 975; x_wconf 93' lang='lat' dir='ltr'><strong>iu</strong></span> <span class='ocrx_word' id='word_1_397' title='bbox 2976 919 3274 978; x_wconf 72' lang='lat' dir='ltr'><strong>sacerdotio</strong></span> <span class='ocrx_word' id='word_1_398' title='bbox 3297 937 3478 976; x_wconf 87' lang='lat' dir='ltr'><strong>versa-</strong></span> 
     </span>
    </p>
   </div>
   <div class='ocr_carea' id='block_1_56' title="bbox 1902 989 3474 1062">
    <p class='ocr_par' dir='ltr' id='par_1_56' title="bbox 1902 989 3474 1062">
     <span class='ocr_line' id='line_1_56' title="bbox 1902 989 3474 1062; baseline 0.001 -20"><span class='ocrx_word' id='word_1_399' title='bbox 1902 989 2050 1062; x_wconf 88' lang='lat' dir='ltr'><strong>mini,</strong></span> <span class='ocrx_word' id='word_1_400' title='bbox 2095 990 2361 1062; x_wconf 87' lang='lat' dir='ltr'><strong>imitantes</strong></span> <span class='ocrx_word' id='word_1_401' title='bbox 2400 989 2656 1062; x_wconf 77' lang='lat' dir='ltr'><strong>Moysem,</strong></span> <span class='ocrx_word' id='word_1_402' title='bbox 2703 993 2966 1046; x_wconf 82' lang='lat' dir='ltr'><strong>Aaronem</strong></span> <span class='ocrx_word' id='word_1_403' title='bbox 3014 1001 3068 1046; x_wconf 93' lang='lat' dir='ltr'><strong>et</strong></span> <span class='ocrx_word' id='word_1_404' title='bbox 3114 991 3423 1062; x_wconf 77' lang='lat' dir='ltr'><strong>Eleazarum</strong></span> <span class='ocrx_word' id='word_1_405' title='bbox 3461 1009 3474 1044; x_wconf 91' lang='lat'><strong>:</strong></span> 
     </span>
    </p>
   </div>
   <div class='ocr_carea' id='block_1_57' title="bbox 1905 1060 3469 1133">
    <p class='ocr_par' dir='ltr' id='par_1_57' title="bbox 1905 1060 3469 1133">
     <span class='ocr_line' id='line_1_57' title="bbox 1905 1060 3469 1133; baseline 0.001 -20"><span class='ocrx_word' id='word_1_406' title='bbox 1905 1060 2076 1133; x_wconf 77' lang='lat' dir='ltr'><strong>hosce</strong></span> <span class='ocrx_word' id='word_1_407' title='bbox 2115 1061 2228 1133; x_wconf 87' lang='lat' dir='ltr'><strong>pios</strong></span> <span class='ocrx_word' id='word_1_408' title='bbox 2269 1060 2571 1133; x_wconf 78' lang='lat' dir='ltr'><strong>sacerdotes</strong></span> <span class='ocrx_word' id='word_1_409' title='bbox 2610 1063 3004 1133; x_wconf 84' lang='lat' dir='ltr'><strong>contemplare,</strong></span> <span class='ocrx_word' id='word_1_410' title='bbox 3048 1061 3316 1133; x_wconf 82' lang='lat' dir='ltr'><strong>quomodo</strong></span> <span class='ocrx_word' id='word_1_411' title='bbox 3369 1077 3469 1133; x_wconf 79' lang='lat' dir='ltr'><strong>per</strong></span> 
     </span>
    </p>
   </div>
   <div class='ocr_carea' id='block_1_58' title="bbox 1903 1129 3478 1202">
    <p class='ocr_par' dir='ltr' id='par_1_58' title="bbox 1903 1129 3478 1202">
     <span class='ocr_line' id='line_1_58' title="bbox 1903 1129 3478 1202; baseline 0 -18"><span class='ocrx_word' id='word_1_412' title='bbox 1903 1130 2031 1185; x_wconf 91' lang='lat' dir='ltr'><strong>illud</strong></span> <span class='ocrx_word' id='word_1_413' title='bbox 2063 1130 2294 1202; x_wconf 84' lang='lat' dir='ltr'><strong>hostium</strong></span> <span class='ocrx_word' id='word_1_414' title='bbox 2322 1138 2496 1184; x_wconf 87' lang='lat' dir='ltr'><strong>castra</strong></span> <span class='ocrx_word' id='word_1_415' title='bbox 2523 1129 2842 1198; x_wconf 64' lang='lat' dir='ltr'><strong>depulerintl</strong></span> <span class='ocrx_word' id='word_1_416' title='bbox 2869 1133 2979 1187; x_wconf 90' lang='lat' dir='ltr'><strong>lloe</strong></span> <span class='ocrx_word' id='word_1_417' title='bbox 3008 1129 3242 1186; x_wconf 88' lang='lat' dir='ltr'><strong>munitus</strong></span> <span class='ocrx_word' id='word_1_418' title='bbox 3265 1129 3478 1202; x_wconf 69' lang='lat' dir='ltr'><strong>Moyses</strong></span> 
     </span>
    </p>
   </div>
   <div class='ocr_carea' id='block_1_59' title="bbox 1904 1201 3480 1270">
    <p class='ocr_par' dir='ltr' id='par_1_59' title="bbox 1904 1201 3480 1270">
     <span class='ocr_line' id='line_1_59' title="bbox 1904 1201 3480 1270; baseline -0.002 -14"><span class='ocrx_word' id='word_1_419' title='bbox 1904 1201 2156 1270; x_wconf 82' lang='lat' dir='ltr'><strong>expandit</strong></span> <span class='ocrx_word' id='word_1_420' title='bbox 2177 1201 2244 1254; x_wconf 90' lang='lat' dir='ltr'><strong>ad</strong></span> <span class='ocrx_word' id='word_1_421' title='bbox 2276 1201 2442 1255; x_wconf 91' lang='lat' dir='ltr'><strong>Deum</strong></span> <span class='ocrx_word' id='word_1_422' title='bbox 2474 1215 2682 1265; x_wconf 89' lang='lat' dir='ltr'><strong>manus,</strong></span> <span class='ocrx_word' id='word_1_423' title='bbox 2701 1215 2752 1256; x_wconf 90' lang='lat' dir='ltr'><strong>et</strong></span> <span class='ocrx_word' id='word_1_424' title='bbox 2777 1203 2995 1257; x_wconf 79' lang='lat' dir='ltr'><strong>Amalec</strong></span> <span class='ocrx_word' id='word_1_425' title='bbox 3021 1202 3295 1256; x_wconf 88' lang='lat' dir='ltr'><strong>insanabili</strong></span> <span class='ocrx_word' id='word_1_426' title='bbox 3329 1201 3480 1270; x_wconf 82' lang='lat' dir='ltr'><strong>plaga</strong></span> 
     </span>
    </p>
   </div>
   <div class='ocr_carea' id='block_1_60' title="bbox 1903 1269 3478 1342">
    <p class='ocr_par' dir='ltr' id='par_1_60' title="bbox 1903 1269 3478 1342">
     <span class='ocr_line' id='line_1_60' title="bbox 1903 1269 3478 1342; baseline 0.001 -19"><span class='ocrx_word' id='word_1_427' title='bbox 1903 1269 2142 1342; x_wconf 81' lang='lat' dir='ltr'><strong>confodit</strong></span> <span class='ocrx_word' id='word_1_428' title='bbox 2169 1287 2182 1323; x_wconf 93' lang='lat'>:</span> <span class='ocrx_word' id='word_1_429' title='bbox 2212 1270 2312 1325; x_wconf 86' lang='lat' dir='ltr'><strong>hoc</strong></span> <span class='ocrx_word' id='word_1_430' title='bbox 2340 1271 2655 1342; x_wconf 71' lang='lat' dir='ltr'><strong>przecinctus</strong></span> <span class='ocrx_word' id='word_1_431' title='bbox 2674 1272 2940 1342; x_wconf 81' lang='lat' dir='ltr'><strong>Abraham</strong></span> <span class='ocrx_word' id='word_1_432' title='bbox 2968 1287 3120 1342; x_wconf 87' lang='lat' dir='ltr'><strong>reges</strong></span> <span class='ocrx_word' id='word_1_433' title='bbox 3149 1269 3478 1342; x_wconf 75' lang='lat' dir='ltr'><strong>proﬂigavit:</strong></span> 
     </span>
    </p>
   </div>
   <div class='ocr_carea' id='block_1_61' title="bbox 1906 1339 3483 1408">
    <p class='ocr_par' dir='ltr' id='par_1_61' title="bbox 1906 1339 3483 1408">
     <span class='ocr_line' id='line_1_61' title="bbox 1906 1339 3483 1408; baseline 0 -14"><span class='ocrx_word' id='word_1_434' title='bbox 1906 1339 2011 1394; x_wconf 89' lang='lat' dir='ltr'><strong>hoc</strong></span> <span class='ocrx_word' id='word_1_435' title='bbox 2039 1351 2314 1408; x_wconf 88' lang='lat' dir='ltr'><strong>assumpto</strong></span> <span class='ocrx_word' id='word_1_436' title='bbox 2351 1339 2702 1395; x_wconf 83' lang='lat' dir='ltr'><strong>Melchisedec</strong></span> <span class='ocrx_word' id='word_1_437' title='bbox 2726 1341 2957 1396; x_wconf 76' lang='lat' dir='ltr'><strong>Abraha:</strong></span> <span class='ocrx_word' id='word_1_438' title='bbox 2998 1339 3268 1396; x_wconf 77' lang='lat' dir='ltr'><strong>benedixit</strong></span> <span class='ocrx_word' id='word_1_439' title='bbox 3296 1339 3483 1397; x_wconf 77' lang='lat' dir='ltr'><strong>excel-</strong></span> 
     </span>
    </p>
   </div>
   <div class='ocr_carea' id='block_1_62' title="bbox 1907 1409 3488 1482">
    <p class='ocr_par' dir='ltr' id='par_1_62' title="bbox 1907 1409 3488 1482">
     <span class='ocr_line' id='line_1_62' title="bbox 1907 1409 3488 1482; baseline 0 -18"><span class='ocrx_word' id='word_1_440' title='bbox 1907 1411 2034 1482; x_wconf 84' lang='lat' dir='ltr'><strong>lenti</strong></span> <span class='ocrx_word' id='word_1_441' title='bbox 2065 1409 2456 1482; x_wconf 84' lang='lat' dir='ltr'><strong>benedictione.</strong></span> <span class='ocrx_word' id='word_1_442' title='bbox 2472 1411 2682 1482; x_wconf 81' lang='lat' dir='ltr'><strong>Dignus</strong></span> <span class='ocrx_word' id='word_1_443' title='bbox 2712 1411 2922 1482; x_wconf 80' lang='lat' dir='ltr'><strong>habitus</strong></span> <span class='ocrx_word' id='word_1_444' title='bbox 2942 1427 3021 1474; x_wconf 86' lang='lat' dir='ltr'><strong>es,</strong></span> <span class='ocrx_word' id='word_1_445' title='bbox 3045 1411 3231 1477; x_wconf 83' lang='lat' dir='ltr'><strong>frater,</strong></span> <span class='ocrx_word' id='word_1_446' title='bbox 3253 1412 3342 1480; x_wconf 90' lang='lat' dir='ltr'><strong>qui</strong></span> <span class='ocrx_word' id='word_1_447' title='bbox 3364 1425 3488 1482; x_wconf 85' lang='lat' dir='ltr'><strong>gra-</strong></span> 
     </span>
    </p>
   </div>
   <div class='ocr_carea' id='block_1_63' title="bbox 1909 1480 3486 1551">
    <p class='ocr_par' dir='ltr' id='par_1_63' title="bbox 1909 1480 3486 1551">
     <span class='ocr_line' id='line_1_63' title="bbox 1909 1480 3486 1551; baseline 0.001 -18"><span class='ocrx_word' id='word_1_448' title='bbox 1909 1481 2034 1535; x_wconf 90' lang='lat' dir='ltr'><strong>dum</strong></span> <span class='ocrx_word' id='word_1_449' title='bbox 2065 1480 2346 1535; x_wconf 87' lang='lat' dir='ltr'><strong>sacerdotii</strong></span> <span class='ocrx_word' id='word_1_450' title='bbox 2373 1481 2688 1548; x_wconf 77' lang='lat' dir='ltr'><strong>acciperes?</strong></span> <span class='ocrx_word' id='word_1_451' title='bbox 2722 1480 2861 1535; x_wconf 88' lang='lat' dir='ltr'><strong>Cura</strong></span> <span class='ocrx_word' id='word_1_452' title='bbox 2885 1491 2942 1536; x_wconf 93' lang='lat' dir='ltr'><strong>ut</strong></span> <span class='ocrx_word' id='word_1_453' title='bbox 2972 1483 3184 1551; x_wconf 89' lang='lat' dir='ltr'><strong>placeas</strong></span> <span class='ocrx_word' id='word_1_454' title='bbox 3208 1482 3279 1544; x_wconf 89' lang='lat' dir='ltr'><strong>ei,</strong></span> <span class='ocrx_word' id='word_1_455' title='bbox 3310 1480 3399 1551; x_wconf 84' lang='lat' dir='ltr'><strong>qui</strong></span> <span class='ocrx_word' id='word_1_456' title='bbox 3431 1489 3486 1535; x_wconf 90' lang='lat' dir='ltr'><strong>te</strong></span> 
     </span>
    </p>
   </div>
   <div class='ocr_carea' id='block_1_64' title="bbox 1910 1551 3486 1619">
    <p class='ocr_par' dir='ltr' id='par_1_64' title="bbox 1910 1551 3486 1619">
     <span class='ocr_line' id='line_1_64' title="bbox 1910 1551 3486 1619; baseline 0.001 -16"><span class='ocrx_word' id='word_1_457' title='bbox 1910 1551 2281 1604; x_wconf 80' lang='lat' dir='ltr'><strong>inexercitum</strong></span> <span class='ocrx_word' id='word_1_458' title='bbox 2322 1551 2624 1619; x_wconf 86' lang='lat' dir='ltr'><strong>adscripsit,</strong></span> <span class='ocrx_word' id='word_1_459' title='bbox 2672 1551 2725 1604; x_wconf 93' lang='lat' dir='ltr'><strong>in</strong></span> <span class='ocrx_word' id='word_1_460' title='bbox 2770 1551 3034 1617; x_wconf 86' lang='lat' dir='ltr'><strong>castitate,</strong></span> <span class='ocrx_word' id='word_1_461' title='bbox 3071 1553 3123 1607; x_wconf 93' lang='lat' dir='ltr'><strong>in</strong></span> <span class='ocrx_word' id='word_1_462' title='bbox 3165 1552 3389 1619; x_wconf 90' lang='lat' dir='ltr'><strong>justitia,</strong></span> <span class='ocrx_word' id='word_1_463' title='bbox 3433 1551 3486 1604; x_wconf 90' lang='lat' dir='ltr'><strong>in</strong></span> 
     </span>
    </p>
   </div>
   <div class='ocr_carea' id='block_1_65' title="bbox 1908 1620 3490 1691">
    <p class='ocr_par' dir='ltr' id='par_1_65' title="bbox 1908 1620 3490 1691">
     <span class='ocr_line' id='line_1_65' title="bbox 1908 1620 3490 1691; baseline -0.001 -16"><span class='ocrx_word' id='word_1_464' title='bbox 1908 1621 2168 1689; x_wconf 81' lang='lat' dir='ltr'><strong>sapientia</strong></span> <span class='ocrx_word' id='word_1_465' title='bbox 2208 1620 2490 1691; x_wconf 83' lang='lat' dir='ltr'><strong>spirituali,</strong></span> <span class='ocrx_word' id='word_1_466' title='bbox 2530 1629 2586 1674; x_wconf 89' lang='lat' dir='ltr'><strong>et</strong></span> <span class='ocrx_word' id='word_1_467' title='bbox 2624 1621 2676 1674; x_wconf 90' lang='lat' dir='ltr'><strong>in</strong></span> <span class='ocrx_word' id='word_1_468' title='bbox 2702 1621 2976 1689; x_wconf 86' lang='lat' dir='ltr'><strong>splendida</strong></span> <span class='ocrx_word' id='word_1_469' title='bbox 3009 1622 3330 1691; x_wconf 86' lang='lat' dir='ltr'><strong>virginitate.</strong></span> <span class='ocrx_word' id='word_1_470' title='bbox 3358 1620 3490 1675; x_wconf 85' lang='lat' dir='ltr'><strong>Esto</strong></span> 
     </span>
    </p>
   </div>
   <div class='ocr_carea' id='block_1_66' title="bbox 1909 1690 3491 1760">
    <p class='ocr_par' dir='ltr' id='par_1_66' title="bbox 1909 1690 3491 1760">
     <span class='ocr_line' id='line_1_66' title="bbox 1909 1690 3491 1760; baseline 0 -17"><span class='ocrx_word' id='word_1_471' title='bbox 1909 1691 2104 1744; x_wconf 91' lang='lat' dir='ltr'><strong>ardens</strong></span> <span class='ocrx_word' id='word_1_472' title='bbox 2133 1691 2248 1744; x_wconf 87' lang='lat' dir='ltr'><strong>zelo</strong></span> <span class='ocrx_word' id='word_1_473' title='bbox 2277 1699 2333 1760; x_wconf 88' lang='lat' dir='ltr'><strong>ut</strong></span> <span class='ocrx_word' id='word_1_474' title='bbox 2363 1690 2562 1756; x_wconf 90' lang='lat' dir='ltr'><strong>llelias,</strong></span> <span class='ocrx_word' id='word_1_475' title='bbox 2603 1691 2860 1745; x_wconf 89' lang='lat' dir='ltr'><strong>sollicitus</strong></span> <span class='ocrx_word' id='word_1_476' title='bbox 2894 1701 2950 1745; x_wconf 88' lang='grc' dir='ltr'><strong>ιιι</strong></span> <span class='ocrx_word' id='word_1_477' title='bbox 2975 1690 3258 1757; x_wconf 78' lang='lat' dir='ltr'><strong>Jerentias,</strong></span> <span class='ocrx_word' id='word_1_478' title='bbox 3284 1701 3491 1760; x_wconf 64' lang='lat' dir='ltr'><strong>tempe-</strong></span> 
     </span>
    </p>
   </div>
   <div class='ocr_carea' id='block_1_67' title="bbox 1912 1759 3491 1830">
    <p class='ocr_par' dir='ltr' id='par_1_67' title="bbox 1912 1759 3491 1830">
     <span class='ocr_line' id='line_1_67' title="bbox 1912 1759 3491 1830; baseline -0.001 -16"><span class='ocrx_word' id='word_1_479' title='bbox 1912 1776 2039 1814; x_wconf 88' lang='lat' dir='ltr'><strong>rans</strong></span> <span class='ocrx_word' id='word_1_480' title='bbox 2063 1770 2123 1813; x_wconf 89' lang='lat' dir='ltr'><strong>ut</strong></span> <span class='ocrx_word' id='word_1_481' title='bbox 2147 1759 2367 1828; x_wconf 85' lang='lat' dir='ltr'><strong>Joseph,</strong></span> <span class='ocrx_word' id='word_1_482' title='bbox 2406 1770 2584 1815; x_wconf 89' lang='lat' dir='ltr'><strong>castus</strong></span> <span class='ocrx_word' id='word_1_483' title='bbox 2610 1770 2669 1814; x_wconf 91' lang='lat' dir='ltr'><strong>ut</strong></span> <span class='ocrx_word' id='word_1_484' title='bbox 2722 1760 2877 1815; x_wconf 86' lang='lat' dir='ltr'><strong>Jesus</strong></span> <span class='ocrx_word' id='word_1_485' title='bbox 2918 1761 3082 1828; x_wconf 86' lang='lat' dir='ltr'><strong>Nave,</strong></span> <span class='ocrx_word' id='word_1_486' title='bbox 3127 1759 3406 1830; x_wconf 72' lang='lat' dir='ltr'><strong>hospitalis</strong></span> <span class='ocrx_word' id='word_1_487' title='bbox 3433 1767 3491 1813; x_wconf 86' lang='lat' dir='ltr'><strong>ut</strong></span> 
     </span>
    </p>
   </div>
   <div class='ocr_carea' id='block_1_68' title="bbox 1913 1831 3488 1901">
    <p class='ocr_par' dir='ltr' id='par_1_68' title="bbox 1913 1831 3488 1901">
     <span class='ocr_line' id='line_1_68' title="bbox 1913 1831 3488 1901; baseline 0.001 -18"><span class='ocrx_word' id='word_1_488' title='bbox 1913 1831 2204 1901; x_wconf 79' lang='lat' dir='ltr'><strong>Abraham,</strong></span> <span class='ocrx_word' id='word_1_489' title='bbox 2226 1845 2410 1901; x_wconf 87' lang='lat' dir='ltr'><strong>amore</strong></span> <span class='ocrx_word' id='word_1_490' title='bbox 2435 1833 2622 1901; x_wconf 86' lang='lat' dir='ltr'><strong>plenus</strong></span> <span class='ocrx_word' id='word_1_491' title='bbox 2649 1839 2706 1885; x_wconf 89' lang='lat' dir='ltr'><strong>ut</strong></span> <span class='ocrx_word' id='word_1_492' title='bbox 2729 1831 2912 1896; x_wconf 82' lang='lat' dir='ltr'><strong>David,</strong></span> <span class='ocrx_word' id='word_1_493' title='bbox 2937 1840 2992 1886; x_wconf 91' lang='lat' dir='ltr'><strong>et</strong></span> <span class='ocrx_word' id='word_1_494' title='bbox 3011 1833 3154 1885; x_wconf 91' lang='lat' dir='ltr'><strong>mitis</strong></span> <span class='ocrx_word' id='word_1_495' title='bbox 3176 1839 3232 1885; x_wconf 88' lang='grc' dir='ltr'><strong>ιιι</strong></span> <span class='ocrx_word' id='word_1_496' title='bbox 3255 1831 3488 1901; x_wconf 77' lang='lat' dir='ltr'><strong>Moyses.</strong></span> 
     </span>
    </p>
   </div>
   <div class='ocr_carea' id='block_1_69' title="bbox 1915 1900 3488 1971">
    <p class='ocr_par' dir='ltr' id='par_1_69' title="bbox 1915 1900 3488 1971">
     <span class='ocr_line' id='line_1_69' title="bbox 1915 1900 3488 1971; baseline -0.002 -17"><span class='ocrx_word' id='word_1_497' title='bbox 1915 1900 2192 1954; x_wconf 89' lang='lat' dir='ltr'><strong>Errantem</strong></span> <span class='ocrx_word' id='word_1_498' title='bbox 2220 1900 2400 1962; x_wconf 89' lang='lat' dir='ltr'><strong>reduc,</strong></span> <span class='ocrx_word' id='word_1_499' title='bbox 2428 1900 2675 1971; x_wconf 90' lang='lat' dir='ltr'><strong>claudum</strong></span> <span class='ocrx_word' id='word_1_500' title='bbox 2702 1901 2876 1968; x_wconf 84' lang='lat' dir='ltr'><strong>alliga.</strong></span> <span class='ocrx_word' id='word_1_501' title='bbox 2909 1903 3110 1971; x_wconf 89' lang='lat' dir='ltr'><strong>lapsum</strong></span> <span class='ocrx_word' id='word_1_502' title='bbox 3133 1901 3299 1970; x_wconf 89' lang='lat' dir='ltr'><strong>erige,</strong></span> <span class='ocrx_word' id='word_1_503' title='bbox 3332 1900 3488 1971; x_wconf 62' lang='lat' dir='ltr'><strong>infir-</strong></span> 
     </span>
    </p>
   </div>
   <div class='ocr_carea' id='block_1_70' title="bbox 1914 1970 3488 2040">
    <p class='ocr_par' dir='ltr' id='par_1_70' title="bbox 1914 1970 3488 2040">
     <span class='ocr_line' id='line_1_70' title="bbox 1914 1970 3488 2040; baseline -0.001 -16"><span class='ocrx_word' id='word_1_504' title='bbox 1914 1986 2030 2025; x_wconf 91' lang='lat' dir='ltr'><strong>mos</strong></span> <span class='ocrx_word' id='word_1_505' title='bbox 2059 1971 2290 2040; x_wconf 88' lang='lat' dir='ltr'><strong>suscipe,</strong></span> <span class='ocrx_word' id='word_1_506' title='bbox 2322 1979 2378 2025; x_wconf 93' lang='lat' dir='ltr'><strong>et</strong></span> <span class='ocrx_word' id='word_1_507' title='bbox 2426 1970 2507 2024; x_wconf 88' lang='lat' dir='ltr'><strong>his</strong></span> <span class='ocrx_word' id='word_1_508' title='bbox 2533 1971 2724 2024; x_wconf 88' lang='lat' dir='ltr'><strong>similia</strong></span> <span class='ocrx_word' id='word_1_509' title='bbox 2772 1970 2966 2026; x_wconf 81' lang='lat' dir='ltr'><strong>facito.</strong></span> <span class='ocrx_word' id='word_1_510' title='bbox 2991 1971 3342 2040; x_wconf 89' lang='lat' dir='ltr'><strong>Obstupesco,</strong></span> <span class='ocrx_word' id='word_1_511' title='bbox 3383 1970 3488 2024; x_wconf 88' lang='lat' dir='ltr'><strong>fra-</strong></span> 
     </span>
    </p>
   </div>
   <div class='ocr_carea' id='block_1_71' title="bbox 1917 2041 3486 2110">
    <p class='ocr_par' dir='ltr' id='par_1_71' title="bbox 1917 2041 3486 2110">
     <span class='ocr_line' id='line_1_71' title="bbox 1917 2041 3486 2110; baseline -0.001 -17"><span class='ocrx_word' id='word_1_512' title='bbox 1917 2049 2044 2105; x_wconf 90' lang='lat' dir='ltr'><strong>tres,</strong></span> <span class='ocrx_word' id='word_1_513' title='bbox 2090 2041 2216 2094; x_wconf 91' lang='lat' dir='ltr'><strong>dum</strong></span> <span class='ocrx_word' id='word_1_514' title='bbox 2265 2041 2548 2094; x_wconf 90' lang='lat' dir='ltr'><strong>considero</strong></span> <span class='ocrx_word' id='word_1_515' title='bbox 2595 2041 2954 2108; x_wconf 88' lang='lat' dir='ltr'><strong>insipientium</strong></span> <span class='ocrx_word' id='word_1_516' title='bbox 2994 2041 3346 2110; x_wconf 89' lang='lat' dir='ltr'><strong>quorumdam</strong></span> <span class='ocrx_word' id='word_1_517' title='bbox 3395 2054 3486 2094; x_wconf 84' lang='lat' dir='ltr'><strong>au-</strong></span> 
     </span>
    </p>
   </div>
   <div class='ocr_carea' id='block_1_72' title="bbox 1915 2111 3492 2180">
    <p class='ocr_par' dir='ltr' id='par_1_72' title="bbox 1915 2111 3492 2180">
     <span class='ocr_line' id='line_1_72' title="bbox 1915 2111 3492 2180; baseline -0.001 -16"><span class='ocrx_word' id='word_1_518' title='bbox 1915 2111 2142 2172; x_wconf 90' lang='lat' dir='ltr'><strong>daciam,</strong></span> <span class='ocrx_word' id='word_1_519' title='bbox 2181 2111 2271 2180; x_wconf 90' lang='lat' dir='ltr'><strong>qui</strong></span> <span class='ocrx_word' id='word_1_520' title='bbox 2312 2111 2647 2180; x_wconf 88' lang='lat' dir='ltr'><strong>impudenter</strong></span> <span class='ocrx_word' id='word_1_521' title='bbox 2691 2120 2744 2165; x_wconf 91' lang='lat' dir='ltr'><strong>et</strong></span> <span class='ocrx_word' id='word_1_522' title='bbox 2786 2111 3085 2180; x_wconf 88' lang='lat' dir='ltr'><strong>petulanter</strong></span> <span class='ocrx_word' id='word_1_523' title='bbox 3133 2112 3492 2166; x_wconf 88' lang='lat' dir='ltr'><strong>sacerdotiqu</strong></span> 
     </span>
    </p>
   </div>
   <div class='ocr_carea' id='block_1_73' title="bbox 1916 2180 3492 2250">
    <p class='ocr_par' dir='ltr' id='par_1_73' title="bbox 1916 2180 3492 2250">
     <span class='ocr_line' id='line_1_73' title="bbox 1916 2180 3492 2250; baseline -0.001 -16"><span class='ocrx_word' id='word_1_524' title='bbox 1916 2180 2134 2240; x_wconf 88' lang='lat' dir='ltr'><strong>adeunt,</strong></span> <span class='ocrx_word' id='word_1_525' title='bbox 2161 2197 2268 2235; x_wconf 92' lang='lat' dir='ltr'><strong>non</strong></span> <span class='ocrx_word' id='word_1_526' title='bbox 2292 2183 2462 2234; x_wconf 78' lang='lat' dir='ltr'><strong>vocati</strong></span> <span class='ocrx_word' id='word_1_527' title='bbox 2491 2197 2520 2234; x_wconf 89' lang='lat' dir='ltr'><strong>a</strong></span> <span class='ocrx_word' id='word_1_528' title='bbox 2546 2181 2714 2250; x_wconf 88' lang='lat' dir='ltr'><strong>gratia</strong></span> <span class='ocrx_word' id='word_1_529' title='bbox 2742 2181 2956 2246; x_wconf 86' lang='lat' dir='ltr'><strong>Christi,</strong></span> <span class='ocrx_word' id='word_1_530' title='bbox 2984 2183 3286 2250; x_wconf 89' lang='lat' dir='ltr'><strong>ignorantes</strong></span> <span class='ocrx_word' id='word_1_531' title='bbox 3311 2196 3371 2236; x_wconf 89' lang='lat' dir='ltr'><strong>se</strong></span> <span class='ocrx_word' id='word_1_532' title='bbox 3391 2180 3492 2235; x_wconf 84' lang='lat' dir='ltr'><strong>sibi</strong></span> 
     </span>
    </p>
   </div>
   <div class='ocr_carea' id='block_1_74' title="bbox 1917 2251 3494 2320">
    <p class='ocr_par' dir='ltr' id='par_1_74' title="bbox 1917 2251 3494 2320">
     <span class='ocr_line' id='line_1_74' title="bbox 1917 2251 3494 2320; baseline -0.002 -15"><span class='ocrx_word' id='word_1_533' title='bbox 1917 2252 2091 2320; x_wconf 84' lang='lat' dir='ltr'><strong>ignem</strong></span> <span class='ocrx_word' id='word_1_534' title='bbox 2137 2259 2192 2305; x_wconf 86' lang='lat' dir='ltr'><strong>et</strong></span> <span class='ocrx_word' id='word_1_535' title='bbox 2232 2261 2457 2306; x_wconf 91' lang='lat' dir='ltr'><strong>mortem</strong></span> <span class='ocrx_word' id='word_1_536' title='bbox 2508 2252 2731 2305; x_wconf 88' lang='lat' dir='ltr'><strong>miseros</strong></span> <span class='ocrx_word' id='word_1_537' title='bbox 2779 2252 3133 2306; x_wconf 89' lang='lat' dir='ltr'><strong>consciscere.</strong></span> <span class='ocrx_word' id='word_1_538' title='bbox 3181 2251 3294 2305; x_wconf 86' lang='lat' dir='ltr'><strong>Non</strong></span> <span class='ocrx_word' id='word_1_539' title='bbox 3321 2252 3494 2305; x_wconf 88' lang='lat' dir='ltr'><strong>solum</strong></span> 
     </span>
    </p>
   </div>
   <div class='ocr_carea' id='block_1_75' title="bbox 1918 2320 3492 2391">
    <p class='ocr_par' dir='ltr' id='par_1_75' title="bbox 1918 2320 3492 2391">
     <span class='ocr_line' id='line_1_75' title="bbox 1918 2320 3492 2391; baseline -0.001 -16"><span class='ocrx_word' id='word_1_540' title='bbox 1918 2322 2040 2375; x_wconf 88' lang='lat' dir='ltr'><strong>dico</strong></span> <span class='ocrx_word' id='word_1_541' title='bbox 2065 2320 2180 2385; x_wconf 90' lang='lat' dir='ltr'><strong>tibi,</strong></span> <span class='ocrx_word' id='word_1_542' title='bbox 2199 2337 2232 2374; x_wconf 91' lang='grc' dir='ltr'><strong>ο</strong></span> <span class='ocrx_word' id='word_1_543' title='bbox 2259 2321 2440 2385; x_wconf 91' lang='lat' dir='ltr'><strong>homo,</strong></span> <span class='ocrx_word' id='word_1_544' title='bbox 2469 2338 2534 2375; x_wconf 81' lang='lat' dir='ltr'><strong>ne</strong></span> <span class='ocrx_word' id='word_1_545' title='bbox 2553 2321 2910 2376; x_wconf 89' lang='lat' dir='ltr'><strong>sacerdotium</strong></span> <span class='ocrx_word' id='word_1_546' title='bbox 2935 2321 3231 2391; x_wconf 82' lang='lat' dir='ltr'><strong>petulanter</strong></span> <span class='ocrx_word' id='word_1_547' title='bbox 3249 2335 3492 2384; x_wconf 87' lang='lat' dir='ltr'><strong>usurpes,</strong></span> 
     </span>
    </p>
   </div>
   <div class='ocr_carea' id='block_1_76' title="bbox 1919 2391 3500 2460">
    <p class='ocr_par' dir='ltr' id='par_1_76' title="bbox 1919 2391 3500 2460">
     <span class='ocr_line' id='line_1_76' title="bbox 1919 2391 3500 2460; baseline 0.001 -16"><span class='ocrx_word' id='word_1_548' title='bbox 1919 2392 2012 2446; x_wconf 83' lang='lat' dir='ltr'><strong>sed</strong></span> <span class='ocrx_word' id='word_1_549' title='bbox 2041 2392 2296 2445; x_wconf 89' lang='lat' dir='ltr'><strong>etiamne</strong></span> <span class='ocrx_word' id='word_1_550' title='bbox 2336 2392 2603 2460; x_wconf 89' lang='lat' dir='ltr'><strong>quidpiam</strong></span> <span class='ocrx_word' id='word_1_551' title='bbox 2645 2406 2710 2444; x_wconf 82' lang='lat' dir='ltr'><strong>ex</strong></span> <span class='ocrx_word' id='word_1_552' title='bbox 2747 2391 2888 2446; x_wconf 89' lang='lat' dir='ltr'><strong>vasis</strong></span> <span class='ocrx_word' id='word_1_553' title='bbox 2934 2391 3282 2446; x_wconf 86' lang='lat' dir='ltr'><strong>sacratissimi</strong></span> <span class='ocrx_word' id='word_1_554' title='bbox 3322 2391 3500 2446; x_wconf 79' lang='lat' dir='ltr'><strong>cultus</strong></span> 
     </span>
    </p>
   </div>
   <div class='ocr_carea' id='block_1_77' title="bbox 1918 2460 3495 2531">
    <p class='ocr_par' dir='ltr' id='par_1_77' title="bbox 1918 2460 3495 2531">
     <span class='ocr_line' id='line_1_77' title="bbox 1918 2460 3495 2531; baseline -0.003 -16"><span class='ocrx_word' id='word_1_555' title='bbox 1918 2462 2215 2529; x_wconf 81' lang='lat' dir='ltr'><strong>contingas.</strong></span> <span class='ocrx_word' id='word_1_556' title='bbox 2268 2460 2406 2514; x_wconf 88' lang='lat' dir='ltr'><strong>Num</strong></span> <span class='ocrx_word' id='word_1_557' title='bbox 2451 2461 2586 2515; x_wconf 90' lang='lat' dir='ltr'><strong>forte</strong></span> <span class='ocrx_word' id='word_1_558' title='bbox 2637 2461 2807 2530; x_wconf 82' lang='lat' dir='ltr'><strong>legisti</strong></span> <span class='ocrx_word' id='word_1_559' title='bbox 2851 2462 2976 2530; x_wconf 92' lang='lat' dir='ltr'><strong>quid</strong></span> <span class='ocrx_word' id='word_1_560' title='bbox 3026 2477 3214 2531; x_wconf 88' lang='lat' dir='ltr'><strong>passus</strong></span> <span class='ocrx_word' id='word_1_561' title='bbox 3250 2462 3321 2515; x_wconf 87' lang='lat' dir='ltr'><strong>sit</strong></span> <span class='ocrx_word' id='word_1_562' title='bbox 3355 2461 3495 2524; x_wconf 77' lang='lat' dir='ltr'><strong>02a,</strong></span> 
     </span>
    </p>
   </div>
   <div class='ocr_carea' id='block_1_78' title="bbox 1920 2531 3498 2601">
    <p class='ocr_par' dir='ltr' id='par_1_78' title="bbox 1920 2531 3498 2601">
     <span class='ocr_line' id='line_1_78' title="bbox 1920 2531 3498 2601; baseline 0 -17"><span class='ocrx_word' id='word_1_563' title='bbox 1920 2532 2132 2601; x_wconf 86' lang='lat' dir='ltr'><strong>quando</strong></span> <span class='ocrx_word' id='word_1_564' title='bbox 2154 2532 2328 2600; x_wconf 84' lang='lat' dir='ltr'><strong>tetigit</strong></span> <span class='ocrx_word' id='word_1_565' title='bbox 2365 2546 2546 2586; x_wconf 90' lang='lat' dir='ltr'><strong>arcam</strong></span> <span class='ocrx_word' id='word_1_566' title='bbox 2576 2531 2711 2601; x_wconf 80' lang='lat' dir='ltr'><strong>Dei?</strong></span> <span class='ocrx_word' id='word_1_567' title='bbox 2753 2531 2920 2600; x_wconf 86' lang='lat' dir='ltr'><strong>Hujus</strong></span> <span class='ocrx_word' id='word_1_568' title='bbox 2958 2547 3170 2599; x_wconf 88' lang='lat' dir='ltr'><strong>semper</strong></span> <span class='ocrx_word' id='word_1_569' title='bbox 3207 2540 3498 2601; x_wconf 83' lang='lat' dir='ltr'><strong>memento,</strong></span> 
     </span>
    </p>
   </div>
   <div class='ocr_carea' id='block_1_79' title="bbox 1923 2597 3499 2670">
    <p class='ocr_par' dir='ltr' id='par_1_79' title="bbox 1923 2597 3499 2670">
     <span class='ocr_line' id='line_1_79' title="bbox 1923 2597 3499 2670; baseline -0.001 -16"><span class='ocrx_word' id='word_1_570' title='bbox 1923 2597 2084 2656; x_wconf 76' lang='lat' dir='ltr'><strong>frater</strong></span> <span class='ocrx_word' id='word_1_571' title='bbox 2131 2597 2352 2667; x_wconf 74' lang='lat' dir='ltr'><strong>dilecte,</strong></span> <span class='ocrx_word' id='word_1_572' title='bbox 2396 2601 2543 2656; x_wconf 88' lang='lat' dir='ltr'><strong>vocis</strong></span> <span class='ocrx_word' id='word_1_573' title='bbox 2600 2597 2891 2668; x_wconf 78' lang='lat' dir='ltr'><strong>Altissimi,</strong></span> <span class='ocrx_word' id='word_1_574' title='bbox 2936 2603 3005 2657; x_wconf 89' lang='lat' dir='ltr'><strong>ab</strong></span> <span class='ocrx_word' id='word_1_575' title='bbox 3045 2597 3178 2657; x_wconf 83' lang='lat' dir='ltr'><strong>Isaia</strong></span> <span class='ocrx_word' id='word_1_576' title='bbox 3243 2599 3499 2670; x_wconf 87' lang='lat' dir='ltr'><strong>propheta</strong></span> 
     </span>
    </p>
   </div>
   <div class='ocr_carea' id='block_1_80' title="bbox 1921 2671 3503 2742">
    <p class='ocr_par' dir='ltr' id='par_1_80' title="bbox 1921 2671 3503 2742">
     <span class='ocr_line' id='line_1_80' title="bbox 1921 2671 3503 2742; baseline -0.002 -16"><span class='ocrx_word' id='word_1_577' title='bbox 1921 2673 2150 2734; x_wconf 62' lang='lat' dir='ltr'><strong>emissae,</strong></span> <span class='ocrx_word' id='word_1_578' title='bbox 2181 2688 2300 2741; x_wconf 65' lang='lat' dir='ltr'><strong>qua:</strong></span> <span class='ocrx_word' id='word_1_579' title='bbox 2346 2673 2424 2726; x_wconf 91' lang='lat' dir='ltr'><strong>sic</strong></span> <span class='ocrx_word' id='word_1_580' title='bbox 2452 2671 2645 2726; x_wconf 87' lang='lat' dir='ltr'><strong>habet:</strong></span> <span class='ocrx_word' id='word_1_581' title='bbox 2677 2671 2847 2742; x_wconf 85' lang='lat' dir='ltr'><strong>Super</strong></span> <span class='ocrx_word' id='word_1_582' title='bbox 2869 2687 3016 2740; x_wconf 84' lang='lat' dir='ltr'><strong>quem</strong></span> <span class='ocrx_word' id='word_1_583' title='bbox 3052 2671 3503 2742; x_wconf 72' lang='lat' dir='ltr'><strong>requiescam_,_uis_i</strong></span> 
     </span>
    </p>
   </div>
   <div class='ocr_carea' id='block_1_81' title="bbox 1921 2738 3498 2812">
    <p class='ocr_par' dir='ltr' id='par_1_81' title="bbox 1921 2738 3498 2812">
     <span class='ocr_line' id='line_1_81' title="bbox 1921 2738 3498 2812; baseline -0.001 -16"><span class='ocrx_word' id='word_1_584' title='bbox 1921 2759 2074 2810; x_wconf 71' lang='lat' dir='ltr'><strong>super</strong></span> <span class='ocrx_word' id='word_1_585' title='bbox 2095 2738 2261 2796; x_wconf 73' lang='lat' dir='ltr'><strong>mitem</strong></span> <span class='ocrx_word' id='word_1_586' title='bbox 2289 2752 2334 2796; x_wconf 84' lang='lat' dir='ltr'><strong>et</strong></span> <span class='ocrx_word' id='word_1_587' title='bbox 2371 2742 2609 2795; x_wconf 83' lang='lat' dir='ltr'><strong>humilem</strong></span> <span class='ocrx_word' id='word_1_588' title='bbox 2635 2750 2680 2794; x_wconf 82' lang='lat' dir='ltr'><strong>et</strong></span> <span class='ocrx_word' id='word_1_589' title='bbox 2706 2738 2994 2812; x_wconf 70' lang='lat' dir='ltr'><strong>trementem</strong></span> <span class='ocrx_word' id='word_1_590' title='bbox 3022 2738 3171 2796; x_wconf 80' lang='lat' dir='ltr'><strong>verba</strong></span> <span class='ocrx_word' id='word_1_591' title='bbox 3195 2757 3305 2795; x_wconf 84' lang='lat' dir='ltr'><strong>mea</strong></span> <span class='ocrx_word' id='word_1_592' title='bbox 3347 2738 3498 2812; x_wconf 78' lang='lat' dir='ltr'><strong>(Isai.</strong></span> 
     </span>
    </p>
   </div>
   <div class='ocr_carea' id='block_1_82' title="bbox 1922 2811 3500 2881">
    <p class='ocr_par' dir='ltr' id='par_1_82' title="bbox 1922 2811 3500 2881">
     <span class='ocr_line' id='line_1_82' title="bbox 1922 2811 3500 2881; baseline -0.003 -15"><span class='ocrx_word' id='word_1_593' title='bbox 1922 2813 2010 2866; x_wconf 84' lang='lat'><strong>66.</strong></span> <span class='ocrx_word' id='word_1_594' title='bbox 2037 2813 2073 2865; x_wconf 73' lang='lat'><strong>2</strong></span> <span class='ocrx_word' id='word_1_595' title='bbox 2101 2811 2159 2881; x_wconf 64' lang='grc' dir='ltr'>Π</span> <span class='ocrx_word' id='word_1_596' title='bbox 2191 2813 2358 2878; x_wconf 86' lang='lat' dir='ltr'><strong>llujns</strong></span> <span class='ocrx_word' id='word_1_597' title='bbox 2384 2827 2597 2880; x_wconf 85' lang='lat' dir='ltr'><strong>semper</strong></span> <span class='ocrx_word' id='word_1_598' title='bbox 2623 2811 2873 2881; x_wconf 72' lang='lat' dir='ltr'><strong>przecepti</strong></span> <span class='ocrx_word' id='word_1_599' title='bbox 2899 2813 3263 2876; x_wconf 89' lang='lat' dir='ltr'><strong>reminiscere,</strong></span> <span class='ocrx_word' id='word_1_600' title='bbox 3293 2819 3350 2865; x_wconf 88' lang='lat' dir='ltr'><strong>et</strong></span> <span class='ocrx_word' id='word_1_601' title='bbox 3375 2825 3500 2880; x_wconf 85' lang='lat' dir='ltr'><strong>pos-</strong></span> 
     </span>
    </p>
   </div>
   <div class='ocr_carea' id='block_1_83' title="bbox 1923 2881 3501 2952">
    <p class='ocr_par' dir='ltr' id='par_1_83' title="bbox 1923 2881 3501 2952">
     <span class='ocr_line' id='line_1_83' title="bbox 1923 2881 3501 2952; baseline -0.001 -17"><span class='ocrx_word' id='word_1_602' title='bbox 1923 2883 2038 2936; x_wconf 89' lang='lat' dir='ltr'><strong>side</strong></span> <span class='ocrx_word' id='word_1_603' title='bbox 2073 2883 2224 2950; x_wconf 90' lang='lat' dir='ltr'><strong>quasi</strong></span> <span class='ocrx_word' id='word_1_604' title='bbox 2267 2881 2608 2947; x_wconf 86' lang='lat' dir='ltr'><strong>thesaurum,</strong></span> <span class='ocrx_word' id='word_1_605' title='bbox 2653 2882 3287 2952; x_wconf 84' lang='lat' dir='ltr'><strong>mitemcogitationem,</strong></span> <span class='ocrx_word' id='word_1_606' title='bbox 3335 2891 3393 2952; x_wconf 89' lang='lat' dir='ltr'><strong>ut</strong></span> <span class='ocrx_word' id='word_1_607' title='bbox 3429 2881 3501 2934; x_wconf 85' lang='lat' dir='ltr'><strong>ita</strong></span> 
     </span>
    </p>
   </div>
   <div class='ocr_carea' id='block_1_84' title="bbox 1925 2951 3502 3021">
    <p class='ocr_par' dir='ltr' id='par_1_84' title="bbox 1925 2951 3502 3021">
     <span class='ocr_line' id='line_1_84' title="bbox 1925 2951 3502 3021; baseline -0.002 -15"><span class='ocrx_word' id='word_1_608' title='bbox 1925 2954 2095 3021; x_wconf 92' lang='lat' dir='ltr'><strong>possis</strong></span> <span class='ocrx_word' id='word_1_609' title='bbox 2116 2953 2465 3020; x_wconf 86' lang='lat' dir='ltr'><strong>spiritualiter</strong></span> <span class='ocrx_word' id='word_1_610' title='bbox 2485 2952 2774 3005; x_wconf 86' lang='lat' dir='ltr'><strong>ascendere</strong></span> <span class='ocrx_word' id='word_1_611' title='bbox 2805 2952 2855 3004; x_wconf 93' lang='lat' dir='ltr'><strong>in</strong></span> <span class='ocrx_word' id='word_1_612' title='bbox 2873 2951 3161 3020; x_wconf 85' lang='lat' dir='ltr'><strong>supernam</strong></span> <span class='ocrx_word' id='word_1_613' title='bbox 3183 2951 3502 3012; x_wconf 78' lang='lat' dir='ltr'><strong>Jerusalem,</strong></span> 
     </span>
    </p>
   </div>
   <div class='ocr_carea' id='block_1_85' title="bbox 1927 3021 3507 3092">
    <p class='ocr_par' dir='ltr' id='par_1_85' title="bbox 1927 3021 3507 3092">
     <span class='ocr_line' id='line_1_85' title="bbox 1927 3021 3507 3092; baseline -0.002 -16"><span class='ocrx_word' id='word_1_614' title='bbox 1927 3032 1981 3076; x_wconf 91' lang='lat' dir='ltr'><strong>et</strong></span> <span class='ocrx_word' id='word_1_615' title='bbox 2010 3021 2211 3076; x_wconf 89' lang='lat' dir='ltr'><strong>hostias</strong></span> <span class='ocrx_word' id='word_1_616' title='bbox 2240 3023 2540 3090; x_wconf 87' lang='lat' dir='ltr'><strong>spirituales</strong></span> <span class='ocrx_word' id='word_1_617' title='bbox 2570 3021 2763 3075; x_wconf 85' lang='lat' dir='ltr'><strong>otl&#39;erre</strong></span> <span class='ocrx_word' id='word_1_618' title='bbox 2792 3022 2916 3092; x_wconf 83' lang='lat' dir='ltr'><strong>regi</strong></span> <span class='ocrx_word' id='word_1_619' title='bbox 2943 3031 2999 3077; x_wconf 92' lang='lat' dir='ltr'><strong>et</strong></span> <span class='ocrx_word' id='word_1_620' title='bbox 3039 3022 3149 3076; x_wconf 90' lang='lat' dir='ltr'><strong>Deo</strong></span> <span class='ocrx_word' id='word_1_621' title='bbox 3177 3023 3228 3074; x_wconf 94' lang='lat' dir='ltr'><strong>in</strong></span> <span class='ocrx_word' id='word_1_622' title='bbox 3253 3033 3507 3092; x_wconf 78' lang='lat' dir='ltr'><strong>superno</strong></span> 
     </span>
    </p>
   </div>
   <div class='ocr_carea' id='block_1_86' title="bbox 1924 3090 3504 3161">
    <p class='ocr_par' dir='ltr' id='par_1_86' title="bbox 1924 3090 3504 3161">
     <span class='ocr_line' id='line_1_86' title="bbox 1924 3090 3504 3161; baseline -0.002 -16"><span class='ocrx_word' id='word_1_623' title='bbox 1924 3093 2100 3154; x_wconf 90' lang='lat' dir='ltr'><strong>altari,</strong></span> <span class='ocrx_word' id='word_1_624' title='bbox 2126 3092 2214 3146; x_wconf 91' lang='lat' dir='ltr'><strong>ubi</strong></span> <span class='ocrx_word' id='word_1_625' title='bbox 2245 3101 2531 3146; x_wconf 87' lang='lat' dir='ltr'><strong>nectuntur</strong></span> <span class='ocrx_word' id='word_1_626' title='bbox 2553 3107 2764 3145; x_wconf 66' lang='lat' dir='ltr'><strong>corona&#39;</strong></span> <span class='ocrx_word' id='word_1_627' title='bbox 2789 3090 3224 3161; x_wconf 84' lang='lat' dir='ltr'><strong>incorruptionis.</strong></span> <span class='ocrx_word' id='word_1_628' title='bbox 3251 3090 3431 3158; x_wconf 89' lang='lat' dir='ltr'><strong>Ibique</strong></span> <span class='ocrx_word' id='word_1_629' title='bbox 3453 3090 3504 3142; x_wconf 88' lang='lat' dir='ltr'><strong>in</strong></span> 
     </span>
    </p>
   </div>
   <div class='ocr_carea' id='block_1_87' title="bbox 1927 3161 3506 3231">
    <p class='ocr_par' dir='ltr' id='par_1_87' title="bbox 1927 3161 3506 3231">
     <span class='ocr_line' id='line_1_87' title="bbox 1927 3161 3506 3231; baseline -0.002 -17"><span class='ocrx_word' id='word_1_630' title='bbox 1927 3174 2212 3229; x_wconf 91' lang='lat' dir='ltr'><strong>conspectu</strong></span> <span class='ocrx_word' id='word_1_631' title='bbox 2255 3162 2561 3231; x_wconf 81' lang='lat' dir='ltr'><strong>angelorum</strong></span> <span class='ocrx_word' id='word_1_632' title='bbox 2618 3170 2670 3215; x_wconf 87' lang='lat' dir='ltr'><strong>te</strong></span> <span class='ocrx_word' id='word_1_633' title='bbox 2723 3161 2965 3215; x_wconf 80' lang='lat' dir='ltr'><strong>Christus</strong></span> <span class='ocrx_word' id='word_1_634' title='bbox 3020 3161 3266 3215; x_wconf 85' lang='lat' dir='ltr'><strong>redimiet</strong></span> <span class='ocrx_word' id='word_1_635' title='bbox 3307 3174 3506 3231; x_wconf 85' lang='lat' dir='ltr'><strong>corona</strong></span> 
     </span>
    </p>
   </div>
   <div class='ocr_carea' id='block_1_88' title="bbox 1928 3230 3506 3298">
    <p class='ocr_par' dir='ltr' id='par_1_88' title="bbox 1928 3230 3506 3298">
     <span class='ocr_line' id='line_1_88' title="bbox 1928 3230 3506 3298; baseline -0.001 -13"><span class='ocrx_word' id='word_1_636' title='bbox 1928 3230 2362 3296; x_wconf 87' lang='lat' dir='ltr'><strong>immortalitatis,</strong></span> <span class='ocrx_word' id='word_1_637' title='bbox 2394 3240 2450 3286; x_wconf 91' lang='lat' dir='ltr'><strong>et</strong></span> <span class='ocrx_word' id='word_1_638' title='bbox 2473 3247 2594 3285; x_wconf 91' lang='lat' dir='ltr'><strong>eum</strong></span> <span class='ocrx_word' id='word_1_639' title='bbox 2623 3233 2871 3298; x_wconf 90' lang='lat' dir='ltr'><strong>supernis</strong></span> <span class='ocrx_word' id='word_1_640' title='bbox 2917 3232 3240 3286; x_wconf 78' lang='lat' dir='ltr'><strong>exercitibus</strong></span> <span class='ocrx_word' id='word_1_641' title='bbox 3266 3230 3506 3284; x_wconf 84' lang='lat' dir='ltr'><strong>cantabis</strong></span> 
     </span>
    </p>
   </div>
   <div class='ocr_carea' id='block_1_89' title="bbox 1929 3301 3508 3372">
    <p class='ocr_par' dir='ltr' id='par_1_89' title="bbox 1929 3301 3508 3372">
     <span class='ocr_line' id='line_1_89' title="bbox 1929 3301 3508 3372; baseline -0.002 -16"><span class='ocrx_word' id='word_1_642' title='bbox 1929 3303 2301 3371; x_wconf 85' lang='lat' dir='ltr'><strong>triumphalem</strong></span> <span class='ocrx_word' id='word_1_643' title='bbox 2325 3301 2580 3372; x_wconf 86' lang='lat' dir='ltr'><strong>hymnum</strong></span> <span class='ocrx_word' id='word_1_644' title='bbox 2607 3311 2806 3357; x_wconf 80' lang='lat' dir='ltr'><strong>sancta:</strong></span> <span class='ocrx_word' id='word_1_645' title='bbox 2827 3301 3094 3368; x_wconf 87' lang='lat' dir='ltr'><strong>Trinitati,</strong></span> <span class='ocrx_word' id='word_1_646' title='bbox 3115 3303 3166 3354; x_wconf 92' lang='lat' dir='ltr'><strong>in</strong></span> <span class='ocrx_word' id='word_1_647' title='bbox 3187 3301 3380 3356; x_wconf 71' lang='lat' dir='ltr'><strong>saecula</strong></span> <span class='ocrx_word' id='word_1_648' title='bbox 3406 3315 3508 3353; x_wconf 77' lang='lat' dir='ltr'><strong>sa:-</strong></span> 
     </span>
    </p>
   </div>
   <div class='ocr_carea' id='block_1_90' title="bbox 1930 3372 2412 3427">
    <p class='ocr_par' dir='ltr' id='par_1_90' title="bbox 1930 3372 2412 3427">
     <span class='ocr_line' id='line_1_90' title="bbox 1930 3372 2412 3427; baseline -0.002 0"><span class='ocrx_word' id='word_1_649' title='bbox 1930 3372 2192 3427; x_wconf 90' lang='lat' dir='ltr'><strong>culorum.</strong></span> <span class='ocrx_word' id='word_1_650' title='bbox 2218 3374 2412 3426; x_wconf 89' lang='lat' dir='ltr'><strong>Amen.</strong></span> 
     </span>
    </p>
   </div>
   <div class='ocr_carea' id='block_1_91' title="bbox 264 3578 1821 3625">
    <p class='ocr_par' dir='ltr' id='par_1_91' title="bbox 264 3591 1821 3625">
     <span class='ocr_line' id='line_1_91' title="bbox 264 3591 1821 3625; baseline 0 0"><span class='ocrx_word' id='word_1_651' title='bbox 264 3591 1821 3625; x_wconf 34' lang='grc' dir='ltr'><strong><em>ᾧ</em></strong></span> 
     </span>
    </p>
   </div>
   <div class='ocr_carea' id='block_1_92' title="bbox 1919 3578 3501 3625">
    <p class='ocr_par' dir='ltr' id='par_1_92' title="bbox 1919 3578 3501 3625">
     <span class='ocr_line' id='line_1_92' title="bbox 1919 3578 3402 3588; baseline -0.003 0"><span class='ocrx_word' id='word_1_652' title='bbox 1919 3578 3402 3588; x_wconf 45' lang='lat' dir='ltr'><strong>ﬂ,</strong></span> 
     </span>
     <span class='ocr_line' id='line_1_93' title="bbox 1919 3578 3501 3625; baseline -0.003 0"><span class='ocrx_word' id='word_1_653' title='bbox 1919 3578 3501 3625; x_wconf 44' lang='lat' dir='ltr'><strong>gara—IIIS</strong></span> 
     </span>
    </p>
   </div>
   <div class='ocr_carea' id='block_1_93' title="bbox 1083 3690 2678 3794">
    <p class='ocr_par' dir='ltr' id='par_1_93' title="bbox 1083 3690 2678 3794">
     <span class='ocr_line' id='line_1_94' title="bbox 1083 3690 2678 3794; baseline -0.003 -9"><span class='ocrx_word' id='word_1_654' title='bbox 1083 3724 1167 3785; x_wconf 86' lang='lat' dir='ltr'><strong>IN</strong></span> <span class='ocrx_word' id='word_1_655' title='bbox 1224 3690 1708 3794; x_wconf 85' lang='lat' dir='ltr'><strong>SEQUENTEM</strong></span> <span class='ocrx_word' id='word_1_656' title='bbox 1769 3715 2215 3778; x_wconf 84' lang='lat' dir='ltr'><strong>SERMONEM</strong></span> <span class='ocrx_word' id='word_1_657' title='bbox 2272 3715 2678 3780; x_wconf 83' lang='lat' dir='ltr'><strong>MONITUM.</strong></span> 
     </span>
    </p>
   </div>
   <div class='ocr_carea' id='block_1_94' title="bbox 267 3813 3509 3900">
    <p class='ocr_par' dir='ltr' id='par_1_94' title="bbox 267 3813 3509 3900">
     <span class='ocr_line' id='line_1_95' title="bbox 267 3813 3509 3900; baseline -0.006 -19"><span class='ocrx_word' id='word_1_658' title='bbox 267 3896 270 3900; x_wconf 26' lang='grc' dir='ltr'><em>η</em></span> <span class='ocrx_word' id='word_1_659' title='bbox 332 3825 447 3883; x_wconf 85' lang='lat' dir='ltr'><strong>Hoc</strong></span> <span class='ocrx_word' id='word_1_660' title='bbox 479 3827 802 3898; x_wconf 88' lang='lat' dir='ltr'><strong>opusculum</strong></span> <span class='ocrx_word' id='word_1_661' title='bbox 828 3826 940 3896; x_wconf 88' lang='lat' dir='ltr'><strong>jam</strong></span> <span class='ocrx_word' id='word_1_662' title='bbox 971 3823 1181 3895; x_wconf 85' lang='lat' dir='ltr'><strong>pridem</strong></span> <span class='ocrx_word' id='word_1_663' title='bbox 1228 3822 1370 3877; x_wconf 89' lang='lat' dir='ltr'><strong>inter</strong></span> <span class='ocrx_word' id='word_1_664' title='bbox 1420 3817 1603 3889; x_wconf 90' lang='lat' dir='ltr'><strong>spuria</strong></span> <span class='ocrx_word' id='word_1_665' title='bbox 1629 3818 1754 3888; x_wconf 87' lang='lat' dir='ltr'><strong>jure</strong></span> <span class='ocrx_word' id='word_1_666' title='bbox 1785 3815 2093 3884; x_wconf 84' lang='lat' dir='ltr'><strong>ablegatum</strong></span> <span class='ocrx_word' id='word_1_667' title='bbox 2135 3813 2304 3869; x_wconf 89' lang='lat' dir='ltr'><strong>fuisse</strong></span> <span class='ocrx_word' id='word_1_668' title='bbox 2353 3831 2518 3870; x_wconf 91' lang='lat' dir='ltr'><strong>nemo</strong></span> <span class='ocrx_word' id='word_1_669' title='bbox 2573 3818 2814 3887; x_wconf 83' lang='lat' dir='ltr'><strong>prudens</strong></span> <span class='ocrx_word' id='word_1_670' title='bbox 2861 3835 2971 3875; x_wconf 83' lang='lat' dir='ltr'><strong>non</strong></span> <span class='ocrx_word' id='word_1_671' title='bbox 3027 3822 3273 3880; x_wconf 59' lang='lat' dir='ltr'><strong>censebit</strong></span> <span class='ocrx_word' id='word_1_672' title='bbox 3312 3839 3328 3878; x_wconf 70' lang='grc' dir='ltr'><strong>ε</strong></span> <span class='ocrx_word' id='word_1_673' title='bbox 3377 3834 3509 3877; x_wconf 67' lang='lat' dir='ltr'><strong>nam</strong></span> 
     </span>
    </p>
   </div>
   <div class='ocr_carea' id='block_1_95' title="bbox 255 3900 3508 3992">
    <p class='ocr_par' dir='ltr' id='par_1_95' title="bbox 255 3900 3508 3992">
     <span class='ocr_line' id='line_1_96' title="bbox 255 3900 3508 3992; baseline -0.002 -15"><span class='ocrx_word' id='word_1_674' title='bbox 255 3919 396 3992; x_wconf 79' lang='lat' dir='ltr'><strong>Stylo</strong></span> <span class='ocrx_word' id='word_1_675' title='bbox 440 3920 644 3990; x_wconf 86' lang='grc' dir='ltr'><strong>χυδαιῳ</strong></span> <span class='ocrx_word' id='word_1_676' title='bbox 691 3900 978 3988; x_wconf 83' lang='lat' dir='ltr'><strong>scriptum,</strong></span> <span class='ocrx_word' id='word_1_677' title='bbox 1017 3913 1155 3969; x_wconf 86' lang='lat' dir='ltr'><strong>nihil</strong></span> <span class='ocrx_word' id='word_1_678' title='bbox 1209 3927 1320 3982; x_wconf 81' lang='lat' dir='ltr'><strong>prae</strong></span> <span class='ocrx_word' id='word_1_679' title='bbox 1365 3925 1426 3965; x_wconf 86' lang='lat' dir='ltr'><strong>se</strong></span> <span class='ocrx_word' id='word_1_680' title='bbox 1455 3908 1579 3975; x_wconf 15' lang='lat' dir='ltr'><strong>“fert</strong></span> <span class='ocrx_word' id='word_1_681' title='bbox 1630 3906 1794 3969; x_wconf 85' lang='lat' dir='ltr'><strong>salis,</strong></span> <span class='ocrx_word' id='word_1_682' title='bbox 1840 3904 1975 3960; x_wconf 87' lang='lat' dir='ltr'><strong>nihil</strong></span> <span class='ocrx_word' id='word_1_683' title='bbox 2034 3919 2324 3960; x_wconf 86' lang='lat' dir='ltr'><strong>nervorum</strong></span> <span class='ocrx_word' id='word_1_684' title='bbox 2369 3917 2611 3978; x_wconf 87' lang='lat' dir='ltr'><strong>:estque</strong></span> <span class='ocrx_word' id='word_1_685' title='bbox 2650 3924 2878 3978; x_wconf 87' lang='lat' dir='ltr'><strong>prorsus</strong></span> <span class='ocrx_word' id='word_1_686' title='bbox 2919 3913 3313 3985; x_wconf 86' lang='lat' dir='ltr'><strong>Cbrysostomo</strong></span> <span class='ocrx_word' id='word_1_687' title='bbox 3361 3912 3508 3970; x_wconf 88' lang='lat' dir='ltr'><strong>indi-</strong></span> 
     </span>
    </p>
   </div>
   <div class='ocr_carea' id='block_1_96' title="bbox 299 4028 450 4066">
    <p class='ocr_par' dir='ltr' id='par_1_96' title="bbox 299 4028 450 4066">
     <span class='ocr_line' id='line_1_97' title="bbox 299 4028 450 4066; baseline 0 0"><span class='ocrx_word' id='word_1_688' title='bbox 299 4028 450 4066; x_wconf 90' lang='lat' dir='ltr'><strong>num.</strong></span> 
     </span>
    </p>
   </div>
   <div class='ocr_carea' id='block_1_97' title="bbox 258 4027 1590 4170">
    <p class='ocr_par' dir='ltr' id='par_1_97' title="bbox 258 4027 1590 4170">
     <span class='ocr_line' id='line_1_98' title="bbox 299 4028 450 4066; baseline 0 0"><span class='ocrx_word' id='word_1_689' title='bbox 299 4028 450 4066; x_wconf 91' lang='lat' dir='ltr'><strong>num.</strong></span> 
     </span>
     <span class='ocr_line' id='line_1_99' title="bbox 258 4027 1590 4170; baseline -0.01 -15"><span class='ocrx_word' id='word_1_690' title='bbox 258 4027 294 4082; x_wconf 55' lang='grc' dir='ltr'><strong><em>Β</em></strong></span> <span class='ocrx_word' id='word_1_691' title='bbox 330 4100 708 4170; x_wconf 88' lang='lat' dir='ltr'><strong>lnterpretatio</strong></span> <span class='ocrx_word' id='word_1_692' title='bbox 747 4097 938 4152; x_wconf 89' lang='lat' dir='ltr'><strong>Latina</strong></span> <span class='ocrx_word' id='word_1_693' title='bbox 961 4103 1045 4151; x_wconf 89' lang='lat' dir='ltr'><strong>est</strong></span> <span class='ocrx_word' id='word_1_694' title='bbox 1070 4093 1364 4150; x_wconf 85' lang='lat' dir='ltr'><strong>Frontonis</strong></span> <span class='ocrx_word' id='word_1_695' title='bbox 1391 4089 1590 4144; x_wconf 71' lang='lat' dir='ltr'><strong>Dueaei.</strong></span> 
     </span>
    </p>
   </div>
   <div class='ocr_carea' id='block_1_98' title="bbox 232 4214 2746 4240">
    <p class='ocr_par' dir='ltr' id='par_1_98' title="bbox 232 4214 2746 4240">
     <span class='ocr_line' id='line_1_100' title="bbox 232 4214 2746 4240; baseline -0.002 -2"><span class='ocrx_word' id='word_1_696' title='bbox 232 4214 2746 4240; x_wconf 56' lang='lat' dir='ltr'><strong>h———————-—-——-————————-—-——-——-’—-——</strong></span> 
     </span>
    </p>
   </div>
   <div class='ocr_carea' id='block_1_99' title="bbox 1441 4345 2331 4421">
    <p class='ocr_par' dir='ltr' id='par_1_99' title="bbox 1441 4345 2331 4421">
     <span class='ocr_line' id='line_1_101' title="bbox 1441 4345 2331 4421; baseline -0.004 -1"><span class='ocrx_word' id='word_1_697' title='bbox 1441 4349 1921 4421; x_wconf 86' lang='lat' dir='ltr'><strong>EJUSDEM</strong></span> <span class='ocrx_word' id='word_1_698' title='bbox 1968 4345 2331 4421; x_wconf 84' lang='lat' dir='ltr'><strong>SERMO</strong></span> 
     </span>
    </p>
   </div>
   <div class='ocr_carea' id='block_1_100' title="bbox 421 4507 3403 4578">
    <p class='ocr_par' dir='ltr' id='par_1_100' title="bbox 421 4507 3403 4578">
     <span class='ocr_line' id='line_1_102' title="bbox 421 4507 3403 4578; baseline -0.004 -18"><span class='ocrx_word' id='word_1_699' title='bbox 421 4520 503 4560; x_wconf 76' lang='lat' dir='ltr'><strong>DE</strong></span> <span class='ocrx_word' id='word_1_700' title='bbox 555 4520 676 4565; x_wconf 80' lang='lat' dir='ltr'><strong>IIOC</strong></span> <span class='ocrx_word' id='word_1_701' title='bbox 721 4522 1130 4578; x_wconf 68' lang='lat' dir='ltr'><strong>ABGUMENTO,</strong></span> <span class='ocrx_word' id='word_1_702' title='bbox 1163 4520 1382 4565; x_wconf 71' lang='lat' dir='ltr'><strong>BONUM</strong></span> <span class='ocrx_word' id='word_1_703' title='bbox 1424 4519 1678 4563; x_wconf 74' lang='lat' dir='ltr'><strong>CHRISTI</strong></span> <span class='ocrx_word' id='word_1_704' title='bbox 1721 4517 2103 4560; x_wconf 74' lang='lat' dir='ltr'><strong>DISCIPULUM</strong></span> <span class='ocrx_word' id='word_1_705' title='bbox 2147 4516 2477 4559; x_wconf 68' lang='lat' dir='ltr'><strong>BENIGNUM</strong></span> <span class='ocrx_word' id='word_1_706' title='bbox 2521 4513 2686 4570; x_wconf 73' lang='lat' dir='ltr'><strong>ESSE,</strong></span> <span class='ocrx_word' id='word_1_707' title='bbox 2731 4512 2942 4564; x_wconf 75' lang='lat' dir='ltr'><strong>NEQUE</strong></span> <span class='ocrx_word' id='word_1_708' title='bbox 2985 4509 3132 4554; x_wconf 78' lang='lat' dir='ltr'><strong>Cl&#39;l‘O</strong></span> <span class='ocrx_word' id='word_1_709' title='bbox 3174 4507 3403 4552; x_wconf 73' lang='grc' dir='ltr'>ιιιΑεει.</span> 
     </span>
    </p>
   </div>
   <div class='ocr_carea' id='block_1_101' title="bbox 1759 4641 2074 4698">
    <p class='ocr_par' dir='ltr' id='par_1_101' title="bbox 1759 4641 2074 4698">
     <span class='ocr_line' id='line_1_103' title="bbox 1759 4641 2074 4698; baseline 0.003 -2"><span class='ocrx_word' id='word_1_710' title='bbox 1759 4641 2074 4698; x_wconf 55' lang='lat' dir='ltr'><strong>eamme</strong></span> 
     </span>
    </p>
   </div>
   <div class='ocr_carea' id='block_1_102' title="bbox 333 4780 1836 4852">
    <p class='ocr_par' dir='ltr' id='par_1_102' title="bbox 333 4780 1836 4852">
     <span class='ocr_line' id='line_1_104' title="bbox 333 4780 1836 4852; baseline 0.001 -18"><span class='ocrx_word' id='word_1_711' title='bbox 333 4780 388 4835; x_wconf 92' lang='lat' dir='ltr'><strong>In</strong></span> <span class='ocrx_word' id='word_1_712' title='bbox 424 4781 722 4852; x_wconf 85' lang='lat' dir='ltr'><strong>Evangeliis</strong></span> <span class='ocrx_word' id='word_1_713' title='bbox 765 4783 921 4838; x_wconf 87' lang='lat' dir='ltr'><strong>docet</strong></span> <span class='ocrx_word' id='word_1_714' title='bbox 967 4799 1063 4837; x_wconf 84' lang='lat' dir='ltr'><strong>nos</strong></span> <span class='ocrx_word' id='word_1_715' title='bbox 1096 4784 1302 4837; x_wconf 88' lang='lat' dir='ltr'><strong>Domini</strong></span> <span class='ocrx_word' id='word_1_716' title='bbox 1344 4781 1522 4836; x_wconf 89' lang='lat' dir='ltr'><strong>divina</strong></span> <span class='ocrx_word' id='word_1_717' title='bbox 1566 4796 1836 4852; x_wconf 16' lang='lat' dir='ltr'><strong>vox,tqu:e</strong></span> 
     </span>
    </p>
   </div>
   <div class='ocr_carea' id='block_1_103' title="bbox 258 4850 1838 4919">
    <p class='ocr_par' dir='ltr' id='par_1_103' title="bbox 258 4850 1838 4919">
     <span class='ocr_line' id='line_1_105' title="bbox 258 4850 1838 4919; baseline 0.002 -17"><span class='ocrx_word' id='word_1_718' title='bbox 258 4850 428 4919; x_wconf 75' lang='lat' dir='ltr'><strong>legem</strong></span> <span class='ocrx_word' id='word_1_719' title='bbox 459 4850 736 4919; x_wconf 84' lang='lat' dir='ltr'><strong>adimplet,</strong></span> <span class='ocrx_word' id='word_1_720' title='bbox 770 4870 873 4906; x_wconf 92' lang='lat' dir='ltr'><strong>non</strong></span> <span class='ocrx_word' id='word_1_721' title='bbox 904 4854 1148 4915; x_wconf 88' lang='lat' dir='ltr'><strong>destruit,</strong></span> <span class='ocrx_word' id='word_1_722' title='bbox 1192 4862 1251 4907; x_wconf 92' lang='lat' dir='ltr'><strong>ut</strong></span> <span class='ocrx_word' id='word_1_723' title='bbox 1277 4869 1343 4907; x_wconf 92' lang='lat' dir='ltr'><strong>ne</strong></span> <span class='ocrx_word' id='word_1_724' title='bbox 1370 4854 1660 4907; x_wconf 88' lang='lat' dir='ltr'><strong>irascamur</strong></span> <span class='ocrx_word' id='word_1_725' title='bbox 1691 4851 1838 4905; x_wconf 83' lang='lat' dir='ltr'><strong>fratri</strong></span> 
     </span>
    </p>
   </div>
   <div class='ocr_carea' id='block_1_104' title="bbox 259 4892 1840 4991">
    <p class='ocr_par' dir='ltr' id='par_1_104' title="bbox 259 4892 1840 4991">
     <span class='ocr_line' id='line_1_106' title="bbox 259 4892 1840 4991; baseline 0.003 -21"><span class='ocrx_word' id='word_1_726' title='bbox 259 4892 1840 4991; x_wconf 58' lang='grc' dir='ltr'><strong>ὶζιῖἧὲἓὶιῗῖὲς’.”ὲἹ“ῖε”εἱίἱὲἰο“Ξῦὶὶἰίὲἕιῖιὲὀἱῖέιιᾍὶὶῖξέἰὲἱὲὶίι,ζίἐῦἷί</strong></span> 
     </span>
    </p>
   </div>
   <div class='ocr_carea' id='block_1_105' title="bbox 259 4990 1842 5063">
    <p class='ocr_par' dir='ltr' id='par_1_105' title="bbox 259 4990 1842 5063">
     <span class='ocr_line' id='line_1_107' title="bbox 259 4990 1842 5063; baseline 0.001 -20"><span class='ocrx_word' id='word_1_727' title='bbox 259 4991 408 5057; x_wconf 92' lang='lat' dir='ltr'><strong>illud,</strong></span> <span class='ocrx_word' id='word_1_728' title='bbox 449 4990 564 5044; x_wconf 83' lang='lat' dir='ltr'><strong>Non</strong></span> <span class='ocrx_word' id='word_1_729' title='bbox 607 4990 823 5057; x_wconf 73' lang='lat' dir='ltr'><strong>cecides,</strong></span> <span class='ocrx_word' id='word_1_730' title='bbox 855 4995 1023 5063; x_wconf 91' lang='lat' dir='ltr'><strong>ipsam</strong></span> <span class='ocrx_word' id='word_1_731' title='bbox 1075 4993 1340 5046; x_wconf 91' lang='lat' dir='ltr'><strong>homicidii</strong></span> <span class='ocrx_word' id='word_1_732' title='bbox 1372 4993 1602 5046; x_wconf 85' lang='lat' dir='ltr'><strong>radicem</strong></span> <span class='ocrx_word' id='word_1_733' title='bbox 1651 4991 1842 5045; x_wconf 75' lang='lat' dir='ltr'><strong>exstir-</strong></span> 
     </span>
    </p>
   </div>
   <div class='ocr_carea' id='block_1_106' title="bbox 262 5063 1839 5132">
    <p class='ocr_par' dir='ltr' id='par_1_106' title="bbox 262 5063 1839 5132">
     <span class='ocr_line' id='line_1_108' title="bbox 262 5063 1839 5132; baseline 0.004 -23"><span class='ocrx_word' id='word_1_734' title='bbox 262 5075 412 5128; x_wconf 87' lang='lat' dir='ltr'><strong>pans,</strong></span> <span class='ocrx_word' id='word_1_735' title='bbox 460 5071 512 5117; x_wconf 85' lang='lat' dir='ltr'><strong>ct</strong></span> <span class='ocrx_word' id='word_1_736' title='bbox 540 5063 758 5118; x_wconf 78' lang='lat' dir='ltr'><strong>interius</strong></span> <span class='ocrx_word' id='word_1_737' title='bbox 780 5079 874 5117; x_wconf 88' lang='lat' dir='ltr'><strong>cor</strong></span> <span class='ocrx_word' id='word_1_738' title='bbox 900 5079 1218 5132; x_wconf 81' lang='lat' dir='ltr'><strong>expurgatis,</strong></span> <span class='ocrx_word' id='word_1_739' title='bbox 1256 5079 1362 5118; x_wconf 91' lang='lat' dir='ltr'><strong>non</strong></span> <span class='ocrx_word' id='word_1_740' title='bbox 1392 5077 1579 5116; x_wconf 86' lang='lat' dir='ltr'><strong>manus</strong></span> <span class='ocrx_word' id='word_1_741' title='bbox 1604 5063 1839 5116; x_wconf 80' lang='lat' dir='ltr'><strong>exterius</strong></span> 
     </span>
    </p>
   </div>
   <div class='ocr_carea' id='block_1_107' title="bbox 260 5132 1839 5202">
    <p class='ocr_par' dir='ltr' id='par_1_107' title="bbox 260 5132 1839 5202">
     <span class='ocr_line' id='line_1_109' title="bbox 260 5132 1839 5202; baseline 0.002 -22"><span class='ocrx_word' id='word_1_742' title='bbox 260 5139 484 5184; x_wconf 85' lang='lat' dir='ltr'><strong>tantum.</strong></span> <span class='ocrx_word' id='word_1_743' title='bbox 519 5134 725 5186; x_wconf 82' lang='lat' dir='ltr'><strong>Etenim</strong></span> <span class='ocrx_word' id='word_1_744' title='bbox 763 5149 976 5202; x_wconf 73' lang='lat' dir='ltr'><strong>pmnam</strong></span> <span class='ocrx_word' id='word_1_745' title='bbox 1005 5135 1314 5202; x_wconf 91' lang='lat' dir='ltr'><strong>proposuit,</strong></span> <span class='ocrx_word' id='word_1_746' title='bbox 1347 5147 1450 5186; x_wconf 92' lang='lat' dir='ltr'><strong>non</strong></span> <span class='ocrx_word' id='word_1_747' title='bbox 1479 5132 1689 5202; x_wconf 88' lang='lat' dir='ltr'><strong>quidem</strong></span> <span class='ocrx_word' id='word_1_748' title='bbox 1720 5142 1839 5202; x_wconf 87' lang='lat' dir='ltr'><strong>tan-</strong></span> 
     </span>
    </p>
   </div>
   <div class='ocr_carea' id='block_1_108' title="bbox 259 5201 1841 5272">
    <p class='ocr_par' dir='ltr' id='par_1_108' title="bbox 259 5201 1841 5272">
     <span class='ocr_line' id='line_1_110' title="bbox 259 5201 1841 5272; baseline 0.001 -20"><span class='ocrx_word' id='word_1_749' title='bbox 259 5210 387 5264; x_wconf 90' lang='lat' dir='ltr'><strong>tam,</strong></span> <span class='ocrx_word' id='word_1_750' title='bbox 415 5212 666 5272; x_wconf 86' lang='lat' dir='ltr'><strong>quantam</strong></span> <span class='ocrx_word' id='word_1_751' title='bbox 700 5201 806 5268; x_wconf 63' lang='lat' dir='ltr'><strong>lci,</strong></span> <span class='ocrx_word' id='word_1_752' title='bbox 839 5219 870 5258; x_wconf 91' lang='lat' dir='ltr'><strong>e</strong></span> <span class='ocrx_word' id='word_1_753' title='bbox 893 5201 1114 5272; x_wconf 85' lang='lat' dir='ltr'><strong>vestigio</strong></span> <span class='ocrx_word' id='word_1_754' title='bbox 1141 5201 1614 5272; x_wconf 32' lang='lat' dir='ltr'><strong>prementem,’sed</strong></span> <span class='ocrx_word' id='word_1_755' title='bbox 1640 5201 1841 5271; x_wconf 88' lang='lat' dir='ltr'><strong>judicio</strong></span> 
     </span>
    </p>
   </div>
   <div class='ocr_carea' id='block_1_109' title="bbox 258 5271 1842 5342">
    <p class='ocr_par' dir='ltr' id='par_1_109' title="bbox 258 5271 1842 5342">
     <span class='ocr_line' id='line_1_111' title="bbox 258 5271 1842 5342; baseline 0.001 -19"><span class='ocrx_word' id='word_1_756' title='bbox 258 5271 623 5340; x_wconf 77' lang='lat' dir='ltr'><strong>statuendam,</strong></span> <span class='ocrx_word' id='word_1_757' title='bbox 646 5272 830 5326; x_wconf 83' lang='lat' dir='ltr'><strong>dicens</strong></span> <span class='ocrx_word' id='word_1_758' title='bbox 865 5293 877 5327; x_wconf 88' lang='lat'><strong>:</strong></span> <span class='ocrx_word' id='word_1_759' title='bbox 915 5275 1012 5339; x_wconf 87' lang='lat' dir='ltr'><strong>Qui</strong></span> <span class='ocrx_word' id='word_1_760' title='bbox 1036 5271 1174 5327; x_wconf 72' lang='lat' dir='ltr'><strong>enim</strong></span> <span class='ocrx_word' id='word_1_761' title='bbox 1189 5275 1422 5326; x_wconf 77' lang='lat' dir='ltr'><strong>irascitur</strong></span> <span class='ocrx_word' id='word_1_762' title='bbox 1450 5273 1598 5342; x_wconf 81' lang='lat' dir='ltr'><strong>fratri</strong></span> <span class='ocrx_word' id='word_1_763' title='bbox 1619 5288 1711 5324; x_wconf 86' lang='lat' dir='ltr'><strong>suo</strong></span> <span class='ocrx_word' id='word_1_764' title='bbox 1734 5272 1842 5325; x_wconf 82' lang='lat' dir='ltr'><strong>sine</strong></span> 
     </span>
    </p>
   </div>
   <div class='ocr_carea' id='block_1_110' title="bbox 257 5343 1843 5413">
    <p class='ocr_par' dir='ltr' id='par_1_110' title="bbox 257 5343 1843 5413">
     <span class='ocr_line' id='line_1_112' title="bbox 257 5343 1843 5413; baseline 0.004 -23"><span class='ocrx_word' id='word_1_765' title='bbox 257 5355 430 5413; x_wconf 68' lang='lat' dir='ltr'><strong>causa,</strong></span> <span class='ocrx_word' id='word_1_766' title='bbox 473 5358 590 5396; x_wconf 75' lang='lat' dir='ltr'><strong>reus</strong></span> <span class='ocrx_word' id='word_1_767' title='bbox 625 5343 718 5413; x_wconf 78' lang='lat' dir='ltr'><strong>erit</strong></span> <span class='ocrx_word' id='word_1_768' title='bbox 744 5343 947 5412; x_wconf 85' lang='lat' dir='ltr'><strong>judicio</strong></span> <span class='ocrx_word' id='word_1_769' title='bbox 973 5343 1075 5412; x_wconf 86' lang='lat' dir='ltr'><strong>(Ib.</strong></span> <span class='ocrx_word' id='word_1_770' title='bbox 1102 5361 1148 5397; x_wconf 81' lang='grc' dir='ltr'>ιι.</span> <span class='ocrx_word' id='word_1_771' title='bbox 1180 5344 1297 5413; x_wconf 72' lang='lat'><strong>25):</strong></span> <span class='ocrx_word' id='word_1_772' title='bbox 1332 5358 1436 5397; x_wconf 91' lang='lat' dir='ltr'><strong>non</strong></span> <span class='ocrx_word' id='word_1_773' title='bbox 1470 5344 1610 5396; x_wconf 87' lang='lat' dir='ltr'><strong>enim</strong></span> <span class='ocrx_word' id='word_1_774' title='bbox 1637 5343 1843 5413; x_wconf 85' lang='lat' dir='ltr'><strong>celeres</strong></span> 
     </span>
    </p>
   </div>
   <div class='ocr_carea' id='block_1_111' title="bbox 259 5407 1840 5482">
    <p class='ocr_par' dir='ltr' id='par_1_111' title="bbox 259 5407 1840 5482">
     <span class='ocr_line' id='line_1_113' title="bbox 259 5407 1840 5482; baseline 0.004 -22"><span class='ocrx_word' id='word_1_775' title='bbox 259 5407 570 5477; x_wconf 84' lang='lat' dir='ltr'><strong>intliguntur</strong></span> <span class='ocrx_word' id='word_1_776' title='bbox 603 5429 630 5466; x_wconf 88' lang='lat' dir='ltr'><strong>a</strong></span> <span class='ocrx_word' id='word_1_777' title='bbox 658 5407 872 5467; x_wconf 75' lang='lat' dir='ltr'><strong>Christo</strong></span> <span class='ocrx_word' id='word_1_778' title='bbox 909 5407 1101 5481; x_wconf 67' lang='lat' dir='ltr'><strong>meum,</strong></span> <span class='ocrx_word' id='word_1_779' title='bbox 1132 5407 1268 5468; x_wconf 81' lang='lat' dir='ltr'><strong>sicut</strong></span> <span class='ocrx_word' id='word_1_780' title='bbox 1296 5414 1348 5467; x_wconf 91' lang='lat' dir='ltr'><strong>in</strong></span> <span class='ocrx_word' id='word_1_781' title='bbox 1387 5414 1524 5482; x_wconf 88' lang='lat' dir='ltr'><strong>lege,</strong></span> <span class='ocrx_word' id='word_1_782' title='bbox 1556 5412 1650 5466; x_wconf 90' lang='lat' dir='ltr'><strong>sed</strong></span> <span class='ocrx_word' id='word_1_783' title='bbox 1677 5412 1840 5466; x_wconf 85' lang='lat' dir='ltr'><strong>multa</strong></span> 
     </span>
    </p>
   </div>
   <div class='ocr_carea' id='block_1_112' title="bbox 257 5483 1842 5553">
    <p class='ocr_par' dir='ltr' id='par_1_112' title="bbox 257 5483 1842 5553">
     <span class='ocr_line' id='line_1_114' title="bbox 257 5483 1842 5553; baseline 0.003 -22"><span class='ocrx_word' id='word_1_784' title='bbox 257 5487 344 5553; x_wconf 72' lang='lat' dir='ltr'><strong>est</strong></span> <span class='ocrx_word' id='word_1_785' title='bbox 371 5483 779 5536; x_wconf 86' lang='lat' dir='ltr'><strong>retrihutionum</strong></span> <span class='ocrx_word' id='word_1_786' title='bbox 803 5498 871 5538; x_wconf 69' lang='lat' dir='ltr'><strong>ex</strong></span> <span class='ocrx_word' id='word_1_787' title='bbox 889 5499 1042 5553; x_wconf 40' lang='lat' dir='ltr'><strong>atquo</strong></span> <span class='ocrx_word' id='word_1_788' title='bbox 1070 5484 1254 5537; x_wconf 88' lang='lat' dir='ltr'><strong>dilatio</strong></span> <span class='ocrx_word' id='word_1_789' title='bbox 1282 5501 1295 5536; x_wconf 93' lang='lat'><strong>:</strong></span> <span class='ocrx_word' id='word_1_790' title='bbox 1326 5493 1580 5538; x_wconf 67' lang='lat' dir='ltr'><strong>(ueterum</strong></span> <span class='ocrx_word' id='word_1_791' title='bbox 1603 5491 1842 5536; x_wconf 82' lang='lat' dir='ltr'><strong>tremen-</strong></span> 
     </span>
    </p>
   </div>
   <div class='ocr_carea' id='block_1_113' title="bbox 257 5547 1325 5622">
    <p class='ocr_par' dir='ltr' id='par_1_113' title="bbox 257 5547 1325 5622">
     <span class='ocr_line' id='line_1_115' title="bbox 257 5547 1325 5622; baseline 0.003 -19"><span class='ocrx_word' id='word_1_792' title='bbox 257 5547 384 5622; x_wconf 84' lang='lat' dir='ltr'><strong>dum</strong></span> <span class='ocrx_word' id='word_1_793' title='bbox 411 5553 758 5622; x_wconf 89' lang='lat' dir='ltr'><strong>consequitur</strong></span> <span class='ocrx_word' id='word_1_794' title='bbox 775 5547 967 5606; x_wconf 77' lang='lat' dir='ltr'><strong>exinde</strong></span> <span class='ocrx_word' id='word_1_795' title='bbox 988 5555 1325 5622; x_wconf 87' lang='lat' dir='ltr'><strong>supplicium.</strong></span> 
     </span>
    </p>
   </div>
   <div class='ocr_carea' id='block_1_114' title="bbox 337 5619 1843 5693">
    <p class='ocr_par' dir='ltr' id='par_1_114' title="bbox 337 5619 1843 5693">
     <span class='ocr_line' id='line_1_116' title="bbox 337 5619 1843 5693; baseline 0.005 -24"><span class='ocrx_word' id='word_1_796' title='bbox 337 5619 430 5693; x_wconf 73' lang='lat' dir='ltr'><strong>Dei</strong></span> <span class='ocrx_word' id='word_1_797' title='bbox 457 5619 830 5693; x_wconf 65' lang='lat' dir='ltr'><strong>longanimitas.</strong></span> <span class='ocrx_word' id='word_1_798' title='bbox 863 5652 936 5662; x_wconf 94' lang='lat'><strong><em>—</em></strong></span> <span class='ocrx_word' id='word_1_799' title='bbox 954 5619 1410 5693; x_wconf 83' lang='lat' dir='ltr'><strong>Quemadmodum</strong></span> <span class='ocrx_word' id='word_1_800' title='bbox 1438 5623 1636 5693; x_wconf 87' lang='lat' dir='ltr'><strong>majora</strong></span> <span class='ocrx_word' id='word_1_801' title='bbox 1671 5622 1843 5689; x_wconf 88' lang='lat' dir='ltr'><strong>impe-</strong></span> 
     </span>
    </p>
   </div>
   <div class='ocr_carea' id='block_1_115' title="bbox 259 5691 1839 5764">
    <p class='ocr_par' dir='ltr' id='par_1_115' title="bbox 259 5691 1839 5764">
     <span class='ocr_line' id='line_1_117' title="bbox 259 5691 1839 5764; baseline 0.003 -23"><span class='ocrx_word' id='word_1_802' title='bbox 259 5701 363 5752; x_wconf 82' lang='lat' dir='ltr'><strong>rat,</strong></span> <span class='ocrx_word' id='word_1_803' title='bbox 392 5692 468 5746; x_wconf 85' lang='lat' dir='ltr'><strong>sic</strong></span> <span class='ocrx_word' id='word_1_804' title='bbox 497 5691 555 5746; x_wconf 86' lang='lat' dir='ltr'><strong>et</strong></span> <span class='ocrx_word' id='word_1_805' title='bbox 589 5691 757 5761; x_wconf 89' lang='lat' dir='ltr'><strong>major</strong></span> <span class='ocrx_word' id='word_1_806' title='bbox 813 5700 895 5748; x_wconf 89' lang='lat' dir='ltr'><strong>est</strong></span> <span class='ocrx_word' id='word_1_807' title='bbox 939 5692 1057 5762; x_wconf 89' lang='lat' dir='ltr'><strong>ejus</strong></span> <span class='ocrx_word' id='word_1_808' title='bbox 1101 5693 1473 5764; x_wconf 86' lang='lat' dir='ltr'><strong>longanimitas</strong></span> <span class='ocrx_word' id='word_1_809' title='bbox 1496 5691 1533 5759; x_wconf 57' lang='lat'><strong>,&#39;</strong></span> <span class='ocrx_word' id='word_1_810' title='bbox 1557 5693 1839 5764; x_wconf 87' lang='lat' dir='ltr'><strong>cordisque</strong></span> 
     </span>
    </p>
   </div>
   <div class='ocr_carea' id='block_1_116' title="bbox 1947 4773 3518 4848">
    <p class='ocr_par' dir='ltr' id='par_1_116' title="bbox 1947 4773 3518 4848">
     <span class='ocr_line' id='line_1_118' title="bbox 1947 4773 3518 4848; baseline -0.006 -13"><span class='ocrx_word' id='word_1_811' title='bbox 1947 4779 2260 4835; x_wconf 88' lang='lat' dir='ltr'><strong>munditiam</strong></span> <span class='ocrx_word' id='word_1_812' title='bbox 2302 4779 2545 4848; x_wconf 90' lang='lat' dir='ltr'><strong>requirit,</strong></span> <span class='ocrx_word' id='word_1_813' title='bbox 2584 4792 2741 4847; x_wconf 89' lang='lat' dir='ltr'><strong>quam</strong></span> <span class='ocrx_word' id='word_1_814' title='bbox 2771 4792 2876 4830; x_wconf 93' lang='lat' dir='ltr'><strong>non</strong></span> <span class='ocrx_word' id='word_1_815' title='bbox 2917 4776 3016 4830; x_wconf 87' lang='lat' dir='ltr'><strong>nisi</strong></span> <span class='ocrx_word' id='word_1_816' title='bbox 3048 4791 3167 4848; x_wconf 89' lang='lat' dir='ltr'><strong>cum</strong></span> <span class='ocrx_word' id='word_1_817' title='bbox 3207 4773 3518 4848; x_wconf 70' lang='lat' dir='ltr'><strong>difﬁcultate</strong></span> 
     </span>
    </p>
   </div>
   <div class='ocr_carea' id='block_1_117' title="bbox 1945 4844 3523 4920">
    <p class='ocr_par' dir='ltr' id='par_1_117' title="bbox 1945 4844 3523 4920">
     <span class='ocr_line' id='line_1_119' title="bbox 1945 4844 3523 4920; baseline -0.004 -18"><span class='ocrx_word' id='word_1_818' title='bbox 1945 4852 2064 4920; x_wconf 91' lang='lat' dir='ltr'><strong>quis</strong></span> <span class='ocrx_word' id='word_1_819' title='bbox 2103 4850 2203 4904; x_wconf 91' lang='lat' dir='ltr'><strong>sibi</strong></span> <span class='ocrx_word' id='word_1_820' title='bbox 2249 4844 2492 4918; x_wconf 87' lang='lat' dir='ltr'><strong>acquirit.</strong></span> <span class='ocrx_word' id='word_1_821' title='bbox 2523 4844 3115 4920; x_wconf 16' lang='lat' dir='ltr'><strong>Quamobremtlieettin</strong></span> <span class='ocrx_word' id='word_1_822' title='bbox 3145 4847 3277 4900; x_wconf 88' lang='lat' dir='ltr'><strong>iram</strong></span> <span class='ocrx_word' id='word_1_823' title='bbox 3291 4844 3523 4920; x_wconf 67' lang='lat' dir='ltr'><strong>induca-</strong></span> 
     </span>
    </p>
   </div>
   <div class='ocr_carea' id='block_1_118' title="bbox 1946 4917 3529 4988">
    <p class='ocr_par' dir='ltr' id='par_1_118' title="bbox 1946 4917 3529 4988">
     <span class='ocr_line' id='line_1_120' title="bbox 1946 4917 3529 4988; baseline -0.004 -13"><span class='ocrx_word' id='word_1_824' title='bbox 1946 4917 2086 4984; x_wconf 82' lang='lat' dir='ltr'><strong>mur,</strong></span> <span class='ocrx_word' id='word_1_825' title='bbox 2114 4935 2218 4973; x_wconf 93' lang='lat' dir='ltr'><strong>non</strong></span> <span class='ocrx_word' id='word_1_826' title='bbox 2251 4935 2282 4972; x_wconf 92' lang='lat' dir='ltr'><strong>e</strong></span> <span class='ocrx_word' id='word_1_827' title='bbox 2299 4917 2518 4987; x_wconf 86' lang='lat' dir='ltr'><strong>vestigio</strong></span> <span class='ocrx_word' id='word_1_828' title='bbox 2536 4918 2688 4988; x_wconf 87' lang='lat' dir='ltr'><strong>punit</strong></span> <span class='ocrx_word' id='word_1_829' title='bbox 2715 4917 2792 4988; x_wconf 86' lang='lat' dir='ltr'><strong>:si</strong></span> <span class='ocrx_word' id='word_1_830' title='bbox 2819 4919 2960 4971; x_wconf 90' lang='lat' dir='ltr'><strong>enim</strong></span> <span class='ocrx_word' id='word_1_831' title='bbox 2975 4918 3153 4970; x_wconf 87' lang='lat' dir='ltr'><strong>subito</strong></span> <span class='ocrx_word' id='word_1_832' title='bbox 3180 4917 3413 4986; x_wconf 89' lang='lat' dir='ltr'><strong>puniret,</strong></span> <span class='ocrx_word' id='word_1_833' title='bbox 3433 4927 3529 4983; x_wconf 78' lang='lat' dir='ltr'><strong>per</strong></span> 
     </span>
    </p>
   </div>
   <div class='ocr_carea' id='block_1_119' title="bbox 1949 4987 3529 5058">
    <p class='ocr_par' dir='ltr' id='par_1_119' title="bbox 1949 4987 3529 5058">
     <span class='ocr_line' id='line_1_121' title="bbox 1949 4987 3529 5058; baseline -0.002 -18"><span class='ocrx_word' id='word_1_834' title='bbox 1949 4990 2316 5058; x_wconf 76' lang='lat' dir='ltr'><strong>pmnitenliam</strong></span> <span class='ocrx_word' id='word_1_835' title='bbox 2357 4987 2566 5043; x_wconf 87' lang='lat' dir='ltr'><strong>resilire</strong></span> <span class='ocrx_word' id='word_1_836' title='bbox 2604 5003 2708 5041; x_wconf 91' lang='lat' dir='ltr'><strong>non</strong></span> <span class='ocrx_word' id='word_1_837' title='bbox 2750 4987 2970 5050; x_wconf 86' lang='lat' dir='ltr'><strong>liceret;</strong></span> <span class='ocrx_word' id='word_1_838' title='bbox 3001 4997 3280 5057; x_wconf 86' lang='lat' dir='ltr'><strong>propterea</strong></span> <span class='ocrx_word' id='word_1_839' title='bbox 3316 4998 3529 5058; x_wconf 50' lang='lat' dir='ltr'><strong>pinnam</strong></span> 
     </span>
    </p>
   </div>
   <div class='ocr_carea' id='block_1_120' title="bbox 1945 5055 3526 5126">
    <p class='ocr_par' dir='ltr' id='par_1_120' title="bbox 1945 5055 3526 5126">
     <span class='ocr_line' id='line_1_122' title="bbox 1945 5055 3526 5126; baseline -0.006 -13"><span class='ocrx_word' id='word_1_840' title='bbox 1945 5055 2142 5124; x_wconf 81' lang='lat' dir='ltr'><strong>differt,</strong></span> <span class='ocrx_word' id='word_1_841' title='bbox 2180 5069 2241 5113; x_wconf 93' lang='lat' dir='ltr'><strong>ut</strong></span> <span class='ocrx_word' id='word_1_842' title='bbox 2280 5059 2434 5114; x_wconf 92' lang='lat' dir='ltr'><strong>nobis</strong></span> <span class='ocrx_word' id='word_1_843' title='bbox 2457 5069 2666 5126; x_wconf 91' lang='lat' dir='ltr'><strong>tempus</strong></span> <span class='ocrx_word' id='word_1_844' title='bbox 2702 5059 2768 5111; x_wconf 91' lang='lat' dir='ltr'><strong>ad</strong></span> <span class='ocrx_word' id='word_1_845' title='bbox 2794 5055 3157 5124; x_wconf 64' lang='lat' dir='ltr'><strong>paenitentiam</strong></span> <span class='ocrx_word' id='word_1_846' title='bbox 3188 5055 3526 5113; x_wconf 87' lang='lat' dir='ltr'><strong>concedatur,</strong></span> 
     </span>
    </p>
   </div>
   <div class='ocr_carea' id='block_1_121' title="bbox 1945 5127 3524 5200">
    <p class='ocr_par' dir='ltr' id='par_1_121' title="bbox 1945 5127 3524 5200">
     <span class='ocr_line' id='line_1_123' title="bbox 1945 5127 3524 5200; baseline -0.007 -16"><span class='ocrx_word' id='word_1_847' title='bbox 1945 5139 2004 5184; x_wconf 92' lang='grc' dir='ltr'><strong>ιιι</strong></span> <span class='ocrx_word' id='word_1_848' title='bbox 2027 5131 2116 5200; x_wconf 93' lang='lat' dir='ltr'><strong>qui</strong></span> <span class='ocrx_word' id='word_1_849' title='bbox 2147 5129 2261 5184; x_wconf 91' lang='lat' dir='ltr'><strong>heri</strong></span> <span class='ocrx_word' id='word_1_850' title='bbox 2291 5128 2438 5200; x_wconf 81' lang='lat' dir='ltr'><strong>fratri</strong></span> <span class='ocrx_word' id='word_1_851' title='bbox 2469 5130 2635 5182; x_wconf 90' lang='lat' dir='ltr'><strong>iratus</strong></span> <span class='ocrx_word' id='word_1_852' title='bbox 2660 5137 2765 5200; x_wconf 76' lang='lat' dir='ltr'><strong>est,</strong></span> <span class='ocrx_word' id='word_1_853' title='bbox 2795 5128 2952 5182; x_wconf 90' lang='lat' dir='ltr'><strong>hodie</strong></span> <span class='ocrx_word' id='word_1_854' title='bbox 2991 5127 3357 5200; x_wconf 62' lang='lat' dir='ltr'><strong>paenitentiam</strong></span> <span class='ocrx_word' id='word_1_855' title='bbox 3385 5132 3524 5200; x_wconf 73' lang='lat' dir='ltr'><strong>agat,</strong></span> 
     </span>
    </p>
   </div>
   <div class='ocr_carea' id='block_1_122' title="bbox 1944 5193 3532 5269">
    <p class='ocr_par' dir='ltr' id='par_1_122' title="bbox 1944 5193 3532 5269">
     <span class='ocr_line' id='line_1_124' title="bbox 1944 5193 3532 5269; baseline -0.006 -15"><span class='ocrx_word' id='word_1_856' title='bbox 1944 5212 1998 5255; x_wconf 91' lang='lat' dir='ltr'><strong>et</strong></span> <span class='ocrx_word' id='word_1_857' title='bbox 2021 5193 2230 5269; x_wconf 80' lang='lat' dir='ltr'><strong>pactum</strong></span> <span class='ocrx_word' id='word_1_858' title='bbox 2255 5197 2518 5269; x_wconf 88' lang='lat' dir='ltr'><strong>quoddam</strong></span> <span class='ocrx_word' id='word_1_859' title='bbox 2545 5212 2728 5252; x_wconf 90' lang='lat' dir='ltr'><strong>secum</strong></span> <span class='ocrx_word' id='word_1_860' title='bbox 2755 5198 2917 5260; x_wconf 89' lang='lat' dir='ltr'><strong>ineat,</strong></span> <span class='ocrx_word' id='word_1_861' title='bbox 2941 5193 3014 5251; x_wconf 77' lang='lat' dir='ltr'><strong>uti</strong></span> <span class='ocrx_word' id='word_1_862' title='bbox 3045 5213 3111 5251; x_wconf 91' lang='lat' dir='ltr'><strong>ne</strong></span> <span class='ocrx_word' id='word_1_863' title='bbox 3136 5196 3283 5269; x_wconf 78' lang='lat' dir='ltr'><strong>fratri</strong></span> <span class='ocrx_word' id='word_1_864' title='bbox 3307 5193 3532 5269; x_wconf 69' lang='lat' dir='ltr'><strong>ampttus</strong></span> 
     </span>
    </p>
   </div>
   <div class='ocr_carea' id='block_1_123' title="bbox 1947 5261 3534 5342">
    <p class='ocr_par' dir='ltr' id='par_1_123' title="bbox 1947 5261 3534 5342">
     <span class='ocr_line' id='line_1_125' title="bbox 1947 5261 3534 5342; baseline -0.006 -18"><span class='ocrx_word' id='word_1_865' title='bbox 1947 5261 2229 5342; x_wconf 76' lang='lat' dir='ltr'><strong>irascatur,</strong></span> <span class='ocrx_word' id='word_1_866' title='bbox 2247 5261 2302 5342; x_wconf 66' lang='lat' dir='ltr'><strong>e&#39;t</strong></span> <span class='ocrx_word' id='word_1_867' title='bbox 2327 5269 2719 5342; x_wconf 81' lang='lat' dir='ltr'><strong>quadamtenus</strong></span> <span class='ocrx_word' id='word_1_868' title='bbox 2739 5269 2941 5322; x_wconf 89' lang='lat' dir='ltr'><strong>similes</strong></span> <span class='ocrx_word' id='word_1_869' title='bbox 2964 5269 3074 5322; x_wconf 88' lang='lat' dir='ltr'><strong>Deo</strong></span> <span class='ocrx_word' id='word_1_870' title='bbox 3103 5261 3534 5342; x_wconf 35' lang='lat' dir='ltr'><strong>reddamurlyos</strong></span> 
     </span>
    </p>
   </div>
   <div class='ocr_carea' id='block_1_124' title="bbox 1945 5332 3540 5408">
    <p class='ocr_par' dir='ltr' id='par_1_124' title="bbox 1945 5332 3540 5408">
     <span class='ocr_line' id='line_1_126' title="bbox 1945 5332 3540 5408; baseline -0.007 -13"><span class='ocrx_word' id='word_1_871' title='bbox 1945 5340 2089 5396; x_wconf 90' lang='lat' dir='ltr'><strong>enim</strong></span> <span class='ocrx_word' id='word_1_872' title='bbox 2120 5332 2317 5394; x_wconf 88' lang='lat' dir='ltr'><strong>sensim</strong></span> <span class='ocrx_word' id='word_1_873' title='bbox 2342 5332 2409 5391; x_wconf 78' lang='lat' dir='ltr'><strong>ab</strong></span> <span class='ocrx_word' id='word_1_874' title='bbox 2433 5339 2518 5402; x_wconf 88' lang='lat' dir='ltr'><strong>iis,</strong></span> <span class='ocrx_word' id='word_1_875' title='bbox 2533 5354 2653 5408; x_wconf 74' lang='lat' dir='ltr'><strong>qua:</strong></span> <span class='ocrx_word' id='word_1_876' title='bbox 2673 5339 2833 5392; x_wconf 89' lang='lat' dir='ltr'><strong>vitam</strong></span> <span class='ocrx_word' id='word_1_877' title='bbox 2855 5346 3089 5408; x_wconf 83' lang='lat' dir='ltr'><strong>nostram</strong></span> <span class='ocrx_word' id='word_1_878' title='bbox 3114 5351 3144 5388; x_wconf 87' lang='lat' dir='ltr'><strong>a</strong></span> <span class='ocrx_word' id='word_1_879' title='bbox 3160 5335 3250 5389; x_wconf 87' lang='lat' dir='ltr'><strong>Dei</strong></span> <span class='ocrx_word' id='word_1_880' title='bbox 3281 5332 3540 5386; x_wconf 80' lang='lat' dir='ltr'><strong>similitu-</strong></span> 
     </span>
    </p>
   </div>
   <div class='ocr_carea' id='block_1_125' title="bbox 1949 5406 3540 5474">
    <p class='ocr_par' dir='ltr' id='par_1_125' title="bbox 1949 5406 3540 5474">
     <span class='ocr_line' id='line_1_127' title="bbox 1949 5406 3540 5474; baseline -0.007 -11"><span class='ocrx_word' id='word_1_881' title='bbox 1949 5410 2074 5464; x_wconf 91' lang='lat' dir='ltr'><strong>dine</strong></span> <span class='ocrx_word' id='word_1_882' title='bbox 2119 5410 2352 5463; x_wconf 88' lang='lat' dir='ltr'><strong>alienant</strong></span> <span class='ocrx_word' id='word_1_883' title='bbox 2381 5450 2397 5474; x_wconf 93' lang='lat'><strong>,</strong></span> <span class='ocrx_word' id='word_1_884' title='bbox 2445 5406 2795 5473; x_wconf 81' lang='lat' dir='ltr'><strong>transmutat,</strong></span> <span class='ocrx_word' id='word_1_885' title='bbox 2857 5419 2911 5462; x_wconf 92' lang='lat' dir='ltr'><strong>et</strong></span> <span class='ocrx_word' id='word_1_886' title='bbox 2954 5407 3020 5461; x_wconf 89' lang='lat' dir='ltr'><strong>ad</strong></span> <span class='ocrx_word' id='word_1_887' title='bbox 3070 5406 3424 5470; x_wconf 87' lang='lat' dir='ltr'><strong>honestatem,</strong></span> <span class='ocrx_word' id='word_1_888' title='bbox 3473 5417 3540 5453; x_wconf 80' lang='lat' dir='ltr'><strong>ac</strong></span> 
     </span>
    </p>
   </div>
   <div class='ocr_carea' id='block_1_126' title="bbox 1948 5474 3535 5552">
    <p class='ocr_par' dir='ltr' id='par_1_126' title="bbox 1948 5474 3535 5552">
     <span class='ocr_line' id='line_1_128' title="bbox 1948 5474 3535 5552; baseline -0.004 -20"><span class='ocrx_word' id='word_1_889' title='bbox 1948 5479 2395 5548; x_wconf 89' lang='lat' dir='ltr'><strong>pulchritudinem</strong></span> <span class='ocrx_word' id='word_1_890' title='bbox 2432 5490 2638 5552; x_wconf 81' lang='lat' dir='ltr'><strong>natura:</strong></span> <span class='ocrx_word' id='word_1_891' title='bbox 2666 5479 3073 5552; x_wconf 79' lang='lat' dir='ltr'><strong>convenientem</strong></span> <span class='ocrx_word' id='word_1_892' title='bbox 3101 5484 3222 5545; x_wconf 89' lang='lat' dir='ltr'><strong>post</strong></span> <span class='ocrx_word' id='word_1_893' title='bbox 3256 5474 3398 5528; x_wconf 91' lang='lat' dir='ltr'><strong>hunc</strong></span> <span class='ocrx_word' id='word_1_894' title='bbox 3421 5481 3535 5552; x_wconf 68' lang='lat' dir='ltr'><strong>sta-</strong></span> 
     </span>
    </p>
   </div>
   <div class='ocr_carea' id='block_1_127' title="bbox 1949 5547 3531 5617">
    <p class='ocr_par' dir='ltr' id='par_1_127' title="bbox 1949 5547 3531 5617">
     <span class='ocr_line' id='line_1_129' title="bbox 1949 5547 3531 5617; baseline -0.007 -14"><span class='ocrx_word' id='word_1_895' title='bbox 1949 5547 2061 5604; x_wconf 87' lang='lat' dir='ltr'><strong>tum</strong></span> <span class='ocrx_word' id='word_1_896' title='bbox 2089 5551 2334 5605; x_wconf 85' lang='lat' dir='ltr'><strong>traducit.</strong></span> <span class='ocrx_word' id='word_1_897' title='bbox 2369 5550 2446 5604; x_wconf 78' lang='lat' dir='ltr'><strong>Ad</strong></span> <span class='ocrx_word' id='word_1_898' title='bbox 2474 5550 2524 5602; x_wconf 94' lang='lat' dir='ltr'><strong>id</strong></span> <span class='ocrx_word' id='word_1_899' title='bbox 2567 5564 2814 5616; x_wconf 87' lang='lat' dir='ltr'><strong>namque,</strong></span> <span class='ocrx_word' id='word_1_900' title='bbox 2844 5547 2986 5617; x_wconf 91' lang='lat' dir='ltr'><strong>quod</strong></span> <span class='ocrx_word' id='word_1_901' title='bbox 3014 5558 3227 5617; x_wconf 60' lang='lat' dir='ltr'><strong>naturas</strong></span> <span class='ocrx_word' id='word_1_902' title='bbox 3263 5547 3531 5606; x_wconf 80' lang='lat' dir='ltr'><strong>convenit,</strong></span> 
     </span>
    </p>
   </div>
   <div class='ocr_carea' id='block_1_128' title="bbox 1947 5615 3532 5693">
    <p class='ocr_par' dir='ltr' id='par_1_128' title="bbox 1947 5615 3532 5693">
     <span class='ocr_line' id='line_1_130' title="bbox 1947 5615 3532 5693; baseline -0.004 -19"><span class='ocrx_word' id='word_1_903' title='bbox 1947 5620 2264 5675; x_wconf 91' lang='lat' dir='ltr'><strong>deducimur</strong></span> <span class='ocrx_word' id='word_1_904' title='bbox 2290 5663 2304 5684; x_wconf 89' lang='lat'><strong>,</strong></span> <span class='ocrx_word' id='word_1_905' title='bbox 2336 5631 2390 5677; x_wconf 91' lang='lat' dir='ltr'><strong>et</strong></span> <span class='ocrx_word' id='word_1_906' title='bbox 2418 5620 2484 5693; x_wconf 72' lang='lat' dir='ltr'><strong>ad</strong></span> <span class='ocrx_word' id='word_1_907' title='bbox 2514 5619 2677 5693; x_wconf 86' lang='lat' dir='ltr'><strong>divini</strong></span> <span class='ocrx_word' id='word_1_908' title='bbox 2707 5615 2935 5693; x_wconf 80' lang='lat' dir='ltr'><strong>Spiritus</strong></span> <span class='ocrx_word' id='word_1_909' title='bbox 2961 5615 3393 5693; x_wconf 74' lang='lat' dir='ltr'><strong>communionem</strong></span> <span class='ocrx_word' id='word_1_910' title='bbox 3421 5651 3439 5691; x_wconf 53' lang='grc' dir='ltr'><em>ρ</em></span> <span class='ocrx_word' id='word_1_911' title='bbox 3467 5625 3532 5667; x_wconf 70' lang='lat' dir='ltr'><strong>ac</strong></span> 
     </span>
    </p>
   </div>
   <div class='ocr_carea' id='block_1_129' title="bbox 1950 5683 3530 5763">
    <p class='ocr_par' dir='ltr' id='par_1_129' title="bbox 1950 5683 3530 5763">
     <span class='ocr_line' id='line_1_131' title="bbox 1950 5683 3530 5763; baseline -0.004 -20"><span class='ocrx_word' id='word_1_912' title='bbox 1950 5707 2239 5763; x_wconf 85' lang='lat' dir='ltr'><strong>perennem</strong></span> <span class='ocrx_word' id='word_1_913' title='bbox 2273 5707 2397 5747; x_wconf 89' lang='lat' dir='ltr'><strong>cum</strong></span> <span class='ocrx_word' id='word_1_914' title='bbox 2428 5691 2537 5748; x_wconf 90' lang='lat' dir='ltr'><strong>Deo</strong></span> <span class='ocrx_word' id='word_1_915' title='bbox 2567 5683 2765 5757; x_wconf 68' lang='lat' dir='ltr'><strong>vitam,</strong></span> <span class='ocrx_word' id='word_1_916' title='bbox 2791 5689 2914 5744; x_wconf 86' lang='lat' dir='ltr'><strong>dum</strong></span> <span class='ocrx_word' id='word_1_917' title='bbox 2946 5687 3016 5744; x_wconf 90' lang='lat' dir='ltr'><strong>de</strong></span> <span class='ocrx_word' id='word_1_918' title='bbox 3039 5687 3102 5743; x_wconf 88' lang='lat' dir='ltr'><strong>iis</strong></span> <span class='ocrx_word' id='word_1_919' title='bbox 3129 5683 3530 5742; x_wconf 87' lang='lat' dir='ltr'><strong>rebus</strong></span> 
     </span>
    </p>
   </div>
  </div>
