3780 6226
317 265 444 325 to?!

319 402 456 440 mus.
491 385 841 440 Attendamus
896 385 1050 440 nobis
1080 385 1229 453 ipsis,
1271 400 1443 453 neque
1472 399 1534 438 ex
1589 392 1895 451 contemptu

322 471 455 522 opus
485 455 642 521 hujus
669 454 863 510 divina:
891 456 1250 510 similitudinis
1272 454 1610 510 destruamus
1631 495 1644 515 .
1668 468 1734 507 eo
1760 454 1900 522 quod

325 539 526 579 moram
557 525 715 579 faciat
740 526 922 581 venire
949 525 1202 580 Dominus
1249 543 1261 578 :
1294 541 1362 579 ne
1391 525 1532 578 inani
1575 538 1673 577 nos
1713 523 1901 576 fiducia

325 595 587 660 fallamus.
609 605 664 649 ut
697 596 904 650 Domini
930 607 1194 665 prmcepta
1223 595 1481 649 violemus
1500 634 1515 656 .
1549 609 1680 665 neve
1705 593 1900 665 despe—

325 676 505 720 rantes
535 666 673 719 istud
705 683 803 720 nos
830 664 1085 734 consequi
1111 664 1288 734 posse,
1337 664 1740 719 similitudinem
1766 703 1781 726 ,
1815 664 1899 734 in-

326 749 503 803 :ptam,
543 736 658 798 Dei.
693 748 961 791 certamen
988 733 1300 790 deseramus
1333 753 1346 788 :
1371 751 1558 790 verum
1585 734 1722 787 adsit
1751 733 1904 788 nobis

323 820 448 872 ~pes
485 815 704 874 propter
746 823 888 868 eum,
915 805 1006 875 qui
1031 806 1302 876 praecepit.
1344 813 1400 860 et
1427 806 1492 859 ad
1520 805 1570 858 id
1599 803 1905 876 quodprar-

325 885 535 942 ceptum
575 887 656 930 est
693 876 1114 945 exsequendum,
1142 875 1325 940 robur.
1359 876 1606 944 viresque
1637 875 1899 941 largitur:

324 955 659 1013 contemptus
703 955 903 1010 autem,
945 956 999 999 et
1043 947 1244 1000 incuria
1273 947 1432 1012 absit,
1461 945 1601 1014 quod
1631 945 1904 1013 graviores

328 1030 509 1082 pceuas
537 1017 607 1070 ob
634 1015 754 1084 ejus
781 1017 1234 1084 longanimitatem
1263 1026 1635 1085 exspectemus
1657 1031 1675 1068 :
1705 1023 1903 1082 quanto

326 1086 467 1139 enim
486 1095 765 1142 cunctatur
788 1087 986 1140 diutius
1004 1087 1340 1154 longanimis,
1365 1086 1790 1142 emendationem
1818 1100 1904 1138 re-

322 1156 564 1223 quirens,
599 1165 745 1212 tanto
771 1159 985 1226 gravius
1011 1157 1390 1226 indignabitur,
1423 1157 1467 1211 si
1514 1172 1617 1209 non
1647 1154 1904 1209 emende-

329 1241 469 1291 ntur,
497 1235 552 1280 et
579 1227 630 1281 in
658 1241 758 1280 nos
785 1236 843 1281 ut
870 1228 1152 1282 violatores
1175 1227 1359 1296 gratia:
1385 1242 1495 1281 sua:
1521 1226 1718 1280 acriter
1741 1227 1907 1293 impe-

327 1303 437 1349 tum
479 1295 654 1351 faciet.
701 1297 1122 1352 Coutcmnantur
1161 1295 1336 1352 autem
1374 1312 1404 1351 a
1433 1297 1582 1351 vobis
1617 1298 1792 1365 potius
1817 1311 1903 1350 res

330 1367 487 1433 hujus
507 1367 686 1421 saeculi
708 1383 916 1434 omnes,
939 1384 1095 1434 quam
1113 1367 1350 1422 divinum
1381 1367 1716 1421 mandatum:
1741 1367 1906 1420 multa

327 1437 591 1505 Siquidem
621 1447 761 1501 sunt,
791 1453 910 1506 qua:
950 1437 1100 1492 facile
1120 1437 1568 1492 excandescentes
1595 1437 1660 1490 ad
1692 1437 1901 1489 iracun-

327 1506 468 1559 diam
511 1507 806 1575 impellunt.
849 1508 948 1572 Qui
981 1524 1108 1562 vero
1143 1507 1402 1562 tremendi
1434 1508 1572 1576 regis
1599 1508 1904 1560 mandatum

331 1586 563 1638 veretur.
595 1594 660 1632 nc
684 1578 902 1632 omnino
924 1579 1216 1632 irascamur
1239 1578 1588 1645 prohibentis,
1615 1592 1802 1630 omnes
1833 1578 1908 1628 fa-

330 1648 434 1700 cile
460 1657 768 1701 contemnet
793 1688 808 1712 ,
840 1649 926 1718 qui
957 1649 1127 1716 ipsum
1169 1649 1433 1702 voluerint
1464 1648 1696 1703 irritare.
1730 1647 1906 1701 Facile

332 1734 488 1784 porro
513 1733 606 1773 eos
634 1717 898 1779 tolerabit,
929 1735 958 1772 a
980 1719 1172 1786 quibus
1200 1734 1446 1772 sermone
1473 1717 1788 1772 offenditur:
1825 1733 1908 1786 pa-

333 1789 525 1841 tienter
544 1797 719 1842 autem
750 1804 934 1843 eorutn
961 1789 1092 1844 feret
1111 1787 1351 1857 injurias.
1381 1804 1410 1841 a
1432 1787 1623 1856 quibus
1653 1787 1802 1842 factis
1831 1787 1907 1854 ip-

330 1859 402 1912 sis
432 1857 686 1922 tardetur;
721 1867 776 1912 et
802 1859 1118 1929 percutienti
1161 1859 1426 1912 maxillam
1454 1859 1713 1927 praebebit
1737 1868 1791 1912 et
1825 1859 1906 1911 al-

333 1938 522 1992 teram,
545 1929 873 1998 verbnmque
898 1939 1053 1997 turpe
1081 1930 1418 1984 contumelia:
1447 1943 1602 1983 causa
1621 1929 1905 1996 jacientem

333 2004 592 2066 generose
617 2014 679 2053 ac
705 1999 912 2054 fortiter
943 2000 1098 2063 feret.
1126 1999 1421 2053 admirabili
1449 1999 1695 2052 nimirum
1722 2015 1908 2051 conso-

335 2067 529 2122 latione
557 2080 847 2133 recreatus,
885 2086 952 2124 ex
989 2085 1055 2124 eo
1081 2070 1221 2138 quod
1252 2071 1434 2123 beatus
1465 2069 1781 2138 praedicetur
1806 2110 1818 2131 ,
1845 2085 1909 2124 ac

337 2138 560 2193 Domino
579 2140 832 2194 obedicns
861 2141 1158 2209 reperiatur
1191 2158 1205 2190 :
1235 2140 1496 2206 simulque
1526 2140 1779 2208 reprimat
1802 2140 1907 2193 ira-

335 2209 580 2264 cundiam
608 2211 658 2263 in
691 2209 927 2268 fratrem.
949 2209 1376 2264 etdennntiatmn
1402 2209 1661 2279 ejusmodi
1692 2219 1908 2278 peccato

335 2281 648 2347 supplicium
671 2282 850 2334 evitet.
881 2280 990 2334 llac
1026 2281 1222 2334 etenim
1243 2280 1309 2334 de
1329 2294 1487 2334 causa
1517 2296 1614 2334 nos
1656 2280 1909 2334 Dominus

333 2347 666 2411 cohortatur.
687 2360 742 2403 ιιι
763 2365 860 2404 nos
881 2351 948 2404 ah
971 2351 1112 2404 omni
1142 2349 1614 2420 perturbationum.
1635 2350 1826 2418 quibus
1842 2351 1908 2404 ad

333 2434 529 2486 corpus
564 2421 846 2484 affieimur,
902 2422 1221 2489 contagione
1249 2420 1596 2482 vindiccmus,
1627 2429 1684 2474 et
1733 2423 1908 2474 avari-

337 2489 461 2546 tiam
490 2489 770 2558 fugiamus,
797 2491 1085 2561 glorizeque
1109 2490 1450 2560 cupiditatem
1471 2505 1798 2561 aversemur,
1831 2500 1910 2544 at-

336 2575 439 2626 que
460 2562 695 2623 omnino,
727 2560 866 2615 utne
891 2561 1144 2630 voluptati
1169 2561 1341 2614 locum
1365 2561 1415 2613 iu
1435 2561 1587 2614 nobis
1603 2560 1811 2618 demus.
1843 2577 1908 2616 ne

335 2629 461 2697 quid
490 2646 554 2684 ex
601 2631 715 2684 istis
740 2633 969 2684 animam
996 2640 1230 2685 nostram
1262 2631 1398 2684 male
1427 2629 1668 2684 affectam
1694 2631 1902 2697 reddat,

336 2708 391 2755 ct
421 2717 488 2754 ne
511 2701 670 2755 alieni
695 2717 725 2754 a
747 2702 944 2770 Spiritu
967 2715 1150 2754 saneto
1181 2701 1483 2754 reddantur.
1517 2701 1615 2767 Qui
1643 2703 1784 2756 enim
1815 2718 1908 2770 pe-

338 2770 521 2825 cnnias
549 2780 893 2826 c0ntemnere
921 2771 1140 2825 edoctus
1169 2782 1271 2831 est.
1290 2771 1556 2837 quomodo
1588 2781 1801 2840 propter
1819 2788 1908 2840 pe—

337 2841 520 2895 cuuias
575 2841 866 2896 irritabitur
920 2857 1190 2910 umquam,
1251 2841 1375 2896 licet
1415 2843 1503 2904 sit,
1531 2844 1618 2911 qui
1652 2856 1743 2896 eas
1781 2842 1908 2896 velit

337 2911 625 2979 abripere?
648 2913 709 2965 ΕΙ
739 2913 826 2980 qui
853 2912 1076 2981 gloriam
1108 2927 1213 2966 non
1251 2913 1470 2980 appetit,
1502 2913 1768 2981 quomodo
1790 2912 1908 2980 glo-

341 2982 432 3035 ria:
463 2997 620 3036 causa
643 2982 1034 3038 excandescet?
1075 2982 1223 3036 Exue
1268 2983 1443 3050 itaque
1475 2983 1794 3036 mundanum
1840 2984 1909 3034 in-

335 3051 646 3107 dumentum
670 3093 687 3117 ,
730 3063 784 3106 et
832 3052 1104 3122 spirituale
1151 3053 1348 3108 induc:
1377 3069 1511 3106 exue
1537 3063 1767 3106 \'ClCl‘t‘lll
1799 3053 1910 3106 ir..—

339 3122 534 3176 tninctn
557 3165 571 3185 ,
604 3133 660 3176 ut
704 3139 896 3178 novum
938 3124 1124 3177 induas
1158 3143 1171 3177 :
1202 3135 1487 3191 capt-apter
1515 3123 1771 3190 siquidem
1821 3140 1905 3176 re-

336 3194 608 3259 gent-ratio
626 3193 839 3259 dicitur,
866 3203 921 3248 et
947 3194 1000 3247 in
1029 3194 1194 3247 sacris
1235 3194 1401 3247 literis
1424 3195 1737 3261 appellatur.
1777 3193 1906 3248 Nam

342 3263 531 3334 prioris
576 3273 744 3317 status
775 3264 1065 3318 mutatione
1093 3264 1290 3334 indiget
1320 3265 1464 3317 salus
1498 3273 1698 3325 nostra,
1726 3275 1777 3316 ut
1821 3264 1906 3317 alii

339 3333 407 3384 ah
431 3351 494 3383 eo
521 3335 662 3401 quod
692 3350 874 3387 sumus
899 3334 1107 3398 fiamus,
1141 3333 1353 3402 utquod
1385 3349 1588 3394 sumus.
1621 3350 1738 3387 esse
1769 3334 1910 3387 desi-

337 3417 544 3467 namus,
558 3403 714 3456 aliam
727 3415 901 3457 autem
916 3405 1073 3456 vitam
1091 3405 1417 3465 inchoemns,
1434 3420 1591 3472 quant
1604 3412 1725 3458 ante
1740 3416 1910 3457 trans-

334 3475 501 3540 gressi
521 3488 661 3526 ment
684 3473 1034 3528 sectabamur.
1051 3474 1164 3526 Non
1189 3479 1330 3529 enim
1360 3474 1542 3527 talises
1557 3477 1694 3541 apud
1720 3475 1904 3537 Deum,

335 3542 507 3610 qualis
533 3557 553 3594 ι
582 3543 802 3610 pueritia
826 3543 966 3596 fuisti
993 3561 1005 3596 :
1035 3560 1205 3612 neque
1227 3543 1354 3597 tales
1372 3559 1436 3598 ex
1455 3545 1723 3598 creatione
1751 3562 1780 3596 a
1802 3547 1909 3598 Deo

335 3612 470 3682 facta
499 3629 675 3666 mores
703 3613 944 3676 haberes,
973 3614 1156 3679 quales
1185 3631 1249 3666 ex
1282 3613 1508 3666 lunnana
1536 3617 1902 3682 generatione.

332 3681 475 3754 {\udi
489 3684 661 3750 itaque
680 3683 948 3750 jnrantetn
971 3683 1269 3747 Dominum.
1288 3692 1344 3737 et
1364 3684 1510 3749 time,
1525 3681 1682 3737 Amen
1698 3687 1902 3754 quippe,

334 3751 521 3817 inquit.
555 3753 667 3806 dico
713 3754 866 3816 vobis,
915 3754 1012 3807 nisi
1034 3755 1143 3823 quis
1182 3764 1330 3806 nutus
1359 3756 1507 3822 fuerit
1546 3751 1906 3822 desuper,non

333 3832 492 3895 potest
535 3823 744 3895 introire
779 3825 830 3895 in
856 3841 1064 3893 regnum
1093 3826 1330 3895 cwlorum
1365 3823 1541 3894 (Joan.
1575 3827 1626 3878 5.
1657 3825 1732 3895 5).
1765 3830 1907 3892 Quo-

331 3892 472 3946 circa
501 3908 701 3964 novam
721 3892 920 3949 inchoa
940 3895 1121 3960 vitam,
1151 3892 1458 3963 derelinque
1493 3897 1543 3948 in
1573 3892 1802 3964 peccatis
1824 3897 1904 3949 iu-

330 3971 624 4018 vetcratam
658 3963 816 4035 vitam
843 3982 856 4018 :
885 3965 973 4035 qui
1004 3964 1120 4035 lteri
1148 3965 1437 4035 fornicator
1463 3963 1596 4029 erat,
1621 3965 1780 4020 hodie
1811 3981 1904 4018 ca-

329 4044 440 4104 stus
471 4035 555 4088 fiat
589 4053 601 4088 :
626 4034 717 4103 qui
746 4035 858 4089 heri
881 4034 1228 4090 irnmoderate
1255 4034 1606 4100 helluabatur,
1641 4037 1795 4090 tiodie
1816 4036 1894 4104 je-

325 4103 541 4169 junator
569 4105 658 4161 fiat
681 4123 694 4158 :
725 4104 865 4174 quod
893 4106 1032 4160 male
1058 4106 1388 4170 contraxisti,
1419 4107 1682 4174 posterius
1706 4103 1900 4174 abjiee,

327 4183 388 4227 ut
414 4175 553 4244 quod
585 4183 728 4229 recte
755 4189 784 4226 a
807 4175 1068 4245 principio
1092 4175 1272 4229 datmn
1297 4185 1398 4237 cst,
1425 4190 1728 4244 recnperes.
1770 4175 1900 4231 Pcr-

325 4245 574 4304 exiguum
599 4254 683 4300 cst
706 4245 823 4300 sine
845 4246 1243 4314 perturbatione
1267 4260 1330 4300 ac
1354 4247 1469 4300 sine
1495 4247 1758 4300 iracundia
1785 4263 1905 4317 per-

324 4325 563 4377 timuere.

397 4381 648 4438 Hortatur
671 4385 738 4438 ad
762 4385 1063 4452 injuriarum
1103 4386 1466 4440 remissionem.
1487 4415 1558 4424 —
1581 4383 1683 4452 Qui
1713 4400 1899 4440 secun-

323 4451 450 4508 dum
480 4455 765 4526 imaginem
805 4451 901 4510 Dei
929 4457 1105 4511 vivere
1129 4457 1296 4524 cupit,
1327 4456 1372 4510 is
1395 4456 1464 4509 ab
1488 4451 1736 4510 omnibus
1773 4472 1902 4510 con-

327 4525 524 4595 tenmi,
544 4525 751 4595 despui,
781 4541 845 4579 ac
889 4526 1157 4580 tloccifieri
1188 4527 1366 4591 debet,
1412 4540 1534 4579 cum
1559 4527 1755 4592 verbis,
1789 4535 1899 4581 tum

325 4594 654 4649 factis.Natn
688 4606 742 4650 et
777 4595 986 4650 'ideirco
1031 4611 1206 4664 neque
1241 4611 1336 4664 par
1373 4596 1568 4649 referre
1599 4596 1796 4650 malum
1821 4598 1897 4661 ei.

322 4665 411 4736 qui
443 4665 634 4734 injuria
659 4665 929 4736 affecerat,
947 4665 1126 4736 jussit,
1155 4681 1223 4719 ne
1247 4666 1293 4720 si
1323 4666 1394 4729 ci,
1417 4667 1506 4735 qui
1539 4667 1728 4736 injuria
1755 4676 1808 4721 te
1829 4668 1900 4720 af-

324 4733 468 4799 fecit,
491 4733 585 4803 par
615 4736 882 4799 retuleris,
910 4733 1287 4790 humanitatem
1314 4776 1328 4799 ,
1351 4733 1470 4803 qua:
1495 4733 1785 4790 secundum
1813 4752 1900 4792 na-

325 4814 496 4858 turam
523 4813 627 4872 est,
657 4806 970 4874 perdideris.
989 4807 1104 4860 Noli
1122 4822 1248 4876 ergo
1272 4807 1416 4876 apud
1438 4814 1488 4860 te
1506 4806 1737 4873 prudens
1753 4822 1893 4872 esse,

323 4876 624 4946 utpotequi
650 4876 840 4931 merito
855 4891 999 4939 eum.
1023 4892 1052 4930 a
1079 4875 1371 4946 quolmsus
1397 4875 1578 4940 fueris,
1598 4877 1893 4946 ulciscaris.

322 4943 625 5000 Recordare
683 4960 956 5000 sacrorum
1007 4943 1154 5001 I’auli
1201 4947 1664 5007 documentorum.
1722 4945 1896 4999 Nolite

321 5031 426 5068 esse
482 5015 747 5080 prurientes
787 5018 926 5084 apud
967 5017 1319 5084 vosmetipsos.
1363 5033 1518 5083 neque
1563 5018 1751 5068 malum
1804 5034 1895 5085 pro

318 5089 450 5137 niti/0
475 5087 734 5139 rettdrntes
756 5086 932 5157 (Rom.
969 5088 1050 5140 12.
1087 5087 1168 5142 ιϐ.
1203 5088 1312 5151 t7).
1347 5085 1458 5139 Non
1486 5085 1786 5149 honestum,
1815 5087 1893 5139 tti-

317 5163 490 5208 teretn
511 5171 650 5220 esse,
678 5167 771 5209 aut
795 5158 871 5208 sui
904 5157 1067 5224 ipsius
1097 5157 1382 5210 vindictam
1409 5171 1682 5224 quaerere:
1709 5171 1890 5209 verum

319 5224 520 5292 projiee
571 5227 744 5289 potius
789 5235 928 5279 tuam
961 5227 1245 5281 vindictam
1289 5228 1340 5280 in
1388 5226 1573 5289 Deum,
1604 5227 1694 5294 qui
1735 5226 1892 5279 ultio-

317 5308 438 5348 nem
475 5296 592 5348 sine
619 5297 886 5349 iracundia
911 5298 962 5350 in
991 5311 1103 5359 eos,
1136 5311 1164 5348 a
1193 5297 1380 5364 quibus
1413 5295 1556 5349 fuisti
1583 5297 1763 5359 lzesus.
1792 5296 1887 5348 de-

316 5365 488 5418 mittet
546 5364 659 5418 Non
688 5367 1011 5434 vosmetipsos
1055 5365 1364 5429 ulciscentes,
1416 5366 1604 5434 inquit,
1649 5364 1737 5421 sed
1779 5367 1892 5418 date

318 5434 478 5506 brum
507 5436 614 5488 itte.
648 5436 908 5506 Scriptum
951 5437 1217 5506 est‘enim,
1249 5436 1381 5506 ffilti
1407 5437 1624 5488 vindicta
1649 5454 1667 5499 ;
1697 5452 1786 5506 ego
1814 5453 1890 5488 re-

317 5505 524 5575 tribuam:
580 5506 700 5557 dicit
732 5505 974 5559 Dominus
1004 5504 1108 5575 (Ib.
1134 5521 1180 5556 υ.
1216 5505 1416 5573 19).Νο
1441 5506 1608 5565 dicas,
1641 5504 1778 5558 Deus
1806 5523 1888 5558 re—

323 5573 502 5628 tribuit
532 5613 544 5636 ,
589 5575 874 5628 retribuam
908 5585 958 5628 et
981 5573 1095 5643 ego.
1129 5575 1415 5629 Considera
1452 5577 1573 5644 quid
1615 5578 1705 5629 tibi
1737 5576 1885 5629 (lltri-

1810 267 2070 326 SN‘BIA.

3461 264 3588 321 ΙυἾΞ
3635 274 3646 282 ’

2017 395 2129 436 stus
2159 383 2474 445 ostenderit.
2507 399 2626 435 eum
2661 385 2708 435 in
2742 382 2993 436 mundum
3027 383 3277 446 venisset,
3303 394 3358 436 ut
3388 385 3574 436 saluta-

2014 471 2124 506 rem
2154 455 2272 533 vita:
2313 453 2541 533 (fortnam
2579 462 2895 533 monstraret
2932 463 3130 533 :atqne
3179 455 3316 507 ht’tne
3357 455 3579 508 imitare.

2013 533 2069 576 nt
2098 524 2279 577 salvus
2309 524 2423 576 fias.
2455 523 2566 576 Non
2593 523 2732 574 enim
2767 524 2931 584 venit.
2967 523 3200 590 utjndex
3220 533 3382 586 esset,
3410 535 3497 577 aut
3529 535 3579 575 nt

2012 610 2126 658 eos,
2149 595 2237 662 qui
2261 594 2360 647 sibi
2390 593 2825 652 adversabantur.
2857 594 3236 663 ulcisceretur:
3263 610 3582 663 quamquam

2014 664 2128 732 ipse
2155 664 2368 731 quidem
2415 679 2521 717 non
2570 663 2619 717 id
2653 663 2887 733 agebat,
2917 671 2974 716 ιιι
3004 662 3214 733 aliquod
3241 679 3304 717 ex
3337 662 3581 733 patientia

2013 731 2217 788 lucrum
2270 735 2518 798 ambiret,
2574 731 2669 787 sed
2720 743 2776 786 ut
2822 735 3044 787 salutem
3092 731 3296 788 mundo
3338 731 3580 789 afferret.

2012 805 2206 857 Christi
2241 820 2470 874 namque
2514 804 2763 874 patientia
2794 803 3003 874 diaboli
3023 804 3179 872 fregit
3205 804 3498 868 audaciam,
3531 817 3581 858 et

2015 875 2310 945 benignitas
2337 873 2544 930 Domini
2567 873 2798 945 ferocem
2831 875 2952 945 mali
2984 873 3214 928 furorem
3244 877 3582 944 expugnavit:

2012 955 2066 1000 ct
2110 943 2162 1000 tu
2195 961 2321 1015 ergo
2350 945 2573 1000 formam
2606 943 2743 998 hanc
2769 945 2862 998 tibi
2891 944 2957 998 ad
2988 945 3297 998 imitandum
3329 961 3580 1012 propone.

2013 1016 2128 1071 Non
2157 1017 2462 1071 succensuit
2487 1015 2551 1070 iis
2573 1031 2603 1068 ιι
2633 1015 2824 1085 quibus
2848 1015 3184 1069 contumeliis
3212 1016 3583 1084 proseiudeha-

2013 1098 2098 1142 tur
2127 1104 2142 1142 :
2171 1086 2265 1141 sed
2317 1087 2680 1142 Samaritanus
2727 1095 2782 1139 et
2823 1085 3088 1139 daemonio
3133 1096 3412 1153 corruptus
3465 1103 3583 1139 eum

2012 1157 2392 1228 appellaretur,
2422 1156 2648 1228 benigne
2667 1170 2732 1209 ac
2753 1155 2960 1228 placide
2986 1156 3166 1228 iisqni
3190 1155 3290 1210 hoc
3313 1155 3577 1228 dicebant.

2013 1226 2370 1294 ri:épondebat
2398 1243 2410 1279 :
2461 1227 2569 1297 Ego
2593 1227 2897 1280 da'monium
2927 1242 3025 1297 non
3052 1226 3206 1279 habeo
3233 1266 3248 1290 ,
3272 1227 3360 1280 sed
3369 1227 3562 1297 _I.-ouori
3571 1256 3587 1266 -

2012 1300 2110 1367 /ico
2143 1298 2343 1352 Patrem
2374 1295 2536 1352 meum
2566 1312 2585 1359 ς
2630 1313 2715 1350 vos
2752 1313 2867 1350 rero
2891 1295 3202 1349 inhonoratis
3231 1312 3325 1348 mc.
3362 1295 3472 1366 Ego
3496 1313 3589 1348 mt-

2012 1380 2109 1422 tem
2136 1385 2235 1422 non
2260 1383 2429 1437 quer
2451 1368 2667 1436 gloriam
2679 1383 2871 1437 meum,
2898 1375 2967 1418 est
2992 1369 3078 1436 qui
3103 1376 3294 1433 quierat
3323 1406 3337 1430 ,
3363 1376 3408 1419 et
3433 1367 3585 1437 judi-

2013 1451 2086 1492 cet
2118 1435 2294 1504 (Jortn'.
2326 1439 2377 1493 8.
2413 1441 2500 1492 49.
2533 1437 2643 1506 ΞΟ).
2677 1436 2855 1505 Itaque
2884 1445 2939 1492 et
2967 1435 3018 1490 tu
3051 1438 3155 1490 noli
3194 1447 3246 1490 te
3291 1435 3461 1504 ipsum
3509 1435 3586 1488 ul.

2012 1512 2138 1564 eisci
2163 1551 2178 1575 ,
2207 1519 2460 1576 exspecta
2480 1507 2734 1577 judicem.
2771 1509 2824 1561 Si
2856 1507 2997 1560 enim
3021 1507 3190 1574 jndex
3216 1508 3330 1576 ipse
3350 1548 3363 1570 ,
3389 1523 3508 1561 cum
3533 1508 3586 1560 in

2013 1580 2243 1634 humana
2283 1581 2452 1632 forma
2477 1577 2830 1648 apparuisset.
2865 1591 2970 1630 non
2998 1577 3260 1648 retribuit,
3299 1592 3422 1632 cum
3465 1593 3586 1645 pos-

2013 1661 2114 1716 set,
2141 1651 2232 1703 sed
2267 1649 2362 1703 Dei
2387 1647 2646 1718 judiCium
2674 1648 3006 1716 exspectavit
3035 1664 3049 1702 :
3077 1647 3204 1701 Cum
3244 1648 3387 1702 enim
3431 1649 3587 1700 malc-

2012 1722 2260 1774 diceretur
2283 1761 2297 1784 ,
2340 1736 2440 1773 non
2471 1718 2794 1772 maledicebat
2820 1735 2839 1772 :
2866 1735 2977 1770 cum
3004 1727 3258 1787 pateretur
3280 1759 3295 1784 ,
3325 1735 3426 1771 non
3451 1735 3589 1769 com-

2011 1792 2340 1854 minabatur;
2371 1789 2596 1843 tradebat
2644 1803 2810 1859 autem
2831 1787 3085 1859 judicanti
3148 1791 3280 1859 iuste
3349 1789 3400 1855 (t
3445 1787 3585 1842 I’ctr.

2013 1863 2068 1916 ἓ.
2097 1861 2213 1923 2'5).
2256 1861 2323 1914 Et
2363 1868 2418 1914 tu
2443 1875 2572 1929 ergo
2619 1859 2690 1913 ita
2721 1858 2899 1923 facito,
2931 1873 2993 1912 ac
3044 1858 3322 1929 Dominum
3355 1859 3584 1920 itnitarc.

2011 1933 2099 2002 qui
2131 1932 2195 1985 ad
2221 1945 2431 1985 crucem
2454 1928 2625 2002 usque
2649 1929 2889 2002 injuriam
2919 1928 3134 2002 pertulit
3154 1929 3408 2002 impiam_,
3428 1940 3588 1997 atque

2010 1997 2173 2057 exitio
2199 2003 2374 2069 dignis
2393 1997 2617 2054 salutem
2646 2000 2979 2066 procurahat.
3007 1998 3095 2054 Sic
3121 1999 3260 2051 enim
3289 2000 3354 2050 ad
3373 1997 3585 2052 Patrem

2011 2073 2208 2134 aiebat,
2257 2070 2467 2124 Dimitte
2491 2069 2594 2124 illis
2638 2071 2732 2123 hoc
2771 2080 3049 2137 peccatum,
3088 2085 3186 2122 non
3229 2069 3363 2121 enim
3400 2070 3611 2132 sciunt,

2011 2145 2133 2214 quid
2161 2144 2352 2214 faciunt
2379 2141 2528 2214 (Luc.
2579 2141 2668 2214 235.
2720 2141 2836 2214 ⁸54).
2863 2140 3055 2209 lujuria
3097 2149 3146 2194 te
3187 2138 3350 2214 frater
3387 2139 3583 2214 affecit,

2012 2209 2170 2266 visus
2199 2222 2280 2268 est
2327 2212 2571 2280 indignus
2608 2211 2935 2265 fraternitate
2979 2217 3087 2280 ziat
3115 2218 3167 2263 tu
3198 2209 3587 2280 fraternitatem

2014 2299 2118 2338 non
2143 2283 2380 2337 destrne.
2404 2279 2591 2336 Frater
2619 2291 2738 2335 tuus
2757 2281 2972 2348 .Iosephi
3004 2279 3191 2334 fratres
3221 2279 3461 2333 imitatus
3484 2291 3585 2344 est,

2012 2355 2186 2408 fratris
2211 2353 2410 2408 czedem
2441 2353 2770 2406 machinatus
2789 2361 2868 2404 est
2887 2391 2902 2413 .
2931 2351 3197 2404 inimicum
3219 2366 3278 2404 se
3301 2366 3397 2416 pro
3428 2350 3590 2404 fratre

2011 2425 2241 2480 ostendit
2265 2465 2280 2489 ,
2335 2433 2493 2492 teque
2521 2439 2614 2488 per
2640 2438 2906 2476 summum
2935 2421 3110 2492 scelus
3141 2420 3412 2492 impctiit.
3447 2421 3586 2474 nulla

2012 2505 2330 2566 provocatus
2373 2490 2646 2566 injuria_tc
2677 2492 2857 2566 ΙλῳείιςΔ
2877 2500 2932 2545 at
2961 2490 3127 2566 tu_fae
3151 2491 3504 2566 contrarium,
3531 2501 3586 2543 ut

2011 2561 2064 2620 et
2097 2575 2150 2619 ιιι
2180 2582 2299 2619 cum
2329 2561 2544 2618 cantore
2571 2561 2772 2617 Davide
2807 2562 2972 2622 dicas.
3005 2561 3130 2616 Cum
3157 2562 3235 2615 his
3263 2563 3351 2630 qui
3377 2561 3589 2614 oderunt

2014 2652 2186 2705 pacem
2219 2677 2232 2698 ,
2261 2651 2395 2687 erant
2420 2634 2662 2705 paciﬁcus
2692 2631 2859 2705 (Psat.
2895 2633 2950 2705 lt
2963 2632 3015 2686 9.
3159 2632 3321 2686 Vince
3367 2633 3417 2705 in
3449 2631 3588 2685 bono

2013 2702 2208 2759 malum
2242 2726 2254 2760 :
2285 2721 2508 2772 provoca
2530 2704 2721 2770 ipsum,
2749 2713 2802 2757 et
2833 2704 2990 2756 incita
3016 2702 3083 2755 ad
3128 2703 3347 2766 bonum,
3378 2702 3586 2755 iracun-

2013 2777 2152 2828 diam
2184 2777 2362 2842 frange
2382 2774 2706 2843 benignitate
2734 2791 2749 2831 :
2779 2773 2860 2826 fac
2887 2772 3144 2841 intelligat
3162 2788 3222 2827 se
3254 2773 3448 2841 injuria
3477 2789 3585 2841 per-

2013 2849 2160 2914 sequi
2187 2847 2456 2900 Christum
2481 2846 2532 2898 in
2562 2854 2633 2910 te,
2664 2853 2718 2898 et
2743 2844 2958 2911 dignum
2981 2857 3085 2896 non
3107 2858 3226 2897 esse
3255 2853 3326 2908 te,
3360 2843 3450 2912 qui
3475 2858 3589 2910 pcr-

2012 2917 2381 2985 seqnntioncm
2415 2915 2648 2983 patiaris,
2679 2915 2938 2969 declares.
2970 2915 3039 2968 At
3059 2914 3198 2985 enim
3222 2914 3469 2985 pertinax
3485 2921 3583 2976 est.

2013 2984 2185 3055 neque
2204 2986 2473 3040 emendari
2503 2994 2694 3054 potest,
2737 2995 2827 3038 aut
2855 2985 3057 3055 illatua
3080 2984 3411 3055 benignitate
3435 2998 3585 3055 com-

2014 3053 2216 3112 moveri
2263 3073 2278 3110 :
2307 3073 2370 3110 ac
2395 3053 2588 3110 bellua:
2615 3055 2829 3124 quidem
2856 3055 2920 3109 ad
2949 3053 3220 3108 hominum
3251 3053 3585 3106 fatniliarita-

2014 3135 2118 3180 tem
2161 3128 2368 3181 cicures
2420 3126 2576 3180 uicta:
2615 3127 2977 3185 traducuntur.
3010 3124 3098 3178 ille
3138 3139 3265 3178 vero
3304 3124 3587 3176 immanior

2013 3197 2202 3251 belluis
2228 3208 2308 3251 est
2335 3197 2502 3251 factus
2532 3214 2548 3250 :
2577 3211 2644 3250 ne
2670 3195 2868 3250 idcirco
2897 3196 3028 3249 velis
3053 3209 3172 3248 eum
3195 3193 3460 3262 ejusmodi
3493 3193 3586 3245 ho-

2013 3269 2155 3321 tniuc
2197 3267 2378 3330 rixari,
2429 3283 2567 3322 neve
2613 3266 2937 3322 iracundiam
2983 3280 3102 3319 cum
3134 3264 3404 3318 iracundia
3436 3278 3584 3317 com-

2011 3338 2209 3392 mittas.
2243 3338 2383 3406 Fuge
2403 3339 2600 3405 potius,
2633 3347 2689 3390 ut
2717 3337 3040 3406 periculosas
3059 3334 3474 3406 cautcssapiens
3491 3349 3588 3402 gn-

2012 3407 2263 3462 bernator
2295 3404 2559 3466 {observa
2596 3404 2774 3461 autem
2804 3408 2939 3459 sicut
2967 3404 3110 3474 aspis
3135 3404 3315 3467 surda.
3347 3414 3402 3458 et
3428 3406 3588 3456 obtu-

2011 3495 2135 3532 raus
2164 3495 2320 3532 aures
2348 3493 2492 3540 suas,
2517 3493 2636 3544 qua:
2663 3492 2766 3531 non
2796 3476 3041 3531 exaudiet
3071 3490 3252 3528 vocem
3303 3475 3587 3528 incantan-

2014 3549 2080 3602 tis
2107 3547 2276 3612 (Psat.
2326 3549 2414 3602 57.
2444 3549 2496 3601 5.
2524 3548 2603 3607 6).
2649 3547 2870 3601 Redime
2923 3556 3131 3614 tempus
3151 3586 3167 3610 ,
3199 3545 3457 3608 Quoniam
3485 3546 3591 3598 dies

2011 3620 2133 3672 mali
2169 3627 2283 3690 sunt
2332 3618 2492 3690 (Epit.
2533 3618 2730 3690 5.16).
2759 3617 2814 3671 ln
2859 3617 3115 3690 sapientia
3141 3614 3377 3679 ambula,
3406 3616 3586 3690 sciens

2013 3686 2350 3758 peregrinum
2375 3686 2427 3744 et
2459 3689 2717 3758 hospitem
2746 3703 2864 3758 esse
2891 3697 2939 3741 te
2967 3687 3200 3758 interra,
3229 3686 3588 3758 quemadmo-

2009 3754 2164 3829 ἇΙιιιιι⁷
2184 3768 2238 3812 et
2263 3767 2440 3828 patres
2463 3760 2536 3813 tui
2557 3754 2728 3813 fuere
2759 3756 2939 3829 (Leuit.
2969 3756 3056 3810 19.
3087 3754 3198 3829 51)..
3232 3756 3360 3808 Ovis
3389 3755 3442 3808 in
3479 3770 3587 3829 tne-

2009 3828 2152 3883 ditun
2182 3825 2424 3898 lup—orum
2475 3829 2669 3883 missus
2699 3825 2838 3882 es'tu
2866 3841 3076 3896 quoque
3100 3867 3115 3891 ,
3145 3825 3284 3898 sicut
3300 3827 3533 3898 apostoli
3569 3842 3584 3880 :

2011 3901 2116 3953 noli
2150 3896 2262 3954 fieri
2292 3915 2387 3969 pro
2415 3914 2515 3954 ove
2542 3900 2715 3967 lupus,
2744 3913 2862 3952 cum
2894 3897 3031 3964 lupis
3056 3896 3412 3969 contendens.
3447 3897 3591 3950 Cave

2009 3979 2260 4036 quantum
2292 3966 2473 4038 'potes.
2521 3966 2915 4024 nethesaurum
2942 3967 3157 4036 justitia:
3189 3966 3422 4033 perdas;
3447 3980 3589 4038 cave

2009 4040 2101 4092 tibi
2149 4056 2177 4093 a
2216 4037 2573 4108 direptoribus
2602 4059 2616 4104 ;
2646 4038 2875 4108 prudens
2906 4047 2964 4092 ut
2988 4051 3207 4108 serpens
3237 4051 3369 4108 cave
3399 4037 3590 4108 tibiah

2013 4110 2240 4165 insidiis.
2269 4111 2325 4166 Si
2338 4105 2474 4164 vero
2503 4105 2658 4164 laedat
2680 4111 2839 4164 etiam
2863 4119 2914 4162 te
2940 4110 3110 4176 lupus,
3135 4107 3178 4159 si
3209 4107 3455 4160 membra
3482 4105 3590 4158 dis-

2013 4192 2292 4251 cerptnrus
2313 4181 2399 4244 sit,
2433 4196 2666 4248 pravpara
2695 4189 2766 4245 te,
2796 4189 2854 4232 ιιι
2880 4179 3050 4251 feras,
3078 4191 3287 4251 memor
3308 4177 3588 4251 ill_ius,_qui

2006 4245 2149 4314 dicit,
2185 4250 2331 4304 Facti
2375 4245 2555 4304 sumus
2583 4253 2709 4303 sicut
2750 4266 2864 4303 oves
2897 4249 3159 4302 occisionis
3188 4245 3310 4316 (Ps.
3344 4247 3440 4301 43.
3467 4248 3541 4316 εξ
3571 4265 3583 4304 :

2005 4318 2158 4375 Rom.
2208 4323 2260 4378 8.
2294 4321 2383 4389 56)
2420 4320 2749 4388 :respiciens
2787 4321 2838 4372 in
2868 4319 3036 4388 ipsutn
3068 4318 3372 4381 Dominum,
3397 4323 3490 4386 qui
3521 4315 3589 4370 Ut

2004 4392 2108 4444 ovis
2142 4392 2210 4444 ad
2242 4391 2605 4444 immolandum
2632 4390 2810 4442 ductus
2833 4399 2905 4442 est
2929 4431 2942 4448 .
2997 4397 3040 4440 et
3065 4389 3192 4441 sicut
3218 4403 3384 4453 agnus
3409 4403 3583 4440 coram

2001 4463 2244 4518 tondente
2273 4478 2350 4524 se,
2385 4472 2562 4514 mutus
2594 4458 2734 4530 (Isa.
2784 4460 2873 4515 55.
2903 4460 2968 4525 7;
3003 4458 3121 4512 Act.
3160 4458 3220 4530 8:
3244 4456 3358 4520 52).
3395 4455 3594 4530 venirt

1999 4540 2052 4588 et
2077 4542 2181 4586 tua:
2201 4542 2414 4600 tempus
2431 4525 2692 4592 victorize,
2722 4546 2869 4600 eum.
2889 4530 3076 4600 multis
3094 4528 3258 4600 malis
3279 4525 3594 4600 ettnrtlltri-

2001 4611 2086 4658 sto
2109 4596 2376 4665 toleratis.
2407 4599 2696 4654 deviceris.
2722 4597 2854 4652 Nam
2876 4608 2929 4653 et
2955 4598 3215 4652 Dominus
3241 4611 3351 4649 non
3380 4596 3594 4647 rixatus.

2003 4679 2102 4734 est,
2157 4687 2261 4724 non
2315 4671 2631 4724 vociferatus
2681 4677 2781 4728 est,
2825 4682 2996 4735 neque
3037 4667 3238 4735 audivit
3285 4667 3338 4716 in
3390 4668 3589 4735 plateis

2001 4742 2279 4808 quisquam
2319 4755 2501 4794 vocem
2541 4741 2655 4806 ejus
2689 4755 2702 4791 :
2747 4733 3178 4808 utiApostolusin
3212 4733 3589 4808 promptuha-

2005 4805 2219 4865 here'se
2249 4810 2360 4876 ait,
2390 4805 2602 4864 omnem
2633 4807 3044 4876 inohedientiam
3067 4805 3248 4876 ulcisci
3275 4819 3447 4876 ,(euni
3478 4805 3581 4876 im:

2007 4880 2144 4945 pleta
2177 4873 2554 4934 fuerit’eorum
2603 4878 2900 4932 ohedicntia
2933 4877 2949 4945 (
2979 4875 3034 4927 2.
3089 4875 3205 4926 Cor.
3252 4874 3338 4927 10.
3373 4876 3405 4925 ϋ
3431 4873 3476 4941 ),
3501 4873 3594 4940 qui

1999 4951 2274 5004 ohediunt.
2307 4951 2436 5004 Dum
2468 4966 2592 5003 vero
2621 4946 3088 5014 Deuslonganimis
3109 4953 3212 5007 est.
3250 4956 3308 5014 et
3350 4954 3404 4996 tu
3437 4947 3589 5010 long

2001 5021 2194 5074 animis
2223 5031 2340 5074 esto
2367 5039 2380 5074 :
2411 5020 2536 5074 dum
2568 5019 2727 5072 hodie
2761 5012 2968 5084 quoque
2999 5016 3195 5082 patitur
3233 5012 3509 5074 Christus.
3542 5024 3594 5064 te

2001 5091 2255 5156 patiente.
2286 5099 2503 5158 propter
2546 5089 2814 5143 Christum
2859 5089 3085 5139 tolerare
3109 5084 3396 5158 _et_(_3hristi
3432 5084 3595 5158 inini-

1997 5153 2164 5213 SIrnm
2193 5153 2422 5228 oportet.
2456 5161 2632 5212 Clama
2659 5158 2723 5211 ad
2781 5159 2945 5219 illutn,
2977 5164 3031 5208 et
3073 5153 3363 5207 vindictam
3407 5155 3592 5228 faciet.

1997 5231 2102 5303 cito
2129 5222 2515 5303 consummahit
2545 5229 2870 5296 iniquitatem
2915 5233 3277 5303 peccatorum,
3307 5236 3360 5276 et
3394 5222 3592 5303 diriget

1991 5298 2193 5366 justum
2226 5302 2363 5353 Deus
2403 5301 2563 5367 jndex
2605 5293 2782 5366 justus
2825 5307 2893 5367 ct
2920 5293 3114 5363 potens
3162 5303 3217 5347 et
3259 5293 3589 5361 longanimis

1997 5368 2217 5436 (I’salm.
2248 5371 2298 5424 7.
2336 5366 2444 5433 l2);
2477 5368 2790 5439 longanimis
2815 5366 2954 5419 enim
2987 5371 3587 5439 est_ct_cu_netatnr,_ut

1997 5434 2093 5493 nos
2139 5441 2204 5494 ad
2250 5442 2418 5509 ipsum
2464 5434 2876 5493 convertamur:
2929 5437 3011 5487 cui
3050 5434 3219 5504 gloria
3251 5434 3305 5486 itt
3358 5436 3587 5486 Sa-cuta.

1995 5510 2184 5563 Amen.
