3828 6226
1276 356 1361 410 DE
1400 354 1746 413 FUGIENDA
1791 353 2137 413 SIMULSTA
2179 350 2440 406 SPECIE.

3358 342 3491 398 1074

1657 725 2061 788 MONITUM.

237 941 297 985 ιιι
340 939 466 985 sunt
498 923 911 997 ὲπιμορφάζειν,
945 916 1265 983 ἀτονιάζειν,
1308 930 1362 974 et
1402 919 1507 974 alia
1553 934 1673 987 qua:
1721 928 1802 972 sui

1909 932 1998 970 sus
2046 913 2223 984 quivis
2248 910 2618 982 Chrysostomi
2673 911 2841 964 lector
2869 908 3280 970 animadvertet,
3328 912 3490 975 atque

238 1024 384 1077 inter
435 1018 618 1090 spuria
665 1017 807 1069 hanc
859 1009 1137 1066 homiliam
1192 1010 1387 1063 merito
1426 1010 1609 1079 jacere
1648 1026 1759 1062 non
1791 1008 2003 1062 inficias
2046 1005 2164 1058 ibit.
3523 1003 3529 1009 ’

310 1109 683 1182 lnterpretatio
724 1108 910 1162 Latina
936 1116 1020 1162 est
1048 1106 1338 1162 Frontonis
1375 1105 1576 1160 ῡυοωί.

671 1291 3467 1326 ____________________________________________._....

652 1542 747 1595 DE
779 1538 1160 1595 FUGIENDA
1203 1535 1579 1592 διΜυιΑΤΑ
1622 1533 1802 1589 SPEC

1909 1576 1919 1601 ,
1966 1530 2052 1585 AC
2098 1529 2397 1587 ΙΗΝΙΜΕ
2446 1529 2667 1596 VERA,
2711 1528 3059 1586 IIOJHLIA.

301 1931 507 1988 Rursus
558 1933 864 2004 evangelica
920 1934 1073 1990 nobis
1117 1934 1172 1990 in
1223 1949 1412 1989 manus
1442 1935 1699 1989 sumenda
1727 1945 1809 1989 est

222 2004 373 2067 tuba,
405 2013 456 2058 et
486 2004 694 2059 Domini
721 2004 872 2059 vobis
896 2004 1192 2061 admonitio
1218 2005 1533 2059 enarranda.
1557 2006 1812 2059 Attendite

221 2074 389 2157 enirn,
419 2074 607 2157 inquit,
621 2092 669 2157 ἀ
696 2075 842 2157 falsis
874 2076 1175 2157 prophetis,
1197 2076 1282 2146 qui
1323 2078 1533 2157 veniunt
1551 2076 1618 2128 ad
1645 2093 1729 2129 vos
1756 2077 1808 2129 iu

220 2144 529 2199 uestimentis
550 2144 742 2211 ovium,
764 2144 1064 2200 intrinsecus
1088 2144 1257 2200 autem
1276 2158 1392 2201 sunt
1424 2147 1533 2216 lupi
1560 2162 1770 2215 rapaces
1790 2161 1809 2199 .'

220 2232 266 2286 a_
302 2217 550 2284 fructibus
597 2233 770 2270 eorum
820 2218 1129 2286 cognoscetis
1176 2234 1260 2271 eos
1310 2216 1328 2286 (
1364 2216 1551 2271 Matth.
1584 2218 1634 2270 7.
1665 2219 1732 2271 15
1764 2219 1805 2279 ).

222 2284 357 2339 Nam
388 2301 453 2340 ex
486 2287 570 2353 iis,
606 2302 726 2355 quae
758 2287 812 2341 in
837 2284 952 2341 dies
976 2295 1256 2356 geruntur,
1286 2284 1480 2355 ubique
1506 2288 1714 2355 species
1734 2288 1807 2341 si-

223 2356 421 2410 nmlata
448 2357 884 2426 deprehenditur.
937 2357 1196 2426 siquidem
1234 2372 1263 2410 a
1315 2358 1588 2412 voluntate
1630 2358 1805 2411 dima-

224 2437 355 2479 nant
382 2428 619 2482 actiones
643 2444 657 2488 ς
687 2428 1013 2497 voluntatem
1042 2443 1203 2497 porro
1232 2429 1567 2482 venerandus
1595 2428 1807 2483 habitus

223 2513 329 2549 non
362 2498 623 2551 immutat.
660 2498 876 2552 Frustra
906 2496 1063 2567 igitur
1090 2498 1298 2551 labores
1342 2499 1561 2568 suscipit
1607 2499 1687 2552 vir
1714 2498 1809 2551 do-

223 2567 367 2621 losns
392 2568 529 2637 apud
559 2570 843 2638 sapientes,
875 2571 962 2638 qui
990 2584 1112 2622 eum
1142 2584 1207 2621 ex
1256 2567 1510 2622 fructibus
1554 2570 1807 2637 indagare

227 2650 483 2703 possunt,
530 2649 584 2693 et
609 2640 852 2709 quisnam
884 2640 952 2692 sit
984 2653 1308 2708 cognoscere
1335 2640 1613 2708 qualisque
1638 2640 1808 2693 videa-

225 2718 351 2779 tur.
389 2710 523 2774 Quid
559 2710 717 2779 igitur
751 2711 974 2777 teipsum
1006 2710 1057 2762 in
1085 2710 1261 2763 alieno
1300 2709 1483 2762 habitu
1514 2711 1753 2764 occultas
1782 2712 1804 2763 ?

220 2778 358 2843 Quid
387 2781 539 2833 ovina
576 2778 712 2847 pelle
741 2782 918 2848 lupum
948 2780 1276 2833 abscondis?
1307 2780 1471 2834 Paulo
1501 2791 1617 2849 post
1648 2796 1803 2834 nam-

222 2864 327 2916 que
363 2860 413 2903 te
459 2851 657 2921 veritas
696 2850 995 2921 patefaciet,
1026 2859 1079 2903 et
1116 2850 1239 2903 dum
1289 2850 1749 2921 veritateml‘ugis,
1774 2866 1804 2905 a

221 2921 445 2974 veritate
474 2920 907 2990 deprehenderis.
930 2920 1039 2974 Cur
1064 2936 1339 2975 sermones
1368 2936 1476 2984 pra:
1502 2931 1551 2974 te
1571 2920 1675 2975 fers
1708 2922 1805 2974 hu-

224 2990 517 3055 manitatis,
548 3006 767 3059 asperos
789 3007 968 3045 mores
1003 2991 1326 3045 occultans?
1354 2990 1469 3043 Non
1499 2991 1682 3045 latebit
1714 3007 1803 3045 as-

224 3061 422 3126 peritas
448 3071 556 3125 tua,
589 3061 710 3116 licet
738 3062 1025 3115 admodum
1064 3061 1243 3115 suavis
1268 3076 1390 3116 esse
1429 3061 1668 3116 simules.
1700 3062 1806 3117 Cur

224 3129 458 3184 habitum
484 3131 659 3185 induis
674 3132 939 3195 amicitiae,
958 3146 1079 3185 cum
1103 3132 1175 3185 sis
1198 3131 1408 3185 hostis?
1436 3130 1551 3185 Non
1579 3133 1804 3187 vivimus

222 3203 276 3253 in
307 3201 574 3257 tenebris:
599 3203 851 3271 patefiunt
871 3203 1156 3264 occulta,et
1186 3202 1327 3271 quod
1354 3202 1718 3258 abscondebas
1740 3219 1802 3257 o-

223 3271 371 3324 dium
402 3273 749 3339 comperitur.
785 3274 892 3328 Cur
929 3272 1217 3326 amicitiam
1246 3273 1508 3326 simulas?
1538 3271 1644 3327 Cur
1669 3273 1803 3328 adu-

228 3342 354 3395 laris
377 3359 497 3396 eum
529 3358 633 3397 non
665 3358 814 3397 ames
840 3343 863 3393 ’ἒ
891 3343 1081 3396 Odium
1126 3342 1310 3396 istharc
1352 3343 1442 3397 tibi
1473 3345 1641 3412 pariet
1668 3344 1803 3397 adu-

221 3411 367 3475 latio,
397 3422 665 3482 tamquam
692 3416 758 3467 ab
786 3413 999 3467 inimico
1029 3428 1220 3467 noxam
1245 3413 1497 3477 inferens,
1531 3430 1634 3469 non
1656 3430 1804 3468 Cum-

223 3482 441 3537 modum
484 3493 541 3536 ut
582 3485 650 3537 ab
678 3484 872 3538 amico.
922 3483 1133 3537 Laudas
1175 3485 1371 3537 etenim
1397 3483 1557 3538 etiam
1588 3500 1650 3539 ea
1684 3500 1804 3551 qua:

224 3569 379 3618 prava
410 3564 528 3607 sunt
557 3554 934 3609 assentationis
958 3569 1117 3608 causa
1152 3570 1165 3606 :
1199 3569 1304 3607 non
1333 3564 1416 3608 est
1455 3566 1632 3609 autem
1665 3554 1801 3608 adeo

220 3624 463 3692 stupidus
496 3624 565 3687 is,
616 3626 699 3678 cui
750 3624 1022 3688 adularis;
1071 3624 1197 3693 quin
1230 3625 1406 3693 potius
1435 3625 1612 3679 odisse
1644 3625 1805 3680 debet

220 3709 364 3759 eum,
384 3710 415 3747 a
437 3710 542 3776 quo
574 3703 791 3777 propter
820 3703 1033 3764 peccata
1046 3696 1329 3777 laudetur.
1357 3695 1614 3777 Curjusli
1641 3704 1803 3777 atque

224 3766 570 3832 temperantis
598 3765 688 3819 tibi
742 3765 959 3833 figuram
1008 3765 1238 3834 aﬂingis,
1274 3780 1395 3819 cum
1425 3766 1476 3819 in
1508 3765 1802 3820 sceleribus

220 3849 285 3887 ac
333 3836 564 3890 lasciviis
596 3835 949 3904 perseveres?
995 3834 1104 3889 Cur
1148 3836 1506 3905 arrogantiam
1554 3837 1697 3889 cultu
1739 3850 1802 3889 ac

222 3920 472 3960 sermone
508 3906 820 3959 humilitatis
853 3906 1089 3971 ohvelas,
1116 3915 1167 3959 et
1189 3906 1526 3960 observantia
1554 3906 1801 3960 invidiam

219 3975 569 4030 dissimulas?
599 3975 750 4029 Nihil
788 3977 921 4028 enim
949 3987 1020 4030 est
1058 3986 1285 4044 opertum
1308 4017 1322 4038 ,
1346 3976 1481 4045 quod
1524 3994 1624 4030 non
1663 3992 1801 4029 reve-

221 4046 408 4117 labitur
428 4062 447 4099 :
470 4056 514 4100 et
543 4047 795 4101 occultum
818 4088 831 4111 ,
854 4047 988 4116 quod
1015 4064 1115 4100 non
1139 4048 1323 4100 scietur
1340 4045 1560 4117 (Matth.
1578 4047 1664 4101 10.
1684 4044 1799 4117 26).

294 4116 492 4199 Malum
508 4126 591 4196 est
611 4117 841 4199 hominis
863 4118 1114 4199 probrum
1136 4117 1510 4199 “mendacium:
1538 4116 1801 4199 fugiamus

219 4186 293 4239 ob
335 4187 669 4241 mendacium
702 4186 966 4255 objectam
997 4187 1447 4251 criminationem,
1480 4202 1547 4241 ne
1578 4186 1669 4241 tibi
1701 4188 1802 4255 ipsi

220 4256 363 4321 apud
395 4258 622 4311 amicum
652 4257 807 4311 fidem
835 4257 1081 4326 deroges,
1113 4267 1169 4311 ut
1205 4272 1273 4311 ne
1304 4266 1413 4310 tum
1440 4272 1651 4327 quoque
1679 4272 1801 4312 eum

226 4342 346 4379 vera
393 4343 597 4391 narras,
631 4346 734 4381 non
771 4329 1002 4395 amplius
1053 4327 1182 4382 fides
1228 4328 1527 4381 habeatur:
1567 4344 1686 4382 nam
1714 4328 1802 4397 qui

222 4398 406 4468 inuno
432 4398 658 4452 mendax
689 4398 1054 4466 deprehensus
1084 4408 1185 4463 est,
1221 4414 1324 4452 non
1353 4399 1582 4468 amplius
1610 4399 1801 4467 dignus

219 4467 433 4539 estcui,
469 4468 592 4522 licet
620 4485 743 4523 vera
770 4469 1003 4535 dicenti,
1034 4469 1302 4524 credatur.
1341 4467 1503 4537 Loqui
1515 4470 1693 4539 justo,
1725 4469 1805 4522 in-

220 4538 357 4609 quit,
386 4548 432 4591 et
481 4555 703 4593 reracem
748 4556 873 4603 esse,
908 4541 1094 4608 placita
1142 4549 1258 4592 sunt
1309 4539 1416 4593 Deo
1464 4538 1625 4609 magis
1650 4556 1804 4608 quam

221 4608 773 4679 ltostiarunisanguiﬁ
810 4609 961 4663 Prov.
993 4612 1083 4664 Ἠ.
1123 4611 1158 4664 5
1184 4612 1223 4678 ).
1275 4611 1477 4663 Donum
1521 4608 1803 4678 acceptum

218 4677 417 4731 oﬂ’eres
441 4680 548 4734 Deo
576 4721 591 4745 ,
619 4677 777 4733 iidem
809 4696 871 4734 ac
901 4677 1198 4735 veritatem.
1224 4680 1399 4735 Facile
1432 4680 1524 4733 libi
1551 4692 1633 4734 est
1655 4677 1803 4734 alio-

219 4749 347 4813 quin
372 4758 427 4802 ut
457 4764 565 4815 res,
598 4751 672 4804 uti
694 4760 838 4814 sunt,
865 4751 1153 4819 eloquaris,
1177 4767 1281 4804 non
1307 4758 1365 4805 ut
1393 4765 1505 4815 eas,
1530 4766 1649 4820 quae
1676 4766 1803 4804 nus-

218 4834 381 4886 quam
411 4829 556 4885 sunt,
580 4821 1005 4875 comminiscaris
1030 4840 1043 4874 :
1080 4837 1184 4874 non
1216 4821 1359 4875 enim
1389 4820 1655 4875 laborabis
1674 4836 1805 4874 con-

221 4889 441 4944 nitendo
471 4900 528 4945 ut
559 4908 653 4955 pro
679 4891 901 4946 veritate
923 4892 1254 4945 mendacium
1282 4890 1611 4956 admittatur,
1632 4906 1803 4960 neque

221 4960 329 5013 ulla
359 4962 409 5013 in
443 4976 499 5015 re
531 4960 742 5016 fatisces
767 4963 1035 5017 contraria
1068 4962 1161 5015 tibi
1189 4962 1287 5029 ipsi
1320 4962 1371 5015 lo
1413 4960 1587 5015 uendo
1631 4977 1646 5014 :
1692 4977 1799 5016 non

221 5032 361 5083 enim
390 5032 488 5085 sibi
517 5032 615 5085 insi
642 5047 909 5085 consmius
937 5043 1018 5085 est
1045 5047 1227 5085 sermo
1248 4978 1495 5085 mendax.
1513 5031 1629 5085 Non
1658 5033 1799 5085 quod

218 5032 361 5083 enim
390 5032 488 5085 sibi
517 5032 615 5100 ipsi
642 5047 909 5086 consonus
937 5043 1018 5086 est
1045 5047 1227 5087 sermo
1248 5031 1495 5086 mendax.
1513 5031 1629 5085 Non
1658 5033 1800 5100 quod

218 5101 681 5172 aliisimposueris
701 5103 984 5157 erubesces
1010 5111 1086 5168 tu,
1114 5103 1202 5172 qui
1232 5103 1506 5157 veritatem
1532 5103 1798 5158 custodis:

216 5171 566 5239 jurejurando
612 5172 715 5227 ﬁde
766 5173 1064 5242 digniorem
1112 5171 1267 5229 amici
1321 5182 1464 5227 tuam
1504 5174 1801 5227 orationem

218 5242 534 5325 ουιιξιεὺιιιι-ι,
561 5258 630 5325 _ac
681 5245 984 5325 testimonio
1012 5244 1199 5313 quovis
1220 5242 1566 5325 jurejurando
1593 5243 1803 5325 lirtnato

217 5312 418 5384 certius
448 5313 573 5366 illud
604 5313 745 5381 quod
789 5314 1005 5377 dixeris,
1034 5312 1305 5384 tamquam
1331 5312 1533 5381 justum
1560 5322 1614 5384 et
1642 5313 1800 5367 indu-

223 5382 448 5435 bitatmn
489 5384 850 5437 testimonium
898 5394 1046 5438 tuum
1076 5382 1395 5441 admittent:
1428 5383 1796 5453 quandocum-

217 5468 324 5519 que
349 5453 414 5506 ad
447 5455 810 5507 testimonium
844 5454 1128 5509 dicendum
1158 5454 1420 5523 prodieris
1440 5494 1455 5518 ,
1488 5454 1797 5522 praeclaram

215 5522 435 5592 quidem
465 5524 554 5577 tibi
581 5525 803 5593 gloriam
831 5525 900 5579 ob
929 5522 1226 5588 veritatem,
1258 5524 1594 5580 versantibus
1622 5537 1800 5580 autem

218 5595 271 5647 in
310 5596 545 5661 periculo
572 5595 680 5649 reis
704 5595 930 5649 salutem
957 5635 973 5661 ,
1000 5605 1053 5649 et
1084 5595 1274 5664 injuria
1316 5596 1587 5665 oppressis
1614 5596 1800 5665 utilita-

220 5675 328 5718 tcm
358 5665 410 5718 in
434 5665 633 5734 judicio
656 5665 992 5721 conciliabis.
1016 5665 1176 5719 Labia
1196 5664 1413 5731 veracia,
1442 5666 1632 5735 inquit,
1665 5664 1800 5718 diri-

218 5744 345 5806 gunt
367 5736 711 5808 testimonium
728 5752 898 5808 verum
927 5752 945 5808 ξ
973 5736 1109 5790 testis
1134 5745 1302 5790 autem
1323 5737 1626 5808 injustarum
1648 5736 1797 5789 dolo-

220 5802 311 5864 sas
332 5802 517 5878 (Prov.
551 5806 754 5878 12.19)
785 5824 797 5861 :
830 5806 1059 5879 benigno
1087 5809 1226 5863 vultu
1275 5817 1324 5863 te
1352 5802 1688 5863 contuebitur
1709 5808 1797 5878 ju-

1824 1746 1895 1757 .-

1915 1934 2015 1990 dex
2044 1977 2060 2001 ,
2095 1946 2251 2006 teque
2302 1936 2447 1990 omni
2485 1935 2764 2005 judiciaria
2820 1936 3190 2007 disquisitione
3236 1938 3500 1996 liberabit.

1916 2007 2391 2061 Verumeuimvero
2423 2007 2577 2061 laude
2601 2006 2760 2075 digna
2799 2018 2924 2061 sunt
2964 2008 3103 2077 apud
3138 2010 3302 2064 Deum
3327 2008 3505 2063 humi-

1915 2077 2079 2131 litatis
2121 2086 2264 2132 recte
2309 2078 2467 2140 facta,
2513 2078 2789 2148 siquidem
2828 2080 3044 2147 exsequi
3092 2094 3152 2132 ea
3209 2080 3494 2148 possimus.

1918 2148 2128 2202 Etenim
2166 2148 2315 2201 multi
2358 2162 2480 2200 cum
2529 2148 2727 2216 aliquid
2781 2147 2904 2201 boni
2932 2150 3158 2217 egerint,
3191 2147 3494 2217 deprimere

1914 2219 2232 2287 semetipsos
2260 2225 2520 2271 conantur
2545 2227 2737 2286 praeter
2752 2218 2919 2288 ipsam
2947 2218 3244 2283 veritatem,
3265 2228 3317 2272 et
3341 2235 3491 2272 men-

1915 2289 1998 2341 tiri
2030 2298 2215 2343 contra
2242 2290 2448 2356 seipsos
2479 2288 2697 2342 malunt.
2724 2289 2792 2341 At
2814 2304 2912 2358 ego
2943 2289 3033 2343 tibi
3059 2288 3198 2348 dico.
3220 2290 3289 2342 mi
3313 2288 3500 2351 homo,

1920 2370 1972 2413 tu
2004 2359 2281 2429 humiliter
2304 2373 2399 2427 pro
2427 2358 2502 2412 rei
2530 2359 2753 2413 veritate
2796 2358 2864 2413 de
2900 2368 2953 2413 te
3001 2364 3136 2413 senti
3181 2377 3194 2412 :
3233 2360 3377 2429 apud
3403 2360 3492 2413 Dei

1911 2445 2069 2484 aures
2093 2428 2309 2482 humilia
2338 2429 2404 2482 de
2429 2429 2599 2495 teipse
2631 2430 2871 2497 loquere,
2894 2430 3030 2483 sicut
3058 2428 3322 2483 Abraham
3350 2428 3497 2484 dice-

1913 2500 2019 2562 bat,
2054 2500 2164 2568 Ego
2189 2507 2356 2552 autem
2381 2516 2492 2568 sum
2533 2510 2666 2552 terra
2706 2511 2751 2552 et
2774 2500 2901 2551 ciuis
2927 2500 2943 2567 (
2968 2498 3095 2553 Gen.
3130 2500 3216 2553 18.
3245 2499 3314 2552 ΞἸ
3344 2501 3361 2566 )
3388 2517 3401 2551 :
3440 2512 3498 2552 ιιι

1915 2567 2361 2634 Ριιιιιιιεόὶροιηιι,
2393 2567 2504 2639 Ego
2543 2586 2655 2621 sum
2703 2571 2942 2622 ntiuimus
2991 2570 3380 2638 apostolorum,
3404 2571 3492 2637 qui

1912 2658 2014 2693 non
2040 2658 2151 2695 sum
2177 2640 2361 2709 dignus
2388 2641 2559 2693 vocari
2587 2640 2869 2709 apostolus,
2890 2641 3008 2706 quia
3038 2650 3363 2709 persequutus
3384 2656 3499 2692 sum

1917 2711 2195 2765 Ecclesium
2227 2698 2322 2764 Dei
2352 2709 2444 2781 (1.
2470 2710 2588 2781 Cor.
2622 2698 2712 2781 '15.
2742 2698 2917 2781 9.“le
2945 2729 2958 2763 :
2988 2698 3175 2765 rursus
3193 2698 3372 2781 autem
3403 2725 3497 2763 ve-

1913 2784 2121 2835 ritatem
2158 2778 2507 2850 proloquutus
2527 2780 2755 2850 adjecit,
2790 2778 2973 2833 Gratia
2997 2789 3166 2833 autent
3198 2779 3291 2833 Dei
3310 2796 3422 2833 sum
3445 2781 3497 2832 id

1909 2852 2042 2921 quod
2087 2868 2220 2906 sum.
2252 2849 2343 2904 llis
2374 2852 2550 2919 itaque
2580 2851 2658 2904 sic
2686 2849 2753 2903 ad
2781 2850 3077 2921 doctrinam
3100 2859 3333 2921 nostram
3367 2864 3495 2918 pro-

1912 2919 2118 2991 positis,
2150 2921 2449 2975 simulatam
2480 2922 2711 2988 speciem
2757 2920 2902 2973 omni
2938 2935 3003 2974 ex
3035 2930 3184 2989 parte
3210 2919 3493 2988 fugiamus.

1910 2990 2016 3047 (Zur
2055 2991 2450 3059 nobismetipsis
2485 2991 2657 3044 larvas
2709 2991 3192 3059 circumponimus,
3216 3004 3337 3043 cum
3367 2990 3497 3059 tales

1910 3080 2014 3117 non
2045 3064 2210 3116 simus
2235 3058 2418 3130 quales
2443 3077 2540 3114 nos
2564 3058 3054 3126 ostentamus,’dum
3076 3069 3252 3114 vestes
3278 3058 3491 3128 quidem

1908 3133 1974 3187 ad
2000 3144 2193 3187 terram
2237 3129 2495 3185 trahimus
2548 3131 2599 3183 in
2645 3130 2826 3184 habitu
2868 3140 3171 3184 sanctorum
3201 3170 3217 3195 ,
3259 3130 3498 3183 moribus

1908 3202 2311 3257 autrmciferati
2340 3243 2355 3264 ,
2401 3216 2650 3255 sermone
2696 3202 2908 3270 quidem
2949 3211 3004 3254 et
3053 3201 3248 3254 amictu
3287 3200 3490 3270 sancti,

1908 3275 2086 3328 animo
2116 3289 2241 3325 vero
2280 3282 2335 3325 et
2381 3271 2633 3340 aperibus
2682 3268 3004 3325 inhumani?
3046 3270 3159 3324 Non
3188 3268 3491 3340 vestitusin

1910 3360 2131 3412 regnum
2161 3338 2733 3397 caelorumfintroducit
2756 3383 2770 3406 ,
2799 3342 2890 3396 sed
2934 3356 3095 3412 Opera
3113 3340 3356 3412 justitiat.
3376 3338 3494 3412 Non

1911 3409 1993 3467 ita'
2010 3414 2229 3480 aspiciet
2276 3412 2436 3465 homo
2459 3454 2475 3477 ,
2508 3419 2567 3466 ιιι
2607 3412 2830 3480 aSpiciet
2862 3409 3003 3465 Deus
3034 3428 3046 3463 :
3082 3409 3243 3464 homo
3272 3409 3486 3480 quidem

1910 3486 1961 3537 in
1994 3478 2180 3537 faciem
2205 3484 2458 3551 aspiciet:
2489 3482 2628 3537 Deus
2652 3478 2830 3536 autem
2854 3482 3075 3551 aspiciet
3094 3481 3161 3551 ad
3183 3495 3296 3551 cor.
3328 3478 3493 3551 Scru-

1911 3501 1961 3537 III
1994 3498 2180 3537 lactem
2205 3498 2458 3551 asptuet:
2489 3498 2628 3537 ueus
2652 3498 2830 3536 autem
2854 3498 2912 3535 as
2954 3498 3075 3535 tctet
3094 3498 3161 3534 au
3183 3498 3296 3535 cor.
3328 3498 3488 3533 acru-

1910 3565 2026 3608 tans
2054 3555 2220 3616 enim,
2252 3554 2438 3622 inquit,
2472 3554 2626 3606 corda
2654 3563 2700 3606 et
2740 3569 2883 3606 renes
2912 3498 3051 3606 fleas
3076 3549 3248 3619 (Psal.
3278 3550 3330 3603 7.
3360 3549 3488 3622 ill):

1908 3634 1965 3679 et
1994 3633 2210 3694 propter
2236 3620 2357 3694 eum
2386 3624 2475 3692 qui
2505 3624 2669 3687 venit,
2704 3632 2760 3677 ut
2783 3624 2997 3691 colligat
3034 3622 3314 3694 hominum
3341 3620 3489 3694 cogi-

1910 3690 2137 3749 lationes
2166 3713 2178 3747 :
2206 3690 2565 3748 Onmiaienim
2598 3694 2736 3747 nuda
2760 3703 2876 3747 sunt
2905 3690 2953 3746 et
2974 3703 3152 3762 aperta
3179 3690 3341 3762 oculis
3360 3691 3492 3762 eius.

1910 3765 2031 3818 Non
2061 3776 2131 3819 est
2180 3766 2263 3833 qui
2316 3780 2368 3817 se
2397 3764 2673 3817 abscondat
2697 3780 2729 3816 a
2756 3765 2924 3818 calore
2952 3760 3060 3833 ejus
3089 3760 3271 3830 (Hebr.
3298 3761 3352 3814 4.
3380 3760 3448 3814 15
3476 3775 3493 3823 ;

1910 3834 2054 3888 Psal.
2092 3836 2178 3889 18.
2199 3836 2276 3903 7).
2306 3833 2492 3888 Veniet
2523 3843 2731 3901 tempus
2755 3850 2874 3888 cum
2912 3834 3010 3887 hac
3033 3834 3241 3901 abjecta
3269 3844 3493 3901 persona

1910 3907 2082 3959 nudus
2114 3906 2398 3973 reperieris
2418 3945 2432 3966 ,
2461 3915 2679 3973 tumque
2711 3914 2769 3957 ut
2812 3903 2983 3957 Adam
3032 3914 3154 3972 post
3207 3904 3411 3971 lapsum
3440 3904 3491 3956 in

1907 3985 2200 4045 conspectu
2232 3974 2324 4028 Dei
2354 3989 2611 4042 apparere
2654 3984 2710 4045 te
2759 3973 3032 4045 pudebit__;
3082 3973 3359 4045 illicienim
3386 3988 3491 4045 tum

1902 4045 2014 4115 jam
2043 4043 2256 4099 habitus
2282 4046 2538 4111 quaeritur
2562 4085 2577 4107 ,
2619 4043 2713 4115 sed
2737 4059 2938 4115 opera.
2978 4043 3108 4096 Nam
3138 4043 3247 4115 _bic
3275 4043 3492 4115 quidem

1907 4113 2277 4185 st-penumero
2304 4116 2557 4179 fallimus,
2580 4123 2630 4167 et
2663 4114 2914 4181 indicium
2941 4113 3181 4185 criminis
3204 4113 3489 4177 evitamus,

1907 4198 1961 4241 et
1987 4184 2273 4240 venerandi
2306 4184 2514 4254 habitus
2530 4199 2688 4238 causa
2709 4193 2975 4254 tamquam
2998 4184 3127 4252 justi
3148 4195 3489 4252 apparetnec,

1908 4272 1972 4312 ac
1996 4270 2366 4325 saepenumero
2392 4253 2575 4308 felices
2600 4253 2958 4325 praedicamur
2986 4271 2999 4306 ς
3036 4254 3142 4307 illic
3169 4264 3352 4306 autem
3379 4266 3489 4306 mm

1905 4327 2012 4395 jam
2043 4326 2273 4395 amplius
2304 4326 2427 4379 licet
2452 4325 2728 4395 imponere
2759 4344 2772 4379 :
2807 4326 2917 4379 illic
2941 4340 3104 4393 opera
3124 4335 3440 4395 quzeruntur
3465 4363 3481 4389 ,

1909 4394 2013 4451 non
2038 4394 2147 4466 jam
2191 4396 2403 4450 habitus
2442 4394 2796 4459 venerabilis;
2828 4396 2934 4450 imo
2970 4410 3098 4449 vero
3128 4394 3315 4466 majori
3360 4406 3491 4460 sup-

1909 4465 2066 4537 plicio
2092 4482 2154 4521 ac
2178 4467 2518 4537 damnatione
2545 4466 2862 4533 plcetemur,
2909 4467 2951 4519 si
2986 4465 3343 4519 venerabilem
3370 4465 3488 4532 qni-

1907 4536 2028 4593 dem
2051 4538 2440 4606 honestumque
2471 4536 2707 4589 habitum
2737 4538 3147 4606 gestaverimus,
3181 4550 3278 4606 nec
3309 4542 3488 4587 tamen

1909 4608 2118 4662 habitus
2145 4623 2307 4675 opera
2342 4604 2907 4674 perfecerimuSIAudi
2933 4606 2999 4660 de
3028 4606 3229 4660 Judaeis
3258 4604 3487 4673 loqueno

1912 4688 2016 4734 lem
2040 4680 2390 4739 Salvatorem,
2418 4679 2511 4731 sed
2540 4678 2837 4731 doctrinam
2869 4692 2987 4747 qua:
3013 4690 3110 4729 nos
3131 4684 3337 4747 spectat
3369 4692 3492 4747 prn-

1908 4750 2167 4804 ferentem
2202 4766 2216 4801 :
2262 4748 2489 4801 Dilataut
2509 4747 2651 4801 enim
2680 4748 2848 4815 inquit
2875 4744 2900 4811 ,’
2921 4744 3191 4813 ﬁmbrias}
3218 4756 3265 4798 et
3294 4745 3346 4797 in
3376 4744 3491 4810 pla-

1911 4821 2001 4873 teis
2023 4830 2171 4874 orant
2201 4829 2255 4872 ut
2286 4818 2571 4872 hominibus
2588 4819 2718 4888 justi
2742 4814 3046 4887 ὺὶάεαηηιν(
3079 4815 3267 4869 Matth.
3300 4814 3402 4888 25.
3433 4815 3490 4870 5.

1907 4901 1951 4943 et
1980 4908 2025 4943 c.
2056 4892 2109 4945 6.
2139 4890 2208 4960 5)
2242 4906 2256 4942 :
2280 4889 2331 4941 hi
2360 4905 2486 4943 vero
2506 4885 2769 4960 accipient
2788 4885 3183 4960 damnationem
3209 4885 3489 4960 majorem.

1909 4956 2197 5015 Desideras
2217 4960 2452 5013 habitum
2480 4959 2864 5026 venerandum,
2891 4966 2946 5012 et
2971 4956 3365 5012 Cbristiauismi
3398 4973 3493 5009 no-

1907 5048 2029 5085 men
2057 5030 2329 5099 expetisti.
2358 5030 2435 5085 Ne
2464 5029 2552 5084 hic
2594 5039 2800 5084 tantum
2826 5029 3112 5092 consistas,
3140 5028 3233 5082 sed
3265 5042 3489 5099 operum

1906 5098 2234 5157 exhibitione
2256 5100 2337 5154 fac
2363 5112 2653 5170 appareant
2677 5099 3165 5169 promissa,quibus
3185 5098 3492 5170 tegohstrin-

1906 5172 2053 5225 xisti.
2085 5172 2191 5227 Cur
2216 5171 2279 5224 ad
2315 5167 2633 5239 promissum
2664 5167 2722 5224 es
2754 5167 3013 5239 praaceps,
3038 5184 3159 5222 cum
3201 5167 3331 5223 illud
3360 5182 3489 5235 ope-

1912 5242 2061 5297 ribus
2109 5259 2212 5294 non
2250 5240 2585 5295 confirmes?
2622 5241 2846 5309 Oportet
2867 5240 3026 5308 igitur
3069 5248 3123 5309 et
3170 5249 3327 5309 caute
3365 5247 3486 5290 vota

1907 5327 2217 5380 nuncupare
2248 5353 2264 5376 ,
2295 5320 2351 5365 et
2403 5308 2686 5382 diligenter
2734 5311 2966 5382 debitn_m
3013 5308 3119 5361 voti
3156 5308 3484 5382 persolvere.

1916 5377 2101 5437 Voveté
2117 5398 2342 5451 namque
2362 5390 2405 5435 et
2427 5377 2620 5435 reddite
2636 5380 2855 5434 Domino
2884 5378 2992 5451 Deo
3016 5387 3176 5451 vestro
3199 5380 3215 5447 (
3227 5377 3483 5451 Psal._75.

1908 5454 1975 5507 12
2004 5457 2021 5524 )
2058 5471 2071 5508 :
2102 5448 2283 5507 sancta
2308 5453 2715 5508 conversatione
2740 5466 2860 5524 cum
2893 5449 2983 5503 illo
3006 5449 3351 5524 conjungere,
3381 5448 3483 5524 hoc

1904 5519 2240 5590 est'cnrpnre
2294 5534 2348 5577 et
2374 5524 2584 5592 Spiritu,
2617 5531 2670 5576 et
2721 5522 2895 5575 anima
2944 5537 2978 5592 :_
3009 5519 3139 5573 nihil
3196 5520 3481 5592 subtrahas

1904 5595 1972 5650 de
2005 5590 2490 5663 promissione,'ne
2518 5594 2703 5648 eadem
2742 5591 2833 5646 tibi
2872 5590 3135 5663 accidant,
3176 5591 3479 5663 quasiAna-

1905 5661 2017 5721 nia!
2040 5673 2111 5735 et
2142 5664 2439 5735 Sapphirae.
2490 5664 2568 5719 Illi
2594 5665 2736 5719 enim
2767 5677 2887 5735 cum
2913 5661 2982 5716 de
3012 5663 3185 5730 pretio
3213 5662 3325 5730 agri
3351 5676 3475 5729 pro-

1905 5736 2053 5790 missi
2094 5734 2465 5800 fraudassent,
2500 5744 2669 5789 morte
2701 5734 2865 5803 puniti
2897 5741 3041 5797 sunt,
3070 5740 3124 5786 et
3149 5747 3246 5786 nos
3271 5740 3482 5803 oportet

1905 5807 2002 5862 ista
2024 5804 2389 5863 reformidare.
2408 5802 2861 5862 Sciendum’enim
2891 5812 2973 5860 est
2999 5818 3094 5859 nec
3132 5802 3480 5874 ignorandqu
