3828 6226
357 302 490 361 1075

354 428 416 466 ea
442 426 562 480 qua:
604 411 712 465 Deo
756 412 1135 480 promisimus,
1180 427 1287 466 non
1323 410 1432 480 jam
1483 410 1715 481 amplius
1753 418 1936 462 nostra

353 496 495 547 esse,
520 481 613 537 sed
640 483 706 537 ad
738 484 900 537 Deum
930 484 1217 551 pertinere.
1239 483 1328 535 Dei
1349 482 1620 549 suppellcx
1643 489 1720 534 est
1745 493 1799 533 et
1817 481 1936 533 the-

360 567 552 606 saurus
579 552 862 621 promissio
889 560 1160 615 uostra,et
1185 554 1227 606 si
1247 551 1373 620 quid
1392 552 1513 604 inde
1541 551 1936 612 subtrahamus,

363 636 463 675 non
486 622 597 691 jam
634 633 813 676 nostra
840 623 1125 690 accipimus
1148 662 1163 685 ,
1193 621 1287 676 sed
1319 622 1575 690 sacrilege
1604 622 1695 674 Dei
1727 622 1941 691 thesau-

365 707 450 744 ros
490 689 845 762 compilamus
872 734 889 756 ,
943 689 1175 761 vereque
1205 700 1472 762 tamquam
1512 689 1753 757 sacrilegi
1801 689 1955 760 indi--

366 762 622 817 cabiinur.
655 763 824 818 Porro
851 778 956 817 non
981 763 1326 831 pecuniarum
1356 772 1557 815 tantum
1579 761 1694 826 ,sed
1724 762 1806 815 vel
1828 776 1941 814 ser-

361 834 536 885 monis
579 842 632 887 et
654 833 943 886 voluntatis
970 842 1050 886 est
1080 832 1383 900 promissio.
1434 831 1515 885 De
1537 833 1696 896 omni,
1722 833 1890 900 inquit
1921 869 1938 891 .

363 902 509 955 verbo
528 906 687 957 otioso
712 902 893 956 reddes
933 903 1178 955 rationem
1200 903 1252 955 in
1278 902 1362 954 die
1376 903 1563 971 judicii
1591 902 1610 970 (
1640 901 1824 955 Matth.
1853 902 1941 955 12.

364 971 472 1040 56)
504 989 517 1024 :
550 974 785 1037 divinum
827 974 971 1027 enim
1017 988 1371 1041 magnumque
1411 974 1721 1042 mysterium
1753 987 1859 1026 non
1891 972 1942 1026 in

369 1044 606 1109 pecuniis
636 1045 861 1113 positum
902 1051 1006 1106 est,
1036 1044 1150 1113 sed
1208 1043 1263 1097 in
1318 1044 1551 1111 perfecta
1576 1043 1848 1096 voluntate
1882 1058 1947 1098 ac

363 1112 657 1181 proposito,
675 1124 730 1168 et
758 1115 808 1167 in
838 1114 1004 1167 Deum
1025 1112 1159 1175 ﬁde;
1187 1127 1378 1168 omnes
1405 1114 1546 1167 enim
1582 1114 1941 1183 promisimus,

365 1192 419 1234 et
448 1198 637 1238 omnes
664 1183 1038 1253 promissionis
1062 1184 1333 1238 debitores
1360 1199 1565 1237 sumus.
1615 1182 1796 1251 Itaque
1845 1199 1940 1237 ne-

364 1267 516 1307 cesse
547 1264 631 1308 est
668 1264 726 1307 ut
752 1254 940 1308 reddat
965 1253 1114 1323 virgo
1139 1253 1355 1323 quidem
1387 1254 1765 1321 virginitatem,
1788 1269 1947 1323 quam

364 1333 417 1375 et
449 1324 694 1391 promisit
721 1341 736 1379 :
767 1324 1051 1379 continens
1073 1338 1221 1388 vero,
1257 1325 1638 1378 continentiam
1672 1339 1687 1376 :
1732 1326 1820 1393 qui
1847 1339 1946 1378 au-

369 1404 472 1445 tem
493 1395 829 1448 matrimonio
845 1394 1064 1463 junctus
1084 1403 1186 1457 est,
1211 1395 1635 1462 temperantiam,
1654 1402 1711 1449 et
1729 1395 1794 1449 ad
1816 1395 1952 1448 invi-

366 1478 481 1517 cent
499 1465 798 1521 caritatem.
830 1465 960 1519 Nam
986 1482 1104 1533 qua:
1134 1466 1486 1534 virginitatem
1515 1481 1574 1520 se
1590 1475 1947 1527 servaturam,

372 1544 462 1605 aut
490 1535 541 1587 in
557 1534 821 1605 ‘viduitate
852 1536 1232 1589 continentiam
1275 1536 1532 1603 promittit
1563 1577 1577 1600 ,
1624 1536 1668 1590 si
1703 1536 1950 1605 promissi

371 1603 527 1676 tidem
561 1603 823 1676 fefellerit.
840 1614 997 1673 atque
1021 1607 1085 1657 ad
1110 1606 1323 1676 nuptias
1346 1621 1405 1676 se
1426 1603 1774 1669 transtulerit,
1797 1607 1950 1659 dam-

371 1674 636 1743 nationem
685 1675 861 1740 hahel,
892 1676 1012 1743 quia
1061 1674 1288 1742 primatu
1335 1675 1493 1729 fidem
1551 1677 1751 1729 irritam
1805 1676 1950 1730 fecit.

373 1742 557 1796 Merito
577 1756 752 1798 autem
781 1755 835 1797 et
858 1742 1133 1814 presbyter
1162 1748 1387 1799 reddere
1408 1746 1566 1799 debet
1596 1747 1952 1800 sacerdotium

370 1826 643 1881 acteptnm
674 1856 689 1876 ,
726 1826 777 1868 et
808 1817 1065 1870 diaconus
1088 1816 1216 1885 (seu
1264 1817 1507 1870 minister
1536 1816 1555 1887 )
1593 1818 1948 1871 ministerium

402 2008 1738 2046 ww

1890 297 2158 352 SPURM.

3505 298 3636 353 $076

2049 410 2538 479 irrcprehensibiie,
2564 428 2668 473 non
2691 427 2776 477 ea,
2802 428 2921 482 quae
2949 411 3013 464 ad
3035 413 3244 466 diaconi
3278 414 3636 468 ministerium

2051 482 2334 548 pertinent,
2364 483 2542 536 furtim
2569 483 2886 546 auferendo,
2927 499 2995 537 ne
3024 486 3421 539 condemnetur
3447 496 3503 538 ut
3544 484 3637 539 Ju-

2049 551 2166 616 das,
2190 551 2317 626 dum
2365 550 2566 609 vendit.
2596 553 2755 626 Multa
2786 554 2946 626 igitur
2975 555 3061 608 hic
3089 569 3224 626 opus
3250 564 3335 609 est
3360 554 3639 626 diligentia

2049 631 2104 673 et
2132 624 2401 687 cautione,
2433 639 2501 677 ne
2523 624 2642 693 quis
2689 625 2825 677 forte
2879 625 3046 678 Deum
3084 624 3263 689 fallat,
3294 624 3482 693 neque
3503 627 3638 679 inte-

2049 706 2205 762 grum
2236 694 2795 765 reddatpromissum,
2829 694 2910 747 vel
2955 695 3130 765 potius
3153 695 3460 763 depositum
3498 695 3641 765 quod

2056 774 2301 817 nostrum
2351 764 2580 833 quisque
2621 765 2883 833 promisit.
2942 764 3058 819 Non
3110 767 3338 834 amplius
3400 777 3641 826 ulnarum

2051 843 2157 898 est,
2188 834 2281 888 sed
2312 834 2382 888 ita
2414 836 2688 889 nobiseum
2720 844 2968 903 reputare
3008 835 3298 900 debemus,
3329 852 3359 889 a
3394 836 3511 889 Deo
3550 852 3645 890 nos

2051 903 2351 975 depositum
2404 905 2675 975 accepisse
2707 916 2905 974 :atqne
2935 916 2993 960 ut
3025 921 3146 961 cum
3178 906 3399 961 minime
3424 906 3643 960 defrau-

2051 973 2230 1044 datutn
2278 973 2597 1044 promissum
2639 973 2843 1028 orando
2888 977 3313 1043 servaverimus,
3358 977 3648 1031 tremendo

2052 1042 2250 1116 Christi
2278 1042 2540 1099 tribunali
2590 1046 2880 1109 sistamus,
2916 1061 2981 1099 ne
3023 1042 3490 1116 tamquamidebiti
3523 1047 3648 1100 inli—

2053 1115 2284 1170 ciatores
2312 1118 2578 1171 sententia
2606 1116 2671 1169 ad
2718 1118 2938 1170 Ananiae
2984 1115 3288 1184 exemplum
3334 1131 3436 1170 nos
3459 1118 3649 1185 Oppri-

2055 1193 2184 1239 mat.
2241 1186 2422 1256 Itaque
2467 1189 2630 1240 multa
2663 1187 2815 1240 nobis
2846 1187 2933 1241 hic
2960 1186 3266 1241 adhibenda
3297 1199 3384 1241 est
3408 1187 3601 1240 cunno
3629 1227 3647 1250 ,

2056 1271 2155 1310 nec
2183 1259 2234 1310 in
2265 1257 2446 1326 aliquo
2474 1258 2620 1320 labi,
2659 1266 2753 1310 aut
2795 1256 2862 1310 de
2895 1258 3160 1325 promisso
3188 1258 3486 1325 quidquam
3521 1259 3652 1311 sub-

2058 1326 2289 1389 trahere,
2318 1326 2413 1381 sed
2444 1341 2634 1382 exacte
2663 1327 2985 1394 promissum
3029 1327 3254 1381 reddere
3289 1328 3613 1382 studeamus
3634 1370 3651 1388 .

2059 1412 2127 1450 ne
2160 1399 2339 1451 habitu
2396 1409 2550 1452 tenus
2606 1397 3073 1452 Christianismum
3122 1398 3483 1465 proﬁtendum
3528 1413 3653 1451 esse

2058 1483 2396 1530 censeamus,
2431 1483 2605 1537 neque
2629 1470 2729 1520 hoc
2752 1469 2987 1521 contenti
3027 1483 3338 1522 maneamus
3357 1510 3374 1531 ,
3402 1468 3503 1522 sed
3529 1483 3653 1520 eum

2059 1553 2156 1605 per
2182 1554 2404 1609 operum
2433 1538 2897 1592 conﬁrmationem
2941 1540 3185 1592 veritatis
3207 1555 3270 1592 ac
3309 1538 3540 1607 iustitia:
3565 1553 3648 1590 se-

2059 1616 2291 1663 ctatores
2315 1625 2379 1663 ac
2406 1609 2687 1663 domestici
2713 1610 3251 1678 perseveraverimus,
3271 1623 3365 1662 eos
3392 1609 3655 1667 honores,

2061 1681 2147 1747 qui
2171 1680 2429 1746 justitiam
2448 1677 2764 1749 sequuntur,
2783 1677 2980 1733 Clu-isti
3001 1694 3219 1733 munere
3230 1693 3653 1747 consequamur:

2062 1751 2147 1803 cui
2177 1750 2346 1819 gloria
2371 1751 2424 1803 in
2454 1750 2668 1804 smcula.
2700 1754 2895 1804 Amen.

2519 2008 3627 2040 -ἷ-μσ--ὺ--φ--η--απ

1488 2166 1570 2228 ΙΝ
1605 2164 2019 2227 HOMILIAM
2061 2167 2537 2240 SEQUENTEM

459 2364 573 2418 lloe
620 2360 787 2431 inepti
847 2355 1084 2411 hominis
1128 2352 1523 2424 Chrysostomo
1560 2348 1897 2418 adscriptum
1940 2362 2080 2418 opus
2129 2347 2423 2418 praeferunt
2488 2359 2720 2421 utraque
2777 2351 2967 2419 editio,
3012 2353 3289 2412 Saviliana
3343 2372 3549 2429 nempe
3580 2371 3637 2414 et

379 2453 728 2510 Morelliana:
759 2448 944 2503 omnia
981 2445 1070 2500 hic
1097 2442 1500 2515 ἀπροσδιόνυσα
1528 2442 1545 2494 ἐ
1585 2439 1758 2512 stylus
1794 2439 1978 2510 sagaci
2014 2439 2131 2492 viro
2175 2439 2454 2510 indiguus,
2490 2452 2815 2511 argumenta
2852 2455 2911 2500 ut
2958 2447 3253 2516 plurimum
3287 2449 3425 2505 levia
3450 2463 3509 2507 et
3546 2432 3639 2509 fu-

380 2549 495 2606 tilia
520 2565 535 2613 ;
562 2545 610 2599 si
636 2558 745 2614 qua
779 2554 909 2594 vero
934 2535 1171 2607 alicujus
1193 2535 1354 2606 pretii
1376 2533 1510 2597 sint,
1534 2547 1597 2586 ea
1624 2547 1687 2587 ex
1716 2528 1878 2587 modo
1903 2529 2163 2585 narrandi
2195 2529 2612 2588 labefactautur.
2648 2533 2787 2587 Cum
2816 2546 3001 2591 autem
3040 2538 3126 2594 hic
3157 2540 3396 2611 scriptor
3410 2540 3641 2599 Judaeu-

385 2656 507 2697 rum
548 2639 616 2693 de
639 2632 954 2692 mouarchia
984 2629 1040 2687 in
1074 2629 1184 2686 Deo
1220 2627 1545 2685 sententiam
1571 2623 1839 2690 confutat,
1873 2638 2008 2680 cave
2047 2631 2206 2695 putes
2231 2638 2356 2679 eum
2390 2624 2657 2680 unitatem
2693 2626 2777 2680 vel
2811 2627 3063 2698 principii
3094 2629 3174 2686 vel
3202 2632 3552 2703 principatus
3578 2638 3636 2692 iu

1039 2846 3515 2873 ww

1478 2996 1952 3083 CONTRA
1990 2993 2500 3094 JUD/EOS,

444 3219 525 3262 e'r
564 3222 869 3268 GENTILES
919 3227 997 3269 ετ
1038 3228 1444 3285 ηλειιετιαοες
1482 3202 1559 3273 er
1604 3230 1665 3272 IN
1712 3230 1925 3286 ILLUD,
1959 3226 2240 3273 vocs-rus
2272 3226 2388 3270 ηδτ
2420 3222 2599 3268 nasus
2642 3223 2727 3267 AD
2769 3218 3034 3265 munus
3068 3204 3313 3283 (Joan.
3338 3201 3400 3262 2.
3447 3203 3492 3267 2
3523 3205 3570 3283 ).

1813 3350 2182 3407 WE—o-

434 3474 786 3552 llirundinum
817 3478 941 3552 pulli
982 3480 1034 3533 in
1087 3481 1215 3534 nido
1241 3482 1474 3546 sedent,
1527 3493 1943 3552 exspectantque

360 3554 648 3622 parentes,
691 3548 785 3622 qui
831 3548 941 3622 sibi
979 3552 1226 3622 alimenta
1276 3552 1500 3607 aﬂ‘erant
1530 3548 1794 3622 :cu'mque
1821 3548 1939 3611 illus

359 3616 673 3692 accedentes
701 3618 900 3692 vident.
931 3619 1133 3692 levi_(a)
1173 3620 1276 3692 [ala
1309 3632 1522 3676 movent
1543 3616 1721 3677 aereui
1747 3627 1941 3680 cantil-

363 3682 556 3749 lantes,
583 3693 636 3739 et
663 3686 729 3739 ad
758 3688 965 3742 illorum
986 3682 1274 3744 adventum
1297 3692 1682 3761 applaudentes
1707 3711 1722 3747 :
1751 3696 1944 3750 simili-

362 3761 446 3836 ter
468 3762 537 3836 et
564 3768 1044 3836 eorum__parcntes
1080 3776 1199 3814 eum
1240 3762 1421 3816 nidulo
1464 3765 1891 3836 appropinquant
1923 3807 1938 3831 ,

357 3824 652 3902 cantillant,
685 3824 846 3894 punis
892 3829 1177 3902 adventum
1222 3847 1376 3885 suum
1426 3824 1943 3891 ιιιιὶιὶἰειιῖιρεξδίιιιίἓ

360 3892 481 3972 liter
506 3892 697 3950 autem
715 3906 771 3952 et
798 3912 894 3953 vos
916 3899 966 3952 in
992 3901 1118 3955 nido
1141 3902 1322 3972 templi
1351 3903 1506 3972 hujus
1540 3904 1738 3960 sedetis
1759 3922 1936 3963 meum

357 3961 643 4046 adventum
666 3977 1065 4046 exspectantes
1083 3988 1097 4024 :
1121 3982 1180 4046 et
1200 3961 1322 4046 quia
1359 3961 1661 4046 ve'uimitem
1704 3961 1935 4042 videtis,

360 4030 503 4116 tevi]
532 4037 726 4116 mentis
770 4030 859 4116 ala
907 4041 1116 4116 velatis.
1150 4030 1270 4097 Pa'ri
1307 4043 1466 4097 modo
1490 4060 1591 4115 ego
1618 4030 1937 4116 quoquead

358 4101 873 4186 buné__spiritual_em
923 4110 1102 4164 nidum
1148 4101 1693 4186 accessurusfprius
1740 4101 1935 4173 emissa

354 4187 487 4256 voce
520 4174 995 4256 'gratiasago,
1030 4182 1172 4256 quod
1226 4191 1334 4237 tam
1377 4174 1502 4256 mei
1527 4174 1768 4240 amantes
1799 4189 1938 4242 filios

354 4243 582 4298 dederit.
615 4243 807 4301 verum
860 4243 1170 4306 hirundines
1206 4266 1383 4308 escam
1409 4254 1477 4309 ab
1510 4270 1604 4310 ore
1631 4257 1684 4309 in
1715 4272 1776 4313 os
1822 4268 1934 4312 tra-

355 4313 527 4394 dunt;
556 4329 654 4369 nos
675 4332 808 4394 vero
832 4333 1019 4394 secus;
1052 4322 1120 4375 ab
1140 4336 1238 4377 ore
1291 4338 1520 4394 namque
1549 4326 1600 4379 in
1627 4341 1808 4380 aurem
1856 4329 1936 4382 in-

355 4381 762 4463 fundimus._li_la
787 4389 930 4443 enim
956 4381 1021 4463 in:
1049 4381 1446 4463 corruptionem
1476 4397 1787 4463 procedunt.
1835 4381 1904 4450 uo

354 4463 466 4532 tura
495 4469 620 4532 vero
646 4457 1285 4532 inincorruptibilitatem.
1307 4462 1398 4519 Illa
1416 4457 1637 4532 corpora
1654 4469 1929 4531 nutriunt;

352 4523 471 4609 tunc
495 4528 725 4580 animam
737 4523 1100 4609 .itnpinguant.
1123 4532 1249 4587 Ihcc
1290 4550 1449 4602 porro
1474 4523 1649 4609 omnia
1671 4551 1809 4609 ame
1826 4523 1931 4592 non

354 4603 678 4677 temeretiee
704 4602 821 4677 sine
845 4614 1004 4677 causa
1033 4602 1173 4677 dicta
1206 4614 1328 4657 sunt
1354 4621 1369 4677 ς
1402 4606 1505 4677 sed
1526 4606 1647 4675 quia
1699 4608 1930 4677 Evange-

351 4664 410 4717 lii
458 4666 616 4748 lectio
658 4666 915 4723 hodierna
939 4671 1014 4748 ad
1042 4670 1181 4748 hanc
1217 4688 1315 4728 nos
1336 4664 1636 4748 doctrinam
1680 4664 1927 4743 datin-it,

351 4742 710 4814 necessarium
748 4748 840 4814 est
864 4755 958 4814 vos
999 4742 1295 4814 instituere.
1336 4744 1552 4799 Vocatus
1577 4755 1649 4800 est
1671 4785 1687 4809 ,
1718 4748 1883 4814 inquit
1916 4742 1927 4814 μ

351 4802 505 4889 deus
525 4808 594 4859 ad
615 4808 819 4889 nuptias
864 4809 1132 4889 (Joan:_2.
1159 4813 1242 4889 2).
1281 4815 1350 4889 At
1377 4814 1611 4889 animum
1633 4802 1881 4871 adhibete

352 4888 534 4955 qua-so
553 4917 569 4937 ,
599 4886 653 4931 et
680 4879 847 4955 dictis;
858 4879 1141 4955 attendite.
1172 4879 1434 4951 Quoniam
1464 4887 1681 4955 quidam
1717 4890 1928 4955 nuptias

354 4954 675 5028 jtmtcxtttit,
697 4949 786 5028 alii
816 4948 974 5028 ﬁlios,
1004 4953 1119 5028 alii
1146 4948 1385 5028 militiam
1411 4997 1427 5020 ,
1463 4948 1559 5028 alii
1598 4948 1929 5028 negotiatio-

350 5028 495 5097 nimi,
527 5017 614 5069 alii
644 5027 835 5097 artem,
865 5021 950 5074 alii
982 5025 1311 5097 servitutem,
1330 5017 1926 5097 divitiasaliifpauper-

347 5092 520 5167 tatem?
568 5089 807 5167 nonnulli
835 5107 850 5155 ;
879 5100 933 5144 et
960 5093 1427 5167 similia_qu:cque.
1461 5096 1597 5151 Volo
1624 5089 1926 5167 itaque-de-

344 5166 649 5212 monstrare
679 5159 829 5213 Vultis
858 5201 874 5225 ,
920 5177 1092 5232 neque
1119 5159 1333 5219 divitias
1356 5159 1738 5236 impedimento
1763 5182 1883 5223 esse
1909 5209 1924 5232 ,

348 5238 524 5308 neque
542 5239 906 5308 paupertatem
932 5272 948 5296 ,
1001 5236 1460 5308 nequemilitiam,
1492 5251 1666 5308 neque
1692 5239 1931 5308 negotia-

350 5302 574 5362 tionem,
607 5314 710 5372 non
740 5302 970 5372 nuptias,
1001 5302 1105 5357 non
1140 5306 1297 5370 lilios,
1326 5322 1432 5360 non
1458 5302 1790 5369 servitutem:
1821 5323 1925 5361 non

344 5374 554 5442 artem,
585 5371 889 5442 nullamque
927 5387 1107 5429 rerum
1149 5375 1421 5429 similium.
1468 5377 1688 5431 Vocatus
1715 5387 1787 5431 est
1836 5377 1928 5432 Je-

345 5452 434 5490 rm
449 5437 517 5489 ad
540 5441 762 5518 nuptias.
787 5437 1030 5518 Venitne,
1053 5460 1121 5497 an
1143 5460 1247 5518 non
1270 5447 1447 5518 venit?
1472 5447 1624 5501 Venit
1648 5449 1849 5518 utique.
1871 5448 1925 5504 Si

344 5520 478 5575 ergo
508 5510 652 5563 venit
682 5551 697 5576 ,
748 5514 1018 5580 quomodo
1070 5516 1268 5584 nuptiae
1303 5517 1456 5571 mala:
1507 5518 1700 5573 fuerint
1788 5519 1925 5574 Num

402 5663 481 5725 to)
513 5669 625 5721 Otia:
650 5668 837 5717 llllt‘illis
861 5669 1145 5721 clauduntur
1171 5674 1341 5722 absunt
1365 5687 1389 5723 a
1415 5680 1592 5722 Grmco.

2061 3487 2186 3557 quid
2216 3485 2382 3540 habes
2409 3484 2475 3539 ad
2502 3483 2909 3557 defensionem?
2937 3484 3048 3551 Ego
3077 3498 3205 3537 vero
3222 3482 3365 3557 dico,
3392 3500 3502 3537 non
3531 3497 3645 3537 Ian-

2051 3554 2161 3611 tum
2213 3559 2424 3611 venisse
2453 3595 2469 3621 ,
2518 3555 2612 3609 sed
2642 3556 2800 3609 etiam
2844 3568 3069 3625 uulnera
3110 3554 3369 3625 attulisse
3401 3570 3642 3625 :aquam

2046 3629 2189 3682 enim
2219 3628 2270 3685 in
2297 3627 2477 3681 vinum
2500 3626 2781 3679 convertit.
2808 3624 2885 3678 Ne
2909 3625 3066 3693 igitur
3090 3622 3159 3678 de
3187 3625 3385 3692 nuptiis
3404 3622 3637 3679 causifi-

2046 3699 2206 3753 ceris.
2241 3698 2494 3751 Dominus
2517 3706 2636 3751 tuus
2652 3695 2718 3748 ad
2743 3695 2953 3763 nuptias
2975 3693 3141 3758 venit,
3172 3696 3383 3765 nuptias
3399 3697 3644 3751 cohone-

2045 3769 2224 3833 stavit,
2246 3777 2300 3821 et
2324 3777 2380 3822 tu
2405 3767 2619 3837 nuptias
2644 3766 2840 3835 probro
2854 3766 3041 3837 atticis.
3070 3774 3124 3819 et
3149 3764 3281 3821 dicis
3298 3767 3515 3837 nuptias
3538 3768 3641 3819 im-

2115 3839 2352 3893 dimeuto
2375 3835 2527 3893 esse?
2549 3835 3095 3904 Nulloimpedimento
3114 3844 3238 3888 sunt
3261 3835 3327 3889 ad
3354 3838 3641 3905 pietatem.

2115 3853 2352 3893 armento
2375 3853 2527 3893 €888?
2549 3853 3095 3904 uuuonupeutmento
3114 3853 3238 3888 Slllll
3261 3853 3327 3889 δα
3354 3853 3641 3905 pietatem.

2046 3853 2140 3963 Vis
2167 3909 2376 3963 discere
2425 3907 2555 3963 nihil
2603 3921 2797 3960 nocere
2820 3921 3042 3977 uxorein
3070 3914 3126 3977 et
3151 3905 3351 3977 liberos
3369 3908 3394 3959 ’ἒ
3421 3906 3643 3977 Moyszs

2044 3992 2222 4033 annon
2243 3993 2464 4032 uxorem
2487 3986 2542 4031 et
2582 3977 2778 4031 liberos
2818 3975 3043 4047 habuit?
3071 3976 3247 4047 t-lelias
3275 3990 3456 4030 nonne
3488 3975 3643 4047 virga

2042 4048 2140 4101 fuit
2159 4050 2184 4102 *Ι
2204 4048 2391 4102 Nonne
2421 4048 2628 4119 Moyses
2656 4061 2870 4119 manna
2890 4045 3113 4119 deduxit
3160 4046 3230 4119 de
3255 4047 3424 4101 ca‘lo?
3447 4045 3643 4104 Nonne

2044 4118 2222 4173 llelias
2236 4119 2410 4188 ignem
2437 4116 2663 4188 de'c:elo
2678 4116 2895 4188 deduxit
2919 4119 2944 4167 1
2964 4116 3153 4171 Nonne
3170 4116 3641 4188 Moysescotnrni-

2038 4203 2158 4242 cem
2179 4186 2430 4243 advolare
2444 4186 2606 4243 fecit?
2622 4187 2811 4241 Nonne
2830 4186 3005 4241 llelias
3026 4188 3189 4241 verbo
3208 4187 3398 4241 caelum
3416 4188 3640 4243 clausit!

2044 4259 2230 4313 Nonne
2254 4259 2487 4328 Moysem
2522 4258 2659 4311 Deus
2681 4257 3051 4328 alloquebatur
3069 4260 3094 4297 ⁷
3120 4256 3308 4310 Nonne
3326 4273 3450 4311 cum
3482 4259 3638 4314 Helia

2044 4329 2184 4383 Deus
2226 4327 2664 4398 colhiquebatur?
2689 4327 2876 4398 Nonne
2911 4328 3124 4398 Moyses
3155 4342 3302 4380 mare
3325 4328 3513 4382 divisit
3536 4371 3552 4389 ,
3581 4341 3639 4383 et

2043 4401 2294 4467 populum
2323 4397 2591 4454 traduxit?
2618 4397 2806 4451 Nonne
2831 4397 3006 4453 Helias
3033 4398 3187 4466 igneo
3206 4412 3291 4451 cui
3305 4413 3366 4450 ru
3389 4399 3639 4454 sublatus

2038 4470 2273 4524 cst?An
2339 4469 2519 4523 nocuit
2574 4468 2696 4521 huic
2745 4469 3061 4576 νίνξὶηἰιςιεϊ
3103 4483 3171 4520 au
3238 4468 3639 4537 impedimento

2039 4537 2249 4576 ΐηιη-ηηρ
2284 4540 2353 4576 illi
2400 4554 2536 4576 nvnr
2569 4548 2618 4576 nl
2660 4539 2807 4576 lilinri
2900 4537 3085 4576 Vitlicli
3135 4536 3336 4576 "alia".
3385 4540 3635 4576 nul-imm

2039 4537 2255 4595 fuerunt
2284 4540 2354 4594 illi
2400 4548 2622 4609 uxoret
2660 4536 2854 4593 liberi?
2900 4537 3085 4592 Vidisti
3135 4536 3338 4592 Heliam
3384 4540 3636 4609 aurigam

2041 4609 2093 4662 in
2121 4624 2286 4679 acre;
2326 4609 2504 4664 Vidisti
2548 4607 2782 4672 Moysen:
2815 4610 2866 4662 in
2916 4609 3047 4661 mari
3075 4609 3329 4679 viatorem
3380 4625 3395 4660 :
3423 4607 3551 4665 vide
3580 4622 3639 4665 et

2041 4680 2252 4734 Petrum
2302 4679 2555 4734 Ecclesiae
2602 4679 2906 4733 columnam
2941 4718 2957 4739 ,
3013 4679 3102 4748 qui
3153 4687 3208 4731 et
3247 4678 3362 4746 ipse
3404 4694 3635 4736 uxorem

2038 4749 2242 4804 habuit.
2288 4750 2402 4804 Non
2446 4750 2702 4818 scriptum
2728 4758 2811 4804 est
2861 4749 3075 4802 Petrum
3104 4763 3321 4818 uxorein
3349 4748 3633 4816 habuisse,

2037 4821 2301 4891 undenam
2353 4835 2483 4891 ergo
2512 4817 2675 4891 liquet
2710 4818 2855 4891 quod
2883 4818 3167 4891 habuerit?
3196 4817 3270 4891 |d_
3295 4832 3400 4891 ego
3421 4818 3633 4875 dicam.

2036 4888 2303 4961 Ingressus
2326 4886 2440 4959 est;
2468 4886 2662 4960 inquit,
2695 4886 2847 4943 Iesus
2889 4888 2959 4942 ad
2998 4905 3200 4961 socrum
3228 4886 3373 4961 Petri
3400 4900 3494 4961 get
3526 4902 3639 4944 σα

2033 4959 2126 5014 ξιιά
2151 4961 2395 5032 inﬁnita,
2435 4969 2490 5032 et
2515 4959 2675 5032 tetigit
2702 4976 2845 5032 eant;
2871 4959 3161 5032 ettretiqttit
3185 4975 3298 5032 eaut
3342 4959 3527 5032 [ειν-ὗε,
3586 4974 3637 5015 et

2035 5028 2349 5085 nu‘niﬂfabat
2375 5030 2396 5099 (
2426 5028 2620 5084 Matth:
2645 5030 2700 5085 8.
2753 5030 2840 5084 14.
2873 5029 2941 5084 15
2969 5029 3360 5098 ).Viden‘etiam
3406 5029 3635 5086 Petrum

2033 5115 2256 5156 uxorem
2283 5101 2575 5155 habuisse?
2614 5100 2713 5156 Ubi
2752 5115 2979 5168 namque
3009 5113 3196 5153 socrus
3233 5107 3336 5164 est,
3372 5100 3444 5152 ibi
3490 5117 3635 5154 uxo-

2032 5185 2149 5225 rem
2191 5186 2312 5227 esse
2343 5185 2562 5226 necesse
2590 5182 2694 5224 est.
2728 5169 3074 5224 Viden'etiam
3124 5168 3338 5223 Petrum
3399 5184 3632 5226 uxorein

2008 5240 2318 5296 .habuisse?
2345 5241 2424 5296 Ne
2479 5241 2656 5310 itaque
2697 5241 2909 5309 nuptias
2935 5239 3294 5294 calumnieris.
3334 5238 3477 5310 illaec

2031 5312 2243 5392 ro__di_co
2271 5322 2329 5366 ut
2361 5326 2429 5392 ne
2452 5309 2581 5382 quis
2621 5320 2877 5392 praetexat
2907 5325 3124 5392 lusorem
3152 5351 3169 5373 ,
3208 5310 3293 5363 vel
3322 5309 3491 5392 tilias,
3527 5312 3631 5392 _vel

2031 5383 2299 5447 militiam,
2331 5382 2413 5436 vel
2458 5380 2893 5451 negotiationem,
2925 5381 3008 5433 vel
3035 5380 3341 5451 artein,tvel
3391 5382 3632 5435 servitu-

2033 5460 2160 5518 tem,
2194 5454 2278 5507 vel
2328 5449 2572 5511 divitias.
2619 5453 2701 5506 vel
2754 5460 3142 5521 paupertatem.
3204 5449 3332 5521 llaec
3366 5451 3632 5505 obtentu:

2030 5533 2181 5588 sunt,
2226 5523 2340 5577 haec
2388 5521 2813 5578 causificatioues
2855 5520 2910 5574 et
2976 5520 3179 5574 insidia:
3244 5520 3467 5574 diaboli.
3533 5522 3629 5575 Μία

2031 5592 2196 5664 litiam
2249 5592 2536 5664 pnctendis
2583 5603 2639 5647 et
2680 5591 2855 5664 dicis;
2889 5591 3043 5645 miles
3087 5604 3225 5656 sum,
3257 5604 3361 5645 nec
3399 5606 3626 5659 possum

2030 5661 2148 5734 pius
2198 5661 2339 5720 esse.
2394 5665 2583 5719 Annon
2651 5662 2894 5718 centurio
2942 5664 3093 5716 miles
3151 5669 3289 5729 erat,
3330 5670 3388 5716 et
3431 5669 3625 5716 unum
