3828 6226
258 350 396 413 1085

251 467 359 525 illis
392 476 591 524 nostra:
630 464 866 535 ipsorum
902 462 1836 535 inflrmitafisdmemores_fieremus.

258 538 380 595 ideo
418 538 595 591 omnis
635 531 854 602 civitas,
891 550 1048 589 omne
1072 531 1351 602 castellum
1377 541 1499 585 ante
1543 532 1841 602 ingressum

252 610 494 677 sepulcra
526 608 718 671 habet,
750 600 955 677 utquis
981 603 1312 677 contendens
1343 601 1540 677 iutrare
1569 603 1626 677 it_t_
1649 600 1838 677 civita-

252 669 364 734 tein
392 669 764 743 imperantem,
789 669 1008 738 divitiis,
1037 673 1293 743 potentia,
1325 672 1549 739 aliisque
1576 669 1846 743 dignitati-

254 749 356 804 bus
381 740 683 806 florentem.
708 740 1016 816 priusquam
1039 740 1117 816 id.
1147 743 1287 812 quod
1310 743 1362 816 in
1385 749 1563 816 tuente
1587 740 1841 816 concipit,

254 827 443 877 cernat
462 859 474 876 .
506 816 684 871 videat
710 810 845 885 'quis
875 810 1001 884 ipse
1032 810 1239 885 futurus
1284 814 1370 866 sit.
1402 812 1539 885 Ante
1566 810 1840 875 civitates,

253 898 379 943 ante
407 901 562 956 agros
585 896 709 940 sunt
735 881 975 956 sepulcra
1003 902 1015 947 ;
1050 884 1243 956 ubique
1268 891 1389 956 ante
1413 881 1597 956 oculos
1624 891 1706 956 est
1732 897 1838 956 no-

256 966 389 1013 ιιι-ω
416 950 724 1010 humilitatis
753 950 936 1009 schola
968 972 980 1005 :
1011 965 1065 1009 ct
1089 950 1346 1007 docentur
1372 951 1424 1004 iu
1465 950 1592 1019 qttid
1632 951 1844 1003 desina-

255 1043 376 1105 mus
406 1027 733 1105 tandetn,_et
761 1034 885 1105 tunc
912 1024 1155 1105 videmus
1180 1039 1299 1105 qua:
1322 1023 1611 1105 intossnut
1638 1032 1842 1085 specta-

256 1099 375 1153 (ξηιλ
406 1116 420 1153 :
453 1112 624 1167 neque
651 1097 735 1167 hic
762 1096 960 1161 soluto,
989 1095 1085 1167 sed
1120 1102 1175 1147 et
1201 1091 1486 1162 ingressuri
1512 1091 1578 1143 ad
1605 1105 1845 1145 conmu-

260 1170 475 1223 nionem
525 1164 670 1233 vitm,
700 1166 956 1220 docemur
998 1164 1258 1218 vilitatem
1306 1176 1570 1233 summam
1619 1170 1842 1233 naturm.

256 1241 414 1307 Saepe
439 1238 520 1291 vir
541 1230 998 1307 quandouxorem
1020 1234 1217 1307 dueere
1243 1232 1375 1292 vult,
1398 1231 1588 1284 scribze
1608 1230 1846 1307 suggerit

256 1300 455 1385 dotalia
483 1300 999 1385 tntinera._Nondum
1027 1304 1253 1385 copula,
1279 1311 1334 1357 et
1362 1315 1510 1385 mors
1536 1301 1726 1385 statim.
1746 1300 1843 1385 de:

257 1379 509 1433 scribitur
548 1394 562 1428 :
607 1376 843 1430 nondum
873 1373 1150 1430 consortio
1172 1383 1227 1427 et
1270 1373 1469 1440 nuptiis
1497 1385 1626 1424 usus
1650 1379 1728 1424 est
1747 1409 1763 1435 ,
1791 1378 1847 1423 ct

258 1456 485 1502 mortem
506 1447 684 1500 statim
703 1445 908 1499 definit.
932 1444 1175 1498 Nondum
1199 1452 1415 1510 nuptam
1438 1440 1591 1505 vidit,
1616 1449 1671 1494 et
1699 1454 1845 1492 mor-

259 1521 327 1572 tis
346 1517 602 1596 adversus
628 1517 885 1596 seipsttm,
910 1525 965 1568 et
993 1514 1250 1596 adversus
1277 1513 1419 1592 illam
1448 1510 1841 1596 calculosppro:

262 1586 410 1656 ponit
431 1628 446 1653 ,
478 1601 541 1641 ac
564 1577 751 1640 scribit
779 1586 829 1638 in
861 1577 999 1656 hutic
1023 1583 1257 1656 inodum
1290 1599 1305 1635 :
1334 1580 1379 1656 si
1420 1589 1663 1656 mortuus
1689 1577 1849 1656 fuerit

260 1649 341 1712 vir
364 1649 487 1711 ante
512 1657 813 1718 mulierem,
842 1654 888 1707 si
931 1653 1120 1708 mulier
1144 1662 1269 1707 ante
1300 1652 1494 1715 virum,
1530 1651 1633 1705 hoc
1660 1658 1715 1703 et
1744 1649 1846 1704 hoc

260 1727 595 1796 disponatur.
640 1725 729 1780 Sic
756 1725 995 1778 formatae
1032 1734 1155 1777 sunt
1185 1722 1372 1791 patriae
1414 1721 1561 1790 leges
1596 1737 1624 1796 :_
1654 1720 1848 1790 ubique

257 1790 506 1853 omnibus
541 1805 743 1849 naturae
777 1802 900 1847 sunt
922 1802 1264 1847 monumenta
1296 1809 1309 1843 :
1343 1802 1399 1847 ct
1421 1806 1525 1844 non
1547 1790 1720 1844 solum
1748 1806 1845 1845 eo-

260 1882 377 1922 rum
408 1867 498 1935 qui
526 1875 650 1920 sunt
676 1874 729 1918 et
766 1863 981 1935 vivunt,
1021 1862 1490 1935 mortisferuntur
1513 1860 1798 1935 sementim
1827 1877 1843 1935 :_

260 1937 355 1991 sed
376 1930 640 1992 eteorum
669 1935 757 2004 qui
779 1933 1013 1987 nondum
1042 1935 1173 1987 uati.
1201 1932 1339 1999 Quid
1364 1932 1506 2004 enim
1537 1930 1673 2004 ultra
1696 1931 1846 1986 dicit?

260 2008 412 2073 Quod
442 2008 487 2059 si
516 2016 671 2059 natus
687 2000 859 2058 luerit
888 2004 1028 2056 filius
1047 2043 1062 2067 ,
1089 2015 1144 2057 et
1188 2013 1441 2073 mortuus
1457 2000 1615 2073 fuerit
1650 2016 1666 2073 _:
1712 2017 1846 2052 nmi-

260 2070 386 2130 dum
434 2076 670 2139 fructus,
713 2083 767 2129 et
792 2075 1054 2128 sententia
1090 2075 1193 2126 lata
1230 2080 1331 2127 est.
1371 2071 1535 2141 Igitur
1564 2071 1615 2124 itt
1649 2070 1839 2141 ipsum

263 2147 457 2202 mentis
483 2138 697 2214 quidem
726 2145 965 2211 agnoscit
991 2143 1365 2214 natur-amasic
1391 2138 1587 2214 cavens
1616 2157 1627 2192 :
1660 2138 1715 2214 Si
1746 2156 1837 2193 aue

264 2228 370 2271 tem
408 2211 535 2285 quid
587 2214 873 2269 humanum
909 2214 1163 2285 patiatur,
1203 2212 1286 2267 vel
1333 2211 1525 2285 mulier
1570 2212 1844 2285 moriatur,

260 2281 591 2341 obliviscitur
617 2299 802 2339 eorum
833 2281 951 2353 quae
982 2284 1292 2353 scripsifpet
1321 2282 1540 2335 alterius
1576 2281 1846 2353 tragmdite

263 2356 426 2410 verba
473 2356 704 2424 profert,
750 2364 804 2407 et
851 2351 967 2408 haec
994 2353 1161 2408 dicit:
1193 2352 1359 2424 Mene
1399 2351 1683 2420 oportebat
1733 2352 1848 2424 haec

264 2426 410 2498 pain
441 2420 590 2498 llunc
616 2433 822 2498 tantum
851 2426 996 2498 potui
1028 2438 1245 2498 sperare
1273 2421 1538 2498 dolorem,
1570 2430 1627 2473 ttt
1651 2420 1842 2489 conju-

266 2492 363 2568 gtai
401 2496 679 2568 privarer?
724 2494 863 2559 Quid
913 2495 1102 2563 igitur?
1130 2492 1472 2568 Oblivisceris
1512 2506 1699 2545 eorum
1728 2505 1848 2568 qua:

262 2566 557 2636 scripsisti?
601 2576 655 2636 et
693 2578 813 2618 cum
844 2574 1001 2636 extra
1033 2566 1304 2636 negotium
1333 2575 1489 2623 eras,
1521 2566 1849 2636 agnoscebas

268 2630 471 2692 natura:
512 2635 751 2689 limites:
794 2634 1008 2703 quando
1047 2630 1225 2687 autem
1268 2633 1320 2703 in
1350 2646 1548 2703 casum
1578 2630 1847 2703 incidisti,

268 2707 603 2761 oblivisccris
633 2701 1076 2773 legum—naturas?
1106 2704 1232 2759 [hac
1259 2702 1509 2773 dicuntur
1531 2701 1589 2773 fin
1619 2701 1848 2773 castiga-

266 2780 463 2832 tionem
489 2770 747 2841 omnium,
774 2781 833 2826 ut
854 2789 1042 2828 omnes
1065 2774 1266 2840 omnia,
1295 2787 1415 2841 qme
1443 2770 1542 2824 sibi
1568 2771 1845 2836 eveniunt,

266 2848 474 2902 fortiter
498 2848 689 2910 ferant,
718 2855 773 2899 et
800 2861 866 2898 ne
896 2846 1014 2909 quis
1038 2843 1296 2897 damnosa
1325 2849 1472 2910 putet
1504 2841 1596 2895 Dei
1622 2841 1842 2908 judicia.

269 2918 429 2972 Extra
455 2929 721 2971 aerumnas
747 2928 813 2968 ne
840 2913 1265 2982 phif050pheris;
1296 2911 1390 2966 sed
1418 2925 1538 2982 cum
1570 2911 1675 2965 illa:
1704 2911 1852 2964 inva-

267 2990 422 3052 dttnt,
449 2981 934 3054 magnanimitatem
973 2981 1216 3038 ostende.
1249 2981 1472 3050 Quando
1508 2995 1853 3054 ιιῃωιςεεκτβ-

267 3050 495 3112 cordare
522 3050 828 3120 verborum,
856 3054 1050 3123 quibus
1089 3050 1701 3123 mmstumconsolaris.
1725 3052 1854 3117 Qui-

268 3131 369 3181 bus
387 3136 566 3180 autem
596 3120 935 3180 sermonibus
963 3124 1162 3178 utimur
1187 3122 1327 3192 apud
1352 3122 1629 3192 lugentes?
1656 3120 1846 3175 Nonne

269 3199 340 3251 ita
370 3196 509 3265 apud
534 3211 630 3250 eos
660 3196 1096 3265 philosophantur
1113 3198 1138 3247 τ
1167 3193 1423 3247 llutnante
1446 3199 1574 3245 sunt
1599 3192 1681 3245 Ine
1705 3192 1851 3265 cala—

268 3262 483 3321 mitaics
514 3284 528 3321 :
557 3262 673 3320 non
704 3263 813 3319 fers
846 3262 992 3319 solus
1020 3264 1157 3318 hanc
1185 3278 1479 3318 terumnam
1511 3282 1522 3312 :
1557 3277 1663 3315 non
1706 3262 1853 3315 solus

268 3338 454 3392 mortis
480 3337 587 3389 vim
614 3335 907 3389 sustinuisti
939 3352 952 3387 :
981 3344 1035 3389 et
1074 3347 1227 3403 reges
1251 3334 1445 3388 similia
1476 3332 1654 3386 ferunt
1686 3349 1709 3403 7:
1758 3331 1855 3384 da-

270 3420 457 3462 mnum
488 3407 588 3460 hoc
609 3419 754 3474 saepe
772 3415 826 3459 et
858 3405 1123 3474 principes
1144 3402 1445 3475 patiuntur,
1467 3411 1625 3471 atque
1648 3402 1736 3455 alii
1760 3416 1853 3470 po-

269 3486 445 3532 tentes
470 3493 484 3530 :
512 3490 742 3545 agnosce
763 3483 906 3529 tuam
931 3475 1096 3545 ipsius
1122 3485 1364 3528 naturam
1391 3490 1404 3527 :
1434 3474 1596 3527 homo
1622 3486 1702 3537 es,
1732 3486 1854 3527 cum

269 3546 517 3602 omnibus
539 3559 851 3616 communes
882 3546 1023 3616 leges
1055 3546 1238 3616 habes.

341 3618 394 3673 5.
425 3616 551 3671 lltec
578 3624 630 3670 et
670 3616 750 3669 his
793 3611 958 3684 plura'
981 3615 1249 3685 loqueris,
1279 3627 1400 3669 cum
1424 3612 1605 3685 alium
1643 3611 1856 3667 solaris.

269 3686 406 3742 Num
433 3686 657 3740 aliorum
684 3685 998 3755 magnificus
1021 3684 1080 3740 es
1106 3684 1314 3750 doctor,
1344 3684 1434 3737 tibi
1463 3693 1639 3737 autem
1685 3698 1859 3755 neque

272 3758 436 3812 miser
462 3771 522 3810 es
554 3756 885 3825 discipulus?
911 3755 1113 3824 Magnae
1136 3763 1196 3825 et
1219 3754 1714 3825 generosmauimre
1742 3754 1858 3825 foe-

274 3829 364 3907 rit,
396 3827 449 3907 in
475 3822 864 3907 calamitatibus
886 3822 1259 3907 philosophum
1281 3838 1458 3907 agere.
1569 3823 1739 3907 possit
1764 3822 1861 3907 ali-

271 3898 391 3966 quis
420 3896 473 3950 in
495 3895 683 3966 quavis
707 3892 1013 3966 calamitate
1030 3934 1045 3961 ,
1074 3892 1160 3948 vel
1186 3892 1522 3966 tristitiavel
1548 3901 1745 3966 damno
1767 3892 1854 3966 di-

273 3962 402 4021 cere
430 3983 443 4019 :
473 3962 655 4019 Justus
679 3964 1003 4031 es,Domiue,
1047 3973 1094 4017 et
1136 3973 1273 4018 recta
1305 3962 1507 4033 judicia
1547 3971 1637 4033 tua
1657 3976 1676 4015 :
1702 3963 1746 4033 is
1768 3962 1863 4015 da-

276 4051 459 4090 mnum
512 4040 614 4090 fert
663 4047 719 4088 ut
775 4035 976 4101 homo,
1025 4032 1315 4088 coronatur
1339 4040 1515 4086 autem
1568 4032 1644 4086 uti
1695 4032 1860 4086 Deum

275 4120 480 4160 amans.
514 4105 629 4160 Vita
648 4145 665 4170 ,
696 4104 890 4159 fratres
913 4146 928 4169 ,
956 4106 1119 4158 multa
1147 4102 1455 4157 difficultate
1482 4101 1635 4171 plena
1676 4112 1778 4167 est,
1808 4111 1864 4156 et

275 4177 735 4247 uportetgomuiuo
762 4174 968 4247 justum
1008 4183 1063 4228 et
1100 4173 1375 4247 injustam,
1407 4173 1635 4247 et__pit_tm
1664 4181 1718 4247 et
1758 4172 1861 4224 itu-

278 4242 420 4317 pium
452 4244 635 4317 afﬂigi.
670 4242 781 4300 Sed
807 4260 994 4313 magna
1032 4253 1115 4317 est
1140 4242 1386 4317 vatjetas.
1416 4242 1571 4317 Aliud
1598 4243 1742 4317 epim
1782 4248 1866 4296 est

275 4312 473 4386 corripi
514 4312 588 4370 ιη’
608 4312 958 4370 domesticum
991 4332 1004 4368 :
1032 4314 1173 4367 aliud
1206 4313 1468 4386 ﬂagellari
1503 4321 1560 4366 ut
1596 4312 1857 4386 alienum.

285 4381 605 4441 Verberetur
649 4387 817 4449 filius,
869 4386 1178 4439 verberatur
1220 4381 1537 4437 ct'famulus
1578 4399 1591 4433 :
1632 4382 1727 4437 sed
1780 4381 1866 4435 hic

278 4457 493 4528 quidem
516 4466 574 4528 ut
597 4470 784 4528 servus
802 4462 891 4528 qui
920 4455 1177 4528 peccavit,
1209 4454 1298 4528 ille
1317 4466 1447 4508 vero
1468 4461 1525 4528 ut
1550 4451 1706 4528 liber,
1732 4460 1866 4506 etut

281 4523 423 4581 filius
438 4526 713 4595 disciplina
735 4525 996 4595 indigens.
1025 4524 1197 4595 Plagae
1217 4524 1320 4577 illa:
1337 4537 1441 4577 non
1466 4523 1661 4595 faciunt
1684 4538 1865 4595 aequa-

282 4599 385 4651 letn
418 4594 697 4650 honorem.
744 4597 800 4651 Si
853 4594 1080 4664 patiatur
1110 4597 1226 4663 pius
1263 4609 1382 4662 qua:
1410 4594 1863 4664 patitur‘impius,

283 4682 389 4722 non
421 4667 659 4735 ejusdem
690 4662 1009 4735 conditionis
1034 4662 1135 4719 erit
1156 4680 1276 4719 cum
1299 4664 1463 4735 impio
1488 4680 1501 4716 :
1531 4662 1626 4735 sed
1658 4673 1868 4735 reputa-

286 4748 373 4792 tur
397 4738 664 4804 correptio
686 4736 809 4790 huic
831 4737 883 4790 in
912 4734 1250 4789 aﬂlictionem
1274 4742 1328 4788 ct
1353 4734 1740 4804 probationem,
1765 4734 1868 4804 imf

282 4807 370 4878 pio
414 4802 591 4878 autem
622 4806 696 4878 Ain
743 4805 950 4878 flagella
1004 4811 1059 4878 et
1084 4802 1662 4878 ‘ptenasull’mpterea
1702 4802 1868 4878 μηνί

282 4873 458 4931 sciens
478 4877 575 4930 has
601 4873 962 4941 difficultates,
984 4874 1052 4929 de
1077 4874 1236 4943 jostis
1256 4874 1470 4943 quidem
1495 4873 1660 4928 dicit:
1693 4873 1871 4943 .llulta:

285 4947 633 5000 tribulationes
670 4948 947 5017 jnstorum.
992 4942 1097 4999 Sed
1119 4942 1668 5017 yidequid_s_nbdit_3
1704 4942 1870 5017 lites:

284 5018 515 5070 omnibus
562 5010 686 5070 illis'
709 5010 935 5070 liberabit
978 5031 1063 5068 eos
1106 5010 1357 5067 Dominus
1386 5013 1405 5085 (
1430 5012 1574 5069 Psal.
1601 5013 1691 5067 55.
1728 5014 1795 5067 10
1826 5016 1866 5083 ).

287 5085 531 5141 Nondum
560 5087 693 5140 dixit
716 5085 1077 5144 afflictionem.
1097 5095 1151 5140 et
1179 5085 1493 5138 monstravit
1514 5085 1865 5137 curationem.

291 5158 366 5210 De
396 5158 716 5210 adversariis
756 5167 931 5210 autem
961 5155 1091 5209 dicit
1118 5173 1133 5209 :
1166 5154 1333 5208 Multa
1361 5155 1567 5223 ﬂagella
1594 5154 1870 5221 peccatoris

286 5225 463 5295 (Prol.
487 5228 578 5281 5i.
613 5226 700 5297 10)
740 5243 753 5279 :
783 5237 835 5280 ct
860 5227 997 5297 nihil
1029 5227 1151 5297 tale,
1172 5226 1385 5288 subdit,
1435 5224 1581 5297 quod
1613 5223 1689 5297 de
1712 5224 1871 5292 jnstis

286 5297 500 5350 dicebat
531 5313 545 5352 :
572 5296 753 5350 multa:
790 5296 1106 5351 afﬂictiones
1134 5296 1427 5364 jnstorum;
1456 5296 1523 5347 de
1572 5296 1653 5347 bis
1693 5305 1869 5347 autem

286 5368 539 5421 omnibus
569 5366 814 5422 liberabit
838 5382 933 5422 eos
957 5366 1231 5421 Dominus.
1266 5365 1388 5419 llaec
1431 5364 1475 5417 si
1502 5364 1621 5434 quis
1657 5365 1868 5427 audiat,

289 5451 358 5489 ne
379 5437 447 5491 de
474 5438 650 5505 seipse
675 5437 953 5504 desperet,
986 5451 1158 5505 neque
1183 5436 1323 5489 dicat
1353 5435 1451 5505 :Si
1479 5435 1636 5503 igitur
1660 5442 1717 5488 ut
1747 5449 1872 5502 pec-

288 5516 439 5560 cator
462 5504 674 5574 vapulo,
703 5518 751 5561 et
779 5521 927 5574 spem
951 5520 1055 5560 non
1085 5506 1276 5571 habeo,
1307 5504 1627 5559 infructuosa
1654 5516 1735 5557 est
1753 5518 1873 5557 cor-

291 5576 483 5646 reptio.
514 5579 854 5632 l'eccatorcm
884 5578 1024 5630 enim
1055 5591 1196 5629 tntnc
1223 5576 1493 5644 Scriptura
1519 5575 1742 5646 vocavit,
1767 5589 1871 5627 non

289 5644 508 5701 omnino
533 5663 562 5700 a
595 5649 791 5716 pietate
818 5647 1048 5699 alienum
1069 5685 1085 5709 ,
1116 5646 1210 5700 sed
1237 5661 1358 5699 eum
1383 5686 1397 5710 ,
1424 5646 1511 5715 qni
1537 5644 1790 5716 affligitur
1810 5654 1873 5716 Act

293 5714 627 5786 aliquatenus
652 5718 768 5785 pius
796 5724 899 5781 est,
927 5716 1117 5770 labitur
1140 5725 1317 5770 tamen
1339 5716 1389 5768 in
1419 5714 1575 5769 rebus
1605 5714 1871 5769 humanis.

293 5786 444 5852 Quod
474 5788 615 5844 enim
655 5786 1020 5858 peccatoribus
1051 5787 1188 5841 Deus
1216 5787 1547 5852 misereatur,
1578 5787 1730 5855 plena
1756 5800 1870 5842 omc

1389 346 1476 402 DE
1504 345 1663 402 FIDE
1703 344 1791 399 ET
1830 342 2011 400 LEGE
2051 344 2375 403 NATL‘RxE.

3399 349 3537 404 1086

1957 461 2041 515 nis
2062 459 2335 530 Scriptura
2368 460 2675 530 pignoribus
2700 460 2895 516 divinte
2917 460 3295 516 misericordite
3326 479 3338 515 :
3370 464 3538 530 inquit

1949 531 2094 585 enim
2126 547 2140 582 ε
2184 529 2305 584 Vivo
2322 529 2437 601 ego,
2466 532 2588 584 dicit
2616 530 2868 585 Dominus
2891 546 2910 585 :
2928 534 3045 601 nolo
3075 544 3280 584 mortem
3308 529 3509 601 percolo

1950 603 2043 671 ris,
2067 601 2155 654 sed
2175 611 2227 653 ut
2246 602 2407 671 magis
2426 612 2744 655 convertatur
2766 611 2813 653 et
2834 603 2960 655 vivat
2983 600 3193 671 (Bacch.
3226 602 3308 656 18.
3337 602 3392 655 5.
3418 604 3540 662 25).

1952 670 2108 724 Jurat
2138 671 2297 741 Dens,
2322 670 2428 725 non
2452 673 2602 741 quasi
2626 672 2727 725 sibi
2764 672 2861 740 ipsi
2892 670 2999 725 non
3024 672 3250 727 credens
3273 714 3287 737 ,
3318 674 3410 725 sed
3442 688 3513 725 no

1950 750 2116 812 stram
2140 740 2513 812 infidelitatem
2534 741 2600 797 ad
2624 740 2779 795 fidem
2810 756 3020 812 urgens.
3050 742 3196 795 Dicat
3216 743 3372 811 igitur
3396 744 3540 812 qttiso

1952 811 2070 879 quis
2096 809 2473 866 afflictionibus
2516 812 2868 874 examinator,
2898 810 3078 863 Justus
3104 827 3175 873 es,
3220 809 3451 877 Domine,
3494 822 3543 865 ct

1951 889 2108 962 recta
2120 881 2317 948 judicia
2361 892 2447 935 tua
2478 899 2498 936 :
2527 890 2582 962 et
2605 882 2763 962 simul
2811 881 3000 962 fortem
3021 880 3239 962 eshibet
3263 886 3499 962 animum
3521 923 3540 962 ε

1953 950 2312 1022 pietatemque
2352 967 2458 1007 non
2488 952 2664 1007 solvit.
2700 951 2884 1017 Qualis
2921 960 3036 1006 erat
3061 951 3245 1005 beatus
3271 951 3407 1012 Job.
3444 950 3539 1022 qui

1952 1020 2208 1075 adversus
2230 1020 2431 1076 omnes
2468 1023 2785 1076 afllictiones
2818 1022 2983 1075 aciem
3014 1022 3279 1083 instruxit,
3310 1023 3397 1090 qui
3420 1020 3540 1076 dia-

1950 1089 2057 1144 boli
2090 1091 2514 1146 terriculamcnut
2542 1094 2690 1155 vicit,
2716 1092 2805 1160 qui
2838 1102 2998 1145 totam
3026 1093 3142 1160 ejus
3178 1089 3378 1145 rabiem
3407 1094 3533 1146 irri-

1958 1169 2065 1213 tam
2094 1161 2238 1225 fecit,
2267 1162 2358 1230 qui
2382 1165 2677 1215 constantia
2715 1161 2907 1215 mentis
2933 1160 3122 1215 lluctns
3152 1162 3345 1215 diaboli
3374 1162 3538 1217 dissi-

1953 1231 2118 1301 pavit,
2145 1232 2235 1301 qui
2266 1233 2515 1286 omnibus
2551 1232 2709 1285 simul
2747 1231 2999 1299 privatus,
3030 1242 3263 1286 attamen
3301 1234 3539 1289 omnium

1952 1299 2227 1371 dominum
2257 1316 2363 1355 non
2389 1302 2618 1370 negavit.
2647 1302 2839 1355 Verum
2870 1302 3008 1355 illius
3032 1312 3403 1371 stratagetnata
3443 1319 3541 1371 pc-

1887 1426 1892 1433 ,
1950 1370 2139 1441 culiari
2167 1386 2417 1426 sermone
2436 1371 2846 1427 describentur:
2878 1388 2998 1425 nam
3020 1387 3144 1425 vere
3176 1370 3307 1441 opus
3339 1370 3535 1428 habent

1952 1440 2215 1511 destinato
2249 1451 2488 1510 tempore
2525 1452 2582 1495 ut
2613 1443 2963 1511 exquirantur
3009 1457 3024 1495 :
3074 1457 3142 1495 ne
3181 1440 3538 1511 perfunctorie

1954 1510 2220 1580 loquendo
2247 1511 2362 1580 ejus
2397 1510 3042 1567 certaminacontumelia
3080 1510 3393 1566 afficiamus.
3424 1513 3542 1567 l’ra:

1953 1580 2122 1635 oculis
2151 1592 2326 1636 tamen
2357 1581 2644 1636 habeamus
2682 1598 2801 1651 qua:
2834 1582 2967 1635 dixit
3008 1581 3161 1635 fortis
3207 1583 3294 1635 ille
3336 1593 3391 1637 et
3429 1599 3541 1638 ma-

1952 1667 2087 1719 gnus
2111 1652 2269 1721 pugil.
2298 1654 2558 1717 Quoniam
2598 1653 2743 1707 enim
2774 1652 3003 1722 sigillum
3040 1653 3195 1706 dictis
3223 1652 3404 1716 infert,
3437 1670 3539 1706 nu-

1953 1723 2106 1791 datus
2148 1723 2421 1787 omnibus,
2471 1724 2705 1791 seipsnm
2760 1722 2952 1790 pietate
3002 1738 3105 1774 non
3156 1723 3393 1787 nudavit,
3444 1724 3538 1778 sed

1953 1790 2086 1845 dixit
2116 1808 2130 1845 :
2164 1791 2416 1845 Dominus
2442 1793 2610 1855 dedit,
2644 1792 2889 1845 Dominus
2915 1792 3142 1856 abstulit;
3166 1799 3293 1845 sicut
3323 1792 3540 1848 Domino

1950 1863 2110 1914 uisum
2138 1872 2242 1928 est,
2286 1866 2357 1916 ita
2392 1868 2665 1987 exortum
2692 1871 2763 1916 est
2800 1861 2921 1928 (Job
2968 1863 3019 1916 1.
3050 1861 3167 1929 21).
3198 1863 3341 1917 Bene
3384 1863 3537 1929 dicit,

1953 1933 2112 1984 uisum
2135 1943 2206 1986 est
2234 1952 2251 1986 :
2280 1948 2411 1987 eont-
2488 1936 2527 1986 it
2545 1932 2868 1987 auctoritati.
2900 1947 3005 1987 non
3026 1934 3236 1987 curiose
3259 1933 3537 1987 disoensa-

1953 1933 2112 2003 uisum
2135 1943 2206 1986 est
2234 1952 2251 1986 :
2280 1932 2527 1987 eunt-edit
2545 1932 2868 2003 auctoritati,
2900 1947 3005 1987 non
3026 1934 3236 1987 curiose
3259 1933 3542 2003 dispensa-

1954 2002 2149 2055 tionem
2171 2003 2418 2071 explorat
2449 2020 2462 2055 :
2487 2020 2591 2057 non
2620 2002 2753 2057 dixit
2777 2003 2915 2057 sicut
2938 2017 3035 2073 nos
3068 2021 3082 2057 :
3110 2004 3286 2068 Quare
3312 2002 3539 2073 juvenes

1954 2073 2270 2136 moriuntur,
2314 2084 2365 2127 et
2402 2088 2557 2127 senes
2589 2074 2837 2126 manent?
2865 2072 3047 2140 Qualis
3074 2082 3155 2127 est
3184 2073 3281 2127 ista
3312 2072 3532 2143 dispen-

1953 2142 2129 2195 satio?
2170 2143 2442 2197 Desiderat
2490 2159 2653 2197 senex
2703 2152 2966 2207 mortem,
3016 2145 3221 2198 solutus
3267 2142 3538 2213 carnibus,

1954 2228 2113 2279 opmn
2168 2213 2411 2282 indigus,
2465 2223 2520 2268 et
2571 2213 2690 2267 aliis
2727 2214 3179 2268 consolationibus
3225 2214 3536 2280 destitutus,

1955 2283 2340 2355 frustraturque
2389 2294 2547 2355 voto;
2592 2294 2648 2337 et
2696 2299 2827 2351 puer
2868 2283 3112 2355 amabilis
3156 2283 3375 2355 formae,
3414 2301 3540 2355 gra-

1958 2360 2043 2406 tus
2094 2354 2437 2422 parentibus,
2482 2353 2798 2407 immaturus
2841 2354 3063 2422 rapitur.
3112 2354 3265 2408 Disce
3307 2353 3437 2409 non'
3465 2365 3538 2410 ta-

1956 2424 2021 2475 lia
2056 2438 2352 2495 quaerere;
2404 2423 2499 2495 sed
2545 2424 2706 2495 dicito
2739 2422 2989 2495 :Judicia
3034 2434 3122 2495 tua
3162 2425 3371 2495 abyssus
3400 2427 3534 2495 mul-

1954 2501 2005 2544 ta
2045 2492 2241 2556 (Psal.
2292 2495 2382 2549 55.
2412 2493 2493 2559 7).
2546 2494 2700 2548 Disce
2755 2503 2808 2548 ut
2858 2494 3005 2549 dicas
3044 2492 3268 2549 :Justus
3316 2512 3387 2554 es.
3434 2494 3544 2550 Do-

1954 2564 2114 2635 mine,
2158 2574 2207 2618 et
2255 2575 2398 2635 recta
2427 2564 2636 2635 judicia
2664 2577 2755 2635 tuu
2787 2560 2960 2633 (Psal.
3008 2562 3129 2635 lAl8.
3173 2561 3318 2635 157).
3355 2560 3532 2625 Disce,

1957 2640 2015 2686 ut
2036 2632 2188 2689 dicas
2212 2652 2228 2689 :
2269 2630 2676 2690 Sicut'llomino
2703 2630 2871 2688 uisum
2893 2648 2990 2692 est,
3022 2632 3101 2684 ita
3127 2639 3175 2683 et
3207 2630 3403 2685 factum
3434 2640 3535 2683 est.

1952 2702 2198 2772 Agnosce
2222 2702 2609 2768 auctoritatem,
2636 2712 2695 2757 ut
2720 2716 2976 2771 agnoscas
2998 2713 3047 2755 et
3068 2701 3541 2771 pietatem.Verum

1953 2772 2201 2841 quoniam
2242 2773 2423 2827 incidit
2462 2787 2640 2827 sermo
2678 2772 2746 2827 de
2782 2773 2946 2842 gloria
2985 2772 3213 2842 Spiritus
3244 2774 3542 2839 sancti,di-

1954 2857 2138 2896 camus
2178 2842 2374 2911 aliquid
2421 2858 2487 2897 ex
2525 2843 2860 2911 dogmatibus
2907 2844 2958 2897 in
3001 2853 3235 2896 nostram
3262 2844 3543 2898 utilitatem

1955 2924 2009 2965 et
2038 2914 2396 2967 securitatem.
2428 2913 2559 2966 Nam
2586 2917 2724 2966 sicut
2760 2912 2881 2976 .loh,
2913 2927 3033 2965 cum
3065 2913 3216 2977 dixit,
3249 2914 3398 2967 Sicut
3427 2914 3537 2967 Do-

1955 2983 2091 3035 mino
2118 2986 2276 3037 visum
2320 2991 2412 3047 est,
2441 2986 2810 3036 auctoritatem
2838 2984 3157 3036 monstravit
3198 2992 3254 3036 et
3290 2983 3542 3037 domina-

1958 3054 2177 3115 tionem,
2210 3054 2287 3107 sic
2327 3063 2381 3106 ct
2420 3052 2645 3121 apostoli
2690 3052 3323 3121 hcrilctnrauctorilatem
3370 3055 3542 3108 sancti

1958 3125 2189 3193 Spiritus
2226 3120 2591 3187 ostendentes,
2637 3122 2856 3193 dicunt:
2896 3120 3070 3176 Visum
3113 3132 3187 3177 est
3219 3134 3392 3177 sancto
3421 3125 3546 3193 Spi-

1956 3191 2079 3246 ritui
2130 3194 2257 3246 nihil
2302 3194 2560 3261 imponere
2600 3191 2738 3245 vobis
2785 3193 2883 3246 nisi
2927 3208 3041 3261 qui:
3082 3195 3361 3261 necessaria
3406 3191 3541 3248 sunt.

1971 3262 2145 3316 Visum
2192 3272 2261 3317 est
2303 3260 2478 3335 sancto
2527 3262 2911 3335 Spiritui(Act.
3061 3260 3176 3335 ξε).
3218 3264 3273 3318 Si
3303 3264 3545 3319 subditus

1958 3343 2062 3397 est,
2102 3349 2266 3403 qttare
2288 3333 2337 3387 ei
2371 3334 2539 3386 visum
2582 3333 2700 3386 est?
2727 3334 2772 3387 si
2814 3335 2921 3403 sub,
2943 3334 3057 3402 lege
3096 3333 3178 3387 est
3203 3335 3456 3403 spiritus,
3487 3346 3545 3389 et

1960 3402 2143 3469 servit,
2175 3403 2442 3472 quomodo
2471 3403 2641 3456 visum
2669 3404 2764 3457 fuit
2791 3402 3042 3457 subdito?
3073 3402 3256 3457 Nonne
3281 3420 3400 3473 qua:
3432 3405 3540 3474 regi

1962 3474 2230 3544 videntur,
2252 3488 2315 3525 ea
2336 3474 2663 3539 efficiuntur,
2688 3483 2743 3528 et
2764 3489 2869 3527 nou
2899 3490 3016 3543 qua:
3046 3475 3272 3529 sobditis
3297 3475 3547 3544 placent?

1963 3544 2106 3597 Sicut
2129 3543 2349 3597 Domino
2386 3545 2547 3598 visum
2570 3553 2661 3608 est,
2690 3544 2817 3598 dicit
2844 3544 2982 3608 Job;
3015 3544 3235 3610 Spiritui
3263 3543 3435 3598 sancto
3472 3546 3547 3599 vi-

1962 3630 2076 3666 sunt
2104 3623 2195 3684 est,
2218 3614 2400 3667 dicunt
2425 3615 2675 3684 apostoli.
2698 3615 2944 3683 Ejusdem
2973 3615 3305 3668 auctoritatis
3347 3626 3400 3669 et
3445 3616 3545 3667 ho-

1962 3685 2111 3755 noris
2154 3683 2333 3755 dictio
2359 3683 2663 3755 utrobique,
2704 3687 2953 3754 quoniam
3004 3686 3228 3741 indivisa
3263 3696 3346 3739 est
3378 3686 3545 3755 gloria

1965 3754 2136 3825 regni.
2151 3754 2218 3808 At
2235 3754 2433 3825 malitia
2452 3754 2820 3809 haereticorum
2845 3757 3034 3810 iterum
3058 3757 3254 3811 invenit
3275 3754 3547 3825 effugium.

1964 3823 2129 3906 Nutu”
2157 3824 2279 3906 quia
2320 3824 2836 3906 dixeruutna-postoli
2861 3865 2877 3890 ,
2926 3827 3206 3906 inquiuut:
3257 3823 3440 3906 Visum.
3465 3836 3547 3906 est

1967 3894 2186 3963 Spiritui
2234 3903 2430 3958 sancto,
2461 3895 2813 3949 subdiderunt
2849 3894 3049 3961 autem,
3098 3895 3165 3948 Et
3193 3896 3375 3951 nobis:
3426 3896 3550 3952 ideo

1969 3963 2240 4017 habebunt
2289 3972 2345 4017 et
2380 3964 2606 4032 apostoli
2631 3965 2925 4020 divinitatis
2974 3968 3383 4020 auctoritatem?
3426 3967 3551 4021 IIa-c

1969 4034 2133 4103 probe
2175 4035 2566 4098 exatttineotur,
2598 4048 2667 4087 ne
2693 4035 3050 4089 inexercitatis
3088 4051 3197 4090 sua:
3226 4036 3551 4091 infidelitatis

1966 4118 2232 4175 venenum
2254 4104 2509 4175 itijiciant,
2535 4119 2668 4175 neue
2688 4105 3008 4175 simplicium
3030 4106 3244 4160 auribus
3264 4107 3551 4175 impietatis

1968 4173 2215 4228 haeresim
2259 4173 2559 4246 it_i_ft_mdant.
2610 4174 2757 4246 Talia
2799 4176 2941 4229 enim
2987 4191 3128 4245 smpe
3159 4173 3436 4246 magnifice
3466 4179 3549 4232 loo

1968 4252 2242 4370 guuntur:
2285 4243 2448 4306 Nihil,
2492 4245 2659 4305 aiunt.
2715 4244 2901 4326 frater,
2949 4256 3001 4302 te
3042 4243 3180 4300 dicta
3197 4243 3549 4331 conturbent.

2017 4323 2211 4368 ratrcm
2241 4324 2292 4369 te
2322 4321 2496 4370 vocat.
2524 4324 2574 4367 ef
2602 4330 2750 4370 unaSt
2782 4317 2988 4370 hostem
3018 4326 3070 4370 te
3097 4318 3309 4370 occidit.
3342 4317 3420 4370 Ne
3447 4334 3549 4370 tnt-

2017 4323 2211 4368 ratrcm
2241 4324 2292 4369 te
2322 4321 2496 4378 vocat,
2524 4324 2574 4367 ef
2602 4316 2750 4382 quasi
2782 4317 2988 4370 hostem
3018 4326 3070 4371 te
3097 4318 3309 4373 occidit.
3342 4317 3420 4372 Ne
3447 4319 3551 4372 mi-

1971 4384 2126 4458 reris,
2159 4385 2366 4458 inqttit,_
2382 4387 2425 4458 si
2452 4385 2520 4458 de
2538 4384 2748 4458 Spiritu
2778 4395 2964 4458 sancto
2994 4386 3044 4441 id
3090 4386 3272 4441 dicunt
3300 4390 3549 4458 apostoli,

1985 4454 2154 4527 [trum
2204 4464 2275 4511 est
2314 4455 2544 4527 Spiritui
2572 4465 2745 4509 sancto
2771 4470 2790 4509 :
2832 4456 2925 4511 sed
2970 4458 3089 4512 vide
3136 4459 3261 4527 qttid
3306 4454 3551 4513 addatur.

1984 4524 2158 4597 Visum
2185 4524 2513 4597 estSpiritui
2536 4538 2730 4597 sancto,
2761 4536 2821 4597 et,
2853 4527 2992 4581 nobis
3031 4524 3200 4581 visuin
3228 4538 3311 4583 est
3337 4538 3554 4597 aposto-

1973 4596 2058 4650 lis.
2087 4595 2222 4648 Nutn
2248 4596 2320 4649 dii
2347 4597 2613 4662 apostoli?
2639 4596 2771 4649 Num
2793 4596 3023 4651 divinam
3046 4598 3241 4653 habent
3264 4595 3551 4653 auctorita-

1976 4666 2126 4720 tem?
2193 4666 2416 4731 Quando
2470 4668 2583 4719 ha-e
2635 4667 2763 4720 dicit
2819 4667 3119 4730 haereticus,
3150 4684 3248 4721 nos
3289 4684 3319 4721 a
3365 4681 3547 4723 sancta

1975 4736 2245 4809 Scriptura
2311 4736 2820 4809 t_el:_t__prt_iferamus.
2876 4738 3103 4809 Sagitta:
3149 4739 3281 4792 enim
3336 4741 3551 4807 potentis

1975 4814 2134 4879 acuta:
2163 4804 2502 4879 (ἦρι-119.
2525 4805 2601 4879 ιι)
2640 4807 2691 4879 in
2740 4822 2835 4879 cor
2875 4804 3221 4879 inimicorum
3247 4804 3388 4879 regis
3429 4812 3557 4864 mit-

1977 4876 2172 4948 tendae.
2194 4877 2328 4948 Quid
2353 4876 2510 4944 igitur
2539 4876 2605 4930 ad
2638 4877 3100 4948 hatcdicendum?
3124 4879 3179 4933 Si
3210 4876 3559 4948 hoc‘Spirifus

1976 4947 2143 5020 sancti
2172 4946 2480 5020 dignitatem
2531 4947 2815 5020 imminuit,
2846 4948 2985 5016 quod
3013 4949 3062 5003 ei
3086 4949 3253 5017 juncti
3285 4946 3391 5003 sint
3429 4966 3560 5020 apo-

1976 5017 2123 5081 stoli,
2172 5016 2348 5085 itaque
2385 5026 2437 5070 et
2464 5018 2606 5085 quod
2650 5016 2824 5072 Moses
2861 5020 3178 5087 eonjuoctus
3203 5020 3272 5072 sit
3302 5020 3433 5083 Deo,
3466 5016 3558 5075 Dei

1978 5088 2243 5141 imminuit
2275 5087 2604 5158 dignitatem.
2643 5087 2891 5158 _I;Ixcmpli
2938 5090 3105 5158 gratia
3147 5090 3267 5143 dico
3308 5091 3405 5144 :Si
3453 5107 3558 5145 non

1976 5171 2224 5225 magnum
2269 5168 2420 5228 putas
2460 5157 2606 5222 illud,
2642 5155 2835 5210 Visum’
2864 5155 2963 5228 fuii
3005 5159 3223 5227 Spiritui
3264 5171 3459 5227 sancto,
3494 5176 3561 5215 eo

1977 5228 2119 5296 quod
2143 5236 2203 5299 et
2220 5226 2472 5299 apostolis
2493 5226 2943 5299 sitconjnnctu‘m,
2968 5226 3147 5299 utique
3174 5245 3346 5299 neque
3372 5226 3559 5299 magna

1979 5299 2072 5379 tibi
2104 5297 2284 5382 videri
2305 5306 2479 5382 potest
2507 5298 2639 5378 fides
2665 5314 2792 5382 erga
2818 5300 3006 5382 Deum,
3030 5297 3244 5382 qttiaet
3260 5297 3559 5382 Deus_Mosi

1975 5367 2189 5441 junctus
2208 5376 2310 5441 est.
2340 5367 2479 5441 Dicit
2506 5368 2648 5441 enim
2680 5367 2994 5441 Scriptura:
3023 5367 3245 5424 Credidit
3271 5372 3486 5441 populus
3509 5372 3562 5424 in

1979 5436 2143 5512 Deum
2172 5446 2217 5512 et
2245 5438 2299 5512 in
2328 5436 2506 5492 Mosen
2535 5437 2753 5512 (Exod.
2780 5436 2867 5512 1:4.
2898 5440 3014 5509 5|).
3047 5436 3307 5512 Caeterum
3337 5436 3394 5494 et
3416 5443 3559 5496 aliud

1982 5507 2142 5580 telum
2172 5506 2506 5580 proferamus
2529 5506 2553 5561 :V
2572 5509 2616 5562 si
2663 5510 2892 5578 Spiritus
2932 5506 3100 5566 sancti
3130 5511 3441 5580 dignitatem
3471 5515 3563 5566 de-

1982 5577 2141 5648 struit
2165 5578 2411 5646 adjuncta
2451 5577 2717 5633 sententia
2748 5583 3130 5648 apostolorum,
3162 5577 3481 5637 contumelia
3507 5593 3564 5638 et

1982 5647 2253 5715 dignitatis
2289 5648 2586 5719 imtninutio
2611 5666 2677 5703 ex
2714 5647 2964 5706 Samuele
3001 5653 3102 5704 erit
3132 5652 3240 5706 Deo
3265 5667 3278 5705 :
3306 5654 3563 5719 scriptum

1983 5726 2066 5789 est
2091 5720 2292 5789 enim_:_
2308 5717 2561 5789 fittituuit
2588 5721 2749 5773 omnis
2774 5723 2991 5789 populus
3015 5720 3174 5775 Deum
3202 5733 3247 5775 et
3274 5717 3564 5776 Samuelem

1987 5785 2068 5856 (l.
2087 5781 2645 5858 380.12.19).Dcnu0
2671 5801 2723 5847 et
2759 5781 2971 5847 tertium
3002 5808 3309 5862 promamus
3330 5793 3563 5861 jaculum
