3780 6226
413 283 548 340 10θό

413 402 515 457 suit
543 413 630 452 nos
661 397 889 466 Spiritus
907 406 1110 452 sanctus
1132 397 1392 466 episwpos
1411 405 1459 450 et
1478 396 1717 448 diaconos
1744 393 1878 459 (det.
1900 392 1993 448 ΞΘ.

413 473 529 543 98).
563 469 695 524 Vide
722 471 966 522 virtutem
1005 470 1229 543 Spiritus
1265 467 1556 543 διηπείλει
1598 466 1992 543 aucttu'itatem,

414 534 868 610 ct'potestatem,
929 534 1058 610 nuni
1101 538 1308 610 alienus
1363 551 1393 592 a
1457 538 1586 610 Deo
1620 536 1689 590 sit
1742 534 1993 610 Spiritus.

426 607 569 678 Vidi,
621 611 788 679 inquit
841 609 1085 673 llesaias,
1137 607 1299 679 Deum
1349 623 1502 679 super
1546 607 1782 679 thronum
1829 607 1994 679 excel-

415 677 632 736 sum’et
688 677 966 743 eleuatum,
1034 688 1082 731 et
1149 677 1423 746 Scrapltint
1478 679 1528 730 in
1586 678 1799 730 circuitu
1851 677 1997 746 ejus;

390 765 471 810 'ct
515 766 634 821 qua:
676 761 984 818 sequuntur.
1031 749 1102 801 Ac
1147 749 1314 821 dixit
1343 765 1373 802 o
1416 750 1658 821 miserum
1701 763 1825 821 me,
1870 763 1998 821 quo-

416 817 553 876 uiani
595 817 926 888 compunctus
967 835 1113 881 sum,
1163 820 1401 888 quoniam
1431 817 1691 870 immunda
1726 818 1860 871 labia
1904 819 1998 888 lia-

413 897 556 954 oens,
597 891 650 943 in
686 887 849 943 medio
878 889 1052 958 populi
1077 887 1336 942 imumudu
1374 889 1508 942 labia
1531 888 1754 942 trahentis
1787 903 1877 956 ego
1907 887 1997 958 ha-

415 965 515 1018 bito
536 1003 551 1026 ,
584 971 629 1014 et
669 977 836 1030 regem
878 955 1150 1013 Dominum
1182 959 1407 1014 Sabaoth
1438 961 1536 1030 ridi
1564 960 1721 1012 oculis
1747 955 1886 1011 meis.
1932 955 1999 1010 Et

413 1034 541 1087 dixit
564 1047 583 1084 :
609 1029 738 1100 quisi
760 1032 848 1084 ibit
877 1031 944 1083 ad
975 1029 1220 1100 populum
1248 1031 1422 1084 hunc?
1452 1029 1514 1082 Et
1563 1030 1670 1082 dixi
1693 1045 1711 1082 :
1733 1045 1846 1082 erce
1865 1044 1993 1100 ego,

414 1105 557 1155 mitte
585 1097 680 1154 uie.
705 1097 1073 1170 Nimirmn'qui
1097 1099 1310 1155 sedebat
1337 1101 1389 1154 in
1417 1100 1630 1162 throno,
1662 1100 1794 1153 dixit
1818 1117 1830 1152 :
1864 1097 2000 1170 Vade

419 1181 488 1226 ad
519 1170 764 1242 populant
804 1171 958 1234 hunc,
987 1169 1031 1224 et
1060 1172 1140 1224 dic
1160 1187 1178 1224 :
1206 1171 1384 1224 auditu
1422 1171 1639 1224 audietis
1658 1211 1672 1235 ,
1706 1178 1752 1223 et
1787 1169 1996 1242 noniu-

416 1239 647 1312 tett'igetis
693 1258 711 1295 :
762 1251 808 1294 et
863 1243 1082 1295 videntes
1132 1242 1392 1305 videbitis,
1442 1251 1490 1294 et
1539 1258 1638 1294 non
1686 1239 2000 1312 perspiciatis

415 1309 672 1378 “(6.1.
701 1313 752 1367 5.
773 1312 826 1366 8.
846 1313 926 1381 9).
958 1313 1084 1379 Quis
1106 1323 1186 1366 est
1206 1314 1292 1378 qui
1316 1309 1710 1380 sedebatsuper
1728 1309 2001 1381 thronum?

418 1385 600 1444 Pater,
627 1383 796 1452 inquit
825 1401 838 1435 :
869 1380 912 1436 Si
942 1391 1117 1436 autem
1151 1383 1403 1436 didiceris
1430 1398 1458 1434 a
1494 1383 1676 1447 Paulo,
1707 1380 1847 1450 quod
1878 1380 1999 1448 Spi-

419 1456 559 1509 ritus
586 1453 676 1519 sit,
716 1454 1058 1508 conﬁteberis
1084 1452 1231 1508 iitum
1266 1454 1468 1507 Deum?
1499 1453 1754 1517 Ostende,
1795 1452 1997 1518 intuit,

418 1536 472 1578 c-t
492 1524 673 1579 credo.
720 1523 857 1577 Audi
899 1525 1045 1577 illum
1080 1522 1390 1578 dicentem:
1434 1521 1569 1578 Bene
1604 1523 1734 1576 dixit
1774 1521 2000 1589 Spiritus

421 1604 618 1649 Vinctus
680 1611 769 1664 per
816 1591 1008 1664 Isaiam
1061 1594 1356 1663 prOplietam
1398 1610 1416 1647 :
1460 1595 1585 1648 vade
1639 1594 1708 1646 ad
1759 1594 2000 1661 populum

414 1678 582 1730 mue,
619 1674 667 1736 et
708 1665 790 1736 die
815 1683 833 1720 :
876 1663 1093 1736 auribus
1126 1664 1343 1719 audietis
1371 1681 1389 1718 :
1432 1675 1486 1718 et
1539 1679 1658 1736 qu'e
1707 1673 2016 1736 sequuntur.

421 1737 559 1808 (Act.
609 1734 856 1808 23.__‘25._
902 1734 1018 1808 26).
1074 1735 1526 1808 Datiltts__inquit,
1557 1733 1719 1808 'Dixit
1747 1733 2001 1808 _S_piril_us

416 1803 654 1868 sanctus;
703 1805 923 1859 Ilesaias
978 1803 1192 1872 inquit:
1246 1803 1406 1858 Dixit
1439 1805 1684 1859 Dominus
1736 1803 1996 1859 Sabaoth:

418 1877 540 1945 quia
572 1875 879 1929 indill‘erens
905 1885 985 1928 est
1013 1875 1301 1945 Scriptum
1328 1876 1468 1937 loiui
1498 1876 1566 1930 de
1595 1875 1750 1930 Patre
1778 1885 1832 1930 et
1864 1874 1999 1927 Filio

419 1957 472 1998 ct
492 1947 692 2015 Spiritu
723 1955 929 2000 sancto.
975 1946 1136 2015 Igitur
1180 1962 1247 1999 ne
1273 1947 1360 1998 dic
1387 1946 1638 2014 deinceps
1675 1961 1920 2015 magnum
1948 1951 2004 1997 et

422 2014 642 2085 parvum
673 2017 860 2077 Deum,
890 2014 1131 2069 incidens
1167 2016 1219 2069 in
1261 2015 1550 2070 Gentilium
1581 2033 1837 2070 errorem.
1868 2014 2000 2069 Nam

419 2088 460 2138 si
505 2101 700 2158 parvus
729 2088 867 2140 Deus
895 2095 980 2141 est
1027 2085 1209 2152 Filius,
1261 2089 1518 2158 metuitur
1547 2086 1998 2158 Paulusdicens:

423 2155 788 2227 Exspectant“
829 2159 1038 2227 beatam
1066 2173 1205 2225 spem
1251 2157 1428 2227 gloria:
1453 2157 1625 2226 magni
1666 2157 1758 2210 Dei
1785 2167 1829 2210 et
1875 2155 2000 2211 Sal-

421 2215 607 2282 ruto'ris
650 2229 808 2281 nostri
845 2225 971 2281 Iesu
1005 2215 1188 2280 Christi
1217 2215 1340 2297 (Tit.
1375 2227 1430 2281 ἓ.
1484 2215 1596 2297 ίῗῖ).
1634 2227 1800 2294 Quem
1846 2227 2004 2295 igitur

423 2299 620 2352 l‘auius
641 2306 794 2352 vcem
820 2312 1069 2364 magnum
1119 2299 1307 2361 Deum,
1341 2307 1396 2352 tu
1428 2313 1494 2353 ne
1519 2297 1718 2352 dixeris
1745 2313 1998 2365 parvum;

420 2384 542 2422 nam
592 2369 643 2421 in
687 2369 796 2420 Deo
827 2367 1060 2437 perfecta
1105 2378 1229 2421 sunt
1272 2369 1470 2422 omnia.
1517 2367 1582 2422 Et
1625 2383 1880 2423 rursum:
1922 2366 2005 2421 Ea:

420 2439 601 2504 quibus
622 2437 850 2491 Christus
879 2440 1150 2490 secundum
1190 2455 1410 2508 carnem,
1444 2439 1529 2506 qui
1553 2447 1627 2492 est
1658 2455 1808 2508 super
1837 2439 2004 2492 omnia

421 2509 560 2560 Deus
592 2508 877 2561 benedictus
906 2507 958 2561 in
1002 2507 1190 2579 smculu
1220 2507 1394 2578 (Itoni.
1429 2509 1484 2563 9.
1516 2509 1595 2579 5).
1629 2507 1812 2578 Neque
1855 2523 2004 2562 crea-

426 2590 530 2631 tum
581 2579 746 2632 Deum
792 2577 1371 2649 nominabis_unquam
1416 2577 1668 2649 {impius
1709 2577 1850 2634 enim
1901 2588 2002 2644 est,

421 2650 509 2714 qui
535 2658 836 2702 creaturam
866 2648 1072 2702 adorat.
1099 2647 1244 2716 Quid
1270 2648 1464 2718 igitur?
1491 2647 1606 2703 Non
1634 2649 1780 2702 dices
1809 2662 2003 2716 corpus

423 2720 632 2772 homini
675 2719 950 2772 creatum?
982 2718 1110 2771 Vide
1158 2735 1284 2787 ergo
1328 2719 1470 2788 quod
1519 2729 1573 2774 et
1614 2731 1666 2773 tu
1705 2729 2002 2773 creaturam

423 2791 617 2842 adoras
645 2789 919 2858 insipiens.
966 2788 1151 2860 Nullus
1194 2789 1322 2843 dicit
1350 2790 1459 2860 regi
1490 2807 1502 2842 :
1536 2805 1674 2845 exue
1718 2804 2003 2860 purpuram

425 2867 602 2924 tuam;
633 2861 713 2913 vel
748 2879 759 2912 :
803 2873 959 2928 surge
1003 2874 1032 2913 a
1079 2858 1270 2913 throno
1319 2858 1431 2923 tuo,
1455 2868 1513 2913 ut
1559 2868 1611 2914 te
1638 2858 1836 2914 nuduni
1876 2860 2003 2913 ado-

413 2944 537 2983 rcm
569 2947 583 2982 :
613 2929 706 2984 sed
735 2929 919 2982 adorat
948 2945 1126 2997 regem
1159 2945 1320 2999 super
1347 2930 1596 2984 thronum
1622 2930 1920 2992 sedentem,
1947 2938 2000 2984 et

425 3015 657 3067 purpura
684 3001 956 3055 vestitum.
979 2999 1367 3070 Complacitum
1394 3002 1536 3054 enim
1565 3001 1660 3054 fuit
1683 3001 1791 3055 Deo
1817 3001 2000 3061 verbo,

425 3078 483 3123 at
532 3081 765 3124 creatam
820 3085 1036 3124 carnem
1094 3081 1328 3124 nostram
1384 3072 1482 3125 sibi
1539 3071 1740 3140 absque
1797 3071 2002 3124 macula

419 3141 616 3211 uiiiret.
644 3140 743 3194 Est
764 3140 922 3211 igitur
950 3141 1218 3195 adoranda
1243 3157 1363 3195 cum
1395 3143 1502 3196 Deo
1529 3143 1712 3206 verbo,
1744 3150 2004 3209 quatenus

415 3209 603 3265 deitati
632 3209 806 3268 adest:
850 3213 915 3264 lit
962 3213 1061 3267 huc
1091 3212 1391 3283 signiﬁcans
1423 3212 1634 3268 divinus
1675 3211 1863 3279 David,
1894 3213 2001 3267 cla-

1917 265 2178 324 SPURLX.

3557 277 3686 333 1095

2106 400 2255 446 mat:
2300 390 2537 447 Exaltute
2584 392 2858 448 Dominum
2909 393 3065 448 Deum
3116 403 3343 449 nostrum
3383 404 3431 448 et
3477 395 3692 451 αάοηιιε

2103 464 2375 537 sc_ub_ellui_n
2420 465 2602 537 pedum
2644 466 2783 534 ejus,
2830 467 3066 537 quoniam
3111 476 3320 520 sanctus
3348 475 3420 519 est
3456 465 3692 535 (Psalm.

2101 534 2190 589 98.
2218 535 2294 603 5).
2332 534 2384 586 ln
2408 535 2514 587 alio
2540 535 2657 588 loco
2678 537 2804 590 dicit
2831 534 2851 588 τ’
2878 535 3068 590 Cadunt
3097 537 3221 589 mihi
3248 537 3408 597 sedes,
3433 534 3570 588 tem:
3595 556 3693 590 avt-

2103 615 2199 657 tem
2243 605 2514 657 scabellum
2544 606 2726 672 pedum
2759 623 2982 660 meorum
3027 605 3177 674 (lsui.
3207 607 3292 662 66.
3324 609 3345 661 l
3374 607 3414 668 ).
3464 607 3691 662 Terram

2104 691 2200 727 nos
2221 674 2376 742 jubes
2396 674 2642 737 adorare,
2673 693 2705 728 ο
2732 677 2887 732 beate
2912 677 3105 731 David!
3138 678 3201 731 Et
3223 677 3490 746 quomodo
3521 679 3694 732 Muses

2103 746 2273 816 lugent
2301 747 2466 813 ponit,
2500 761 2674 814 neque
2695 749 2905 808 ca'lum.
2930 764 3100 816 neque
3128 760 3343 810 terram,
3373 765 3553 816 neque
3572 767 3693 816 quze

2108 815 2158 868 in
2201 817 2279 868 eis
2309 825 2460 889 sunt,
2509 817 2774 871 adoranda
2821 833 2941 874 esse
2989 815 3158 880 (Deut.
3192 818 3224 873 5
3262 830 3306 872 et
3343 815 3472 889 l8)?
3510 815 3696 872 Videte

2104 886 2434 955 mysterium.
2463 888 2723 953 Quoniam
2752 889 2849 944 sibi
2870 892 3149 955 juncturus
3170 899 3284 942 erat
3313 886 3550 942 nostram
3576 905 3696 941 car-

2106 973 2225 1009 nem
2276 957 2477 1026 absque
2528 970 2747 1026 peccato
2793 958 2858 1012 ad
2911 975 3069 1012 unam
3118 958 3517 1022 adorationem;
3569 974 3693 1013 mm

2105 1037 2284 1080 autem
2313 1038 2493 1081 nostra
2523 1044 2590 1081 ex
2619 1029 2786 1082 Adam
2806 1070 2820 1092 ,
2849 1046 2910 1083 ex
2943 1039 3081 1083 terra
3110 1037 3226 1093 est;
3264 1029 3562 1082 secundum
3597 1028 3695 1083 hoc

2103 1097 2278 1151 dicit:
2331 1097 2396 1151 Et
2445 1098 2654 1152 adorate
2687 1101 2958 1154 scabellum
3007 1100 3192 1169 pedum
3231 1103 3356 1167 ejus.
3401 1099 3512 1153 Nos
3552 1103 3691 1152 enim

2107 1175 2303 1222 terram
2333 1185 2438 1222 non
2469 1171 2754 1224 adoramus
2773 1214 2787 1235 ,
2815 1173 2907 1224 sed
2940 1171 3099 1224 Deum
3126 1170 3368 1234 verbum,
3395 1170 3486 1239 qui
3522 1172 3692 1224 univit

2105 1240 2204 1291 sibi
2235 1240 2433 1307 absque
2452 1251 2669 1309 peccato
2714 1256 2926 1294 carnem
2959 1241 3110 1306 Adzc,
3139 1256 3257 1309 qua:
3299 1257 3362 1295 ex
3406 1251 3554 1294 terra
3582 1240 3692 1293 for-

2107 1317 2245 1362 mata
2272 1305 2373 1363 est.
2409 1305 2482 1363 Ne
2513 1305 2670 1378 igitttt‘
2695 1312 2831 1365 ultra
2871 1312 3036 1374 (Ιίυω,
3059 1305 3297 1365 creatum
3328 1310 3553 1370 Filium,
3601 1310 3693 1364 sed

2106 1378 2213 1442 die,
2248 1380 2333 1434 ubi
2365 1380 2496 1433 dixit
2528 1382 2724 1435 Pater:
2756 1383 2929 1436 creavi
2963 1382 3090 1435 mihi
3119 1382 3310 1436 Filium
3345 1399 3358 1434 :
3394 1383 3476 1435 vel
3506 1381 3674 1435 Filius

2105 1451 2306 1521 creavit
2349 1465 2435 1504 me
2474 1451 2672 1505 Pater?
2701 1452 2883 1521 Neque
2924 1455 3182 1506 Immanas
3223 1467 3384 1505 voces
3412 1452 3613 1506 Christi
3644 1455 3694 1506 in

2107 1519 2222 1589 ejus
2252 1521 2661 1576 diminutionem
2711 1519 2915 1592 accipe.
2943 1523 3071 1576 Nam
3105 1523 3149 1575 si
3182 1523 3261 1576 his
3303 1522 3482 1585 dictis,
3511 1531 3570 1574 et
3598 1523 3697 1574 lm-

2107 1592 2278 1662 mauis
2307 1592 2358 1646 in
2395 1607 2460 1646 eo
2485 1593 2864 1647 demonstratis
2885 1635 2898 1658 ,
2926 1595 3039 1648 ausi
3090 1603 3217 1647 sunt
3259 1593 3475 1662 quidam
3517 1594 3698 1645 dicere

2107 1661 2384 1730 phantasia
2415 1671 2469 1717 et
2493 1665 2670 1732 specie
2704 1674 2906 1718 tantum
2938 1666 3109 1732 ipsum
3138 1665 3474 1717 iucarnatum
3497 1661 3700 1724 fuisse;

2105 1733 2148 1785 si
2180 1733 2292 1786 haec
2319 1748 2422 1804 non
2449 1743 2632 1788 essent
2657 1734 2814 1797 facta,
2847 1736 3081 1804 inquam
3115 1750 3219 1788 non
3243 1733 3577 1787 excidissent
3601 1735 3695 1785 im-

2109 1803 2405 1875 pietatem?
2431 1804 2661 1860 Proinde
2689 1807 2862 1860 onmis
2887 1803 2977 1875 qui
3018 1806 3216 1858 sanctis
3257 1804 3566 1875 Scripturis
3585 1821 3695 1856 rre-

2107 1873 2205 1940 dit,
2235 1875 2421 1928 adoret
2450 1875 2766 1930 Trinitatem
2800 1873 3088 1930 increatam
3109 1916 3123 1939 ,
3166 1874 3658 1928 incommutabilem
3681 1917 3693 1935 ,

2110 1945 2499 2009 invariabilcm,
2528 1948 2949 2014 omnipotentem
2975 1987 2990 2010 ,
3019 1946 3173 1999 simul
3204 1945 3469 2014 principio
3502 1960 3692 1998 raren-

2109 2023 2252 2075 tem,
2301 2026 2621 2070 comternam
2664 2026 2714 2071 et
2762 2017 3264 2071 consubsmmialem
3296 2032 3309 2066 :
3342 2015 3594 2073 Patrem.
3647 2025 3693 2068 ct

2109 2085 2324 2150 Filium,
2358 2088 2505 2155 prius
2552 2088 2768 2156 quidem
2814 2089 3018 2156 absque
3056 2101 3238 2150 carne,
3275 2085 3472 2156 deinde
3520 2095 3694 2138 autem

2110 2157 2384 2228 voluntate
2413 2155 2624 2226 propria
2653 2158 2702 2211 in
2729 2162 2831 2212 line
2853 2155 3146 2228 pta-rivulum
3172 2155 3444 2228 hominem
3476 2156 3692 2220 factum,

2111 2226 2312 2298 absque
2340 2239 2580 2296 peccato,
2614 2229 2814 2298 absque
2855 2226 3108 2282 _versioue
3137 2237 3191 2282 et
3230 2227 3530 2298 mutatione
3567 2229 3647 2281 sui
3683 2246 3693 2280 :

2113 2296 2270 2350 homo
2292 2298 2433 2352 enim
2463 2297 2654 2364 iactus,
2679 2296 2874 2352 mansit
2895 2299 2944 2351 id
2968 2297 3107 2368 quod
3135 2308 3268 2359 erat,
3291 2312 3486 2365 nempe
3516 2297 3654 2350 Deus
3682 2318 3694 2351 :

2109 2382 2215 2421 non
2237 2369 2378 2421 enim
2401 2369 2596 2422 excidit
2621 2385 2648 2421 a
2668 2370 2831 2439 gloria
2855 2379 2909 2422 et
2931 2368 3188 2438 dignitate
3210 2383 3303 2422 sua
3332 2385 3344 2422 :
3367 2378 3424 2420 et
3445 2369 3694 2435 Spiritum

2109 2449 2374 2504 sanctum,
2418 2439 2697 2507 Spiritum,
2741 2441 2828 2508 qui
2868 2439 3118 2508 loquutus
3157 2449 3236 2491 est
3265 2455 3359 2508 per
3386 2440 3691 2506 prophetas.

2111 2508 2218 2561 Eos
2239 2523 2418 2564 autem
2447 2510 2535 2578 qui
2581 2509 2762 2563 dicunt
2789 2509 2979 2564 Filium
3007 2552 3020 2572 ,
3053 2519 3144 2562 aut
3167 2509 3424 2578 Spiritum
3453 2520 3690 2562 sanctum

2111 2593 2321 2632 versum
2349 2623 2363 2644 ,
2396 2581 2480 2632 vel
2523 2589 2814 2644 mutatum,
2859 2581 2939 2634 vel
2985 2580 3206 2633 alterius
3236 2580 3558 2632 substantia
3581 2623 3593 2642 ,
3623 2582 3693 2636 vel

2111 2663 2175 2702 ex
2210 2651 2373 2703 nihilo
2402 2649 2621 2715 factum,
2655 2651 2734 2704 vel
2758 2650 2896 2720 quod
2930 2649 3090 2704 fuerit
3115 2658 3324 2716 tempus
3347 2651 3568 2714 quando
3599 2667 3691 2702 non

2112 2730 2248 2783 erat,
2276 2720 2616 2774 anathemate
2662 2721 2881 2774 damnet
2919 2720 3156 2774 Ecclesia
3199 2721 3489 2774 catholica.
3529 2721 3688 2774 Suili-

2113 2790 2258 2844 ciunt
2312 2791 2410 2844 ista
2459 2792 2652 2855 cuivis,
2708 2791 2914 2844 tametsi
2953 2805 3118 2858 pauca
3147 2790 3286 2853 sint;
3333 2792 3516 2844 omnia
3564 2795 3692 2846 enim

2113 2860 2778 2932 tractarchimpossibilc;
2807 2860 3089 2914 docentem
3134 2862 3274 2932 enim
3305 2877 3392 2915 me
3442 2863 3694 2916 deﬁceret

2113 2940 2343 2999 tempus.
2376 2930 2558 3000 Neque
2587 2933 2755 3000 ipsum
2791 2932 3043 2984 mundum
3073 2931 3262 2997 opinor
3288 2947 3487 2999 capere
3514 2935 3695 2994 libros.

2111 3003 2202 3069 qui
2234 3001 2538 3055 scribuntur
2567 3020 2578 3054 :
2614 3017 2711 3054 nos
2739 3011 2915 3055 autem
2951 3001 3148 3070 indigni
3176 3001 3261 3069 qui
3293 3011 3494 3056 tantam
3528 3020 3591 3057 ex
3622 3021 3697 3054 suo

2111 3072 2217 3125 eris
2243 3072 2532 3139 Scriptnris
2562 3073 2838 3126 utilitatem
2869 3086 3215 3140 assequamur
3238 3115 3252 3137 ,
3287 3073 3581 3127 adoremus
3608 3075 3697 3128 Pa-

2115 3153 2248 3215 trem
2276 3153 2329 3215 et
2363 3142 2552 3215 Filium
2582 3142 2922 3215 et_Spirilu_m
2952 3149 3221 3215 sanctum,
3251 3145 3338 3196 cui
3365 3145 3434 3198 sit
3456 3145 3625 3215 gloria
3651 3154 3695 3199 et

2112 3213 2394 3283 imperium
2424 3214 2476 3267 in
2503 3213 2697 3267 szecula
2725 3213 3069 3268 smculorum.
3101 3213 3293 3268 Amen.
