3846 6230
360 368 502 423 '2‘)?

802 385 814 405 ι
900 363 1112 422 MAilll-
1135 363 1583 421 MERCATORIS
1620 359 2197 419 TRANSLATIONES
2240 361 2599 418 VAi‘ilORUM
2640 360 3169 422 OPUSCULORUM.

3576 366 3686 424 ωε

314 502 320 506 τ
379 481 588 549 ‘i-‘i-lius,
618 480 688 535 ait
718 465 830 544 ille,
861 493 1036 550 nuper
1058 476 1362 549 appellatus
1390 492 1471 537 es.
1505 491 1625 531 cum
1648 486 1714 531 es
1745 473 1988 545 baptiza-
2013 478 2066 538 Α
2162 474 2219 529 9.
2259 473 2332 529 Ita
2362 473 2646 542 Christus,
2682 473 2748 529 ad
2789 476 3016 545 gratiam
3057 475 3153 532 Dei
3184 475 3342 533 nobis
3384 455 3687 535 concilian-

393 587 504 631 tus.
537 571 732 630 Audivi
761 570 1147 643 praedicantem
1171 583 1362 625 vocem
1390 587 1403 623 :
1429 567 1534 623 Hic
1555 579 1629 624 est
1654 566 1826 622 Filius
1853 583 1995 622 meus

393 668 648 734 dilectus,
701 665 754 720 in
796 679 895 735 quo
941 662 1072 717 mihi
1118 662 1242 717 bene
1284 661 1571 730 routplacui
1612 657 1837 730 (Matth.
1879 657 1990 730 ttt);

395 765 556 830 quam
588 771 689 828 ego
716 754 1194 827 compellationem
1217 762 1273 807 ut
1294 752 1627 809 adulationis
1649 762 1704 807 et
1727 751 1990 822 magnifici

391 847 504 920 jo‘ci
546 847 786 918 plenam,
815 858 978 917 atque
1019 855 1075 899 ttt
1119 859 1300 915 opera:
1345 843 1578 913 pretium
1614 843 1993 912 honoremque

378 956 526 997 :sane
554 939 850 996 leviculum
896 937 1214 994 irridebam.
1242 936 1326 992 Tu
1371 935 1589 992 interim
1619 935 1896 1007 gaudebas
1937 935 1992 990 in

393 1035 538 1100 sinu,
575 1032 781 1103 tibique
803 1032 916 1102 jam
958 1030 1254 1098 persuades
1283 1044 1404 1084 esse
1446 1037 1500 1082 te
1527 1028 1780 1084 dilectum
1814 1027 1989 1094 illum,

396 1140 462 1181 ac
481 1123 774 1196 pmiidens
806 1123 1071 1186 exsultas,
1099 1120 1178 1175 sic
1199 1130 1472 1190 tamquam
1499 1119 1550 1174 in
1574 1120 1717 1176 coelo
1746 1120 1865 1190 ipso
1889 1119 1990 1184 sis,

393 1217 603 1273 διο-θα)
635 1231 746 1287 pra:
772 1219 988 1271 czeteris
1027 1223 1286 1284 acceptus
1326 1222 1382 1268 et
1424 1213 1476 1267 in
1513 1212 1748 1268 deliciis.
1793 1209 1994 1282 Ecquis

394 1321 577 1365 autem
612 1317 764 1380 pater
805 1307 898 1362 ille
927 1305 1235 1361 censendus
1277 1313 1397 1371 est,
1428 1304 1518 1374 qui
1559 1302 1857 1359 esurientis
1897 1300 1993 1358 lilii

395 1418 583 1477 curam
619 1402 820 1457 nullam
860 1399 1047 1471 gerat?
1075 1399 1262 1468 Qualis
1303 1408 1568 1468 patronus
1596 1397 1687 1453 ille
1717 1411 1781 1452 ac
1826 1405 1991 1461 tutor,
2034 1414 2036 1416 ν

392 1497 485 1565 qui
516 1497 746 1552 clientes
784 1510 892 1549 non
923 1495 1146 1564 pascat?
1183 1491 1261 1545 Tu
1293 1504 1426 1545 vero
1458 1490 1573 1560 jam
1600 1488 1733 1567 dies
1762 1487 1999 1560 quadra-

395 1592 542 1662 ginta
567 1591 787 1662 jejunus
819 1585 1148 1660 produxisti,
1179 1599 1334 1658 patre
1358 1586 1427 1642 de
1455 1595 1541 1640 tua
1574 1585 1714 1641 laute
1747 1583 1878 1640 nihil
1908 1583 1996 1638 in-

2093 565 2249 632 dam,
2283 567 2470 622 iisdem
2504 567 2666 622 rebus
2695 568 2821 621 usus
2851 575 2966 631 est,
3005 570 3198 638 quibus
3234 569 3404 625 Adam
3435 573 3687 643 peccavit

2096 659 2148 714 in
2180 659 2348 714 Deum
2382 677 2393 712 :
2423 674 2545 712 cum
2575 659 2721 713 enim
2753 659 3185 720 hiu'iulldelitate
3211 669 3264 715 et
3286 662 3390 717 cibi
3416 665 3561 719 vetiti
3583 679 3685 720 esu

2095 752 2377 823 prolapsus
2420 753 2471 808 in
2499 753 2705 807 crimen
2751 755 2822 806 sit
2863 751 3012 823 (nam
3039 753 3109 806 oh
3152 753 3584 810 incredulitatem
3631 770 3688 810 et

2093 845 2273 917 gulam
2299 844 2562 912 corruit),
2594 843 2842 898 Christus
2865 882 2879 906 ,
2912 843 3004 912 qui
3041 851 3291 898 naturam
3332 853 3687 916 reparaturus

2093 947 2338 1001 venerat,
2369 952 2398 991 a
2432 935 2537 990 [ide
2560 943 2619 991 et
2647 936 3002 1006 temperantia
3031 935 3182 1012 ducit
3209 935 3447 991 init-inm.
3480 935 3685 1004 Quare,

2093 1031 2338 1100 deposita
2388 1028 2556 1084 veluti
2607 1028 2776 1091 larva,
2809 1027 3008 1082 bellum
3052 1039 3300 1097 apertum
3350 1029 3424 1082 illi
3469 1029 3684 1084 daemon

2092 1126 2268 1180 solitis
2317 1123 2525 1178 artibus
2570 1120 2776 1178 inferre
2823 1121 3137 1178 meditatur.
3184 1113 3486 1193 Antequam
3538 1135 3690 1177 esset

2097 1216 2388 1273 hic‘editus
2419 1216 2471 1271 in
2503 1217 2714 1277 lucem,
2763 1216 2938 1286 inquit
2977 1231 3194 1283 secum,
3239 1217 3464 1274 insidias
3509 1220 3689 1290 partui

2096 1326 2194 1380 per
2229 1309 2594 1379 suspicionem
2625 1307 2876 1363 adulterii
2907 1309 3129 1365 molitus
3159 1324 3315 1375 sum;
3348 1326 3410 1366 ea
3447 1326 3546 1382 spe
3572 1313 3694 1367 itu.

2095 1411 2296 1459 stratus
2316 1441 2332 1467 ,
2368 1401 2616 1456 eumdem
2653 1403 2763 1471 jam
2793 1411 2976 1456 natum
3006 1400 3234 1458 Herodis
3259 1417 3422 1473 opera
3452 1406 3692 1459 circnm-

2099 1495 2288 1552 venire
2323 1506 2487 1566 atque
2517 1497 2830 1565 opprimere
2873 1495 3072 1551 tentavi
3107 1512 3122 1548 :
3155 1495 3257 1550 hac
3292 1510 3509 1566 quoque
3534 1507 3695 1567 parte

2095 1592 2279 1660 elapa
2309 1588 2442 1644 mihi
2470 1588 2649 1659 praeda
2680 1597 2767 1646 est
2787 1605 2805 1648 :
2828 1590 3006 1644 vietus
3033 1604 3184 1658 sum,
3225 1592 3478 1663 quamdiu
3510 1592 3691 1646 aliena

397 1687 553 1742 terim
582 1684 854 1748 sollicito,
886 1693 942 1738 et
972 1679 1263 1738 multcruin
1305 1679 1518 1736 dierum
1561 1679 1800 1733 esuriem
1845 1675 1996 1732 nullo
2100 1679 2333 1751 pugnavi
2379 1693 2580 1744 manu,
2625 1693 2772 1734 nunc
2818 1694 2915 1750 per
2941 1695 3030 1736 me
3058 1682 3174 1750 ipse
3219 1681 3357 1738 bella
3385 1697 3592 1752 geram.
3619 1683 3695 1764 ,0

393 1776 893 1835 commiserationis
928 1789 1095 1831 sensu
1119 1773 1297 1830 otiose
1331 1771 1760 1842 contemplante.
1794 1770 1997 1826 l’aren—
2097 1786 2299 1827 cmcam
2344 1770 2619 1844 pugnandi
2647 1771 3037 1841 cupiditatem!
3069 1771 3115 1828 A
3154 1787 3264 1844 quo
3301 1775 3521 1829 vixdum
3559 1783 3696 1830 nato

395 1887 509 1932 tem
535 1887 670 1929 sane
712 1871 804 1927 lilii
833 1879 1132 1936 amantem,
1163 1867 1258 1941 qui
1297 1883 1366 1923 ne
1390 1880 1589 1938 panem
1614 1865 1833 1937 quidem
1864 1878 1997 1922 esu-
2025 1861 2069 1921 Β
2099 1866 2275 1921 vietus
2325 1875 2406 1919 est
2429 1904 2448 1933 ,
2498 1877 2622 1919 eum
2678 1880 2822 1921 nunc
2867 1865 3044 1921 virum
3098 1865 3300 1923 factum
3358 1859 3722 1941 aggreditur.

401 1965 566 2024 rionti
613 1966 752 2037 proli
802 1963 1095 2036 largiatur!
1145 1960 1437 2033 Egregium
1483 1959 1678 2024 lilium,
1725 1973 1888 2029 quem
1927 1975 1998 2015 ne
2096 1959 2394 2024 Adesdum,
2421 1972 2637 2015 manum
2663 1973 2786 2014 cum
2816 1960 2936 2015 viro
2954 1959 3163 2028 confer,
3192 1961 3493 2030 odtemon;
3522 1976 3696 2033 εἰμες

395 2069 558 2130 pater
583 2057 797 2129 quidem
820 2055 930 2111 alat
957 2064 1200 2110 extrema
1232 2054 1287 2110 in
1310 2051 1474 2109 fame!
1498 2050 1830 2108 Charitatem
1864 2051 1921 2105 in
1944 2059 1998 2108 te
2098 2054 2212 2108 rire
2251 2049 2477 2118 iterum,
2507 2057 2566 2107 et
2605 2052 2902 2122 periculurn
2946 2052 3092 2110 illius
3117 2053 3318 2112 virium
3361 2070 3576 2112 ruma
3608 2056 3698 2110 la-

401 2164 557 2209 suam
588 2142 862 2216 ostendat,
898 2161 1201 2218 panemque
1231 2146 1494 2216 porrigat,
1517 2143 1727 2198 nutriat
1751 2143 2001 2199 esurien-
2081 2144 2231 2200 cito.

403 2243 517 2300 tem
545 2251 729 2300 natum
763 2242 819 2298 in
847 2241 1087 2298 deserto.
1113 2238 1344 2311 Lapides
1379 2237 1673 2294 mutat-ein
1706 2250 1876 2308 panes
1905 2249 2000 2307 po-

405 2345 515 2395 test
541 2353 561 2393 :
590 2335 644 2393 id
677 2335 838 2391 modo
865 2335 936 2391 ab
957 2349 1025 2391 eo
1056 2342 1200 2405 pete,
1236 2332 1349 2404 jam
1379 2346 1550 2402 prope
1579 2345 1806 2387 euecrns
1837 2332 1999 2387 fame.

404 2429 524 2486 lioc
559 2427 884 2486 benellcium
923 2426 993 2482 ab
1017 2442 1085 2483 eo
1114 2425 1159 2481 si
1189 2439 1385 2494 exoras
1406 2464 1422 2489 ,
1454 2422 1590 2478 nihil
1626 2437 1823 2479 recuso
1869 2437 2004 2495 quo-

405 2521 588 2580 minus
615 2521 784 2578 Filius
809 2521 902 2576 Dei
930 2519 1031 2585 sis;
1052 2534 1230 2590 eoque
1256 2516 1477 2573 nomine
1503 2515 1698 2570 merito
1723 2515 2001 2586 glorieris;

384 2608 463 2673 ιω
505 2610 640 2672 νεῖ-υ
687 2615 1003 2685 priusquam
1053 2611 1448 2682 consequaris,
1495 2608 1605 2664 noli
1650 2616 1859 2664 tantum
1905 2609 2007 2666 tibi

408 2723 606 2766 nomen
633 2702 912 2778 arrogare.

481 2805 537 2860 7.
579 2801 674 2859 Nm
712 2804 976 2858 honorem
1006 2802 1121 2856 veri
1152 2800 1378 2856 honoris
1408 2807 1686 2870 expertem
1709 2841 1725 2866 ,
1758 2799 2009 2853 Immani-

411 2906 690 2969 latemque
719 2887 1262 2952 inhumanissimaml
1299 2896 1616 2960 miseretur,
1650 2904 1708 2949 ιιι
1752 2893 2004 2959 occidat;

2174 2237 2268 2294 10.
2304 2236 2426 2293 iam
2449 2234 2669 2310 quidem
2705 2237 2946 2295 domitus
2979 2247 3036 2295 et
3059 2237 3264 2296 fractus
3292 2238 3392 2296 fuit
3431 2241 3484 2296 in
3512 2241 3698 2313 primo

2103 2347 2436 2404 mngrvssu,
2469 2349 2592 2390 cum
2635 2323 2703 2390 ad
2743 2335 3074 2391 esurientem
3106 2337 3336 2393 accessit
3372 2335 3502 2408 (quo
3531 2347 3701 2408 poeta

2103 2431 2278 2483 victus
2305 2425 2464 2482 fuerit
2504 2427 2839 2497 audivistis);
2869 2443 3014 2483 nunc
3039 2436 3225 2484 autem
3254 2441 3490 2500 accepta
3519 2430 3702 2487 cladis

2107 2523 2467 2579 resmciendte
2485 2523 2737 2594 cupidus,
2763 2525 2906 2580 vires
2930 2525 3319 2596 audaciamque
3337 2526 3597 2597 duplicat.
3629 2525 3705 2582 Et

2105 2618 2231 2685 qula
2261 2617 2438 2685 primo
2467 2615 2703 2672 artiﬁcio
2732 2617 2876 2672 inani
2919 2633 3049 2672 usus
3088 2628 3171 2673 est
3213 2630 3270 2674 et
3296 2618 3478 2684 irrito,
3513 2633 3702 2689 neque

2113 2707 2416 2764 lamelicum
2460 2709 2714 2778 decipere
2739 2709 2939 2779 potuit,
2968 2711 3191 2767 alteram
3229 2712 3448 2769 adhibet
3486 2715 3704 2768 machi-

2109 2817 2255 2856 nam.
2282 2802 2424 2857 Nihil
2456 2813 2632 2858 actttm
2662 2814 2764 2869 est,
2793 2804 2987 2874 inquit,
3015 2804 3148 2860 tnihi
3171 2808 3342 2876 prima
3369 2807 3455 2860 illa
3483 2803 3710 2869 fraude.

2109 2909 2231 2964 quae
2271 2902 2450 2950 tamen
2485 2894 2748 2951 Adamnm
2782 2896 3184 2967 proﬂigarent;
3225 2896 3367 2953 hanc
3399 2897 3700 2967 deponam,

407 3001 597 3048 cut-am
619 2990 868 3056 simulat,
904 2998 960 3046 et
993 2989 1220 3045 exitium
1251 2991 1436 3055 struit,
1461 2987 1792 3057 laudumque
1815 2987 2009 3059 poculo
2110 2994 2168 3042 et
2187 2984 2434 3042 omittam
2466 3002 2589 3043 eum
2615 2988 2858 3044 inescare
2888 2988 3025 3044 velle
3052 2988 3344 3060 cupiditate
3370 2989 3497 3044 cibi.
3528 2987 3704 3045 Vide-

407 3081 729 3140 duleissimo
774 3097 1044 3137 venenum
1087 3080 1375 3152 propinat;
1419 3080 1696 3137 Christum
1743 3078 1813 3136 ad
1861 3079 2007 3135 dilll-
2112 3087 2200 3134 tur
2227 3082 2371 3136 enim
2404 3081 2739 3152 voluptatum
2767 3098 2892 3139 esse
2919 3092 3142 3154 potens,
3173 3083 3261 3154 qui
3299 3083 3566 3153 proposita
3601 3083 3704 3139 de—

409 3173 651 3231 dentiam
683 3178 956 3230 veterator
977 3174 1219 3242 instigat,
1249 3181 1507 3241 provocat
1533 3171 1601 3228 ad
1631 3172 1787 3229 cibos
1817 3183 2009 3242 peten-
2057 3243 2077 3248 Α
2114 3171 2406 3230 lectatione
2434 3174 2688 3230 vesreudi
2708 3219 2724 3244 ,
2753 3190 2823 3232 ne
2854 3177 3030 3231 induci
3075 3176 3291 3247 quidem
3339 3177 3612 3248 potuerit,
3647 3187 3706 3234 ut

412 3266 543 3336 dos,
573 3282 680 3322 non
725 3265 1139 3323 ut'esurientem
1167 3266 1448 3332 sublevet,
1481 3267 1578 3323 sed
1611 3276 1670 3322 ut
1706 3264 2005 3323 inescatam
2035 3243 2080 3304 (ἶ
2113 3277 2307 3334 panem
2330 3263 2539 3334 jejunio
2582 3266 2876 3321 multorum
2916 3243 3125 3323 dierum
3167 3243 3393 3324 levando
3424 3277 3704 3339 posceret,

411 3369 468 3423 et
492 3361 562 3419 ad
603 3360 894 3432 petendum
924 3359 1235 3432 instigatnm
1255 3400 1272 3424 ,
1308 3373 1434 3415 mox
1461 3346 1735 3430 tamquam
1758 3358 2014 3416 dilﬂdeu-
2110 3359 2326 3415 carneis
2361 3360 2479 3414 istis
2513 3361 2681 3415 armis
2711 3360 2852 3416 vinci
2881 3362 3113 3418 nescius.
3143 3361 3327 3420 inveni
3359 3363 3707 3420 callidiorem

411 3453 558 3520 tem,
593 3449 837 3526 impellat
879 3450 946 3508 ad
991 3440 1566 3533 peccandumaliqnid
1609 3452 1664 3509 in
1705 3453 1912 3520 Deum;
1953 3460 2013 3508 ut
2111 3451 2426 3509 decertandi
2457 3453 2638 3520 viam,
2671 3455 2908 3525 suppetit
2945 3455 3073 3510 mihi
3129 3457 3321 3511 hamus
3346 3455 3552 3511 dulcior
3584 3457 3715 3529 glo—

412 3547 509 3620 qui
537 3549 654 3603 base
678 3547 816 3602 olim'
838 3544 978 3603 falso
1002 3544 1238 3602 dixisset
1271 3563 1286 3600 :
1323 3544 1429 3600 Hic
1453 3555 1526 3600 est
1557 3543 1732 3602 Filius
1757 3561 1905 3602 meus
1930 3544 2013 3600 di-

415 3640 595 3704 lectus,
617 3638 671 3692 in
691 3654 790 3703 quo
819 3635 946 3692 mihi
976 3636 1098 3693 bene
1120 3635 1438 3706 complacui.

477 3723 544 3790 ’8.
583 3731 725 3802 Quid
762 3731 832 3787 ad
871 3733 989 3788 haec
1031 3729 1282 3789 Christus
1337 3731 1632 3788 Dominus?
1675 3747 1786 3787 non
1828 3733 2009 3788 statim

416 3826 585 3884 Deum
615 3825 670 3881 in
697 3841 759 3880 se
786 3822 1048 3882 latentem
1081 3825 1293 3896 prodit,
1319 3841 1389 3880 ne
1415 3824 1651 3896 praedam
1680 3825 2009 3892 absterreat,

415 3920 513 3979 sed
543 3927 605 3976 ut
625 3919 827 3990 aliquis
849 3905 919 3975 de
945 3917 1109 3990 vulgo
1137 3919 1437 3985 hominum,
1467 3919 1679 3987 repooit
1703 3937 1718 3974 :
1749 3918 2011 3990 Scriptum

416 4022 492 4068 est
518 4015 656 4069 enim
675 4055 687 4078 ,
717 4012 932 4083 inquit,
969 4027 1071 4066 non
1098 4012 1152 4066 in
1180 4009 1291 4064 solo
1317 4028 1448 4082 pane
1469 4012 1588 4064 vivit
1615 4010 1802 4078 homo,
1839 4009 1932 4066 sed
1961 4015 2012 4066 in

417 4110 558 4164 omni
583 4109 738 4161 verba
763 4106 899 4173 quod
927 4105 1157 4178 procedit
1186 4106 1248 4156 de
1274 4120 1361 4158 ore
1387 4102 1501 4158 Dei.
1529 4103 1673 4159 Nihil
1694 4103 2010 4174 admodum,

418 4201 613 4270 inquit,
649 4199 931 4268 perturbat
960 4213 1047 4254 me
1073 4198 1322 4253 ciborum
1354 4197 1569 4266 inopia;
1601 4213 1706 4253 nco
1743 4198 1872 4253 mihi
1913 4186 2016 4254 mil

416 4306 538 4349 rum
561 4301 656 4348 aut
679 4286 1111 4362 inexspectatum
1139 4287 1369 4352 accidit,
1394 4289 1536 4360 quod
1575 4287 1666 4346 hic
1690 4293 1923 4346 esuriant
1961 4296 2012 4348 in

415 4386 678 4451 deserto;
708 4397 883 4454 neque
922 4391 980 4437 ut
1014 4381 1253 4436 existant
1283 4395 1450 4451 panes
1493 4396 1524 4436 e
1565 4380 1859 4452 lapidibus,
1887 4399 2012 4442 oro.

416 4476 598 4533 Multa:
628 4485 757 4532 sunt
782 4474 977 4546 quibus
1003 4472 1152 4528 Dens
1179 4473 1337 4528 nobis
1363 4475 1649 4544 provideat
1680 4475 1812 4540 vite;
1838 4491 2015 4547 neque

413 4568 580 4627 unius
609 4567 830 4640 generis
869 4566 1038 4634 modi,
1067 4565 1266 4638 quibus
1309 4567 1618 4636 indigentia:
1645 4579 1847 4622 nostra;
1883 4583 2016 4623 con-

415 4665 582 4720 sulat.
609 4661 778 4718 Cibus
814 4661 881 4716 ad
906 4659 1236 4716 vescendum
1263 4658 1414 4714 dedit
1441 4658 1779 4727 hominibus,
1805 4658 2010 4716 fercula

415 4757 629 4814 scilicet
653 4753 805 4812 carni
833 4761 890 4809 et
922 4755 1140 4825 corpori
1167 4747 1553 4821 congruentia;
1597 4753 1849 4808 eumdem
1883 4769 2014 4808 vero

417 4860 628 4909 naturae
654 4847 903 4907 terminis
927 4863 994 4903 ac
1017 4847 1284 4904 limitibus
1307 4863 1412 4902 non
1435 4847 1838 4911 circumscribi,
1861 4861 2013 4904 sacra

416 4959 507 5016 tne
544 4947 739 5016 pagina
769 4942 985 5014 docuit;
1016 4955 1193 5012 neque
1222 4941 1426 4998 excidit
1463 4956 1495 4996 ο
1536 4940 1800 4996 memoria
1831 4940 2015 4997 divina

413 5040 507 5107 illa
539 5051 642 5094 vox
671 5036 918 5109 homines
939 5034 1261 5100 admonens,
1284 5033 1354 5090 de
1377 5033 1518 5087 fame
1545 5025 1764 5090 solliciti
1789 5049 1862 5090 ne
1881 5035 2012 5096 sint,

413 5148 542 5192 cum
572 5131 716 5187 Deus
765 5129 816 5184 id
859 5127 1078 5186 abunde
1105 5137 1279 5185 curet.
1313 5129 1675 5197 Quamobrem
1717 5143 1880 5198 parce
1918 5141 2013 5199 ge-

415 5238 752 5301 aierecuratn
775 5222 1091 5289 esurientis,
1113 5232 1208 5277 aut
1236 5223 1366 5277 mihi
1395 5221 1672 5277 desertum
1698 5221 2012 5289 ostendero,

387 5321 390 5328 λ
417 5323 574 5379 ut“
593 5317 1040 5390 desperationem
1072 5331 1161 5373 me
1188 5315 1460 5381 adducas;
1506 5315 1804 5384 providerit
1827 5317 2014 5387 utique

417 5405 846 5490 tametsi
891 5425 1060 5482 panes
1102 5409 1207 5480 ipsi
1240 5409 1371 5464 nulli
1404 5415 1606 5478 ιιι-ωειο
1655 5409 1786 5464 sint.
1831 5408 2015 5465 Emm-

319 5496 323 5501 ’
411 5490 729 5580 m‘siti‘e'
754 5491 890 5570 cipis
929 5507 1100 5562 vitam
1127 5505 1220 5562 ille
1246 5496 1490 5562 uestram
1522 5505 1660 5562 tueri
1708 5512 1918 5576 potest,
1957 5512 2015 5561 et

416 5588 627 5677 itaque
655 5592 866 5671 carnali
905 5586 1086 5676 edulio
1122 5613 1262 5679 caro
1310 5585 1490 5663 'vittet,
1533 5593 1657 5656 eum
1701 5586 1833 5654 eam
1865 5589 2034 5653 Dens;

416 5705 604 5761 vivere
637 5681 1289 5777 iuuerit-.ZSie‘s'criptum
1321 5695 1407 5750 est
1427 5734 1446 5757 ,
1473 5692 1679 5764 inquit,
1706 5679 2011 5763 eluendis,

415 5791 622 5856 divinis
659 5787 860 5847 verbis
883 5779 1099 5862 non:
1131 5780 1334 5856 neque;
1358 5779 1544 5872 vitam.
1568 5799 1754 5844 meum
1791 5784 1857 5842 ei:
1890 5777 2013 5840 mils

415 5889 746 5960 optentui!
767 5880 929 5948 sit“;
959 5887 1390 5950 mentiumque
1419 5891 1564 5934 reor.

2111 3545 2222 3609 ria,
2247 3558 2355 3616 qua
2387 3545 2521 3602 nihil
2555 3547 2755 3607 sectari
2792 3545 3087 3618 jucundius
3115 3548 3376 3605 mortales
3397 3549 3624 3616 solent;
3654 3548 3711 3604 in

2111 3653 2216 3709 qua
2247 3653 2352 3694 non
2381 3647 2589 3695 tantum
2619 3639 2762 3697 inest
2787 3639 3160 3697 illecebrarum
3191 3642 3474 3713 plurimum
3503 3640 3577 3697 ad
3611 3657 3712 3700 eos

2112 3729 2524 3802 illaqueandos,
2553 3731 2651 3790 sed
2681 3741 2765 3788 est
2799 3733 2964 3790 etiam
2990 3733 3190 3806 duplex
3219 3749 3400 3804 opera:
3431 3734 3711 3803 pretium,

2115 3833 2301 3895 utpote
2325 3839 2448 3897 quae
2475 3825 2723 3881 inanitati
2761 3840 2875 3881 suae
2903 3825 3227 3883 dementiam
3255 3840 3319 3881 ac
3344 3824 3714 3882 temeritatem

2113 3918 2426 3985 adiunctam
2461 3918 2642 3987 habet,
2672 3935 2794 3976 cum
2822 3919 2937 3976 fere
2963 3921 3053 3990 qui
3087 3917 3382 3988 cupiditate
3406 3917 3714 3989 gloriatio-

2114 4013 2385 4074 uenditor.
2415 4015 2482 4068 ad
2527 4012 2720 4070 fastum
2763 4015 2833 4069 sit
2870 4014 3268 4092 elationemque
3310 4027 3578 4084 praeceps.
3618 4015 3718 4070 Est

2115 4117 2295 4163 autem
2323 4106 2470 4162 unde
2498 4107 2601 4163 iste
2619 4108 2805 4178 gloria:
2828 4107 3073 4162 videatur
3093 4120 3215 4162 esse
3234 4106 3434 4160 debere
3453 4105 3717 4163 avidior:

2117 4200 2362 4270 proclive
2391 4199 2590 4272 quippe
2612 4209 2698 4254 est
2727 4201 2899 4270 utqui
2924 4198 3035 4269 jam
3076 4206 3154 4253 tot
3187 4197 3306 4254 dies
3327 4197 3541 4269 jejunus
3581 4214 3722 4265 per-

2085 4301 2244 4368 ,stat,
2273 4292 2342 4348 de
2368 4305 2428 4348 se
2451 4292 2650 4348 sentiat
2671 4292 2962 4362 jactantius
2991 4289 3192 4361 aliquid
3222 4308 3238 4346 :
3268 4289 3540 4348 hominem
3577 4291 3723 4347 titil-

2117 4385 2275 4453 labo;
2305 4384 2560 4440 accedam
2601 4385 2680 4440 sic
2725 4395 2994 4453 tamquam
3025 4383 3093 4439 ad
3131 4383 3304 4439 virum
3341 4379 3590 4454 aliquem
3633 4384 3725 4454 ju-

2117 4486 2281 4544 stum,
2327 4486 2382 4532 et
2406 4493 2594 4532 ansam
2627 4478 2803 4532 inanis
2831 4477 3018 4548 glorise
3050 4476 3721 4549 submitristrabe,aliqua

2119 4571 2449 4642 psalmorum
2490 4571 2781 4638 sententia,
2817 4586 2978 4641 quam
3016 4569 3137 4640 ejus
3173 4569 3542 4633 causamulto
3587 4581 3725 4628 ante

2121 4665 2524 4734 pronuntiatam
2554 4677 2677 4719 esse
2723 4665 2949 4734 litigant;
2993 4663 3072 4717 sic
3113 4662 3537 4733 interrogatione
3586 4666 3724 4719 sub.

2117 4754 2242 4820 dola
2273 4755 2552 4811 inescabo.
2579 4753 2661 4810 Ad
2694 4753 3174 4824 interrogationem
3211 4766 3372 4823 porro
3404 4752 3720 4810 faciendam

2117 4847 2398 4917 appositus
2453 4845 2556 4902 erit
2581 4845 2734 4901 locus
2763 4845 2959 4916 aliquis
2998 4856 3262 4915 preceps,
3293 4843 3554 4914 arripia
3590 4862 3723 4903 eum

2118 4950 2175 4997 et
2207 4939 2516 5011 protraham
2547 4939 2600 4993 in
2633 4939 2818 5009 templi
2845 4939 3210 5008 pinnaculum,
3231 4952 3464 5008 cumque
3491 4951 3724 4997 summa

2119 5032 2336 5105 fastigio
2367 5033 2657 5097 insederit,
2692 5043 2805 5088 tum
2852 5047 2954 5102 ego
2989 5023 3281 5102 noueram
3321 5031 3462 5086 istud
3499 5016 3723 5104 oppor-

2123 5139 2249 5183 tune
2281 5144 2297 5182 :
2330 5127 2391 5183 Si
2429 5127 2604 5182 Filius
2649 5123 2741 5181 Dei
2782 5143 2864 5193 er,
2897 5125 3044 5179 mitte
3070 5134 3122 5180 te
3144 5125 3421 5188 deorsum;
3459 5125 3724 5196 scripturn

2120 5235 2195 5277 est
2223 5222 2356 5278 enim
2391 5222 2638 5294 quoniam
2679 5219 2878 5291 angrlis
2918 5219 3024 5271 suis
3061 5217 3328 5271 mandavit
3362 5216 3432 5272 de
3465 5227 3550 5284 te,
3582 5229 3639 5273 et
3665 5222 3724 5274 in

2122 5316 2356 5371 tironibus
2384 5315 2565 5369 tollent
2591 5324 2659 5382 te,
2687 5329 2752 5367 ne
2775 5317 2908 5382 forte
2930 5309 3161 5378 orandas
3179 5306 3250 5362 ad
3277 5309 3504 5379 lapidein
3529 5310 3724 5379 polen-

2121 5419 2286 5467 ταωνι.
2315 5406 2550 5463 Omnino
2592 5405 2822 5461 alterum
2858 5404 3138 5474 continget
3174 5418 3207 5458 θ
3242 5399 3489 5470 ἁυοιιιις,
3513 5411 3580 5482 ut
3621 5400 3726 5462 “ut

2118 5500 2303 5557 verbis”
2341 5499 2474 5555 meis
2515 5497 2722 5565 credat,
2757 5506 2853 5552 aut
2890 5511 2960 5552 ea
3007 5492 3258 5575 repudiet
3291 5511 3309 5549 :
3341 5494 3396 5551 si
3419 5479 3633 5552 bonum
3659 5495 3726 5555 to

2107 5598 2329 5666 partem
2355 5590 2655 5652 orationem
2679 5603 2875 5645 ωδε-η
2899 5587 3258 5659 accipiet,“
3276 5582 3398 5645 sibi
3430 5596 3726 5656 tanquam

2109 5684 2260 5761 justo
2288 5677 2617 5753 adulsbitur',
2649 5692 2882 5754 pronum
2907 5682 3020 5740 erit
3043 5675 3324 5752 nmmo
3340 5685 3742 5753 Wa.

2088 5759 2212 5838 ω
2258 5762 2844 5859 inratione-nm:
2881 5769 3386 5855 reicientem"
3413 5771 3738 5845 σεωιηθλ
3844 5759 3846 5859 ἶ

2116 5871 2295 5946 spies.
2312 5849 2377 5929 et
2394 5854 2663 5943 siquidem
2686 5852 2960 5926 interierit
2986 5874 3020 5927 e
3061 5849 3544 5941 lapsuymortuum
3561 5867 3723 5928 dari-
