3846 6230
181 254 277 312 209

923 250 1238 311 NESTORII
1280 248 1693 307 TRACTATUS
1731 250 2004 306 CONTRA
2050 252 2384 310 ll/Eil'ESlM
2424 254 2719 312 PELAGHL

3352 261 3457 318 210

179 379 344 441 ﬂebo;
369 378 457 430 εῖη
479 391 622 431 vero
642 382 805 433 cnam
831 384 1011 444 postea
1052 382 1325 437 superstes
1357 370 1539 434 fuerit,
1572 370 1621 429 id
1669 368 1760 421 ha-
1793 372 1830 427 Α
1868 370 2077 424 tametsi
2111 382 2355 425 mortuus
2380 372 2585 439 iaceret
2609 388 2672 428 ac
2718 373 2944 440 fetidus;
2983 387 3037 430 tu
3082 376 3252 434 instar
3288 378 3458 438 leonis

180 472 322 528 hebit
345 470 569 531 saltem.
615 480 678 525 nt
715 487 743 524 ιι
779 484 860 524 me
889 467 1059 523 inanis
1090 467 1273 537 gloria:
1305 466 1511 535 plagam
1540 479 1765 532 accepe-

176 568 261 622 rit.
294 566 550 619 inductus
596 563 846 618 videlicet
873 562 1119 617 oratione
1150 573 1264 614 mea
1287 599 1303 622 ,
1350 568 1407 612 ιιι
1451 572 1512 613 se
1560 566 1765 612 tumere

178 658 323 712 daret
340 657 707 723 prmcipitem.
740 655 854 709 Jam
897 653 943 709 si
976 663 1312 708 recusantem
1344 662 1401 708 et
1430 653 1759 706 abnuentem

179 750 389 817 videbo,
439 748 658 804 vorabo
708 732 853 802 illum
903 748 954 801 in
1005 745 1260 802 invidiam
1310 746 1573 800 etodium
1618 745 1759 811 apud

176 844 363 905 Deum,
388 852 448 897 nt
472 843 608 898 olim
626 841 843 906 Jobum,
868 841 1063 898 divinte
1097 840 1405 905 adOptionis
1441 838 1758 904 dignitatem

175 944 226 991 et
252 934 585 993 beneﬁcium
615 936 683 990 ab
712 949 778 988 eo
806 933 1059 989 violatum
1082 934 1389 989 obtrectans
1410 933 1461 987 in
1488 931 1630 987 hunc
1653 947 1762 986 mo-

175 1031 295 1085 dum
327 1050 339 1084 :
374 1029 625 1085 Recitavi
656 1030 729 1085 illi
758 1030 1012 1098 scriptam
1049 1044 1079 1083 a
1110 1038 1170 1083 te
1187 1030 1530 1092 sententiam,
1555 1027 1663 1081 dixi
1695 1044 1756 1083 ea

173 1122 329 1177 verba
357 1121 561 1189 quibus
584 1131 787 1177 certam
820 1121 893 1176 illi
924 1120 1154 1175 salutem
1177 1120 1503 1185 spondebas,
1528 1130 1582 1174 rt
1606 1120 1759 1175 dubi-

175 1214 299 1269 tavit
326 1222 511 1269 tamen
540 1213 807 1282 projicere
841 1226 962 1268 sese
985 1213 1037 1268 in
1065 1212 1363 1281 subjectam
1395 1212 1756 1267 altitudinem.

174 1308 406 1378 Apparet
425 1322 556 1362 eum
580 1307 860 1363 promissis
885 1306 993 1362 tuis
1024 1321 1360 1375 nequaquam
1394 1305 1582 1361 fidere.
1602 1307 1756 1372 Quo-
1782 1354 1783 1357 η

175 1416 291 1455 nam
314 1417 450 1469 ergo
496 1412 658 1467 pacto
683 1416 802 1455 eum
831 1400 921 1465 qui
952 1408 1060 1456 tam
1089 1414 1278 1471 parum
1311 1398 1432 1454 fidei
1458 1398 1563 1454 tuis
1592 1398 1754 1456 habet

172 1497 369 1559 verbis,
405 1495 580 1549 lilium
606 1494 928 1563 appellasti?

241 1586 322 1642 11.
351 1587 493 1656 Quid
526 1594 760 1643 strueret
782 1585 1141 1647 adversarius.
1170 1583 1416 1640 Christus
1443 1600 1547 1638 non
1572 1584 1751 1639 nescio

171 1682 260 1735 vit.
291 1680 567 1737 Permittit
594 1679 671 1734 illi
701 1693 819 1735 sese
843 1676 1182 1739 trahendum,
1205 1685 1386 1731 etnon
1408 1680 1565 1731 Secus
1592 1688 1752 1743 atque

1870 463 2011 517 illius
2039 464 2141 518 mel
2171 478 2202 519 e
2239 466 2533 531 Scripturis
2572 467 2947 537 deprotnptum
2994 470 3167 525 stillas
3211 472 3280 526 ab
3320 487 3453 540 ore,

1866 555 2117 625 idemque
2146 571 2405 626 responso
2426 559 2640 614 Domini
2667 561 2896 617 subinde
2926 572 3228 633 prostratus
3262 565 3414 631 iaces
3438 585 3452 622 :

1866 648 2128 720 Scriptum
2157 662 2229 704 est
2274 656 2436 717 enim,
2481 654 2694 725 inquit:
2746 656 2870 712 Non
2915 661 3128 715 tentabis
3176 659 3455 718 Dominum

1865 739 2030 797 Deum
2052 755 2214 799 tuum.
2252 745 2435 813 Neque.
2462 748 2634 804 renuit
2668 749 2915 806 Christus
2946 752 3211 822 projicere
3236 769 3326 823 se,
3356 770 3456 811 ne-

1863 851 1969 901 quo
1991 837 2178 890 annuit
2204 855 2218 892 :
2246 840 2290 894 si
2323 840 2466 894 enim
2492 841 2813 911 a‘hnegasset
2845 845 3184 915 pt'mcipitare
3226 862 3287 903 se
3306 890 3323 912 ,
3363 846 3453 903 de.

1861 925 2033 982 disset
2070 942 2255 983 ansam
2285 930 2502 986 diabolo
2521 935 2809 988 accusandi
2831 936 2934 1005 sui,
2959 938 3123 1003 utqui
3149 938 3245 995 Dei
3272 941 3423 996 verbi
3448 974 3461 998 ,η

1861 1018 2126 1077 diffideret
2146 1039 2163 1088 ;
2181 1024 2233 1077 si
2258 1040 2388 1080 vero
2417 1028 2714 1095 annuisset,
2746 1029 2896 1084 visos
2920 1040 3065 1087 esset
3092 1034 3451 1104 arrogantior.

1860 1123 1915 1167 et
1944 1113 2009 1167 ad
2038 1119 2452 1174 ostentationem
2484 1122 2793 1187 proclivior.
2819 1123 2950 1180 Eam
2984 1140 3112 1197 ergo
3143 1130 3455 1196 responsio»

1860 1219 1982 1260 nem
2014 1206 2183 1273 dedit,
2212 1226 2314 1278 qua
2346 1225 2443 1265 nec
2475 1214 2725 1267 assentiri
2751 1231 2850 1271 nec
2877 1232 3133 1273 recusare
3153 1220 3448 1278 videretur:

1860 1297 2245 1369 Nootentabis,
2270 1303 2366 1368 ait,
2402 1304 2674 1361 Dominum
2706 1308 2870 1363 Deum
2898 1320 3064 1367 tuum.
3100 1311 3447 1383 Nequaquam

1854 1389 1953 1455 ait,
1985 1389 2105 1447 Non
2134 1396 2349 1451 tentabis
2387 1412 2466 1451 me
2513 1396 2792 1454 Dominum
2841 1410 3022 1457 tuum:
3071 1403 3175 1461 hoc
3217 1407 3360 1461 enim
3405 1408 3450 1463 si

1854 1484 2102 1542 diabolus
2126 1488 2440 1547 audivisset.
2480 1507 2587 1547 non
2637 1494 2864 1549 adortus
2906 1507 3051 1552 esset
3092 1494 3340 1556 eumdem
3389 1514 3449 1555 ιιι

1855 1576 2127 1645 hominem
2156 1596 2379 1652 postea
2408 1584 2557 1641 hisce
2607 1588 2928 1652 promissis:
2984 1589 3111 1647 Πωο
3154 1594 3327 1658 omnia
3356 1595 3449 1649 tibi

1854 1668 2008 1735 dabo,
2034 1673 2081 1739 si
2108 1674 2293 1729 cadens
2320 1677 2613 1735 adoravcris
2641 1697 2739 1736 me.
2770 1682 2907 1751 Quid
2952 1699 3084 1757 ergo
3122 1688 3447 1751 respondit?

172 1774 324 1827 homo
346 1774 645 1837 hominem.
669 1770 946 1841 sequitur:
974 1770 1064 1825 ubi
1088 1785 1219 1824 vero
1244 1768 1509 1833 fastigium
1538 1769 1749 1832 institit,
1784 1747 1832 1807 Β
1862 1760 2215 1828 Psalmorum.
2250 1769 2442 1834 inquit,
2470 1785 2654 1835 voces,
2683 1783 2869 1840 utpote
2896 1791 3090 1847 veras,
3127 1782 3445 1848 amplector,

171 1876 272 1921 tum
301 1867 515 1921 dmmon
546 1866 786 1937 proferre
828 1863 1078 1920 meditata
1118 1861 1319 1918 verba:
1361 1860 1423 1917 Si
1453 1858 1627 1915 Filius
1661 1861 1754 1915 Dei

171 1976 238 2017 es.
260 1960 399 2013 mitte
424 1968 476 2013 te
501 1959 759 2014 deorsum.
788 1956 1235 2025 Respondeamus
1266 1955 1466 2011 dicenti
1493 1954 1708 2013 diabolo
1733 1975 1745 2011 :

170 2047 221 2109 Si
251 2051 352 2108 hoc
377 2066 501 2109 esse
528 2050 805 2123 proprium
835 2050 1071 2105 hominis
1097 2049 1241 2105 illius
1264 2048 1444 2104 credis
1464 2090 1478 2110 ,
1516 2049 1605 2119 qui
1639 2048 1751 2105 Deo

170 2140 315 2197 Patre
338 2143 598 2211 gaudeat,
628 2151 689 2197 ut
718 2140 772 2198 in
816 2141 935 2210 ipso
974 2139 1216 2212 periculo
1258 2156 1493 2212 casuque
1537 2153 1749 2197 maneat

167 2237 334 2292 omnis
359 2236 549 2291 damni
578 2253 643 2293 ac
666 2236 897 2308 periculi
926 2251 1120 2307 expers
1142 2281 1158 2303 ,
1208 2236 1373 2293 habes
1421 2237 1561 2295 unde
1607 2237 1750 2294 istud

165 2340 335 2405 pateat
362 2329 506 2398 quod
533 2330 767 2399 quaeris:
802 2330 903 2385 hoc
928 2330 1072 2386 enim
1098 2327 1217 2397 ipso
1239 2340 1466 2396 apparet
1482 2345 1603 2385 eum
1627 2344 1751 2386 esse

164 2421 253 2494 Dei
276 2422 499 2493 Filium,
537 2424 675 2491 quod
708 2423 858 2479 illum
886 2424 973 2490 qui
1006 2424 1101 2479 tibi
1132 2433 1216 2479 cSt
1244 2424 1310 2477 ad
1341 2424 1477 2477 latus
1498 2466 1511 2487 ,
1553 2436 1608 2479 et
1648 2426 1751 2480 sub

168 2511 264 2575 icto
292 2530 353 2568 ac
384 2530 573 2577 manu,
605 2533 707 2570 non
737 2516 990 2571 deturbas
1020 2523 1195 2571 tamen
1239 2515 1460 2585 agisque
1502 2519 1747 2587 praacipi-

168 2609 631 2677 tem.jamdudum
662 2610 947 2666 deturbare
971 2611 1245 2682 gestiens:
1288 2612 1381 2666 sed
1423 2613 1564 2667 aliud
1615 2613 1747 2669 nihil

168 2710 308 2765 potes
327 2703 537 2759 scilicet
556 2717 713 2773 quam
742 2703 943 2759 hortari
968 2713 1021 2759 et
1044 2703 1274 2759 suadere
1301 2706 1532 2771 lapsum,
1558 2706 1752 2769 impel-

169 2790 271 2849 lere
295 2808 401 2847 non
428 2804 609 2859 potes.
640 2793 776 2860 Quid
808 2803 910 2857 est,
945 2793 1146 2865 inquit,
1178 2810 1283 2849 non
1324 2804 1517 2859 Sponte
1556 2795 1654 2851 das
1700 2808 1750 2852 te

172 2886 221 2940 in
244 2900 481 2955 praeceps
496 2884 620 2942 ἳᾹι
645 2901 765 2955 age,
796 2886 1004 2957 projice
1032 2893 1084 2940 te
1111 2886 1236 2941 nihil
1278 2887 1531 2942 haesitans
1552 2930 1567 2955 ,
1610 2890 1752 2946 mitte

172 2986 218 3033 te
233 2982 467 3036 deorsum
492 2998 507 3035 :
532 2981 779 3048 scriptum
804 2989 877 3036 est
906 2981 1045 3035 enim
1065 2981 1201 3050 quod
1224 2981 1421 3053 angelis
1455 2983 1562 3038 suis
1607 3001 1751 3038 man-

167 3075 293 3127 duit
314 3080 378 3128 de
404 3084 473 3137 te,
506 3090 570 3127 ne
599 3075 728 3144 forte
757 3072 988 3139 olfeudas
1014 3074 1082 3127 ad
1109 3072 1332 3143 lapidem
1362 3075 1544 3142 pedem
1582 3085 1743 3131 tuum.

160 3168 286 3237 Qum.
332 3165 459 3219 dum
511 3164 678 3220 hostis
717 3165 960 3230 diceret,
1010 3168 1237 3223 ostendit
1278 3182 1337 3222 se
1360 3170 1574 3225 nescire
1596 3169 1747 3225 illum

165 3270 312 3324 quem
342 3257 725 3323 alloquebatur
743 3256 911 3313 Deum
938 3272 1089 3325 csse;
1133 3254 1177 3313 si
1227 3261 1370 3314 enim
1411 3261 1582 3315 Deum
1630 3278 1754 3319 esse

169 3354 376 3413 nosset,
416 3363 529 3403 non
570 3348 635 3402 ad
673 3349 878 3417 lapsum
910 3364 939 3403 e
965 3364 1177 3406 summo
1212 3350 1423 3421 iastigio
1450 3352 1749 3409 incitasset.

166 3436 323 3494 Norat
340 3438 511 3495 Deum
544 3454 720 3511 neque
746 3440 1029 3496 altitudine
1060 3442 1161 3495 ulla
1193 3440 1625 3514 depressiorem,
1657 3460 1752 3501 ne—

166 3547 263 3600 que
284 3532 386 3597 ulla
410 3534 640 3602 planitie
664 3551 770 3589 non
794 3544 915 3604 pate
960 3535 1148 3590 liorem
1175 3552 1329 3603 esse;
1355 3540 1449 3593 sed
1476 3541 1748 3607 eumdem,

162 3634 219 3684 ut
246 3611 527 3697 assurgere
566 3641 685 3683 cum
720 3629 944 3684 summis
985 3629 1283 3699 quibusque
1329 3631 1528 3698 rebus,
1579 3633 1752 3701 iisque

164 3720 451 3785 esaauari,
481 3718 554 3774 ita
581 3734 704 3774 cum
735 3719 1029 3788 aequalibus
1071 3730 1124 3775 et
1165 3720 1338 3788 planis
1380 3722 1585 3791 pariter
1629 3740 1749 3794 pro-

166 3811 335 3879 tendi,
362 3811 609 3883 adeoque
636 3814 781 3866 omni
822 3812 1127 3867 offendendi
1160 3814 1403 3881 periculo
1437 3831 1662 3885 vacare;
1695 3828 1749 3875 et

166 3905 456 3975 impingere
489 3907 677 3974 pedem
706 3905 961 3971 hominis,
996 3922 1099 3961 non
1134 3905 1303 3962 Deum
1337 3909 1512 3972 ipsum
1560 3925 1746 3979 posse.

168 3998 492 4065 Argumenta
519 4008 643 4051 sunt
673 3996 832 4067 igitur
860 3998 973 4052 haec
1002 3996 1202 4052 diaboli
1234 3999 1396 4053 verba
1420 4044 1436 4065 ,
1472 4015 1576 4055 non
1622 4018 1745 4059 eum

165 4086 330 4155 egisse
352 4105 479 4144 cum
504 4087 718 4143 Christo
744 4098 799 4143 ut
826 4104 944 4143 cum
979 4087 1104 4143 Deo.

231 4185 313 4240 12.
342 4184 465 4239 1am
495 4182 783 4239 verborum
823 4182 1146 4238 sententiam
1182 4191 1237 4236 et
1282 4194 1516 4239 mentem
1560 4185 1747 4239 audia-

166 4290 292 4331 mus.
342 4275 577 4331 Dicebas
617 4274 778 4329 modo
801 4315 818 4339 ,
867 4273 1077 4343 inquit:
1119 4272 1379 4343 Scriptum
1402 4284 1517 4330 est:
1545 4276 1665 4335 Non
1694 4279 1745 4330 in

166 4367 268 4422 solo
294 4384 424 4437 parte
451 4366 571 4422 vivit
601 4365 773 4429 homo,
803 4365 892 4420 sed
915 4366 968 4418 in
1002 4364 1141 4418 omni
1167 4364 1314 4418 verba
1340 4367 1478 4434 quod
1519 4367 1750 4434 procedit

166 4461 331 4514 dcere
360 4458 479 4513 Dei.
510 4455 696 4527 Neque
721 4472 826 4512 non
868 4457 983 4526 ipse
1027 4456 1234 4510 laudavi
1282 4466 1425 4511 tuam
1477 4461 1528 4513 in
1578 4460 1741 4513 Deum

168 4552 350 4615 iidem;
384 4550 504 4615 sed,
530 4549 794 4620 siquidem
817 4550 982 4604 altera
1009 4548 1101 4604 llei
1127 4565 1227 4604 vox
1250 4565 1307 4604 cu
1332 4560 1415 4604 est
1437 4566 1557 4617 qua»
1582 4562 1743 4607 testa-

167 4653 249 4698 tur
271 4641 404 4713 quod
442 4645 639 4718 angelis
662 4647 768 4699 suis
791 4643 1045 4697 mandavit
1070 4643 1137 4696 de
1156 4652 1221 4705 te,
1253 4660 1316 4695 ne
1345 4644 1477 4709 forte
1511 4644 1743 4713 o/fcndoa

166 4737 229 4787 ad
256 4734 479 4806 lapidem
508 4735 687 4805 pedem
717 4745 897 4811 tuum;
923 4734 1149 4788 ostende
1182 4744 1233 4787 te
1260 4734 1352 4799 (lci
1381 4735 1549 4790 verbo
1577 4737 1745 4793 {idem

167 4824 468 4892 adiungere,
500 4837 659 4893 teque
687 4825 910 4880 demitte
945 4840 1172 4880 securus
1216 4826 1393 4881 omnis
1428 4827 1740 4883 detrimenti

166 4929 225 4969 ac
248 4917 489 4983 periculi.
526 4918 600 4972 En
631 4916 971 4971 commodum
998 4917 1148 4971 locus
1177 4933 1415 4985 praetsz
1442 4921 1529 4987 qui
1563 4929 1614 4974 te
1651 4921 1742 4975 Fi-

169 5005 287 5062 lium
315 5023 437 5063 esse
466 5008 555 5062 Dei
577 5014 818 5071 asserat;
847 5023 912 5061 en
960 5007 1141 5074 lapsus
1178 5010 1267 5075 qui
1310 5009 1404 5063 Dei
1449 5027 1635 5065 curam
1676 5014 1742 5067 de

168 5107 216 5152 te
243 5100 592 5167 comprobet:
632 5101 677 5154 si
722 5100 864 5153 enim
917 5099 1043 5154 binc
1086 5101 1464 5168 praecipitans,
1518 5104 1742 5173 erigaris

165 5190 352 5248 deinde
394 5192 577 5247 salvus
621 5201 676 5245 ct
721 5190 1006 5245 incolumis
1027 5235 1042 5257 ,
1075 5206 1202 5243 vera
1231 5192 1415 5261 procul
1446 5193 1611 5247 dubio
1642 5196 1743 5248 erit

165 5279 248 5337 illa
275 5298 399 5347 vox,
428 5300 548 5354 qua:
592 5292 644 5339 te
686 5282 879 5338 Filium
929 5283 1023 5339 Dei
1066 5283 1415 5350 praedicavit;
1473 5287 1737 5356 siquidem

168 5371 297 5429 Deus
326 5375 427 5429 hoc
457 5374 550 5435 tibi
578 5384 733 5429 antea
759 5374 1067 5443 spopondit,
1098 5388 1159 5429 se
1186 5388 1367 5429 curam
1404 5376 1480 5431 tui
1519 5377 1737 5431 deumn-

164 5463 399 5533 datnrum
422 5465 649 5536 angelis,
670 5475 730 5519 ut
748 5464 1054 5520 custodiant
1071 5474 1124 5521 te
1147 5465 1197 5519 in
1216 5468 1466 5522 omnibus
1489 5467 1587 5523 viis
1612 5470 1733 5526 tuis.

229 5554 314 5615 13.
335 5556 422 5613 Ex
443 5555 611 5613 olenti
639 5554 858 5623 vasculo
898 5557 1109 5627 profers
1140 5558 1477 5630 unguentum
1500 5602 1515 5625 ,
1558 5577 1592 5615 o
1624 5563 1738 5616 dia-

164 5642 311 5716 παι,
338 5646 684 5715 veteremque
719 5655 957 5704 renovas
983 5649 1285 5706 historiam.
1320 5652 1424 5705 Leo
1453 5638 1670 5720 quidam
1705 5670 1735 5706 a

168 5735 420 5796 Simone
448 5739 786 5800 interfectus.
814 5740 987 5798 mellis
1030 5740 1207 5797 favum
1252 5744 1471 5809 gerebat
1512 5746 1563 5799 in
1606 5761 1753 5809 ore,

1858 1870 2185 1928 prorsnsque
2207 1875 2356 1924 spem
2384 1861 2556 1920 habeo
2582 1866 2632 1920 in
2665 1866 2777 1923 Deo
2799 1910 2814 1930 ,
2843 1870 2935 1938 qui
2982 1885 3045 1926 se
3088 1870 3291 1928 auxilio
3338 1889 3445 1930 non

1852 1947 2159 2007 defuturum
2197 1955 2446 2023 Spondet.
2486 1956 2614 2013 Scio
2655 1961 2859 2029 angelis
2904 1962 3280 2020 demandatam
3323 1979 3448 2022 esse

1852 2037 2130 2097 hominum
2177 2057 2392 2111 curam;
2445 2056 2499 2099 at
2545 2063 2651 2103 non
2691 2049 2762 2104 ita
2803 2052 2847 2106 si
2880 2051 3127 2109 homines
3147 2053 3279 2109 den't
3304 2068 3364 2111 se
3390 2055 3443 2109 in

1850 2134 2360 2204 caputprmeipites,
2386 2152 2493 2192 non
2535 2138 2582 2195 si
2623 2141 2723 2196 sibi
2768 2157 2959 2198 manus
3008 2144 3271 2202 violentas
3311 2146 3443 2203 alie-

1849 2233 1993 2288 rant,
2024 2241 2133 2282 non
2162 2226 2206 2281 si
2239 2236 2441 2285 temere
2460 2228 2628 2286 Deum
2658 2241 2888 2291 tentent.

1927 2317 2015 2373 14.
2050 2318 2126 2373 En
2157 2319 2321 2388 igitur
2349 2322 2548 2379 victum
2602 2324 2886 2396 fusumque
2915 2329 3152 2385 secunda
3183 2330 3302 2388 vice
3328 2331 3442 2387 dia-

1851 2410 2034 2465 bolum
2062 2429 2075 2465 :
2108 2412 2173 2467 ad
2198 2415 2411 2469 tertiam
2441 2418 2791 2475 tentationem
2838 2420 3082 2489 insurgit.
3120 2422 3285 2491 liuius
3308 2440 3443 2493 quo-

1836 2502 2151 2569 ,quetertia:
2181 2505 2493 2562 tentationis
2549 2509 2743 2564 seriem
2775 2511 2926 2567 vobis
2962 2513 3124 2569 debet
3165 2515 3441 2582 explicare

1850 2596 2101 2663 sequens
2126 2595 2321 2659 oratio,
2377 2613 2536 2666 quam
2567 2601 2609 2655 si
2638 2601 2942 2672 absolvero,
2986 2603 3226 2660 debitum
3256 2621 3435 2675 omne,

1849 2684 1996 2754 quod
2046 2702 2167 2741 meo
2216 2692 2505 2768 promisso,
2558 2693 2712 2762 quasi
2764 2694 3151 2768 chirographo,
3202 2699 3437 2761 firmavi,

1851 2766 2332 2843 rettratsentarero.
2364 2781 2529 2854 Cujus
2558 2786 2772 2857 quidem
2812 2788 2975 2845 debiti
3018 2791 3336 2862 persolutio,
3380 2805 3450 2848 ut

1851 2872 1984 2928 mihi
2014 2874 2276 2947 vobisque
2332 2880 2684 2949 pcrjucunda,
2721 2882 2801 2937 sic
2842 2885 2931 2938 uni
2980 2885 3198 2941 diabolo
3240 2887 3433 2942 acerba

1851 2972 2009 3021 estet
2030 2967 2195 3022 invisa
2222 2984 2238 3023 :
2272 2971 2471 3040 quippe
2492 2973 2576 3025 cui
2599 2974 2829 3041 pretium
2862 2990 2971 3030 suae
3002 2979 3434 3035 temeritatissua

1851 3058 1919 3111 sit
1952 3058 2120 3126 ipsius
2148 3060 2311 3124 clade
2343 3064 2693 3128 persolutum.
2723 3065 2849 3121 Mihi
2871 3068 3086 3136 quidem
3106 3058 3451 3127 certeividco'

1855 3150 1963 3219 iam
1991 3165 2113 3209 esse
2136 3151 2274 3209 duas
2296 3157 2580 3223 promissas
2610 3158 2874 3215 orationis
2906 3161 3198 3219 Solnliottcs
3228 3165 3394 3220 factas
3418 3184 3431 3222 :

1854 3249 2023 3296 restat
2049 3244 2366 3312 pensitanda
2399 3247 2574 3313 tertia,
2605 3250 2842 3312 cmteris.
2890 3253 3104 3319 opinor,
3131 3258 3348 3324 gravior
3372 3273 3438 3313 ac

1854 3331 2153 3401 difficilior;
2195 3335 2275 3397 do,
2309 3336 2466 3390 tertio
2505 3339 2710 3396 scilicet
2747 3342 2973 3397 artiiicio
3019 3343 3245 3413 diaboli,
3291 3350 3437 3417 quod

1852 3424 2048 3480 ordine
2074 3425 2290 3494 quidem
2318 3428 2558 3494 tertium,
2593 3432 2783 3487 astutia
2821 3435 3161 3504 etgravitate
3201 3438 3431 3508 primum

1853 3529 1955 3585 est;
1985 3520 2229 3575 ultimum
2259 3539 2506 3586 numero,
2528 3524 2794 3593 ejusmodi
2819 3536 2996 3583 tamen
3026 3541 3081 3583 ut
3111 3529 3251 3588 inter
3274 3544 3435 3590 emta-

1851 3628 1910 3667 ra
1938 3614 2009 3667 ob
2039 3613 2302 3670 vafritiem
2338 3618 2541 3684 primas
2574 3617 2729 3673 facile
2759 3619 2888 3674 lerat
2917 3639 2929 3673 :
2983 3621 3034 3675 in
3067 3625 3434 3690 superioribus

1851 3704 1993 3759 enim
2024 3706 2408 3762 tentationibus
2452 3707 2671 3765 ferenda
2701 3722 2815 3764 erat
2869 3713 3009 3767 illius
3059 3714 3280 3771 malitia.
3314 3716 3430 3772 Non

1851 3786 2173 3852 sollicitabat
2198 3798 2261 3853 ad
2309 3800 2649 3857 manifestam
2689 3818 2718 3858 a
2771 3803 2882 3859 Deo
2929 3805 3305 3875 defectionem;
3333 3808 3428 3867 sed

1850 3887 2047 3945 divinis
2073 3899 2280 3946 tantum
2308 3893 2533 3949 abutens
2557 3899 2920 3952 monumentis
2949 3915 3011 3954 ac
3038 3899 3353 3971 Scripturis,
3376 3916 3431 3958 et

1853 3981 1967 4036 lure
1994 3983 2180 4049 verba,
2232 3983 2295 4040 Si
2345 3981 2514 4039 Filius
2554 3986 2653 4041 Dei
2704 4005 2778 4056 ra,
2808 3989 3022 4047 Christo
3052 3997 3429 4063 aggerens-ﬁta

1849 4074 2117 4142 pugnabat
2141 4075 2303 4145 impie
2328 4089 2517 4132 contra
2550 4080 2737 4141 Deum.
2773 4092 2830 4137 ttt
2860 4094 3031 4139 artem
3062 4092 3241 4141 tamen
3265 4087 3430 4143 dissi-

1851 4168 2081 4222 mularet
2108 4184 2203 4238 per
2224 4171 2461 4238 speciem
2494 4188 2819 4243 causamque
2843 4159 3072 4246 pietatis.

1927 4258 2007 4312 l5.
2042 4260 2099 4314 In
2130 4262 2227 4316 hac
2252 4262 2405 4316 tertia
2442 4267 2739 4322 tentatione
2765 4268 2959 4323 nudam
2994 4269 3196 4326 rabiem
3232 4281 3288 4327 ct
3317 4289 3430 4329 ma-

1851 4349 2018 4403 litiam
2066 4353 2288 4421 aperit,
2336 4354 2607 4424 nullisque
2656 4357 3037 4427 integumentis
3088 4375 3426 4431 personatam

1850 4443 2139 4509 nequitiam
2172 4460 2285 4511 prae
2312 4460 2372 4499 se
2400 4446 2521 4511 fert;
2548 4447 2761 4503 adorari
2803 4467 2862 4506 se
2893 4453 3125 4520 postulat
3154 4455 3222 4510 ab
3247 4472 3313 4511 eo
3339 4458 3434 4528 qui

1849 4538 1915 4591 ab
1935 4537 2187 4595 omnibus
2210 4540 2485 4602 aduratur,
2529 4552 2583 4597 et
2613 4559 2679 4599 ex
2736 4545 2802 4599 iis
2831 4562 2948 4616 qme
2992 4548 3100 4617 jam
3150 4546 3351 4606 audivit
3398 4569 3443 4607 ἢ

1849 4631 2083 4695 Christo,
2124 4636 2178 4686 iu
2212 4650 2330 4687 eam
2360 4650 2512 4705 spem
2542 4639 2710 4703 venit,
2744 4650 2801 4694 ut
2848 4640 3220 4698 adoratiouetu
3248 4653 3431 4700 extor-

1846 4740 2011 4791 quere
2052 4739 2114 4777 se
2134 4725 2201 4779 ab
2238 4727 2429 4781 eodem
2463 4744 2624 4795 posse
2651 4740 2821 4800 putet.
2848 4731 2948 4789 Ubi
2989 4734 3130 4789 enim
3188 4734 3325 4790 vidit
3360 4753 3423 4794 ex

1845 4816 2079 4871 oraculis
2107 4816 2227 4873 fidei
2253 4820 2429 4873 otnnia
2464 4822 2605 4889 loqui
2635 4821 2942 4886 Dominum,
2966 4835 3019 4879 et
3044 4840 3238 4895 negate
3260 4826 3424 4882 Demn

1846 4928 1966 4966 esse
2010 4912 2348 4983 tentandum,
2376 4916 2582 4983 putavit
2611 4916 2759 4970 illum
2791 4931 3015 4986 pronum
3050 4934 3172 4974 esse
3206 4920 3271 4973 ad
3310 4937 3427 4976 (⁵Γο-

1845 5004 2102 5068 «tendum,
2142 5020 2318 5070 neque
2372 5006 2657 5062 admodum
2700 5007 2946 5065 laborare
2976 5011 3032 5065 in
3079 5012 3423 5080 explorandis

1844 5098 2004 5150 anxie
2041 5096 2437 5167 probandisque
2478 5097 2638 5152 rebus
2666 5116 2786 5169 qua:
2816 5100 2917 5155 sibi
2973 5112 3421 5171 proponerentur.

1844 5190 2004 5257 Igitur
2030 5190 2328 5258 composita
2374 5205 2557 5245 rerum
2592 5192 2776 5259 specie
2806 5192 3164 5261 pulcherrima
3202 5206 3429 5265 prog‘re-s

1842 5282 2022 5345 ditur,
2082 5281 2161 5335 sic
2215 5291 2484 5348 tamquam
2552 5284 2846 5351 spectaculi
2907 5286 3141 5340 novitate
3169 5288 3427 5343 animum

1848 5372 1989 5427 illius
2019 5371 2316 5439 oculosque
2347 5373 2751 5439 perstricturus.
2801 5375 3025 5429 Assumit
3052 5376 3201 5432 illum
3243 5378 3424 5433 diabo-

1845 5464 1946 5532 lus,
1976 5466 2155 5538 inquit
2196 5481 2346 5521 sacra
2375 5468 2587 5537 pagina,
2641 5471 2693 5521 in
2722 5477 2939 5522 montem
2969 5470 3223 5524 excelsum
3249 5472 3425 5537 valde,-

1843 5568 1890 5611 el
1944 5559 2164 5613 ostendit
2209 5560 2288 5612 illi
2316 5560 2486 5614 onmia
2515 5576 2678 5631 regna
2706 5562 2884 5615 mundi
2911 5572 2957 5615 et
2978 5563 3195 5635 gloriam
3220 5561 3419 5620 eorum.

1846 5648 2113 5704 Fictitiam
2144 5650 2429 5705 adumbrat
2471 5652 2780 5723 imaginem,
2821 5663 2875 5710 et
2905 5666 2999 5711 eas
3030 5659 3154 5725 qua":
3180 5655 3329 5711 'llunt
3351 5660 3421 5714 ει·

1843 5757 1969 5798 aere
2012 5742 2252 5809 picturas
2300 5759 2479 5800 rerum
2506 5754 2560 5801 et
2610 5745 2819 5803 formas
2854 5745 3416 5825 imitatus..c0tapooit
