3846 6230
239 283 348 341 258
694 285 788 342 AD
827 285 1082 343 PRIMAM
1123 287 1405 344 PARTEM
1442 285 1721 344 OPERUM
1762 286 1832 341 Μ.
1875 282 2316 344 MERCATORIS
2355 281 2702 342 APPENDIX
2738 279 3076 344 SECUNDA.
3394 280 3513 340 256

945 505 1911 623 ΔΡΡΕΝΒῙΣ
1957 493 2795 625 εεουιπιω

1405 751 1408 753 λ
1452 703 1560 764 AD
1603 700 1922 764 PRIMAM
1963 700 2290 765 PARTEM

577 775 1310 994 OPERUM
1373 862 1914 994 MARII
1972 859 3169 1011 MERCATORIS,

1711 1050 2057 1114 Complectens

1113 1146 2116 1272 DISSERTATIQNES
2193 1163 2650 1247 SEPTEM

331 1299 572 1380 Quibus
597 1301 846 1379 integra
873 1299 1232 1362 continetur
1255 1299 1522 1364 historia
1548 1301 1916 1379 Pelagiana,
1943 1301 2264 1381 multaeque
2290 1299 2625 1380 populares
2652 1298 2980 1377 opiniones
3007 1297 3410 1379 refelluntur.

244 397 3490 423 Wm—M

1441 1590 2310 1699 PRZEFATIO.

325 1785 448 1843 Fuit
506 1785 802 1857 aliquando
849 1786 1063 1842 animus
1110 1801 1209 1858 pro
1251 1785 1552 1858 appendice
1599 1789 1784 1856 priune
1833 1787 2003 1856 partis
2028 1786 2262 1856 Operam
2293 1785 2610 1842 tlercatoris
2654 1783 2931 1840 historiam
2973 1783 3199 1840 haeresis
3228 1783 3536 1856 Pelagiana

249 1878 592 1938 conscribere
616 1922 632 1945 ,
676 1896 778 1951 qua
809 1880 1201 1949 complecterer
1229 1881 1405 1935 omnia
1435 1920 1451 1943 ,
1503 1881 1617 1935 sive
1653 1895 1774 1951 qum
1810 1894 1954 1935 nunc
1992 1880 2228 1950 primum
2257 1894 2322 1934 ex
2355 1887 2578 1934 auctore
2623 1892 2744 1934 meo
2773 1877 3086 1933 didicissem
3117 1916 3134 1942 ,
3164 1879 3279 1933 sive
3306 1893 3426 1947 qua:
3457 1892 3536 1933 ex

249 1974 608 2044 scriptoribus
649 1974 768 2030 aliis
800 1975 972 2044 quinti
999 1973 1180 2030 εει-ςυΙί
1213 1973 1454 2031 studiose
1481 1971 1786 2044 conquisita
1818 1986 1928 2043 prie
1970 1971 2217 2027 manibus
2245 1969 2500 2027 haberem
2526 1988 2540 2026 :
2569 1970 2786 2027 retinuit
2817 1985 2904 2025 me
2936 1980 3111 2036 tamen
3141 1985 3246 2027 non
3292 1970 3538 2024 historiae

253 2075 461 2128 tantum
489 2066 749 2131 conditio,
779 2081 899 2137 qua:
929 2066 1138 2120 dicendi
1169 2065 1475 2120 facultatem
1509 2081 1629 2122 mea
1658 2064 1920 2135 majorem
1952 2065 2232 2134 otiumque
2265 2079 2296 2119 a
2322 2063 2523 2120 scholis
2551 2079 2778 2120 vacuum
2807 2063 3006 2136 exigit,
3046 2062 3140 2119 sed
3174 2063 3288 2132 ipsa
3317 2077 3540 2134 quoque

253 2170 436 2211 rerum
485 2157 884 2211 tractandorum
934 2157 1073 2212 ratio
1101 2198 1116 2222 ,
1168 2172 1288 2228 qua:
1337 2166 1560 2226 propter
1587 2155 2039 2226 multiplicitateut
2073 2159 2305 2227 postulat
2346 2157 2566 2212 liberius
2604 2157 2877 2213 scribendi
2913 2171 3110 2227 genus.
3157 2155 3340 2226 Neque
3383 2155 3536 2212 enim

256 2247 495 2305 historia:
527 2249 673 2320 leges
699 2250 975 2320 patiuntur
1001 2253 1068 2307 τὰ
1094 2251 1294 2326 κριτικά
1320 2249 1722 2317 narrationibus
1748 2248 1986 2310 misceri.
2018 2247 2162 2316 Quod
2195 2255 2374 2302 tamen
2397 2263 2536 2317 opus
2558 2259 2732 2315 esset;
2765 2261 2942 2317 neque
2967 2249 3167 2325 κριτικοὶ
3197 2247 3541 2320 praetermitti

258 2353 567 2416 potuerunt,
599 2345 717 2400 sine
744 2345 951 2416 reliquo
981 2343 1262 2414 dispendio
1291 2341 1525 2414 suscepti
1557 2342 1609 2398 in
1634 2340 1950 2397 accuraudis
1977 2340 2124 2396 Marii
2162 2340 2473 2396 Mcreatoris
2497 2338 2762 2409 Operibus
2799 2340 3016 2398 laboris.

278 2418 282 2422 ’
325 2437 541 2492 Placuit
565 2435 727 2506 igitur
753 2435 1226 2491 dissertationibus
1254 2435 1431 2505 potius
1458 2449 1619 2506 quam
1651 2433 1874 2490 historia
1904 2433 2365 2504 comprehendere
2395 2448 2748 2504 quascumque
2778 2433 3036 2490 haberem
3065 2433 3248 2490 dicere
3273 2435 3340 2490 de
3367 2434 3542 2491 rebus

258 2529 328 2584 ad
357 2544 571 2586 causam
603 2530 941 2602 Pelagianam
973 2531 1363 2602 spectantibus.
1395 2531 1626 2600 Placuit,
1661 2531 2040 2604 inquampnon
2070 2545 2132 2586 ea
2161 2531 2336 2586 solum
2368 2530 2436 2586 de
2463 2543 2626 2604 cattSa
2658 2543 2816 2600 quam
2848 2530 3042 2599 attuli,
3072 2530 3168 2586 sed
3208 2530 3408 2588 idcirco
3448 2532 3540 2586 vel

261 2621 513 2687 maxime,
542 2623 683 2692 quod
717 2630 885 2676 totum
915 2621 1015 2678 hoc
1042 2623 1366 2677 dissertandi
1396 2637 1564 2690 genus
1590 2663 1604 2685 ,
1641 2631 1695 2676 et
1724 2621 1984 2690 majorem
2024 2621 2220 2675 habeat
2258 2622 2636 2692 cognationem
2669 2636 2790 2675 eum
2831 2621 3173 2676 scholasticis
3213 2621 3545 2691 disputatio-

261 2711 418 2768 nibus
441 2753 457 2779 ,
502 2712 555 2768 in
597 2715 790 2783 quibus
821 2713 1033 2770 incanui
1059 2756 1073 2780 ,
1118 2725 1174 2772 et
1200 2714 1474 2781 alia_nolit
1500 2714 1771 2785 elegantia
1797 2715 2067 2772 sermonis
2089 2713 2268 2770 ornari
2299 2728 2460 2786 quam
2486 2730 2590 2785 qua
2621 2728 2772 2771 suam
2799 2714 3029 2788 quisque
3056 2716 3380 2773 sententiam
3405 2716 3544 2772 sim-

262 2805 470 2877 pliciter
497 2805 633 2861 solet
661 2813 717 2861 et
742 2817 928 2875 aperte
957 2806 1249 2878 explicare.

331 2897 464 2954 Cum
492 2908 670 2955 autem
703 2909 922 2970 propter
951 2899 1267 2971 exponenda
1297 2899 1608 2956 Mercatoris
1647 2898 1790 2956 dicta
1828 2908 1999 2957 totum
2029 2900 2082 2957 id
2115 2917 2296 2972 operte
2324 2902 2466 2972 quod
2514 2917 2774 2959 navamus
2814 2913 3125 2976 susceptum
3161 2906 3265 2974 sit,
3303 2921 3542 2978 eumque

263 2994 530 3049 Mercator
550 3009 731 3050 rerum
756 2995 1161 3067 Pelagianorum
1186 2994 1318 3050 nihil
1342 2993 1622 3050 tradiderit
1646 2994 1786 3066 quod
1813 2994 2015 3052 obitum
2041 2997 2208 3051 sancti
2234 2996 2538 3072 Augustini,
2562 3004 2656 3052 aut
2674 2997 2866 3052 saltem
2893 2997 3179 3053 concilium
3206 2996 3543 3071 Epltesiuum

262 3085 559 3156 exceperit,
594 3088 722 3142 vis-ar
746 3097 871 3142 sunt
899 3089 1088 3144 eodem
1115 3102 1379 3143 annorum
1407 3087 1679 3142 curriculo
1707 3085 2032 3142 deﬁnienda:
2062 3086 2495 3156 dissertationes,
2529 3102 2628 3142 nec
2652 3087 2795 3144 aliud
2819 3077 3111 3160 quidquam
3139 3091 3542 3160 attingendum,

264 3178 367 3236 nisi
394 3179 536 3249 quod
566 3180 634 3234 ab
657 3191 849 3234 exortu
879 3180 1105 3235 hmresis
1132 3219 1151 3246 ,
1197 3181 1280 3234 cui
1332 3180 1530 3235 factum
1577 3196 1605 3233 a
1654 3179 1873 3249 Pelagio
1911 3195 2106 3236 nomen
2150 3188 2272 3245 est,
2323 3181 2388 3235 ad
2419 3180 2661 3250 ejusdem
2691 3182 3198 3239 condemnationem
3229 3200 3259 3238 a
3287 3183 3563 3241 Patribus‘

265 3271 548 3341 Ephesinis
578 3285 785 3344 gestum
815 3272 1115 3329 est.\'i.~um
1143 3288 1358 3344 quoque
1384 3271 1451 3328 ad
1484 3273 1777 3344 quamlibet
1806 3273 2237 3330 dissertatioucm
2267 3271 2671 3343 proponendum
2700 3288 2820 3345 quae
2847 3273 3013 3330 verba
3037 3275 3352 3331 Mercator-is
3379 3291 3545 3332 occa-

262 3365 472 3422 sionem
502 3366 730 3437 siugulis
758 3364 1029 3422 dederint.
2005 3427 2018 3442 ο

336 3459 600 3525 Quoniam
629 3471 760 3514 vero
787 3459 853 3512 ad
883 3457 933 3513 id
960 3457 1100 3530 quod
1133 3458 1338 3529 agimus
1364 3457 1540 3529 magni
1573 3456 1739 3513 refert
1771 3455 2074 3528 intelligere
2119 3472 2237 3528 qute
2281 3455 2443 3511 fuerit
2471 3455 2697 3512 haeresis
2723 3470 2826 3526 qua
2855 3455 2922 3512 de
2945 3456 3283 3527 potissimum
3311 3459 3546 3528 qtttestio

265 3561 372 3617 est,
402 3552 598 3623 quibus
627 3560 720 3607 aut
748 3561 864 3607 orta
899 3551 1246 3622 parentibus,
1275 3562 1367 3607 aut
1397 3552 1638 3622 patronis
1666 3552 1906 3618 defensa,
1939 3551 2132 3622 quibus
2162 3551 2383 3625 synodis
2408 3551 2476 3606 ab
2509 3549 2771 3616 Ecclesia,
2810 3549 3006 3622 quibus
3035 3550 3252 3605 statutis
3274 3551 3340 3604 ab
3365 3552 3542 3621 impe-

268 3643 566 3709 ratoribus,
595 3655 706 3714 quo
730 3643 891 3698 modo
920 3643 989 3698 ab
1017 3643 1150 3698 orbe
1177 3649 1290 3699 toto
1319 3643 1568 3697 damnata
1605 3645 1697 3708 sit,
1726 3642 1919 3712 quibus
1948 3642 2182 3713 denique
2210 3643 2293 3697 vel
2322 3641 2754 3713 professionibus
2783 3641 2852 3696 ab
2882 3640 3156 3697 hatreticls
3187 3647 3416 3704 asserta,
3452 3641 3544 3696 vel

270 3735 422 3791 libris
451 3752 480 3791 a
511 3735 891 3792 defensoribus
923 3735 1045 3791 fidei
1071 3733 1349 3791 catholicae
1375 3737 1655 3802 convicta,
1686 3746 1892 3806 septem
1925 3737 2146 3792 ornuino
2171 3735 2644 3790 dissertationibus
2677 3750 2814 3805 Opus
2847 3735 2963 3790 fuit.
2997 3733 3103 3792 Sed
3132 3750 3195 3788 ea
3226 3750 3330 3803 qua
3359 3734 3548 3804 inqui-

267 3830 402 3885 ritur
431 3843 592 3900 quem
620 3837 798 3885 ortum
826 3828 1098 3894 habuerit,
1133 3842 1359 3897 quaeque
1384 3829 1720 3883 incrementa
1751 3827 1995 3894 haeresis,
2028 3843 2128 3898 qua
2159 3838 2309 3897 parte
2341 3831 2572 3884 maxime
2595 3829 2739 3883 dicta
2771 3837 2854 3884 est
2885 3827 3232 3895 Caelestiana,
3261 3837 3316 3881 et
3342 3843 3370 3880 a
3399 3827 3545 3884 Mero

265 3931 449 3978 calore
479 3922 821 3993 impuguatur
845 3962 859 3983 ,
905 3919 1199 3975 diderenda
1226 3919 1326 3974 fuit
1355 3921 1409 3973 in
1442 3931 1768 3988 posu'cmum
1805 3920 2001 3981 locum.
2035 3929 2093 3975 ut
2119 3928 2264 3976 esset
2296 3923 2520 3977 aliarum
2551 3922 2705 3993 quasi
2737 3923 3192 3991 complementum
3225 3932 3279 3975 et
3311 3922 3540 3976 lrucms.

200 4001 202 4004 ’
274 4011 447 4068 Prima
476 4013 638 4084 igitur
664 4011 913 4069 ostendet
937 4026 1073 4082 quos
1113 4019 1266 4067 nacta
1294 4011 1358 4065 sit
1389 4021 1644 4082 parentes
1673 4011 1896 4070 haeresis
1919 4055 1934 4078 ,
1969 4029 2210 4082 quosque
2243 4016 2543 4084 pracipuos
2579 4013 2893 4070 defensores
2919 4030 2934 4082 ;
2968 4013 3200 4070 secunda
3224 4053 3240 4078 ,
3287 4015 3482 4084 quibus
3508 4032 3541 4070 a

263 4101 489 4172 synodis
514 4103 748 4172 judicata
789 4101 896 4166 sit;
943 4105 1141 4169 tertia,
1183 4101 1377 4170 quibus
1426 4101 1809 4171 imperatorum
1841 4107 2212 4161 sanctionibus
2256 4109 2594 4177 proscripta;
2637 4105 2860 4177 quarta,
2887 4107 3180 4178 quomodo,
3213 4119 3272 4162 ut
3304 4108 3546 4177 loquitur

264 4195 495 4269 Prosper
522 4197 720 4270 (Carm.
749 4199 813 4252 de
849 4195 1103 4268 lngrat.),
1135 4195 1320 4251 mundi
1355 4211 1512 4250 manu
1541 4195 1792 4251 damnata
1823 4199 1925 4264 sit;
1955 4205 2136 4270 quinta
2161 4241 2176 4266 ,
2206 4199 2400 4270 quibus
2427 4200 2622 4255 libellis
2652 4201 2809 4255 fidem
2839 4216 2988 4256 suam
3021 4203 3259 4257 lueretici
3294 4218 3398 4256 non
3430 4211 3541 4257 tam

265 4305 538 4361 exponere
566 4306 726 4361 quam
765 4289 1111 4347 dissimulare
1149 4288 1520 4353 tentaret-int;
1567 4298 1716 4343 sexta
1740 4330 1756 4356 ,
1799 4291 1990 4362 quibus
2029 4291 2184 4346 libris
2214 4307 2244 4347 a
2274 4293 2557 4348 catholicis
2589 4293 2832 4348 Patribus
2865 4293 2996 4349 fidas
3022 4294 3286 4348 catholica
3315 4293 3543 4350 defensa

265 4381 375 4447 sit;
422 4391 726 4452 postrema,
763 4399 922 4454 quam
962 4381 1331 4454 prodigiosum
1362 4380 1414 4436 in
1447 4380 1663 4437 modum
1694 4397 1763 4444 ex
1794 4383 1940 4439 tenui
1972 4384 2155 4440 radice
2183 4387 2483 4441 excreverit
2515 4385 2740 4442 lncresis
2765 4427 2780 4452 ,
2825 4389 2980 4457 cujus
3012 4385 3239 4443 historia
3269 4388 3546 4458 prioribus

265 4473 736 4532 dissertationibus
760 4485 1028 4532 narratur.
2248 4464 2257 4474 ’

340 4567 560 4641 Septem
595 4569 760 4635 enim,
790 4584 924 4639 quas
952 4568 1089 4634 dixi,
1120 4568 1593 4625 dissertationibus
1620 4569 1803 4624 videor
1835 4568 1968 4623 mihi
2005 4569 2286 4640 complecti
2316 4585 2474 4641 posse
2503 4579 2667 4626 totam
2698 4569 3036 4641 Pelagianam
3071 4585 3291 4628 causam
3319 4613 3336 4638 ,
3380 4580 3544 4641 prout

268 4663 399 4728 istis,
421 4663 753 4734 temporibus
781 4673 897 4719 acta
925 4671 1042 4727 est,
1087 4677 1312 4732 eamque
1343 4663 1418 4717 ita
1447 4662 1749 4718 manifestis
1781 4661 2148 4717 instrumentis
2175 4664 2520 4730 continuare,
2553 4671 2614 4718 ut
2645 4662 2768 4718 licet
2791 4664 3076 4732 populares
3103 4663 3268 4733 opiuit
3291 4678 3389 4718 nos
3408 4679 3543 4718 con-

269 4755 530 4812 vellendas
557 4756 665 4811 sint
692 4771 796 4811 non
821 4769 1008 4826 panem
1032 4754 1175 4811 circa
1200 4769 1460 4824 personas
1489 4753 1578 4824 (de
1605 4754 1945 4825 dogmatibus
1980 4762 2210 4812 tractare
2241 4770 2346 4809 non
2377 4765 2461 4810 e~t
2489 4756 2540 4810 in
2570 4756 2783 4828 animo)
2809 4797 2824 4822 ,
2867 4756 3039 4814 lector
3066 4766 3244 4812 tamen
3279 4773 3386 4812 non
3417 4759 3542 4813 sine

269 4865 459 4923 magna
489 4850 573 4906 sui
604 4849 769 4904 animi
800 4849 1449 4921 voluptate‘depositurus
1480 4849 1549 4904 sit
1574 4848 1861 4919 anticipata
1892 4849 2227 4920 pra-judicia,
2259 4849 2346 4906 ubi
2377 4851 2572 4906 viderit
2596 4851 2878 4909 veritatem
2918 4867 2952 4908 e
2989 4851 3101 4910 suis
3129 4853 3366 4910 tenebris
3393 4868 3542 4910 nunc

273 4945 530 5016 primum,
557 4942 891 5013 producente
917 4951 1141 4998 auctore
1164 4942 1509 5014 gravissimo,
1541 4956 1662 4997 sese
1684 4955 1932 4996 exerere.

339 5037 497 5095 Nulla
525 5046 702 5094 autem
732 5035 910 5092 futura
936 5044 1022 5093 est
1047 5035 1355 5092 dissertatio
1381 5051 1503 5106 quae
1529 5050 1634 5091 non
1665 5035 1939 5090 contineat
1968 5049 2103 5089 nova
2134 5034 2385 5106 plurima,
2416 5041 2474 5090 et
2504 5034 2556 5089 in
2587 5032 2732 5091 hunc
2761 5050 2930 5105 usque
2957 5035 3103 5092 diem
3131 5036 3344 5107 iguOta;
3378 5045 3543 5106 atque

270 5140 329 5187 ut
357 5145 391 5187 e
417 5130 600 5185 multis
629 5127 903 5197 pralibem
933 5128 1135 5199 aliquid
1162 5129 1302 5199 quod
1335 5136 1548 5198 gustum
1591 5127 1777 5190 faciat,
1814 5136 2090 5196 antrema
2149 5129 2311 5182 totius
2338 5127 2559 5182 ltmresis
2591 5128 2886 5197 Pelagiana:
2916 5139 3091 5183 ortum
3118 5169 3136 5196 ,
3178 5140 3232 5186 et
3269 5131 3319 5185 iu
3356 5131 3565 5201 prodit

267 5227 474 5299 giosatn
503 5226 734 5298 partium
773 5223 1170 5282 multitudinem
1200 5239 1265 5280 ex
1295 5240 1398 5279 una
1432 5222 1817 5294 quatstiuncula
1849 5223 2001 5290 quasi
2045 5222 2435 5276 silvcsceutiaut
2481 5222 2750 5277 ostendet.
2803 5221 3100 5278 Conviucet
3145 5234 3332 5293 aperte
3368 5228 3543 5293 prima

270 5319 583 5390 popularem
613 5331 858 5375 errorem
883 5317 952 5373 de
977 5316 1173 5372 Rufino
1201 5315 1530 5388 Aquileieusi
1560 5315 1797 5371 leestii
1833 5315 2103 5382 magistro.
2139 5314 2385 5369 Secondu
2417 5315 2690 5370 exhibebit
2718 5314 2946 5370 Concilia
2986 5315 3136 5384 plura
3173 5318 3360 5388 viginti
3404 5335 3544 5392 qua-

269 5419 391 5467 tuor
416 5411 468 5467 in
498 5426 656 5467 causa
687 5409 997 5480 Pelagiana,
1029 5410 1243 5466 vivente
1274 5409 1592 5480 Augustino,
1626 5415 1833 5462 coacta.
1873 5408 2051 5462 Tertia
2087 5407 2367 5475 patefaciet
2398 5423 2500 5478 qua
2535 5408 2798 5462 ittdttStria
2833 5407 3173 5480 Augustinus
3213 5426 3308 5480 per
3334 5413 3542 5471 amicos

267 5513 326 5562 et
355 5505 711 5575 imperatores
736 5502 1030 5574 impulerit,
1062 5510 1118 5558 et
1142 5501 1317 5557 aulam
1351 5501 1706 5557 Cutnutuverit
1737 5501 1789 5554 itt
1818 5501 2189 5556 defensionem
2225 5502 2343 5556 ﬁdei
2375 5501 2680 5556 catholicm.
2716 5503 2912 5570 Quarta
2943 5505 3337 5574 complectetur
3369 5507 3542 5564 histo-

269 5603 412 5661 riam
444 5610 609 5658 totam
635 5597 1053 5669 subscriptionis
1080 5597 1177 5652 hac
1207 5597 1256 5651 in
1285 5612 1445 5652 cau-a
1477 5597 1773 5664 imperatm.
1811 5595 2002 5665 Quinta
2053 5613 2193 5652 nunc
2238 5597 2466 5667 primum
2501 5599 2791 5665 public-abit
2824 5600 3060 5656 libellum
3088 5601 3234 5657 Fidei
3263 5619 3292 5657 a
3322 5602 3542 5660 Juliuuu

270 5696 491 5752 missum
523 5693 744 5750 Zosimo
777 5705 988 5748 summo
1020 5690 1275 5759 pontifici.
1326 5689 1490 5746 Sexta
1541 5699 1789 5744 attctores
1837 5688 2091 5743 librorum
2145 5691 2586 5762 llypognnsttt‘rntt
2615 5733 2629 5755 ,
2683 5691 3072 5758 Quaestionum
3106 5695 3227 5750 novi
3256 5706 3311 5754 et
3340 5698 3539 5756 veteris

274 5789 623 5856 Testamenti,
655 5783 1186 5845 Commentariorum
1217 5782 1267 5839 in
1294 5781 1559 5854 Epistolas
1589 5780 1756 5846 Pauli,
1789 5789 1894 5836 etc.
1917 5822 1932 5848 ,
1979 5780 2211 5851 proferet
2243 5782 2553 5838 indubitatis
2577 5785 2688 5841 suis
2719 5785 2858 5841 notis
2889 5786 3146 5859 ius-ignes.
