3852 6246
392 343 516 412 ‘55

832 334 930 393 tto
966 319 1244 400 l'Alt'l'Etl
1285 297 1562 396 cuitu-it
1587 316 1871 377 austum
1913 314 1986 373 tt.
2028 308 2470 376 urncsronts
2507 303 2854 366 seremus
2890 301 3212 362 secenas

3569 301 3673 369 νη,

404 459 556 528 omni
591 457 880 532 principto,
900 463 962 510 et
995 451 1113 530 ipse
1145 448 1217 505 sit
1257 450 1414 501 causa
1443 438 1714 515 principii.
1752 431 1812 494 3i
1835 434 1983 491 enim
2011 436 2061 495 Δ
2087 427 2304 532 Spiritu.
2338 439 2488 484 ιυιιιιι
2515 425 2819 532 ξυιξδίίίηξξι
2869 420 3034 532 ἀίξείὶῖέ
3065 420 3260 526 “limi
3523 420 3667 532 ξξξυλ

402 556 588 610 omnia
619 565 715 621 per
751 549 936 621 ipsum
981 542 1119 600 iacta
1152 536 1303 604 sunt,
1343 553 1468 594 cum
1512 533 1767 599 munibus
1804 539 1986 584 autem

403 649 569 706 etiam
591 640 909 715 principium
931 637 1180 701 trahetur,
1193 642 1253 688 et
1271 630 1442 703 ipsius
1460 623 1729 715 principii,
1749 631 1804 677 et
1823 621 1990 677 tutius

402 714 664 806 deinceps
696 744 816 806 post
850 729 1178 804 principium
1210 721 1392 793 spatii,
1423 717 1660 776 Verbum
1701 714 1877 784 ipsum
1905 720 1991 767 est

403 841 567 901 caput
605 805 660 885 et
699 805 884 882 causa.
915 815 970 878 in
1015 833 1125 891 quo
1171 815 1344 888 spatio
1387 823 1628 882 tempora
1662 809 1743 864 vel
1768 805 1985 901 faecula

401 896 772 976 continentur.
831 915 1046 972 Rursus
1090 909 1253 967 etiam
1303 921 1424 964 cum
1473 903 1726 963 dixisset.
1768 896 1994 953 Verbum

402 1030 512 1070 erat
531 1010 670 1085 apud
700 1008 886 1073 Deum,
914 1001 1310 1062 substatttivntn
1328 996 1564 1054 ostendit
1582 1008 1703 1050 esse
1729 991 1986 1085 verbum,

403 1082 656 1177 quoniam
686 1115 792 1156 non
819 1097 974 1160 dixit.
1006 1098 1060 1150 in
1104 1095 1213 1150 lien
1261 1102 1378 1146 erat
1411 1088 1666 1150 Verbum,
1695 1084 1817 1145 sed.
1851 1082 1987 1138 Vero

404 1198 530 1254 ltum
553 1201 672 1251 erat
695 1193 836 1264 apud
866 1193 1049 1246 Deum.
1079 1189 1250 1244 Porro
1273 1195 1451 1240 autem
1473 1181 1730 1250 deinceps
1756 1180 1945 1234 dicens
1970 1189 1989 1233 :

408 1285 473 1346 Et
508 1289 642 1345 Dens
671 1296 783 1344 erat
819 1283 1075 1348 Verbum;
1100 1280 1258 1335 ducet
1287 1291 1446 1330 unam
1470 1273 1826 1342 eamdemque
1863 1283 1994 1326 esse

403 1380 760 1440 substantiam
806 1389 973 1448 alque
1013 1375 1268 1430 virtutem
1300 1371 1473 1426 Patris
1505 1383 1560 1425 et
1587 1363 1751 1421 Filii:
1789 1363 1988 1436 quippe

403 1493 526 1532 cum
554 1474 682 1531 nillil
710 1472 922 1530 intersit
944 1469 1086 1525 inter
1111 1469 1276 1523 Deum
1299 1476 1353 1520 et
1381 1464 1568 1526 Deum,
1599 1474 1719 1514 cum
1759 1467 1990 1526 uterque

405 1566 670 1641 principio
693 1571 902 1628 carust,
934 1560 1029 1616 sed
1079 1574 1183 1614 una
1224 1557 1296 1614 sit
1342 1556 1620 1622 utriusque
1665 1549 1984 1615 substantia,

403 1663 700 1730 eademque
722 1659 921 1730 pariter
945 1665 1000 1711 et
1027 1655 1218 1708 virtus.
1266 1650 1434 1707 Porro
1454 1657 1632 1704 autem
1661 1660 1785 1700 cum
1816 1643 1944 1699 dicit
1971 1659 1985 1696 :

406 1752 524 1810 Hoc
562 1753 752 1808 eratin
784 1750 1038 1821 principio
1066 1741 1206 1819 apud
1237 1744 1423 1809 Deum,
1464 1741 1636 1796 omnia
1684 1756 1776 1810 per
1819 1737 1989 1808 ipsum

2089 523 2255 577 etiam
2289 520 2479 576 beatus
2515 518 2712 574 Paulus
2738 519 2815 571 ait
2844 533 2861 572 :
2895 515 3062 571 Nobis
3090 515 3227 570 cuius
3259 511 3498 569 reuelauit
3541 510 3667 566 Deus

2088 627 2180 684 per
2209 611 2466 684 Spiritum
2491 622 2759 674 sanctum;
2782 606 3014 679 Spiritus
3040 605 3175 668 enim
3201 605 3375 662 omnis
3395 617 3668 670 scrutatur,

2088 703 2241 760 etiam
2267 703 2376 758 alta
2409 701 2504 756 Dci
2531 701 2570 771 (l
2599 699 2722 758 Cor.
2752 701 2812 766 tt,
2839 699 2949 774 i0).

2163 792 2252 850 ll.
2293 793 2458 865 igitur
2493 807 2614 854 cum
2647 792 2782 848 tales
2811 803 2977 848 testes
3012 791 3339 854 habeamus,
3371 805 3478 846 non
3525 789 3646 846 dubi

2093 895 2208 942 tare
2230 887 2490 943 debemus
2510 887 2638 958 quin
2667 892 2914 956 aporteat
2949 886 3129 941 dicere
3161 885 3554 958 substantivam
3584 883 3669 942 Dei

2090 976 2409 1048 sapientiam
2439 977 2696 1050 Spiritum
2724 986 2970 1053 sanctum
2998 991 3148 1042 esset,
3184 993 3280 1048 per
3304 993 3468 1049 quem
3498 975 3668 1033 nonda

2089 1086 2210 1142 qua:
2231 1079 2568 1126 creata-sunt
2593 1086 2623 1125 a
2660 1071 2799 1131 Deo.
2831 1082 3086 1126 constare
3126 1082 3436 1125 noscuntur.
3468 1071 3558 1125 Sic
3580 1070 3668 1139 igi-

2091 1177 2178 1220 tur
2209 1165 2448 1221 nonnulli
2491 1167 2669 1219 minus
2697 1164 3087 1235 iutclligeutes,
3121 1179 3282 1219 unam
3323 1165 3670 1234 eamdemque

2091 1274 2377 1328 personam
2409 1257 2726 1327 sapientiam
2757 1258 2850 1313 Dei
2884 1267 2939 1314 et
2972 1257 3301 1326 unigenitum
3347 1257 3518 1313 Deum
3547 1256 3670 1312 Ver-

2093 1351 2216 1405 bum
2245 1365 2366 1408 esse
2389 1351 2662 1415 dixerunt,
2692 1352 2931 1406 volentes
2965 1364 2993 1401 a
3023 1350 3182 1404 beato
3211 1349 3376 1404 l'anlo
3403 1363 3594 1404 causas
3619 1359 3674 1404 et

2091 1444 2295 1498 semina
2327 1458 2578 1512 sumere;
2613 1443 2664 1499 itt
2693 1458 2758 1500 eo
2784 1443 2927 1512 quod
2951 1443 3079 1499 dicit
3107 1460 3123 1498 :
3155 1440 3266 1497 Nos
3290 1452 3460 1496 autem
3491 1441 3669 1512 ητα-Δὶς

2090 1549 2269 1588 camus
2308 1534 2598 1600 Christum,
2633 1543 2682 1589 et
2722 1533 2859 1588 hunc
2879 1533 3212 1603 cruciﬁxum.
3236 1533 3440 1586 Judtcis
3473 1534 3670 1603 quidem

2089 1629 2419 1692 scandalum,
2447 1627 2680 1698 gentibus
2707 1643 2823 1682 vero
2846 1627 3120 1682 stultitiam
3137 1667 3151 1689 ,
3175 1626 3300 1695 ipsis
3333 1641 3452 1680 vero
3489 1626 3672 1682 t'ocatis

2089 1719 2294 1774 Juda'is
2324 1717 2370 1774 u
2400 1717 2592 1776 Crtecis
2631 1718 2893 1775 Christum
2927 1718 3025 1775 Dei
3068 1719 3321 1784 uirtutem,
3362 1731 3410 1773 ct
3451 1718 3552 1774 Dei
3587 1736 3667 1774 sa-

403 1851 544 1920 [acta
571 1855 716 1911 sunt;
745 1811 936 1916 apene
955 1811 1064 1895 nos
1092 1843 1266 1905 docet,
1301 1853 1406 1892 non
1453 1835 1586 1890 duas
1616 1834 1818 1888 debere
1859 1831 1984 1886 sub-

2107 1813 2332 1867 tientiam
2355 1813 2405 1886 (Ι
2429 1811 2550 1869 Cor.
2571 1813 2842 1882 t,9.5,2t).
2876 1813 2980 1870 Sed
3012 1814 3066 1868 in
3095 1813 3176 1868 Itis
3197 1829 3316 1882 quae
3332 1812 3471 1869 dixit
3493 1812 3670 1872 beatus

404 1937 629 1996 stantius
671 1936 898 1992 credere
938 1941 1235 2002 separatas,
1279 1943 1456 1998 neque
1489 1932 1783 1996 potestates
1826 1935 1992 1993 atque

411 2031 655 2096 virtutes,
684 2021 941 2098 quoniam
971 2037 1111 2080 unus
1142 2032 1226 2078 est
1253 2023 1413 2081 Deus,
1437 2019 1524 2088 qui
1553 2036 1650 2090 per
1675 2033 1832 2073 suum
1861 2018 1994 2072 sult-

405 2123 697 2180 stantivum
727 2112 958 2175 Verbum
983 2116 1162 2171 omnia
1182 2113 1367 2170 condit
1389 2122 1444 2169 et
1471 2121 1642 2168 creat.
1670 2109 1796 2166 ideo
1810 2120 1990 2165 autem

406 2216 687 2280 docemur,
741 2221 848 2269 non
897 2220 1010 2266 tres
1065 2210 1248 2264 dicere
1292 2207 1623 2262 substantias
1661 2214 1986 2276 segregatas,

409 2306 622 2365 Γάιε-ειη
653 2315 708 2361 t-t
739 2300 933 2362 Filium
962 2315 1017 2360 et
1046 2303 1306 2373 Spiritum
1333 2314 1604 2365 sanctum,
1638 2313 1814 2370 neque
1844 2311 1997 2367 p0te-

407 2406 578 2455 states
621 2406 782 2469 atque
831 2395 1056 2450 virtutes
1107 2410 1137 2448 a
1183 2403 1359 2449 semet
1405 2391 1634 2448 invicem
1674 2399 1988 2460 separatas:

406 2493 772 2564 quippe‘cum
821 2488 964 2545 Deus
1005 2502 1149 2543 unus
1175 2487 1263 2554 sit,
1294 2486 1384 2558 qui
1433 2485 1599 2541 verbo
1642 2491 1698 2540 et
1727 2479 1994 2552 sapientia

409 2583 592 2642 omnia
621 2596 809 2640 creare
836 2581 1194 2652 dignoscitur.

485 2677 574 2734 10.
613 2674 766 2745 Quod
811 2683 989 2730 autem
1036 2673 1087 2728 in
1137 2671 1399 2743 sapientia
1443 2679 1501 2725 et
1536 2676 1661 2725 cum
1706 2665 1993 2738 sapientia,

412 2770 518 2827 hoc
544 2777 648 2834 cst,
681 2784 803 2824 cum
832 2766 1031 2849 Spiritu
1059 2775 1269 2830 sancto,
1299 2765 1437 2819 Deus
1465 2761 1645 2821 omnia
1669 2761 1815 2826 facit,
1845 2755 2000 2815 testis

411 2875 496 2920 est
523 2873 741 2919 sanctus
772 2859 937 2916 David
964 2860 1246 2930 protllieta,
1277 2873 1398 2912 cum
1429 2855 1774 2928 prrdicando
1805 2856 1996 2922 Deum,

413 2968 469 3015 et
505 2955 909 3028 amplitudinem
943 2953 1155 3012 virtutis
1182 2951 1299 3020 ejus
1329 2951 1664 3016 enarranda,
1705 2957 1759 3003 ct
1785 2946 2000 3028 divitias

411 3051 691 3122 sapientia:
736 3047 854 3117 ejus
895 3046 1169 3111 miranda,
1215 3041 1541 3100 vociferatur
1587 3041 1705 3105 haec
1748 3039 1936 3097 dicens
1981 3053 1996 3092 :

416 3146 583 3212 Quom
609 3141 938 3213 magnificam
974 3148 1092 3193 sunt
1124 3154 1280 3210 opera
1311 3147 1432 3203 tua,
1466 3131 1721 3189 Domine!
1749 3131 2000 3188 omniain

411 3209 667 3328 sppientia
694 3209 855 3303 fecisti
883 3228 1057 3304 (Psal.
1086 3209 1210 3298 cm,
1231 3225 1346 3300 ΞΔ).
1381 3221 1528 3283 lianc
1557 3224 1890 3328 sapienti-am.
1908 3238 2000 3292 pa-
2024 3209 2070 3271 C

414 3317 549 3385 riter
594 3339 649 3382 et
706 3327 894 3381 beatus
942 3323 1137 3380 Paulus
1186 3321 1346 3376 nimia
1399 3321 1610 3390 penitus
1648 3317 2001 3373 admiratione

415 3421 702 3494 praedicat,
742 3433 865 3475 cum
911 3415 990 3473 sic
1031 3416 1208 3471 dicit:
1245 3407 1288 3468 Ο
1319 3413 1542 3468 altitudo
1587 3413 1882 3468 diuitiarum
1917 3428 2002 3466 sa-

416 3517 621 3588 pientiae
667 3523 716 3572 et
758 3514 988 3570 scicntia:
1027 3509 1124 3567 Dei
1161 3511 1339 3583 (Rom.
1373 3527 1460 3574 st,
1488 3509 1612 3579 33)!
1646 3510 1707 3585 Et
1738 3495 1881 3579 quod
1916 3521 2001 3567 sa-

419 3608 673 3680 pientiam
707 3604 832 3670 Dei,
864 3620 966 3676 qua
995 3605 1174 3671 omnia
1205 3603 1345 3658 Deus
1387 3601 1515 3657 fecit
1551 3611 1608 3672 et
1647 3599 1766 3656 facit
1789 3642 1804 3666 ,
1835 3596 2001 3660 Dauid

419 3699 680 3772 propheta
702 3698 963 3770 Spiritum
992 3695 1090 3752 Dei
1126 3703 1424 3763 nuncupat,
1461 3694 1618 3750 beato
1650 3693 1810 3749 Paulo
1838 3695 2000 3752 simili

419 3791 631 3850 ratione
671 3792 1050 3856 consentiens,
1083 3790 1138 3844 in
1178 3789 1527 3860 sequentibus
1563 3787 1754 3844 edocet
1793 3799 2000 3859 aperte,

418 3902 542 3945 eum
567 3885 701 3942 dicit
728 3899 744 3940 :
774 3882 996 3951 Impleta
1025 3892 1099 3938 est
1133 3892 1266 3936 terra
1295 3893 1533 3936 creatura
1567 3889 1674 3936 tua.
1711 3881 1827 3937 Iloc
1864 3897 2006 3940 mare

417 3986 754 4052 magnum.“
783 3978 1101 4049 spatiosum;
1143 3974 1215 4029 ibi
1249 3974 1488 4041 reptilia.
1525 3989 1742 4045 quorum
1784 3988 1889 4029 non
1931 3985 2004 4031 cst

419 4085 682 4129 nutrieras.
709 4071 966 4126 Animalia
991 4084 1146 4143 parua
1168 4085 1290 4126 cum
1317 4067 1549 4137 magnis;
1577 4064 1684 4121 illic
1707 4083 1858 4121 naues
1886 4081 2005 4132 per-

419 4177 710 4225 transcunt.
754 4164 921 4219 Draco
965 4165 1060 4218 itte
1097 4177 1244 4233 quem
1281 4159 1517 4233 [ornmsti
1559 4160 1628 4213 (ιιι
1667 4158 2006 4222 inludendum

419 4262 502 4326 ei;
541 4259 713 4323 omnia
739 4268 788 4314 te
813 4263 1130 4324 exspectant,
1169 4264 1222 4308 ut
1252 4254 1344 4308 des
1378 4253 1450 4308 eis
1478 4267 1646 4306 escam
1673 4252 1728 4307 in
1759 4263 2002 4325 tempore.

421 4352 593 4408 Dante
628 4359 704 4415 te,
753 4349 854 4418 ipsi
891 4345 1168 4419 colligant;
1205 4345 1464 4414 aperiente
1505 4353 1676 4399 autem
1716 4353 1766 4399 te
1797 4357 2007 4399 manum

423 4457 596 4511 tuam,
645 4443 819 4499 omnia
860 4440 1191 4509 replebantur
1232 4439 1495 4502 bonitate;
1542 4449 1794 4492 auertcntc
1834 4449 2008 4492 autem

423 4551 472 4594 te
502 4539 684 4607 [aciem
721 4549 886 4603 tuam,
921 4534 1283 4590 turbabuntur.
1317 4533 1532 4604 Auferes
1555 4531 1791 4601 spiritum
1829 4548 2007 4587 eorum

2095 1908 2329 1974 l’anlus,
2384 1923 2489 1961 non
2534 1906 2866 1974 unigenitum
2918 1905 3087 1960 Deum
3138 1903 3368 1959 Verbum
3414 1902 3670 1975 significat

2096 2000 2345 2056 virtutem
2393 2015 2448 2055 et
2495 1999 2844 2070 sapientiam;
2891 1999 2988 2053 sed
3036 1994 3434 2054 ordinationem
3480 1993 3666 2052 erucis.

2093 2088 2285 2145 Statim
2313 2089 2456 2144 enim
2486 2089 2538 2144 iu
2565 2081 2914 2160 sequentibus
2941 2088 3076 2143 dixit
3103 2105 3118 2144 :
3145 2088 3281 2154 Quia
3307 2088 3523 2142 stultum
3559 2086 3666 2150 Dei.

2091 2180 2372 2250 sapientius
2400 2189 2474 2244 est
2506 2180 2823 2244 hominibus;
2853 2189 2901 2233 et
2933 2179 3192 2248 inﬁrmum
3227 2177 3351 2244 Dei,
3383 2178 3570 2249 fortius
3602 2191 3669 2234 cst

2093 2270 2386 2324 hominibus
2411 2267 2600 2341 (Ibid.,
2620 2270 2740 2336 25).
2761 2269 2928 2325 Nemo
2951 2278 3128 2325 autem
3153 2270 3498 2340 prudentium
3519 2271 3670 2325 audet

2093 2360 2309 2425 dicere,
2334 2361 2477 2431 quod
2517 2362 2738 2416 stultum
2781 2359 2876 2417 Dei
2916 2374 2970 2418 et
3013 2361 3341 2418 imbecillum
3377 2361 3519 2418 Deus
3549 2362 3672 2418 Vero

2095 2453 2218 2508 bum
2245 2461 2356 2520 cal;
2389 2453 2505 2519 sed,
2538 2455 2680 2509 sicut
2711 2454 2956 2524 pranlisi,
2986 2455 3165 2511 crucis
3188 2453 3581 2510 ordinationem
3604 2454 3673 2510 si-

2093 2545 2342 2614 gniﬁcat,
2380 2559 2447 2600 eo
2471 2548 2614 2619 quod
2645 2546 2802 2615 illud,
2835 2546 2980 2618 quod
3012 2547 3304 2603 incredulis
3330 2547 3542 2602 videtur
3561 2562 3671 2603 esse

2093 2638 2341 2703 stultum,
2369 2637 2470 2693 hoc
2494 2645 2599 2700 ρει,
2625 2636 2896 2694 Christum
2921 2639 3244 2694 'crueilixum
3265 2639 3495 2694 credere
3515 2637 3670 2694 Deum

2095 2743 2251 2795 esse,
2283 2729 2386 2786 hoc
2427 2731 2715 2785 maximam
2756 2731 3075 2799 sapientiam
3115 2731 3281 2787 habet
3307 2748 3322 2786 :
3353 2740 3409 2787 et
3434 2731 3573 2801 quod
3602 2729 3672 2787 rio

2097 2826 2260 2880 detur
2286 2839 2410 2880 esse
2437 2824 2761 2880 imbecillum
2791 2824 3017 2890 Christi,
3045 2835 3267 2896 propter
3295 2825 3438 2896 quod
3471 2840 3563 2894 pro
3584 2839 3676 2881 tto-

2098 2917 2183 2973 ltis
2213 2930 2457 2973 mortuus
2490 2926 2604 2984 est,
2643 2917 2746 2973 hoc
2776 2919 3062 2974 maximam
3105 2915 3354 2973 virtutem
3381 2917 3542 2976 habet
3568 2934 3584 2973 :
3612 2917 3674 2973 de

2098 3025 2204 3082 qua
2231 3009 2494 3082 sapientia
2528 3021 2692 3082 atque
2723 3009 2922 3068 virtute
2950 3025 3056 3067 non
3080 3018 3166 3066 est
3201 3022 3347 3065 nunc
3373 3018 3580 3090 tempus
3601 3009 3672 3066 dia

2101 3120 2246 3162 cere.
2345 3161 2350 3168 ,

2173 3222 2318 3290 Quos
2359 3223 2538 3278 minus
2579 3221 2939 3289 intelligentes
2979 3220 3141 3284 dicit,
3172 3219 3254 3278 vel
3283 3222 3524 3289 suntqui
3551 3219 3670 3279 Ver-

2105 3293 2229 3350 bum
2274 3302 2329 3350 et
2371 3296 2699 3364 Sapientiam
2749 3295 2981 3348 divinant
3031 3309 3192 3347 uuam
3237 3306 3359 3345 t-Sse
3400 3305 3670 3364 personant

2102 3376 2382 3431 asserunt;
2409 3363 2460 3420 et
2491 3365 2790 3420 convicium
2821 3365 2949 3419 facit
2985 3365 3235 3418 omnibus
3267 3365 3378 3416 fere
3407 3363 3669 3419 l’atrilms:

2104 3439 2184 3490 vel
2215 3451 2247 3506 q
2271 3439 2303 3490 ii
2335 3453 2401 3490 ex
2437 3436 2682 3504 Apostoli
2716 3437 2912 3492 verbis.
2958 3435 3009 3489 id
3040 3433 3464 3500 concludebant;
3488 3446 3542 3490 ct
3571 3452 3672 3490 rne-

2106 3508 2209 3562 rito
2251 3508 2423 3577 arguit
2484 3508 2714 3562 At'iattos
2772 3507 3004 3574 idipsuttt
3053 3506 3304 3577 molitos,
3355 3510 3416 3557 ιιι
3465 3517 3673 3562 testatur

2103 3576 2474 3638 Theudarotus
2501 3577 2590 3650 (In
2612 3579 2765 3648 epist.
2797 3579 2812 3633 l
2839 3579 2905 3633 ad
2935 3576 3106 3647 Con).

2177 3692 2263 3748 ii.
2299 3693 2400 3748 Per
2422 3696 2616 3749 multos
2648 3695 2808 3765 igitur
2837 3702 3001 3752 testes
3038 3695 3351 3753 doremura
3385 3697 3513 3759 Deo.
3541 3693 3674 3766 quod
3713 3697 3724 3721 ’

2106 3800 2274 3848 unum
2321 3783 2516 3843 habeat
2545 3786 2936 3845 subsmntivnm
2985 3789 3318 3859 unigenitum
3352 3789 3516 3844 Deum
3555 3785 3674 3841 Ver.-

2106 3879 2255 3947 ltum,
2286 3896 2447 3937 unam
2495 3882 2811 3950 sapientiam
2840 3882 3232 3941 substantivam
3275 3880 3532 3953 Spiritum
3556 3894 3673 3936 saa-

2105 3987 2271 4038 Ctum,
2305 3990 2400 4043 per
2429 3985 2588 4044 quem
2611 3971 2890 4044 Spit-itum,
2924 3986 2976 4030 et
3008 3991 3102 4046 per
3118 3977 3263 4047 quod
3296 3975 3546 4042 Verbum,
3577 3988 3676 4029 om-

2107 4068 2194 4121 nis
2246 4065 2531 4136 sapientia,
2579 4082 2782 4132 seruio,
2833 4069 3078 4136 scientia,
3122 4075 3423 4139 eteteraque
3465 4077 3675 4122 munera

2106 4161 2454 4216 credetitilms
2501 4170 2826 4232 prmstantur
2865 4175 2896 4214 a
2945 4163 3073 4217 Deo.
3104 4161 3255 4220 Sicut
3297 4161 3458 4218 etiam
3499 4160 3677 4217 beatus

2109 4251 2309 4308 Paulus
2335 4253 2514 4321 docet,
2546 4267 2667 4308 cum
2701 4253 2780 4308 sic
2802 4253 2930 4308 dicit
2960 4269 2975 4308 :
3012 4252 3188 4309 Habeo
3209 4255 3365 4325 igitur
3392 4254 3602 4328 gloriam
3625 4252 3676 4306 in
3726 4305 3732 4312 ,

2109 4344 2310 4402 Christo
2339 4347 2466 4402 Jcsu
2499 4348 2568 4402 atl
2601 4348 2782 4402 Deum.
2820 4347 2938 4402 Non
2969 4348 3103 4402 enint
3131 4349 3298 4403 audeo
3323 4349 3520 4420 aliquid
3549 4345 3676 4416 loqui

2107 4457 2305 4508 eorum,
2335 4458 2450 4511 qua!
2487 4457 2571 4514 per
2605 4458 2682 4494 me
2711 4458 2813 4496 non
2837 4441 2983 4512 rﬁirit
3009 4440 3243 4496 Christus
3269 4440 3323 4497 in
3351 4440 3682 4497 obedientiam

2107 4533 2525 4604 gentiumpverbo
2546 4543 2595 4587 ct
2613 4532 2781 4604 factis,
2798 4533 2851 4588 in
2874 4535 3055 4590 virtute
3083 4533 3308 4602 Spiritus
3327 4534 3492 4589 sancti
3512 4533 3674 4605 (llam.

421 4642 471 4685 et
501 4603 760 4698 deﬁcient,
797 4639 845 4683 et
871 4627 923 4681 in
960 4627 1217 4698 pulverem
1245 4640 1396 4679 suum
1432 4635 1763 4680 revertentur.
1792 4622 2008 4681 Emittes
2035 4603 2086 4664 Ῑ)
2112 4603 2203 4688 sv,
2235 4623 2345 4695 17).
2367 4623 2481 4680 Non
2511 4603 2685 4680 solum
2711 4625 2944 4680 habebat
2970 4628 3160 4682 beatus
3188 4627 3467 4697 apostolus
3496 4603 3677 4680 Paulus

424 4723 681 4796 Spiritum
723 4731 898 4790 tuum,
941 4730 990 4776 et
1038 4720 1375 4782 creabuntnr,
1425 4727 1473 4773 et
1517 4720 1782 4775 renouabis
1823 4721 2011 4790 faciem

423 4828 575 4873 terra:
595 4817 769 4888 (l’sat.
792 4829 883 4872 cut
902 4856 918 4883 ,
945 4813 1162 4887 “350).
1188 4813 1245 4869 In
1274 4829 1341 4869 eo
1375 4813 1516 4883 quod
1546 4812 1668 4869 dicit
1699 4813 1958 4884 propheta
1989 4828 2007 4870 :

429 4908 619 4963 Omnia
664 4909 718 4963 in
767 4905 1021 4978 sapientia
1078 4903 1279 4975 fecisti;
1324 4915 1378 4958 et
1422 4923 1433 4958 ε
1490 4903 1704 4959 Entirtes
1754 4904 2011 4979 Spiritum

425 5013 605 5068 tuum,
646 5010 693 5056 et
729 5002 1068 5066 creabantur;
1098 5009 1285 5069 aperte
1322 4997 1504 5053 docuit
1534 5014 1693 5054 unam
1726 5013 1847 5054 esse
1888 5013 2010 5067 per-

426 5109 614 5154 sonam
660 5095 970 5164 utriusque,
1012 5093 1286 5160 sapientia:
1325 5089 1421 5146 Dei
1462 5101 1516 5146 et
1554 5092 1782 5162 Spiritus
1815 5092 2008 5150 sancti.

428 5186 687 5243 Similiter
731 5195 909 5240 autem
947 5197 999 5240 et
1038 5185 1290 5241 Salomon
1337 5183 1597 5254 Spiritum
1629 5195 1869 5241 sanctum
1917 5186 2009 5242 Dei

427 5280 747 5348 sapientiam
778 5280 1047 5343 nominat,
1075 5295 1196 5334 cum
1232 5280 1309 5336 sic
1334 5281 1463 5335 dicit
1490 5280 1557 5334 ad
1587 5279 1753 5334 Deum
1788 5297 1801 5334 :
1832 5277 2016 5336 Consi-

429 5377 556 5431 lium
595 5390 711 5428 ucro
741 5384 882 5428 tuum
910 5375 1022 5435 quis
1056 5375 1234 5441 scivit,
1267 5376 1366 5429 nisi
1404 5386 1459 5428 tu
1488 5375 1674 5429 dedisti
1712 5375 2014 5445 sapientiam

434 5470 590 5541 (Son.
620 5485 692 5534 ts,
728 5468 855 5539 i7)?
888 5467 950 5522 Et
982 5477 1038 5522 ut
1068 5468 1311 5523 ostendat
1341 5471 1550 5537 qualem
1584 5469 1900 5533 sapientiam
1932 5469 2018 5522 di-

431 5574 541 5627 cat,
569 5562 828 5630 deinceps
855 5558 983 5628 dit-it
1013 5577 1027 5612 :
1064 5559 1294 5614 Emisisti
1321 5570 1550 5619 sanctum
1583 5560 1837 5632 Spiritum
1870 5571 2016 5616 tuum

434 5669 497 5712 ex
539 5652 690 5716 aliis,
731 5661 781 5707 et
823 5651 896 5705 sic
927 5663 1164 5715 correcta:
1208 5651 1326 5704 sunt
1364 5637 1557 5704 sciatin
1595 5668 1792 5716 eorum,
1833 5651 1919 5722 qui
1964 5651 2016 5704 in

438 5760 573 5808 terra
602 5757 742 5810 sunt,
768 5754 815 5803 et
838 5744 1028 5816 placita
1051 5756 1137 5796 tua
1163 5743 1391 5816 homines
1417 5737 1725 5810 didicerunt,
1748 5755 1792 5799 et
1816 5745 2010 5816 sopien'

442 5845 511 5898 tiu
548 5839 735 5910 strttqti
776 5847 892 5891 sunt
924 5833 1121 5908 (ibid,
1155 5827 1384 5907 i749);
1411 5835 1517 5893 hoc
1560 5847 1669 5904 εει,
1715 5848 1899 5894 saneto
1933 5850 2021 5892 tuo

2112 4717 2166 4774 in
2194 4732 2254 4774 se
2282 4719 2594 4787 loquentem
2621 4717 2892 4774 Christum
2922 4729 2978 4775 et
3008 4719 3264 4790 Spiritum
3292 4728 3562 4784 sanctum;
3592 4714 3676 4772 sed

2111 4814 2273 4868 etiam
2303 4814 2486 4868 czeteri
2516 4827 2706 4868 omnes
2739 4811 3012 4883 propheta:
3041 4824 3095 4867 et
3120 4811 3348 4881 apostoli
3377 4821 3436 4866 et
3461 4825 3675 4876 evange-

2115 4907 2278 4967 lista.
2321 4908 2469 4966 Sicut
2501 4911 2664 4965 etiam
2718 4909 2971 4964 Dominus
3020 4917 3206 4964 noster
3252 4907 3412 4964 Jesus
3455 4905 3678 4962 Christus

2114 4999 2296 5067 docet,
2329 5015 2450 5057 cmn
2481 5001 2609 5055 dicit
2644 5018 2658 5054 ς
2693 4998 2759 5053 Id
2791 5017 2822 5054 o
2845 5016 2960 5054 ecce
2987 5016 3078 5072 ego
3103 5001 3249 5056 mitto
3273 5001 3342 5055 ad
3367 5016 3455 5055 uos
3479 4998 3655 5070 propin

2116 5101 2194 5147 tus
2235 5104 2282 5146 rt
2323 5093 2575 5164 sapientes
2607 5101 2654 5146 et
2696 5093 2887 5147 scribas
2927 5091 3145 5162 (Matth.
3186 5107 3348 5154 xsttt.
3380 5093 3493 5161 34).
3529 5088 3676 5146 Strui-

2121 5187 2241 5240 liter
2268 5198 2443 5242 autem
2474 5188 2619 5245 etde
2639 5187 2839 5258 Spiriiu
2874 5187 2968 5242 Dei
2994 5185 3127 5240 dicit
3156 5203 3169 5240 :
3195 5183 3324 5241 Ideo
3354 5195 3400 5242 et
3431 5179 3679 5254 Sapientis

2119 5279 2216 5333 Dei
2259 5279 2382 5332 dicit
2413 5297 2425 5333 :
2453 5279 2606 5335 Mitto
2635 5279 2702 5333 ad
2724 5283 2860 5353 ipsas
2887 5279 3161 5352 prophetas
3185 5288 3235 5335 et
3265 5275 3673 5351 opostolos(Lsc.

2121 5389 2194 5439 XI,
2225 5373 2337 5442 49).
3115 5394 3124 5402 -

2194 5466 2279 5520 15.
2335 5466 2488 5535 Quod
2543 5476 2720 5520 autem
2777 5466 3012 5537 Spiritus
3068 5475 3291 5522 sanctas
3340 5465 3585 5522 Dominus
3630 5471 3677 5516 et

2124 5559 2264 5615 Dens
2287 5569 2386 5625 εμι,
2415 5571 2466 5614 et
2496 5569 2766 5628 tamquam
2794 5560 3050 5617 Dominus
3076 5571 3264 5616 noster
3289 5558 3678 5617 credentibusel

2123 5656 2237 5722 ipse
2265 5667 2485 5707 munera
2519 5652 2742 5722 largitur
2791 5663 2847 5707 ct
2874 5651 3058 5718 donat,
3103 5668 3292 5712 rursus
3333 5652 3468 5708 idem
3511 5651 3678 5705 beam

2127 5747 2321 5804 Plinius
2359 5746 2539 5804 docet.
2568 5762 2691 5800 eum
2737 5747 2869 5802 dicit
2901 5763 2916 5803 :
2956 5747 3239 5804 Divisiones
3267 5765 3388 5803 uero
3424 5749 3678 5821 gratiarum

2126 5853 2277 5910 sunt,
2325 5840 2460 5895 idem
2505 5851 2672 5896 autem
2715 5841 2981 5913 Spiritus,
3043 5852 3090 5898 ct
3131 5843 3405 5901 divisiones
3448 5840 3675 5896 ministra-
