  <div class='ocr_page' id='page_1' title='image "/cluster/home/n/w/nwhite01/storage/ocr_20150623/48/uva.x000827092/240.png"; bbox 0 0 3852 6246; ppageno 0'>
   <div class='ocr_carea' id='block_1_1' title="bbox 190 282 3481 353">
    <p class='ocr_par' dir='ltr' id='par_1_1' title="bbox 190 282 3481 353">
     <span class='ocr_line' id='line_1_1' title="bbox 190 282 3481 353; baseline -0.002 -6"><span class='ocrx_word' id='word_1_1' title='bbox 190 296 193 302; x_wconf 90' lang='grc'><em>’</em></span> <span class='ocrx_word' id='word_1_2' title='bbox 232 292 272 347; x_wconf 66' lang='grc'><strong>7</strong></span> <span class='ocrx_word' id='word_1_3' title='bbox 350 289 667 353; x_wconf 65' lang='lat' dir='ltr'><strong>DYSSERT.</strong></span> <span class='ocrx_word' id='word_1_4' title='bbox 709 291 777 350; x_wconf 59' lang='grc' dir='ltr'><strong>Ὗ.</strong></span> <span class='ocrx_word' id='word_1_5' title='bbox 814 288 908 347; x_wconf 79' lang='lat' dir='ltr'><strong>DE</strong></span> <span class='ocrx_word' id='word_1_6' title='bbox 948 289 1260 348; x_wconf 73' lang='lat' dir='ltr'><strong>LIBELLlS</strong></span> <span class='ocrx_word' id='word_1_7' title='bbox 1296 288 1479 346; x_wconf 77' lang='lat' dir='ltr'><strong>FlDEl</strong></span> <span class='ocrx_word' id='word_1_8' title='bbox 1519 282 1833 344; x_wconf 72' lang='lat' dir='ltr'><strong>SCltll’TiS</strong></span> <span class='ocrx_word' id='word_1_9' title='bbox 1874 284 1964 339; x_wconf 71' lang='lat' dir='ltr'><strong>AB</strong></span> <span class='ocrx_word' id='word_1_10' title='bbox 2004 283 2439 341; x_wconf 63' lang='lat' dir='ltr'><strong>AllthORIBUS</strong></span> <span class='ocrx_word' id='word_1_11' title='bbox 2474 282 2798 342; x_wconf 59' lang='lat' dir='ltr'><strong>llJEllESlS</strong></span> <span class='ocrx_word' id='word_1_12' title='bbox 2840 283 3274 342; x_wconf 68' lang='lat' dir='ltr'><strong>l’EL.lGlAN.E.</strong></span> <span class='ocrx_word' id='word_1_13' title='bbox 3349 284 3481 341; x_wconf 64' lang='grc'><strong>838⁵</strong></span> 
     </span>
    </p>
   </div>
   <div class='ocr_carea' id='block_1_2' title="bbox 182 394 3462 472">
    <p class='ocr_par' dir='ltr' id='par_1_2' title="bbox 182 394 3462 472">
     <span class='ocr_line' id='line_1_2' title="bbox 182 394 3462 472; baseline -0.004 -9"><span class='ocrx_word' id='word_1_14' title='bbox 182 416 529 472; x_wconf 81' lang='lat' dir='ltr'><strong>tionumsunt.</strong></span> <span class='ocrx_word' id='word_1_15' title='bbox 558 409 689 463; x_wconf 72' lang='lat' dir='ltr'><strong>idem</strong></span> <span class='ocrx_word' id='word_1_16' title='bbox 714 417 886 461; x_wconf 77' lang='lat' dir='ltr'><strong>autem</strong></span> <span class='ocrx_word' id='word_1_17' title='bbox 908 406 1157 461; x_wconf 84' lang='lat' dir='ltr'><strong>Dominus</strong></span> <span class='ocrx_word' id='word_1_18' title='bbox 1175 423 1201 472; x_wconf 87' lang='lat'><strong>-;</strong></span> <span class='ocrx_word' id='word_1_19' title='bbox 1222 416 1267 459; x_wconf 84' lang='lat' dir='ltr'><strong>et</strong></span> <span class='ocrx_word' id='word_1_20' title='bbox 1286 404 1756 470; x_wconf 79' lang='lat' dir='ltr'><strong>stitisionesopera-</strong></span> <span class='ocrx_word' id='word_1_21' title='bbox 1784 400 1831 458; x_wconf 78' lang='grc' dir='ltr'><strong>Α</strong></span> <span class='ocrx_word' id='word_1_22' title='bbox 1862 397 2137 467; x_wconf 78' lang='lat' dir='ltr'><strong>accipere,</strong></span> <span class='ocrx_word' id='word_1_23' title='bbox 2172 406 2231 453; x_wconf 87' lang='lat' dir='ltr'><strong>et</strong></span> <span class='ocrx_word' id='word_1_24' title='bbox 2260 412 2290 449; x_wconf 85' lang='lat' dir='ltr'><strong>a</strong></span> <span class='ocrx_word' id='word_1_25' title='bbox 2331 396 2451 451; x_wconf 87' lang='lat' dir='ltr'><strong>solo</strong></span> <span class='ocrx_word' id='word_1_26' title='bbox 2488 394 2648 451; x_wconf 79' lang='lat' dir='ltr'><strong>Patre</strong></span> <span class='ocrx_word' id='word_1_27' title='bbox 2668 404 2674 411; x_wconf 84' lang='lat'><strong>‘</strong></span> <span class='ocrx_word' id='word_1_28' title='bbox 2693 395 3175 450; x_wconf 79' lang='lat' dir='ltr'><strong>sattctilicationcm</strong></span> <span class='ocrx_word' id='word_1_29' title='bbox 3216 395 3412 452; x_wconf 77' lang='lat' dir='ltr'><strong>mereri</strong></span> <span class='ocrx_word' id='word_1_30' title='bbox 3439 436 3462 463; x_wconf 85' lang='lat'><strong>,</strong></span> 
     </span>
    </p>
   </div>
   <div class='ocr_carea' id='block_1_3' title="bbox 186 496 1783 570">
    <p class='ocr_par' dir='ltr' id='par_1_3' title="bbox 186 496 1783 570">
     <span class='ocr_line' id='line_1_3' title="bbox 186 496 1783 570; baseline -0.008 -9"><span class='ocrx_word' id='word_1_31' title='bbox 186 510 524 569; x_wconf 69' lang='lat' dir='ltr'><strong>tionuussunt,</strong></span> <span class='ocrx_word' id='word_1_32' title='bbox 548 500 686 556; x_wconf 72' lang='lat' dir='ltr'><strong>idem</strong></span> <span class='ocrx_word' id='word_1_33' title='bbox 703 518 815 554; x_wconf 75' lang='lat' dir='ltr'><strong>vero</strong></span> <span class='ocrx_word' id='word_1_34' title='bbox 841 499 999 563; x_wconf 80' lang='lat' dir='ltr'><strong>Deus,</strong></span> <span class='ocrx_word' id='word_1_35' title='bbox 1028 499 1117 570; x_wconf 86' lang='lat' dir='ltr'><strong>qui</strong></span> <span class='ocrx_word' id='word_1_36' title='bbox 1143 509 1389 565; x_wconf 68' lang='lat' dir='ltr'><strong>curratur</strong></span> <span class='ocrx_word' id='word_1_37' title='bbox 1406 496 1576 550; x_wconf 86' lang='lat' dir='ltr'><strong>omnia</strong></span> <span class='ocrx_word' id='word_1_38' title='bbox 1605 497 1659 548; x_wconf 87' lang='lat' dir='ltr'><strong>in</strong></span> <span class='ocrx_word' id='word_1_39' title='bbox 1674 512 1783 549; x_wconf 83' lang='lat' dir='ltr'><strong>om-</strong></span> 
     </span>
    </p>
   </div>
   <div class='ocr_carea' id='block_1_4' title="bbox 186 587 1787 664">
    <p class='ocr_par' dir='ltr' id='par_1_4' title="bbox 186 587 1787 664">
     <span class='ocr_line' id='line_1_4' title="bbox 186 587 1787 664; baseline -0.007 -11"><span class='ocrx_word' id='word_1_40' title='bbox 186 597 404 661; x_wconf 58' lang='lat' dir='ltr'><strong>nibasti</strong></span> <span class='ocrx_word' id='word_1_41' title='bbox 426 595 553 652; x_wconf 84' lang='lat' dir='ltr'><strong>Cor.</strong></span> <span class='ocrx_word' id='word_1_42' title='bbox 582 611 678 662; x_wconf 77' lang='lat' dir='ltr'><strong>stt,</strong></span> <span class='ocrx_word' id='word_1_43' title='bbox 718 593 807 664; x_wconf 72' lang='grc'><strong>4).</strong></span> <span class='ocrx_word' id='word_1_44' title='bbox 839 592 899 648; x_wconf 75' lang='grc' dir='ltr'><strong>ιε.</strong></span> <span class='ocrx_word' id='word_1_45' title='bbox 930 593 1029 645; x_wconf 81' lang='lat' dir='ltr'><strong>hac</strong></span> <span class='ocrx_word' id='word_1_46' title='bbox 1058 590 1221 660; x_wconf 77' lang='lat' dir='ltr'><strong>igitur</strong></span> <span class='ocrx_word' id='word_1_47' title='bbox 1250 587 1659 645; x_wconf 68' lang='lat' dir='ltr'><strong>enumeratione</strong></span> <span class='ocrx_word' id='word_1_48' title='bbox 1689 589 1787 643; x_wconf 84' lang='lat' dir='ltr'><strong>do-</strong></span> 
     </span>
    </p>
   </div>
   <div class='ocr_carea' id='block_1_5' title="bbox 184 680 1756 759">
    <p class='ocr_par' dir='ltr' id='par_1_5' title="bbox 184 680 1756 759">
     <span class='ocr_line' id='line_1_5' title="bbox 184 680 1756 759; baseline -0.007 -13"><span class='ocrx_word' id='word_1_49' title='bbox 184 707 362 746; x_wconf 80' lang='lat' dir='ltr'><strong>norum</strong></span> <span class='ocrx_word' id='word_1_50' title='bbox 394 688 564 745; x_wconf 85' lang='lat' dir='ltr'><strong>sancti</strong></span> <span class='ocrx_word' id='word_1_51' title='bbox 592 686 849 759; x_wconf 74' lang='lat' dir='ltr'><strong>Spiritus,</strong></span> <span class='ocrx_word' id='word_1_52' title='bbox 868 685 1073 742; x_wconf 85' lang='lat' dir='ltr'><strong>addens</strong></span> <span class='ocrx_word' id='word_1_53' title='bbox 1096 682 1295 747; x_wconf 74' lang='lat' dir='ltr'><strong>ubique</strong></span> <span class='ocrx_word' id='word_1_54' title='bbox 1323 682 1515 738; x_wconf 82' lang='lat' dir='ltr'><strong>beatus</strong></span> <span class='ocrx_word' id='word_1_55' title='bbox 1533 680 1756 744; x_wconf 82' lang='lat' dir='ltr'><strong>Paulus.</strong></span> 
     </span>
    </p>
   </div>
   <div class='ocr_carea' id='block_1_6' title="bbox 182 774 1759 847">
    <p class='ocr_par' dir='ltr' id='par_1_6' title="bbox 182 774 1759 847">
     <span class='ocr_line' id='line_1_6' title="bbox 182 774 1759 847; baseline -0.007 -7"><span class='ocrx_word' id='word_1_56' title='bbox 182 784 311 840; x_wconf 79' lang='lat' dir='ltr'><strong>idem</strong></span> <span class='ocrx_word' id='word_1_57' title='bbox 321 792 490 839; x_wconf 78' lang='lat' dir='ltr'><strong>autem</strong></span> <span class='ocrx_word' id='word_1_58' title='bbox 510 782 786 846; x_wconf 74' lang='lat' dir='ltr'><strong>Dominus,</strong></span> <span class='ocrx_word' id='word_1_59' title='bbox 800 780 1006 836; x_wconf 82' lang='lat' dir='ltr'><strong>etidem</strong></span> <span class='ocrx_word' id='word_1_60' title='bbox 1036 775 1196 839; x_wconf 85' lang='lat' dir='ltr'><strong>Deus,</strong></span> <span class='ocrx_word' id='word_1_61' title='bbox 1218 775 1597 847; x_wconf 64' lang='lat' dir='ltr'><strong>apertedocitt,</strong></span> <span class='ocrx_word' id='word_1_62' title='bbox 1614 774 1759 845; x_wconf 84' lang='lat' dir='ltr'><strong>quod</strong></span> 
     </span>
    </p>
   </div>
   <div class='ocr_carea' id='block_1_7' title="bbox 182 867 1759 947">
    <p class='ocr_par' dir='ltr' id='par_1_7' title="bbox 182 867 1759 947">
     <span class='ocr_line' id='line_1_7' title="bbox 182 867 1759 947; baseline -0.006 -14"><span class='ocrx_word' id='word_1_63' title='bbox 182 877 403 947; x_wconf 84' lang='lat' dir='ltr'><strong>Spiritus</strong></span> <span class='ocrx_word' id='word_1_64' title='bbox 429 888 653 931; x_wconf 85' lang='lat' dir='ltr'><strong>sanctus</strong></span> <span class='ocrx_word' id='word_1_65' title='bbox 694 873 958 929; x_wconf 94' lang='lat' dir='ltr'><strong>Dominus</strong></span> <span class='ocrx_word' id='word_1_66' title='bbox 993 880 1048 929; x_wconf 88' lang='lat' dir='ltr'><strong>et</strong></span> <span class='ocrx_word' id='word_1_67' title='bbox 1088 871 1230 926; x_wconf 80' lang='lat' dir='ltr'><strong>Deus</strong></span> <span class='ocrx_word' id='word_1_68' title='bbox 1268 881 1374 925; x_wconf 82' lang='lat' dir='ltr'><strong>est.</strong></span> <span class='ocrx_word' id='word_1_69' title='bbox 1422 867 1759 925; x_wconf 79' lang='lat' dir='ltr'><strong>lllanil&#39;estius</strong></span> 
     </span>
    </p>
   </div>
   <div class='ocr_carea' id='block_1_8' title="bbox 180 959 1758 1038">
    <p class='ocr_par' dir='ltr' id='par_1_8' title="bbox 180 959 1758 1038">
     <span class='ocr_line' id='line_1_8' title="bbox 180 959 1758 1038; baseline -0.004 -13"><span class='ocrx_word' id='word_1_70' title='bbox 180 978 349 1025; x_wconf 76' lang='lat' dir='ltr'><strong>autem</strong></span> <span class='ocrx_word' id='word_1_71' title='bbox 392 970 555 1025; x_wconf 86' lang='lat' dir='ltr'><strong>etiam</strong></span> <span class='ocrx_word' id='word_1_72' title='bbox 597 970 652 1023; x_wconf 91' lang='lat' dir='ltr'><strong>in</strong></span> <span class='ocrx_word' id='word_1_73' title='bbox 698 965 1050 1038; x_wconf 62' lang='lat' dir='ltr'><strong>sarcientibus</strong></span> <span class='ocrx_word' id='word_1_74' title='bbox 1099 963 1373 1027; x_wconf 79' lang='lat' dir='ltr'><strong>ostendit;</strong></span> <span class='ocrx_word' id='word_1_75' title='bbox 1428 959 1758 1018; x_wconf 71' lang='lat' dir='ltr'><strong>enumeratis</strong></span> 
     </span>
    </p>
   </div>
   <div class='ocr_carea' id='block_1_9' title="bbox 180 1052 1762 1126">
    <p class='ocr_par' dir='ltr' id='par_1_9' title="bbox 180 1052 1762 1126">
     <span class='ocr_line' id='line_1_9' title="bbox 180 1052 1762 1126; baseline -0.005 -9"><span class='ocrx_word' id='word_1_76' title='bbox 180 1063 315 1117; x_wconf 74' lang='lat' dir='ltr'><strong>enisa</strong></span> <span class='ocrx_word' id='word_1_77' title='bbox 368 1059 525 1115; x_wconf 73' lang='lat' dir='ltr'><strong>donis</strong></span> <span class='ocrx_word' id='word_1_78' title='bbox 568 1068 625 1114; x_wconf 90' lang='lat' dir='ltr'><strong>et</strong></span> <span class='ocrx_word' id='word_1_79' title='bbox 674 1056 934 1126; x_wconf 77' lang='lat' dir='ltr'><strong>operibus</strong></span> <span class='ocrx_word' id='word_1_80' title='bbox 980 1062 1145 1126; x_wconf 85' lang='lat' dir='ltr'><strong>atque</strong></span> <span class='ocrx_word' id='word_1_81' title='bbox 1181 1053 1525 1119; x_wconf 74' lang='lat' dir='ltr'><strong>ministeriis,</strong></span> <span class='ocrx_word' id='word_1_82' title='bbox 1562 1052 1762 1122; x_wconf 72' lang='lat' dir='ltr'><strong>adjecit</strong></span> 
     </span>
    </p>
   </div>
   <div class='ocr_carea' id='block_1_10' title="bbox 178 1148 1761 1219">
    <p class='ocr_par' dir='ltr' id='par_1_10' title="bbox 178 1148 1761 1219">
     <span class='ocr_line' id='line_1_10' title="bbox 178 1148 1761 1219; baseline -0.008 -9"><span class='ocrx_word' id='word_1_83' title='bbox 178 1156 350 1209; x_wconf 73' lang='lat' dir='ltr'><strong>statim</strong></span> <span class='ocrx_word' id='word_1_84' title='bbox 375 1153 561 1209; x_wconf 82' lang='lat' dir='ltr'><strong>dicens</strong></span> <span class='ocrx_word' id='word_1_85' title='bbox 582 1170 597 1206; x_wconf 88' lang='lat'><strong>:</strong></span> <span class='ocrx_word' id='word_1_86' title='bbox 621 1148 753 1206; x_wconf 71' lang='lat' dir='ltr'><strong>Hec</strong></span> <span class='ocrx_word' id='word_1_87' title='bbox 778 1152 951 1204; x_wconf 79' lang='lat' dir='ltr'><strong>autem</strong></span> <span class='ocrx_word' id='word_1_88' title='bbox 976 1149 1151 1203; x_wconf 81' lang='lat' dir='ltr'><strong><em>omnia</em></strong></span> <span class='ocrx_word' id='word_1_89' title='bbox 1180 1156 1424 1219; x_wconf 73' lang='lat' dir='ltr'><strong>operatur</strong></span> <span class='ocrx_word' id='word_1_90' title='bbox 1446 1162 1582 1201; x_wconf 72' lang='lat' dir='ltr'><strong>unus</strong></span> <span class='ocrx_word' id='word_1_91' title='bbox 1605 1154 1761 1216; x_wconf 67' lang='lat' dir='ltr'><strong>atque</strong></span> 
     </span>
    </p>
   </div>
   <div class='ocr_carea' id='block_1_11' title="bbox 178 1236 1754 1315">
    <p class='ocr_par' dir='ltr' id='par_1_11' title="bbox 178 1236 1754 1315">
     <span class='ocr_line' id='line_1_11' title="bbox 178 1236 1754 1315; baseline -0.006 -14"><span class='ocrx_word' id='word_1_92' title='bbox 178 1249 305 1301; x_wconf 77' lang='lat' dir='ltr'><strong>idem</strong></span> <span class='ocrx_word' id='word_1_93' title='bbox 332 1245 583 1315; x_wconf 75' lang='lat' dir='ltr'><strong>Spiritus,</strong></span> <span class='ocrx_word' id='word_1_94' title='bbox 614 1243 853 1298; x_wconf 69' lang='lat' dir='ltr'><strong>dividens</strong></span> <span class='ocrx_word' id='word_1_95' title='bbox 879 1240 1097 1312; x_wconf 79' lang='lat' dir='ltr'><strong>singulis</strong></span> <span class='ocrx_word' id='word_1_96' title='bbox 1116 1252 1271 1314; x_wconf 77' lang='lat' dir='ltr'><strong>prout</strong></span> <span class='ocrx_word' id='word_1_97' title='bbox 1296 1240 1402 1293; x_wconf 81' lang='lat' dir='ltr'><strong>vult</strong></span> <span class='ocrx_word' id='word_1_98' title='bbox 1427 1237 1472 1309; x_wconf 83' lang='lat' dir='ltr'><strong>(l</strong></span> <span class='ocrx_word' id='word_1_99' title='bbox 1505 1236 1624 1292; x_wconf 83' lang='lat' dir='ltr'><strong>Cor.</strong></span> <span class='ocrx_word' id='word_1_100' title='bbox 1656 1252 1754 1306; x_wconf 77' lang='grc' dir='ltr'><strong>ιιι,</strong></span> 
     </span>
    </p>
   </div>
   <div class='ocr_carea' id='block_1_12' title="bbox 185 1332 1758 1408">
    <p class='ocr_par' dir='ltr' id='par_1_12' title="bbox 185 1332 1758 1408">
     <span class='ocr_line' id='line_1_12' title="bbox 185 1332 1758 1408; baseline -0.004 -14"><span class='ocrx_word' id='word_1_101' title='bbox 185 1337 284 1408; x_wconf 87' lang='lat' dir='ltr'><strong>tl).</strong></span> <span class='ocrx_word' id='word_1_102' title='bbox 309 1339 511 1394; x_wconf 74' lang='lat' dir='ltr'><strong>Rursus</strong></span> <span class='ocrx_word' id='word_1_103' title='bbox 536 1335 683 1392; x_wconf 81' lang='lat' dir='ltr'><strong>idem</strong></span> <span class='ocrx_word' id='word_1_104' title='bbox 714 1336 904 1391; x_wconf 85' lang='lat' dir='ltr'><strong>beatus</strong></span> <span class='ocrx_word' id='word_1_105' title='bbox 930 1333 1127 1389; x_wconf 81' lang='lat' dir='ltr'><strong>Paulus</strong></span> <span class='ocrx_word' id='word_1_106' title='bbox 1155 1333 1356 1388; x_wconf 88' lang='lat' dir='ltr'><strong>docere</strong></span> <span class='ocrx_word' id='word_1_107' title='bbox 1390 1347 1494 1386; x_wconf 84' lang='lat' dir='ltr'><strong>nos</strong></span> <span class='ocrx_word' id='word_1_108' title='bbox 1513 1332 1758 1407; x_wconf 84' lang='lat' dir='ltr'><strong>apertius</strong></span> 
     </span>
    </p>
   </div>
   <div class='ocr_carea' id='block_1_13' title="bbox 180 1423 1761 1497">
    <p class='ocr_par' dir='ltr' id='par_1_13' title="bbox 180 1423 1761 1497">
     <span class='ocr_line' id='line_1_13' title="bbox 180 1423 1761 1497; baseline -0.007 -6"><span class='ocrx_word' id='word_1_109' title='bbox 180 1434 379 1497; x_wconf 79' lang='lat' dir='ltr'><strong>volens.</strong></span> <span class='ocrx_word' id='word_1_110' title='bbox 413 1447 571 1488; x_wconf 88' lang='lat' dir='ltr'><strong>unam</strong></span> <span class='ocrx_word' id='word_1_111' title='bbox 598 1445 722 1486; x_wconf 85' lang='lat' dir='ltr'><strong>esse</strong></span> <span class='ocrx_word' id='word_1_112' title='bbox 746 1428 1104 1484; x_wconf 73' lang='lat' dir='ltr'><strong>substantiam</strong></span> <span class='ocrx_word' id='word_1_113' title='bbox 1128 1426 1301 1482; x_wconf 82' lang='lat' dir='ltr'><strong>Patris</strong></span> <span class='ocrx_word' id='word_1_114' title='bbox 1329 1436 1383 1482; x_wconf 89' lang='lat' dir='ltr'><strong>et</strong></span> <span class='ocrx_word' id='word_1_115' title='bbox 1412 1423 1531 1479; x_wconf 83' lang='lat' dir='ltr'><strong>Filii</strong></span> <span class='ocrx_word' id='word_1_116' title='bbox 1563 1423 1761 1496; x_wconf 85' lang='lat' dir='ltr'><strong>etSpi-</strong></span> 
     </span>
    </p>
   </div>
   <div class='ocr_carea' id='block_1_14' title="bbox 179 1518 1757 1593">
    <p class='ocr_par' dir='ltr' id='par_1_14' title="bbox 179 1518 1757 1593">
     <span class='ocr_line' id='line_1_14' title="bbox 179 1518 1757 1593; baseline -0.006 -12"><span class='ocrx_word' id='word_1_117' title='bbox 179 1526 305 1581; x_wconf 90' lang='lat' dir='ltr'><strong>ritus</strong></span> <span class='ocrx_word' id='word_1_118' title='bbox 342 1525 551 1593; x_wconf 70' lang='lat' dir='ltr'><strong>saneti,</strong></span> <span class='ocrx_word' id='word_1_119' title='bbox 592 1524 707 1578; x_wconf 76' lang='lat' dir='ltr'><strong>ait:</strong></span> <span class='ocrx_word' id='word_1_120' title='bbox 742 1520 891 1578; x_wconf 78' lang='lat' dir='ltr'><strong>Unus</strong></span> <span class='ocrx_word' id='word_1_121' title='bbox 933 1520 1205 1585; x_wconf 78' lang='lat' dir='ltr'><strong>Dominus,</strong></span> <span class='ocrx_word' id='word_1_122' title='bbox 1249 1534 1353 1573; x_wconf 81' lang='lat' dir='ltr'><strong>una</strong></span> <span class='ocrx_word' id='word_1_123' title='bbox 1396 1518 1549 1589; x_wconf 72' lang='lat' dir='ltr'><strong>ﬁdes,</strong></span> <span class='ocrx_word' id='word_1_124' title='bbox 1598 1534 1757 1572; x_wconf 84' lang='lat' dir='ltr'><strong>unum</strong></span> 
     </span>
    </p>
   </div>
   <div class='ocr_carea' id='block_1_15' title="bbox 181 1610 1753 1691">
    <p class='ocr_par' dir='ltr' id='par_1_15' title="bbox 181 1610 1753 1691">
     <span class='ocr_line' id='line_1_15' title="bbox 181 1610 1753 1691; baseline -0.006 -18"><span class='ocrx_word' id='word_1_125' title='bbox 181 1617 452 1691; x_wconf 84' lang='lat' dir='ltr'><strong>baptisma,</strong></span> <span class='ocrx_word' id='word_1_126' title='bbox 498 1632 632 1671; x_wconf 81' lang='lat' dir='ltr'><strong>unus</strong></span> <span class='ocrx_word' id='word_1_127' title='bbox 672 1612 813 1670; x_wconf 83' lang='lat' dir='ltr'><strong>Deus</strong></span> <span class='ocrx_word' id='word_1_128' title='bbox 849 1625 994 1685; x_wconf 82' lang='lat' dir='ltr'><strong>pater</strong></span> <span class='ocrx_word' id='word_1_129' title='bbox 1021 1614 1258 1668; x_wconf 86' lang='lat' dir='ltr'><strong>omnium</strong></span> <span class='ocrx_word' id='word_1_130' title='bbox 1296 1610 1518 1683; x_wconf 71' lang='lat' dir='ltr'><strong>(Epiros.</strong></span> <span class='ocrx_word' id='word_1_131' title='bbox 1560 1625 1639 1691; x_wconf 55' lang='lat' dir='ltr'><strong>tu,</strong></span> <span class='ocrx_word' id='word_1_132' title='bbox 1673 1610 1753 1681; x_wconf 77' lang='grc'><strong>5).</strong></span> 
     </span>
    </p>
   </div>
   <div class='ocr_carea' id='block_1_16' title="bbox 179 1688 1757 1776">
    <p class='ocr_par' dir='ltr' id='par_1_16' title="bbox 179 1688 1757 1776">
     <span class='ocr_line' id='line_1_16' title="bbox 179 1688 1757 1776; baseline -0.006 -9"><span class='ocrx_word' id='word_1_133' title='bbox 179 1688 383 1767; x_wconf 80' lang='lat' dir='ltr'><strong>Patrem</strong></span> <span class='ocrx_word' id='word_1_134' title='bbox 412 1718 592 1766; x_wconf 84' lang='lat' dir='ltr'><strong>autem</strong></span> <span class='ocrx_word' id='word_1_135' title='bbox 620 1708 865 1764; x_wconf 66' lang='lat' dir='ltr'><strong>nominat</strong></span> <span class='ocrx_word' id='word_1_136' title='bbox 884 1722 1096 1771; x_wconf 89' lang='lat' dir='ltr'><strong>eorum,</strong></span> <span class='ocrx_word' id='word_1_137' title='bbox 1127 1706 1217 1776; x_wconf 86' lang='lat' dir='ltr'><strong>qui</strong></span> <span class='ocrx_word' id='word_1_138' title='bbox 1248 1704 1302 1759; x_wconf 88' lang='lat' dir='ltr'><strong>in</strong></span> <span class='ocrx_word' id='word_1_139' title='bbox 1333 1706 1551 1759; x_wconf 84' lang='lat' dir='ltr'><strong>nomine</strong></span> <span class='ocrx_word' id='word_1_140' title='bbox 1578 1688 1757 1759; x_wconf 73' lang='lat' dir='ltr'><strong>Patris</strong></span> 
     </span>
    </p>
   </div>
   <div class='ocr_carea' id='block_1_17' title="bbox 1860 486 3458 557">
    <p class='ocr_par' dir='ltr' id='par_1_17' title="bbox 1860 486 3458 557">
     <span class='ocr_line' id='line_1_17' title="bbox 1860 486 3458 557; baseline 0.001 -16"><span class='ocrx_word' id='word_1_141' title='bbox 1860 488 2035 543; x_wconf 81' lang='lat' dir='ltr'><strong>sciant</strong></span> <span class='ocrx_word' id='word_1_142' title='bbox 2066 504 2175 542; x_wconf 91' lang='lat' dir='ltr'><strong>non</strong></span> <span class='ocrx_word' id='word_1_143' title='bbox 2208 487 2364 542; x_wconf 78' lang='lat' dir='ltr'><strong>aliter</strong></span> <span class='ocrx_word' id='word_1_144' title='bbox 2389 501 2721 557; x_wconf 82' lang='lat' dir='ltr'><strong>quemquam</strong></span> <span class='ocrx_word' id='word_1_145' title='bbox 2756 501 2943 541; x_wconf 76' lang='lat' dir='ltr'><strong>eorum</strong></span> <span class='ocrx_word' id='word_1_146' title='bbox 2966 486 3057 557; x_wconf 87' lang='lat' dir='ltr'><strong>qui</strong></span> <span class='ocrx_word' id='word_1_147' title='bbox 3086 487 3458 557; x_wconf 71' lang='lat' dir='ltr'><strong>baptizantur,</strong></span> 
     </span>
    </p>
   </div>
   <div class='ocr_carea' id='block_1_18' title="bbox 1861 578 3462 649">
    <p class='ocr_par' dir='ltr' id='par_1_18' title="bbox 1861 578 3462 649">
     <span class='ocr_line' id='line_1_18' title="bbox 1861 578 3462 649; baseline 0.004 -18"><span class='ocrx_word' id='word_1_148' title='bbox 1861 578 1946 632; x_wconf 84' lang='lat' dir='ltr'><strong>bis</strong></span> <span class='ocrx_word' id='word_1_149' title='bbox 1987 580 2209 649; x_wconf 77' lang='lat' dir='ltr'><strong>dignum</strong></span> <span class='ocrx_word' id='word_1_150' title='bbox 2253 578 2413 635; x_wconf 88' lang='lat' dir='ltr'><strong>donis</strong></span> <span class='ocrx_word' id='word_1_151' title='bbox 2446 578 2564 634; x_wconf 79' lang='lat' dir='ltr'><strong>ﬁeri</strong></span> <span class='ocrx_word' id='word_1_152' title='bbox 2611 594 2794 649; x_wconf 66' lang='lat' dir='ltr'><strong>posse,</strong></span> <span class='ocrx_word' id='word_1_153' title='bbox 2821 580 2925 634; x_wconf 86' lang='lat' dir='ltr'><strong>nisi</strong></span> <span class='ocrx_word' id='word_1_154' title='bbox 2966 580 3130 635; x_wconf 84' lang='lat' dir='ltr'><strong>etiam</strong></span> <span class='ocrx_word' id='word_1_155' title='bbox 3172 596 3201 635; x_wconf 84' lang='lat' dir='ltr'><strong>a</strong></span> <span class='ocrx_word' id='word_1_156' title='bbox 3238 580 3378 636; x_wconf 86' lang='lat' dir='ltr'><strong>Filio</strong></span> <span class='ocrx_word' id='word_1_157' title='bbox 3401 592 3462 637; x_wconf 83' lang='lat' dir='ltr'><strong>et</strong></span> 
     </span>
    </p>
   </div>
   <div class='ocr_carea' id='block_1_19' title="bbox 1858 669 3464 741">
    <p class='ocr_par' dir='ltr' id='par_1_19' title="bbox 1858 669 3464 741">
     <span class='ocr_line' id='line_1_19' title="bbox 1858 669 3464 741; baseline 0.001 -15"><span class='ocrx_word' id='word_1_158' title='bbox 1858 670 2069 741; x_wconf 82' lang='lat' dir='ltr'><strong>Spiritu</strong></span> <span class='ocrx_word' id='word_1_159' title='bbox 2097 682 2286 726; x_wconf 82' lang='lat' dir='ltr'><strong>sancto</strong></span> <span class='ocrx_word' id='word_1_160' title='bbox 2312 686 2535 725; x_wconf 86' lang='lat' dir='ltr'><strong>munera</strong></span> <span class='ocrx_word' id='word_1_161' title='bbox 2566 686 2662 725; x_wconf 86' lang='lat' dir='ltr'><strong>seu</strong></span> <span class='ocrx_word' id='word_1_162' title='bbox 2690 669 2831 724; x_wconf 82' lang='lat' dir='ltr'><strong>dona</strong></span> <span class='ocrx_word' id='word_1_163' title='bbox 2856 672 3137 741; x_wconf 82' lang='lat' dir='ltr'><strong>percipiat.</strong></span> <span class='ocrx_word' id='word_1_164' title='bbox 3171 671 3348 727; x_wconf 78' lang='lat' dir='ltr'><strong>Testis</strong></span> <span class='ocrx_word' id='word_1_165' title='bbox 3374 684 3464 729; x_wconf 83' lang='lat' dir='ltr'><strong>est</strong></span> 
     </span>
    </p>
   </div>
   <div class='ocr_carea' id='block_1_20' title="bbox 1860 762 3462 833">
    <p class='ocr_par' dir='ltr' id='par_1_20' title="bbox 1860 762 3462 833">
     <span class='ocr_line' id='line_1_20' title="bbox 1860 762 3462 833; baseline 0.001 -15"><span class='ocrx_word' id='word_1_166' title='bbox 1860 762 2051 818; x_wconf 87' lang='lat' dir='ltr'><strong>beatus</strong></span> <span class='ocrx_word' id='word_1_167' title='bbox 2078 763 2359 833; x_wconf 88' lang='lat' dir='ltr'><strong>apostolus</strong></span> <span class='ocrx_word' id='word_1_168' title='bbox 2394 762 2591 818; x_wconf 77' lang='lat' dir='ltr'><strong>Paulus</strong></span> <span class='ocrx_word' id='word_1_169' title='bbox 2618 763 2684 818; x_wconf 87' lang='lat' dir='ltr'><strong>ad</strong></span> <span class='ocrx_word' id='word_1_170' title='bbox 2724 762 3036 818; x_wconf 82' lang='lat' dir='ltr'><strong>Corinthios</strong></span> <span class='ocrx_word' id='word_1_171' title='bbox 3063 763 3311 819; x_wconf 88' lang='lat' dir='ltr'><strong>scribens</strong></span> <span class='ocrx_word' id='word_1_172' title='bbox 3334 778 3462 820; x_wconf 84' lang='lat' dir='ltr'><strong>cum</strong></span> 
     </span>
    </p>
   </div>
   <div class='ocr_carea' id='block_1_21' title="bbox 1858 853 3461 926">
    <p class='ocr_par' dir='ltr' id='par_1_21' title="bbox 1858 853 3461 926">
     <span class='ocr_line' id='line_1_21' title="bbox 1858 853 3461 926; baseline 0.001 -15"><span class='ocrx_word' id='word_1_173' title='bbox 1858 856 1993 911; x_wconf 75' lang='lat' dir='ltr'><strong>dicit.</strong></span> <span class='ocrx_word' id='word_1_174' title='bbox 2020 873 2036 911; x_wconf 91' lang='lat'><strong>:</strong></span> <span class='ocrx_word' id='word_1_175' title='bbox 2069 856 2251 924; x_wconf 78' lang='lat' dir='ltr'><strong>Neque</strong></span> <span class='ocrx_word' id='word_1_176' title='bbox 2273 853 2562 925; x_wconf 63' lang='lat' dir='ltr'><strong>Ianuarii,</strong></span> <span class='ocrx_word' id='word_1_177' title='bbox 2595 871 2758 926; x_wconf 72' lang='lat' dir='ltr'><strong>neque</strong></span> <span class='ocrx_word' id='word_1_178' title='bbox 2779 856 3036 911; x_wconf 79' lang='lat' dir='ltr'><strong>idolorum</strong></span> <span class='ocrx_word' id='word_1_179' title='bbox 3064 855 3283 911; x_wconf 72' lang='lat' dir='ltr'><strong>cultores</strong></span> <span class='ocrx_word' id='word_1_180' title='bbox 3308 899 3324 921; x_wconf 93' lang='lat'><strong>,</strong></span> <span class='ocrx_word' id='word_1_181' title='bbox 3366 870 3461 912; x_wconf 85' lang='lat' dir='ltr'><strong>ne-</strong></span> 
     </span>
    </p>
   </div>
   <div class='ocr_carea' id='block_1_22' title="bbox 1858 946 3461 1021">
    <p class='ocr_par' dir='ltr' id='par_1_22' title="bbox 1858 946 3461 1021">
     <span class='ocr_line' id='line_1_22' title="bbox 1858 946 3461 1021; baseline 0 -18"><span class='ocrx_word' id='word_1_182' title='bbox 1858 965 1957 1018; x_wconf 82' lang='lat' dir='ltr'><strong>que</strong></span> <span class='ocrx_word' id='word_1_183' title='bbox 1979 948 2203 1004; x_wconf 82' lang='lat' dir='ltr'><strong>adulteri</strong></span> <span class='ocrx_word' id='word_1_184' title='bbox 2216 948 2257 1021; x_wconf 87' lang='lat' dir='ltr'><strong>(I</strong></span> <span class='ocrx_word' id='word_1_185' title='bbox 2285 948 2408 1003; x_wconf 78' lang='lat' dir='ltr'><strong>Cor.</strong></span> <span class='ocrx_word' id='word_1_186' title='bbox 2430 946 2528 1019; x_wconf 75' lang='lat' dir='ltr'><strong>Vt),</strong></span> <span class='ocrx_word' id='word_1_187' title='bbox 2556 958 2661 1004; x_wconf 86' lang='lat' dir='ltr'><strong>etc.</strong></span> <span class='ocrx_word' id='word_1_188' title='bbox 2687 947 3087 1017; x_wconf 77' lang='lat' dir='ltr'><strong>EtadjecitzEt</strong></span> <span class='ocrx_word' id='word_1_189' title='bbox 3115 948 3226 1005; x_wconf 72' lang='lat' dir='ltr'><strong>hac</strong></span> <span class='ocrx_word' id='word_1_190' title='bbox 3253 950 3461 1020; x_wconf 81' lang='lat' dir='ltr'><strong>quidem</strong></span> 
     </span>
    </p>
   </div>
   <div class='ocr_carea' id='block_1_23' title="bbox 1860 1042 3463 1114">
    <p class='ocr_par' dir='ltr' id='par_1_23' title="bbox 1860 1042 3463 1114">
     <span class='ocr_line' id='line_1_23' title="bbox 1860 1042 3463 1114; baseline -0.001 -17"><span class='ocrx_word' id='word_1_191' title='bbox 1860 1044 2051 1114; x_wconf 75' lang='lat' dir='ltr'><strong>fuistis,</strong></span> <span class='ocrx_word' id='word_1_192' title='bbox 2080 1042 2170 1097; x_wconf 79' lang='lat' dir='ltr'><strong>sed</strong></span> <span class='ocrx_word' id='word_1_193' title='bbox 2200 1042 2363 1096; x_wconf 75' lang='lat' dir='ltr'><strong>abluti</strong></span> <span class='ocrx_word' id='word_1_194' title='bbox 2392 1043 2535 1105; x_wconf 81' lang='lat' dir='ltr'><strong>estis,</strong></span> <span class='ocrx_word' id='word_1_195' title='bbox 2559 1042 2652 1095; x_wconf 79' lang='lat' dir='ltr'><strong>sed</strong></span> <span class='ocrx_word' id='word_1_196' title='bbox 2670 1043 2949 1114; x_wconf 77' lang='lat' dir='ltr'><strong>justiﬁcati</strong></span> <span class='ocrx_word' id='word_1_197' title='bbox 2975 1042 3123 1109; x_wconf 61' lang='lat' dir='ltr'><strong>(stis,</strong></span> <span class='ocrx_word' id='word_1_198' title='bbox 3156 1044 3211 1097; x_wconf 87' lang='lat' dir='ltr'><strong>in</strong></span> <span class='ocrx_word' id='word_1_199' title='bbox 3257 1044 3463 1096; x_wconf 79' lang='lat' dir='ltr'><strong>nomine</strong></span> 
     </span>
    </p>
   </div>
   <div class='ocr_carea' id='block_1_24' title="bbox 1862 1131 3461 1203">
    <p class='ocr_par' dir='ltr' id='par_1_24' title="bbox 1862 1131 3461 1203">
     <span class='ocr_line' id='line_1_24' title="bbox 1862 1131 3461 1203; baseline -0.001 -16"><span class='ocrx_word' id='word_1_200' title='bbox 1862 1131 2073 1189; x_wconf 83' lang='lat' dir='ltr'><strong>Domini</strong></span> <span class='ocrx_word' id='word_1_201' title='bbox 2114 1135 2280 1188; x_wconf 80' lang='lat' dir='ltr'><strong>nostri</strong></span> <span class='ocrx_word' id='word_1_202' title='bbox 2316 1131 2444 1188; x_wconf 79' lang='lat' dir='ltr'><strong>Jesu</strong></span> <span class='ocrx_word' id='word_1_203' title='bbox 2479 1132 2703 1199; x_wconf 78' lang='lat' dir='ltr'><strong>Christi,</strong></span> <span class='ocrx_word' id='word_1_204' title='bbox 2731 1142 2777 1187; x_wconf 82' lang='lat' dir='ltr'><strong>et</strong></span> <span class='ocrx_word' id='word_1_205' title='bbox 2818 1134 2868 1187; x_wconf 89' lang='lat' dir='ltr'><strong>in</strong></span> <span class='ocrx_word' id='word_1_206' title='bbox 2912 1132 3118 1203; x_wconf 78' lang='lat' dir='ltr'><strong>Spiritu</strong></span> <span class='ocrx_word' id='word_1_207' title='bbox 3160 1132 3256 1189; x_wconf 83' lang='lat' dir='ltr'><strong>Dei</strong></span> <span class='ocrx_word' id='word_1_208' title='bbox 3295 1133 3461 1187; x_wconf 78' lang='lat' dir='ltr'><strong>nostri</strong></span> 
     </span>
    </p>
   </div>
   <div class='ocr_carea' id='block_1_25' title="bbox 1859 1225 3462 1300">
    <p class='ocr_par' dir='ltr' id='par_1_25' title="bbox 1859 1225 3462 1300">
     <span class='ocr_line' id='line_1_25' title="bbox 1859 1225 3462 1300; baseline -0.001 -20"><span class='ocrx_word' id='word_1_209' title='bbox 1859 1225 2027 1300; x_wconf 76' lang='lat' dir='ltr'><strong>(ibid.</strong></span> <span class='ocrx_word' id='word_1_210' title='bbox 2054 1226 2164 1300; x_wconf 78' lang='lat' dir='ltr'><strong>lt).</strong></span> <span class='ocrx_word' id='word_1_211' title='bbox 2197 1228 2288 1281; x_wconf 64' lang='lat' dir='ltr'><strong>liis</strong></span> <span class='ocrx_word' id='word_1_212' title='bbox 2319 1226 2485 1296; x_wconf 75' lang='lat' dir='ltr'><strong>igitur</strong></span> <span class='ocrx_word' id='word_1_213' title='bbox 2512 1228 2765 1282; x_wconf 82' lang='lat' dir='ltr'><strong>omnibus</strong></span> <span class='ocrx_word' id='word_1_214' title='bbox 2798 1227 3148 1298; x_wconf 72' lang='lat' dir='ltr'><strong>testimoniis,</strong></span> <span class='ocrx_word' id='word_1_215' title='bbox 3176 1244 3299 1299; x_wconf 73' lang='lat' dir='ltr'><strong>quae</strong></span> <span class='ocrx_word' id='word_1_216' title='bbox 3322 1244 3462 1297; x_wconf 67' lang='lat' dir='ltr'><strong>prm-</strong></span> 
     </span>
    </p>
   </div>
   <div class='ocr_carea' id='block_1_26' title="bbox 1860 1316 3458 1391">
    <p class='ocr_par' dir='ltr' id='par_1_26' title="bbox 1860 1316 3458 1391">
     <span class='ocr_line' id='line_1_26' title="bbox 1860 1316 3458 1391; baseline -0.001 -16"><span class='ocrx_word' id='word_1_217' title='bbox 1860 1320 2003 1377; x_wconf 80' lang='lat' dir='ltr'><strong>dicta</strong></span> <span class='ocrx_word' id='word_1_218' title='bbox 2034 1331 2180 1379; x_wconf 79' lang='lat' dir='ltr'><strong>sunt,</strong></span> <span class='ocrx_word' id='word_1_219' title='bbox 2206 1334 2311 1375; x_wconf 89' lang='lat' dir='ltr'><strong>una</strong></span> <span class='ocrx_word' id='word_1_220' title='bbox 2356 1318 2657 1390; x_wconf 86' lang='lat' dir='ltr'><strong>eademque</strong></span> <span class='ocrx_word' id='word_1_221' title='bbox 2702 1316 2881 1373; x_wconf 82' lang='lat' dir='ltr'><strong>Patris</strong></span> <span class='ocrx_word' id='word_1_222' title='bbox 2908 1328 2964 1375; x_wconf 91' lang='lat' dir='ltr'><strong>et</strong></span> <span class='ocrx_word' id='word_1_223' title='bbox 2994 1319 3114 1375; x_wconf 82' lang='lat' dir='ltr'><strong>Filii</strong></span> <span class='ocrx_word' id='word_1_224' title='bbox 3145 1330 3200 1375; x_wconf 85' lang='lat' dir='ltr'><strong>et</strong></span> <span class='ocrx_word' id='word_1_225' title='bbox 3220 1320 3458 1391; x_wconf 67' lang='lat' dir='ltr'><strong>Spir&#39;ms</strong></span> 
     </span>
    </p>
   </div>
   <div class='ocr_carea' id='block_1_27' title="bbox 1861 1412 3265 1482">
    <p class='ocr_par' dir='ltr' id='par_1_27' title="bbox 1861 1412 3265 1482">
     <span class='ocr_line' id='line_1_27' title="bbox 1861 1412 3265 1482; baseline -0.001 -13"><span class='ocrx_word' id='word_1_226' title='bbox 1861 1415 2038 1470; x_wconf 77' lang='lat' dir='ltr'><strong>sancti</strong></span> <span class='ocrx_word' id='word_1_227' title='bbox 2075 1413 2375 1469; x_wconf 72' lang='lat' dir='ltr'><strong>subatantia</strong></span> <span class='ocrx_word' id='word_1_228' title='bbox 2398 1414 2541 1467; x_wconf 85' lang='lat' dir='ltr'><strong>satis</strong></span> <span class='ocrx_word' id='word_1_229' title='bbox 2569 1412 2889 1482; x_wconf 84' lang='lat' dir='ltr'><strong>abundeque</strong></span> <span class='ocrx_word' id='word_1_230' title='bbox 2912 1420 3265 1468; x_wconf 74' lang='lat' dir='ltr'><strong>monstratur.</strong></span> 
     </span>
    </p>
   </div>
   <div class='ocr_carea' id='block_1_28' title="bbox 2478 1503 2813 1559">
    <p class='ocr_par' dir='ltr' id='par_1_28' title="bbox 2478 1503 2813 1559">
     <span class='ocr_line' id='line_1_28' title="bbox 2478 1503 2813 1559; baseline 0 0"><span class='ocrx_word' id='word_1_231' title='bbox 2478 1503 2706 1559; x_wconf 75' lang='lat' dir='ltr'><strong>CAPUT</strong></span> <span class='ocrx_word' id='word_1_232' title='bbox 2748 1505 2813 1559; x_wconf 88' lang='lat' dir='ltr'><strong>il.</strong></span> 
     </span>
    </p>
   </div>
   <div class='ocr_carea' id='block_1_29' title="bbox 2109 1597 3218 1667">
    <p class='ocr_par' dir='ltr' id='par_1_29' title="bbox 2109 1597 3218 1667">
     <span class='ocr_line' id='line_1_29' title="bbox 2109 1597 3218 1667; baseline -0.001 -12"><span class='ocrx_word' id='word_1_233' title='bbox 2109 1600 2183 1655; x_wconf 81' lang='lat' dir='ltr'><strong>De</strong></span> <span class='ocrx_word' id='word_1_234' title='bbox 2204 1600 2483 1667; x_wconf 80' lang='lat' dir='ltr'><strong>creatione,</strong></span> <span class='ocrx_word' id='word_1_235' title='bbox 2505 1609 2551 1652; x_wconf 82' lang='lat' dir='ltr'><strong>et</strong></span> <span class='ocrx_word' id='word_1_236' title='bbox 2580 1597 2920 1653; x_wconf 81' lang='lat' dir='ltr'><strong>inuisibilibus</strong></span> <span class='ocrx_word' id='word_1_237' title='bbox 2950 1599 3218 1654; x_wconf 75' lang='lat' dir='ltr'><strong>creaturis.</strong></span> 
     </span>
    </p>
   </div>
   <div class='ocr_carea' id='block_1_30' title="bbox 1936 1712 3460 1783">
    <p class='ocr_par' dir='ltr' id='par_1_30' title="bbox 1936 1712 3460 1783">
     <span class='ocr_line' id='line_1_30' title="bbox 1936 1712 3460 1783; baseline -0.003 -13"><span class='ocrx_word' id='word_1_238' title='bbox 1936 1716 2022 1770; x_wconf 78' lang='lat' dir='ltr'><strong>lli.</strong></span> <span class='ocrx_word' id='word_1_239' title='bbox 2066 1714 2317 1771; x_wconf 84' lang='lat' dir='ltr'><strong>Creaudo</strong></span> <span class='ocrx_word' id='word_1_240' title='bbox 2350 1714 2509 1778; x_wconf 80' lang='lat' dir='ltr'><strong>Deus,</strong></span> <span class='ocrx_word' id='word_1_241' title='bbox 2552 1729 2657 1767; x_wconf 89' lang='lat' dir='ltr'><strong>non</strong></span> <span class='ocrx_word' id='word_1_242' title='bbox 2686 1724 2871 1767; x_wconf 84' lang='lat' dir='ltr'><strong>natura</strong></span> <span class='ocrx_word' id='word_1_243' title='bbox 2904 1722 3071 1781; x_wconf 85' lang='lat' dir='ltr'><strong>creat,</strong></span> <span class='ocrx_word' id='word_1_244' title='bbox 3103 1712 3239 1769; x_wconf 83' lang='lat' dir='ltr'><strong>sicut</strong></span> <span class='ocrx_word' id='word_1_245' title='bbox 3286 1714 3460 1783; x_wconf 77' lang='lat' dir='ltr'><strong>genti-</strong></span> 
     </span>
    </p>
   </div>
   <div class='ocr_carea' id='block_1_31' title="bbox 174 1782 3451 1877">
    <p class='ocr_par' dir='ltr' id='par_1_31' title="bbox 174 1782 3451 1877">
     <span class='ocr_line' id='line_1_31' title="bbox 174 1782 3451 1877; baseline -0 -14"><span class='ocrx_word' id='word_1_246' title='bbox 174 1814 227 1860; x_wconf 78' lang='lat' dir='ltr'><strong>et</strong></span> <span class='ocrx_word' id='word_1_247' title='bbox 257 1803 381 1859; x_wconf 72' lang='lat' dir='ltr'><strong>Filii</strong></span> <span class='ocrx_word' id='word_1_248' title='bbox 423 1812 480 1858; x_wconf 78' lang='lat' dir='ltr'><strong>el</strong></span> <span class='ocrx_word' id='word_1_249' title='bbox 519 1801 755 1873; x_wconf 67' lang='lat' dir='ltr'><strong>Spiritus</strong></span> <span class='ocrx_word' id='word_1_250' title='bbox 791 1799 967 1855; x_wconf 61' lang='lat' dir='ltr'><strong>sane“</strong></span> <span class='ocrx_word' id='word_1_251' title='bbox 1008 1815 1107 1871; x_wconf 65' lang='lat' dir='ltr'><strong>Per</strong></span> <span class='ocrx_word' id='word_1_252' title='bbox 1146 1799 1413 1869; x_wconf 71' lang='grc' dir='ltr'><strong>ικιριῑεηη</strong></span> <span class='ocrx_word' id='word_1_253' title='bbox 1457 1797 1568 1852; x_wconf 69' lang='lat' dir='ltr'><strong>nali</strong></span> <span class='ocrx_word' id='word_1_254' title='bbox 1608 1805 1753 1851; x_wconf 77' lang='grc' dir='ltr'><strong>ευηῑο</strong></span> <span class='ocrx_word' id='word_1_255' title='bbox 1784 1782 1835 1843; x_wconf 75' lang='grc' dir='ltr'><strong>Β</strong></span> <span class='ocrx_word' id='word_1_256' title='bbox 1863 1808 1992 1863; x_wconf 90' lang='lat' dir='ltr'><strong>lium</strong></span> <span class='ocrx_word' id='word_1_257' title='bbox 2022 1808 2197 1863; x_wconf 78' lang='lat' dir='ltr'><strong>fabula</strong></span> <span class='ocrx_word' id='word_1_258' title='bbox 2229 1807 2574 1863; x_wconf 82' lang='lat' dir='ltr'><strong>delirantium</strong></span> <span class='ocrx_word' id='word_1_259' title='bbox 2604 1790 2778 1877; x_wconf 84' lang='lat' dir='ltr'><strong>putat,</strong></span> <span class='ocrx_word' id='word_1_260' title='bbox 2826 1804 2922 1860; x_wconf 83' lang='lat' dir='ltr'><strong>sed</strong></span> <span class='ocrx_word' id='word_1_261' title='bbox 2954 1807 3124 1874; x_wconf 79' lang='lat' dir='ltr'><strong>magis</strong></span> <span class='ocrx_word' id='word_1_262' title='bbox 3150 1782 3451 1862; x_wconf 76' lang='lat' dir='ltr'><strong>voluntate.</strong></span> 
     </span>
    </p>
   </div>
   <div class='ocr_carea' id='block_1_32' title="bbox 177 1888 1754 1967">
    <p class='ocr_par' dir='ltr' id='par_1_32' title="bbox 177 1888 1754 1967">
     <span class='ocr_line' id='line_1_32' title="bbox 177 1888 1754 1967; baseline -0.005 -16"><span class='ocrx_word' id='word_1_263' title='bbox 177 1896 286 1951; x_wconf 67' lang='lat' dir='ltr'><strong>Non</strong></span> <span class='ocrx_word' id='word_1_264' title='bbox 313 1896 565 1967; x_wconf 70' lang='lat' dir='ltr'><strong>ignorans</strong></span> <span class='ocrx_word' id='word_1_265' title='bbox 588 1901 768 1948; x_wconf 88' lang='lat' dir='ltr'><strong>autem</strong></span> <span class='ocrx_word' id='word_1_266' title='bbox 800 1892 992 1948; x_wconf 84' lang='lat' dir='ltr'><strong>beatus</strong></span> <span class='ocrx_word' id='word_1_267' title='bbox 1012 1890 1462 1958; x_wconf 78' lang='lat' dir='ltr'><strong>Apostolusesse</strong></span> <span class='ocrx_word' id='word_1_268' title='bbox 1488 1888 1754 1958; x_wconf 87' lang='lat' dir='ltr'><strong>baptisma</strong></span> 
     </span>
    </p>
   </div>
   <div class='ocr_carea' id='block_1_33' title="bbox 176 1982 1751 2060">
    <p class='ocr_par' dir='ltr' id='par_1_33' title="bbox 176 1982 1751 2060">
     <span class='ocr_line' id='line_1_33' title="bbox 176 1982 1751 2060; baseline -0.005 -17"><span class='ocrx_word' id='word_1_269' title='bbox 176 2004 338 2060; x_wconf 55' lang='lat' dir='ltr'><strong>quae,</strong></span> <span class='ocrx_word' id='word_1_270' title='bbox 386 1999 439 2046; x_wconf 90' lang='lat' dir='ltr'><strong>et</strong></span> <span class='ocrx_word' id='word_1_271' title='bbox 473 1986 739 2057; x_wconf 78' lang='lat' dir='ltr'><strong>baptisma</strong></span> <span class='ocrx_word' id='word_1_272' title='bbox 786 1985 1031 2056; x_wconf 82' lang='lat' dir='ltr'><strong>spiritus,</strong></span> <span class='ocrx_word' id='word_1_273' title='bbox 1072 1982 1206 2039; x_wconf 75' lang='lat' dir='ltr'><strong>dixit</strong></span> <span class='ocrx_word' id='word_1_274' title='bbox 1242 1998 1408 2038; x_wconf 87' lang='lat' dir='ltr'><strong>unum</strong></span> <span class='ocrx_word' id='word_1_275' title='bbox 1446 1982 1751 2053; x_wconf 82' lang='lat' dir='ltr'><strong>baptisma:</strong></span> 
     </span>
    </p>
   </div>
   <div class='ocr_carea' id='block_1_34' title="bbox 175 2076 1757 2152">
    <p class='ocr_par' dir='ltr' id='par_1_34' title="bbox 175 2076 1757 2152">
     <span class='ocr_line' id='line_1_34' title="bbox 175 2076 1757 2152; baseline -0.005 -13"><span class='ocrx_word' id='word_1_276' title='bbox 175 2084 260 2139; x_wconf 87' lang='lat' dir='ltr'><strong>sed</strong></span> <span class='ocrx_word' id='word_1_277' title='bbox 310 2084 445 2141; x_wconf 84' lang='lat' dir='ltr'><strong>bene</strong></span> <span class='ocrx_word' id='word_1_278' title='bbox 488 2082 651 2152; x_wconf 75' lang='lat' dir='ltr'><strong>dixit,</strong></span> <span class='ocrx_word' id='word_1_279' title='bbox 690 2082 868 2138; x_wconf 78' lang='lat' dir='ltr'><strong>sciens</strong></span> <span class='ocrx_word' id='word_1_280' title='bbox 897 2094 1066 2135; x_wconf 71' lang='lat' dir='ltr'><strong>utrum</strong></span> <span class='ocrx_word' id='word_1_281' title='bbox 1105 2093 1229 2134; x_wconf 84' lang='lat' dir='ltr'><strong>esse</strong></span> <span class='ocrx_word' id='word_1_282' title='bbox 1269 2077 1558 2146; x_wconf 85' lang='lat' dir='ltr'><strong>baptisma.</strong></span> <span class='ocrx_word' id='word_1_283' title='bbox 1599 2076 1654 2131; x_wconf 89' lang='lat' dir='ltr'><strong>in</strong></span> <span class='ocrx_word' id='word_1_284' title='bbox 1691 2091 1757 2132; x_wconf 85' lang='lat' dir='ltr'><strong>eo</strong></span> 
     </span>
    </p>
   </div>
   <div class='ocr_carea' id='block_1_35' title="bbox 172 2170 1758 2244">
    <p class='ocr_par' dir='ltr' id='par_1_35' title="bbox 172 2170 1758 2244">
     <span class='ocr_line' id='line_1_35' title="bbox 172 2170 1758 2244; baseline -0.001 -16"><span class='ocrx_word' id='word_1_285' title='bbox 172 2176 307 2244; x_wconf 84' lang='lat' dir='ltr'><strong>quod</strong></span> <span class='ocrx_word' id='word_1_286' title='bbox 336 2178 387 2231; x_wconf 90' lang='lat' dir='ltr'><strong>in</strong></span> <span class='ocrx_word' id='word_1_287' title='bbox 425 2176 643 2231; x_wconf 84' lang='lat' dir='ltr'><strong>nomine</strong></span> <span class='ocrx_word' id='word_1_288' title='bbox 677 2174 836 2229; x_wconf 79' lang='lat' dir='ltr'><strong>unius</strong></span> <span class='ocrx_word' id='word_1_289' title='bbox 865 2170 1082 2228; x_wconf 79' lang='lat' dir='ltr'><strong>Domini</strong></span> <span class='ocrx_word' id='word_1_290' title='bbox 1119 2185 1311 2226; x_wconf 80' lang='lat' dir='ltr'><strong>omnes</strong></span> <span class='ocrx_word' id='word_1_291' title='bbox 1339 2170 1678 2241; x_wconf 78' lang='lat' dir='ltr'><strong>baptisentur</strong></span> <span class='ocrx_word' id='word_1_292' title='bbox 1701 2179 1758 2227; x_wconf 87' lang='lat' dir='ltr'><strong>et</strong></span> 
     </span>
    </p>
   </div>
   <div class='ocr_carea' id='block_1_36' title="bbox 174 2264 1755 2334">
    <p class='ocr_par' dir='ltr' id='par_1_36' title="bbox 174 2264 1755 2334">
     <span class='ocr_line' id='line_1_36' title="bbox 174 2264 1755 2334; baseline -0.001 -13"><span class='ocrx_word' id='word_1_293' title='bbox 174 2268 409 2323; x_wconf 79' lang='lat' dir='ltr'><strong>credant.</strong></span> <span class='ocrx_word' id='word_1_294' title='bbox 436 2269 589 2325; x_wconf 84' lang='lat' dir='ltr'><strong>Solet</strong></span> <span class='ocrx_word' id='word_1_295' title='bbox 611 2268 781 2324; x_wconf 77' lang='lat' dir='ltr'><strong>etiam</strong></span> <span class='ocrx_word' id='word_1_296' title='bbox 810 2266 959 2333; x_wconf 68' lang='lat' dir='ltr'><strong>idern</strong></span> <span class='ocrx_word' id='word_1_297' title='bbox 1000 2265 1189 2321; x_wconf 87' lang='lat' dir='ltr'><strong>beatus</strong></span> <span class='ocrx_word' id='word_1_298' title='bbox 1216 2265 1510 2334; x_wconf 81' lang='lat' dir='ltr'><strong>Apostolus</strong></span> <span class='ocrx_word' id='word_1_299' title='bbox 1536 2264 1755 2319; x_wconf 79' lang='lat' dir='ltr'><strong>Patrem</strong></span> 
     </span>
    </p>
   </div>
   <div class='ocr_carea' id='block_1_37' title="bbox 175 2357 1757 2433">
    <p class='ocr_par' dir='ltr' id='par_1_37' title="bbox 175 2357 1757 2433">
     <span class='ocr_line' id='line_1_37' title="bbox 175 2357 1757 2433; baseline -0.001 -18"><span class='ocrx_word' id='word_1_300' title='bbox 175 2371 223 2415; x_wconf 88' lang='lat' dir='ltr'><strong>et</strong></span> <span class='ocrx_word' id='word_1_301' title='bbox 255 2360 445 2416; x_wconf 77' lang='lat' dir='ltr'><strong>Filium</strong></span> <span class='ocrx_word' id='word_1_302' title='bbox 478 2370 534 2418; x_wconf 86' lang='lat' dir='ltr'><strong>et</strong></span> <span class='ocrx_word' id='word_1_303' title='bbox 574 2359 835 2433; x_wconf 64' lang='lat' dir='ltr'><strong>Spiritum</strong></span> <span class='ocrx_word' id='word_1_304' title='bbox 873 2366 1144 2424; x_wconf 83' lang='lat' dir='ltr'><strong>sanctum,</strong></span> <span class='ocrx_word' id='word_1_305' title='bbox 1178 2358 1325 2414; x_wconf 85' lang='lat' dir='ltr'><strong>sicut</strong></span> <span class='ocrx_word' id='word_1_306' title='bbox 1367 2372 1532 2413; x_wconf 90' lang='lat' dir='ltr'><strong>unum</strong></span> <span class='ocrx_word' id='word_1_307' title='bbox 1570 2357 1757 2413; x_wconf 84' lang='lat' dir='ltr'><strong>Domi-</strong></span> 
     </span>
    </p>
   </div>
   <div class='ocr_carea' id='block_1_38' title="bbox 170 2451 1759 2521">
    <p class='ocr_par' dir='ltr' id='par_1_38' title="bbox 170 2451 1759 2521">
     <span class='ocr_line' id='line_1_38' title="bbox 170 2451 1759 2521; baseline 0.001 -13"><span class='ocrx_word' id='word_1_308' title='bbox 170 2468 292 2510; x_wconf 70' lang='lat' dir='ltr'><strong>num</strong></span> <span class='ocrx_word' id='word_1_309' title='bbox 314 2465 365 2510; x_wconf 89' lang='lat' dir='ltr'><strong>et</strong></span> <span class='ocrx_word' id='word_1_310' title='bbox 392 2470 559 2511; x_wconf 79' lang='lat' dir='ltr'><strong>unum</strong></span> <span class='ocrx_word' id='word_1_311' title='bbox 592 2455 783 2521; x_wconf 88' lang='lat' dir='ltr'><strong>Deum,</strong></span> <span class='ocrx_word' id='word_1_312' title='bbox 818 2454 902 2510; x_wconf 89' lang='lat' dir='ltr'><strong>sic</strong></span> <span class='ocrx_word' id='word_1_313' title='bbox 929 2454 1094 2510; x_wconf 87' lang='lat' dir='ltr'><strong>etiam</strong></span> <span class='ocrx_word' id='word_1_314' title='bbox 1124 2468 1289 2508; x_wconf 83' lang='lat' dir='ltr'><strong>unum</strong></span> <span class='ocrx_word' id='word_1_315' title='bbox 1318 2451 1582 2521; x_wconf 62' lang='lat' dir='ltr'><strong>Spiai&#39;um</strong></span> <span class='ocrx_word' id='word_1_316' title='bbox 1616 2466 1759 2509; x_wconf 86' lang='lat' dir='ltr'><strong>nun-</strong></span> 
     </span>
    </p>
   </div>
   <div class='ocr_carea' id='block_1_39' title="bbox 175 2545 1761 2619">
    <p class='ocr_par' dir='ltr' id='par_1_39' title="bbox 175 2545 1761 2619">
     <span class='ocr_line' id='line_1_39' title="bbox 175 2545 1761 2619; baseline 0.001 -19"><span class='ocrx_word' id='word_1_317' title='bbox 175 2561 388 2618; x_wconf 82' lang='lat' dir='ltr'><strong>cupare,</strong></span> <span class='ocrx_word' id='word_1_318' title='bbox 417 2563 542 2604; x_wconf 84' lang='lat' dir='ltr'><strong>cum</strong></span> <span class='ocrx_word' id='word_1_319' title='bbox 578 2546 711 2619; x_wconf 82' lang='lat' dir='ltr'><strong>dicit</strong></span> <span class='ocrx_word' id='word_1_320' title='bbox 749 2564 763 2604; x_wconf 91' lang='lat'><strong>:</strong></span> <span class='ocrx_word' id='word_1_321' title='bbox 797 2545 945 2603; x_wconf 82' lang='lat' dir='ltr'><strong>Sicut</strong></span> <span class='ocrx_word' id='word_1_322' title='bbox 990 2546 1127 2602; x_wconf 79' lang='lat' dir='ltr'><strong>enim</strong></span> <span class='ocrx_word' id='word_1_323' title='bbox 1171 2561 1351 2619; x_wconf 67' lang='lat' dir='ltr'><strong>corpu.</strong></span> <span class='ocrx_word' id='word_1_324' title='bbox 1396 2562 1557 2600; x_wconf 78' lang='lat' dir='ltr'><strong>unum</strong></span> <span class='ocrx_word' id='word_1_325' title='bbox 1587 2552 1683 2613; x_wconf 79' lang='lat' dir='ltr'><strong>est,</strong></span> <span class='ocrx_word' id='word_1_326' title='bbox 1711 2556 1761 2601; x_wconf 86' lang='lat' dir='ltr'><strong>et</strong></span> 
     </span>
    </p>
   </div>
   <div class='ocr_carea' id='block_1_40' title="bbox 175 2638 1762 2705">
    <p class='ocr_par' dir='ltr' id='par_1_40' title="bbox 175 2638 1762 2705">
     <span class='ocr_line' id='line_1_40' title="bbox 175 2638 1762 2705; baseline 0.002 -14"><span class='ocrx_word' id='word_1_327' title='bbox 175 2638 390 2693; x_wconf 67' lang='lat' dir='ltr'><strong>membra</strong></span> <span class='ocrx_word' id='word_1_328' title='bbox 432 2638 593 2694; x_wconf 84' lang='lat' dir='ltr'><strong>multa</strong></span> <span class='ocrx_word' id='word_1_329' title='bbox 642 2638 811 2704; x_wconf 69' lang='lat' dir='ltr'><strong>habet,</strong></span> <span class='ocrx_word' id='word_1_330' title='bbox 850 2639 1025 2693; x_wconf 70' lang='lat' dir='ltr'><strong>omnia</strong></span> <span class='ocrx_word' id='word_1_331' title='bbox 1067 2650 1236 2692; x_wconf 86' lang='lat' dir='ltr'><strong>autem</strong></span> <span class='ocrx_word' id='word_1_332' title='bbox 1275 2638 1500 2692; x_wconf 55' lang='lat' dir='ltr'><strong>membra</strong></span> <span class='ocrx_word' id='word_1_333' title='bbox 1527 2638 1762 2705; x_wconf 76' lang='lat' dir='ltr'><strong>corporis</strong></span> 
     </span>
    </p>
   </div>
   <div class='ocr_carea' id='block_1_41' title="bbox 174 2728 1761 2803">
    <p class='ocr_par' dir='ltr' id='par_1_41' title="bbox 174 2728 1761 2803">
     <span class='ocr_line' id='line_1_41' title="bbox 174 2728 1761 2803; baseline 0 -19"><span class='ocrx_word' id='word_1_334' title='bbox 174 2746 281 2784; x_wconf 75' lang='lat' dir='ltr'><strong>sum</strong></span> <span class='ocrx_word' id='word_1_335' title='bbox 328 2732 427 2786; x_wconf 85' lang='lat' dir='ltr'><strong>sint</strong></span> <span class='ocrx_word' id='word_1_336' title='bbox 469 2730 633 2787; x_wconf 78' lang='lat' dir='ltr'><strong>multa</strong></span> <span class='ocrx_word' id='word_1_337' title='bbox 674 2746 832 2785; x_wconf 85' lang='lat' dir='ltr'><strong>unum</strong></span> <span class='ocrx_word' id='word_1_338' title='bbox 865 2739 986 2786; x_wconf 79' lang='lat' dir='ltr'><strong>sunt</strong></span> <span class='ocrx_word' id='word_1_339' title='bbox 1021 2745 1250 2803; x_wconf 83' lang='lat' dir='ltr'><strong>corpus;</strong></span> <span class='ocrx_word' id='word_1_340' title='bbox 1285 2730 1365 2783; x_wconf 86' lang='lat' dir='ltr'><strong>sic</strong></span> <span class='ocrx_word' id='word_1_341' title='bbox 1402 2730 1559 2784; x_wconf 84' lang='lat' dir='ltr'><strong>etiam</strong></span> <span class='ocrx_word' id='word_1_342' title='bbox 1602 2728 1761 2784; x_wconf 83' lang='lat' dir='ltr'><strong>Chri-</strong></span> 
     </span>
    </p>
   </div>
   <div class='ocr_carea' id='block_1_42' title="bbox 175 2822 1763 2896">
    <p class='ocr_par' dir='ltr' id='par_1_42' title="bbox 175 2822 1763 2896">
     <span class='ocr_line' id='line_1_42' title="bbox 175 2822 1763 2896; baseline 0 -21"><span class='ocrx_word' id='word_1_343' title='bbox 175 2833 317 2881; x_wconf 85' lang='lat' dir='ltr'><strong>stus:</strong></span> <span class='ocrx_word' id='word_1_344' title='bbox 344 2841 465 2878; x_wconf 84' lang='lat' dir='ltr'><strong>nam</strong></span> <span class='ocrx_word' id='word_1_345' title='bbox 492 2824 546 2879; x_wconf 83' lang='lat' dir='ltr'><strong>in</strong></span> <span class='ocrx_word' id='word_1_346' title='bbox 576 2840 679 2879; x_wconf 77' lang='lat' dir='ltr'><strong>uno</strong></span> <span class='ocrx_word' id='word_1_347' title='bbox 706 2823 911 2896; x_wconf 79' lang='lat' dir='ltr'><strong>Spiritu</strong></span> <span class='ocrx_word' id='word_1_348' title='bbox 951 2840 1042 2878; x_wconf 85' lang='lat' dir='ltr'><strong>nos</strong></span> <span class='ocrx_word' id='word_1_349' title='bbox 1073 2838 1248 2877; x_wconf 82' lang='lat' dir='ltr'><strong>omnes</strong></span> <span class='ocrx_word' id='word_1_350' title='bbox 1285 2822 1341 2876; x_wconf 86' lang='lat' dir='ltr'><strong>in</strong></span> <span class='ocrx_word' id='word_1_351' title='bbox 1380 2837 1541 2885; x_wconf 81' lang='lat' dir='ltr'><strong>unum</strong></span> <span class='ocrx_word' id='word_1_352' title='bbox 1572 2838 1763 2892; x_wconf 78' lang='lat' dir='ltr'><strong>corpus</strong></span> 
     </span>
    </p>
   </div>
   <div class='ocr_carea' id='block_1_43' title="bbox 174 2914 1759 2987">
    <p class='ocr_par' dir='ltr' id='par_1_43' title="bbox 174 2914 1759 2987">
     <span class='ocr_line' id='line_1_43' title="bbox 174 2914 1759 2987; baseline -0.002 -17"><span class='ocrx_word' id='word_1_353' title='bbox 174 2918 408 2986; x_wconf 78' lang='lat' dir='ltr'><strong>baptismi</strong></span> <span class='ocrx_word' id='word_1_354' title='bbox 432 2930 631 2984; x_wconf 84' lang='lat' dir='ltr'><strong>sumus,</strong></span> <span class='ocrx_word' id='word_1_355' title='bbox 662 2918 767 2972; x_wconf 77' lang='lat' dir='ltr'><strong>sive</strong></span> <span class='ocrx_word' id='word_1_356' title='bbox 808 2914 1003 2980; x_wconf 66' lang='lat' dir='ltr'><strong>Judaei,</strong></span> <span class='ocrx_word' id='word_1_357' title='bbox 1040 2917 1144 2971; x_wconf 72' lang='lat' dir='ltr'><strong>sire</strong></span> <span class='ocrx_word' id='word_1_358' title='bbox 1187 2915 1434 2987; x_wconf 77' lang='lat' dir='ltr'><strong>gentiles,</strong></span> <span class='ocrx_word' id='word_1_359' title='bbox 1469 2917 1573 2969; x_wconf 73' lang='lat' dir='ltr'><strong>sive</strong></span> <span class='ocrx_word' id='word_1_360' title='bbox 1606 2915 1759 2978; x_wconf 87' lang='lat' dir='ltr'><strong>servi,</strong></span> 
     </span>
    </p>
   </div>
   <div class='ocr_carea' id='block_1_44' title="bbox 161 3006 1764 3077">
    <p class='ocr_par' dir='ltr' id='par_1_44' title="bbox 161 3006 1764 3077">
     <span class='ocr_line' id='line_1_44' title="bbox 161 3006 1764 3077; baseline -0.001 -15"><span class='ocrx_word' id='word_1_361' title='bbox 161 3009 267 3063; x_wconf 71' lang='lat' dir='ltr'><strong>sise</strong></span> <span class='ocrx_word' id='word_1_362' title='bbox 294 3010 457 3076; x_wconf 78' lang='lat' dir='ltr'><strong>liberi,</strong></span> <span class='ocrx_word' id='word_1_363' title='bbox 487 3018 536 3064; x_wconf 86' lang='lat' dir='ltr'><strong>et</strong></span> <span class='ocrx_word' id='word_1_364' title='bbox 576 3025 751 3065; x_wconf 81' lang='lat' dir='ltr'><strong>omnes</strong></span> <span class='ocrx_word' id='word_1_365' title='bbox 787 3009 842 3064; x_wconf 84' lang='lat' dir='ltr'><strong>in</strong></span> <span class='ocrx_word' id='word_1_366' title='bbox 882 3022 1045 3064; x_wconf 84' lang='lat' dir='ltr'><strong>unum</strong></span> <span class='ocrx_word' id='word_1_367' title='bbox 1084 3006 1345 3077; x_wconf 81' lang='lat' dir='ltr'><strong>Spiritum</strong></span> <span class='ocrx_word' id='word_1_368' title='bbox 1380 3010 1545 3077; x_wconf 80' lang='lat' dir='ltr'><strong>potati</strong></span> <span class='ocrx_word' id='word_1_369' title='bbox 1583 3022 1764 3061; x_wconf 83' lang='lat' dir='ltr'><strong>sumus</strong></span> 
     </span>
    </p>
   </div>
   <div class='ocr_carea' id='block_1_45' title="bbox 175 3098 620 3175">
    <p class='ocr_par' dir='ltr' id='par_1_45' title="bbox 175 3098 620 3175">
     <span class='ocr_line' id='line_1_45' title="bbox 175 3098 620 3175; baseline 0.013 -22"><span class='ocrx_word' id='word_1_370' title='bbox 175 3100 213 3170; x_wconf 91' lang='grc' dir='ltr'><strong>(Ι</strong></span> <span class='ocrx_word' id='word_1_371' title='bbox 230 3098 349 3157; x_wconf 84' lang='lat' dir='ltr'><strong>Cor.</strong></span> <span class='ocrx_word' id='word_1_372' title='bbox 381 3116 475 3171; x_wconf 73' lang='grc' dir='ltr'><strong>ιη,</strong></span> <span class='ocrx_word' id='word_1_373' title='bbox 508 3101 620 3175; x_wconf 62' lang='lat' dir='ltr'><strong>li).</strong></span> 
     </span>
    </p>
   </div>
   <div class='ocr_carea' id='block_1_46' title="bbox 239 3171 1819 3264">
    <p class='ocr_par' dir='ltr' id='par_1_46' title="bbox 239 3171 1819 3264">
     <span class='ocr_line' id='line_1_46' title="bbox 239 3171 1819 3264; baseline -0.003 -14"><span class='ocrx_word' id='word_1_374' title='bbox 239 3197 324 3251; x_wconf 68' lang='grc'><strong>14.</strong></span> <span class='ocrx_word' id='word_1_375' title='bbox 368 3196 538 3252; x_wconf 71' lang='lat' dir='ltr'><strong>Nonio</strong></span> <span class='ocrx_word' id='word_1_376' title='bbox 580 3171 788 3264; x_wconf 79' lang='lat' dir='ltr'><strong>autem,</strong></span> <span class='ocrx_word' id='word_1_377' title='bbox 828 3208 950 3251; x_wconf 85' lang='lat' dir='ltr'><strong>cum</strong></span> <span class='ocrx_word' id='word_1_378' title='bbox 988 3194 1175 3249; x_wconf 82' lang='lat' dir='ltr'><strong>audiat</strong></span> <span class='ocrx_word' id='word_1_379' title='bbox 1208 3194 1477 3249; x_wconf 83' lang='lat' dir='ltr'><strong>dicentem</strong></span> <span class='ocrx_word' id='word_1_380' title='bbox 1528 3191 1746 3246; x_wconf 78' lang='lat' dir='ltr'><strong>beatum</strong></span> <span class='ocrx_word' id='word_1_381' title='bbox 1774 3171 1819 3233; x_wconf 65' lang='grc' dir='ltr'>Ο</span> 
     </span>
    </p>
   </div>
   <div class='ocr_carea' id='block_1_47' title="bbox 176 3286 1749 3360">
    <p class='ocr_par' dir='ltr' id='par_1_47' title="bbox 176 3286 1749 3360">
     <span class='ocr_line' id='line_1_47' title="bbox 176 3286 1749 3360; baseline -0.001 -19"><span class='ocrx_word' id='word_1_382' title='bbox 176 3286 501 3354; x_wconf 54' lang='lat' dir='ltr'><strong>Amandum.</strong></span> <span class='ocrx_word' id='word_1_383' title='bbox 532 3289 755 3358; x_wconf 83' lang='lat' dir='ltr'><strong>quodin</strong></span> <span class='ocrx_word' id='word_1_384' title='bbox 780 3303 887 3344; x_wconf 90' lang='lat' dir='ltr'><strong>uno</strong></span> <span class='ocrx_word' id='word_1_385' title='bbox 909 3288 1114 3360; x_wconf 85' lang='lat' dir='ltr'><strong>Spiritu</strong></span> <span class='ocrx_word' id='word_1_386' title='bbox 1139 3303 1238 3342; x_wconf 88' lang='lat' dir='ltr'><strong>nos</strong></span> <span class='ocrx_word' id='word_1_387' title='bbox 1264 3302 1457 3342; x_wconf 90' lang='lat' dir='ltr'><strong>omnes</strong></span> <span class='ocrx_word' id='word_1_388' title='bbox 1490 3286 1749 3355; x_wconf 81' lang='lat' dir='ltr'><strong>baptizati</strong></span> 
     </span>
    </p>
   </div>
   <div class='ocr_carea' id='block_1_48' title="bbox 174 3380 1749 3452">
    <p class='ocr_par' dir='ltr' id='par_1_48' title="bbox 174 3380 1749 3452">
     <span class='ocr_line' id='line_1_48' title="bbox 174 3380 1749 3452; baseline -0.003 -15"><span class='ocrx_word' id='word_1_389' title='bbox 174 3398 365 3446; x_wconf 80' lang='lat' dir='ltr'><strong>sumus.</strong></span> <span class='ocrx_word' id='word_1_390' title='bbox 388 3394 444 3439; x_wconf 86' lang='lat' dir='ltr'><strong>et</strong></span> <span class='ocrx_word' id='word_1_391' title='bbox 481 3384 537 3438; x_wconf 89' lang='lat' dir='ltr'><strong>in</strong></span> <span class='ocrx_word' id='word_1_392' title='bbox 568 3398 732 3437; x_wconf 85' lang='lat' dir='ltr'><strong>unum</strong></span> <span class='ocrx_word' id='word_1_393' title='bbox 773 3382 1031 3452; x_wconf 84' lang='lat' dir='ltr'><strong>Spiritum</strong></span> <span class='ocrx_word' id='word_1_394' title='bbox 1062 3380 1231 3448; x_wconf 76' lang='lat' dir='ltr'><strong>putati</strong></span> <span class='ocrx_word' id='word_1_395' title='bbox 1273 3395 1485 3443; x_wconf 87' lang='lat' dir='ltr'><strong>sumus,</strong></span> <span class='ocrx_word' id='word_1_396' title='bbox 1523 3380 1591 3435; x_wconf 86' lang='lat' dir='ltr'><strong>de</strong></span> <span class='ocrx_word' id='word_1_397' title='bbox 1631 3380 1749 3434; x_wconf 87' lang='lat' dir='ltr'><strong>solo</strong></span> 
     </span>
    </p>
   </div>
   <div class='ocr_carea' id='block_1_49' title="bbox 172 3472 1752 3547">
    <p class='ocr_par' dir='ltr' id='par_1_49' title="bbox 172 3472 1752 3547">
     <span class='ocr_line' id='line_1_49' title="bbox 172 3472 1752 3547; baseline -0.004 -15"><span class='ocrx_word' id='word_1_398' title='bbox 172 3489 287 3532; x_wconf 80' lang='lat' dir='ltr'><strong>eum</strong></span> <span class='ocrx_word' id='word_1_399' title='bbox 314 3475 517 3547; x_wconf 82' lang='lat' dir='ltr'><strong>Spiritu</strong></span> <span class='ocrx_word' id='word_1_400' title='bbox 548 3476 755 3532; x_wconf 77' lang='lat' dir='ltr'><strong>dixisse</strong></span> <span class='ocrx_word' id='word_1_401' title='bbox 774 3476 985 3542; x_wconf 84' lang='lat' dir='ltr'><strong>credat,</strong></span> <span class='ocrx_word' id='word_1_402' title='bbox 1009 3484 1103 3530; x_wconf 89' lang='lat' dir='ltr'><strong>aut</strong></span> <span class='ocrx_word' id='word_1_403' title='bbox 1130 3474 1200 3529; x_wconf 87' lang='lat' dir='ltr'><strong>de</strong></span> <span class='ocrx_word' id='word_1_404' title='bbox 1227 3473 1346 3529; x_wconf 81' lang='lat' dir='ltr'><strong>solo</strong></span> <span class='ocrx_word' id='word_1_405' title='bbox 1373 3472 1568 3529; x_wconf 85' lang='lat' dir='ltr'><strong>Patre:</strong></span> <span class='ocrx_word' id='word_1_406' title='bbox 1593 3473 1752 3542; x_wconf 90' lang='lat' dir='ltr'><strong>quip-</strong></span> 
     </span>
    </p>
   </div>
   <div class='ocr_carea' id='block_1_50' title="bbox 174 3566 1749 3641">
    <p class='ocr_par' dir='ltr' id='par_1_50' title="bbox 174 3566 1749 3641">
     <span class='ocr_line' id='line_1_50' title="bbox 174 3566 1749 3641; baseline -0.003 -15"><span class='ocrx_word' id='word_1_407' title='bbox 174 3582 236 3637; x_wconf 78' lang='lat' dir='ltr'><strong>pe</strong></span> <span class='ocrx_word' id='word_1_408' title='bbox 273 3570 358 3641; x_wconf 89' lang='lat' dir='ltr'><strong>qui</strong></span> <span class='ocrx_word' id='word_1_409' title='bbox 400 3572 472 3625; x_wconf 83' lang='lat' dir='ltr'><strong>ita</strong></span> <span class='ocrx_word' id='word_1_410' title='bbox 510 3570 707 3637; x_wconf 86' lang='lat' dir='ltr'><strong>credit,</strong></span> <span class='ocrx_word' id='word_1_411' title='bbox 750 3568 888 3623; x_wconf 89' lang='lat' dir='ltr'><strong>tollit</strong></span> <span class='ocrx_word' id='word_1_412' title='bbox 916 3566 1205 3638; x_wconf 87' lang='lat' dir='ltr'><strong>baptisma.</strong></span> <span class='ocrx_word' id='word_1_413' title='bbox 1245 3566 1435 3638; x_wconf 80' lang='lat' dir='ltr'><strong>Neque</strong></span> <span class='ocrx_word' id='word_1_414' title='bbox 1474 3566 1617 3622; x_wconf 87' lang='lat' dir='ltr'><strong>enim</strong></span> <span class='ocrx_word' id='word_1_415' title='bbox 1656 3566 1749 3637; x_wconf 86' lang='lat' dir='ltr'><strong>qui</strong></span> 
     </span>
    </p>
   </div>
   <div class='ocr_carea' id='block_1_51' title="bbox 174 3659 1749 3733">
    <p class='ocr_par' dir='ltr' id='par_1_51' title="bbox 174 3659 1749 3733">
     <span class='ocr_line' id='line_1_51' title="bbox 174 3659 1749 3733; baseline -0.001 -15"><span class='ocrx_word' id='word_1_416' title='bbox 174 3659 410 3733; x_wconf 72' lang='lat' dir='ltr'><strong>hptisati</strong></span> <span class='ocrx_word' id='word_1_417' title='bbox 447 3677 573 3720; x_wconf 89' lang='lat' dir='ltr'><strong>sunt</strong></span> <span class='ocrx_word' id='word_1_418' title='bbox 613 3664 667 3720; x_wconf 89' lang='lat' dir='ltr'><strong>in</strong></span> <span class='ocrx_word' id='word_1_419' title='bbox 690 3676 799 3719; x_wconf 88' lang='lat' dir='ltr'><strong>uno</strong></span> <span class='ocrx_word' id='word_1_420' title='bbox 829 3663 1054 3732; x_wconf 86' lang='lat' dir='ltr'><strong>Spiritu,</strong></span> <span class='ocrx_word' id='word_1_421' title='bbox 1087 3664 1140 3718; x_wconf 91' lang='lat' dir='ltr'><strong>in</strong></span> <span class='ocrx_word' id='word_1_422' title='bbox 1167 3662 1287 3719; x_wconf 88' lang='lat' dir='ltr'><strong>solo</strong></span> <span class='ocrx_word' id='word_1_423' title='bbox 1312 3662 1471 3718; x_wconf 83' lang='lat' dir='ltr'><strong>Patre</strong></span> <span class='ocrx_word' id='word_1_424' title='bbox 1494 3662 1749 3730; x_wconf 82' lang='lat' dir='ltr'><strong>baptizati</strong></span> 
     </span>
    </p>
   </div>
   <div class='ocr_carea' id='block_1_52' title="bbox 172 3754 1749 3829">
    <p class='ocr_par' dir='ltr' id='par_1_52' title="bbox 172 3754 1749 3829">
     <span class='ocr_line' id='line_1_52' title="bbox 172 3754 1749 3829; baseline -0.001 -18"><span class='ocrx_word' id='word_1_425' title='bbox 172 3767 311 3824; x_wconf 77' lang='lat' dir='ltr'><strong>sunt,</strong></span> <span class='ocrx_word' id='word_1_426' title='bbox 355 3772 537 3829; x_wconf 82' lang='lat' dir='ltr'><strong>neque</strong></span> <span class='ocrx_word' id='word_1_427' title='bbox 586 3757 640 3813; x_wconf 90' lang='lat' dir='ltr'><strong>in</strong></span> <span class='ocrx_word' id='word_1_428' title='bbox 683 3758 802 3814; x_wconf 80' lang='lat' dir='ltr'><strong>solo</strong></span> <span class='ocrx_word' id='word_1_429' title='bbox 846 3755 1005 3820; x_wconf 80' lang='lat' dir='ltr'><strong>Filio,</strong></span> <span class='ocrx_word' id='word_1_430' title='bbox 1061 3770 1240 3825; x_wconf 84' lang='lat' dir='ltr'><strong>neque</strong></span> <span class='ocrx_word' id='word_1_431' title='bbox 1286 3756 1342 3811; x_wconf 87' lang='lat' dir='ltr'><strong>in</strong></span> <span class='ocrx_word' id='word_1_432' title='bbox 1374 3756 1500 3811; x_wconf 82' lang='lat' dir='ltr'><strong>solo</strong></span> <span class='ocrx_word' id='word_1_433' title='bbox 1546 3754 1749 3825; x_wconf 85' lang='lat' dir='ltr'><strong>Spiritu</strong></span> 
     </span>
    </p>
   </div>
   <div class='ocr_carea' id='block_1_53' title="bbox 174 3848 1751 3919">
    <p class='ocr_par' dir='ltr' id='par_1_53' title="bbox 174 3848 1751 3919">
     <span class='ocr_line' id='line_1_53' title="bbox 174 3848 1751 3919; baseline 0.001 -16"><span class='ocrx_word' id='word_1_434' title='bbox 174 3861 366 3914; x_wconf 74' lang='lat' dir='ltr'><strong>sancto,</strong></span> <span class='ocrx_word' id='word_1_435' title='bbox 425 3852 522 3908; x_wconf 81' lang='lat' dir='ltr'><strong>sed</strong></span> <span class='ocrx_word' id='word_1_436' title='bbox 574 3851 627 3905; x_wconf 92' lang='lat' dir='ltr'><strong>in</strong></span> <span class='ocrx_word' id='word_1_437' title='bbox 675 3851 894 3906; x_wconf 83' lang='lat' dir='ltr'><strong>nomine</strong></span> <span class='ocrx_word' id='word_1_438' title='bbox 942 3850 1117 3907; x_wconf 83' lang='lat' dir='ltr'><strong>Putris</strong></span> <span class='ocrx_word' id='word_1_439' title='bbox 1158 3862 1215 3905; x_wconf 86' lang='lat' dir='ltr'><strong>et</strong></span> <span class='ocrx_word' id='word_1_440' title='bbox 1263 3848 1383 3904; x_wconf 83' lang='lat' dir='ltr'><strong>Filii</strong></span> <span class='ocrx_word' id='word_1_441' title='bbox 1429 3858 1484 3904; x_wconf 88' lang='lat' dir='ltr'><strong>et</strong></span> <span class='ocrx_word' id='word_1_442' title='bbox 1514 3849 1751 3919; x_wconf 84' lang='lat' dir='ltr'><strong>Spiritus</strong></span> 
     </span>
    </p>
   </div>
   <div class='ocr_carea' id='block_1_54' title="bbox 173 3934 1751 4017">
    <p class='ocr_par' dir='ltr' id='par_1_54' title="bbox 173 3934 1751 4017">
     <span class='ocr_line' id='line_1_54' title="bbox 173 3934 1751 4017; baseline 0 -20"><span class='ocrx_word' id='word_1_443' title='bbox 173 3945 331 3999; x_wconf 78' lang='lat' dir='ltr'><strong>sancti</strong></span> <span class='ocrx_word' id='word_1_444' title='bbox 359 3964 375 3998; x_wconf 90' lang='lat'><strong>:</strong></span> <span class='ocrx_word' id='word_1_445' title='bbox 406 3934 555 4016; x_wconf 81' lang='lat' dir='ltr'><strong>quod</strong></span> <span class='ocrx_word' id='word_1_446' title='bbox 579 3945 798 4017; x_wconf 84' lang='lat' dir='ltr'><strong>quidem</strong></span> <span class='ocrx_word' id='word_1_447' title='bbox 837 3955 921 3999; x_wconf 82' lang='lat' dir='ltr'><strong>est</strong></span> <span class='ocrx_word' id='word_1_448' title='bbox 956 3955 1247 4000; x_wconf 83' lang='lat' dir='ltr'><strong>commune</strong></span> <span class='ocrx_word' id='word_1_449' title='bbox 1273 3957 1493 4009; x_wconf 80' lang='lat' dir='ltr'><strong>nomen,</strong></span> <span class='ocrx_word' id='word_1_450' title='bbox 1524 3959 1629 4000; x_wconf 89' lang='lat' dir='ltr'><strong>non</strong></span> <span class='ocrx_word' id='word_1_451' title='bbox 1657 3958 1751 4012; x_wconf 86' lang='lat' dir='ltr'><strong>per</strong></span> 
     </span>
    </p>
   </div>
   <div class='ocr_carea' id='block_1_55' title="bbox 172 4036 1747 4111">
    <p class='ocr_par' dir='ltr' id='par_1_55' title="bbox 172 4036 1747 4111">
     <span class='ocr_line' id='line_1_55' title="bbox 172 4036 1747 4111; baseline 0.003 -22"><span class='ocrx_word' id='word_1_452' title='bbox 172 4036 535 4096; x_wconf 76' lang='lat' dir='ltr'><strong>confusionem</strong></span> <span class='ocrx_word' id='word_1_453' title='bbox 568 4052 947 4110; x_wconf 76' lang='lat' dir='ltr'><strong>personarum,</strong></span> <span class='ocrx_word' id='word_1_454' title='bbox 979 4038 1076 4095; x_wconf 84' lang='lat' dir='ltr'><strong>sed</strong></span> <span class='ocrx_word' id='word_1_455' title='bbox 1110 4053 1209 4111; x_wconf 87' lang='lat' dir='ltr'><strong>per</strong></span> <span class='ocrx_word' id='word_1_456' title='bbox 1235 4040 1494 4094; x_wconf 76' lang='lat' dir='ltr'><strong>unitatem</strong></span> <span class='ocrx_word' id='word_1_457' title='bbox 1520 4048 1747 4107; x_wconf 66' lang='lat' dir='ltr'><strong>naturae,</strong></span> 
     </span>
    </p>
   </div>
   <div class='ocr_carea' id='block_1_56' title="bbox 172 4132 1750 4204">
    <p class='ocr_par' dir='ltr' id='par_1_56' title="bbox 172 4132 1750 4204">
     <span class='ocr_line' id='line_1_56' title="bbox 172 4132 1750 4204; baseline 0.003 -20"><span class='ocrx_word' id='word_1_458' title='bbox 172 4143 306 4189; x_wconf 77' lang='lat' dir='ltr'><strong>unus</strong></span> <span class='ocrx_word' id='word_1_459' title='bbox 344 4132 627 4204; x_wconf 76' lang='lat' dir='ltr'><strong>Dominus,</strong></span> <span class='ocrx_word' id='word_1_460' title='bbox 671 4144 810 4189; x_wconf 87' lang='lat' dir='ltr'><strong>unus</strong></span> <span class='ocrx_word' id='word_1_461' title='bbox 843 4132 1008 4196; x_wconf 83' lang='lat' dir='ltr'><strong>Deus.</strong></span> <span class='ocrx_word' id='word_1_462' title='bbox 1045 4149 1185 4189; x_wconf 88' lang='lat' dir='ltr'><strong>unus</strong></span> <span class='ocrx_word' id='word_1_463' title='bbox 1219 4133 1476 4203; x_wconf 83' lang='lat' dir='ltr'><strong>Spiritus.</strong></span> <span class='ocrx_word' id='word_1_464' title='bbox 1522 4134 1750 4201; x_wconf 83' lang='lat' dir='ltr'><strong>Semper</strong></span> 
     </span>
    </p>
   </div>
   <div class='ocr_carea' id='block_1_57' title="bbox 170 4224 1752 4299">
    <p class='ocr_par' dir='ltr' id='par_1_57' title="bbox 170 4224 1752 4299">
     <span class='ocr_line' id='line_1_57' title="bbox 170 4224 1752 4299; baseline 0.002 -20"><span class='ocrx_word' id='word_1_465' title='bbox 170 4226 306 4279; x_wconf 81' lang='lat' dir='ltr'><strong>enim</strong></span> <span class='ocrx_word' id='word_1_466' title='bbox 350 4225 511 4281; x_wconf 78' lang='lat' dir='ltr'><strong>Pater</strong></span> <span class='ocrx_word' id='word_1_467' title='bbox 545 4236 657 4294; x_wconf 81' lang='lat' dir='ltr'><strong>est,</strong></span> <span class='ocrx_word' id='word_1_468' title='bbox 696 4241 802 4282; x_wconf 88' lang='lat' dir='ltr'><strong>non</strong></span> <span class='ocrx_word' id='word_1_469' title='bbox 834 4224 1090 4283; x_wconf 84' lang='lat' dir='ltr'><strong>desinens</strong></span> <span class='ocrx_word' id='word_1_470' title='bbox 1129 4237 1252 4283; x_wconf 87' lang='lat' dir='ltr'><strong>esse</strong></span> <span class='ocrx_word' id='word_1_471' title='bbox 1295 4225 1458 4282; x_wconf 85' lang='lat' dir='ltr'><strong>Pater</strong></span> <span class='ocrx_word' id='word_1_472' title='bbox 1489 4246 1503 4282; x_wconf 89' lang='lat'><strong>:</strong></span> <span class='ocrx_word' id='word_1_473' title='bbox 1535 4242 1752 4299; x_wconf 82' lang='lat' dir='ltr'><strong>semper</strong></span> 
     </span>
    </p>
   </div>
   <div class='ocr_carea' id='block_1_58' title="bbox 171 4315 1748 4391">
    <p class='ocr_par' dir='ltr' id='par_1_58' title="bbox 171 4315 1748 4391">
     <span class='ocr_line' id='line_1_58' title="bbox 171 4315 1748 4391; baseline 0.004 -23"><span class='ocrx_word' id='word_1_474' title='bbox 171 4325 338 4371; x_wconf 80' lang='lat' dir='ltr'><strong>autem</strong></span> <span class='ocrx_word' id='word_1_475' title='bbox 376 4326 433 4374; x_wconf 86' lang='lat' dir='ltr'><strong>et</strong></span> <span class='ocrx_word' id='word_1_476' title='bbox 459 4315 648 4383; x_wconf 80' lang='lat' dir='ltr'><strong>Filius,</strong></span> <span class='ocrx_word' id='word_1_477' title='bbox 682 4333 1039 4389; x_wconf 84' lang='lat' dir='ltr'><strong>perseverans</strong></span> <span class='ocrx_word' id='word_1_478' title='bbox 1078 4333 1203 4375; x_wconf 84' lang='lat' dir='ltr'><strong>esse</strong></span> <span class='ocrx_word' id='word_1_479' title='bbox 1244 4333 1504 4391; x_wconf 84' lang='lat' dir='ltr'><strong>perpetuo</strong></span> <span class='ocrx_word' id='word_1_480' title='bbox 1540 4320 1748 4377; x_wconf 86' lang='lat' dir='ltr'><strong>Filius:</strong></span> 
     </span>
    </p>
   </div>
   <div class='ocr_carea' id='block_1_59' title="bbox 171 4411 1754 4485">
    <p class='ocr_par' dir='ltr' id='par_1_59' title="bbox 171 4411 1754 4485">
     <span class='ocr_line' id='line_1_59' title="bbox 171 4411 1754 4485; baseline 0.002 -20"><span class='ocrx_word' id='word_1_481' title='bbox 171 4422 377 4480; x_wconf 75' lang='lat' dir='ltr'><strong>semper</strong></span> <span class='ocrx_word' id='word_1_482' title='bbox 400 4426 456 4469; x_wconf 89' lang='lat' dir='ltr'><strong>et</strong></span> <span class='ocrx_word' id='word_1_483' title='bbox 479 4411 712 4483; x_wconf 78' lang='lat' dir='ltr'><strong>Spiritus</strong></span> <span class='ocrx_word' id='word_1_484' title='bbox 744 4425 990 4482; x_wconf 82' lang='lat' dir='ltr'><strong>sanctus,</strong></span> <span class='ocrx_word' id='word_1_485' title='bbox 1013 4414 1105 4485; x_wconf 79' lang='lat' dir='ltr'><strong>qui</strong></span> <span class='ocrx_word' id='word_1_486' title='bbox 1141 4430 1433 4485; x_wconf 80' lang='lat' dir='ltr'><strong>numquam</strong></span> <span class='ocrx_word' id='word_1_487' title='bbox 1464 4413 1632 4471; x_wconf 74' lang='lat' dir='ltr'><strong>Pater</strong></span> <span class='ocrx_word' id='word_1_488' title='bbox 1662 4422 1754 4471; x_wconf 90' lang='lat' dir='ltr'><strong>aut</strong></span> 
     </span>
    </p>
   </div>
   <div class='ocr_carea' id='block_1_60' title="bbox 172 4502 614 4564">
    <p class='ocr_par' dir='ltr' id='par_1_60' title="bbox 172 4502 614 4564">
     <span class='ocr_line' id='line_1_60' title="bbox 172 4502 614 4564; baseline 0.014 -6"><span class='ocrx_word' id='word_1_489' title='bbox 172 4502 334 4558; x_wconf 72' lang='lat' dir='ltr'><strong>Ftltus</strong></span> <span class='ocrx_word' id='word_1_490' title='bbox 362 4504 614 4564; x_wconf 82' lang='lat' dir='ltr'><strong>etiicitur.</strong></span> 
     </span>
    </p>
   </div>
   <div class='ocr_carea' id='block_1_61' title="bbox 1864 1900 3459 1967">
    <p class='ocr_par' dir='ltr' id='par_1_61' title="bbox 1864 1900 3459 1967">
     <span class='ocr_line' id='line_1_61' title="bbox 1864 1900 3459 1967; baseline 0.001 -9"><span class='ocrx_word' id='word_1_491' title='bbox 1864 1904 2057 1959; x_wconf 86' lang='lat' dir='ltr'><strong>Libera</strong></span> <span class='ocrx_word' id='word_1_492' title='bbox 2082 1905 2223 1958; x_wconf 87' lang='lat' dir='ltr'><strong>enim</strong></span> <span class='ocrx_word' id='word_1_493' title='bbox 2253 1904 2519 1959; x_wconf 81' lang='lat' dir='ltr'><strong>Divinitas</strong></span> <span class='ocrx_word' id='word_1_494' title='bbox 2548 1909 2654 1967; x_wconf 68' lang='lat' dir='ltr'><strong>e~t,</strong></span> <span class='ocrx_word' id='word_1_495' title='bbox 2677 1916 2741 1957; x_wconf 86' lang='lat' dir='ltr'><strong>ac</strong></span> <span class='ocrx_word' id='word_1_496' title='bbox 2761 1917 2868 1956; x_wconf 86' lang='lat' dir='ltr'><strong>non</strong></span> <span class='ocrx_word' id='word_1_497' title='bbox 2898 1900 3208 1957; x_wconf 81' lang='lat' dir='ltr'><strong>necessitati</strong></span> <span class='ocrx_word' id='word_1_498' title='bbox 3251 1914 3459 1959; x_wconf 71' lang='lat' dir='ltr'><strong>natura:</strong></span> 
     </span>
    </p>
   </div>
   <div class='ocr_carea' id='block_1_62' title="bbox 1857 1994 3458 2065">
    <p class='ocr_par' dir='ltr' id='par_1_62' title="bbox 1857 1994 3458 2065">
     <span class='ocr_line' id='line_1_62' title="bbox 1857 1994 3458 2065; baseline 0.001 -16"><span class='ocrx_word' id='word_1_499' title='bbox 1857 1995 2121 2059; x_wconf 65' lang='lat' dir='ltr'><strong>serviens,</strong></span> <span class='ocrx_word' id='word_1_500' title='bbox 2167 1994 2392 2065; x_wconf 77' lang='lat' dir='ltr'><strong>ignium,</strong></span> <span class='ocrx_word' id='word_1_501' title='bbox 2425 1995 2566 2049; x_wconf 88' lang='lat' dir='ltr'><strong>sicut</strong></span> <span class='ocrx_word' id='word_1_502' title='bbox 2594 1994 2889 2059; x_wconf 61' lang='lat' dir='ltr'><strong>instituant,</strong></span> <span class='ocrx_word' id='word_1_503' title='bbox 2926 1994 3055 2059; x_wconf 89' lang='lat' dir='ltr'><strong>ritu,</strong></span> <span class='ocrx_word' id='word_1_504' title='bbox 3087 1994 3177 2064; x_wconf 90' lang='lat' dir='ltr'><strong>qui</strong></span> <span class='ocrx_word' id='word_1_505' title='bbox 3224 2011 3330 2050; x_wconf 90' lang='lat' dir='ltr'><strong>non</strong></span> <span class='ocrx_word' id='word_1_506' title='bbox 3361 2011 3458 2050; x_wconf 74' lang='lat' dir='ltr'><strong>vo-</strong></span> 
     </span>
    </p>
   </div>
   <div class='ocr_carea' id='block_1_63' title="bbox 1859 2084 3456 2157">
    <p class='ocr_par' dir='ltr' id='par_1_63' title="bbox 1859 2084 3456 2157">
     <span class='ocr_line' id='line_1_63' title="bbox 1859 2084 3456 2157; baseline -0.001 -16"><span class='ocrx_word' id='word_1_507' title='bbox 1859 2088 2088 2155; x_wconf 82' lang='lat' dir='ltr'><strong>luntate,</strong></span> <span class='ocrx_word' id='word_1_508' title='bbox 2117 2090 2213 2143; x_wconf 86' lang='lat' dir='ltr'><strong>sed</strong></span> <span class='ocrx_word' id='word_1_509' title='bbox 2261 2095 2451 2143; x_wconf 85' lang='lat' dir='ltr'><strong>urente</strong></span> <span class='ocrx_word' id='word_1_510' title='bbox 2498 2096 2552 2142; x_wconf 91' lang='lat' dir='ltr'><strong>ct</strong></span> <span class='ocrx_word' id='word_1_511' title='bbox 2599 2084 2968 2157; x_wconf 78' lang='lat' dir='ltr'><strong>conﬂagranlc</strong></span> <span class='ocrx_word' id='word_1_512' title='bbox 3020 2096 3233 2150; x_wconf 86' lang='lat' dir='ltr'><strong>natura,</strong></span> <span class='ocrx_word' id='word_1_513' title='bbox 3282 2087 3456 2143; x_wconf 63' lang='lat' dir='ltr'><strong>vicina</strong></span> 
     </span>
    </p>
   </div>
   <div class='ocr_carea' id='block_1_64' title="bbox 1858 2178 3457 2252">
    <p class='ocr_par' dir='ltr' id='par_1_64' title="bbox 1858 2178 3457 2252">
     <span class='ocr_line' id='line_1_64' title="bbox 1858 2178 3457 2252; baseline -0.001 -17"><span class='ocrx_word' id='word_1_514' title='bbox 1858 2195 2088 2252; x_wconf 88' lang='lat' dir='ltr'><strong>corpora</strong></span> <span class='ocrx_word' id='word_1_515' title='bbox 2118 2194 2471 2237; x_wconf 81' lang='lat' dir='ltr'><strong>concremare</strong></span> <span class='ocrx_word' id='word_1_516' title='bbox 2506 2190 2825 2235; x_wconf 85' lang='lat' dir='ltr'><strong>noscuntur.</strong></span> <span class='ocrx_word' id='word_1_517' title='bbox 2854 2181 2994 2234; x_wconf 87' lang='lat' dir='ltr'><strong>Deus</strong></span> <span class='ocrx_word' id='word_1_518' title='bbox 3022 2189 3201 2234; x_wconf 84' lang='lat' dir='ltr'><strong>autem</strong></span> <span class='ocrx_word' id='word_1_519' title='bbox 3233 2195 3339 2235; x_wconf 90' lang='lat' dir='ltr'><strong>non</strong></span> <span class='ocrx_word' id='word_1_520' title='bbox 3384 2178 3457 2235; x_wconf 87' lang='lat' dir='ltr'><strong>ita</strong></span> 
     </span>
    </p>
   </div>
   <div class='ocr_carea' id='block_1_65' title="bbox 1861 2270 3456 2343">
    <p class='ocr_par' dir='ltr' id='par_1_65' title="bbox 1861 2270 3456 2343">
     <span class='ocr_line' id='line_1_65' title="bbox 1861 2270 3456 2343; baseline -0.001 -16"><span class='ocrx_word' id='word_1_521' title='bbox 1861 2272 2039 2328; x_wconf 78' lang='lat' dir='ltr'><strong>facere</strong></span> <span class='ocrx_word' id='word_1_522' title='bbox 2081 2274 2385 2329; x_wconf 84' lang='lat' dir='ltr'><strong>consuevit.</strong></span> <span class='ocrx_word' id='word_1_523' title='bbox 2435 2272 2612 2343; x_wconf 84' lang='lat' dir='ltr'><strong>Super</strong></span> <span class='ocrx_word' id='word_1_524' title='bbox 2658 2272 2802 2326; x_wconf 86' lang='lat' dir='ltr'><strong>enim</strong></span> <span class='ocrx_word' id='word_1_525' title='bbox 2852 2284 3068 2325; x_wconf 86' lang='lat' dir='ltr'><strong>onmem</strong></span> <span class='ocrx_word' id='word_1_526' title='bbox 3124 2270 3456 2327; x_wconf 86' lang='lat' dir='ltr'><strong>intellectum</strong></span> 
     </span>
    </p>
   </div>
   <div class='ocr_carea' id='block_1_66' title="bbox 1859 2362 3456 2435">
    <p class='ocr_par' dir='ltr' id='par_1_66' title="bbox 1859 2362 3456 2435">
     <span class='ocr_line' id='line_1_66' title="bbox 1859 2362 3456 2435; baseline -0.002 -14"><span class='ocrx_word' id='word_1_527' title='bbox 1859 2365 2280 2435; x_wconf 81' lang='lat' dir='ltr'><strong>sensibilemquc</strong></span> <span class='ocrx_word' id='word_1_528' title='bbox 2306 2374 2553 2421; x_wconf 85' lang='lat' dir='ltr'><strong>naturam</strong></span> <span class='ocrx_word' id='word_1_529' title='bbox 2586 2362 2878 2419; x_wconf 76' lang='lat' dir='ltr'><strong>ineﬂ&#39;abilis</strong></span> <span class='ocrx_word' id='word_1_530' title='bbox 2902 2372 2958 2418; x_wconf 86' lang='lat' dir='ltr'><strong>et</strong></span> <span class='ocrx_word' id='word_1_531' title='bbox 2993 2363 3456 2432; x_wconf 75' lang='lat' dir='ltr'><strong>incomprehensi-</strong></span> 
     </span>
    </p>
   </div>
   <div class='ocr_carea' id='block_1_67' title="bbox 1860 2451 3459 2529">
    <p class='ocr_par' dir='ltr' id='par_1_67' title="bbox 1860 2451 3459 2529">
     <span class='ocr_line' id='line_1_67' title="bbox 1860 2451 3459 2529; baseline -0.003 -15"><span class='ocrx_word' id='word_1_532' title='bbox 1860 2457 1985 2514; x_wconf 84' lang='lat' dir='ltr'><strong>bilis</strong></span> <span class='ocrx_word' id='word_1_533' title='bbox 2015 2459 2315 2514; x_wconf 83' lang='lat' dir='ltr'><strong>substantia</strong></span> <span class='ocrx_word' id='word_1_534' title='bbox 2342 2465 2427 2514; x_wconf 89' lang='lat' dir='ltr'><strong>cst</strong></span> <span class='ocrx_word' id='word_1_535' title='bbox 2455 2475 2467 2510; x_wconf 92' lang='lat'><strong>:</strong></span> <span class='ocrx_word' id='word_1_536' title='bbox 2500 2458 2698 2529; x_wconf 84' lang='lat' dir='ltr'><strong>quippe</strong></span> <span class='ocrx_word' id='word_1_537' title='bbox 2727 2472 2849 2511; x_wconf 90' lang='lat' dir='ltr'><strong>cum</strong></span> <span class='ocrx_word' id='word_1_538' title='bbox 2883 2453 3013 2510; x_wconf 88' lang='lat' dir='ltr'><strong>nulli</strong></span> <span class='ocrx_word' id='word_1_539' title='bbox 3040 2451 3302 2509; x_wconf 80' lang='lat' dir='ltr'><strong>Divinitas</strong></span> <span class='ocrx_word' id='word_1_540' title='bbox 3329 2456 3459 2511; x_wconf 78' lang='lat' dir='ltr'><strong>visi-</strong></span> 
     </span>
    </p>
   </div>
   <div class='ocr_carea' id='block_1_68' title="bbox 1860 2547 3453 2617">
    <p class='ocr_par' dir='ltr' id='par_1_68' title="bbox 1860 2547 3453 2617">
     <span class='ocr_line' id='line_1_68' title="bbox 1860 2547 3453 2617; baseline -0.001 -11"><span class='ocrx_word' id='word_1_541' title='bbox 1860 2548 1988 2606; x_wconf 84' lang='lat' dir='ltr'><strong>bilis</strong></span> <span class='ocrx_word' id='word_1_542' title='bbox 2018 2550 2311 2617; x_wconf 80' lang='lat' dir='ltr'><strong>habeatur;</strong></span> <span class='ocrx_word' id='word_1_543' title='bbox 2336 2551 2475 2607; x_wconf 87' lang='lat' dir='ltr'><strong>sicut</strong></span> <span class='ocrx_word' id='word_1_544' title='bbox 2502 2549 2693 2605; x_wconf 85' lang='lat' dir='ltr'><strong>beatus</strong></span> <span class='ocrx_word' id='word_1_545' title='bbox 2715 2547 2912 2603; x_wconf 87' lang='lat' dir='ltr'><strong>Paulus</strong></span> <span class='ocrx_word' id='word_1_546' title='bbox 2939 2557 3191 2615; x_wconf 82' lang='lat' dir='ltr'><strong>testatur,</strong></span> <span class='ocrx_word' id='word_1_547' title='bbox 3222 2547 3410 2605; x_wconf 88' lang='lat' dir='ltr'><strong>dicens</strong></span> <span class='ocrx_word' id='word_1_548' title='bbox 3439 2566 3453 2604; x_wconf 92' lang='lat'>:</span> 
     </span>
    </p>
   </div>
   <div class='ocr_carea' id='block_1_69' title="bbox 1862 2642 3457 2718">
    <p class='ocr_par' dir='ltr' id='par_1_69' title="bbox 1862 2642 3457 2718">
     <span class='ocr_line' id='line_1_69' title="bbox 1862 2642 3457 2718; baseline -0.001 -17"><span class='ocrx_word' id='word_1_549' title='bbox 1862 2644 1995 2718; x_wconf 83' lang='lat' dir='ltr'><strong>Regi</strong></span> <span class='ocrx_word' id='word_1_550' title='bbox 2030 2653 2204 2699; x_wconf 86' lang='lat' dir='ltr'><strong>autem</strong></span> <span class='ocrx_word' id='word_1_551' title='bbox 2245 2643 2556 2699; x_wconf 64' lang='lat' dir='ltr'><strong>seculorum</strong></span> <span class='ocrx_word' id='word_1_552' title='bbox 2600 2642 2999 2714; x_wconf 80' lang='lat' dir='ltr'><strong>incorruptibiti,</strong></span> <span class='ocrx_word' id='word_1_553' title='bbox 3042 2642 3309 2710; x_wconf 77' lang='lat' dir='ltr'><strong>invisibili,</strong></span> <span class='ocrx_word' id='word_1_554' title='bbox 3356 2645 3457 2700; x_wconf 81' lang='lat' dir='ltr'><strong>soli</strong></span> 
     </span>
    </p>
   </div>
   <div class='ocr_carea' id='block_1_70' title="bbox 1862 2734 3453 2810">
    <p class='ocr_par' dir='ltr' id='par_1_70' title="bbox 1862 2734 3453 2810">
     <span class='ocr_line' id='line_1_70' title="bbox 1862 2734 3453 2810; baseline 0.002 -20"><span class='ocrx_word' id='word_1_555' title='bbox 1862 2736 1976 2792; x_wconf 84' lang='lat' dir='ltr'><strong>Deo</strong></span> <span class='ocrx_word' id='word_1_556' title='bbox 2015 2740 2179 2793; x_wconf 85' lang='lat' dir='ltr'><strong>Itonor</strong></span> <span class='ocrx_word' id='word_1_557' title='bbox 2201 2748 2249 2793; x_wconf 88' lang='lat' dir='ltr'><strong>et</strong></span> <span class='ocrx_word' id='word_1_558' title='bbox 2277 2738 2445 2810; x_wconf 80' lang='lat' dir='ltr'><strong>gloria</strong></span> <span class='ocrx_word' id='word_1_559' title='bbox 2483 2737 2527 2808; x_wconf 85' lang='grc' dir='ltr'>(ι</span> <span class='ocrx_word' id='word_1_560' title='bbox 2560 2734 2697 2791; x_wconf 81' lang='lat' dir='ltr'><strong>Tim.</strong></span> <span class='ocrx_word' id='word_1_561' title='bbox 2734 2750 2775 2802; x_wconf 85' lang='lat' dir='ltr'><strong>t,</strong></span> <span class='ocrx_word' id='word_1_562' title='bbox 2810 2735 2920 2808; x_wconf 83' lang='grc'><strong>17).</strong></span> <span class='ocrx_word' id='word_1_563' title='bbox 2949 2734 3016 2791; x_wconf 87' lang='lat' dir='ltr'><strong>Et</strong></span> <span class='ocrx_word' id='word_1_564' title='bbox 3044 2735 3236 2790; x_wconf 86' lang='lat' dir='ltr'><strong>iterum</strong></span> <span class='ocrx_word' id='word_1_565' title='bbox 3265 2734 3394 2791; x_wconf 87' lang='lat' dir='ltr'><strong>dicit</strong></span> <span class='ocrx_word' id='word_1_566' title='bbox 3437 2753 3453 2793; x_wconf 84' lang='lat'><strong>:</strong></span> 
     </span>
    </p>
   </div>
   <div class='ocr_carea' id='block_1_71' title="bbox 1867 2825 3456 2895">
    <p class='ocr_par' dir='ltr' id='par_1_71' title="bbox 1867 2825 3456 2895">
     <span class='ocr_line' id='line_1_71' title="bbox 1867 2825 3456 2895; baseline 0.001 -15"><span class='ocrx_word' id='word_1_567' title='bbox 1867 2825 1971 2895; x_wconf 82' lang='lat' dir='ltr'><strong>Qui</strong></span> <span class='ocrx_word' id='word_1_568' title='bbox 2010 2827 2152 2883; x_wconf 83' lang='lat' dir='ltr'><strong>solus</strong></span> <span class='ocrx_word' id='word_1_569' title='bbox 2179 2829 2327 2883; x_wconf 70' lang='lat' dir='ltr'><strong>habet</strong></span> <span class='ocrx_word' id='word_1_570' title='bbox 2357 2826 2813 2888; x_wconf 71' lang='lat' dir='ltr'><strong>immortalitatem,</strong></span> <span class='ocrx_word' id='word_1_571' title='bbox 2847 2828 3023 2881; x_wconf 83' lang='lat' dir='ltr'><strong>lumen</strong></span> <span class='ocrx_word' id='word_1_572' title='bbox 3066 2826 3268 2881; x_wconf 83' lang='lat' dir='ltr'><strong>habitat</strong></span> <span class='ocrx_word' id='word_1_573' title='bbox 3310 2828 3456 2882; x_wconf 82' lang='lat' dir='ltr'><strong>inac-</strong></span> 
     </span>
    </p>
   </div>
   <div class='ocr_carea' id='block_1_72' title="bbox 1865 2918 3455 2992">
    <p class='ocr_par' dir='ltr' id='par_1_72' title="bbox 1865 2918 3455 2992">
     <span class='ocr_line' id='line_1_72' title="bbox 1865 2918 3455 2992; baseline 0.001 -19"><span class='ocrx_word' id='word_1_574' title='bbox 1865 2920 2114 2987; x_wconf 80' lang='lat' dir='ltr'><strong>cessibile,</strong></span> <span class='ocrx_word' id='word_1_575' title='bbox 2134 2937 2287 2992; x_wconf 74' lang='lat' dir='ltr'><strong>quem</strong></span> <span class='ocrx_word' id='word_1_576' title='bbox 2316 2920 2438 2975; x_wconf 80' lang='lat' dir='ltr'><strong>uidit</strong></span> <span class='ocrx_word' id='word_1_577' title='bbox 2460 2918 2638 2974; x_wconf 67' lang='lat' dir='ltr'><strong>nullus</strong></span> <span class='ocrx_word' id='word_1_578' title='bbox 2668 2919 2950 2986; x_wconf 78' lang='lat' dir='ltr'><strong>hominum,</strong></span> <span class='ocrx_word' id='word_1_579' title='bbox 2980 2935 3139 2988; x_wconf 87' lang='lat' dir='ltr'><strong>neque</strong></span> <span class='ocrx_word' id='word_1_580' title='bbox 3159 2920 3328 2973; x_wconf 80' lang='lat' dir='ltr'><strong>videre</strong></span> <span class='ocrx_word' id='word_1_581' title='bbox 3354 2938 3455 2991; x_wconf 87' lang='lat' dir='ltr'><strong>po-</strong></span> 
     </span>
    </p>
   </div>
   <div class='ocr_carea' id='block_1_73' title="bbox 1867 3010 3451 3078">
    <p class='ocr_par' dir='ltr' id='par_1_73' title="bbox 1867 3010 3451 3078">
     <span class='ocr_line' id='line_1_73' title="bbox 1867 3010 3451 3078; baseline 0.001 -13"><span class='ocrx_word' id='word_1_582' title='bbox 1867 3020 1981 3067; x_wconf 79' lang='lat' dir='ltr'><strong>test.</strong></span> <span class='ocrx_word' id='word_1_583' title='bbox 2016 3012 2216 3068; x_wconf 85' lang='lat' dir='ltr'><strong>Eadem</strong></span> <span class='ocrx_word' id='word_1_584' title='bbox 2243 3022 2421 3067; x_wconf 87' lang='lat' dir='ltr'><strong>autem</strong></span> <span class='ocrx_word' id='word_1_585' title='bbox 2447 3013 2608 3069; x_wconf 87' lang='lat' dir='ltr'><strong>etiam</strong></span> <span class='ocrx_word' id='word_1_586' title='bbox 2634 3010 2823 3068; x_wconf 84' lang='lat' dir='ltr'><strong>beatus</strong></span> <span class='ocrx_word' id='word_1_587' title='bbox 2852 3012 3092 3067; x_wconf 83' lang='lat' dir='ltr'><strong>Joannes</strong></span> <span class='ocrx_word' id='word_1_588' title='bbox 3117 3011 3297 3078; x_wconf 83' lang='lat' dir='ltr'><strong>docet,</strong></span> <span class='ocrx_word' id='word_1_589' title='bbox 3328 3028 3451 3067; x_wconf 85' lang='lat' dir='ltr'><strong>cum</strong></span> 
     </span>
    </p>
   </div>
   <div class='ocr_carea' id='block_1_74' title="bbox 1866 3103 3449 3179">
    <p class='ocr_par' dir='ltr' id='par_1_74' title="bbox 1866 3103 3449 3179">
     <span class='ocr_line' id='line_1_74' title="bbox 1866 3103 3449 3179; baseline 0.001 -17"><span class='ocrx_word' id='word_1_590' title='bbox 1866 3107 2033 3163; x_wconf 84' lang='lat' dir='ltr'><strong>dicit:</strong></span> <span class='ocrx_word' id='word_1_591' title='bbox 2066 3107 2234 3164; x_wconf 83' lang='lat' dir='ltr'><strong>Deum</strong></span> <span class='ocrx_word' id='word_1_592' title='bbox 2273 3124 2421 3162; x_wconf 65' lang='lat' dir='ltr'><strong>nemo</strong></span> <span class='ocrx_word' id='word_1_593' title='bbox 2448 3108 2571 3162; x_wconf 82' lang='lat' dir='ltr'><strong>vidit</strong></span> <span class='ocrx_word' id='word_1_594' title='bbox 2611 3123 2872 3176; x_wconf 81' lang='lat' dir='ltr'><strong>umquam.</strong></span> <span class='ocrx_word' id='word_1_595' title='bbox 2912 3104 3217 3179; x_wconf 79' lang='lat' dir='ltr'><strong>Um&#39;gcnitus</strong></span> <span class='ocrx_word' id='word_1_596' title='bbox 3257 3103 3449 3164; x_wconf 80' lang='lat' dir='ltr'><strong>Filius.</strong></span> 
     </span>
    </p>
   </div>
   <div class='ocr_carea' id='block_1_75' title="bbox 1853 3200 3449 3275">
    <p class='ocr_par' dir='ltr' id='par_1_75' title="bbox 1853 3200 3449 3275">
     <span class='ocr_line' id='line_1_75' title="bbox 1853 3200 3449 3275; baseline 0.001 -20"><span class='ocrx_word' id='word_1_597' title='bbox 1853 3203 1940 3272; x_wconf 84' lang='lat' dir='ltr'><strong>qui</strong></span> <span class='ocrx_word' id='word_1_598' title='bbox 1968 3212 2038 3257; x_wconf 80' lang='lat' dir='ltr'><strong>cst</strong></span> <span class='ocrx_word' id='word_1_599' title='bbox 2068 3204 2119 3256; x_wconf 83' lang='lat' dir='ltr'><strong>in</strong></span> <span class='ocrx_word' id='word_1_600' title='bbox 2146 3204 2269 3256; x_wconf 84' lang='lat' dir='ltr'><strong>sinu</strong></span> <span class='ocrx_word' id='word_1_601' title='bbox 2309 3201 2507 3267; x_wconf 85' lang='lat' dir='ltr'><strong>Patris,</strong></span> <span class='ocrx_word' id='word_1_602' title='bbox 2550 3203 2659 3270; x_wconf 79' lang='lat' dir='ltr'><strong>ipse</strong></span> <span class='ocrx_word' id='word_1_603' title='bbox 2688 3202 2914 3256; x_wconf 82' lang='lat' dir='ltr'><strong>narravit</strong></span> <span class='ocrx_word' id='word_1_604' title='bbox 2943 3200 2993 3273; x_wconf 90' lang='lat' dir='ltr'><strong>(l</strong></span> <span class='ocrx_word' id='word_1_605' title='bbox 3023 3200 3183 3257; x_wconf 85' lang='lat' dir='ltr'><strong>Joan.</strong></span> <span class='ocrx_word' id='word_1_606' title='bbox 3217 3216 3301 3269; x_wconf 80' lang='lat' dir='ltr'><strong>tv,</strong></span> <span class='ocrx_word' id='word_1_607' title='bbox 3334 3201 3449 3275; x_wconf 69' lang='grc'><strong>12).</strong></span> 
     </span>
    </p>
   </div>
   <div class='ocr_carea' id='block_1_76' title="bbox 1856 3293 3450 3366">
    <p class='ocr_par' dir='ltr' id='par_1_76' title="bbox 1856 3293 3450 3366">
     <span class='ocr_line' id='line_1_76' title="bbox 1856 3293 3450 3366; baseline 0.001 -17"><span class='ocrx_word' id='word_1_608' title='bbox 1856 3293 1998 3360; x_wconf 73' lang='grc' dir='ltr'><strong>ΕΓμο</strong></span> <span class='ocrx_word' id='word_1_609' title='bbox 2023 3295 2277 3366; x_wconf 87' lang='lat' dir='ltr'><strong>quoniam</strong></span> <span class='ocrx_word' id='word_1_610' title='bbox 2318 3310 2480 3361; x_wconf 75' lang='lat' dir='ltr'><strong>supra</strong></span> <span class='ocrx_word' id='word_1_611' title='bbox 2509 3309 2722 3349; x_wconf 84' lang='lat' dir='ltr'><strong>omnem</strong></span> <span class='ocrx_word' id='word_1_612' title='bbox 2767 3308 2988 3349; x_wconf 88' lang='lat' dir='ltr'><strong>sensum</strong></span> <span class='ocrx_word' id='word_1_613' title='bbox 3021 3294 3163 3351; x_wconf 84' lang='lat' dir='ltr'><strong>Deus</strong></span> <span class='ocrx_word' id='word_1_614' title='bbox 3212 3304 3319 3361; x_wconf 86' lang='lat' dir='ltr'><strong>est,</strong></span> <span class='ocrx_word' id='word_1_615' title='bbox 3349 3310 3450 3351; x_wconf 83' lang='grc' dir='ltr'><strong>νο-</strong></span> 
     </span>
    </p>
   </div>
   <div class='ocr_carea' id='block_1_77' title="bbox 1852 3386 3454 3451">
    <p class='ocr_par' dir='ltr' id='par_1_77' title="bbox 1852 3386 3454 3451">
     <span class='ocr_line' id='line_1_77' title="bbox 1852 3386 3454 3451; baseline 0.001 -10"><span class='ocrx_word' id='word_1_616' title='bbox 1852 3386 2060 3441; x_wconf 88' lang='lat' dir='ltr'><strong>luntate</strong></span> <span class='ocrx_word' id='word_1_617' title='bbox 2084 3398 2256 3451; x_wconf 84' lang='lat' dir='ltr'><strong>creat,</strong></span> <span class='ocrx_word' id='word_1_618' title='bbox 2283 3402 2387 3441; x_wconf 87' lang='lat' dir='ltr'><strong>non</strong></span> <span class='ocrx_word' id='word_1_619' title='bbox 2416 3396 2604 3441; x_wconf 84' lang='lat' dir='ltr'><strong>natura</strong></span> <span class='ocrx_word' id='word_1_620' title='bbox 2639 3404 2654 3440; x_wconf 91' lang='lat'><strong>:</strong></span> <span class='ocrx_word' id='word_1_621' title='bbox 2684 3402 2807 3441; x_wconf 82' lang='lat' dir='ltr'><strong>nam</strong></span> <span class='ocrx_word' id='word_1_622' title='bbox 2837 3387 2882 3441; x_wconf 83' lang='lat' dir='ltr'><strong>si</strong></span> <span class='ocrx_word' id='word_1_623' title='bbox 2915 3396 3103 3441; x_wconf 83' lang='lat' dir='ltr'><strong>natura</strong></span> <span class='ocrx_word' id='word_1_624' title='bbox 3130 3388 3268 3443; x_wconf 85' lang='lat' dir='ltr'><strong>Deus</strong></span> <span class='ocrx_word' id='word_1_625' title='bbox 3299 3403 3454 3443; x_wconf 84' lang='lat' dir='ltr'><strong>crea-</strong></span> 
     </span>
    </p>
   </div>
   <div class='ocr_carea' id='block_1_78' title="bbox 1851 3479 3452 3550">
    <p class='ocr_par' dir='ltr' id='par_1_78' title="bbox 1851 3479 3452 3550">
     <span class='ocr_line' id='line_1_78' title="bbox 1851 3479 3452 3550; baseline 0.001 -15"><span class='ocrx_word' id='word_1_626' title='bbox 1851 3490 1956 3546; x_wconf 85' lang='lat' dir='ltr'><strong>ret,</strong></span> <span class='ocrx_word' id='word_1_627' title='bbox 1987 3490 2043 3535; x_wconf 89' lang='lat' dir='ltr'><strong>et</strong></span> <span class='ocrx_word' id='word_1_628' title='bbox 2088 3494 2194 3533; x_wconf 90' lang='lat' dir='ltr'><strong>non</strong></span> <span class='ocrx_word' id='word_1_629' title='bbox 2223 3479 2520 3546; x_wconf 73' lang='lat' dir='ltr'><strong>voluntate,</strong></span> <span class='ocrx_word' id='word_1_630' title='bbox 2571 3479 2766 3535; x_wconf 81' lang='lat' dir='ltr'><strong>inﬁniti</strong></span> <span class='ocrx_word' id='word_1_631' title='bbox 2798 3480 2986 3535; x_wconf 85' lang='lat' dir='ltr'><strong>mundi</strong></span> <span class='ocrx_word' id='word_1_632' title='bbox 3030 3483 3199 3536; x_wconf 85' lang='lat' dir='ltr'><strong>creati</strong></span> <span class='ocrx_word' id='word_1_633' title='bbox 3248 3483 3452 3550; x_wconf 71' lang='lat' dir='ltr'><strong>reperi-</strong></span> 
     </span>
    </p>
   </div>
   <div class='ocr_carea' id='block_1_79' title="bbox 1852 3571 3447 3645">
    <p class='ocr_par' dir='ltr' id='par_1_79' title="bbox 1852 3571 3447 3645">
     <span class='ocr_line' id='line_1_79' title="bbox 1852 3571 3447 3645; baseline 0.001 -19"><span class='ocrx_word' id='word_1_634' title='bbox 1852 3584 2076 3635; x_wconf 88' lang='lat' dir='ltr'><strong>rentur,</strong></span> <span class='ocrx_word' id='word_1_635' title='bbox 2117 3571 2543 3627; x_wconf 81' lang='lat' dir='ltr'><strong>innumerabiles</strong></span> <span class='ocrx_word' id='word_1_636' title='bbox 2569 3572 2767 3639; x_wconf 88' lang='lat' dir='ltr'><strong>etiam,</strong></span> <span class='ocrx_word' id='word_1_637' title='bbox 2793 3572 2886 3643; x_wconf 88' lang='lat' dir='ltr'><strong>qui</strong></span> <span class='ocrx_word' id='word_1_638' title='bbox 2919 3588 3016 3642; x_wconf 83' lang='lat' dir='ltr'><strong>per</strong></span> <span class='ocrx_word' id='word_1_639' title='bbox 3060 3573 3177 3645; x_wconf 82' lang='lat' dir='ltr'><strong>dies</strong></span> <span class='ocrx_word' id='word_1_640' title='bbox 3205 3574 3447 3645; x_wconf 79' lang='lat' dir='ltr'><strong>singulos</strong></span> 
     </span>
    </p>
   </div>
   <div class='ocr_carea' id='block_1_80' title="bbox 1852 3665 3446 3736">
    <p class='ocr_par' dir='ltr' id='par_1_80' title="bbox 1852 3665 3446 3736">
     <span class='ocr_line' id='line_1_80' title="bbox 1852 3665 3446 3736; baseline -0.001 -16"><span class='ocrx_word' id='word_1_641' title='bbox 1852 3674 2191 3722; x_wconf 72' lang='lat' dir='ltr'><strong>crementur.</strong></span> <span class='ocrx_word' id='word_1_642' title='bbox 2241 3665 2351 3721; x_wconf 80' lang='lat' dir='ltr'><strong>Nos</strong></span> <span class='ocrx_word' id='word_1_643' title='bbox 2391 3675 2594 3734; x_wconf 88' lang='lat' dir='ltr'><strong>autem,</strong></span> <span class='ocrx_word' id='word_1_644' title='bbox 2626 3667 2905 3736; x_wconf 84' lang='lat' dir='ltr'><strong>gentilium</strong></span> <span class='ocrx_word' id='word_1_645' title='bbox 2950 3665 3221 3723; x_wconf 82' lang='lat' dir='ltr'><strong>deliraute</strong></span> <span class='ocrx_word' id='word_1_646' title='bbox 3268 3667 3446 3722; x_wconf 76' lang='lat' dir='ltr'><strong>tabula</strong></span> 
     </span>
    </p>
   </div>
   <div class='ocr_carea' id='block_1_81' title="bbox 1852 3758 3452 3829">
    <p class='ocr_par' dir='ltr' id='par_1_81' title="bbox 1852 3758 3452 3829">
     <span class='ocr_line' id='line_1_81' title="bbox 1852 3758 3452 3829; baseline 0.001 -17"><span class='ocrx_word' id='word_1_647' title='bbox 1852 3770 2100 3826; x_wconf 81' lang='lat' dir='ltr'><strong>remeta,</strong></span> <span class='ocrx_word' id='word_1_648' title='bbox 2149 3758 2349 3813; x_wconf 66' lang='lat' dir='ltr'><strong>divinae</strong></span> <span class='ocrx_word' id='word_1_649' title='bbox 2393 3758 2686 3827; x_wconf 76' lang='lat' dir='ltr'><strong>Scriptura:</strong></span> <span class='ocrx_word' id='word_1_650' title='bbox 2742 3772 3068 3827; x_wconf 85' lang='lat' dir='ltr'><strong>pareamus,</strong></span> <span class='ocrx_word' id='word_1_651' title='bbox 3120 3774 3242 3829; x_wconf 70' lang='lat' dir='ltr'><strong>quae</strong></span> <span class='ocrx_word' id='word_1_652' title='bbox 3290 3759 3452 3814; x_wconf 86' lang='lat' dir='ltr'><strong>docet</strong></span> 
     </span>
    </p>
   </div>
   <div class='ocr_carea' id='block_1_82' title="bbox 1852 3850 3447 3922">
    <p class='ocr_par' dir='ltr' id='par_1_82' title="bbox 1852 3850 3447 3922">
     <span class='ocr_line' id='line_1_82' title="bbox 1852 3850 3447 3922; baseline 0.001 -17"><span class='ocrx_word' id='word_1_653' title='bbox 1852 3863 2063 3921; x_wconf 83' lang='lat' dir='ltr'><strong>aperte,</strong></span> <span class='ocrx_word' id='word_1_654' title='bbox 2097 3851 2237 3922; x_wconf 83' lang='lat' dir='ltr'><strong>quod</strong></span> <span class='ocrx_word' id='word_1_655' title='bbox 2266 3851 2411 3905; x_wconf 82' lang='lat' dir='ltr'><strong>Deus</strong></span> <span class='ocrx_word' id='word_1_656' title='bbox 2435 3866 2496 3903; x_wconf 88' lang='lat' dir='ltr'><strong>ca</strong></span> <span class='ocrx_word' id='word_1_657' title='bbox 2520 3866 2640 3921; x_wconf 75' lang='lat' dir='ltr'><strong>quas</strong></span> <span class='ocrx_word' id='word_1_658' title='bbox 2669 3859 2839 3913; x_wconf 81' lang='lat' dir='ltr'><strong>creat,</strong></span> <span class='ocrx_word' id='word_1_659' title='bbox 2868 3850 3144 3906; x_wconf 85' lang='lat' dir='ltr'><strong>voluntate</strong></span> <span class='ocrx_word' id='word_1_660' title='bbox 3170 3851 3254 3905; x_wconf 79' lang='lat' dir='ltr'><strong>vel</strong></span> <span class='ocrx_word' id='word_1_661' title='bbox 3277 3850 3447 3919; x_wconf 86' lang='lat' dir='ltr'><strong>impe-</strong></span> 
     </span>
    </p>
   </div>
   <div class='ocr_carea' id='block_1_83' title="bbox 1853 3944 3446 4017">
    <p class='ocr_par' dir='ltr' id='par_1_83' title="bbox 1853 3944 3446 4017">
     <span class='ocr_line' id='line_1_83' title="bbox 1853 3944 3446 4017; baseline -0.001 -17"><span class='ocrx_word' id='word_1_662' title='bbox 1853 3945 1938 4001; x_wconf 86' lang='lat' dir='ltr'><strong>rio</strong></span> <span class='ocrx_word' id='word_1_663' title='bbox 1962 3955 2129 4001; x_wconf 86' lang='lat' dir='ltr'><strong>creet.</strong></span> <span class='ocrx_word' id='word_1_664' title='bbox 2169 3944 2323 4001; x_wconf 88' lang='lat' dir='ltr'><strong>Sicut</strong></span> <span class='ocrx_word' id='word_1_665' title='bbox 2361 3954 2415 3999; x_wconf 86' lang='lat' dir='ltr'><strong>et</strong></span> <span class='ocrx_word' id='word_1_666' title='bbox 2441 3944 2673 4000; x_wconf 83' lang='lat' dir='ltr'><strong>lanmltts</strong></span> <span class='ocrx_word' id='word_1_667' title='bbox 2708 3945 2799 3999; x_wconf 77' lang='lat' dir='ltr'><strong>Dei</strong></span> <span class='ocrx_word' id='word_1_668' title='bbox 2826 3945 3039 4017; x_wconf 82' lang='lat' dir='ltr'><strong>Moyses</strong></span> <span class='ocrx_word' id='word_1_669' title='bbox 3074 3944 3294 4012; x_wconf 85' lang='lat' dir='ltr'><strong>docuit,</strong></span> <span class='ocrx_word' id='word_1_670' title='bbox 3320 3961 3446 4001; x_wconf 86' lang='lat' dir='ltr'><strong>cum</strong></span> 
     </span>
    </p>
   </div>
   <div class='ocr_carea' id='block_1_84' title="bbox 1853 4033 3450 4106">
    <p class='ocr_par' dir='ltr' id='par_1_84' title="bbox 1853 4033 3450 4106">
     <span class='ocr_line' id='line_1_84' title="bbox 1853 4033 3450 4106; baseline 0.002 -15"><span class='ocrx_word' id='word_1_671' title='bbox 1853 4036 2057 4093; x_wconf 79' lang='lat' dir='ltr'><strong>diceret</strong></span> <span class='ocrx_word' id='word_1_672' title='bbox 2104 4056 2116 4091; x_wconf 92' lang='lat'><strong>:</strong></span> <span class='ocrx_word' id='word_1_673' title='bbox 2157 4037 2222 4091; x_wconf 76' lang='lat' dir='ltr'><strong>Et</strong></span> <span class='ocrx_word' id='word_1_674' title='bbox 2262 4037 2400 4091; x_wconf 67' lang='lat' dir='ltr'><strong>dixit</strong></span> <span class='ocrx_word' id='word_1_675' title='bbox 2450 4037 2587 4091; x_wconf 86' lang='lat' dir='ltr'><strong>Deus</strong></span> <span class='ocrx_word' id='word_1_676' title='bbox 2633 4053 2653 4090; x_wconf 91' lang='lat'><strong><em>:</em></strong></span> <span class='ocrx_word' id='word_1_677' title='bbox 2696 4033 2822 4090; x_wconf 83' lang='lat' dir='ltr'><strong>Fiat</strong></span> <span class='ocrx_word' id='word_1_678' title='bbox 2853 4039 2975 4104; x_wconf 72' lang='lat' dir='ltr'><strong>tux;</strong></span> <span class='ocrx_word' id='word_1_679' title='bbox 3014 4046 3068 4093; x_wconf 89' lang='lat' dir='ltr'><strong>et</strong></span> <span class='ocrx_word' id='word_1_680' title='bbox 3106 4035 3349 4106; x_wconf 75' lang='lat' dir='ltr'><strong>adjecit:</strong></span> <span class='ocrx_word' id='word_1_681' title='bbox 3381 4037 3450 4094; x_wconf 84' lang='lat' dir='ltr'><strong>Et</strong></span> 
     </span>
    </p>
   </div>
   <div class='ocr_carea' id='block_1_85' title="bbox 1856 4124 3447 4199">
    <p class='ocr_par' dir='ltr' id='par_1_85' title="bbox 1856 4124 3447 4199">
     <span class='ocr_line' id='line_1_85' title="bbox 1856 4124 3447 4199; baseline 0 -16"><span class='ocrx_word' id='word_1_682' title='bbox 1856 4132 1994 4199; x_wconf 71' lang='lat' dir='ltr'><strong>facta</strong></span> <span class='ocrx_word' id='word_1_683' title='bbox 2023 4138 2097 4184; x_wconf 81' lang='lat' dir='ltr'><strong>est</strong></span> <span class='ocrx_word' id='word_1_684' title='bbox 2127 4129 2236 4184; x_wconf 78' lang='lat' dir='ltr'><strong>lux.</strong></span> <span class='ocrx_word' id='word_1_685' title='bbox 2273 4130 2337 4184; x_wconf 85' lang='lat' dir='ltr'><strong>Et</strong></span> <span class='ocrx_word' id='word_1_686' title='bbox 2362 4130 2554 4184; x_wconf 90' lang='lat' dir='ltr'><strong>iterum</strong></span> <span class='ocrx_word' id='word_1_687' title='bbox 2589 4145 2602 4182; x_wconf 87' lang='lat'><strong>:</strong></span> <span class='ocrx_word' id='word_1_688' title='bbox 2634 4127 2704 4182; x_wconf 87' lang='lat' dir='ltr'><strong>Et</strong></span> <span class='ocrx_word' id='word_1_689' title='bbox 2736 4128 2868 4183; x_wconf 72' lang='lat' dir='ltr'><strong>dixit</strong></span> <span class='ocrx_word' id='word_1_690' title='bbox 2897 4126 3035 4183; x_wconf 84' lang='lat' dir='ltr'><strong>Deus</strong></span> <span class='ocrx_word' id='word_1_691' title='bbox 3063 4144 3082 4182; x_wconf 89' lang='lat'><strong><em>:</em></strong></span> <span class='ocrx_word' id='word_1_692' title='bbox 3110 4124 3237 4182; x_wconf 82' lang='lat' dir='ltr'><strong>Fiat</strong></span> <span class='ocrx_word' id='word_1_693' title='bbox 3270 4128 3447 4199; x_wconf 76' lang='lat' dir='ltr'><strong>ﬁrmo-</strong></span> 
     </span>
    </p>
   </div>
   <div class='ocr_carea' id='block_1_86' title="bbox 1854 4219 3447 4290">
    <p class='ocr_par' dir='ltr' id='par_1_86' title="bbox 1854 4219 3447 4290">
     <span class='ocr_line' id='line_1_86' title="bbox 1854 4219 3447 4290; baseline 0.001 -16"><span class='ocrx_word' id='word_1_694' title='bbox 1854 4234 2082 4275; x_wconf 69' lang='lat' dir='ltr'><strong>mentum</strong></span> <span class='ocrx_word' id='word_1_695' title='bbox 2099 4238 2119 4289; x_wconf 87' lang='lat'><strong><em>;</em></strong></span> <span class='ocrx_word' id='word_1_696' title='bbox 2142 4233 2194 4277; x_wconf 89' lang='lat' dir='ltr'><strong>et</strong></span> <span class='ocrx_word' id='word_1_697' title='bbox 2215 4230 2548 4290; x_wconf 60' lang='lat' dir='ltr'><strong>praeceptum</strong></span> <span class='ocrx_word' id='word_1_698' title='bbox 2597 4220 2969 4290; x_wconf 80' lang='lat' dir='ltr'><strong>complebatur</strong></span> <span class='ocrx_word' id='word_1_699' title='bbox 2996 4235 3063 4275; x_wconf 82' lang='lat' dir='ltr'><strong>ex</strong></span> <span class='ocrx_word' id='word_1_700' title='bbox 3097 4219 3347 4289; x_wconf 85' lang='lat' dir='ltr'><strong>imperio.</strong></span> <span class='ocrx_word' id='word_1_701' title='bbox 3379 4220 3447 4276; x_wconf 84' lang='lat' dir='ltr'><strong>Et</strong></span> 
     </span>
    </p>
   </div>
   <div class='ocr_carea' id='block_1_87' title="bbox 1854 4311 3446 4385">
    <p class='ocr_par' dir='ltr' id='par_1_87' title="bbox 1854 4311 3446 4385">
     <span class='ocr_line' id='line_1_87' title="bbox 1854 4311 3446 4385; baseline -0.001 -15"><span class='ocrx_word' id='word_1_702' title='bbox 1854 4316 2051 4370; x_wconf 73' lang='lat' dir='ltr'><strong>iterum</strong></span> <span class='ocrx_word' id='word_1_703' title='bbox 2080 4312 2183 4368; x_wconf 77' lang='lat' dir='ltr'><strong>:Et</strong></span> <span class='ocrx_word' id='word_1_704' title='bbox 2217 4314 2353 4370; x_wconf 66' lang='lat' dir='ltr'><strong>dixit</strong></span> <span class='ocrx_word' id='word_1_705' title='bbox 2383 4312 2521 4368; x_wconf 80' lang='lat' dir='ltr'><strong>Deus</strong></span> <span class='ocrx_word' id='word_1_706' title='bbox 2540 4311 2619 4368; x_wconf 88' lang='lat' dir='ltr'><strong>:F</strong></span> <span class='ocrx_word' id='word_1_707' title='bbox 2624 4315 2729 4367; x_wconf 90' lang='lat' dir='ltr'><strong>iant</strong></span> <span class='ocrx_word' id='word_1_708' title='bbox 2760 4312 3073 4379; x_wconf 81' lang='lat' dir='ltr'><strong>luminaria;</strong></span> <span class='ocrx_word' id='word_1_709' title='bbox 3100 4324 3154 4369; x_wconf 88' lang='lat' dir='ltr'><strong>et</strong></span> <span class='ocrx_word' id='word_1_710' title='bbox 3173 4327 3293 4385; x_wconf 76' lang='lat' dir='ltr'><strong>qua:</strong></span> <span class='ocrx_word' id='word_1_711' title='bbox 3320 4326 3446 4369; x_wconf 85' lang='lat' dir='ltr'><strong>autc</strong></span> 
     </span>
    </p>
   </div>
   <div class='ocr_carea' id='block_1_88' title="bbox 1857 4404 3442 4462">
    <p class='ocr_par' dir='ltr' id='par_1_88' title="bbox 1857 4404 3442 4462">
     <span class='ocr_line' id='line_1_88' title="bbox 1857 4404 3442 4462; baseline 0 -1"><span class='ocrx_word' id='word_1_712' title='bbox 1857 4422 1966 4462; x_wconf 91' lang='lat' dir='ltr'><strong>non</strong></span> <span class='ocrx_word' id='word_1_713' title='bbox 2013 4408 2167 4461; x_wconf 66' lang='lat' dir='ltr'><strong>erant</strong></span> <span class='ocrx_word' id='word_1_714' title='bbox 2206 4422 2329 4461; x_wconf 80' lang='lat' dir='ltr'><strong>mox</strong></span> <span class='ocrx_word' id='word_1_715' title='bbox 2372 4404 2768 4462; x_wconf 78' lang='lat' dir='ltr'><strong>efﬁciebantur.</strong></span> <span class='ocrx_word' id='word_1_716' title='bbox 2832 4405 3042 4461; x_wconf 81' lang='lat' dir='ltr'><strong>Pariter</strong></span> <span class='ocrx_word' id='word_1_717' title='bbox 3077 4405 3241 4461; x_wconf 85' lang='lat' dir='ltr'><strong>etiam</strong></span> <span class='ocrx_word' id='word_1_718' title='bbox 3278 4406 3442 4461; x_wconf 82' lang='lat' dir='ltr'><strong>David</strong></span> 
     </span>
    </p>
   </div>
   <div class='ocr_carea' id='block_1_89' title="bbox 1860 4498 3447 4571">
    <p class='ocr_par' dir='ltr' id='par_1_89' title="bbox 1860 4498 3447 4571">
     <span class='ocr_line' id='line_1_89' title="bbox 1860 4498 3447 4571; baseline -0.001 -16"><span class='ocrx_word' id='word_1_719' title='bbox 1860 4501 2123 4571; x_wconf 79' lang='lat' dir='ltr'><strong>preplteta</strong></span> <span class='ocrx_word' id='word_1_720' title='bbox 2173 4500 2303 4555; x_wconf 85' lang='lat' dir='ltr'><strong>dicit</strong></span> <span class='ocrx_word' id='word_1_721' title='bbox 2336 4518 2348 4553; x_wconf 89' lang='lat'><strong>:</strong></span> <span class='ocrx_word' id='word_1_722' title='bbox 2385 4498 2502 4571; x_wconf 84' lang='lat' dir='ltr'><strong>Ipse</strong></span> <span class='ocrx_word' id='word_1_723' title='bbox 2541 4500 2704 4566; x_wconf 69' lang='lat' dir='ltr'><strong>dixit,</strong></span> <span class='ocrx_word' id='word_1_724' title='bbox 2745 4509 2793 4553; x_wconf 80' lang='lat' dir='ltr'><strong>et</strong></span> <span class='ocrx_word' id='word_1_725' title='bbox 2820 4503 2959 4571; x_wconf 68' lang='lat' dir='ltr'><strong>facta</strong></span> <span class='ocrx_word' id='word_1_726' title='bbox 2986 4509 3134 4565; x_wconf 75' lang='lat' dir='ltr'><strong>sunt;</strong></span> <span class='ocrx_word' id='word_1_727' title='bbox 3163 4499 3273 4569; x_wconf 84' lang='lat' dir='ltr'><strong>ipse</strong></span> <span class='ocrx_word' id='word_1_728' title='bbox 3302 4516 3447 4553; x_wconf 84' lang='lat' dir='ltr'><strong>man-</strong></span> 
     </span>
    </p>
   </div>
   <div class='ocr_carea' id='block_1_90' title="bbox 238 4568 3467 4674">
    <p class='ocr_par' dir='ltr' id='par_1_90' title="bbox 238 4568 3467 4674">
     <span class='ocr_line' id='line_1_90' title="bbox 238 4568 3467 4674; baseline 0.002 -23"><span class='ocrx_word' id='word_1_729' title='bbox 238 4596 327 4653; x_wconf 75' lang='lat' dir='ltr'><strong>ts.</strong></span> <span class='ocrx_word' id='word_1_730' title='bbox 364 4596 500 4667; x_wconf 78' lang='lat' dir='ltr'><strong>Quid</strong></span> <span class='ocrx_word' id='word_1_731' title='bbox 544 4598 704 4672; x_wconf 69' lang='lat' dir='ltr'><strong>igitur</strong></span> <span class='ocrx_word' id='word_1_732' title='bbox 736 4598 804 4655; x_wconf 88' lang='lat' dir='ltr'><strong>ad</strong></span> <span class='ocrx_word' id='word_1_733' title='bbox 837 4600 953 4655; x_wconf 67' lang='lat' dir='ltr'><strong>haec</strong></span> <span class='ocrx_word' id='word_1_734' title='bbox 994 4602 1403 4670; x_wconf 86' lang='lat' dir='ltr'><strong>respondebunt</strong></span> <span class='ocrx_word' id='word_1_735' title='bbox 1448 4603 1627 4671; x_wconf 84' lang='lat' dir='ltr'><strong>nubis,</strong></span> <span class='ocrx_word' id='word_1_736' title='bbox 1656 4604 1745 4674; x_wconf 77' lang='lat' dir='ltr'><strong>Qui</strong></span> <span class='ocrx_word' id='word_1_737' title='bbox 1776 4568 1833 4631; x_wconf 77' lang='grc' dir='ltr'><strong>Ῑ)</strong></span> <span class='ocrx_word' id='word_1_738' title='bbox 1858 4568 2016 4658; x_wconf 54' lang='lat' dir='ltr'><strong>«alii.</strong></span> <span class='ocrx_word' id='word_1_739' title='bbox 2040 4602 2088 4646; x_wconf 70' lang='lat' dir='ltr'><strong>et</strong></span> <span class='ocrx_word' id='word_1_740' title='bbox 2119 4602 2291 4647; x_wconf 74' lang='lat' dir='ltr'><strong>creata</strong></span> <span class='ocrx_word' id='word_1_741' title='bbox 2321 4568 2439 4646; x_wconf 74' lang='grc' dir='ltr'><strong>διωιί</strong></span> <span class='ocrx_word' id='word_1_742' title='bbox 2472 4568 2933 4661; x_wconf 47' lang='lat' dir='ltr'><strong>(Ps-cmiter»;</strong></span> <span class='ocrx_word' id='word_1_743' title='bbox 2965 4602 3021 4647; x_wconf 79' lang='lat' dir='ltr'><strong>et</strong></span> <span class='ocrx_word' id='word_1_744' title='bbox 3059 4568 3254 4647; x_wconf 68' lang='lat' dir='ltr'><strong>iterum</strong></span> <span class='ocrx_word' id='word_1_745' title='bbox 3288 4610 3299 4646; x_wconf 85' lang='lat'><strong>:</strong></span> <span class='ocrx_word' id='word_1_746' title='bbox 3335 4590 3467 4647; x_wconf 75' lang='lat' dir='ltr'><strong>0m-&#39;</strong></span> 
     </span>
    </p>
   </div>
   <div class='ocr_carea' id='block_1_91' title="bbox 171 4691 1748 4768">
    <p class='ocr_par' dir='ltr' id='par_1_91' title="bbox 171 4691 1748 4768">
     <span class='ocr_line' id='line_1_91' title="bbox 171 4691 1748 4768; baseline 0.008 -26"><span class='ocrx_word' id='word_1_747' title='bbox 171 4691 279 4745; x_wconf 73' lang='lat' dir='ltr'><strong>Arii</strong></span> <span class='ocrx_word' id='word_1_748' title='bbox 315 4702 366 4747; x_wconf 80' lang='lat' dir='ltr'><strong>et</strong></span> <span class='ocrx_word' id='word_1_749' title='bbox 409 4692 659 4751; x_wconf 81' lang='lat' dir='ltr'><strong>Eunomii</strong></span> <span class='ocrx_word' id='word_1_750' title='bbox 700 4694 931 4750; x_wconf 74' lang='lat' dir='ltr'><strong>nefanda</strong></span> <span class='ocrx_word' id='word_1_751' title='bbox 971 4696 1224 4767; x_wconf 76' lang='lat' dir='ltr'><strong>dogmata</strong></span> <span class='ocrx_word' id='word_1_752' title='bbox 1267 4709 1587 4768; x_wconf 82' lang='lat' dir='ltr'><strong>sequuntur,</strong></span> <span class='ocrx_word' id='word_1_753' title='bbox 1628 4709 1683 4754; x_wconf 86' lang='lat' dir='ltr'><strong>et</strong></span> <span class='ocrx_word' id='word_1_754' title='bbox 1718 4719 1748 4755; x_wconf 86' lang='lat' dir='ltr'><strong>a</strong></span> 
     </span>
    </p>
   </div>
   <div class='ocr_carea' id='block_1_92' title="bbox 173 4776 1752 4860">
    <p class='ocr_par' dir='ltr' id='par_1_92' title="bbox 173 4776 1752 4860">
     <span class='ocr_line' id='line_1_92' title="bbox 173 4776 1752 4860; baseline 0.007 -25"><span class='ocrx_word' id='word_1_755' title='bbox 173 4779 342 4843; x_wconf 78' lang='lat' dir='ltr'><strong>Patris</strong></span> <span class='ocrx_word' id='word_1_756' title='bbox 366 4786 661 4843; x_wconf 81' lang='lat' dir='ltr'><strong>substantia</strong></span> <span class='ocrx_word' id='word_1_757' title='bbox 687 4786 884 4842; x_wconf 85' lang='lat' dir='ltr'><strong>Filium</strong></span> <span class='ocrx_word' id='word_1_758' title='bbox 905 4776 1149 4857; x_wconf 82' lang='lat' dir='ltr'><strong>separari</strong></span> <span class='ocrx_word' id='word_1_759' title='bbox 1168 4793 1527 4857; x_wconf 88' lang='lat' dir='ltr'><strong>contendunt,</strong></span> <span class='ocrx_word' id='word_1_760' title='bbox 1557 4800 1611 4848; x_wconf 91' lang='lat' dir='ltr'><strong>et</strong></span> <span class='ocrx_word' id='word_1_761' title='bbox 1631 4790 1752 4860; x_wconf 75' lang='lat' dir='ltr'><strong>Spi-</strong></span> 
     </span>
    </p>
   </div>
   <div class='ocr_carea' id='block_1_93' title="bbox 173 4876 1749 4948">
    <p class='ocr_par' dir='ltr' id='par_1_93' title="bbox 173 4876 1749 4948">
     <span class='ocr_line' id='line_1_93' title="bbox 173 4876 1749 4948; baseline 0.008 -21"><span class='ocrx_word' id='word_1_762' title='bbox 173 4876 331 4930; x_wconf 82' lang='lat' dir='ltr'><strong>ritum</strong></span> <span class='ocrx_word' id='word_1_763' title='bbox 370 4878 651 4933; x_wconf 81' lang='lat' dir='ltr'><strong>sanctum?</strong></span> <span class='ocrx_word' id='word_1_764' title='bbox 678 4880 773 4948; x_wconf 81' lang='lat' dir='ltr'><strong>qui</strong></span> <span class='ocrx_word' id='word_1_765' title='bbox 813 4891 937 4935; x_wconf 83' lang='lat' dir='ltr'><strong>cum</strong></span> <span class='ocrx_word' id='word_1_766' title='bbox 980 4884 1096 4936; x_wconf 78' lang='lat' dir='ltr'><strong>lucc</strong></span> <span class='ocrx_word' id='word_1_767' title='bbox 1142 4881 1372 4938; x_wconf 87' lang='lat' dir='ltr'><strong>dicant:</strong></span> <span class='ocrx_word' id='word_1_768' title='bbox 1420 4882 1478 4938; x_wconf 87' lang='lat' dir='ltr'><strong>In</strong></span> <span class='ocrx_word' id='word_1_769' title='bbox 1528 4886 1749 4940; x_wconf 88' lang='lat' dir='ltr'><strong>nomine</strong></span> 
     </span>
    </p>
   </div>
   <div class='ocr_carea' id='block_1_94' title="bbox 172 4962 1750 5043">
    <p class='ocr_par' dir='ltr' id='par_1_94' title="bbox 172 4962 1750 5043">
     <span class='ocr_line' id='line_1_94' title="bbox 172 4962 1750 5043; baseline 0.006 -22"><span class='ocrx_word' id='word_1_770' title='bbox 172 4963 346 5023; x_wconf 71' lang='lat' dir='ltr'><strong>Patris</strong></span> <span class='ocrx_word' id='word_1_771' title='bbox 367 4977 420 5024; x_wconf 87' lang='lat' dir='ltr'><strong>et</strong></span> <span class='ocrx_word' id='word_1_772' title='bbox 444 4966 565 5025; x_wconf 80' lang='lat' dir='ltr'><strong>Filii</strong></span> <span class='ocrx_word' id='word_1_773' title='bbox 595 4980 651 5026; x_wconf 90' lang='lat' dir='ltr'><strong>et</strong></span> <span class='ocrx_word' id='word_1_774' title='bbox 679 4970 913 5042; x_wconf 85' lang='lat' dir='ltr'><strong>Spiritus</strong></span> <span class='ocrx_word' id='word_1_775' title='bbox 948 4973 1161 5038; x_wconf 85' lang='lat' dir='ltr'><strong>sancti;</strong></span> <span class='ocrx_word' id='word_1_776' title='bbox 1193 4975 1358 5029; x_wconf 87' lang='lat' dir='ltr'><strong>etiam</strong></span> <span class='ocrx_word' id='word_1_777' title='bbox 1393 4974 1495 5043; x_wconf 84' lang='lat' dir='ltr'><strong>ipsi</strong></span> <span class='ocrx_word' id='word_1_778' title='bbox 1524 4991 1654 5031; x_wconf 87' lang='lat' dir='ltr'><strong>suos</strong></span> <span class='ocrx_word' id='word_1_779' title='bbox 1690 4962 1750 5031; x_wconf 78' lang='lat' dir='ltr'><strong>se</strong></span> 
     </span>
    </p>
   </div>
   <div class='ocr_carea' id='block_1_95' title="bbox 174 5058 1752 5141">
    <p class='ocr_par' dir='ltr' id='par_1_95' title="bbox 174 5058 1752 5141">
     <span class='ocr_line' id='line_1_95' title="bbox 174 5058 1752 5141; baseline 0.006 -27"><span class='ocrx_word' id='word_1_780' title='bbox 174 5058 438 5127; x_wconf 69' lang='lat' dir='ltr'><strong>Mptiaire</strong></span> <span class='ocrx_word' id='word_1_781' title='bbox 462 5077 569 5118; x_wconf 88' lang='lat' dir='ltr'><strong>non</strong></span> <span class='ocrx_word' id='word_1_782' title='bbox 591 5063 884 5135; x_wconf 69' lang='lat' dir='ltr'><strong>denegant,</strong></span> <span class='ocrx_word' id='word_1_783' title='bbox 917 5075 973 5121; x_wconf 88' lang='lat' dir='ltr'><strong>et</strong></span> <span class='ocrx_word' id='word_1_784' title='bbox 998 5066 1232 5122; x_wconf 87' lang='lat' dir='ltr'><strong>credunt</strong></span> <span class='ocrx_word' id='word_1_785' title='bbox 1266 5082 1365 5139; x_wconf 88' lang='lat' dir='ltr'><strong>per</strong></span> <span class='ocrx_word' id='word_1_786' title='bbox 1394 5068 1665 5141; x_wconf 84' lang='lat' dir='ltr'><strong>baptisma</strong></span> <span class='ocrx_word' id='word_1_787' title='bbox 1699 5073 1752 5124; x_wconf 87' lang='lat' dir='ltr'><strong>in</strong></span> 
     </span>
    </p>
   </div>
   <div class='ocr_carea' id='block_1_96' title="bbox 170 5154 1757 5228">
    <p class='ocr_par' dir='ltr' id='par_1_96' title="bbox 170 5154 1757 5228">
     <span class='ocr_line' id='line_1_96' title="bbox 170 5154 1757 5228; baseline 0.006 -20"><span class='ocrx_word' id='word_1_788' title='bbox 170 5154 533 5211; x_wconf 78' lang='lat' dir='ltr'><strong>remissionem</strong></span> <span class='ocrx_word' id='word_1_789' title='bbox 578 5166 927 5228; x_wconf 86' lang='lat' dir='ltr'><strong>peccatorum</strong></span> <span class='ocrx_word' id='word_1_790' title='bbox 979 5160 1231 5218; x_wconf 86' lang='lat' dir='ltr'><strong>similiter</strong></span> <span class='ocrx_word' id='word_1_791' title='bbox 1273 5162 1434 5218; x_wconf 78' lang='lat' dir='ltr'><strong>etiam</strong></span> <span class='ocrx_word' id='word_1_792' title='bbox 1485 5162 1661 5219; x_wconf 82' lang='lat' dir='ltr'><strong>Patris</strong></span> <span class='ocrx_word' id='word_1_793' title='bbox 1702 5176 1757 5219; x_wconf 84' lang='lat' dir='ltr'><strong>ct</strong></span> 
     </span>
    </p>
   </div>
   <div class='ocr_carea' id='block_1_97' title="bbox 170 5242 1753 5328">
    <p class='ocr_par' dir='ltr' id='par_1_97' title="bbox 170 5242 1753 5328">
     <span class='ocr_line' id='line_1_97' title="bbox 170 5242 1753 5328; baseline 0.008 -26"><span class='ocrx_word' id='word_1_794' title='bbox 170 5242 289 5304; x_wconf 81' lang='lat' dir='ltr'><strong>Filii</strong></span> <span class='ocrx_word' id='word_1_795' title='bbox 336 5261 390 5307; x_wconf 88' lang='lat' dir='ltr'><strong>et</strong></span> <span class='ocrx_word' id='word_1_796' title='bbox 433 5249 672 5322; x_wconf 81' lang='lat' dir='ltr'><strong>Spiritus</strong></span> <span class='ocrx_word' id='word_1_797' title='bbox 718 5254 889 5310; x_wconf 81' lang='lat' dir='ltr'><strong>sancti</strong></span> <span class='ocrx_word' id='word_1_798' title='bbox 936 5255 1363 5312; x_wconf 79' lang='lat' dir='ltr'><strong>sanctiﬁcatione</strong></span> <span class='ocrx_word' id='word_1_799' title='bbox 1408 5258 1753 5328; x_wconf 72' lang='lat' dir='ltr'><strong>dignandos:</strong></span> 
     </span>
    </p>
   </div>
   <div class='ocr_carea' id='block_1_98' title="bbox 171 5345 1756 5420">
    <p class='ocr_par' dir='ltr' id='par_1_98' title="bbox 171 5345 1756 5420">
     <span class='ocr_line' id='line_1_98' title="bbox 171 5345 1756 5420; baseline 0.008 -26"><span class='ocrx_word' id='word_1_800' title='bbox 171 5353 275 5395; x_wconf 75' lang='lat' dir='ltr'><strong>non</strong></span> <span class='ocrx_word' id='word_1_801' title='bbox 301 5353 475 5401; x_wconf 64' lang='lat' dir='ltr'><strong>tamen</strong></span> <span class='ocrx_word' id='word_1_802' title='bbox 497 5346 757 5401; x_wconf 74' lang='lat' dir='ltr'><strong>desinunt</strong></span> <span class='ocrx_word' id='word_1_803' title='bbox 777 5345 1217 5417; x_wconf 84' lang='lat' dir='ltr'><strong>blasphemantes</strong></span> <span class='ocrx_word' id='word_1_804' title='bbox 1240 5350 1295 5405; x_wconf 88' lang='lat' dir='ltr'><strong>in</strong></span> <span class='ocrx_word' id='word_1_805' title='bbox 1324 5350 1522 5405; x_wconf 79' lang='lat' dir='ltr'><strong>Filium</strong></span> <span class='ocrx_word' id='word_1_806' title='bbox 1557 5362 1613 5408; x_wconf 89' lang='lat' dir='ltr'><strong>et</strong></span> <span class='ocrx_word' id='word_1_807' title='bbox 1631 5353 1756 5420; x_wconf 62' lang='lat' dir='ltr'><strong>Spio</strong></span> 
     </span>
    </p>
   </div>
   <div class='ocr_carea' id='block_1_99' title="bbox 172 5432 1761 5504">
    <p class='ocr_par' dir='ltr' id='par_1_99' title="bbox 172 5432 1761 5504">
     <span class='ocr_line' id='line_1_99' title="bbox 172 5432 1761 5504; baseline 0.011 -19"><span class='ocrx_word' id='word_1_808' title='bbox 172 5432 330 5488; x_wconf 84' lang='lat' dir='ltr'><strong>ritum</strong></span> <span class='ocrx_word' id='word_1_809' title='bbox 364 5448 632 5504; x_wconf 86' lang='lat' dir='ltr'><strong>sanctum,</strong></span> <span class='ocrx_word' id='word_1_810' title='bbox 668 5452 794 5494; x_wconf 87' lang='lat' dir='ltr'><strong>eum</strong></span> <span class='ocrx_word' id='word_1_811' title='bbox 828 5439 1097 5497; x_wconf 84' lang='lat' dir='ltr'><strong>deberent</strong></span> <span class='ocrx_word' id='word_1_812' title='bbox 1129 5442 1375 5499; x_wconf 62' lang='lat' dir='ltr'><strong>caecitate</strong></span> <span class='ocrx_word' id='word_1_813' title='bbox 1403 5445 1617 5500; x_wconf 88' lang='lat' dir='ltr'><strong>tandem</strong></span> <span class='ocrx_word' id='word_1_814' title='bbox 1660 5447 1761 5501; x_wconf 86' lang='lat' dir='ltr'><strong>ali-</strong></span> 
     </span>
    </p>
   </div>
   <div class='ocr_carea' id='block_1_100' title="bbox 174 5527 1760 5608">
    <p class='ocr_par' dir='ltr' id='par_1_100' title="bbox 174 5527 1760 5608">
     <span class='ocr_line' id='line_1_100' title="bbox 174 5527 1760 5608; baseline 0.009 -27"><span class='ocrx_word' id='word_1_815' title='bbox 174 5527 381 5596; x_wconf 82' lang='lat' dir='ltr'><strong>quando</strong></span> <span class='ocrx_word' id='word_1_816' title='bbox 414 5528 626 5587; x_wconf 85' lang='lat' dir='ltr'><strong>liberati</strong></span> <span class='ocrx_word' id='word_1_817' title='bbox 665 5532 942 5605; x_wconf 87' lang='lat' dir='ltr'><strong>respicere</strong></span> <span class='ocrx_word' id='word_1_818' title='bbox 988 5544 1044 5593; x_wconf 91' lang='lat' dir='ltr'><strong>et</strong></span> <span class='ocrx_word' id='word_1_819' title='bbox 1085 5535 1409 5608; x_wconf 80' lang='lat' dir='ltr'><strong>intelligere,</strong></span> <span class='ocrx_word' id='word_1_820' title='bbox 1456 5554 1563 5594; x_wconf 89' lang='lat' dir='ltr'><strong>non</strong></span> <span class='ocrx_word' id='word_1_821' title='bbox 1601 5541 1760 5596; x_wconf 85' lang='lat' dir='ltr'><strong>aliter</strong></span> 
     </span>
    </p>
   </div>
   <div class='ocr_carea' id='block_1_101' title="bbox 174 5616 1761 5700">
    <p class='ocr_par' dir='ltr' id='par_1_101' title="bbox 174 5616 1761 5700">
     <span class='ocr_line' id='line_1_101' title="bbox 174 5616 1761 5700; baseline 0.011 -28"><span class='ocrx_word' id='word_1_822' title='bbox 174 5616 467 5681; x_wconf 81' lang='lat' dir='ltr'><strong>libertatem</strong></span> <span class='ocrx_word' id='word_1_823' title='bbox 522 5624 741 5682; x_wconf 75' lang='lat' dir='ltr'><strong>famulis</strong></span> <span class='ocrx_word' id='word_1_824' title='bbox 795 5642 960 5698; x_wconf 89' lang='lat' dir='ltr'><strong>posse</strong></span> <span class='ocrx_word' id='word_1_825' title='bbox 1009 5632 1272 5700; x_wconf 56' lang='lat' dir='ltr'><strong>praestari,</strong></span> <span class='ocrx_word' id='word_1_826' title='bbox 1309 5632 1411 5687; x_wconf 85' lang='lat' dir='ltr'><strong>nisi</strong></span> <span class='ocrx_word' id='word_1_827' title='bbox 1452 5650 1483 5687; x_wconf 87' lang='lat' dir='ltr'><strong>a</strong></span> <span class='ocrx_word' id='word_1_828' title='bbox 1527 5632 1761 5690; x_wconf 82' lang='lat' dir='ltr'><strong>Domino</strong></span> 
     </span>
    </p>
   </div>
   <div class='ocr_carea' id='block_1_102' title="bbox 171 5713 1758 5785">
    <p class='ocr_par' dir='ltr' id='par_1_102' title="bbox 171 5713 1758 5785">
     <span class='ocr_line' id='line_1_102' title="bbox 171 5713 1758 5785; baseline 0.008 -14"><span class='ocrx_word' id='word_1_829' title='bbox 171 5713 409 5785; x_wconf 69' lang='lat' dir='ltr'><strong>proprio.</strong></span> <span class='ocrx_word' id='word_1_830' title='bbox 446 5716 545 5776; x_wconf 84' lang='lat' dir='ltr'><strong>Sin</strong></span> <span class='ocrx_word' id='word_1_831' title='bbox 578 5735 709 5777; x_wconf 80' lang='lat' dir='ltr'><strong>vero</strong></span> <span class='ocrx_word' id='word_1_832' title='bbox 745 5720 984 5779; x_wconf 82' lang='lat' dir='ltr'><strong>dixerint</strong></span> <span class='ocrx_word' id='word_1_833' title='bbox 1028 5740 1059 5781; x_wconf 88' lang='lat' dir='ltr'><strong>a</strong></span> <span class='ocrx_word' id='word_1_834' title='bbox 1096 5726 1214 5782; x_wconf 87' lang='lat' dir='ltr'><strong>solo</strong></span> <span class='ocrx_word' id='word_1_835' title='bbox 1244 5725 1403 5782; x_wconf 83' lang='lat' dir='ltr'><strong>Patre</strong></span> <span class='ocrx_word' id='word_1_836' title='bbox 1446 5726 1758 5784; x_wconf 85' lang='lat' dir='ltr'><strong>libertatem</strong></span> 
     </span>
    </p>
   </div>
   <div class='ocr_carea' id='block_1_103' title="bbox 173 5805 1761 5891">
    <p class='ocr_par' dir='ltr' id='par_1_103' title="bbox 173 5805 1761 5891">
     <span class='ocr_line' id='line_1_103' title="bbox 173 5805 1761 5891; baseline 0.012 -32"><span class='ocrx_word' id='word_1_837' title='bbox 173 5807 264 5863; x_wconf 77' lang='lat' dir='ltr'><strong>vel</strong></span> <span class='ocrx_word' id='word_1_838' title='bbox 303 5805 687 5881; x_wconf 67' lang='lat' dir='ltr'><strong>indulgentiam</strong></span> <span class='ocrx_word' id='word_1_839' title='bbox 732 5824 1077 5886; x_wconf 70' lang='lat' dir='ltr'><strong>peccatorum</strong></span> <span class='ocrx_word' id='word_1_840' title='bbox 1126 5832 1224 5876; x_wconf 81' lang='lat' dir='ltr'><strong>eos</strong></span> <span class='ocrx_word' id='word_1_841' title='bbox 1270 5820 1361 5891; x_wconf 90' lang='lat' dir='ltr'><strong>qui</strong></span> <span class='ocrx_word' id='word_1_842' title='bbox 1420 5819 1761 5891; x_wconf 82' lang='lat' dir='ltr'><strong>baptizantur</strong></span> 
     </span>
    </p>
   </div>
   <div class='ocr_carea' id='block_1_104' title="bbox 441 5905 1055 5971">
    <p class='ocr_par' dir='ltr' id='par_1_104' title="bbox 441 5905 1055 5971">
     <span class='ocr_line' id='line_1_104' title="bbox 441 5905 1055 5971; baseline 0.003 -2"><span class='ocrx_word' id='word_1_843' title='bbox 441 5905 717 5971; x_wconf 56' lang='lat' dir='ltr'><strong>Panos&quot;</strong></span> <span class='ocrx_word' id='word_1_844' title='bbox 763 5908 1055 5971; x_wconf 71' lang='lat' dir='ltr'><strong>XLVI&quot;.</strong></span> 
     </span>
    </p>
   </div>
   <div class='ocr_carea' id='block_1_105' title="bbox 1852 4685 3448 4757">
    <p class='ocr_par' dir='ltr' id='par_1_105' title="bbox 1852 4685 3448 4757">
     <span class='ocr_line' id='line_1_105' title="bbox 1852 4685 3448 4757; baseline -0.001 -16"><span class='ocrx_word' id='word_1_845' title='bbox 1852 4689 1944 4742; x_wconf 84' lang='lat' dir='ltr'><strong>nia</strong></span> <span class='ocrx_word' id='word_1_846' title='bbox 1989 4701 2321 4755; x_wconf 72' lang='lat' dir='ltr'><strong>qumoumque</strong></span> <span class='ocrx_word' id='word_1_847' title='bbox 2364 4686 2518 4739; x_wconf 80' lang='lat' dir='ltr'><strong>rolnit</strong></span> <span class='ocrx_word' id='word_1_848' title='bbox 2565 4685 2817 4741; x_wconf 81' lang='lat' dir='ltr'><strong>Dominus</strong></span> <span class='ocrx_word' id='word_1_849' title='bbox 2847 4688 2984 4757; x_wconf 77' lang='lat' dir='ltr'><strong>fecit,</strong></span> <span class='ocrx_word' id='word_1_850' title='bbox 3020 4688 3072 4741; x_wconf 85' lang='lat' dir='ltr'><strong>in</strong></span> <span class='ocrx_word' id='word_1_851' title='bbox 3121 4687 3267 4752; x_wconf 77' lang='lat' dir='ltr'><strong>coelo,</strong></span> <span class='ocrx_word' id='word_1_852' title='bbox 3299 4694 3345 4741; x_wconf 84' lang='lat' dir='ltr'><strong>et</strong></span> <span class='ocrx_word' id='word_1_853' title='bbox 3392 4688 3448 4740; x_wconf 85' lang='lat' dir='ltr'><strong>in</strong></span> 
     </span>
    </p>
   </div>
   <div class='ocr_carea' id='block_1_106' title="bbox 1862 4778 3444 4851">
    <p class='ocr_par' dir='ltr' id='par_1_106' title="bbox 1862 4778 3444 4851">
     <span class='ocr_line' id='line_1_106' title="bbox 1862 4778 3444 4851; baseline -0.001 -16"><span class='ocrx_word' id='word_1_854' title='bbox 1862 4793 2022 4846; x_wconf 81' lang='lat' dir='ltr'><strong>terra,</strong></span> <span class='ocrx_word' id='word_1_855' title='bbox 2056 4781 2109 4833; x_wconf 86' lang='lat' dir='ltr'><strong>in</strong></span> <span class='ocrx_word' id='word_1_856' title='bbox 2139 4781 2294 4847; x_wconf 84' lang='lat' dir='ltr'><strong>mari,</strong></span> <span class='ocrx_word' id='word_1_857' title='bbox 2317 4788 2363 4834; x_wconf 85' lang='lat' dir='ltr'><strong>et</strong></span> <span class='ocrx_word' id='word_1_858' title='bbox 2394 4780 2446 4834; x_wconf 88' lang='lat' dir='ltr'><strong>in</strong></span> <span class='ocrx_word' id='word_1_859' title='bbox 2469 4780 2700 4834; x_wconf 81' lang='lat' dir='ltr'><strong>omnibus</strong></span> <span class='ocrx_word' id='word_1_860' title='bbox 2723 4779 2921 4846; x_wconf 76' lang='lat' dir='ltr'><strong>ubqssis</strong></span> <span class='ocrx_word' id='word_1_861' title='bbox 2954 4778 3072 4848; x_wconf 83' lang='lat' dir='ltr'><strong>(Ps.</strong></span> <span class='ocrx_word' id='word_1_862' title='bbox 3100 4793 3331 4847; x_wconf 73' lang='lat' dir='ltr'><strong>currv,</strong></span> <span class='ocrx_word' id='word_1_863' title='bbox 3364 4780 3444 4851; x_wconf 81' lang='lat'><strong>6).</strong></span> 
     </span>
    </p>
   </div>
   <div class='ocr_carea' id='block_1_107' title="bbox 1934 4916 3453 4986">
    <p class='ocr_par' dir='ltr' id='par_1_107' title="bbox 1934 4916 3453 4986">
     <span class='ocr_line' id='line_1_107' title="bbox 1934 4916 3453 4986; baseline -0.003 -15"><span class='ocrx_word' id='word_1_864' title='bbox 1934 4918 2168 4986; x_wconf 73' lang='lat' dir='ltr'><strong>ltlipsnm</strong></span> <span class='ocrx_word' id='word_1_865' title='bbox 2202 4916 2386 4971; x_wconf 76' lang='lat' dir='ltr'><strong>Patres</strong></span> <span class='ocrx_word' id='word_1_866' title='bbox 2421 4916 2662 4985; x_wconf 83' lang='lat' dir='ltr'><strong>ejusdem</strong></span> <span class='ocrx_word' id='word_1_867' title='bbox 2690 4918 2885 4983; x_wconf 66' lang='lat' dir='ltr'><strong>(etatis,</strong></span> <span class='ocrx_word' id='word_1_868' title='bbox 2911 4924 3173 4985; x_wconf 83' lang='lat' dir='ltr'><strong>qu0tqnot</strong></span> <span class='ocrx_word' id='word_1_869' title='bbox 3195 4916 3263 4971; x_wconf 87' lang='lat' dir='ltr'><strong>de</strong></span> <span class='ocrx_word' id='word_1_870' title='bbox 3300 4932 3453 4972; x_wconf 74' lang='lat' dir='ltr'><strong>cren.</strong></span> 
     </span>
    </p>
   </div>
   <div class='ocr_carea' id='block_1_108' title="bbox 1863 4989 3454 5057">
    <p class='ocr_par' dir='ltr' id='par_1_108' title="bbox 1863 4989 3454 5057">
     <span class='ocr_line' id='line_1_108' title="bbox 1863 4989 3454 5057; baseline 0.001 -16"><span class='ocrx_word' id='word_1_871' title='bbox 1863 4990 2010 5042; x_wconf 74' lang='lat' dir='ltr'><strong>tione</strong></span> <span class='ocrx_word' id='word_1_872' title='bbox 2041 4989 2224 5043; x_wconf 86' lang='lat' dir='ltr'><strong>mundi</strong></span> <span class='ocrx_word' id='word_1_873' title='bbox 2251 4993 2609 5057; x_wconf 75' lang='lat' dir='ltr'><strong>scripserunt,</strong></span> <span class='ocrx_word' id='word_1_874' title='bbox 2634 4990 2897 5041; x_wconf 85' lang='lat' dir='ltr'><strong>adversus</strong></span> <span class='ocrx_word' id='word_1_875' title='bbox 2926 4989 3187 5057; x_wconf 71' lang='lat' dir='ltr'><strong>gentiles,</strong></span> <span class='ocrx_word' id='word_1_876' title='bbox 3224 4989 3366 5053; x_wconf 76' lang='lat' dir='ltr'><strong>sive,</strong></span> <span class='ocrx_word' id='word_1_877' title='bbox 3400 5005 3454 5043; x_wconf 85' lang='lat' dir='ltr'><strong>ut</strong></span> 
     </span>
    </p>
   </div>
   <div class='ocr_carea' id='block_1_109' title="bbox 1862 5059 3453 5129">
    <p class='ocr_par' dir='ltr' id='par_1_109' title="bbox 1862 5059 3453 5129">
     <span class='ocr_line' id='line_1_109' title="bbox 1862 5059 3453 5129; baseline 0.001 -16"><span class='ocrx_word' id='word_1_878' title='bbox 1862 5065 2031 5124; x_wconf 75' lang='lat' dir='ltr'><strong>aiunt,</strong></span> <span class='ocrx_word' id='word_1_879' title='bbox 2067 5060 2309 5119; x_wconf 70' lang='lat' dir='ltr'><strong>Graecos,</strong></span> <span class='ocrx_word' id='word_1_880' title='bbox 2343 5062 2392 5113; x_wconf 85' lang='lat' dir='ltr'><strong>id</strong></span> <span class='ocrx_word' id='word_1_881' title='bbox 2424 5070 2527 5125; x_wconf 84' lang='lat' dir='ltr'><strong>est,</strong></span> <span class='ocrx_word' id='word_1_882' title='bbox 2556 5059 2830 5115; x_wconf 73' lang='lat' dir='ltr'><strong>Plutonem</strong></span> <span class='ocrx_word' id='word_1_883' title='bbox 2865 5068 2919 5113; x_wconf 82' lang='lat' dir='ltr'><strong>et</strong></span> <span class='ocrx_word' id='word_1_884' title='bbox 2954 5059 3320 5127; x_wconf 68' lang='lat' dir='ltr'><strong>Aristotelem,</strong></span> <span class='ocrx_word' id='word_1_885' title='bbox 3357 5078 3453 5129; x_wconf 85' lang='lat' dir='ltr'><strong>pu-</strong></span> 
     </span>
    </p>
   </div>
   <div class='ocr_carea' id='block_1_110' title="bbox 1858 5129 3444 5198">
    <p class='ocr_par' dir='ltr' id='par_1_110' title="bbox 1858 5129 3444 5198">
     <span class='ocr_line' id='line_1_110' title="bbox 1858 5129 3444 5198; baseline -0.001 -13"><span class='ocrx_word' id='word_1_886' title='bbox 1858 5144 2115 5197; x_wconf 70' lang='lat' dir='ltr'><strong>tznarunt.</strong></span> <span class='ocrx_word' id='word_1_887' title='bbox 2143 5132 2349 5185; x_wconf 82' lang='lat' dir='ltr'><strong>Auctor</strong></span> <span class='ocrx_word' id='word_1_888' title='bbox 2381 5132 2500 5185; x_wconf 81' lang='lat' dir='ltr'><strong>libri</strong></span> <span class='ocrx_word' id='word_1_889' title='bbox 2527 5133 2896 5197; x_wconf 73' lang='lat' dir='ltr'><strong>Qnmstiottttm</strong></span> <span class='ocrx_word' id='word_1_890' title='bbox 2928 5132 2993 5185; x_wconf 84' lang='lat' dir='ltr'><strong>ad</strong></span> <span class='ocrx_word' id='word_1_891' title='bbox 3023 5129 3271 5198; x_wconf 65' lang='lat' dir='ltr'><strong>Graecos,</strong></span> <span class='ocrx_word' id='word_1_892' title='bbox 3316 5145 3444 5186; x_wconf 84' lang='lat' dir='ltr'><strong>etc...</strong></span> 
     </span>
    </p>
   </div>
   <div class='ocr_carea' id='block_1_111' title="bbox 1861 5203 3457 5268">
    <p class='ocr_par' dir='ltr' id='par_1_111' title="bbox 1861 5203 3457 5268">
     <span class='ocr_line' id='line_1_111' title="bbox 1861 5203 3457 5268; baseline 0 -11"><span class='ocrx_word' id='word_1_893' title='bbox 1861 5203 2128 5264; x_wconf 84' lang='lat' dir='ltr'><strong>Basilius,</strong></span> <span class='ocrx_word' id='word_1_894' title='bbox 2174 5204 2533 5262; x_wconf 68' lang='lat' dir='ltr'><strong>Ambrosius.</strong></span> <span class='ocrx_word' id='word_1_895' title='bbox 2582 5214 2769 5258; x_wconf 71' lang='lat' dir='ltr'><strong>auctor</strong></span> <span class='ocrx_word' id='word_1_896' title='bbox 2814 5204 3180 5268; x_wconf 62' lang='lat' dir='ltr'><strong>Quu&#39;stiommt</strong></span> <span class='ocrx_word' id='word_1_897' title='bbox 3232 5206 3353 5258; x_wconf 81' lang='lat' dir='ltr'><strong>novi</strong></span> <span class='ocrx_word' id='word_1_898' title='bbox 3402 5216 3457 5257; x_wconf 80' lang='lat' dir='ltr'><strong>t-t</strong></span> 
     </span>
    </p>
   </div>
   <div class='ocr_carea' id='block_1_112' title="bbox 1860 5274 3453 5340">
    <p class='ocr_par' dir='ltr' id='par_1_112' title="bbox 1860 5274 3453 5340">
     <span class='ocr_line' id='line_1_112' title="bbox 1860 5274 3453 5340; baseline -0.001 -11"><span class='ocrx_word' id='word_1_899' title='bbox 1860 5278 2061 5330; x_wconf 74' lang='lat' dir='ltr'><strong>veteris</strong></span> <span class='ocrx_word' id='word_1_900' title='bbox 2089 5274 2445 5338; x_wconf 64' lang='lat' dir='ltr'><strong>&#39;l&#39;estamenti,</strong></span> <span class='ocrx_word' id='word_1_901' title='bbox 2481 5284 2533 5327; x_wconf 73' lang='lat' dir='ltr'><strong>rt</strong></span> <span class='ocrx_word' id='word_1_902' title='bbox 2562 5277 2648 5340; x_wconf 79' lang='lat' dir='ltr'><strong>qui</strong></span> <span class='ocrx_word' id='word_1_903' title='bbox 2690 5292 2794 5329; x_wconf 72' lang='lat' dir='ltr'><strong>non</strong></span> <span class='ocrx_word' id='word_1_904' title='bbox 2822 5274 2953 5327; x_wconf 77' lang='lat' dir='ltr'><strong>alii?</strong></span> <span class='ocrx_word' id='word_1_905' title='bbox 2986 5275 3113 5327; x_wconf 52' lang='lat' dir='ltr'><strong>Erat</strong></span> <span class='ocrx_word' id='word_1_906' title='bbox 3144 5284 3321 5329; x_wconf 82' lang='lat' dir='ltr'><strong>autem</strong></span> <span class='ocrx_word' id='word_1_907' title='bbox 3352 5276 3453 5328; x_wconf 79' lang='lat' dir='ltr'><strong>hoc</strong></span> 
     </span>
    </p>
   </div>
   <div class='ocr_carea' id='block_1_113' title="bbox 1859 5345 3455 5419">
    <p class='ocr_par' dir='ltr' id='par_1_113' title="bbox 1859 5345 3455 5419">
     <span class='ocr_line' id='line_1_113' title="bbox 1859 5345 3455 5419; baseline 0.003 -20"><span class='ocrx_word' id='word_1_908' title='bbox 1859 5347 2146 5419; x_wconf 62' lang='lat' dir='ltr'><strong>gentilium</strong></span> <span class='ocrx_word' id='word_1_909' title='bbox 2176 5347 2428 5419; x_wconf 51' lang='lat' dir='ltr'><strong>placitum</strong></span> <span class='ocrx_word' id='word_1_910' title='bbox 2451 5364 2463 5398; x_wconf 89' lang='lat'><strong>:</strong></span> <span class='ocrx_word' id='word_1_911' title='bbox 2488 5355 2560 5419; x_wconf 77' lang='grc' dir='ltr'><strong>τῷ</strong></span> <span class='ocrx_word' id='word_1_912' title='bbox 2586 5345 2713 5403; x_wconf 78' lang='grc' dir='ltr'><strong>εἶναι</strong></span> <span class='ocrx_word' id='word_1_913' title='bbox 2738 5350 2818 5401; x_wconf 80' lang='grc' dir='ltr'><strong>καὶ</strong></span> <span class='ocrx_word' id='word_1_914' title='bbox 2848 5348 2905 5402; x_wconf 78' lang='grc' dir='ltr'><strong>οὐ</strong></span> <span class='ocrx_word' id='word_1_915' title='bbox 2925 5353 2999 5419; x_wconf 81' lang='grc' dir='ltr'>τῷ</span> <span class='ocrx_word' id='word_1_916' title='bbox 3026 5346 3297 5419; x_wconf 58' lang='grc' dir='ltr'><strong>βούλιςοαι</strong></span> <span class='ocrx_word' id='word_1_917' title='bbox 3317 5356 3455 5404; x_wconf 73' lang='grc' dir='ltr'>ποιεῖ</span> 
     </span>
    </p>
   </div>
   <div class='ocr_carea' id='block_1_114' title="bbox 1863 5417 3449 5490">
    <p class='ocr_par' dir='ltr' id='par_1_114' title="bbox 1863 5417 3449 5490">
     <span class='ocr_line' id='line_1_114' title="bbox 1863 5417 3449 5490; baseline -0.002 -15"><span class='ocrx_word' id='word_1_918' title='bbox 1863 5418 1889 5474; x_wconf 83' lang='grc' dir='ltr'>ὁ</span> <span class='ocrx_word' id='word_1_919' title='bbox 1916 5421 2059 5479; x_wconf 73' lang='grc' dir='ltr'><strong>Θεὸς.</strong></span> <span class='ocrx_word' id='word_1_920' title='bbox 2093 5417 2222 5471; x_wconf 70' lang='lat' dir='ltr'><strong>Vide</strong></span> <span class='ocrx_word' id='word_1_921' title='bbox 2250 5417 2512 5471; x_wconf 72' lang='lat' dir='ltr'><strong>.lnattnem</strong></span> <span class='ocrx_word' id='word_1_922' title='bbox 2535 5417 2899 5490; x_wconf 80' lang='lat' dir='ltr'><strong>Philopouutu</strong></span> <span class='ocrx_word' id='word_1_923' title='bbox 2913 5417 3173 5474; x_wconf 82' lang='lat' dir='ltr'><strong>adversus</strong></span> <span class='ocrx_word' id='word_1_924' title='bbox 3197 5418 3449 5474; x_wconf 84' lang='lat' dir='ltr'><strong>Proetum</strong></span> 
     </span>
    </p>
   </div>
   <div class='ocr_carea' id='block_1_115' title="bbox 1863 5491 2500 5545">
    <p class='ocr_par' dir='ltr' id='par_1_115' title="bbox 1863 5491 2500 5545">
     <span class='ocr_line' id='line_1_115' title="bbox 1863 5491 2500 5545; baseline -0.003 0"><span class='ocrx_word' id='word_1_925' title='bbox 1863 5492 1931 5545; x_wconf 84' lang='lat' dir='ltr'><strong>de</strong></span> <span class='ocrx_word' id='word_1_926' title='bbox 1959 5491 2261 5544; x_wconf 66' lang='lat' dir='ltr'><strong>aeternitate</strong></span> <span class='ocrx_word' id='word_1_927' title='bbox 2292 5491 2500 5543; x_wconf 85' lang='lat' dir='ltr'><strong>mundi.</strong></span> 
     </span>
    </p>
   </div>
   <div class='ocr_carea' id='block_1_116' title="bbox 1939 5624 3449 5698">
    <p class='ocr_par' dir='ltr' id='par_1_116' title="bbox 1939 5624 3449 5698">
     <span class='ocr_line' id='line_1_116' title="bbox 1939 5624 3449 5698; baseline -0.003 -16"><span class='ocrx_word' id='word_1_928' title='bbox 1939 5631 2028 5682; x_wconf 79' lang='grc' dir='ltr'><strong>Π.</strong></span> <span class='ocrx_word' id='word_1_929' title='bbox 2060 5629 2116 5684; x_wconf 86' lang='lat' dir='ltr'><strong>Si</strong></span> <span class='ocrx_word' id='word_1_930' title='bbox 2158 5627 2319 5698; x_wconf 80' lang='lat' dir='ltr'><strong>igitur</strong></span> <span class='ocrx_word' id='word_1_931' title='bbox 2348 5640 2547 5698; x_wconf 86' lang='lat' dir='ltr'><strong>quanta</strong></span> <span class='ocrx_word' id='word_1_932' title='bbox 2574 5633 2708 5698; x_wconf 75' lang='lat' dir='ltr'><strong>vult,</strong></span> <span class='ocrx_word' id='word_1_933' title='bbox 2739 5632 2880 5685; x_wconf 86' lang='lat' dir='ltr'><strong>Deus</strong></span> <span class='ocrx_word' id='word_1_934' title='bbox 2902 5630 3029 5684; x_wconf 76' lang='lat' dir='ltr'><strong>facit</strong></span> <span class='ocrx_word' id='word_1_935' title='bbox 3053 5638 3112 5683; x_wconf 88' lang='lat' dir='ltr'><strong>et</strong></span> <span class='ocrx_word' id='word_1_936' title='bbox 3147 5635 3319 5688; x_wconf 85' lang='lat' dir='ltr'><strong>creat.</strong></span> <span class='ocrx_word' id='word_1_937' title='bbox 3346 5624 3449 5679; x_wconf 78' lang='lat' dir='ltr'><strong>im-</strong></span> 
     </span>
    </p>
   </div>
   <div class='ocr_carea' id='block_1_117' title="bbox 1864 5720 3449 5791">
    <p class='ocr_par' dir='ltr' id='par_1_117' title="bbox 1864 5720 3449 5791">
     <span class='ocr_line' id='line_1_117' title="bbox 1864 5720 3449 5791; baseline -0.003 -15"><span class='ocrx_word' id='word_1_938' title='bbox 1864 5724 1955 5790; x_wconf 89' lang='lat' dir='ltr'><strong>pie</strong></span> <span class='ocrx_word' id='word_1_939' title='bbox 1976 5721 2238 5789; x_wconf 74' lang='lat' dir='ltr'><strong>Origenes</strong></span> <span class='ocrx_word' id='word_1_940' title='bbox 2267 5735 2330 5777; x_wconf 86' lang='lat' dir='ltr'><strong>ac</strong></span> <span class='ocrx_word' id='word_1_941' title='bbox 2360 5724 2565 5780; x_wconf 71' lang='lat' dir='ltr'><strong>nefarie</strong></span> <span class='ocrx_word' id='word_1_942' title='bbox 2588 5724 2763 5779; x_wconf 78' lang='lat' dir='ltr'><strong>fatuus</strong></span> <span class='ocrx_word' id='word_1_943' title='bbox 2791 5731 2895 5791; x_wconf 68' lang='grc' dir='ltr'><strong>εει,</strong></span> <span class='ocrx_word' id='word_1_944' title='bbox 2925 5722 3014 5791; x_wconf 84' lang='lat' dir='ltr'><strong>qui</strong></span> <span class='ocrx_word' id='word_1_945' title='bbox 3041 5723 3117 5775; x_wconf 83' lang='lat' dir='ltr'><strong>sic</strong></span> <span class='ocrx_word' id='word_1_946' title='bbox 3143 5720 3280 5773; x_wconf 80' lang='lat' dir='ltr'><strong>dixtt</strong></span> <span class='ocrx_word' id='word_1_947' title='bbox 3303 5723 3449 5788; x_wconf 74' lang='lat' dir='ltr'><strong>(Lib.</strong></span> 
     </span>
    </p>
   </div>
   <div class='ocr_carea' id='block_1_118' title="bbox 1866 5811 3450 5893">
    <p class='ocr_par' dir='ltr' id='par_1_118' title="bbox 1866 5811 3450 5893">
     <span class='ocr_line' id='line_1_118' title="bbox 1866 5811 3450 5893; baseline -0.006 -20"><span class='ocrx_word' id='word_1_948' title='bbox 1866 5833 1902 5874; x_wconf 88' lang='lat' dir='ltr'><strong>tt</strong></span> <span class='ocrx_word' id='word_1_949' title='bbox 1927 5820 2047 5893; x_wconf 73' lang='grc' dir='ltr'><strong>Περὶ</strong></span> <span class='ocrx_word' id='word_1_950' title='bbox 2072 5815 2344 5893; x_wconf 65' lang='grc' dir='ltr'><strong>’Λρχῶηε</strong></span> <span class='ocrx_word' id='word_1_951' title='bbox 2378 5817 2495 5873; x_wconf 84' lang='lat' dir='ltr'><strong>Non</strong></span> <span class='ocrx_word' id='word_1_952' title='bbox 2516 5820 2696 5874; x_wconf 87' lang='lat' dir='ltr'><strong>omnia</strong></span> <span class='ocrx_word' id='word_1_953' title='bbox 2728 5832 2850 5889; x_wconf 66' lang='lat' dir='ltr'><strong>qua:</strong></span> <span class='ocrx_word' id='word_1_954' title='bbox 2891 5817 3064 5869; x_wconf 69' lang='lat' dir='ltr'><strong>voluit</strong></span> <span class='ocrx_word' id='word_1_955' title='bbox 3111 5814 3255 5869; x_wconf 74' lang='lat' dir='ltr'><strong>Deus</strong></span> <span class='ocrx_word' id='word_1_956' title='bbox 3299 5811 3450 5880; x_wconf 72' lang='lat' dir='ltr'><strong>fecit,</strong></span> 
     </span>
    </p>
   </div>
   <div class='ocr_carea' id='block_1_119' title="bbox 2900 5912 2975 5975">
    <p class='ocr_par' dir='ltr' id='par_1_119' title="bbox 2900 5912 2975 5975">
     <span class='ocr_line' id='line_1_119' title="bbox 2900 5912 2975 5975; baseline -0.04 0"><span class='ocrx_word' id='word_1_957' title='bbox 2900 5912 2975 5975; x_wconf 75' lang='lat'><strong>15</strong></span> 
     </span>
    </p>
   </div>
  </div>
