  <div class='ocr_page' id='page_1' title='image "/cluster/home/n/w/nwhite01/storage/ocr_20150623/48/uva.x000827092/242.png"; bbox 0 0 3852 6246; ppageno 0'>
   <div class='ocr_carea' id='block_1_1' title="bbox 164 292 3437 369">
    <p class='ocr_par' dir='ltr' id='par_1_1' title="bbox 164 292 3437 369">
     <span class='ocr_line' id='line_1_1' title="bbox 164 292 3437 369; baseline 0.002 -6"><span class='ocrx_word' id='word_1_1' title='bbox 164 305 245 366; x_wconf 73' lang='lat' dir='ltr'><strong>ist</strong></span> <span class='ocrx_word' id='word_1_2' title='bbox 325 305 635 367; x_wconf 76' lang='lat' dir='ltr'><strong>msssar.</strong></span> <span class='ocrx_word' id='word_1_3' title='bbox 674 300 748 363; x_wconf 77' lang='lat' dir='ltr'><strong>v.‘</strong></span> <span class='ocrx_word' id='word_1_4' title='bbox 784 300 877 363; x_wconf 74' lang='lat' dir='ltr'><strong>DE</strong></span> <span class='ocrx_word' id='word_1_5' title='bbox 912 302 1440 364; x_wconf 69' lang='lat' dir='ltr'><strong>LtnELthmst</strong></span> <span class='ocrx_word' id='word_1_6' title='bbox 1476 304 1788 367; x_wconf 74' lang='lat' dir='ltr'><strong>SCRIPTIS</strong></span> <span class='ocrx_word' id='word_1_7' title='bbox 1832 306 1917 361; x_wconf 65' lang='lat' dir='ltr'><strong>tu:</strong></span> <span class='ocrx_word' id='word_1_8' title='bbox 1954 292 2390 365; x_wconf 56' lang='lat' dir='ltr'><strong>“memoris</strong></span> <span class='ocrx_word' id='word_1_9' title='bbox 2432 303 3240 368; x_wconf 56' lang='grc' dir='ltr'><strong>ιιιειιεξιδορεωειωλερ</strong></span> <span class='ocrx_word' id='word_1_10' title='bbox 3313 299 3437 369; x_wconf 59' lang='lat' dir='ltr'><strong>ab?</strong></span> 
     </span>
    </p>
   </div>
   <div class='ocr_carea' id='block_1_2' title="bbox 159 410 3420 496">
    <p class='ocr_par' dir='ltr' id='par_1_2' title="bbox 159 418 3420 496">
     <span class='ocr_line' id='line_1_2' title="bbox 159 418 3420 496; baseline 0 -16"><span class='ocrx_word' id='word_1_11' title='bbox 159 418 394 495; x_wconf 83' lang='lat' dir='ltr'><strong>metipsos</strong></span> <span class='ocrx_word' id='word_1_12' title='bbox 430 424 775 480; x_wconf 85' lang='lat' dir='ltr'><strong>alienarunt:</strong></span> <span class='ocrx_word' id='word_1_13' title='bbox 810 433 864 479; x_wconf 89' lang='lat' dir='ltr'><strong>et</strong></span> <span class='ocrx_word' id='word_1_14' title='bbox 910 422 1117 479; x_wconf 83' lang='lat' dir='ltr'><strong>homini</strong></span> <span class='ocrx_word' id='word_1_15' title='bbox 1152 424 1369 496; x_wconf 83' lang='lat' dir='ltr'><strong>quidem</strong></span> <span class='ocrx_word' id='word_1_16' title='bbox 1420 439 1519 496; x_wconf 89' lang='lat' dir='ltr'><strong>per</strong></span> <span class='ocrx_word' id='word_1_17' title='bbox 1559 425 1722 480; x_wconf 58' lang='lat' dir='ltr'><strong>dcccc</strong></span> <span class='ocrx_word' id='word_1_18' title='bbox 1750 430 1800 487; x_wconf 74' lang='grc' dir='ltr'><strong>Α</strong></span> <span class='ocrx_word' id='word_1_19' title='bbox 1828 422 2148 493; x_wconf 70' lang='lat' dir='ltr'><strong>creterisque</strong></span> <span class='ocrx_word' id='word_1_20' title='bbox 2175 420 2529 479; x_wconf 79' lang='lat' dir='ltr'><strong>luminaribus</strong></span> <span class='ocrx_word' id='word_1_21' title='bbox 2552 432 2773 493; x_wconf 86' lang='lat' dir='ltr'><strong>oportet</strong></span> <span class='ocrx_word' id='word_1_22' title='bbox 2791 438 3063 494; x_wconf 80' lang='lat' dir='ltr'><strong>exponant</strong></span> <span class='ocrx_word' id='word_1_23' title='bbox 3085 441 3101 480; x_wconf 88' lang='lat'><strong>:</strong></span> <span class='ocrx_word' id='word_1_24' title='bbox 3127 424 3245 481; x_wconf 72' lang='lat' dir='ltr'><strong>haec</strong></span> <span class='ocrx_word' id='word_1_25' title='bbox 3272 427 3420 482; x_wconf 83' lang='lat' dir='ltr'><strong>enim</strong></span> 
     </span>
    </p>
   </div>
   <div class='ocr_carea' id='block_1_3' title="bbox 159 513 1728 589">
    <p class='ocr_par' dir='ltr' id='par_1_3' title="bbox 159 513 1728 589">
     <span class='ocr_line' id='line_1_3' title="bbox 159 513 1728 589; baseline 0.001 -18"><span class='ocrx_word' id='word_1_26' title='bbox 159 518 395 587; x_wconf 85' lang='lat' dir='ltr'><strong>ptiouem,</strong></span> <span class='ocrx_word' id='word_1_27' title='bbox 425 531 585 588; x_wconf 87' lang='lat' dir='ltr'><strong>quam</strong></span> <span class='ocrx_word' id='word_1_28' title='bbox 638 518 742 589; x_wconf 89' lang='lat' dir='ltr'><strong>ipsi</strong></span> <span class='ocrx_word' id='word_1_29' title='bbox 776 518 993 588; x_wconf 75' lang='lat' dir='ltr'><strong>penitus</strong></span> <span class='ocrx_word' id='word_1_30' title='bbox 1031 517 1413 589; x_wconf 79' lang='lat' dir='ltr'><strong>excogitarunt</strong></span> <span class='ocrx_word' id='word_1_31' title='bbox 1438 561 1453 586; x_wconf 92' lang='lat'><strong>,</strong></span> <span class='ocrx_word' id='word_1_32' title='bbox 1503 513 1728 589; x_wconf 68' lang='lat' dir='ltr'><strong>perSua-</strong></span> 
     </span>
    </p>
   </div>
   <div class='ocr_carea' id='block_1_4' title="bbox 158 606 1725 683">
    <p class='ocr_par' dir='ltr' id='par_1_4' title="bbox 158 606 1725 683">
     <span class='ocr_line' id='line_1_4' title="bbox 158 606 1725 683; baseline 0.002 -19"><span class='ocrx_word' id='word_1_33' title='bbox 158 616 327 664; x_wconf 78' lang='lat' dir='ltr'><strong>serunt</strong></span> <span class='ocrx_word' id='word_1_34' title='bbox 361 620 661 683; x_wconf 85' lang='lat' dir='ltr'><strong>peccantes,</strong></span> <span class='ocrx_word' id='word_1_35' title='bbox 702 618 763 665; x_wconf 90' lang='lat' dir='ltr'><strong>ut</strong></span> <span class='ocrx_word' id='word_1_36' title='bbox 790 625 821 664; x_wconf 88' lang='lat' dir='ltr'><strong>a</strong></span> <span class='ocrx_word' id='word_1_37' title='bbox 853 611 1108 667; x_wconf 90' lang='lat' dir='ltr'><strong>mandato</strong></span> <span class='ocrx_word' id='word_1_38' title='bbox 1138 612 1231 667; x_wconf 85' lang='lat' dir='ltr'><strong>Dei</strong></span> <span class='ocrx_word' id='word_1_39' title='bbox 1259 612 1504 673; x_wconf 87' lang='lat' dir='ltr'><strong>protinus</strong></span> <span class='ocrx_word' id='word_1_40' title='bbox 1532 606 1725 668; x_wconf 83' lang='lat' dir='ltr'><strong>devia-</strong></span> 
     </span>
    </p>
   </div>
   <div class='ocr_carea' id='block_1_5' title="bbox 159 701 1728 775">
    <p class='ocr_par' dir='ltr' id='par_1_5' title="bbox 159 701 1728 775">
     <span class='ocr_line' id='line_1_5' title="bbox 159 701 1728 775; baseline 0.004 -21"><span class='ocrx_word' id='word_1_41' title='bbox 159 710 269 763; x_wconf 88' lang='lat' dir='ltr'><strong>ret,</strong></span> <span class='ocrx_word' id='word_1_42' title='bbox 314 701 632 771; x_wconf 70' lang='lat' dir='ltr'><strong>semetipsos</strong></span> <span class='ocrx_word' id='word_1_43' title='bbox 681 710 863 757; x_wconf 89' lang='lat' dir='ltr'><strong>autem</strong></span> <span class='ocrx_word' id='word_1_44' title='bbox 923 711 1130 758; x_wconf 76' lang='lat' dir='ltr'><strong>aeterno</strong></span> <span class='ocrx_word' id='word_1_45' title='bbox 1181 704 1388 775; x_wconf 89' lang='lat' dir='ltr'><strong>pariter</strong></span> <span class='ocrx_word' id='word_1_46' title='bbox 1459 706 1728 775; x_wconf 79' lang='lat' dir='ltr'><strong>supplicio</strong></span> 
     </span>
    </p>
   </div>
   <div class='ocr_carea' id='block_1_6' title="bbox 160 792 1727 863">
    <p class='ocr_par' dir='ltr' id='par_1_6' title="bbox 160 792 1727 863">
     <span class='ocr_line' id='line_1_6' title="bbox 160 792 1727 863; baseline 0.004 -15"><span class='ocrx_word' id='word_1_47' title='bbox 160 792 509 863; x_wconf 78' lang='lat' dir='ltr'><strong>subptgaruut.</strong></span> <span class='ocrx_word' id='word_1_48' title='bbox 534 794 688 850; x_wconf 91' lang='lat' dir='ltr'><strong>Sicut</strong></span> <span class='ocrx_word' id='word_1_49' title='bbox 708 800 765 850; x_wconf 89' lang='lat' dir='ltr'><strong>et</strong></span> <span class='ocrx_word' id='word_1_50' title='bbox 792 794 1052 852; x_wconf 84' lang='lat' dir='ltr'><strong>Dominus</strong></span> <span class='ocrx_word' id='word_1_51' title='bbox 1074 806 1263 852; x_wconf 88' lang='lat' dir='ltr'><strong>noster</strong></span> <span class='ocrx_word' id='word_1_52' title='bbox 1291 798 1450 854; x_wconf 83' lang='lat' dir='ltr'><strong>.lesus</strong></span> <span class='ocrx_word' id='word_1_53' title='bbox 1475 798 1727 855; x_wconf 89' lang='lat' dir='ltr'><strong>Christus</strong></span> 
     </span>
    </p>
   </div>
   <div class='ocr_carea' id='block_1_7' title="bbox 160 882 1727 962">
    <p class='ocr_par' dir='ltr' id='par_1_7' title="bbox 160 882 1727 962">
     <span class='ocr_line' id='line_1_7' title="bbox 160 882 1727 962; baseline 0.005 -21"><span class='ocrx_word' id='word_1_54' title='bbox 160 882 315 950; x_wconf 81' lang='lat' dir='ltr'><strong>docet,</strong></span> <span class='ocrx_word' id='word_1_55' title='bbox 344 902 463 942; x_wconf 89' lang='lat' dir='ltr'><strong>cum</strong></span> <span class='ocrx_word' id='word_1_56' title='bbox 493 887 561 942; x_wconf 87' lang='lat' dir='ltr'><strong>ad</strong></span> <span class='ocrx_word' id='word_1_57' title='bbox 583 887 708 945; x_wconf 88' lang='lat' dir='ltr'><strong>illos</strong></span> <span class='ocrx_word' id='word_1_58' title='bbox 737 887 898 956; x_wconf 91' lang='lat' dir='ltr'><strong>dicit,</strong></span> <span class='ocrx_word' id='word_1_59' title='bbox 949 891 1040 961; x_wconf 86' lang='lat' dir='ltr'><strong>qui</strong></span> <span class='ocrx_word' id='word_1_60' title='bbox 1088 891 1388 962; x_wconf 85' lang='lat' dir='ltr'><strong>propinquo</strong></span> <span class='ocrx_word' id='word_1_61' title='bbox 1434 906 1533 947; x_wconf 83' lang='lat' dir='ltr'><strong>suo</strong></span> <span class='ocrx_word' id='word_1_62' title='bbox 1565 893 1727 949; x_wconf 82' lang='lat' dir='ltr'><strong>mise-</strong></span> 
     </span>
    </p>
   </div>
   <div class='ocr_carea' id='block_1_8' title="bbox 161 978 1727 1057">
    <p class='ocr_par' dir='ltr' id='par_1_8' title="bbox 161 978 1727 1057">
     <span class='ocr_line' id='line_1_8' title="bbox 161 978 1727 1057; baseline 0.004 -24"><span class='ocrx_word' id='word_1_63' title='bbox 161 978 421 1033; x_wconf 82' lang='lat' dir='ltr'><strong>ricordiam</strong></span> <span class='ocrx_word' id='word_1_64' title='bbox 450 978 828 1051; x_wconf 74' lang='lat' dir='ltr'><strong>denegarem:</strong></span> <span class='ocrx_word' id='word_1_65' title='bbox 886 979 968 1037; x_wconf 86' lang='lat' dir='ltr'><strong>Ite</strong></span> <span class='ocrx_word' id='word_1_66' title='bbox 993 982 1050 1036; x_wconf 84' lang='lat' dir='ltr'><strong>in</strong></span> <span class='ocrx_word' id='word_1_67' title='bbox 1105 984 1274 1055; x_wconf 87' lang='lat' dir='ltr'><strong>ignem</strong></span> <span class='ocrx_word' id='word_1_68' title='bbox 1325 993 1595 1051; x_wconf 70' lang='lat' dir='ltr'><strong>(sternunt,</strong></span> <span class='ocrx_word' id='word_1_69' title='bbox 1636 986 1727 1057; x_wconf 83' lang='lat' dir='ltr'><strong>qui</strong></span> 
     </span>
    </p>
   </div>
   <div class='ocr_carea' id='block_1_9' title="bbox 161 1073 1723 1148">
    <p class='ocr_par' dir='ltr' id='par_1_9' title="bbox 161 1073 1723 1148">
     <span class='ocr_line' id='line_1_9' title="bbox 161 1073 1723 1148; baseline 0.003 -22"><span class='ocrx_word' id='word_1_70' title='bbox 161 1080 455 1142; x_wconf 57' lang='lat' dir='ltr'><strong>preparatus</strong></span> <span class='ocrx_word' id='word_1_71' title='bbox 497 1081 571 1127; x_wconf 89' lang='lat' dir='ltr'><strong>est</strong></span> <span class='ocrx_word' id='word_1_72' title='bbox 612 1073 821 1129; x_wconf 79' lang='lat' dir='ltr'><strong>diabolo</strong></span> <span class='ocrx_word' id='word_1_73' title='bbox 849 1084 900 1128; x_wconf 91' lang='lat' dir='ltr'><strong>et</strong></span> <span class='ocrx_word' id='word_1_74' title='bbox 943 1074 1140 1148; x_wconf 83' lang='lat' dir='ltr'><strong>angelis</strong></span> <span class='ocrx_word' id='word_1_75' title='bbox 1167 1076 1313 1147; x_wconf 86' lang='lat' dir='ltr'><strong>ejus;</strong></span> <span class='ocrx_word' id='word_1_76' title='bbox 1351 1079 1537 1132; x_wconf 70' lang='lat' dir='ltr'><strong>esui-ivi</strong></span> <span class='ocrx_word' id='word_1_77' title='bbox 1566 1081 1723 1147; x_wconf 71' lang='lat' dir='ltr'><strong>enim,</strong></span> 
     </span>
    </p>
   </div>
   <div class='ocr_carea' id='block_1_10' title="bbox 158 1162 1725 1242">
    <p class='ocr_par' dir='ltr' id='par_1_10' title="bbox 158 1162 1725 1242">
     <span class='ocr_line' id='line_1_10' title="bbox 158 1162 1725 1242; baseline 0.008 -26"><span class='ocrx_word' id='word_1_78' title='bbox 158 1170 199 1216; x_wconf 82' lang='lat' dir='ltr'><strong>rt</strong></span> <span class='ocrx_word' id='word_1_79' title='bbox 221 1178 312 1216; x_wconf 88' lang='lat' dir='ltr'><strong>non</strong></span> <span class='ocrx_word' id='word_1_80' title='bbox 338 1162 548 1218; x_wconf 74' lang='lat' dir='ltr'><strong>dedistis</strong></span> <span class='ocrx_word' id='word_1_81' title='bbox 568 1165 692 1219; x_wconf 81' lang='lat' dir='ltr'><strong>mihi</strong></span> <span class='ocrx_word' id='word_1_82' title='bbox 720 1166 1054 1235; x_wconf 80' lang='lat' dir='ltr'><strong><em>manducare,</em></strong></span> <span class='ocrx_word' id='word_1_83' title='bbox 1074 1179 1179 1224; x_wconf 90' lang='lat' dir='ltr'><strong>etc.</strong></span> <span class='ocrx_word' id='word_1_84' title='bbox 1206 1168 1421 1240; x_wconf 79' lang='lat' dir='ltr'><strong>(Matth.</strong></span> <span class='ocrx_word' id='word_1_85' title='bbox 1446 1186 1576 1241; x_wconf 67' lang='lat' dir='ltr'><strong>xxv,</strong></span> <span class='ocrx_word' id='word_1_86' title='bbox 1605 1172 1725 1242; x_wconf 73' lang='grc'><strong>41).</strong></span> 
     </span>
    </p>
   </div>
   <div class='ocr_carea' id='block_1_11' title="bbox 156 1254 1721 1336">
    <p class='ocr_par' dir='ltr' id='par_1_11' title="bbox 156 1254 1721 1336">
     <span class='ocr_line' id='line_1_11' title="bbox 156 1254 1721 1336; baseline 0.01 -30"><span class='ocrx_word' id='word_1_87' title='bbox 156 1254 293 1320; x_wconf 83' lang='lat' dir='ltr'><strong>Quod</strong></span> <span class='ocrx_word' id='word_1_88' title='bbox 327 1266 499 1311; x_wconf 87' lang='lat' dir='ltr'><strong>autem</strong></span> <span class='ocrx_word' id='word_1_89' title='bbox 530 1257 802 1326; x_wconf 74' lang='lat' dir='ltr'><strong>diabolus,</strong></span> <span class='ocrx_word' id='word_1_90' title='bbox 831 1259 917 1313; x_wconf 89' lang='lat' dir='ltr'><strong>vel</strong></span> <span class='ocrx_word' id='word_1_91' title='bbox 945 1261 1063 1329; x_wconf 85' lang='lat' dir='ltr'><strong>ejus</strong></span> <span class='ocrx_word' id='word_1_92' title='bbox 1084 1262 1175 1330; x_wconf 90' lang='lat' dir='ltr'><strong>qui</strong></span> <span class='ocrx_word' id='word_1_93' title='bbox 1209 1260 1470 1318; x_wconf 80' lang='lat' dir='ltr'><strong>dicuntur</strong></span> <span class='ocrx_word' id='word_1_94' title='bbox 1516 1265 1721 1336; x_wconf 78' lang='lat' dir='ltr'><strong>angeli.</strong></span> 
     </span>
    </p>
   </div>
   <div class='ocr_carea' id='block_1_12' title="bbox 158 1346 1725 1426">
    <p class='ocr_par' dir='ltr' id='par_1_12' title="bbox 158 1346 1725 1426">
     <span class='ocr_line' id='line_1_12' title="bbox 158 1346 1725 1426; baseline 0.008 -26"><span class='ocrx_word' id='word_1_95' title='bbox 158 1346 217 1401; x_wconf 87' lang='lat' dir='ltr'><strong>de</strong></span> <span class='ocrx_word' id='word_1_96' title='bbox 234 1349 480 1404; x_wconf 76' lang='lat' dir='ltr'><strong>creaturis</strong></span> <span class='ocrx_word' id='word_1_97' title='bbox 501 1349 815 1406; x_wconf 64' lang='lat' dir='ltr'><strong>calestibus</strong></span> <span class='ocrx_word' id='word_1_98' title='bbox 834 1360 982 1421; x_wconf 83' lang='lat' dir='ltr'><strong>sunt,</strong></span> <span class='ocrx_word' id='word_1_99' title='bbox 1007 1354 1529 1426; x_wconf 82' lang='lat' dir='ltr'><strong>rationabilibusque</strong></span> <span class='ocrx_word' id='word_1_100' title='bbox 1552 1357 1725 1413; x_wconf 82' lang='lat' dir='ltr'><strong>virtu-</strong></span> 
     </span>
    </p>
   </div>
   <div class='ocr_carea' id='block_1_13' title="bbox 160 1438 1725 1521">
    <p class='ocr_par' dir='ltr' id='par_1_13' title="bbox 160 1438 1725 1521">
     <span class='ocr_line' id='line_1_13' title="bbox 160 1438 1725 1521; baseline 0.006 -27"><span class='ocrx_word' id='word_1_101' title='bbox 160 1438 310 1505; x_wconf 85' lang='lat' dir='ltr'><strong>tibus,</strong></span> <span class='ocrx_word' id='word_1_102' title='bbox 337 1442 485 1495; x_wconf 88' lang='lat' dir='ltr'><strong>testis</strong></span> <span class='ocrx_word' id='word_1_103' title='bbox 529 1451 613 1496; x_wconf 87' lang='lat' dir='ltr'><strong>est</strong></span> <span class='ocrx_word' id='word_1_104' title='bbox 653 1441 843 1497; x_wconf 88' lang='lat' dir='ltr'><strong>beatus</strong></span> <span class='ocrx_word' id='word_1_105' title='bbox 888 1441 1081 1521; x_wconf 81' lang='lat' dir='ltr'><strong>Petrus</strong></span> <span class='ocrx_word' id='word_1_106' title='bbox 1106 1486 1121 1509; x_wconf 89' lang='lat'><strong>,</strong></span> <span class='ocrx_word' id='word_1_107' title='bbox 1153 1459 1276 1501; x_wconf 89' lang='lat' dir='ltr'><strong>cum</strong></span> <span class='ocrx_word' id='word_1_108' title='bbox 1308 1448 1388 1501; x_wconf 88' lang='lat' dir='ltr'><strong>sic</strong></span> <span class='ocrx_word' id='word_1_109' title='bbox 1428 1449 1559 1504; x_wconf 86' lang='lat' dir='ltr'><strong>dicit</strong></span> <span class='ocrx_word' id='word_1_110' title='bbox 1599 1465 1613 1503; x_wconf 92' lang='lat'>:</span> <span class='ocrx_word' id='word_1_111' title='bbox 1663 1449 1725 1506; x_wconf 85' lang='lat' dir='ltr'><strong>Si</strong></span> 
     </span>
    </p>
   </div>
   <div class='ocr_carea' id='block_1_14' title="bbox 158 1534 1725 1617">
    <p class='ocr_par' dir='ltr' id='par_1_14' title="bbox 158 1534 1725 1617">
     <span class='ocr_line' id='line_1_14' title="bbox 158 1534 1725 1617; baseline 0.008 -30"><span class='ocrx_word' id='word_1_112' title='bbox 158 1536 276 1588; x_wconf 81' lang='lat' dir='ltr'><strong>enim</strong></span> <span class='ocrx_word' id='word_1_113' title='bbox 304 1534 437 1590; x_wconf 79' lang='lat' dir='ltr'><strong>Deus</strong></span> <span class='ocrx_word' id='word_1_114' title='bbox 460 1536 678 1605; x_wconf 80' lang='lat' dir='ltr'><strong>angelis,</strong></span> <span class='ocrx_word' id='word_1_115' title='bbox 703 1538 792 1606; x_wconf 85' lang='lat' dir='ltr'><strong>qui</strong></span> <span class='ocrx_word' id='word_1_116' title='bbox 839 1547 1205 1607; x_wconf 77' lang='lat' dir='ltr'><strong>peccaverunt,</strong></span> <span class='ocrx_word' id='word_1_117' title='bbox 1255 1558 1357 1596; x_wconf 86' lang='lat' dir='ltr'><strong>non</strong></span> <span class='ocrx_word' id='word_1_118' title='bbox 1383 1544 1608 1613; x_wconf 70' lang='lat' dir='ltr'><strong>pepercit</strong></span> <span class='ocrx_word' id='word_1_119' title='bbox 1639 1543 1657 1617; x_wconf 89' lang='lat'><strong>(</strong></span> <span class='ocrx_word' id='word_1_120' title='bbox 1680 1543 1725 1599; x_wconf 83' lang='lat' dir='ltr'><strong>ll</strong></span> 
     </span>
    </p>
   </div>
   <div class='ocr_carea' id='block_1_15' title="bbox 161 1622 1723 1705">
    <p class='ocr_par' dir='ltr' id='par_1_15' title="bbox 161 1622 1723 1705">
     <span class='ocr_line' id='line_1_15' title="bbox 161 1622 1723 1705; baseline 0.009 -27"><span class='ocrx_word' id='word_1_121' title='bbox 161 1624 293 1682; x_wconf 81' lang='lat' dir='ltr'><strong>Petr.</strong></span> <span class='ocrx_word' id='word_1_122' title='bbox 324 1625 483 1698; x_wconf 51' lang='lat' dir='ltr'><strong>n,¢l).</strong></span> <span class='ocrx_word' id='word_1_123' title='bbox 509 1627 780 1685; x_wconf 81' lang='lat' dir='ltr'><strong>Similiter</strong></span> <span class='ocrx_word' id='word_1_124' title='bbox 799 1639 982 1686; x_wconf 88' lang='lat' dir='ltr'><strong>autem</strong></span> <span class='ocrx_word' id='word_1_125' title='bbox 1013 1642 1069 1687; x_wconf 92' lang='lat' dir='ltr'><strong>et</strong></span> <span class='ocrx_word' id='word_1_126' title='bbox 1094 1632 1286 1689; x_wconf 89' lang='lat' dir='ltr'><strong>beatus</strong></span> <span class='ocrx_word' id='word_1_127' title='bbox 1316 1622 1513 1692; x_wconf 85' lang='lat' dir='ltr'><strong>Paulus</strong></span> <span class='ocrx_word' id='word_1_128' title='bbox 1541 1638 1723 1705; x_wconf 83' lang='lat' dir='ltr'><strong>docet,</strong></span> 
     </span>
    </p>
   </div>
   <div class='ocr_carea' id='block_1_16' title="bbox 160 1706 1722 1803">
    <p class='ocr_par' dir='ltr' id='par_1_16' title="bbox 160 1706 1722 1803">
     <span class='ocr_line' id='line_1_16' title="bbox 160 1706 1722 1803; baseline 0.007 -29"><span class='ocrx_word' id='word_1_129' title='bbox 160 1706 329 1775; x_wconf 82' lang='lat' dir='ltr'><strong>dicens</strong></span> <span class='ocrx_word' id='word_1_130' title='bbox 355 1738 367 1772; x_wconf 89' lang='lat'>:</span> <span class='ocrx_word' id='word_1_131' title='bbox 401 1718 621 1776; x_wconf 75' lang='lat' dir='ltr'><strong>Nescitis</strong></span> <span class='ocrx_word' id='word_1_132' title='bbox 649 1724 894 1792; x_wconf 85' lang='lat' dir='ltr'><strong>quoniam</strong></span> <span class='ocrx_word' id='word_1_133' title='bbox 914 1726 1123 1798; x_wconf 81' lang='lat' dir='ltr'><strong>angelos</strong></span> <span class='ocrx_word' id='word_1_134' title='bbox 1139 1728 1492 1800; x_wconf 83' lang='lat' dir='ltr'><strong>judicabimus</strong></span> <span class='ocrx_word' id='word_1_135' title='bbox 1525 1729 1722 1803; x_wconf 87' lang='lat' dir='ltr'><strong>(lCor.</strong></span> 
     </span>
    </p>
   </div>
   <div class='ocr_carea' id='block_1_17' title="bbox 1828 516 3420 586">
    <p class='ocr_par' dir='ltr' id='par_1_17' title="bbox 1828 516 3420 586">
     <span class='ocr_line' id='line_1_17' title="bbox 1828 516 3420 586; baseline 0.001 -14"><span class='ocrx_word' id='word_1_136' title='bbox 1828 516 2100 581; x_wconf 84' lang='lat' dir='ltr'><strong>nonnulli,</strong></span> <span class='ocrx_word' id='word_1_137' title='bbox 2129 516 2329 572; x_wconf 88' lang='lat' dir='ltr'><strong>mentis</strong></span> <span class='ocrx_word' id='word_1_138' title='bbox 2355 530 2544 572; x_wconf 83' lang='lat' dir='ltr'><strong>errore</strong></span> <span class='ocrx_word' id='word_1_139' title='bbox 2571 516 2805 586; x_wconf 87' lang='lat' dir='ltr'><strong>decepti,</strong></span> <span class='ocrx_word' id='word_1_140' title='bbox 2838 517 3095 573; x_wconf 89' lang='lat' dir='ltr'><strong>animalia</strong></span> <span class='ocrx_word' id='word_1_141' title='bbox 3124 516 3420 576; x_wconf 80' lang='lat' dir='ltr'><strong>rationabi-</strong></span> 
     </span>
    </p>
   </div>
   <div class='ocr_carea' id='block_1_18' title="bbox 1815 607 3421 681">
    <p class='ocr_par' dir='ltr' id='par_1_18' title="bbox 1815 607 3421 681">
     <span class='ocr_line' id='line_1_18' title="bbox 1815 607 3421 681; baseline 0.002 -14"><span class='ocrx_word' id='word_1_142' title='bbox 1815 607 1898 667; x_wconf 79' lang='lat' dir='ltr'><strong>lia</strong></span> <span class='ocrx_word' id='word_1_143' title='bbox 1924 626 2045 667; x_wconf 86' lang='lat' dir='ltr'><strong>esse</strong></span> <span class='ocrx_word' id='word_1_144' title='bbox 2067 611 2340 666; x_wconf 75' lang='lat' dir='ltr'><strong>dixerunt.</strong></span> <span class='ocrx_word' id='word_1_145' title='bbox 2370 610 2613 681; x_wconf 83' lang='lat' dir='ltr'><strong>Quorum</strong></span> <span class='ocrx_word' id='word_1_146' title='bbox 2638 609 2966 668; x_wconf 84' lang='lat' dir='ltr'><strong>dementiam</strong></span> <span class='ocrx_word' id='word_1_147' title='bbox 2994 612 3156 669; x_wconf 84' lang='lat' dir='ltr'><strong>etiam</strong></span> <span class='ocrx_word' id='word_1_148' title='bbox 3179 612 3421 670; x_wconf 74' lang='lat' dir='ltr'><strong>nefarius</strong></span> 
     </span>
    </p>
   </div>
   <div class='ocr_carea' id='block_1_19' title="bbox 1828 704 3422 784">
    <p class='ocr_par' dir='ltr' id='par_1_19' title="bbox 1828 704 3422 784">
     <span class='ocr_line' id='line_1_19' title="bbox 1828 704 3422 784; baseline 0.003 -22"><span class='ocrx_word' id='word_1_149' title='bbox 1828 704 2094 777; x_wconf 79' lang='lat' dir='ltr'><strong>Origenes</strong></span> <span class='ocrx_word' id='word_1_150' title='bbox 2123 712 2342 784; x_wconf 73' lang='lat' dir='ltr'><strong>secutus</strong></span> <span class='ocrx_word' id='word_1_151' title='bbox 2388 714 2472 761; x_wconf 86' lang='lat' dir='ltr'><strong>est</strong></span> <span class='ocrx_word' id='word_1_152' title='bbox 2505 704 2649 776; x_wconf 87' lang='lat' dir='ltr'><strong>(Lib.</strong></span> <span class='ocrx_word' id='word_1_153' title='bbox 2682 722 2698 761; x_wconf 88' lang='grc' dir='ltr'><strong><em>ι</em></strong></span> <span class='ocrx_word' id='word_1_154' title='bbox 2728 710 2847 784; x_wconf 79' lang='grc' dir='ltr'><strong>Περὶ</strong></span> <span class='ocrx_word' id='word_1_155' title='bbox 2872 707 3078 782; x_wconf 75' lang='grc' dir='ltr'><strong>’Δρχῶν</strong></span> <span class='ocrx_word' id='word_1_156' title='bbox 3111 724 3160 763; x_wconf 88' lang='lat' dir='ltr'><strong>c.</strong></span> <span class='ocrx_word' id='word_1_157' title='bbox 3186 708 3278 779; x_wconf 89' lang='lat'><strong>7),</strong></span> <span class='ocrx_word' id='word_1_158' title='bbox 3324 707 3422 781; x_wconf 82' lang='lat' dir='ltr'><strong>qui</strong></span> 
     </span>
    </p>
   </div>
   <div class='ocr_carea' id='block_1_20' title="bbox 1827 781 3416 868">
    <p class='ocr_par' dir='ltr' id='par_1_20' title="bbox 1827 781 3416 868">
     <span class='ocr_line' id='line_1_20' title="bbox 1827 781 3416 868; baseline 0.003 -16"><span class='ocrx_word' id='word_1_159' title='bbox 1827 811 1954 854; x_wconf 89' lang='lat' dir='ltr'><strong>cum</strong></span> <span class='ocrx_word' id='word_1_160' title='bbox 1992 797 2157 852; x_wconf 83' lang='lat' dir='ltr'><strong>vellet</strong></span> <span class='ocrx_word' id='word_1_161' title='bbox 2178 812 2251 851; x_wconf 70' lang='grc' dir='ltr'><strong>ει·</strong></span> <span class='ocrx_word' id='word_1_162' title='bbox 2286 781 2468 851; x_wconf 78' lang='lat' dir='ltr'><strong>divina</strong></span> <span class='ocrx_word' id='word_1_163' title='bbox 2508 781 3133 868; x_wconf 23' lang='lat' dir='ltr'><strong>Scripturavcxemplum</strong></span> <span class='ocrx_word' id='word_1_164' title='bbox 3176 816 3416 863; x_wconf 80' lang='lat' dir='ltr'><strong>sumere.</strong></span> 
     </span>
    </p>
   </div>
   <div class='ocr_carea' id='block_1_21' title="bbox 1829 888 3419 960">
    <p class='ocr_par' dir='ltr' id='par_1_21' title="bbox 1829 888 3419 960">
     <span class='ocr_line' id='line_1_21' title="bbox 1829 888 3419 960; baseline 0.003 -15"><span class='ocrx_word' id='word_1_165' title='bbox 1829 904 1951 960; x_wconf 78' lang='lat' dir='ltr'><strong>qua:</strong></span> <span class='ocrx_word' id='word_1_166' title='bbox 1982 888 2054 943; x_wconf 88' lang='lat' dir='ltr'><strong>ibi</strong></span> <span class='ocrx_word' id='word_1_167' title='bbox 2094 888 2162 945; x_wconf 90' lang='lat' dir='ltr'><strong>do</strong></span> <span class='ocrx_word' id='word_1_168' title='bbox 2215 890 2573 945; x_wconf 86' lang='lat' dir='ltr'><strong>lutninaribus</strong></span> <span class='ocrx_word' id='word_1_169' title='bbox 2600 890 2805 959; x_wconf 86' lang='lat' dir='ltr'><strong>optime</strong></span> <span class='ocrx_word' id='word_1_170' title='bbox 2836 890 2975 944; x_wconf 83' lang='lat' dir='ltr'><strong>dicta</strong></span> <span class='ocrx_word' id='word_1_171' title='bbox 3016 889 3251 958; x_wconf 78' lang='lat' dir='ltr'><strong>fuerant,</strong></span> <span class='ocrx_word' id='word_1_172' title='bbox 3301 895 3419 949; x_wconf 52' lang='lat' dir='ltr'><strong>haec</strong></span> 
     </span>
    </p>
   </div>
   <div class='ocr_carea' id='block_1_22' title="bbox 1830 979 3409 1051">
    <p class='ocr_par' dir='ltr' id='par_1_22' title="bbox 1830 979 3409 1051">
     <span class='ocr_line' id='line_1_22' title="bbox 1830 979 3409 1051; baseline 0.006 -18"><span class='ocrx_word' id='word_1_173' title='bbox 1830 980 1947 1049; x_wconf 82' lang='lat' dir='ltr'><strong>ipse</strong></span> <span class='ocrx_word' id='word_1_174' title='bbox 1976 994 2360 1051; x_wconf 89' lang='lat' dir='ltr'><strong>perperam,ut</strong></span> <span class='ocrx_word' id='word_1_175' title='bbox 2386 979 2490 1037; x_wconf 83' lang='lat' dir='ltr'><strong>sibi</strong></span> <span class='ocrx_word' id='word_1_176' title='bbox 2519 980 2728 1037; x_wconf 89' lang='lat' dir='ltr'><strong>libitum</strong></span> <span class='ocrx_word' id='word_1_177' title='bbox 2756 990 2860 1043; x_wconf 86' lang='lat' dir='ltr'><strong>est,</strong></span> <span class='ocrx_word' id='word_1_178' title='bbox 2883 990 3045 1039; x_wconf 84' lang='lat' dir='ltr'><strong>ausus</strong></span> <span class='ocrx_word' id='word_1_179' title='bbox 3066 995 3148 1040; x_wconf 89' lang='lat' dir='ltr'><strong>est</strong></span> <span class='ocrx_word' id='word_1_180' title='bbox 3174 994 3409 1042; x_wconf 87' lang='lat' dir='ltr'><strong>vertere.</strong></span> 
     </span>
    </p>
   </div>
   <div class='ocr_carea' id='block_1_23' title="bbox 1827 1071 3414 1150">
    <p class='ocr_par' dir='ltr' id='par_1_23' title="bbox 1827 1071 3414 1150">
     <span class='ocr_line' id='line_1_23' title="bbox 1827 1071 3414 1150; baseline 0.003 -21"><span class='ocrx_word' id='word_1_181' title='bbox 1827 1071 2119 1129; x_wconf 89' lang='lat' dir='ltr'><strong>Sciendum</strong></span> <span class='ocrx_word' id='word_1_182' title='bbox 2147 1085 2231 1130; x_wconf 73' lang='grc' dir='ltr'><strong>εει</strong></span> <span class='ocrx_word' id='word_1_183' title='bbox 2260 1073 2437 1144; x_wconf 80' lang='lat' dir='ltr'><strong>igitur,</strong></span> <span class='ocrx_word' id='word_1_184' title='bbox 2468 1074 2610 1145; x_wconf 88' lang='lat' dir='ltr'><strong>quod</strong></span> <span class='ocrx_word' id='word_1_185' title='bbox 2624 1074 2805 1129; x_wconf 84' lang='lat' dir='ltr'><strong>divina</strong></span> <span class='ocrx_word' id='word_1_186' title='bbox 2838 1075 3117 1145; x_wconf 83' lang='lat' dir='ltr'><strong>Scriptura</strong></span> <span class='ocrx_word' id='word_1_187' title='bbox 3149 1094 3414 1150; x_wconf 88' lang='lat' dir='ltr'><strong>nusquam</strong></span> 
     </span>
    </p>
   </div>
   <div class='ocr_carea' id='block_1_24' title="bbox 1829 1163 3416 1226">
    <p class='ocr_par' dir='ltr' id='par_1_24' title="bbox 1829 1163 3416 1226">
     <span class='ocr_line' id='line_1_24' title="bbox 1829 1163 3416 1226; baseline 0.004 -7"><span class='ocrx_word' id='word_1_188' title='bbox 1829 1178 2019 1220; x_wconf 88' lang='lat' dir='ltr'><strong>eorum</strong></span> <span class='ocrx_word' id='word_1_189' title='bbox 2070 1163 2240 1220; x_wconf 89' lang='lat' dir='ltr'><strong>veluti</strong></span> <span class='ocrx_word' id='word_1_190' title='bbox 2285 1164 2597 1220; x_wconf 80' lang='lat' dir='ltr'><strong>animalium</strong></span> <span class='ocrx_word' id='word_1_191' title='bbox 2651 1166 2843 1221; x_wconf 82' lang='lat' dir='ltr'><strong>fecerit</strong></span> <span class='ocrx_word' id='word_1_192' title='bbox 2887 1169 3258 1225; x_wconf 87' lang='lat' dir='ltr'><strong>mentionem.</strong></span> <span class='ocrx_word' id='word_1_193' title='bbox 3307 1170 3416 1226; x_wconf 87' lang='lat' dir='ltr'><strong>Sed</strong></span> 
     </span>
    </p>
   </div>
   <div class='ocr_carea' id='block_1_25' title="bbox 1828 1257 3411 1328">
    <p class='ocr_par' dir='ltr' id='par_1_25' title="bbox 1828 1257 3411 1328">
     <span class='ocr_line' id='line_1_25' title="bbox 1828 1257 3411 1328; baseline 0.001 -15"><span class='ocrx_word' id='word_1_194' title='bbox 1828 1257 2113 1314; x_wconf 84' lang='lat' dir='ltr'><strong>luminaria</strong></span> <span class='ocrx_word' id='word_1_195' title='bbox 2143 1257 2281 1313; x_wconf 89' lang='lat' dir='ltr'><strong>laeta</strong></span> <span class='ocrx_word' id='word_1_196' title='bbox 2313 1258 2477 1315; x_wconf 80' lang='lat' dir='ltr'><strong>fuisse</strong></span> <span class='ocrx_word' id='word_1_197' title='bbox 2503 1259 2657 1323; x_wconf 77' lang='lat' dir='ltr'><strong>dixit,</strong></span> <span class='ocrx_word' id='word_1_198' title='bbox 2698 1268 2753 1315; x_wconf 89' lang='lat' dir='ltr'><strong>et</strong></span> <span class='ocrx_word' id='word_1_199' title='bbox 2784 1260 2854 1320; x_wconf 86' lang='lat' dir='ltr'><strong>ob</strong></span> <span class='ocrx_word' id='word_1_200' title='bbox 2874 1258 2977 1317; x_wconf 83' lang='lat' dir='ltr'><strong>hoc</strong></span> <span class='ocrx_word' id='word_1_201' title='bbox 3000 1264 3176 1317; x_wconf 89' lang='lat' dir='ltr'><strong>solum</strong></span> <span class='ocrx_word' id='word_1_202' title='bbox 3207 1273 3411 1328; x_wconf 79' lang='lat' dir='ltr'><strong>creata,</strong></span> 
     </span>
    </p>
   </div>
   <div class='ocr_carea' id='block_1_26' title="bbox 1829 1352 3415 1425">
    <p class='ocr_par' dir='ltr' id='par_1_26' title="bbox 1829 1352 3415 1425">
     <span class='ocr_line' id='line_1_26' title="bbox 1829 1352 3415 1425; baseline 0.004 -20"><span class='ocrx_word' id='word_1_203' title='bbox 1829 1360 1887 1405; x_wconf 84' lang='lat' dir='ltr'><strong>ut</strong></span> <span class='ocrx_word' id='word_1_204' title='bbox 1920 1366 2083 1420; x_wconf 88' lang='lat' dir='ltr'><strong>super</strong></span> <span class='ocrx_word' id='word_1_205' title='bbox 2113 1360 2309 1407; x_wconf 88' lang='lat' dir='ltr'><strong>terram</strong></span> <span class='ocrx_word' id='word_1_206' title='bbox 2339 1352 2615 1419; x_wconf 66' lang='lat' dir='ltr'><strong>luci-rent,</strong></span> <span class='ocrx_word' id='word_1_207' title='bbox 2642 1362 2698 1408; x_wconf 89' lang='lat' dir='ltr'><strong>et</strong></span> <span class='ocrx_word' id='word_1_208' title='bbox 2718 1364 2903 1408; x_wconf 87' lang='lat' dir='ltr'><strong>essent</strong></span> <span class='ocrx_word' id='word_1_209' title='bbox 2930 1354 3242 1409; x_wconf 88' lang='lat' dir='ltr'><strong>hominibus</strong></span> <span class='ocrx_word' id='word_1_210' title='bbox 3263 1355 3415 1425; x_wconf 70' lang='lat' dir='ltr'><strong>signa</strong></span> 
     </span>
    </p>
   </div>
   <div class='ocr_carea' id='block_1_27' title="bbox 1829 1443 3415 1517">
    <p class='ocr_par' dir='ltr' id='par_1_27' title="bbox 1829 1443 3415 1517">
     <span class='ocr_line' id='line_1_27' title="bbox 1829 1443 3415 1517; baseline 0.002 -17"><span class='ocrx_word' id='word_1_211' title='bbox 1829 1453 2156 1517; x_wconf 86' lang='lat' dir='ltr'><strong>temporum,</strong></span> <span class='ocrx_word' id='word_1_212' title='bbox 2181 1443 2479 1511; x_wconf 72' lang='lat' dir='ltr'><strong>mensium,</strong></span> <span class='ocrx_word' id='word_1_213' title='bbox 2508 1456 2564 1501; x_wconf 88' lang='lat' dir='ltr'><strong>et</strong></span> <span class='ocrx_word' id='word_1_214' title='bbox 2584 1461 2873 1501; x_wconf 85' lang='lat' dir='ltr'><strong>annorum.</strong></span> <span class='ocrx_word' id='word_1_215' title='bbox 2899 1446 2996 1502; x_wconf 89' lang='lat' dir='ltr'><strong>Sin</strong></span> <span class='ocrx_word' id='word_1_216' title='bbox 3040 1458 3223 1504; x_wconf 87' lang='lat' dir='ltr'><strong>autem</strong></span> <span class='ocrx_word' id='word_1_217' title='bbox 3255 1446 3415 1503; x_wconf 83' lang='lat' dir='ltr'><strong>nobis</strong></span> 
     </span>
    </p>
   </div>
   <div class='ocr_carea' id='block_1_28' title="bbox 1828 1533 3412 1607">
    <p class='ocr_par' dir='ltr' id='par_1_28' title="bbox 1828 1533 3412 1607">
     <span class='ocr_line' id='line_1_28' title="bbox 1828 1533 3412 1607; baseline 0.002 -16"><span class='ocrx_word' id='word_1_218' title='bbox 1828 1533 2099 1600; x_wconf 80' lang='lat' dir='ltr'><strong>dixerint,</strong></span> <span class='ocrx_word' id='word_1_219' title='bbox 2144 1536 2236 1607; x_wconf 88' lang='lat' dir='ltr'><strong>qui</strong></span> <span class='ocrx_word' id='word_1_220' title='bbox 2279 1534 2558 1591; x_wconf 88' lang='lat' dir='ltr'><strong>erroribus</strong></span> <span class='ocrx_word' id='word_1_221' title='bbox 2585 1533 2763 1590; x_wconf 84' lang='lat' dir='ltr'><strong>lavent</strong></span> <span class='ocrx_word' id='word_1_222' title='bbox 2794 1535 3141 1607; x_wconf 76' lang='lat' dir='ltr'><strong>huiusmodi:</strong></span> <span class='ocrx_word' id='word_1_223' title='bbox 3174 1537 3281 1593; x_wconf 89' lang='lat' dir='ltr'><strong>Cur</strong></span> <span class='ocrx_word' id='word_1_224' title='bbox 3302 1554 3412 1594; x_wconf 90' lang='lat' dir='ltr'><strong>non</strong></span> 
     </span>
    </p>
   </div>
   <div class='ocr_carea' id='block_1_29' title="bbox 1824 1622 3414 1703">
    <p class='ocr_par' dir='ltr' id='par_1_29' title="bbox 1824 1622 3414 1703">
     <span class='ocr_line' id='line_1_29' title="bbox 1824 1622 3414 1703; baseline 0.001 -21"><span class='ocrx_word' id='word_1_225' title='bbox 1824 1622 2079 1683; x_wconf 81' lang='lat' dir='ltr'><strong>animalia</strong></span> <span class='ocrx_word' id='word_1_226' title='bbox 2108 1640 2233 1681; x_wconf 86' lang='lat' dir='ltr'><strong>sunt</strong></span> <span class='ocrx_word' id='word_1_227' title='bbox 2252 1626 2558 1691; x_wconf 83' lang='lat' dir='ltr'><strong>luminaria,</strong></span> <span class='ocrx_word' id='word_1_228' title='bbox 2578 1636 2635 1684; x_wconf 88' lang='lat' dir='ltr'><strong>et</strong></span> <span class='ocrx_word' id='word_1_229' title='bbox 2662 1628 3023 1700; x_wconf 82' lang='lat' dir='ltr'><strong>rationabilia,</strong></span> <span class='ocrx_word' id='word_1_230' title='bbox 3048 1643 3171 1686; x_wconf 89' lang='lat' dir='ltr'><strong>cum</strong></span> <span class='ocrx_word' id='word_1_231' title='bbox 3195 1630 3263 1687; x_wconf 86' lang='lat' dir='ltr'><strong>de</strong></span> <span class='ocrx_word' id='word_1_232' title='bbox 3279 1632 3414 1703; x_wconf 71' lang='lat' dir='ltr'><strong>ipsis</strong></span> 
     </span>
    </p>
   </div>
   <div class='ocr_carea' id='block_1_30' title="bbox 1828 1719 3414 1791">
    <p class='ocr_par' dir='ltr' id='par_1_30' title="bbox 1828 1719 3414 1791">
     <span class='ocr_line' id='line_1_30' title="bbox 1828 1719 3414 1791; baseline 0.004 -17"><span class='ocrx_word' id='word_1_233' title='bbox 1828 1720 2093 1791; x_wconf 81' lang='lat' dir='ltr'><strong>scriptum</strong></span> <span class='ocrx_word' id='word_1_234' title='bbox 2125 1721 2195 1775; x_wconf 91' lang='lat' dir='ltr'><strong>sit</strong></span> <span class='ocrx_word' id='word_1_235' title='bbox 2224 1719 2329 1775; x_wconf 89' lang='lat' dir='ltr'><strong>hoc</strong></span> <span class='ocrx_word' id='word_1_236' title='bbox 2353 1720 2548 1775; x_wconf 87' lang='lat' dir='ltr'><strong>modo:</strong></span> <span class='ocrx_word' id='word_1_237' title='bbox 2575 1719 2729 1774; x_wconf 83' lang='lat' dir='ltr'><strong>Astra</strong></span> <span class='ocrx_word' id='word_1_238' title='bbox 2749 1732 2923 1776; x_wconf 85' lang='lat' dir='ltr'><strong>autem</strong></span> <span class='ocrx_word' id='word_1_239' title='bbox 2950 1738 3054 1778; x_wconf 85' lang='lat' dir='ltr'><strong>non</strong></span> <span class='ocrx_word' id='word_1_240' title='bbox 3080 1732 3197 1778; x_wconf 84' lang='lat' dir='ltr'><strong>sunt</strong></span> <span class='ocrx_word' id='word_1_241' title='bbox 3222 1726 3414 1782; x_wconf 82' lang='lat' dir='ltr'><strong>munda</strong></span> 
     </span>
    </p>
   </div>
   <div class='ocr_carea' id='block_1_31' title="bbox 161 1810 1730 1896">
    <p class='ocr_par' dir='ltr' id='par_1_31' title="bbox 161 1810 1721 1896">
     <span class='ocr_line' id='line_1_31' title="bbox 161 1810 1721 1896; baseline 0.011 -32"><span class='ocrx_word' id='word_1_242' title='bbox 161 1827 227 1876; x_wconf 79' lang='lat' dir='ltr'><strong>vi,</strong></span> <span class='ocrx_word' id='word_1_243' title='bbox 254 1810 339 1884; x_wconf 76' lang='lat'><strong>3)?</strong></span> <span class='ocrx_word' id='word_1_244' title='bbox 365 1812 441 1869; x_wconf 84' lang='lat' dir='ltr'><strong>Ne</strong></span> <span class='ocrx_word' id='word_1_245' title='bbox 464 1814 587 1883; x_wconf 83' lang='lat' dir='ltr'><strong>quis</strong></span> <span class='ocrx_word' id='word_1_246' title='bbox 615 1815 779 1886; x_wconf 76' lang='lat' dir='ltr'><strong>igitur</strong></span> <span class='ocrx_word' id='word_1_247' title='bbox 807 1818 1098 1876; x_wconf 74' lang='lat' dir='ltr'><strong>arbitretur</strong></span> <span class='ocrx_word' id='word_1_248' title='bbox 1128 1830 1315 1892; x_wconf 90' lang='lat' dir='ltr'><strong>captus</strong></span> <span class='ocrx_word' id='word_1_249' title='bbox 1344 1838 1555 1891; x_wconf 87' lang='lat' dir='ltr'><strong>errore,</strong></span> <span class='ocrx_word' id='word_1_250' title='bbox 1578 1826 1721 1896; x_wconf 91' lang='lat' dir='ltr'><strong>quod</strong></span> 
     </span>
    </p>
   </div>
   <div class='ocr_carea' id='block_1_32' title="bbox 1836 1810 3413 1896">
    <p class='ocr_par' dir='ltr' id='par_1_32' title="bbox 1836 1812 3413 1896">
     <span class='ocr_line' id='line_1_32' title="bbox 1836 1812 3413 1896; baseline 0.005 -29"><span class='ocrx_word' id='word_1_251' title='bbox 1836 1812 1883 1867; x_wconf 86' lang='lat' dir='ltr'><strong>in</strong></span> <span class='ocrx_word' id='word_1_252' title='bbox 1908 1824 2184 1896; x_wconf 67' lang='lat' dir='ltr'><strong>cgnspectu</strong></span> <span class='ocrx_word' id='word_1_253' title='bbox 2203 1818 2318 1886; x_wconf 82' lang='lat' dir='ltr'><strong>ejus</strong></span> <span class='ocrx_word' id='word_1_254' title='bbox 2340 1812 2481 1883; x_wconf 82' lang='lat' dir='ltr'><strong>(Job.</strong></span> <span class='ocrx_word' id='word_1_255' title='bbox 2517 1828 2647 1881; x_wconf 78' lang='lat' dir='ltr'><strong>xxv,</strong></span> <span class='ocrx_word' id='word_1_256' title='bbox 2679 1813 2762 1886; x_wconf 65' lang='grc' dir='ltr'><strong>β),</strong></span> <span class='ocrx_word' id='word_1_257' title='bbox 2794 1814 2899 1870; x_wconf 89' lang='lat' dir='ltr'><strong>hoc</strong></span> <span class='ocrx_word' id='word_1_258' title='bbox 2927 1827 3007 1871; x_wconf 90' lang='lat' dir='ltr'><strong>est</strong></span> <span class='ocrx_word' id='word_1_259' title='bbox 3033 1816 3165 1873; x_wconf 83' lang='lat' dir='ltr'><strong>Dei?</strong></span> <span class='ocrx_word' id='word_1_260' title='bbox 3191 1819 3413 1875; x_wconf 84' lang='lat' dir='ltr'><strong>audiant</strong></span> 
     </span>
    </p>
   </div>
   <div class='ocr_carea' id='block_1_33' title="bbox 158 1905 1719 1994">
    <p class='ocr_par' dir='ltr' id='par_1_33' title="bbox 158 1905 1719 1994">
     <span class='ocr_line' id='line_1_33' title="bbox 158 1905 1719 1994; baseline 0.011 -33"><span class='ocrx_word' id='word_1_261' title='bbox 158 1905 238 1961; x_wconf 83' lang='lat' dir='ltr'><strong>isti</strong></span> <span class='ocrx_word' id='word_1_262' title='bbox 262 1916 381 1963; x_wconf 90' lang='lat' dir='ltr'><strong>ante</strong></span> <span class='ocrx_word' id='word_1_263' title='bbox 413 1922 806 1981; x_wconf 88' lang='lat' dir='ltr'><strong>peccaverunt,</strong></span> <span class='ocrx_word' id='word_1_264' title='bbox 850 1930 1013 1984; x_wconf 88' lang='lat' dir='ltr'><strong>quam</strong></span> <span class='ocrx_word' id='word_1_265' title='bbox 1043 1915 1357 1975; x_wconf 87' lang='lat' dir='ltr'><strong>hominibus</strong></span> <span class='ocrx_word' id='word_1_266' title='bbox 1378 1920 1719 1994; x_wconf 83' lang='lat' dir='ltr'><strong>inviderent,</strong></span> 
     </span>
    </p>
   </div>
   <div class='ocr_carea' id='block_1_34' title="bbox 159 2000 1727 2083">
    <p class='ocr_par' dir='ltr' id='par_1_34' title="bbox 159 2000 1727 2083">
     <span class='ocr_line' id='line_1_34' title="bbox 159 2000 1727 2083; baseline 0.013 -31"><span class='ocrx_word' id='word_1_267' title='bbox 159 2009 205 2053; x_wconf 89' lang='lat' dir='ltr'><strong>et</strong></span> <span class='ocrx_word' id='word_1_268' title='bbox 231 2008 343 2069; x_wconf 85' lang='lat' dir='ltr'><strong>post</strong></span> <span class='ocrx_word' id='word_1_269' title='bbox 372 2000 498 2057; x_wconf 90' lang='lat' dir='ltr'><strong>illud</strong></span> <span class='ocrx_word' id='word_1_270' title='bbox 531 2014 844 2073; x_wconf 88' lang='lat' dir='ltr'><strong>peccatmn,</strong></span> <span class='ocrx_word' id='word_1_271' title='bbox 876 2009 943 2063; x_wconf 88' lang='lat' dir='ltr'><strong>ad</strong></span> <span class='ocrx_word' id='word_1_272' title='bbox 979 2009 1325 2083; x_wconf 86' lang='lat' dir='ltr'><strong>decipiendos</strong></span> <span class='ocrx_word' id='word_1_273' title='bbox 1353 2016 1601 2072; x_wconf 87' lang='lat' dir='ltr'><strong>homines</strong></span> <span class='ocrx_word' id='word_1_274' title='bbox 1632 2017 1727 2071; x_wconf 79' lang='lat' dir='ltr'><strong>de-</strong></span> 
     </span>
    </p>
   </div>
   <div class='ocr_carea' id='block_1_35' title="bbox 161 2094 1727 2179">
    <p class='ocr_par' dir='ltr' id='par_1_35' title="bbox 161 2094 1727 2179">
     <span class='ocr_line' id='line_1_35' title="bbox 161 2094 1727 2179; baseline 0.014 -32"><span class='ocrx_word' id='word_1_275' title='bbox 161 2094 409 2159; x_wconf 81' lang='lat' dir='ltr'><strong>venerint,</strong></span> <span class='ocrx_word' id='word_1_276' title='bbox 439 2096 581 2153; x_wconf 83' lang='lat' dir='ltr'><strong>sicut</strong></span> <span class='ocrx_word' id='word_1_277' title='bbox 613 2098 853 2157; x_wconf 78' lang='lat' dir='ltr'><strong>nefarius</strong></span> <span class='ocrx_word' id='word_1_278' title='bbox 884 2104 1148 2176; x_wconf 80' lang='lat' dir='ltr'><strong>Origenes</strong></span> <span class='ocrx_word' id='word_1_279' title='bbox 1186 2108 1454 2176; x_wconf 86' lang='lat' dir='ltr'><strong>docebat;</strong></span> <span class='ocrx_word' id='word_1_280' title='bbox 1498 2111 1617 2179; x_wconf 87' lang='lat' dir='ltr'><strong>sed,</strong></span> <span class='ocrx_word' id='word_1_281' title='bbox 1666 2124 1727 2169; x_wconf 89' lang='lat' dir='ltr'><strong>ut</strong></span> 
     </span>
    </p>
   </div>
   <div class='ocr_carea' id='block_1_36' title="bbox 159 2188 1723 2275">
    <p class='ocr_par' dir='ltr' id='par_1_36' title="bbox 159 2188 1723 2275">
     <span class='ocr_line' id='line_1_36' title="bbox 159 2188 1723 2275; baseline 0.016 -37"><span class='ocrx_word' id='word_1_282' title='bbox 159 2188 384 2256; x_wconf 84' lang='lat' dir='ltr'><strong>superius</strong></span> <span class='ocrx_word' id='word_1_283' title='bbox 405 2188 553 2259; x_wconf 80' lang='lat' dir='ltr'><strong>dixi,</strong></span> <span class='ocrx_word' id='word_1_284' title='bbox 604 2207 765 2250; x_wconf 77' lang='lat' dir='ltr'><strong>exeo</strong></span> <span class='ocrx_word' id='word_1_285' title='bbox 808 2196 953 2265; x_wconf 73' lang='lat' dir='ltr'><strong>qutd</strong></span> <span class='ocrx_word' id='word_1_286' title='bbox 1010 2198 1262 2256; x_wconf 85' lang='lat' dir='ltr'><strong>diabolus</strong></span> <span class='ocrx_word' id='word_1_287' title='bbox 1310 2201 1364 2256; x_wconf 89' lang='lat' dir='ltr'><strong>in</strong></span> <span class='ocrx_word' id='word_1_288' title='bbox 1415 2213 1723 2275; x_wconf 81' lang='lat' dir='ltr'><strong>serpentem</strong></span> 
     </span>
    </p>
   </div>
   <div class='ocr_carea' id='block_1_37' title="bbox 161 2281 1728 2359">
    <p class='ocr_par' dir='ltr' id='par_1_37' title="bbox 161 2281 1728 2359">
     <span class='ocr_line' id='line_1_37' title="bbox 161 2281 1728 2359; baseline 0.014 -27"><span class='ocrx_word' id='word_1_289' title='bbox 161 2281 557 2350; x_wconf 75' lang='lat' dir='ltr'><strong>transﬁguratus</strong></span> <span class='ocrx_word' id='word_1_290' title='bbox 601 2284 766 2341; x_wconf 78' lang='lat' dir='ltr'><strong>Evam</strong></span> <span class='ocrx_word' id='word_1_291' title='bbox 815 2287 1049 2358; x_wconf 87' lang='lat' dir='ltr'><strong>decepit.</strong></span> <span class='ocrx_word' id='word_1_292' title='bbox 1090 2292 1242 2359; x_wconf 85' lang='lat' dir='ltr'><strong>Quod</strong></span> <span class='ocrx_word' id='word_1_293' title='bbox 1293 2305 1472 2351; x_wconf 90' lang='lat' dir='ltr'><strong>autem</strong></span> <span class='ocrx_word' id='word_1_294' title='bbox 1526 2312 1591 2352; x_wconf 76' lang='lat' dir='ltr'><strong>ex</strong></span> <span class='ocrx_word' id='word_1_295' title='bbox 1635 2298 1728 2354; x_wconf 90' lang='lat' dir='ltr'><strong>illo</strong></span> 
     </span>
    </p>
   </div>
   <div class='ocr_carea' id='block_1_38' title="bbox 161 2371 1728 2454">
    <p class='ocr_par' dir='ltr' id='par_1_38' title="bbox 161 2371 1728 2454">
     <span class='ocr_line' id='line_1_38' title="bbox 161 2371 1728 2454; baseline 0.014 -28"><span class='ocrx_word' id='word_1_296' title='bbox 161 2371 425 2443; x_wconf 81' lang='lat' dir='ltr'><strong>diabolus,</strong></span> <span class='ocrx_word' id='word_1_297' title='bbox 474 2377 706 2435; x_wconf 88' lang='lat' dir='ltr'><strong>veritate</strong></span> <span class='ocrx_word' id='word_1_298' title='bbox 751 2382 967 2450; x_wconf 87' lang='lat' dir='ltr'><strong>penitus</strong></span> <span class='ocrx_word' id='word_1_299' title='bbox 1014 2384 1307 2454; x_wconf 86' lang='lat' dir='ltr'><strong>derelicta,</strong></span> <span class='ocrx_word' id='word_1_300' title='bbox 1365 2392 1637 2446; x_wconf 89' lang='lat' dir='ltr'><strong>transtulit</strong></span> <span class='ocrx_word' id='word_1_301' title='bbox 1668 2408 1728 2449; x_wconf 89' lang='lat' dir='ltr'><strong>se</strong></span> 
     </span>
    </p>
   </div>
   <div class='ocr_carea' id='block_1_39' title="bbox 163 2464 1731 2553">
    <p class='ocr_par' dir='ltr' id='par_1_39' title="bbox 163 2464 1731 2553">
     <span class='ocr_line' id='line_1_39' title="bbox 163 2464 1731 2553; baseline 0.015 -37"><span class='ocrx_word' id='word_1_302' title='bbox 163 2464 384 2532; x_wconf 72' lang='lat' dir='ltr'><strong>prodatis</strong></span> <span class='ocrx_word' id='word_1_303' title='bbox 410 2468 476 2522; x_wconf 85' lang='lat' dir='ltr'><strong>ad</strong></span> <span class='ocrx_word' id='word_1_304' title='bbox 504 2469 959 2539; x_wconf 80' lang='lat' dir='ltr'><strong>mendacium,ex</strong></span> <span class='ocrx_word' id='word_1_305' title='bbox 991 2491 1100 2546; x_wconf 91' lang='lat' dir='ltr'><strong>quo</strong></span> <span class='ocrx_word' id='word_1_306' title='bbox 1132 2476 1323 2546; x_wconf 84' lang='lat' dir='ltr'><strong>Evam,</strong></span> <span class='ocrx_word' id='word_1_307' title='bbox 1358 2488 1413 2534; x_wconf 90' lang='lat' dir='ltr'><strong>ut</strong></span> <span class='ocrx_word' id='word_1_308' title='bbox 1439 2481 1570 2547; x_wconf 76' lang='lat' dir='ltr'><strong>dixi,</strong></span> <span class='ocrx_word' id='word_1_309' title='bbox 1605 2499 1731 2553; x_wconf 86' lang='lat' dir='ltr'><strong>per-</strong></span> 
     </span>
    </p>
   </div>
   <div class='ocr_carea' id='block_1_40' title="bbox 163 2557 1726 2644">
    <p class='ocr_par' dir='ltr' id='par_1_40' title="bbox 163 2557 1726 2644">
     <span class='ocr_line' id='line_1_40' title="bbox 163 2557 1726 2644; baseline 0.012 -33"><span class='ocrx_word' id='word_1_310' title='bbox 163 2557 278 2612; x_wconf 85' lang='lat' dir='ltr'><strong>emit</strong></span> <span class='ocrx_word' id='word_1_311' title='bbox 321 2569 492 2616; x_wconf 87' lang='lat' dir='ltr'><strong>morte</strong></span> <span class='ocrx_word' id='word_1_312' title='bbox 544 2564 792 2632; x_wconf 82' lang='lat' dir='ltr'><strong>peccati,</strong></span> <span class='ocrx_word' id='word_1_313' title='bbox 850 2566 1016 2622; x_wconf 64' lang='lat' dir='ltr'><strong>testi:</strong></span> <span class='ocrx_word' id='word_1_314' title='bbox 1059 2578 1142 2624; x_wconf 88' lang='lat' dir='ltr'><strong>est</strong></span> <span class='ocrx_word' id='word_1_315' title='bbox 1202 2570 1459 2628; x_wconf 89' lang='lat' dir='ltr'><strong>Dominus</strong></span> <span class='ocrx_word' id='word_1_316' title='bbox 1491 2585 1680 2632; x_wconf 86' lang='lat' dir='ltr'><strong>noster</strong></span> <span class='ocrx_word' id='word_1_317' title='bbox 1709 2617 1726 2644; x_wconf 94' lang='lat'><strong>,</strong></span> 
     </span>
    </p>
   </div>
   <div class='ocr_carea' id='block_1_41' title="bbox 163 2651 1731 2722">
    <p class='ocr_par' dir='ltr' id='par_1_41' title="bbox 163 2651 1731 2722">
     <span class='ocr_line' id='line_1_41' title="bbox 163 2651 1731 2722; baseline 0.013 -20"><span class='ocrx_word' id='word_1_318' title='bbox 163 2662 267 2705; x_wconf 87' lang='lat' dir='ltr'><strong>cum</strong></span> <span class='ocrx_word' id='word_1_319' title='bbox 314 2651 437 2707; x_wconf 82' lang='lat' dir='ltr'><strong>dicit</strong></span> <span class='ocrx_word' id='word_1_320' title='bbox 508 2652 710 2710; x_wconf 77' lang='lat' dir='ltr'><strong>Judaeis</strong></span> <span class='ocrx_word' id='word_1_321' title='bbox 761 2673 868 2712; x_wconf 89' lang='lat' dir='ltr'><strong>non</strong></span> <span class='ocrx_word' id='word_1_322' title='bbox 915 2660 1265 2718; x_wconf 87' lang='lat' dir='ltr'><strong>credentibus</strong></span> <span class='ocrx_word' id='word_1_323' title='bbox 1311 2652 1451 2719; x_wconf 85' lang='lat' dir='ltr'><strong>sibi:</strong></span> <span class='ocrx_word' id='word_1_324' title='bbox 1516 2666 1615 2721; x_wconf 78' lang='lat' dir='ltr'><strong>l&#39;os</strong></span> <span class='ocrx_word' id='word_1_325' title='bbox 1668 2685 1731 2722; x_wconf 80' lang='lat' dir='ltr'><strong>ea:</strong></span> 
     </span>
    </p>
   </div>
   <div class='ocr_carea' id='block_1_42' title="bbox 164 2746 1732 2827">
    <p class='ocr_par' dir='ltr' id='par_1_42' title="bbox 164 2746 1732 2827">
     <span class='ocr_line' id='line_1_42' title="bbox 164 2746 1732 2827; baseline 0.015 -34"><span class='ocrx_word' id='word_1_326' title='bbox 164 2754 291 2805; x_wconf 78' lang='lat' dir='ltr'><strong>patre</strong></span> <span class='ocrx_word' id='word_1_327' title='bbox 338 2746 548 2801; x_wconf 77' lang='lat' dir='ltr'><strong>diabolo</strong></span> <span class='ocrx_word' id='word_1_328' title='bbox 598 2749 757 2815; x_wconf 79' lang='lat' dir='ltr'><strong>estis,</strong></span> <span class='ocrx_word' id='word_1_329' title='bbox 803 2752 1059 2809; x_wconf 78' lang='lat' dir='ltr'><strong>desideria</strong></span> <span class='ocrx_word' id='word_1_330' title='bbox 1109 2758 1271 2827; x_wconf 81' lang='lat' dir='ltr'><strong>patris</strong></span> <span class='ocrx_word' id='word_1_331' title='bbox 1332 2761 1486 2814; x_wconf 78' lang='lat' dir='ltr'><strong>vestri</strong></span> <span class='ocrx_word' id='word_1_332' title='bbox 1540 2762 1732 2816; x_wconf 83' lang='lat' dir='ltr'><strong>diaboli</strong></span> 
     </span>
    </p>
   </div>
   <div class='ocr_carea' id='block_1_43' title="bbox 163 2837 1732 2922">
    <p class='ocr_par' dir='ltr' id='par_1_43' title="bbox 163 2837 1732 2922">
     <span class='ocr_line' id='line_1_43' title="bbox 163 2837 1732 2922; baseline 0.013 -34"><span class='ocrx_word' id='word_1_333' title='bbox 163 2837 302 2892; x_wconf 76' lang='lat' dir='ltr'><strong>uultis</strong></span> <span class='ocrx_word' id='word_1_334' title='bbox 350 2841 535 2909; x_wconf 78' lang='lat' dir='ltr'><strong>facere.</strong></span> <span class='ocrx_word' id='word_1_335' title='bbox 594 2841 692 2898; x_wconf 84' lang='lat' dir='ltr'><strong>Ille</strong></span> <span class='ocrx_word' id='word_1_336' title='bbox 746 2843 1004 2922; x_wconf 77' lang='lat' dir='ltr'><strong>homicida</strong></span> <span class='ocrx_word' id='word_1_337' title='bbox 1058 2860 1167 2904; x_wconf 83' lang='lat' dir='ltr'><strong>erat</strong></span> <span class='ocrx_word' id='word_1_338' title='bbox 1232 2852 1294 2904; x_wconf 83' lang='lat' dir='ltr'><strong>ob</strong></span> <span class='ocrx_word' id='word_1_339' title='bbox 1348 2853 1533 2919; x_wconf 87' lang='lat' dir='ltr'><strong>initia,</strong></span> <span class='ocrx_word' id='word_1_340' title='bbox 1587 2864 1635 2907; x_wconf 85' lang='lat' dir='ltr'><strong>et</strong></span> <span class='ocrx_word' id='word_1_341' title='bbox 1678 2856 1732 2909; x_wconf 87' lang='lat' dir='ltr'><strong>in</strong></span> 
     </span>
    </p>
   </div>
   <div class='ocr_carea' id='block_1_44' title="bbox 167 2930 1733 3015">
    <p class='ocr_par' dir='ltr' id='par_1_44' title="bbox 167 2930 1733 3015">
     <span class='ocr_line' id='line_1_44' title="bbox 167 2930 1733 3015; baseline 0.012 -34"><span class='ocrx_word' id='word_1_342' title='bbox 167 2930 348 2985; x_wconf 71' lang='lat' dir='ltr'><strong>raritate</strong></span> <span class='ocrx_word' id='word_1_343' title='bbox 372 2949 473 2987; x_wconf 84' lang='lat' dir='ltr'><strong>non</strong></span> <span class='ocrx_word' id='word_1_344' title='bbox 499 2936 662 3001; x_wconf 85' lang='lat' dir='ltr'><strong>stetit,</strong></span> <span class='ocrx_word' id='word_1_345' title='bbox 691 2939 812 3008; x_wconf 86' lang='lat' dir='ltr'><strong>quia</strong></span> <span class='ocrx_word' id='word_1_346' title='bbox 842 2940 1027 2996; x_wconf 73' lang='lat' dir='ltr'><strong>veritas</strong></span> <span class='ocrx_word' id='word_1_347' title='bbox 1060 2958 1161 2995; x_wconf 88' lang='lat' dir='ltr'><strong>non</strong></span> <span class='ocrx_word' id='word_1_348' title='bbox 1211 2950 1285 2997; x_wconf 81' lang='lat' dir='ltr'><strong>est</strong></span> <span class='ocrx_word' id='word_1_349' title='bbox 1320 2944 1372 2998; x_wconf 85' lang='lat' dir='ltr'><strong>in</strong></span> <span class='ocrx_word' id='word_1_350' title='bbox 1402 2960 1482 3000; x_wconf 83' lang='lat' dir='ltr'><strong>eo.</strong></span> <span class='ocrx_word' id='word_1_351' title='bbox 1513 2944 1733 3015; x_wconf 81' lang='lat' dir='ltr'><strong>Quando</strong></span> 
     </span>
    </p>
   </div>
   <div class='ocr_carea' id='block_1_45' title="bbox 167 3024 1732 3111">
    <p class='ocr_par' dir='ltr' id='par_1_45' title="bbox 167 3024 1732 3111">
     <span class='ocr_line' id='line_1_45' title="bbox 167 3024 1732 3111; baseline 0.013 -37"><span class='ocrx_word' id='word_1_352' title='bbox 167 3024 375 3092; x_wconf 81' lang='lat' dir='ltr'><strong>loquitur</strong></span> <span class='ocrx_word' id='word_1_353' title='bbox 425 3030 769 3095; x_wconf 72' lang='lat' dir='ltr'><strong>mendacium,</strong></span> <span class='ocrx_word' id='word_1_354' title='bbox 826 3035 891 3088; x_wconf 86' lang='lat' dir='ltr'><strong>de</strong></span> <span class='ocrx_word' id='word_1_355' title='bbox 941 3036 1163 3106; x_wconf 76' lang='lat' dir='ltr'><strong>propriis</strong></span> <span class='ocrx_word' id='word_1_356' title='bbox 1217 3036 1465 3108; x_wconf 83' lang='lat' dir='ltr'><strong>loquitur,</strong></span> <span class='ocrx_word' id='word_1_357' title='bbox 1488 3040 1732 3111; x_wconf 68' lang='lat' dir='ltr'><strong>quoniam</strong></span> 
     </span>
    </p>
   </div>
   <div class='ocr_carea' id='block_1_46' title="bbox 168 3119 1730 3203">
    <p class='ocr_par' dir='ltr' id='par_1_46' title="bbox 168 3119 1730 3203">
     <span class='ocr_line' id='line_1_46' title="bbox 168 3119 1730 3203; baseline 0.014 -35"><span class='ocrx_word' id='word_1_358' title='bbox 168 3119 364 3174; x_wconf 73' lang='lat' dir='ltr'><strong>mendax</strong></span> <span class='ocrx_word' id='word_1_359' title='bbox 392 3131 463 3175; x_wconf 74' lang='lat' dir='ltr'><strong>est</strong></span> <span class='ocrx_word' id='word_1_360' title='bbox 492 3135 537 3175; x_wconf 77' lang='lat' dir='ltr'><strong>et</strong></span> <span class='ocrx_word' id='word_1_361' title='bbox 568 3137 714 3194; x_wconf 82' lang='lat' dir='ltr'><strong>pater</strong></span> <span class='ocrx_word' id='word_1_362' title='bbox 738 3129 849 3199; x_wconf 74' lang='lat' dir='ltr'><strong>ejus</strong></span> <span class='ocrx_word' id='word_1_363' title='bbox 876 3128 1059 3198; x_wconf 84' lang='lat' dir='ltr'><strong>(Joan.</strong></span> <span class='ocrx_word' id='word_1_364' title='bbox 1092 3146 1179 3185; x_wconf 81' lang='lat' dir='ltr'><strong>vui</strong></span> <span class='ocrx_word' id='word_1_365' title='bbox 1199 3175 1212 3195; x_wconf 89' lang='lat'><strong>,</strong></span> <span class='ocrx_word' id='word_1_366' title='bbox 1245 3130 1358 3203; x_wconf 71' lang='grc'><strong>44).</strong></span> <span class='ocrx_word' id='word_1_367' title='bbox 1410 3132 1555 3202; x_wconf 78' lang='lat' dir='ltr'><strong>Ergo</strong></span> <span class='ocrx_word' id='word_1_368' title='bbox 1604 3149 1730 3189; x_wconf 90' lang='lat' dir='ltr'><strong>cum</strong></span> 
     </span>
    </p>
   </div>
   <div class='ocr_carea' id='block_1_47' title="bbox 170 3207 1729 3295">
    <p class='ocr_par' dir='ltr' id='par_1_47' title="bbox 170 3207 1729 3295">
     <span class='ocr_line' id='line_1_47' title="bbox 170 3207 1729 3295; baseline 0.013 -33"><span class='ocrx_word' id='word_1_369' title='bbox 170 3207 371 3268; x_wconf 75' lang='lat' dir='ltr'><strong>dixisset</strong></span> <span class='ocrx_word' id='word_1_370' title='bbox 398 3213 686 3285; x_wconf 89' lang='lat' dir='ltr'><strong>Dominus,</strong></span> <span class='ocrx_word' id='word_1_371' title='bbox 716 3220 857 3289; x_wconf 86' lang='lat' dir='ltr'><strong>quod</strong></span> <span class='ocrx_word' id='word_1_372' title='bbox 895 3219 987 3276; x_wconf 89' lang='lat' dir='ltr'><strong>ille</strong></span> <span class='ocrx_word' id='word_1_373' title='bbox 1018 3223 1283 3280; x_wconf 88' lang='lat' dir='ltr'><strong>homicida</strong></span> <span class='ocrx_word' id='word_1_374' title='bbox 1316 3236 1430 3281; x_wconf 90' lang='lat' dir='ltr'><strong>erat</strong></span> <span class='ocrx_word' id='word_1_375' title='bbox 1456 3227 1524 3281; x_wconf 87' lang='lat' dir='ltr'><strong>ab</strong></span> <span class='ocrx_word' id='word_1_376' title='bbox 1552 3226 1729 3295; x_wconf 88' lang='lat' dir='ltr'><strong>initio,</strong></span> 
     </span>
    </p>
   </div>
   <div class='ocr_carea' id='block_1_48' title="bbox 168 3306 1729 3391">
    <p class='ocr_par' dir='ltr' id='par_1_48' title="bbox 168 3306 1729 3391">
     <span class='ocr_line' id='line_1_48' title="bbox 168 3306 1729 3391; baseline 0.014 -37"><span class='ocrx_word' id='word_1_377' title='bbox 168 3309 218 3355; x_wconf 88' lang='lat' dir='ltr'><strong>et</strong></span> <span class='ocrx_word' id='word_1_378' title='bbox 239 3307 368 3373; x_wconf 86' lang='lat' dir='ltr'><strong>quod</strong></span> <span class='ocrx_word' id='word_1_379' title='bbox 397 3306 451 3361; x_wconf 91' lang='lat' dir='ltr'><strong>in</strong></span> <span class='ocrx_word' id='word_1_380' title='bbox 484 3310 711 3367; x_wconf 81' lang='lat' dir='ltr'><strong>veritate</strong></span> <span class='ocrx_word' id='word_1_381' title='bbox 742 3328 847 3367; x_wconf 92' lang='lat' dir='ltr'><strong>non</strong></span> <span class='ocrx_word' id='word_1_382' title='bbox 876 3316 1048 3380; x_wconf 86' lang='lat' dir='ltr'><strong>stetit,</strong></span> <span class='ocrx_word' id='word_1_383' title='bbox 1098 3328 1284 3389; x_wconf 86' lang='lat' dir='ltr'><strong>aperte</strong></span> <span class='ocrx_word' id='word_1_384' title='bbox 1330 3318 1537 3386; x_wconf 89' lang='lat' dir='ltr'><strong>docuit,</strong></span> <span class='ocrx_word' id='word_1_385' title='bbox 1584 3320 1729 3391; x_wconf 90' lang='lat' dir='ltr'><strong>quod</strong></span> 
     </span>
    </p>
   </div>
   <div class='ocr_carea' id='block_1_49' title="bbox 170 3397 1730 3481">
    <p class='ocr_par' dir='ltr' id='par_1_49' title="bbox 170 3397 1730 3481">
     <span class='ocr_line' id='line_1_49' title="bbox 170 3397 1730 3481; baseline 0.013 -34"><span class='ocrx_word' id='word_1_386' title='bbox 170 3406 230 3447; x_wconf 76' lang='lat' dir='ltr'><strong>ex</strong></span> <span class='ocrx_word' id='word_1_387' title='bbox 250 3410 309 3450; x_wconf 92' lang='lat' dir='ltr'><strong>eo</strong></span> <span class='ocrx_word' id='word_1_388' title='bbox 328 3397 573 3454; x_wconf 88' lang='lat' dir='ltr'><strong>diabolus</strong></span> <span class='ocrx_word' id='word_1_389' title='bbox 601 3417 631 3456; x_wconf 88' lang='lat' dir='ltr'><strong>a</strong></span> <span class='ocrx_word' id='word_1_390' title='bbox 683 3403 915 3460; x_wconf 82' lang='lat' dir='ltr'><strong>veritate</strong></span> <span class='ocrx_word' id='word_1_391' title='bbox 951 3404 1183 3477; x_wconf 83' lang='lat' dir='ltr'><strong>decidit,</strong></span> <span class='ocrx_word' id='word_1_392' title='bbox 1213 3424 1280 3464; x_wconf 75' lang='lat' dir='ltr'><strong>ex</strong></span> <span class='ocrx_word' id='word_1_393' title='bbox 1324 3426 1432 3479; x_wconf 86' lang='lat' dir='ltr'><strong>quo</strong></span> <span class='ocrx_word' id='word_1_394' title='bbox 1482 3411 1730 3481; x_wconf 88' lang='lat' dir='ltr'><strong>primitus</strong></span> 
     </span>
    </p>
   </div>
   <div class='ocr_carea' id='block_1_50' title="bbox 173 3488 1752 3574">
    <p class='ocr_par' dir='ltr' id='par_1_50' title="bbox 173 3488 1752 3574">
     <span class='ocr_line' id='line_1_50' title="bbox 173 3488 1752 3574; baseline 0.013 -34"><span class='ocrx_word' id='word_1_395' title='bbox 173 3499 258 3554; x_wconf 86' lang='lat' dir='ltr'><strong>per</strong></span> <span class='ocrx_word' id='word_1_396' title='bbox 282 3488 537 3547; x_wconf 78' lang='lat' dir='ltr'><strong>fallaciam</strong></span> <span class='ocrx_word' id='word_1_397' title='bbox 572 3496 840 3553; x_wconf 76' lang='lat' dir='ltr'><strong>mendacii</strong></span> <span class='ocrx_word' id='word_1_398' title='bbox 872 3498 1036 3555; x_wconf 82' lang='lat' dir='ltr'><strong>Evam</strong></span> <span class='ocrx_word' id='word_1_399' title='bbox 1060 3516 1246 3559; x_wconf 85' lang='lat' dir='ltr'><strong>errore</strong></span> <span class='ocrx_word' id='word_1_400' title='bbox 1272 3502 1553 3574; x_wconf 86' lang='lat' dir='ltr'><strong>deceptam</strong></span> <span class='ocrx_word' id='word_1_401' title='bbox 1578 3520 1752 3573; x_wconf 42' lang='lat' dir='ltr'><strong>mor-5</strong></span> 
     </span>
    </p>
   </div>
   <div class='ocr_carea' id='block_1_51' title="bbox 175 3585 1731 3656">
    <p class='ocr_par' dir='ltr' id='par_1_51' title="bbox 175 3585 1731 3656">
     <span class='ocr_line' id='line_1_51' title="bbox 175 3585 1731 3656; baseline 0.019 -27"><span class='ocrx_word' id='word_1_402' title='bbox 175 3586 221 3631; x_wconf 88' lang='lat' dir='ltr'><strong>te</strong></span> <span class='ocrx_word' id='word_1_403' title='bbox 249 3585 689 3649; x_wconf 76' lang='lat' dir='ltr'><strong>praevaricationis</strong></span> <span class='ocrx_word' id='word_1_404' title='bbox 716 3589 934 3647; x_wconf 88' lang='lat' dir='ltr'><strong>occidit.</strong></span> <span class='ocrx_word' id='word_1_405' title='bbox 968 3591 1176 3651; x_wconf 80' lang='lat' dir='ltr'><strong>Rursus</strong></span> <span class='ocrx_word' id='word_1_406' title='bbox 1198 3595 1359 3650; x_wconf 87' lang='lat' dir='ltr'><strong>etiam</strong></span> <span class='ocrx_word' id='word_1_407' title='bbox 1386 3596 1507 3652; x_wconf 88' lang='lat' dir='ltr'><strong>ideo</strong></span> <span class='ocrx_word' id='word_1_408' title='bbox 1527 3596 1731 3656; x_wconf 75' lang='lat' dir='ltr'><strong>dictum</strong></span> 
     </span>
    </p>
   </div>
   <div class='ocr_carea' id='block_1_52' title="bbox 176 3676 1731 3764">
    <p class='ocr_par' dir='ltr' id='par_1_52' title="bbox 176 3676 1731 3764">
     <span class='ocr_line' id='line_1_52' title="bbox 176 3676 1731 3764; baseline 0.015 -40"><span class='ocrx_word' id='word_1_409' title='bbox 176 3680 269 3739; x_wconf 80' lang='lat' dir='ltr'><strong>est,</strong></span> <span class='ocrx_word' id='word_1_410' title='bbox 297 3676 428 3744; x_wconf 88' lang='lat' dir='ltr'><strong>quod</strong></span> <span class='ocrx_word' id='word_1_411' title='bbox 457 3681 675 3747; x_wconf 89' lang='lat' dir='ltr'><strong>quando</strong></span> <span class='ocrx_word' id='word_1_412' title='bbox 706 3681 942 3754; x_wconf 82' lang='lat' dir='ltr'><strong>loquitur</strong></span> <span class='ocrx_word' id='word_1_413' title='bbox 964 3686 1329 3755; x_wconf 81' lang='lat' dir='ltr'><strong>mendacium,</strong></span> <span class='ocrx_word' id='word_1_414' title='bbox 1350 3689 1416 3744; x_wconf 87' lang='lat' dir='ltr'><strong>de</strong></span> <span class='ocrx_word' id='word_1_415' title='bbox 1434 3706 1535 3748; x_wconf 89' lang='lat' dir='ltr'><strong>suo</strong></span> <span class='ocrx_word' id='word_1_416' title='bbox 1561 3692 1731 3764; x_wconf 85' lang='lat' dir='ltr'><strong>loqui-</strong></span> 
     </span>
    </p>
   </div>
   <div class='ocr_carea' id='block_1_53' title="bbox 179 3772 1737 3851">
    <p class='ocr_par' dir='ltr' id='par_1_53' title="bbox 179 3772 1737 3851">
     <span class='ocr_line' id='line_1_53' title="bbox 179 3772 1737 3851; baseline 0.017 -34"><span class='ocrx_word' id='word_1_417' title='bbox 179 3776 274 3835; x_wconf 87' lang='lat' dir='ltr'><strong>tur,</strong></span> <span class='ocrx_word' id='word_1_418' title='bbox 300 3772 544 3837; x_wconf 80' lang='lat' dir='ltr'><strong>quoniam</strong></span> <span class='ocrx_word' id='word_1_419' title='bbox 575 3776 779 3843; x_wconf 82' lang='lat' dir='ltr'><strong>primus</strong></span> <span class='ocrx_word' id='word_1_420' title='bbox 804 3778 938 3848; x_wconf 85' lang='lat' dir='ltr'><strong>ipse,</strong></span> <span class='ocrx_word' id='word_1_421' title='bbox 967 3779 1090 3837; x_wconf 76' lang='lat' dir='ltr'><strong>(icta</strong></span> <span class='ocrx_word' id='word_1_422' title='bbox 1120 3781 1348 3851; x_wconf 81' lang='lat' dir='ltr'><strong>fallacia,</strong></span> <span class='ocrx_word' id='word_1_423' title='bbox 1384 3784 1551 3842; x_wconf 83' lang='lat' dir='ltr'><strong>etiam</strong></span> <span class='ocrx_word' id='word_1_424' title='bbox 1580 3802 1737 3842; x_wconf 89' lang='lat' dir='ltr'><strong>men-</strong></span> 
     </span>
    </p>
   </div>
   <div class='ocr_carea' id='block_1_54' title="bbox 176 3858 1735 3949">
    <p class='ocr_par' dir='ltr' id='par_1_54' title="bbox 176 3858 1735 3949">
     <span class='ocr_line' id='line_1_54' title="bbox 176 3858 1735 3949; baseline 0.021 -41"><span class='ocrx_word' id='word_1_425' title='bbox 176 3858 365 3916; x_wconf 77' lang='lat' dir='ltr'><strong>dacium</strong></span> <span class='ocrx_word' id='word_1_426' title='bbox 396 3879 714 3933; x_wconf 70' lang='lat' dir='ltr'><strong>procreant.</strong></span> <span class='ocrx_word' id='word_1_427' title='bbox 751 3870 902 3927; x_wconf 87' lang='lat' dir='ltr'><strong>Unde</strong></span> <span class='ocrx_word' id='word_1_428' title='bbox 930 3874 1091 3930; x_wconf 87' lang='lat' dir='ltr'><strong>etiam</strong></span> <span class='ocrx_word' id='word_1_429' title='bbox 1115 3878 1328 3945; x_wconf 80' lang='lat' dir='ltr'><strong>caeteri,</strong></span> <span class='ocrx_word' id='word_1_430' title='bbox 1361 3879 1449 3949; x_wconf 89' lang='lat' dir='ltr'><strong>qui</strong></span> <span class='ocrx_word' id='word_1_431' title='bbox 1481 3897 1585 3938; x_wconf 85' lang='lat' dir='ltr'><strong>una</strong></span> <span class='ocrx_word' id='word_1_432' title='bbox 1612 3898 1735 3940; x_wconf 89' lang='lat' dir='ltr'><strong>cum</strong></span> 
     </span>
    </p>
   </div>
   <div class='ocr_carea' id='block_1_55' title="bbox 182 3951 1737 4042">
    <p class='ocr_par' dir='ltr' id='par_1_55' title="bbox 182 3951 1737 4042">
     <span class='ocr_line' id='line_1_55' title="bbox 182 3951 1737 4042; baseline 0.019 -39"><span class='ocrx_word' id='word_1_433' title='bbox 182 3951 287 4018; x_wconf 86' lang='lat' dir='ltr'><strong>ipso</strong></span> <span class='ocrx_word' id='word_1_434' title='bbox 312 3957 507 4013; x_wconf 87' lang='lat' dir='ltr'><strong>homini</strong></span> <span class='ocrx_word' id='word_1_435' title='bbox 536 3960 876 4033; x_wconf 74' lang='lat' dir='ltr'><strong>inviderunt,</strong></span> <span class='ocrx_word' id='word_1_436' title='bbox 916 3966 1084 4037; x_wconf 84' lang='lat' dir='ltr'><strong>ipsius</strong></span> <span class='ocrx_word' id='word_1_437' title='bbox 1110 3969 1308 4026; x_wconf 85' lang='lat' dir='ltr'><strong>diaboli</strong></span> <span class='ocrx_word' id='word_1_438' title='bbox 1340 3972 1519 4042; x_wconf 74' lang='lat' dir='ltr'><strong>angeli</strong></span> <span class='ocrx_word' id='word_1_439' title='bbox 1559 3976 1737 4031; x_wconf 85' lang='lat' dir='ltr'><strong>nomi-</strong></span> 
     </span>
    </p>
   </div>
   <div class='ocr_carea' id='block_1_56' title="bbox 178 4043 1733 4129">
    <p class='ocr_par' dir='ltr' id='par_1_56' title="bbox 178 4043 1733 4129">
     <span class='ocr_line' id='line_1_56' title="bbox 178 4043 1733 4129; baseline 0.016 -31"><span class='ocrx_word' id='word_1_440' title='bbox 178 4043 433 4118; x_wconf 79' lang='lat' dir='ltr'><strong>uatisunt,</strong></span> <span class='ocrx_word' id='word_1_441' title='bbox 462 4056 613 4122; x_wconf 82' lang='lat' dir='ltr'><strong>quasi</strong></span> <span class='ocrx_word' id='word_1_442' title='bbox 638 4052 753 4124; x_wconf 85' lang='lat' dir='ltr'><strong>ipse</strong></span> <span class='ocrx_word' id='word_1_443' title='bbox 784 4058 987 4126; x_wconf 91' lang='lat' dir='ltr'><strong>primus</strong></span> <span class='ocrx_word' id='word_1_444' title='bbox 1033 4052 1261 4129; x_wconf 84' lang='lat' dir='ltr'><strong>hujusce</strong></span> <span class='ocrx_word' id='word_1_445' title='bbox 1305 4063 1529 4120; x_wconf 71' lang='lat' dir='ltr'><strong>malitiae</strong></span> <span class='ocrx_word' id='word_1_446' title='bbox 1572 4081 1733 4123; x_wconf 87' lang='lat' dir='ltr'><strong>causa</strong></span> 
     </span>
    </p>
   </div>
   <div class='ocr_carea' id='block_1_57' title="bbox 180 4146 1740 4225">
    <p class='ocr_par' dir='ltr' id='par_1_57' title="bbox 180 4146 1740 4225">
     <span class='ocr_line' id='line_1_57' title="bbox 180 4146 1740 4225; baseline 0.019 -37"><span class='ocrx_word' id='word_1_447' title='bbox 180 4148 314 4194; x_wconf 81' lang='lat' dir='ltr'><strong>esset</strong></span> <span class='ocrx_word' id='word_1_448' title='bbox 348 4152 399 4198; x_wconf 88' lang='lat' dir='ltr'><strong>et</strong></span> <span class='ocrx_word' id='word_1_449' title='bbox 424 4157 599 4216; x_wconf 85' lang='lat' dir='ltr'><strong>eaput.</strong></span> <span class='ocrx_word' id='word_1_450' title='bbox 637 4146 745 4205; x_wconf 89' lang='lat' dir='ltr'><strong>Sed</strong></span> <span class='ocrx_word' id='word_1_451' title='bbox 772 4148 840 4206; x_wconf 89' lang='lat' dir='ltr'><strong>dc</strong></span> <span class='ocrx_word' id='word_1_452' title='bbox 880 4146 1000 4208; x_wconf 84' lang='lat' dir='ltr'><strong>istis</strong></span> <span class='ocrx_word' id='word_1_453' title='bbox 1029 4169 1245 4225; x_wconf 90' lang='lat' dir='ltr'><strong>quoque</strong></span> <span class='ocrx_word' id='word_1_454' title='bbox 1285 4157 1621 4215; x_wconf 72' lang='lat' dir='ltr'><strong>sufﬁcienter</strong></span> <span class='ocrx_word' id='word_1_455' title='bbox 1654 4162 1740 4216; x_wconf 83' lang='lat' dir='ltr'><strong>di-</strong></span> 
     </span>
    </p>
   </div>
   <div class='ocr_carea' id='block_1_58' title="bbox 178 4240 328 4287">
    <p class='ocr_par' dir='ltr' id='par_1_58' title="bbox 178 4240 328 4287">
     <span class='ocr_line' id='line_1_58' title="bbox 178 4240 328 4287; baseline 0.047 -7"><span class='ocrx_word' id='word_1_456' title='bbox 178 4240 328 4287; x_wconf 75' lang='lat' dir='ltr'><strong>ctum.</strong></span> 
     </span>
    </p>
   </div>
   <div class='ocr_carea' id='block_1_59' title="bbox 252 4350 1741 4432">
    <p class='ocr_par' dir='ltr' id='par_1_59' title="bbox 252 4350 1741 4432">
     <span class='ocr_line' id='line_1_59' title="bbox 252 4350 1741 4432; baseline 0.014 -30"><span class='ocrx_word' id='word_1_457' title='bbox 252 4350 400 4432; x_wconf 85' lang='lat' dir='ltr'><strong>ln_eo</strong></span> <span class='ocrx_word' id='word_1_458' title='bbox 441 4356 583 4432; x_wconf 80' lang='lat' dir='ltr'><strong>quod</strong></span> <span class='ocrx_word' id='word_1_459' title='bbox 632 4359 857 4432; x_wconf 80' lang='lat' dir='ltr'><strong>angelos</strong></span> <span class='ocrx_word' id='word_1_460' title='bbox 894 4376 1150 4428; x_wconf 85' lang='lat' dir='ltr'><strong>peccasse</strong></span> <span class='ocrx_word' id='word_1_461' title='bbox 1180 4364 1412 4432; x_wconf 86' lang='lat' dir='ltr'><strong>primum</strong></span> <span class='ocrx_word' id='word_1_462' title='bbox 1447 4366 1741 4423; x_wconf 76' lang='lat' dir='ltr'><strong>invidentia</strong></span> 
     </span>
    </p>
   </div>
   <div class='ocr_carea' id='block_1_60' title="bbox 178 4425 1740 4496">
    <p class='ocr_par' dir='ltr' id='par_1_60' title="bbox 178 4425 1740 4496">
     <span class='ocr_line' id='line_1_60' title="bbox 178 4425 1740 4496; baseline 0.012 -19"><span class='ocrx_word' id='word_1_463' title='bbox 178 4437 296 4494; x_wconf 83' lang='lat' dir='ltr'><strong>erga</strong></span> <span class='ocrx_word' id='word_1_464' title='bbox 319 4425 553 4482; x_wconf 85' lang='lat' dir='ltr'><strong>homines</strong></span> <span class='ocrx_word' id='word_1_465' title='bbox 582 4425 799 4494; x_wconf 82' lang='lat' dir='ltr'><strong>asserit,</strong></span> <span class='ocrx_word' id='word_1_466' title='bbox 827 4425 985 4486; x_wconf 81' lang='lat' dir='ltr'><strong>habet</strong></span> <span class='ocrx_word' id='word_1_467' title='bbox 1008 4425 1410 4491; x_wconf 81' lang='lat' dir='ltr'><strong>consentientes</strong></span> <span class='ocrx_word' id='word_1_468' title='bbox 1432 4453 1462 4492; x_wconf 91' lang='lat' dir='ltr'><strong>e</strong></span> <span class='ocrx_word' id='word_1_469' title='bbox 1490 4438 1740 4496; x_wconf 87' lang='lat' dir='ltr'><strong>Patribus</strong></span> 
     </span>
    </p>
   </div>
   <div class='ocr_carea' id='block_1_61' title="bbox 180 4496 1735 4579">
    <p class='ocr_par' dir='ltr' id='par_1_61' title="bbox 180 4496 1735 4579">
     <span class='ocr_line' id='line_1_61' title="bbox 180 4496 1735 4579; baseline 0.012 -33"><span class='ocrx_word' id='word_1_470' title='bbox 180 4496 477 4579; x_wconf 57' lang='lat' dir='ltr'><strong>nonnullos,</strong></span> <span class='ocrx_word' id='word_1_471' title='bbox 524 4510 581 4552; x_wconf 90' lang='lat' dir='ltr'><strong>ut</strong></span> <span class='ocrx_word' id='word_1_472' title='bbox 611 4498 931 4579; x_wconf 37' lang='grc' dir='ltr'><strong>[τέρψαι-ιιι,Δ</strong></span> <span class='ocrx_word' id='word_1_473' title='bbox 958 4502 1330 4579; x_wconf 65' lang='lat' dir='ltr'><strong>Lactaptium,</strong></span> <span class='ocrx_word' id='word_1_474' title='bbox 1363 4507 1691 4579; x_wconf 81' lang='lat' dir='ltr'><strong>Cyprianum</strong></span> <span class='ocrx_word' id='word_1_475' title='bbox 1725 4557 1735 4571; x_wconf 85' lang='lat'><strong>.</strong></span> 
     </span>
    </p>
   </div>
   <div class='ocr_carea' id='block_1_62' title="bbox 180 4556 1730 4651">
    <p class='ocr_par' dir='ltr' id='par_1_62' title="bbox 180 4556 1730 4651">
     <span class='ocr_line' id='line_1_62' title="bbox 180 4556 1730 4651; baseline 0.01 -32"><span class='ocrx_word' id='word_1_476' title='bbox 180 4556 486 4651; x_wconf 48' lang='lat' dir='ltr'><strong>gictltodium</strong></span> <span class='ocrx_word' id='word_1_477' title='bbox 499 4571 641 4641; x_wconf 80' lang='lat' dir='ltr'><strong>apud</strong></span> <span class='ocrx_word' id='word_1_478' title='bbox 673 4556 1029 4651; x_wconf 45' lang='lat' dir='ltr'><strong>Epiphnt‘tiutn</strong></span> 
     </span>
    </p>
   </div>
   <div class='ocr_carea' id='block_1_63' title="bbox 1836 4556 2976 4651">
    <p class='ocr_par' dir='ltr' id='par_1_63' title="bbox 1846 4556 2976 4651">
     <span class='ocr_line' id='line_1_63' title="bbox 1847 4556 2976 4637; baseline 0.003 -26"><span class='ocrx_word' id='word_1_479' title='bbox 1847 4558 2037 4612; x_wconf 82' lang='lat' dir='ltr'><strong>nianus</strong></span> <span class='ocrx_word' id='word_1_480' title='bbox 2064 4558 2355 4625; x_wconf 83' lang='lat' dir='ltr'><strong>imperator</strong></span> <span class='ocrx_word' id='word_1_481' title='bbox 2385 4557 2442 4628; x_wconf 85' lang='lat' dir='ltr'><strong>(l</strong></span> <span class='ocrx_word' id='word_1_482' title='bbox 2453 4576 2483 4611; x_wconf 92' lang='lat' dir='ltr'><strong>n</strong></span> <span class='ocrx_word' id='word_1_483' title='bbox 2505 4556 2665 4626; x_wconf 59' lang='lat' dir='ltr'><strong>epist.‘</strong></span> <span class='ocrx_word' id='word_1_484' title='bbox 2681 4562 2747 4612; x_wconf 86' lang='lat' dir='ltr'><strong>ad</strong></span> <span class='ocrx_word' id='word_1_485' title='bbox 2773 4559 2976 4637; x_wconf 81' lang='lat' dir='ltr'><strong>Menam</strong></span> 
     </span>
     <span class='ocr_line' id='line_1_64' title="bbox 1846 4628 2976 4651; baseline 0 0"><span class='ocrx_word' id='word_1_486' title='bbox 1846 4629 1996 4651; x_wconf 71' lang='grc' dir='ltr'><strong>-...-1.ε</strong></span> <span class='ocrx_word' id='word_1_487' title='bbox 2028 4628 2309 4651; x_wconf 56' lang='grc' dir='ltr'><strong>,ξι-1..--ἷη-</strong></span> <span class='ocrx_word' id='word_1_488' title='bbox 2349 4631 2584 4651; x_wconf 58' lang='grc' dir='ltr'><strong>.-μηιῖιμ-</strong></span> <span class='ocrx_word' id='word_1_489' title='bbox 2612 4631 2925 4651; x_wconf 45' lang='lat' dir='ltr'><strong>AA._.Z.__,_&quot;,</strong></span> <span class='ocrx_word' id='word_1_490' title='bbox 2955 4634 2976 4651; x_wconf 57' lang='grc' dir='ltr'><strong>ί</strong></span> 
     </span>
    </p>
   </div>
   <div class='ocr_carea' id='block_1_64' title="bbox 178 4637 1735 4715">
    <p class='ocr_par' dir='ltr' id='par_1_64' title="bbox 178 4637 1735 4715">
     <span class='ocr_line' id='line_1_65' title="bbox 178 4637 1735 4715; baseline 0.011 -23"><span class='ocrx_word' id='word_1_491' title='bbox 178 4637 480 4715; x_wconf 47' lang='lat' dir='ltr'><strong>Hymettum,</strong></span> <span class='ocrx_word' id='word_1_492' title='bbox 535 4637 600 4696; x_wconf 78' lang='lat' dir='ltr'><strong>et</strong></span> <span class='ocrx_word' id='word_1_493' title='bbox 645 4637 815 4709; x_wconf 73' lang='lat' dir='ltr'><strong>alios,</strong></span> <span class='ocrx_word' id='word_1_494' title='bbox 863 4661 1091 4715; x_wconf 88' lang='lat' dir='ltr'><strong>quorum</strong></span> <span class='ocrx_word' id='word_1_495' title='bbox 1134 4658 1313 4705; x_wconf 88' lang='lat' dir='ltr'><strong>tamen</strong></span> <span class='ocrx_word' id='word_1_496' title='bbox 1346 4637 1450 4705; x_wconf 87' lang='lat' dir='ltr'><strong>non</strong></span> <span class='ocrx_word' id='word_1_497' title='bbox 1496 4637 1601 4705; x_wconf 62' lang='lat' dir='ltr'><strong>uita</strong></span> <span class='ocrx_word' id='word_1_498' title='bbox 1650 4665 1735 4709; x_wconf 83' lang='lat' dir='ltr'><strong>est</strong></span> 
     </span>
    </p>
   </div>
   <div class='ocr_carea' id='block_1_65' title="bbox 179 4709 1729 4793">
    <p class='ocr_par' dir='ltr' id='par_1_65' title="bbox 179 4709 1729 4793">
     <span class='ocr_line' id='line_1_66' title="bbox 179 4709 1729 4793; baseline 0.011 -33"><span class='ocrx_word' id='word_1_499' title='bbox 179 4724 234 4760; x_wconf 71' lang='lat' dir='ltr'><strong>ex</strong></span> <span class='ocrx_word' id='word_1_500' title='bbox 246 4709 489 4793; x_wconf 73' lang='lat' dir='ltr'><strong>plicandte</strong></span> <span class='ocrx_word' id='word_1_501' title='bbox 511 4716 797 4793; x_wconf 67' lang='lat' dir='ltr'><strong>sententiae</strong></span> <span class='ocrx_word' id='word_1_502' title='bbox 812 4709 968 4771; x_wconf 66' lang='grc' dir='ltr'><strong>ταῦθ.</strong></span> <span class='ocrx_word' id='word_1_503' title='bbox 992 4719 1067 4773; x_wconf 82' lang='grc' dir='ltr'><strong>ΑΙ.</strong></span> <span class='ocrx_word' id='word_1_504' title='bbox 1087 4718 1138 4773; x_wconf 83' lang='lat' dir='ltr'><strong>in</strong></span> <span class='ocrx_word' id='word_1_505' title='bbox 1160 4735 1258 4787; x_wconf 83' lang='lat' dir='ltr'><strong>eo,</strong></span> <span class='ocrx_word' id='word_1_506' title='bbox 1282 4725 1423 4791; x_wconf 81' lang='lat' dir='ltr'><strong>quod</strong></span> <span class='ocrx_word' id='word_1_507' title='bbox 1444 4723 1729 4793; x_wconf 77' lang='lat' dir='ltr'><strong>Origenem</strong></span> 
     </span>
    </p>
   </div>
   <div class='ocr_carea' id='block_1_66' title="bbox 181 4783 1734 4865">
    <p class='ocr_par' dir='ltr' id='par_1_66' title="bbox 181 4783 1734 4865">
     <span class='ocr_line' id='line_1_67' title="bbox 181 4783 1734 4865; baseline 0.012 -35"><span class='ocrx_word' id='word_1_508' title='bbox 181 4783 342 4865; x_wconf 73' lang='lat' dir='ltr'><strong>arguit</strong></span> <span class='ocrx_word' id='word_1_509' title='bbox 369 4783 671 4865; x_wconf 71' lang='lat' dir='ltr'><strong>docentem.</strong></span> <span class='ocrx_word' id='word_1_510' title='bbox 697 4783 1615 4865; x_wconf 36' lang='lat' dir='ltr'><strong>dmintonesptjuspeccasse,quam</strong></span> <span class='ocrx_word' id='word_1_511' title='bbox 1637 4797 1734 4849; x_wconf 86' lang='lat' dir='ltr'><strong>bo-</strong></span> 
     </span>
    </p>
   </div>
   <div class='ocr_carea' id='block_1_67' title="bbox 167 4855 1734 4933">
    <p class='ocr_par' dir='ltr' id='par_1_67' title="bbox 167 4855 1734 4933">
     <span class='ocr_line' id='line_1_68' title="bbox 167 4855 1734 4933; baseline 0.011 -30"><span class='ocrx_word' id='word_1_512' title='bbox 167 4855 732 4933; x_wconf 77' lang='lat' dir='ltr'><strong>=miuibus__invidcrent,</strong></span> <span class='ocrx_word' id='word_1_513' title='bbox 759 4855 1010 4933; x_wconf 77' lang='lat' dir='ltr'><strong>dissentit</strong></span> <span class='ocrx_word' id='word_1_514' title='bbox 1031 4855 1288 4918; x_wconf 77' lang='lat' dir='ltr'><strong>Ecclesiae</strong></span> <span class='ocrx_word' id='word_1_515' title='bbox 1316 4855 1588 4933; x_wconf 71' lang='lat' dir='ltr'><strong>magistris</strong></span> <span class='ocrx_word' id='word_1_516' title='bbox 1617 4868 1734 4922; x_wconf 87' lang='lat' dir='ltr'><strong>lou-</strong></span> 
     </span>
    </p>
   </div>
   <div class='ocr_carea' id='block_1_68' title="bbox 178 4926 1727 5006">
    <p class='ocr_par' dir='ltr' id='par_1_68' title="bbox 178 4926 1727 5006">
     <span class='ocr_line' id='line_1_69' title="bbox 178 4926 1727 5006; baseline 0.008 -27"><span class='ocrx_word' id='word_1_517' title='bbox 178 4937 237 4989; x_wconf 65' lang='lat' dir='ltr'><strong>se</strong></span> <span class='ocrx_word' id='word_1_518' title='bbox 264 4926 515 5006; x_wconf 69' lang='lat' dir='ltr'><strong>pluribus,</strong></span> <span class='ocrx_word' id='word_1_519' title='bbox 546 4928 758 5006; x_wconf 65' lang='lat' dir='ltr'><strong>ipsique</strong></span> <span class='ocrx_word' id='word_1_520' title='bbox 783 4930 921 4984; x_wconf 83' lang='lat' dir='ltr'><strong>adeo</strong></span> <span class='ocrx_word' id='word_1_521' title='bbox 944 4926 1458 5006; x_wconf 41' lang='lat' dir='ltr'><strong>sacratScriptttraii,</strong></span> <span class='ocrx_word' id='word_1_522' title='bbox 1492 4937 1645 5006; x_wconf 75' lang='lat' dir='ltr'><strong>cujus</strong></span> <span class='ocrx_word' id='word_1_523' title='bbox 1678 4941 1727 4991; x_wconf 97' lang='lat' dir='ltr'><strong>id</strong></span> 
     </span>
    </p>
   </div>
   <div class='ocr_carea' id='block_1_69' title="bbox 181 4997 1730 5075">
    <p class='ocr_par' dir='ltr' id='par_1_69' title="bbox 181 4997 1730 5075">
     <span class='ocr_line' id='line_1_70' title="bbox 181 4997 1730 5075; baseline 0.012 -30"><span class='ocrx_word' id='word_1_524' title='bbox 181 4997 691 5075; x_wconf 47' lang='lat' dir='ltr'><strong>pervulgattturest&#39;:</strong></span> <span class='ocrx_word' id='word_1_525' title='bbox 720 5002 764 5054; x_wconf 72' lang='grc' dir='ltr'><em>Α</em></span> <span class='ocrx_word' id='word_1_526' title='bbox 793 5002 1034 5069; x_wconf 79' lang='lat' dir='ltr'><strong>superbia</strong></span> <span class='ocrx_word' id='word_1_527' title='bbox 1047 4997 1278 5058; x_wconf 63' lang='lat' dir='ltr'><strong>&#39;initinnr</strong></span> <span class='ocrx_word' id='word_1_528' title='bbox 1314 4997 1477 5061; x_wconf 76' lang='lat' dir='ltr'><strong>omnis</strong></span> <span class='ocrx_word' id='word_1_529' title='bbox 1535 4997 1730 5075; x_wconf 66' lang='lat' dir='ltr'><strong>peccati</strong></span> 
     </span>
    </p>
   </div>
   <div class='ocr_carea' id='block_1_70' title="bbox 179 5062 1731 5153">
    <p class='ocr_par' dir='ltr' id='par_1_70' title="bbox 179 5062 1731 5153">
     <span class='ocr_line' id='line_1_71' title="bbox 179 5062 1731 5153; baseline 0.012 -35"><span class='ocrx_word' id='word_1_530' title='bbox 179 5062 435 5153; x_wconf 32' lang='lat' dir='ltr'><strong>(Ecclilvx‘,</strong></span> <span class='ocrx_word' id='word_1_531' title='bbox 460 5062 578 5153; x_wconf 58' lang='lat'><strong>15};</strong></span> <span class='ocrx_word' id='word_1_532' title='bbox 603 5062 929 5153; x_wconf 77' lang='lat' dir='ltr'><strong>quamquam</strong></span> <span class='ocrx_word' id='word_1_533' title='bbox 976 5078 1213 5153; x_wconf 75' lang='lat' dir='ltr'><strong>respexit</strong></span> <span class='ocrx_word' id='word_1_534' title='bbox 1250 5076 1386 5132; x_wconf 78' lang='lat' dir='ltr'><strong>forte</strong></span> <span class='ocrx_word' id='word_1_535' title='bbox 1422 5080 1488 5133; x_wconf 87' lang='lat' dir='ltr'><strong>ad</strong></span> <span class='ocrx_word' id='word_1_536' title='bbox 1524 5062 1731 5148; x_wconf 75' lang='lat' dir='ltr'><strong>opinio—</strong></span> 
     </span>
    </p>
   </div>
   <div class='ocr_carea' id='block_1_71' title="bbox 182 5140 1730 5221">
    <p class='ocr_par' dir='ltr' id='par_1_71' title="bbox 182 5140 1730 5221">
     <span class='ocr_line' id='line_1_72' title="bbox 182 5140 1730 5221; baseline 0.01 -31"><span class='ocrx_word' id='word_1_537' title='bbox 182 5150 296 5192; x_wconf 83' lang='lat' dir='ltr'><strong>aem</strong></span> <span class='ocrx_word' id='word_1_538' title='bbox 325 5140 584 5221; x_wconf 66' lang='lat' dir='ltr'><strong>Origenis,</strong></span> <span class='ocrx_word' id='word_1_539' title='bbox 619 5140 762 5221; x_wconf 75' lang='lat' dir='ltr'><strong>quod</strong></span> <span class='ocrx_word' id='word_1_540' title='bbox 791 5140 915 5221; x_wconf 72' lang='lat' dir='ltr'><strong>ante</strong></span> <span class='ocrx_word' id='word_1_541' title='bbox 952 5140 1313 5201; x_wconf 80' lang='lat' dir='ltr'><strong>conditionem</strong></span> <span class='ocrx_word' id='word_1_542' title='bbox 1362 5140 1730 5221; x_wconf 58' lang='lat' dir='ltr'><strong>mundi&#39;tmjus</strong></span> 
     </span>
    </p>
   </div>
   <div class='ocr_carea' id='block_1_72' title="bbox 180 5212 1730 5293">
    <p class='ocr_par' dir='ltr' id='par_1_72' title="bbox 180 5212 1730 5293">
     <span class='ocr_line' id='line_1_73' title="bbox 180 5212 1730 5293; baseline 0.012 -32"><span class='ocrx_word' id='word_1_543' title='bbox 180 5215 496 5275; x_wconf 78' lang='lat' dir='ltr'><strong>peccaverint</strong></span> <span class='ocrx_word' id='word_1_544' title='bbox 528 5217 713 5293; x_wconf 58' lang='lat' dir='ltr'><strong>multo,</strong></span> <span class='ocrx_word' id='word_1_545' title='bbox 749 5212 858 5267; x_wconf 85' lang='lat' dir='ltr'><strong>tuni</strong></span> <span class='ocrx_word' id='word_1_546' title='bbox 882 5216 1189 5293; x_wconf 59' lang='lat' dir='ltr'><strong>daemones,</strong></span> <span class='ocrx_word' id='word_1_547' title='bbox 1220 5228 1329 5272; x_wconf 87' lang='lat' dir='ltr'><strong>ttun</strong></span> <span class='ocrx_word' id='word_1_548' title='bbox 1360 5223 1572 5286; x_wconf 74' lang='lat' dir='ltr'><strong>animze,</strong></span> <span class='ocrx_word' id='word_1_549' title='bbox 1609 5212 1730 5293; x_wconf 69' lang='lat' dir='ltr'><strong>pro-</strong></span> 
     </span>
    </p>
   </div>
   <div class='ocr_carea' id='block_1_73' title="bbox 182 5285 1520 5357">
    <p class='ocr_par' dir='ltr' id='par_1_73' title="bbox 182 5285 1520 5357">
     <span class='ocr_line' id='line_1_74' title="bbox 182 5285 1520 5357; baseline 0.01 -25"><span class='ocrx_word' id='word_1_550' title='bbox 182 5290 426 5357; x_wconf 63' lang='lat' dir='ltr'><strong>pterqute</strong></span> <span class='ocrx_word' id='word_1_551' title='bbox 449 5300 477 5339; x_wconf 92' lang='lat' dir='ltr'><strong>e</strong></span> <span class='ocrx_word' id='word_1_552' title='bbox 500 5286 639 5341; x_wconf 68' lang='lat' dir='ltr'><strong>caelo</strong></span> <span class='ocrx_word' id='word_1_553' title='bbox 679 5285 731 5339; x_wconf 90' lang='lat' dir='ltr'><strong>in</strong></span> <span class='ocrx_word' id='word_1_554' title='bbox 771 5299 996 5355; x_wconf 80' lang='lat' dir='ltr'><strong>corpora</strong></span> <span class='ocrx_word' id='word_1_555' title='bbox 1029 5290 1520 5357; x_wconf 44' lang='lat' dir='ltr'><strong>praecipitarentur.</strong></span> 
     </span>
    </p>
   </div>
   <div class='ocr_carea' id='block_1_74' title="bbox 251 5353 1727 5435">
    <p class='ocr_par' dir='ltr' id='par_1_74' title="bbox 251 5353 1727 5435">
     <span class='ocr_line' id='line_1_75' title="bbox 251 5353 1727 5435; baseline 0.009 -28"><span class='ocrx_word' id='word_1_556' title='bbox 251 5353 516 5435; x_wconf 52' lang='lat' dir='ltr'><strong>Diabolum</strong></span> <span class='ocrx_word' id='word_1_557' title='bbox 563 5360 771 5435; x_wconf 63' lang='lat' dir='ltr'><strong>ipsum,</strong></span> <span class='ocrx_word' id='word_1_558' title='bbox 820 5353 880 5411; x_wconf 86' lang='lat' dir='ltr'><strong>id</strong></span> <span class='ocrx_word' id='word_1_559' title='bbox 921 5353 1039 5421; x_wconf 80' lang='lat' dir='ltr'><strong>est,</strong></span> <span class='ocrx_word' id='word_1_560' title='bbox 1083 5353 1403 5435; x_wconf 70' lang='lat' dir='ltr'><strong>daemonum</strong></span> <span class='ocrx_word' id='word_1_561' title='bbox 1434 5366 1727 5435; x_wconf 82' lang='lat' dir='ltr'><strong>principem</strong></span> 
     </span>
    </p>
   </div>
   <div class='ocr_carea' id='block_1_75' title="bbox 179 5426 1731 5500">
    <p class='ocr_par' dir='ltr' id='par_1_75' title="bbox 179 5426 1731 5500">
     <span class='ocr_line' id='line_1_76' title="bbox 179 5426 1731 5500; baseline 0.007 -20"><span class='ocrx_word' id='word_1_562' title='bbox 179 5426 593 5495; x_wconf 79' lang='lat' dir='ltr'><strong>transﬁguratum</strong></span> <span class='ocrx_word' id='word_1_563' title='bbox 624 5430 677 5481; x_wconf 89' lang='lat' dir='ltr'><strong>in</strong></span> <span class='ocrx_word' id='word_1_564' title='bbox 727 5442 1034 5499; x_wconf 83' lang='lat' dir='ltr'><strong>serpentem</strong></span> <span class='ocrx_word' id='word_1_565' title='bbox 1075 5441 1313 5485; x_wconf 82' lang='lat' dir='ltr'><strong>tentasse</strong></span> <span class='ocrx_word' id='word_1_566' title='bbox 1369 5426 1557 5500; x_wconf 69' lang='lat' dir='ltr'><strong>Evam,</strong></span> <span class='ocrx_word' id='word_1_567' title='bbox 1600 5426 1731 5493; x_wconf 72' lang='lat' dir='ltr'><strong>cnn-</strong></span> 
     </span>
    </p>
   </div>
   <div class='ocr_carea' id='block_1_76' title="bbox 177 5500 1741 5571">
    <p class='ocr_par' dir='ltr' id='par_1_76' title="bbox 177 5500 1741 5571">
     <span class='ocr_line' id='line_1_77' title="bbox 177 5500 1741 5571; baseline 0.007 -19"><span class='ocrx_word' id='word_1_568' title='bbox 177 5510 320 5571; x_wconf 85' lang='lat' dir='ltr'><strong>stan_s_</strong></span> <span class='ocrx_word' id='word_1_569' title='bbox 347 5509 429 5553; x_wconf 84' lang='lat' dir='ltr'><strong>est</strong></span> <span class='ocrx_word' id='word_1_570' title='bbox 450 5511 690 5553; x_wconf 63' lang='lat' dir='ltr'><strong>ueterum</strong></span> <span class='ocrx_word' id='word_1_571' title='bbox 716 5502 922 5566; x_wconf 82' lang='lat' dir='ltr'><strong>opinio,</strong></span> <span class='ocrx_word' id='word_1_572' title='bbox 957 5500 1024 5554; x_wconf 86' lang='lat' dir='ltr'><strong>de</strong></span> <span class='ocrx_word' id='word_1_573' title='bbox 1051 5518 1155 5571; x_wconf 90' lang='lat' dir='ltr'><strong>qua</strong></span> <span class='ocrx_word' id='word_1_574' title='bbox 1185 5503 1417 5559; x_wconf 78' lang='lat' dir='ltr'><strong>diximus</strong></span> <span class='ocrx_word' id='word_1_575' title='bbox 1445 5510 1511 5561; x_wconf 86' lang='lat' dir='ltr'><strong>ad</strong></span> <span class='ocrx_word' id='word_1_576' title='bbox 1544 5520 1741 5564; x_wconf 55' lang='lat' dir='ltr'><strong>tracta-</strong></span> 
     </span>
    </p>
   </div>
   <div class='ocr_carea' id='block_1_77' title="bbox 179 5568 1610 5690">
    <p class='ocr_par' dir='ltr' id='par_1_77' title="bbox 179 5568 1610 5690">
     <span class='ocr_line' id='line_1_78' title="bbox 179 5568 1610 5690; baseline 0.003 -65"><span class='ocrx_word' id='word_1_577' title='bbox 179 5584 259 5627; x_wconf 84' lang='lat' dir='ltr'><strong>tus</strong></span> <span class='ocrx_word' id='word_1_578' title='bbox 278 5568 500 5626; x_wconf 71' lang='lat' dir='ltr'><strong>Nestorii</strong></span> <span class='ocrx_word' id='word_1_579' title='bbox 521 5571 781 5628; x_wconf 78' lang='lat' dir='ltr'><strong>adversus</strong></span> <span class='ocrx_word' id='word_1_580' title='bbox 811 5568 1144 5642; x_wconf 79' lang='lat' dir='ltr'><strong>Pelagianos.</strong></span> <span class='ocrx_word' id='word_1_581' title='bbox 1587 5653 1610 5690; x_wconf 52' lang='grc' dir='ltr'><em>ι</em></span> 
     </span>
    </p>
   </div>
   <div class='ocr_carea' id='block_1_78' title="bbox 241 5723 1744 5805">
    <p class='ocr_par' dir='ltr' id='par_1_78' title="bbox 241 5723 1744 5805">
     <span class='ocr_line' id='line_1_79' title="bbox 241 5723 1744 5805; baseline 0.007 -20"><span class='ocrx_word' id='word_1_582' title='bbox 241 5723 331 5785; x_wconf 64' lang='lat' dir='ltr'><strong>Si.</strong></span> <span class='ocrx_word' id='word_1_583' title='bbox 364 5727 469 5786; x_wconf 88' lang='lat' dir='ltr'><strong>Sed</strong></span> <span class='ocrx_word' id='word_1_584' title='bbox 492 5732 558 5787; x_wconf 88' lang='lat' dir='ltr'><strong>de</strong></span> <span class='ocrx_word' id='word_1_585' title='bbox 585 5731 946 5789; x_wconf 80' lang='lat' dir='ltr'><strong>invisibllibus</strong></span> <span class='ocrx_word' id='word_1_586' title='bbox 988 5733 1207 5805; x_wconf 88' lang='lat' dir='ltr'><strong>quidem</strong></span> <span class='ocrx_word' id='word_1_587' title='bbox 1241 5737 1560 5793; x_wconf 87' lang='lat' dir='ltr'><strong>substantiis</strong></span> <span class='ocrx_word' id='word_1_588' title='bbox 1590 5742 1744 5796; x_wconf 81' lang='lat' dir='ltr'><strong>suru-</strong></span> 
     </span>
    </p>
   </div>
   <div class='ocr_carea' id='block_1_79' title="bbox 179 5818 1735 5898">
    <p class='ocr_par' dir='ltr' id='par_1_79' title="bbox 179 5818 1735 5898">
     <span class='ocr_line' id='line_1_80' title="bbox 179 5818 1735 5898; baseline 0.01 -21"><span class='ocrx_word' id='word_1_589' title='bbox 179 5818 374 5881; x_wconf 72' lang='lat' dir='ltr'><strong>eienter</strong></span> <span class='ocrx_word' id='word_1_590' title='bbox 398 5824 639 5894; x_wconf 87' lang='lat' dir='ltr'><strong>dietum;</strong></span> <span class='ocrx_word' id='word_1_591' title='bbox 672 5844 817 5886; x_wconf 86' lang='lat' dir='ltr'><strong>nunc</strong></span> <span class='ocrx_word' id='word_1_592' title='bbox 849 5845 977 5886; x_wconf 84' lang='lat' dir='ltr'><strong>vero</strong></span> <span class='ocrx_word' id='word_1_593' title='bbox 998 5828 1066 5887; x_wconf 87' lang='lat' dir='ltr'><strong>de</strong></span> <span class='ocrx_word' id='word_1_594' title='bbox 1113 5833 1230 5889; x_wconf 87' lang='lat' dir='ltr'><strong>sole</strong></span> <span class='ocrx_word' id='word_1_595' title='bbox 1275 5834 1435 5891; x_wconf 84' lang='lat' dir='ltr'><strong>simul</strong></span> <span class='ocrx_word' id='word_1_596' title='bbox 1476 5842 1530 5889; x_wconf 84' lang='lat' dir='ltr'><strong>et</strong></span> <span class='ocrx_word' id='word_1_597' title='bbox 1570 5836 1692 5892; x_wconf 87' lang='lat' dir='ltr'><strong>luna</strong></span> <span class='ocrx_word' id='word_1_598' title='bbox 1717 5880 1735 5898; x_wconf 60' lang='grc' dir='ltr'><strong><em>ι</em></strong></span> 
     </span>
    </p>
   </div>
   <div class='ocr_carea' id='block_1_80' title="bbox 1826 1888 3415 1980">
    <p class='ocr_par' dir='ltr' id='par_1_80' title="bbox 1826 1888 3415 1980">
     <span class='ocr_line' id='line_1_81' title="bbox 1826 1888 3415 1980; baseline 0.006 -21"><span class='ocrx_word' id='word_1_599' title='bbox 1826 1920 1856 1959; x_wconf 88' lang='lat' dir='ltr'><strong>a</strong></span> <span class='ocrx_word' id='word_1_600' title='bbox 1881 1888 2039 1961; x_wconf 49' lang='lat' dir='ltr'><strong>nobis</strong></span> <span class='ocrx_word' id='word_1_601' title='bbox 2066 1903 2211 1976; x_wconf 88' lang='lat' dir='ltr'><strong>quod</strong></span> <span class='ocrx_word' id='word_1_602' title='bbox 2246 1905 2333 1974; x_wconf 89' lang='lat' dir='ltr'><strong>qui</strong></span> <span class='ocrx_word' id='word_1_603' title='bbox 2372 1904 2474 1960; x_wconf 89' lang='lat' dir='ltr'><strong>hoc</strong></span> <span class='ocrx_word' id='word_1_604' title='bbox 2502 1906 2754 1975; x_wconf 79' lang='lat' dir='ltr'><strong>dixerat,</strong></span> <span class='ocrx_word' id='word_1_605' title='bbox 2786 1923 2895 1962; x_wconf 88' lang='lat' dir='ltr'><strong>non</strong></span> <span class='ocrx_word' id='word_1_606' title='bbox 2927 1908 3123 1980; x_wconf 80' lang='lat' dir='ltr'><strong>dignus</strong></span> <span class='ocrx_word' id='word_1_607' title='bbox 3152 1922 3274 1968; x_wconf 85' lang='lat' dir='ltr'><strong>erat</strong></span> <span class='ocrx_word' id='word_1_608' title='bbox 3318 1928 3415 1968; x_wconf 81' lang='lat' dir='ltr'><strong>au-</strong></span> 
     </span>
    </p>
   </div>
   <div class='ocr_carea' id='block_1_81' title="bbox 1826 1999 3410 2073">
    <p class='ocr_par' dir='ltr' id='par_1_81' title="bbox 1826 1999 3410 2073">
     <span class='ocr_line' id='line_1_82' title="bbox 1826 1999 3410 2073; baseline 0.004 -18"><span class='ocrx_word' id='word_1_609' title='bbox 1826 2001 2099 2067; x_wconf 87' lang='lat' dir='ltr'><strong>etoritate,</strong></span> <span class='ocrx_word' id='word_1_610' title='bbox 2133 1999 2333 2070; x_wconf 86' lang='lat' dir='ltr'><strong>quippe</strong></span> <span class='ocrx_word' id='word_1_611' title='bbox 2359 2014 2482 2055; x_wconf 90' lang='lat' dir='ltr'><strong>cum</strong></span> <span class='ocrx_word' id='word_1_612' title='bbox 2539 2000 2797 2056; x_wconf 87' lang='lat' dir='ltr'><strong>Dominus</strong></span> <span class='ocrx_word' id='word_1_613' title='bbox 2828 2002 2894 2056; x_wconf 85' lang='lat' dir='ltr'><strong>ad</strong></span> <span class='ocrx_word' id='word_1_614' title='bbox 2942 2003 3123 2073; x_wconf 88' lang='lat' dir='ltr'><strong>ipsum</strong></span> <span class='ocrx_word' id='word_1_615' title='bbox 3172 2002 3410 2062; x_wconf 78' lang='lat' dir='ltr'><strong>dixerit:</strong></span> 
     </span>
    </p>
   </div>
   <div class='ocr_carea' id='block_1_82' title="bbox 1830 2086 3415 2162">
    <p class='ocr_par' dir='ltr' id='par_1_82' title="bbox 1830 2086 3415 2162">
     <span class='ocr_line' id='line_1_83' title="bbox 1830 2086 3415 2162; baseline 0.005 -16"><span class='ocrx_word' id='word_1_616' title='bbox 1830 2090 1983 2146; x_wconf 85' lang='lat' dir='ltr'><strong>Nihil</strong></span> <span class='ocrx_word' id='word_1_617' title='bbox 2004 2092 2107 2147; x_wconf 86' lang='lat' dir='ltr'><strong>veri</strong></span> <span class='ocrx_word' id='word_1_618' title='bbox 2133 2093 2332 2147; x_wconf 85' lang='lat' dir='ltr'><strong>locutus</strong></span> <span class='ocrx_word' id='word_1_619' title='bbox 2354 2108 2404 2146; x_wconf 85' lang='lat' dir='ltr'><strong>es</strong></span> <span class='ocrx_word' id='word_1_620' title='bbox 2424 2091 2488 2146; x_wconf 85' lang='lat' dir='ltr'><strong>de</strong></span> <span class='ocrx_word' id='word_1_621' title='bbox 2501 2094 2697 2162; x_wconf 81' lang='lat' dir='ltr'><strong>famulo</strong></span> <span class='ocrx_word' id='word_1_622' title='bbox 2724 2110 2832 2149; x_wconf 88' lang='lat' dir='ltr'><strong>meo</strong></span> <span class='ocrx_word' id='word_1_623' title='bbox 2853 2092 2971 2149; x_wconf 83' lang='lat' dir='ltr'><strong>Job.</strong></span> <span class='ocrx_word' id='word_1_624' title='bbox 2998 2095 3200 2153; x_wconf 87' lang='lat' dir='ltr'><strong>Tamen</strong></span> <span class='ocrx_word' id='word_1_625' title='bbox 3223 2086 3415 2154; x_wconf 80' lang='lat' dir='ltr'><strong>etiam-</strong></span> 
     </span>
    </p>
   </div>
   <div class='ocr_carea' id='block_1_83' title="bbox 1827 2182 3414 2261">
    <p class='ocr_par' dir='ltr' id='par_1_83' title="bbox 1827 2182 3414 2261">
     <span class='ocr_line' id='line_1_84' title="bbox 1827 2182 3414 2261; baseline 0.006 -22"><span class='ocrx_word' id='word_1_626' title='bbox 1827 2183 1873 2239; x_wconf 87' lang='lat' dir='ltr'><strong>si</strong></span> <span class='ocrx_word' id='word_1_627' title='bbox 1898 2200 1931 2240; x_wconf 87' lang='lat' dir='ltr'><strong>a</strong></span> <span class='ocrx_word' id='word_1_628' title='bbox 1953 2182 2112 2240; x_wconf 87' lang='lat' dir='ltr'><strong>beato</strong></span> <span class='ocrx_word' id='word_1_629' title='bbox 2138 2184 2340 2244; x_wconf 85' lang='lat' dir='ltr'><strong>dictum</strong></span> <span class='ocrx_word' id='word_1_630' title='bbox 2369 2185 2470 2239; x_wconf 91' lang='lat' dir='ltr'><strong>hoc</strong></span> <span class='ocrx_word' id='word_1_631' title='bbox 2500 2184 2693 2241; x_wconf 77' lang='lat' dir='ltr'><strong>fuisset</strong></span> <span class='ocrx_word' id='word_1_632' title='bbox 2718 2184 2838 2254; x_wconf 84' lang='lat' dir='ltr'><strong>Job,</strong></span> <span class='ocrx_word' id='word_1_633' title='bbox 2870 2203 2937 2243; x_wconf 89' lang='lat' dir='ltr'><strong>ne</strong></span> <span class='ocrx_word' id='word_1_634' title='bbox 2969 2188 3038 2243; x_wconf 89' lang='lat' dir='ltr'><strong>ita</strong></span> <span class='ocrx_word' id='word_1_635' title='bbox 3071 2191 3285 2261; x_wconf 87' lang='lat' dir='ltr'><strong>quidem</strong></span> <span class='ocrx_word' id='word_1_636' title='bbox 3325 2192 3414 2247; x_wconf 81' lang='lat' dir='ltr'><strong>lir-</strong></span> 
     </span>
    </p>
   </div>
   <div class='ocr_carea' id='block_1_84' title="bbox 1828 2275 3413 2353">
    <p class='ocr_par' dir='ltr' id='par_1_84' title="bbox 1828 2275 3413 2353">
     <span class='ocr_line' id='line_1_85' title="bbox 1828 2275 3413 2353; baseline 0.004 -21"><span class='ocrx_word' id='word_1_637' title='bbox 1828 2292 1915 2332; x_wconf 89' lang='lat' dir='ltr'><strong>ma</strong></span> <span class='ocrx_word' id='word_1_638' title='bbox 1948 2276 2195 2347; x_wconf 67' lang='lat' dir='ltr'><strong>probatio</strong></span> <span class='ocrx_word' id='word_1_639' title='bbox 2220 2278 2514 2333; x_wconf 86' lang='lat' dir='ltr'><strong>videretur.</strong></span> <span class='ocrx_word' id='word_1_640' title='bbox 2542 2275 2728 2349; x_wconf 80' lang='lat' dir='ltr'><strong>Neque</strong></span> <span class='ocrx_word' id='word_1_641' title='bbox 2765 2280 2919 2335; x_wconf 80' lang='lat' dir='ltr'><strong>enim</strong></span> <span class='ocrx_word' id='word_1_642' title='bbox 2943 2295 3014 2336; x_wconf 79' lang='lat' dir='ltr'><strong>ex</strong></span> <span class='ocrx_word' id='word_1_643' title='bbox 3036 2296 3104 2336; x_wconf 88' lang='lat' dir='ltr'><strong>eo</strong></span> <span class='ocrx_word' id='word_1_644' title='bbox 3130 2283 3272 2353; x_wconf 86' lang='lat' dir='ltr'><strong>quod</strong></span> <span class='ocrx_word' id='word_1_645' title='bbox 3305 2299 3413 2339; x_wconf 92' lang='lat' dir='ltr'><strong>non</strong></span> 
     </span>
    </p>
   </div>
   <div class='ocr_carea' id='block_1_85' title="bbox 1830 2369 3416 2440">
    <p class='ocr_par' dir='ltr' id='par_1_85' title="bbox 1830 2369 3416 2440">
     <span class='ocr_line' id='line_1_86' title="bbox 1830 2369 3416 2440; baseline 0.006 -18"><span class='ocrx_word' id='word_1_646' title='bbox 1830 2369 2026 2424; x_wconf 85' lang='lat' dir='ltr'><strong>munda</strong></span> <span class='ocrx_word' id='word_1_647' title='bbox 2060 2381 2184 2425; x_wconf 87' lang='lat' dir='ltr'><strong>sunt</strong></span> <span class='ocrx_word' id='word_1_648' title='bbox 2209 2370 2261 2424; x_wconf 92' lang='lat' dir='ltr'><strong>in</strong></span> <span class='ocrx_word' id='word_1_649' title='bbox 2293 2380 2589 2439; x_wconf 80' lang='lat' dir='ltr'><strong>Conspectu</strong></span> <span class='ocrx_word' id='word_1_650' title='bbox 2612 2370 2740 2440; x_wconf 86' lang='lat' dir='ltr'><strong>Dei,</strong></span> <span class='ocrx_word' id='word_1_651' title='bbox 2770 2372 2892 2427; x_wconf 88' lang='lat' dir='ltr'><strong>ideo</strong></span> <span class='ocrx_word' id='word_1_652' title='bbox 2920 2372 3169 2429; x_wconf 89' lang='lat' dir='ltr'><strong>dicuntur</strong></span> <span class='ocrx_word' id='word_1_653' title='bbox 3208 2380 3416 2432; x_wconf 67' lang='lat' dir='ltr'><strong>anima«</strong></span> 
     </span>
    </p>
   </div>
   <div class='ocr_carea' id='block_1_86' title="bbox 1830 2460 3415 2537">
    <p class='ocr_par' dir='ltr' id='par_1_86' title="bbox 1830 2460 3415 2537">
     <span class='ocr_line' id='line_1_87' title="bbox 1830 2460 3415 2537; baseline 0.005 -21"><span class='ocrx_word' id='word_1_654' title='bbox 1830 2460 1898 2516; x_wconf 89' lang='lat' dir='ltr'><strong>lia</strong></span> <span class='ocrx_word' id='word_1_655' title='bbox 1925 2477 1940 2527; x_wconf 90' lang='lat'>;</span> <span class='ocrx_word' id='word_1_656' title='bbox 1974 2461 2209 2532; x_wconf 75' lang='lat' dir='ltr'><strong>alioquin</strong></span> <span class='ocrx_word' id='word_1_657' title='bbox 2233 2463 2395 2517; x_wconf 84' lang='lat' dir='ltr'><strong>etiam</strong></span> <span class='ocrx_word' id='word_1_658' title='bbox 2427 2472 2705 2517; x_wconf 88' lang='lat' dir='ltr'><strong>menstrua</strong></span> <span class='ocrx_word' id='word_1_659' title='bbox 2733 2463 3023 2519; x_wconf 82' lang='lat' dir='ltr'><strong>mulierum</strong></span> <span class='ocrx_word' id='word_1_660' title='bbox 3047 2464 3116 2519; x_wconf 88' lang='lat' dir='ltr'><strong>ab</strong></span> <span class='ocrx_word' id='word_1_661' title='bbox 3140 2465 3272 2537; x_wconf 80' lang='lat' dir='ltr'><strong>ipsis</strong></span> <span class='ocrx_word' id='word_1_662' title='bbox 3299 2469 3415 2524; x_wconf 86' lang='lat' dir='ltr'><strong>aui-</strong></span> 
     </span>
    </p>
   </div>
   <div class='ocr_carea' id='block_1_87' title="bbox 1830 2555 3415 2631">
    <p class='ocr_par' dir='ltr' id='par_1_87' title="bbox 1830 2555 3415 2631">
     <span class='ocr_line' id='line_1_88' title="bbox 1830 2555 3415 2631; baseline 0.008 -22"><span class='ocrx_word' id='word_1_663' title='bbox 1830 2555 1992 2609; x_wconf 88' lang='lat' dir='ltr'><strong>malia</strong></span> <span class='ocrx_word' id='word_1_664' title='bbox 2027 2564 2426 2626; x_wconf 79' lang='lat' dir='ltr'><strong>nuncupentur,</strong></span> <span class='ocrx_word' id='word_1_665' title='bbox 2467 2563 2524 2611; x_wconf 89' lang='lat' dir='ltr'><strong>et</strong></span> <span class='ocrx_word' id='word_1_666' title='bbox 2572 2558 2782 2627; x_wconf 87' lang='lat' dir='ltr'><strong>leprosa</strong></span> <span class='ocrx_word' id='word_1_667' title='bbox 2813 2557 3027 2629; x_wconf 89' lang='lat' dir='ltr'><strong>domus,</strong></span> <span class='ocrx_word' id='word_1_668' title='bbox 3070 2562 3326 2631; x_wconf 90' lang='lat' dir='ltr'><strong>quoniam</strong></span> <span class='ocrx_word' id='word_1_669' title='bbox 3345 2581 3415 2622; x_wconf 86' lang='lat' dir='ltr'><strong>ne</strong></span> 
     </span>
    </p>
   </div>
   <div class='ocr_carea' id='block_1_88' title="bbox 1832 2646 3414 2719">
    <p class='ocr_par' dir='ltr' id='par_1_88' title="bbox 1832 2646 3414 2719">
     <span class='ocr_line' id='line_1_89' title="bbox 1832 2646 3414 2719; baseline 0.009 -19"><span class='ocrx_word' id='word_1_670' title='bbox 1832 2646 1931 2701; x_wconf 88' lang='lat' dir='ltr'><strong>ista</strong></span> <span class='ocrx_word' id='word_1_671' title='bbox 1958 2648 2175 2718; x_wconf 86' lang='lat' dir='ltr'><strong>quidem</strong></span> <span class='ocrx_word' id='word_1_672' title='bbox 2208 2648 2405 2703; x_wconf 87' lang='lat' dir='ltr'><strong>uutnda</strong></span> <span class='ocrx_word' id='word_1_673' title='bbox 2432 2658 2559 2703; x_wconf 87' lang='lat' dir='ltr'><strong>sunt</strong></span> <span class='ocrx_word' id='word_1_674' title='bbox 2595 2649 2737 2718; x_wconf 79' lang='lat' dir='ltr'><strong>apud</strong></span> <span class='ocrx_word' id='word_1_675' title='bbox 2768 2650 2959 2719; x_wconf 86' lang='lat' dir='ltr'><strong>Deum,</strong></span> <span class='ocrx_word' id='word_1_676' title='bbox 3005 2656 3297 2713; x_wconf 87' lang='lat' dir='ltr'><strong>secundum</strong></span> <span class='ocrx_word' id='word_1_677' title='bbox 3329 2658 3414 2714; x_wconf 86' lang='lat' dir='ltr'><strong>lc-</strong></span> 
     </span>
    </p>
   </div>
   <div class='ocr_carea' id='block_1_89' title="bbox 1830 2740 3440 2821">
    <p class='ocr_par' dir='ltr' id='par_1_89' title="bbox 1830 2740 3440 2821">
     <span class='ocr_line' id='line_1_90' title="bbox 1830 2740 3440 2821; baseline 0.007 -28"><span class='ocrx_word' id='word_1_678' title='bbox 1830 2754 1951 2803; x_wconf 69' lang='lat' dir='ltr'><strong>gem</strong></span> <span class='ocrx_word' id='word_1_679' title='bbox 1980 2740 2149 2812; x_wconf 79' lang='lat' dir='ltr'><strong>Moysi</strong></span> <span class='ocrx_word' id='word_1_680' title='bbox 2178 2757 2191 2792; x_wconf 88' lang='lat'>:</span> <span class='ocrx_word' id='word_1_681' title='bbox 2218 2741 2383 2795; x_wconf 89' lang='lat' dir='ltr'><strong>multa</strong></span> <span class='ocrx_word' id='word_1_682' title='bbox 2409 2740 2552 2796; x_wconf 80' lang='lat' dir='ltr'><strong>enim</strong></span> <span class='ocrx_word' id='word_1_683' title='bbox 2578 2757 2764 2798; x_wconf 90' lang='lat' dir='ltr'><strong>eorum</strong></span> <span class='ocrx_word' id='word_1_684' title='bbox 2786 2758 2907 2813; x_wconf 76' lang='lat' dir='ltr'><strong>qua:</strong></span> <span class='ocrx_word' id='word_1_685' title='bbox 2927 2745 3043 2801; x_wconf 89' lang='lat' dir='ltr'><strong>sine</strong></span> <span class='ocrx_word' id='word_1_686' title='bbox 3068 2749 3241 2803; x_wconf 90' lang='lat' dir='ltr'><strong>anima</strong></span> <span class='ocrx_word' id='word_1_687' title='bbox 3265 2760 3412 2821; x_wconf 82' lang='lat' dir='ltr'><strong>sunt,</strong></span> <span class='ocrx_word' id='word_1_688' title='bbox 3436 2765 3440 2769; x_wconf 71' lang='lat'><em>‘</em></span> 
     </span>
    </p>
   </div>
   <div class='ocr_carea' id='block_1_90' title="bbox 1833 2834 3419 2914">
    <p class='ocr_par' dir='ltr' id='par_1_90' title="bbox 1833 2834 3419 2914">
     <span class='ocr_line' id='line_1_91' title="bbox 1833 2834 3419 2914; baseline 0.009 -27"><span class='ocrx_word' id='word_1_689' title='bbox 1833 2834 2041 2888; x_wconf 83' lang='lat' dir='ltr'><strong>ratione</strong></span> <span class='ocrx_word' id='word_1_690' title='bbox 2098 2834 2368 2903; x_wconf 75' lang='lat' dir='ltr'><strong>quadam,</strong></span> <span class='ocrx_word' id='word_1_691' title='bbox 2430 2850 2574 2906; x_wconf 72' lang='lat' dir='ltr'><strong>szepe</strong></span> <span class='ocrx_word' id='word_1_692' title='bbox 2629 2836 2851 2907; x_wconf 75' lang='lat' dir='ltr'><strong>legimus</strong></span> <span class='ocrx_word' id='word_1_693' title='bbox 2883 2838 3179 2897; x_wconf 87' lang='lat' dir='ltr'><strong>immunda.</strong></span> <span class='ocrx_word' id='word_1_694' title='bbox 3217 2844 3419 2914; x_wconf 80' lang='lat' dir='ltr'><strong>Adjicit</strong></span> 
     </span>
    </p>
   </div>
   <div class='ocr_carea' id='block_1_91' title="bbox 1834 2928 3417 3003">
    <p class='ocr_par' dir='ltr' id='par_1_91' title="bbox 1834 2928 3417 3003">
     <span class='ocr_line' id='line_1_92' title="bbox 1834 2928 3417 3003; baseline 0.008 -20"><span class='ocrx_word' id='word_1_695' title='bbox 1834 2928 1994 2983; x_wconf 86' lang='lat' dir='ltr'><strong>etiam</strong></span> <span class='ocrx_word' id='word_1_696' title='bbox 2029 2928 2292 2999; x_wconf 77' lang='lat' dir='ltr'><strong>Origenes</strong></span> <span class='ocrx_word' id='word_1_697' title='bbox 2323 2928 2475 2997; x_wconf 89' lang='lat' dir='ltr'><strong>illud,</strong></span> <span class='ocrx_word' id='word_1_698' title='bbox 2498 2928 2686 3001; x_wconf 89' lang='lat' dir='ltr'><strong>quoda</strong></span> <span class='ocrx_word' id='word_1_699' title='bbox 2712 2932 2980 3003; x_wconf 83' lang='lat' dir='ltr'><strong>propheta</strong></span> <span class='ocrx_word' id='word_1_700' title='bbox 3009 2934 3177 2990; x_wconf 85' lang='lat' dir='ltr'><strong>David</strong></span> <span class='ocrx_word' id='word_1_701' title='bbox 3212 2937 3417 2995; x_wconf 89' lang='lat' dir='ltr'><strong>dictum</strong></span> 
     </span>
    </p>
   </div>
   <div class='ocr_carea' id='block_1_92' title="bbox 1834 3019 3420 3099">
    <p class='ocr_par' dir='ltr' id='par_1_92' title="bbox 1834 3019 3420 3099">
     <span class='ocr_line' id='line_1_93' title="bbox 1834 3019 3420 3099; baseline 0.006 -23"><span class='ocrx_word' id='word_1_702' title='bbox 1834 3030 1916 3076; x_wconf 88' lang='lat' dir='ltr'><strong>est</strong></span> <span class='ocrx_word' id='word_1_703' title='bbox 1946 3038 1957 3073; x_wconf 90' lang='lat'><strong>:</strong></span> <span class='ocrx_word' id='word_1_704' title='bbox 1996 3019 2091 3075; x_wconf 89' lang='lat' dir='ltr'><strong>Sol</strong></span> <span class='ocrx_word' id='word_1_705' title='bbox 2122 3020 2354 3093; x_wconf 79' lang='lat' dir='ltr'><strong>cognovit</strong></span> <span class='ocrx_word' id='word_1_706' title='bbox 2398 3037 2633 3077; x_wconf 86' lang='lat' dir='ltr'><strong>occasum</strong></span> <span class='ocrx_word' id='word_1_707' title='bbox 2660 3040 2812 3079; x_wconf 81' lang='lat' dir='ltr'><strong>suum</strong></span> <span class='ocrx_word' id='word_1_708' title='bbox 2848 3023 2965 3096; x_wconf 83' lang='lat' dir='ltr'><strong>(Ps.</strong></span> <span class='ocrx_word' id='word_1_709' title='bbox 2990 3041 3102 3091; x_wconf 86' lang='lat' dir='ltr'><strong>cut,</strong></span> <span class='ocrx_word' id='word_1_710' title='bbox 3136 3029 3223 3099; x_wconf 75' lang='lat' dir='ltr'><strong>i9)</strong></span> <span class='ocrx_word' id='word_1_711' title='bbox 3251 3047 3265 3098; x_wconf 90' lang='lat'><strong>;</strong></span> <span class='ocrx_word' id='word_1_712' title='bbox 3301 3046 3420 3087; x_wconf 85' lang='lat' dir='ltr'><strong>nec-</strong></span> 
     </span>
    </p>
   </div>
   <div class='ocr_carea' id='block_1_93' title="bbox 1836 3114 3420 3195">
    <p class='ocr_par' dir='ltr' id='par_1_93' title="bbox 1836 3114 3420 3195">
     <span class='ocr_line' id='line_1_94' title="bbox 1836 3114 3420 3195; baseline 0.007 -25"><span class='ocrx_word' id='word_1_713' title='bbox 1836 3114 2142 3170; x_wconf 88' lang='lat' dir='ltr'><strong>nonetiam</strong></span> <span class='ocrx_word' id='word_1_714' title='bbox 2197 3116 2351 3183; x_wconf 84' lang='lat' dir='ltr'><strong>illud,</strong></span> <span class='ocrx_word' id='word_1_715' title='bbox 2400 3116 2546 3188; x_wconf 89' lang='lat' dir='ltr'><strong>quod</strong></span> <span class='ocrx_word' id='word_1_716' title='bbox 2603 3119 2742 3173; x_wconf 87' lang='lat' dir='ltr'><strong>Deus</strong></span> <span class='ocrx_word' id='word_1_717' title='bbox 2792 3118 2929 3175; x_wconf 72' lang='lat' dir='ltr'><strong>dixit</strong></span> <span class='ocrx_word' id='word_1_718' title='bbox 2979 3120 3047 3176; x_wconf 89' lang='lat' dir='ltr'><strong>ad</strong></span> <span class='ocrx_word' id='word_1_719' title='bbox 3100 3124 3420 3195; x_wconf 88' lang='lat' dir='ltr'><strong>prophetam</strong></span> 
     </span>
    </p>
   </div>
   <div class='ocr_carea' id='block_1_94' title="bbox 1755 3194 3419 3291">
    <p class='ocr_par' dir='ltr' id='par_1_94' title="bbox 1755 3194 3419 3291">
     <span class='ocr_line' id='line_1_95' title="bbox 1755 3194 3419 3291; baseline 0.01 -34"><span class='ocrx_word' id='word_1_720' title='bbox 1755 3194 1801 3257; x_wconf 88' lang='lat' dir='ltr'><strong>C</strong></span> <span class='ocrx_word' id='word_1_721' title='bbox 1835 3207 2029 3264; x_wconf 82' lang='lat' dir='ltr'><strong>Isaiam</strong></span> <span class='ocrx_word' id='word_1_722' title='bbox 2056 3226 2069 3260; x_wconf 90' lang='lat'>:</span> <span class='ocrx_word' id='word_1_723' title='bbox 2102 3209 2213 3280; x_wconf 80' lang='lat' dir='ltr'><strong>Ego</strong></span> <span class='ocrx_word' id='word_1_724' title='bbox 2235 3209 2469 3263; x_wconf 80' lang='lat' dir='ltr'><strong>omnibus</strong></span> <span class='ocrx_word' id='word_1_725' title='bbox 2494 3208 2658 3264; x_wconf 80' lang='lat' dir='ltr'><strong>stellis</strong></span> <span class='ocrx_word' id='word_1_726' title='bbox 2700 3212 2939 3267; x_wconf 77' lang='lat' dir='ltr'><strong>mandavi</strong></span> <span class='ocrx_word' id='word_1_727' title='bbox 2966 3210 3120 3285; x_wconf 83' lang='lat' dir='ltr'><strong>(Isai.</strong></span> <span class='ocrx_word' id='word_1_728' title='bbox 3150 3194 3277 3284; x_wconf 65' lang='lat' dir='ltr'><strong>xcv,</strong></span> <span class='ocrx_word' id='word_1_729' title='bbox 3306 3216 3419 3291; x_wconf 72' lang='grc'><strong>12).</strong></span> 
     </span>
    </p>
   </div>
   <div class='ocr_carea' id='block_1_95' title="bbox 1832 3302 3422 3369">
    <p class='ocr_par' dir='ltr' id='par_1_95' title="bbox 1832 3302 3422 3369">
     <span class='ocr_line' id='line_1_96' title="bbox 1832 3302 3422 3369; baseline 0.006 -12"><span class='ocrx_word' id='word_1_730' title='bbox 1832 3302 1949 3357; x_wconf 83' lang='lat' dir='ltr'><strong>Hoc</strong></span> <span class='ocrx_word' id='word_1_731' title='bbox 1970 3312 2148 3357; x_wconf 87' lang='lat' dir='ltr'><strong>autem</strong></span> <span class='ocrx_word' id='word_1_732' title='bbox 2174 3302 2317 3369; x_wconf 79' lang='lat' dir='ltr'><strong>facit,</strong></span> <span class='ocrx_word' id='word_1_733' title='bbox 2346 3304 2672 3360; x_wconf 82' lang='lat' dir='ltr'><strong>conﬁrmare</strong></span> <span class='ocrx_word' id='word_1_734' title='bbox 2701 3308 2886 3361; x_wconf 84' lang='lat' dir='ltr'><strong>volens</strong></span> <span class='ocrx_word' id='word_1_735' title='bbox 2917 3306 3205 3363; x_wconf 80' lang='lat' dir='ltr'><strong>nefandam</strong></span> <span class='ocrx_word' id='word_1_736' title='bbox 3248 3309 3422 3367; x_wconf 79' lang='lat' dir='ltr'><strong>lucre-</strong></span> 
     </span>
    </p>
   </div>
   <div class='ocr_carea' id='block_1_96' title="bbox 1834 3397 3421 3474">
    <p class='ocr_par' dir='ltr' id='par_1_96' title="bbox 1834 3397 3421 3474">
     <span class='ocr_line' id='line_1_97' title="bbox 1834 3397 3421 3474; baseline 0.005 -22"><span class='ocrx_word' id='word_1_737' title='bbox 1834 3397 1935 3452; x_wconf 86' lang='lat' dir='ltr'><strong>sim</strong></span> <span class='ocrx_word' id='word_1_738' title='bbox 1967 3411 2157 3465; x_wconf 90' lang='lat' dir='ltr'><strong>suam;</strong></span> <span class='ocrx_word' id='word_1_739' title='bbox 2186 3397 2320 3454; x_wconf 85' lang='lat' dir='ltr'><strong>dicit</strong></span> <span class='ocrx_word' id='word_1_740' title='bbox 2342 3398 2484 3453; x_wconf 91' lang='lat' dir='ltr'><strong>enim</strong></span> <span class='ocrx_word' id='word_1_741' title='bbox 2525 3399 2702 3471; x_wconf 83' lang='lat' dir='ltr'><strong>(Loro</strong></span> <span class='ocrx_word' id='word_1_742' title='bbox 2731 3410 2883 3455; x_wconf 79' lang='lat' dir='ltr'><strong>antea</strong></span> <span class='ocrx_word' id='word_1_743' title='bbox 2911 3399 3036 3473; x_wconf 85' lang='lat' dir='ltr'><strong>cit.)</strong></span> <span class='ocrx_word' id='word_1_744' title='bbox 3074 3404 3218 3474; x_wconf 89' lang='lat' dir='ltr'><strong>quod</strong></span> <span class='ocrx_word' id='word_1_745' title='bbox 3260 3404 3421 3460; x_wconf 80' lang='lat' dir='ltr'><strong>lumi-</strong></span> 
     </span>
    </p>
   </div>
   <div class='ocr_carea' id='block_1_97' title="bbox 1837 3490 3422 3579">
    <p class='ocr_par' dir='ltr' id='par_1_97' title="bbox 1837 3490 3422 3579">
     <span class='ocr_line' id='line_1_98' title="bbox 1837 3490 3422 3579; baseline 0.004 -32"><span class='ocrx_word' id='word_1_746' title='bbox 1837 3490 2210 3550; x_wconf 82' lang='lat' dir='ltr'><strong>nariadudum</strong></span> <span class='ocrx_word' id='word_1_747' title='bbox 2243 3490 2452 3549; x_wconf 80' lang='lat' dir='ltr'><strong>fuerint</strong></span> <span class='ocrx_word' id='word_1_748' title='bbox 2476 3493 2794 3552; x_wconf 78' lang='lat' dir='ltr'><strong>intellectus</strong></span> <span class='ocrx_word' id='word_1_749' title='bbox 2828 3508 2883 3553; x_wconf 88' lang='lat' dir='ltr'><strong>et</strong></span> <span class='ocrx_word' id='word_1_750' title='bbox 2917 3512 3133 3572; x_wconf 79' lang='lat' dir='ltr'><strong>sensus,</strong></span> <span class='ocrx_word' id='word_1_751' title='bbox 3169 3499 3259 3579; x_wconf 86' lang='lat' dir='ltr'><strong>qui</strong></span> <span class='ocrx_word' id='word_1_752' title='bbox 3294 3500 3422 3567; x_wconf 84' lang='lat' dir='ltr'><strong>quia</strong></span> 
     </span>
    </p>
   </div>
   <div class='ocr_carea' id='block_1_98' title="bbox 1836 3593 3420 3673">
    <p class='ocr_par' dir='ltr' id='par_1_98' title="bbox 1836 3593 3420 3673">
     <span class='ocr_line' id='line_1_99' title="bbox 1836 3593 3420 3673; baseline 0.008 -27"><span class='ocrx_word' id='word_1_753' title='bbox 1836 3593 2170 3663; x_wconf 77' lang='lat' dir='ltr'><strong>negligenter</strong></span> <span class='ocrx_word' id='word_1_754' title='bbox 2193 3599 2389 3648; x_wconf 87' lang='lat' dir='ltr'><strong>versati</strong></span> <span class='ocrx_word' id='word_1_755' title='bbox 2418 3605 2562 3661; x_wconf 86' lang='lat' dir='ltr'><strong>sunt,</strong></span> <span class='ocrx_word' id='word_1_756' title='bbox 2590 3610 2686 3647; x_wconf 84' lang='lat' dir='ltr'><strong>sua</strong></span> <span class='ocrx_word' id='word_1_757' title='bbox 2719 3601 3061 3663; x_wconf 75' lang='lat' dir='ltr'><strong>postmodum</strong></span> <span class='ocrx_word' id='word_1_758' title='bbox 3088 3606 3284 3657; x_wconf 83' lang='lat' dir='ltr'><strong>virtute</strong></span> <span class='ocrx_word' id='word_1_759' title='bbox 3310 3613 3420 3673; x_wconf 83' lang='lat' dir='ltr'><strong>prt-</strong></span> 
     </span>
    </p>
   </div>
   <div class='ocr_carea' id='block_1_99' title="bbox 1837 3686 3417 3769">
    <p class='ocr_par' dir='ltr' id='par_1_99' title="bbox 1837 3686 3417 3769">
     <span class='ocr_line' id='line_1_100' title="bbox 1837 3686 3417 3769; baseline 0.009 -28"><span class='ocrx_word' id='word_1_760' title='bbox 1837 3687 1966 3753; x_wconf 86' lang='lat' dir='ltr'><strong>vati,</strong></span> <span class='ocrx_word' id='word_1_761' title='bbox 1991 3686 2058 3741; x_wconf 89' lang='lat' dir='ltr'><strong>ad</strong></span> <span class='ocrx_word' id='word_1_762' title='bbox 2090 3686 2247 3757; x_wconf 72' lang='lat' dir='ltr'><strong>ignea</strong></span> <span class='ocrx_word' id='word_1_763' title='bbox 2282 3688 2380 3743; x_wconf 88' lang='lat' dir='ltr'><strong>ista</strong></span> <span class='ocrx_word' id='word_1_764' title='bbox 2412 3689 2649 3745; x_wconf 87' lang='lat' dir='ltr'><strong>damnati</strong></span> <span class='ocrx_word' id='word_1_765' title='bbox 2689 3701 2815 3744; x_wconf 88' lang='lat' dir='ltr'><strong>sunt</strong></span> <span class='ocrx_word' id='word_1_766' title='bbox 2847 3705 3103 3764; x_wconf 89' lang='lat' dir='ltr'><strong>corpora,</strong></span> <span class='ocrx_word' id='word_1_767' title='bbox 3149 3705 3209 3752; x_wconf 88' lang='lat' dir='ltr'><strong>ut</strong></span> <span class='ocrx_word' id='word_1_768' title='bbox 3250 3712 3417 3769; x_wconf 88' lang='lat' dir='ltr'><strong>super</strong></span> 
     </span>
    </p>
   </div>
   <div class='ocr_carea' id='block_1_100' title="bbox 1838 3779 2308 3838">
    <p class='ocr_par' dir='ltr' id='par_1_100' title="bbox 1838 3779 2308 3838">
     <span class='ocr_line' id='line_1_101' title="bbox 1838 3779 2308 3838; baseline 0.009 -4"><span class='ocrx_word' id='word_1_769' title='bbox 1838 3787 2037 3835; x_wconf 88' lang='lat' dir='ltr'><strong>terram</strong></span> <span class='ocrx_word' id='word_1_770' title='bbox 2068 3779 2308 3838; x_wconf 88' lang='lat' dir='ltr'><strong>luceant.</strong></span> 
     </span>
    </p>
   </div>
   <div class='ocr_carea' id='block_1_101' title="bbox 1912 3915 3426 3991">
    <p class='ocr_par' dir='ltr' id='par_1_101' title="bbox 1912 3915 3426 3991">
     <span class='ocr_line' id='line_1_102' title="bbox 1912 3915 3426 3991; baseline 0.008 -20"><span class='ocrx_word' id='word_1_771' title='bbox 1912 3915 2161 3991; x_wconf 71' lang='lat' dir='ltr'><strong>Multisin</strong></span> <span class='ocrx_word' id='word_1_772' title='bbox 2179 3916 2313 3973; x_wconf 84' lang='lat' dir='ltr'><strong>locis</strong></span> <span class='ocrx_word' id='word_1_773' title='bbox 2338 3915 2597 3991; x_wconf 78' lang='lat' dir='ltr'><strong>Origenes</strong></span> <span class='ocrx_word' id='word_1_774' title='bbox 2625 3927 2842 3974; x_wconf 85' lang='lat' dir='ltr'><strong>secutus</strong></span> <span class='ocrx_word' id='word_1_775' title='bbox 2864 3930 2947 3976; x_wconf 81' lang='lat' dir='ltr'><strong>est</strong></span> <span class='ocrx_word' id='word_1_776' title='bbox 2975 3921 3281 3991; x_wconf 87' lang='lat' dir='ltr'><strong>opinionem</strong></span> <span class='ocrx_word' id='word_1_777' title='bbox 3305 3927 3426 3983; x_wconf 85' lang='lat' dir='ltr'><strong>Pla-</strong></span> 
     </span>
    </p>
   </div>
   <div class='ocr_carea' id='block_1_102' title="bbox 1841 3989 3425 4059">
    <p class='ocr_par' dir='ltr' id='par_1_102' title="bbox 1841 3989 3425 4059">
     <span class='ocr_line' id='line_1_103' title="bbox 1841 3989 3425 4059; baseline 0.007 -15"><span class='ocrx_word' id='word_1_778' title='bbox 1841 3990 1983 4044; x_wconf 87' lang='lat' dir='ltr'><strong>tonis</strong></span> <span class='ocrx_word' id='word_1_779' title='bbox 2028 3990 2261 4043; x_wconf 81' lang='lat' dir='ltr'><strong>animam</strong></span> <span class='ocrx_word' id='word_1_780' title='bbox 2310 3989 2623 4053; x_wconf 87' lang='lat' dir='ltr'><strong>tribuentis,</strong></span> <span class='ocrx_word' id='word_1_781' title='bbox 2670 4005 2776 4045; x_wconf 86' lang='lat' dir='ltr'><strong>non</strong></span> <span class='ocrx_word' id='word_1_782' title='bbox 2828 3989 3029 4046; x_wconf 78' lang='lat' dir='ltr'><strong>tantum</strong></span> <span class='ocrx_word' id='word_1_783' title='bbox 3069 3998 3296 4059; x_wconf 85' lang='lat' dir='ltr'><strong>mundo,</strong></span> <span class='ocrx_word' id='word_1_784' title='bbox 3326 4000 3425 4055; x_wconf 86' lang='lat' dir='ltr'><strong>sed</strong></span> 
     </span>
    </p>
   </div>
   <div class='ocr_carea' id='block_1_103' title="bbox 1840 4060 3425 4134">
    <p class='ocr_par' dir='ltr' id='par_1_103' title="bbox 1840 4060 3425 4134">
     <span class='ocr_line' id='line_1_104' title="bbox 1840 4060 3425 4134; baseline 0.007 -21"><span class='ocrx_word' id='word_1_785' title='bbox 1840 4061 2000 4134; x_wconf 81' lang='lat' dir='ltr'><strong>etiam</strong></span> <span class='ocrx_word' id='word_1_786' title='bbox 2053 4061 2250 4134; x_wconf 67' lang='lat' dir='ltr'><strong>astris,</strong></span> <span class='ocrx_word' id='word_1_787' title='bbox 2282 4075 2510 4129; x_wconf 88' lang='lat' dir='ltr'><strong>eamque</strong></span> <span class='ocrx_word' id='word_1_788' title='bbox 2553 4060 2909 4134; x_wconf 76' lang='lat' dir='ltr'><strong>rationalem,</strong></span> <span class='ocrx_word' id='word_1_789' title='bbox 2950 4073 3007 4118; x_wconf 87' lang='lat' dir='ltr'><strong>ut</strong></span> <span class='ocrx_word' id='word_1_790' title='bbox 3037 4080 3163 4121; x_wconf 75' lang='lat' dir='ltr'><strong>suos</strong></span> <span class='ocrx_word' id='word_1_791' title='bbox 3202 4078 3376 4123; x_wconf 85' lang='lat' dir='ltr'><strong>motus</strong></span> <span class='ocrx_word' id='word_1_792' title='bbox 3408 4112 3425 4134; x_wconf 88' lang='lat'><strong>,</strong></span> 
     </span>
    </p>
   </div>
   <div class='ocr_carea' id='block_1_104' title="bbox 1834 4130 3425 4211">
    <p class='ocr_par' dir='ltr' id='par_1_104' title="bbox 1834 4130 3425 4211">
     <span class='ocr_line' id='line_1_105' title="bbox 1834 4130 3425 4211; baseline 0.008 -28"><span class='ocrx_word' id='word_1_793' title='bbox 1834 4130 2061 4199; x_wconf 85' lang='lat' dir='ltr'><strong>jubeute</strong></span> <span class='ocrx_word' id='word_1_794' title='bbox 2094 4130 2227 4211; x_wconf 71' lang='lat' dir='ltr'><strong>Deo,</strong></span> <span class='ocrx_word' id='word_1_795' title='bbox 2266 4143 2601 4211; x_wconf 75' lang='lat' dir='ltr'><strong>peragerent.</strong></span> <span class='ocrx_word' id='word_1_796' title='bbox 2635 4133 2889 4211; x_wconf 74' lang='lat' dir='ltr'><strong>Omnium</strong></span> <span class='ocrx_word' id='word_1_797' title='bbox 2929 4136 3159 4191; x_wconf 66' lang='lat' dir='ltr'><strong>maxime</strong></span> <span class='ocrx_word' id='word_1_798' title='bbox 3198 4130 3425 4211; x_wconf 75' lang='lat' dir='ltr'><strong>insignis</strong></span> 
     </span>
    </p>
   </div>
   <div class='ocr_carea' id='block_1_105' title="bbox 1844 4203 3426 4278">
    <p class='ocr_par' dir='ltr' id='par_1_105' title="bbox 1844 4203 3426 4278">
     <span class='ocr_line' id='line_1_106' title="bbox 1844 4203 3426 4278; baseline 0.007 -23"><span class='ocrx_word' id='word_1_799' title='bbox 1844 4204 2069 4278; x_wconf 78' lang='lat' dir='ltr'><strong>habetur</strong></span> <span class='ocrx_word' id='word_1_800' title='bbox 2116 4203 2208 4257; x_wconf 87' lang='lat' dir='ltr'><strong>lib.</strong></span> <span class='ocrx_word' id='word_1_801' title='bbox 2246 4216 2263 4254; x_wconf 89' lang='grc' dir='ltr'>ι</span> <span class='ocrx_word' id='word_1_802' title='bbox 2295 4207 2415 4278; x_wconf 69' lang='grc' dir='ltr'><strong>ηερε</strong></span> <span class='ocrx_word' id='word_1_803' title='bbox 2456 4203 2659 4278; x_wconf 59' lang='grc' dir='ltr'><strong>[ᾼρχῶν</strong></span> <span class='ocrx_word' id='word_1_804' title='bbox 2705 4220 2826 4271; x_wconf 88' lang='lat' dir='ltr'><strong>cap.</strong></span> <span class='ocrx_word' id='word_1_805' title='bbox 2862 4208 2914 4271; x_wconf 84' lang='lat'><strong>7,</strong></span> <span class='ocrx_word' id='word_1_806' title='bbox 2945 4221 3101 4275; x_wconf 89' lang='lat' dir='ltr'><strong>quem</strong></span> <span class='ocrx_word' id='word_1_807' title='bbox 3133 4203 3426 4278; x_wconf 70' lang='lat' dir='ltr'><strong>exprobrat.</strong></span> 
     </span>
    </p>
   </div>
   <div class='ocr_carea' id='block_1_106' title="bbox 1841 4272 3425 4351">
    <p class='ocr_par' dir='ltr' id='par_1_106' title="bbox 1841 4272 3425 4351">
     <span class='ocr_line' id='line_1_107' title="bbox 1841 4272 3425 4351; baseline 0.006 -24"><span class='ocrx_word' id='word_1_808' title='bbox 1841 4272 2210 4351; x_wconf 76' lang='lat' dir='ltr'><strong>Ot&#39;igoni_non</strong></span> <span class='ocrx_word' id='word_1_809' title='bbox 2260 4272 2408 4351; x_wconf 71' lang='lat' dir='ltr'><strong>solus</strong></span> <span class='ocrx_word' id='word_1_810' title='bbox 2455 4272 2710 4351; x_wconf 51' lang='lat' dir='ltr'><strong>fluitans,</strong></span> <span class='ocrx_word' id='word_1_811' title='bbox 2752 4272 3425 4351; x_wconf 25' lang='lat' dir='ltr'><strong>verumiet_Theophilus</strong></span> 
     </span>
    </p>
   </div>
   <div class='ocr_carea' id='block_1_107' title="bbox 1843 4343 3425 4422">
    <p class='ocr_par' dir='ltr' id='par_1_107' title="bbox 1843 4343 3425 4422">
     <span class='ocr_line' id='line_1_108' title="bbox 1843 4343 3425 4422; baseline 0.008 -26"><span class='ocrx_word' id='word_1_812' title='bbox 1843 4343 2240 4422; x_wconf 32' lang='lat' dir='ltr'><strong>elevand‘ri‘nus‘</strong></span> <span class='ocrx_word' id='word_1_813' title='bbox 2269 4346 2291 4422; x_wconf 86' lang='lat'><strong>(</strong></span> <span class='ocrx_word' id='word_1_814' title='bbox 2312 4343 2509 4422; x_wconf 73' lang='lat' dir='ltr'><strong>llomil.</strong></span> <span class='ocrx_word' id='word_1_815' title='bbox 2546 4344 2569 4398; x_wconf 79' lang='grc'><strong>1</strong></span> <span class='ocrx_word' id='word_1_816' title='bbox 2603 4347 2717 4422; x_wconf 46' lang='grc' dir='ltr'><strong>ξι.ᾼὲ</strong></span> <span class='ocrx_word' id='word_1_817' title='bbox 2747 4346 3032 4422; x_wconf 71' lang='lat' dir='ltr'><strong>paschali),</strong></span> <span class='ocrx_word' id='word_1_818' title='bbox 3068 4343 3425 4422; x_wconf 70' lang='lat' dir='ltr'><strong>Hieronymus</strong></span> 
     </span>
    </p>
   </div>
   <div class='ocr_carea' id='block_1_108' title="bbox 1847 4414 3420 4496">
    <p class='ocr_par' dir='ltr' id='par_1_108' title="bbox 1847 4414 3420 4496">
     <span class='ocr_line' id='line_1_109' title="bbox 1847 4414 3420 4496; baseline 0.006 -28"><span class='ocrx_word' id='word_1_819' title='bbox 1847 4414 2051 4496; x_wconf 49' lang='lat' dir='ltr'><strong>(Epist.</strong></span> <span class='ocrx_word' id='word_1_820' title='bbox 2078 4414 2146 4496; x_wconf 59' lang='grc' dir='ltr'><strong>ξς)</strong></span> <span class='ocrx_word' id='word_1_821' title='bbox 2170 4415 2479 4496; x_wconf 39' lang='lat' dir='ltr'><strong>adgnitum,</strong></span> <span class='ocrx_word' id='word_1_822' title='bbox 2511 4419 2736 4496; x_wconf 40' lang='lat' dir='ltr'><strong>cl‘e&#39;pist.</strong></span> <span class='ocrx_word' id='word_1_823' title='bbox 2854 4418 2920 4470; x_wconf 74' lang='lat' dir='ltr'><strong>ad</strong></span> <span class='ocrx_word' id='word_1_824' title='bbox 2951 4414 3378 4496; x_wconf 45' lang='lat' dir='ltr'><strong>ﬂammae/tium)</strong></span> <span class='ocrx_word' id='word_1_825' title='bbox 3405 4470 3420 4493; x_wconf 84' lang='lat'><strong>,</strong></span> 
     </span>
    </p>
   </div>
   <div class='ocr_carea' id='block_1_109' title="bbox 1841 4484 3421 4563">
    <p class='ocr_par' dir='ltr' id='par_1_109' title="bbox 1841 4484 3421 4563">
     <span class='ocr_line' id='line_1_110' title="bbox 1841 4484 3421 4563; baseline 0.006 -22"><span class='ocrx_word' id='word_1_826' title='bbox 1841 4486 2176 4563; x_wconf 77' lang='lat' dir='ltr'><strong>Epiphanius</strong></span> <span class='ocrx_word' id='word_1_827' title='bbox 2205 4484 2520 4563; x_wconf 67' lang='lat' dir='ltr'><strong>(Epist._ad</strong></span> <span class='ocrx_word' id='word_1_828' title='bbox 2549 4488 2704 4563; x_wconf 80' lang='lat' dir='ltr'><strong>.loau.</strong></span> <span class='ocrx_word' id='word_1_829' title='bbox 2741 4488 3137 4563; x_wconf 66' lang='lat' dir='ltr'><strong>llicrosolyntit.</strong></span> <span class='ocrx_word' id='word_1_830' title='bbox 3163 4491 3206 4563; x_wconf 88' lang='lat'><strong>),</strong></span> <span class='ocrx_word' id='word_1_831' title='bbox 3251 4484 3421 4550; x_wconf 66' lang='grc' dir='ltr'><strong>λυδίίαῖ</strong></span> 
     </span>
    </p>
   </div>
   <div class='ocr_carea' id='block_1_110' title="bbox 2992 4507 3423 4632">
    <p class='ocr_par' dir='ltr' id='par_1_110' title="bbox 2992 4507 3423 4632">
     <span class='ocr_line' id='line_1_111' title="bbox 3030 4507 3421 4563; baseline 0.026 -22"><span class='ocrx_word' id='word_1_832' title='bbox 3030 4507 3137 4546; x_wconf 85' lang='lat' dir='ltr'><strong>mu.</strong></span> <span class='ocrx_word' id='word_1_833' title='bbox 3164 4507 3206 4563; x_wconf 80' lang='lat'><strong>),</strong></span> <span class='ocrx_word' id='word_1_834' title='bbox 3251 4507 3421 4550; x_wconf 78' lang='lat' dir='ltr'><strong>JUslt-</strong></span> 
     </span>
     <span class='ocr_line' id='line_1_112' title="bbox 2992 4507 3423 4632; baseline 0.019 -19"><span class='ocrx_word' id='word_1_835' title='bbox 2992 4507 3031 4632; x_wconf 55' lang='grc' dir='ltr'><strong>ἴ,</strong></span> <span class='ocrx_word' id='word_1_836' title='bbox 3063 4562 3261 4631; x_wconf 85' lang='lat' dir='ltr'><strong>aliique</strong></span> <span class='ocrx_word' id='word_1_837' title='bbox 3286 4568 3423 4622; x_wconf 76' lang='lat' dir='ltr'><strong>bene</strong></span> 
     </span>
    </p>
   </div>
   <div class='ocr_carea' id='block_1_111' title="bbox 1844 4628 3423 4709">
    <p class='ocr_par' dir='ltr' id='par_1_111' title="bbox 1844 4628 3423 4709">
     <span class='ocr_line' id='line_1_113' title="bbox 1844 4628 3423 4709; baseline 0.006 -26"><span class='ocrx_word' id='word_1_838' title='bbox 1844 4629 1999 4709; x_wconf 68' lang='lat' dir='ltr'><strong>multi</strong></span> <span class='ocrx_word' id='word_1_839' title='bbox 2028 4646 2040 4680; x_wconf 74' lang='grc' dir='ltr'><strong>ι</strong></span> <span class='ocrx_word' id='word_1_840' title='bbox 2070 4628 2141 4680; x_wconf 85' lang='lat' dir='ltr'><strong>ibi</strong></span> <span class='ocrx_word' id='word_1_841' title='bbox 2170 4628 2311 4709; x_wconf 83' lang='lat' dir='ltr'><strong>enim</strong></span> <span class='ocrx_word' id='word_1_842' title='bbox 2347 4631 2585 4709; x_wconf 54' lang='lat' dir='ltr'><strong>amttitur</strong></span> <span class='ocrx_word' id='word_1_843' title='bbox 2612 4631 2931 4709; x_wconf 81' lang='lat' dir='ltr'><strong>testimoniis</strong></span> <span class='ocrx_word' id='word_1_844' title='bbox 2955 4628 3268 4709; x_wconf 59' lang='lat' dir='ltr'><strong>Scriptura,</strong></span> <span class='ocrx_word' id='word_1_845' title='bbox 3300 4654 3423 4709; x_wconf 62' lang='lat' dir='ltr'><strong>quae</strong></span> 
     </span>
    </p>
   </div>
   <div class='ocr_carea' id='block_1_112' title="bbox 1844 4699 3425 4771">
    <p class='ocr_par' dir='ltr' id='par_1_112' title="bbox 1844 4699 3425 4771">
     <span class='ocr_line' id='line_1_114' title="bbox 1844 4699 3425 4771; baseline 0.006 -17"><span class='ocrx_word' id='word_1_846' title='bbox 1844 4699 2067 4754; x_wconf 81' lang='lat' dir='ltr'><strong>Hnl‘tnus</strong></span> <span class='ocrx_word' id='word_1_847' title='bbox 2108 4702 2345 4767; x_wconf 78' lang='lat' dir='ltr'><strong>exponit.</strong></span> <span class='ocrx_word' id='word_1_848' title='bbox 2385 4700 2545 4771; x_wconf 71' lang='lat' dir='ltr'><strong>Miror</strong></span> <span class='ocrx_word' id='word_1_849' title='bbox 2586 4718 2712 4755; x_wconf 82' lang='lat' dir='ltr'><strong>vero</strong></span> <span class='ocrx_word' id='word_1_850' title='bbox 2752 4704 2877 4771; x_wconf 81' lang='lat' dir='ltr'><strong>quid</strong></span> <span class='ocrx_word' id='word_1_851' title='bbox 2924 4699 3102 4760; x_wconf 68' lang='lat' dir='ltr'><strong>causa:</strong></span> <span class='ocrx_word' id='word_1_852' title='bbox 3132 4706 3292 4763; x_wconf 79' lang='lat' dir='ltr'><strong>fuerit</strong></span> <span class='ocrx_word' id='word_1_853' title='bbox 3318 4699 3425 4763; x_wconf 56' lang='lat' dir='ltr'><strong>&#39;cur</strong></span> 
     </span>
    </p>
   </div>
   <div class='ocr_carea' id='block_1_113' title="bbox 1842 4770 3425 4841">
    <p class='ocr_par' dir='ltr' id='par_1_113' title="bbox 1842 4770 3425 4841">
     <span class='ocr_line' id='line_1_115' title="bbox 1842 4770 3425 4841; baseline 0.008 -18"><span class='ocrx_word' id='word_1_854' title='bbox 1842 4782 1946 4823; x_wconf 85' lang='lat' dir='ltr'><strong>tam</strong></span> <span class='ocrx_word' id='word_1_855' title='bbox 1979 4771 2326 4825; x_wconf 83' lang='lat' dir='ltr'><strong>vehementer</strong></span> <span class='ocrx_word' id='word_1_856' title='bbox 2367 4772 2418 4824; x_wconf 92' lang='lat' dir='ltr'><strong>in</strong></span> <span class='ocrx_word' id='word_1_857' title='bbox 2457 4770 2677 4826; x_wconf 85' lang='lat' dir='ltr'><strong>Oriente</strong></span> <span class='ocrx_word' id='word_1_858' title='bbox 2706 4770 2866 4841; x_wconf 79' lang='lat' dir='ltr'><strong>super</strong></span> <span class='ocrx_word' id='word_1_859' title='bbox 2894 4790 2954 4828; x_wconf 80' lang='lat' dir='ltr'><strong>ea</strong></span> <span class='ocrx_word' id='word_1_860' title='bbox 2982 4778 3281 4840; x_wconf 59' lang='lat' dir='ltr'><strong>quwstione</strong></span> <span class='ocrx_word' id='word_1_861' title='bbox 3324 4781 3425 4835; x_wconf 87' lang='lat' dir='ltr'><strong>Pa-</strong></span> 
     </span>
    </p>
   </div>
   <div class='ocr_carea' id='block_1_114' title="bbox 1830 4840 3426 4911">
    <p class='ocr_par' dir='ltr' id='par_1_114' title="bbox 1830 4840 3426 4911">
     <span class='ocr_line' id='line_1_116' title="bbox 1830 4840 3426 4911; baseline 0.008 -16"><span class='ocrx_word' id='word_1_862' title='bbox 1830 4853 1952 4896; x_wconf 78' lang='lat' dir='ltr'><strong>tres</strong></span> <span class='ocrx_word' id='word_1_863' title='bbox 1986 4859 2013 4895; x_wconf 85' lang='lat' dir='ltr'><strong>a</strong></span> <span class='ocrx_word' id='word_1_864' title='bbox 2058 4840 2140 4895; x_wconf 83' lang='lat' dir='ltr'><strong>m‘e</strong></span> <span class='ocrx_word' id='word_1_865' title='bbox 2186 4843 2406 4909; x_wconf 77' lang='lat' dir='ltr'><strong>laudati,</strong></span> <span class='ocrx_word' id='word_1_866' title='bbox 2458 4845 2678 4911; x_wconf 85' lang='lat' dir='ltr'><strong>aliique,</strong></span> <span class='ocrx_word' id='word_1_867' title='bbox 2728 4840 2788 4899; x_wconf 84' lang='lat' dir='ltr'><strong>ut</strong></span> <span class='ocrx_word' id='word_1_868' title='bbox 2834 4846 3055 4900; x_wconf 75' lang='lat' dir='ltr'><strong>Basilius</strong></span> <span class='ocrx_word' id='word_1_869' title='bbox 3098 4863 3149 4900; x_wconf 83' lang='lat' dir='ltr'><strong>et</strong></span> <span class='ocrx_word' id='word_1_870' title='bbox 3195 4848 3426 4906; x_wconf 85' lang='lat' dir='ltr'><strong>Genesis</strong></span> 
     </span>
    </p>
   </div>
   <div class='ocr_carea' id='block_1_115' title="bbox 1837 4912 3421 4983">
    <p class='ocr_par' dir='ltr' id='par_1_115' title="bbox 1837 4912 3421 4983">
     <span class='ocr_line' id='line_1_117' title="bbox 1837 4912 3421 4983; baseline 0.008 -16"><span class='ocrx_word' id='word_1_871' title='bbox 1837 4915 2201 4976; x_wconf 59' lang='lat' dir='ltr'><strong>e‘mrratores,</strong></span> <span class='ocrx_word' id='word_1_872' title='bbox 2232 4912 2514 4983; x_wconf 68' lang='lat' dir='ltr'><strong>Origenem</strong></span> <span class='ocrx_word' id='word_1_873' title='bbox 2541 4930 2874 4979; x_wconf 76' lang='lat' dir='ltr'><strong>accusarent,</strong></span> <span class='ocrx_word' id='word_1_874' title='bbox 2906 4933 3026 4970; x_wconf 87' lang='lat' dir='ltr'><strong>cum</strong></span> <span class='ocrx_word' id='word_1_875' title='bbox 3053 4920 3104 4974; x_wconf 92' lang='lat' dir='ltr'><strong>in</strong></span> <span class='ocrx_word' id='word_1_876' title='bbox 3129 4918 3421 4979; x_wconf 84' lang='lat' dir='ltr'><strong>Occidente</strong></span> 
     </span>
    </p>
   </div>
   <div class='ocr_carea' id='block_1_116' title="bbox 1839 4986 3427 5055">
    <p class='ocr_par' dir='ltr' id='par_1_116' title="bbox 1839 4986 3427 5055">
     <span class='ocr_line' id='line_1_118' title="bbox 1839 4986 3427 5055; baseline 0.007 -17"><span class='ocrx_word' id='word_1_877' title='bbox 1839 4986 2189 5053; x_wconf 68' lang='lat' dir='ltr'><strong>Augustinus,</strong></span> <span class='ocrx_word' id='word_1_878' title='bbox 2215 4987 2298 5039; x_wconf 88' lang='lat' dir='ltr'><strong>sin</strong></span> <span class='ocrx_word' id='word_1_879' title='bbox 2325 4988 2498 5039; x_wconf 81' lang='lat' dir='ltr'><strong>minus</strong></span> <span class='ocrx_word' id='word_1_880' title='bbox 2527 4987 2730 5041; x_wconf 80' lang='lat' dir='ltr'><strong>Platoni</strong></span> <span class='ocrx_word' id='word_1_881' title='bbox 2763 4992 3074 5055; x_wconf 84' lang='lat' dir='ltr'><strong>assenserit,</strong></span> <span class='ocrx_word' id='word_1_882' title='bbox 3104 4991 3293 5048; x_wconf 82' lang='lat' dir='ltr'><strong>saltem</strong></span> <span class='ocrx_word' id='word_1_883' title='bbox 3324 4994 3427 5049; x_wconf 86' lang='lat' dir='ltr'><strong>du-</strong></span> 
     </span>
    </p>
   </div>
   <div class='ocr_carea' id='block_1_117' title="bbox 1840 5056 3422 5136">
    <p class='ocr_par' dir='ltr' id='par_1_117' title="bbox 1840 5056 3422 5136">
     <span class='ocr_line' id='line_1_119' title="bbox 1840 5056 3422 5136; baseline 0.007 -26"><span class='ocrx_word' id='word_1_884' title='bbox 1840 5056 1970 5136; x_wconf 48' lang='lat' dir='ltr'><strong>bius</strong></span> <span class='ocrx_word' id='word_1_885' title='bbox 1986 5057 2252 5136; x_wconf 72' lang='lat' dir='ltr'><strong>exstiterit</strong></span> <span class='ocrx_word' id='word_1_886' title='bbox 2274 5100 2287 5122; x_wconf 90' lang='lat'><strong>,</strong></span> <span class='ocrx_word' id='word_1_887' title='bbox 2323 5071 2377 5110; x_wconf 88' lang='lat' dir='ltr'><strong>ut</strong></span> <span class='ocrx_word' id='word_1_888' title='bbox 2407 5060 2899 5136; x_wconf 48' lang='lat' dir='ltr'><strong>CDl‘lSlitl.piui&#39;l_b_U_S</strong></span> <span class='ocrx_word' id='word_1_889' title='bbox 2929 5061 3215 5136; x_wconf 27' lang='lat' dir='ltr'><strong>ex__l‘ocis(</strong></span> <span class='ocrx_word' id='word_1_890' title='bbox 3236 5063 3348 5119; x_wconf 80' lang='lat' dir='ltr'><strong>Lib.</strong></span> <span class='ocrx_word' id='word_1_891' title='bbox 3382 5082 3422 5123; x_wconf 85' lang='lat' dir='ltr'><strong>tt</strong></span> 
     </span>
    </p>
   </div>
   <div class='ocr_carea' id='block_1_118' title="bbox 1835 5126 3423 5192">
    <p class='ocr_par' dir='ltr' id='par_1_118' title="bbox 1835 5126 3423 5192">
     <span class='ocr_line' id='line_1_120' title="bbox 1835 5126 3423 5192; baseline 0.009 -14"><span class='ocrx_word' id='word_1_892' title='bbox 1835 5130 1897 5179; x_wconf 78' lang='lat' dir='ltr'><strong>de</strong></span> <span class='ocrx_word' id='word_1_893' title='bbox 1930 5126 2058 5181; x_wconf 86' lang='lat' dir='ltr'><strong>Gen.</strong></span> <span class='ocrx_word' id='word_1_894' title='bbox 2090 5129 2156 5181; x_wconf 88' lang='lat' dir='ltr'><strong>ad</strong></span> <span class='ocrx_word' id='word_1_895' title='bbox 2184 5130 2260 5181; x_wconf 86' lang='lat' dir='ltr'><strong>lit.</strong></span> <span class='ocrx_word' id='word_1_896' title='bbox 2296 5146 2410 5191; x_wconf 76' lang='lat' dir='ltr'><strong>cap.</strong></span> <span class='ocrx_word' id='word_1_897' title='bbox 2443 5128 2525 5191; x_wconf 88' lang='lat' dir='ltr'><strong>l8,</strong></span> <span class='ocrx_word' id='word_1_898' title='bbox 2554 5140 2601 5180; x_wconf 83' lang='lat' dir='ltr'><strong>et</strong></span> <span class='ocrx_word' id='word_1_899' title='bbox 2632 5126 2898 5182; x_wconf 81' lang='lat' dir='ltr'><strong>Enr/tirid.</strong></span> <span class='ocrx_word' id='word_1_900' title='bbox 2932 5150 2976 5187; x_wconf 88' lang='lat' dir='ltr'><strong>c.</strong></span> <span class='ocrx_word' id='word_1_901' title='bbox 3003 5132 3073 5188; x_wconf 80' lang='lat'><strong>58</strong></span> <span class='ocrx_word' id='word_1_902' title='bbox 3102 5142 3146 5187; x_wconf 79' lang='lat' dir='ltr'><strong>et</strong></span> <span class='ocrx_word' id='word_1_903' title='bbox 3168 5126 3330 5192; x_wconf 38' lang='lat' dir='ltr'><strong>liam</strong></span> <span class='ocrx_word' id='word_1_904' title='bbox 3356 5138 3423 5191; x_wconf 84' lang='lat' dir='ltr'><strong>de</strong></span> 
     </span>
    </p>
   </div>
   <div class='ocr_carea' id='block_1_119' title="bbox 1839 5198 3420 5275">
    <p class='ocr_par' dir='ltr' id='par_1_119' title="bbox 1839 5198 3420 5275">
     <span class='ocr_line' id='line_1_121' title="bbox 1839 5198 3420 5275; baseline 0.008 -24"><span class='ocrx_word' id='word_1_905' title='bbox 1839 5198 2022 5275; x_wconf 75' lang='lat' dir='ltr'><strong>Trinit.</strong></span> <span class='ocrx_word' id='word_1_906' title='bbox 2062 5218 2107 5252; x_wconf 78' lang='grc' dir='ltr'><strong>ε.</strong></span> <span class='ocrx_word' id='word_1_907' title='bbox 2147 5202 2273 5266; x_wconf 85' lang='lat' dir='ltr'><strong>l6).</strong></span> <span class='ocrx_word' id='word_1_908' title='bbox 2306 5200 2917 5275; x_wconf 72' lang='lat' dir='ltr'><strong>Admiratinncinauget</strong></span> <span class='ocrx_word' id='word_1_909' title='bbox 2956 5202 3112 5259; x_wconf 89' lang='lat' dir='ltr'><strong>divus</strong></span> <span class='ocrx_word' id='word_1_910' title='bbox 3151 5206 3420 5275; x_wconf 85' lang='lat' dir='ltr'><strong>Thomas,</strong></span> 
     </span>
    </p>
   </div>
   <div class='ocr_carea' id='block_1_120' title="bbox 1834 5272 3420 5339">
    <p class='ocr_par' dir='ltr' id='par_1_120' title="bbox 1834 5272 3420 5339">
     <span class='ocr_line' id='line_1_122' title="bbox 1834 5272 3420 5339; baseline 0.009 -18"><span class='ocrx_word' id='word_1_911' title='bbox 1834 5272 1924 5339; x_wconf 87' lang='lat' dir='ltr'><strong>qni</strong></span> <span class='ocrx_word' id='word_1_912' title='bbox 1966 5286 2087 5323; x_wconf 85' lang='lat' dir='ltr'><strong>cum</strong></span> <span class='ocrx_word' id='word_1_913' title='bbox 2129 5277 2447 5325; x_wconf 84' lang='lat' dir='ltr'><strong>sententiam</strong></span> <span class='ocrx_word' id='word_1_914' title='bbox 2493 5273 2793 5325; x_wconf 72' lang='lat' dir='ltr'><strong>Aristmelis</strong></span> <span class='ocrx_word' id='word_1_915' title='bbox 2838 5275 3103 5329; x_wconf 67' lang='lat' dir='ltr'><strong>attulisset</strong></span> <span class='ocrx_word' id='word_1_916' title='bbox 3140 5276 3207 5331; x_wconf 86' lang='lat' dir='ltr'><strong>de</strong></span> <span class='ocrx_word' id='word_1_917' title='bbox 3242 5272 3420 5336; x_wconf 72' lang='lat' dir='ltr'><strong>anima</strong></span> 
     </span>
    </p>
   </div>
   <div class='ocr_carea' id='block_1_121' title="bbox 1833 5342 3424 5413">
    <p class='ocr_par' dir='ltr' id='par_1_121' title="bbox 1833 5342 3424 5413">
     <span class='ocr_line' id='line_1_123' title="bbox 1833 5342 3424 5413; baseline 0.004 -16"><span class='ocrx_word' id='word_1_918' title='bbox 1833 5344 1992 5397; x_wconf 64' lang='lat' dir='ltr'><strong>creti:</strong></span> <span class='ocrx_word' id='word_1_919' title='bbox 2029 5342 2141 5396; x_wconf 81' lang='lat' dir='ltr'><strong>Hoc</strong></span> <span class='ocrx_word' id='word_1_920' title='bbox 2166 5352 2353 5404; x_wconf 81' lang='lat' dir='ltr'><strong>autem,</strong></span> <span class='ocrx_word' id='word_1_921' title='bbox 2400 5344 2590 5412; x_wconf 86' lang='lat' dir='ltr'><strong>inquit.</strong></span> <span class='ocrx_word' id='word_1_922' title='bbox 2636 5346 2773 5413; x_wconf 83' lang='lat' dir='ltr'><strong>quod</strong></span> <span class='ocrx_word' id='word_1_923' title='bbox 2812 5345 3003 5398; x_wconf 84' lang='lat' dir='ltr'><strong>dictum</strong></span> <span class='ocrx_word' id='word_1_924' title='bbox 3028 5358 3100 5400; x_wconf 81' lang='lat' dir='ltr'><strong>est</strong></span> <span class='ocrx_word' id='word_1_925' title='bbox 3131 5346 3195 5400; x_wconf 86' lang='lat' dir='ltr'><strong>de</strong></span> <span class='ocrx_word' id='word_1_926' title='bbox 3219 5354 3424 5404; x_wconf 82' lang='lat' dir='ltr'><strong>anima-</strong></span> 
     </span>
    </p>
   </div>
   <div class='ocr_carea' id='block_1_122' title="bbox 1835 5414 3423 5490">
    <p class='ocr_par' dir='ltr' id='par_1_122' title="bbox 1835 5414 3423 5490">
     <span class='ocr_line' id='line_1_124' title="bbox 1835 5414 3423 5490; baseline 0.007 -26"><span class='ocrx_word' id='word_1_927' title='bbox 1835 5416 1972 5467; x_wconf 83' lang='lat' dir='ltr'><strong>tione</strong></span> <span class='ocrx_word' id='word_1_928' title='bbox 1998 5414 2131 5481; x_wconf 76' lang='lat' dir='ltr'><strong>cwti,</strong></span> <span class='ocrx_word' id='word_1_929' title='bbox 2158 5431 2255 5465; x_wconf 83' lang='lat' dir='ltr'><strong>non</strong></span> <span class='ocrx_word' id='word_1_930' title='bbox 2283 5416 2503 5469; x_wconf 64' lang='lat' dir='ltr'><strong>dia-imus</strong></span> <span class='ocrx_word' id='word_1_931' title='bbox 2524 5418 2675 5490; x_wconf 72' lang='lat' dir='ltr'><strong>quasi</strong></span> <span class='ocrx_word' id='word_1_932' title='bbox 2701 5417 2971 5490; x_wconf 80' lang='lat' dir='ltr'><strong>asserenda</strong></span> <span class='ocrx_word' id='word_1_933' title='bbox 2998 5420 3278 5473; x_wconf 76' lang='lat' dir='ltr'><strong>secundum</strong></span> <span class='ocrx_word' id='word_1_934' title='bbox 3298 5422 3423 5490; x_wconf 55' lang='grc' dir='ltr'><strong>μ’σὶ</strong></span> 
     </span>
    </p>
   </div>
   <div class='ocr_carea' id='block_1_123' title="bbox 1846 5484 3423 5557">
    <p class='ocr_par' dir='ltr' id='par_1_123' title="bbox 1846 5484 3423 5557">
     <span class='ocr_line' id='line_1_125' title="bbox 1846 5484 3423 5557; baseline 0.008 -22"><span class='ocrx_word' id='word_1_935' title='bbox 1846 5484 2152 5557; x_wconf 71' lang='lat' dir='ltr'><strong>doctrinam,</strong></span> <span class='ocrx_word' id='word_1_936' title='bbox 2184 5487 2247 5537; x_wconf 85' lang='lat' dir='ltr'><strong>ad</strong></span> <span class='ocrx_word' id='word_1_937' title='bbox 2276 5502 2430 5557; x_wconf 75' lang='lat' dir='ltr'><strong>quam</strong></span> <span class='ocrx_word' id='word_1_938' title='bbox 2459 5487 2586 5538; x_wconf 80' lang='lat' dir='ltr'><strong>nihil</strong></span> <span class='ocrx_word' id='word_1_939' title='bbox 2618 5490 2847 5555; x_wconf 81' lang='lat' dir='ltr'><strong>pertinet,</strong></span> <span class='ocrx_word' id='word_1_940' title='bbox 2880 5488 2985 5541; x_wconf 80' lang='lat' dir='ltr'><strong>sive</strong></span> <span class='ocrx_word' id='word_1_941' title='bbox 3012 5490 3116 5553; x_wconf 82' lang='lat' dir='ltr'><strong>sic,</strong></span> <span class='ocrx_word' id='word_1_942' title='bbox 3144 5492 3246 5546; x_wconf 77' lang='lat' dir='ltr'><strong>sive</strong></span> <span class='ocrx_word' id='word_1_943' title='bbox 3271 5484 3423 5547; x_wconf 78' lang='lat' dir='ltr'><strong>aliter</strong></span> 
     </span>
    </p>
   </div>
   <div class='ocr_carea' id='block_1_124' title="bbox 1847 5556 3425 5627">
    <p class='ocr_par' dir='ltr' id='par_1_124' title="bbox 1847 5556 3425 5627">
     <span class='ocr_line' id='line_1_126' title="bbox 1847 5556 3425 5627; baseline 0.008 -20"><span class='ocrx_word' id='word_1_944' title='bbox 1847 5556 2070 5627; x_wconf 73' lang='lat' dir='ltr'><strong>dicatur.</strong></span> <span class='ocrx_word' id='word_1_945' title='bbox 2121 5556 2625 5627; x_wconf 27' lang='lat' dir='ltr'><strong>Untle&#39;Augustinus</strong></span> <span class='ocrx_word' id='word_1_946' title='bbox 2670 5562 2721 5611; x_wconf 85' lang='lat' dir='ltr'><strong>in</strong></span> <span class='ocrx_word' id='word_1_947' title='bbox 2770 5557 3070 5613; x_wconf 80' lang='lat' dir='ltr'><strong>Encltiridio</strong></span> <span class='ocrx_word' id='word_1_948' title='bbox 3112 5562 3235 5618; x_wconf 81' lang='lat' dir='ltr'><strong>dicit</strong></span> <span class='ocrx_word' id='word_1_949' title='bbox 3268 5580 3288 5618; x_wconf 90' lang='lat'><strong><em>:</em></strong></span> <span class='ocrx_word' id='word_1_950' title='bbox 3314 5564 3425 5620; x_wconf 77' lang='lat' dir='ltr'><strong>Nec</strong></span> 
     </span>
    </p>
   </div>
   <div class='ocr_carea' id='block_1_125' title="bbox 1848 5626 3425 5697">
    <p class='ocr_par' dir='ltr' id='par_1_125' title="bbox 1848 5626 3425 5697">
     <span class='ocr_line' id='line_1_127' title="bbox 1848 5626 3425 5697; baseline 0.008 -19"><span class='ocrx_word' id='word_1_951' title='bbox 1848 5626 1980 5679; x_wconf 85' lang='lat' dir='ltr'><strong>illud</strong></span> <span class='ocrx_word' id='word_1_952' title='bbox 2008 5629 2211 5697; x_wconf 81' lang='lat' dir='ltr'><strong>quidrm</strong></span> <span class='ocrx_word' id='word_1_953' title='bbox 2237 5626 2427 5681; x_wconf 75' lang='lat' dir='ltr'><strong>certum</strong></span> <span class='ocrx_word' id='word_1_954' title='bbox 2456 5630 2635 5690; x_wconf 65' lang='lat' dir='ltr'><strong>habeo,</strong></span> <span class='ocrx_word' id='word_1_955' title='bbox 2668 5641 2837 5683; x_wconf 80' lang='lat' dir='ltr'><strong>utrum</strong></span> <span class='ocrx_word' id='word_1_956' title='bbox 2861 5631 2927 5683; x_wconf 87' lang='lat' dir='ltr'><strong>ad</strong></span> <span class='ocrx_word' id='word_1_957' title='bbox 2953 5632 3181 5686; x_wconf 82' lang='lat' dir='ltr'><strong>eamdem</strong></span> <span class='ocrx_word' id='word_1_958' title='bbox 3207 5637 3425 5693; x_wconf 64' lang='lat' dir='ltr'><strong>societa-</strong></span> 
     </span>
    </p>
   </div>
   <div class='ocr_carea' id='block_1_126' title="bbox 1849 5700 3425 5770">
    <p class='ocr_par' dir='ltr' id='par_1_126' title="bbox 1849 5700 3425 5770">
     <span class='ocr_line' id='line_1_128' title="bbox 1849 5700 3425 5770; baseline 0.009 -21"><span class='ocrx_word' id='word_1_959' title='bbox 1849 5708 1967 5770; x_wconf 69' lang='lat' dir='ltr'><strong>tem.</strong></span> <span class='ocrx_word' id='word_1_960' title='bbox 1992 5700 2179 5752; x_wconf 61' lang='lat' dir='ltr'><strong>scilitet</strong></span> <span class='ocrx_word' id='word_1_961' title='bbox 2206 5702 2521 5769; x_wconf 75' lang='lat' dir='ltr'><strong>angelorum.</strong></span> <span class='ocrx_word' id='word_1_962' title='bbox 2546 5702 2827 5770; x_wconf 78' lang='lat' dir='ltr'><strong>pertineant</strong></span> <span class='ocrx_word' id='word_1_963' title='bbox 2850 5703 2986 5757; x_wconf 84' lang='lat' dir='ltr'><strong>solet</strong></span> <span class='ocrx_word' id='word_1_964' title='bbox 3007 5701 3149 5768; x_wconf 76' lang='lat' dir='ltr'><strong>litua,</strong></span> <span class='ocrx_word' id='word_1_965' title='bbox 3174 5717 3219 5759; x_wconf 83' lang='lat' dir='ltr'><strong>et</strong></span> <span class='ocrx_word' id='word_1_966' title='bbox 3239 5719 3425 5765; x_wconf 71' lang='lat' dir='ltr'><strong>cuncta</strong></span> 
     </span>
    </p>
   </div>
   <div class='ocr_carea' id='block_1_127' title="bbox 1850 5768 3423 5846">
    <p class='ocr_par' dir='ltr' id='par_1_127' title="bbox 1850 5768 3423 5846">
     <span class='ocr_line' id='line_1_129' title="bbox 1850 5768 3423 5846; baseline 0.003 -23"><span class='ocrx_word' id='word_1_967' title='bbox 1850 5768 2039 5831; x_wconf 78' lang='lat' dir='ltr'><strong>sidera,</strong></span> <span class='ocrx_word' id='word_1_968' title='bbox 2076 5768 2303 5838; x_wconf 64' lang='lat' dir='ltr'><strong>(ptumi-is</strong></span> <span class='ocrx_word' id='word_1_969' title='bbox 2330 5768 2589 5846; x_wconf 76' lang='lat' dir='ltr'><strong>nonnullis</strong></span> <span class='ocrx_word' id='word_1_970' title='bbox 2620 5773 2789 5846; x_wconf 83' lang='lat' dir='ltr'><strong>lucida</strong></span> <span class='ocrx_word' id='word_1_971' title='bbox 2819 5789 2927 5826; x_wconf 72' lang='lat' dir='ltr'><strong>esse</strong></span> <span class='ocrx_word' id='word_1_972' title='bbox 2953 5790 3185 5846; x_wconf 71' lang='lat' dir='ltr'><strong>cmpora,</strong></span> <span class='ocrx_word' id='word_1_973' title='bbox 3218 5792 3319 5832; x_wconf 77' lang='lat' dir='ltr'><strong>non</strong></span> <span class='ocrx_word' id='word_1_974' title='bbox 3345 5790 3423 5834; x_wconf 73' lang='lat' dir='ltr'><strong>ta.</strong></span> 
     </span>
    </p>
   </div>
   <div class='ocr_carea' id='block_1_128' title="bbox 1848 5842 3149 5915">
    <p class='ocr_par' dir='ltr' id='par_1_128' title="bbox 1848 5842 3149 5915">
     <span class='ocr_line' id='line_1_130' title="bbox 1848 5842 3149 5915; baseline 0.005 -22"><span class='ocrx_word' id='word_1_975' title='bbox 1848 5856 1963 5895; x_wconf 75' lang='lat' dir='ltr'><strong>tuen</strong></span> <span class='ocrx_word' id='word_1_976' title='bbox 1990 5858 2138 5895; x_wconf 71' lang='lat' dir='ltr'><strong>sensu</strong></span> <span class='ocrx_word' id='word_1_977' title='bbox 2170 5843 2246 5895; x_wconf 80' lang='lat' dir='ltr'><strong>uel</strong></span> <span class='ocrx_word' id='word_1_978' title='bbox 2269 5842 2598 5915; x_wconf 75' lang='lat' dir='ltr'><strong>intelligentia</strong></span> <span class='ocrx_word' id='word_1_979' title='bbox 2622 5844 2840 5909; x_wconf 75' lang='lat' dir='ltr'><strong>prthiltt</strong></span> <span class='ocrx_word' id='word_1_980' title='bbox 2867 5842 3149 5901; x_wconf 77' lang='lat' dir='ltr'><strong>vidcantur.</strong></span> 
     </span>
    </p>
   </div>
  </div>
