3852 6246
139 307 238 373 485
304 305 613 369 υιεδειιτ.
654 306 720 363 V‘.
758 303 853 365 DE
890 274 1200 363 ωιιειιιε
1234 304 1424 372 Ηθεί
1460 302 1773 365 εειιιρυδ
1806 302 1899 359 ΑΒ
1939 298 2380 365 ιιιιιιτθιιιευε
2408 278 2733 362 χιιιειιεειέ
2755 278 3207 363 ῬιὶῐιᾸϐιΑΝΕ.
3285 268 3421 366 48σὴ

142 439 311 488 tatem.
340 406 435 487 [iis
477 422 644 501 igitur
687 404 967 495 responsis
1003 412 1219 495 quibus
1251 384 1466 479 utentur
1508 422 1609 494 ipsi
1639 434 1708 479 tte
1732 425 1781 483 Δ
1813 422 2306 492 tetuporalibusque
2335 389 2587 481 sensibus
2624 423 2828 495 audere
2858 416 2926 485 de
2957 425 3067 489 Deo
3091 424 3393 498 quodcum-

140 524 263 592 ‘Deo,
287 523 429 599 quod
455 524 626 578 bonus
653 528 736 576 est
761 523 1088 599 aSser‘entes,
1115 510 1304 572 iisdem
1347 532 1446 573 nos
1472 524 1704 589 quoque,

148 615 269 687 quod
290 614 429 669 Deus
460 611 783 683 procreavit,
811 609 1195 681 approbamus.
1220 606 1350 663 Nam
1375 608 1511 664 sicut
1533 608 1708 691 bonus

148 717 217 763 est
261 706 401 763 Deus
450 692 627 775 neque
673 704 967 770 voluntate,
1020 703 1196 773 neque
1246 702 1584 767 necessitate,
1610 702 1706 760 sed

136 802 245 871 ipsa
272 807 483 865 natura,
516 805 575 852 ut
600 795 843 852 bonitate
873 795 1115 866 privatus
1144 794 1707 883 numquam‘reperia-

139 904 241 959 tur,
267 893 342 947 sic
370 892 533 947 etiam
563 888 759 944 Filium
787 887 951 942 habet
980 897 1172 941 natura
1199 904 1213 939 :
1240 900 1412 957 neque
1436 887 1579 941 enim
1612 902 1708 956 po-

144 994 235 1040 test
260 983 398 1043 Deus
424 996 678 1052 umquam
709 980 909 1053 privari
940 976 1221 1048 unigenito
1251 978 1362 1033 Deo
1402 977 1540 1033 Filio
1580 968 1702 1055 Suo.

146 1078 204 1132 Et
229 1076 337 1133 hinc
359 1076 573 1149 quidem
595 1075 741 1131 dicta
767 1073 835 1129 de
861 1072 1142 1143 unigenito
1175 1070 1284 1126 Deo
1304 1069 1707 1143 comprobanda

144 1169 334 1227 abunde
358 1166 693 1236 sufﬁcerent,
725 1165 771 1221 si
794 1168 916 1221 eum
934 1162 1296 1234 prudentibus
1322 1176 1508 1218 sermo
1538 1169 1703 1232 esset,

144 1278 197 1317 eo
219 1261 353 1332 quod
378 1260 694 1317 naturaliter
723 1258 883 1313 habet
913 1272 979 1312 ex
1002 1256 1163 1312 Patre
1192 1253 1551 1311 natisitatem.

202 1338 285 1411 ‘4.
317 1352 424 1410 Sed
455 1351 712 1423 quoniam
742 1350 855 1415 isti,
889 1360 1157 1416 tamquam
1187 1362 1350 1403 canes
1378 1346 1576 1417 arrepti
1614 1360 1707 1401 ra-

134 1444 237 1506 bie,
270 1423 357 1514 qui
388 1455 575 1498 contra
603 1440 860 1497 dominos
909 1454 1123 1511 quoque
1168 1438 1420 1504 saeviunt,
1456 1439 1707 1509 passione

146 1535 348 1591 insania:
376 1550 472 1605 per
520 1532 881 1605 ignorantiam
921 1530 1221 1594 concitati,
1271 1533 1458 1586 contra
1508 1529 1704 1585 Filium

145 1628 228 1683 Dei
254 1627 627 1699 blasphemare
654 1627 924 1692 nituntur,
950 1624 997 1680 si
1024 1624 1243 1695 quando
1270 1623 1471 1695 aliquid
1495 1624 1563 1681 de
1586 1624 1705 1695 ipso

148 1720 492 1779 venerationis
534 1711 822 1785 audierint,
869 1729 929 1775 et
968 1718 1174 1773 exclusi
1230 1716 1430 1773 fuerint
1477 1732 1509 1772 a
1546 1717 1703 1775 solita

1807 528 1918 584 que
1964 506 2343 595 pronuntiarié
2378 519 2577 587 quippe
2614 531 2759 579 cum
2795 519 2860 584 is,
2920 517 2989 575 de
3034 533 3143 589 quo
3187 530 3392 591 agitur,

1792 606 1963 676 quasi
1991 607 2079 674 qui
2110 608 2313 677 absque
2340 605 2494 662 initio
2522 607 2614 675 sit,
2647 608 3058 664 necessitatibus
3083 619 3387 681 temporum

1808 697 2097 767 Subjacere
2126 714 2233 752 non
2268 700 2458 769 possit.
2493 699 2618 754 Ideo
2659 699 2824 767 igitur
2870 716 2968 756 nos
3014 717 3232 773 quoque
3272 699 3393 761 iiiul

1809 791 2184 854 consulamus,
2236 780 2637 862 quod’ummodo
2682 793 2925 863 ipsorum
2974 790 3395 864 interrogatione

1810 889 2043 951 utentes,
2097 886 2154 938 ut
2201 883 2280 939 sic
2311 883 2628 954 ﬁgmentum
2674 898 2856 950 suum,
2905 884 3051 954 quod
3101 884 3274 947 ϐιωςὶ
3303 901 3395 941 so-

1808 974 2022 1044 phisma
2052 960 2264 1042 vocant,
2310 977 2417 1032 illis
2446 989 2690 1048 apertum
2721 977 2814 1034 ﬁat
2840 993 2908 1037 ac
2936 980 3176 1051 planum.
3222 979 3393 1039 Dicite

1808 1066 1968 1121 nobis
2008 1082 2149 1123 vos:
2186 1069 2347 1125 Solus
2393 1084 2514 1124 cum
2566 1079 2715 1127 esset
2755 1071 2941 1137 Deus;
2993 1070 3393 1130 misericordias

1805 1158 2012 1228 genuit,
2039 1174 2108 1213 an
2138 1159 2280 1218 non?
2309 1161 2562 1229 quoniam
2594 1160 2784 1217 beatus
2811 1160 3005 1227 Paulus
3042 1169 3246 1233 patrem
3286 1163 3391 1219 nti-

1809 1248 2225 1317 sericordiartuu
2280 1252 2447 1307 Deum
2494 1254 2755 1319 nominat,
2790 1253 2862 1309 ita
2903 1254 3131 1315 dicens:
3168 1255 3391 1315 Benedi-

1805 1353 1919 1395 ctus
1947 1339 2111 1408 Deus,
2140 1350 2189 1396 et
2220 1340 2380 1398 Pater
2415 1340 2623 1398 Domini
2651 1345 2811 1399 nostri
2840 1342 2967 1400 Jeatt
2994 1344 3210 1414 Christi,
3243 1357 3389 1417 pater

1805 1437 2275 1494 miaericordiarum
2304 1438 2377 1507 (ιι
2403 1438 2524 1494 Cor.
2554 1454 2594 1506 t,
2627 1437 2703 1511 5).
2733 1440 2865 1495 Etsi
2896 1438 3015 1496 ausi
3063 1440 3263 1498 iuerint
3299 1441 3388 1503 tli-

1806 1544 1953 1596 cere,
1982 1530 2128 1603 quod
2151 1532 2300 1587 solus
2324 1546 2450 1588 cum
2484 1544 2631 1589 esset
2654 1533 2860 1605 genuit,
2891 1548 2990 1591 nos
3018 1550 3233 1607 quoque
3259 1535 3390 1605 ipsis

1806 1623 1879 1678 ita
1913 1625 2388 1695 respondebimus,
2415 1623 2528 1681 Cur
2555 1642 2660 1682 non
2689 1627 2759 1682 sit
2785 1626 3008 1698 impium
3033 1644 3101 1685 ac
3124 1628 3386 1685 nefarium

1803 1715 2011 1783 dicere,
2055 1716 2196 1788 quod
2234 1716 2333 1771 fuit
2362 1717 2651 1787 aliquando
2684 1718 2824 1774 Deus
2850 1718 3054 1789 absque
3080 1719 3388 1799 misericor-

144 1828 314 1870 eontra
341 1830 467 1872 eum
504 1812 861 1885 blasphemia.
895 1808 1352 1881 perseverantiam
1384 1818 1564 1866 tamen
1592 1824 1707 1865 ma—
1736 1807 1783 1868 B
1810 1810 1912 1865 diis
1940 1826 1953 1862 :
1984 1810 2182 1880 quippe
2203 1824 2333 1867 cum.
2354 1809 2496 1865 Deus
2521 1809 3016 1866 misericordiarum
3044 1809 3163 1867 fons
3192 1810 3385 1868 habea-

133 1906 258 1963 titia:
283 1921 413 1973 suae,
439 1920 597 1976 quam
621 1915 808 1959 contra
834 1900 1028 1957 Filium
1058 1915 1273 1972 semper
1294 1911 1572 1971 exercent,
1603 1899 1705 1957 mi-

144 2001 276 2054 nime
300 1997 571 2065 amittunt,
604 1995 703 2052 sed
733 2008 921 2051 rursus
950 1992 1409 2050 contradictiones
1435 1992 1569 2048 alias
1610 2007 1704 2049 ex-

144 2092 363 2159 cogitare
404 2099 688 2153 conantur,
742 2085 1079 2140 nativitatem
1137 2083 1397 2155 unigeniti
1427 2083 1588 2140 Verbi
1633 2099 1703 2141 ex

147 2182 263 2246 Deo,
290 2197 405 2253 quas
432 2181 547 2236 sine
595 2179 857 2251 principio
907 2190 991 2234 est
1035 2194 1099 2234 ac
1152 2178 1411 2235 naturalis
1443 2178 1697 2247 habetur,

145 2280 401 2331 destruere
437 2273 748 2341 molientes,
781 2271 932 2344 quasi
963 2282 1149 2328 contra
1191 2287 1314 2328 eum
1339 2288 1556 2345 semper
1604 2288 1703 2343 pu-

143 2382 295 2434 gnare
336 2367 643 2436 cupientes;
693 2365 1056 2422 necessarium
1104 2375 1232 2437 puto
1280 2366 1441 2421 etiam
1490 2368 1702 2423 caeteris

148 2460 341 2515 illorum
364 2461 512 2515 vanis
540 2458 1052 2529 interrogatiOnibus
1078 2458 1432 2529 respondere,
1464 2474 1531 2516 ne
1558 2474 1704 2529 qum-

148 2556 361 2607 stionum
393 2552 787 2623 propositarum
842 2550 1153 2608 violentiam
1203 2565 1304 2605 nos
1348 2552 1583 2623 ell‘ugere
1621 2553 1702 2605 vi-

149 2645 369 2700 deamur.
392 2646 743 2715 Interrogant
772 2644 934 2715 igitur
969 2644 1095 2699 item
1141 2658 1261 2713 nos,
1294 2644 1342 2700 si
1371 2659 1530 2701 omne
1558 2645 1700 2718 quod

125 2732 311 2808 desiit,
338 2752 388 2797 et
415 2741 598 2809 coepit.
633 2740 703 2796 Si,
726 2755 825 2795 nos
865 2742 1322 2809 responderimus,
1351 2743 1496 2815 quod
1544 2760 1703 2803 omne

149 2834 274 2902 quod
317 2834 492 2900 desiit,
552 2843 607 2889 et
647 2832 830 2903 cmpit,
882 2849 1007 2887 mox
1038 2835 1295 2903 adjiciunt
1342 2836 1445 2905 ipsi
1489 2854 1502 2889 :
1537 2836 1705 2892 Desiit

150 2924 281 2980 nasci
320 2925 509 2993 Filius,
559 2925 870 2981 necessario
916 2940 1046 2997 ergo
1095 2928 1285 2997 coepit;
1327 2937 1384 2984 et
1430 2928 1699 3000 si‘cmpit,

149 3030 252 3075 erat
272 3020 551 3092 aliquando
583 3019 797 3091 quando
826 3034 930 3074 non
969 3030 1115 3087 erat;
1146 3029 1202 3076 et
1235 3021 1281 3077 si
1329 3031 1445 3078 erat
1491 3024 1704 3095 quando

150 3127 245 3167 non
265 3124 392 3178 erat,
429 3111 722 3169 nonbabet
748 3112 924 3167 locum
954 3128 1019 3166 ex
1055 3112 1146 3167 Dei
1180 3112 1474 3168 substantia
1506 3113 1704 3171 habere

148 3220 256 3260 eum
276 3206 610 3260 nativitatem
636 3221 651 3260 :
678 3206 880 3276 quippe
901 3220 1020 3260 cum
1046 3204 1142 3261 Dei
1158 3206 1476 3273 substantia,
1507 3217 1563 3263 ιιι
1586 3207 1703 3264 sine
1730 3186 1777 3249 ε

151 3300 409 3372 principio,
435 3314 498 3356 ac
526 3314 742 3371 semper
788 3313 851 3355 ac
887 3299 1141 3355 similiter
1193 3300 1418 3370 habens,
1450 3314 1707 3371 augmen-

152 3403 270 3457 tum,
298 3394 375 3447 rel
402 3392 819 3448 diminutionem
851 3404 959 3447 non
983 3391 1178 3461 capiat.
1220 3390 1330 3449 Sed
1360 3407 1467 3448 non
1514 3403 1600 3448 est
1635 3394 1706 3448 ita

150 3484 559 3554 respondendum
593 3484 721 3553 illis,
769 3484 911 3556 quod
940 3500 1099 3539 omne
1128 3484 1271 3556 quod
1307 3485 1483 3553 desiit,
1512 3498 1566 3544 et
1598 3502 1708 3543 cm-

153 3576 239 3642 pit,
267 3575 511 3646 quoniam
544 3590 652 3631 non
674 3590 834 3631 ontnc
862 3574 1006 3646 quod
1035 3575 1232 3631 desinit
1251 3575 1387 3649 jam,
1409 3588 1464 3634 et
1496 3578 1707 3634 initium

136 3665 300 3723 habet
324 3682 339 3721 :
370 3682 475 3724 non
503 3667 681 3723 solum
707 3676 887 3725 autem
907 3668 1029 3733 hoc,
1056 3667 1151 3725 sed
1174 3680 1227 3725 et
1256 3685 1362 3725 non
1391 3686 1550 3728 omne
1565 3674 1708 3746 quod

153 3760 451 3831 principium
484 3761 667 3829 habet,
695 3761 807 3833 jam
840 3772 896 3818 et
920 3762 1147 3823 desiuit:
1179 3764 1430 3834 quoniam
1474 3776 1528 3822 et
1568 3768 1709 3823 Deus

152 3853 324 3909 volens
349 3854 598 3911 ctelestes
630 3853 811 3911 lacere
844 3855 1094 3921 virtutes,
1126 3856 1337 3911 initiutn
1369 3873 1476 3913 non
1513 3858 1706 3926 habet;

152 3946 292 4004 tactis
317 3964 445 4004 vero
466 3932 617 4016 istis,
647 3949 787 4004 velle
816 3963 909 4004 eas
930 3950 1109 4006 facere
1134 3950 1358 4008 desinit.
1389 3953 1467 4007 Ac
1491 3963 1711 4023 propter

150 4038 244 4095 hoc
272 4040 426 4112 igitur
455 4057 560 4096 non
586 4056 749 4097 omne
780 4041 923 4112 quoi
959 4042 1164 4097 desinit
1191 4042 1351 4099 habet
1381 4043 1614 4099 initittm.
1647 4046 1712 4102 Et

151 4134 329 4190 iterum
354 4136 510 4191 [actae
537 4136 789 4192 ctelestes
820 4136 1070 4203 virtutes,
1117 4137 1221 4193 etsi
1252 4137 1466 4193 initium
1512 4139 1712 4196 habent

153 4230 469 4300 substantiae,
506 4244 797 4302 numquam
845 4239 1019 4285 tamen
1050 4244 1173 4286 esse
1202 4230 1457 4287 desinunt
1484 4250 1498 4289 :
1522 4248 1586 4288 ac
1616 4249 1710 4301 per

148 4319 247 4377 hoc
268 4337 370 4377 non
398 4337 559 4379 omne
580 4320 730 4393 quod
758 4322 918 4391 cmpit
932 4324 1064 4392 jatu,
1087 4332 1140 4379 et
1166 4322 1398 4380 desinet.
1424 4326 1561 4396 Ergo
1582 4342 1713 4396 quo-

154 4415 284 4470 niam
310 4416 589 4486 probatum
617 4426 699 4473 est
727 4416 870 4487 quod
909 4432 1013 4472 non
1046 4432 1207 4473 omne
1232 4417 1376 4489 quod
1408 4418 1624 4486 desinit,
1658 4430 1714 4475 et

150 4509 320 4577 coepit,
340 4517 391 4565 et
411 4508 553 4575 ideo,
569 4516 623 4564 et
637 4502 843 4564 desinit
858 4509 1014 4587 nasci
1030 4510 1340 4580 unigenitus
1356 4510 1496 4566 Deus
1522 4511 1708 4578 Fil’us,

149 4608 374 4658 attamen
416 4617 521 4657 non
553 4600 713 4657 habet
752 4601 1044 4677 nativitatis
1088 4601 1320 4659 initium.
1347 4603 1477 4659 Nam
1509 4604 1713 4675 absque

149 4692 294 4749 initio
339 4705 417 4751 est
451 4711 518 4750 ex
553 4694 715 4750 Patre
757 4694 1008 4749 nativitas
1039 4694 1179 4763 Filii,
1208 4696 1406 4768 quippe
1446 4712 1570 4752 cum
1620 4714 1714 4752 na-

150 4787 328 4842 turalis
371 4788 576 4843 scilicet
601 4786 879 4842 habeatur.

217 4880 302 4935 55.
332 4880 534 4936 Rursus
584 4881 921 4950 interrogant
971 4895 1092 4950 nos,
1145 4882 1190 4936 si
1240 4881 1391 4938 solus
1419 4899 1542 4939 cum
1572 4894 1715 4939 esset

152 4962 304 5038 Deus,
334 4972 513 5043 genuit
541 4970 759 5038 Filium,
789 4980 848 5027 ut
878 4972 923 5027 si
954 4972 1416 5042 responderimus,
1450 4977 1591 5046 quod
1623 4990 1711 5031 εσυ

150 5062 232 5117 lus
255 5078 368 5120 cum
396 5072 541 5121 esset
568 5066 779 5135 genuit,
811 5065 993 5121 Statim
1027 5066 1128 5120 hoc
1171 5067 1464 5135 adjiciam:
1500 5069 1638 5138 Ergo
1671 5070 1715 5124 si

146 5156 289 5212 salus
312 5172 426 5213 curn
456 5168 623 5223 esset,
651 5159 857 5227 genuit,
888 5168 1004 5213 erat
1032 5159 1324 5228 aliquando
1356 5161 1571 5228 quando
1609 5177 1716 5217 non

146 5258 259 5303 erat
304 5249 488 5305 Filius.
518 5248 784 5305 Similiter
806 5258 987 5304 autem
1028 5249 1072 5303 si
1110 5251 1547 5320 t'eSponderimus
1574 5253 1713 5323 quod

148 5354 253 5412 non
278 5341 436 5409 solus,
471 5358 593 5397 mox
618 5342 911 5411 adiiciant:
940 5342 1007 5397 Et
1043 5342 1311 5411 quomodo
1355 5344 1472 5399 ﬁeri
1519 5354 1711 5415 potest,

148 5443 216 5505 ut.
229 5433 281 5490 id
309 5436 444 5506 quod
469 5450 686 5506 semper
716 5450 820 5490 una
843 5451 962 5491 cum
992 5436 1109 5505 ipso
1139 5438 1254 5503 iuit,
1286 5448 1469 5493 natum
1502 5440 1717 5508 proprie

145 5525 476 5589 nominetur?
512 5528 771 5600 quattiam
805 5536 867 5583 ut
908 5528 1011 5597 ipsi
1056 5528 1279 5597 dicunt,
1317 5529 1430 5599 ipsa
1471 5530 1721 5585 nativitas

144 5619 496 5690 suspicionem
529 5630 751 5690 praestat
782 5620 1074 5689 aliquando
1119 5622 1336 5690 penitus
1383 5638 1488 5679 non
1533 5622 1717 5690 fuisse,

144 5689 362 5791 νέομεν
393 5713 495 5772 hoc
542 5716 717 5785 ipsum
764 5714 906 5785 quod
939 5689 1136 5769 dicitur
1167 5725 1343 5769 natus.
1371 5716 1496 5770 Περ
1540 5689 1721 5771 autem

140 5794 325 5867 dicunt
381 5810 690 5878 ignorantes
744 5817 1001 5876 quantum
1074 5809 1287 5864 intersit
1347 5810 1722 5878 corporalibus

1808 1910 1917 1967 tur,
1946 1910 2001 1957 et
2028 1917 2323 1973 numquam
2354 1900 2633 1973 pravitatis
2657 1912 2810 1973 pater
2834 1902 3006 1961 fuisse
3026 1901 3300 1972 credatur,
3330 1915 3390 1961 ut

1800 1992 1931 2050 cum
1959 1994 2193 2067 primum
2241 1994 2738 2060 misericordiarum
2769 2004 2925 2068 pater
2952 2010 3063 2059 non
3092 2006 3258 2063 esset.
3291 2011 3389 2054 ea—

1806 2076 1923 2144 rum
1958 2098 2144 2161 postea
2190 2088 2311 2145 ﬁeri
2342 2100 2495 2159 pater
2522 2088 2804 2161 inciperet.
2849 2090 2947 2148 Sin
2975 2106 3129 2158 vero,
3159 2091 3389 2156 vitantes

1807 2181 1947 2238 hanc
1974 2189 2216 2252 apertam
2260 2182 2327 2237 de
2356 2181 2470 2238 Deo
2511 2180 2928 2255 blasphemiam,
2960 2182 3195 2244 dixerint
3226 2201 3241 2239 :
3269 2184 3385 2239 Non

1804 2274 1906 2330 {uit
1932 2275 2221 2346 aliquando
2255 2276 2407 2332 solus
2438 2276 2640 2349 absque
2670 2276 3056 2334 misericordiis
3091 2294 3108 2334 :
3153 2294 3384 2350 respon~

1803 2365 2055 2449 debimus
2099 2369 2230 2438 ipsis
2270 2369 2431 2425 etiam
2462 2369 2582 2425 .ltoc
2625 2370 3003 2427 modo:Sicut
3055 2372 3214 2445 igitur
3244 2375 3385 2429 Deus

1803 2475 2098 2530 numquam
2126 2461 2278 2518 solus
2308 2461 2427 2518 sine
2449 2463 2846 2532 misericordia,
2871 2464 3045 2523 factus
3070 2475 3156 2521 est
3200 2475 3388 2534 postea

1804 2552 2308 2629 mirericordiarum
2338 2554 2522 2624 pater;
2556 2557 2637 2611 sic
2663 2559 2832 2613 etiam
2868 2570 2984 2613 non
3028 2558 3179 2614 solus
3207 2568 3387 2628 antea,

1803 2658 1992 2718 postea
2046 2647 2309 2720 unigeniti
2341 2647 2465 2704 Filii
2514 2649 2675 2705 Pater
2700 2650 2953 2707 efﬁcitur.
2986 2652 3214 2725 Semper
3243 2654 3389 2711 enim

1806 2740 2143 2798 Deus’l‘ater
2168 2752 2253 2817 est
2280 2743 2656 2813 unigenitisui
2690 2744 2783 2804 Dei
2814 2744 2991 2801 Verbi.
3158 2746 3159 2749 “

1998 2833 2097 2890 Sin
2127 2824 2305 2889 autem
2360 2849 2553 2890 rursus
2606 2836 2658 2890 in
2705 2852 2800 2891 sua
2847 2836 3086 2893 vanitate
3131 2836 3389 2893 dorantes

1806 2924 2049 2981 dixerint
2078 2927 2203 2994 quia
2250 2926 2301 2982 id
2335 2927 2480 2996 quod
2510 2943 2619 2983 non
2656 2936 2837 2983 natum
2893 2914 2981 2984 est
3030 2929 3389 2986 substantiam

1806 3020 2074 3091 signiﬁcat
2103 3020 2328 3076 Deitatis
2355 3037 2368 3075 :
2391 3021 2538 3077 Deus
2567 3033 2745 3077 autem
2770 3023 2932 3077 Pater
2960 3016 3067 3079 non
3097 3032 3254 3079 natus
3283 3033 3388 3089 est,

1810 3121 1867 3166 et
1899 3110 2071 3166 Filius
2103 3112 2284 3177 natus,
2317 3125 2424 3165 una
2454 3111 2751 3182 eademque
2791 3111 2968 3167 Patris
3012 3119 3073 3191 et
3117 3112 3237 3169 Filii
3268 3129 3390 3170 esse

1806 3204 2106 3261 substantia
2156 3219 2261 3259 non
2319 3212 2539 3274 poteSt;
2591 3205 2807 3261 discant
2847 3204 2990 3275 quod
3042 3221 3148 3260 non
3198 3216 3393 3262 natum

1807 3297 2159 3352 substantiam
2210 3297 2430 3352 minime
2467 3295 2735 3368 signiﬁcat
2760 3315 2775 3329 ·
2807 3313 2926 3352 nam
2975 3298 3019 3353 si
3058 3313 3163 3355 non
3195 3308 3401 3367 natum,

1809 3392 1936 3448 nato
1965 3389 2181 3446 videtur
2201 3405 2323 3446 esse
2346 3391 2697 3457 contran‘utn,
2725 3388 3038 3447 substantia:
3062 3401 3242 3448 autem
3262 3406 3394 3449 eon-

1810 3485 2033 3541 trarium
2066 3484 2196 3541 nittil
2224 3493 2327 3550 est,
2354 3486 2598 3555 proiecto
2624 3500 2734 3539 non
2766 3492 2946 3539 natum
2975 3483 3197 3540 minime
3219 3493 3395 3556 potest

1809 3592 1933 3635 esse
1972 3577 2296 3633 substantia.
2330 3577 2397 3632 Et
2442 3577 2619 3642 aliter,
2650 3578 2694 3632 si
2745 3575 3044 3632 substantia
3072 3576 3123 3632 in
3164 3592 3228 3633 eo
3253 3578 3392 3647 quod

1802 3668 1895 3725 est
1914 3669 2197 3737 asseritur,
2234 3682 2339 3723 non
2372 3678 2556 3722 natam
2588 3674 2766 3724 autem
2796 3667 2849 3722 in
2888 3683 2954 3723 eo
2981 3668 3121 3738 quod
3151 3682 3257 3724 non
3287 3677 3394 3731 est,

1808 3762 2062 3835 quianon
2102 3772 2284 3818 natum
2316 3771 2422 3826 est,
2466 3761 2710 3833 profecto
2738 3777 2845 3818 non
2877 3772 3057 3818 natum
3088 3762 3393 3820 substantia

1810 3872 1917 3912 non
1966 3865 2071 3912 est.
2102 3856 2168 3911 Et
2217 3855 2438 3922 iterum,
2484 3856 2529 3911 si
2568 3854 2865 3911 substantia
2914 3872 3009 3927 per
3050 3856 3396 3927 semetipsum

1810 3961 2062 4007 constare
2108 3949 2437 4019 dinoscitur,
2467 3964 2576 4005 non
2625 3957 2811 4005 uatum
2855 3959 3034 4007 autem
3068 3950 3181 4006 non
3213 3966 3310 4020 per
3340 3967 3400 4007 se

1810 4050 2069 4107 constat,
2119 4040 2214 4097 sed
2266 4040 2334 4097 de
2379 4039 2681 4096 substantia
2731 4041 2961 4109 dicitur,
2991 4056 3112 4113 qua:
3140 4055 3246 4097 non
3277 4054 3399 4096 nata

1812 4146 1914 4201 est,
1960 4135 2201 4206 profecto
2233 4149 2335 4190 non
2366 4146 2549 4190 natum
2582 4150 2690 4192 non
2716 4143 2798 4191 est
2826 4136 3140 4191 substantia.

1884 4229 1976 4287 57.
2020 4228 2225 4283 Rursus
2254 4228 2423 4284 etiam.
2444 4228 2489 4282 si
2517 4227 2753 4283 dixerint
2781 4244 2793 4281 :
2822 4227 2877 4283 Si
2917 4226 3077 4283 Pater
3103 4241 3212 4281 non
3245 4236 3401 4283 natus

1800 4322 1901 4378 est
1947 4320 2244 4377 secundum
2288 4318 2666 4382 substantiam,
2709 4317 2876 4374 Filius
2914 4332 3045 4375 vero
3096 4326 3255 4374 natus
3294 4328 3399 4385 est,

1817 4413 1926 4469 nati
1954 4421 2009 4469 ct
2037 4428 2143 4467 non
2178 4410 2285 4466 nati
2314 4426 2418 4466 una
2444 4426 2550 4466 non
2584 4418 2760 4481 potest
2787 4425 2909 4466 esse
2932 4411 3402 4477 substantia;dis-

1816 4516 1943 4563 cant
1970 4504 2149 4565 adhuc
2177 4504 2321 4575 quod
2357 4519 2462 4559 non
2496 4502 2808 4563 necessario
2837 4502 3399 4559 substantiarummo-

1818 4596 2191 4653 dusdiversas
2225 4595 2353 4650 facit
2384 4591 2734 4649 substantias.
2765 4592 2951 4662 Neque
2988 4592 3131 4648 enim
3160 4592 3287 4663 quia
3326 4592 3405 4649 di-

1818 4690 1957 4747 citur
1995 4690 2136 4746 Deus
2182 4688 2339 4750 Pater
2363 4702 2488 4743 esse
2533 4702 2638 4742 non
2685 4696 2873 4751 natus,
2905 4686 3103 4741 dicitur
3142 4695 3321 4741 autem
3353 4695 3407 4742 et

1794 4834 1797 4837 γ
1821 4784 2139 4842 immortalis
2165 4783 2435 4849 similiter,
2459 4792 2515 4839 et
2540 4780 2984 4853 incorruptibilis,
3008 4780 3134 4837 ideo
3160 4780 3407 4838 diversas

1824 4878 2034 4934 habebit
2067 4879 2417 4941 substantias,
2452 4876 2649 4947 quippe
2675 4891 2795 4930 cum
2826 4890 2930 4930 non
2956 4875 3023 4931 sit
3049 4891 3209 4930 unum
3240 4875 3410 4931 idem-

1824 4988 1930 5043 que
1957 4987 2062 5027 nou
2096 4981 2275 5026 natum
2304 4981 2355 5025 et
2387 4969 2724 5035 immertale,
2776 4969 2860 5024 vel
2894 4966 3324 5036 incorruptibile,
3356 4977 3411 5023 et

1822 5074 2017 5122 cratera
2047 5064 2127 5119 his
2160 5064 2378 5119 similia.
2422 5063 2571 5119 Sicut
2612 5062 2774 5131 igitur
2805 5062 2919 5115 lucc
2950 5076 3072 5115 cum
3101 5059 3167 5116 de
3195 5062 3301 5116 Deo
3324 5050 3410 5116 di-

1823 5168 2042 5224 cuntur,
2073 5158 2315 5211 diversas
2347 5156 2677 5209 substantias
2716 5151 2938 5207 minime
2967 5149 3302 5219 signiﬁcant;
3333 5151 3415 5209 sic

1824 5270 1999 5323 neque
2027 5264 2212 5306 natum
2245 5259 2299 5305 et
2324 5268 2427 5306 non
2462 5261 2649 5304 natum
2668 5250 2912 5304 diversas
2945 5245 3272 5302 substantias
3297 5262 3414 5300 um-

1826 5360 1985 5414 quam
2015 5343 2243 5407 iacicnt;
2278 5358 2451 5412 neque
2476 5342 2616 5396 enim
2640 5342 2765 5410 quia
2792 5340 2961 5395 Adam
2993 5354 3097 5394 non
3124 5349 3280 5392 natus
3307 5346 3413 5407 est,

1826 5436 1957 5494 Seth
2016 5445 2194 5493 autem
2250 5448 2445 5502 natus,
2495 5436 2616 5490 ideo
2663 5434 2877 5489 diversa
2928 5441 3013 5488 est
3054 5446 3238 5486 eorum
3289 5430 3416 5485 sub-

1824 5532 2040 5586 stantia.

1898 5626 1989 5679 58.
2029 5624 2119 5679 Sin
2148 5632 2327 5679 autem
2358 5620 2865 5693 perseveraverint,
2900 5619 3163 5684 dicentes,
3193 5618 3334 5687 quod
3364 5616 3415 5670 id

1826 5717 1967 5787 quod
1999 5725 2078 5771 est
2110 5717 2225 5770 sine
2249 5716 2423 5782 initio,
2449 5717 2607 5772 etiam
2635 5731 2741 5771 non
2770 5721 3071 5781 natmnest,
3091 5722 3140 5766 et
3165 5710 3415 5775 quoniam

1831 5812 1997 5867 l-‘iltus
2030 5821 2183 5864 natus
2218 5817 2321 5875 cst,
2352 5808 2467 5865 sine
2498 5810 2799 5866 iuitio'essc
2831 5824 2934 5865 non
2963 5814 3180 5877 potest;
3211 5804 3420 5860 discant
