3844 6230
403 318 506 376 891
868 313 965 370 Μ)
989 308 1258 373 ΡΗῙΜΔΜ
1288 312 1572 372 PARTEM
1599 312 1883 373 OPERUM
1918 315 1921 371 ξ

1694 313 1883 373 ERUM
1918 314 1991 372 li.
2021 311 2468 378 HERCATORIS
2497 246 2842 374 Αριηιιςίιιχ
2872 314 3212 377 SECUNDA.

433 443 694 493 ηιιειυε
733 443 871 485 Αΐυυ
910 443 1089 487 κειιολ
1102 455 1116 467 ⁸

673 513 877 557 τυιιιιι.

400 617 539 682 Noe,
588 615 784 687 quibus
826 621 1157 685 prteceptum

398 720 504 778 est,
536 719 593 765 ut
646 709 882 765 animam
926 706 984 762 in
1030 719 1155 761 san-

397 804 562 875 guine
607 816 718 857 non
744 797 1155 872 manducarent,

397 907 455 952 et
477 895 546 951 de
573 893 695 948 (iliis
716 890 1012 957 Abraham,
1043 886 1157 958 qui-

398 991 500 1046 bus
525 984 868 1044 circumcisio
900 982 1152 1040 mandata

396 1095 501 1148 est.
546 1084 644 1140 sed
674 1082 731 1137 in
757 1093 851 1137 eos
886 1078 977 1148 qui
1010 1088 1151 1148 pra:-

398 1185 483 1231 ter
505 1172 814 1230 mandatum
836 1170 1008 1242 legem
1030 1181 1154 1224 con-

397 1274 734 1342 tempserant
757 1263 1081 1323 naturalem.

470 2202 574 2271 Qui
627 2208 703 2257 est
765 2198 936 2271 formo
995 2189 1160 2266 futuri

396 2296 586 2369 (Ibid).
618 2293 920 2362 Quoniam,
952 2284 1155 2358 inquit,

396 2393 538 2450 sicut
555 2389 725 2446 Adam
746 2398 942 2458 praeter
956 2380 1158 2440 coitum

397 2500 429 2541 a
462 2486 574 2541 Deo
608 2481 875 2540 formatus
915 2485 1001 2535 est
1030 2496 1046 2531 :
1076 2474 1160 2533 sic

398 2586 454 2634 et
473 2576 721 2632 Christus
748 2587 780 2628 a
811 2569 1049 2642 Virgine,
1079 2567 1159 2624 fa-

398 2670 644 2726 bricante
686 2665 896 2734 Spiritu
944 2668 1152 2727 sancto,

398 2761 685 2836 processit.
709 2744 860 2825 Sive,
882 2758 1022 2814 sicut
1041 2755 1159 2827 qui-

398 2855 525 2913 dam
548 2854 755 2915 dicunt.
778 2850 953 2907 forma
977 2864 1008 2904 a
1028 2861 1159 2903 eon-

401 2946 594 3013 trario,
622 2944 733 3000 hoc
761 2950 865 3006 est,
895 2940 1037 2996 sicut
1064 2939 1161 2995 ille

403 3048 565 3110 caput
605 3036 810 3111 peccati
833 3078 849 3104 ,
877 3033 957 3090 sic
993 3035 1159 3091 etiam

393 3132 507 3189 siste
535 3139 697 3202 caput
724 3126 950 3201 iustitiae
976 3135 1080 3184 εει.

477 4162 587 4219 Sed
608 4178 708 4218 non
735 4162 867 4216 sicut
893 4160 1160 4225 delictum,

401 4256 475 4311 ita
501 4265 549 4311 ct
576 4253 771 4310 donum
792 4250 979 4325 (Ibid).
1010 4251 1087 4307 Ne
1107 4251 1164 4308 in

404 4346 577 4403 forma
595 4387 612 4414 ,
639 4345 846 4419 inquit,
880 4344 1164 4417 cqualitas

404 4448 716 4511 putaretur.

477 4531 542 4587 Si
561 4531 700 4585 enim
716 4530 772 4587 in
793 4527 949 4585 unius
969 4544 1157 4598 prteva-

403 4623 652 4679 ricatione
665 4622 812 4679 multi
823 4621 1163 4692 mortuisunt,

407 4715 571 4772 multo
593 4716 755 4789 magis
772 4716 967 4771 donum
985 4725 1032 4771 et
1048 4730 1168 4789 gra-

406 4810 480 4863 tia
502 4809 600 4866 Dei
619 4826 712 4883 per
732 4826 890 4865 unum
912 4809 1169 4864 hominem

410 4901 678 4957 Christum
704 4902 761 4957 in
785 4900 974 4957 multos
1005 4899 1170 4956 abun—

409 4994 556 5050 davit
586 4991 751 5065 (Ibid.
787 4991 901 5065 15).
926 4992 1054 5049 Plus
1072 5007 1170 5049 va—

329 5166 334 5171 .
408 5088 530 5153 luit,
549 5088 1042 5160 inquitApostolus,
1060 5101 1173 5158 gra-

414 5180 486 5237 tia
528 5180 585 5237 iu
625 5176 965 5245 viviﬁcando,
1007 5192 1169 5249 quam

409 5285 695 5350 peccatum
740 5278 797 5331 in
842 5272 1164 5339 occidendo,

409 5372 538 5444 quia
559 5370 732 5428 Adam
763 5385 870 5425 non
890 5383 949 5425 se
970 5369 1167 5435 solum,

412 5465 508 5521 sed
544 5472 601 5521 et
638 5477 768 5519 suos
810 5469 1057 5533 posteros
1086 5460 1171 5517 in-

1253 441 1523 487 .Pl-ZLMHUS
1569 443 1622 483 ut
1676 441 1963 485 CODICIBUS-
2020 436 2067 490 Α
2145 443 2403 487 ιέωειιιε
2440 448 2577 487 aruo
2614 447 2826 489 usuca-

1364 535 1694 591 EIBNDA'I’IS,
1726 538 1851 579 ETC.
1949 546 1954 550 η

1231 614 1328 672 sed
1354 615 1520 672 etiam
1551 616 1608 671 in
1636 630 1730 672 eos
1759 616 1851 687 qui
1871 616 1993 672 sine
2038 664 2043 669 .

1232 715 1507 778 praecepto
1535 707 1710 779 legem
1742 719 1991 763 contem-

1230 817 1391 873 psere
1419 814 1647 861 naturai.

1298 1353 1475 1418 Etiam
1522 1362 1580 1418 in
1625 1376 1714 1418 eos
1760 1360 1848 1432 qui
1884 1375 1997 1415 non

1230 1454 1566 1531 peccaverunt
1601 1456 1656 1513 in
1693 1454 1998 1512 similitudi-

1229 1567 1368 1618 nem,
1393 1559 1500 1608 etc.
1536 1550 1601 1606 lli
1622 1559 1751 1607 sunt
1770 1547 1863 1619 qui
1885 1562 1994 1605 non

1229 1645 1286 1700 in
1330 1643 1741 1701 similitudinem
1789 1656 1995 1714 praeva-

1231 1735 1511 1794 ricationis
1545 1734 1683 1793 Ade:
1733 1748 1996 1807 peccave—

2276 518 2284 525 '
2372 517 2576 559 τοιιειι.

2172 613 2243 670 Ili
2271 624 2475 682 autem,
2517 618 2724 690 inquit,
2769 620 2858 693 qui

2095 720 2276 763 contra
2331 712 2596 768 traducem
2660 712 2860 787 peccati

2096 800 2356 869 sentiunt,
2400 804 2591 860 acriter
2637 821 2726 861 eos
2771 808 2860 879 qui

2094 894 2376 964 defendunt
2394 899 2678 967 traducem,
2693 900 2861 972 impu-

2094 999 2258 1055 gnare
2283 998 2560 1045 conantur.
2587 989 2644 1047 Si
2672 1005 2861 1064 pecca-

2096 1085 2234 1148 tum,
2259 1077 2519 1151 inquiunt,
2545 1080 2677 1140 Adte
2696 1082 2859 1147 etiam

2096 1180 2205 1225 non
2245 1172 2597 1241 peccantibus
2630 1180 2818 1234 nocuit
2842 1194 2857 1231 :

2097 1270 2229 1332 ergo
2244 1272 2299 1320 et
2310 1262 2510 1322 Christi
2522 1265 2732 1339 iustitia
2750 1285 2860 1327 non

2095 1355 2453 1414 credentibus
2468 1360 2712 1429 prodest;
2726 1377 2862 1434 quo-

2099 1447 2243 1507 niam
2262 1448 2536 1521 similiter,
2554 1451 2721 1510 immo
2740 1454 2862 1526 plus

2096 1539 2555 1613 dicitApostolus,
2572 1560 2673 1619 per
2692 1531 2860 1613 unum

2098 1631 2538 1707 liberari,~'quam
2568 1653 2667 1710 per
2692 1654 2858 1698 unum

2098 1736 2227 1784 ante
2253 1730 2515 1799 perierat.
2544 1728 2746 1793 Deinde
2771 1737 2858 1792 di-

1228 1837 1386 1898 runt,
1418 1829 1514 1903 qui
1550 1844 1650 1903 per
1689 1829 1990 1886 naturalem
2020 1821 2068 1883 B
2094 1831 2218 1876 cunt
2244 1836 2265 1878 :
2287 1821 2348 1880 Si
2370 1824 2673 1897 baptismus
2698 1844 2855 1889 mun-

1233 1923 1409 1996 legem
1432 1923 1756 1995 tranSgressi
1776 1929 1923 1988 sunt,
1940 1929 1997 1977 et

1228 2031 1340 2075 non
1367 2018 1510 2073 sicut
1530 2015 1702 2072 Adam
1725 2029 1825 2087 per
1843 2027 1996 2071 man-

1230 2111 1440 2169 datum.
1721 2170 1729 2178 ,

1306 2203 1410 2271 Qui
1432 2211 1506 2260 est
1525 2244 1539 2267 ,
1570 2208 1679 2260 etc.
1714 2201 1844 2259 Sive
1868 2201 1996 2259 ideo

1234 2297 1406 2353 forma
1454 2294 1553 2351 fuit
1588 2293 1826 2363 Christi,
1868 2293 1994 2365 quia

1230 2390 1372 2447 sicut
1406 2388 1581 2445 Adam
1619 2387 1741 2444 sine
1776 2386 1926 2444 coitu
1961 2402 1993 2444 a

1229 2481 1344 2539 Deo
1372 2481 1548 2537 factus
1577 2487 1681 2550 est,
1714 2479 1788 2536 ita
1814 2479 1908 2537 ille
1925 2495 1996 2537 ex

1235 2571 1455 2647 Virgine
1470 2613 1486 2643 ,
1546 2571 1751 2645 Spiritu
1804 2578 1995 2628 sancto

1231 2676 1515 2740 operante,
1547 2667 1839 2737 processit.
1861 2664 1996 2732 Qui-

1231 2761 1356 2818 dam
1385 2758 1574 2816 dicunt
1596 2758 1771 2815 forma
1806 2772 1839 2815 e
1863 2772 1997 2814 con-

1234 2853 1422 2921 trario,
1450 2851 1556 2909 hoc
1581 2859 1702 2917 est,
1732 2851 1875 2907 sicut
1902 2849 1994 2908 ille

1235 2945 1438 3018 peccati
1462 2951 1625 3017 caput
1641 2985 1657 3011 ,
1687 2941 1765 2999 ita
1784 2951 1839 3000 et
1866 2943 1995 3011 iste,

1229 3037 1481 3112 iustitiae.
1498 3037 1634 3094 Item
1656 3035 1831 3093 forma
1845 3033 1996 3095 Chri-

1236 3133 1487 3192 stiAdam
1514 3131 1688 3188 factus
1707 3138 1825 3188 est:
1852 3131 1995 3188 sicut

2097 1915 2193 1973 dat
2216 1916 2495 1987 antiquum
2521 1919 2656 1978 illud
2679 1931 2858 1982 veter-

2096 2024 2403 2082 nosumque
2430 2024 2732 2086 peccatum,
2764 2020 2855 2089 qui

2097 2103 2166 2163 de
2186 2103 2399 2161 duobus
2427 2104 2718 2178 baptizatis
2747 2112 2858 2167 nati

2096 2197 2320 2269 fuerint,
2333 2198 2535 2259 debent
2553 2200 2657 2261 hoc
2672 2212 2858 2264 carere

2097 2302 2354 2364 peccato;
2383 2310 2490 2353 non
2524 2298 2675 2355 enim
2708 2307 2861 2372 pote.

2096 2398 2227 2444 runt
2268 2389 2336 2445 ad
2378 2399 2626 2461 posteros
2674 2402 2856 2453 trans~

2100 2477 2323 2536 mittere
2347 2483 2489 2554 quod
2515 2484 2616 2555 ipsi
2634 2483 2859 2546 minime

2098 2568 2405 2632 habuerint.
2423 2572 2493 2631 In
2506 2576 2604 2634 hoc
2623 2578 2819 2636 addqu
2835 2597 2857 2641 ε

2096 2663 2360 2733 Quoniam
2383 2668 2623 2726 sianima
2646 2687 2751 2730 non
2772 2685 2858 2733 est

2094 2770 2164 2815 ex
2193 2758 2437 2832 traduce,
2460 2762 2599 2820 sicut
2625 2778 2728 2822 nec
2743 2773 2852 2839 est,

2090 2853 2193 2911 sed
2228 2856 2345 2913 sola
2375 2871 2504 2915 caro
2546 2859 2710 2919 habet
2749 2874 2857 2920 tra-

2096 2944 2288 3005 ducem
2311 2955 2537 3021 peccati,
2554 2955 2670 3011 sola
2682 2967 2733 3014 et
2747 2974 2857 3030 pm-

2096 3052 2222 3095 nam
2271 3052 2548 3114 meretur;
2596 3047 2854 3120 iniustum

2072 3134 2075 3145 i
2095 3132 2262 3201 enim,
2280 3142 2339 3191 ut
2353 3135 2515 3197 hodie
2528 3141 2710 3199 anima
2730 3152 2855 3200 nata

1237 3227 1379 3284 enim
1407 3226 1580 3283 Adam
1610 3227 1816 3297 primus
1842 3239 1996 3280 man-
2017 3216 2066 3282 C
2097 3238 2207 3281 non
2239 3241 2313 3283 ex
2347 3242 2523 3291 massa
2550 3232 2711 3300 Adae,
2743 3242 2851 3291 tam

1236 3322 1421 3379 datum
1475 3321 1569 3377 Dei
1634 3317 1995 3389 pravaricans

1230 3413 1542 3486 exemplum
1568 3420 1672 3478 est,
1700 3412 1873 3482 legem
1899 3409 1997 3467 Dei

1233 3504 1598 3577 praevaricare
1648 3500 1991 3570 volentibus,

1234 3599 1313 3655 sic
1333 3606 1387 3655 et
1400 3596 1648 3653 Christus
1664 3593 1994 3652 voluntatem

1238 3689 1413 3746 Patri's
1458 3686 1742 3760 complens
1756 3727 1772 3753 ,
1811 3701 1996 3742 exem-

1238 3773 1389 3853 plum
1415 3791 1503 3837 est
1531 3779 1732 3835 imitari
1755 3794 1880 3836 eum
1901 3792 1999 3836 cu-

1239 3873 1531 3945 pientibus.

1301 4159 1442 4215 Nam
1457 4175 1583 4225 non,
1598 4165 1702 4216 etc.
1721 4156 1799 4214 Ne
1814 4157 1867 4214 in
1891 4157 2001 4215 for-

1235 4267 1322 4309 ma
1352 4251 1633 4324 inqualitas
1662 4258 1963 4322 putaretur.

2099 3317 2379 3393 antiquum
2414 3334 2697 3392 peccatum.
2728 3343 2855 3399 por-

2099 3415 2177 3464 tet
2203 3408 2440 3476 alieuum
2474 3415 2646 3487 :quin
2675 3429 2733 3477 et
2764 3437 2854 3478 ra-

2099 3501 2357 3575 tionabile
2377 3518 2482 3581 est,
2500 3512 2750 3584 umens,
2763 3518 2855 3589 qui

2098 3599 2333 3671 propria
2346 3616 2567 3675 peccata
2599 3609 2854 3679 dimittit,

2099 3704 2208 3747 non
2235 3692 2463 3766 imputet
2486 3699 2747 3761 alienum.

2169 3785 2239 3841 Et
2277 3789 2471 3846 iterum
2515 3793 2569 3850 in
2593 3795 2704 3852 alio
2737 3810 2859 3856 ser-

2104 3892 2265 3936 mone
2306 3896 2411 3937 suo
2453 3883 2701 3958 Pelagius
2743 3909 2759 3952 ;
2801 3892 2859 3950 Si

2101 3982 2373 4043 peccator,
2425 3978 2631 4053 inquit,
2677 3986 2861 4058 genuit

2102 4077 2442 4134 peceatorem
2461 4111 2479 4140 ,
2528 4081 2593 4130 ut
2634 4078 2862 4148 parvulo

2100 4156 2217 4227 eius
2231 4173 2510 4231 peccatum
2528 4167 2791 4240 originale
2805 4172 2857 4228 in

2099 4251 2354 4323 baptismi
2392 4261 2711 4332 acceptione
2751 4267 2861 4327 sol-

2106 4353 2279 4413 vatur,
2296 4350 2478 4419 justus
2505 4367 2637 4426 ergo
2650 4355 2859 4427 justum

2099 4437 2322 4508 gignere
2348 4440 2554 4501 debuit.
2584 4445 2642 4503 Si
2664 4462 2860 4519 paren-

1310 4530 1375 4588 Si
1418 4531 1557 4588 enim
1608 4532 1760 4588 unius
1811 4531 2059 4610 delicto
2105 4534 2218 4597 tes,
2246 4531 2444 4606 inquit,
2479 4550 2604 4610 post
2634 4553 2862 4600 conver.

1238 4624 1387 4680 multi
1416 4625 1608 4681 mortui
1635 4634 1794 4690 sunt,
1838 4609 2077 4680 multoD
2103 4620 2315 4681 sionem
2368 4630 2585 4701 propria
2639 4646 2859 4705 peccata

1241 4718 1406 4791 magis
1425 4719 1595 4791 gratia
1614 4717 1710 4773 Dei
1739 4727 1786 4772 et
1805 4718 2001 4774 donum

1241 4811 1296 4866 in
1314 4812 1487 4883 gratia
1507 4809 1660 4867 unius
1680 4810 1899 4867 hominis
1913 4806 2005 4866 ,ιε-

1239 4922 1303 4960 su
1342 4903 1537 4961 Christi
1572 4905 1629 4960 in
1669 4905 1863 4977 plures,
1890 4914 1998 4960 etc.

1240 4994 1341 5052 llic
1363 4996 1649 5054 manifeste
1668 4996 1851 5062 docet,
1874 4994 2000 5067 quia

1243 5103 1353 5145 non
1390 5089 1718 5160 generaliter
1755 5088 1825 5144 de
1847 5089 2001 5144 omni

1243 5182 1463 5239 homine
1532 5182 1664 5238 dicit
1686 5223 1702 5249 ,
1772 5182 1957 5237 dicens
1983 5198 1997 5235 :

1247 5273 1413 5331 Unius
1438 5273 1627 5330 delicto
1649 5274 1795 5328 multi
1813 5276 2001 5328 mortui

1242 5375 1395 5433 sunt;
1445 5369 1569 5438 quia
1624 5366 1895 5423 communi
1945 5375 2001 5421 et

1244 5457 1477 5515 naturali
1496 5468 1690 5528 morte,
1706 5472 1809 5514 non
1827 5458 2000 5513 solum

413 5552 936 5614 teriecit:Christus
958 5567 1089 5608 vero
1116 5560 1174 5609 et
1247 5558 1567 5622 peccantes,
1625 5549 1720 5607 sed
1769 5558 1823 5607 et
1872 5548 2001 5619 justi

412 5664 527 5714 eos,
542 5646 632 5720 qui
652 5652 781 5702 tunc
802 5643 1037 5701 erantin
1053 5659 1174 5701 eor-
1248 5644 1565 5703 moriuntur.

413 5756 569 5815 pore,
611 5748 669 5797 et
713 5754 811 5796 eos
853 5738 948 5811 qui
983 5747 1170 5809 postea

415 5834 586 5894 futuri
610 5840 785 5905 erant,
819 5831 1084 5892 liberavit.

2102 4731 2211 4771 non
2239 4716 2463 4788 laedunt,
2498 4726 2667 4804 multo
2689 4731 2862 4803 magis

2101 4806 2229 4864 filiis
2269 4827 2458 4871 eorum
2495 4831 2595 4889 per
2628 4835 2726 4878 eos
2764 4838 2862 4881 no-

2102 4913 2229 4959 cere
2251 4920 2354 4961 non
2367 4919 2639 4978 poterunt.
2656 4912 2711 4970 Si
2728 4914 2864 4985 prio-

2100 5005 2219 5049 rem
2273 4996 2545 5057 hominem
2601 5005 2860 5079 contigit,

2101 5098 2320 5144 causam
2341 5093 2535 5150 mortis
2554 5093 2721 5154 fuisse
2739 5114 2755 5153 :
2776 5113 2862 5157 er-

2105 5191 2175 5249 go
2205 5195 2302 5251 per
2327 5181 2530 5242 Christi
2571 5187 2859 5248 adventum

2108 5274 2246 5328 mori
2270 5274 2380 5344 jam
2410 5292 2517 5334 non
2553 5281 2859 5351 oportebat.

2106 5364 2163 5420 Si
2179 5380 2272 5437 per
2283 5373 2702 5437 pcccatumAdte
2713 5391 2862 5434 mors

2104 5466 2222 5514 orta
2245 5471 2411 5530 esset,
2428 5478 2722 5536 numquam
2744 5482 2866 5538 ροει

2103 5552 2480 5609 remissionem
2495 5566 2859 5628 peccatorum,

2104 5658 2265 5714 quam
2294 5646 2450 5703 nobis
2478 5648 2739 5709 liberator
2765 5653 2864 5713 do-

2104 5736 2251 5793 navit
2274 5780 2287 5805 ,
2329 5755 2687 5802 moreremur.
2734 5747 2862 5806 Plus

2103 5846 2230 5905 ergo
2241 5832 2693 5907 valuitpeccatum
2707 5840 2858 5913 Athe,

3041 537 3044 541 '
3064 537 3364 582 caenosus
3377 569 3392 596 ,
3425 540 3549 587 ιτα,

3559 321 3650 380 59?.

2989 444 3249 494 PELAGIOS
3282 446 3336 488 ιι(
3364 449 3604 496 εοειιιιιιθς
