3844 6230
134 287 250 368 tot

509 293 820 352 ntsssnr.
857 298 944 354 γι.
982 299 1068 355 DE
1093 277 1406 392 scatens
1439 303 1575 362 eno
1604 304 1716 375 nas:

1869 307 1887 360 l
1921 304 2194 378 PELAG.,
2230 305 2533 366 VIVENTE
2563 306 2624 363 S.
2657 306 3078 366 AUGUSTINO.

3344 300 3453 362 60')

135 415 206 456 ne
249 400 368 459 levi
398 404 622 476 quidem
657 401 1035 480 correptione,
1071 412 1121 468 si
1153 413 1313 468 vitari
1349 415 1575 470 omnino
1628 433 1736 472 non
1768 424 1818 477 Α
1845 429 2142 485 peccatum,
2175 429 2232 474 ut
2261 428 2498 490 peccator
2527 435 2620 490 per
2656 418 2936 478 vindictam
2977 417 3131 490 plura
3167 416 3447 480 committo-

135 507 402 566 possunt.

207 589 388 676 (ltiti.
432 610 553 666 cap.
599 597 713 670 15.)
748 597 868 669 lpse
905 609 961 657 tu
990 616 1143 667 vero,
1175 603 1336 670 dices,
1368 604 1486 666 sine
1517 617 1740 676 peccato

134 671 236 737 eo?
263 678 389 745 Non
410 699 529 744 sum
553 701 707 754 sane,
736 687 830 744 sed
851 691 1199 763 negligentia:
1221 684 1352 750 inea?
1375 671 1555 766 potius
1576 715 1738 769 quam

136 773 578 846 irttpqsaibilitati
618 780 874 852 imputari
918 781 1108 852 debet,
1152 785 1296 857 quod
1341 802 1447 844 non
1491 788 1592 845 sim
1618 792 1738 848 sine

139 880 392 937 peccato.
1709 937 1726 946 ,.

205 960 408 1034 (Ιὸὶιίη
441 982 562 1036 cap.
591 969 677 1036 l4,
716 969 830 1039 l5.)
858 971 982 1026 Jam
1018 989 1133 1028 vero
1167 973 1242 1040 id,
1276 975 1420 1042 quod
1451 991 1481 1031 a
1511 978 1740 1049 quibus-

133 1053 261 1109 dam
309 1056 540 1127 dicitur,
590 1069 857 1138 nusquam
890 1079 1016 1121 esse
1060 1065 1327 1136 scriptum
1379 1068 1466 1126 his
1509 1070 1735 1128 omnino

134 1148 351 1215 verbis,
378 1166 540 1220 posse
567 1165 690 1229 esse
721 1155 996 1212 hominem
1027 1158 1147 1213 sine
1179 1166 1430 1229 peccato;
1468 1163 1730 1229 scriptum

133 1256 294 1308 vero,
329 1228 800 1316 neminem‘posse
829 1248 1055 1306 domare
1101 1251 1361 1322 linguam.
1405 1262 1465 1308 et
1503 1255 1732 1322 proinde

133 1351 234 1390 nec
263 1350 392 1394 esse
419 1352 580 1406 posse
606 1339 728 1394 sine
751 1351 975 1410 peccato
1001 1342 1222 1413 linguas,
1249 1342 1404 1400 facile
1429 1345 1728 1404 refellitur:

131 1429 257 1496 quia
285 1440 346 1485 et
394 1445 502 1485 non
547 1442 633 1486 est
662 1432 733 1487 ibi
778 1437 1010 1506 quaestio
1053 1438 1254 1506 quibus
1297 1438 1479 1494 verbis
1520 1440 1732 1501 dicatur

130 1536 368 1592 quaeque
414 1524 706 1579 sententia.
752 1525 818 1580 Et
844 1526 987 1597 quod
1018 1529 1297 1597 apostolus
1327 1530 1568 1601 J‘acobus
1594 1522 1726 1588 ‘ait‘:

130 1611 264 1684 Ling
273 1619 766 1673 uantautem‘nullus
781 1617 1055 1676 hominum
1072 1621 1286 1678 domare
1297 1634 1461 1696 potest
1482 1623 1619 1697 (Jac.
1647 1643 1724 1692 ιιι,

131 1706 214 1776 8);
251 1722 352 1775 per
379 1709 855 1779 exprobrationem
886 1712 1095 1770 dictum
1133 1723 1240 1780 est,
1269 1726 1541 1789 tamquam
1577 1717 1721 1776 diee-

1844 520 1954 575 ret;
1980 522 2125 567 esset
2154 512 2298 567 enim
2327 511 2562 568 vindicta
2598 511 2856 567 Materies
2885 510 3122 583 peccati,
3154 509 3200 566 si
3237 508 3308 566 ad
3345 511 3450 566 hoc

1846 613 2098 674 peccator
2118 592 2426 678 inﬁrmatus
2448 614 2554 674 est,
2586 616 2645 660 ut
2671 606 2821 674 plura
2851 613 3124 674 peccaret.

1909 679 2108 766 (1bia.,
2139 711 2256 768 cap.
2287 695 2381 766 et,
2408 695 2524 768 25.)
2556 697 2696 762 Quid
2720 697 3144 766 quodDontintts
3171 696 3442 768 sinepec-

1841 795 1966 841 cato
1997 787 2170 854 potuit
2195 789 2366 855 mori;
2399 802 2499 844 nec
2531 789 2697 846 ullum
2728 790 2930 845 malum
2961 798 3139 860 potest
3165 803 3288 845 esse
3317 789 3443 846 boni

1839 879 2070 950 alicujus
2095 895 2286 948 causa;
2315 895 2417 938 nec
2448 890 2505 937 ut
2531 891 2679 939 esset
2703 897 2864 938 causa
2890 880 3284 938 misericordiae
3317 880 3439 946 Dei,

1840 973 2206 1028 necessarium
2241 972 2360 1041 iuit,
2387 975 2532 1046 quod
2559 975 2636 1029 illi
2665 975 2835 1041 aiunt,
2873 964 3175 1043 peceatum.
3427 982 3430 986 '

1897 1048 2100 1140 (lbid.,
2123 1081 2252 1136 cap.
2277 1065 2398 1140 26.)
2427 1067 2657 1123 Adhibet
2689 1067 2907 1137 quidem
2937 1068 3064 1123 huic
3089 1068 3249 1123 etiam
3277 1065 3436 1136 parti,

1834 1156 1884 1212 si
1914 1158 2128 1229 quando
2157 1160 2522 1222 necessarium
2551 1157 2748 1233 fuerit,
2799 1159 3249 1215 misericordiam
3280 1171 3436 1230 suam

1841 1249 2002 1316 Deus,
2024 1249 2146 1320 quia
2174 1251 2376 1307 homini
2406 1259 2528 1321 post
2551 1262 2829 1322 peccatum
2853 1253 2926 1307 ita
2953 1250 3232 1322 subveniri
3257 1257 3439 1306 neces

1833 1357 1952 1396 sum
1981 1351 2094 1409 est;
2125 1359 2232 1399 non
2260 1343 2386 1414 quia
2415 1343 2559 1401 Deus
2589 1359 2812 1401 causam
2845 1343 3219 1414 hujuscemodi
3249 1357 3438 1397 neces-

1832 1431 2006 1488 sitatis
2035 1435 2325 1504 optaverit.
2351 1434 2458 1493 Sed
2485 1445 2540 1490 et
2584 1435 2824 1491 medicus
2866 1435 2932 1488 ad
2981 1433 3277 1490 curandum
3322 1433 3434 1501 jam

1832 1524 2172 1580 vulneratum
2204 1534 2422 1595 paratus
2451 1541 2575 1582 esse
2602 1527 2795 1594 debet;
2831 1543 2936 1582 non
2968 1527 3130 1583 debet
3159 1536 3338 1580 autem
3378 1537 3428 1581 ut

1831 1629 1998 1672 sanus
2023 1617 2341 1674 vulneretur
2357 1629 2572 1694 optare.

1906 1709 2094 1782 (lbid.,
2119 1727 2236 1783 cap.
2263 1711 2353 1779 27,
2382 1711 2501 1785 28.)
2529 1712 2994 1768 Absurdissimum
3025 1728 3188 1782 porro
3215 1709 3431 1767 stultis-

131 1810 211 1855 ret
243 1819 257 1854 :
301 1802 514 1873 Ergone
544 1805 782 1876 linguam
812 1808 1000 1863 nullus
1047 1809 1330 1866 hominum
1379 1812 1601 1869 domare
1631 1831 1714 1886 po-

1867 1801 2136 1874 imumque
2160 1812 2264 1872 est,
2298 1806 2460 1860 etiam
2496 1805 2862 1861 necessarium
2890 1807 3055 1861 fuisse
3093 1805 3330 1873 homini,
3363 1805 3430 1860 ad

131 1892 266 1948 test?
293 1895 594 1966 Tamquam
636 1897 928 1971 obiurgans
957 1909 1012 1954 et
1041 1900 1229 1959 dicens
1261 1920 1276 1958 :
1308 1903 1542 1962 Domarc
1579 1906 1722 1964 feras
1755 1973 1759 1976 ,

132 1989 378 2054 potestis.
408 1989 624 2061 linguas
674 2009 780 2048 non
829 1989 1092 2064 potestis?
1133 1998 1288 2068 quasi
1329 1998 1604 2056 difficilius
1652 2002 1724 2056 sit

129 2079 354 2136 domare
381 2081 624 2153 linguam
651 2101 812 2155 quam
836 2087 1000 2144 feras.
1557 2085 1567 2102 '

200 2171 392 2240 (lbid.,
418 2193 538 2246 cap.
573 2179 685 2250 l7.)
726 2175 936 2250 Verum,
965 2183 1189 2254 inquies,
1232 2184 1301 2240 ab
1343 2184 1604 2251 Apostolo
1633 2185 1720 2242 di-

131 2276 272 2320 etum
305 2279 428 2323 est:
463 2269 739 2342 Sapientia
762 2275 936 2328 carnis
965 2274 1176 2330 inimica
1200 2285 1276 2332 est
1319 2278 1374 2333 in
1404 2277 1594 2343 Deum,
1617 2279 1723 2348 legi

131 2359 262 2412 enim
292 2358 393 2415 Dei
416 2379 521 2434 non
550 2374 626 2418 est
653 2367 905 2438 subjecta,
933 2383 1025 2422 nec
1051 2369 1190 2423 enim
1211 2378 1411 2440 potest;
1440 2372 1528 2441 qui
1549 2381 1720 2426 autent

132 2452 183 2503 in
211 2468 366 2509 carne
393 2469 535 2521 sunt,
568 2453 678 2511 Deo
705 2459 909 2527 placere
941 2477 1044 2514 non
1076 2471 1290 2532 possunt
1328 2461 1508 2534 (Rom.
1539 2480 1651 2530 vm,
1688 2466 1719 2519 7

132 2552 176 2596 ct
204 2546 281 2612 8).
313 2545 421 2602 Sed
445 2550 759 2617 Apostolus,
784 2549 928 2621 quod
951 2551 1269 2621 sapientiam
1295 2554 1475 2610 carnis
1495 2555 1716 2624 dixerit,

131 2649 234 2689 non
261 2637 586 2707 sapientiam
608 2641 894 2698 desursum
927 2643 1380 2713 descendentem;
1402 2656 1457 2702 et
1481 2647 1532 2702 in
1555 2664 1719 2706 carne

131 2739 267 2790 esse,
294 2742 404 2783 non
435 2744 532 2786 eos
561 2731 653 2800 qui
684 2730 753 2787 de
782 2747 1010 2802 corpore
1054 2750 1161 2790 non
1190 2733 1466 2804 exierunt,
1498 2739 1596 2794 sed
1622 2754 1718 2794 eos

132 2817 218 2886 qui
249 2821 550 2878 secundum
578 2837 801 2878 carnem
828 2822 1037 2891 vivunt,
1070 2826 1358 2882 manifeste
1381 2827 1672 2899 signiﬁcat.

199 2909 388 2982 Perge:
433 2915 700 2986 objicere:
746 2914 876 2986 Ipsa
923 2919 1105 2974 saltem
1156 2919 1460 2990 ignorantia:
1508 2932 1718 2992 peccata

131 3005 274 3059 ritari
319 3022 422 3062 non
468 3016 724 3077 possunt,
774 3019 1047 3078 utcumque
1086 3011 1326 3065 dicantur
1355 3024 1538 3068 cwtera
1569 3014 1719 3069 vitari

131 3113 289 3166 posse.
320 3098 443 3155 Non
469 3111 704 3171 possunt,
735 3103 919 3172 fateor,
951 3105 1255 3176 ignorantia:
1283 3116 1492 3176 peccata
1530 3107 1682 3162 vitari
1698 3154 1713 3176 ,

1823 1895 2170 1953 auferendam
2223 1897 2494 1968 superbia:
2547 1898 2627 1954 vel
2681 1898 2875 1970 glorise
2927 1899 3312 1977 occasionem,
3373 1908 3431 1953 ut

1821 1988 2030 2061 absque
2052 2001 2272 2061 peccato
2299 2006 2423 2049 esse
2449 2009 2553 2048 non
2587 2007 2788 2062 posset.
2823 1993 2930 2050 Sed
2961 1993 3123 2059 Deus,
3155 1995 3424 2063 inquiunt,

1826 2088 2003 2152 potest
2032 2082 2214 2140 omnia
2241 2098 2456 2142 sanare.
2494 2084 2672 2140 Potest
2707 2101 2868 2149 sane;
2899 2086 2989 2140 sed
3026 2085 3313 2142 absurdum
3351 2097 3429 2138 ηις

1822 2189 1937 2228 men
1959 2185 2058 2242 est,
2090 2191 2121 2231 a
2152 2177 2263 2232 Deo
2289 2177 2393 2232 dici
2426 2177 2631 2235 homini
2659 2195 2672 2231 :
2703 2178 3056 2247 Necess’est
3097 2193 3324 2247 peccare
3360 2193 3428 2232 ne

1821 2281 2038 2336 pecces.
2069 2268 2206 2337 Quid
2236 2269 2470 2342 amplius
2501 2271 2700 2336 dicam,
2737 2270 2840 2324 nisi
2886 2272 3009 2341 quia
3055 2281 3234 2339 potest
3275 2271 3423 2326 credi

1820 2359 1961 2428 quod
1981 2359 2133 2432 ignes
2155 2361 2365 2431 ignibus
2381 2364 2818 2434 exsringnuntur,
2843 2366 2886 2419 si
2907 2363 3058 2420 credi
3080 2373 3259 2436 potest
3278 2366 3422 2436 quod

1822 2453 2058 2522 peccatis
2087 2448 2307 2537 peccata
2331 2456 2628 2510 curentur?

1894 2541 2105 2616 (Ibid.,
2155 2562 2275 2618 cap.
2325 2546 2442 2620 29.)
2499 2547 2608 2603 Sed
2659 2537 3061 2619 quonammodo
3110 2544 3459 2620 superbiam‘

1819 2633 1992 2706 ipsam
2019 2651 2048 2690 a
2077 2649 2298 2711 peccato
2335 2641 2742 2710 separabimus?
2783 2643 2917 2696 Tam
2961 2656 3187 2712 peccare
3230 2657 3424 2712 super-

1819 2724 1938 2784 bire
1964 2737 2066 2795 est,
2100 2745 2261 2799 quam
2285 2731 2570 2801 superbire
2613 2746 2862 2802 peccare.
2903 2733 3038 2789 Nam
3077 2747 3261 2805 quaere
3294 2735 3423 2805 quid

1817 2819 1891 2874 sit
1916 2821 2292 2892 quodcumque
2319 2836 2620 2894 peccaturo,
2649 2835 2704 2879 et
2724 2825 2846 2879 vide
2867 2824 2911 2878 si
2937 2823 3178 2880 invenies
3198 2825 3418 2898 aliquod

1817 2910 1940 2968 sine
1967 2912 2240 2983 superbia
2265 2915 2628 2984 appellatione
2655 2917 2974 2985 peceatum?
3013 2915 3186 2972 Omne
3224 2931 3421 2989 pecea-

1819 3011 1968 3074 tum,
2011 3005 2114 3061 nisi
2156 3005 2350 3072 fallor,
2395 3007 2492 3064 Dei
2521 3019 2861 3079 contemptus
2889 3018 3002 3075 est;
3035 3021 3090 3065 et
3117 3001 3422 3067 omnis-Dei

1818 3107 2162 3169 contemptus
2190 3099 2445 3170 superbia
2473 3109 2581 3155 est.
2618 3100 2759 3169 Quid
2803 3102 2949 3158 enim
2985 3114 3090 3157 tam
3130 3103 3422 3172 superbum

132 3191 371 3258 quamdiu
408 3191 562 3248 hante
603 3193 840 3265 ignorat;
885 3195 980 3250 sed
1024 3197 1362 3268 prtevigilare
1402 3198 1601 3264 debet,
1649 3216 1716 3255 ne

1867 3204 1982 3245 nam
2029 3191 2199 3246 Deum
2243 3191 2633 3265 contemnere?
2680 3194 2854 3250 Omne
2894 3207 3026 3264 ergo
3062 3204 3340 3264 peccatum
3371 3204 3426 3250 et

133 3282 365 3349 ignoret:
396 3283 628 3354 ideoque
654 3286 917 3358 culpanda
954 3297 1040 3342 est
1093 3289 1398 3358 ignorantia
1427 3330 1442 3356 ,
1488 3291 1616 3360 quia
1666 3290 1721 3346 id

137 3372 289 3432 homo
318 3376 489 3433 nescit
513 3378 842 3450 negligentia
864 3394 981 3449 sua,
1009 3381 1152 3452 quod
1174 3381 1414 3439 adhibita
1441 3381 1720 3454 diligentia

136 3467 266 3522 scire
293 3469 589 3526 debuisset.

201 3560 380 3632 (lbid.,
407 3565 526 3637 cap.
571 3564 682 3635 l8.)
728 3563 900 3620 Addes
942 3565 1136 3621 etiam:
1185 3555 1390 3622 Tollere
1433 3577 1566 3622 certe
1615 3585 1716 3623 non

137 3664 284 3724 potest
309 3655 460 3711 homo
486 3665 696 3728 peccata
712 3658 830 3728 jam
873 3660 1186 3726 conmissa;
1231 3659 1330 3716 sed
1377 3659 1463 3714 illa
1510 3659 1718 3729 expiari

137 3745 341 3817 debent,
369 3759 425 3806 et
469 3749 729 3806 Dominus
776 3763 876 3822 pro
922 3752 1002 3808 eis
1041 3752 1371 3808 exorandus.
1421 3750 1491 3807 Id
1536 3751 1719 3807 lubens

137 3841 325 3908 fateor:
351 3841 475 3913 quia
509 3841 561 3896 id
591 3841 738 3913 quod
769 3843 970 3897 factum
997 3853 1102 3907 est,
1132 3843 1314 3900 facere
1341 3843 1596 3900 infectum
1623 3860 1720 3915 po-

139 3931 292 3987 tentia
322 3944 526 3990 rtatura:
549 3943 604 3990 et
633 3936 882 4013 voluntas
912 3935 1149 3992 hominis
1174 3951 1282 3992 non
1311 3944 1510 4008 potest.

157 4013 160 4018 ’
197 4023 374 4100 (lbid.,
405 4043 524 4098 cap.
556 4025 672 4098 l9.)
706 4026 894 4084 Sedut
921 4028 976 4083 id
1008 4039 1261 4086 evertatur
1302 4031 1357 4086 in
1397 4047 1504 4102 quo
1538 4030 1717 4102 prcssi-

137 4117 269 4172 dium
311 4121 519 4189 ponitur
558 4122 621 4176 ab
658 4121 721 4176 iis
761 4123 850 4192 qui
886 4123 1031 4179 nobis
1059 4125 1410 4180 adversantur.
1437 4125 1622 4182 Primo
1649 4126 1717 4182 de

137 4215 592 4284 eodisputandum
638 4225 722 4272 est
765 4216 908 4286 quod
958 4232 1056 4288 per
1101 4228 1384 4288 peccatum
1438 4219 1715 4276 debilitata

137 4302 314 4361 dicitur
341 4315 396 4362 et
424 4307 704 4364 immutata
733 4318 947 4364 natura.
982 4307 1133 4365 Unde
1171 4319 1299 4365 ante
1341 4310 1522 4366 omnia
1563 4327 1714 4382 quae-

139 4398 353 4454 rcudum
386 4409 515 4468 puto
543 4399 671 4470 quid
699 4400 770 4455 sit
798 4410 1102 4471 peccatum.
1132 4402 1448 4459 Snbstantia
1491 4403 1671 4475 aliqua
1693 4448 1707 4471 ,

140 4501 199 4541 an
243 4490 465 4547 omnino
511 4490 806 4547 Substantia
847 4508 1036 4548 carens
1078 4510 1294 4562 nomen,
1329 4512 1571 4566 quonon
1602 4513 1708 4560 res,

1824 3281 2080 3352 superbia
2112 3292 2214 3352 est,
2246 3283 2408 3338 etiam
2438 3283 2724 3352 Scriptura
2766 3286 2978 3341 dicente
3005 3303 3018 3338 :
3058 3285 3279 3340 Initium
3314 3302 3427 3340 om-

1824 3375 1906 3430 nis
1931 3374 2128 3446 peccati
2149 3374 2390 3445 superbia
2413 3385 2486 3430 est
2518 3374 2710 3448 (Eccli.
2741 3394 2793 3443 χ,
2828 3377 2942 3447 l5).

1894 3466 2087 3541 (Ibid.,
2115 3486 2230 3542 cap.
2263 3470 2378 3540 30.)
2414 3469 2646 3538 Deinde,
2697 3473 2966 3542 quomodo
3006 3473 3128 3544 quis
3173 3473 3282 3528 Deo
3326 3491 3426 3545 pro

1821 3559 1968 3617 illius
1998 3564 2201 3630 peccati
2234 3571 2385 3620 reatu
2411 3563 2660 3620 subditus
2690 3580 2811 3622 esse
2841 3566 3062 3636 poterit,
3089 3567 3230 3637 quod
3264 3584 3422 3625 suum

1821 3666 1928 3709 non
1961 3667 2082 3708 esse
2123 3652 2468 3723 cognoverit?
2497 3654 2666 3709 Suum
2697 3656 2842 3712 enim
2873 3673 2978 3712 non
3011 3670 3116 3726 est,
3151 3658 3194 3712 si
3230 3674 3422 3715 ueces-
3450 3687 3467 3707 κ

1821 3744 2024 3800 sariunt
2049 3756 2164 3812 est;
2193 3751 2289 3802 aut
2315 3747 2360 3801 si
2390 3760 2548 3802 suum
2581 3755 2684 3818 est,
2717 3749 3078 3806 voluntarium
3124 3761 3229 3807 est.
3275 3753 3342 3808 Et
3371 3751 3418 3809 si

1822 3838 2186 3894 voluntarium
2218 3846 2321 3905 est,
2350 3839 2509 3895 vitari
2540 3848 2739 3910 potest.

1891 3927 2083 4003 (lbid.,
2109 3947 2227 4000 cap.
2253 3929 2369 4002 55.)
2407 3929 2496 3997 At,
2549 3931 2819 4004 inquiunt,
2865 3932 3028 3990 homo
3073 3945 3421 4007 comparatur

1820 4019 1954 4084 Deo,
1985 4020 2032 4076 si
2059 4022 2266 4092 abSque
2307 4034 2528 4091 peccato
2566 4039 2690 4079 esse
2731 4037 3044 4081 asseratur:
3088 4027 3246 4098 quasi
3293 4044 3422 4086 vero

1819 4116 2062 4187 angelus,
2099 4116 2224 4188 quia
2253 4117 2457 4190 absque
2489 4131 2712 4189 peccato
2738 4130 2854 4188 est,
2885 4135 3228 4192 comparetur
3268 4125 3420 4180 Deo?

1890 4207 2082 4283 (Ibid.,
2113 4227 2229 4282 cap.
2261 4210 2380 4282 54.)
2411 4213 2664 4285 lnquiuut
2694 4213 2857 4270 etiam
2878 4255 2894 4283 ,
2937 4216 3261 4274 rationabile
3301 4219 3419 4288 qui-

1818 4302 1939 4358 dem
1973 4304 2186 4360 videtur
2229 4320 2350 4364 esse
2391 4311 2534 4377 quod
2575 4313 2813 4375 asseris,
2858 4309 2954 4366 sed
2998 4312 3290 4381 superbum
3333 4321 3419 4366 est

1818 4395 2000 4451 dicere
2041 4396 2313 4455 hominem
2355 4398 2558 4471 absque
2601 4411 2819 4471 peccato
2849 4416 2972 4457 esse
3003 4418 3182 4471 posse.
3214 4402 3414 4458 Verum

1820 4486 1873 4541 in
1913 4501 2019 4557 qua
2065 4489 2237 4560 magis
2280 4500 2432 4560 parte
2471 4491 2752 4546 humilitas
2787 4493 3099 4548 collocanda
3131 4493 3252 4549 est?
3282 4493 3418 4551 Sine

139 4594 230 4634 non
253 4581 568 4652 existentia,
602 4598 707 4639 non
734 4599 932 4655 corpus
971 4584 1194 4657 aliquod
1221 4631 1234 4656 ’
1281 4589 1376 4643 sed
1426 4604 1709 4659 perperam
1739 4558 1794 4620 Β
1817 4579 1984 4635 dubio
2014 4579 2285 4646 fniSililllS,
2312 4581 2358 4638 εἰ
2385 4583 2436 4637 in
2465 4598 2529 4639 ea
2561 4599 2680 4652 quas
2711 4585 2956 4640 veritatis
2997 4585 3258 4654 pl'0b3illl'
3293 4601 3417 4640 esse

137 4670 246 4729 {acti
273 4686 423 4732 actus
451 4677 808 4747 exprimitur?
831 4679 1029 4748 Credo,
1062 4678 1133 4734 ita
1167 4693 1282 4746 est;
1317 4681 1445 4736 etsi
1479 4683 1550 4735 ita
1589 4693 1708 4750 est,

139 4767 390 4833 quomodo
415 4767 588 4838 potuit
613 4767 902 4824 humanam
930 4769 1233 4838 debilitare,
1267 4773 1348 4828 vel
1378 4783 1588 4829 mutare
1615 4787 1708 4829 na-

139 4865 316 4926 turam,
345 4859 490 4930 quod
521 4861 818 4916 substantia
848 4863 1032 4917 caret?

201 4951 380 5024 (Ibit,
408 4969 528 5025 cap.
559 4949 678 5026 2L}
705 4953 906 5011 Deinde
934 4956 1197 5027 agritudo
1227 4957 1363 5026 hinc,
1395 4975 1550 5027 quant
1573 4960 1713 5030 quis-

137 5057 219 5110 que
239 5046 524 5112 experitur,
557 5061 664 5102 non
693 5047 876 5102 debuit
918 5050 1167 5105 contrahi
1215 5051 1448 5120 peccatis
1473 5095 1487 5118 ,
1536 5069 1604 5106 ne
1647 5053 1713 5108 ad

141 5131 226 5190 hoc
247 5143 394 5192 esset
434 5151 593 5205 pinna
639 5140 888 5208 peccati,
940 5149 1000 5194 ut
1046 5142 1518 5197 committerentur
1564 5144 1712 5211 plura

143 5237 369 5294 peccata;
398 5244 572 5298 neque
604 5245 734 5285 vero
765 5231 878 5299 ipse
923 5232 1127 5300 primus
1171 5233 1332 5288 homo
1375 5235 1502 5290 ideo
1543 5247 1715 5292 morte

141 5315 404 5375 damnatus
439 5329 558 5386 cst,
587 5321 708 5391 quia
743 5327 988 5392 peccandi
1018 5326 1364 5378 necessitatem
1405 5329 1567 5395 primo
1598 5345 1714 5396 pec-

143 5418 235 5463 cato
257 5411 530 5478 contraxit,
563 5427 688 5465 nam
710 5424 898 5482 posma
929 5431 1033 5469 non
1060 5417 1315 5482 peccavit.
1347 5418 1476 5485 Ejus
1501 5435 1713 5489 quoque

145 5507 340 5570 pomeri,
374 5519 483 5559 non
518 5505 692 5559 solum
745 5507 836 5564 illo
882 5522 984 5563 non
1029 5520 1154 5563 sunt
1207 5510 1528 5567 inﬁrmiores
1556 5553 1568 5576 ,
1619 5513 1714 5568 sed

145 5596 280 5652 etiam
330 5597 479 5667 plura
529 5598 892 5666 impleverunt
939 5611 1241 5670 pnnccpta,
1271 5617 1393 5656 cum
1427 5616 1588 5660 unum
1621 5606 1716 5661 ille

147 5682 349 5756 implere
379 5690 698 5760 neglexerit.

199 5781 380 5858 (Mitt,
409 5797 526 5848 top.
561 5779 636 5836 92
659 5783 690 5848 )
741 5779 934 5843 Deinde
977 5800 1081 5844 non
1124 5776 1295 5841 debuit
1346 5791 1417 5844 sic
1467 5791 1715 5846 vindicari

1817 4673 2070 4740 superbia
2094 4684 2198 4730 est.
2229 4675 2285 4729 ln
2317 4685 2468 4745 parte
2496 4675 2658 4746 igitur
2685 4676 2930 4732 veritatis
2951 4717 2967 4744 ,
3012 4692 3120 4733 non
3165 4677 3220 4733 in
3264 4693 3417 4748 parte

1817 4765 2088 4836 falsitatis,
2124 4765 2396 4823 humilitas
2425 4769 2595 4841 magis
2625 4769 2947 4827 collocanda
2976 4781 3084 4826 est.

1890 4868 2079 4943 (Ibid.,
2109 4885 2228 4940 cap.
2254 4871 2370 4942 35.)
2403 4871 2541 4936 Quin
2574 4880 2624 4927 et
2660 4873 2796 4927 illud
2839 4873 3084 4928 addunt:
3126 4872 3416 4929 Multorum

1816 4989 1843 5027 e
1867 4974 2056 5028 sanctis
2077 4983 2283 5044 peccata
2307 4975 2558 5029 novimus.
2585 4971 2848 5031 Peccasse
2872 4976 3069 5031 multos
3095 4985 3410 5032 sanctorum

1819 5089 1927 5129 non
1953 5083 2156 5130 tantum
2186 5089 2372 5131 verum
2398 5081 2503 5140 est,
2534 5074 2629 5128 sed
2659 5075 2822 5128 etiam
2867 5073 3063 5131 litteris
3105 5075 3237 5146 ipsis
3280 5093 3414 5146 quo-

1815 5193 1923 5247 que
1964 5177 2132 5232 sacris
2174 5176 2441 5246 proditum
2479 5187 2590 5229 est:
2623 5190 2730 5230 non
2764 5186 2820 5230 ut
2849 5176 3098 5245 exempla
3125 5176 3192 5232 ad
3218 5177 3413 5261 despef

1818 5278 2083 5334 rationem
2104 5293 2210 5332 non
2242 5274 2500 5347 peccandi
2521 5277 2756 5342 valeant,
2785 5292 2960 5347 neque
2985 5287 3042 5332 ut
3067 5267 3412 5334 securitateni

1816 5380 2080 5451 peccandi
2131 5379 2288 5434 nobis
2332 5377 2735 5449 quodammodo
2786 5377 3029 5447 pra‘bet‘e
3087 5379 3410 5455 videantur;

1816 5481 1914 5537 sed
1962 5489 2019 5536 ut
2064 5480 2432 5546 disceremus,
2479 5480 2559 5534 vel
2591 5480 2887 5550 paenitendi
2909 5481 3295 5554 humilitatem,
3326 5458 3420 5538 ver

1818 5585 1983 5640 etiam
2014 5584 2064 5638 in
2100 5583 2293 5638 talibus
2323 5581 2563 5650 lapsibus
2595 5597 2700 5636 non
2728 5581 3118 5652 despcrandam
3161 5585 3426 5644 salutem.

1817 5687 1923 5744 Sed
1953 5685 2222 5758 quomodo
2248 5685 2381 5740 istos
2409 5693 2624 5737 sanctos
2650 5682 2719 5738 de
2749 5680 2852 5738 hac
2890 5683 2997 5739 vita
3043 5682 3243 5740 abiisse
3289 5700 3414 5739 ere»

1820 5790 2054 5847 dandum
2083 5789 2204 5847 est?
2232 5789 2365 5845 Cum
2396 5796 2636 5857 peccato,
2667 5800 2733 5842 an
2765 5785 2879 5843 sine
2905 5789 3162 5857 peccato?
3197 5789 3251 5846 Si
3289 5805 3414 5846 cum
