3844 6230
300 205 507 313 ,τοῦ

864 224 959 286 ΔΙ)
989 226 1271 286 PARTEM
1298 225 1567 284 ΡῐὶΙΜᾹΜ
1595 224 1882 284 OPERUM
1911 224 1982 282 ιι.
2014 223 2462 285 MEBCATORIS
2496 226 2846 286 APPENDIX
2875 228 3217 289 SECUNDA.

3596 235 3697 293 GN

398 342 653 413 peccato,
691 340 966 415 quomodo
1003 341 1172 398 saneti
1201 340 1359 396 sunt?
1388 338 1445 396 Si
1472 341 1591 396 sine
1618 342 1861 410 peccato,
1894 352 1995 409 po-
2021 339 2071 399 Α
2100 344 2234 404 stus,
2273 338 2433 406 talem
2462 339 2736 397 hominem
2765 340 2913 412 fecit,
2939 344 3029 415 qui
3077 345 3285 416 peccati
3332 356 3475 403 malo
3511 362 3697 406 carere

402 442 626 491 tuerunt
653 447 783 504 ergo
807 434 925 490 sine
953 441 1176 503 peccato
1205 432 1369 489 esse?
1886 506 1889 507 ν

475 523 670 597 (lbid.,
701 540 820 595 cup.
850 523 975 594 36.)
1006 525 1114 580 Sed
1146 524 1198 579 in
1226 524 1406 580 iit-dem
1433 524 1596 579 sacris
1626 522 1811 578 litteris
1841 521 1997 577 multi

403 633 514 674 non
545 617 706 673 modo
736 632 843 673 non
874 631 1145 687 peccasse,
1180 631 1381 673 verum-
1413 616 1577 673 etiarn
1618 617 1760 686 justo
1804 614 2000 671 vixisse

399 712 732 780 referuntur,
766 710 931 777 Abel,
964 711 1189 778 Enoch,
1218 709 1614 766 Melchisedech
1637 751 1652 775 ,
1684 708 1956 766 Abraham
1982 749 1999 777 ,

398 806 569 869 lsaac,
598 803 785 870 Jacob,
812 803 1036 873 .Iuseph,
1064 801 1226 859 Jesus
1254 802 1420 872 Nave,
1454 801 1712 870 Phinees,
1746 798 1999 868 Samuel,

399 901 637 968 Nathan,
671 898 836 965 Elias,
869 897 1120 963 Elisaaus,
1151 896 1421 965 Michseas,
1459 896 1686 965 Daniel,
1736 896 1959 952 Azarias
1983 936 2001 963 ,

400 984 675 1057 Ananias,
718 990 935 1059 Misael,
985 989 1235 1047 Ezechiel
1263 1030 1278 1055 ,
1330 990 1720 1057 Mardoclurus,
1755 989 2000 1061 Simeon,

397 1082 741 1155 J'.tseph,cui
770 1083 1093 1156 desponsata
1121 1095 1241 1140 erat
1286 1086 1436 1156 virgo
1484 1083 1690 1151 Maria,
1738 1083 2002 1141 Joannes.

398 1172 501 1235 liis
521 1176 660 1234 adde
680 1183 893 1233 sanctas
914 1174 1164 1243 feminas,
1189 1176 1478 1241 Debornm,
1494 1176 1708 1230 Annam
1731 1174 2007 1231 Samuelis

400 1280 654 1337 matrem,
676 1268 883 1338 Iudith,
921 1269 1139 1334 Esther,
1170 1268 1395 1324 alterunt
1425 1269 1639 1324 Annam
1672 1267 2004 1323 liliamPha-

399 1366 550 1430 nnel,
586 1364 887 1432 Eiisaheth,
922 1364 1093 1434 ipsam
1124 1364 1290 1418 etiam
1340 1362 1551 1419 Domini
1601 1376 1665 1417 ac
1707 1362 2006 1421 Salvaturis

399 1457 577 1514 nostri
608 1464 879 1525 matrem,
916 1471 1080 1528 quam
1109 1456 1228 1513 sine
1256 1464 1479 1527 peccato
1504 1453 1751 1511 conﬁteri
1783 1467 2006 1510 necesse

395 1558 483 1608 est
514 1551 719 1621 pietati.
1339 1560 1343 1573 '

472 1644 661 1718 (lbid.,
684 1660 803 1715 cap.
825 1641 941 1715 δῖ.)
972 1642 1164 1699 Dicent
1187 1641 1405 1698 forsitan
1432 1659 1445 1696 :
1472 1638 1741 1711 Numquid
1764 1639 2004 1696 omnium

2100 429 2397 495 subiceret,
2426 430 2522 488 sed
2552 432 2599 488 si
2625 434 2911 492 voluisset.
2939 434 3225 495 Vol‘nntate
3252 453 3360 495 non
3394 448 3476 497 est
3495 480 3515 509 ,
3553 444 3697 513 quod

2103 531 2294 579 natura
2334 532 2532 595 potest.
2579 527 2650 582 At
2690 526 2834 598 quod
2866 544 3009 585 nunc
3036 531 3213 602 agitur
3244 547 3351 589 non
3385 533 3607 604 pertinet
3634 546 3702 592 ut

2102 624 2380 686 qutct‘alttr
2409 623 2587 671 utrum
2620 615 2825 674 fuerint
2864 619 2944 676 vel
2988 620 3099 677 sint
3150 621 3317 691 aliqui
3364 623 3601 682 homines
3638 630 3696 681 in

2103 702 2206 762 hac
2238 705 2342 787 vita
2373 706 2492 764 sine
2515 718 2762 780 peccato,
2791 710 2886 768 sed
2914 721 3090 770 utrum
3119 728 3239 771 esse
3269 716 3566 785 potuerint,
3586 720 3703 774 sive

2104 799 2335 870 possint.

2179 891 2284 949 Sed
2318 895 2421 951 huc
2450 905 2555 965 est,
2585 896 2821 968 inquies,
2854 898 2997 969 quod
3046 899 3250 958 multos
3299 911 3513 969 movet,
3560 905 3701 976 quod

2107 1001 2215 1041 non
2244 1002 2340 1055 per
2373 989 2462 1044 Dei
2492 990 2721 1061 gratiam
2751 989 2999 1049 homines
3019 991 3140 1049 sine
3160 1003 3384 1065 peccato
3406 1009 3525 1053 esse
3548 1009 3705 1068 posse

2106 1075 2379 1137 defendis.
2408 1081 2453 1153 Ο
2485 1079 2803 1151 ignorantia:
2837 1085 3092 1141 accitas!
3132 1084 3179 1142 0
3214 1085 3479 1158 imperitae
3511 1092 3702 1147 mentis

2108 1171 2342 1240 ignavia,
2373 1188 2492 1243 quze
2513 1159 2577 1230 id
2604 1174 2723 1231 sine
2752 1175 3043 1248 Deigratia
3089 1177 3357 1237 defensori
3397 1181 3697 1251 existimat,

2107 1263 2251 1334 quod
2283 1265 2391 1320 Deo
2421 1276 2630 1342 tantum
2657 1269 2839 1324 audiat
2871 1262 3070 1327 debere
3106 1273 3386 1343 reputari!
3418 1273 3546 1330 Nam
3579 1291 3697 1331 cum

2108 1355 2305 1414 dicitur
2331 1360 2503 1431 ipsum
2532 1377 2693 1432 posse
2712 1363 2921 1420 arbitrii
2946 1364 3164 1423 humani
3186 1369 3409 1425 omnino
3431 1384 3534 1426 non
3558 1385 3698 1435 esse,

2109 1451 2205 1539 sed
2233 1455 2470 1510 auctoris
2499 1464 2730 1524 natura,
2760 1456 2856 1513 Dei
2883 1458 3128 1527 scilicet;
3167 1460 3326 1534 ecqui
3369 1459 3484 1518 ﬁeri
3527 1471 3702 1535 potest

2108 1556 2168 1600 ut
2193 1546 2397 1614 abs-rue
2425 1547 2522 1606 Dei
2549 1551 2720 1621 gratia
2749 1551 3082 1624 intelligatur
3108 1556 3251 1625 quod
3279 1556 3346 1628 pd
3377 1556 3541 1614 Deum
3581 1576 3701 1625 pru-

2111 1638 2227 1708 prie
2255 1641 2523 1710 pertinere
2551 1644 2843 1699 censetur?
2868 1644 2974 1701 Sed
3005 1656 3062 1701 ut
3092 1645 3196 1704 hoc
3225 1646 3559 1707 manifestius
3586 1649 3698 1717 iiat,

402 1739 575 1810 potuit
602 1736 879 1807 Scriptura
919 1750 1351 1795 commemorare
1395 1734 1650 1813 peccata?
1697 1732 1810 1790 lioc
1853 1741 2003 1789 recte
2031 1733 2080 1794 B
2106 1733 2267 1806 paulo
2291 1734 2455 1791 latius
2482 1733 2871 1806 disputandum
2901 1747 3016 1795 est.

398 1832 512 1888 dici
538 1838 713 1903 potest
742 1830 810 1889 de
837 1830 918 1886 his
938 1845 1168 1902 quorum
1203 1844 1376 1901 neque
1394 1829 1659 1886 bonorum
1686 1843 1862 1898 neque
1888 1841 2002 1883 ma-

402 1924 579 1980 lorum
609 1922 895 1995 Scriptura
916 1924 989 1979 sit
1017 1936 1266 1990 memor;
1317 1922 1388 1978 de
1436 1923 1543 1979 illis
1590 1933 1723 1977 vero
1770 1934 2002 1992 quorum

398 2018 625 2091 iustitiae
647 2017 916 2083 meminit,
943 2024 998 2073 et
1022 2026 1364 2086 peccatorum
1388 2018 1509 2071 sine
1534 2015 1698 2071 dubio
1719 2014 2005 2070 meminis-

401 2123 506 2177 set,
537 2112 583 2167 si
611 2125 716 2182 qua
745 2124 841 2167 eos
867 2122 1122 2181 peccasse
1146 2109 1423 2166 sensisset.
1448 2108 1555 2166 Sed
1578 2117 1696 2164 esto
1720 2109 1842 2164 aliis
1865 2116 2006 2166 tem-

402 2202 650 2273 poribus,
681 2201 855 2258 turbat
880 2203 1292 2269 numerositate,
1317 2202 1556 2259 omnium
1587 2199 2007 2257 dissimulaverit

402 2301 624 2366 peccata
644 2304 970 2362 contexere;
1004 2295 1058 2349 iu
1090 2296 1207 2364 ipso
1233 2295 1416 2349 statim
1448 2293 1636 2349 mundi
1679 2292 2003 2362 primordio,

402 2389 491 2446 ubi
522 2389 734 2446 nonnisi
765 2395 996 2460 quatuor
1027 2387 1274 2444 homines
1303 2397 1461 2444 erant
1486 2428 1503 2454 ,
1547 2386 1679 2458 quid
1723 2385 1955 2442 dicimus
1984 2428 2002 2454 ,

401 2496 504 2538 cur
550 2495 660 2538 non
705 2482 946 2539 omnium
1001 2481 1235 2538 voluerit
1288 2480 1484 2539 delicta
1525 2480 2001 2537 commemorat-ei

404 2573 671 2631 Utrumne
718 2573 951 2645 ingentis
994 2572 1357 2630 multitudinis
1400 2587 1585 2637 causa,
1615 2587 1740 2643 quae
1768 2571 2005 2627 nondum

403 2648 563 2724 erat?
591 2665 672 2722 An
705 2681 831 2737 quia
860 2666 1072 2722 illorum
1106 2675 1315 2721 tantum
1338 2664 1434 2736 qui
1459 2665 1850 2720 commiserant
1894 2677 2011 2720 meo

405 2759 597 2826 minit,
629 2758 773 2814 illius
820 2758 909 2828 qui
957 2757 1101 2813 nulla
1147 2757 1493 2814 commiserat
1537 2757 1855 2814 meminisse
1900 2771 2010 2813 non

405 2852 804 2927 potuit‘ICerte
834 2855 1007 2925 primo
1036 2854 1090 2909 iu
1133 2861 1377 2923 tempore
1422 2852 1593 2909 Adam
1643 2861 1698 2907 et
1739 2851 1851 2931 Eva
1877 2892 1893 2917 .
1944 2866 2013 2907 ex

407 2949 608 3020 quibus
628 2949 762 3005 Cain
783 2957 839 3005 ct
866 2948 1003 3005 Abel
1030 2948 1140 3006 nati
1172 2956 1320 3014 sunt,
1346 2954 1580 3019 quatuor
1601 2952 1807 3001 tantum
1838 2943 2015 3000 homi-

407 3058 506 3099 nes
552 3041 722 3099 inissc
763 3044 1094 3100 referuntur.
1142 3041 1392 3098 Peccavit
1436 3039 1570 3107 Eva,
1605 3039 1880 3110 Scriptura
1910 3038 2014 3094 hoc

2180 1828 2421 1885 Dicimus
2451 1830 2596 1886 enim
2627 1831 2893 1903 cujusque
2922 1833 2999 1892 rei
3028 1834 3441 1905 possibilitatem
3468 1852 3568 1893 non
3596 1847 3701 1893 tum

2105 1922 2161 1978 in
2189 1920 2397 1978 arbitrii
2430 1920 2652 1979 immani
2686 1932 2958 1994 potestate
2996 1936 3156 1997 quam
3196 1927 3252 1984 in
3287 1939 3491 1984 natura:
3526 1944 3703 1985 ncces-

2105 2016 2266 2073 sitate
2291 2017 2612 2083 consistere,
2645 2027 2707 2074 ut
2735 2026 2867 2092 puta
2905 2020 3049 2094 loqui
3079 2036 3301 2094 possum
3325 2041 3344 2080 :
3382 2024 3518 2095 quod
3559 2026 3698 2095 loqui

2107 2121 2356 2179 possum,
2389 2124 2568 2167 meum
2598 2126 2705 2168 non
2733 2124 2849 2181 est;
2880 2116 3279 2189 quodloqnor,
3315 2134 3490 2175 meum
3517 2128 3622 2183 est,
3651 2121 3704 2175 id

2085 2210 2211 2291 est,
2245 2203 2480 2273 propriae
2510 2204 2842 2273 voluntatis;
2869 2217 2926 2263 et
2949 2208 3071 2278 quia
3106 2208 3250 2280 quod
3278 2211 3497 2281 loquor,
3534 2225 3702 2266 meum

2107 2302 2215 2361 est,
2244 2303 2534 2364 utrumque
2559 2294 2739 2353 facere
2770 2312 3014 2367 possum,
3043 2300 3095 2356 id
3125 2312 3230 2372 est,
3256 2310 3311 2359 et
3333 2303 3502 2374 loqui.
3528 2314 3705 2360 etnon

2107 2386 2278 2457 loqui.
2307 2386 2440 2456 Quia
2460 2384 2600 2446 'vero
2627 2391 2771 2461 quod
2805 2392 2950 2465 loqui
2983 2408 3224 2465 possum,
3261 2412 3440 2453 meum
3472 2413 3572 2454 non
3600 2405 3704 2462 est,

2109 2477 2162 2534 id
2191 2489 2291 2547 est,
2322 2481 2539 2565 arbitrii
2561 2484 2668 2539 mei
2699 2492 2866 2554 atque
2891 2485 3216 2555 voluntatis,
3246 2502 3474 2547 necesse
3507 2502 3585 2547 cst
3621 2505 3705 2546 me

2110 2587 2328 2644 semper
2355 2573 2723 2646 ioquiqposse,
2754 2576 2856 2634 etsi
2892 2580 3118 2636 voluero
3167 2597 3273 2636 non
3325 2596 3488 2652 posse
3529 2585 3704 2654 loqui;

2113 2681 2220 2722 non
2252 2681 2474 2737 possum
2505 2677 2684 2725 tamen
2715 2685 2821 2726 non
2848 2687 3007 2742 posse
3033 2675 3204 2745 loqui,
3232 2674 3337 2731 nisi
3369 2677 3508 2731 forte
3545 2690 3705 2731 men:-

2114 2761 2271 2816 brum
2311 2761 2445 2818 illud
2482 2762 2719 2818 adimam
2767 2779 2876 2835 qtto
2926 2767 3175 2837 loquendi
3220 2768 3434 2840 impleri
3483 2770 3701 2825 ofﬁcium

2117 2860 2317 2925 potest,
2356 2854 2648 2913 voluntatis
2682 2857 2826 2914 enim
2848 2859 3078 2916 arbitrio
3103 2875 3169 2917 ac
3194 2863 3428 2919 delibera
3439 2866 3576 2919 tione
3600 2864 3705 2935 pri-

2115 2956 2275 3002 vatur
2300 2947 2558 3018 quidquid
2587 2951 2817 3006 naturali
2846 2953 3174 3014 necessitate
3199 2957 3600 3027 constringitur.

2191 3040 2385 3111 (Ibid.,
2412 3058 2531 3112 cap.
2559 3041 2629 3099 47
2660 3032 2828 3116 seqq.)
2858 3044 2970 3101 line
2993 3055 3049 3102 et
3073 3046 3145 3102 de
3176 3047 3362 3103 auditu
3387 3088 3404 3113 ,
3451 3048 3662 3105 odoratu
3685 3092 3701 3117 ,

409 3136 675 3207 prodidit;
706 3135 879 3193 Adam
916 3149 1132 3207 quoque
1178 3133 1406 3204 deliquit
1426 3172 1443 3199 ,
1489 3133 1680 3188 eadem
1730 3130 2009 3200 Scriptura
2040 3109 2087 3173 ο
2123 3109 2210 3190 vel
2237 3135 2357 3191 visu
2389 3109 2576 3191 sentiri
2608 3109 2864 3209 possibile
2887 3147 2994 3205 est,
3025 3137 3169 3207 quod
3198 3109 3426 3203 audiret,
3457 3109 3702 3204 odorari,

410 3244 520 3285 nun
554 3230 740 3287 tacuit.
772 3228 881 3286 Sed
902 3239 959 3284 et
979 3227 1113 3285 Cain
1136 3241 1392 3300 peccasse
1414 3226 1531 3296 ipsa
1559 3240 1710 3297 usque
1731 3225 2011 3296 Scriptura

410 3333 603 3381 testata
629 3332 732 3393 est,
763 3338 994 3395 quorum
1019 3338 1127 3380 non
1159 3322 1322 3378 modo
1350 3328 1600 3392 peccata,
1631 3334 1818 3375 verum
1847 3320 2012 3377 etiam

411 3430 756 3492 peccatorum
784 3418 985 3475 indicat
1015 3418 1357 3488 qualitatem.
1388 3416 1540 3484 Quod
1567 3416 1612 3470 si
1636 3424 1693 3470 ct
1720 3414 1852 3470 Abel
1889 3428 2017 3485 pec-

412 3522 613 3575 cesset,
638 3521 696 3567 ct
721 3511 965 3568 hocsine
990 3509 1156 3567 dubio
1181 3508 1460 3580 Scriptura
1491 3507 1752 3571 dixisset;
1782 3505 1877 3563 sed
1905 3521 2014 3561 non

413 3606 551 3659 dixit
576 3619 735 3676 εει-ευ
755 3603 959 3660 uecilie
983 3603 1248 3675 peccavit,
1273 3602 1402 3674 quin
1424 3602 1586 3657 etiam
1607 3600 1807 3671 justum
1833 3611 2018 3657 osten-

413 3697 512 3754 dit.
543 3695 839 3753 Credamus
868 3698 1028 3769 igitur
1055 3696 1196 3767 quod
1223 3694 1475 3766 legimus,
1505 3692 1725 3765 etquod
1753 3708 1859 3748 non
1886 3691 2018 3763 legi;

413 3806 561 3857 mus,
584 3789 737 3846 nefas
758 3789 1046 3846 credamus
1072 3799 1339 3857 astruere,
1363 3787 1507 3859 quod
1529 3786 1596 3843 de
1618 3785 1828 3842 cunctis
1852 3783 2017 3842 etiam

416 3883 617 3938 disissc
652 3881 904 3939 sufﬁciat.

488 3974 676 4045 (lbid.,
709 3992 827 4049 cap.
859 3971 975 4041 ﬂ.)
1006 3974 1297 4044 Opponunt
1323 3971 1425 4039 illi,
1457 3980 1644 4027 contra
1677 3984 1809 4041 quos
1841 3969 2019 4040 loqui-

416 4082 578 4124 tuur:
617 4067 803 4122 Omnes
826 4067 964 4121 enim
1006 4073 1338 4137 peccaverunt
1383 4062 1574 4136 (Rom.
1615 4063 1706 4125 tit,
1749 4058 1867 4133 23).
1912 4060 2020 4118 Sed

418 4145 762 4217 manifestum
806 4166 892 4215 est
933 4155 1074 4229 quod
1120 4156 1189 4214 de
1239 4156 1321 4212 eis
1369 4155 1582 4212 dicebat
1611 4154 1900 4224 Apostolus
1931 4152 2021 4224 qni

419 4260 549 4307 tunc
575 4259 753 4316 erant,
782 4250 887 4307 huc
911 4259 1017 4314 est.
1049 4250 1119 4305 de
1144 4248 1348 4307 ludatis
1379 4256 1434 4303 et
1457 4247 1770 4317 gentilibus.
1799 4248 1865 4302 Et
1891 4260 2024 4304 vero

420 4361 541 4402 tnos
568 4345 659 4401 ille
684 4344 980 4416 Scriptum
1011 4352 1115 4407 est,
1148 4351 1205 4397 ut
1233 4357 1355 4397 cum
1386 4341 1640 4397 dicuntur
1667 4355 1883 4405 omnes,
1912 4352 2022 4396 non

417 4451 637 4509 semper
664 4453 857 4494 carries
882 4436 1124 4500 omnino,
1159 4434 1305 4489 nullo
1344 4430 1715 4502 prmtermissc
1738 4473 1751 4494 ,
1798 4431 2022 4503 intelligi

415 4540 690 4603 oporteat.
744 4530 894 4587 Unde
941 4528 1232 4594 Apostolus
1276 4527 1467 4595 (Rom.
1512 4541 1566 4590 ν.
1598 4526 1722 4594 19.):
1756 4525 1905 4582 Sicut
1933 4541 2026 4598 per

420 4627 578 4681 unius
620 4626 809 4681 delicta
829 4644 858 4678 η
902 4625 953 4679 in
982 4639 1153 4678 omnes
1174 4622 1403 4677 homines
1429 4622 1481 4675 in
1508 4620 2023 4686 condemnationem;

419 4720 496 4775 sic
524 4731 571 4775 et
599 4738 690 4792 per
716 4720 870 4774 unius
892 4719 1148 4789 justitiam
1169 4717 1225 4770 in
1252 4731 1423 4770 annm
1463 4714 1691 4769 homines
1729 4713 1787 4769 in
1809 4712 2022 4785 litati/i-

422 4815 680 4869 catimrem
704 4815 850 4881 vita);
878 4829 998 4870 cum
1030 4828 1126 4882 per
1155 4810 1353 4868 Christi
1382 4809 1643 4882 justitiam
1671 4825 1779 4865 non
1808 4824 2020 4877 omnes,

423 4907 519 4963 sed
546 4922 643 4963 eos
671 4916 880 4962 tantum
905 4906 995 4975 qui
1030 4905 1105 4960 illi
1138 4902 1362 4959 obedire
1389 4902 1710 4968 voluerunt,
1739 4911 1795 4959 et
1820 4903 2025 4972 baptis-

429 5000 501 5055 mi
532 4999 646 5069 ejus
676 4998 952 5055 ahlntione
980 4994 1190 5067 purgati
1210 5004 1355 5065 sunt,
1381 4993 1747 5052 sanctiﬁcatos
1770 5008 1891 5052 esse
1913 5009 2021 5056 non

425 5092 651 5150 dubium
690 5094 785 5148 sit.
1654 5126 1659 5131 -

498 5185 694 5260 (ibid,
725 5202 842 5254 cap.
874 5182 946 5239 42
968 5183 1134 5257 seqq.)
1164 5183 1271 5242 Sed
1299 5193 1445 5247 esto,
1478 5184 1811 5240 consentiam
1836 5225 1851 5251 ,
1900 5184 2021 5255 quia

428 5294 619 5335 omnes
666 5287 979 5350 peccatores
1029 5275 1194 5331 fuisse
1240 5283 1503 5331 teStatur:
1549 5274 1682 5331 dicit
1718 5276 1863 5332 enim
1896 5276 2023 5345 quid

429 5373 651 5436 fuerint,
677 5387 783 5427 non
816 5369 959 5441 quod
984 5367 1127 5427 aliud
1151 5383 1273 5425 esse
1300 5385 1405 5424 non
1438 5367 1736 5438 potuerint;
1768 5369 2027 5439 quamoh‘

432 5483 548 5522 rem
581 5463 682 5521 etsi
711 5476 902 5520 omnes
931 5461 1179 5519 homines
1204 5468 1518 5531 peccatores
1549 5468 1770 5531 possent
1790 5460 2031 5533 probari,

432 5558 733 5616 deﬁnitioni
770 5566 953 5613 tamen
984 5562 1186 5611 nostra:
1214 5566 1549 5624 nequaquam
1584 5550 1633 5607 id
1665 5552 1911 5619 obesset,
1940 5552 2031 5622 qui

435 5668 542 5708 non
574 5660 679 5707 tam
707 5648 836 5723 quid
863 5647 1109 5703 homines
1134 5646 1266 5712 sint,
1293 5659 1455 5717 quam
1487 5644 1613 5717 quid
1650 5653 1874 5714 possent
1911 5659 2034 5700 esse

436 5748 796 5807 defendimus.
828 5745 966 5804 Deus
997 5754 1164 5812 certe,
1195 5744 1283 5812 qui
1317 5750 1425 5798 tam
1451 5742 1621 5801 bonus
1652 5752 1731 5798 cst
1760 5754 1920 5811 quam
1944 5740 2033 5811 ju-

2115 3226 2301 3285 vidcre
2330 3228 2615 3298 potestatis
2647 3237 2844 3285 nostra
2874 3229 2971 3299 sit;
2999 3246 3158 3300 posse
3198 3248 3329 3289 vero
3373 3234 3583 3295 audire.
3624 3234 3703 3289 vol

2115 3321 2356 3399 odorari,
2387 3322 2471 3377 vel
2499 3321 2704 3389 videre,
2736 3323 3019 3392 potestatis
3055 3335 3256 3381 nostra:
3281 3340 3389 3383 non
3417 3327 3508 3393 sit,
3536 3326 3623 3382 sed
3653 3326 3699 3380 in

2118 3398 2349 3468 naturali
2394 3414 2720 3469 necessitate
2770 3415 3052 3475 consistat.
3100 3416 3277 3474 Simili
3304 3432 3433 3490 ergo
3461 3419 3612 3474 modo
3638 3419 3701 3473 de

2120 3520 2226 3561 non
2276 3506 2532 3576 peccandi
2575 3505 2939 3576 possibilitate
2987 3507 3400 3579 intelligendum
3439 3520 3541 3575 Cal,
3568 3510 3698 3580 quod

2119 3614 2226 3654 non
2255 3613 2482 3668 peccare
2510 3608 2750 3654 nostrum
2781 3600 2879 3666 sit;
2913 3614 3076 3671 posse
3119 3615 3252 3658 vero
3299 3618 3408 3659 non
3452 3618 3663 3673 peccare
3686 3642 3699 3667 ,

2120 3708 2227 3749 non
2268 3700 2531 3748 nostrum.
2571 3691 2703 3760 Quia
2733 3706 2838 3749 non
2868 3707 3093 3763 peccare
3120 3705 3496 3761 nostrttm'est,
3529 3709 3701 3765 possu-

2121 3802 2239 3841 mus
2272 3800 2494 3856 peccare
2521 3794 2715 3842 etnon
2758 3799 3003 3853 peccare.
3045 3788 3183 3856 Quia
3228 3802 3365 3846 .rero
3409 3802 3567 3860 posse
3606 3804 3699 3845 non

2119 3891 2370 3948 peccare,
2402 3886 2644 3934 nostrum
2674 3894 2785 3934 non
2815 3886 2918 3942 est,
2948 3880 3047 3936 etsi
3072 3878 3405 3938 voluerimus
3430 3897 3534 3937 non
3558 3895 3699 3952 posse

2123 3984 2228 4026 non
2259 3985 2506 4042 φθοραῖς),
2540 3985 2647 4025 non
2677 3985 2967 4042 possumus
2993 3988 3101 4028 non
3133 3988 3291 4043 P0550
3314 3990 3424 4032 non
3463 3989 3695 4046 peccare,

2123 4063 2245 4133 quia
2278 4062 2422 4116 nulla
2449 4065 2688 4119 adimere
2713 4063 2962 4120 voluntas
2993 4075 3169 4135 potest
3189 4066 3334 4135 quod
3358 4066 3698 4139 inseparabili-

2126 4164 2207 4214 ter
2231 4155 2454 4212 insitum
2485 4157 2745 4227 probatur
2771 4171 2894 4215 esse
2921 4168 3147 4215 natura.
3550 4170 3553 4173 ‘

2196 4244 2399 4314 (llud,
2420 4264 2537 4319 cap.
2560 4245 2677 4317 5i.)
2697 4248 2817 4319 ipsa
2839 4265 2946 4304 non
2965 4250 3223 4317 peccandi
3248 4252 3571 4321 possibilitas
3607 4268 3698 4308 non

2126 4350 2234 4395 tam
2264 4339 2316 4394 in
2348 4339 2557 4394 arbitrii
2587 4348 2858 4408 potestate
2886 4356 3043 4411 quam
3071 4341 3125 4398 iu
3155 4353 3363 4400 natura:
3402 4354 3699 4401 necessitate

2128 4443 2232 4492 est.
2262 4433 2531 4506 Quidquid
2582 4435 2635 4490 in
2678 4445 2885 4492 natura:
2923 4436 3242 4494 necessitate
3265 4439 3496 4507 positum
3519 4450 3620 4506 est,
3643 4438 3697 4493 ad

2132 4540 2337 4586 naturae
2380 4529 2650 4598 pertinere
2697 4544 2804 4584 non
2854 4528 3132 4586 dubitatur
3176 4541 3495 4598 auctorem,
3542 4533 3699 4603 utique

2132 4612 2333 4678 Deum.‘
2356 4620 2636 4691 Quomodo
2665 4636 2798 4693 ergo
2828 4622 3035 4695 absque
3060 4622 3159 4681 Dei
3197 4616 3370 4696 gratia
3405 4625 3513 4683 dici
3538 4626 3700 4683 existi-
3792 4640 3793 4651 ι

2133 4723 2330 4780 matur,
2361 4713 2503 4784 quod
2532 4713 2598 4768 ad
2629 4713 2794 4769 Deum
2819 4714 3039 4785 proprie
3064 4717 3339 4787 pertinere
3362 4716 3701 4793 monstrator?

2207 4807 2395 4880 (Ibid.,
2429 4825 2542 4879 cup.
2575 4807 2694 4883 52.)
2724 4808 2827 4865 Sed
2867 4823 2997 4865 caro
3038 4809 3196 4867 nobis
3240 4811 3535 4869 secundum
3581 4814 3700 4882 Apo-

2132 4904 2330 4959 stolum
2373 4901 2517 4976 (Gal.
2554 4918 2613 4971 τ,
2654 4902 2742 4972 l't')
2768 4905 3037 4959 contraria
3059 4912 3166 4972 est,
3202 4905 3432 4974 inquies.
3464 4905 3567 4974 Qui
3606 4904 3698 4962 ﬁeri

2132 5005 2304 5065 potest
2330 5004 2387 5051 ut
2404 4997 2725 5066 cuicumque
2746 4996 3015 5066 baptizata
3034 4998 3105 5053 sit
3124 5011 3250 5052 caro
3266 5000 3556 5066 contraria,
3578 5012 3699 5060 cum.

2129 5087 2426 5144 secundum
2454 5088 2702 5144 eumdem
2731 5088 3060 5157 apostolum,
3096 5088 3149 5143 in
3176 5102 3345 5146 carae
3370 5105 3476 5145 non
3503 5104 3621 5148 esse
3641 5089 3701 5144 in-

2134 5181 2430 5251 tclligatur?
2458 5181 2532 5237 ita
2564 5183 2707 5238 enim
2735 5185 2851 5242 ait:
2891 5181 2996 5239 Vos
3020 5196 3191 5241 autem
3212 5186 3266 5242 in
3297 5202 3451 5243 carne
3478 5200 3584 5241 non
3606 5180 3699 5240 uti:

2134 5273 2313 5346 (Rom.
2344 5290 2458 5338 vm,
2488 5275 2568 5346 9).

2208 5366 2398 5437 (ιὸίάη
2429 5386 2544 5440 cap.
2576 5366 2693 5442 δι.)
2733 5370 2799 5426 Et
2849 5386 2984 5426 vero
3027 5370 3213 5427 multis
3262 5370 3505 5441 Aposto‘li
3545 5366 3697 5429 verbis

2135 5462 2437 5517 ostenditur
2453 5463 2593 5532 quod
2618 5477 2749 5518 caro
2766 5463 2941 5519 abillo
2956 5464 3027 5519 ita
3041 5477 3185 5535 saepe
3199 5461 3527 5529 nominetur,
3559 5472 3698 5520 utre-

2136 5556 2201 5612 iit
2255 5554 2503 5627 intelligi,
2558 5570 2666 5612 non
2722 5556 3105 5625 substantiam,
3163 5555 3256 5612 sed
3314 5572 3476 5626 opera
3521 5553 3692 5611 carnis.

2141 5647 2339 5703 Deinde
2360 5649 2482 5719 quis
2513 5649 2643 5707 fecit
2663 5649 2871 5705 homini
2899 5650 3190 5721 spiritum?
3219 5648 3351 5706 Sine
3373 5649 3538 5707 dubio
3565 5652 3693 5708 Dens.

2140 5742 2371 5801 Carnem
2401 5743 2520 5813 quis
2548 5744 2797 5802 crearit?
2829 5743 3006 5814 Idem,
3031 5743 3220 5812 credo,
3252 5743 3410 5804 Deus.
3438 5747 3611 5813 Bonus
3631 5750 3694 5803 est
