3844 6230
392 307 516 382 ’σει

897 321 988 379 AD
1017 318 1299 378 PARTEM
1329 317 1592 376 ιιιιιιιΑιι
1625 314 1911 374 OPERUM
1942 314 2016 371 Eli.
2047 313 2488 372 ιιειιιςιῖυιιις
2520 316 2862 374 ΑΡῙῚΖΝὓΙΧ
2895 316 3238 376 SECUNBA.

417 438 797 497 remanet-andi
827 448 976 506 sunt,
1000 439 1124 509 quia
1153 438 1298 494 bene
1323 436 1494 492 libero
1521 444 1732 490 utentes
1761 434 2010 495 arbitrio,
2040 433 2088 494 Α
2117 433 2259 488 stoto
2290 434 2460 504 possit
2487 433 2669 490 dicere
2697 451 2713 488 :
2750 432 2882 494 Vivo
2909 444 3117 504 natm,
3139 439 3255 507 jam
3285 451 3388 490 non
3419 451 3548 509 ego,
3574 437 3698 492 visit

416 542 694 593 merentur
738 531 950 588 Domini
996 533 1222 602 gratiam
1249 571 1266 598 ,
1307 541 1361 587 et
1404 529 1520 600 ejus
1551 527 1803 584 mandata
1830 535 2012 582 custo-

420 625 601 687 diunt.

497 714 625 770 Hac
654 715 754 785 {ait
787 723 964 769 nostra
1004 704 1294 769 constanter
1327 715 1577 769 sententia
1600 753 1616 780 ,
1649 713 1802 768 etiam
1841 712 2015 782 prius-

418 818 568 878 quam
598 806 996 876 persecutionem
1029 820 1344 876 paterentur.
1387 803 1536 861 lianc
1566 804 1612 860 si
1640 802 1887 859 voluerint
1919 804 2014 856 ha-

419 903 534 955 bere
561 910 875 974 perspectam
903 899 980 954 vel
1014 901 1112 971 ipsi
1147 900 1308 955 nostri
1327 898 1545 963 inimici,
1566 897 1742 969 legant
1768 896 2009 952 libellum

420 990 570 1048 Fidei
599 1003 801 1049 nostra
822 1033 838 1060 ,
869 1006 1027 1064 quem
1065 992 1130 1047 ad
1163 1003 1394 1048 vestram
1429 990 1813 1047 beatitudinem
1844 988 2013 1043 mitti-

423 1097 545 1140 mus
569 1125 587 1147 ,
619 1084 672 1140 in
702 1101 808 1152 quo
839 1097 892 1140 et
923 1084 1188 1152 baptisma
1228 1099 1392 1138 unum
1432 1091 1678 1139 tenemus
1701 1123 1717 1148 ,
1747 1082 1890 1151 quod
1923 1081 2013 1134 iis-

419 1175 543 1232 dem
573 1175 902 1231 sacramenti
930 1174 1108 1232 verbis
1135 1173 1188 1228 ia
1222 1172 1518 1228 infantibus
1546 1171 1740 1243 quibus
1765 1174 1928 1226 etiam
1956 1171 2011 1224 in

422 1265 722 1334 majoribus
749 1266 978 1321 dicimus
1001 1281 1123 1322 esse
1151 1264 1530 1321 celebrandum
1557 1281 1572 1322 :
1601 1277 1654 1318 et
1680 1265 1908 1319 liberum
1932 1263 2013 1318 sic

423 1361 748 1418 conﬁtemur
785 1361 1068 1416 arbitrium
1093 1402 1111 1430 ,
1150 1369 1213 1416 ut
1251 1359 1496 1415 dicamus
1539 1374 1638 1418 nos
1674 1372 1886 1428 semper
1917 1356 2008 1412 Dei

419 1451 666 1524 indigere
690 1453 916 1509 auxilio.

489 1532 695 1616 Legam
722 1549 927 1620 pariter
953 1548 1240 1618 epistolam
1270 1558 1430 1618 quam
1465 1545 1530 1600 ad
1560 1554 1804 1601 sanctum
1833 1544 2006 1599 virum

417 1641 702 1698 Paulinum
750 1643 1064 1712 episcopum
1092 1683 1106 1707 ,
1145 1630 1286 1696 “ante
1329 1639 1612 1696 duodecim
1657 1639 1770 1694 fere
1815 1650 2006 1703 annos,

417 1733 736 1802 scripsimus
757 1775 772 1798 ,
801 1747 920 1804 quae
949 1734 1208 1788 trecentis
1247 1731 1388 1789 forte
1428 1731 1677 1786 versibus
1705 1730 1834 1784 nihil
1863 1730 2005 1784 aliud

2113 533 2284 578 autem
2332 526 2387 578 in
2431 541 2512 579 me
2555 524 2792 584 Christus
2827 539 2843 595 ι
2872 524 2992 582 σοι.
3023 540 3093 594 ιι,
3123 525 3196 581 20
3217 526 3274 596 );
3308 529 3568 599 ponitque
3606 542 3698 584 cor

2111 633 2266 674 suum
2301 619 2352 672 in
2381 633 2540 674 utanu
2575 617 2668 674 Dei
2693 661 2706 684 ,
2738 631 2796 674 ut
2825 619 2956 674 illttd
2985 634 3092 690 quo
3126 618 3362 676 voluerit
3397 619 3547 677 Deus
3585 623 3696 692 ipso

2111 709 2352 766 declinet
2379 709 2566 781 (Prov.
2600 725 2724 776 xxt,
2761 710 2837 782 l).

2189 803 2208 874 (
2240 801 2316 860 De
2353 800 2500 857 Crat.
2543 811 2591 858 ct
2635 801 2785 859 Pera.
2830 803 2922 858 lib.
2953 818 2992 857 tt
3020 819 3070 858 c.
3104 801 3235 873 l5.)
3277 802 3450 860 Omne
3496 803 3690 859 bonum

2113 905 2212 949 aut
2242 894 2480 960 malum.
2517 909 2626 968 quo
2667 895 2750 951 vel
2799 894 3131 963 laudabiles,
3172 897 3260 951 vel
3304 897 3691 967 vituperabiles

2113 1001 2299 1042 sumus
2323 1028 2338 1054 ,
2369 1003 2475 1043 non
2506 988 2788 1046 nobiseum
2833 990 3029 1053 oritur,
3072 989 3166 1046 sed
3209 989 3390 1059 agitur
3424 1005 3455 1043 a
3499 989 3689 1054 nobis;

2113 1093 2342 1140 capaces
2371 1083 2513 1136 enim
2544 1083 2828 1151 utriusque
2857 1083 2973 1148 rei,
3006 1097 3113 1137 non
3146 1083 3292 1152 pleni
3318 1085 3610 1147 nascimur.
3639 1095 3692 1141 et

2115 1183 2169 1226 ut
2203 1174 2320 1228 sine
2348 1175 2548 1229 virtute
2569 1217 2586 1242 ,
2618 1175 2692 1230 ita
2724 1185 2780 1229 et
2809 1177 2927 1231 sine
2959 1174 3090 1229 vitio
3117 1189 3505 1244 procreamar:
3538 1188 3690 1246 atque

2113 1275 2238 1318 ante
2269 1267 2536 1324 actionem
2568 1268 2804 1338 propriae
2843 1269 3172 1335 voluntatis,
3213 1268 3266 1324 id
3306 1269 3482 1325 solum
3515 1271 3568 1325 in
3598 1272 3691 1326 ho-

2113 1358 2261 1413 mine
2291 1369 2374 1413 est
2399 1361 2543 1429 quod
2578 1360 2720 1416 Deus
2748 1361 3009 1416 condidit.
3585 1413 3588 1416 .

2187 1458 2204 1524 (
2239 1450 2314 1508 De
2348 1452 2494 1509 Grut.
2522 1463 2569 1508 et
2599 1453 2750 1514 Pera.
2779 1455 2879 1511 lib.
2918 1471 2939 1509 r
2965 1473 3014 1512 τ.
3042 1455 3135 1511 28.
3165 1455 3184 1527 )
3213 1457 3345 1511 Cum
3377 1467 3555 1512 autem
3585 1462 3689 1512 tam

2113 1545 2255 1604 forte
2284 1558 2502 1618 tamque
2531 1551 2746 1604 lirmum
2777 1549 2842 1605 ad
2874 1566 2977 1624 non
3010 1550 3341 1622 peccandum
3375 1549 3602 1606 liberum
3637 1550 3688 1604 ia

2113 1639 2271 1700 nobis
2299 1639 2595 1696 habeamus
2621 1639 2902 1696 arbitrium
2923 1683 2938 1706 ,
2968 1641 3111 1713 quod
3138 1640 3463 1711 generaliter
3488 1651 3688 1697 natura

2114 1731 2360 1788 humanus
2381 1732 2604 1787 Greater
2631 1730 2894 1799 inseruit,
2926 1747 3111 1788 rursus
3137 1747 3236 1809 pro
3257 1733 3374 1803 ejus
3400 1730 3684 1788 intstima-

417 1839 576 1896 quam
621 1827 712 1882 Dei
742 1825 969 1895 gratiam
1020 1835 1074 1880 ct
1120 1824 1379 1879 auxilium
1428 1823 1713 1880 conﬁtetur
1736 1863 1751 1888 ,
1803 1836 2010 1891 nosque
2042 1815 2085 1876 Β
2116 1825 2206 1901 bili
2238 1825 2571 1896 benignitate
2599 1828 2913 1898 quotidiana
2943 1823 3111 1896 ipsius
3156 1828 3430 1881 munimur
3455 1824 3682 1892 auxilio,

417 1916 550 1973 nihil
591 1918 813 1972 omnino
855 1915 982 1973 boni
1034 1914 1216 1972 facere
1262 1928 1423 1986 posse
1459 1913 1579 1969 sine
1630 1913 1762 1969 Deo.
1806 1912 2010 1983 Lognnt

415 2009 578 2066 aliam
607 2011 673 2072 ad
703 2019 948 2067 sanctum
976 2009 1358 2064 Constantium
1386 2010 1697 2078 episcopum
1722 2049 1738 2073 ,
1767 2005 1856 2062 ubi
1887 2006 2008 2061 bre-

415 2103 558 2159 viter
585 2101 826 2174 quidem,
865 2102 962 2158 sed
991 2103 1172 2173 plane.
1205 2100 1379 2158 libero
1405 2099 1639 2158 hominis
1659 2101 1886 2157 arbitro
1917 2101 2008 2156 Dei

413 2197 641 2268 gratiam
663 2195 1027 2266 auxiliumque
1049 2193 1454 2266 cpnjunximus.

489 2290 694 2360 Legavit
716 2287 879 2343 etiam
907 2326 925 2352 ,
966 2300 1128 2356 quam
1158 2283 1227 2341 ad
1258 2300 1464 2344 sacram
1513 2282 1711 2341 Christi
1743 2283 2004 2352 virginem

418 2383 812 2441 Demetriadem
843 2383 896 2438 in
925 2379 1150 2437 Oriente
1173 2378 1620 2450 conscripsimus,
1650 2388 1704 2433 et
1732 2378 2010 2434 invenient

418 2488 518 2530 nos
547 2475 616 2532 ita
647 2473 882 2529 immittis
912 2472 1129 2528 laudare
1157 2480 1426 2537 naturam,
1449 2479 1510 2524 ut
1536 2469 1629 2526 Dei
1653 2485 1867 2540 semper
1887 2484 2009 2540 gra-

417 2569 504 2625 tia
533 2567 794 2622 addamus
821 2566 1106 2622 auxilium.
1712 2629 1720 2638 ,

488 2660 698 2732 Legam
725 2659 889 2722 etiam
917 2673 1109 2716 recens
1136 2673 1316 2713 meum
1347 2656 1665 2726 opusculum
1685 2696 1700 2723 ,
1739 2655 1880 2727 quod
1911 2669 2007 2726 pro

415 2752 588 2809 libero
609 2766 782 2821 nuper
802 2751 1028 2808 arbitrio
1048 2749 1211 2806 edere
1237 2750 1502 2820 compulsi
1526 2763 1743 2815 sumus;
1769 2736 1822 2803 et
1843 2765 2010 2819 agno-

402 2852 571 2900 ‘seent
598 2858 755 2915 quam
803 2843 985 2913 inique
1033 2851 1133 2897 n‘os
1182 2841 1468 2911 negatione
1512 2839 1701 2911 gratia:
1746 2840 2009 2898 infamare

414 2938 714 3011 “suerint.
745 2938 834 3006 qui
863 2953 959 3008 per
985 2945 1158 2992 totum
1190 2951 1328 3006 pene
1358 2935 1527 3003 ipsius
1555 2943 1764 2990 textum
1793 2933 2004 3006 Operis,

419 3031 660 3102 perfecte
689 3039 849 3101 atque
892 3032 1096 3101 integre
1122 3071 1138 3095 ,
1174 3040 1228 3086 ct
1266 3029 1498 3086 liberum
1527 3027 1810 3084 arbitrium
1837 3028 2010 3084 condo

419 3134 598 3186 temur
621 3129 679 3180 et
702 3123 952 3194 gratiam.

739 3226 818 3290 De
843 3234 1026 3290 Libero
1048 3233 1271 3290 Arbitrio
1297 3233 1416 3288 libri
1439 3245 1660 3305 quatuor

486 3329 678 3398 Operis
706 3346 736 3384 a
771 3327 990 3398 Pelagio
1017 3325 1304 3398 compositi
1331 3327 1398 3380 de
1424 3327 1616 3398 Libero
1633 3327 1875 3381 Arbitrio
1894 3342 2008 3383 me-

415 3397 689 3456 minerunt
739 3397 1081 3470 atmrtissime
1120 3417 1133 3450 :
1172 3397 1416 3466 Pelagius
1458 3397 1574 3467 ipse
1616 3399 1637 3468 (
1673 3400 1735 3451 In
1756 3400 1906 3468 epist.
1935 3400 2004 3454 ad

418 3473 480 3530 δ.
515 3471 734 3540 lnnoc.)
763 3469 786 3544 7:7
825 3469 1019 3544 Legant
1057 3471 1210 3544 etiam
1249 3483 1427 3544 recens
1467 3483 1632 3521 meum
1678 3473 2002 3544 opusculum,

415 3545 553 3615 quod
580 3558 672 3614 pro
713 3538 871 3597 libero
897 3538 1057 3615 nuper
1084 3541 1294 3615 arbitrio
1323 3538 1472 3615 edere
1499 3538 1750 3615 compulsi
1781 3559 2004 3615 sumus;

414 3609 472 3669 et
517 3609 847 3682 Augustinus
899 3609 1035 3677 (Lib.
1069 3611 1132 3682 de
1161 3609 1309 3664 Grut.
1339 3609 1531 3664 Christ.
1561 3609 1689 3680 εζὸ)
1721 3628 1736 3666 :
1769 3610 1836 3665 In
1862 3613 2005 3666 libris

412 3701 542 3755 quos
565 3683 723 3755 edidit
748 3699 842 3755 pro
865 3682 1022 3755 libero
1051 3681 1285 3744 arbitrio,
1308 3697 1525 3749 quorum
1556 3684 1856 3737 mentionem
1883 3685 2006 3750 facit

416 3749 468 3810 in
511 3754 720 3826 epistola
749 3749 922 3826 quam
950 3749 1168 3826 Romam
1187 3823 1197 3826 _
1218 3755 1356 3826 misit
1378 3764 1522 3826 ,_etc.
1543 3769 1569 3826 ;7
1596 3755 1788 3826 minus
1819 3765 2005 3822 aperte

419 3820 774 3898 Hieronymus
800 3824 1048 3898 scribens
1073 3821 1268 3898 (Epist.
1304 3820 1426 3898 illi)
1453 3825 1518 3882 ad
1546 3825 1780 3894 Alipium
1811 3820 1875 3898 et_
1899 3828 2002 3878 Au-

416 3893 721 3969 gustinum;
756 3904 920 3964 atque
947 3893 1190 3969 Julianus
1219 3893 1478 3969 iu_0pere
1500 3893 1784 3969 postremo
1812 3894 2004 3951 adver-

413 3962 508 4024 sus
535 3962 890 4038 Augustinum
941 3966 1075 4038 ςυρ.
1101 3963 1242 4033 Imp.
1275 3962 1312 4018 l.
1339 3962 1392 4018 tv
1419 3980 1466 4038 τεἲ
1500 3964 1614 4038 72.)

490 4035 664 4094 Libris
687 4051 913 4108 quatuor
935 4035 1079 4106 Opus
1105 4047 1273 4108 totum
1299 4035 1608 4108 constitisse
1636 4035 1796 4108 tradit
1816 4035 2004 4108 Augu-

416 4113 610 4166 SIinus.
646 4105 878 4176 Quatuor
907 4105 1022 4160 sunt
1054 4108 1170 4162 libri
1203 4106 1382 4178 Operi:
1411 4105 1588 4179 hujus,
1615 4116 1665 4162 et
1692 4107 1780 4160 hos
1807 4105 1930 4178 legi;
1957 4118 2005 4161 et

413 4199 478 4236 ea:
502 4181 607 4235 illis
635 4181 830 4250 sumpsi
862 4193 974 4248 qtae
1003 4179 1270 4233 tractanda
1299 4185 1348 4231 et
1384 4178 1704 4250 discutienda
1734 4181 2000 4250 proposui,

415 4264 462 4308 et
483 4263 542 4306 at
565 4251 706 4325 potui
749 4249 1051 4325 pertractari
1089 4260 1366 4325 autem
1397 4249 1474 4325 ad
1510 4250 1623 4325 ejus
1654 4253 1748 4325 tias
1789 4249 2002 4314 litteras,

408 4340 543 4396 quas
565 4319 790 4379 Romam
807 4321 967 4390 misit,
989 4321 1292 4390 veniremus,
1317 4319 1407 4374 sed
1428 4319 1483 4373 in
1509 4319 1590 4374 his
1612 4320 1763 4376 etiam
1786 4331 2005 4390 quatuor

417 4397 584 4464 libris,
617 4406 724 4451 etc.

975 4478 1062 4536 Ea:
1091 4482 1222 4536 libro
1253 4482 1444 4552 primo.

2112 1917 2336 1989 utquod
2370 1934 2465 1987 per
2493 1919 2725 1975 liberum
2757 1919 3002 1977 homines
3043 1917 3222 1976 facere
3265 1919 3521 1989 iubentur
3548 1917 3687 1974 arbi-

2111 2010 2273 2065 trium
2296 2049 2311 2077 ,
2346 2007 2563 2065 facilius
2589 2010 2798 2081 possint
2825 2009 3049 2078 implere
3078 2024 3174 2077 per
3199 2008 3453 2082 gratiam.

2687 2101 2766 2158 Ea:
2789 2100 2922 2157 libro
2953 2103 3123 2157 tertio.

2182 2191 2308 2269 (De
2336 2194 2488 2253 Grat.
2529 2203 2579 2250 et
2619 2193 2770 2251 Pera.
2807 2195 2902 2250 lib.
2935 2211 2950 2250 ι
2991 2210 3038 2248 c.
3074 2193 3170 2263 ι.)
3210 2192 3320 2250 Nos
3349 2195 3430 2250 sic
3462 2194 3560 2250 tria
3592 2193 3683 2249 ista

2109 2286 2523 2360 distinguimus,
2565 2297 2622 2345 et
2657 2295 2865 2347 eertum
2908 2287 3054 2342 velut
3093 2287 3148 2342 in
3193 2286 3442 2343 ordinem
3483 2285 3684 2358 digesta

2107 2381 2398 2451 partimur.
2445 2380 2632 2438 Primo
2679 2381 2802 2436 loco
2851 2394 3014 2452 posse
3065 2382 3396 2444 statuimus,
3447 2377 3684 2436 secundo

2109 2475 2284 2541 velle.
2333 2473 2496 2532 tertio
2530 2488 2674 2531 esse.
2721 2473 2894 2533 Posse
2929 2474 2982 2528 in
3027 2484 3257 2539 natura,
3291 2472 3433 2544 velle
3462 2471 3515 2526 in
3542 2469 3681 2526 arbio

2109 2567 2240 2632 trio.
2269 2581 2392 2624 esse
2422 2567 2475 2621 in
2503 2565 2698 2622 affectu
2731 2567 2994 2622 locamus.
3029 2565 3266 2622 Primum
3298 2565 3461 2630 illud,
3493 2564 3544 2620 id
3575 2570 3680 2628 est,

2108 2675 2270 2738 posse
2299 2662 2363 2715 ad
2393 2661 2561 2718 Deum
2590 2660 2814 2732 proprie
2844 2661 3110 2729 pertinet.
3138 2662 3228 2727 qui
3260 2659 3390 2714 illud
3425 2667 3682 2713 eventura

2109 2770 2220 2811 sum.
2251 2753 2515 2818 contulit;
2558 2753 2666 2807 duo
2711 2767 2841 2807 vero
2881 2753 3126 2823 reliqua,
3171 2751 3272 2806 hoc
3297 2759 3415 2815 est,
3461 2748 3596 2806 velle
3626 2757 3678 2804 et

2110 2860 2234 2902 esse
2253 2888 2269 2911 ,
2299 2844 2367 2901 ad
2397 2845 2670 2900 hominem
2698 2843 2986 2899 referenda
3012 2853 3175 2911 sunt,
3209 2845 3332 2911 quia
3372 2840 3442 2896 de
3483 2838 3678 2896 arbitrii

2111 2936 2258 2992 loto
2284 2935 2640 2992 descendunt.
2676 2935 2820 3006 Ergo
2849 2935 2901 2989 in
2931 2935 3210 2990 voluntate
3247 2943 3304 2990 et
3333 2947 3502 3004 opere
3541 2932 3675 2987 bono

2108 3028 2226 3086 laus
2274 3026 2511 3085 hominis
2554 3035 2638 3085 est
2665 3069 2680 3094 ,
2728 3028 2896 3087 immo
2941 3036 2996 3083 et
3039 3025 3274 3082 hominis
3321 3033 3382 3082 et
3427 3023 3551 3093 Dei.
3595 3024 3680 3096 qui

2111 3121 2281 3192 ipsius
2308 3120 2597 3176 voluntatis
2627 3129 2680 3177 et
2708 3119 2891 3191 operis
2919 3117 3332 3190 possibilitatem
3359 3117 3507 3174 dedit
3525 3161 3541 3183 .
3571 3118 3683 3188 qui-

2108 3231 2212 3284 que
2242 3215 2411 3284 ipsam
2442 3213 2860 3283 possibilitatem
2884 3213 3072 3283 gratiae
3095 3224 3210 3267 suae
3232 3211 3455 3279 adjuvat
3477 3225 3681 3281 semper

2106 3289 2330 3360 auxilio.
2362 3303 2520 3373 Quod
2552 3319 2682 3362 vero
2711 3305 2875 3358 homo
2906 3314 3086 3374 potest
3115 3305 3255 3359 velle
3295 3303 3496 3359 bonum
3531 3311 3680 3373 atque

2107 3395 2372 3470 perlicere
2393 3437 2409 3464 ,
2439 3396 2610 3455 solius
2638 3395 2732 3452 Dei
2762 3405 2883 3454 est:
2918 3402 3096 3466 potest
3131 3395 3312 3466 itaque
3353 3391 3485 3451 illud
3525 3409 3677 3450 unum

2107 3505 2262 3556 esse,
2314 3489 2526 3546 etiamsi
2569 3489 2679 3546 dno
2719 3490 2821 3544 ista
2860 3503 2967 3545 non
3009 3487 3240 3554 fuerint,
3271 3487 3374 3542 ista
3405 3500 3534 3544 vero
3570 3485 3681 3542 sine

2108 3583 2204 3638 illo
2229 3597 2353 3639 esse
2379 3598 2487 3639 non
2521 3591 2767 3654 possunt.
2803 3584 2986 3654 itaque
3015 3583 3244 3637 liberum
3279 3582 3411 3637 mihi
3443 3591 3523 3638 est
3544 3625 3558 3648 ,
3587 3595 3678 3637 nec

2109 3675 2446 3735 voluntatem
2475 3677 2674 3734 bonam
2701 3676 2936 3740 babr-re.
2964 3691 3066 3733 nec
3095 3677 3397 3745 actionem,
3428 3676 3572 3731 ntdlo
3595 3692 3679 3731 au-

2109 3778 2220 3824 tem
2253 3769 2416 3824 modo
2449 3782 2668 3842 possum
2700 3785 2808 3826 non
2841 3770 3045 3827 habere
3074 3769 3494 3840 possibilitatem
3523 3769 3677 3834 boni;

2107 3859 2251 3916 inest
2277 3861 2439 3926 mihi,
2462 3862 2680 3918 etiamsi
2709 3863 2950 3927 noluero,
2979 3877 3077 3917 nee
3101 3864 3270 3917 otium
3299 3861 3386 3916 sui
3408 3861 3679 3933 aliquando

2107 3956 2160 4009 in
2191 3956 2294 4012 hoc
2325 3965 2514 4011 natura
2545 3956 2754 4027 recipit.
2784 3956 2955 4027 Quem
2996 3942 3148 4012 vobis
3185 3972 3405 4014 sensum
3447 3957 3677 4026 eacmpla

2107 4049 2284 4118 aliqua
2340 4047 2542 4104 iaciant
2593 4048 2903 4105 clariorem.
2961 4047 3116 4118 Quod
3169 4064 3458 4120 possumus
3507 4049 3677 4104 videro

2105 4142 2310 4207 oculis,
2339 4151 2581 4196 nostrum
2615 4157 2722 4196 non
2754 4151 2874 4206 est;
2905 4141 3052 4214 quod
3083 4156 3216 4200 vero
3241 4143 3382 4199 bene
3421 4151 3514 4199 aut
3550 4140 3675 4196 male

2106 4233 2384 4302 videmus,
2414 4232 2520 4290 hoc
2557 4243 2805 4290 nostrum
2845 4245 2950 4292 est.
2993 4233 3083 4290 Et.
3106 4245 3163 4290 ut
3205 4236 3535 4306 generaliter
3573 4232 3677 4288 uni-

2104 4341 2261 4388 versa
2295 4327 2627 4396 complectar
2652 4343 2665 4381 :
2700 4325 2842 4397 quod
2874 4341 3164 4396 possumus
3192 4342 3352 4383 omne
3381 4326 3578 4384 bonum
3604 4323 3677 4380 fa-

2105 4433 2266 4482 cere,
2295 4419 2508 4486 dicere,
2540 4422 2812 4489 cogitare,
2850 4419 2994 4475 illius
3021 4429 3098 4475 est
3130 4419 3220 4490 qui
3250 4418 3355 4474 hoc
3396 4433 3556 4491 posse
3592 4415 3678 4472 do-

2107 4511 2282 4574 navit,
2314 4509 2408 4579 qni
2442 4510 2542 4564 hoc
2565 4505 2736 4578 posse
2765 4508 2982 4578 adjuvat
3009 4525 3026 4574 ;
3057 4509 3199 4580 quod
3229 4503 3364 4564 vero
3405 4508 3574 4575 bene,
3603 4506 3676 4562 vel

483 4594 603 4664 (De
630 4593 780 4648 Crat.
813 4601 861 4648 et
895 4590 1048 4648 Pecc.
1084 4591 1230 4665 Orig.
1275 4593 1366 4646 lib.
1419 4608 1436 4646 ι
1481 4607 1526 4645 r.
1568 4591 1695 4656 l8.)
1731 4593 2005 4649 "abemus

2114 4605 2347 4673 agimus,
2380 4604 2464 4658 vel
2500 4603 2791 4673 loquimur,
2824 4605 2910 4659 vel
2939 4607 3271 4676 cogitamus,
3303 4610 3547 4658 nostrum
3575 4613 3673 4667 est,

410 4699 592 4743 autem
627 4685 1046 4757 pussibilitatetn
1079 4686 1361 4754 utriusque
1392 4684 1560 4753 partis
1582 4727 1596 4748 ,
1642 4702 1668 4738 ιι
1714 4685 1827 4741 Deo
1868 4687 2002 4742 iusi-

415 4791 522 4834 tatn
544 4821 558 4844 ,
593 4781 740 4834 velut
767 4779 1092 4849 quamdam,
1129 4785 1186 4832 ut
1215 4779 1290 4833 ita
1334 4780 1510 4835 dicam
1541 4820 1556 4846 ,
1600 4781 1840 4837 radicem
1889 4784 2004 4836 tru-

413 4874 657 4928 etiferam
705 4883 866 4942 atque
919 4872 1206 4928 fecundam
1229 4914 1244 4937 ,
1278 4889 1400 4944 qua:
1424 4888 1492 4930 ex
1528 4875 1808 4932 voluntate
1830 4877 2008 4931 homi-

369 4999 372 5002 ~
413 4966 497 5020 nis
547 4965 760 5022 diverso
810 4964 1031 5036 gignat,
1077 4976 1132 5021 et
1173 4967 1383 5036 pariat,
1427 4978 1480 5022 et
1524 4983 1642 5038 quin
1687 4970 1892 5038 possit,
1937 4971 2004 5026 ad

409 5059 616 5128 proprii
660 5057 891 5115 cultoris
933 5058 1254 5125 arbitrium,
1302 5059 1388 5114 vel
1431 5060 1604 5116 nitere
1644 5060 1779 5118 flore
1824 5063 1999 5117 virtu-

407 5159 559 5215 tum,
594 5151 675 5205 vel
711 5150 954 5204 sentibus
987 5150 1210 5207 [torrere
1239 5150 1514 5207 vitiorum.

482 5245 503 5314 (
530 5241 698 5307 Ibid,
731 5257 847 5309 cap.
882 5241 985 5308 2‘22,
1014 5242 1086 5297 9.5
1110 5245 1155 5313 .)
1183 5243 1285 5311 Qui
1316 5247 1486 5298 currit
1513 5245 1578 5299 ad
1623 5245 1790 5300 Deum
1813 5287 1825 5311 ,
1873 5256 1926 5302 et
1970 5264 2000 5301 a

407 5332 526 5391 Deo
553 5347 612 5388 se
642 5335 753 5403 regi
783 5334 966 5402 cupit,
1001 5333 1052 5388 id
1079 5344 1197 5399 est,
1231 5335 1568 5390 voluntatem
1601 5352 1753 5394 suam
1787 5353 1852 5393 ex
1881 5341 2001 5407 ejus

415 5427 1026 5496 voluntatesnspendit,
1054 5429 1142 5498 qui
1173 5428 1221 5482 ei
1252 5428 1821 5501 adhaerendojugiter,
1847 5449 1998 5499 unus,

411 5522 711 5576 secundum
756 5519 1072 5590 Apostulum
1105 5523 1122 5590 ί
1152 5521 1166 5573 Ι
1199 5518 1320 5574 Cor.
1353 5537 1405 5575 Vl
1431 5561 1445 5587 ,
1477 5522 1541 5576 17
1565 5519 1584 5592 )
1608 5563 1630 5592 ,
1677 5539 1794 5576 cum
1837 5539 1900 5579 ιο

411 5614 660 5682 spiritus,
694 5599 801 5670 non
835 5615 970 5680 hoc,
1005 5613 1107 5667 nisi
1139 5613 1209 5668 de
1253 5613 1468 5668 arbitrii
1513 5612 1680 5671 ellie'tt
1723 5614 2000 5674 libertate.

412 5709 528 5774 Qua
554 5708 648 5778 qui
677 5707 817 5764 bene
846 5707 1035 5772 utitur,
1067 5706 1137 5762 ila
1170 5720 1231 5761 se
1274 5711 1454 5761 totum
1491 5703 1655 5764 tradit
1700 5707 1845 5778 Dea,
1887 5727 2004 5769 out-

412 5809 652 5871 mmqtte
676 5799 1149 5857 suam-mortificat
1178 5797 1554 5867 voluntatem.
1595 5809 1651 5857 ut
1694 5818 1822 5880 eum,
1858 5807 2003 5872 Αυο-

2107 4699 2232 4766 quia
2267 4698 2378 4751 hsec
2403 4697 2583 4751 omnia
2616 4705 2831 4752 vertere
2859 4696 3020 4752 etiant
3055 4696 3108 4751 in
3138 4695 3339 4750 malum
3373 4710 3672 4765 possumus:

2110 4790 2279 4854 unde,
2324 4789 2468 4860 quod
2512 4799 2738 4859 proper
2779 4787 3104 4844 calumniam
3147 4797 3396 4848 vestram
3423 4801 3567 4858 smpti
3605 4798 3677 4840 reo

2106 4886 2400 4955 petendum
2444 4892 2556 4947 est,
2609 4897 2732 4938 cum
2783 4882 3014 4938 dicimus
3060 4880 3339 4938 hominem
3387 4894 3545 4952 posse
3570 4892 3676 4935 esse

2108 4976 2228 5031 sine
2265 4961 2518 5044 peccato,
2562 4981 2619 5030 et
2654 4972 3003 5031 confessione
3043 4973 3420 5045 possibilitatis
3459 4975 3675 5041 accepta:

2109 5065 2399 5121 laudamus
2433 5066 2628 5128 Deum.
2673 5065 2765 5136 qui
2805 5065 2960 5121 nobis
2992 5066 3092 5119 hoc
3132 5079 3290 5132 posse
3323 5063 3546 5136 largitus
3569 5071 3673 5123 est.

2111 5174 2213 5215 nec
2240 5170 2322 5214 est
2349 5158 2422 5214 ibi
2452 5159 2557 5214 ulla
2589 5157 2849 5221 laudandi.
2873 5158 3107 5214 hominis
3132 5159 3380 5224 occasio,
3405 5157 3496 5212 ubi
3524 5153 3675 5210 mlius

2109 5254 2205 5309 Dei
2231 5268 2392 5309 causa
2425 5259 2710 5308 tractatur.
2739 5251 2855 5308 Non
2881 5251 3026 5308 enim
3049 5250 3118 5308 de
3145 5253 3301 5319 veiie,
3333 5265 3435 5307 nec
3458 5249 3524 5307 de
3547 5261 3670 5312 esset

2106 5346 2201 5401 sed
2233 5345 2607 5400 tantummodo
2635 5344 2703 5400 de
2732 5359 2799 5401 eo
2825 5344 2972 5414 quod
3013 5353 3192 5414 potest
3224 5358 3349 5400 esse
3382 5341 3671 5399 disseritur.

2182 5435 2382 5509 (Ibid.,
2417 5455 2463 5490 ε.
2496 5436 2590 5509 7.)
2625 5436 2721 5492 l'lic
2751 5452 2850 5492 nos
2875 5436 3264 5508 imperitissimi
3293 5437 3567 5492 hominum
3593 5447 3674 5504 pn-

2108 5539 2226 5585 tant
2269 5527 2522 5598 injuriam
2573 5527 2773 5584 divinae
2809 5525 2998 5601 gratia:
3035 5527 3217 5591 facere
3245 5569 3263 5594 ,
3303 5528 3430 5599 quia
3465 5523 3673 5589 dicimus

2107 5638 2226 5676 eam
2257 5621 2376 5675 sine
2403 5621 2684 5676 voluntate
2715 5631 2900 5678 nostra
2932 5635 3272 5692 nequaquam
3303 5620 3357 5676 in
3389 5619 3541 5676 nobis
3568 5629 3671 5688 per-

2112 5717 2272 5768 licere
2314 5710 2658 5767 sanctitatem
2689 5727 2704 5766 :
2731 5710 2889 5780 quasi
2927 5709 3070 5768 Deus
3107 5711 3298 5783 gratia:
3335 5722 3451 5768 sum
3491 5700 3668 5779 aliquid

2108 5804 2481 5874 imperaverit,
2508 5812 2565 5863 st
2594 5812 2703 5871 non
2729 5803 2838 5863 illis
2859 5803 3056 5877 quibus
3080 5805 3368 5873 imperavit
3389 5799 3541 5862 etiam
3563 5814 3660 5868 grs-
