3844 6230
379 303 501 398 ίεέι·

813 329 907 383 AB
937 326 1220 384 PARTEM
1249 325 1513 382 PRillAid
1545 327 1830 384 θΡΕιίυΜ
1862 329 1932 383 id.
1963 327 2410 388 MERCATGRlS
2437 331 2790 390 APPENDIX
2819 331 3162 391 SECUNBA.

3550 336 3652 397 εει

376 442 472 500 sed
504 443 556 498 in
589 456 815 515 utroque
841 444 1176 501 moderatus.
1237 442 1327 498 Sic
1365 441 1562 496 liberas
1600 443 1840 498 ostendit
1872 442 1967 499 bo-
1995 445 2042 503 Α
2074 442 2239 501 dotali
2271 457 2501 518 possent
2543 447 2773 518 throno,
2821 463 3114 521 numquam
3163 462 3340 505 tamen
3386 451 3642 523 depellere

374 538 580 594 mittunt
605 537 935 606 voluntates,
965 548 1026 592 ut
1050 539 1114 592 ad
1151 536 1247 594 Dei
1271 549 1450 592 tamen
1481 538 1731 593 mandata
1760 536 1964 593 ficien-

373 635 440 688 da
472 632 671 688 divinas
703 635 887 704 gratia:
920 631 1286 686 necessarium
1330 632 1528 700 ubique
1558 631 1788 687 fatealttr
1810 632 1963 687 auxi-

373 724 509 778 lium
539 740 552 777 :
585 725 668 780 sic
706 727 1021 778 cnntinuum
1052 723 1249 776 divinat
1280 722 1466 792 gratia:
1512 724 1779 782 auxilium
1809 739 1959 778 cum-

372 815 614 886 ntcndat,
647 827 705 872 ut
736 831 836 872 nec
863 815 1038 871 studia
1069 816 1357 871 voluntatis
1383 815 1678 870 interimat.
1711 816 1841 872 Cum
1866 833 1964 870 au-

372 919 480 964 tem
511 911 562 965 in
594 910 807 965 cunctis
839 909 950 965 fere
991 910 1253 966 doctrina:
1285 910 1555 979 partibus,
1609 917 1720 965 tum
1765 911 1960 981 praeci-

373 1019 478 1072 puc
505 1006 558 1060 in
585 1004 960 1069 exhortatione
983 1005 1198 1070 litorali,
1229 1015 1394 1073 atque
1422 1003 1756 1060 imomnibus
1781 1005 1959 1062 eccle-

368 1097 606 1153 siasticte
645 1097 847 1169 regulis
882 1096 1212 1166 disciplinae,
1258 1097 1327 1152 ita
1369 1109 1679 1153 nostrorum
1720 1098 1954 1160 concinit

368 1205 468 1259 per
487 1189 738 1245 universa
763 1191 1072 1252 sententiis.
1096 1201 1155 1246 ut
1182 1205 1276 1245 eos
1309 1205 1466 1260 pune,
1495 1205 1632 1261 quos
1656 1207 1952 1260 numquam

366 1284 502 1339 vidit
527 1285 788 1350 omnino,
835 1283 902 1340 ad
939 1299 1154 1339 onmem
1193 1283 1596 1354 Scripturarum
1645 1283 1955 1356 intelligen-

365 1379 493 1433 tiam
520 1376 843 1434 informasse
861 1377 1138 1432 credatur.
1169 1376 1385 1446 Quanto
1428 1375 1570 1433 enim
1601 1376 1946 1446 exhortandi,

361 1472 415 1526 id
462 1482 566 1540 est,
599 1470 949 1536 emendandi,
1006 1470 1089 1526 vel
1142 1471 1305 1525 etiam
1352 1472 1672 1526 esornandi‘
1706 1471 1951 1528 homines

361 1581 547 1621 amore
600 1574 875 1627 teneatur.
920 1567 1024 1619 hoc
1056 1565 1325 1636 praecipue
1375 1581 1538 1635 opere
1587 1565 1860 1624 declarat:
1896 1567 1950 1620 iit

274 1661 282 1670 ‘
360 1675 469 1731 quo
505 1674 626 1713 eum
656 1658 962 1726 susceperit
1006 1660 1470 1714 commendatoris
1503 1659 1771 1725 officium,
1831 1649 1953 1717 eer-

360 1760 469 1804 tam
527 1749 950 1821 uniuscujusque
1006 1750 1129 1806 libri
1173 1761 1377 1822 partem
1418 1755 1752 1821 expositione
1796 1768 1946 1808 com-

2069 550 2292 609 possent
2322 542 2580 618 veritate.
2631 541 2900 613 Optimam
2937 529 3118 614 itaque
3162 545 3565 602 meditationem
3592 547 3641 606 in

2065 631 2354 687 occasione
2386 634 2551 689 rebus
2579 647 2921 706 exsequens,
2957 635 3147 691 maluit
3178 635 3454 707 pontiﬁcis
3485 639 3640 695 bono-

2067 739 2181 779 rcm
2211 723 2547 781 confessoris
2581 725 2848 798 dignitate
2875 726 3181 796 cumulare,
3209 744 3372 798 quam
3411 731 3638 788 adulato-

2064 816 2136 872 ris
2163 817 2411 893 {teditate
2437 834 2812 890 corrumpere.
2841 819 2962 878 Jam
2983 836 3114 878 vero
3144 822 3270 878 illud
3301 825 3458 894 quasi
3487 840 3636 896 pecu-

2063 909 2197 966 liare
2229 911 2501 983 quoddam
2534 913 2772 969 custodit
2799 928 2864 970 ac
2888 914 3187 986 proprium,
3210 916 3355 972 unde
3373 933 3404 973 a
3437 929 3492 974 te
3513 935 3635 988 prae-

2059 1003 2220 1076 cipue
2253 1021 2354 1077 pro
2397 1006 2760 1063 similitudine
2785 1007 2950 1083 studii
2993 1010 3166 1080 possit
3209 1013 3476 1082 adamari,
3507 1017 3636 1084 quod

2059 1097 2268 1154 scilicet
2297 1114 2518 1168 semper
2560 1099 2863 1164 sollicitus,
2893 1114 3114 1174 semper
3153 1104 3406 1175 vigilans,
3434 1123 3635 1176 sortifer

2058 1189 2232 1247 noxiae
2270 1193 2600 1260 securitatis,
2639 1191 2728 1248 vel
2757 1192 2940 1264 potius
2968 1194 3234 1252 mortiferi
3273 1199 3514 1270 stuporis
3543 1201 3632 1256 iui~

2057 1281 2266 1348 Inicus,
2299 1283 2503 1355 ubique
2529 1283 2817 1343 utilitatem
2867 1288 3327 1358 compunctionis,
3379 1305 3634 1362 compun-

2055 1383 2176 1431 cms
2207 1375 2322 1446 ipse
2352 1377 2719 1434 commendat.
2753 1377 3018 1446 Quocirca
3053 1378 3274 1436 forsitan
3325 1381 3442 1454 ejus
3465 1385 3634 1439 oratio

2023 1490 2026 1492 τ
2055 1480 2324 1537 nusquam
2349 1465 2464 1524 fere
2485 1466 2540 1523 in
2568 1483 2818 1542 pompam
2845 1470 3092 1526 elevatur
3113 1469 3380 1540 dicentis;
3403 1477 3502 1530 sed
3532 1485 3630 1532 tota

2052 1556 2124 1613 ad
2181 1558 2465 1616 utilitatem
2513 1571 2733 1632 aptatur
2789 1563 3083 1642 audientis.
3124 1565 3223 1622 Est
3261 1568 3405 1623 enim
3462 1570 3629 1640 stylus

2054 1651 2192 1723 ipse,
2224 1654 2367 1724 quod
2393 1655 2613 1727 quidem
2643 1657 2698 1711 in
2725 1670 2826 1713 suo
2865 1672 3034 1727 opere
3063 1658 3234 1729 magis
3279 1660 3625 1718 animadverti

2055 1754 2266 1814 potest,
2315 1745 2569 1804 Ecclesiae
2606 1749 2828 1804 auribus
2864 1750 3497 1820 accommodatissimas,
3527 1757 3626 1826 pri-

359 1842 548 1912 piens,
583 1842 793 1914 reliqua
847 1843 1022 1900 amica
1063 1842 1204 1914 sitit,
1253 1855 1308 1900 et
1353 1860 1513 1916 quam
1559 1845 1946 1916 perfectissima
1981 1839 2024 1899 lt
2053 1851 2212 1892 scum
2240 1837 2393 1905 illud.
2422 1840 2516 1894 sed
2549 1839 2820 1898 eruditum
2850 1842 3069 1898 dicendi
3095 1857 3265 1914 genus
3288 1850 3625 1917 exprimens;
3671 1876 3679 1886 ι

311 1967 314 1972 -
358 1928 962 2008 νοιθείεκιιογιεηῐοηρ,
1011 1940 1282 2011 producit.
1336 1941 1395 1997 In
1436 1942 1566 2012 ipsis
1602 1957 1816 2014 quoque
1852 1958 1948 1997 ex-

356 2029 683 2099 positionum
714 2030 865 2097 locis,
895 2047 1016 2104 qua:
1045 2032 1263 2106 quidem
1297 2033 1455 2104 plena
1487 2044 1611 2089 sunt
1653 2035 1942 2094 acuminis,

355 2121 632 2191 ponderis,
662 2123 1088 2193 consequentiae,
1111 2124 1456 2194 eruditionis,
1489 2125 1757 2192 medullzr,
1805 2125 1943 2180 nihil

354 2212 522 2284 magis
553 2214 783 2270 intendit
808 2215 987 2282 aliud,
1034 2231 1192 2288 quam
1223 2232 1320 2286 ne,
1352 2217 1433 2273 vel
1466 2215 1682 2289 exigua,
1717 2217 1940 2273 morali-

352 2303 478 2360 latis
507 2316 705 2375 puncta
731 2316 1038 2378 praetereat,
1066 2309 1220 2385 quasi
1244 2311 1335 2380 qui
1377 2309 1597 2365 omnino
1628 2324 1766 2380 pene
1788 2310 1941 2364 solus

348 2399 636 2456 consilium
659 2399 860 2457 divina:
885 2400 1019 2472 legis
1049 2399 1348 2473 inspexerit
1385 2421 1400 2458 :
1429 2419 1548 2474 quae
1568 2445 1583 2470 ,
1617 2417 1739 2458 cum
1784 2403 1940 2458 innu-

349 2492 512 2546 meris
543 2493 616 2547 sit
638 2492 843 2549 intexta
863 2495 1064 2562 causis,
1087 2495 1154 2549 ad
1184 2511 1346 2551 unum
1372 2507 1547 2552 tamen
1572 2497 1732 2551 linem
1756 2496 1935 2552 omnia

348 2583 600 2655 reducit,
634 2596 690 2639 ut
719 2585 932 2643 scilicet
980 2585 1263 2651 homines,
1315 2589 1513 2658 quibus
1540 2589 1664 2642 data
1707 2598 1821 2655 est,
1869 2587 1935 2642 ad

344 2693 586 2736 amorem
639 2680 738 2737 Dei
794 2682 1141 2754 studiumque
1186 2684 1398 2739 virtutis
1441 2681 1724 2739 accendat.
1781 2683 1936 2754 Quod

345 2786 482 2830 vero
520 2773 661 2829 istud
711 2789 818 2829 non
866 2774 936 2830 ad
971 2777 1388 2833 ostentationem
1418 2777 1707 2850 quamdam
1749 2775 1930 2844 faciat,

342 2875 399 2924 et
418 2864 676 2922 fetentem
706 2865 856 2923 illam
883 2868 1074 2940 gloriae
1105 2870 1398 2926 vanitatem
1425 2911 1439 2935 ,
1465 2886 1586 2926 eum
1615 2881 1726 2926 tota
1756 2881 1807 2927 et
1829 2870 1933 2928 do—

304 2962 305 2965 “
343 2960 536 3016 ett-inte
573 2959 757 3025 illius,
791 2969 845 3016 et
875 2975 1117 3033 morum,
1147 2962 1236 3032 qui
1267 2962 1431 3018 etiam
1468 2962 1521 3018 in
1566 2961 1781 3032 scriptis
1812 2961 1933 3034 ejus

341 3049 625 3125 relucent,
650 3050 1011 3118 continentia,
1061 3062 1169 3107 tum
1211 3053 1371 3108 etiam
1403 3055 1527 3108 vitae
1551 3053 1674 3110 linis
1700 3054 1817 3125 ipse
1847 3063 1930 3108 te-

343 3153 535 3198 statur.
587 3139 799 3215 Nempe
828 3143 977 3201 omni
1003 3144 1099 3202 ille
1125 3161 1403 3214 sermone,
1453 3161 1558 3203 non
1587 3146 1930 3204 solummodo

2048 1930 2285 1998 medius,
2334 1932 2578 2004 aequalis,
2615 1943 2883 1999 maturus,
2934 1934 3197 2007 pudicus;
3245 1938 3459 1994 alienus
3486 1939 3624 1993 omni

2048 2025 2118 2080 ab
2145 2017 2366 2083 incuria:
2394 2027 2552 2096 culpa
2586 2041 2887 2098 pompaque
2920 2029 3180 2094 luxuriae;
3210 2046 3317 2085 tton
3334 2031 3627 2100 squallidus

2047 2117 2288 2189 quidem,
2317 2134 2417 2177 nec
2447 2130 2625 2175 tamen
2654 2118 2916 2186 ﬂoridus;
2944 2136 3050 2176 non
3078 2123 3377 2192 impolitus,
3405 2126 3502 2180 sed
3530 2140 3622 2180 ne-

2046 2229 2150 2286 que
2177 2215 2342 2270 nimia
2370 2214 2673 2271 Subtilitate
2701 2215 2949 2282 limatus;
2997 2231 3104 2270 non
3134 2217 3429 2288 asperitate
3457 2218 3622 2273 borri-

2044 2308 2169 2373 dus,
2194 2323 2294 2364 nec
2323 2318 2502 2363 tamen
2526 2308 2840 2363 ammnitate
2885 2307 3150 2373 lascivus;
3176 2308 3466 2365 maximam
3507 2308 3623 2366 ubi-

2042 2418 2148 2474 que
2177 2402 2388 2473 copiam
2411 2442 2428 2468 ,
2460 2400 2944 2470 admirabilemque
2975 2400 3220 2459 indicans
3269 2402 3580 2459 facultatem
3603 2441 3619 2469 ,

2043 2509 2307 2566 nusquam
2339 2504 2514 2550 tamen
2543 2494 2895 2550 ambitionem
2920 2495 3208 2564 loquendi:
3234 2511 3298 2552 eo
3317 2496 3377 2552 fit
3398 2506 3456 2550 ut
3475 2496 3622 2554 illum

2043 2587 2212 2660 magis
2257 2589 2483 2659 simplex
2536 2588 2714 2646 lector
2742 2588 3025 2660 intelligat,
3057 2601 3113 2646 et
3140 2589 3321 2645 laudet
3365 2589 3616 2645 disertus.

2039 2681 2199 2737 Certe
2225 2681 2369 2752 quod
2396 2683 2463 2736 ab
2495 2681 2620 2737 aliis
2648 2697 2863 2753 quoque
2889 2681 3134 2751 plurimis
3155 2679 3346 2738 audire
3376 2680 3615 2754 potuisti,

2039 2789 2230 2831 omnes
2275 2773 2386 2845 jam
2439 2775 2834 2831 ecclesiasticae
2871 2773 3185 2832 Graecorum
3235 2773 3613 2842 bibliothecte,

2039 2877 2160 2941 post
2186 2878 2294 2923 tam
2325 2867 2504 2923 varias
2533 2879 2775 2924 veterum
2817 2870 3167 2939 scriptorum,
3199 2868 3616 2940 splendidasque

2036 2959 2274 3028 divitias,
2321 2971 2442 3031 post
2470 2969 2549 3016 tot
2588 2960 2881 3034 insignium
2912 2962 3297 3032 magistrorum
3338 2964 3615 3040 tatnlclara

2037 3052 2264 3120 lumina,
2295 3051 2455 3121 hujus
2485 3053 2759 3124 praecipue
2786 3054 3150 3111 voluminibus
3190 3065 3474 3110 ornantur.
3511 3055 3612 3110 De~

2036 3144 2200 3214 nique
2227 3154 2281 3198 et
2310 3145 2482 3199 sancti
2514 3143 2698 3200 Basilii
2742 3144 3124 3203 admirabilem
3152 3145 3302 3202 illam
3325 3162 3508 3203 curam
3537 3147 3618 3202 lo-

343 3235 725 3306 etnendat,sed
743 3236 905 3294 etiam
929 3246 1119 3305 armat,
1145 3239 1406 3296 auditoris
1431 3243 1694 3296 animum.
1726 3241 1930 3312 Nempe
1957 3231 2004 3295 C
2036 3237 2259 3304 (tuendi,
2294 3247 2347 3292 ct
2376 3235 2625 3292 Antiochi
2657 3237 2995 3308 plausibilem
3037 3253 3312 3310 pompam.
3346 3252 3401 3296 et
3437 3239 3611 3296 subli-
3641 3255 3645 3257 λ

345 3341 456 3386 tota
483 3331 602 3403 ejus
623 3341 676 3387 et
699 3331 1015 3404 principalis
1037 3333 1268 3389 intentio
1302 3343 1416 3402 est,
1464 3348 1573 3388 non
1605 3345 1712 3389 tam
1744 3335 1927 3405 priva-

345 3432 456 3480 tam
494 3425 688 3492 istam,
729 3435 782 3482 et
820 3425 963 3482 inter
1004 3442 1386 3498 prostierorum
1417 3442 1583 3499 opaea
1627 3429 1928 3486 latitantem

260 3569 262 3576 ι
345 3522 686 3577 honestatem
717 3520 936 3589 docere,
963 3537 1123 3594 quam
1146 3523 1291 3580 illam
1314 3525 1556 3595 quotidie
1580 3507 1849 3596 tamquam
1875 3529 1928 3582 in

342 3613 456 3670 acie
482 3612 854 3682 dimicantem,
900 3625 956 3672 et
983 3632 1104 3691 qua:
1132 3618 1336 3690 absque
1362 3618 1471 3674 ullo
1496 3617 1784 3691 dispendio
1821 3619 1926 3688 sui,

342 3708 770 3778 tribulationum,
801 3721 855 3767 et
884 3711 1123 3767 caedatur
1151 3710 1437 3783 imbribus,
1478 3721 1534 3770 et
1560 3724 1748 3770 uratur
1768 3715 1928 3770 ardu-

343 3802 529 3869 ribus,
559 3803 846 3860 instilucre
871 3805 1149 3886 virtutem.
1209 3806 1357 3862 Hauc
1387 3807 1556 3875 ipsam
1588 3808 1658 3862 ita
1688 3808 1776 3862 ille
1800 3809 1929 3863 insi-

341 3896 462 3967 gnis
502 3897 760 3954 Ecclesiae
796 3901 1088 3970 magister,
1134 3909 1189 3956 et
1214 3917 1372 3955 verus
1402 3899 1603 3957 Christi
1637 3901 1930 3973 discipulus

341 3987 604 4061 implevit,
634 4001 692 4045 ut
722 3990 811 4048 illa
841 3992 1042 4059 omnia,
1088 4008 1208 4065 qua:
1232 3994 1301 4050 de
1327 3993 1618 4050 asserenda
1641 3995 1802 4050 etiam
1834 4005 1928 4066 per

351 4091 570 4147 portem
596 4089 794 4142 virtute
820 4087 1111 4154 disseruit,
1159 4102 1266 4143 non
1297 4099 1402 4144 tam
1432 4089 1584 4156 aliis,
1636 4106 1797 4160 quam
1823 4090 1933 4146 sibi

344 4175 565 4234 :tmuino
618 4179 723 4235 soli
773 4180 1076 4261 inculcasse
1120 4182 1385 4238 videatur.
1467 4184 1710 4254 Denique
1759 4183 1928 4244 vitam

341 4270 486 4324 illam
517 4270 664 4327 omni
689 4271 758 4328 ab
783 4272 1147 4330 adolescentia
1185 4275 1471 4331 sanctitate
1509 4276 1802 4346 fulgentem
1825 4321 1841 4347 ,
1873 4289 1928 4333 et

339 4363 394 4418 in
419 4366 727 4422 sacerdotio
753 4367 905 4425 mille
940 4368 1244 4440 insignibus
1273 4368 1626 4439 perfectionis
1654 4382 1921 4442 ornatam,

338 4456 501 4511 etiam
556 4457 898 4528 passionibus
953 4475 1055 4531 pro
1100 4460 1325 4530 iustitiae
1379 4478 1568 4518 amore
1625 4462 1922 4520 decoravit.

338 4547 493 4616 Quod
519 4558 669 4606 certe
692 4550 870 4620 alicui,
905 4552 1161 4608 Ecclesiis
1189 4553 1242 4608 in
1263 4569 1392 4621 pace
1421 4555 1767 4626 degentibus,
1803 4571 1927 4626 pro-

2034 3347 2178 3388 mem
2204 3332 2352 3387 illum
2377 3330 3001 3402 Gregorii'couiurnum,
3034 3331 3194 3392 facile
3223 3333 3495 3405 intelligas
3515 3330 3614 3391 hac

2031 3424 2258 3482 Joannis
2290 3425 2582 3481 medietate
2624 3435 2898 3496 superata.
2931 3425 3006 3495 ita
3045 3427 3193 3500 enim
3222 3427 3420 3500 stylutn
3455 3441 3610 3483 suum

2032 3519 2313 3587 inviolata,
2340 3528 2400 3575 ut
2426 3518 2684 3586 diximus,
2714 3507 2974 3576 facultate
3001 3531 3340 3592 regnantem,
3374 3521 3616 3592 Scriptu-

2033 3630 2215 3671 rarum
2255 3613 2457 3686 ubique
2497 3620 2553 3671 et
2581 3615 3020 3690 saporeimbuit,
3063 3624 3120 3670 et
3148 3615 3303 3687 tingit
3329 3616 3613 3681 colorc,ut

2033 3710 2110 3768 illi
2136 3708 2352 3779 quidem
2384 3709 2451 3763 de
2477 3718 2742 3779 apparatu
2773 3706 2971 3780 eloquii
2998 3705 3307 3775 remittere,
3356 3710 3456 3765 iste
3483 3722 3616 3764 vero

2033 3805 2101 3861 de
2128 3802 2412 3874 majestate
2431 3801 2835 3872 Scriptor-aram
2867 3817 3158 3860 coruscare
3180 3803 3445 3861 videatur.
3469 3803 3613 3860 δοιεο

2032 3898 2102 3955 ab
2131 3914 2198 3956 eo
2226 3898 3011 3969 forsitanadulescentulorum
3045 3899 3223 3956 minus
3252 3900 3448 3958 blande
3476 3901 3616 3955 ntul-

2032 3977 2261 4050 ceantur
2290 4006 2470 4062 ames,
2500 3993 2698 4064 quibus
2721 3992 2774 4048 in
2799 3994 2926 4050 ludo
2960 3993 3150 4065 positis
3174 3994 3475 4050 litterarum
3505 4011 3614 4050 nun

2032 4094 2148 4144 tam
2164 4085 2380 4156 placent
2402 4084 2573 4141 solida
2599 4101 2762 4157 quam
2791 4088 2951 4158 picta.
2975 4088 3174 4160 quique
3196 4088 3415 4159 pulchra
3434 4089 3615 4159 potius

2030 4195 2192 4251 quam
2241 4179 2395 4235 utilia
2440 4189 2744 4247 sectantur,
2803 4195 2907 4237 nec
2959 4189 3066 4238 tam
3116 4183 3328 4255 agentia
3380 4183 3611 4254 diligunt

2029 4289 2193 4344 quam
2211 4274 2482 4335 sonantia,
2507 4273 2785 4345 magisque
2812 4276 3043 4344 gaudent
3074 4277 3266 4333 ﬂorum
3295 4276 3612 4333 amoenitate

2029 4365 2350 4438 conspergi,
2395 4381 2555 4436 quam
2612 4365 2825 4438 frugum
2876 4367 3128 4425 ubertate
3177 4369 3394 4426 nutriri.
3457 4369 3613 4425 nunc

2031 4457 2194 4530 igitur
2220 4457 2264 4512 si
2291 4457 2421 4512 satis
2452 4459 2718 4514 minorem
2749 4473 2810 4513 se
2854 4459 2906 4513 in
2938 4460 3133 4517 Latino
3177 4476 3443 4533 apparere
3464 4462 3568 4518 feci
3589 4504 3607 4528 ,

2029 4566 2136 4606 non
2167 4557 2273 4605 tam
2299 4549 2450 4619 mihi,
2480 4549 2701 4607 domine
2739 4551 3090 4617 venerabilis,
3111 4568 3273 4626 quam
3306 4553 3404 4610 tibi
3432 4554 3612 4623 impu-

338 4643 543 4710 vcnire,
572 4643 810 4716 ingentis
841 4645 1004 4700 animi
1036 4647 1332 4717 proculque
1361 4646 1427 4702 ab
1456 4648 1602 4703 omni
1644 4647 1920 4706 hominum
1953 4627 2007 4688 D
2033 4651 2148 4699 tare
2179 4641 2371 4711 debes,
2415 4647 2504 4714 qui
2552 4659 2638 4700 me
2667 4644 2735 4699 ad
2756 4659 2878 4699 eum
2923 4645 3352 4702 transferendum
3379 4655 3531 4701 tanto
3556 4654 3614 4702 et

338 4738 506 4807 gloria
537 4749 762 4793 remotae
787 4739 1015 4818 tuentis,
1042 4755 1286 4812 rarasque
1317 4739 1540 4796 omnino
1571 4742 1783 4799 virtutis
1815 4753 1919 4799 est.

341 4829 491 4899 Quod
517 4841 696 4887 autem
729 4831 783 4887 in
809 4833 1040 4905 septimo
1066 4834 1221 4889 istius
1251 4833 1390 4889 libro
1421 4837 1604 4906 operis
1634 4835 1920 4903 iudicatur,

337 4922 517 4978 adhue
553 4924 855 4980 Antiochiae
896 4925 1176 5000 presbyter
1213 4927 1363 4994 hate,
1394 4929 1592 5000 quibus
1619 4929 1762 4986 illam
1797 4940 1924 4987 tunc

338 5015 636 5074 Ecclesium
686 5017 1006 5087 aediﬁcabat,
1058 5023 1255 5092 scripta
1301 5023 1622 5095 composuit.
1699 5024 1776 5080 Es
1814 5041 1924 5097 quo

339 5108 512 5178 magis
551 5111 827 5183 magisque
868 5115 1224 5184 perSpicitur,
1276 5116 1427 5170 illum
1467 5134 1573 5172 non
1615 5120 1923 5174 temeritate

337 5201 568 5269 quadam
594 5244 608 5268 ,
640 5204 1070 5262 aut‘dissonante
1096 5223 1128 5263 a
1151 5209 1265 5264 suis
1294 5211 1534 5265 moribus
1563 5212 1808 5267 libertate
1827 5256 1840 5275 ,
1868 5212 1920 5268 in

337 5294 503 5365 regali
535 5304 722 5364 postea
746 5296 878 5352 urbe
906 5299 1278 5370 pontificatum
1311 5312 1580 5358 tenentem
1604 5345 1619 5367 ,
1675 5313 1799 5358 nota
1829 5304 1921 5360 illa

336 5398 391 5442 et
421 5389 652 5443 maxima
676 5389 956 5446 adversum
980 5408 1039 5447 se
1068 5395 1429 5450 ροιιιηιονὶδερ
1447 5397 1740 5451 certamina
1767 5414 1781 5464 ;
1824 5400 1918 5454 sed

335 5479 410 5532 ita
441 5492 501 5534 se
531 5479 827 5538 instituisse
855 5499 1091 5554 semper,
1141 5495 1356 5553 tamque
1381 5499 1716 5554 constanter,
1760 5502 1920 5562 atque

335 5569 589 5639 ﬁrmiter,
633 5584 821 5629 contra
869 5589 1058 5631 omnes
1118 5577 1424 5647 iniquorum
1471 5591 1750 5648 catervas,
1825 5599 1922 5652 pro

335 5663 580 5718 veritatis
632 5680 694 5720 ac
741 5665 962 5734 justitias
1016 5678 1165 5739 parte
1206 5670 1457 5740 iurasse,
1524 5683 1582 5728 ut
1626 5676 1923 5750 quamlibet

337 5756 599 5811 adversus
641 5776 760 5813 eum
783 5805 796 5828 ,
847 5762 929 5817 vel
978 5763 1316 5820 sacerdotum
1343 5768 1555 5821 nomina
1581 5810 1595 5833 ,
1627 5771 1708 5824 vel
1736 5787 1918 5840 regum

340 5862 484 5903 arma
517 5864 938 5922 concurrerent,
987 5854 1262 5927 depellere
1298 5860 1511 5930 quidem
1548 5861 1698 5917 illum
1736 5877 1913 5920 sacer-

2026 4737 2371 4798 auetoritatis
2395 4739 2645 4808 imperio,
2674 4751 2726 4793 et
2755 4738 3126 4794 blandimento
3163 4737 3438 4796 cbaritatis
3485 4739 3615 4794 hor-

2028 4838 2173 4885 tatus
2195 4845 2275 4896 es,
2305 4840 2364 4884 ut
2383 4829 2455 4886 illi
2479 4825 2707 4900 aliquid,
2729 4829 2896 4883 immo
2919 4845 3050 4884 Vero
3081 4830 3397 4901 plurimum,
3422 4830 3492 4888 de
3514 4831 3612 4888 bo-

2029 4939 2162 4978 nore
2183 4921 2467 4978 dumtaxat
2494 4923 2622 4993 styli
2647 4923 2867 4979 auferre
2909 4922 3157 4992 mallem,
3207 4939 3367 4996 quam
3402 4924 3611 4981 crimen

2027 5014 2085 5072 in
2109 5027 2160 5071 te
2189 5014 2396 5070 diutius
2423 5013 2728 5070 recusando
2756 5015 3120 5072 committere.
3146 5015 3290 5072 Sane
3319 5032 3412 5086 pro
3439 5016 3615 5086 quali-

2025 5125 2256 5180 cumque
2306 5108 2407 5162 hac
2457 5124 2577 5164 mea
2627 5122 2814 5178 opera,
2857 5108 3249 5178 amplissimum
3298 5109 3612 5167 orationum

2027 5213 2236 5259 tuarum
2274 5216 2472 5256 munus
2502 5216 2750 5269 reposco,
2792 5216 2900 5273 quo
2929 5201 3143 5257 scilicet
3169 5217 3291 5269 nos,
3324 5214 3380 5258 ut
3417 5219 3613 5259 exem-

2024 5297 2135 5368 plo,
2165 5296 2237 5350 ita
2255 5293 2434 5350 'etiam
2465 5297 2710 5363 precibus
2739 5293 2849 5349 tuis
2869 5293 3042 5364 juves,
3061 5306 3120 5350 ut
3141 5293 3345 5365 aliquid
3371 5294 3434 5352 de
3459 5294 3618 5362 illius

2025 5390 2127 5446 viri
2182 5392 2384 5445 virtute
2432 5388 2704 5458 possimus
2735 5387 2953 5444 imitari.
3013 5388 3220 5444 Memor
3263 5387 3429 5443 nostri
3490 5395 3615 5450 esto

2024 5501 2242 5557 semper
2268 5487 2320 5540 in
2348 5482 2586 5548 Christo,
2620 5484 2842 5538 domine
2871 5481 3071 5538 merito
3101 5482 3425 5538 beatissime.
3465 5525 3472 5527 .

2173 5601 2405 5672 Epistula
2432 5601 2646 5672 prteﬁa'a
2668 5599 2896 5654 hontilit's
2925 5600 2989 5654 de
3006 5598 3271 5656 Laudibus
3285 5596 3464 5653 Pauli.

2098 5699 2326 5754 Domino
2368 5708 2554 5752 sancto
2585 5695 2863 5822 Evang‘elo
2908 5693 3229 5769 presbytero
3257 5693 3538 5750 Annianus

2692 5783 2750 5822 sa
2782 5779 2944 5822 utem.

2692 5779 2944 5824 salutem.

2106 5862 2333 5922 Recenti
2363 5863 2738 5932 experimento
2779 5863 2960 5930 didici,
3011 5875 3172 5936 quam
3199 5861 3306 5918 sint
3331 5856 3476 5916 utilia
3507 5858 3606 5914 ob-
