3844 6230
322 292 331 301 ’
382 288 522 368 ‘Pts
913 312 1284 374 ramento
1321 317 1388 374 IN
1425 308 1793 376 secoa'oan
1833 318 1840 372 1

2151 315 2445 389 OPERUM,
2473 318 2669 376 MAR”
2706 317 3169 382 MERCATORIS.
3561 322 3655 382 7i6

409 426 930 501 Consumtinopolim
973 428 1170 487 afferri.
1208 428 1455 501 Ignotum
1494 431 1623 502 quid
1651 431 1992 503 responderit
2029 432 2344 499 Nestorius,
2375 432 2726 504 pertinaciter
2766 434 2823 491 in
2849 436 3118 493 sententia
3163 436 3423 494 mansisse
3459 447 3666 496 eventus

408 518 612 577 docuit.
790 544 805 560 ο
900 562 909 569 .

477 611 698 669 Interim
722 613 780 669 in
808 610 1045 687 Egypto
1072 610 1615 689 concilium'Cyrillns
1640 616 1819 687 coegit
1841 630 1911 673 ex
1941 618 2189 675 universa
2216 614 2434 675 dioecesi
2453 658 2468 683 ,
2500 632 2826 693 quamquam
2867 617 3194 676 ordinariam
3223 632 3324 691 par
3345 626 3430 676 est
3448 620 3662 694 opinari.

401 719 525 779 qua:
545 705 688 763 circa
735 708 980 764 autumni
1029 716 1241 780 tempus
1284 707 1576 775 haberetur
1620 725 1689 767 ex
1733 709 1951 767 Nicmno
1978 710 2309 782 praescripto.
2352 709 2481 766 inde
2504 709 2815 784 synodicam
2839 711 2987 770 misit
3011 711 3282 779 Nestorio,
3310 725 3418 781 qua
3437 713 3664 770 contine-

403 800 593 857 rentur
610 799 735 866 tria,
768 792 890 857 ﬁdei
915 800 1206 873 expositio,
1236 800 1523 859 duodecim
1549 802 1982 859 anathematismi
2011 801 2417 869 subscribendi,
2461 810 2517 857 et
2553 801 2891 884 denuntiatio
2926 804 3211 860 sententiae
3246 819 3282 860 a
3302 816 3516 859 summo
3540 817 3664 874 pon-

402 890 547 948 tiﬁce
572 889 865 949 Caelestino
892 891 1035 949 lake.
1074 890 1288 950 initium
1309 899 1429 949 est:
1457 891 1675 950 Dicente
1695 890 1967 949 Saluatore
1986 902 2182 958 nostro,
2213 898 2319 949 etc.
2361 889 2547 975 Legati
2580 899 2707 948 sunt
2731 906 2764 949 a
2791 893 2999 965 synodo
3027 892 3267 965 episcopi
3301 898 3553 962 quatuor,
3583 892 3663 960 qui

401 978 611 1038 litteras
636 978 916 1040 leestini
956 988 1013 1038 et
1057 981 1369 1055 synodicam
1406 981 1600 1039 darent
1634 980 1912 1049 Nestorio,
1957 980 2378 1054 Theopomptus,
2428 979 2644 1049 Daniel,
2690 978 2955 1039 Potamon
2991 991 3048 1039 et
3075 982 3371 1049 Macarius,
3401 994 3558 1055 quem
3582 980 3663 1036 alii

400 1088 685 1146 perperam
712 1072 1020 1131 Comarium
1047 1082 1262 1132 vocant.
1335 1074 1497 1131 Latet
1531 1088 1621 1133 me
1668 1089 1833 1145 porro
1860 1088 2024 1131 causa
2052 1089 2151 1131 cur
2175 1072 2441 1130 Baronius
2466 1071 2605 1129 duos
2637 1078 2845 1129 tantum
2881 1074 3179 1145 legatorum
3209 1073 3493 1145 episcopos
3515 1071 3658 1129 faciat

399 1166 829 1242 Theopomptum
858 1178 912 1225 et
939 1168 1243 1247 Danielem,
1285 1165 1638 1225 Potamonem
1675 1183 1808 1224 vero
1847 1175 1906 1227 et
1945 1166 2239 1224 Macarium
2266 1165 2321 1221 in
2348 1163 2593 1223 ordinem
2625 1165 2993 1224 ministrorum
3023 1165 3399 1224 Alexandrinae
3425 1162 3657 1226 Ecclesia

400 1260 627 1331 redigat.
669 1261 921 1334 Tempus.
965 1276 1101 1341 quoj
1120 1260 1246 1316 data
1292 1266 1377 1317 est
1420 1259 1712 1334 synodica,
1763 1268 1927 1330 atque
1966 1258 2104 1315 adeo
2142 1256 2381 1329 synodus
2408 1256 2628 1325 habita,
2671 1256 2727 1313 in
2754 1265 2938 1318 vetere
2961 1258 3328 1329 manuscripto
3352 1256 3653 1324 invenimus,

401 1372 595 1429 nempe
621 1355 767 1411 diem
794 1356 1014 1412 tertium
1038 1352 1376 1413 Novembris.
1462 1356 1467 1362 ’

467 1451 605 1508 Cum
633 1448 888 1524 synodica
913 1445 1136 1504 directas
1162 1454 1291 1504 sunt
1309 1445 1430 1503 aliae
1457 1443 1577 1516 duae
1604 1460 1636 1500 a
1662 1442 1865 1518 Cyrillo
1884 1446 2115 1511 litterae,
2144 1443 2211 1500 ad
2238 1442 2440 1500 clerum
2486 1457 2681 1516 nempe
2727 1451 2784 1500 et
2828 1443 3272 1500 archimandritas
3300 1442 3451 1500 urbis
3485 1442 3651 1513 regite,

398 1540 594 1610 quibus
621 1538 687 1610 de
714 1552 776 1594 re
805 1543 918 1592 tota
945 1536 1288 1602 docerentur,
1320 1543 1375 1591 et
1401 1533 1560 1592 simul
1589 1531 2049 1593 inﬂammarentur
2069 1533 2413 1593 adtuendam
2467 1531 2646 1600 ﬁdem,
2672 1532 3240 1606 perseverandumque
3265 1534 3322 1589 in
3346 1533 3653 1603 constantia,-

396 1646 454 1691 ει
474 1635 691 1690 interim
717 1628 1218 1705 communicandum
1243 1630 1311 1685 iis
1339 1644 1476 1700 quos
1502 1629 1686 1699 inique
1711 1626 1994 1684 Nestorius
2021 1641 2052 1681 a
2081 1634 2226 1685 cmtu
2248 1623 2485 1682 ﬁdelium
2511 1625 2855 1697 sejunxisset.

466 1724 1015 1790 Interim-Nestorius,
1062 1738 1187 1780 cum
1231 1723 1468 1794 acceptis
1509 1738 1539 1779 a
1579 1720 1790 1780 Joanne
1814 1721 2039 1789 litteris,
2087 1722 2283 1792 quibus
2308 1729 2644 1789 moneretur,
2673 1720 2912 1792 visisque
2935 1720 3200 1792 exemplis
3220 1727 3334 1776 tum
3356 1720 3649 1793 apostolica:

395 1817 678 1881 sententiae
699 1854 716 1882 ,
765 1820 881 1871 tum
922 1814 1274 1886 epistolarum
1318 1812 1594 1871 leestini
1640 1820 1697 1870 et
1741 1810 1927 1885 Cyrilli
1947 1812 2037 1869 'ad
2073 1811 2371 1879 Joannem,
2407 1810 2733 1880 intelligeret
2763 1816 2966 1880 quanta
3004 1825 3109 1866 suo
3143 1810 3308 1880 capiti
3335 1808 3651 1882 impenderet

396 1918 690 1983 tempestas
714 1950 730 1977 ,
759 1922 859 1965 nec
888 1924 1007 1965 cum
1035 1915 1215 1964 tamen
1235 1906 1399 1963 vellet
1425 1919 1537 1977 prae
1564 1905 1734 1961 animi
1761 1903 2080 1976 impotentia
2109 1913 2374 1972 avertere,
2402 1917 2508 1974 qua
2548 1918 2655 1959 una
2682 1902 2894 1959 ratione
2920 1900 3001 1958 fas
3026 1910 3166 1966 erat,
3198 1901 3393 1958 idonea
3420 1901 3647 1956 nimirum

399 2007 782 2075 retractatione
828 2004 1115 2071 dictorum,
1161 2009 1218 2060 et
1262 2002 1480 2075 publica
1521 1994 1771 2060 crocino
1819 1999 2160 2058 confessione
2180 2040 2196 2067 ,
2244 1997 2453 2055 vocatis
2494 1998 2550 2055 in
2594 1995 2878 2054 consilium
2905 1994 3143 2061 amicis,
3185 2001 3279 2050 aut
3300 1992 3648 2051 adulatoribus

318 2080 321 2081 ν
394 2096 595 2169 potius,
621 2095 769 2168 quod
795 2095 1136 2168 postmodum
1162 2094 1278 2166 ipse
1302 2100 1527 2164 questus
1550 2102 1664 2161 est,
1693 2093 1923 2151 tentavit
1949 2093 2007 2149 in
2042 2098 2207 2165 caput
2231 2089 2414 2166 Cyrilli
2440 2090 2731 2162 procellam
2758 2097 3098 2146 convertere.
3136 2085 3314 2156 Quare
3340 2103 3462 2146 cum
3489 2087 3645 2159 ipsum

397 2185 544 2258 apud
588 2181 992 2253 Theodosium,
1039 2193 1154 2240 tum
1198 2184 1496 2255 impietatis
1541 2185 1596 2240 in
1643 2183 1842 2250 Deum,
1884 2191 2000 2238 tum
2038 2180 2278 2240 criminis
2314 2181 2371 2237 in
2400 2181 2786 2253 imperatorem
2821 2187 3161 2246 accusasset,
3190 2179 3347 2250 petiit
3372 2177 3642 2236 convocari

393 2276 647 2350 generale
683 2266 1003 2346 concilium,
1047 2277 1102 2333 in
1128 2291 1238 2347 quo
1269 2275 1530 2347 judicium
1566 2274 1633 2332 de
1668 2289 1762 2331 reo
1805 2274 2191 2332 institueretur.
2243 2272 2304 2330 Id
2338 2287 2469 2330 vero
2506 2271 2708 2330 factum
2744 2278 2937 2344 postea
2998 2271 3207 2329 doluit:
3238 2271 3488 2343 sperabat
3512 2271 3640 2327 enim

397 2368 515 2430 fore
541 2384 602 2427 ut
621 2371 731 2428 hac
754 2371 965 2428 ratione
991 2369 1250 2427 retineret
1275 2377 1331 2425 et
1357 2369 1511 2438 quasi
1533 2367 1885 2439 suspenderet
1909 2367 2192 2424 sententia
2218 2366 2528 2438 apostolicae
2558 2365 2723 2423 ictum
2745 2408 2761 2434 ,
2800 2365 2976 2423 donec
2999 2365 3570 2439 baberetursynodus,
3598 2365 3644 2421 in

394 2477 499 2535 qua
520 2471 704 2535 posset
720 2463 975 2521 comitum
1001 2462 1263 2533 potentia,
1286 2459 1825 2518 et'Antiochenorum
1855 2471 2187 2530 suorumque
2212 2442 2565 2514 multitudine
2593 2454 2855 2530 Cyrillum
2878 2455 3059 2514 facile
3097 2472 3221 2513 cum
3256 2456 3371 2510 suis
3399 2454 3644 2529 digyptiis

395 2558 722 2630 opprimere.
761 2555 929 2614 Secus
976 2555 1170 2612 accidit
1214 2563 1338 2626 post
1380 2542 1576 2608 multas
1602 2566 1782 2609 rerum
1821 2553 2298 2616 commutationes,
2331 2551 2441 2607 Deo
2470 2557 2661 2608 cuncta
2684 2550 2738 2607 in
2767 2548 2960 2606 melius
2983 2557 3252 2605 vertente.
3291 2548 3511 2604 Crimini
3532 2563 3658 2605 ver-

395 2650 547 2707 tebat
580 2647 781 2721 Cyrillo
813 2646 958 2718 quod
997 2646 1065 2702 ad
1104 2644 1440 2702 Pulcheriam
1475 2650 1532 2699 et
1566 2657 1783 2700 sorores
1812 2641 2009 2699 librum
2049 2641 2375 2713 singularem
2399 2640 2468 2700 de
2492 2649 2643 2700 recta
2669 2639 2772 2700 fide
2795 2642 3051 2704 misisset,
3082 2657 3191 2698 non
3219 2638 3645 2715 contentusscri-

393 2735 568 2813 psisse
603 2737 798 2795 eodem
835 2745 1153 2809 argumento
1194 2737 1264 2792 ad
1305 2735 1700 2803 Theodosium,
1739 2736 1893 2805 quasi
1931 2733 2184 2805 Augustae
2207 2734 2435 2804 gratiam
2472 2741 2714 2806 captaret
2734 2735 2991 2791 adversus
3015 2735 3200 2806 inopen
3256 2735 3399 2790 irem
3422 2732 3641 2797 fratrem.

393 2831 481 2890 cui
507 2832 708 2888 sororis
731 2831 976 2903 potentia
1003 2834 1243 2901 eruperat
1270 2842 1392 2887 esse
1420 2828 1702 2895 invidiosa,
1733 2837 1789 2884 et
1817 2827 1983 2886 videri
2006 2830 2161 2900 quasi
2182 2827 2389 2900 jugum,
2421 2828 2568 2901 quod
2596 2842 2879 2886 excussum
2905 2828 3090 2885 vellet.

468 2920 805 2983 Theodosius
830 2922 1066 2981 Nestorii
1086 2922 1340 2981 instinctu
1371 2922 1622 2995 generale
1644 2924 1931 2981 concilium
1957 2921 2177 2992 indixit,
2211 2932 2374 2996 atque
2394 2932 2461 2982 ex
2493 2925 2757 2982 universis
2775 2923 3094 2981 dimeesibns
3122 2924 3407 2996 episcopos
3426 2922 3489 2981 ad
3512 2920 3642 2978 diem

391 3015 742 3077 Pentecostes
776 3020 1050 3090 sequentis
1087 3019 1212 3076 anni
1252 3017 1526 3091 Ephesum
1564 3020 1805 3097 vocarit,
1846 3018 2025 3076 missis
2053 3017 2121 3074 ad
2147 3016 2414 3087 majorum
2446 3016 2656 3074 sedium
2688 3016 2975 3079 antistites,
3007 3017 3360 3074 leestinum
3385 3016 3637 3079 Romam.

394 3106 594 3166 Rufum
620 3108 1115 3166 Thessalonicensis
1133 3147 1149 3173 ,
1200 3102 1458 3181 Cyrillum
1502 3107 1878 3165 Alexandrinae
1894 3146 1910 3173 ,
1940 3104 2205 3165 Joannem
2240 3106 2588 3165 Antiochenae
2609 3148 2627 3176 ,
2655 3101 2969 3165 Iuvenalem
2993 3106 3521 3181 llierosolymitanat,
3546 3103 3640 3161 Ga-

392 3203 637 3275 preolum
680 3200 1157 3271 Carthaginensis,
1204 3200 1421 3257 litteris.
1461 3199 1532 3255 Ut
1578 3207 1757 3256 autem
1797 3199 2069 3269 singulos,
2118 3201 2238 3256 sine
2282 3200 2631 3256 excusatione
2665 3199 2754 3256 vel
2776 3213 2957 3265 mora,
2987 3213 3108 3258 cum
3134 3198 3245 3255 suis
3273 3213 3412 3269 quos
3437 3196 3641 3255 idoneos

393 3296 615 3365 scirent,
643 3296 829 3352 venire
843 3293 1023 3365 jussit,
1054 3293 1128 3349 ita
1151 3293 1324 3349 vetuit
1347 3308 1412 3348 ne
1433 3292 1544 3347 ulla
1566 3293 1771 3349 interim
1793 3302 1916 3348 ante
1941 3300 2174 3348 coactam
2206 3290 2479 3363 synodum,
2504 3305 2914 3364 communemque
2939 3289 3188 3364 ejusdem,
3213 3307 3328 3365 qua
3346 3289 3411 3348 de
3429 3289 3639 3347 erunibus

395 3389 572 3448 danda
591 3397 740 3453 esset,
763 3387 1090 3450 sententiam,
1117 3381 1265 3455 ﬁeret
1288 3385 1529 3459 privatim
1559 3403 1591 3439 a
1617 3384 2011 3467 quibuscumque
2029 3383 2312 3438 innovatio.
2352 3379 2680 3437 Consulebat
2716 3380 2923 3438 scilicet
2960 3381 3243 3450 Nestorio,
3275 3396 3434 3454 quem
3461 3380 3638 3451 alioqui

394 3482 663 3542 Sententia
689 3481 832 3538 sedis
860 3478 1172 3552 apostolica:
1191 3479 1259 3539 de
1283 3494 1383 3536 suo
1411 3479 1549 3535 solio
1577 3485 1693 3534 erat
1721 3477 2017 3550 dejectura.
2057 3476 2252 3533 Datum
2280 3482 2363 3534 est
2394 3474 2629 3534 edictum
2652 3474 3120 3550 Constantinopoli
3146 3495 3241 3536 xm
3270 3478 3379 3536 ιιι.
3407 3474 3637 3538 Decenb.

396 3575 702 3634 Theodosio
730 3587 824 3631 xui
852 3581 908 3631 et
935 3559 1310 3630 Valentiniano
1338 3588 1395 3627 ru
1425 3571 1537 3626 AA.
1568 3569 1673 3627 CC.
1844 3580 1845 3583 ‘

466 3666 801 3724 EvocatOriae
828 3666 1099 3724 communi
1128 3663 1194 3719 ad
1218 3661 1476 3738 Cyrillum
1500 3663 1677 3720 missae
1706 3662 1951 3720 comitari
1979 3662 2150 3720 voluit
2170 3662 2465 3734 imperator
2491 3661 2726 3734 privatas
2745 3662 2968 3731 litteras,
2990 3664 3185 3734 quibus
3203 3663 3636 3735 perturbationem

396 3757 665 3824 Ecclesiae,
718 3764 979 3817 tentatum
1016 3758 1268 3828 Augustae
1308 3755 1501 3812 domus
1540 3755 1886 3811 concordiam
1910 3795 1926 3822 ,
1974 3754 2245 3810 curiosam
2288 3767 2470 3811 rerum
2518 3752 2813 3812 alienarum
2843 3754 3243 3827 inquisitionem
3267 3795 3285 3823 ,
3314 3756 3635 3828 impotentem

400 3851 713 3907 dominandi
740 3846 1111 3920 cupiditatem,
1143 3848 1392 3907 acerbam
1422 3848 1889 3918 inconsultamquc
1917 3846 2111 3917 agendi
2139 3847 2403 3903 rationem
2420 3889 2436 3914 ,
2479 3847 2693 3917 aliaque
2716 3847 2915 3919 obiecit
2934 3864 3042 3906 non
3067 3848 3247 3906 minus
3272 3848 3479 3919 gravia;
3504 3861 3637 3906 eom-

400 3943 650 4007 minatus,
680 3940 727 3998 si
755 3950 1004 4013 pergeret
1028 3943 1172 3999 ciere
1199 3943 1402 4006 turbas,
1435 3947 1492 3996 ut
1521 3938 1657 3997 iram
1685 3942 2023 4012 experiretur
2047 3940 2324 4012 principis,
2357 3940 2509 4011 cujus
2535 3941 2913 3999 benevolentia
2941 3943 3140 3999 abusus
3167 3950 3333 4000 esset.

468 4034 697 4108 Cyrillus
726 4035 950 4112 objectis
976 4035 1288 4090 criminibus
1315 4048 1423 4089 non
1466 4033 1615 4105 prius
1651 4049 1711 4089 se
1749 4032 2086 4106 purgandum
2121 4034 2262 4103 apud
2291 4033 2651 4090 Theodosium
2679 4034 2932 4104 credidit,
2974 4051 3138 4106 quam
3164 4036 3397 4108 synodus
3421 4032 3631 4090 absoluta

400 4132 562 4193 esset,
595 4135 748 4183 utne
771 4126 1066 4196 videretur,
1095 4134 1190 4181 aut
1214 4125 1431 4181 veniam
1455 4124 1733 4197 deprecari
1762 4132 1856 4179 aut
1877 4123 2137 4193 judicium
2167 4125 2459 4183 declinare.
2498 4124 2555 4181 Id
2584 4141 2748 4198 porro
2770 4127 2913 4197 quod
2939 4127 3007 4184 de
3031 4126 3327 4199 cupiditate
3356 4121 3636 4183 dominandi

401 4222 674 4293 objcetum
701 4226 783 4275 est
811 4219 879 4275 ab
906 4219 1262 4290 imperatore,
1303 4217 1487 4274 nescio
1526 4232 1634 4293 quo
1663 4225 1822 4288 pacto
1841 4208 2231 4274 Alexandrinis
2257 4217 2371 4275 fere
2398 4219 2648 4276 omnibus
2676 4220 2938 4293 episcopis
2964 4220 3248 4276 adlucscrit
3273 4238 3287 4274 :
3318 4233 3442 4274 nam
3466 4224 3519 4273 et
3540 4215 3636 4287 ipse

402 4317 727 4376 Athanasius
752 4312 893 4385 apud
917 4312 1331 4368 Constantinum
1358 4312 1660 4383 postulatus
1686 4319 1767 4367 est
1795 4318 2062 4383 usurpatae
2098 4311 2154 4367 in
2182 4308 2474 4384 [Egypttnn
2510 4311 2661 4369 laica:
2686 4314 2965 4383 potestatis
2982 4353 2998 4378 ,
3029 4319 3083 4369 et
3119 4313 3372 4369 Socrates
3397 4312 3463 4368 de
3486 4308 3627 4366 Theo-

401 4410 552 4487 philo
577 4407 801 4480 ipsoque
825 4404 990 4459 etiam
1022 4400 1224 4475 Cyrillo
1251 4402 1365 4460 haec
1377 4402 1568 4459 habet:
1596 4401 1723 4457 Post
1743 4413 1953 4458 mortem
1988 4402 2257 4475 Themi/iiii
2283 4402 2511 4474 Cyrinus
2531 4404 2589 4458 in
2616 4403 2735 4458 sede
2761 4404 3038 4477 episcopali
3064 4404 3638 4487 collocants,episcopat_lt

390 4484 592 4573 'potitns
618 4506 714 4564 est,
746 4494 1091 4567 majorcmmte
1115 4494 1480 4566 principatum,
1505 4510 1657 4566 quam
1684 4509 1926 4565 umquam
1955 4488 2268 4565 Theophilus
2295 4493 2572 4560 habuisset,
2596 4496 2794 4565 pariter
2820 4493 2920 4549 sibi
2947 4496 3238 4567 assumpsit.
3261 4491 3465 4550 Etenim
3482 4507 3541 4548 ea:
3564 4484 3640 4544 ἰηο

401 4601 625 4660 tempore
646 4588 913 4659 episcOpns
931 4585 1335 4648 Alexandrinus,
1352 4594 1540 4655 praeter
1550 4584 1687 4638 sacri
1709 4583 1831 4638 cieri
1854 4582 2196 4648 dominatum,
2212 4599 2386 4639 rerum
2405 4593 2655 4656 praeterea
2670 4585 2997 4643 scutarium
3015 4586 3359 4661 principatum
3379 4582 3627 4658 acquisivit

430 4730 435 4737 .
474 4678 745 4751 Edictum,
769 4675 1110 4747 imperatoris
1152 4675 1427 4746 prtevertit
1467 4674 1767 4741 Nestorius,
1814 4674 1929 4730 suis
1972 4673 2041 4729 ad
2078 4672 2431 4733 leestinum
2467 4677 2710 4746 litteris,
2737 4677 2936 4748 quibus
2970 4674 3230 4751 Cyrillum
3254 4682 3312 4733 et
3330 4674 3628 4750 perm-insit.

403 4772 559 4844 quasi
587 4771 729 4827 male
755 4769 858 4826 sibi
884 4769 1132 4826 conscius
1159 4775 1423 4823 metueret
1449 4766 1640 4840 synodi
1669 4765 1737 4821 de
1779 4768 1975 4824 libellis
2015 4770 2072 4825 iu
2110 4783 2170 4827 se
2206 4768 2399 4825 oblatis
2420 4768 2716 4839 judicium;
2743 4776 2801 4825 et
2825 4769 3097 4826 accusavit
3119 4768 3371 4840 malignas
3391 4767 3630 4839 cujusdam

403 4862 880 4936 tergiversationis,
910 4872 1247 4932 morosmquc
1276 4860 1663 4926 inconstantiae,
1693 4874 1795 4930 qua
1824 4874 1951 4915 mox
1977 4874 2165 4918 vocem
2187 4862 2510 4937 Χριστοτὸκῳ
2530 4861 2808 4931 rejiceret,
2825 4860 2987 4918 modo
3016 4861 3083 4916 ad
3104 4860 3313 4919 libitum
3340 4859 3653 4917 admitteret.-

410 4956 711 5015 Artiflc'iose
738 4963 923 5035 postea
947 4952 1257 5023 pontificem
1280 4952 1544 5019 hortatur,
1593 4953 1663 5009 ad
1700 4966 1928 5023 eompon

2121 4976 2125 5008 ι
2166 4954 2313 5008 litem
2351 4953 2491 5009 inter
2516 4952 2837 5009 dimicantes
2865 4951 2934 5010 de
2959 4953 3182 5028 Θεοτόκῳ
3210 4960 3266 5008 et
3292 4951 3639 5032 ἄνθρωποτόιιῳ

409 5062 607 5124 partes,
635 5050 892 5121 iubendo,
924 5048 1177 5118 singulas,
1209 5044 1417 5115 objecta
1447 5061 1544 5102 sua
1565 5046 1651 5099 illa
1681 5060 1801 5115 qua:
1828 5060 2019 5114 purum
2049 5046 2216 5099 Deum
2238 5045 2321 5099 vel
2351 5056 2544 5114 purum
2568 5043 2842 5099 hominem
2865 5042 3170 5113 significare
3192 5051 3380 5114 posset
3395 5056 3551 5108 voce,
3579 5038 3642 5093 uti

405 5148 588 5213 tertia,
637 5130 974 5221 χριοίτοτὸκῳ,
1020 5155 1140 5210 qua:
1178 5139 1454 5215 utriusque
1500 5136 1719 5193 alterius
1765 5138 1873 5192 vim
1917 5137 1971 5191 in
2016 5152 2075 5191 se
2119 5135 2457 5206 conjunctam
2494 5135 2711 5191 habeat.
2760 5135 3000 5205 Denique
3028 5134 3338 5191 indictama
3365 5129 3641 5191 Theodosio

408 5234 714 5307 generalem
751 5232 1014 5304 synodum
1052 5227 1252 5295 monet,
1296 5229 1453 5297 idque
1489 5229 1697 5294 callide,
1741 5229 1899 5284 velut.
1922 5228 2183 5283 insultans
2220 5225 2479 5296 pontiﬁci,
2522 5226 2595 5293 ob
2629 5225 2956 5282 declinatam
2992 5225 3162 5297 ipsius
3196 5223 3533 5281 sententiam.

479 5327 651 5395 Quem
690 5336 821 5380 vero
866 5330 1066 5378 metum
1114 5320 1400 5392 efﬁngebat
1440 5320 1677 5392 Cyrillo,
1718 5327 2042 5390 conceperat
2083 5318 2136 5374 in
2179 5332 2238 5373 se
2275 5317 2394 5388 ipse
2425 5317 2729 5386 ingentem,
2768 5325 2992 5388 propter
3017 5313 3438 5382 conscientiam;
3464 5310 3637 5369 necita

409 5423 689 5480 continere
732 5418 945 5489 potuit.
992 5421 1482 5487 quantumcumque
1529 5413 1805 5469 obnitente
1848 5412 2133 5483 superbia,
2181 5412 2312 5483 quin
2356 5409 2611 5480 proderet
2656 5398 2913 5465 Cadestio
2978 5406 3389 5476 Pelagianarum
3432 5403 3637 5477 partium

410 5511 641 5579 ductori,
672 5512 822 5581 cujus
843 5506 1104 5573 dolorem,
1132 5507 1201 5563 oh
1230 5505 1477 5562 exsilium
1499 5521 1531 5560 a
1559 5502 1868 5558 Theodosio
1896 5503 2213 5574 imperatum
2230 5542 2246 5569 ,
2294 5499 2583 5557 consolans
2617 5497 2867 5570 exemplo
2895 5505 3208 5553 sanctorum
3235 5492 3634 5567 persecutionem

415 5618 695 5676 passorum
717 5644 732 5668 ,
783 5602 970 5657 eodem
1014 5598 1263 5668 exemplo
1311 5594 1497 5653 scribit
1532 5611 1592 5651 se
1637 5594 1965 5662 sustentari,
2015 5596 2271 5652 adversus
2306 5594 2643 5662 ingruentem
2687 5591 2953 5648 malorum
2996 5588 3290 5664 procellam
3313 5606 3340 5676 Δε
3378 5583 3631 5660 Siquidem

414 5673 605 5765 inquit,
631 5694 861 5764 epistolas
886 5694 1058 5748 missae
1084 5690 1332 5762 episcopis
1362 5704 1393 5745 α
1419 5689 1637 5745 concilio
1661 5685 1971 5757 Occidentis,
2004 5699 2053 5746 et
2080 5688 2144 5745 ab
2170 5686 2523 5744 Alexandrino
2548 5685 2724 5743 multis
2752 5685 3033 5757 rescriptis,
3062 5673 3629 5740 nostrnm’nobiaml

412 5790 578 5847 ἵκει-νε
601 5787 923 5847 sententiam.
953 5796 1054 5841 etc.
