3866 6244
152 224 232 280 72!
629 221 1006 280 PRxEF-ATIO
1044 222 1112 278 lN
1151 221 1522 279 SECUNDAM
1562 221 1838 278 PARTEM
1879 220 2157 277 OPERUM
2201 221 2392 277 MAR“
2435 221 2894 278 bIl'BC’i'l'ORlS.
3276 221 3387 276 τε.λέ

150 336 327 390 tionem
372 331 506 386 dixit
549 331 618 387 de
645 333 848 387 unitate
874 329 1069 387 Christi
1097 333 1257 403 plane
1285 333 1651 388 admirabilem
1678 352 1690 387 :
1725 341 1850 389 tunc
1882 335 2032 390 lectae
2061 331 2322 389 Theodoti
2350 333 2584 409 hon'tilin:
2612 333 2748 397 (line,
2773 334 2964 402 quibus
2993 333 3124 388 nihil
3151 349 3249 404 par
3274 340 3386 390 tam

147 425 336 482 erudito
355 423 544 479 seculo
572 423 830 493 scriptum
855 431 955 478 est.

210 519 278 574 llli
305 517 400 588 ipsi
426 517 534 571 duo
559 515 741 570 eximii
776 516 1031 586 episcopi,
1066 515 1374 570 Theodotus
1403 513 1626 586 Ancyrae
1655 521 1712 571 et
1748 514 1972 571 Aeacius
1999 515 2292 583 Melitenes,
2322 531 2421 586 pro
2456 516 2673 586 antiqua
2700 516 3020 574 necessitate
3056 516 3236 572 conati
3266 529 3391 572 sunt

148 611 424 669 Nestorium
451 607 735 676 colloquiis
761 607 1025 663 adducere
1052 607 1122 662 ad
1149 621 1489 662 communem
1515 623 1637 662 cum
1666 607 1904 663 Ecclesia
1942 609 2284 676 sententiam,
2339 607 2434 662 scd
2479 605 2672 663 frustra
2711 625 2724 662 :
2767 623 2889 662 nam
2923 606 3098 662 triduo
3139 614 3268 662 ante
3309 607 3391 661 in-

150 705 373 761 choatam
399 697 663 770 synodum
703 697 1023 752 audiverunt
1066 697 1134 752 ab
1159 711 1226 752 eo
1264 697 1459 768 impias
1497 697 1616 753 illas
1651 712 1830 760 voces,
1871 712 1990 767 quae
2029 698 2239 752 cunctis
2265 705 2456 768 postea
2483 698 2764 753 horrorem
2795 697 3073 753 fecerunt:
3105 696 3270 751 Deum
3297 713 3393 770 ego

153 799 430 860 iimestrem,
456 800 546 847 aut
567 793 870 847 trimestrem
894 806 996 846 non
1016 791 1149 858 colo,
1172 805 1264 844 nec
1285 807 1399 844 eum
1425 793 1511 862 qui
1534 792 1664 864 fugit
1684 792 1738 845 in
1756 787 2066 863 Egyptum.
2094 790 2426 846 Audirerunt
2449 800 2503 846 et
2521 791 2619 846 has
2640 791 2774 846 alias
2794 791 2862 847 ab
2882 792 3049 863 ipsius
3069 791 3388 849 comitibus:

151 888 271 945 Alius
284 897 358 943 est
381 887 468 959 qui
492 901 694 957 passus,
719 883 851 938 alius
879 884 965 954 qui
993 881 1218 938 Verbum
1236 881 1364 948 Dei;
1389 891 1440 938 et
1463 882 1637 939 Judaei
1666 885 1923 938 hominem
1952 884 2340 952 cruci/inerunt,
2364 899 2468 938 non
2491 879 2676 938 Deum.

206 979 326 1037 Cum
352 981 420 1036 de
446 978 788 1035 cunctatione
811 976 1034 1032 Joannis
1060 984 1417 1047 quererentur
1445 975 1634 1032 Patres
1660 977 1802 1046 apud
1829 977 1965 1032 duos
1992 971 2276 1048 episcopos
2305 977 2374 1033 ab
2403 979 2520 1049 ipso
2553 978 2877 1049 pneitzissos,
2903 978 3146 1033 dixerunt
3172 977 3256 1031 illi
3290 991 3396 1032 non

152 1075 299 1141 semel,
327 1073 418 1130 sed
444 1071 634 1144 stt-pius
657 1087 677 1126 :
705 1085 971 1128 sumetur
999 1086 1174 1132 sonis,
1207 1085 1277 1125 nr
1307 1085 1519 1124 rte-rut
1548 1083 1677 1125 vssr

1872 1087 2086 1127 υιοεδιῦε
2123 1087 2190 1126 ΝΕ
2227 1087 2463 1128 ετδοιυκ
2493 1087 2857 1138 'PROROGETIS,
2900 1087 2948 1127 81
2983 1087 3137 1127 "Si?!
3173 1083 3399 1127 AMPLIUS

153 1177 370 1226 rixosae
397 1173 747 1230 contorum;
774 1177 871 1220 seu
891 1178 1096 1228 POTIUS,
1127 1178 1263 1227 quon
1287 1179 1418 1219 erus
1437 1180 1534 1219 ns'r
1561 1179 1753 1227 more,
1784 1182 1835 1220 in
1857 1183 2000 1221 nn.
2031 1167 2157 1222 Cum
2187 1168 2295 1221 hac
2321 1167 2397 1222 illi
2421 1171 2822 1233 renuntiassent,
2854 1175 3088 1240 certoque
3115 1175 3395 1229 constaret,

155 1270 238 1315 tam
255 1272 320 1314 e1:
340 1273 488 1313 mora
509 1271 661 1327 quam
679 1271 744 1310 ex
768 1257 833 1308 iis
851 1269 967 1327 qua
994 1257 1230 1309 nuntiata
1262 1256 1467 1325 fuerant
1485 1257 1646 1325 ipsius
1667 1259 1892 1322 nomine,
1915 1276 2030 1313 eum
2059 1259 2343 1316 detrectare
2369 1276 2695 1326 consessum;
2725 1262 2803 1316 vel
2843 1262 2979 1333 quod
3006 1261 3250 1315 anticititc
3290 1273 3403 1328 quia

152 1354 232 1425 ipsi
251 1368 359 1407 cum
388 1347 632 1405 Nestorio
649 1347 998 1403 intercedebat
1017 1345 1336 1420 indulgeret;
1371 1351 1447 1404 rel
1468 1349 1603 1422 quod
1637 1352 1681 1404 is
1709 1349 1960 1406 Ecclesia.
1987 1369 2095 1408 suae
2125 1355 2279 1424 fuerit
2311 1354 2564 1415 clericus;
2595 1353 2674 1408 rel
2701 1354 2859 1407 etiam
2902 1351 3036 1423 quod
3064 1348 3402 1422 quorumdam

153 1464 231 1519 pro
247 1445 330 1499 illo
352 1441 794 1516 deprecationibus
816 1457 1009 1497 morem
1029 1450 1243 1514 gereret,
1261 1452 1443 1497 sancta
1463 1444 1691 1515 synodus
1710 1444 1766 1497 in
1787 1427 1976 1516 magna
2002 1443 2196 1517 Ephesi
2215 1445 2449 1512 ecclesia,
2467 1462 2580 1519 qam
2599 1445 2891 1518 appellatur
2909 1442 3104 1511 Maria,
3124 1443 3406 1498 sessionem

154 1536 417 1594 celebrarit.
2873 1595 2876 1600 .

210 1626 333 1682 Cum
360 1638 489 1694 ergo
518 1623 768 1680 Patribus
807 1623 1113 1679 condictum
1141 1630 1285 1680 esset
1310 1623 1378 1680 ad
1415 1623 1712 1681 Ecclesiam
1762 1640 1883 1695 quae
1928 1626 2094 1683 Maria
2120 1627 2402 1684 dicebatur
2429 1627 2700 1701 (sanetam
2748 1636 2804 1685 ct
2841 1626 3122 1698 Deiparam
3157 1630 3408 1698 vocatam

156 1719 341 1776 videtur
365 1719 560 1776 docere
579 1716 867 1792 Cyrinus),
890 1717 1046 1788 petiit
1065 1715 1342 1773 Nestorius
1371 1718 1567 1787 aperiri
1595 1719 1706 1774 suis
1733 1719 2016 1776 ecclesiam
2049 1721 2220 1776 sancti
2250 1720 2479 1792 apostoli
2507 1719 2746 1786 Joannis,
2779 1719 2870 1776 ubi
2915 1717 3275 1775 considerent.
3305 1713 3413 1769 Ne-

157 1813 282 1884 gavit
298 1812 544 1893 Memnon
575 1811 929 1883 Ephesiorum
951 1809 1256 1880 episcOpus,
1280 1810 1594 1880 obstititque
1623 1810 1778 1883 plebs
1803 1811 2005 1881 Virgini
2023 1811 2262 1880 devota;
2293 1820 2348 1868 et
2387 1814 2512 1890 hinc
2547 1813 2780 1882 querelae
2819 1811 3129 1880 frequenter
3155 1806 3409 1873 Nestorii,

159 1908 291 1978 quasi
315 1921 412 1980 per
433 1889 755 1962 seditionem
776 1902 1025 1974 repulsus
1051 1909 1214 1959 esset.
1247 1901 1420 1974 Hujus
1450 1911 1608 1956 tanta:
1632 1903 1920 1970 seditionis,
1945 1904 2137 1974 inquit,
2162 1915 2343 1960 auctor
2359 1913 2411 1960 et
2436 1888 2807 1976 antesignanus
2836 1904 2936 1977 fuit
2962 1901 3210 1956 Memnon
3234 1897 3411 1970 Ephe-

157 2003 333 2055 siorum
350 2000 647 2072 episcopis;
669 1999 752 2051 hic
770 1998 958 2052 etenim
984 2004 1194 2050 sanctas
1215 1995 1478 2062 ecclesias,
1501 2004 1891 2068 sanctorumque
1909 2005 2195 2068 martyrum
2218 1995 2373 2062 (edes,
2397 2006 2447 2051 et
2467 2005 2855 2052 sacrosanctam
2890 1993 3111 2066 apostoli
3141 1989 3413 2047 basilicon:

161 2090 290 2145 nobis
316 2090 591 2163 pratclu‘sit,
618 2100 675 2142 ut
711 2105 874 2161 neque
892 2083 1147 2143 hostiliter
1175 2088 1386 2158 agitatis
1413 2088 1704 2158 perfugiunt
1725 2087 1886 2142 ullum
1912 2088 1984 2143 ad
2011 2105 2099 2144 επ
2127 2098 2328 2162 potest;
2357 2088 2439 2144 hic
2467 2106 2582 2145 rora
2611 2104 2856 2161 magnam
2887 2087 3156 2162 ecclesiam
3193 2072 3414 2156 aperuit,

160 2183 475 2260 idoneamque
501 2181 762 2237 consessui
789 2178 961 2234 sedem
988 2177 1177 2233 ibidem
1197 2179 1540 2249 prtepararit;
1570 2179 1715 2232 nobis
1745 2189 1916 2234 mrtem
1943 2180 2175 2234 omnibus
2204 2191 2417 2235 mortem
2443 2189 2520 2234 est
2544 2181 2925 2234 interminatus.

224 2269 369 2330 Actio
386 2273 557 2344 prima
579 2272 659 2328 sic
679 2285 738 2326 se
765 2270 968 2326 habuit.
996 2262 1195 2325 Diebus
1222 2268 1494 2324 sexdecim
1516 2277 1639 2339 post
1667 2270 1807 2347 diem
1831 2271 2133 2327 condictum
2157 2272 2224 2328 ab
2250 2273 2593 2342 imperatore,
2617 2287 2739 2328 cum
2755 2273 2948 2327 citatus
2968 2269 3202 2338 legitime
3230 2266 3422 2323 fuisset

164 2360 436 2432 Nestorius,
463 2364 556 2436 qui
583 2365 770 2418 venire
799 2361 988 2427 noluit,
1011 2361 1151 2418 lecta
1181 2369 1262 2417 est
1291 2362 1523 2431 primum
1552 2362 1684 2417 lides
1703 2361 1939 2418 Nicaeus
1966 2365 2188 2436 synodi;
2215 2372 2327 2420 tum
2357 2380 2507 2420 sacra
2534 2364 2906 2435 imperatoris;
2938 2359 3277 2432 postmodum
3299 2355 3419 2427 epi-

165 2459 289 2514 stola
317 2457 545 2513 secunda
574 2453 758 2527 Cyrilli
789 2453 856 2509 ad
883 2449 1210 2516 Nestorium,
1247 2450 1481 2508 Nestorii
1508 2452 1742 2508 secunda
1770 2451 1837 2508 ad
1869 2450 2160 2526 Cyrillum;
2198 2455 2392 2511 deinde
2434 2454 2706 2512 Coelestini
2753 2454 2817 2510 ad
2863 2453 3167 2509 Nestorium
3205 2450 3417 2513 litterze,

163 2548 436 2622 Cyriiliquc
474 2545 868 2605 denuntiatoria
900 2562 1021 2602 cum
1049 2545 1536 2613 anathematismis;
1567 2547 1782 2602 tandem
1827 2556 2081 2619 excerpta
2113 2563 2179 2603 ex
2217 2549 2368 2605 libris
2405 2549 2672 2616 Nestorii;
2722 2548 3099 2617 contrariaque
3137 2542 3422 2600 duodecim

167 2643 366 2698 Patrum
394 2642 756 2708 antiquiorum
785 2637 1114 2695 testimonia.
1144 2635 1386 2706 Denique
1405 2646 1529 2708 post
1568 2637 1758 2693 lectam
1788 2637 2039 2709 Capreoli
2063 2636 2500 2709 Carthaginensis
2526 2639 2812 2710 epistolam
2849 2636 2918 2691 ad
2958 2633 3244 2706 synodum,
3272 2629 3422 2686 occi-

165 2732 314 2787 dente
327 2731 435 2802 jam
457 2731 589 2796 sole,
621 2728 731 2785 lata
758 2738 839 2784 est
858 2727 911 2782 in
937 2738 1332 2792 contumacem,
1361 2726 1716 2799 depositionis
1742 2735 1903 2796 atque
1932 2729 2499 2785 excommunicationis
2519 2731 2621 2784 ista
2643 2729 2932 2784 sententia.
2965 2726 3162 2780 Sancta
3194 2721 3426 2796 synodus

168 2821 325 2878 dixit:
356 2821 478 2878 Cum
507 2829 698 2893 printer
723 2827 910 2875 cetera
940 2817 1276 2889 impiissimus
1303 2815 1351 2871 Ν
1359 2819 1600 2881 cstorius,
1623 2834 1784 2889 neque
1811 2828 2003 2873 nostrae
2026 2821 2262 2874 citationi
2286 2837 2487 2892 parere,
2524 2835 2683 2892 neque
2709 2819 3062 2874 sanctissimos
3086 2813 3426 2887 religiosissi-

167 2935 362 2994 mosque
384 2919 651 2992 episcopos
679 2917 711 2970 lt
733 2914 879 2971 nobis
905 2913 1190 2968 destinatos
1213 2912 1480 2967 admittere
1500 2911 1733 2979 coluerit,
1766 2929 1868 2968 non
1891 2914 2148 2986 potuimus
2177 2912 2245 2968 ad
2271 2931 2446 2978 eorum
2475 2930 2588 2986 qua!
2604 2915 2760 2985 impie
2788 2913 2961 2967 docuit
2987 2909 3425 2965 nominationem

170 3016 382 3069 optimum
406 3028 508 3068 non
530 3009 832 3084 adjungere.
860 3006 1306 3080 Deprehendentes
1327 3008 1514 3079 itaque,
1537 3007 1726 3077 partim
1748 3023 1812 3061 ex
1837 3007 2018 3062 litteris
2055 3008 2531 3079 commentariisque
2558 3009 2737 3078 ipsius,
2789 3007 2976 3076 partim
3004 3020 3069 3057 ea:
3106 2998 3425 3056 sermonibus

168 3115 286 3175 quos
309 3103 600 3176 nuperrime
628 3103 681 3154 in
710 3100 807 3154 hac
836 3097 1178 3170 Ephesiorum
1205 3100 1474 3167 metropoli
1503 3096 1698 3162 habuit,
1743 3100 1922 3169 quique
1965 3101 2266 3159 testimoniis
2311 3101 2554 3170 comperti
2590 3109 2730 3162 sunt,
2763 3098 2910 3152 illuni
2963 3096 3120 3167 impie
3162 3095 3352 3149 sentire
3377 3097 3431 3145 et

169 3196 455 3266 medicare,
488 3193 653 3248 coacti
692 3207 784 3264 per
819 3201 997 3246 sacros
1032 3205 1253 3244 canones
1291 3199 1340 3243 et
1374 3190 1643 3258 epistolam
1685 3191 2000 3245 sanctissimi
2029 3193 2208 3262 fratris
2240 3194 2403 3247 nostri
2430 3202 2479 3246 et
2502 3192 2840 3247 comministri
2863 3188 3123 3245 Caelestini
3171 3186 3427 3243 Romamn

170 3284 407 3342 Ecclesia
429 3283 676 3355 episcopi,
702 3282 944 3353 lecrgmis
964 3279 1181 3335 subinde
1207 3281 1425 3352 perfusi,
1457 3281 1526 3334 ad
1554 3280 1816 3352 lugubrem
1845 3281 1980 3336 hanc
2007 3291 2190 3338 contra
2210 3299 2322 3336 eum
2352 3284 2659 3339 sententiam
2681 3283 2970 3336 necessario
2990 3279 3235 3334 resimas.
3256 3276 3429 3349 Igitur

171 3374 412 3433 Dominus
436 3386 611 3433 noster
628 3375 778 3431 Jesus
807 3372 1059 3439 Christus,
1091 3389 1239 3445 quem
1269 3374 1376 3426 suis
1410 3371 1496 3426 ille
1524 3372 1833 3444 blasphemis
1869 3372 2074 3428 uocibus
2110 3376 2375 3444 impetivit,
2425 3392 2518 3445 per
2564 3375 2945 3429 sanctissimam
2998 3373 3130 3426 hanc
3175 3368 3431 3441 synodum

169 3470 388 3526 eumdem
415 3468 717 3525 Nestorium
745 3467 1023 3538 episCOpali
1073 3465 1325 3537 dignitate
1364 3466 1617 3537 privatum
1667 3473 1718 3518 et
1763 3463 1828 3518 ab
1872 3468 2109 3521 universo
2148 3465 2472 3522 sacerdotum
2521 3467 2774 3521 consortio
2803 3473 2852 3520 et
2897 3472 3026 3520 metu
3053 3461 3279 3517 alienum
3322 3471 3436 3515 esse

171 3559 376 3630 deﬁnit-
2848 3566 2852 3572 ’
3127 3619 3134 3624 1

238 3650 359 3708 [huc
385 3649 574 3706 eadem
597 3646 864 3704 sententia
893 3645 1152 3718 postridie
1179 3645 1474 3715 signiﬁcata
1497 3653 1580 3701 est
1609 3644 1661 3700 in
1683 3647 1826 3702 hunc
1854 3647 2070 3702 modum
2097 3667 2109 3700 ε
2145 3647 2344 3704 Sancta
2371 3648 2597 3720 synodus
2626 3647 2725 3703 Dei
2748 3649 2918 3720 gratia
2939 3647 3094 3719 juxta
3117 3644 3437 3717 religiosissi-

171 3757 361 3796 tnorunt
389 3739 1032 3809 christianissimorumque
1057 3738 1420 3806 imperatorum
1449 3743 1740 3790 nostrorum
1771 3740 2016 3790 statutum
2043 3738 2097 3791 in
2129 3735 2470 3808 Ephesiorum
2504 3737 2772 3808 metropoli
2811 3743 3140 3808 congregata,
3189 3731 3436 3789 Nestorio

171 3829 487 3884 "volatile.
509 3829 748 3899 Agnosce
777 3835 822 3881 te
838 3834 1046 3898 propter
1067 3825 1254 3895 impias
1274 3825 1667 3896 pra-dicationes
1696 3835 1810 3879 tuas
1840 3835 1889 3878 et
1921 3827 2190 3882 adversum
2224 3845 2443 3885 canones
2485 3830 2883 3893 contumaciam,
2923 3829 3166 3898 rigesimo
3204 3825 3431 3882 secundo

172 3917 252 3974 de
268 3923 453 3976 mensis
484 3919 631 3975 Junii
660 3919 945 3990 prasentis,
987 3917 1145 3990 juxta
1173 3916 1636 3972 ecclesiasticarum
1661 3920 1983 3981 sanctionum
2025 3919 2246 3986 decreta,
2279 3938 2311 3974 α
2352 3930 2537 3976 sancta
2562 3921 2759 3993 synodo
2814 3919 3119 3993 depositum,
3170 3928 3321 3990 atque
3368 3918 3435 3974 ab

171 4016 307 4068 omni
334 4013 678 4068 ecclesiastico
695 4009 859 4083 gradu
881 4010 1107 4065 alienum
1134 4026 1264 4064 esse.
2320 4025 2321 4032 η

234 4103 317 4160 Eo
354 4105 474 4175 ipso
510 4102 600 4160 die
636 4099 1000 4157 Candidianus
1036 4115 1220 4157 comes
1259 4101 1444 4158 retulit
1472 4096 1537 4156 ad
1567 4101 1950 4172 imperatorem
1977 4102 2046 4160 de
2083 4104 2248 4173 gestis
2273 4102 2328 4158 in
2356 4103 2618 4170 concilio;
2657 4104 2841 4158 retulit
2865 4109 2920 4158 et
2945 4102 3243 4168 Nestorius,
3275 4100 3444 4157 ambo

171 4193 499 4252 hendeciter
521 4212 534 4248 :
560 4192 654 4250 sed
681 4200 861 4248 tamen
888 4193 981 4258 ita,
1009 4199 1068 4247 ut
1097 4193 1332 4247 animum
1363 4191 1653 4248 Theodosii
1668 4191 1780 4262 jam
1811 4209 2038 4264 pronum
2069 4195 2123 4250 in
2151 4193 2474 4262 Nestorium,
2507 4201 2563 4250 et
2600 4208 2846 4248 aversum
2875 4208 2906 4248 a
2950 4191 3152 4266 Cyrillo
3198 4206 3434 4247 commo-

171 4295 358 4345 verent
381 4289 436 4343 in
464 4293 634 4344 totum
668 4286 954 4358 synodum.
987 4283 1153 4342 Periit
1195 4283 1508 4341 Candidiaui
1551 4285 1776 4351 relatio;
1804 4283 1967 4342 fuisse
1986 4293 2166 4342 tamen
2195 4287 2416 4342 omnino
2440 4300 2731 4341 consonam
2754 4284 3002 4339 relationi
3027 4281 3277 4345 Nestorii,
3308 4296 3440 4336 con-

171 4384 277 4434 stat
296 4393 364 4434 ex
389 4393 544 4434 sacra
589 4389 689 4448 per
729 4374 1024 4432 Palladium
1049 4377 1118 4432 ab
1148 4377 1474 4447 imperatore
1499 4377 1681 4432 missa.
1715 4376 1996 4432 Nestorius
2032 4393 2195 4448 porro
2219 4385 2439 4447 questus
2468 4385 2568 4442 est,
2592 4377 2736 4446 quod
2757 4382 2936 4446 spreta
2959 4373 3183 4430 fuissent
3210 4373 3443 4443 impera-

171 4468 306 4525 toris
329 4469 613 4535 mandata;
645 4467 791 4539 quod
812 4479 1102 4540 occupatus
1127 4467 1351 4524 Joannis
1374 4467 1693 4524 Antiocheni
1716 4468 2008 4536 adventus;
2041 4471 2184 4539 quod
2213 4471 2393 4526 clausa
2423 4470 2525 4526 sibi
2553 4471 2769 4538 suisque
2791 4467 3018 4524 ecclesia
3047 4482 3078 4523 a
3116 4465 3434 4527 Memnone;

172 4562 317 4632 quod
342 4578 376 4618 ι
398 4563 607 4619 clericis
634 4571 689 4617 et
713 4562 990 4618 monachis
1014 4563 1096 4618 vis
1122 4564 1232 4618 suis
1262 4563 1440 4624 illata;
1470 4561 1614 4633 quod
1643 4562 1877 4632 denique
1905 4563 2085 4618 omnia
2123 4565 2438 4634 perturbate
2477 4563 2841 4632 seditioscqne
2875 4569 3192 4632 gererentur
3225 4577 3239 4613 :
3272 4573 3442 4628 quare

171 4650 280 4707 the
308 4651 464 4707 enixe
497 4650 834 4721 postulabat;
864 4651 1110 4717 alterum,
1139 4653 1439 4715 retractari,
1470 4667 1589 4722 qtne
1618 4651 1757 4708 facta
1777 4651 2018 4718 fuerant;
2063 4654 2308 4719 alterum,
2341 4652 2566 4709 formam
2603 4654 2741 4708 hanc
2770 4653 3028 4707 habendre
3072 4650 3260 4724 synodi
3305 4665 3443 4722 pne-

172 4739 354 4805 scribi,
385 4745 445 4793 ut
459 4739 684 4810 singulis
711 4739 1067 4812 metropolitis
1105 4741 1213 4796 duo
1239 4749 1443 4797 tantum
1489 4743 1729 4813 episcopi
1772 4741 2040 4799 adessent.
2074 4742 2129 4798 ld
2160 4745 2384 4813 urgebat
2410 4745 2537 4800 dolo
2566 4745 2725 4810 malo,
2757 4746 2956 4813 quippe
3004 4759 3112 4797 non
3140 4744 3354 4812 ignarus
3387 4743 3440 4797 in

174 4835 410 4910 Egypto
435 4832 808 4905 metropolitas
833 4849 941 4889 non
969 4846 1108 4900 esse,
1137 4833 1358 4906 perinde
1379 4850 1440 4889 ac
1464 4835 1519 4889 in
1545 4833 1763 4891 Oriente
1789 4845 1843 4892 et
1865 4837 1917 4890 in
1946 4836 2088 4902 Asia,
2123 4835 2476 4906 Thraciaque,
2515 4845 2571 4893 et
2598 4837 2818 4906 reliquis
2845 4835 3144 4892 faventibus
3170 4835 3272 4892 sibi
3298 4835 3437 4893 dim-

172 4928 405 4984 oesibus.

232 5019 449 5077 Eodem
474 5019 564 5074 die
585 5017 816 5092 synodus
853 5017 1066 5088 scripsit
1092 5018 1451 5074 illustrissimo
1483 5007 1750 5099 Euchario
1781 5019 2030 5076 Ecclesire
2062 5019 2665 5092 Constantinopolitana:
2694 5020 2982 5088 defensori,
3011 5021 3442 5094 presbyterisque

172 5120 230 5168 et
250 5111 571 5178 cconomis,
599 5127 663 5166 ac
688 5111 806 5166 aliis
834 5111 1044 5167 clericis
1062 5111 1406 5167 brevissimus
1433 5111 1656 5178 litteras,
1688 5111 1882 5180 quibus
1910 5113 2116 5169 monuit
2137 5112 2440 5184 depositum
2468 5129 2587 5170 esse.
2614 5113 2939 5179 Nestorium,
2976 5120 3030 5170 et
3062 5113 3287 5184 proinde
3324 5127 3442 5169 om-

171 5207 283 5277 nia,
322 5221 436 5281 qua
460 5209 531 5266 ad
549 5208 844 5265 Ecclesiam
875 5210 1207 5280 pertinerent
1231 5207 1600 5274 custodienda,
1624 5208 1796 5263 donec
1816 5208 2019 5264 electus
2054 5215 2196 5265 esset
2224 5209 2528 5279 episcopus,
2559 5209 2641 5263 cui
2673 5211 2813 5263 ratio
2841 5215 3160 5264 cunctorum
3189 5204 3444 5261 reddere-

173 5311 278 5360 tur.
303 5299 533 5373 Scripsit
561 5318 666 5358 una
681 5301 914 5376 'Cyrillus
935 5301 1197 5358 Dalmatia
1225 5299 1676 5366 archimandritze,
1707 5301 1924 5370 suisque
1951 5299 2416 5370 Constantinopoli
2444 5299 2651 5370 positis,
2679 5308 2738 5354 ut
2766 5298 3126 5367 intelligerent
3152 5295 3277 5366 quid
3300 5297 3441 5352 facto

171 5393 316 5452 fore!
343 5409 476 5466 Opus
503 5396 559 5451 in
578 5393 682 5451 hac
705 5411 885 5452 rerum
905 5394 1255 5451 conversione
1274 5407 1336 5447 ac
1356 5392 1778 5462 perturbatione,
1802 5390 2060 5446 moliente
2079 5389 2284 5447 scilicet
2311 5388 2662 5454 Candidiano,
2691 5404 2760 5444 ne
2791 5404 2972 5444 verum
3002 5389 3311 5460 imperatori
3346 5401 3441 5457 pa-

173 5489 335 5541 κύτει.
364 5484 643 5551 Quoniam,
672 5495 732 5540 ut
754 5485 1000 5551 intellexi,
1026 5484 1214 5553 inquit.
1240 5483 1513 5539 relationes
1535 5500 1567 5536 a
1587 5483 2097 5554 ntagniﬁcentissimo
2127 5484 2310 5538 comite
2335 5481 2656 5538 Candidiano
2680 5481 2869 5537 delatae
2888 5489 3027 5548 sunt,
3053 5483 3191 5536 caui
3213 5497 3276 5536 ac
3310 5480 3444 5552 uigi-

177 5576 344 5632 lltttes
370 5584 547 5644 estote,
578 5593 639 5630 ac
658 5575 832 5631 docete
849 5575 1240 5632 commentarios
1268 5592 1434 5629 rerum
1457 5577 1511 5629 in
1540 5573 1771 5631 Nestorii
1802 5575 2118 5644 depositione
2145 5584 2400 5645 gestorum
2429 5574 2657 5630 nondum
2693 5575 2918 5647 perfecte
2955 5575 3261 5646 perscriptas
3289 5591 3398 5630 esse
3416 5589 3436 5628 :

177 5662 316 5720 unde
342 5682 407 5724 ne
421 5666 498 5724 Ii!
517 5664 784 5736 religiosos
804 5665 1006 5737 quidem
1024 5669 1331 5739 victoresque
1352 5653 1678 5740 imperatores
1701 5676 1902 5723 nostros
1935 5669 2249 5732 relationem,
2274 5685 2387 5738 qua:
2406 5668 2538 5725 mitti
2561 5667 2726 5726 debet.
2747 5667 2916 5724 asilus:
2934 5667 3132 5723 mittere
3149 5669 3431 5736 petitiones,
