3866 6244
397 296 528 351 ,323
939 296 1304 356 ΡΜΕΙἋΤΙΟ
1345 299 1412 355 IN
1449 297 1819 355 SRCUNDMI
1859 297 1924 354 1νὲ

2182 295 2468 358 OPERUM
2509 300 2700 358 Milli]
2739 301 3196 362 MERCA'I‘ORIS.
3589 313 3685 369 ﬁl

427 420 482 462 ut
504 407 609 463 Deo
631 410 757 464 bene
776 413 976 481 furente
1003 429 1106 466 una
1129 429 1242 467 cum
1271 414 1651 466 commentariis
1675 412 1920 476 mittetur,
1945 415 1990 468 si
2012 410 2162 468 modo
2185 412 2331 467 nobis
2358 414 2558 468 mittere
2577 414 2731 469 liccat
2751 417 2836 486 qui
2857 418 3082 488 perferre
3101 425 3271 488 queat.
3301 417 3463 483 Quod
3487 421 3535 474 si
3571 439 3696 477 rom-

426 504 790 559 menlarierum
812 514 861 558 ct
889 506 1154 560 relationis
1183 507 1339 560 series
1371 505 1670 571 tartlarcrit,
1695 507 1874 560 sciatis
1902 523 1994 561 nos
2014 507 2285 578 quominus
2303 507 2564 560 mittamus
2594 506 2852 578 impediri.

490 592 798 649 l-labebatur
827 596 1117 651 Dalmatius
1145 611 1209 651 ea
1240 603 1559 665 tempestate
1586 596 1825 650 omnium
1856 596 2242 652 monachorum
2271 597 2660 661 sanctisSinius,
2687 603 2749 651 ut
2776 596 2867 665 qui
2893 602 3039 651 totos
3065 597 3424 667 quadraginta
3456 610 3580 656 octo
3608 616 3696 658 an-

426 698 522 740 nos
549 685 882 740 monasterio
912 683 1101 755 pedem
1127 689 1232 740 non
1257 684 1554 748 extulisset,
1586 684 1857 754 vitamque
1896 693 2082 756 ageret
2109 687 2365 756 angelicae
2393 701 2596 758 parem.
2629 685 2753 741 Fuit
2776 694 2956 741 autem
2981 683 3183 759 Cyrillo
3212 689 3466 746 addictus
3492 692 3550 750 in
3574 709 3697 763 pau-

421 778 516 838 cis,
546 771 744 832 Christi
769 776 946 832 studio
975 773 1245 832 communi
1271 776 1414 832 viros
1434 786 1650 832 sanctos
1679 776 2056 846 conjungcnte,
2091 793 2264 848 eoque
2291 777 2608 834 administro
2638 779 2778 836 Deus
2798 793 2913 834 rem
2944 781 3183 835 omnium
3207 780 3583 841 dillicillimam
3613 788 3698 843 ab-

417 865 597 936 solvit,
633 872 692 948 ut
720 875 906 935 postea
929 867 1158 923 dicetur.
3026 853 3028 858 ’

487 961 693 1030 Quibus
712 976 842 1017 vero
870 961 980 1016 suis
999 961 1270 1032 scripserit
1297 959 1543 1033 Cyrillus,
1576 960 1735 1046 docet
1761 961 2060 1017 litterarum
2087 961 2405 1046 inscriptio,
2443 963 2678 1019 Macario
2706 975 2755 1019 et
2783 962 3359 1043 Potamioniepiscopis
3382 1012 3398 1037 ,
3449 970 3701 1030 Timotheo

415 1064 467 1110 et
493 1053 715 1127 Eulogio
743 1055 1091 1128 presbyteris;
1121 1063 1179 1109 ut
1208 1054 1332 1111 inde
1358 1070 1552 1127 arguas
1579 1045 1870 1113 Baronium
1899 1061 2210 1128 opinantem
2241 1058 2532 1116 Macarium
2571 1069 2626 1117 ct
2652 1059 3024 1120 Potamioncm
3065 1082 3177 1122 non
3205 1066 3373 1125 fuisse
3401 1070 3697 1142 episcppos.

419 1144 498 1200 Ex
536 1154 773 1214 quatuor
802 1146 966 1216 igitur
992 1144 1262 1218 Egypt‘iis
1289 1147 1554 1218 episcopis
1576 1187 1592 1212 ,
1624 1149 1694 1204 ab
1733 1147 2094 1207 Alexandrina
2123 1151 2334 1224 synodo
2367 1153 2435 1209 ad
2459 1141 2768 1212 Nestorium
2795 1154 3320 1230 Constantinopolim
3343 1141 3573 1229 missis,
3593 1163 3702 1224 duo

422 1236 693 1308 Ephesum
709 1238 776 1295 ad
796 1239 1083 1295 concilium
1100 1239 1326 1310 profecti
1343 1249 1487 1305 sunt,
1506 1239 1907 1312 Theopemptus
1919 1243 1972 1298 et
1991 1242 2177 1300 Daniel
2195 1262 2210 1312 ;
2229 1244 2335 1300 duo
2355 1246 2707 1324 substiterunt
2723 1247 3210 1324 Constantinopoli,
3227 1254 3295 1309 ad
3317 1269 3412 1311 res
3426 1255 3697 1316 curandas

419 1326 681 1386 Macarius
705 1338 762 1385 et
791 1328 1074 1385 Potamion
1099 1348 1112 1384 :
1137 1329 1392 1399 Eulogius
1419 1346 1550 1387 vero
1579 1333 1624 1387 is
1649 1332 1764 1406 ipse
1784 1293 1876 1387 lea
1901 1331 1971 1388 ad
1993 1347 2156 1403 quem
2185 1293 2654 1394 commonitorium
2681 1355 2713 1395 a
2736 1339 2937 1414 Cyrillo
2959 1293 3145 1399 datu‘m
3170 1293 3358 1508 §tea
3383 1293 3608 1410 dicem:

489 1419 796 1493 Antequam
816 1421 1098 1479 adveniret
1122 1421 1358 1480 Joannes
1395 1423 1764 1480 Autiochenus
1785 1438 1908 1479 cum
1937 1425 2067 1492 suis,
2100 1424 2318 1482 advenit
2345 1435 2526 1484 autem
2545 1439 2669 1500 post
2690 1431 2928 1502 quinque
2955 1434 3072 1492 dies
3093 1451 3126 1491 a
3153 1436 3187 1492 d
3260 1437 3499 1494 ositione
3521 1439 3608 1496 Ne:

489 1419 796 1493 Antequam
816 1421 1098 1479 adveniret
1122 1421 1358 1480 Joannes
1395 1423 1764 1480 Autiochenus
1785 1438 1908 1479 cum
1937 1425 2067 1492 suis,
2100 1424 2318 1482 advenit
2345 1435 2526 1484 autem
2545 1439 2669 1500 post
2690 1431 2928 1502 quinque
2955 1434 3072 1492 dies
3093 1451 3126 1491 a
3153 1419 3499 1502 daositione
3521 1439 3702 1496 Nesto-

421 1509 507 1576 rii,
531 1510 718 1566 retulit
735 1512 974 1586 synodus
994 1512 1062 1570 ad
1085 1515 1468 1585 imperatorem
1497 1513 1576 1570 de
1592 1515 1756 1570 rebus
1784 1513 1982 1585 Ephesi
2004 1519 2238 1586 gestis,
2263 1518 2585 1590 scripsitque
2611 1521 2677 1577 ad
2705 1522 2908 1579 elerum
2938 1527 3302 1599 populumque
3330 1527 3704 1592 Constantino-

423 1601 722 1672 politauum
749 1603 819 1659 de
844 1603 1078 1660 Nestorii
1106 1603 1470 1661 damnatione.
1503 1604 1731 1675 Scripsit
1758 1605 1921 1660 etiam
1952 1612 2080 1662 tunc
2114 1608 2373 1693 temporis
2410 1609 2479 1664 ad
2518 1610 2940 1693 Alexandrinum
2976 1615 3180 1672 clerum
3221 1619 3619 1690 populumque,
3653 1629 3703 1676 et

421 1696 612 1756 Patres
632 1698 1022 1756 monacham
1039 1699 1287 1773 Cyrillus,
1310 1699 1404 1771 qui
1433 1703 1488 1756 et
1513 1699 1703 1755 habuit
1718 1693 2028 1756 sermonem
2055 1699 2124 1757 ad
2151 1685 2358 1770 Patres,
2381 1701 2488 1770 die,
2513 1713 2572 1759 ut
2598 1687 2811 1776 opinor,
2840 1704 2912 1781 9.5
2930 1704 3100 1774 Junii,
3126 1685 3246 1768 cum
3277 1685 3545 1783 septemc
3570 1685 3703 1768 schi-

423 1792 672 1849 smaticis‘
691 1792 759 1850 ad
786 1799 1028 1851 sanctam
1059 1793 1284 1850 Mariam
1309 1793 1723 1862 descenderunt,
1754 1809 1922 1864 seque
1948 1795 2164 1882 synodo
2185 1791 2564 1866 adiunxerunt.
2587 1795 2866 1855 Sermonis
2897 1798 3108 1855 initium
3137 1811 3220 1858 est
3243 1821 3256 1857 :
3284 1803 3500 1882 mare.
3526 1808 3623 1884 ὁρῶ
3649 1807 3702 1863 τὸ

426 1886 673 1962 dmum
694 1897 797 1947 ris
813 1892 972 1964 ἁγίων
998 1889 1221 1954 πάντων,
1254 1896 1361 1944 etc.
1390 1886 1599 1944 Habuit"
1618 1888 1781 1944 etiam
1802 1889 1953 1944 alium

2174 1889 2334 1958 bhati,
2366 1899 2424 1946 ut
2444 1886 2680 1960 videtur,
2697 1906 2820 1948 cum
2839 1907 3070 1968 synaxes
3089 1871 3701 1970 excreatum-postuma

426 1979 724 2049 llheginus,
747 1978 1076 2036 Constantius
1103 1978 1266 2054 Cypri
1291 1981 1596 2051 episcopus,
1622 1979 1822 2050 aliique
1847 1987 2213 2051 perorassent.

500 2072 706 2130 Eodem
731 2073 943 2131 sabbati
970 2073 1078 2137 die,
1109 2074 1210 2130 sub
1231 2087 1530 2143 vesperam,
1561 2069 1731 2128 adfuit
1757 2065 1885 2129 cum
1904 2072 2018 2128 suis
2039 2070 2315 2129 Joannes:
2347 2073 2498 2129 missi
2525 2070 2737 2129 fuerant
2766 2089 2799 2131 a
2825 2075 3035 2148 synodo
3065 2076 3307 2150 episcopi
3335 2093 3461 2136 cum
3485 2079 3701 2143 clericis,

427 2165 521 2236 qui
550 2167 853 2223 venientem
881 2166 1193 2238 exciperent
1219 2171 1373 2221 extra
1399 2163 1708 2232 civitatem;
1737 2164 1928 2221 unicus
1955 2179 2142 2220 eorum
2164 2161 2395 2238 Cyrillus
2437 2163 2702 2220 admissus
2727 2172 2811 2221 est
2838 2164 2905 2221 ad
2927 2168 3304 2238 complexum;
3335 2170 3520 2228 ceteri
3559 2187 3589 2226 a
3621 2185 3704 2226 sa-

427 2259 688 2316 tellitibus
715 2257 932 2330 rejecti;
961 2258 1096 2313 nulli
1123 2257 1446 2329 permissam
1473 2253 1958 2329 synodi-mandata
1980 2270 2272 2326 exponere,
2303 2255 2507 2312 Irean
2535 2256 2736 2312 comite
2762 2255 2893 2329 ipsis
2922 2258 3088 2315 etiam
3114 2259 3388 2332 episcopis
3413 2262 3598 2333 plagas
3615 2263 3704 2317 im-

425 2353 561 2423 poni
581 2368 612 2408 a
633 2353 956 2409 satellitibus
983 2351 1066 2407 vel
1088 2350 1332 2422 iubente,
1360 2350 1448 2406 vel
1475 2349 1840 2422 permittente.
1875 2349 2105 2404 Venerat
2134 2365 2317 2406 comes
2346 2350 2436 2406 ille
2463 2366 2586 2406 cum
2611 2349 2860 2408 Nestorio
2887 2350 3158 2423 Ephesum
3176 2393 3193 2420 ,
3225 2354 3478 2426 ieratque
3501 2356 3702 2420 obviam

425 2439 642 2509 Joanni,
663 2449 733 2496 ut
759 2447 1107 2512 prmverterct
1133 2439 1324 2514 synodi
1345 2439 1572 2510 legatos,
1604 2440 1950 2509 animumque
1978 2437 2301 2496 Autiocheni
2341 2439 2584 2512 episcopi
2621 2442 2960 2499 exulceraret
2994 2443 3249 2502 adversus
3295 2444 3519 2511 Patres.
3563 2445 3705 2520 quasi

428 2542 521 2591 aut
540 2535 654 2607 ipse
673 2543 1015 2604 contemptus
1039 2540 1200 2601 esset,
1232 2539 1454 2604 propter
1487 2540 1814 2587 maturatum
1846 2532 2154 2601 negotium;
2185 2540 2278 2587 aut
2307 2531 2538 2588 violatus
2573 2532 2844 2590 immerito
2872 2535 3076 2593 amicus
3098 2576 3114 2602 ,
3163 2545 3391 2609 propter
3427 2528 3707 2610 depositio-
3737 2601 3750 2606 ,

428 2645 588 2695 nem;
617 2638 712 2686 aut
738 2628 1020 2700 utriusque
1047 2629 1206 2686 sedes
1226 2635 1441 2696 vexata,
1469 2637 1691 2699 propter
1709 2636 1921 2684 veteres
1941 2643 2062 2686 cum
2090 2626 2450 2685 Alexandrina
2478 2629 2800 2688 simultates.

500 2719 601 2779 Ubi
629 2723 859 2794 primum
885 2719 1262 2778 Autiochcnus
1280 2733 1441 2776 curru
1467 2717 1719 2785 dissiluit,
1751 2716 1990 2776 nondum
2017 2734 2246 2776 excusso
2285 2719 2526 2792 pulvere,
2559 2722 2736 2792 coegit
2761 2723 3024 2796 synodum
3062 2724 3118 2780 in
3144 2737 3244 2780 suo
3289 2723 3622 2790 diversorio;
3656 2729 3706 2779 et

426 2825 621 2890 agente
639 2815 974 2873 Candidiano
1001 2813 1220 2879 comite,
1251 2812 1345 2886 qui
1371 2820 1566 2868 cuncta
1592 2812 1646 2868 in
1674 2824 1933 2870 consessu
1953 2812 2096 2884 apud
2123 2812 2439 2888 episcopos,
2479 2813 2706 2885 perinde
2732 2823 2895 2887 atque
2940 2817 2996 2872 in
3034 2814 3301 2873 relatione
3328 2816 3399 2872 ad
3427 2819 3704 2888 imperato-

427 2928 566 2978 rem,
597 2910 854 2967 mentitus
879 2916 981 2976 est,
1014 2915 1137 2980 post
1163 2907 1421 2964 nonnulla
1448 2922 1518 2963 ex
1542 2905 1860 2978 prmscripto
1883 2921 2147 2962 canonum
2176 2910 2358 2975 gesta,
2407 2915 2728 2978 conceptam
2771 2909 2828 2964 in
2864 2909 2949 2964 via
2986 2925 3113 2967 cum
3156 2908 3363 2966 [renato
3399 2910 3706 2976 sententiam

425 3002 582 3071 dixit,
613 2997 968 3072 depositionis
994 2997 1211 3069 quidem
1239 2996 1498 3054 adversus
1523 2993 1781 3070 Cyrillum
1808 3005 1865 3053 et
1889 2997 2249 3060 Memnonem,
2281 2997 2437 3068 quasi
2464 2997 2556 3055 ille
2591 2997 3079 3072 Arii,'Apollin'aris
3119 3009 3175 3058 et
3210 3001 3462 3057 Eunomii
3493 3003 3707 3058 haereses

428 3096 542 3152 suis
570 3093 818 3165 capitulis
835 3093 1078 3158 doceret,
1102 3095 1205 3150 iste
1224 3107 1324 3166 per
1339 3093 1655 3150 violentiam
1681 3099 1875 3150 cuncta
1903 3092 1958 3147 in
1980 3091 2199 3149 civitate
2225 3101 2470 3164 gereret;
2501 3086 3073 3152 excommunicationis
3096 3111 3227 3153 vero
3249 3095 3510 3152 adversus
3531 3109 3706 3157 omnes

430 3194 569 3251 alios
595 3191 802 3262 Patres,
827 3191 930 3251 nisi
959 3201 1082 3266 post
1109 3191 1652 3260 constitutum-diem,
1683 3191 1887 3248 relictis
1915 3189 2115 3265 Cyrillo
2137 3192 2212 3248 et'
2233 3190 2547 3259 Memnone,
2591 3192 2658 3249 ad
2702 3209 2829 3251 suas
2865 3203 3048 3265 partes
3075 3194 3392 3251 transirent.
3433 3189 3709 3250 Sententiae

429 3287 862 3360 subscripserunt
885 3302 1014 3343 xmn
1041 3287 1299 3358 episcopi,
1332 3302 1396 3342 ea
1417 3301 1546 3342 vero
1571 3301 1679 3342 non
1703 3285 1852 3357 prius
1890 3285 2171 3356 propalata
2198 3291 2282 3341 cst
2315 3300 2477 3355 quam
2516 3285 2710 3342 litterae
2749 3287 2815 3342 ad
2853 3287 3268 3358 imperatorem,
3299 3287 3636 3358 reginasque,
3659 3300 3706 3346 et

430 3386 634 3438 elerum
655 3385 1029 3450 senatumque,
1059 3395 1124 3435 ac
1143 3377 1401 3450 populum
1422 3376 2080 3448 Constantinopolitanum
2107 3375 2282 3432 missae
2308 3377 2447 3444 sint,
2497 3391 2566 3433 ne
2607 3377 2994 3436 catholicorum
3037 3379 3252 3449 scriptis
3288 3384 3595 3451 putesceret
3612 3383 3710 3443 ,et

434 3473 731 3548 praecipitis
753 3472 942 3544 iudicii
968 3473 1160 3539 forma,
1183 3479 1240 3528 et
1263 3471 1607 3540 querelarum
1629 3469 1854 3527 falsitas.

506 3565 683 3624 Causa
709 3570 875 3640 porro
902 3583 998 3623 cur
1021 3563 1260 3622 Joannes
1277 3566 1350 3620 ita
1377 3565 1568 3636 egerit,
1599 3564 1755 3621 facile
1781 3564 2114 3643 intelligitur.
2138 3565 2272 3621 Nam
2297 3580 2418 3646 cum
2444 3565 2610 3622 vellet
2634 3581 2869 3637 praeesse
2894 3567 3148 3632 concilio,
3196 3573 3253 3622 et
3297 3565 3356 3622 in
3393 3567 3613 3622 civitate
3648 3562 3709 3618 ad

435 3659 718 3718 arbitrium
741 3673 992 3730 regnare,
1023 3659 1212 3716 debuit
1236 3664 1406 3725 certe,
1435 3658 1577 3714 etde
1603 3657 1852 3716 Nestorio
1873 3659 2006 3715 nihil
2035 3665 2292 3733 statuere,
2335 3666 2393 3716 ut
2414 3674 2511 3715 reo
2542 3658 2622 3716 fas
2652 3676 2759 3717 non
2788 3667 2938 3726 esset
2952 3661 3144 3718 sedere
3162 3655 3435 3731 judicent;
3473 3667 3530 3716 et
3553 3656 3714 3732 cyrn

434 3746 550 3812 lum
578 3767 798 3810 movere
825 3753 946 3810 loco
975 3767 1137 3824 quem
1159 3751 1482 3808 auctoritate
1510 3757 1623 3807 tum
1643 3749 1786 3807 sedis
1813 3751 2122 3822 apostolica
2150 3758 2262 3808 tum
2288 3767 2401 3807 sitae
2425 3752 2670 3819 tenebat;
2701 3759 2756 3807 et
2786 3751 3126 3809 Memnonem
3153 3753 3449 3825 deponere,
3495 3760 3566 3812 ut
3587 3749 3708 3808 nihil

435 3845 619 3919 posset
648 3846 882 3918 amplius
905 3845 959 3902 in
989 3844 1231 3901 Ecclesia
1257 3841 1524 3915 Ephesius
1549 3841 1637 3913 (de
1655 3841 1916 3899 Juvenale
1941 3841 2430 3916 llierosolymitano
2457 3843 2748 3898 admodum
2768 3844 3032 3900 sollicitus
3050 3859 3161 3899 non
3189 3853 3325 3910 erat,
3352 3843 3507 3914 cuiu
3533 3856 3712 3910 nemo

436 3935 594 3992 sedes
613 3936 714 3992 sub
733 3927 1068 3991 Antio'chena
1093 3949 1311 4004 semper
1338 3931 1482 4003 fuit);
1506 3938 1562 3988 et
1589 3947 1859 4003 occupare
1879 3931 2166 3990 adventum
2196 3933 2491 4002 legatorum
2513 3933 2706 3989 summi
2734 3933 3026 4003 pontificis,
3056 3948 3126 3990 ne
3143 3931 3274 4003 quid
3293 3933 3363 3990 ab
3390 3948 3458 3990 eo
3489 3929 3710 3988 mandati

438 4021 712 4091 allerrent,
743 4025 889 4096 quod
918 4024 1158 4080 consiliis
1181 4025 1296 4080 suis
1323 4025 1627 4080 obsisteret.

511 4121 730 4177 Interim
751 4119 1069 4176 Candidiani
1097 4118 1290 4175 relatio
1319 4115 1845 4188 ConstantinOpolim
1887 4117 2058 4190 allata;
2080 4115 2272 4184 fuerat,
2302 4131 2411 4188 qua
2450 4117 2617 4180 lecta,
2660 4110 2996 4174 Theodosius
3031 4117 3312 4188 rescripsit
3349 4117 3712 4187 continuch

440 4209 737 4268 Palladium
766 4210 1189 4290 Magistrlanum,
1212 4209 1480 4279 jussltque
1509 4208 1689 4270 omnia
1714 4207 1966 4274 rescindi,
1995 4216 2269 4278 tamquam
2305 4207 2439 4263 vitio
2465 4216 2650 4276 gesta:
2679 4215 2873 4262 cuncta
2902 4208 2954 4262 in
2983 4207 3250 4276 integrum
3281 4207 3520 4274 restitui,
3549 4213 3710 4268 uter-

443 4302 568 4358 diite
599 4302 870 4373 negotium
895 4310 1178 4370 ageretur;
1210 4298 1482 4355 commtmi
1507 4297 1775 4353 sententia
1805 4295 2101 4354 examinari
2123 4295 2404 4366 dogmata,
2442 4303 2502 4350 ut
2537 4301 2691 4351 tanto
2733 4295 2940 4351 facilius
2967 4310 3156 4350 omnes
3182 4295 3582 4371 consentirent;
3627 4309 3716 4350 nee

443 4395 541 4450 ulli
571 4393 685 4450 llerl
705 4401 1028 4466 potestatem
1055 4390 1288 4448 exeundi
1316 4389 1550 4462 Epheso,
1580 4391 1695 4447 sive
1718 4391 1773 4446 in
1800 4389 2050 4463 patriam,
2075 4389 2190 4445 sive
2217 4389 2285 4446 ad
2316 4389 2654 4456 comitatum,
2687 4389 3002 4460 priusquam
3028 4387 3210 4444 omnia
3238 4389 3342 4444 rite
3370 4388 3613 4446 absoluta
3636 4401 3716 4442 es-

447 4495 589 4553 sent,
613 4501 721 4560 quo
749 4485 889 4541 foret
928 4485 1221 4541 necessitas
1247 4483 1329 4540 rei
1367 4481 1699 4539 maturanda:
1725 4501 1738 4537 :
1765 4483 1930 4538 immo
1961 4490 2188 4538 testatus
2215 4490 2298 4538 est
2318 4483 2602 4552 scripsisse
2625 4498 2686 4539 se
2713 4481 3111 4554 provinciarum
3152 4481 3438 4553 przefectis,
3470 4497 3542 4538 ne
3567 4471 3713 4535 ullum

450 4563 666 4648 injussti
682 4575 1063 4641 discedentem,
1088 4575 1175 4632 vel
1201 4575 1254 4630 in
1283 4576 1512 4646 patriam
1535 4574 1901 4639 admitterent,
1926 4574 2010 4628 vel
2033 4575 2086 4628 in
2109 4574 2385 4630 civitatem
2411 4591 2587 4632 suam.

499 4668 859 4740 'Rescriptum
888 4666 1248 4739 imperatoris,
1281 4666 1426 4738 quod
1451 4666 1634 4722 datum
1662 4665 1858 4733 legitur
1883 4664 2350 4736 Constantinopoli
2383 4685 2437 4724 ιιι
2460 4667 2569 4722 kal.
2594 4665 2786 4734 Julias,
2809 4655 2957 4724 venit
2976 4665 3246 4740 Ephesum
3277 4666 3509 4738 septimo
3533 4675 3623 4722 aut
3641 4681 3720 4720 oc-

455 4769 582 4829 tavo
610 4761 806 4817 abhinc
832 4761 940 4824 die,
969 4769 1161 4830 quarto
1180 4759 1460 4828 videlicet,
1482 4759 1568 4814 vel
1595 4758 1785 4828 quinto
1812 4756 1960 4813 Julii.
1989 4755 2212 4812 Lectum
2243 4766 2326 4814 est
2355 4760 2566 4829 utrique
2592 4759 2754 4830 parti,
2783 4767 2858 4824 et,
2885 4764 3214 4830 properante
3251 4757 3511 4826 Palladio,
3547 4770 3719 4812 «mea

453 4852 682 4924 synodo,
715 4860 826 4907 tum
855 4853 922 4909 ab
944 4851 1305 4907 Orientalibus
1329 4849 1514 4906 datum
1535 4863 1873 4920 responsum.
1896 4845 2050 4916 Quod
2087 4863 2117 4901 a
2151 4862 2302 4905 sacra
2323 4847 2529 4921 synodo
2555 4848 2742 4904 datum
2780 4858 2882 4916 est,
2913 4849 2966 4904 in
3008 4848 3238 4919 vulgatis
3261 4847 3536 4905 codicibus
3557 4844 3720 4901 consi-

456 4957 650 5015 gnatur
678 4946 782 5000 kal.
813 4945 996 5009 Juliis.
1028 4943 1123 5000 sed
1159 4959 1345 4999 errore
1372 4942 1758 5008 manifestiorc,
1794 4954 1957 5010 quam
1981 4930 2045 4994 ut
2071 4947 2226 5008 egeat
2251 4941 2532 5010 operosius
2560 4939 2752 4996 refelli.
2785 4939 2884 5008 Qui
2913 4941 3055 4996 enim
3087 4939 3201 4996 ﬁeri
3229 4939 3433 5012 potuit,
3463 4937 3723 5006 ut,littela

460 5041 717 5112 principis
738 5041 874 5096 datae
899 5037 1367 5108 Constantinopoli
1397 5053 1452 5092 ιιι
1480 5036 1586 5091 kal.
1617 5034 1786 5088 Julias
1813 5032 2086 5105 Ephesum
2111 5041 2392 5104 tantopere
2418 5033 2704 5091 distantem
2737 5033 3080 5092 advenissent
3117 5031 3345 5089 duorum
3609 5044 3722 5097 spl-

461 5133 584 5188 tio?
614 5129 954 5199 Reponenda:
977 5130 1137 5199 igitur
1157 5145 1255 5199 pro
1283 5127 1529 5182 kalendis
1557 5141 1741 5192 nonze;
1772 5126 1903 5180 nihil
1931 5127 2072 5181 enim
2103 5125 2410 5187 credibilius
2427 5138 2601 5197 quam
2639 5126 2782 5196 quod
2822 5126 3134 5198 properanti
3173 5123 3430 5195 perlaturi
3459 5120 3640 5180 datm
3662 5122 3722 5177 t

465 5237 804 5292 responsum,
836 5222 1006 5277 altero
1032 5227 1156 5290 post
1177 5218 1466 5275 adventum
1494 5218 1602 5274 die.
1635 5217 1687 5272 id
1707 5226 1808 5279 est.
1841 5219 1997 5274 nonis
2020 5217 2195 5275 Juliis.

536 5316 691 5372 "Inter
711 5313 1152 5386 respondendum
1173 5312 1408 5384 synodus
1427 5319 1619 5381 questa
1647 5319 1728 5368 est
1751 5309 2068 5368 Candidiani
2093 5311 2297 5367 artibus
2337 5310 2532 5366 factum
2561 5311 2820 5365 hactenus
2849 5319 2906 5364 ut
2933 5309 3132 5365 veritas
3166 5311 3355 5366 lateret
3384 5307 3686 5384 unperatorl

480 5418 603 5462 eum
632 5406 826 5461 missos
849 5420 879 5459 a
908 5403 1112 5472 sjvnodo
1143 5402 1560 5459 commentarios
1590 5417 1696 5458 non
1720 5404 2056 5473 prmvertisse
2097 5404 2300 5457 tantum
2349 5418 2444 5457 sua
2487 5401 2766 5464 relatione.
2795 5401 2890 5460 sed
2920 5401 3084 5458 etiam
3113 5403 3168 5458 in
3199 5403 3283 5460 via
3327 5402 3496 5472 malis.
3536 5399 3722 5460 ut”

477 5507 810 5558 remoratum
840 5512 978 5553 esse.
1007 5495 1275 5551 Comitem
1306 5494 1468 5563 lgi’t‘ur
1491 5491 1741 5549 accersiri
1771 5494 1839 5550 ab
1869 5493 2194 5563 imperatore
2225 5492 2396 5560 potiit,
2430 5500 2484 5547 et
2503 5508 2617 5554 una
2645 5492 2883 5560 quinque
2903 5491 3207 5562 episcopos,
3236 5493 3332 5562 qui
3367 5507 3556 5552 eam
3578 5502 3720 5562 ων

481 5577 672 5648 herent
693 5589 824 5660 quid
851 5584 1124 5643 rerum‘ab
1152 5595 1378 5653 utraque
1395 5593 1550 5654 parte
1577 5595 1633 5640 et
1657 5601 1764 5658 qua
1793 5586 2002 5641 ratione
2029 5592 2238 5654 gestum
2267 5571 2427 5641 esset.
2453 5582 2704 5651 Quen-itur
2741 5582 2978 5646 Joannes
3002 5583 3374 5643 Antiochensis
3415 5601 3540 5644 ω
3565 5597 3718 5644 saa-

476 5683 848 5753 mpeniteret,
874 5681 1082 5745 aliquos
1110 5679 1286 5748 renisa
1317 5679 1512 5734 missos
1555 5676 2079 5750 Constantinopolim
2103 5695 2130 5732 a
2161 5677 2366 5751 synodo
2391 5715 2405 5742 ,
2450 5691 2650 5748 eosque
2695 5675 2978 5752 festinasse
3013 5677 3067 5737 in
3098 5677 3201 5736 ria.
3243 5693 3353 5750 apo
3380 5674 3719 5748 μκή.

485 5777 739 5841 im
764 5777 1016 5834 comitem
1045 5790 1075 5829 a
1094 5788 1156 5830 se
1183 5772 1526 5830 submissum.
