3866 6244
203 302 296 362 7'25
716 284 1083 364 PREFAHO
1115 306 1180 361 ΙΝ
1217 305 1583 366 SECUNDAM
1624 308 1903 365 PARTEM
1942 308 2223 367 OPERUM
2266 309 2457 365 MAR"
2496 307 2956 365 MERCATCRIS.
3244 370 3269 409 Χ
3352 302 3457 359 πο

262 419 561 488 Respondit
591 421 749 491 igitur
778 439 899 477 cum
926 439 1019 478 sua
1047 423 1258 495 synodo
1285 422 1520 481 Joannes
1548 425 1752 480 eisdem
1772 425 1968 480 litteris
1998 424 2366 495 imperialilms
2390 465 2406 491 ,
2440 433 2494 479 et
2520 424 2725 479 reddita
2757 425 2965 479 ratione
3001 428 3242 479 actorum
3266 406 3459 480 contra

197 515 449 587 Cyrillum
469 524 525 571 et
546 515 903 585 Memnonem,
934 519 1228 589 postulavit
1268 518 1485 575 decerni
1515 535 1583 575 ne
1608 520 1791 591 plures
1817 535 1979 589 quam
2006 520 2113 575 duo
2133 520 2617 591 cpiscopi‘singulis
2646 520 3075 591 metrOpolitanis
3102 517 3340 587 adjuncti
3367 532 3461 572 ve-

196 610 370 664 nirent
392 611 444 665 in
491 626 826 677 consessum,
853 612 1297 684 disputarentque
1324 613 1392 668 de
1419 612 1775 682 dogmatibus.
1807 612 2039 680 Questus
2083 621 2163 669 est
2202 615 2363 668 ctiam
2405 613 2678 669 occlusam
2724 612 2843 677 sibi,
2878 612 3038 667 etiam
3089 618 3214 683 post.
3253 609 3464 664 litteras

196 697 556 770 imperatoris,
582 703 864 759 ecclesiam
892 705 1065 760 sancti
1090 703 1332 771 Joannis,
1363 719 1473 773 quo
1500 719 1561 759 se
1587 720 1709 759 cum
1732 704 1842 760 suis
1868 704 2169 774 porrexisse
2190 702 2422 767 dicebat,
2453 701 2519 757 ad
2552 701 2811 757 orandum
2840 718 2939 773 pro
2981 701 3337 771 imperatore;
3368 695 3463 753 sed

198 788 527 847 mendaciter
553 790 941 859 dissimulabat,
981 791 1149 866 quod.
1169 807 1255 848 res
1282 800 1424 861 erat,
1442 807 1472 846 a
1490 792 1694 863 populo
1724 792 1970 847 nimirum
2017 791 2271 861 cleroqne
2300 789 2543 846 occlusas
2582 789 2767 859 templi
2796 788 2966 852 fores,
3006 797 3293 859 propterea
3320 784 3463 855 quod

196 878 374 945 vellet,
402 889 598 950 praeter
634 881 722 952 jus
762 880 967 951 fasque,
999 882 1307 952 episcopum
1336 882 1457 938 loco
1485 881 1785 936 Memnonis
1812 880 2170 943 constituere;
2202 893 2379 948 neque
2405 878 2549 933 enim
2587 876 2830 949 Ephesus
2867 878 3170 949 pertinebat
3213 876 3278 931 ad
3329 876 3464 930 dim-

198 967 359 1022 cesim
388 966 800 1038 Antiochenam,
830 986 951 1027 cum
979 978 1123 1027 esset
1144 970 1526 1043 autocephala;
1555 985 1731 1039 neque
1759 970 2007 1026 Memnon
2026 969 2146 1040 jure
2172 968 2448 1040 depositus
2467 977 2602 1032 erat,
2632 969 2905 1039 quippe-et
2932 968 3215 1035 inauditus,
3244 975 3297 1024 et
3324 983 3463 1037 pm:-

195 1056 340 1128 cipiti
358 1056 576 1129 judicio,
607 1067 664 1115 et
689 1059 757 1115 ab
785 1060 1003 1116 homine
1026 1061 1223 1116 nullius
1241 1062 1531 1130 potestatis
1551 1062 1652 1117 hac
1681 1061 1734 1115 in
1763 1068 1935 1131 parte.

261 1147 497 1209 Joannes
520 1167 683 1223 porro
712 1167 820 1209 non
848 1158 1134 1210 contentus
1159 1152 1504 1225 respondisse
1522 1153 1742 1224 scripto,
1765 1153 1952 1223 paucis
1981 1161 2106 1225 post
2128 1152 2333 1219 diebus,
2365 1152 2625 1209 Irenaeum
2642 1152 2915 1217 comitem,
2950 1151 3181 1207 Nestorii
3212 1152 3461 1216 amicum.

196 1249 251 1299 et
275 1258 446 1301 sacrm
472 1244 665 1318 synodi
702 1246 914 1301 hostem
946 1245 1381 1315 infensissimum,
1426 1263 1549 1304 cum
1589 1246 1745 1305 novis
1773 1244 1965 1302 litteris
2006 1245 2283 1314 submisit,
2316 1246 2409 1318 qui
2449 1258 2631 1300 coram
2677 1244 3001 1315 imperatore
3046 1244 3238 1316 synodi
3275 1246 3466 1315 legatis

196 1342 540 1405 rapugnaret.
972 1386 975 1389 λ
1096 1373 1098 1375 ›
1367 1363 1372 1368 ·
1482 1378 1483 1383 η

260 1425 481 1483 interim
504 1426 829 1499 appulerunt
852 1427 1127 1499 Ephesum
1154 1430 1242 1487 die
1270 1429 1480 1486 decimo
1502 1428 1625 1487 Julii
1641 1431 1810 1501 legati
1839 1446 1868 1487 a
1898 1428 2026 1486 sede
2055 1429 2350 1509 apostolica
2393 1436 2554 1507 atque
2591 1427 2907 1485 occidentali
2944 1428 3148 1501 synodo
3190 1426 3465 1501 Philippus

194 1517 491 1590 presbyter,
524 1518 783 1576 Arcadius
818 1524 874 1575 et
901 1520 1175 1593 Proiectus
1212 1522 1481 1593 episcopi,
1525 1522 1824 1594 eodemque
1852 1523 1939 1579 die
1968 1521 2149 1585 habita
2179 1529 2262 1576 est
2291 1520 2431 1576 actio
2457 1520 2721 1585 secunda,
2764 1521 3029 1590 uouapnd
3058 1519 3311 1577 Sanctam
3342 1524 3460 1577 Ma-

194 1612 348 1679 riam,
382 1620 442 1669 ut
468 1613 662 1684 prima,
691 1613 787 1669 sed
817 1614 871 1670 in
898 1615 1192 1686 episcopio,
1223 1616 1345 1685 quia
1370 1631 1477 1670 non
1501 1624 1609 1670 tam
1631 1613 2134 1672 sessio-conciliaris
2163 1612 2261 1667 fuit
2288 1626 2448 1682 quam
2468 1611 2737 1681 hospitum
2765 1612 3010 1682 acceptio
3028 1654 3041 1677 ,
3070 1612 3467 1669 mandatorum-

194 1717 299 1773 que
338 1703 488 1759 sedis
528 1705 842 1775 apostolica:
866 1706 1129 1777 inspectio
1159 1724 1172 1760 :
1203 1720 1372 1774 quare
1402 1706 1530 1760 nihil
1560 1705 1703 1761 aliud
1741 1714 1918 1761 actum
1960 1711 2041 1760 est
2069 1720 2227 1773 quam
2268 1703 2413 1773 quod
2447 1700 2721 1775 Philippus
2743 1709 2868 1775 post
2893 1704 3174 1759 salutatam
3202 1708 3463 1778 synodum

194 1797 369 1868 petiit,
392 1798 615 1868 quodet
640 1800 823 1859 statim
848 1816 947 1871 per
966 1813 1024 1856 se
1049 1800 1135 1855 alii
1158 1800 1284 1867 duo,
1317 1801 1419 1870 legi
1440 1800 1646 1857 litteras
1683 1801 1877 1857 summi
1917 1800 2188 1873 pontiﬁcis
2224 1799 2291 1855 ad
2319 1799 2585 1872 Synodum
2605 1840 2620 1868 ,
2670 1799 2877 1869 sibique
2905 1798 3285 1856 communicari
3314 1808 3465 1867 gesta

194 1890 387 1963 prioris
415 1892 644 1949 actionis
664 1893 914 1963 privatim
934 1896 1388 1965 recognoscenda.

262 1981 522 2040 Recitata:
541 1992 666 2059 sunt
696 1985 884 2039 litterze
908 1984 1183 2040 Ceciestini
1215 1982 1404 2041 Latine
1430 1984 1679 2055 primum,
1702 1994 1924 2057 propter
1944 1984 2259 2055 dignitatem
2301 1983 2555 2040 Ecclesia:
2594 1982 2869 2050 Romanae,
2902 1989 3015 2037 tum
3042 1979 3225 2039 Graece
3247 2019 3263 2044 .
3310 1988 3369 2036 ut
3396 1981 3465 2035 ab

191 2075 439 2131 omnibus
462 2074 802 2142 audirentur;
833 2091 864 2131 a
893 2073 1141 2132 Patribus
1170 2078 1521 2131 acclamatum
1546 2076 1858 2143 Caelestino,
1884 2087 1939 2134 et
1961 2078 2175 2132 tandem
2204 2077 2595 2132 ronmnmicata
2616 2085 2787 2145 gesta.

262 2166 531 2225 Postridie
569 2175 939 2225 convenerunt
966 2164 1156 2223 Patres
1182 2182 1301 2223 eum
1342 2168 1531 2235 legatis
1570 2168 1712 2239 apud
1727 2168 1986 2224 Sanctam
2031 2165 2283 2232 Mariam;
2307 2166 2444 2222 lecta
2476 2165 2686 2236 publice
2728 2167 2958 2236 primum
3004 2180 3121 2235 quas
3161 2172 3286 2221 ante
3308 2171 3460 2235 gesta

192 2259 404 2316 fuerant
440 2260 495 2316 in
517 2245 859 2330 depositione
877 2258 1141 2325 Nestorii;
1174 2266 1286 2313 tum
1313 2258 1452 2313 dicta
1484 2259 1536 2313 in
1567 2259 1814 2315 eumdem
1842 2257 2145 2314 Nestorium
2167 2273 2196 2313 a
2228 2258 2397 2313 tribus
2424 2257 2611 2326 legalis
2637 2257 2908 2327 sigillatim
2945 2258 3229 2319 sententia.
3269 2257 3462 2326 gestis-

190 2353 297 2423 quo
317 2353 711 2423 subscriptum;
751 2358 940 2423 postea
960 2351 1186 2407 relatum
1214 2367 1245 2406 a
1266 2350 1473 2423 synodo
1503 2350 1569 2406 ad
1593 2352 1971 2423 imperatorem
1992 2349 2061 2407 de
2088 2351 2386 2420 legatorum
2413 2350 2645 2405 adventu
2670 2391 2685 2415 ,
2714 2349 2887 2419 deque
2915 2348 3154 2403 unanimi
3183 2350 3460 2418 utriusque

191 2444 445 2505 Ecclesiae
462 2446 731 2502 consensu
759 2444 812 2499 in
841 2442 1239 2500 damnationem
1285 2443 1549 2511 Nestorii,
1580 2452 1743 2514 atque
1770 2444 1844 2499 ita
1870 2443 2138 2515 postulata
2182 2443 2489 2501 discedendi
2528 2442 2753 2499 facultas
2774 2485 2788 2508 ,
2836 2441 2990 2512 quasi
3037 2440 3215 2497 omnia
3242 2450 3457 2512 peracta

192 2545 409 2604 essent;
440 2536 701 2607 scriptum
723 2534 956 2605 denique
980 2537 1125 2592 clero
1148 2542 1203 2591 et
1230 2535 1429 2607 populo
1451 2535 2065 2607 Constantinopolitano.

258 2626 415 2684 Actio
444 2634 633 2697 quarta
662 2636 879 2697 peracta
909 2634 990 2684 est
1010 2625 1201 2699 quinto
1218 2634 1339 2698 post
1360 2626 1465 2693 die,
1504 2629 1757 2684 nimirum
1789 2644 1897 2685 xvu
1926 2628 2032 2684 kal.
2066 2629 2308 2698 Augusti,
2339 2627 2740 2686 considentibus
2766 2627 3012 2699 Patribus
3039 2628 3178 2700 apud
3206 2627 3457 2686 Sanctam

192 2718 433 2786 Mariam,
464 2719 732 2793 Hesychio
757 2717 1032 2776 Juvenalis
1060 2720 1287 2777 diacono
1314 2737 1428 2776 rem
1451 2728 1644 2791 agente
1675 2740 1689 2776 :
1721 2735 1897 2791 neque
1935 2722 2077 2777 enim
2101 2722 2317 2791 negotia
2331 2719 2525 2794 synodi
2555 2735 2876 2792 promovere
2908 2718 3021 2790 jam
3064 2720 3259 2775 licebat
3301 2718 3460 2776 Petro

190 2810 375 2885 Cyrilli
398 2811 739 2884 presbytero,
767 2811 819 2867 in
849 2827 1009 2867 causa
1030 2812 1111 2867 sui
1134 2812 1389 2881 episcOpi.
1417 2810 1743 2867 Oblatusest
1772 2812 1933 2880 igitur
1953 2827 1986 2877 a
2013 2809 2214 2883 Cyrillo
2252 2819 2308 2867 et
2333 2810 2619 2867 Memnone
2647 2808 2855 2867 libellus
2872 2851 2885 2876 ,
2917 2824 3025 2879 quo
3053 2808 3194 2879 apud
3221 2818 3459 2866 sanctam

191 2905 452 2978 synodum
482 2905 886 2975 expostularent
911 2905 979 2960 de
1008 2904 1201 2974 injuria
1222 2905 1321 2959 sibi
1344 2905 1412 2957 ah
1435 2902 1796 2960 Orientalibus
1825 2904 1986 2969 facta,
2016 2911 2371 2974 peterentque
2393 2902 2575 2957 vorari
2612 2900 2893 2967 Joannem,
2925 2901 3017 2970 qni
3041 2900 3167 2958 facti
3196 2901 3460 2958 rationem

189 2994 459 3057 redderet.
491 3009 781 3063 coramque
806 2993 1082 3065 probaret,
1114 2994 1161 3051 sl
1180 2994 1307 3063 quid
1336 3003 1429 3050 aut
1450 2995 1688 3051 criminis
1715 3001 1808 3048 aut
1836 2994 2057 3049 hieresis
2080 2993 2321 3054 alterutri
2353 2992 2713 3059 obiiciendum
2734 3002 2965 3065 putaret.

258 3080 406 3140 Missi
430 3086 556 3139 sunt
592 3083 760 3139 semel
782 3091 943 3153 atque
973 3083 1165 3138 iterum
1186 3084 1424 3155 episcopi
1451 3084 1542 3154 qui
1562 3082 1825 3140 Joannem
1849 3091 2137 3150 vocarent;
2167 3083 2263 3140 sed
2298 3084 2571 3155 repulsam
2599 3086 2763 3155 passi,
2807 3085 3109 3142 retulerunt
3154 3086 3321 3157 ipsius
3356 3084 3458 3142 do-

190 3193 337 3234 mum
381 3178 775 3235 circumvallari
813 3178 1091 3245 militibus,
1116 3180 1208 3249 qui
1254 3179 1457 3235 aditum
1502 3179 1850 3251 prohiberent
1888 3196 1902 3232 :
1948 3192 2115 3248 quare
2162 3176 2565 3248 pronuntiatum
2607 3192 2639 3232 a
2690 3177 2936 3234 Patribus
2977 3179 3127 3234 irrita
3174 3195 3293 3236 esse
3341 3196 3461 3251 qua:

189 3269 412 3329 Joannis
439 3271 675 3344 synodus
700 3271 951 3342 gessisset
972 3272 1229 3328 adversus
1254 3269 1512 3345 Cyrillum
1540 3279 1595 3327 et
1615 3271 1981 3336 Memnonem;
2012 3269 2413 3340 decretumque,
2444 3278 2506 3326 ut
2538 3268 2641 3327 hac
2667 3269 2736 3327 de
2773 3285 2834 3327 re
2864 3270 3191 3329 scriberetur
3227 3272 3462 3346 impera-
3538 3320 3541 3323 η

192 3364 317 3429 tori,
348 3379 413 3421 ac
433 3364 596 3420 tertio
621 3364 879 3419 citaretur
900 3363 1153 3430 Joannes,
1183 3363 1494 3435 priusquam
1510 3364 1632 3433 jure
1661 3363 1715 3418 in
1746 3364 1918 3434 ipsum
1944 3369 2211 3431 ageretur.

258 3457 469 3515 Eodem
496 3457 583 3514 die
601 3464 725 3529 post
746 3457 1078 3525 citationem,
1110 3455 1344 3513 Joannes
1367 3460 1419 3513 in
1443 3464 1809 3528 contemptum
1840 3455 2028 3529 synodi
2054 3455 2213 3524 jussit
2239 3456 2467 3526 proponi
2495 3456 2735 3512 chartam
2775 3456 3033 3512 conviciis
3061 3456 3461 3530 mendaciisqne

192 3554 429 3626 plenam,
459 3566 566 3607 non
593 3559 799 3607 tantum
820 3552 872 3607 in
900 3550 1161 3624 Cyrillum
1188 3558 1243 3607 et
1265 3550 1621 3618 Memnonem,
1649 3550 1743 3606 sed
1770 3551 1934 3607 etiam
1954 3549 2210 3604 adversus
2234 3556 2399 3604 totam
2430 3548 2649 3605 Patrum
2677 3549 3080 3623 synodnm,qua
3108 3550 3229 3607 illos
3247 3553 3459 3621 quidem

191 3650 415 3715 propter
449 3642 691 3699 haeresim
734 3642 1006 3713 depositos
1041 3640 1399 3712 significaret;
1446 3641 1605 3696 istam
1646 3656 1808 3709 vero,
1850 3650 2075 3711 propter
2119 3640 2356 3695 favorem
2403 3641 2667 3698 haereticis
2719 3643 3051 3715 praestitum,
3096 3648 3460 3703 excommuni-

192 3742 405 3801 eatam,
435 3732 609 3791 donec
643 3749 761 3789 cum
791 3733 1151 3790 Orientalibus
1193 3731 1542 3789 consentiret.
1587 3730 1663 3787 Ea
1709 3728 2103 3803 signiﬁcatione
2140 3731 2393 3803 sperabat
2441 3728 2555 3787 fore
2596 3737 2655 3787 ut
2688 3731 2845 3803 plebe
2886 3738 3156 3788 commota
3204 3736 3457 3817 tumultus

195 3825 386 3885 ﬁeret:
417 3828 515 3885 sed
540 3844 663 3900 spes
688 3844 811 3886 eum
828 3828 1045 3886 fefellit.

260 3918 359 3976 Die
385 3921 739 3990 consequenti
762 3917 1011 3976 Patribus
1038 3919 1440 3977 considentibus
1470 3921 1524 3978 in
1564 3922 1755 3980 eodem
1784 3923 1926 3989 loco,
1956 3922 2187 3997 Cyrillus
2215 3926 2447 3995 primum
2478 3925 2663 3989 retulit
2689 3926 2756 3983 de
2784 3927 2969 3983 charta
3001 3928 3067 3984 ab
3098 3925 3460 3984 Orientalibus

190 4010 408 4082 publice
436 4013 733 4083 proposita,
763 4026 869 4082 qua
898 4013 953 4069 in
983 4012 1237 4069 invidiam
1267 4014 1451 4086 populi
1484 4024 1767 4071 vocaretur
1788 4017 1857 4071 ob
1885 4016 2133 4072 haeresim
2160 4017 2473 4087 Apollinarii
2499 4058 2513 4081 ,
2543 4018 2693 4089 cujus
2720 4035 2840 4076 cum
2879 4020 3166 4077 Memnone
3193 4020 3464 4077 diceretur

191 4107 462 4179 princeps.
494 4108 631 4165 Tum
670 4108 943 4165 damnavit
977 4110 1383 4181 Apollinarium,
1426 4110 1631 4177 Arium,
1664 4110 2016 4177 Eunomium,
2062 4106 2453 4173 Macedoniam.
2482 4113 2774 4177 Sabellium
2797 4156 2811 4181 ,
2860 4114 3181 4182 Photinum,
3217 4113 3459 4174 Paulum,

192 4200 532 4270 lianiclncos,
566 4205 847 4277 ipsumque
873 4205 1196 4271 Nestorium,
1235 4222 1357 4263 cum
1384 4208 1449 4262 iis
1469 4209 1561 4277 qui
1590 4209 1673 4264 vel
1705 4208 1871 4279 ipsius
1897 4208 1983 4264 vel
2012 4207 2212 4277 Pelagii
2232 4207 2577 4278 Coelestiiqne
2604 4214 2783 4279 partes
2810 4212 3179 4276 sequerentur.
3216 4204 3461 4274 Denique

190 4292 487 4361 postulavit
509 4291 773 4350 Joannem
801 4296 961 4351 tertio
987 4295 1188 4360 vocari,
1228 4302 1288 4351 ut
1314 4295 1570 4366 quidquid
1607 4297 1809 4367 scripto
1835 4296 2124 4366 objecerat,
2156 4313 2337 4354 coram
2362 4295 2569 4369 synodo
2607 4297 2878 4367 probaret.
2918 4296 3185 4368 Synodus,
3217 4295 3461 4366 postula-

190 4382 617 4456 tioneprobata,
648 4392 759 4442 tres
785 4386 1067 4457 episcopos
1090 4386 1253 4451 misit,
1285 4401 1405 4442 cum
1434 4387 1664 4453 notario,
1693 4388 1783 4457 qui
1810 4386 2002 4443 Joanni
2033 4388 2279 4444 mandata
2305 4390 2532 4455 ferrent;
2556 4387 2649 4443 sed
2678 4388 2785 4456 ille,
2809 4403 2930 4445 cum
2959 4386 3190 4459 superbe
3208 4394 3463 4442 renueret

188 4473 397 4546 legatos
415 4489 515 4546 per
537 4490 597 4531 se
621 4476 827 4543 audire,
854 4477 999 4533 misit
1024 4478 1460 4535 archidiaconum
1488 4495 1663 4545 suum,
1694 4480 1966 4536 hominem
1995 4489 2305 4552 contemptu
2333 4481 2551 4551 dignum
2568 4523 2582 4548 ,
2612 4480 2703 4552 qui
2731 4481 3063 4536 renuntiaret
3091 4480 3287 4536 frustra
3317 4479 3461 4535 ultro

188 4566 435 4636 citroque
464 4566 631 4637 legari
648 4567 805 4633 ullos,
836 4568 1034 4639 quippe
1055 4576 1271 4625 acturos
1289 4569 1356 4624 de
1376 4584 1435 4625 re
1462 4582 1601 4639 qum,
1632 4572 1754 4642 quia
1786 4572 1854 4627 ad
1884 4573 2262 4643 imperatorem
2290 4572 2465 4629 delata
2494 4582 2630 4639 erat,
2669 4572 2781 4643 jam
2809 4589 2917 4628 non
2947 4574 3086 4628 foret
3108 4572 3163 4626 in
3191 4579 3463 4643 potestate

188 4656 420 4726 partium
456 4673 469 4709 :
499 4653 859 4727 signiﬁcarent
888 4666 1067 4713 tamen
1095 4658 1255 4727 legati
1275 4659 1603 4730 presbyteris
1627 4660 1835 4719 duobus
1858 4663 1984 4731 quid
2014 4663 2275 4719 haberent
2302 4666 2356 4719 in
2384 4664 2669 4732 mandatis,
2710 4680 2778 4719 ne
2804 4663 3041 4721 Joannes
3069 4674 3213 4722 esset
3236 4664 3458 4724 inscius.
3504 4682 3505 4687 π

185 4743 372 4819 Itaque
392 4748 650 4822 synodus,
676 4751 782 4804 lata
814 4752 866 4804 in
885 4746 1148 4805 Joannem
1176 4750 1399 4821 ejusque
1446 4752 1727 4825 episcopos
1763 4752 2331 4811 excommunicationis
2373 4756 2637 4811 sententia
2662 4797 2676 4822 ,
2708 4756 2895 4811 statuit
2922 4756 3119 4812 iterum
3145 4755 3296 4818 irrita
3342 4772 3462 4814 esse

186 4854 305 4910 quae
332 4842 594 4900 adversus
616 4841 874 4914 Cyrillum
902 4851 958 4899 et
984 4842 1324 4899 Memnonem
1353 4844 1594 4915 aliosque
1621 4853 1773 4915 gesta
1810 4854 2009 4912 essent,
2041 4856 2096 4912 et
2124 4848 2501 4919 imperatorem
2531 4847 2598 4904 de
2619 4849 2864 4904 omnibus
2888 4848 3176 4906 certiorem
3200 4847 3351 4907 fecit.

253 4932 444 5006 Neque
463 4949 593 4993 vero
611 4934 713 4990 soli
733 4934 1044 5006 imperatori
1069 4935 1422 5006 perscriptum
1446 4943 1546 5003 est,
1578 4938 1673 4992 sed
1693 4952 1904 4994 summo
1933 4939 2095 4994 etiam
2122 4936 2361 5008 pontiﬁci
2380 4980 2395 5003 ,
2427 4939 2532 5004 cui,
2563 4947 2685 5011 post
2704 4948 2973 4996 narratam
3002 4941 3203 5013 negotii
3223 4943 3415 4999 seriem
3436 4982 3454 5011 ,

183 5024 321 5090 facta
350 5035 435 5085 est
456 5027 676 5099 insuper
693 5026 886 5083 relatio
908 5028 975 5083 de
994 5028 1260 5083 sententia
1290 5043 1321 5082 a
1348 5028 1555 5099 synodo
1584 5027 1841 5085 adversus
1861 5028 2214 5085 Coelestianos
2243 5038 2297 5085 et
2326 5028 2639 5101 Pelagianos
2668 5030 2948 5104 episcopos
2975 5032 3136 5089 diota.
3164 5030 3455 5106 Postquam

184 5116 325 5176 lecta
352 5114 853 5180 fuissentRomamc
871 5116 1063 5189 synodi
1082 5125 1201 5173 acta
1221 5117 1289 5173 de
1310 5118 1496 5175 iisdem
1525 5120 1810 5189 episcopis,
1834 5120 1945 5176 sive
1973 5120 2090 5177 hinc
2117 5121 2228 5193 ipsa
2258 5121 2345 5177 die
2372 5122 2510 5178 lecta
2535 5122 2748 5190 fuerint,
2772 5123 2899 5179 dum
2927 5125 3167 5197 episcopi
3190 5126 3257 5183 ad
3281 5125 3451 5185 Joan‘
3521 5126 3529 5138 ‘

183 5226 306 5268 lem
333 5210 484 5268 missi
504 5210 1095 5279 reverterentur,un
1122 5209 1429 5265 credibilius
1449 5225 1603 5275 reor;
1628 5211 1741 5267 sive
1767 5214 1945 5283 priore
1972 5213 2148 5282 aliqua
2167 5255 2181 5279 ,
2212 5229 2279 5267 cx
2306 5229 2409 5283 qua
2441 5214 2674 5270 ..ondum
2709 5215 2823 5271 sedi
2862 5217 3173 5287 apostoliczc
3217 5218 3451 5275 relatum

183 5312 365 5361 esset:
393 5304 448 5358 in
468 5318 537 5360 eo
575 5317 833 5359 consessu
854 5286 1073 5357 Patrum
1100 5302 1287 5358 habuit
1322 5304 1621 5359 orationem
1649 5303 1877 5376 Cyr-ilius
1897 5313 2083 5360 contra
2110 5304 2392 5370 Joannem,
2423 5321 2526 5377 qua
2560 5307 2723 5363 videri
2759 5286 2972 5378 poterat
3010 5308 3252 5365 nonnihil
3282 5309 3457 5368 indul-

180 5396 318 5454 sisse
345 5396 468 5461 im,
494 5394 596 5449 nisi
624 5409 725 5466 par
748 5400 890 5450 esset
918 5393 1139 5449 credere
1166 5394 1403 5449 animum
1430 5394 1627 5451 Christi
1651 5404 1939 5464 amantem,
1962 5412 2084 5452 cum
2114 5394 2235 5451 fidei
2264 5398 2380 5454 zelo
2413 5397 2847 5469 inﬂammarctur,
2879 5402 3139 5471 potuisse,
3169 5406 3455 5475 propheta~

182 5503 301 5546 rum
330 5505 502 5555 more,
529 5503 844 5545 communes
870 5486 1124 5556 loquendi
1148 5487 1294 5558 leges
1322 5488 1514 5543 merito
1534 5488 1898 5559 praetergredi.
3176 5482 3183 5485 ’
3284 5482 3289 5486 ’

248 5579 486 5641 Joannes
500 5582 554 5637 in
574 5582 676 5637 hac
695 5580 1040 5636 inclinatione
1059 5595 1237 5635 rerum
1264 5579 1329 5634 ad
1346 5588 1489 5635 artes
1510 5580 1695 5635 solitas
1718 5580 1983 5650 confugit;
2006 5582 2232 5637 tentavit
2251 5582 2454 5639 scilicet
2474 5596 2741 5654 occupare
2760 5583 2953 5640 litteris
2978 5586 3321 5658 imperatoris
3342 5591 3450 5645 ani~

183 5690 350 5757 mm,-
365 5673 742 5748 ῃοωεοὶθὺαῐ
753 5672 925 5741 legum
940 5670 1277 5728 defensorem
1292 5673 1510 5744 pariter,
1524 5682 1684 5742 atque
1700 5674 2131 5737 tumultuantium
2146 5677 2407 5741 vindicem
2421 5677 2758 5734 acerrimum.
2773 5676 2997 5749 Scripsit
3017 5680 3179 5749 igitur
3200 5696 3229 5737 a
3244 5680 3451 5755 synodo

180 5764 414 5829 violatas
440 5766 590 5841 leges
625 5764 1045 5841 ecclesiasticas:
1077 5766 1345 5837 episcopis
1385 5772 1605 5837 propter
1632 5765 1877 5824 baresim
1920 5765 2179 5841 depositis
2224 5766 2410 5824 Patres
2438 5764 2781 5837 continenter
2822 5768 3259 5840 oorntuunicare;
3298 5770 3449 5834 sacra
