3866 6244
997 344 1364 403 ramento
1400 344 1467 402 1N
1504 344 1871 405 sncunnau
1909 346 1979 405 Pl

2222 343 2506 403 ortum.“
2547 337 2595 402 Μ
2607 345 2738 402 Mill
2768 344 3225 421 MERCATORIS.
3621 346 3728 406 ηε

531 458 670 525 Quid
699 463 884 528 postea
913 459 1222 530 praestiterit
1248 459 1589 528 largitionum
1619 474 1820 526 comes,
1852 469 2066 516 constat
2087 475 2153 516 ex
2184 459 2407 528 epistola
2429 458 2613 532 Cyrilli
2642 460 2711 516 ad
2739 460 2944 517 clerum
2972 461 3333 532 populumque
3354 458 3719 517 Constantino-

463 552 778 624 politanum.
810 550 936 606 Cum
968 551 1267 624 prwdictus,
1296 553 1391 615 ait.
1418 552 1960 624 magni/icentissimus
2005 552 2083 606 rir
2108 551 2185 606 nil
2214 566 2315 605 non
2363 535 2665 617 tentarErit,
2695 568 2796 624 quo
2834 550 3064 608 Joannes
3096 543 3147 608 et
3167 554 3252 620 qui
3280 568 3397 606 ctnn
3425 567 3485 605 eo
3509 560 3648 616 sunt,
3676 567 3724 606 ill

458 655 655 702 sanctae
671 644 857 717 synodi
884 645 1292 701 communionem
1314 645 1650 714 recipiantur,
1673 645 1728 698 in
1754 641 2060 698 hodiernum
2081 660 2238 715 usque
2265 645 2399 699 diem
2423 660 2495 699 ne
2510 643 2692 700 audire
2716 644 2919 717 quidem
2960 645 3253 717 hnjasmodi
3281 660 3450 699 roran
3475 645 3722 699 sustinue-

458 748 613 803 runt;
641 736 735 793 sed
762 734 1015 793 obsistunt
1034 736 1236 810 quidem
1257 738 1485 800 omnino,
1510 746 1560 791 et
1586 737 1764 793 dicunt
1784 753 1803 791 :
1835 735 1978 793 Fieri
2006 752 2107 791 non
2135 743 2320 809 potest,
2343 747 2401 792 ut
2437 736 2509 792 ad
2530 738 2629 792 hac
2668 739 2950 803 reiciamus,
2981 738 3080 793 nisi
3108 737 3245 810 quod
3271 746 3453 792 contra
3481 736 3643 806 legem
3664 735 3722 790 ab

453 826 562 883 illis
591 829 784 900 fortuna
805 837 883 882 est
911 827 1235 895 dissolvatur,
1266 845 1329 881 ac
1342 826 1540 899 synodo
1557 837 1817 901 tamquam
1837 828 1924 899 qui
1947 827 2250 901 deliquerint
2273 830 2529 901 supplices
2549 828 2810 893 accidant,
2833 838 2886 884 et
2912 827 3213 884 Nestorium
3229 829 3467 897 illiusque
3487 826 3722 900 dogmata

453 921 647 992 scripto
676 920 1146 986 anuthematizent;
1167 922 1292 975 etin
1311 920 1390 975 his
1412 921 1649 974 uniuersa
1677 919 1863 990 synodi
1891 921 2126 975 consistit
2144 923 2414 975 instantia.
2447 919 2574 976 Cum
2599 938 2718 977 tero
2738 921 2836 975 hac
2854 937 2946 993 spe
2965 922 3506 996 magniﬁcentissimus
3534 918 3717 987 illex-ir,

453 1012 601 1084 cujus
625 1014 965 1076 meminimus,
991 1018 1270 1085 fmtratus
1289 1026 1439 1075 esset.
1470 1015 1612 1072 aliud
1636 1032 1838 1071 rursum
1852 1018 2180 1088 “cogitarit,
2195 1026 2247 1073 et
2273 1028 2500 1074 asancta
2520 1018 2720 1091 synodo
2746 1020 2891 1089 petiit
2918 1027 2973 1073 ut
2991 1018 3116 1089 ﬁdei
3142 1018 3511 1089 expositionem
3538 1017 3721 1087 scripto
3822 1030 3823 1035 ‘

450 1104 551 1162 sibi
576 1104 853 1172 exhiberet,
882 1116 939 1161 ut
966 1124 1079 1162 cum
1107 1107 1185 1164 illi
1205 1109 1574 1181 quoqueipsius
1594 1107 1817 1179 impulsu
1844 1111 2188 1167 asseusissent
2221 1125 2282 1164 ac
2310 1110 2753 1180 subseripsissent,
2781 1125 3013 1165 reversus
3038 1111 3232 1166 diceret
3259 1125 3278 1164 :
3308 1108 3503 1177 Βαίῳὶ
3528 1107 3645 1163 illos
3664 1108 3709 1163 in

450 1199 756 1265 amicitiam,
805 1199 891 1271 qui
917 1200 1156 1254 Immanis
1201 1200 1412 1270 oﬂ‘ensis
1467 1202 1602 1257 inter
1654 1218 1730 1277 sed
1763 1199 2099 1257 dissidebant.
2132 1199 2251 1257 [loc
2301 1200 2591 1274 intelligens
2644 1210 2825 1257 sancta
2864 1202 3093 1273 synodus
3137 1202 3321 1256 iterum
3372 1203 3599 1257 surrexit
3645 1200 3715 1254 t5-

449 1298 586 1343 serte
630 1289 805 1346 dicens
836 1306 855 1345 :
888 1288 1148 1346 Nolumus
1172 1291 1317 1347 nobis
1355 1293 1482 1363 ipsis
1509 1309 1626 1347 eam
1665 1294 2028 1349 contumeliam
2054 1296 2318 1366 irrogare;
2348 1309 2453 1349 non
2480 1296 2616 1350 enim
2647 1304 2908 1365 tamquam
2952 1292 3179 1359 lneretici
3206 1290 3305 1348 huc
3339 1295 3500 1350 uocati
3526 1308 3711 1355 suntm,

447 1378 542 1435 sed
594 1382 822 1436 venimus
867 1388 926 1435 ut
969 1382 1127 1453 [idem
1171 1382 1430 1438 labantem
1482 1392 1533 1439 et
1591 1384 1911 1457 exagitatam
1953 1382 2275 1440 stabiliamus
2297 1422 2312 1450 ,
2363 1399 2515 1456 quam
2561 1390 2613 1439 et
2666 1382 3038 1449 stabilivimus;
3085 1398 3181 1438 nec
3239 1398 3371 1455 opus
3433 1392 3507 1438 est
3559 1385 3713 1454 impe-

448 1473 612 1526 ratori
656 1480 714 1526 ut
757 1470 915 1543 ﬁdem
958 1488 1096 1528 nunc
1143 1472 1336 1541 discat,
1377 1487 1494 1530 cum
1534 1474 1670 1530 Itane
1720 1476 1856 1530 sciat
1900 1484 1955 1531 et
1996 1477 2053 1531 in
2101 1493 2167 1531 ea
2205 1475 2495 1549 baptizatus
2543 1477 2630 1533 sit.
2675 1471 2851 1541 Quare
2888 1491 2981 1531 nec
3020 1475 3077 1532 id
3120 1472 3325 1549 quidem
3373 1474 3713 1531 Orientalibus

446 1567 697 1621 successit.
733 1580 737 1585 ·
1368 1572 1371 1577 ’

518 1652 813 1725 Epistulam
839 1656 979 1713 hanc
1004 1656 1152 1714 dedit
1176 1654 1408 1730 Cyrillus
1426 1665 1711 1730 postquam
1738 1657 1939 1730 Ephesi
1962 1660 2216 1716 rescitum
2239 1668 2319 1715 est
2346 1657 2608 1715 Joannem
2630 1658 2880 1716 comitem
2903 1675 3005 1716 non
3024 1661 3199 1716 omnia
3223 1671 3359 1716 recte
3385 1660 3634 1723 retulisse,
3662 1669 3711 1716 et

445 1744 758 1817 priusquam
786 1755 962 1803 tamen
992 1757 1199 1821 septem
1225 1750 1292 1807 de
1316 1751 1538 1821 singulis
1563 1752 1808 1825 partibus
1827 1750 2352 1823 Constantinopolim
2378 1753 2585 1809 evocati
2614 1760 2814 1820 essent,
2845 1759 3009 1824 atque
3029 1753 3103 1810 ita
3123 1752 3340 1810 circiter
3359 1754 3591 1810 medium
3612 1753 3711 1809 Au‘

445 1847 658 1908 gustum
687 1857 702 1894 :
743 1854 851 1911 quo
875 1835 984 1897 ten:
1012 1850 1258 1915 tempore
1304 1844 1543 1916 oportuit
1571 1846 1935 1920 erepatoriam
1963 1847 2297 1903 sanctionem
2338 1842 2609 1917 Ephesum
2637 1847 2837 1913 alieni,
2868 1852 3305 1919 potestatemque
3330 1847 3576 1903 Nestorio
3603 1844 3709 1903 ﬁeri

446 1945 556 2001 quo
580 1932 938 2003 vellctabirc,
970 1945 1154 2007 etquo
1184 1937 1425 2008 placeret
1468 1953 1686 1994 secessu
1716 1937 2068 2009 depositionis
2106 1936 2344 1995 dolorem
2373 1937 2566 2002 solari;
2595 1935 2795 2012 Cyrillo
2836 1946 3018 1995 tamen
3056 1938 3271 1995 interim
3327 1937 3709 2008 Memnoneque

435 2021 501 2076 in
523 2024 767 2080 custodia
791 2026 1032 2096 retentis,
1064 2027 1193 2085 dum
1220 2027 1459 2101 ipsorum
1488 2045 1669 2099 causa,
1693 2028 2115 2103 disceptantibus
2142 2029 2423 2101 utriusque
2459 2028 2630 2102 partis
2654 2030 2949 2102 episcopis,
2983 2030 3050 2087 ab
3072 2029 3404 2104 imperatore
3424 2028 3633 2101 cognita
3656 2038 3706 2087 et

445 2110 732 2182 dijudicsta
758 2122 922 2172 esset.
1586 2178 1591 2185 ,
2542 2126 2549 2133 '
2639 2134 2643 2142 '

517 2200 848 2262 Theodosius
877 2206 931 2262 id
956 2208 1166 2265 consilii
1204 2211 1366 2283 cepit,
1397 2211 1593 2282 partim
1615 2212 1740 2281 quia
1769 2212 2072 2271 Nestorium
2103 2216 2340 2286 legitime
2368 2205 2802 2285 exauctoratum,
2844 2216 2933 2273 vel
2960 2215 3074 2288 ipse
3104 2210 3340 2273 Joannes
3368 2232 3547 2274 comes
3570 2223 3705 2273 retu.

444 2292 613 2362 lerat;
642 2296 841 2366 partim
866 2296 1009 2367 quod
1036 2299 1130 2370 qui
1158 2300 1476 2362 auctoritate
1504 2303 1756 2361 valebant
1794 2304 1848 2359 in
1876 2304 2100 2375 palatio,
2144 2320 2268 2362 cum
2305 2305 2613 2363 Nestorium
2651 2303 2954 2363 subducere
2978 2324 3086 2364 non
3113 2314 3338 2379 possent
3366 2310 3567 2365 mariue
3591 2322 3706 2364 sen-

444 2386 647 2455 tentiae,
678 2387 866 2444 eadem
890 2395 1162 2448 tentarent
1190 2393 1393 2449 artibus
1419 2395 1609 2450 aulicis
1636 2393 1911 2452 involvere
1930 2394 2187 2469 Cyrillum
2216 2405 2272 2453 et
2299 2398 2658 2467 Memnonem,
2680 2401 2871 2470 suique
2892 2400 3049 2457 amici
3068 2400 3305 2457 dedecus
3324 2401 3702 2458 immoriturum

443 2487 823 2543 commnnione
849 2487 1121 2556 minuere;
1150 2490 1347 2560 partim
1366 2489 1597 2561 denique
1623 2492 1695 2547 ob
1722 2491 2031 2561 religiosum
2059 2492 2400 2563 imperatoris
2427 2480 2664 2551 animum
2681 2539 2697 2565 ,
2727 2510 2890 2566 quem
2920 2493 3167 2553 Dalmatii
3193 2497 3514 2554 sanctissimi
3539 2488 3705 2554 πάιδ-

443 2577 725 2634 mandritaa
769 2579 974 2637 monita
1018 2580 1254 2654 clarique
1299 2579 1879 2655 Constantinopolitani
1920 2585 2232 2654 gravissima
2280 2586 2572 2644 obtestatio
2616 2595 2999 2647 conum-verat.
3041 2589 3185 2647 iussi
3224 2603 3357 2659 ergo
3393 2605 3463 2646 ex
3490 2598 3702 2661 utraque

441 2674 596 2742 parte
621 2671 785 2743 legati
815 2671 881 2728 ad
921 2673 1108 2730 urbem
1154 2662 1358 2751 regiam
1383 2674 1601 2742 venire;
1650 2690 1752 2733 nec
1787 2676 2038 2732 videntur
2055 2678 2271 2743 morati,
2295 2679 2582 2747 quominus
2617 2692 2676 2733 se
2715 2677 2903 2734 darent
2943 2679 2995 2735 in
3024 2680 3198 2746 Viam,
3222 2680 3367 2737 circa
3404 2681 3700 2751 vigesimum

441 2761 585 2827 diem
613 2762 877 2835 Augusti:
906 2779 1029 2821 nam
1049 2764 1351 2822 Orientales
1377 2766 1489 2823 suis
1509 2767 1577 2823 ad
1603 2768 1782 2824 socios
1812 2766 2004 2825 litteris
2035 2774 2298 2826 testantur
2337 2785 2395 2827 sc
2418 2768 2763 2827 Chalcedone
2790 2770 2954 2828 fuisse
2991 2771 3078 2827 die
3104 2780 3299 2841 quarto
3327 2772 3666 2842 Septembris.

510 2853 688 2927 Elegit
728 2871 885 2914 sacra
923 2857 1162 2931 synodus
1195 2855 1501 2929 Philippum
1538 2859 1943 2933 presbyterum,
1977 2859 2294 2927 Arcadium,
2325 2858 2670 2926 Iuvenalem,
2697 2861 3030 2925 Flavianum,
3061 2859 3319 2928 Firmum,
3353 2862 3694 2931 Theodotum,

2542 2126 2549 2133 ι

442 2951 694 3009 Acacium
716 2992 733 3019 ,
775 2945 1060 3020 Evoptium
1082 2992 1098 3018 ,
1130 2950 1415 3022 episcopos
1437 2992 1452 3018 ,
1500 2952 1695 3021 quibus
1722 2952 2044 3023 proiecturis
2070 2951 2216 3008 dedit
2246 2952 2312 3007 ad
2342 2953 2719 3023 imperatorem
2747 2953 2956 3009 litteras
2976 2991 2995 3016 .
3026 2960 3079 3008 et
3101 2970 3221 3010 cum
3243 2955 3441 3011 litteris
3461 2954 3696 3013 mandata

438 3049 674 3113 quatuor
698 3056 819 3115 qua:
857 3051 1155 3101 servarent.
1199 3041 1436 3099 Primum
1459 3081 1475 3107 ,
1524 3053 1585 3097 ut
1620 3042 1805 3115 Cyrilli
1844 3049 1900 3099 et
1945 3042 2243 3099 Memnonis
2288 3043 2565 3101 securitati
2604 3044 2985 3118 consulerent;
3030 3045 3326 3102 secundum
3350 3089 3365 3113 ,
3411 3062 3483 3103 ne
3515 3046 3695 3104 loauni

439 3133 661 3206 ejusque
686 3128 850 3193 sociis
872 3136 1242 3208 jungcrentur,
1283 3136 1485 3208 quippe
1510 3136 1600 3205 qui
1624 3128 1703 3191 ‘et
1748 3135 2019 3192 noluerint
2064 3151 2186 3190 cum
2232 3134 2439 3209 synodo
2484 3133 2790 3191 Nestorium
2828 3134 3137 3207 deponere,
3187 3132 3454 3194 et‘contra
3477 3153 3694 3196 canones

438 3223 696 3298 Cyrillum
718 3222 1166 3294 Memnonemquc
1200 3223 1457 3281 damnare
1499 3225 1611 3280 ausi
1651 3222 1778 3290 sint,
1821 3232 1876 3281 et
1922 3239 2031 3281 non
2068 3224 2291 3280 minima
2332 3238 2402 3280 ex
2442 3231 2600 3295 parte
2636 3224 2955 3281 Nestoriana
2992 3224 3244 3294 dogmata
3280 3225 3692 3299 leestianaquc

382 3352 387 3365 ι
437 3317 698 3375 hactenus
739 3316 1115 3385 defenderint,
1162 3324 1219 3373 et
1265 3319 1428 3373 totius
1468 3316 1614 3373 orbis
1657 3314 1924 3389 synodum
1952 3316 2098 3371 velut
2135 3314 2740 3373 lnereticamzinl’amare
2785 3330 2892 3371 non
2938 3315 3321 3373 dubitaverint.
3361 3316 3612 3381 Tertium,
3647 3320 3691 3375 si

436 3407 874 3464 communionem
920 3406 1209 3479 imperaret
1236 3406 1569 3465 Theodosius
1590 3448 1606 3474 ,
1647 3412 1903 3479 parerent
1944 3405 2160 3477 quidem
2183 3449 2199 3474 ,
2247 3406 2342 3463 sed
2358 3406 2454 3462 bis
2490 3398 2884 3464 conditionibus
2906 3447 2922 3475 ,
2954 3415 3013 3462 ut
3053 3407 3354 3467 Orientales
3378 3412 3690 3468 damnationi

438 3496 1106 3563 Nestoriisubscribcrent,
1141 3497 1321 3555 libello
1344 3498 1553 3554 veniam
1585 3503 1837 3568 peterent
1868 3504 2201 3569 patraturum
2228 3498 2283 3554 in
2308 3496 2565 3570 praesides
2585 3498 2803 3570 synodi,
2834 3499 3065 3556 Nestorii
3094 3499 3344 3571 dogmata
3374 3519 3494 3559 cmn
3529 3509 3689 3561 secta-

439 3588 534 3645 riis
578 3589 915 3656 damnarent,
944 3588 1339 3647 collaborarent
1376 3589 1582 3662 synodo
1620 3590 1674 3645 in
1713 3588 2042 3645 restituenda
2085 3586 2287 3662 Cyrillo
2335 3587 2713 3658 Memnonique
2738 3586 3015 3658 dignitate.
3055 3587 3350 3658 Quartum,
3381 3602 3440 3649 ut
3466 3609 3532 3650 ne
3550 3595 3687 3665 prius

437 3681 873 3736 communionem
899 3681 1244 3752 sponderent,
1274 3696 1435 3751 quam
1454 3681 1685 3737 restituti
1710 3682 1908 3739 fuerint
1926 3681 2196 3753 praesides,
2225 3683 2512 3752 omniaque
2538 3683 2754 3739 interim
2783 3683 2847 3740 ad
2868 3676 3130 3757 synodum
3153 3685 3436 3743 referrent.
3479 3689 3689 3746 Additur

439 3773 541 3829 sub
561 3770 740 3839 linem,
766 3772 867 3829 nisi
894 3773 1160 3830 mandatis
1188 3780 1433 3845 pareant,
1462 3773 1727 3847 synodum
1753 3788 1855 3831 nec
1872 3781 2049 3829 ratum
2076 3772 2381 3829 habituram
2406 3774 2552 3844 quod
2580 3773 2787 3845 egerint
2804 3817 2818 3842 ,
2850 3790 2952 3834 nec
2990 3792 3084 3834 eos
3103 3778 3443 3850 postmodum
3469 3780 3524 3837 in
3547 3796 3685 3837 suam

436 3866 869 3922 communionem
894 3865 1266 3922 admissuram.
2129 3937 2135 3943 ‘
2607 3884 2609 3886 ·

510 3950 798 4010 Orientalis
824 3954 987 4011 tactio
1014 3956 1235 4011 totidem
1263 3955 1331 4010 de
1356 3955 1470 4011 suis
1496 3955 1780 4027 episcopos
1807 3954 2003 4025 legavit
2022 3996 2040 4022 ,
2086 3953 2347 4013 Joannem
2376 3954 2768 4013 Antiochenum
2790 3997 2807 4018 .
2848 3955 3107 4015 Joannem
3148 3960 3376 4017 alterum
3414 3961 3681 4019 Daunus-

437 4059 597 4111 num,
619 4042 913 4101 llimerium
929 4085 943 4111 ,
973 4043 1223 4111 Paulum,
1244 4042 1562 4122 Macarium,
1588 4045 1901 4116 Apringinm
1957 4051 2013 4101 et
2039 4042 2460 4113 Theodoretum,
2490 4046 2687 4117 quibus
2713 4047 2816 4103 etsi
2845 4047 3065 4104 liberam
3091 4048 3218 4106 fecit
3235 4065 3414 4107 rerum
3435 4053 3682 4122 gerenda~

438 4149 557 4190 rum
586 4140 948 4206 potestatem,
996 4133 1048 4191 id
1079 4136 1263 4189 tamen
1283 4119 1556 4190 mandavit
1582 4142 1640 4191 ut
1668 4132 1851 4209 Cyrilli
1878 4135 2077 4205 capita,
2112 4142 2382 4206 tamquam
2418 4135 2669 4192 haeretica
2693 4135 2977 4207 alienaque
3003 4136 3071 4195 ab
3092 4136 3337 4199 Ecclesia
3358 4119 3611 4200 catholica
3635 4150 3683 4199 et

437 4228 734 4299 apostolica
755 4267 774 4293 ,
819 4225 995 4282 modis
1020 4225 1266 4282 omnibus
1293 4225 1586 4296 rejicienda
1621 4234 1889 4283 curarent.
1929 4224 2226 4307 Adjunctus
2259 4223 2512 4281 mandato
2550 4224 2761 4282 libellus
2798 4241 3018 4297 precum
3059 4228 3127 4284 ad
3155 4229 3564 4301 imperatorem,
3586 4246 3681 4303 quo

437 4333 535 4391 per
559 4317 816 4391 quidquid
834 4333 1047 4375 sacrum
1068 4325 1151 4376 est
1175 4317 1591 4375 obsecrareutur
1618 4334 1686 4376 ne
1713 4321 1796 4376 cui
1815 4320 2005 4377 liceret
2033 4320 2250 4391 impune
2284 4319 2443 4374 aliam
2471 4318 2593 4375 ﬁdei
2625 4316 2907 4376 formulam
2925 4362 2939 4389 ,
2979 4330 3176 4392 praeter
3206 4323 3508 4397 symbolum
3534 4326 3681 4383 Νεω-

437 4430 584 4480 unm,
606 4414 975 4481 subscribere;
999 4420 1055 4469 et
1080 4420 1140 4469 ut
1156 4413 1224 4470 de
1250 4411 1636 4483 quzcstionibus
1661 4414 1887 4485 quisque
1914 4414 2115 4486 scripto
2139 4413 2280 4485 apud
2301 4414 2679 4485 imperatorem
2703 4412 2999 4483 deponeret
3022 4419 3361 4483 sententiam,
3383 4434 3492 4490 qua
3517 4426 3681 4492 posset

434 4508 584 4578 argui
600 4506 644 4564 si
663 4505 793 4576 quid
811 4511 1002 4578 postea
1026 4506 1079 4560 in
1100 4504 1429 4561 contrarium
1449 4516 1731 4575 assereret,
1753 4515 1813 4562 ut
1837 4516 1977 4563 esset
2001 4522 2103 4562 una
2125 4506 2363 4564 omnium
2385 4506 2690 4574 consensio,
2708 4494 2953 4563 necdum
2970 4506 3408 4577 permitterentur
3426 4509 3602 4567 libera
3621 4508 3680 4564 de

432 4597 825 4668 qumstionibus
844 4598 1143 4668 opiniones,
1174 4596 1270 4654 sed
1288 4611 1381 4655 res
1405 4606 1516 4655 tota
1537 4598 1857 4670 disputando
1883 4597 2213 4654 deﬁniretur.
2253 4596 2310 4652 ld
2336 4611 2468 4654 vero
2496 4596 2578 4653 sin
2598 4595 2776 4651 minus
2803 4596 2857 4651 in
2883 4596 3168 4666 praesentia
3204 4596 3345 4654 elllci
3369 4606 3580 4670 posset,
3612 4596 3679 4653 las

435 4687 539 4744 sibi
566 4696 711 4744 esset
754 4686 823 4743 ad
860 4684 1130 4745 Ecclesias
1173 4703 1296 4745 suas
1326 4687 1525 4747 redire.
1580 4687 1892 4745 Juvenalem
1918 4704 2083 4761 porro
2112 4688 2656 4761 Hierosolymitanum
2692 4686 3084 4754 insimularunt,
3113 4688 3266 4758 quasi
3299 4689 3457 4746 malis
3493 4690 3678 4747 artibus

431 4791 719 4840 conaretur
752 4782 1081 4840 thniciam
1109 4785 1400 4841 secundam
1432 4794 1486 4840 et
1518 4784 1769 4841 Arabiam
1792 4784 1843 4840 in
1875 4792 2060 4855 partes
2085 4781 2269 4858 Cyrilli
2295 4797 2510 4839 vocare.
2552 4779 2817 4838 Dolebam
2852 4780 2999 4839 enim
3025 4795 3193 4838 unum
3230 4780 3375 4839 hunc
3398 4796 3432 4839 e
3469 4782 3677 4857 patriar-

429 4875 546 4933 chis
572 4874 887 4932 nominatim
913 4890 1024 4931 non
1053 4874 1213 4933 fuisse
1239 4885 1568 4933 accusatum.

500 4960 730 5022 Exstant
772 4965 968 5021 litterae
1013 4965 1100 5023 die
1128 4966 1196 5023 15
1233 4966 1459 5038 Augusti
1505 4968 1719 5040 scripta:
1765 4968 1831 5024 ad
1858 4968 2075 5027 sacram
2107 4971 2371 5045 synodum
2411 4971 2479 5028 ab
2521 4968 2789 5043 episcopis
2835 4977 3042 5041 septem
3064 5010 3082 5039 ,
3112 4969 3344 5040 Eulalio,
3384 4962 3671 5035 Eutrccblo,

434 5062 656 5128 Acacio,
681 5060 1044 5135 Chrysaphio,
1074 5059 1325 5129 Jeremia,
1356 5060 1658 5129 'l'lieodulo,
1688 5062 1846 5129 Isaia,
1877 5066 1970 5134 qui
1996 5064 2464 5135 Constantinopoli
2491 5063 2864 5121 versabantur.
2884 5060 3051 5120 Suum
3075 5060 3152 5120 illi
3171 5063 3403 5121 studium
3421 5062 3478 5120 in
3498 5054 3672 5120 tua“:

432 5153 535 5209 llde
584 5153 786 5225 scripto
833 5153 1169 5210 testabantur
1204 5149 1473 5221 Patribus,
1524 5161 1583 5209 ut
1627 5154 1721 5226 qui
1760 5163 1816 5210 et
1860 5155 1916 5211 in
1956 5155 2090 5214 urbe
2126 5170 2243 5212 rem
2270 5163 2489 5211 strenue
2515 5159 2793 5223 gererent,
2823 5160 2880 5210 et
2904 5151 3187 5225 Ephesinis
3213 5152 3460 5212 Patribus
3483 5152 3673 5210 animos

428 5247 687 5304 adderent
712 5247 783 5304 ad
810 5244 1021 5304 l‘ortiter
1047 5245 1431 5305 absolvendum
1467 5250 1766 5317 victoriam,
1798 5257 1853 5304 ct
1890 5248 2064 5320 parati
2096 5255 2277 5305 essent
2316 5247 2385 5304 ad
2412 5246 2699 5322 petendam
2730 5246 3030 5320 Ephesum,
3069 5234 3493 5318 auxiliaremquc
3522 5252 3668 5318 opai

427 5339 722 5406 tcrendam,
753 5340 801 5398 si
829 5341 1331 5415 placeret-synodo,
1364 5342 1505 5399 unde
1534 5343 1789 5399 mandata
1816 5343 1919 5399 sibi
1946 5342 2012 5397 ad
2041 5341 2314 5411 negotium
2342 5340 2624 5398 contmune
2650 5339 2943 5410 gerendum
2970 5339 3110 5397 mitti
3137 5345 3406 5411 peterent.

500 5434 794 5505 Rescripsit
820 5448 1038 5505 quoque
1074 5435 1129 5490 in
1168 5434 1411 5493 eamdem
1451 5435 1773 5491 sententiam
1809 5434 2102 5490 Dalmatius
2136 5440 2337 5491 sancta:
2379 5430 2604 5505 synodo.
2649 5431 2893 5504 Epistola
2920 5446 3082 5499 vero,
3124 5429 3251 5502 quia
3281 5426 3668 5515 nondmedlts

428 5534 530 5592 cst,
562 5524 829 5583 afferenda
856 5525 1069 5583 videtur
1097 5527 1321 5598 integra,
1351 5534 1463 5582 tum
1486 5526 1672 5585 Graece
1698 5536 1759 5582 ut
1784 5535 1867 5583 est
1894 5525 1945 5581 in
1975 5525 2166 5583 codice
2190 5524 2473 5591 Vaticano,
2506 5534 2618 5581 tum
2647 5523 2854 5581 Latine.
2894 5524 2987 5582 Sic
3011 5537 3142 5594 ergo
3167 5538 3228 5581 se

429 5660 691 5720 Ἐπιστολή
719 5660 1011 5733 πεμφθεῖσα
1039 5660 1170 5736 πρὸς
1195 5665 1285 5721 τήν
1312 5658 1461 5735 ἆοῂιν
1493 5662 1542 5715 ἐν
1569 5668 1632 5737 τῇ
1655 5661 1894 5734 Ἐφεσίων
1928 5660 2067 5716 πόλει
2096 5657 2302 5716 aduodes
2331 5659 2475 5737 rupit
2501 5658 2784 5732 Δαλματίαν
2812 5664 2903 5716 τοῦ
2942 5653 3663 5735 ἂομωτᾶτουτᾶρχᾳηυὲρὲιω.

499 5803 595 5858 τήν
624 5798 887 5860 επιστολὴν
915 5802 1005 5862 τήν
1041 5799 1357 5873 πιμγοιῖσάν
1390 5820 1479 5872 μοι
1520 5801 1659 5872 παρὰ
1705 5807 1794 5860 τῆς
1840 5797 1987 5872 ἁγίας
2038 5796 2259 5855 συνόδου
2301 5795 2561 5871 ἔδιξάμην,
2593 5796 2674 5852 καὶ
2710 5797 2857 5870 γνοὺς
2903 5797 2970 5856 τὰ
3009 5792 3058 5851 ἓν
3271 5786 3658 5869 ἕρνσρὸρὲὐήεέν
