3866 6244
380 266 509 327 1'55
923 220 1296 320 PRAEFATlO
1333 256 1400 315 ΙΝ
1430 254 1816 315 ’ΞΕΟΠΧῘᾺΜ
1862 253 2141 312 PARTEM
2180 250 2466 309 Oi‘EliUH
2509 248 2701 308 MAI!"
2746 246 3208 306 MERCA’I’ONS.
3579 250 3683 305 736

392 391 556 448 quam
582 348 891 431 hortatione
916 388 1023 427 non
1044 380 1127 428 est
1155 388 1310 442 opus.
1345 371 1591 426 novimus
1620 368 1765 425 enim
1792 368 1960 423 Deum
1989 366 2085 423 tibi
2111 366 2401 427 rcvelasse,
2424 379 2543 434 qum
2565 363 2844 421 Nestor-ius
2869 364 2922 418 in
2945 362 3109 419 corde
3128 346 3364 433 gereret,
3397 369 3685 433 antequam

393 465 863 537 Constantinopoli
909 465 1086 536 palam
1133 472 1472 535 grassaretur
1496 502 1513 529 ,
1562 472 1725 532 teque
1758 462 1869 531 jam
1909 469 2024 515 tum
2068 459 2318 515 omnibus
2357 457 2411 512 in
2454 456 2785 512 monasterio
2829 454 3188 511 existentibus
3214 454 3402 510 dicere
3429 453 3685 509 solitum:

394 561 578 616 Cavete
602 557 762 626 nobis,
787 559 997 629 fratres,
1026 556 1278 628 siquidem
1305 554 1445 610 mala
1468 555 1629 611 bestia
1661 554 1758 609 hac
1784 554 1839 608 in
1868 553 1993 607 urbe
2018 559 2305 623 grassatur,
2336 558 2387 603 et
2415 548 2601 604 multos
2628 563 2724 604 sna
2743 548 2980 603 doctrina
2998 546 3189 618 inﬁcit.

461 651 661 707 Sancta
695 658 754 709 et
785 648 1257 706 consubstantialis
1294 648 1529 705 Trinitas
1563 654 1744 704 servet
1783 654 1837 702 te
1879 646 2199 719 incplumem
2227 652 2407 698 mente
2446 648 2501 698 et
2526 657 2774 714 corpore,
2807 641 3187 713 prredicantem
3216 639 3498 698 Christum
3526 639 3690 697 Deum

392 730 660 799 nostrum.
700 740 808 798 Ora
829 758 931 813 pro
960 742 1135 809 nobis,
1165 742 1504 813 sanctissime
1534 739 1718 796 frater.

462 832 601 891 Cum
642 833 806 905 legati
852 835 1088 905 partium
1118 835 1231 890 sub
1261 833 1421 889 tinem
1453 832 1675 904 Augusti
1705 828 2104 886 Chalcedonem
2144 829 2474 895 tenuissent,
2518 827 2654 899 jussi
2700 835 2826 884 sunt
2870 825 3069 883 ibidem
3107 826 3441 889 subsistere.
3469 832 3689 897 propter

393 925 785 981 tumultuantes
816 925 1151 988 monachos,
1186 925 1232 980 si
1267 938 1371 993 qua
1408 932 1590 980 tamen
1628 921 1760 977 lides
1796 916 2146 975 Theodoreto
2191 918 2245 974 id
2285 919 2549 976 causanti.
2600 916 2680 974 Eo
2706 917 2812 974 loci
2846 916 2988 973 fama
3024 916 3350 984 didicerunt,
3385 916 3685 974 Nestorium

392 1024 522 1073 ante
548 1025 674 1074 octo
699 1017 838 1080 dies,
863 1032 1026 1086 quam
1064 1016 1415 1080 advenirent,
1463 1013 1680 1086 Epheso
1717 1012 2029 1078 dimissum,
2058 1020 2121 1068 ut
2149 1012 2254 1068 iret
2279 1026 2389 1082 quo
2415 1010 2628 1068 liberet.
2665 1010 2820 1079 Quod
2853 1024 2974 1067 cum
2997 1008 3138 1066 foret
3162 1010 3542 1081 prtejudicium
3586 1025 3686 1066 non

395 1096 513 1166 leve
559 1123 764 1174 cause,
793 1118 1001 1165 tantum
1034 1109 1316 1167 catholicis
1343 1108 1541 1164 iretititc
1578 1108 1839 1176 bonreque
1867 1105 1981 1176 spei
2017 1103 2171 1171 fecit,
2206 1112 2472 1173 quantum
2504 1102 2740 1158 vicissim
2761 1101 2967 1158 doloris
2991 1108 3276 1169 metusque
3302 1095 3686 1166 Orientalibus,

394 1211 619 1274 propter
639 1198 1039 1261 inclinationem
1070 1200 1362 1256 Theodosii
1393 1201 1447 1255 in
1478 1201 1755 1256 meliorem
1779 1207 2013 1270 partem.
2039 1186 2325 1272 Postquam
2348 1196 2725 1252 Chalcedone»:
2745 1196 2973 1251 venimus
2995 1194 3142 1265 (nam
3162 1193 3684 1264 Constantinopolim,

392 1310 555 1367 neque
574 1309 691 1357 nos,
722 1309 883 1365 neque
905 1293 1067 1348 nostri
1104 1291 1386 1347 adversarii
1411 1293 1611 1346 intrare
1631 1291 1867 1362 permissi
1894 1305 2092 1355 sumus,
2115 1297 2327 1360 propter
2355 1287 2630 1343 seditiones
2652 1284 2902 1342 bonorum
2922 1283 3340 1355 monachorum),
3372 1286 3522 1357 fama
3551 1301 3690 1340 aere-

393 1387 585 1459 pimus,
618 1383 790 1454 inquit
829 1382 1232 1450 Theodorctns,
1276 1382 1413 1456 quod
1451 1392 1574 1438 ante
1609 1392 1724 1438 octo
1752 1381 1862 1437 dies
1881 1422 1897 1445 ,
1927 1398 2080 1454 quam
2109 1393 2548 1453 compareremus,
2573 1380 2811 1436 dominus
2832 1376 3110 1435 Nestorius
3132 1376 3198 1431 ab
3225 1374 3430 1449 Epheso
3451 1376 3687 1433 dimissus

391 1479 483 1538 sit,
504 1464 788 1545 uteatqtto
809 1472 1027 1530 liberet:
1056 1472 1194 1531 unde
1215 1472 1359 1529 ualde
1386 1472 1663 1539 doluimus,
1685 1471 2105 1545 quandoquidem
2135 1486 2253 1527 sere
2275 1487 2338 1526 ea
2364 1482 2481 1545 quc
2505 1470 2690 1528 illiclte
2712 1478 2766 1526 et
2797 1468 2989 1544 absque
3010 1470 3219 1543 judicio
3245 1471 3390 1542 facta
3426 1476 3556 1526 sunt
3580 1469 3688 1542 jam

393 1566 554 1625 robur
571 1568 761 1623 habere
788 1566 1045 1624 videntur.

466 1662 565 1719 Die
600 1668 795 1732 quarto
831 1661 1166 1735 Septembris
1202 1662 1555 1719 Orientalium
1597 1656 1761 1730 legati
1790 1659 1857 1716 ad
1887 1674 2015 1716 suos
2049 1657 2318 1731 Ephesum
2357 1660 2688 1733 scripserunt
2710 1679 2727 1717 :
2749 1671 2861 1733 quo
2884 1661 2974 1719 dic
2998 1658 3345 1718 Chalcedone
3372 1668 3689 1716 transiturus

393 1754 814 1827 exspectabatur
857 1752 1156 1827 imperator
1200 1756 1254 1812 in
1283 1753 1464 1810 villam
1514 1752 1877 1811 Ruﬁnianam.
1924 1751 2013 1811 ubi
2053 1759 2320 1809 statuerat
2357 1751 2544 1811 audire
2580 1769 2819 1811 causam.
2862 1753 2931 1810 Et
2970 1768 3102 1810 vero
3142 1763 3565 1811 convocatoseo
3590 1751 3689 1810 loci

395 1846 602 1903 audivit
629 1860 739 1901 non
767 1848 957 1914 semel,
989 1849 1087 1906 sed
1113 1856 1364 1920 quartum
1393 1848 1587 1914 etiam,
1620 1846 1785 1903 immo
1812 1854 1869 1901 et
1886 1843 2133 1914 quintum
2153 1886 2168 1909 ,
2199 1854 2257 1903 et
2282 1846 2502 1916 quidem
2528 1848 2663 1902 satis
2688 1846 2953 1904 benevole
2975 1846 3028 1901 in
3057 1846 3325 1918 speciem;
3357 1844 3505 1902 unde
3521 1845 3687 1903 victo-

395 1941 535 1997 riam
571 1941 675 1998 sibi
716 1943 1095 2013 intempestive
1142 1941 1394 2012 gratulati
1440 1951 1599 2008 sunt,
1650 1926 1861 1999 litteris.
1890 1944 1956 2000 ad
1989 1956 2119 2001 suos
2163 1934 2438 2011 Ephesuin
2480 1939 2644 1995 datis.
2683 1937 2919 1995 Narrant
2956 1939 3101 1995 enim
3147 1954 3213 1996 ea
3238 1954 3361 2011 qua:
3385 1938 3687 1996 obtulerant

395 2034 705 2106 imperatori
732 2044 953 2107 accepta
981 2035 1145 2092 fuisse
1162 2038 1187 2102 ς’
1207 2050 1329 2105 quae
1350 2033 1543 2109 synodi
1568 2035 1732 2105 legati
1747 2079 1763 2101 ,
1795 2035 2035 2108 reiecta;
2067 2033 2456 2105 reprehensum
2480 2048 2511 2087 a
2533 2047 2593 2089 se
2623 2032 2901 2095 Acacium,
2931 2029 3075 2101 quod
3096 2030 3409 2104 passibilem
3433 2030 3686 2087 Oeitatem

394 2121 654 2191 dixisset,
705 2131 761 2182 et
804 2125 872 2180 ad
917 2132 1123 2180 tantam
1169 2123 1562 2196 blasphemiam
1610 2124 1965 2181 cohorruisse.
1996 2121 2391 2187 Theodosium;
2432 2121 2501 2177 ab
2528 2136 2595 2177 eo
2624 2121 2949 2193 imperatum
2976 2119 3173 2187 fuisse,
3204 2128 3265 2176 ut
3293 2135 3450 2177 suam
3469 2120 3686 2191 quisque

396 2214 719 2271 settlentiam
744 2216 947 2288 scripto
979 2215 1248 2282 traderet,
1282 2231 1381 2272 nec
1413 2215 1574 2271 aliam
1601 2216 1671 2270 ab
1700 2214 1829 2286 ipsis
1858 2214 2190 2285 propositam
2218 2227 2381 2283 quam
2400 2212 2703 2280 Nicenam;
2732 2214 3023 2285 populum,
3043 2214 3314 2298 probante
3342 2213 3681 2285 imperatore,

394 2298 866 2384 Constantinopoli
893 2305 962 2363 ad
990 2319 1052 2363 se
1081 2306 1385 2375 conﬂuere,
1427 2306 1695 2379 enixeque
1730 2314 1919 2378 petere
1956 2314 2018 2361 ut
2057 2320 2160 2378 pro
2200 2304 2305 2362 ﬁde
2338 2313 2560 2384 strenue
2594 2315 2928 2378 pugnarent,
2972 2306 3169 2378 vixque
3195 2322 3227 2363 a
3250 2321 3314 2363 se
3338 2307 3593 2374 retineri,
3620 2319 3685 2364 ne

398 2398 722 2470 adversariis
749 2376 963 2455 no‘ceat.
3458 2468 3463 2472 ,

470 2489 605 2548 Tam
634 2492 841 2550 felicem
864 2493 1070 2550 exitum
1094 2493 1406 2549 certaminis
1432 2492 1734 2551 Orientales
1761 2492 1952 2563 legatis
1991 2492 2103 2548 suis
2143 2504 2210 2547 ex
2260 2490 2392 2546 urbe
2439 2490 2707 2561 Ephesina
2737 2491 3097 2561 congratulali
3123 2498 3269 2559 sunt,
3301 2504 3507 2562 eosque
3531 2487 3683 2547 simul

398 2592 745 2652 monuerunt,
773 2582 1054 2641 catholicas
1093 2584 1283 2657 synodi
1325 2583 1547 2647 Patres,
1580 2598 1716 2654 quos
1757 2581 2044 2656 Egyptios
2084 2581 2388 2648 vocabant,
2420 2580 2643 2652 perinde
2682 2597 2743 2638 se
2767 2596 2956 2653 gerere
2984 2596 3049 2639 ac
3075 2582 3254 2654 prius,
3286 2582 3341 2638 id
3370 2591 3473 2648 est,
3501 2597 3682 2640 caiisa

399 2672 734 2744 diiudicare,
784 2687 905 2744 qua:
948 2672 1193 2745 plurima:
1239 2673 1637 2740 deferebantur,
1688 2670 1944 2730 Ecclesiis
1984 2673 2213 2729 diversis
2250 2671 2571 2744 providere,
2620 2679 2725 2728 etc.
2795 2672 3140 2729 Remiserunt
3170 2674 3302 2747 ipsis
3324 2673 3680 2746 quoquesubc

401 2765 604 2838 scripta
641 2781 674 2821 a
714 2782 774 2822 se
810 2765 1139 2838 exemplaria
1176 2765 1285 2822 duo
1323 2765 1445 2823 iidei
1482 2766 1743 2832 Niemnat,
1776 2780 1991 2834 unaque
2027 2764 2421 2834 expositionem
2460 2761 2820 2834 capitulorum
2859 2778 2891 2818 a
2928 2762 3133 2836 Cyrillo
3165 2780 3362 2822 recens
3383 2765 3596 2829 factam.
3623 2778 3683 2820 ac

402 2860 569 2915 etiam
609 2859 848 2915 libellum
886 2859 1201 2931 imperatori
1233 2857 1586 2915 offerendum.
1643 2857 1759 2915 lloc
1796 2858 1848 2913 in
1894 2857 2073 2913 libello
2106 2865 2230 2929 post
2258 2865 2410 2913 actas
2449 2872 2547 2926 pro
2574 2856 2760 2911 favore
2789 2856 2901 2939 suis
2926 2857 3168 2927 pnestito
3190 2859 3394 2928 gratias
3410 2857 3684 2914 summisso

403 2968 506 3024 pro
527 2948 776 3009 Nestorio
801 2994 815 3019 ,
863 2952 1016 3019 cujus
1060 2967 1260 3008 nomen
1310 2957 1520 3017 tacent,
1559 2951 1685 3021 quia
1727 2950 1992 3019 ingratum
2030 2949 2347 3021 imperatori
2387 2948 2739 3013 audiverant,
2782 2946 3097 3020 ahjccteque
3116 2950 3515 3021 supplicabant.
3552 2948 3684 3018 Quid
3782 2946 3787 2953 ’

404 3043 549 3100 enim
572 3042 832 3111 abiectius
860 3042 979 3098 istis
1008 3042 1189 3098 verbis
1216 3059 1232 3095 :
1262 3039 1507 3106 Oramus,
1537 3050 1588 3096 et
1615 3048 1736 3095 ante
1757 3041 1969 3112 remigia
1996 3048 2166 3095 restra
2191 3037 2554 3111 provolvimur,
2584 3047 2640 3092 ut
2673 3053 2766 3094 nos
2794 3055 2909 3093 cum
2936 3038 3337 3113 longanimitate
3365 3040 3715 3097 humiliantes‘

400 3141 585 3190 restra-
616 3133 796 3203 pietati
822 3133 1152 3203 suscipiatis,
1193 3140 1245 3187 et
1265 3132 1407 3203 juste
1432 3136 1658 3203 petentes
1688 3129 1752 3184 de
1786 3130 1985 3200 offensa
2017 3148 2238 3203 persona
2274 3128 2341 3186 ab
2378 3130 2459 3185 his
2492 3132 2578 3204 qui
2611 3140 2909 3201 receperunt
2947 3133 3192 3188 hwreticn
3230 3134 3460 3204 capitulo
3487 3131 3679 3203 Cyrilti,

288 3288 298 3298 ,
402 3231 510 3278 etc.
554 3221 834 3299 {Dederunt
880 3223 1101 3295 insuper
1131 3224 1188 3278 in
1225 3223 1491 3279 mandatis
1534 3231 1591 3278 ut
1625 3225 1753 3281 totis
1790 3222 1991 3281 viribus
2022 3241 2123 3296 pro
2158 3225 2410 3283 Nestorio
2446 3224 2714 3291 facerent;
2755 3241 2930 3298 neque
2955 3242 3056 3283 suo
3078 3228 3297 3283 nomine
3322 3217 3681 3283 consentirent

404 3328 660 3384 umquam
699 3315 753 3369 in
795 3314 1195 3389 restitutionem
1222 3313 1408 3386 Cyr-illi
1437 3322 1493 3372 et
1520 3314 1849 3384 Memnonis;
1891 3315 1990 3371 nisi
2017 3318 2250 3387 capitula
2272 3318 2663 3375 damnarentur
2688 3337 2701 3372 :
2732 3334 2796 3375 ea
2818 3320 3020 3391 quippe
3042 3332 3110 3377 eo
3139 3333 3312 3390 usque
3330 3320 3679 3377 exsecraban-

406 3414 514 3469 tur.
545 3415 606 3464 ut
635 3408 704 3464 ne'
728 3423 897 3463 unum
926 3407 1143 3478 quidem
1172 3408 1414 3479 recipere
1437 3407 1655 3474 vellent,
1678 3409 1779 3464 etsi
1808 3424 1957 3482 mors
1982 3409 2354 3466 intentaretur.

480 3498 835 3571 Compressas
880 3506 963 3554 est
1010 3498 1217 3568 aliquot
1261 3506 1387 3568 post
1424 3497 1615 3555 diebus
1662 3498 1896 3570 impetus
1940 3500 2262 3555 exsultantis
2308 3499 2706 3557 inconsiderate
2753 3500 2986 3555 lmtititn:
3036 3499 3299 3556 redeunte
3343 3499 3679 3571 siquidemia

408 3589 597 3646 urbem
640 3590 969 3660 imperatore
992 3627 1008 3654 ,
1046 3586 1182 3658 jussi
1228 3597 1352 3645 sunt
1376 3589 1568 3663 synodi
1615 3590 1899 3646 catholica:
1937 3590 2097 3660 legati
2128 3590 2403 3659 comitari,
2434 3600 2495 3647 ut
2519 3592 2833 3662 episcopum
2860 3592 3332 3663 Constantinopoli
3357 3593 3679 3657 ordinaret“.

407 3680 772 3738 Orientalibus
800 3681 1017 3736 interitu
1043 3680 1385 3737 Chalcedone
1410 3660 1649 3749 relictis;
1675 3676 1765 3751 qui
1788 3681 1968 3738 libello
1987 3681 2057 3737 ad
2086 3681 2445 3740 Theodosium
2477 3660 2642 3741 misso
2670 3660 2962 3756 petierunt,
2994 3701 3062 3741 ne
3089 3700 3195 3755 qua
3221 3660 3381 3741 fleret
3407 3685 3678 3749 ordimtio,

405 3771 719 3844 priusquam
758 3772 1014 3843 doguiata
1060 3773 1516 3849 exanimarentur,
1562 3774 1919 3831 vaticinantes
1964 3774 2166 3844 alioqui
2215 3776 2452 3845 ingentia
2476 3817 2492 3844 ,
2541 3793 2662 3849 qum
2703 3777 2842 3833 forte
2887 3779 3356 3857 machinabantur,
3389 3780 3516 3838 inde
3554 3779 3680 3835 mala

408 3862 635 3917 oritura.
675 3863 906 3918 Aiebam
925 3863 1067 3919 enim
1093 3881 1107 3918 :
1142 3862 1507 3919 Necessarium
1528 3864 1767 3919 duximus
1798 3874 1855 3919 ut
1885 3864 2220 3937 prtesentibus
2251 3865 2435 3923 litteris
2464 3867 2759 3924 duceremus
2786 3879 3007 3925 uestram
3028 3871 3289 3940 pietatem,
3313 3889 3491 3927 coram
3516 3870 3616 3927 Dee
3636 3878 3681 3926 et

408 3957 613 4016 Christo
657 3961 772 4030 ipso
801 3975 863 4015 ac
904 3969 1087 4015 sancto
1128 3960 1349 4033 Spiritu,
1373 3961 1591 4034 quodsi
1629 3960 1743 4033 quis
1786 3958 2058 4017 ordinatus
2098 3962 2281 4035 fuerit,
2309 3974 2584 4035 antequam
2614 3964 2961 4020 discutiantur
2989 3975 3128 4020 recta
3165 3965 3413 4037 dogmata
3436 3966 3502 4021 ab
3521 3967 3582 4022 iis
3605 3965 3680 4037 qui

408 4052 650 4109 haeretica
687 4056 936 4122 sentiunt,
980 4071 1185 4111 necesse
1224 4056 1293 4110 sit
1340 4052 1395 4109 ut
1424 4064 1532 4110 tota
1572 4052 1805 4109 Ecclesia
1843 4053 2133 4117 scindatur,
2164 4064 2270 4111 tam
2309 4056 2445 4111 clero
2471 4072 2625 4127 quam
2655 4055 2886 4128 plebibus
2912 4055 3282 4112 dissidentibus
3306 4074 3326 4110 :
3357 4058 3530 4114 nullus
3554 4058 3678 4112 enim

407 4148 612 4217 piorum
630 4149 761 4220 feret
786 4132 1031 4203 haeretica
1058 4147 1342 4205 colentibus
1371 4149 1785 4204 communionem
1800 4147 1934 4211 dari,
1959 4150 2320 4221 propriamque
2344 4142 2564 4204 salutent
2585 4149 2893 4205 annihilari.
2934 4148 2996 4206 Si
3024 4158 3196 4205 autem
3228 4150 3339 4206 lues
3359 4153 3535 4224 futura
3554 4158 3677 4210 sunt.

409 4247 530 4295 tunc
558 4248 727 4295 vestra
754 4242 921 4315 pietas
940 4250 1129 4312 preter
1147 4259 1295 4297 suam
1326 4250 1545 4296 mentem
1573 4257 1726 4313 agere
1753 4247 1994 4313 cogetur;
2027 4258 2151 4296 nam
2187 4250 2237 4296 et
2262 4241 2487 4297 schisma
2520 4252 2707 4313 prater
2734 4243 3042 4298 sententiam
3064 4243 3369 4306 incalescat,
3400 4253 3453 4299 et
3487 4259 3573 4299 eos
3602 4242 3678 4313 qui

408 4349 505 4403 pro
538 4332 728 4402 pietate
775 4342 1006 4400 certant,
1057 4334 1415 4399 contristabit,
1458 4344 1561 4387 non
1607 4335 1855 4405 ferentes,
1896 4341 1953 4387 ut
1989 4351 2100 4390 sure
2141 4335 2332 4390 anime
2368 4342 2943 4418 pereant,etconstent
2964 4337 3298 4392 eontentiasis
3327 4338 3488 4409 impia
3514 4333 3677 4407 Cyrilli

409 4425 657 4497 dogmata
678 4465 693 4492 ,
743 4442 860 4498 qua:
888 4426 1181 4498 justi/icore
1220 4427 1417 4482 rohmt.
1471 4424 1622 4481 Multi
1660 4436 1858 4493 autem,
1894 4427 1980 4499 qui
2008 4427 2190 4499 pietati
2225 4427 2450 4489 student,
2482 4434 2533 4481 et
2558 4443 2735 4483 omnes
2756 4444 2868 4492 nos,
2901 4428 3073 4501 quies:
3094 4425 3354 4483 Orientali
3382 4427 3602 4491 dicati,
3636 4434 3687 4516 et‘

408 4525 591 4585 t‘estrte
617 4520 895 4589 provincia
932 4535 999 4573 ea:
1039 4519 1241 4576 dioecesi
1284 4518 1474 4585 Ponti,
1509 4529 1560 4574 et
1586 4518 1757 4583 Asim,
1799 4529 1849 4574 et
1879 4517 2147 4587 Thraciae,
2176 4529 2226 4574 et
2256 4518 2482 4599 Illyrici,
2507 4530 2556 4576 et
2580 4514 2855 4576 Italiamin
2885 4521 3067 4594 Cyrilli
3089 4521 3336 4594 dogmata
3364 4520 3565 4577 admitti
3583 4536 3673 4577 non

409 4609 605 4674 sinent;
636 4611 720 4683 qui
746 4620 799 4666 et
829 4617 1011 4665 vestra!
1039 4610 1217 4680 pietati
1247 4609 1433 4665 libram
1462 4608 1747 4665 beatissimi
1773 4607 2034 4664 Ambrosii
2064 4611 2312 4665 miserunt
2333 4610 2547 4666 adversa
2575 4609 2852 4683 pullulanti
2881 4609 2999 4665 huic
3020 4611 3378 4682 superstitioni
3405 4608 3670 4675 decentem.

414 4697 739 4771 Quapropter
766 4716 837 4754 ne
877 4701 971 4755 hoc
1011 4700 1234 4761 eueniat,
1266 4709 1318 4753 et
1358 4707 1523 4754 vestra
1550 4699 1715 4772 pietas
1746 4699 1911 4771 magis
1939 4699 2285 4769 conturbatur,
2321 4700 2696 4775 supplicamus,
2726 4718 3017 4775 precamur,
3046 4701 3399 4770 obsecramus,
3427 4699 3673 4767 ndicat,

410 4806 477 4847 ne
503 4790 765 4847 ordinatio
785 4801 937 4847 antea
958 4792 1071 4864 ﬁat,
1109 4793 1269 4847 donec
1291 4791 1582 4849 orthodoxa
1604 4792 1733 4864 ﬁdes
1762 4794 2020 4864 ﬁrmetur.
2239 4788 2243 4793 ’

482 4882 688 4939 Libello
714 4884 846 4939 nihil
873 4884 1018 4939 aliud
1048 4885 1292 4955 responsi
1320 4885 1523 4951 datum,
1554 4885 1653 4942 nisi
1690 4887 1833 4957 quod
1863 4887 2001 4945 facta
2031 4899 2114 4945 est
2141 4890 2330 4959 legatis
2370 4888 2750 4956 Orientalium,
2782 4892 3002 4962 suisque
3025 4892 3168 4963 apud
3194 4890 3470 4963 Ephesum
3493 4888 3672 4949 sociis,

410 4975 579 5032 libera
609 4984 853 5049 potestas
870 4976 1129 5034 redeundi
1149 4978 1215 5035 ad
1245 4994 1372 5036 suas
1394 4978 1682 5036 Eeclesias.
1707 4981 1862 5048 Quod
1888 4997 2011 5037 cum
2041 4983 2348 5039 resciissent
2367 5024 2381 5049 ,
2412 4982 2648 5038 libellum
2678 4985 2893 5039 tertium
2925 4985 3243 5056 imperatori
3269 4985 3554 5047 miserunt.
3576 4996 3671 5039 non

378 5147 385 5153 ‘
410 5068 573 5124 modo
603 5069 892 5125 iracundiae
919 5070 1157 5141 plenum.
1186 5072 1279 5128 sed
1310 5072 1559 5129 vecordis
1587 5073 1749 5129 ctiam
1772 5075 2225 5145 exprobrationis,
2254 5074 2420 5131 immo
2466 5085 2519 5132 et
2549 5077 2874 5149 impudentis
2911 5077 3370 5136 comminationis.
3403 5078 3530 5134 Ausi
3562 5079 3673 5133 sunt

410 5159 611 5230 quippe
633 5158 942 5215 Theodosio
970 5160 1207 5232 objiccre
1239 5180 1252 5217 :
1282 5162 1533 5234 primum,
1561 5163 1705 5233 quod
1729 5164 1871 5235 ipsos
1902 5164 2175 5221 illusisset.
2214 5165 2395 5221 Vocati
2424 5180 2619 5229 εδιηηιε.
2652 5167 2986 5238 inquiebant,
3020 5168 3091 5224 ad
3115 5169 3532 5240 ron/innantium
3558 5182 3670 5224 sett-

408 5259 607 5304 ctormn
635 5247 855 5303 Patrum
882 5250 1072 5321 ﬁdem;
1102 5262 1448 5307 rerumtamen
1468 5269 1626 5327 usque
1652 5255 1707 5309 in
1736 5265 2040 5326 prmsentcm
2068 5258 2202 5311 diem
2231 5254 2554 5312 Chalcedone
2586 5260 2768 5315 retenti
2794 5275 2991 5327 smnus,
3021 5271 3072 5316 et
3108 5275 3246 5318 nunc
3282 5261 3355 5317 ad
3373 5260 3580 5335 propria
3598 5259 3664 5315 di-

410 5340 678 5409 mittimur.
713 5338 916 5398 Deinde
938 5383 952 5407 ,
985 5343 1130 5413 quod
1155 5342 1459 5400 Orientales
1482 5360 1595 5415 pne
1637 5346 1755 5402 aliis
1783 5346 2087 5417 despiceret
2117 5367 2129 5402 :
2163 5348 2415 5405 themm
2444 5366 2545 5404 non
2576 5350 2783 5407 illorum
2813 5361 3040 5419 tantum,
3068 5352 3163 5408 sed
3196 5362 3248 5409 et
3283 5363 3463 5412 noster
3486 5370 3574 5411 re:
3594 5367 3661 5417 es;

409 5449 571 5504 neque
595 5436 730 5490 enim
750 5451 910 5507 parva
930 5438 1098 5508 portio
1114 5438 1256 5507 regni
1277 5437 1350 5492 tui
1374 5446 1453 5493 est
1475 5437 1682 5493 Oriens.
1709 5438 1913 5501 Tertio,
1933 5440 2077 5511 quod
2095 5440 2250 5497 ﬁdem
2276 5440 2529 5512 proderet
2549 5450 2771 5513 propter
2790 5443 3029 5501 rationes
3041 5444 3323 5517 politieas:
3337 5442 3426 5500 Ne
3436 5443 3667 5517 despiciet

408 5532 575 5578 castra
602 5527 846 5597 majeslas
873 5527 1048 5598 ﬁdem,
1080 5544 1192 5600 qua:
1220 5528 1561 5594 adulteratar,
1594 5532 1644 5585 in
1675 5548 1827 5604 quam
1855 5542 1906 5586 et
1938 5550 2038 5599 res,
2082 5544 2132 5589 et
2161 5534 2510 5605 progenitores
2533 5537 2685 5590 restri
2712 5535 2960 5609 baptismi
2985 5539 3137 5607 estis;
3164 5554 3269 5614 qua
3303 5547 3519 5597 etme
3552 5548 3664 5611 ιρι

410 5615 603 5674 habetis
628 5621 681 5673 in
709 5620 843 5680 bello
877 5638 975 5694 quo
1005 5623 1239 5694 Africam
1259 5623 1508 5696 premitis.
1534 5625 1759 5691 Quarto,
1783 5627 1929 5696 quod
1970 5625 2332 5681 damnationis
2360 5636 2578 5683 aztcrnn‘.
2600 5642 2659 5683 se
2675 5644 2826 5684 reum
2848 5628 3051 5695 faceret
3079 5648 3095 5686 :
3122 5628 3175 5688 Ii
3199 5632 3288 5704 qui
3306 5630 3541 5703 pernici
3557 5636 3664 5686 sunt

409 5705 673 5768 Mica
697 5713 899 5781 lubere,
933 5717 1135 5771 animos
1162 5731 1335 5773 eorum
1365 5718 1453 5788 qui
1482 5717 1552 5772 ad
1586 5735 1643 5774 se
1669 5705 1933 5784 accidunt,
1968 5728 2016 5774 et
2042 5721 2087 5775 si
2115 5721 2227 5791 quis
2257 5721 2395 5791 ipsos
2440 5722 2568 5776 rete!
2598 5721 2806 5791 audire,
2848 5720 3113 5781 occident.
3146 5722 3377 5794 Quinta,
3409 5722 3659 5799 denique,
