3866 6244
169 372 269 440 731
684 330 1070 451 ..r,mr.tm
1108 360 1185 434 is.
1209 365 1579 434 succussu
1619 365 1696 423 PA

1925 359 2226 422 -θρειιιιιι
2264 359 2455 418 MAR“
2493 358 2958 419 κειῠιτοιιιδ.

165 485 303 556 quod
331 498 460 540 eum
488 497 550 540 se
575 459 854 557 praestaret
874 491 994 556 cum
1022 475 1130 550 quo
1154 478 1376 552 perinde
1403 478 1666 550 agendum
1695 479 1765 534 sit
1797 469 1862 533 ac
1889 475 2010 534 cum
2031 459 2644 548 tejicieatibus-verbum
2669 476 2784 557 Dei,
2815 482 2981 558 atque
3005 475 3448 547 apostolum"

162 577 531 650 sequentibus.
558 575 618 632 Si
638 579 763 655 post
787 578 923 642 hanc
945 586 1172 632 nostram
1201 575 1620 640 obsecrationem,
1651 576 1786 629 lianc
1804 591 1920 648 qua:
1947 591 2120 631 ceram
2136 570 2251 630 Deo
2274 574 2396 628 data
2417 585 2495 630 est
2515 567 2800 630 doctrinam
2829 592 2932 630 non
2960 576 3435 644 sttscepsrit'ustm
3460 562 3467 568 ’

150 671 336 742 pietas,
365 685 466 724 nos
493 671 648 723 etiam
674 670 931 743 pulverem
955 670 1144 742 pedum
1175 667 1506 732 excutiemus,
1537 679 1587 722 st
1630 665 1963 720 clamabimus
1996 681 2110 720 cum
2140 663 2283 720 beato
2312 665 2481 719 Paulo
2513 680 2531 719 :
2558 663 2610 720 Μ
2619 665 2745 719 undi
2772 682 2947 720 sumus
2975 682 3007 718 a
3031 667 3284 735 sanguine
3308 679 3428 720 ees-

163 773 237 813 tro
259 757 395 829 (Act.
433 773 525 820 xx,
549 755 662 827 ΞΘ).

226 843 365 918 [ωλι
395 848 650 904 ell'ectum
677 848 782 907 hoc
802 849 963 904 etiam
988 847 1168 903 libello
1194 867 1205 900 ι
1230 861 1399 918 quare
1430 857 1552 916 post
1577 854 1854 917 acceptam
1878 844 2110 901 abeundi
2151 853 2490 915 potestatein,
2523 844 2844 900 mandarunt
2873 846 2983 901 suis
3021 845 3292 918 Ephesum
3318 861 3430 917 quo

162 937 274 994 loco
293 927 386 992 res
413 946 614 1002 essent,
638 936 971 1007 deploratam
999 937 1201 993 scilicet
1231 935 1462 992 Nestorii
1487 952 1722 1002 causam,
1748 950 1872 991 cum
1891 951 2051 991 nemo
2071 943 2250 1005 posset
2272 936 2412 992 ferre
2433 935 2600 1006 ipsius
2628 951 2825 992 nomen
2851 955 2863 990 :
2888 936 3211 1009 Cyrillianos
3247 948 3429 1012 tyran-

161 1023 297 1091 nide,
320 1025 621 1089 fraudibus,
645 1024 968 1092 adulatione,
999 1024 1156 1081 donis
1179 1040 1368 1086 omnes
1395 1025 1671 1096 decepisse
1701 1043 1714 1078 :
1750 1025 1836 1079 vix
1856 1024 2070 1080 tandem
2101 1026 2350 1094 precibus
2371 1027 2437 1080 ab
2456 1027 2782 1098 imperatore
2804 1027 3144 1098 impetratam
3163 1028 3425 1086 redeundi

159 1117 224 1173 ad
249 1132 373 1178 suas
403 1116 1026 1180 Ecclesias'facultatem,
1059 1117 1156 1172 sed
1173 1131 1238 1172 ea
1267 1117 1403 1186 lege,
1431 1105 1503 1171 ut
1530 1127 1579 1170 et
1606 1115 1890 1188 Egyptius
1931 1123 1982 1170 et
2027 1115 2274 1172 Memnon
2321 1115 2577 1188 Ephesius
2603 1117 2658 1171 in
2699 1118 2806 1172 suis
2850 1116 2978 1172 locis
3001 1129 3287 1174 manerent.
3333 1117 3426 1175 Sic

157 1211 303 1280 enim,
331 1210 573 1274 aiebant,
604 1211 790 1282 poterit
817 1207 1098 1281 quptius
1125 1224 1298 1263 omnes
1343 1223 1609 1263 excrecare
1652 1208 1946 1262 muneribus
1983 1207 2092 1260 suis
2121 1223 2140 1260 :
2169 1211 2245 1261 sic
2272 1217 2328 1261 ut
2366 1207 2451 1263 ille
2496 1207 2701 1280 quidem
2723 1249 2737 1275 ,
2770 1225 2885 1264 cum
2934 1210 3206 1265 innumera
3247 1212 3427 1282 fecerit

154 1304 312 1372 mala,
340 1304 420 1367 ad
446 1306 684 1360 tiu-onum
711 1319 861 1358 suum
889 1302 1062 1358 redeat
1082 1319 1102 1368 ;
1130 1304 1226 1358 iste
1248 1304 1325 1358 vir
1349 1304 1593 1357 innocens
1621 1303 1707 1356 via:
1731 1302 1802 1355 ad
1828 1318 1976 1355 suam
1996 1302 2316 1358 mansionem
2342 1301 2650 1359 dimittatur.

222 1397 530 1466 Antequam
559 1395 687 1451 vero
706 1394 1048 1450 Chalcedone
1067 1395 1412 1456 recederent,
1444 1393 1819 1450 Theodoretus
1846 1407 2151 1448 sermonem
2189 1391 2375 1446 habuit
2418 1405 2550 1447 sane
2575 1391 2896 1447 virulenta-ni
2914 1434 2930 1457 ,
2960 1406 3069 1460 quo
3105 1391 3427 1448 valediceret

157 1486 454 1559 legatorum
485 1487 701 1544 nomine
728 1485 962 1544 Nestorii
988 1483 1306 1549 fautoribus,
1337 1485 1427 1554 qui
1456 1483 1853 1558 Cbulcedoncm
1893 1482 2234 1554 trajecerant,
2266 1489 2324 1536 ut
2363 1481 2628 1536 dicentem
2670 1483 2954 1537 audirent:
2991 1481 3264 1536 Terribiles
3296 1483 3425 1536 Pro-

155 1569 378 1652 pontidis
419 1581 608 1650 ﬂuctus
653 1579 876 1634 transire
915 1581 1028 1634 ausi
1051 1580 1201 1643 estis,
1233 1579 1534 1648 inquiebat,
1576 1589 1631 1631 ut
1676 1586 1907 1632 nostram
1943 1576 2168 1630 audiatis
2205 1593 2392 1640 rorant,
2425 1593 2575 1648 quant
2607 1577 2754 1630 vestri
2793 1575 3018 1646 pastoris
3045 1576 3177 1630 uocis
3207 1577 3424 1648 c/ﬁgient

155 1669 342 1744 putatis
365 1687 385 1725 .'
416 1669 722 1725 desideratis
751 1669 888 1722 enim
935 1667 1116 1722 audire
1145 1667 1408 1740 jncundas
1437 1667 1586 1722 uestri
1615 1668 1838 1738 pastoris
1862 1666 2095 1738 ﬁstulas,
2128 1666 2348 1736 pastoris
2387 1681 2535 1737 quem
2564 1673 2792 1736 pastores
2820 1667 2942 1719 socii
2983 1665 3198 1720 calamis
3224 1667 3425 1722 occide-

155 1773 289 1829 runt,
317 1771 428 1819 etc.
458 1761 696 1818 Joannes
721 1761 815 1831 qui
844 1760 1050 1824 aderat,
1082 1759 1294 1830 excepit
1314 1761 1382 1816 de
1407 1775 1558 1816 more
1581 1759 1809 1814 dicentis
1837 1759 2026 1824 verba,
2057 1760 2403 1826 saiutansquc
2433 1766 2728 1812 extremum
2773 1757 3074 1821 auditores,
3107 1771 3202 1812 cos
3230 1757 3296 1812 ad
3325 1757 3424 1812 ob—

154 1855 496 1920 stinationem
519 1855 572 1910 in
603 1869 790 1912 errore
815 1853 1065 1920 incendit,
1098 1853 1234 1910 facta
1259 1853 1538 1910 catholicis
1561 1851 1855 1916 calumnia,
1887 1850 2038 1919 quasi
2068 1850 2341 1922 patibilem
2362 1848 2629 1904 Deitatent
2659 1847 2917 1909 dicerent,
2952 1846 3256 1917 factumque
3297 1865 3420 1903 cor-

152 1947 297 2019 poris
321 1955 379 2004 st
402 1946 626 2002 Deitatis
653 1955 902 2002 naturam
923 1960 1104 2008 unam,
1127 1945 1271 2016 quod
1298 1951 1456 1999 antea
1484 1957 1701 2013 quoque
1730 1941 2100 1997 'l‘heodoretus
2121 1942 2396 2009 obiecerat
2427 1958 2442 1994 :
2474 1939 2672 1995 Sancta
2698 1941 2783 1993 lca.
2803 1948 2908 2004 est,
2951 1940 3130 1993 aiebat
3155 1938 3412 2004 Joannes,

152 2046 205 2091 ut
231 2035 466 2107 patribus
502 2046 711 2108 accepta
742 2038 975 2109 ferantur
1009 2052 1072 2090 ea
1095 2051 1209 2108 qua:
1231 2035 1459 2106 ﬁliorum
1502 2044 1640 2088 sunt.
1673 2033 1822 2088 Mens
1847 2034 2006 2105 igitur
2047 2043 2124 2087 est
2153 2031 2357 2087 Galaad
2373 2070 2388 2097 ,
2419 2044 2470 2086 et
2508 2048 2647 2086 metes
2686 2041 2762 2085 est
2802 2030 3107 2088 Manasses:
3138 2032 3288 2086 immo
3317 2049 3422 2088 non

153 2129 248 2182 mei
275 2136 418 2195 sunt,
442 2128 535 2184 sed
559 2126 676 2195 Dei,
704 2128 791 2201 qui
813 2136 1030 2182 uestram
1060 2143 1174 2181 cum
1195 2138 1371 2194 nostra
1399 2127 1723 2200 congregavit
1743 2125 2032 2180 Ecclesium
2050 2165 2064 2190 ,
2107 2135 2157 2179 et
2195 2125 2328 2178 [tunc
2349 2141 2442 2195 pro
2463 2125 2654 2196 pietate
2675 2122 2834 2177 zelum
2860 2139 2972 2176 cum
2994 2123 3112 2177 aliis
3136 2124 3285 2178 donis
3309 2129 3419 2178 lar-

151 2222 283 2292 gitus
307 2229 404 2289 est.
438 2220 691 2294 Equidem
718 2223 854 2275 inter
879 2236 965 2274 ros
993 2218 1108 2275 ideo
1135 2220 1354 2286 surrexi,
1383 2227 1438 2272 ut
1461 2217 1676 2274 dicendo
1702 2218 1981 2272 salutarem
2004 2217 2159 2272 sintut
2185 2225 2234 2271 et
2257 2217 2618 2282 valedicerem;
2647 2216 2831 2270 etenim
2871 2217 3126 2270 vobiscum
3156 2231 3330 2273 sumus
3353 2216 3422 2269 ad

153 2313 340 2386 fratres
368 2322 576 2379 nostros
604 2310 984 2367 contendentes.
2237 2338 2242 2342 ι
2316 2306 2386 2319 "“'
3399 2326 3401 2329 .

216 2402 337 2459 Jam
363 2418 500 2460 vero
521 2403 700 2474 quida
724 2389 836 2458 suis
861 2401 1052 2472 legatis
1081 2396 1421 2458 meumenica
1439 2400 1676 2476 synodus
1703 2399 1990 2471 acceperit,
2019 2399 2120 2454 etsi
2147 2415 2256 2454 non
2286 2407 2369 2453 est
2390 2398 2662 2469 proditum
2689 2398 2901 2464 litteris,
2932 2399 3074 2468 quod
3112 2399 3309 2465 sciam;
3338 2415 3410 2455 ex

155 2510 218 2552 eo
245 2501 431 2562 tamen
451 2488 784 2566 intelligitur,
807 2494 951 2567 quod
980 2492 1184 2560 Patres,
1209 2503 1332 2563 post
1350 2491 1622 2553 difﬁcilem
1650 2507 1882 2564 pugnam
1903 2507 2022 2548 cum
2043 2490 2239 2546 Christi
2261 2493 2504 2549 hostibus
2523 2533 2536 2555 ,
2567 2493 2646 2548 sic
2675 2503 2947 2563 tamquam
2987 2493 3206 2562 gloriosi
3234 2492 3414 2558 duces,

153 2594 303 2658 parta
329 2586 578 2654 victoria,
602 2585 826 2642 laureati
849 2601 977 2641 suas
999 2583 1272 2645 Ecelesias
1289 2584 1608 2651 reviserint;
1641 2587 1861 2655 ipseque
1886 2582 2116 2656 Cyrillus
2136 2584 2222 2640 die
2264 2584 2332 2640 50
2366 2583 2631 2652 Octobris,
2663 2586 2754 2654 qui
2797 2586 2983 2641 tertius
3005 2587 3203 2641 mensis
3230 2587 3420 2659 Athyr,

152 2669 450 2737 semiudum
473 2678 774 2753 Egyptios,
799 2679 1177 2736 Alexandriam
1198 2665 1480 2750 appulerit,
1506 2677 1600 2732 ubi
1618 2692 1648 2731 a
1677 2678 1805 2743 suis,
1829 2676 1983 2746 quasi
2008 2677 2384 2749 triumphantis
2413 2678 2679 2733 exercitus
2698 2677 2907 2744 ductor,
2937 2685 3189 2748 acceptus
3219 2686 3323 2736 est.
3355 2665 3424 2733 Et

153 2786 280 2826 vero
300 2771 512 2830 decima
531 2788 673 2829 nona
703 2772 955 2841 humilia,
983 2787 1088 2843 qua
1122 2772 1264 2826 diem
1299 2769 1578 2834 Paschatis
1612 2769 1667 2824 in
1704 2784 1905 2825 annum
1932 2767 2036 2824 452
2062 2769 2260 2834 edixit,
2290 2768 2569 2841 Epinicion
2601 2770 2702 2824 sibi
2729 2771 3241 2840 quoddamvidetur
3277 2773 3422 2828 ceci~

155 2864 314 2928 uisse,
347 2863 493 2933 quod
520 2871 701 2919 tamen
741 2879 852 2934 prae
881 2863 1156 2919 modestiae
1177 2861 1384 2930 studio,
1414 2870 1473 2917 ut
1498 2870 1553 2918 et
1579 2861 1860 2917 classicum
1889 2862 2016 2916 anni
2043 2861 2239 2932 prioris
2259 2904 2272 2928 ,
2307 2862 2610 2932 allt'gnricis
2640 2863 2822 2933 ﬁguris
2851 2866 3187 2936 temperavit.
3213 2863 3424 2938 Oppor-

155 2962 289 3017 tune,
323 2953 516 3023 inquit,
547 2970 768 3018 rursum,
793 2953 929 3026 quod
951 2952 1350 3026 Psalntograplti
1380 2953 1495 3023 lyra
1523 2951 1748 3023 antiquis
1775 2952 2016 3017 occinuit,
2048 2967 2143 3008 nos
2171 2969 2368 3024 quoque
2397 2953 2465 3006 ad
2494 2971 2579 3008 vos
2608 2953 2967 3027 usurpabintus
2991 2972 3008 3009 :
3041 2953 3229 3010 Omnes
3249 2967 3422 3030 gentes

155 3041 384 3112 plaudite
412 3043 666 3102 manibus,
687 3042 906 3115 jubilate
931 3041 1040 3097 Deo
1065 3043 1118 3096 in
1149 3057 1268 3095 voce
1294 3041 1652 3097 exsultationis
1677 3039 1847 3112 (Psal.
1882 3041 2132 3113 nwﬂ).
2163 3041 2279 3095 Hoc
2301 3049 2395 3106 est,
2419 3043 2685 3097 uictoriale
2708 3060 2912 3099 carmen
2943 3047 3238 3114 occittantus
3267 3043 3420 3100 Citri-

153 3144 246 3201 sto,
271 3137 394 3190 vicit
422 3151 640 3208 namque
665 3151 760 3210 pro
785 3133 931 3203 nobis
954 3133 1199 3188 mundum
1225 3131 1359 3206 (Col.
1381 3149 1435 3198 ll,
1462 3130 1570 3202 lii),
1594 3131 2005 3205 quandoquidem
2025 3133 2222 3188 scilicet
2245 3135 2456 3205 ipsemet
2483 3135 2576 3200 ait,
2604 3137 3032 3207 triumphauitque
3061 3137 3382 3208 principatus
3400 3176 3416 3200 ,

155 3227 553 3292 dominationes,
585 3237 736 3300 atque
763 3226 942 3282 mundi
970 3235 1187 3280 rectores
1221 3224 1539 3283 tenebrarum
1565 3226 1767 3291 Irarum,
1793 3226 2080 3298 spiritualis
2110 3229 2348 3300 nequitia:
2369 3229 2423 3281 in
2453 3228 2736 3284 cwlestibus
2760 3231 2778 3301 (
2798 3229 2951 3286 ICor.
2976 3247 3064 3300 xv,
3087 3230 3201 3303 24),
3233 3249 3427 3304 nosque

155 3321 248 3375 hoc
268 3331 424 3393 pacto
450 3329 651 3392 ereptos
671 3336 737 3374 ex
755 3317 959 3373 illorum
987 3318 1183 3373 sterilia
1213 3317 1276 3371 ab
1294 3317 1517 3388 antiquis
1548 3315 1850 3373 criminibus
1878 3310 2131 3385 liberavit,
2155 3318 2367 3391 afﬁgens
2397 3319 2556 3387 cruci,
2597 3321 2734 3394 quod
2753 3332 2933 3376 contra
2953 3338 3046 3376 nos
3083 3330 3212 3390 erat,
3244 3321 3439 3378 chirs--

153 3413 408 3486 graphum
434 3409 567 3482 (Col.
600 3427 656 3477 ιι,
684 3409 792 3482 id),
815 3420 868 3464 ut
897 3407 960 3464 ob
980 3409 1074 3464 ltoc
1093 3411 1256 3480 ipsum
1279 3409 1472 3468 scilicet
1493 3409 1773 3485 gaudentes
1796 3411 2028 3466 dicamus
2051 3428 2070 3465 :
2113 3410 2212 3467 Ubi
2233 3425 2326 3477 est,
2349 3431 2510 3476 mors,
2549 3416 2764 3469 uictoria
2789 3424 2874 3469 tua
2899 3407 3055 3488 (Orico
3077 3432 3190 3483 xui,
3217 3415 3350 3487 id)?

219 3502 819 3573 Quadrimestri-spatio
849 3510 971 3572 post
1008 3500 1401 3561 abdicationem
1441 3505 1671 3560 Nestorii
1700 3503 1904 3575 elapso,
1937 3513 2130 3560 octavo
2162 3504 2272 3559 kal.
2301 3505 2647 3570 Novembris,
2682 3506 2733 3562 id
2762 3515 2872 3573 est,
2904 3508 2991 3562 die
3030 3507 3101 3562 ΞΒ
3138 3493 3420 3578 Octobris,

151 3596 238 3666 qui
269 3593 598 3659 Dominicus,
630 3590 868 3664 synodus
894 3591 1288 3667 episcoporum,
1320 3596 1434 3652 sive
1451 3596 1542 3665 qui
1568 3612 1599 3651 a
1628 3595 1909 3652 catholicis
1940 3593 2154 3667 Epheso
2185 3596 2332 3653 missi
2353 3597 2596 3664 fuerant,
2621 3599 2734 3654 sive
2755 3601 2844 3668 qui
2876 3600 3014 3656 forte
3033 3599 3421 3657 Constantino-

153 3685 259 3756 poli
283 3683 505 3757 reperti,
538 3691 633 3738 aut
663 3682 826 3742 etiam
853 3697 884 3741 c
903 3687 1180 3758 provincia
1207 3694 1591 3754 convenerant,
1624 3688 1775 3742 urbis
1800 3689 1960 3757 regia:
1987 3688 2298 3760 episcopum
2337 3690 2604 3745 ordinavit
2635 3689 3016 3748 Maximiauum
3041 3709 3108 3748 cx
3146 3694 3416 3749 monacho

153 3776 556 3855 presbyterum,
589 3793 698 3837 non
726 3778 1148 3836 excultissiuium
1176 3778 1390 3848 quidem
1422 3779 1614 3834 litteris
1633 3819 1647 3845 ,
1678 3777 1774 3834 sed
1801 3777 1922 3836 ﬁdei
1949 3781 2215 3850 probatat,
2244 3783 2500 3853 pacisque
2527 3789 2816 3848 ainautem,
2847 3793 2903 3838 et
2925 3785 3140 3855 pietatis
3166 3786 3424 3857 Oper-ibus

153 3873 413 3929 deditum.
444 3867 593 3926 Nulli
613 3878 731 3925 erat
750 3869 839 3926 ille
866 3870 1183 3931 clericorum
1211 3869 1350 3941 parti
1371 3869 1626 3940 ingratus,
1653 3869 1817 3926 inuno
1843 3870 1958 3925 sedi
1987 3871 2327 3942 apostolicus,
2357 3872 2510 3942 cujus
2540 3874 2699 3942 legati
2727 3873 2982 3939 aderant,
3016 3891 3082 3929 eo
3124 3865 3416 3948 acceptior,

112 4042 114 4044 ν
153 3964 374 4033 quodin
398 3961 641 4019 Ecclesia
661 3960 902 4018 Romana
928 3971 1182 4032 posuerat
1203 3961 1374 4032 prima
1401 3975 1568 4016 sacrae
1593 3961 1796 4016 militize
1817 3960 2138 4018 rudimenta.
2174 3962 2350 4032 Atque
2377 3963 2491 4019 hinc
2518 3981 2675 4020 causa
2722 3965 2816 4022 fuit
2838 3982 2932 4022 cur
2962 3966 3155 4023 Proeto
3200 3977 3254 4023 et
3295 3967 3421 4022 Phi-

101 4099 106 4108 .
153 4055 298 4128 lippo
339 4055 716 4121 anteferretur,
739 4053 870 4110 viris
894 4053 1093 4122 alioqui
1115 4051 1356 4109 doctrina
1388 4059 1443 4121 et
1473 4053 1674 4123 pietate
1702 4053 2094 4123 prbstantibus,
2120 4056 2216 4110 sed
2267 4055 2359 4123 qui
2385 4055 2578 4110 studiis
2621 4056 2936 4112 clericorum
2965 4057 3246 4113 contrariis
3273 4056 3424 4113 fove-

155 4155 364 4203 rentur.
476 4137 482 4141 ’
827 4195 830 4198 ,
872 4164 880 4178 ι
914 4167 916 4170 ν

2363 4147 2376 4158 4

2271 4161 2287 4173 .

2331 4197 2336 4204 ι
3448 4192 3450 4194 '
3456 4195 3458 4197 ι

221 4236 421 4293 Statim
447 4236 515 4291 ab
543 4233 882 4291 ordinatione
901 4233 1138 4305 synodus
1167 4233 1374 4288 litteras
1411 4231 1478 4287 de
1506 4246 1655 4287 more
1679 4231 1826 4287 dedit
1869 4231 1938 4286 ad
1964 4231 2169 4304 primas
2195 4232 2351 4289 sedes
2371 4275 2385 4299 ,
2417 4243 2582 4304 atque
2611 4235 2774 4290 etiam
2814 4235 2880 4291 ad
2911 4236 3196 4309 episcopos
3224 4240 3424 4296 veteris

157 4324 322 4396 Epiri,
345 4326 484 4395 quos
505 4323 830 4379 schismatici
859 4319 1046 4377 fallere
1064 4321 1360 4384 tentabant,
1392 4319 1618 4390 proinde
1641 4336 1703 4373 ac
1732 4320 1777 4374 si
1800 4328 1998 4376 sanctae
2020 4321 2213 4392 synodi
2233 4325 2612 4378 communione
2633 4323 2962 4392 frtterentur,‘
2989 4329 3232 4396 quamvis
3255 4344 3284 4382 a
3304 4332 3421 4399 pri-

155 4421 296 4479 stina
323 4416 593 4475 sententia
623 4429 731 4470 non
753 4413 1121 4472 recessissent.
1150 4410 1508 4477 Quamobrem
1553 4425 1788 4481 canones
1816 4410 1908 4479 qui
1936 4411 1989 4464 in
2017 4412 2244 4482 septima
2273 4413 2486 4468 actione
2512 4413 2781 4483 leguntur,
2817 4415 2886 4469 ad
2917 4417 3062 4485 ipsos
3093 4418 3241 4474 missi
3271 4430 3416 4484 sunt,

155 4526 221 4566 ex
246 4510 446 4580 quibus
473 4509 714 4562 certiores
743 4504 1077 4560 redderentur
1113 4503 1177 4558 de
1203 4503 1266 4558 iis
1293 4519 1408 4576 qua:
1444 4511 1625 4557 contra
1653 4502 2008 4556 schismaticos
2039 4513 2090 4557 et
2119 4501 2459 4560 Nestorianos
2488 4505 2692 4560 decreta
2719 4510 2926 4579 [uerunt
2947 4550 2961 4574 ,
3006 4520 3058 4564 et
3100 4512 3267 4583 qualis
3305 4511 3424 4566 dein

156 4616 304 4672 pana
324 4598 431 4652 illis
459 4595 737 4650 constituta
758 4601 908 4660 esset,
938 4595 1024 4666 qui
1050 4609 1165 4647 cum
1192 4593 1315 4663 ipsis
1336 4593 1714 4646 communicare
1735 4602 2121 4662 praesumerent.
3249 4639 3259 4644 -

226 4687 448 4744 Litteris
471 4702 502 4741 ει
523 4685 729 4758 synodo
749 4683 1129 4739 Alexandriam
1150 4683 1215 4739 ad
1244 4681 1502 4754 Cyrillum
1530 4683 1766 4749 directis,
1794 4699 1919 4739 suas
1947 4683 2243 4752 singulares
2286 4683 2525 4754 adiunxit
2549 4701 2717 4742 novus
2739 4690 3043 4760 cpiscopus,
3074 4691 3266 4760 quibus
3294 4708 3425 4749 san-

157 4787 302 4835 ctum
328 4777 530 4834 Christi
559 4774 924 4834 confessorem
945 4788 1046 4846 pro
1065 4774 1272 4829 meritis
1298 4773 1559 4839 laudaret,
1593 4780 1906 4844 peteretque
1928 4773 2062 4828 tanti
2090 4773 2334 4848 praesulis
2351 4815 2366 4841 ,
2397 4775 2510 4830 sive
2547 4776 2796 4847 precibus
2815 4777 3009 4846 iuvari,
3035 4780 3148 4836 sive
3187 4783 3426 4840 consiliis

159 4868 453 4934 informari,
478 4865 591 4922 sive
619 4869 883 4936 perpetuo
897 4863 1172 4920 cbaritatis
1185 4862 1400 4918 vinculo
1420 4861 1695 4917 devinciri.
1721 4861 1936 4918 Addidit
1955 4869 2010 4918 et
2030 4877 2155 4918 suas
2183 4872 2291 4918 tum
2307 4864 2594 4934 synodicis,
2621 4873 2733 4921 tum
2754 4865 3119 4938 imperialibus
3139 4871 3205 4926 ad
3226 4869 3284 4926 S.
3299 4869 3424 4928 Coe~

160 4956 410 5012 lestinum
435 4967 703 5009 summum
731 4950 1055 5022 pontiﬁcem,
1086 4966 1220 5021 quas
1249 4967 1436 5007 omnes
1462 4951 1806 5022 perferendas
1825 4961 2148 5023 acceperunt
2173 4952 2408 5009 Joannes
2429 4956 2729 5028 presbyter,
2755 4964 2808 5012 et
2837 4958 3114 5028 Epic-tctus
3141 4961 3419 5018 diaconus.

160 5045 279 5102 Non
304 5054 523 5104 exstant
548 5050 660 5102 tres
687 5043 810 5110 illae,
841 5043 986 5113 quod
1015 5042 1210 5108 sciam;
1241 5057 1426 5098 earum
1467 5051 1645 5098 tamen
1675 5044 1877 5098 mentio
1907 5044 1968 5100 tit
2014 5045 2068 5099 in
2095 5046 2536 5117 responsiouilms
2564 5046 2838 5105 leestini
2885 5050 2952 5106 ad
2980 5052 3212 5122 singulas
3237 5073 3249 5109 :
3283 5056 3427 5112 unde

161 5136 355 5193 scimus
383 5133 733 5205 epistularum
756 5131 1056 5204 perlatores
1077 5132 1286 5187 venisse
1315 5131 1543 5187 Romam
1563 5133 1629 5188 ad
1651 5133 1795 5188 diem
1820 5135 2055 5190 natalem
2075 5135 2316 5202 Domini;
2347 5136 2517 5194 lectas
2539 5137 2884 5210 imperatoris
2913 5141 3138 5207 litteras,
3164 5146 3421 5216 aliasque,
3460 5179 3462 5181 ›

165 5234 222 5280 ut
242 5225 455 5296 opinor,
488 5224 541 5278 in
569 5223 802 5277 maximo
830 5230 974 5277 cmtu
997 5222 1142 5292 apud
1169 5221 1426 5277 Sanctum
1455 5222 1698 5289 Petrum,
1732 5240 1793 5279 ac
1835 5239 2043 5280 summa
2069 5227 2306 5281 omnium
2335 5228 2690 5296 gratulatione
2729 5243 3002 5304 exceptas.
3036 5235 3321 5308 Religiosos
3359 5240 3424 5310 ﬁ-

165 5317 261 5379 lias
287 5334 446 5385 meos,
469 5317 641 5386 inquit
663 5313 918 5386 pontifex,
941 5313 1198 5370 Joannem
1225 5316 1596 5386 presbyterum,
1619 5326 1668 5370 et
1687 5315 1978 5389 Epictetum
1999 5318 2290 5380 diaconum,
2319 5328 2474 5373 tanta
2502 5321 2577 5374 rei
2604 5325 2829 5390 nuntios,
2854 5340 2966 5378 cum
3001 5327 3153 5382 totius
3178 5327 3426 5384 Ecclesia!

167 5411 512 5484 grantlatione
533 5408 874 5478 suscepimus;
895 5414 945 5460 et
972 5407 1115 5461 lectis
1136 5407 1189 5460 in
1221 5414 1326 5460 tota
1353 5405 1661 5462 Christiana:
1681 5406 1840 5478 plebis
1871 5410 2266 5480 congregatione
2289 5448 2302 5473 ,
2329 5411 2469 5481 apud
2497 5411 2842 5469 beatissimum
2874 5420 3162 5486 apostolum
3190 5418 3424 5485 Petrum,

167 5509 344 5557 vestrae
369 5500 579 5572 pietatis
605 5495 852 5568 apicibus,
883 5493 995 5551 Deo
1023 5505 1198 5550 nostra
1231 5514 1326 5567 pro
1355 5496 1489 5551 vobis
1525 5507 1644 5552 vola
1670 5500 2025 5568 persolvimus.
2052 5497 2137 5552 Ita
2170 5501 2308 5554 enim
2347 5501 2415 5555 ad
2443 5519 2558 5566 nos,
2591 5516 2773 5576 agente
2795 5505 3039 5575 Domino,
3071 5522 3426 5581 perrenernnt,

170 5602 226 5646 ut
252 5594 318 5645 ad
343 5607 460 5646 eum
491 5589 644 5651 diem,
674 5604 771 5659 quo
799 5586 1109 5641 celebramus
1141 5586 1328 5640 Christi
1353 5587 1450 5641 Dei
1476 5589 1638 5642 nostri
1667 5595 1911 5653 natatum,
1937 5589 2215 5645 secundant
2241 5609 2470 5659 carnem,
2497 5596 2578 5649 cui
2606 5600 2819 5668 qtttrstio
2847 5601 2898 5653 in
2905 5601 3182 5672 ferebatur,
3212 5619 3431 5658 concur-

173 5693 360 5750 rerent,
382 5691 434 5737 et
458 5681 770 5752 impietatem
795 5679 1010 5733 convicti
1035 5680 1270 5732 universa
1292 5681 1619 5749 congregatio
1647 5694 1741 5731 con
1751 5680 1960 5748 [ηιανρι.

246 5749 564 5839 Orientales,
596 5785 716 5826 cum
740 5767 1142 5836 intellexissent,
1175 5766 1318 5822 nulla
1345 5781 1457 5822 suze
1487 5768 1888 5836 protestationis
1919 5768 2099 5824 habita
2135 5772 2362 5836 ratione,
2397 5771 2778 5830 Maximianum
2810 5776 2973 5834 fuisse
3003 5780 3306 5837 ordinatum
3327 5823 3340 5849 ,
3369 5749 3425 5838 in
