3866 6244
162 356 245 412 ill
670 346 1043 408 PREFATIO
1078 316 1146 406 lN
1184 346 1555 407 SECUNDMI
1602 347 1872 406 PARTE“
1913 347 2197 407 OPERUM
2236 346 2428 405 MAR"
2466 345 2925 408 MERCATOBIS.
3294 349 3401 407 ἠε

156 466 329 525 Joanni
356 465 708 534 Autioebeno,
738 465 934 523 Aeneia
957 462 1235 527 Beroensi,
1258 470 1314 519 et
1330 462 1570 520 Simeoni
1599 460 1806 535 Stylitae
1831 478 1844 517 :
1868 461 2060 519 Joanui
2080 442 2316 531 quidem,
2336 468 2396 515 ut
2417 461 2470 515 in
2492 461 2834 517 concordiam
2860 458 3101 529 veniret;
3125 458 3245 520 aliis
3269 477 3403 519 vero

153 556 360 623 duobus,
389 562 449 611 ut
477 556 590 612 suis
612 554 862 627 precibus
881 554 1019 628 apud
1050 554 1217 610 Deum
1246 553 1593 624 consiliisque
1618 553 1892 622 negotium
1920 561 2192 621 urgerent.

209 646 499 707 Aristolsus
527 649 802 712 tribunus,
834 664 955 705 cum
983 654 1254 718 potestate
1278 646 1504 715 missas,
1547 644 1921 719 imperatorias
1950 646 2155 702 litteras
2194 644 2415 714 detulit,
2446 655 2734 719 utrumque
2771 648 3066 705 antistitem
3093 656 3397 720 coacturus,

149 752 231 804 aut
252 760 348 819 per
372 760 431 802 se
457 745 768 818 conspirare
794 744 849 801 in
889 743 1226 801 conditiones
1252 741 1441 816 pacis,
1484 750 1580 799 aut
1622 742 1989 799 Nicomediam
2025 742 2242 811 venire,
2282 742 2485 799 tamdiu
2526 740 2723 800 ibidem
2758 750 3099 811 moraturos,
3146 748 3264 802 sine
3302 760 3401 816 spe

147 837 343 895 videndi
367 835 644 911 principis,
672 835 929 908 quamdiu
952 835 1249 894 concordes
1289 851 1397 893 non
1424 833 1622 893 forent.
1667 835 1889 893 Sanctio
1925 835 2216 894 Theodosii
2245 844 2392 893 caret
2419 837 2635 906 quidem
2674 837 2893 895 omnino
2933 835 3193 910 temporis
3230 845 3393 901 uota;

146 946 312 989 menso
338 938 520 988 tamen
556 929 729 1005 Aprili
753 930 936 987 datam
965 944 1034 987 ex
1070 944 1137 986 eo
1175 935 1419 993 constat,
1458 927 1606 999 quod
1641 930 1771 984 dum
1809 928 2048 995 daretur,
2090 928 2325 985 nondum
2362 928 2829 1002 Constantinopoli
2871 929 3110 985 auditum
3146 914 3291 986 esset
3327 928 3397 985 de

145 1030 302 1084 morte
325 1022 622 1088 leestini,
651 1036 772 1094 qua:
796 1022 1023 1092 contigit
1046 1020 1135 1077 die
1159 1027 1317 1077 sexto
1340 1018 1558 1092 Aprilis.
1590 1017 1729 1073 Dum
1755 1018 1990 1089 prtedicti
2005 1056 2021 1083 ,
2053 1018 2129 1073 ait
2154 1017 2470 1088 imperator,
2496 1019 2720 1092 episwpi
2754 1018 3063 1091 sponderent
3088 1019 3134 1074 si
3158 1014 3395 1073 Nestorii

144 1117 431 1193 depositioni
455 1116 827 1186 subscriberes,
856 1118 1097 1191 illiusque
1120 1116 1413 1174 doctrinam
1440 1114 1936 1181 onathematisares,
1967 1116 2082 1185 fore
2107 1122 2165 1168 ut
2191 1115 2359 1170 omnis
2389 1113 2739 1168 altercationis
2771 1114 2989 1168 materia
3021 1129 3145 1168 mox
3170 1108 3199 1167 ἐ
3224 1111 3395 1167 medio

146 1213 405 1280 tolleretur,
436 1209 757 1285 Cyrilequ
782 1210 1139 1267 sanctissimus
1175 1207 1512 1264 Alexandria
1543 1207 1832 1278 episcopus,
1862 1221 1976 1260 cum
2003 1202 2132 1270 suis,
2160 1213 2211 1259 et
2228 1203 2582 1259 sanctissimus
2611 1201 2907 1259 leestinus
2934 1208 3128 1276 quoque
3152 1203 3396 1274 gloriosa:

150 1304 309 1362 Roma:
324 1306 608 1377 episcopus,
632 1320 695 1358 ac
722 1300 905 1376 reliqui
931 1316 1127 1366 omnes,
1151 1306 1396 1375 quotquot
1419 1296 1605 1371 ubique
1630 1305 1752 1353 sunt
1771 1296 2072 1354 orthodoxa.-
2096 1296 2220 1368 ﬁdei
2246 1294 2558 1360 sacerdotes,
2591 1311 2705 1349 cum
2736 1304 2822 1349 tua
2850 1295 3037 1364 pietate
3066 1295 3138 1350 ad
3165 1298 3397 1351 commu-

149 1396 334 1452 nionem
360 1394 606 1462 redirent,
638 1403 743 1451 etc.
814 1447 821 1455 .
1764 1382 1779 1471 Α,
2029 1446 2083 1478 _,
3187 1456 3194 1478 ;

203 1486 443 1555 Joannes,
473 1488 709 1559 acceptis
745 1486 1032 1551 mandatis,
1065 1485 1348 1543 concilium
1375 1492 1553 1555 coegit
1580 1483 1721 1555 apud
1744 1481 1997 1539 Acacium
2018 1473 2365 1549 fieroeusem,
2396 1483 2510 1540 sive
2549 1481 2845 1539 Antiochia:
2874 1489 3000 1541 tunc.
3028 1484 3118 1542 ille
3138 1473 3389 1554 adfuerit,

143 1585 195 1633 ut
218 1587 326 1635 erat
349 1579 570 1644 solitus,
600 1580 716 1637 sive
739 1577 918 1653 potius
958 1577 1185 1634 Beroam
1211 1576 1449 1635 Joannes
1486 1577 1603 1647 ipse
1640 1574 1708 1631 ad
1732 1590 1918 1632 senem
1954 1575 2293 1633 contenderit
2320 1592 2441 1631 cum
2470 1577 2581 1632 suis
2604 1577 2872 1648 episcopis
2897 1595 2910 1631 :
2940 1575 3085 1649 quod
3113 1594 3183 1635 cx
3209 1577 3389 1637 Theo-

141 1670 296 1727 doreti
317 1672 490 1728 verbis
517 1687 618 1729 suo
644 1672 771 1729 loco
794 1672 1173 1730 conclusionis.
1760 1660 1765 1667 ’
2136 1744 2144 1756 ,
3278 1747 3281 1751 .

201 1760 366 1819 Lectis
404 1762 462 1819 in
488 1763 719 1820 concilio
739 1763 1002 1821 divalibus
1028 1765 1260 1837 scriptis,
1302 1766 1498 1838 quibus
1524 1767 1890 1839 imperabatur
1910 1766 2195 1825 consensio
2233 1767 2285 1823 in
2310 1766 2667 1837 dejectionem
2706 1766 2956 1833 Nestorii,
2996 1774 3052 1823 et
3078 1766 3397 1839 dogmanmr

142 1851 360 1924 ejusdem
383 1851 678 1922 damnatio,
709 1861 872 1925 atque
897 1853 1035 1911 adeo
1062 1854 1331 1913 confessio
1366 1857 1607 1914 victoria:
1645 1872 1675 1913 a
1714 1856 1916 1931 Cyrillo
1944 1856 2196 1924 obtentae,
2243 1858 2436 1912 mirum
2465 1866 2724 1927 quantum
2753 1858 3007 1914 commoti
3033 1858 3384 1918 Orientalium

143 1940 289 1998 animi
320 1940 515 1998 fuerint
537 1947 645 2000 :‘re
671 1952 852 2000 tamen
878 1944 1193 2012 deliberata,
1222 1945 1445 2017 placuit,
1476 1962 1584 2001 non
1612 1945 1763 2017 prius
1792 1946 2051 2018 imperata
2080 1946 2275 2013 facere,
2298 1961 2459 2016 quam
2486 1962 2674 2003 omnes
2702 1945 2916 2002 fallendi
2944 1957 3087 2005 artes
3112 1951 3357 2007 exhaust:

142 2045 321 2093 essent.
342 2033 704 2092 Constitutum
731 2035 895 2106 igitur
919 2045 981 2091 ιιι
1006 2034 1246 2094 Joannes
1271 2037 1486 2107 quidem
1506 2051 1691 2108 perlse
1709 2052 1825 2094 rem
1850 2037 2000 2109 pacis
2024 2043 2206 2107 ageret
2222 2075 2237 2100 ,
2262 2052 2361 2091 nec
2390 2036 2493 2092 ulla
2523 2037 2733 2091 ratione
2757 2036 3114 2095 committeret
3141 2042 3207 2095 ut‘
3226 2036 3387 2097 Nico-

139 2126 348 2182 mediam
380 2126 460 2183 ire
484 2135 796 2197 cogeretur;
823 2125 1054 2201 Cyr-illus
1080 2142 1212 2184 vero
1238 2126 1307 2184 ad
1344 2128 1683 2185 conditiones
1701 2128 1893 2185 callide
1917 2128 2242 2199 adigeretur,
2267 2128 2462 2197 quibus
2488 2127 2833 2184 Orientalium
2858 2128 3053 2187 honori
3080 2140 3223 2209 esset
3247 2146 3391 2190 con-‘

136 2219 352 2276 saltum:
382 2235 578 2290 nempe
604 2226 666 2275 ut
685 2222 867 2279 omnia
886 2220 1056 2292 ipsius
1081 2222 1282 2293 scripta
1308 2220 1679 2285 abolerentur,
1702 2236 1997 2290 omnesque
2021 2222 2113 2277 uni
2132 2220 2358 2277 Nicaeum
2384 2220 2706 2277 confessioni
2726 2222 3139 2279 subscriberent.
3166 2225 3384 2297 qutea-

138 2329 272 2384 quam
308 2329 456 2379 rere,
498 2313 674 2383 inquit
711 2311 944 2385 Cyrillus
982 2314 1163 2386 (epist.
1194 2313 1265 2368 ad
1278 2312 1599 2384 Acacium),
1643 2310 1995 2368 Orientalibus
2035 2314 2232 2384 regium
2269 2310 2526 2366 decretum
2562 2314 2849 2384 expositum
2890 2322 2996 2379 est,
3036 2323 3087 2370 et
3126 2324 3382 2389 tamquam

138 2404 314 2475 {utam
337 2420 404 2461 ea:
427 2420 604 2459 eorum
630 2404 986 2477 episcoporum
1022 2406 1303 2472 sententia,
1334 2404 1422 2477 qui
1449 2394 1895 2477 Constantinopoli
1925 2403 2170 2471 aderunt,
2212 2402 2435 2459 concilio
2473 2405 2646 2461 nescio
2686 2421 2811 2477 quo,
2843 2405 2981 2477 apud
3006 2407 3383 2464 sanctissimum
3456 2434 3461 2438 ·

136 2498 499 2572 piissimnmque
538 2496 843 2554 Beroensem
885 2498 1179 2570 episcopum
1224 2498 1468 2573 Acqcinm
1514 2498 1808 2572 congressi,
1837 2497 1994 2554 scribi
2032 2496 2100 2550 ad
2141 2513 2223 2551 me
2253 2505 2501 2551 curarunt
2546 2498 2895 2552 conventionis
2936 2497 3175 2564 modum,
3205 2498 3381 2567 idest,

136 2600 412 2645 sent-torum
451 2587 804 2644 Ecclesiarum
840 2590 1005 2662 pacis,
1047 2590 1147 2645 nisi
1184 2606 1245 2645 eo
1280 2590 1453 2658 modo,
1494 2606 1639 2663 quem
1666 2591 1765 2664 ipsi
1803 2589 2207 2663 praescriberet",
2239 2588 2353 2660 ﬁeri
2388 2606 2493 2645 non
2534 2589 2747 2657 debere;
2774 2599 2889 2645 erat
2924 2599 3093 2646 autem
3120 2609 3181 2648 ea
3205 2597 3383 2665 petitio

135 2685 285 2754 proris
321 2700 381 2739 ac
408 2682 621 2740 molesto
640 2702 659 2739 :
687 2682 923 2740 colebant
951 2685 1088 2738 enim
1107 2700 1167 2737 ca
1196 2685 1371 2738 omnia
1391 2682 1605 2749 aboleri,
1635 2699 1749 2756 quae
1787 2682 1866 2738 vel
1901 2682 2154 2754 epistolis,
2186 2681 2264 2737 uel
2294 2682 2463 2748 tomis,
2491 2682 2570 2737 rel
2592 2682 2741 2738 libris
2780 2681 3167 2754 evulgareram;
3196 2693 3247 2740 et
3283 2686 3385 2742 soli

134 2773 261 2845 ﬁdei,
289 2792 401 2849 qua:
424 2792 458 2831 a
483 2778 678 2832 sanctis
698 2775 944 2831 Patribus
965 2776 1157 2831 nostris
1188 2772 1385 2837 Nicator
1408 2776 1549 2831 edita
1574 2776 1764 2848 fuerat,
1788 2777 2096 2831 consentire.

196 2863 441 2923 Absurdse
466 2864 730 2937 ejusmodi
757 2866 1091 2923 conditiones
1110 2864 1473 2937 proponenda:
1499 2867 1627 2923 visat
1652 2872 1797 2934 sunt,
1821 2865 2045 2941 privatis
2065 2867 2258 2924 litteris
2277 2881 2411 2937 quas
2431 2866 2657 2924 Aeacius
2682 2859 2987 2937 Beroeusis,
3007 2869 3088 2926 sic
3112 2876 3387 2943 tamquam

134 2955 267 3027 pacis
287 2965 582 3028 sequester,
608 2954 812 3033 Cyrillo
836 2958 1095 3016 scriberet
1120 2977 1134 3014 :
1167 2966 1224 3019 ut
1251 2959 1298 3015 si
1324 2958 1713 3031 reciperentur,
1747 2966 1974 3031 propter
1998 2962 2372 3018 auctoritatem
2399 2961 2700 3028 scribentis,
2724 2961 2954 3035 Cyrillus
2980 2963 3204 3021 victoria
3236 2965 3385 3022 exci-

132 3048 258 3107 disse
283 3050 578 3119 videretur;
608 3052 692 3109 sin
720 3050 1129 3123 ropellerentur,
1158 3052 1308 3108 locus
1335 3060 1480 3109 esset
1500 3051 1611 3122 jam
1638 3050 1921 3108 calumnia:
1939 3049 2141 3125 Cyrillo
2167 3050 2425 3109 facienda:
2448 3053 2598 3110 velut
2624 3054 2771 3123 pacis
2800 3054 3016 3111 inimico
3034 3096 3048 3121 ,
3083 3063 3139 3112 et
3166 3056 3386 3115 alterius

134 3144 381 3201 tentanda:
405 3143 523 3213 vite,
545 3159 653 3215 qua
679 3150 965 3215 cogeretur
987 3144 1076 3200 vel
1096 3142 1313 3201 invitus.
1343 3141 1569 3214 Scripsit
1596 3141 1843 3207 Aeacius,
1875 3150 1934 3198 ut
1966 3150 2081 3199 erat
2099 3143 2480 3212 deliberatum;
2508 3141 2741 3217 Cyrillus
2768 3160 2918 3214 vero,
2937 3144 3072 3219 Ego,
3097 3144 3288 3221 inquit,
3312 3147 3385 3204 ad

132 3237 222 3293 ista
245 3240 314 3294 ita
337 3237 578 3308 rescripsi
600 3251 619 3290 :
648 3232 978 3307 Espositioni
1006 3233 1127 3305 ﬁdei
1153 3249 1306 3306 quam
1335 3230 1545 3288 Nicani
1572 3230 1761 3287 Patres
1781 3232 2059 3288 ediderunt
2080 3231 2403 3290 adhtercmus
2432 3248 2629 3301 omnes,
2661 3232 2794 3289 nihil
2819 3250 3029 3306 prorsus
3067 3252 3243 3292 eorum
3270 3255 3384 3311 qua:

131 3330 180 3384 in
204 3331 307 3402 ipsa
336 3330 661 3386 continentur
698 3324 1101 3400 labefactantes;
1126 3333 1264 3389 sunt
1288 3326 1428 3380 enim
1466 3340 1527 3379 ea
1554 3323 1730 3379 omnia
1769 3334 1908 3378 recte
1942 3323 2301 3396 inculpateqtte
2328 3322 2554 3390 tradita;
2594 3339 2757 3398 neque
2796 3334 2957 3380 tutum
2996 3326 3074 3382 est
3098 3335 3214 3398 post
3237 3328 3385 3386 illum

131 3424 241 3497 ﬁdei
265 3425 537 3481 editionem
565 3422 842 3498 quidquam
870 3419 1039 3477 adhuc
1066 3420 1314 3475 curiosius
1342 3426 1585 3476 tractare.
1619 3414 1750 3482 Qute
1773 3433 1890 3472 vero
1930 3426 2063 3473 recte
2089 3426 2269 3471 contra
2306 3413 2543 3472 Nestorii
2581 3415 2926 3485 blasphemias
2952 3418 3282 3490 scripsimus,
3322 3439 3385 3478 ea

131 3519 367 3592 ejusmodi
392 3533 534 3583 esse,
563 3525 621 3571 ut
646 3514 795 3570 nulla
834 3511 982 3569 nobis
1008 3513 1207 3568 ratione
1231 3511 1531 3585 persuaderi
1559 3510 1723 3582 possit
1754 3519 1810 3564 ut
1834 3519 1969 3565 recte
1993 3510 2187 3579 scripta
2223 3524 2334 3565 esse
2372 3525 2629 3581 negemus.
2664 3509 2806 3582 (lpus
2826 3508 3047 3580 proinde
3081 3508 3246 3584 magis
3274 3530 3386 3569 esse

131 3623 183 3669 ut
203 3614 295 3686 ipsi
316 3612 471 3685 justo
496 3608 807 3683 pientissimi
834 3605 1122 3679 Christique
1149 3605 1373 3660 amantis
1397 3602 1726 3675 imperatoris
1757 3601 2034 3666 decretum,
2063 3600 2220 3655 intuta
2251 3616 2368 3655 rero
2400 3612 2599 3655 sancta
2616 3600 2822 3677 'sgnodi
2848 3599 3126 3671 Ephesium
3151 3607 3382 3661 sanctio-

131 3724 257 3767 πη,
282 3706 445 3773 mum,
474 3704 563 3779 qui
590 3711 769 3758 ςοηινα
796 3700 1068 3757 salvatoris
1104 3695 1297 3754 Christi
1331 3695 1556 3771 gloriam
1592 3695 1858 3769 pugnauit,
1897 3693 2162 3764 ejicerent,
2185 3696 2471 3767 impiosque
2506 3695 2645 3751 illius
2684 3694 3026 3770 blasphemiae
3058 3700 3387 3758 anathemate

130 3801 505 3865 insectarentur,
546 3794 756 3870 ejusque
791 3793 1101 3868 depositioni
1136 3791 1515 3855 consentirent,
1550 3804 1612 3843 ac
1649 3784 1967 3844 sanctissimi
2014 3784 2334 3858 piissimique
2378 3787 2603 3858 episcopi
2647 3784 2960 3842 Maximiani
3004 3790 3383 3847 ordinationem

132 3894 477 3965 approbarent.
2900 3894 2913 3901 ⁷

194 3983 484 4044 Orientales
513 3997 610 4055 spe
636 3996 735 4040 sua
760 3979 1018 4044 frustrati,
1050 3978 1245 4035 iterum
1272 3976 1340 4034 ad
1366 3983 1514 4034 artes
1540 3974 1913 4046 confugerunt,
1937 3987 2070 4044 quas
2090 3972 2319 4046 Cj'rillus
2343 3972 2414 4027 ita
2446 3981 2664 4028 narrat:
2690 3971 2790 4028 llis
2819 3973 3002 4029 litteris
3020 3973 3119 4029 sibi
3146 3972 3380 4040 redditis,

130 4076 360 4134 miserunt
385 4075 758 4133 Alexandriam
784 4072 1225 4145 religiosissimum
1265 4078 1316 4125 et
1350 4069 1637 4143 piissimum
1676 4068 1969 4141 episcopum
2007 4064 2232 4121 Paulum
2270 4064 2612 4129 Emesenum,‘
2653 4082 2767 4119 cum
2806 4083 2904 4138 quo
2945 4065 3031 4119 diu
3069 4063 3385 4139 multumque

132 4168 191 4220 de
223 4169 283 4222 iis
309 4165 455 4224 rebus
483 4165 738 4230 disserui,
783 4178 899 4236 qua
924 4160 1118 4235 Ephesi
1141 4167 1328 4233 prwter
1345 4160 1435 4232 jus
1453 4167 1504 4215 et
1526 4158 1743 4230 oﬂicium
1777 4158 1930 4214 dicta:
1958 4160 2207 4231 {aetraque
2228 4157 2452 4228 fuerant.
2484 4154 2619 4220 Quia
2655 4160 2801 4223 itero,
2838 4159 2953 4213 istis
2979 4155 3220 4214 oblivioni
3258 4175 3384 4214 con.

133 4259 351 4325 traditis,
377 4261 440 4317 iis
468 4260 639 4331 potius
677 4258 814 4313 curis
841 4254 1182 4330 insistendum
1208 4250 1492 4317 videbatur,
1522 4266 1636 4324 qua:
1661 4250 1878 4322 majoris
1918 4249 2162 4304 momenti
2190 4265 2251 4302 ac
2290 4248 2531 4319 ponderis
2569 4256 2749 4314 erant,
2780 4248 3095 4321 interrogavi
3137 4251 3383 4323 numquid

130 4354 398 4419 litterarum
425 4369 459 4407 α
485 4352 719 4425 piissimo
745 4349 951 4404 Joanne
990 4348 1227 4419 episcopo
1249 4341 1522 4399 attulisset.
1547 4341 1676 4398 Mos:
1701 4339 1790 4396 ille
1817 4340 2088 4412 epistolam
2108 4338 2352 4405 reddidit,
2380 4355 2483 4394 non
2505 4356 2566 4392 ea
2604 4354 2718 4412 qua!
2743 4336 2955 4393 debebat
2981 4340 3267 4408 habentem,
3290 4339 3383 4394 sed

129 4447 284 4517 potius
309 4462 411 4502 non
436 4461 537 4519 quo
576 4439 907 4499 conveniebat
941 4438 1095 4495 modo
1124 4437 1372 4491 dictatam
1410 4450 1428 4489 :
1470 4430 1899 4505 complectebatur
1926 4431 2064 4487 enim
2105 4429 2415 4485 irritationis
2456 4430 2552 4483 vim
2583 4426 2750 4498 potius
2789 4435 2943 4498 quam
2982 4429 3376 4485 exhortationis.

130 4537 271 4595 lianc
305 4541 475 4614 itaque
514 4553 623 4592 non
650 4534 930 4608 accepturi.
962 4530 1105 4587 Nam
1129 4546 1244 4585 cum
1272 4544 1439 4585 meum
1465 4527 1629 4582 animi
1658 4522 2036 4597 wgritudinem,
2068 4539 2169 4595 qua
2198 4523 2399 4593 fueram
2424 4520 2639 4590 affectus
2667 4537 2731 4574 ea:
2757 4520 2821 4575 iis
2850 4536 2962 4591 qua:
2991 4526 3377 4591 prmcesserant,

129 4643 175 4689 et
195 4637 256 4690 ab
422 4632 620 4705 Ephesi
649 4632 792 4704 facta
819 4625 1397 4701 fuerantLexcusutione
1423 4620 1598 4693 aliqua
1619 4617 1905 4673 demulcere
1932 4614 2242 4679 debuissent,
2273 4623 2471 4668 tantum
2497 4610 2639 4667 abest
2666 4621 2722 4667 ut
2748 4611 2805 4666 id
2826 4613 3056 4710 fecerint,
3087 4622 3145 4666 ut
3170 4628 3226 4667 se
3256 4629 3383 4685 quo-

129 4740 214 4795 que
234 4701 437 4796 propter
461 4701 729 4776 sacrorum
756 4715 1051 4789 dogmatum
1079 4713 1243 4769 selum
1259 4713 1381 4785 jure
1411 4710 1604 4781 optimo
1634 4707 1758 4762 mihi
1788 4705 2137 4760 succensuisse
2163 4704 2409 4759 dicerent.
2441 4704 2507 4757 At
2534 4719 2599 4757 ea:
2622 4720 2703 4758 me
2733 4701 3010 4758 audiebant
3036 4720 3129 4758 nec
3154 4704 3383 4761 divinum

131 4819 279 4872 selum
313 4795 450 4889 issue
479 4814 717 4875 mouisse,
758 4825 851 4865 nec
895 4807 1031 4881 quod
1075 4824 1169 4877 pro
1212 4804 1440 4859 veritatis
1488 4801 1740 4876 dogmatis
1778 4806 2066 4871 pugnarent
2102 4796 2264 4852 aciem
2307 4795 2573 4851 adversum
2613 4813 2693 4850 me
2729 4813 3063 4869 componere;
3110 4796 3203 4853 sed
3245 4798 3383 4871 quod

131 4885 375 4968 hominum
402 4900 838 4964 assentationibus
866 4901 1033 4956 locum
1056 4898 1260 4963 darent,
1283 4911 1346 4952 ac
1370 4910 1548 4951 eorum
1574 4894 1661 4966 qui
1690 4901 1793 4945 tum
1814 4899 2047 4961 potentes
2070 4885 2372 4943 videbantur
2400 4888 2652 4942 amicitias
2686 4886 2783 4942 sibi
2806 4887 3165 4943 conciliarent.

189 5001 369 5074 Neque
408 5013 544 5057 vero
580 4995 778 5053 Paulos
821 4994 937 5064 ipse
973 4990 1249 5049 fraudibus
1276 4987 1534 5045 abstinuit
1565 5004 1577 5039 :
1614 4999 1738 5040 nam
1765 4997 1887 5038 cum
1914 4981 2124 5038 litteras
2148 4979 2416 5074 attulisset
2447 4980 2786 5074 querelarum
2815 4980 3021 5051 plenas,
3051 4992 3299 5052 paratum
3321 4998 3382 5039 se

132 5071 299 5153 tamen
314 5090 569 5158 ostendit,
592 5084 694 5145 tria
711 5101 832 5159 quae
850 5083 1080 5157 Cyrillus
1104 5082 1341 5148 volebat,
1372 5094 1471 5137 suo
1498 5076 1955 5145 Orientaliumque
1982 5074 2222 5130 omnium
2247 5072 2467 5129 nomine
2504 5071 2764 5142 implere:
2800 5080 3081 5141 utrumque
3108 5088 3239 5129 vero
3265 5074 3380 5129 cal-

129 5185 244 5253 lide,
263 5192 325 5242 ut
341 5182 606 5241 factorum
631 5178 843 5236 veniam
867 5174 1101 5248 Cyrinus
1121 5172 1416 5230 obtinuisse
1447 5169 1627 5242 potius
1654 5183 1814 5238 quam
1842 5164 2053 5221 dedisse
2080 5163 2370 5228 videretur,
2402 5170 2458 5217 et
2484 5159 2783 5253 Orientales
2803 5159 3003 5253 factum
3034 5159 3185 5253 Pauli
3221 5161 3384 5233 dissi-

133 5252 321 5334 mulare
344 5274 518 5347 magis
540 5288 602 5329 se
622 5277 988 5336 causarentur,
1009 5281 1172 5337 quam
1199 5264 1285 5322 vel
1311 5263 1639 5335 approbasse
1665 5261 1751 5317 vel
1778 5258 2081 5316 mandasse.
2112 5255 2231 5347 Qua
2258 5254 2535 5347 prudentia
2564 5252 2803 5311 fraudem
2829 5252 3135 5347 dissolverit
3149 5252 3382 5347 Cyrillus

134 5374 302 5424 narrat
324 5366 407 5422 his
431 5343 615 5422 teritis
642 5358 848 5435 (Epist.
880 5358 949 5414 ad
979 5352 1271 5426 Donatum)
1298 5372 1311 5407 :
1344 5352 1469 5408 Cum
1498 5352 1593 5408 has
1623 5351 1820 5406 litteras
1848 5349 2117 5414 misissem,
2148 5346 2606 5402 animaduertentes
2633 5358 2689 5397 se
2715 5343 3120 5398 communionem
3154 5343 3381 5413 recipere

128 5474 227 5515 non
238 5459 409 5533 posse,
438 5456 541 5514 nisi
569 5469 632 5509 ea
650 5466 765 5526 qua:
793 5452 964 5526 facere
990 5447 1239 5504 debebant
1268 5445 1410 5519 prius
1436 5445 1788 5517 perfecissent,
1818 5442 2067 5497 miserunt
2090 5437 2465 5515 Alexandriam
2504 5434 2724 5490 Paulum
2754 5436 3225 5527 reverendissimum
3255 5437 3379 5491 reli-

134 5524 321 5625 giosam:
309 5554 529 5623 'mumqu
530 5564 561 5604 e
597 5524 905 5601 Emesen'um
942 5542 1256 5615 episcopum,
1288 5540 1373 5613 qui
1402 5537 1471 5593 ad
1497 5554 1576 5593 me
1604 5539 1799 5593 litteras
1840 5534 2069 5605 afferret,
2094 5532 2464 5588 communionis
2492 5530 2693 5603 quidem
2719 5524 3155 5585 instaurationem
3172 5545 3382 5586 concer-

135 5621 317 5710 im
338 5621 524 5716 parum
552 5646 725 5694 tamen
749 5629 886 5692 recte
911 5634 1168 5701 dictatas:
1191 5647 1302 5707 pro:
1324 5646 1378 5687 se
1406 5630 1637 5703 ferebant
1656 5628 1790 5682 enim
1811 5625 2060 5700 quasdam
2086 5625 2318 5699 querelas
2342 5623 2583 5716 adversus
2611 5639 2705 5678 nos
2734 5621 2949 5716 habere,
2973 5624 3124 5716 quasi
3145 5623 3377 5716 quadam

135 5737 184 5791 in
379 5720 617 5797 concilio,
646 5741 809 5803 neque
820 5735 962 5783 recte
990 5726 1148 5791 dicta,
1176 5739 1341 5794 neque
1367 5730 1504 5780 recte
1524 5723 1664 5793 facta
1684 5728 1872 5792 essent.
1908 5716 2092 5774 Verum
2117 5714 2413 5789 hujusmodi
2434 5714 2642 5803 quidem
2663 5713 2906 5786 epistolas
2927 5730 3030 5769 non
3056 5715 3264 5777 admisi,
3288 5715 3378 5768 sed

136 5825 360 5904 respondi
381 5841 402 5881 :
430 5822 557 5882 Cum
586 5812 652 5879 de
675 5818 931 5893 prioribus
970 5818 1171 5876 ueniam
1199 5825 1370 5888 petere
1397 5812 1659 5880 deberent,
1686 5811 1943 5884 quomodo
1979 5824 2137 5865 stores
2163 5809 2348 5864 iterum
2390 5807 2723 5863 contumeliis
2759 5806 2954 5872 inferre
2985 5806 3213 5860 audent?
3251 5803 3379 5867 Gem
