3866 6244
188 333 297 393 837

1131 335 1461 394 EPISTULA
1504 336 1758 392 TEll'llA
1802 337 2137 397 SYNODICA
2180 337 2237 393 S.
2278 334 2569 390 CYRlLLI.

3366 332 3473 394 858

186 447 334 501 Petr.
366 463 438 514 tv,
464 445 541 519 i),
568 451 622 508 et
643 454 758 502 erat
788 446 840 501 in
867 446 1124 505 cruciﬁxo
1152 465 1389 521 corpore.
1403 451 1633 520 propria:
1653 466 1768 505 car-

1884 471 2050 543 (lleb.
2086 490 2121 537 ι,
2154 472 2241 543 5).
2275 472 2410 527 Cum
2452 488 2581 528 vero
2624 473 2871 529 humana:
2916 482 3122 529 naturat-
3162 464 3471 530 mensuram

184 540 273 595 nis
304 555 720 596 mrsssmtumn
764 540 831 595 ad
872 555 932 596 se
980 540 1218 597 referens
1246 543 1561 611 passiones:
1594 541 1779 597 Gratia

180 648 307 686 rere
334 630 432 685 Dei
460 648 554 703 pro
584 630 817 686 omnibus
855 634 1077 704 gustarit
1121 644 1337 688 mortem
1368 631 1537 706 (lleb.
1578 649 1648 702 tt,
1684 632 1778 702 9),

180 724 406 781 tradens
430 725 480 781 ei
503 725 779 796 proprium
799 740 1014 796 corpus,
1047 726 1291 796 quamvis
1320 726 1636 781 naturaliter
1661 725 1778 796 ipse

178 818 299 872 vita
326 819 413 883 sit,
444 826 501 873 et
525 818 851 874 resurrectio
891 826 1249 874 mortuorum.
1285 817 1418 872 Nam
1448 826 1508 873 ut
1543 826 1776 874 mortem

179 910 443 966 ineﬂ'abili
458 912 697 981 potentia
712 911 1072 983 proculcaret,
1096 926 1160 966 ac
1180 910 1386 981 primus
1406 912 1461 966 in
1486 927 1582 968 sua
1611 926 1775 971 carne

178 1001 580 1071 primogenitae
608 1016 676 1058 ex
702 1002 928 1057 mortuis
962 1002 1117 1057 ﬁeret
1151 1009 1208 1057 et
1235 1001 1484 1072 primitiae
1502 1002 1777 1059 demicu-

180 1094 343 1160 tium,
371 1092 595 1168 [Belua
628 1094 751 1148 add.
780 1095 1035 1166 viamque
1062 1093 1299 1166 faceret]
1332 1096 1586 1151 {summa
1614 1104 1773 1151 natu-

180 1201 261 1241 ra:
298 1185 368 1239 ad
396 1185 816 1257 incorruptionis
842 1201 1121 1242 recursum
1139 1228 1154 1252 ,
1181 1188 1354 1257 gratia
1378 1184 1501 1248 Dei,
1526 1194 1585 1241 ut
1612 1202 1775 1258 supra

176 1275 391 1333 dictum
420 1286 532 1344 est,
560 1295 657 1350 pro
689 1276 922 1333 omnibus
960 1279 1183 1348 gustavit
1202 1286 1436 1341 mortem
1462 1276 1679 1350 (Mitt),
1719 1287 1776 1334 et

179 1368 352 1425 tertio
370 1368 457 1424 die
480 1384 763 1439 resurgens
784 1369 1035 1449 spoliavit
1055 1368 1339 1424 infernum.

256 1458 349 1514 17.
389 1458 594 1515 Idcirco
620 1442 869 1531 quamvis
893 1458 1103 1516 dicatur
1129 1458 1272 1529 quod
1293 1475 1388 1529 per
1408 1459 1668 1515 heusinem
1690 1462 1773 1533 fa-

175 1558 269 1604 cta
306 1551 378 1604 sit
401 1552 703 1607 resurrectio
732 1560 1048 1606 mortuorum
1081 1550 1135 1623 (l
1157 1549 1277 1605 Cor.
1304 1566 1394 1617 xv,
1426 1550 1489 1605 2i
1514 1552 1553 1622 ),
1590 1559 1773 1608 tamen

179 1640 536 1709 intelligimus
554 1640 828 1697 hominem
858 1639 1058 1696 factum
1087 1639 1343 1707 Verbum,
1368 1644 1513 1715 quod
1553 1658 1622 1699 ex
1659 1642 1772 1698 Deo

173 1740 290 1797 est,
322 1741 380 1790 et
405 1749 503 1805 per
534 1734 707 1806 ipsum
744 1735 925 1790 mortis
965 1736 1237 1807 imperium
1271 1738 1431 1808 fuisse
1458 1737 1770 1792 destructum
1848 1748 1852 1753 '

1882 567 2189 623 nullatenus
2217 567 2547 621 inbonorans
2573 564 2786 620 Judmos
2816 567 3109 637 alloquitur
3141 585 3153 620 :
3186 556 3242 619 Ν
3244 564 3345 620 uno
3389 584 3472 623 me

1877 659 2111 714 auwritis
2137 658 2369 713 occidere
2389 658 2665 721 hominem,
2695 659 2780 729 qui
2802 659 3065 712 ceritatem
3103 658 3244 712 vobis
3273 658 3474 713 locutus

1879 765 1991 805 sum
2023 748 2216 822 (Joan.
2244 766 2337 813 ἰίι,
2371 748 2395 801 l
2424 748 2476 819 );
2512 764 2620 803 non
2649 750 2825 803 minus
2854 765 2975 805 eum
3008 748 3100 818 qui
3134 750 3186 804 in
3215 748 3472 804 similitu-

1878 841 2004 898 dine
2025 849 2081 897 et
2098 841 2402 912 aequalitate
2423 840 2640 915 [Belua
2666 839 2951 913 aequitate]
2982 838 3156 897 Patris
3176 848 3278 907 est,
3301 840 3473 897 Deum

1878 932 2112 989 Verbum
2142 934 2303 989 etiam
2334 932 2385 987 in
2415 939 2682 988 mensuris
2710 933 3057 987 humanitatis
3078 932 3191 1003 ejus
3221 935 3473 1004 agnosci-

1876 1040 2017 1080 mus.
2050 1024 2108 1079 Si
2137 1035 2314 1080 autem
2340 1025 2649 1080 necessario
2673 1024 2910 1079 creditur
2930 1023 3077 1093 quod
3108 1032 3302 1079 natura
3324 1026 3468 1081 Deus

1874 1117 2113 1172 existens
2143 1115 2315 1170 factus
2342 1124 2424 1171 est
2451 1118 2617 1182 caro,’
2642 1114 2810 1170 immo
2848 1116 3028 1185 potius
3054 1114 3222 1170 homo
3261 1116 3470 1170 antima-

1875 1214 1961 1261 tus
1989 1206 2168 1260 anima
2195 1206 2481 1269 rationali,
2512 1220 2633 1275 qua:
2661 1220 2821 1261 causa
2851 1215 2934 1261 est
2967 1213 3026 1259 ut
3054 1206 3107 1259 in
3137 1206 3215 1261 eis
3244 1207 3471 1275 quilibet

1872 1298 2098 1354 vocibus
2127 1298 2428 1365 erubescat,
2461 1299 2505 1353 si
2535 1313 2627 1352 eas
2656 1297 2875 1352 homine
2902 1297 3091 1367 dignas
3120 1294 3311 1353 effatus
3345 1299 3468 1352 est?

1873 1389 2030 1458 Quod
2067 1392 2112 1445 si
2141 1405 2418 1446 sermones
2439 1390 2642 1445 homini
2667 1396 3026 1459 congruentes
3055 1382 3290 1459 abjiciat.
3310 1394 3465 1459 juxta

1873 1496 1974 1536 nos
2004 1481 2274 1536 hominem
2306 1481 2420 1536 ﬁeri
2449 1480 2571 1549 quis
2598 1482 2813 1549 coegit?
2840 1478 2973 1535 Cum
3001 1491 3135 1535 vero
3164 1497 3223 1536 se
3242 1490 3469 1553 propter

1872 1588 1975 1629 nos
1995 1574 2062 1628 ad
2103 1574 2523 1627 exinanitionem
2551 1582 2907 1643 spontaneum
2934 1570 3357 1629 misericorditer
3385 1575 3467 1628 in-

1871 1663 2103 1727 clinarit,
2128 1679 2287 1732 quam
2317 1662 2386 1720 ob
2408 1677 2625 1717 causam
2652 1663 2841 1731 dignos
2870 1662 3234 1719 exinanitione
3257 1678 3467 1719 sermo~

1873 1769 1970 1810 nes
2007 1754 2298 1821 elingerit?
2340 1752 2444 1809 Uni
2490 1755 2652 1824 igitur
2698 1771 2941 1825 personae
2983 1762 3204 1811 cunctas
3251 1757 3367 1826 ejus
3408 1758 3461 1812 in

179 1825 201 1896 (
218 1823 361 1881 Heb.
391 1841 458 1891 ιι,
486 1824 605 1897 14).
631 1825 825 1882 Veniet
869 1834 1051 1881 autem
1093 1827 1427 1898 temporibus
1452 1827 1729 1898 praeﬁnitis
1749 1869 1765 1895 ,

1874 1844 2165 1916 Evangelia
2193 1864 2356 1903 voces
2385 1821 2713 1903 ascribirnus
2729 1890 2742 1905 .
2777 1846 2998 1920 [Βιέιιιι.
3031 1848 3153 1901 add.
3188 1821 3312 1919 nni]
3339 1850 3466 1903 sub-

173 1916 325 1972 sicut
351 1924 429 1970 est
445 1931 575 1970 unus
613 1914 785 1971 Filius
809 1926 861 1971 et
898 1915 1154 1973 Dominus
1182 1920 1239 1972 in
1266 1918 1435 1989 gloria
1468 1917 1681 1975 Patris.
1714 1927 1773 1973 ut

169 2008 379 2080 judicet
404 2006 577 2063 orbem
608 2016 860 2063 terrarum
879 2007 933 2062 in
955 2009 1194 2080 equitate
1217 2007 1366 2080 (Act.
1391 2024 1520 2077 xvu,
1554 2008 1667 2081 5i),
1693 2009 1771 2085 si:

174 2106 274 2155 cut
293 2096 575 2169 Scriptura
594 2105 840 2153 testatur.
1678 2166 1684 2173 _

251 2185 345 2241 {8.
383 2185 702 2244 Necessario
721 2187 884 2256 igitur
904 2194 959 2245 et
979 2187 1094 2245 haec
1113 2186 1422 2259 adjieimus;
1446 2189 1772 2245 annuntian-

175 2288 265 2336 tes
304 2279 453 2335 enim
492 2279 788 2336 «eundum
826 2295 1046 2336 carnem
1072 2288 1310 2336 mortem
1348 2280 1610 2351 unigeniti
1647 2280 1770 2337 Filii

176 2372 302 2437 Dei,
344 2371 399 2428 id
426 2380 536 2439 est,
564 2370 692 2429 Iesu
720 2370 950 2440 Christi,
975 2380 1031 2430 et
1063 2372 1515 2429 resurrectionem
1535 2374 1680 2443 ejus,
1713 2382 1769 2430 et

175 2465 233 2519 in
264 2463 417 2521 cuilis
443 2465 816 2521 ascensionem
840 2466 1046 2536 pariter
1065 2464 1404 2533 conﬁtcntes,
1434 2467 1769 2522 ineruentam

173 2555 520 2613 celebramus
540 2556 593 2611 in
607 2555 861 2613 Ecclesiis
873 2555 1121 2613 sacriﬁcii
1140 2558 1486 2623 servitutem;
1508 2558 1586 2613 sic
1606 2566 1769 2611 etiam

176 2648 251 2704 ad
282 2648 541 2721 mysticae
566 2648 973 2705 benedictiones
1000 2648 1335 2716 accedimus,
1380 2656 1437 2704 et
1468 2648 1771 2704 sanctiﬁca-

174 2755 305 2795 mnr
328 2739 621 2811 participes
641 2738 886 2809 corporis
914 2746 969 2795 et
994 2739 1218 2809 pretiosi
1256 2740 1533 2808 sanguinis
1570 2738 1768 2795 Christi

172 2831 424 2887 omnium
448 2838 690 2886 nostrum
719 2829 1118 2902 Redemptoris,
1142 2830 1349 2895 effecti,
1381 2848 1491 2886 non
1520 2838 1579 2885 ut
1616 2846 1768 2886 com-

172 2938 401 2981 munem
428 2939 647 2980 carnetu
669 2922 1026 2994 recipientes,
1057 2923 1203 2995 quod
1228 2923 1401 2988 absit,
1432 2938 1535 2979 nec
1572 2932 1632 2978 ut
1666 2925 1768 2980 viri

170 3015 531 3082 senctiﬁcati,
562 3024 619 3072 et
643 3015 826 3073 Verbo
853 3014 1130 3086 conjuncti
1161 3015 1453 3071 secundum
1490 3015 1769 3084 dignitatis

170 3110 464 3175 unitatem,
486 3116 580 3164 aut
600 3108 740 3164 sicut
757 3107 997 3163 divinam
1017 3106 1342 3178 possidentis
1354 3106 1763 3165 habitationem.

1870 1938 2128 1994 sistentia:
2159 1939 2317 1993 Verbi
2346 1940 2548 1994 scilicet
2577 1939 2835 1993 int-amnti
2856 1980 2868 2000 ,
2900 1939 3025 2007 quia
3067 1955 3204 1995 unus
3244 1950 3326 1995 est
3355 1941 3464 1995 Do-

1871 2030 2048 2084 minus
2066 2018 2223 2083 Jesus
2243 2028 2515 2095 Christus,
2551 2037 2604 2084 ut
2636 2031 2895 2099 scriptum
2925 2040 3027 2085 est.

1941 2118 2029 2173 ‘20.
2064 2120 2404 2190 Appellatum
2432 2135 2564 2174 vero
2587 2120 2877 2181 apostolum
2917 2128 2968 2173 et
2994 2120 3291 2191 pomi/ieeur
3332 2137 3443 2176 con-

1871 2212 2110 2284 fessionis
2134 2210 2548 2281 nostmﬂlebr.
2580 2228 2654 2273 ιιι,
2687 2210 2785 2280 9.),
2832 2219 3106 2280 tamquam
3146 2209 3461 2267 sacriﬁcan-

1871 2310 1979 2360 tem
2007 2301 2119 2359 Deo
2161 2310 2215 2358 et
2244 2300 2388 2356 Patri
2422 2301 2544 2356 ﬁdei
2585 2310 2782 2357 nostra:
2819 2300 3245 2369 confessionem,
3278 2318 3397 2372 quzc
3427 2318 3457 2359 a

1870 2393 2025 2448 nobis
2060 2384 2159 2463 ipsi
2187 2402 2243 2448 ct
2269 2407 2369 2463 per
2396 2393 2572 2467 ipsum
2602 2390 2714 2447 Deo
2736 2401 2789 2447 et
2818 2390 2965 2448 Patri
2998 2394 3331 2449 incessanter
3371 2397 3457 2449 οξ-

1868 2483 2055 2539 fertur.
2083 2484 2285 2539 lterum
2330 2499 2452 2539 eum
2491 2482 2746 2548 dicimus,
2778 2483 2869 2552 qui
2911 2498 2982 2539 ex
3012 2484 3125 2538 Deo
3152 2492 3235 2538 est
3265 2500 3461 2539 secun-

1867 2576 1993 2631 dum
2023 2585 2267 2630 naturam
2306 2575 2472 2630 Filius
2502 2576 2835 2646 unigenitus,
2879 2591 2980 2631 nec
3018 2576 3221 2631 homini
3258 2584 3457 2646 pueter

1869 2684 1991 2724 cum
2017 2670 2169 2724 alteri
2204 2669 2486 2725 sacerdotii
2514 2684 2708 2722 nnttten
2731 2674 2786 2724 et
2824 2665 3057 2722 ofﬁcium
3086 2668 3407 2738 deputamus
3437 2688 3451 2723 :

1866 2757 2066 2815 “Factus
2094 2770 2169 2815 est
2197 2762 2338 2815 enim
2369 2759 2622 2815 mediator
2656 2758 2753 2814 Dei
2778 2770 2827 2814 et
2860 2760 3120 2813 hominum
3151 2756 3203 2831 (Ι
3234 2758 3365 2814 Tim.
3398 2777 3454 2823 ιι,

1824 2900 1827 2903 .
1870 2851 1947 2924 5),
1971 2864 2021 2907 et
2042 2854 2404 2909 reconciliator
2425 2853 2494 2907 ad
2514 2868 2715 2919 pacem,
2747 2853 3075 2923 semetipsum
3098 2850 3207 2907 Deo
3235 2860 3285 2906 et
3305 2846 3458 2906 Patri

1870 2960 1963 3015 pro
1984 2943 2133 2997 nobis
2162 2943 2385 3012 offerens
2412 2944 2466 2996 in
2500 2942 2711 2996 odorem
2745 2936 3012 2995 maritalis
3049 2941 3067 3012 (
3085 2939 3222 3011 Eph.
3245 2956 3304 3005 ιι,
3339 2938 3411 3011 5)
3437 2956 3453 3004 ;

1868 3034 2102 3104 ideoque
2140 3032 2352 3090 dicebat
2386 3052 2398 3085 τ
2432 3032 2763 3103 Sacriﬁcium
2790 3042 2840 3085 et
2868 3030 3174 3097 oblationem
3204 3033 3414 3085 noluisti
3438 3048 3457 3091 :

1871 3126 2174 3183 holocausta
2193 3132 2244 3179 et
2265 3140 2358 3197 pro
2388 3134 2597 3195 peccato
2631 3139 2733 3178 non
2764 3122 2853 3177 tibi
2877 3123 3215 3194 placuerunt,-
3266 3137 3455 3191 corpus

162 3199 274 3258 sed
298 3208 363 3256 ut
388 3215 517 3256 vere
539 3199 958 3265 viviﬁcatricem,
981 3207 1037 3255 et
1058 3199 1223 3269 ipsius
1245 3197 1409 3254 Verbi
1438 3199 1532 3254 Dei
1554 3198 1763 3273 [Belum

1873 3229 2040 3273 autem
2061 3216 2321 3289 ρει-[εεὶειὶ
2343 3217 2489 3271 mihi.
2525 3214 2667 3269 Tunc
2688 3215 2797 3270 dixi
2822 3233 2840 3269 :
2866 3213 3002 3268 Ecce
3019 3213 3260 3278 renio,in
3289 3213 3459 3284 capite

166 3309 280 3351 οπι.
304 3290 428 3365 Dei]
459 3291 734 3363 propriam
772 3290 1000 3359 laetam;
1042 3292 1151 3346 vita
1178 3291 1323 3348 enim
1348 3290 1669 3346 naturaliter
1706 3298 1767 3345 ut

170 3385 320 3442 Deus
348 3385 589 3441 existens
606 3425 623 3451 ,
650 3383 775 3456 quia
798 3384 1031 3456 propria
1063 3385 1214 3441 carni
1244 3384 1425 3439 unitos
1452 3393 1562 3446 est,
1593 3381 1765 3437 viviti-

168 3483 438 3540 catricem
464 3496 585 3537 eam
611 3495 733 3536 esse
744 3480 1025 3552 professus
1050 3488 1155 3537 est.
1176 3479 1246 3535 Et
1268 3480 1392 3535 ideo
1417 3480 1661 3550 quamvis
1678 3479 1764 3533 di-

167 3581 262 3629 cat
290 3572 365 3628 ad
395 3586 499 3627 nos
524 3570 743 3645 [Baluz.
776 3571 899 3626 add.
934 3568 1182 3645 veniens]
1211 3589 1223 3623 :
1256 3570 1418 3625 Amen
1466 3585 1615 3624 amen
1646 3570 1766 3624 dico

168 3663 339 3727 nobis,
362 3665 467 3719 nisi
488 3663 921 3719 manducaueritis
954 3678 1165 3718 cantem
1188 3660 1316 3717 Filii
1336 3660 1555 3717 hminis
1574 3702 1589 3727 ,
1612 3672 1662 3716 et
1689 3661 1767 3715 bi-

170 3754 358 3810 beritis
378 3755 492 3825 ejus
511 3755 814 3826 sanguine»:
836 3752 1028 3825 (locis.
1057 3769 1129 3819 vr,
1154 3750 1278 3825 53),
1298 3761 1425 3818 etc.,
1458 3768 1565 3806 nun
1587 3759 1765 3807 tamen

169 3863 299 3905 eam
325 3855 389 3903 ut
408 3847 569 3902 unius
599 3846 833 3902 hominis
864 3860 932 3901 ex
970 3846 1127 3901 nobis
1164 3846 1434 3900 aestimare
1470 3845 1763 3911 debemus;

167 3936 456 4010 quomodo
465 3936 767 4007 enimjuxta
779 3944 1025 3992 naturam
1036 3952 1190 3992 suam
1204 3936 1411 3991 viviﬁca
1418 3936 1521 3990 trix
1541 3950 1658 3991 esse
1673 3950 1766 3991 ca-

168 4046 239 4088 ro
258 4030 499 4087 hominis
511 4028 868 4102 poterit?5ed
888 4036 948 4084 ut
965 4043 1094 4086 vere
1113 4029 1390 4100 propriam
1406 4028 1527 4098 ejus
1554 4027 1767 4093 factam,

168 4122 268 4195 qui
292 4131 522 4194 propter
546 4136 646 4177 nos
656 4119 822 4177 Filius
837 4120 1069 4177 hominis
1088 4128 1144 4176 et
1158 4120 1327 4176 iactus
1348 4128 1431 4175 est
1454 4128 1509 4176 et
1526 4126 1764 4175 vocatus.

246 4211 340 4268 {9.
380 4211 489 4267 Eas
534 4220 713 4268 autem
766 4225 967 4277 voces,
1010 4226 1145 4281 quas
1189 4210 1441 4266 Salvator
1481 4220 1668 4266 noster
1712 4212 1768 4266 in

171 4303 486 4374 Evangeliis
514 4302 768 4374 protulit,
796 4302 991 4358 nonin
1030 4301 1237 4357 duabus
1275 4300 1633 4356 subsistentiis
1676 4308 1771 4355 aut

170 4395 432 4468 personis
460 4393 682 4450 omnino
703 4392 994 4464 partimur;
1018 4406 1124 4449 non
1145 4392 1287 4447 enim
1315 4392 1511 4462 duplex
1532 4400 1613 4447 est
1634 4408 1770 4447 unus

169 4486 428 4543 Christus
457 4492 515 4541 et
538 4484 703 4549 solus,
726 4484 980 4552 quamvis
999 4498 1068 4539 ex
1086 4483 1293 4538 duabus
1329 4483 1663 4555 diversisque
1691 4498 1771 4538 re-

1869 3311 1987 3367 libri
2017 3312 2262 3380 scriptum
2290 3318 2366 3363 est
2388 3308 2450 3362 de
2471 3325 2579 3374 me,
2610 3318 2669 3361 ut
2697 3308 2904 3379 faciam,
2941 3303 3098 3373 Dens,
3139 3298 3453 3360 ratemratem

1868 3414 2007 3459 tuam
2038 3402 2056 3459 (
2077 3400 2206 3457 ch.
2231 3418 2286 3465 ι,
2312 3400 2387 3472 ε).
2407 3400 2611 3455 Obtulit
2637 3400 2777 3456 enim
2800 3397 3076 3469 proprium
3102 3410 3323 3468 corpus,
3340 3408 3453 3452 non

1864 3509 1966 3564 pro
1989 3509 2064 3549 se.
2097 3494 2192 3549 sed
2221 3508 2320 3564 pro
2344 3492 2521 3560 nobis,
2546 3491 2601 3545 in
2623 3488 2845 3545 odorem
2872 3482 3187 3559 suavitati“
3210 3496 3334 3542 nam
3356 3501 3458 3557 pro

1865 3586 2029 3642 sevo!
2059 3584 2335 3639 oblatione
2373 3582 2459 3638 vel
2487 3578 2762 3638 sacriﬁciis
2796 3592 2907 3634 non
2936 3578 3169 3646 indiget.
3202 3577 3279 3632 ait
3308 3576 3457 3631 omni

1864 3686 2091 3747 peccato
2118 3677 2274 3741 liber,
2299 3672 2359 3730 ut
2382 3672 2554 3741 Deus,
2586 3672 2843 3729 existens.
2880 3668 3036 3735 Quod
3060 3661 3301 3726 siiamnes
3337 3685 3456 3739 pec-

1868 3778 2125 3835 caverunt,
2156 3777 2204 3823 et
2231 3776 2379 3837 egent
2398 3767 2565 3837 gloria
2586 3760 2682 3817 Dei
2707 3761 2893 3835 (Rom.
2918 3770 2991 3829 ut,
3015 3754 3105 3831 9ηῆ
3122 3802 3137 3826 ,
3162 3760 3454 3815 secundum

1865 3856 1973 3914 hoc
1998 3857 2139 3927 quod
2159 3858 2343 3912 sumus
2364 3855 2429 3909 ad
2460 3852 2832 3909 mutabilium
2858 3865 3138 3909 excessum
3167 3850 3453 3920 proniores

1867 3949 2076 4010 εσθαι.
2108 3958 2165 4003 et
2206 3947 2446 4009 peccatis
2477 3946 2758 4013 ψει-οωνῆ
2803 3944 3034 3998 humana
3072 3936 3297 4007 natura,
3324 3941 3455 4010 ipse

1871 4055 2000 4096 vero
2025 4053 2133 4095 non
2162 4040 2256 4104 ita,
2299 4038 2527 4106 ideoque
2573 4049 2673 4089 nos
2712 4032 2879 4104 gloria
2922 4032 3039 4101 ejus
3074 4042 3325 4102 egemus;
3367 4031 3453 4086 cui

1871 4132 2087 4205 [Baiae
2118 4130 2243 4200 cur]
2274 4126 2378 4184 erit
2405 4130 2542 4183 ultra
2568 4126 2678 4190 jam
2701 4126 2940 4190 dubium,
2964 4123 3107 4195 quod
3138 4128 3330 4205 Agnos
3364 4140 3457 4177 ve-

1868 4204 1961 4279 rus
1982 4235 2203 4292 propter
2228 4236 2329 4274 nos
2358 4228 2413 4273 et
2450 4229 2550 4286 pm
2578 4218 2734 4272 nobis
2762 4217 2829 4271 sit
2858 4216 3208 4271 immolatus?
3237 4204 3349 4281 Qui”
3368 4214 3453 4267 di—

1870 4314 1945 4371 cu
1980 4322 2160 4368 autem
2184 4352 2199 4377 ,
2244 4313 2387 4378 quod
2418 4311 2762 4377 semetipsum
2803 4316 2913 4362 tam
2941 4322 3040 4377 pro
3081 4318 3139 4361 se
3166 4318 3327 4378 quam
3354 4322 3455 4375 pro

1872 4404 2027 4459 nobis
2055 4398 2647 4463 obtulerit,nullatenus
2668 4396 2956 4461 impietatis
2981 4384 3450 4465 crimenclfuziat,

1868 4504 1993 4550 eum
2028 4492 2161 4547 nihil
2188 4498 2411 4561 prorsus
2438 4498 2539 4544 iste
2582 4488 2904 4556 deliquerit,
2946 4503 3046 4541 nec
3073 4486 3241 4540 ullum
3268 4485 3457 4541 fecerit

166 4574 280 4634 bus
308 4574 379 4630 ad
400 4575 659 4630 unitatem
681 4582 1041 4642 eogttoscatur
1065 4572 1393 4628 individuam
1420 4574 1764 4641 ωηνθηίδὲθς
1796 4567 1846 4629 D
1870 4584 2093 4645 omnino
2113 4590 2414 4651 peccatum.
2447 4580 2561 4645 Qua
2591 4579 2751 4649 igitur
2772 4585 2953 4645 egeret
2983 4572 3274 4639 oblatione,
3307 4578 3455 4630 nullo

168 4668 325 4724 sicut
351 4666 518 4722 homo
542 4679 759 4735 quoque
786 4679 855 4720 ex
895 4664 1072 4719 anima
1100 4670 1359 4719 constans
1405 4670 1461 4718 et
1502 4680 1733 4733 corpore
1751 4706 1766 4731 ,

170 4775 289 4816 non
318 4757 519 4829 duplex
538 4757 736 4828 potius,
759 4756 856 4813 sed
873 4741 1014 4812 unus
1039 4763 1122 4813 est
1140 4766 1207 4811 ex
1230 4764 1457 4827 utroque
1477 4774 1491 4810 :
1509 4756 1771 4814 humanas

168 4863 311 4920 ergo
341 4855 398 4903 et
424 4846 634 4902 divinas
658 4846 881 4917 insuper
906 4862 1067 4901 voces
1088 4848 1158 4902 ab
1186 4846 1298 4901 uno
1316 4846 1535 4902 Christo
1563 4846 1766 4912 dictas,

169 4938 675 4995 animaduertentes
706 4944 857 4993 recte
887 4937 1169 5001 sentituus,
1206 4952 1330 4992 cum
1361 4938 1507 4993 enim
1538 4936 1650 4993 Deo
1683 4940 1770 4994 di-

166 5031 439 5103 gnissitne
467 5029 707 5100 loquitur
740 5028 810 5085 de
845 5044 907 5085 se
934 5029 1050 5099 ipso
1084 5046 1096 5082 :
1129 5026 1232 5093 Qui
1258 5044 1341 5084 me
1365 5028 1528 5095 videt,
1560 5029 1693 5085 videt
1720 5042 1770 5085 ct

172 5121 395 5177 Patrem
425 5120 612 5193 (.loan.
646 5135 756 5183 xxv,
787 5117 885 5190 9);
915 5128 971 5176 et
1002 5138 1016 5174 :
1046 5118 1163 5192 Ego
1208 5129 1258 5173 et
1284 5118 1448 5174 Pater
1483 5137 1641 5174 unum
1677 5140 1769 5176 su-

170 5229 291 5268 m
322 5211 517 5284 (Joan.
550 5228 604 5277 ι,
637 5211 760 5281 30).
787 5210 1031 5268 Divinam
1051 5211 1169 5281 ejus
1193 5212 1557 5280 intelligimus,
1584 5212 1772 5269 inetia-

170 5305 452 5374 bilemque
483 5313 757 5369 naturam,
802 5303 1097 5361 secundum
1133 5319 1297 5373 quam
1322 5322 1488 5361 unum
1527 5313 1611 5361 est
1646 5323 1771 5362 eum

174 5396 344 5453 Patre
367 5414 497 5465 suo,
539 5406 762 5470 propter
789 5411 952 5453 unam
990 5386 1342 5468 eamdemque
1381 5400 1768 5468 substantiam,

171 5493 352 5564 imago
379 5500 430 5545 et
467 5491 738 5546 alteruter
773 5489 1114 5563 splendorque
1154 5480 1337 5563 gloria:
1382 5492 1495 5562 ejus
1543 5494 1766 5548 existens

1870 4690 1970 4731 suo
1990 4677 2241 4730 exstante
2266 4672 2522 4733 facinore.
2547 4686 2646 4741 pro
2667 4680 2796 4738 quo,
2825 4669 2871 4724 si
2899 4678 3074 4734 esset,
3114 4670 3245 4723 satis
3272 4667 3460 4739 adma.

1870 4766 1996 4821 dum
2025 4771 2409 4819 convenienter
2430 4759 2685 4815 offerret?

1939 4858 2033 4913 ει.
2071 4857 2147 4913 De
2177 4857 2379 4927 Spiritu
2407 4869 2624 4925 quoque
2652 4869 2773 4909 cum
2804 4851 2934 4909 dicit
2965 4864 2977 4906 :
3011 4850 3111 4907 Ille
3138 4869 3219 4907 me
3253 4852 3459 4923 gloriﬁ.

1872 4948 2015 5005 cabit
2036 4941 2222 5019 (toan.
2248 4938 2365 5015 m,‘
2382 4943 2493 5005 lt),
2522 4942 2629 4999 hoc
2654 4943 2952 4998 rectissime
2972 4942 3268 4997 sentientes
3286 4952 3457 5001 unum

1870 5038 2145 5096 Christum
2172 5042 2227 5092 et
2254 5022 2443 5091 Filium
2461 5076 2477 5099 ,
2511 5046 2618 5088 non
2646 5033 2790 5089 velut
2814 5025 3035 5088 alterius
3068 5024 3317 5100 alterum
3337 5031 3468 5099 εἴη..

1870 5131 1973 5197 fil,
1998 5126 2323 5184 coqu
2342 5142 2372 5181 a
2399 5126 2601 5195 Spiritu
2622 5132 2808 5179 sancto
2829 5123 3052 5192 gloriam
3081 5131 3465 5186 consecutum,

1873 5226 1996 5288 quia
2017 5217 2258 5287 ‘Spieitus
2286 5214 2403 5285 eius
2429 5229 2530 5269 nec
2548 5213 2747 5269 melior
2904 5232 2933 5278 ,ν
2949 5227 3052 5268 nee
3075 5212 3321 5281 superior
3340 5220 3423 5265 est
3439 5228 3464 5277 -,

1874 5311 1973 5365 sed
1986 5307 2273 5377 quiamira
2294 5316 2457 5376 opera
2481 5304 2691 5383 faciens
2711 5304 2778 5359 ad
2804 5300 3463 5379 demonstrationemsua

1876 5388 2135 5461 Deitatis,
2164 5395 2363 5451 vimus
2408 5396 2611 5466 proprii
2642 5388 2875 5464 Spiritus
2908 5390 3203 5459 utebatur,
3227 5390 3294 5449 ab
3334 5394 3464 5462 ipso

1870 5485 2157 5564 διαφίηωή
2183 5484 2398 5553 dicitur,
2426 5482 2874 5556 quemadmodum
2905 5486 2964 5539 si.
2990 5482 3113 5553 quis
3139 5482 3205 5539 de
3227 5472 3463 5539 homini.-

1356 5615 1900 5687 CASTIGA’I’iONES
1942 5630 2030 5688 er
2064 5628 2313 5687 suum.

174 5736 497 5799 tumnianns
540 5720 771 5793 Nestor'ri
818 5737 1124 5804 convictio,
1170 5745 1225 5793 et
1263 5736 1445 5793 rmeu
1466 5736 1713 5793 defensio
1744 5756 1763 5791 ε

175 5811 271 5869 ille
299 5811 444 5865 enim
473 5806 751 5865 catholicis
788 5808 1215 5864 calumniabatur
1236 5851 1250 5876 ,
1282 5809 1431 5879 quasi
1462 5819 1764 5865 assererem

736 6068 751 6103 δ

1871 5736 2429 5795 νειὶιιιιιιιιειιιιιίᾱςυι·
2448 5752 2551 5791 seu
2568 5734 2850 5795 divinitate

3039 5735 3462 5862 nitide?!)er

3039 5812 3156 5862 era
3188 5804 3231 5862 Ν
3265 5805 3460 5862 uario.

1871 5810 1992 5865 Mei
2032 5809 2418 5880 professionem
2446 5806 2797 5878 vapularat-at
2839 5804 3156 5862 mis
3188 5804 3460 5871 Historia.
