  <div class='ocr_page' id='page_1' title='image "/cluster/home/n/w/nwhite01/storage/ocr_20150623/48/hvd.32044014784250/014.png"; bbox 0 0 3844 6236; ppageno 0'>
   <div class='ocr_carea' id='block_1_1' title="bbox 1549 395 1781 407">
    <p class='ocr_par' dir='ltr' id='par_1_1' title="bbox 1549 395 1781 407">
     <span class='ocr_line' id='line_1_1' title="bbox 1549 395 1781 407; baseline 0.017 -5"><span class='ocrx_word' id='word_1_1' title='bbox 1549 395 1717 404; x_wconf 49' lang='grc' dir='ltr'><strong>-ψ-</strong></span> <span class='ocrx_word' id='word_1_2' title='bbox 1726 397 1781 407; x_wconf 62' lang='grc' dir='ltr'><strong>..ν</strong></span> 
     </span>
    </p>
   </div>
   <div class='ocr_carea' id='block_1_2' title="bbox 532 576 3104 711">
    <p class='ocr_par' dir='ltr' id='par_1_2' title="bbox 532 576 3104 711">
     <span class='ocr_line' id='line_1_2' title="bbox 532 576 3104 711; baseline 0.01 -39"><span class='ocrx_word' id='word_1_3' title='bbox 532 584 654 675; x_wconf 88' lang='lat' dir='ltr'><strong>IN</strong></span> <span class='ocrx_word' id='word_1_4' title='bbox 759 588 1216 683; x_wconf 80' lang='lat' dir='ltr'><strong>LIBRUM</strong></span> <span class='ocrx_word' id='word_1_5' title='bbox 1317 598 1467 686; x_wconf 90' lang='lat' dir='ltr'><strong>DE</strong></span> <span class='ocrx_word' id='word_1_6' title='bbox 1572 576 2377 694; x_wconf 79' lang='lat' dir='ltr'><strong>VIRGINITA&#39;l‘E</strong></span> <span class='ocrx_word' id='word_1_7' title='bbox 2487 604 3104 711; x_wconf 87' lang='lat' dir='ltr'><strong>MONITUM.</strong></span> 
     </span>
    </p>
   </div>
   <div class='ocr_carea' id='block_1_3' title="bbox 234 987 1745 1059">
    <p class='ocr_par' dir='ltr' id='par_1_3' title="bbox 234 987 1745 1059">
     <span class='ocr_line' id='line_1_3' title="bbox 234 987 1745 1059; baseline 0.01 -17"><span class='ocrx_word' id='word_1_8' title='bbox 234 988 382 1043; x_wconf 88' lang='lat' dir='ltr'><strong>Ilunc</strong></span> <span class='ocrx_word' id='word_1_9' title='bbox 414 988 669 1042; x_wconf 81' lang='lat' dir='ltr'><strong>eximium</strong></span> <span class='ocrx_word' id='word_1_10' title='bbox 711 987 774 1041; x_wconf 85' lang='lat' dir='ltr'><strong>de</strong></span> <span class='ocrx_word' id='word_1_11' title='bbox 809 988 1120 1059; x_wconf 67' lang='lat' dir='ltr'><strong>\‘irgini‘tate</strong></span> <span class='ocrx_word' id='word_1_12' title='bbox 1158 994 1351 1049; x_wconf 75' lang='lat' dir='ltr'><strong>librum</strong></span> <span class='ocrx_word' id='word_1_13' title='bbox 1395 999 1688 1053; x_wconf 73' lang='lat' dir='ltr'><strong>Antiochia:</strong></span> <span class='ocrx_word' id='word_1_14' title='bbox 1714 1016 1745 1057; x_wconf 90' lang='lat' dir='ltr'><strong>a</strong></span> 
     </span>
    </p>
   </div>
   <div class='ocr_carea' id='block_1_4' title="bbox 162 1079 1747 1151">
    <p class='ocr_par' dir='ltr' id='par_1_4' title="bbox 162 1079 1747 1151">
     <span class='ocr_line' id='line_1_4' title="bbox 162 1079 1747 1151; baseline 0.009 -22"><span class='ocrx_word' id='word_1_15' title='bbox 162 1079 545 1150; x_wconf 73' lang='lat' dir='ltr'><strong>tlhrysostomo</strong></span> <span class='ocrx_word' id='word_1_16' title='bbox 573 1079 772 1132; x_wconf 84' lang='lat' dir='ltr'><strong>editum</strong></span> <span class='ocrx_word' id='word_1_17' title='bbox 820 1080 1013 1144; x_wconf 86' lang='lat' dir='ltr'><strong>fuisse,</strong></span> <span class='ocrx_word' id='word_1_18' title='bbox 1056 1085 1167 1151; x_wconf 91' lang='lat' dir='ltr'><strong>ipse</strong></span> <span class='ocrx_word' id='word_1_19' title='bbox 1213 1087 1525 1143; x_wconf 80' lang='lat' dir='ltr'><strong>testiﬁcatur</strong></span> <span class='ocrx_word' id='word_1_20' title='bbox 1556 1090 1607 1143; x_wconf 93' lang='lat' dir='ltr'><strong>in</strong></span> <span class='ocrx_word' id='word_1_21' title='bbox 1643 1091 1747 1145; x_wconf 83' lang='lat' dir='ltr'><strong>line</strong></span> 
     </span>
    </p>
   </div>
   <div class='ocr_carea' id='block_1_5' title="bbox 163 1169 1740 1239">
    <p class='ocr_par' dir='ltr' id='par_1_5' title="bbox 163 1169 1740 1239">
     <span class='ocr_line' id='line_1_5' title="bbox 163 1169 1740 1239; baseline 0.006 -15"><span class='ocrx_word' id='word_1_22' title='bbox 163 1171 402 1224; x_wconf 79' lang='lat' dir='ltr'><strong>Ilomilia:</strong></span> <span class='ocrx_word' id='word_1_23' title='bbox 432 1169 495 1224; x_wconf 89' lang='grc'><strong>19</strong></span> <span class='ocrx_word' id='word_1_24' title='bbox 521 1171 571 1223; x_wconf 91' lang='lat' dir='ltr'><strong>in</strong></span> <span class='ocrx_word' id='word_1_25' title='bbox 605 1171 893 1239; x_wconf 84' lang='lat' dir='ltr'><strong>Epistulam</strong></span> <span class='ocrx_word' id='word_1_26' title='bbox 927 1174 947 1226; x_wconf 85' lang='lat' dir='ltr'><strong>l</strong></span> <span class='ocrx_word' id='word_1_27' title='bbox 985 1174 1049 1227; x_wconf 89' lang='lat' dir='ltr'><strong>ad</strong></span> <span class='ocrx_word' id='word_1_28' title='bbox 1081 1173 1384 1232; x_wconf 75' lang='lat' dir='ltr'><strong>Corinthios</strong></span> <span class='ocrx_word' id='word_1_29' title='bbox 1416 1180 1497 1234; x_wconf 87' lang='lat' dir='ltr'><strong>his</strong></span> <span class='ocrx_word' id='word_1_30' title='bbox 1526 1182 1740 1235; x_wconf 90' lang='lat' dir='ltr'><strong>verbis:</strong></span> 
     </span>
    </p>
   </div>
   <div class='ocr_carea' id='block_1_6' title="bbox 160 1261 1743 1342">
    <p class='ocr_par' dir='ltr' id='par_1_6' title="bbox 160 1261 1743 1342">
     <span class='ocr_line' id='line_1_6' title="bbox 160 1261 1743 1342; baseline 0.007 -28"><span class='ocrx_word' id='word_1_31' title='bbox 160 1261 221 1314; x_wconf 84' lang='lat' dir='ltr'><strong>Si</strong></span> <span class='ocrx_word' id='word_1_32' title='bbox 247 1271 414 1314; x_wconf 84' lang='lat' dir='ltr'><strong>autem</strong></span> <span class='ocrx_word' id='word_1_33' title='bbox 441 1261 774 1330; x_wconf 72' lang='lat' dir='ltr'><strong>prwteriimus</strong></span> <span class='ocrx_word' id='word_1_34' title='bbox 805 1278 862 1314; x_wconf 90' lang='lat' dir='ltr'><strong>ea</strong></span> <span class='ocrx_word' id='word_1_35' title='bbox 899 1280 1010 1332; x_wconf 67' lang='lat' dir='ltr'><strong>qua:</strong></span> <span class='ocrx_word' id='word_1_36' title='bbox 1039 1266 1251 1320; x_wconf 88' lang='lat' dir='ltr'><strong>dicenda</strong></span> <span class='ocrx_word' id='word_1_37' title='bbox 1287 1280 1448 1323; x_wconf 81' lang='lat' dir='ltr'><strong>essent</strong></span> <span class='ocrx_word' id='word_1_38' title='bbox 1477 1271 1539 1325; x_wconf 89' lang='lat' dir='ltr'><strong>de</strong></span> <span class='ocrx_word' id='word_1_39' title='bbox 1574 1271 1743 1342; x_wconf 79' lang='lat' dir='ltr'><strong>Virgi-</strong></span> 
     </span>
    </p>
   </div>
   <div class='ocr_carea' id='block_1_7' title="bbox 157 1354 1743 1431">
    <p class='ocr_par' dir='ltr' id='par_1_7' title="bbox 157 1354 1743 1431">
     <span class='ocr_line' id='line_1_7' title="bbox 157 1354 1743 1431; baseline 0.008 -27"><span class='ocrx_word' id='word_1_40' title='bbox 157 1354 341 1418; x_wconf 90' lang='lat' dir='ltr'><strong>nitate,</strong></span> <span class='ocrx_word' id='word_1_41' title='bbox 374 1369 517 1406; x_wconf 87' lang='lat' dir='ltr'><strong>nemo</strong></span> <span class='ocrx_word' id='word_1_42' title='bbox 545 1369 635 1406; x_wconf 87' lang='lat' dir='ltr'><strong>nos</strong></span> <span class='ocrx_word' id='word_1_43' title='bbox 662 1354 975 1423; x_wconf 77' lang='lat' dir='ltr'><strong>negligentia:</strong></span> <span class='ocrx_word' id='word_1_44' title='bbox 1000 1356 1237 1423; x_wconf 81' lang='lat' dir='ltr'><strong>damnet;</strong></span> <span class='ocrx_word' id='word_1_45' title='bbox 1265 1362 1452 1431; x_wconf 78' lang='lat' dir='ltr'><strong>integer</strong></span> <span class='ocrx_word' id='word_1_46' title='bbox 1470 1363 1601 1415; x_wconf 88' lang='lat' dir='ltr'><strong>enim</strong></span> <span class='ocrx_word' id='word_1_47' title='bbox 1622 1364 1743 1417; x_wconf 86' lang='lat' dir='ltr'><strong>liber</strong></span> 
     </span>
    </p>
   </div>
   <div class='ocr_carea' id='block_1_8' title="bbox 157 1442 1740 1525">
    <p class='ocr_par' dir='ltr' id='par_1_8' title="bbox 157 1442 1740 1525">
     <span class='ocr_line' id='line_1_8' title="bbox 157 1442 1740 1525; baseline 0.009 -31"><span class='ocrx_word' id='word_1_48' title='bbox 157 1442 209 1496; x_wconf 87' lang='lat' dir='ltr'><strong>in</strong></span> <span class='ocrx_word' id='word_1_49' title='bbox 258 1444 390 1496; x_wconf 88' lang='lat' dir='ltr'><strong>hunc</strong></span> <span class='ocrx_word' id='word_1_50' title='bbox 420 1442 586 1497; x_wconf 86' lang='lat' dir='ltr'><strong>locum</strong></span> <span class='ocrx_word' id='word_1_51' title='bbox 613 1461 644 1496; x_wconf 94' lang='lat' dir='ltr'><strong>a</strong></span> <span class='ocrx_word' id='word_1_52' title='bbox 677 1444 817 1498; x_wconf 87' lang='lat' dir='ltr'><strong>nobis</strong></span> <span class='ocrx_word' id='word_1_53' title='bbox 847 1457 917 1500; x_wconf 84' lang='lat' dir='ltr'><strong>est</strong></span> <span class='ocrx_word' id='word_1_54' title='bbox 946 1448 1107 1503; x_wconf 87' lang='lat' dir='ltr'><strong>editus</strong></span> <span class='ocrx_word' id='word_1_55' title='bbox 1130 1465 1148 1503; x_wconf 90' lang='lat'><strong><em>:</em></strong></span> <span class='ocrx_word' id='word_1_56' title='bbox 1169 1461 1215 1503; x_wconf 90' lang='lat' dir='ltr'><strong>et</strong></span> <span class='ocrx_word' id='word_1_57' title='bbox 1242 1469 1356 1505; x_wconf 87' lang='lat' dir='ltr'><strong>cum</strong></span> <span class='ocrx_word' id='word_1_58' title='bbox 1395 1472 1542 1522; x_wconf 86' lang='lat' dir='ltr'><strong>quam</strong></span> <span class='ocrx_word' id='word_1_59' title='bbox 1572 1458 1740 1525; x_wconf 81' lang='lat' dir='ltr'><strong>potui-</strong></span> 
     </span>
    </p>
   </div>
   <div class='ocr_carea' id='block_1_9' title="bbox 154 1534 1741 1615">
    <p class='ocr_par' dir='ltr' id='par_1_9' title="bbox 154 1534 1741 1615">
     <span class='ocr_line' id='line_1_9' title="bbox 154 1534 1741 1615; baseline 0.009 -30"><span class='ocrx_word' id='word_1_60' title='bbox 154 1551 270 1586; x_wconf 80' lang='lat' dir='ltr'><strong>mus</strong></span> <span class='ocrx_word' id='word_1_61' title='bbox 290 1534 663 1587; x_wconf 77' lang='lat' dir='ltr'><strong>accuratissime</strong></span> <span class='ocrx_word' id='word_1_62' title='bbox 685 1545 730 1587; x_wconf 85' lang='lat' dir='ltr'><strong>et</strong></span> <span class='ocrx_word' id='word_1_63' title='bbox 751 1536 1130 1607; x_wconf 76' lang='lat' dir='ltr'><strong>diligentissime</strong></span> <span class='ocrx_word' id='word_1_64' title='bbox 1146 1542 1313 1595; x_wconf 81' lang='lat' dir='ltr'><strong><em>omnia</em></strong></span> <span class='ocrx_word' id='word_1_65' title='bbox 1334 1542 1439 1597; x_wconf 81' lang='lat' dir='ltr'><strong>illic</strong></span> <span class='ocrx_word' id='word_1_66' title='bbox 1460 1547 1741 1615; x_wconf 88' lang='lat' dir='ltr'><strong>persequuti</strong></span> 
     </span>
    </p>
   </div>
   <div class='ocr_carea' id='block_1_10' title="bbox 153 1628 1735 1703">
    <p class='ocr_par' dir='ltr' id='par_1_10' title="bbox 153 1628 1735 1703">
     <span class='ocr_line' id='line_1_10' title="bbox 153 1628 1735 1703; baseline 0.008 -23"><span class='ocrx_word' id='word_1_67' title='bbox 153 1628 335 1692; x_wconf 85' lang='lat' dir='ltr'><strong>simus,</strong></span> <span class='ocrx_word' id='word_1_68' title='bbox 362 1642 784 1695; x_wconf 85' lang='lat' dir='ltr'><strong>supervacaneum</strong></span> <span class='ocrx_word' id='word_1_69' title='bbox 814 1644 920 1682; x_wconf 85' lang='lat' dir='ltr'><strong>esse</strong></span> <span class='ocrx_word' id='word_1_70' title='bbox 944 1629 1180 1686; x_wconf 72' lang='lat' dir='ltr'><strong>duximus</strong></span> <span class='ocrx_word' id='word_1_71' title='bbox 1207 1650 1265 1686; x_wconf 90' lang='lat' dir='ltr'><strong>ea</strong></span> <span class='ocrx_word' id='word_1_72' title='bbox 1288 1652 1460 1689; x_wconf 79' lang='lat' dir='ltr'><strong><em>rursus</em></strong></span> <span class='ocrx_word' id='word_1_73' title='bbox 1481 1638 1561 1690; x_wconf 91' lang='lat' dir='ltr'><strong>hic</strong></span> <span class='ocrx_word' id='word_1_74' title='bbox 1582 1655 1735 1703; x_wconf 73' lang='lat' dir='ltr'><strong>expo-</strong></span> 
     </span>
    </p>
   </div>
   <div class='ocr_carea' id='block_1_11' title="bbox 152 1718 1735 1799">
    <p class='ocr_par' dir='ltr' id='par_1_11' title="bbox 152 1718 1735 1799">
     <span class='ocr_line' id='line_1_11' title="bbox 152 1718 1735 1799; baseline 0.009 -28"><span class='ocrx_word' id='word_1_75' title='bbox 152 1736 296 1772; x_wconf 83' lang='lat' dir='ltr'><strong>nere.</strong></span> <span class='ocrx_word' id='word_1_76' title='bbox 328 1718 523 1773; x_wconf 86' lang='lat' dir='ltr'><strong>Locum</strong></span> <span class='ocrx_word' id='word_1_77' title='bbox 557 1734 713 1788; x_wconf 90' lang='lat' dir='ltr'><strong>porro</strong></span> <span class='ocrx_word' id='word_1_78' title='bbox 743 1721 910 1787; x_wconf 91' lang='lat' dir='ltr'><strong>illum,</strong></span> <span class='ocrx_word' id='word_1_79' title='bbox 941 1738 1097 1792; x_wconf 87' lang='lat' dir='ltr'><strong>quem</strong></span> <span class='ocrx_word' id='word_1_80' title='bbox 1134 1724 1357 1779; x_wconf 86' lang='lat' dir='ltr'><strong>llomilia</strong></span> <span class='ocrx_word' id='word_1_81' title='bbox 1391 1728 1454 1783; x_wconf 87' lang='grc'><strong>19</strong></span> <span class='ocrx_word' id='word_1_82' title='bbox 1486 1730 1537 1782; x_wconf 92' lang='lat' dir='ltr'><strong>in</strong></span> <span class='ocrx_word' id='word_1_83' title='bbox 1571 1731 1735 1799; x_wconf 84' lang='lat' dir='ltr'><strong>Epist.</strong></span> 
     </span>
    </p>
   </div>
   <div class='ocr_carea' id='block_1_12' title="bbox 158 1810 1734 1887">
    <p class='ocr_par' dir='ltr' id='par_1_12' title="bbox 158 1810 1734 1887">
     <span class='ocr_line' id='line_1_12' title="bbox 158 1810 1734 1887; baseline 0.009 -25"><span class='ocrx_word' id='word_1_84' title='bbox 158 1813 176 1862; x_wconf 88' lang='grc'><strong>1</strong></span> <span class='ocrx_word' id='word_1_85' title='bbox 212 1810 285 1864; x_wconf 87' lang='lat' dir='ltr'><strong>ad</strong></span> <span class='ocrx_word' id='word_1_86' title='bbox 308 1810 611 1864; x_wconf 84' lang='lat' dir='ltr'><strong>Corinthios</strong></span> <span class='ocrx_word' id='word_1_87' title='bbox 631 1811 683 1863; x_wconf 94' lang='lat' dir='ltr'><strong>in</strong></span> <span class='ocrx_word' id='word_1_88' title='bbox 706 1824 1074 1881; x_wconf 70' lang='lat' dir='ltr'><strong>argumentum</strong></span> <span class='ocrx_word' id='word_1_89' title='bbox 1099 1817 1196 1870; x_wconf 89' lang='lat' dir='ltr'><strong>sibi</strong></span> <span class='ocrx_word' id='word_1_90' title='bbox 1222 1821 1481 1887; x_wconf 77' lang='lat' dir='ltr'><strong>proponit,</strong></span> <span class='ocrx_word' id='word_1_91' title='bbox 1503 1822 1734 1876; x_wconf 82' lang='lat' dir='ltr'><strong>scilicet:</strong></span> 
     </span>
    </p>
   </div>
   <div class='ocr_carea' id='block_1_13' title="bbox 154 1902 1739 1977">
    <p class='ocr_par' dir='ltr' id='par_1_13' title="bbox 154 1902 1739 1977">
     <span class='ocr_line' id='line_1_13' title="bbox 154 1902 1739 1977; baseline 0.007 -21"><span class='ocrx_word' id='word_1_92' title='bbox 154 1903 360 1956; x_wconf 79' lang='lat' dir='ltr'><strong>Bonum</strong></span> <span class='ocrx_word' id='word_1_93' title='bbox 389 1912 459 1955; x_wconf 87' lang='lat' dir='ltr'><strong>est</strong></span> <span class='ocrx_word' id='word_1_94' title='bbox 490 1902 676 1955; x_wconf 83' lang='lat' dir='ltr'><strong>homini</strong></span> <span class='ocrx_word' id='word_1_95' title='bbox 708 1904 964 1956; x_wconf 82' lang='lat' dir='ltr'><strong>mulierem</strong></span> <span class='ocrx_word' id='word_1_96' title='bbox 993 1922 1092 1957; x_wconf 89' lang='lat' dir='ltr'><strong>non</strong></span> <span class='ocrx_word' id='word_1_97' title='bbox 1123 1918 1358 1977; x_wconf 89' lang='lat' dir='ltr'><strong>tangere,</strong></span> <span class='ocrx_word' id='word_1_98' title='bbox 1390 1920 1516 1971; x_wconf 88' lang='lat' dir='ltr'><strong>etc.,</strong></span> <span class='ocrx_word' id='word_1_99' title='bbox 1557 1912 1606 1964; x_wconf 91' lang='lat' dir='ltr'><strong>in</strong></span> <span class='ocrx_word' id='word_1_100' title='bbox 1640 1913 1739 1967; x_wconf 90' lang='lat' dir='ltr'><strong>hoc</strong></span> 
     </span>
    </p>
   </div>
   <div class='ocr_carea' id='block_1_14' title="bbox 153 1994 1737 2067">
    <p class='ocr_par' dir='ltr' id='par_1_14' title="bbox 153 1994 1737 2067">
     <span class='ocr_line' id='line_1_14' title="bbox 153 1994 1737 2067; baseline 0.012 -29"><span class='ocrx_word' id='word_1_101' title='bbox 153 1995 220 2049; x_wconf 79' lang='lat' dir='ltr'><strong>dc</strong></span> <span class='ocrx_word' id='word_1_102' title='bbox 252 1994 568 2063; x_wconf 74' lang='lat' dir='ltr'><strong>Virginitate</strong></span> <span class='ocrx_word' id='word_1_103' title='bbox 616 1994 748 2048; x_wconf 89' lang='lat' dir='ltr'><strong>libro</strong></span> <span class='ocrx_word' id='word_1_104' title='bbox 787 2004 1039 2064; x_wconf 88' lang='lat' dir='ltr'><strong>perpetuo</strong></span> <span class='ocrx_word' id='word_1_105' title='bbox 1072 2010 1246 2051; x_wconf 88' lang='lat' dir='ltr'><strong>versat</strong></span> <span class='ocrx_word' id='word_1_106' title='bbox 1288 2012 1341 2054; x_wconf 89' lang='lat' dir='ltr'><strong>et</strong></span> <span class='ocrx_word' id='word_1_107' title='bbox 1381 2002 1619 2067; x_wconf 88' lang='lat' dir='ltr'><strong>discutit;</strong></span> <span class='ocrx_word' id='word_1_108' title='bbox 1667 2003 1737 2057; x_wconf 90' lang='lat' dir='ltr'><strong>ita</strong></span> 
     </span>
    </p>
   </div>
   <div class='ocr_carea' id='block_1_15' title="bbox 154 2083 1735 2156">
    <p class='ocr_par' dir='ltr' id='par_1_15' title="bbox 154 2083 1735 2156">
     <span class='ocr_line' id='line_1_15' title="bbox 154 2083 1735 2156; baseline 0.004 -18"><span class='ocrx_word' id='word_1_109' title='bbox 154 2096 211 2138; x_wconf 92' lang='lat' dir='ltr'><strong>ut</strong></span> <span class='ocrx_word' id='word_1_110' title='bbox 245 2083 469 2153; x_wconf 91' lang='lat' dir='ltr'><strong>perinde</strong></span> <span class='ocrx_word' id='word_1_111' title='bbox 499 2094 702 2138; x_wconf 89' lang='lat' dir='ltr'><strong>certum</strong></span> <span class='ocrx_word' id='word_1_112' title='bbox 742 2086 806 2137; x_wconf 85' lang='lat' dir='ltr'><strong>sit</strong></span> <span class='ocrx_word' id='word_1_113' title='bbox 843 2088 982 2139; x_wconf 92' lang='lat' dir='ltr'><strong>hunc</strong></span> <span class='ocrx_word' id='word_1_114' title='bbox 1007 2085 1076 2141; x_wconf 90' lang='lat' dir='ltr'><strong>de</strong></span> <span class='ocrx_word' id='word_1_115' title='bbox 1102 2087 1417 2156; x_wconf 86' lang='lat' dir='ltr'><strong>Virginitate</strong></span> <span class='ocrx_word' id='word_1_116' title='bbox 1455 2091 1643 2145; x_wconf 90' lang='lat' dir='ltr'><strong>librum</strong></span> <span class='ocrx_word' id='word_1_117' title='bbox 1681 2092 1735 2146; x_wconf 89' lang='lat' dir='ltr'><strong>in</strong></span> 
     </span>
    </p>
   </div>
   <div class='ocr_carea' id='block_1_16' title="bbox 158 2175 1738 2251">
    <p class='ocr_par' dir='ltr' id='par_1_16' title="bbox 158 2175 1738 2251">
     <span class='ocr_line' id='line_1_16' title="bbox 158 2175 1738 2251; baseline 0.006 -23"><span class='ocrx_word' id='word_1_118' title='bbox 158 2175 390 2229; x_wconf 79' lang='lat' dir='ltr'><strong>Humilia</strong></span> <span class='ocrx_word' id='word_1_119' title='bbox 433 2175 519 2227; x_wconf 89' lang='lat' dir='ltr'><strong>illa</strong></span> <span class='ocrx_word' id='word_1_120' title='bbox 567 2177 1007 2241; x_wconf 88' lang='lat' dir='ltr'><strong>commemorari,</strong></span> <span class='ocrx_word' id='word_1_121' title='bbox 1040 2186 1095 2230; x_wconf 90' lang='lat' dir='ltr'><strong>ut</strong></span> <span class='ocrx_word' id='word_1_122' title='bbox 1120 2190 1322 2233; x_wconf 90' lang='lat' dir='ltr'><strong>certum</strong></span> <span class='ocrx_word' id='word_1_123' title='bbox 1351 2192 1431 2235; x_wconf 89' lang='lat' dir='ltr'><strong>est</strong></span> <span class='ocrx_word' id='word_1_124' title='bbox 1460 2181 1575 2251; x_wconf 92' lang='lat' dir='ltr'><strong>ipso</strong></span> <span class='ocrx_word' id='word_1_125' title='bbox 1605 2192 1738 2239; x_wconf 90' lang='lat' dir='ltr'><strong>teste</strong></span> 
     </span>
    </p>
   </div>
   <div class='ocr_carea' id='block_1_17' title="bbox 154 2267 1734 2338">
    <p class='ocr_par' dir='ltr' id='par_1_17' title="bbox 154 2267 1734 2338">
     <span class='ocr_line' id='line_1_17' title="bbox 154 2267 1734 2338; baseline 0.004 -16"><span class='ocrx_word' id='word_1_126' title='bbox 154 2267 544 2338; x_wconf 79' lang='lat' dir='ltr'><strong>Chrysostomo</strong></span> <span class='ocrx_word' id='word_1_127' title='bbox 573 2267 824 2321; x_wconf 88' lang='lat' dir='ltr'><strong>llomilias</strong></span> <span class='ocrx_word' id='word_1_128' title='bbox 860 2269 913 2321; x_wconf 91' lang='lat' dir='ltr'><strong>in</strong></span> <span class='ocrx_word' id='word_1_129' title='bbox 954 2269 1243 2338; x_wconf 84' lang='lat' dir='ltr'><strong>Epistolam</strong></span> <span class='ocrx_word' id='word_1_130' title='bbox 1278 2273 1301 2326; x_wconf 86' lang='grc'><strong>1</strong></span> <span class='ocrx_word' id='word_1_131' title='bbox 1335 2272 1401 2327; x_wconf 91' lang='lat' dir='ltr'><strong>ad</strong></span> <span class='ocrx_word' id='word_1_132' title='bbox 1429 2273 1734 2331; x_wconf 86' lang='lat' dir='ltr'><strong>Corinthios</strong></span> 
     </span>
    </p>
   </div>
   <div class='ocr_carea' id='block_1_18' title="bbox 154 2359 1737 2434">
    <p class='ocr_par' dir='ltr' id='par_1_18' title="bbox 154 2359 1737 2434">
     <span class='ocr_line' id='line_1_18' title="bbox 154 2359 1737 2434; baseline 0.004 -19"><span class='ocrx_word' id='word_1_133' title='bbox 154 2359 456 2415; x_wconf 78' lang='lat' dir='ltr'><strong>Antiochia:</strong></span> <span class='ocrx_word' id='word_1_134' title='bbox 483 2360 689 2414; x_wconf 87' lang='lat' dir='ltr'><strong>habitas</strong></span> <span class='ocrx_word' id='word_1_135' title='bbox 715 2359 897 2415; x_wconf 80' lang='lat' dir='ltr'><strong>fuisse.</strong></span> <span class='ocrx_word' id='word_1_136' title='bbox 918 2362 1216 2417; x_wconf 75' lang='lat' dir='ltr'><strong>Antiochia:</strong></span> <span class='ocrx_word' id='word_1_137' title='bbox 1242 2364 1416 2434; x_wconf 82' lang='lat' dir='ltr'><strong>igitur,</strong></span> <span class='ocrx_word' id='word_1_138' title='bbox 1445 2367 1526 2420; x_wconf 87' lang='lat' dir='ltr'><strong>vel</strong></span> <span class='ocrx_word' id='word_1_139' title='bbox 1548 2369 1737 2421; x_wconf 78' lang='lat' dir='ltr'><strong>lortas-</strong></span> 
     </span>
    </p>
   </div>
   <div class='ocr_carea' id='block_1_19' title="bbox 150 2450 1735 2528">
    <p class='ocr_par' dir='ltr' id='par_1_19' title="bbox 150 2450 1735 2528">
     <span class='ocr_line' id='line_1_19' title="bbox 150 2450 1735 2528; baseline 0.006 -24"><span class='ocrx_word' id='word_1_140' title='bbox 150 2451 226 2504; x_wconf 88' lang='lat' dir='ltr'><strong>sis</strong></span> <span class='ocrx_word' id='word_1_141' title='bbox 258 2451 314 2504; x_wconf 91' lang='lat' dir='ltr'><strong>in</strong></span> <span class='ocrx_word' id='word_1_142' title='bbox 340 2450 626 2504; x_wconf 87' lang='lat' dir='ltr'><strong>solitudine</strong></span> <span class='ocrx_word' id='word_1_143' title='bbox 652 2451 736 2504; x_wconf 90' lang='lat' dir='ltr'><strong>isti</strong></span> <span class='ocrx_word' id='word_1_144' title='bbox 764 2452 879 2505; x_wconf 86' lang='lat' dir='ltr'><strong>urbi</strong></span> <span class='ocrx_word' id='word_1_145' title='bbox 908 2452 1077 2506; x_wconf 90' lang='lat' dir='ltr'><strong>vicina</strong></span> <span class='ocrx_word' id='word_1_146' title='bbox 1111 2453 1301 2509; x_wconf 88' lang='lat' dir='ltr'><strong>librum</strong></span> <span class='ocrx_word' id='word_1_147' title='bbox 1338 2456 1405 2511; x_wconf 89' lang='lat' dir='ltr'><strong>de</strong></span> <span class='ocrx_word' id='word_1_148' title='bbox 1423 2455 1735 2528; x_wconf 79' lang='lat' dir='ltr'><strong>Virginitate</strong></span> 
     </span>
    </p>
   </div>
   <div class='ocr_carea' id='block_1_20' title="bbox 149 2541 1732 2619">
    <p class='ocr_par' dir='ltr' id='par_1_20' title="bbox 149 2541 1732 2619">
     <span class='ocr_line' id='line_1_20' title="bbox 149 2541 1732 2619; baseline 0.006 -24"><span class='ocrx_word' id='word_1_149' title='bbox 149 2542 336 2595; x_wconf 86' lang='lat' dir='ltr'><strong>emisit</strong></span> <span class='ocrx_word' id='word_1_150' title='bbox 361 2541 770 2611; x_wconf 83' lang='lat' dir='ltr'><strong>Chrysostomus</strong></span> <span class='ocrx_word' id='word_1_151' title='bbox 798 2559 811 2594; x_wconf 89' lang='lat'>:</span> <span class='ocrx_word' id='word_1_152' title='bbox 837 2551 1011 2596; x_wconf 91' lang='lat' dir='ltr'><strong>utrum</strong></span> <span class='ocrx_word' id='word_1_153' title='bbox 1041 2546 1180 2598; x_wconf 91' lang='lat' dir='ltr'><strong>enim</strong></span> <span class='ocrx_word' id='word_1_154' title='bbox 1210 2560 1329 2599; x_wconf 89' lang='lat' dir='ltr'><strong>cum</strong></span> <span class='ocrx_word' id='word_1_155' title='bbox 1356 2549 1631 2619; x_wconf 89' lang='lat' dir='ltr'><strong>presbyter</strong></span> <span class='ocrx_word' id='word_1_156' title='bbox 1651 2566 1732 2604; x_wconf 88' lang='lat' dir='ltr'><strong>es-</strong></span> 
     </span>
    </p>
   </div>
   <div class='ocr_carea' id='block_1_21' title="bbox 154 2631 1734 2697">
    <p class='ocr_par' dir='ltr' id='par_1_21' title="bbox 154 2631 1734 2697">
     <span class='ocr_line' id='line_1_21' title="bbox 154 2631 1734 2697; baseline 0.005 -12"><span class='ocrx_word' id='word_1_157' title='bbox 154 2642 271 2695; x_wconf 91' lang='lat' dir='ltr'><strong>set,</strong></span> <span class='ocrx_word' id='word_1_158' title='bbox 304 2646 369 2683; x_wconf 90' lang='lat' dir='ltr'><strong>an</strong></span> <span class='ocrx_word' id='word_1_159' title='bbox 400 2647 518 2684; x_wconf 91' lang='lat' dir='ltr'><strong>cum</strong></span> <span class='ocrx_word' id='word_1_160' title='bbox 550 2631 806 2686; x_wconf 83' lang='lat' dir='ltr'><strong>diaconus</strong></span> <span class='ocrx_word' id='word_1_161' title='bbox 830 2674 843 2697; x_wconf 91' lang='lat'><strong>,</strong></span> <span class='ocrx_word' id='word_1_162' title='bbox 873 2648 938 2685; x_wconf 89' lang='lat' dir='ltr'><strong>an</strong></span> <span class='ocrx_word' id='word_1_163' title='bbox 971 2648 1096 2688; x_wconf 86' lang='lat' dir='ltr'><strong>vero</strong></span> <span class='ocrx_word' id='word_1_164' title='bbox 1124 2646 1278 2689; x_wconf 90' lang='lat' dir='ltr'><strong>antea</strong></span> <span class='ocrx_word' id='word_1_165' title='bbox 1320 2652 1439 2691; x_wconf 90' lang='lat' dir='ltr'><strong>cum</strong></span> <span class='ocrx_word' id='word_1_166' title='bbox 1470 2638 1520 2691; x_wconf 94' lang='lat' dir='ltr'><strong>in</strong></span> <span class='ocrx_word' id='word_1_167' title='bbox 1549 2639 1734 2694; x_wconf 88' lang='lat' dir='ltr'><strong>solitu-</strong></span> 
     </span>
    </p>
   </div>
   <div class='ocr_carea' id='block_1_22' title="bbox 151 2723 1729 2794">
    <p class='ocr_par' dir='ltr' id='par_1_22' title="bbox 151 2723 1729 2794">
     <span class='ocr_line' id='line_1_22' title="bbox 151 2723 1729 2794; baseline 0.006 -17"><span class='ocrx_word' id='word_1_168' title='bbox 151 2724 281 2777; x_wconf 85' lang='lat' dir='ltr'><strong>dine</strong></span> <span class='ocrx_word' id='word_1_169' title='bbox 312 2723 567 2792; x_wconf 90' lang='lat' dir='ltr'><strong>degeret,</strong></span> <span class='ocrx_word' id='word_1_170' title='bbox 600 2739 702 2777; x_wconf 92' lang='lat' dir='ltr'><strong>non</strong></span> <span class='ocrx_word' id='word_1_171' title='bbox 735 2726 803 2778; x_wconf 85' lang='lat' dir='ltr'><strong>ita</strong></span> <span class='ocrx_word' id='word_1_172' title='bbox 833 2726 1177 2794; x_wconf 90' lang='lat' dir='ltr'><strong>conspicuum</strong></span> <span class='ocrx_word' id='word_1_173' title='bbox 1202 2768 1217 2794; x_wconf 94' lang='lat'><strong>,</strong></span> <span class='ocrx_word' id='word_1_174' title='bbox 1249 2738 1306 2782; x_wconf 90' lang='lat' dir='ltr'><strong>ut</strong></span> <span class='ocrx_word' id='word_1_175' title='bbox 1335 2730 1463 2783; x_wconf 81' lang='lat' dir='ltr'><strong>intra</strong></span> <span class='ocrx_word' id='word_1_176' title='bbox 1506 2731 1729 2787; x_wconf 85' lang='lat' dir='ltr'><strong>dicetur.</strong></span> 
     </span>
    </p>
   </div>
   <div class='ocr_carea' id='block_1_23' title="bbox 218 2826 1729 2893">
    <p class='ocr_par' dir='ltr' id='par_1_23' title="bbox 218 2826 1729 2893">
     <span class='ocr_line' id='line_1_23' title="bbox 218 2826 1729 2893; baseline 0.009 -13"><span class='ocrx_word' id='word_1_177' title='bbox 218 2827 418 2880; x_wconf 77' lang='lat' dir='ltr'><strong>Verum</strong></span> <span class='ocrx_word' id='word_1_178' title='bbox 449 2826 820 2881; x_wconf 85' lang='lat' dir='ltr'><strong>Tillemontius</strong></span> <span class='ocrx_word' id='word_1_179' title='bbox 850 2836 1050 2883; x_wconf 86' lang='lat' dir='ltr'><strong>tantam</strong></span> <span class='ocrx_word' id='word_1_180' title='bbox 1089 2830 1211 2886; x_wconf 89' lang='lat' dir='ltr'><strong>huic</strong></span> <span class='ocrx_word' id='word_1_181' title='bbox 1248 2836 1564 2891; x_wconf 78' lang='lat' dir='ltr'><strong>cnervanda:</strong></span> <span class='ocrx_word' id='word_1_182' title='bbox 1607 2853 1729 2893; x_wconf 87' lang='lat' dir='ltr'><strong>scn-</strong></span> 
     </span>
    </p>
   </div>
   <div class='ocr_carea' id='block_1_24' title="bbox 143 2916 1727 2994">
    <p class='ocr_par' dir='ltr' id='par_1_24' title="bbox 143 2916 1727 2994">
     <span class='ocr_line' id='line_1_24' title="bbox 143 2916 1727 2994; baseline 0.009 -24"><span class='ocrx_word' id='word_1_183' title='bbox 143 2918 336 2971; x_wconf 74' lang='lat' dir='ltr'><strong>tentiae</strong></span> <span class='ocrx_word' id='word_1_184' title='bbox 362 2916 722 2971; x_wconf 80' lang='lat' dir='ltr'><strong>difﬁcultatem</strong></span> <span class='ocrx_word' id='word_1_185' title='bbox 760 2920 985 2988; x_wconf 88' lang='lat' dir='ltr'><strong>quodam</strong></span> <span class='ocrx_word' id='word_1_186' title='bbox 1016 2920 1067 2974; x_wconf 91' lang='lat' dir='ltr'><strong>in</strong></span> <span class='ocrx_word' id='word_1_187' title='bbox 1100 2922 1216 2977; x_wconf 90' lang='lat' dir='ltr'><strong>loco</strong></span> <span class='ocrx_word' id='word_1_188' title='bbox 1252 2924 1470 2994; x_wconf 85' lang='lat' dir='ltr'><strong>hujusce</strong></span> <span class='ocrx_word' id='word_1_189' title='bbox 1508 2928 1575 2983; x_wconf 92' lang='lat' dir='ltr'><strong>de</strong></span> <span class='ocrx_word' id='word_1_190' title='bbox 1610 2930 1727 2984; x_wconf 86' lang='lat' dir='ltr'><strong>Vir-</strong></span> 
     </span>
    </p>
   </div>
   <div class='ocr_carea' id='block_1_25' title="bbox 139 3010 1727 3081">
    <p class='ocr_par' dir='ltr' id='par_1_25' title="bbox 139 3010 1727 3081">
     <span class='ocr_line' id='line_1_25' title="bbox 139 3010 1727 3081; baseline 0.008 -18"><span class='ocrx_word' id='word_1_191' title='bbox 139 3012 372 3079; x_wconf 82' lang='lat' dir='ltr'><strong>ginitate</strong></span> <span class='ocrx_word' id='word_1_192' title='bbox 404 3010 520 3063; x_wconf 88' lang='lat' dir='ltr'><strong>libri</strong></span> <span class='ocrx_word' id='word_1_193' title='bbox 552 3025 614 3065; x_wconf 88' lang='lat' dir='ltr'><strong>se</strong></span> <span class='ocrx_word' id='word_1_194' title='bbox 637 3013 899 3080; x_wconf 89' lang='lat' dir='ltr'><strong>reperisse</strong></span> <span class='ocrx_word' id='word_1_195' title='bbox 922 3023 1087 3081; x_wconf 89' lang='lat' dir='ltr'><strong>putat,</strong></span> <span class='ocrx_word' id='word_1_196' title='bbox 1116 3025 1174 3068; x_wconf 91' lang='lat' dir='ltr'><strong>ut</strong></span> <span class='ocrx_word' id='word_1_197' title='bbox 1199 3016 1287 3070; x_wconf 91' lang='lat' dir='ltr'><strong>illa</strong></span> <span class='ocrx_word' id='word_1_198' title='bbox 1308 3018 1564 3074; x_wconf 90' lang='lat' dir='ltr'><strong>adductus</strong></span> <span class='ocrx_word' id='word_1_199' title='bbox 1588 3020 1727 3077; x_wconf 91' lang='lat' dir='ltr'><strong>hunc</strong></span> 
     </span>
    </p>
   </div>
   <div class='ocr_carea' id='block_1_26' title="bbox 140 3100 1727 3180">
    <p class='ocr_par' dir='ltr' id='par_1_26' title="bbox 140 3100 1727 3180">
     <span class='ocr_line' id='line_1_26' title="bbox 140 3100 1727 3180; baseline 0.009 -28"><span class='ocrx_word' id='word_1_200' title='bbox 140 3102 344 3153; x_wconf 89' lang='lat' dir='ltr'><strong>librum</strong></span> <span class='ocrx_word' id='word_1_201' title='bbox 375 3100 425 3153; x_wconf 92' lang='lat' dir='ltr'><strong>in</strong></span> <span class='ocrx_word' id='word_1_202' title='bbox 453 3100 811 3171; x_wconf 80' lang='lat' dir='ltr'><strong>episcopatum</strong></span> <span class='ocrx_word' id='word_1_203' title='bbox 835 3103 949 3172; x_wconf 86' lang='lat' dir='ltr'><strong>ejus</strong></span> <span class='ocrx_word' id='word_1_204' title='bbox 974 3105 1228 3167; x_wconf 77' lang='lat' dir='ltr'><strong>conferat,</strong></span> <span class='ocrx_word' id='word_1_205' title='bbox 1254 3109 1558 3180; x_wconf 88' lang='lat' dir='ltr'><strong>editumque</strong></span> <span class='ocrx_word' id='word_1_206' title='bbox 1585 3112 1727 3167; x_wconf 85' lang='lat' dir='ltr'><strong>Con-</strong></span> 
     </span>
    </p>
   </div>
   <div class='ocr_carea' id='block_1_27' title="bbox 140 3184 1725 3273">
    <p class='ocr_par' dir='ltr' id='par_1_27' title="bbox 140 3184 1725 3273">
     <span class='ocr_line' id='line_1_27' title="bbox 140 3184 1725 3273; baseline 0.008 -28"><span class='ocrx_word' id='word_1_207' title='bbox 140 3184 491 3261; x_wconf 78' lang='lat' dir='ltr'><strong>stantinOpoli</strong></span> <span class='ocrx_word' id='word_1_208' title='bbox 521 3203 682 3262; x_wconf 89' lang='lat' dir='ltr'><strong>putet.</strong></span> <span class='ocrx_word' id='word_1_209' title='bbox 707 3195 755 3249; x_wconf 92' lang='lat' dir='ltr'><strong>ls</strong></span> <span class='ocrx_word' id='word_1_210' title='bbox 784 3196 929 3249; x_wconf 90' lang='lat' dir='ltr'><strong>locus</strong></span> <span class='ocrx_word' id='word_1_211' title='bbox 951 3184 1031 3252; x_wconf 85' lang='lat' dir='ltr'><strong>est</strong></span> <span class='ocrx_word' id='word_1_212' title='bbox 1047 3214 1195 3253; x_wconf 88' lang='lat' dir='ltr'><strong>num.</strong></span> <span class='ocrx_word' id='word_1_213' title='bbox 1222 3200 1276 3265; x_wconf 90' lang='lat'><strong>9,</strong></span> <span class='ocrx_word' id='word_1_214' title='bbox 1298 3200 1384 3255; x_wconf 90' lang='lat' dir='ltr'><strong>ubi</strong></span> <span class='ocrx_word' id='word_1_215' title='bbox 1403 3204 1725 3273; x_wconf 84' lang='lat' dir='ltr'><strong>sicloquitnr</strong></span> 
     </span>
    </p>
   </div>
   <div class='ocr_carea' id='block_1_28' title="bbox 138 3282 1725 3368">
    <p class='ocr_par' dir='ltr' id='par_1_28' title="bbox 138 3282 1725 3368">
     <span class='ocr_line' id='line_1_28' title="bbox 138 3282 1725 3368; baseline 0.01 -33"><span class='ocrx_word' id='word_1_216' title='bbox 138 3282 563 3353; x_wconf 73' lang='lat' dir='ltr'><strong>Chrysostomus</strong></span> <span class='ocrx_word' id='word_1_217' title='bbox 594 3302 606 3335; x_wconf 89' lang='lat'>:</span> <span class='ocrx_word' id='word_1_218' title='bbox 644 3284 907 3350; x_wconf 82' lang='lat' dir='ltr'><strong>Quomodo</strong></span> <span class='ocrx_word' id='word_1_219' title='bbox 948 3288 1103 3358; x_wconf 84' lang='lat' dir='ltr'><strong>igitur</strong></span> <span class='ocrx_word' id='word_1_220' title='bbox 1143 3292 1432 3361; x_wconf 87' lang='lat' dir='ltr'><strong>conjugium</strong></span> <span class='ocrx_word' id='word_1_221' title='bbox 1470 3304 1607 3359; x_wconf 84' lang='lat' dir='ltr'><strong>veto,</strong></span> <span class='ocrx_word' id='word_1_222' title='bbox 1637 3298 1725 3368; x_wconf 90' lang='lat' dir='ltr'><strong>qui</strong></span> 
     </span>
    </p>
   </div>
   <div class='ocr_carea' id='block_1_29' title="bbox 138 3376 1718 3455">
    <p class='ocr_par' dir='ltr' id='par_1_29' title="bbox 138 3376 1718 3455">
     <span class='ocr_line' id='line_1_29' title="bbox 138 3376 1718 3455; baseline 0.013 -29"><span class='ocrx_word' id='word_1_223' title='bbox 138 3376 389 3443; x_wconf 84' lang='lat' dir='ltr'><strong>conjuges</strong></span> <span class='ocrx_word' id='word_1_224' title='bbox 416 3391 516 3427; x_wconf 87' lang='lat' dir='ltr'><strong>non</strong></span> <span class='ocrx_word' id='word_1_225' title='bbox 542 3379 806 3430; x_wconf 81' lang='lat' dir='ltr'><strong>accusem?</strong></span> <span class='ocrx_word' id='word_1_226' title='bbox 831 3378 1021 3447; x_wconf 81' lang='lat' dir='ltr'><strong>Stupro</strong></span> <span class='ocrx_word' id='word_1_227' title='bbox 1063 3389 1168 3433; x_wconf 81' lang='lat' dir='ltr'><strong>ueto</strong></span> <span class='ocrx_word' id='word_1_228' title='bbox 1207 3392 1255 3435; x_wconf 90' lang='lat' dir='ltr'><strong>et</strong></span> <span class='ocrx_word' id='word_1_229' title='bbox 1293 3384 1543 3442; x_wconf 83' lang='lat' dir='ltr'><strong>adulteria</strong></span> <span class='ocrx_word' id='word_1_230' title='bbox 1562 3436 1575 3455; x_wconf 87' lang='lat'><strong>,</strong></span> <span class='ocrx_word' id='word_1_231' title='bbox 1607 3410 1718 3444; x_wconf 84' lang='lat' dir='ltr'><strong>ma-</strong></span> 
     </span>
    </p>
   </div>
   <div class='ocr_carea' id='block_1_30' title="bbox 134 3465 1721 3542">
    <p class='ocr_par' dir='ltr' id='par_1_30' title="bbox 134 3465 1721 3542">
     <span class='ocr_line' id='line_1_30' title="bbox 134 3465 1721 3542; baseline 0.008 -27"><span class='ocrx_word' id='word_1_232' title='bbox 134 3465 435 3517; x_wconf 86' lang='lat' dir='ltr'><strong>trimonium</strong></span> <span class='ocrx_word' id='word_1_233' title='bbox 474 3483 573 3519; x_wconf 88' lang='lat' dir='ltr'><strong>non</strong></span> <span class='ocrx_word' id='word_1_234' title='bbox 604 3468 719 3521; x_wconf 86' lang='lat' dir='ltr'><strong>item</strong></span> <span class='ocrx_word' id='word_1_235' title='bbox 745 3478 828 3520; x_wconf 86' lang='lat' dir='ltr'><strong>:et</strong></span> <span class='ocrx_word' id='word_1_236' title='bbox 856 3468 947 3521; x_wconf 83' lang='lat' dir='ltr'><strong>illa</strong></span> <span class='ocrx_word' id='word_1_237' title='bbox 972 3468 1213 3522; x_wconf 81' lang='lat' dir='ltr'><strong>audentes</strong></span> <span class='ocrx_word' id='word_1_238' title='bbox 1239 3471 1459 3538; x_wconf 86' lang='lat' dir='ltr'><strong>castigo,</strong></span> <span class='ocrx_word' id='word_1_239' title='bbox 1489 3481 1637 3542; x_wconf 85' lang='lat' dir='ltr'><strong>atque</strong></span> <span class='ocrx_word' id='word_1_240' title='bbox 1659 3474 1721 3528; x_wconf 85' lang='lat' dir='ltr'><strong>ab</strong></span> 
     </span>
    </p>
   </div>
   <div class='ocr_carea' id='block_1_31' title="bbox 134 3551 1717 3627">
    <p class='ocr_par' dir='ltr' id='par_1_31' title="bbox 134 3551 1717 3627">
     <span class='ocr_line' id='line_1_31' title="bbox 134 3551 1717 3627; baseline 0.006 -22"><span class='ocrx_word' id='word_1_241' title='bbox 134 3551 393 3607; x_wconf 77' lang='lat' dir='ltr'><strong>Ecclesia:</strong></span> <span class='ocrx_word' id='word_1_242' title='bbox 430 3566 559 3609; x_wconf 78' lang='lat' dir='ltr'><strong>ctetu</strong></span> <span class='ocrx_word' id='word_1_243' title='bbox 599 3557 876 3625; x_wconf 82' lang='lat' dir='ltr'><strong>proscribo.</strong></span> <span class='ocrx_word' id='word_1_244' title='bbox 916 3557 1068 3623; x_wconf 69' lang='lat' dir='ltr'><strong>Haac,</strong></span> <span class='ocrx_word' id='word_1_245' title='bbox 1112 3559 1281 3627; x_wconf 84' lang='lat' dir='ltr'><strong>inquit</strong></span> <span class='ocrx_word' id='word_1_246' title='bbox 1316 3559 1717 3626; x_wconf 88' lang='lat' dir='ltr'><strong>Tillemontius,</strong></span> 
     </span>
    </p>
   </div>
   <div class='ocr_carea' id='block_1_32' title="bbox 130 3644 1722 3719">
    <p class='ocr_par' dir='ltr' id='par_1_32' title="bbox 130 3644 1722 3719">
     <span class='ocr_line' id='line_1_32' title="bbox 130 3644 1722 3719; baseline 0.007 -24"><span class='ocrx_word' id='word_1_247' title='bbox 130 3644 355 3697; x_wconf 84' lang='lat' dir='ltr'><strong>nonnisi</strong></span> <span class='ocrx_word' id='word_1_248' title='bbox 401 3646 683 3714; x_wconf 86' lang='lat' dir='ltr'><strong>episcopus</strong></span> <span class='ocrx_word' id='word_1_249' title='bbox 713 3646 958 3717; x_wconf 82' lang='lat' dir='ltr'><strong>proferre</strong></span> <span class='ocrx_word' id='word_1_250' title='bbox 988 3663 1147 3718; x_wconf 89' lang='lat' dir='ltr'><strong>posse</strong></span> <span class='ocrx_word' id='word_1_251' title='bbox 1176 3649 1401 3715; x_wconf 86' lang='lat' dir='ltr'><strong>videtur,</strong></span> <span class='ocrx_word' id='word_1_252' title='bbox 1429 3651 1550 3719; x_wconf 88' lang='lat' dir='ltr'><strong>quia</strong></span> <span class='ocrx_word' id='word_1_253' title='bbox 1577 3654 1722 3706; x_wconf 89' lang='lat' dir='ltr'><strong>solus</strong></span> 
     </span>
    </p>
   </div>
   <div class='ocr_carea' id='block_1_33' title="bbox 125 3734 1719 3802">
    <p class='ocr_par' dir='ltr' id='par_1_33' title="bbox 125 3734 1719 3802">
     <span class='ocr_line' id='line_1_33' title="bbox 125 3734 1719 3802; baseline 0.006 -17"><span class='ocrx_word' id='word_1_254' title='bbox 125 3734 420 3802; x_wconf 88' lang='lat' dir='ltr'><strong>episcopus</strong></span> <span class='ocrx_word' id='word_1_255' title='bbox 448 3735 515 3789; x_wconf 90' lang='lat' dir='ltr'><strong>ab</strong></span> <span class='ocrx_word' id='word_1_256' title='bbox 543 3736 795 3791; x_wconf 73' lang='lat' dir='ltr'><strong>Ecclesia:</strong></span> <span class='ocrx_word' id='word_1_257' title='bbox 832 3747 972 3793; x_wconf 58' lang='lat' dir='ltr'><strong>coetu</strong></span> <span class='ocrx_word' id='word_1_258' title='bbox 1013 3739 1225 3793; x_wconf 90' lang='lat' dir='ltr'><strong>arcendi</strong></span> <span class='ocrx_word' id='word_1_259' title='bbox 1272 3739 1578 3795; x_wconf 80' lang='lat' dir='ltr'><strong>facultatem</strong></span> <span class='ocrx_word' id='word_1_260' title='bbox 1624 3743 1719 3795; x_wconf 83' lang='lat' dir='ltr'><strong>ba—</strong></span> 
     </span>
    </p>
   </div>
   <div class='ocr_carea' id='block_1_34' title="bbox 125 3827 1717 3904">
    <p class='ocr_par' dir='ltr' id='par_1_34' title="bbox 125 3827 1717 3904">
     <span class='ocr_line' id='line_1_34' title="bbox 125 3827 1717 3904; baseline 0.004 -23"><span class='ocrx_word' id='word_1_261' title='bbox 125 3827 217 3881; x_wconf 88' lang='lat' dir='ltr'><strong>bet</strong></span> <span class='ocrx_word' id='word_1_262' title='bbox 252 3846 263 3880; x_wconf 94' lang='lat'>:</span> <span class='ocrx_word' id='word_1_263' title='bbox 301 3837 463 3898; x_wconf 89' lang='lat' dir='ltr'><strong>atque</strong></span> <span class='ocrx_word' id='word_1_264' title='bbox 510 3829 594 3882; x_wconf 90' lang='lat' dir='ltr'><strong>illa</strong></span> <span class='ocrx_word' id='word_1_265' title='bbox 646 3831 838 3885; x_wconf 86' lang='lat' dir='ltr'><strong>ductus</strong></span> <span class='ocrx_word' id='word_1_266' title='bbox 880 3831 1089 3886; x_wconf 83' lang='lat' dir='ltr'><strong>ratione</strong></span> <span class='ocrx_word' id='word_1_267' title='bbox 1130 3830 1567 3902; x_wconf 88' lang='lat' dir='ltr'><strong>Chrysostomum</strong></span> <span class='ocrx_word' id='word_1_268' title='bbox 1611 3834 1717 3904; x_wconf 90' lang='lat' dir='ltr'><strong>jam</strong></span> 
     </span>
    </p>
   </div>
   <div class='ocr_carea' id='block_1_35' title="bbox 123 3920 1720 3994">
    <p class='ocr_par' dir='ltr' id='par_1_35' title="bbox 123 3920 1720 3994">
     <span class='ocr_line' id='line_1_35' title="bbox 123 3920 1720 3994; baseline 0.006 -22"><span class='ocrx_word' id='word_1_269' title='bbox 123 3920 444 3987; x_wconf 75' lang='lat' dir='ltr'><strong>episcopum</strong></span> <span class='ocrx_word' id='word_1_270' title='bbox 477 3920 616 3977; x_wconf 86' lang='lat' dir='ltr'><strong>hunc</strong></span> <span class='ocrx_word' id='word_1_271' title='bbox 645 3924 884 3977; x_wconf 88' lang='lat' dir='ltr'><strong>emisisse</strong></span> <span class='ocrx_word' id='word_1_272' title='bbox 913 3925 1105 3978; x_wconf 75' lang='lat' dir='ltr'><strong>librant</strong></span> <span class='ocrx_word' id='word_1_273' title='bbox 1152 3926 1418 3994; x_wconf 85' lang='lat' dir='ltr'><strong>opinatur.</strong></span> <span class='ocrx_word' id='word_1_274' title='bbox 1444 3927 1531 3982; x_wconf 89' lang='lat' dir='ltr'><strong>Sic</strong></span> <span class='ocrx_word' id='word_1_275' title='bbox 1559 3928 1720 3983; x_wconf 87' lang='lat' dir='ltr'><strong>levis-</strong></span> 
     </span>
    </p>
   </div>
   <div class='ocr_carea' id='block_1_36' title="bbox 128 4009 1717 4090">
    <p class='ocr_par' dir='ltr' id='par_1_36' title="bbox 128 4009 1717 4090">
     <span class='ocr_line' id='line_1_36' title="bbox 128 4009 1717 4090; baseline 0.009 -31"><span class='ocrx_word' id='word_1_276' title='bbox 128 4009 263 4060; x_wconf 85' lang='lat' dir='ltr'><strong>sima</strong></span> <span class='ocrx_word' id='word_1_277' title='bbox 286 4010 374 4062; x_wconf 86' lang='lat' dir='ltr'><strong>ille</strong></span> <span class='ocrx_word' id='word_1_278' title='bbox 401 4011 704 4080; x_wconf 83' lang='lat' dir='ltr'><strong>conjectura</strong></span> <span class='ocrx_word' id='word_1_279' title='bbox 730 4024 932 4068; x_wconf 84' lang='lat' dir='ltr'><strong>certum</strong></span> <span class='ocrx_word' id='word_1_280' title='bbox 963 4015 1423 4085; x_wconf 88' lang='lat' dir='ltr'><strong>indubitatumque</strong></span> <span class='ocrx_word' id='word_1_281' title='bbox 1453 4018 1717 4090; x_wconf 82' lang='lat' dir='ltr'><strong>Chrysos-</strong></span> 
     </span>
    </p>
   </div>
   <div class='ocr_carea' id='block_1_37' title="bbox 127 4100 1716 4165">
    <p class='ocr_par' dir='ltr' id='par_1_37' title="bbox 127 4100 1716 4165">
     <span class='ocr_line' id='line_1_37' title="bbox 127 4100 1716 4165; baseline 0.009 -16"><span class='ocrx_word' id='word_1_282' title='bbox 127 4100 259 4151; x_wconf 91' lang='lat' dir='ltr'><strong>tomi</strong></span> <span class='ocrx_word' id='word_1_283' title='bbox 307 4102 666 4157; x_wconf 91' lang='lat' dir='ltr'><strong>testimonium</strong></span> <span class='ocrx_word' id='word_1_284' title='bbox 718 4104 1039 4159; x_wconf 81' lang='lat' dir='ltr'><strong>labefactare</strong></span> <span class='ocrx_word' id='word_1_285' title='bbox 1082 4107 1285 4162; x_wconf 85' lang='lat' dir='ltr'><strong>nititur.</strong></span> <span class='ocrx_word' id='word_1_286' title='bbox 1316 4108 1536 4163; x_wconf 86' lang='lat' dir='ltr'><strong>Etiamsi</strong></span> <span class='ocrx_word' id='word_1_287' title='bbox 1576 4111 1716 4165; x_wconf 90' lang='lat' dir='ltr'><strong>enim</strong></span> 
     </span>
    </p>
   </div>
   <div class='ocr_carea' id='block_1_38' title="bbox 122 4186 1716 4270">
    <p class='ocr_par' dir='ltr' id='par_1_38' title="bbox 122 4186 1716 4270">
     <span class='ocr_line' id='line_1_38' title="bbox 122 4186 1716 4270; baseline 0.009 -29"><span class='ocrx_word' id='word_1_288' title='bbox 122 4186 200 4241; x_wconf 87' lang='lat' dir='ltr'><strong>Ch</strong></span> <span class='ocrx_word' id='word_1_289' title='bbox 211 4200 547 4260; x_wconf 80' lang='lat' dir='ltr'><strong>rysostomus</strong></span> <span class='ocrx_word' id='word_1_290' title='bbox 563 4192 662 4247; x_wconf 88' lang='lat' dir='ltr'><strong>hoc</strong></span> <span class='ocrx_word' id='word_1_291' title='bbox 674 4193 791 4249; x_wconf 94' lang='lat' dir='ltr'><strong>loco</strong></span> <span class='ocrx_word' id='word_1_292' title='bbox 808 4210 871 4249; x_wconf 78' lang='lat' dir='ltr'><strong>ex</strong></span> <span class='ocrx_word' id='word_1_293' title='bbox 889 4210 1113 4264; x_wconf 89' lang='lat' dir='ltr'><strong>persona</strong></span> <span class='ocrx_word' id='word_1_294' title='bbox 1130 4211 1221 4250; x_wconf 91' lang='lat' dir='ltr'><strong>sua</strong></span> <span class='ocrx_word' id='word_1_295' title='bbox 1240 4197 1562 4267; x_wconf 86' lang='lat' dir='ltr'><strong>loqueretur,</strong></span> <span class='ocrx_word' id='word_1_296' title='bbox 1578 4203 1716 4270; x_wconf 85' lang='lat' dir='ltr'><strong>quod</strong></span> 
     </span>
    </p>
   </div>
   <div class='ocr_carea' id='block_1_39' title="bbox 122 4283 1713 4358">
    <p class='ocr_par' dir='ltr' id='par_1_39' title="bbox 122 4283 1713 4358">
     <span class='ocr_line' id='line_1_39' title="bbox 122 4283 1713 4358; baseline 0.009 -27"><span class='ocrx_word' id='word_1_297' title='bbox 122 4289 309 4334; x_wconf 81' lang='lat' dir='ltr'><strong>tamen</strong></span> <span class='ocrx_word' id='word_1_298' title='bbox 340 4296 444 4334; x_wconf 91' lang='lat' dir='ltr'><strong>non</strong></span> <span class='ocrx_word' id='word_1_299' title='bbox 485 4283 765 4349; x_wconf 84' lang='lat' dir='ltr'><strong>existimo,</strong></span> <span class='ocrx_word' id='word_1_300' title='bbox 796 4302 899 4339; x_wconf 90' lang='lat' dir='ltr'><strong>non</strong></span> <span class='ocrx_word' id='word_1_301' title='bbox 945 4288 1137 4341; x_wconf 89' lang='lat' dir='ltr'><strong>desunt</strong></span> <span class='ocrx_word' id='word_1_302' title='bbox 1175 4290 1415 4358; x_wconf 74' lang='lat' dir='ltr'><strong>exempla</strong></span> <span class='ocrx_word' id='word_1_303' title='bbox 1447 4292 1531 4344; x_wconf 92' lang='lat' dir='ltr'><strong>ubi</strong></span> <span class='ocrx_word' id='word_1_304' title='bbox 1565 4292 1713 4345; x_wconf 90' lang='lat' dir='ltr'><strong>illum</strong></span> 
     </span>
    </p>
   </div>
   <div class='ocr_carea' id='block_1_40' title="bbox 118 4369 1717 4449">
    <p class='ocr_par' dir='ltr' id='par_1_40' title="bbox 118 4369 1717 4449">
     <span class='ocr_line' id='line_1_40' title="bbox 118 4369 1717 4449; baseline 0.009 -28"><span class='ocrx_word' id='word_1_305' title='bbox 118 4369 303 4424; x_wconf 83' lang='lat' dir='ltr'><strong>adhuc</strong></span> <span class='ocrx_word' id='word_1_306' title='bbox 321 4372 687 4442; x_wconf 80' lang='lat' dir='ltr'><strong>presbyterum</strong></span> <span class='ocrx_word' id='word_1_307' title='bbox 714 4375 1032 4444; x_wconf 76' lang='lat' dir='ltr'><strong>imperiosius</strong></span> <span class='ocrx_word' id='word_1_308' title='bbox 1062 4378 1336 4448; x_wconf 84' lang='lat' dir='ltr'><strong>loquutum</strong></span> <span class='ocrx_word' id='word_1_309' title='bbox 1359 4380 1717 4449; x_wconf 84' lang='lat' dir='ltr'><strong>deprehendi-</strong></span> 
     </span>
    </p>
   </div>
   <div class='ocr_carea' id='block_1_41' title="bbox 119 4463 1712 4538">
    <p class='ocr_par' dir='ltr' id='par_1_41' title="bbox 119 4463 1712 4538">
     <span class='ocr_line' id='line_1_41' title="bbox 119 4463 1712 4538; baseline 0.008 -24"><span class='ocrx_word' id='word_1_310' title='bbox 119 4477 263 4514; x_wconf 81' lang='lat' dir='ltr'><strong>mus.</strong></span> <span class='ocrx_word' id='word_1_311' title='bbox 293 4464 382 4517; x_wconf 86' lang='lat' dir='ltr'><strong>Sic</strong></span> <span class='ocrx_word' id='word_1_312' title='bbox 410 4463 548 4517; x_wconf 83' lang='lat' dir='ltr'><strong>infra</strong></span> <span class='ocrx_word' id='word_1_313' title='bbox 577 4464 803 4519; x_wconf 86' lang='lat' dir='ltr'><strong>Homilia</strong></span> <span class='ocrx_word' id='word_1_314' title='bbox 831 4466 904 4519; x_wconf 72' lang='grc'>22</span> <span class='ocrx_word' id='word_1_315' title='bbox 931 4468 997 4520; x_wconf 87' lang='lat' dir='ltr'><strong>ad</strong></span> <span class='ocrx_word' id='word_1_316' title='bbox 1038 4470 1288 4538; x_wconf 89' lang='lat' dir='ltr'><strong>p0pulum</strong></span> <span class='ocrx_word' id='word_1_317' title='bbox 1324 4472 1712 4527; x_wconf 78' lang='lat' dir='ltr'><strong>Antiochenam</strong></span> 
     </span>
    </p>
   </div>
   <div class='ocr_carea' id='block_1_42' title="bbox 118 4551 1711 4629">
    <p class='ocr_par' dir='ltr' id='par_1_42' title="bbox 118 4551 1711 4629">
     <span class='ocr_line' id='line_1_42' title="bbox 118 4551 1711 4629; baseline 0.009 -25"><span class='ocrx_word' id='word_1_318' title='bbox 118 4567 282 4620; x_wconf 86' lang='lat' dir='ltr'><strong>quam</strong></span> <span class='ocrx_word' id='word_1_319' title='bbox 298 4551 570 4607; x_wconf 84' lang='lat' dir='ltr'><strong>homiliam</strong></span> <span class='ocrx_word' id='word_1_320' title='bbox 586 4555 703 4609; x_wconf 91' lang='lat' dir='ltr'><strong>sine</strong></span> <span class='ocrx_word' id='word_1_321' title='bbox 713 4555 894 4623; x_wconf 90' lang='lat' dir='ltr'><strong>dubio,</strong></span> <span class='ocrx_word' id='word_1_322' title='bbox 914 4557 1133 4629; x_wconf 83' lang='lat' dir='ltr'><strong>ipsoque</strong></span> <span class='ocrx_word' id='word_1_323' title='bbox 1146 4560 1342 4615; x_wconf 80' lang='lat' dir='ltr'><strong>fatente</strong></span> <span class='ocrx_word' id='word_1_324' title='bbox 1354 4560 1711 4629; x_wconf 81' lang='lat' dir='ltr'><strong>Tillemontto,</strong></span> 
     </span>
    </p>
   </div>
   <div class='ocr_carea' id='block_1_43' title="bbox 116 4645 1711 4723">
    <p class='ocr_par' dir='ltr' id='par_1_43' title="bbox 116 4645 1711 4723">
     <span class='ocr_line' id='line_1_43' title="bbox 116 4645 1711 4723; baseline 0.008 -27"><span class='ocrx_word' id='word_1_325' title='bbox 116 4645 425 4698; x_wconf 68' lang='lat' dir='ltr'><strong>Antiochiae</strong></span> <span class='ocrx_word' id='word_1_326' title='bbox 453 4646 728 4717; x_wconf 84' lang='lat' dir='ltr'><strong>presbyter</strong></span> <span class='ocrx_word' id='word_1_327' title='bbox 754 4647 956 4713; x_wconf 88' lang='lat' dir='ltr'><strong>habuit,</strong></span> <span class='ocrx_word' id='word_1_328' title='bbox 982 4666 1046 4704; x_wconf 83' lang='lat' dir='ltr'><strong>ex</strong></span> <span class='ocrx_word' id='word_1_329' title='bbox 1071 4666 1298 4718; x_wconf 88' lang='lat' dir='ltr'><strong>persona</strong></span> <span class='ocrx_word' id='word_1_330' title='bbox 1322 4668 1413 4706; x_wconf 90' lang='lat' dir='ltr'><strong>sua</strong></span> <span class='ocrx_word' id='word_1_331' title='bbox 1437 4654 1515 4709; x_wconf 89' lang='lat' dir='ltr'><strong>sic</strong></span> <span class='ocrx_word' id='word_1_332' title='bbox 1538 4654 1711 4723; x_wconf 90' lang='lat' dir='ltr'><strong>loqui-</strong></span> 
     </span>
    </p>
   </div>
   <div class='ocr_carea' id='block_1_44' title="bbox 122 4734 1712 4809">
    <p class='ocr_par' dir='ltr' id='par_1_44' title="bbox 122 4734 1712 4809">
     <span class='ocr_line' id='line_1_44' title="bbox 122 4734 1712 4809; baseline 0.008 -24"><span class='ocrx_word' id='word_1_333' title='bbox 122 4743 210 4786; x_wconf 86' lang='lat' dir='ltr'><strong>tur</strong></span> <span class='ocrx_word' id='word_1_334' title='bbox 248 4752 261 4786; x_wconf 93' lang='lat'><strong>:</strong></span> <span class='ocrx_word' id='word_1_335' title='bbox 300 4734 650 4805; x_wconf 81' lang='lat' dir='ltr'><strong>Quadraginta</strong></span> <span class='ocrx_word' id='word_1_336' title='bbox 694 4739 799 4791; x_wconf 90' lang='lat' dir='ltr'><strong>dies</strong></span> <span class='ocrx_word' id='word_1_337' title='bbox 836 4739 949 4808; x_wconf 80' lang='lat' dir='ltr'><strong>jam</strong></span> <span class='ocrx_word' id='word_1_338' title='bbox 989 4742 1332 4809; x_wconf 65' lang='lat' dir='ltr'><strong>pra’terierunt</strong></span> <span class='ocrx_word' id='word_1_339' title='bbox 1364 4761 1385 4793; x_wconf 94' lang='grc'><strong>.·</strong></span> <span class='ocrx_word' id='word_1_340' title='bbox 1426 4744 1469 4795; x_wconf 89' lang='lat' dir='ltr'><strong>si</strong></span> <span class='ocrx_word' id='word_1_341' title='bbox 1514 4743 1712 4798; x_wconf 81' lang='lat' dir='ltr'><strong>Pascha</strong></span> 
     </span>
    </p>
   </div>
   <div class='ocr_carea' id='block_1_45' title="bbox 116 4831 1712 4902">
    <p class='ocr_par' dir='ltr' id='par_1_45' title="bbox 116 4831 1712 4902">
     <span class='ocr_line' id='line_1_45' title="bbox 116 4831 1712 4902; baseline 0.008 -25"><span class='ocrx_word' id='word_1_342' title='bbox 116 4842 325 4893; x_wconf 82' lang='lat' dir='ltr'><strong>quoque</strong></span> <span class='ocrx_word' id='word_1_343' title='bbox 364 4844 565 4881; x_wconf 89' lang='lat' dir='ltr'><strong>sacrum</strong></span> <span class='ocrx_word' id='word_1_344' title='bbox 612 4831 937 4897; x_wconf 69' lang='lat' dir='ltr'><strong>pra&#39;terierit,</strong></span> <span class='ocrx_word' id='word_1_345' title='bbox 989 4833 1113 4885; x_wconf 87' lang='lat' dir='ltr'><strong>nulli</strong></span> <span class='ocrx_word' id='word_1_346' title='bbox 1148 4834 1263 4902; x_wconf 88' lang='lat' dir='ltr'><strong>jam</strong></span> <span class='ocrx_word' id='word_1_347' title='bbox 1303 4834 1482 4887; x_wconf 87' lang='lat' dir='ltr'><strong>deinde</strong></span> <span class='ocrx_word' id='word_1_348' title='bbox 1520 4839 1712 4889; x_wconf 79' lang='lat' dir='ltr'><strong>veniam</strong></span> 
     </span>
    </p>
   </div>
   <div class='ocr_carea' id='block_1_46' title="bbox 116 4917 1711 4993">
    <p class='ocr_par' dir='ltr' id='par_1_46' title="bbox 116 4917 1711 4993">
     <span class='ocr_line' id='line_1_46' title="bbox 116 4917 1711 4993; baseline 0.011 -28"><span class='ocrx_word' id='word_1_349' title='bbox 116 4917 273 4979; x_wconf 82' lang='lat' dir='ltr'><strong>dabo,</strong></span> <span class='ocrx_word' id='word_1_350' title='bbox 303 4934 401 4970; x_wconf 92' lang='lat' dir='ltr'><strong>non</strong></span> <span class='ocrx_word' id='word_1_351' title='bbox 441 4919 853 4986; x_wconf 84' lang='lat' dir='ltr'><strong>admonitionem,</strong></span> <span class='ocrx_word' id='word_1_352' title='bbox 881 4923 967 4975; x_wconf 82' lang='lat' dir='ltr'><strong>sed</strong></span> <span class='ocrx_word' id='word_1_353' title='bbox 993 4924 1089 4975; x_wconf 83' lang='lat' dir='ltr'><strong>vim</strong></span> <span class='ocrx_word' id='word_1_354' title='bbox 1110 4924 1307 4993; x_wconf 88' lang='lat' dir='ltr'><strong>imperii</strong></span> <span class='ocrx_word' id='word_1_355' title='bbox 1332 4936 1378 4979; x_wconf 87' lang='lat' dir='ltr'><strong>et</strong></span> <span class='ocrx_word' id='word_1_356' title='bbox 1404 4939 1711 4982; x_wconf 77' lang='lat' dir='ltr'><strong>severitatem</strong></span> 
     </span>
    </p>
   </div>
   <div class='ocr_carea' id='block_1_47' title="bbox 114 5012 1710 5085">
    <p class='ocr_par' dir='ltr' id='par_1_47' title="bbox 114 5012 1710 5085">
     <span class='ocr_line' id='line_1_47' title="bbox 114 5012 1710 5085; baseline 0.008 -25"><span class='ocrx_word' id='word_1_357' title='bbox 114 5026 219 5061; x_wconf 89' lang='lat' dir='ltr'><strong>non</strong></span> <span class='ocrx_word' id='word_1_358' title='bbox 274 5012 691 5063; x_wconf 87' lang='lat' dir='ltr'><strong>contemnendam</strong></span> <span class='ocrx_word' id='word_1_359' title='bbox 740 5013 1003 5066; x_wconf 85' lang='lat' dir='ltr'><strong>adhibebo.</strong></span> <span class='ocrx_word' id='word_1_360' title='bbox 1034 5013 1155 5067; x_wconf 85' lang='lat' dir='ltr'><strong>Jam</strong></span> <span class='ocrx_word' id='word_1_361' title='bbox 1196 5017 1347 5085; x_wconf 88' lang='lat' dir='ltr'><strong>igitur</strong></span> <span class='ocrx_word' id='word_1_362' title='bbox 1388 5018 1624 5072; x_wconf 84' lang='lat' dir='ltr'><strong>denuntio</strong></span> <span class='ocrx_word' id='word_1_363' title='bbox 1662 5030 1710 5073; x_wconf 85' lang='lat' dir='ltr'><strong>et</strong></span> 
     </span>
    </p>
   </div>
   <div class='ocr_carea' id='block_1_48' title="bbox 112 5104 1700 5176">
    <p class='ocr_par' dir='ltr' id='par_1_48' title="bbox 112 5104 1700 5176">
     <span class='ocr_line' id='line_1_48' title="bbox 112 5104 1700 5176; baseline 0.006 -22"><span class='ocrx_word' id='word_1_364' title='bbox 112 5111 391 5168; x_wconf 81' lang='lat' dir='ltr'><strong>protestor,</strong></span> <span class='ocrx_word' id='word_1_365' title='bbox 425 5104 468 5155; x_wconf 86' lang='lat' dir='ltr'><strong>si</strong></span> <span class='ocrx_word' id='word_1_366' title='bbox 498 5105 788 5158; x_wconf 87' lang='lat' dir='ltr'><strong>conveniant</strong></span> <span class='ocrx_word' id='word_1_367' title='bbox 824 5106 1079 5176; x_wconf 88' lang='lat' dir='ltr'><strong>singulos,</strong></span> <span class='ocrx_word' id='word_1_368' title='bbox 1123 5115 1167 5159; x_wconf 91' lang='lat' dir='ltr'><strong>et</strong></span> <span class='ocrx_word' id='word_1_369' title='bbox 1195 5110 1585 5175; x_wconf 77' lang='lat' dir='ltr'><strong>experimentum</strong></span> <span class='ocrx_word' id='word_1_370' title='bbox 1612 5128 1700 5163; x_wconf 83' lang='lat' dir='ltr'><strong>su-</strong></span> 
     </span>
    </p>
   </div>
   <div class='ocr_carea' id='block_1_49' title="bbox 459 5864 1172 5938">
    <p class='ocr_par' dir='ltr' id='par_1_49' title="bbox 459 5864 1172 5938">
     <span class='ocr_line' id='line_1_49' title="bbox 459 5864 1172 5938; baseline 0.011 -10"><span class='ocrx_word' id='word_1_371' title='bbox 459 5864 731 5930; x_wconf 75' lang='lat' dir='ltr'><strong>PATROL.</strong></span> <span class='ocrx_word' id='word_1_372' title='bbox 767 5869 883 5933; x_wconf 80' lang='lat' dir='ltr'><strong>Gn.</strong></span> <span class='ocrx_word' id='word_1_373' title='bbox 919 5873 1172 5938; x_wconf 70' lang='lat' dir='ltr'><strong>XLVIII.</strong></span> 
     </span>
    </p>
   </div>
   <div class='ocr_carea' id='block_1_50' title="bbox 1767 864 1835 872">
    <p class='ocr_par' dir='ltr' id='par_1_50' title="bbox 1767 864 1835 872">
     <span class='ocr_line' id='line_1_50' title="bbox 1767 864 1835 872; baseline -0.015 0"><span class='ocrx_word' id='word_1_374' title='bbox 1767 864 1835 872; x_wconf 74' lang='lat'><strong>.—</strong></span> 
     </span>
    </p>
   </div>
   <div class='ocr_carea' id='block_1_51' title="bbox 1860 1007 3438 1086">
    <p class='ocr_par' dir='ltr' id='par_1_51' title="bbox 1860 1007 3438 1086">
     <span class='ocr_line' id='line_1_51' title="bbox 1860 1007 3438 1086; baseline 0.016 -35"><span class='ocrx_word' id='word_1_375' title='bbox 1860 1017 1991 1052; x_wconf 83' lang='lat' dir='ltr'><strong>ntam</strong></span> <span class='ocrx_word' id='word_1_376' title='bbox 2022 1017 2040 1054; x_wconf 91' lang='lat'><em>:</em></span> <span class='ocrx_word' id='word_1_377' title='bbox 2070 1020 2185 1055; x_wconf 86' lang='lat' dir='ltr'><strong>nam</strong></span> <span class='ocrx_word' id='word_1_378' title='bbox 2217 1007 2353 1058; x_wconf 87' lang='lat' dir='ltr'><strong>haud</strong></span> <span class='ocrx_word' id='word_1_379' title='bbox 2381 1008 2529 1062; x_wconf 84' lang='lat' dir='ltr'><strong>dubie</strong></span> <span class='ocrx_word' id='word_1_380' title='bbox 2557 1026 2750 1065; x_wconf 84' lang='lat' dir='ltr'><strong>sumam</strong></span> <span class='ocrx_word' id='word_1_381' title='bbox 2771 1031 2788 1078; x_wconf 88' lang='lat'><strong><em>;</em></strong></span> <span class='ocrx_word' id='word_1_382' title='bbox 2813 1016 2949 1082; x_wconf 88' lang='lat' dir='ltr'><strong>quod</strong></span> <span class='ocrx_word' id='word_1_383' title='bbox 2986 1018 3030 1069; x_wconf 87' lang='lat' dir='ltr'><strong>si</strong></span> <span class='ocrx_word' id='word_1_384' title='bbox 3072 1020 3438 1086; x_wconf 76' lang='lat' dir='ltr'><strong>deprehendam</strong></span> 
     </span>
    </p>
   </div>
   <div class='ocr_carea' id='block_1_52' title="bbox 1857 1093 3436 1179">
    <p class='ocr_par' dir='ltr' id='par_1_52' title="bbox 1857 1093 3436 1179">
     <span class='ocr_line' id='line_1_52' title="bbox 1857 1093 3436 1179; baseline 0.015 -36"><span class='ocrx_word' id='word_1_385' title='bbox 1857 1093 2051 1161; x_wconf 87' lang='lat' dir='ltr'><strong>aliquos</strong></span> <span class='ocrx_word' id='word_1_386' title='bbox 2083 1095 2188 1148; x_wconf 74' lang='lat' dir='ltr'><strong>lucc</strong></span> <span class='ocrx_word' id='word_1_387' title='bbox 2213 1098 2331 1149; x_wconf 77' lang='lat' dir='ltr'><strong>vitia</strong></span> <span class='ocrx_word' id='word_1_388' title='bbox 2363 1117 2460 1153; x_wconf 89' lang='lat' dir='ltr'><strong>non</strong></span> <span class='ocrx_word' id='word_1_389' title='bbox 2492 1104 2787 1167; x_wconf 73' lang='lat' dir='ltr'><strong>correxisse,</strong></span> <span class='ocrx_word' id='word_1_390' title='bbox 2813 1122 3011 1174; x_wconf 81' lang='lat' dir='ltr'><strong>ptenmn</strong></span> <span class='ocrx_word' id='word_1_391' title='bbox 3035 1109 3267 1179; x_wconf 87' lang='lat' dir='ltr'><strong>irrogabo</strong></span> <span class='ocrx_word' id='word_1_392' title='bbox 3286 1152 3298 1173; x_wconf 91' lang='lat'><strong>,</strong></span> <span class='ocrx_word' id='word_1_393' title='bbox 3331 1116 3436 1165; x_wconf 84' lang='lat' dir='ltr'><strong>edi-</strong></span> 
     </span>
    </p>
   </div>
   <div class='ocr_carea' id='block_1_53' title="bbox 1857 1189 3436 1267">
    <p class='ocr_par' dir='ltr' id='par_1_53' title="bbox 1857 1189 3436 1267">
     <span class='ocr_line' id='line_1_53' title="bbox 1857 1189 3436 1267; baseline 0.016 -32"><span class='ocrx_word' id='word_1_394' title='bbox 1857 1200 1965 1236; x_wconf 89' lang='lat' dir='ltr'><strong>cam</strong></span> <span class='ocrx_word' id='word_1_395' title='bbox 1994 1196 2047 1237; x_wconf 86' lang='lat' dir='ltr'><strong>nt</strong></span> <span class='ocrx_word' id='word_1_396' title='bbox 2075 1189 2199 1256; x_wconf 80' lang='lat' dir='ltr'><strong>foris</strong></span> <span class='ocrx_word' id='word_1_397' title='bbox 2237 1200 2379 1243; x_wconf 76' lang='lat' dir='ltr'><strong>extra</strong></span> <span class='ocrx_word' id='word_1_398' title='bbox 2415 1209 2558 1246; x_wconf 88' lang='lat' dir='ltr'><strong>sacra</strong></span> <span class='ocrx_word' id='word_1_399' title='bbox 2588 1198 2822 1264; x_wconf 85' lang='lat' dir='ltr'><strong>mysteria</strong></span> <span class='ocrx_word' id='word_1_400' title='bbox 2865 1202 3159 1254; x_wconf 83' lang='lat' dir='ltr'><strong>consistant.</strong></span> <span class='ocrx_word' id='word_1_401' title='bbox 3209 1203 3335 1267; x_wconf 86' lang='lat' dir='ltr'><strong>llic,</strong></span> <span class='ocrx_word' id='word_1_402' title='bbox 3384 1220 3436 1260; x_wconf 89' lang='lat' dir='ltr'><strong>ut</strong></span> 
     </span>
    </p>
   </div>
   <div class='ocr_carea' id='block_1_54' title="bbox 1856 1284 3433 1368">
    <p class='ocr_par' dir='ltr' id='par_1_54' title="bbox 1856 1284 3433 1368">
     <span class='ocr_line' id='line_1_54' title="bbox 1856 1284 3433 1368; baseline 0.016 -41"><span class='ocrx_word' id='word_1_403' title='bbox 1856 1284 2019 1343; x_wconf 89' lang='lat' dir='ltr'><strong>patet,</strong></span> <span class='ocrx_word' id='word_1_404' title='bbox 2048 1292 2111 1330; x_wconf 84' lang='lat' dir='ltr'><strong>ex</strong></span> <span class='ocrx_word' id='word_1_405' title='bbox 2142 1293 2367 1346; x_wconf 88' lang='lat' dir='ltr'><strong>persona</strong></span> <span class='ocrx_word' id='word_1_406' title='bbox 2393 1297 2486 1337; x_wconf 89' lang='lat' dir='ltr'><strong>sua</strong></span> <span class='ocrx_word' id='word_1_407' title='bbox 2517 1286 2746 1354; x_wconf 86' lang='lat' dir='ltr'><strong>loquitur</strong></span> <span class='ocrx_word' id='word_1_408' title='bbox 2769 1290 3179 1361; x_wconf 74' lang='lat' dir='ltr'><strong>Chrysostomus</strong></span> <span class='ocrx_word' id='word_1_409' title='bbox 3212 1298 3433 1368; x_wconf 74' lang='lat' dir='ltr'><strong>presby-</strong></span> 
     </span>
    </p>
   </div>
   <div class='ocr_carea' id='block_1_55' title="bbox 1855 1369 3430 1445">
    <p class='ocr_par' dir='ltr' id='par_1_55' title="bbox 1855 1369 3430 1445">
     <span class='ocr_line' id='line_1_55' title="bbox 1855 1369 3430 1445; baseline 0.017 -27"><span class='ocrx_word' id='word_1_410' title='bbox 1855 1374 1952 1430; x_wconf 87' lang='lat' dir='ltr'><strong>ter,</strong></span> <span class='ocrx_word' id='word_1_411' title='bbox 1995 1369 2244 1439; x_wconf 87' lang='lat' dir='ltr'><strong>episc0po</strong></span> <span class='ocrx_word' id='word_1_412' title='bbox 2279 1373 2321 1425; x_wconf 88' lang='lat' dir='ltr'><strong>si</strong></span> <span class='ocrx_word' id='word_1_413' title='bbox 2360 1391 2463 1428; x_wconf 92' lang='lat' dir='ltr'><strong>non</strong></span> <span class='ocrx_word' id='word_1_414' title='bbox 2512 1391 2804 1445; x_wconf 73' lang='lat' dir='ltr'><strong>pra-serite,</strong></span> <span class='ocrx_word' id='word_1_415' title='bbox 2839 1384 3025 1438; x_wconf 83' lang='lat' dir='ltr'><strong>saltem</strong></span> <span class='ocrx_word' id='word_1_416' title='bbox 3074 1387 3122 1439; x_wconf 93' lang='lat' dir='ltr'><strong>in</strong></span> <span class='ocrx_word' id='word_1_417' title='bbox 3165 1390 3295 1443; x_wconf 88' lang='lat' dir='ltr'><strong>urbe</strong></span> <span class='ocrx_word' id='word_1_418' title='bbox 3324 1403 3430 1444; x_wconf 88' lang='lat' dir='ltr'><strong>tum</strong></span> 
     </span>
    </p>
   </div>
   <div class='ocr_carea' id='block_1_56' title="bbox 1851 1458 3428 1546">
    <p class='ocr_par' dir='ltr' id='par_1_56' title="bbox 1851 1458 3428 1546">
     <span class='ocr_line' id='line_1_56' title="bbox 1851 1458 3428 1546; baseline 0.018 -35"><span class='ocrx_word' id='word_1_419' title='bbox 1851 1458 2093 1528; x_wconf 87' lang='lat' dir='ltr'><strong>degente.</strong></span> <span class='ocrx_word' id='word_1_420' title='bbox 2127 1463 2480 1529; x_wconf 81' lang='lat' dir='ltr'><strong>Quamobrem</strong></span> <span class='ocrx_word' id='word_1_421' title='bbox 2523 1470 2839 1527; x_wconf 84' lang='lat' dir='ltr'><strong>Tillemontii</strong></span> <span class='ocrx_word' id='word_1_422' title='bbox 2888 1491 3197 1546; x_wconf 83' lang='lat' dir='ltr'><strong>argumento</strong></span> <span class='ocrx_word' id='word_1_423' title='bbox 3244 1498 3310 1537; x_wconf 86' lang='lat' dir='ltr'><strong>ne</strong></span> <span class='ocrx_word' id='word_1_424' title='bbox 3350 1485 3428 1539; x_wconf 78' lang='lat' dir='ltr'><strong>vel</strong></span> 
     </span>
    </p>
   </div>
   <div class='ocr_carea' id='block_1_57' title="bbox 1851 1551 3429 1644">
    <p class='ocr_par' dir='ltr' id='par_1_57' title="bbox 1851 1551 3429 1644">
     <span class='ocr_line' id='line_1_57' title="bbox 1851 1551 3429 1644; baseline 0.02 -44"><span class='ocrx_word' id='word_1_425' title='bbox 1851 1551 2125 1607; x_wconf 89' lang='lat' dir='ltr'><strong>minimmn</strong></span> <span class='ocrx_word' id='word_1_426' title='bbox 2175 1557 2383 1625; x_wconf 88' lang='lat' dir='ltr'><strong>quidem</strong></span> <span class='ocrx_word' id='word_1_427' title='bbox 2432 1560 2698 1629; x_wconf 87' lang='lat' dir='ltr'><strong>impetitur</strong></span> <span class='ocrx_word' id='word_1_428' title='bbox 2737 1580 2936 1621; x_wconf 89' lang='lat' dir='ltr'><strong>asserta</strong></span> <span class='ocrx_word' id='word_1_429' title='bbox 2987 1572 3149 1639; x_wconf 88' lang='lat' dir='ltr'><strong>ipsius</strong></span> <span class='ocrx_word' id='word_1_430' title='bbox 3173 1572 3429 1644; x_wconf 79' lang='lat' dir='ltr'><strong>Cbrysus-</strong></span> 
     </span>
    </p>
   </div>
   <div class='ocr_carea' id='block_1_58' title="bbox 1853 1646 2623 1710">
    <p class='ocr_par' dir='ltr' id='par_1_58' title="bbox 1853 1646 2623 1710">
     <span class='ocr_line' id='line_1_58' title="bbox 1853 1646 2623 1710; baseline 0.019 -15"><span class='ocrx_word' id='word_1_431' title='bbox 1853 1646 1979 1696; x_wconf 87' lang='lat' dir='ltr'><strong>tomi</strong></span> <span class='ocrx_word' id='word_1_432' title='bbox 2010 1649 2313 1704; x_wconf 78' lang='lat' dir='ltr'><strong>testimonio</strong></span> <span class='ocrx_word' id='word_1_433' title='bbox 2342 1660 2623 1710; x_wconf 83' lang='lat' dir='ltr'><strong>sententia.</strong></span> 
     </span>
    </p>
   </div>
   <div class='ocr_carea' id='block_1_59' title="bbox 1912 1724 3426 1806">
    <p class='ocr_par' dir='ltr' id='par_1_59' title="bbox 1912 1724 3426 1806">
     <span class='ocr_line' id='line_1_59' title="bbox 1912 1724 3426 1806; baseline 0.017 -31"><span class='ocrx_word' id='word_1_434' title='bbox 1912 1724 2047 1790; x_wconf 87' lang='lat' dir='ltr'><strong>Quid</strong></span> <span class='ocrx_word' id='word_1_435' title='bbox 2078 1729 2216 1795; x_wconf 84' lang='lat' dir='ltr'><strong>quod</strong></span> <span class='ocrx_word' id='word_1_436' title='bbox 2244 1730 2294 1782; x_wconf 89' lang='lat' dir='ltr'><strong>in</strong></span> <span class='ocrx_word' id='word_1_437' title='bbox 2325 1745 2621 1787; x_wconf 86' lang='lat' dir='ltr'><strong>memorato</strong></span> <span class='ocrx_word' id='word_1_438' title='bbox 2647 1734 2713 1789; x_wconf 93' lang='lat' dir='ltr'><strong>de</strong></span> <span class='ocrx_word' id='word_1_439' title='bbox 2743 1736 3053 1806; x_wconf 80' lang='lat' dir='ltr'><strong>Virginitate</strong></span> <span class='ocrx_word' id='word_1_440' title='bbox 3079 1740 3197 1795; x_wconf 88' lang='lat' dir='ltr'><strong>loco</strong></span> <span class='ocrx_word' id='word_1_441' title='bbox 3228 1760 3331 1797; x_wconf 90' lang='lat' dir='ltr'><strong>non</strong></span> <span class='ocrx_word' id='word_1_442' title='bbox 3361 1760 3426 1799; x_wconf 80' lang='lat' dir='ltr'><strong>ex</strong></span> 
     </span>
    </p>
   </div>
   <div class='ocr_carea' id='block_1_60' title="bbox 1839 1817 3426 1907">
    <p class='ocr_par' dir='ltr' id='par_1_60' title="bbox 1839 1817 3426 1907">
     <span class='ocr_line' id='line_1_60' title="bbox 1839 1817 3426 1907; baseline 0.014 -39"><span class='ocrx_word' id='word_1_443' title='bbox 1839 1828 1954 1876; x_wconf 83' lang='lat' dir='ltr'><strong>sua,</strong></span> <span class='ocrx_word' id='word_1_444' title='bbox 1979 1817 2071 1870; x_wconf 92' lang='lat' dir='ltr'><strong>sed</strong></span> <span class='ocrx_word' id='word_1_445' title='bbox 2089 1833 2161 1871; x_wconf 79' lang='lat' dir='ltr'><strong>ex</strong></span> <span class='ocrx_word' id='word_1_446' title='bbox 2188 1819 2332 1875; x_wconf 85' lang='lat' dir='ltr'><strong>Pauli</strong></span> <span class='ocrx_word' id='word_1_447' title='bbox 2357 1837 2585 1891; x_wconf 86' lang='lat' dir='ltr'><strong>persona</strong></span> <span class='ocrx_word' id='word_1_448' title='bbox 2612 1825 2751 1896; x_wconf 84' lang='lat' dir='ltr'><strong>loqui</strong></span> <span class='ocrx_word' id='word_1_449' title='bbox 2783 1845 2998 1898; x_wconf 81' lang='lat' dir='ltr'><strong>prorsus</strong></span> <span class='ocrx_word' id='word_1_450' title='bbox 3026 1832 3233 1887; x_wconf 90' lang='lat' dir='ltr'><strong>videtur</strong></span> <span class='ocrx_word' id='word_1_451' title='bbox 3253 1835 3426 1907; x_wconf 81' lang='lat' dir='ltr'><strong>Chry-</strong></span> 
     </span>
    </p>
   </div>
   <div class='ocr_carea' id='block_1_61' title="bbox 1840 1907 3424 1995">
    <p class='ocr_par' dir='ltr' id='par_1_61' title="bbox 1840 1907 3424 1995">
     <span class='ocr_line' id='line_1_61' title="bbox 1840 1907 3424 1995; baseline 0.014 -37"><span class='ocrx_word' id='word_1_452' title='bbox 1840 1907 2151 1961; x_wconf 88' lang='lat' dir='ltr'><strong>sostomus?</strong></span> <span class='ocrx_word' id='word_1_453' title='bbox 2172 1908 2304 1963; x_wconf 84' lang='lat' dir='ltr'><strong>Nam</strong></span> <span class='ocrx_word' id='word_1_454' title='bbox 2337 1921 2447 1966; x_wconf 88' lang='lat' dir='ltr'><strong>toto</strong></span> <span class='ocrx_word' id='word_1_455' title='bbox 2477 1914 2632 1983; x_wconf 82' lang='lat' dir='ltr'><strong>hujus</strong></span> <span class='ocrx_word' id='word_1_456' title='bbox 2672 1918 2737 1972; x_wconf 92' lang='lat' dir='ltr'><strong>de</strong></span> <span class='ocrx_word' id='word_1_457' title='bbox 2774 1919 3085 1990; x_wconf 81' lang='lat' dir='ltr'><strong>Virginitate</strong></span> <span class='ocrx_word' id='word_1_458' title='bbox 3113 1924 3234 1979; x_wconf 89' lang='lat' dir='ltr'><strong>libri</strong></span> <span class='ocrx_word' id='word_1_459' title='bbox 3275 1928 3424 1995; x_wconf 58' lang='lat' dir='ltr'><strong>prino</strong></span> 
     </span>
    </p>
   </div>
   <div class='ocr_carea' id='block_1_62' title="bbox 1836 1995 3425 2073">
    <p class='ocr_par' dir='ltr' id='par_1_62' title="bbox 1836 1995 3425 2073">
     <span class='ocr_line' id='line_1_62' title="bbox 1836 1995 3425 2073; baseline 0.015 -25"><span class='ocrx_word' id='word_1_460' title='bbox 1836 1995 1976 2066; x_wconf 90' lang='lat' dir='ltr'><strong>cipio</strong></span> <span class='ocrx_word' id='word_1_461' title='bbox 2034 2009 2215 2053; x_wconf 89' lang='lat' dir='ltr'><strong>contra</strong></span> <span class='ocrx_word' id='word_1_462' title='bbox 2273 2002 2557 2060; x_wconf 73' lang='lat' dir='ltr'><strong>bmreticos</strong></span> <span class='ocrx_word' id='word_1_463' title='bbox 2607 2006 2945 2066; x_wconf 78' lang='lat' dir='ltr'><strong>Marcionitas</strong></span> <span class='ocrx_word' id='word_1_464' title='bbox 2997 2021 3051 2067; x_wconf 90' lang='lat' dir='ltr'><strong>et</strong></span> <span class='ocrx_word' id='word_1_465' title='bbox 3106 2015 3425 2073; x_wconf 69' lang='lat' dir='ltr'><strong>Manicbzeos</strong></span> 
     </span>
    </p>
   </div>
   <div class='ocr_carea' id='block_1_63' title="bbox 1835 2088 3423 2177">
    <p class='ocr_par' dir='ltr' id='par_1_63' title="bbox 1835 2088 3423 2177">
     <span class='ocr_line' id='line_1_63' title="bbox 1835 2088 3423 2177; baseline 0.016 -38"><span class='ocrx_word' id='word_1_466' title='bbox 1835 2088 1963 2157; x_wconf 83' lang='lat' dir='ltr'><strong>agit,</strong></span> <span class='ocrx_word' id='word_1_467' title='bbox 1997 2091 2084 2159; x_wconf 74' lang='lat' dir='ltr'><strong>qui</strong></span> <span class='ocrx_word' id='word_1_468' title='bbox 2114 2093 2508 2149; x_wconf 84' lang='lat' dir='ltr'><strong>matrimonium</strong></span> <span class='ocrx_word' id='word_1_469' title='bbox 2533 2097 2855 2155; x_wconf 74' lang='lat' dir='ltr'><strong>damnabunt</strong></span> <span class='ocrx_word' id='word_1_470' title='bbox 2878 2121 2889 2155; x_wconf 89' lang='lat'>:</span> <span class='ocrx_word' id='word_1_471' title='bbox 2912 2104 3257 2177; x_wconf 85' lang='lat' dir='ltr'><strong>adductisque</strong></span> <span class='ocrx_word' id='word_1_472' title='bbox 3275 2110 3423 2165; x_wconf 84' lang='lat' dir='ltr'><strong>Pauii</strong></span> 
     </span>
    </p>
   </div>
   <div class='ocr_carea' id='block_1_64' title="bbox 1833 2175 3423 2267">
    <p class='ocr_par' dir='ltr' id='par_1_64' title="bbox 1833 2175 3423 2267">
     <span class='ocr_line' id='line_1_64' title="bbox 1833 2175 3423 2267; baseline 0.016 -38"><span class='ocrx_word' id='word_1_473' title='bbox 1833 2175 1961 2233; x_wconf 91' lang='lat' dir='ltr'><strong>locis</strong></span> <span class='ocrx_word' id='word_1_474' title='bbox 1983 2220 1996 2243; x_wconf 90' lang='lat'><strong>,</strong></span> <span class='ocrx_word' id='word_1_475' title='bbox 2025 2181 2218 2249; x_wconf 90' lang='lat' dir='ltr'><strong>quibus</strong></span> <span class='ocrx_word' id='word_1_476' title='bbox 2248 2183 2335 2237; x_wconf 89' lang='lat' dir='ltr'><strong>ille</strong></span> <span class='ocrx_word' id='word_1_477' title='bbox 2362 2187 2425 2238; x_wconf 84' lang='lat' dir='ltr'><strong>ad</strong></span> <span class='ocrx_word' id='word_1_478' title='bbox 2456 2187 2811 2257; x_wconf 82' lang='lat' dir='ltr'><strong>virginitatem</strong></span> <span class='ocrx_word' id='word_1_479' title='bbox 2852 2193 3116 2258; x_wconf 88' lang='lat' dir='ltr'><strong>hortatur,</strong></span> <span class='ocrx_word' id='word_1_480' title='bbox 3160 2175 3281 2267; x_wconf 85' lang='lat' dir='ltr'><strong>post</strong></span> <span class='ocrx_word' id='word_1_481' title='bbox 3321 2202 3423 2254; x_wconf 86' lang='lat' dir='ltr'><strong>ali-</strong></span> 
     </span>
    </p>
   </div>
   <div class='ocr_carea' id='block_1_65' title="bbox 1829 2279 3419 2367">
    <p class='ocr_par' dir='ltr' id='par_1_65' title="bbox 1829 2279 3419 2367">
     <span class='ocr_line' id='line_1_65' title="bbox 1829 2279 3419 2367; baseline 0.017 -44"><span class='ocrx_word' id='word_1_482' title='bbox 1829 2281 1961 2340; x_wconf 85' lang='lat' dir='ltr'><strong>quot</strong></span> <span class='ocrx_word' id='word_1_483' title='bbox 1984 2287 2295 2344; x_wconf 88' lang='lat' dir='ltr'><strong>argumenta</strong></span> <span class='ocrx_word' id='word_1_484' title='bbox 2324 2279 2537 2334; x_wconf 88' lang='lat' dir='ltr'><strong>demmn</strong></span> <span class='ocrx_word' id='word_1_485' title='bbox 2581 2300 2728 2339; x_wconf 89' lang='lat' dir='ltr'><strong>num.</strong></span> <span class='ocrx_word' id='word_1_486' title='bbox 2765 2288 2799 2342; x_wconf 91' lang='lat'><strong>9</strong></span> <span class='ocrx_word' id='word_1_487' title='bbox 2828 2289 3110 2347; x_wconf 75' lang='lat' dir='ltr'><strong>lizureticos</strong></span> <span class='ocrx_word' id='word_1_488' title='bbox 3139 2292 3252 2350; x_wconf 70' lang='lat' dir='ltr'><strong>hasc</strong></span> <span class='ocrx_word' id='word_1_489' title='bbox 3280 2296 3419 2367; x_wconf 89' lang='lat' dir='ltr'><strong>obji-</strong></span> 
     </span>
    </p>
   </div>
   <div class='ocr_carea' id='block_1_66' title="bbox 1830 2362 3417 2441">
    <p class='ocr_par' dir='ltr' id='par_1_66' title="bbox 1830 2362 3417 2441">
     <span class='ocr_line' id='line_1_66' title="bbox 1830 2362 3417 2441; baseline 0.016 -26"><span class='ocrx_word' id='word_1_490' title='bbox 1830 2362 2034 2418; x_wconf 87' lang='lat' dir='ltr'><strong>cientes</strong></span> <span class='ocrx_word' id='word_1_491' title='bbox 2083 2366 2282 2423; x_wconf 91' lang='lat' dir='ltr'><strong>inducit</strong></span> <span class='ocrx_word' id='word_1_492' title='bbox 2321 2389 2333 2425; x_wconf 93' lang='lat'>:</span> <span class='ocrx_word' id='word_1_493' title='bbox 2376 2371 2456 2425; x_wconf 87' lang='lat' dir='ltr'><strong>Tu</strong></span> <span class='ocrx_word' id='word_1_494' title='bbox 2505 2389 2623 2428; x_wconf 88' lang='lat' dir='ltr'><strong>vero</strong></span> <span class='ocrx_word' id='word_1_495' title='bbox 2668 2395 2769 2431; x_wconf 90' lang='lat' dir='ltr'><strong>non</strong></span> <span class='ocrx_word' id='word_1_496' title='bbox 2827 2391 2969 2436; x_wconf 80' lang='lat' dir='ltr'><strong>retas</strong></span> <span class='ocrx_word' id='word_1_497' title='bbox 3020 2385 3417 2441; x_wconf 84' lang='lat' dir='ltr'><strong>matrimonium.</strong></span> 
     </span>
    </p>
   </div>
   <div class='ocr_carea' id='block_1_67' title="bbox 1829 2455 3417 2547">
    <p class='ocr_par' dir='ltr' id='par_1_67' title="bbox 1829 2455 3417 2547">
     <span class='ocr_line' id='line_1_67' title="bbox 1829 2455 3417 2547; baseline 0.017 -39"><span class='ocrx_word' id='word_1_498' title='bbox 1829 2455 2003 2527; x_wconf 81' lang='lat' dir='ltr'><strong>Apage</strong></span> <span class='ocrx_word' id='word_1_499' title='bbox 2028 2458 2347 2528; x_wconf 87' lang='lat' dir='ltr'><strong>(respondet</strong></span> <span class='ocrx_word' id='word_1_500' title='bbox 2374 2464 2603 2539; x_wconf 87' lang='lat' dir='ltr'><strong>Paulus)</strong></span> <span class='ocrx_word' id='word_1_501' title='bbox 2628 2480 2682 2523; x_wconf 89' lang='lat' dir='ltr'><strong>ut</strong></span> <span class='ocrx_word' id='word_1_502' title='bbox 2706 2481 2865 2526; x_wconf 90' lang='lat' dir='ltr'><strong>tecum</strong></span> <span class='ocrx_word' id='word_1_503' title='bbox 2888 2491 3027 2547; x_wconf 79' lang='lat' dir='ltr'><strong>teque</strong></span> <span class='ocrx_word' id='word_1_504' title='bbox 3050 2478 3323 2535; x_wconf 87' lang='lat' dir='ltr'><strong>insaniam.</strong></span> <span class='ocrx_word' id='word_1_505' title='bbox 3351 2481 3417 2535; x_wconf 81' lang='lat' dir='ltr'><strong>Et</strong></span> 
     </span>
    </p>
   </div>
   <div class='ocr_carea' id='block_1_68' title="bbox 1828 2550 3417 2629">
    <p class='ocr_par' dir='ltr' id='par_1_68' title="bbox 1828 2550 3417 2629">
     <span class='ocr_line' id='line_1_68' title="bbox 1828 2550 3417 2629; baseline 0.018 -28"><span class='ocrx_word' id='word_1_506' title='bbox 1828 2564 1920 2602; x_wconf 88' lang='lat' dir='ltr'><strong>cur</strong></span> <span class='ocrx_word' id='word_1_507' title='bbox 1946 2550 2136 2621; x_wconf 85' lang='lat' dir='ltr'><strong>(inquit</strong></span> <span class='ocrx_word' id='word_1_508' title='bbox 2162 2553 2712 2629; x_wconf 64' lang='lat' dir='ltr'><strong>hmreticusjhortaris</strong></span> <span class='ocrx_word' id='word_1_509' title='bbox 2754 2568 3131 2623; x_wconf 77' lang='lat' dir='ltr'><strong>matrimonium</strong></span> <span class='ocrx_word' id='word_1_510' title='bbox 3167 2589 3267 2626; x_wconf 86' lang='lat' dir='ltr'><strong>non</strong></span> <span class='ocrx_word' id='word_1_511' title='bbox 3297 2591 3417 2628; x_wconf 88' lang='lat' dir='ltr'><strong>con-</strong></span> 
     </span>
    </p>
   </div>
   <div class='ocr_carea' id='block_1_69' title="bbox 1829 2642 3415 2733">
    <p class='ocr_par' dir='ltr' id='par_1_69' title="bbox 1829 2642 3415 2733">
     <span class='ocr_line' id='line_1_69' title="bbox 1829 2642 3415 2733; baseline 0.018 -41"><span class='ocrx_word' id='word_1_512' title='bbox 1829 2642 2066 2697; x_wconf 85' lang='lat' dir='ltr'><strong>trahere?</strong></span> <span class='ocrx_word' id='word_1_513' title='bbox 2086 2645 2233 2711; x_wconf 89' lang='lat' dir='ltr'><strong>Quod</strong></span> <span class='ocrx_word' id='word_1_514' title='bbox 2257 2648 2591 2719; x_wconf 83' lang='lat' dir='ltr'><strong>virginitatem</strong></span> <span class='ocrx_word' id='word_1_515' title='bbox 2610 2654 2839 2724; x_wconf 91' lang='lat' dir='ltr'><strong>(reponit</strong></span> <span class='ocrx_word' id='word_1_516' title='bbox 2868 2659 3082 2733; x_wconf 84' lang='lat' dir='ltr'><strong>Paulus)</strong></span> <span class='ocrx_word' id='word_1_517' title='bbox 3096 2665 3415 2720; x_wconf 88' lang='lat' dir='ltr'><strong>matrimonio</strong></span> 
     </span>
    </p>
   </div>
   <div class='ocr_carea' id='block_1_70' title="bbox 1827 2731 3410 2827">
    <p class='ocr_par' dir='ltr' id='par_1_70' title="bbox 1827 2731 3410 2827">
     <span class='ocr_line' id='line_1_70' title="bbox 1827 2731 3410 2827; baseline 0.017 -43"><span class='ocrx_word' id='word_1_518' title='bbox 1827 2731 1975 2803; x_wconf 85' lang='lat' dir='ltr'><strong>longe</strong></span> <span class='ocrx_word' id='word_1_519' title='bbox 2001 2739 2400 2805; x_wconf 80' lang='lat' dir='ltr'><strong>prtestantiorem</strong></span> <span class='ocrx_word' id='word_1_520' title='bbox 2437 2744 2665 2798; x_wconf 89' lang='lat' dir='ltr'><strong>sentiam.</strong></span> <span class='ocrx_word' id='word_1_521' title='bbox 2694 2745 2790 2801; x_wconf 87' lang='lat' dir='ltr'><strong>llic</strong></span> <span class='ocrx_word' id='word_1_522' title='bbox 2829 2759 2976 2804; x_wconf 91' lang='lat' dir='ltr'><strong>certe</strong></span> <span class='ocrx_word' id='word_1_523' title='bbox 3004 2731 3225 2807; x_wconf 83' lang='lat' dir='ltr'><strong>Paulum</strong></span> <span class='ocrx_word' id='word_1_524' title='bbox 3265 2756 3410 2827; x_wconf 89' lang='lat' dir='ltr'><strong>loqui</strong></span> 
     </span>
    </p>
   </div>
   <div class='ocr_carea' id='block_1_71' title="bbox 1830 2824 3411 2914">
    <p class='ocr_par' dir='ltr' id='par_1_71' title="bbox 1830 2824 3411 2914">
     <span class='ocr_line' id='line_1_71' title="bbox 1830 2824 3411 2914; baseline 0.016 -39"><span class='ocrx_word' id='word_1_525' title='bbox 1830 2824 2168 2883; x_wconf 78' lang='lat' dir='ltr'><strong>manifestum</strong></span> <span class='ocrx_word' id='word_1_526' title='bbox 2207 2830 2451 2886; x_wconf 88' lang='lat' dir='ltr'><strong>videtur:</strong></span> <span class='ocrx_word' id='word_1_527' title='bbox 2484 2849 2606 2891; x_wconf 90' lang='lat' dir='ltr'><strong>nam</strong></span> <span class='ocrx_word' id='word_1_528' title='bbox 2657 2837 2748 2892; x_wconf 87' lang='lat' dir='ltr'><strong>ille</strong></span> <span class='ocrx_word' id='word_1_529' title='bbox 2793 2849 2874 2893; x_wconf 91' lang='lat' dir='ltr'><strong>est</strong></span> <span class='ocrx_word' id='word_1_530' title='bbox 2917 2843 3003 2909; x_wconf 87' lang='lat' dir='ltr'><strong>qui</strong></span> <span class='ocrx_word' id='word_1_531' title='bbox 3052 2847 3296 2914; x_wconf 89' lang='lat' dir='ltr'><strong>superius</strong></span> <span class='ocrx_word' id='word_1_532' title='bbox 3336 2824 3411 2901; x_wconf 75' lang='lat' dir='ltr'><strong>ad</strong></span> 
     </span>
    </p>
   </div>
   <div class='ocr_carea' id='block_1_72' title="bbox 1823 2917 3409 2993">
    <p class='ocr_par' dir='ltr' id='par_1_72' title="bbox 1823 2917 3409 2993">
     <span class='ocr_line' id='line_1_72' title="bbox 1823 2917 3409 2993; baseline 0.016 -25"><span class='ocrx_word' id='word_1_533' title='bbox 1823 2917 2178 2987; x_wconf 81' lang='lat' dir='ltr'><strong>virginitatem</strong></span> <span class='ocrx_word' id='word_1_534' title='bbox 2221 2922 2509 2979; x_wconf 90' lang='lat' dir='ltr'><strong>cohortans</strong></span> <span class='ocrx_word' id='word_1_535' title='bbox 2561 2928 2827 2985; x_wconf 86' lang='lat' dir='ltr'><strong>inducitur</strong></span> <span class='ocrx_word' id='word_1_536' title='bbox 2872 2932 2957 2987; x_wconf 92' lang='lat' dir='ltr'><strong>his</strong></span> <span class='ocrx_word' id='word_1_537' title='bbox 3007 2936 3233 2991; x_wconf 85' lang='lat' dir='ltr'><strong>verbis:</strong></span> <span class='ocrx_word' id='word_1_538' title='bbox 3284 2938 3409 2993; x_wconf 81' lang='lat' dir='ltr'><strong>Volo</strong></span> 
     </span>
    </p>
   </div>
   <div class='ocr_carea' id='block_1_73' title="bbox 1820 3011 3411 3095">
    <p class='ocr_par' dir='ltr' id='par_1_73' title="bbox 1820 3011 3411 3095">
     <span class='ocr_line' id='line_1_73' title="bbox 1820 3011 3411 3095; baseline 0.014 -33"><span class='ocrx_word' id='word_1_539' title='bbox 1820 3025 1990 3063; x_wconf 89' lang='lat' dir='ltr'><strong>omnes</strong></span> <span class='ocrx_word' id='word_1_540' title='bbox 2033 3011 2258 3067; x_wconf 81' lang='lat' dir='ltr'><strong>homines</strong></span> <span class='ocrx_word' id='word_1_541' title='bbox 2286 3032 2390 3069; x_wconf 83' lang='lat' dir='ltr'><strong>esse</strong></span> <span class='ocrx_word' id='word_1_542' title='bbox 2409 3058 2424 3081; x_wconf 92' lang='lat'><strong>,</strong></span> <span class='ocrx_word' id='word_1_543' title='bbox 2457 3030 2512 3069; x_wconf 85' lang='lat' dir='ltr'><strong>ut</strong></span> <span class='ocrx_word' id='word_1_544' title='bbox 2542 3034 2630 3090; x_wconf 87' lang='lat' dir='ltr'><strong>ego</strong></span> <span class='ocrx_word' id='word_1_545' title='bbox 2659 3037 2772 3074; x_wconf 89' lang='lat' dir='ltr'><strong>sum</strong></span> <span class='ocrx_word' id='word_1_546' title='bbox 2793 3064 2807 3088; x_wconf 90' lang='lat'><strong>,</strong></span> <span class='ocrx_word' id='word_1_547' title='bbox 2840 3025 3145 3081; x_wconf 86' lang='lat' dir='ltr'><strong>continentes</strong></span> <span class='ocrx_word' id='word_1_548' title='bbox 3168 3045 3188 3092; x_wconf 90' lang='lat'><em>;</em></span> <span class='ocrx_word' id='word_1_549' title='bbox 3215 3038 3268 3084; x_wconf 91' lang='lat' dir='ltr'><strong>et</strong></span> <span class='ocrx_word' id='word_1_550' title='bbox 3286 3070 3300 3095; x_wconf 96' lang='lat'><strong>,</strong></span> <span class='ocrx_word' id='word_1_551' title='bbox 3332 3030 3411 3085; x_wconf 87' lang='lat' dir='ltr'><strong>De</strong></span> 
     </span>
    </p>
   </div>
   <div class='ocr_carea' id='block_1_74' title="bbox 1822 3100 3411 3182">
    <p class='ocr_par' dir='ltr' id='par_1_74' title="bbox 1822 3100 3411 3182">
     <span class='ocr_line' id='line_1_74' title="bbox 1822 3100 3411 3182; baseline 0.016 -31"><span class='ocrx_word' id='word_1_552' title='bbox 1822 3101 2092 3169; x_wconf 79' lang='lat' dir='ltr'><strong>virginibus</strong></span> <span class='ocrx_word' id='word_1_553' title='bbox 2117 3115 2424 3175; x_wconf 67' lang='lat' dir='ltr'><strong>praeceptum</strong></span> <span class='ocrx_word' id='word_1_554' title='bbox 2455 3106 2660 3163; x_wconf 88' lang='lat' dir='ltr'><strong>Domini</strong></span> <span class='ocrx_word' id='word_1_555' title='bbox 2691 3129 2790 3166; x_wconf 90' lang='lat' dir='ltr'><strong>non</strong></span> <span class='ocrx_word' id='word_1_556' title='bbox 2818 3100 2995 3182; x_wconf 66' lang='lat' dir='ltr'><strong>ltabei),</strong></span> <span class='ocrx_word' id='word_1_557' title='bbox 3024 3120 3290 3174; x_wconf 87' lang='lat' dir='ltr'><strong>consilium</strong></span> <span class='ocrx_word' id='word_1_558' title='bbox 3313 3139 3411 3174; x_wconf 85' lang='lat' dir='ltr'><strong>au-</strong></span> 
     </span>
    </p>
   </div>
   <div class='ocr_carea' id='block_1_75' title="bbox 1820 3194 3406 3283">
    <p class='ocr_par' dir='ltr' id='par_1_75' title="bbox 1820 3194 3406 3283">
     <span class='ocr_line' id='line_1_75' title="bbox 1820 3194 3406 3283; baseline 0.014 -38"><span class='ocrx_word' id='word_1_559' title='bbox 1820 3202 1918 3246; x_wconf 88' lang='lat' dir='ltr'><strong>tem</strong></span> <span class='ocrx_word' id='word_1_560' title='bbox 1956 3194 2042 3248; x_wconf 86' lang='lat' dir='ltr'><strong>do.</strong></span> <span class='ocrx_word' id='word_1_561' title='bbox 2077 3195 2279 3253; x_wconf 89' lang='lat' dir='ltr'><strong>Deinde</strong></span> <span class='ocrx_word' id='word_1_562' title='bbox 2323 3215 2449 3254; x_wconf 88' lang='lat' dir='ltr'><strong>vero</strong></span> <span class='ocrx_word' id='word_1_563' title='bbox 2495 3212 2775 3273; x_wconf 85' lang='lat' dir='ltr'><strong>postquam</strong></span> <span class='ocrx_word' id='word_1_564' title='bbox 2828 3206 3098 3265; x_wconf 74' lang='lat' dir='ltr'><strong>haereticis</strong></span> <span class='ocrx_word' id='word_1_565' title='bbox 3145 3223 3202 3265; x_wconf 86' lang='lat' dir='ltr'><strong>ut</strong></span> <span class='ocrx_word' id='word_1_566' title='bbox 3247 3227 3406 3283; x_wconf 78' lang='lat' dir='ltr'><strong>supra</strong></span> 
     </span>
    </p>
   </div>
   <div class='ocr_carea' id='block_1_76' title="bbox 1820 3285 3404 3363">
    <p class='ocr_par' dir='ltr' id='par_1_76' title="bbox 1820 3285 3404 3363">
     <span class='ocr_line' id='line_1_76' title="bbox 1820 3285 3404 3363; baseline 0.011 -22"><span class='ocrx_word' id='word_1_567' title='bbox 1820 3285 2197 3354; x_wconf 85' lang='lat' dir='ltr'><strong>responderat,</strong></span> <span class='ocrx_word' id='word_1_568' title='bbox 2232 3291 2412 3358; x_wconf 87' lang='lat' dir='ltr'><strong>paucis</strong></span> <span class='ocrx_word' id='word_1_569' title='bbox 2442 3292 2769 3363; x_wconf 88' lang='lat' dir='ltr'><strong>interpositis</strong></span> <span class='ocrx_word' id='word_1_570' title='bbox 2814 3314 2915 3353; x_wconf 85' lang='lat' dir='ltr'><strong>una</strong></span> <span class='ocrx_word' id='word_1_571' title='bbox 2954 3301 3094 3355; x_wconf 89' lang='lat' dir='ltr'><strong>serie</strong></span> <span class='ocrx_word' id='word_1_572' title='bbox 3138 3305 3404 3358; x_wconf 89' lang='lat' dir='ltr'><strong>resumit:</strong></span> 
     </span>
    </p>
   </div>
   <div class='ocr_carea' id='block_1_77' title="bbox 1818 3375 3402 3464">
    <p class='ocr_par' dir='ltr' id='par_1_77' title="bbox 1818 3375 3402 3464">
     <span class='ocr_line' id='line_1_77' title="bbox 1818 3375 3402 3464; baseline 0.013 -36"><span class='ocrx_word' id='word_1_573' title='bbox 1818 3375 1898 3428; x_wconf 79' lang='lat' dir='ltr'><strong>Ad</strong></span> <span class='ocrx_word' id='word_1_574' title='bbox 1940 3377 2047 3431; x_wconf 77' lang='lat' dir='ltr'><strong>[uec</strong></span> <span class='ocrx_word' id='word_1_575' title='bbox 2083 3379 2169 3447; x_wconf 89' lang='lat' dir='ltr'><strong>qui</strong></span> <span class='ocrx_word' id='word_1_576' title='bbox 2204 3384 2459 3447; x_wconf 88' lang='lat' dir='ltr'><strong>cohortor,</strong></span> <span class='ocrx_word' id='word_1_577' title='bbox 2490 3401 2591 3437; x_wconf 90' lang='lat' dir='ltr'><strong>rem</strong></span> <span class='ocrx_word' id='word_1_578' title='bbox 2627 3385 2706 3457; x_wconf 91' lang='lat' dir='ltr'><strong>(i.</strong></span> <span class='ocrx_word' id='word_1_579' title='bbox 2741 3403 2792 3442; x_wconf 88' lang='lat' dir='ltr'><strong>e.</strong></span> <span class='ocrx_word' id='word_1_580' title='bbox 2827 3392 3265 3464; x_wconf 85' lang='lat' dir='ltr'><strong>matrimonium)</strong></span> <span class='ocrx_word' id='word_1_581' title='bbox 3300 3412 3402 3448; x_wconf 81' lang='lat' dir='ltr'><strong>non</strong></span> 
     </span>
    </p>
   </div>
   <div class='ocr_carea' id='block_1_78' title="bbox 1816 3460 3401 3537">
    <p class='ocr_par' dir='ltr' id='par_1_78' title="bbox 1816 3460 3401 3537">
     <span class='ocr_line' id='line_1_78' title="bbox 1816 3460 3401 3537; baseline 0.01 -25"><span class='ocrx_word' id='word_1_582' title='bbox 1816 3460 2080 3531; x_wconf 84' lang='lat' dir='ltr'><strong>improbo;</strong></span> <span class='ocrx_word' id='word_1_583' title='bbox 2107 3479 2195 3515; x_wconf 88' lang='lat' dir='ltr'><strong>nec</strong></span> <span class='ocrx_word' id='word_1_584' title='bbox 2238 3463 2324 3535; x_wconf 87' lang='lat' dir='ltr'><strong>qui</strong></span> <span class='ocrx_word' id='word_1_585' title='bbox 2362 3478 2414 3518; x_wconf 91' lang='lat' dir='ltr'><strong>se</strong></span> <span class='ocrx_word' id='word_1_586' title='bbox 2440 3466 2609 3520; x_wconf 82' lang='lat' dir='ltr'><strong>induci</strong></span> <span class='ocrx_word' id='word_1_587' title='bbox 2644 3483 2745 3521; x_wconf 92' lang='lat' dir='ltr'><strong>non</strong></span> <span class='ocrx_word' id='word_1_588' title='bbox 2782 3470 3065 3537; x_wconf 87' lang='lat' dir='ltr'><strong>patiantur,</strong></span> <span class='ocrx_word' id='word_1_589' title='bbox 3104 3460 3401 3531; x_wconf 60' lang='lat' dir='ltr'><strong>accuso&quot;...</strong></span> 
     </span>
    </p>
   </div>
   <div class='ocr_carea' id='block_1_79' title="bbox 1817 3551 3402 3632">
    <p class='ocr_par' dir='ltr' id='par_1_79' title="bbox 1817 3551 3402 3632">
     <span class='ocr_line' id='line_1_79' title="bbox 1817 3551 3402 3632; baseline 0.009 -28"><span class='ocrx_word' id='word_1_590' title='bbox 1817 3551 2084 3617; x_wconf 86' lang='lat' dir='ltr'><strong>Quomodo</strong></span> <span class='ocrx_word' id='word_1_591' title='bbox 2109 3554 2263 3625; x_wconf 87' lang='lat' dir='ltr'><strong>igitur</strong></span> <span class='ocrx_word' id='word_1_592' title='bbox 2291 3557 2583 3625; x_wconf 85' lang='lat' dir='ltr'><strong>conjugium</strong></span> <span class='ocrx_word' id='word_1_593' title='bbox 2605 3567 2731 3624; x_wconf 87' lang='lat' dir='ltr'><strong>veto,</strong></span> <span class='ocrx_word' id='word_1_594' title='bbox 2758 3560 2844 3629; x_wconf 86' lang='lat' dir='ltr'><strong>qui</strong></span> <span class='ocrx_word' id='word_1_595' title='bbox 2864 3562 3099 3632; x_wconf 84' lang='lat' dir='ltr'><strong>conjuges</strong></span> <span class='ocrx_word' id='word_1_596' title='bbox 3126 3580 3225 3617; x_wconf 88' lang='lat' dir='ltr'><strong>non</strong></span> <span class='ocrx_word' id='word_1_597' title='bbox 3253 3581 3402 3619; x_wconf 88' lang='lat' dir='ltr'><strong>accu-</strong></span> 
     </span>
    </p>
   </div>
   <div class='ocr_carea' id='block_1_80' title="bbox 1812 3644 3403 3716">
    <p class='ocr_par' dir='ltr' id='par_1_80' title="bbox 1812 3644 3403 3716">
     <span class='ocr_line' id='line_1_80' title="bbox 1812 3644 3403 3716; baseline 0.009 -19"><span class='ocrx_word' id='word_1_598' title='bbox 1812 3645 1959 3698; x_wconf 84' lang='lat' dir='ltr'><strong>sem?</strong></span> <span class='ocrx_word' id='word_1_599' title='bbox 1981 3644 2175 3714; x_wconf 86' lang='lat' dir='ltr'><strong>Stupra</strong></span> <span class='ocrx_word' id='word_1_600' title='bbox 2205 3657 2311 3700; x_wconf 77' lang='lat' dir='ltr'><strong>veto</strong></span> <span class='ocrx_word' id='word_1_601' title='bbox 2340 3658 2386 3701; x_wconf 89' lang='lat' dir='ltr'><strong>et</strong></span> <span class='ocrx_word' id='word_1_602' title='bbox 2411 3648 2680 3716; x_wconf 85' lang='lat' dir='ltr'><strong>adulteria,</strong></span> <span class='ocrx_word' id='word_1_603' title='bbox 2705 3653 3084 3707; x_wconf 88' lang='lat' dir='ltr'><strong>matrimonium</strong></span> <span class='ocrx_word' id='word_1_604' title='bbox 3106 3672 3207 3710; x_wconf 90' lang='lat' dir='ltr'><strong>non</strong></span> <span class='ocrx_word' id='word_1_605' title='bbox 3239 3657 3355 3712; x_wconf 88' lang='lat' dir='ltr'><strong>item</strong></span> <span class='ocrx_word' id='word_1_606' title='bbox 3387 3676 3403 3712; x_wconf 94' lang='lat'><em>:</em></span> 
     </span>
    </p>
   </div>
   <div class='ocr_carea' id='block_1_81' title="bbox 1812 3734 3405 3819">
    <p class='ocr_par' dir='ltr' id='par_1_81' title="bbox 1812 3734 3405 3819">
     <span class='ocr_line' id='line_1_81' title="bbox 1812 3734 3405 3819; baseline 0.011 -32"><span class='ocrx_word' id='word_1_607' title='bbox 1812 3745 1858 3788; x_wconf 90' lang='lat' dir='ltr'><strong>et</strong></span> <span class='ocrx_word' id='word_1_608' title='bbox 1888 3734 1979 3788; x_wconf 83' lang='lat' dir='ltr'><strong>illa</strong></span> <span class='ocrx_word' id='word_1_609' title='bbox 2018 3738 2258 3792; x_wconf 85' lang='lat' dir='ltr'><strong>audentes</strong></span> <span class='ocrx_word' id='word_1_610' title='bbox 2289 3742 2513 3809; x_wconf 86' lang='lat' dir='ltr'><strong>castigo,</strong></span> <span class='ocrx_word' id='word_1_611' title='bbox 2545 3753 2694 3811; x_wconf 89' lang='lat' dir='ltr'><strong>atque</strong></span> <span class='ocrx_word' id='word_1_612' title='bbox 2733 3744 2796 3797; x_wconf 89' lang='lat' dir='ltr'><strong>ab</strong></span> <span class='ocrx_word' id='word_1_613' title='bbox 2835 3743 3080 3801; x_wconf 70' lang='lat' dir='ltr'><strong>Ecclesiae</strong></span> <span class='ocrx_word' id='word_1_614' title='bbox 3116 3759 3242 3802; x_wconf 78' lang='lat' dir='ltr'><strong>co:tu</strong></span> <span class='ocrx_word' id='word_1_615' title='bbox 3283 3768 3405 3819; x_wconf 85' lang='lat' dir='ltr'><strong>pro-</strong></span> 
     </span>
    </p>
   </div>
   <div class='ocr_carea' id='block_1_82' title="bbox 1810 3828 3403 3912">
    <p class='ocr_par' dir='ltr' id='par_1_82' title="bbox 1810 3828 3403 3912">
     <span class='ocr_line' id='line_1_82' title="bbox 1810 3828 3403 3912; baseline 0.01 -33"><span class='ocrx_word' id='word_1_616' title='bbox 1810 3828 1992 3881; x_wconf 87' lang='lat' dir='ltr'><strong>scribo.</strong></span> <span class='ocrx_word' id='word_1_617' title='bbox 2016 3828 2142 3883; x_wconf 67' lang='lat' dir='ltr'><strong>Htec</strong></span> <span class='ocrx_word' id='word_1_618' title='bbox 2168 3844 2297 3885; x_wconf 87' lang='lat' dir='ltr'><strong>sane</strong></span> <span class='ocrx_word' id='word_1_619' title='bbox 2323 3831 2462 3885; x_wconf 89' lang='lat' dir='ltr'><strong>dicta</strong></span> <span class='ocrx_word' id='word_1_620' title='bbox 2495 3833 2641 3886; x_wconf 84' lang='lat' dir='ltr'><strong>Pauli</strong></span> <span class='ocrx_word' id='word_1_621' title='bbox 2670 3844 2812 3900; x_wconf 89' lang='lat' dir='ltr'><strong>sunt,</strong></span> <span class='ocrx_word' id='word_1_622' title='bbox 2842 3851 2935 3891; x_wconf 87' lang='lat' dir='ltr'><strong>seu</strong></span> <span class='ocrx_word' id='word_1_623' title='bbox 2968 3839 3142 3907; x_wconf 90' lang='lat' dir='ltr'><strong>potius</strong></span> <span class='ocrx_word' id='word_1_624' title='bbox 3165 3840 3403 3912; x_wconf 84' lang='lat' dir='ltr'><strong>Chryso-</strong></span> 
     </span>
    </p>
   </div>
   <div class='ocr_carea' id='block_1_83' title="bbox 1813 3918 3398 4001">
    <p class='ocr_par' dir='ltr' id='par_1_83' title="bbox 1813 3918 3398 4001">
     <span class='ocr_line' id='line_1_83' title="bbox 1813 3918 3398 4001; baseline 0.009 -28"><span class='ocrx_word' id='word_1_625' title='bbox 1813 3918 1971 3973; x_wconf 88' lang='lat' dir='ltr'><strong>stomi</strong></span> <span class='ocrx_word' id='word_1_626' title='bbox 2019 3920 2241 3974; x_wconf 87' lang='lat' dir='ltr'><strong>Paulum</strong></span> <span class='ocrx_word' id='word_1_627' title='bbox 2285 3922 2588 3991; x_wconf 87' lang='lat' dir='ltr'><strong>loquentem</strong></span> <span class='ocrx_word' id='word_1_628' title='bbox 2622 3925 2919 3981; x_wconf 89' lang='lat' dir='ltr'><strong>inducentis</strong></span> <span class='ocrx_word' id='word_1_629' title='bbox 2947 3947 2958 3980; x_wconf 91' lang='lat'><strong>:</strong></span> <span class='ocrx_word' id='word_1_630' title='bbox 2988 3930 3077 3999; x_wconf 90' lang='lat' dir='ltr'><strong>qui</strong></span> <span class='ocrx_word' id='word_1_631' title='bbox 3108 3940 3295 4001; x_wconf 85' lang='lat' dir='ltr'><strong>tropus</strong></span> <span class='ocrx_word' id='word_1_632' title='bbox 3327 3932 3398 3987; x_wconf 86' lang='lat' dir='ltr'><strong>ita</strong></span> 
     </span>
    </p>
   </div>
   <div class='ocr_carea' id='block_1_84' title="bbox 1809 4010 3394 4092">
    <p class='ocr_par' dir='ltr' id='par_1_84' title="bbox 1809 4010 3394 4092">
     <span class='ocr_line' id='line_1_84' title="bbox 1809 4010 3394 4092; baseline 0.009 -26"><span class='ocrx_word' id='word_1_633' title='bbox 1809 4010 2194 4085; x_wconf 84' lang='lat' dir='ltr'><strong>Chrysostomo</strong></span> <span class='ocrx_word' id='word_1_634' title='bbox 2224 4016 2497 4071; x_wconf 80' lang='lat' dir='ltr'><strong>familiaris</strong></span> <span class='ocrx_word' id='word_1_635' title='bbox 2523 4027 2639 4082; x_wconf 88' lang='lat' dir='ltr'><strong>est,</strong></span> <span class='ocrx_word' id='word_1_636' title='bbox 2664 4020 2803 4089; x_wconf 88' lang='lat' dir='ltr'><strong>quod</strong></span> <span class='ocrx_word' id='word_1_637' title='bbox 2827 4019 2935 4090; x_wconf 86' lang='lat' dir='ltr'><strong>jam</strong></span> <span class='ocrx_word' id='word_1_638' title='bbox 2966 4036 3107 4092; x_wconf 52' lang='lat' dir='ltr'><strong>savpe</strong></span> <span class='ocrx_word' id='word_1_639' title='bbox 3132 4024 3394 4089; x_wconf 87' lang='lat' dir='ltr'><strong>vidimus,</strong></span> 
     </span>
    </p>
   </div>
   <div class='ocr_carea' id='block_1_85' title="bbox 1809 4108 3398 4187">
    <p class='ocr_par' dir='ltr' id='par_1_85' title="bbox 1809 4108 3398 4187">
     <span class='ocr_line' id='line_1_85' title="bbox 1809 4108 3398 4187; baseline 0.008 -26"><span class='ocrx_word' id='word_1_640' title='bbox 1809 4109 1980 4177; x_wconf 87' lang='lat' dir='ltr'><strong>utqui</strong></span> <span class='ocrx_word' id='word_1_641' title='bbox 2029 4108 2155 4163; x_wconf 82' lang='lat' dir='ltr'><strong>velit</strong></span> <span class='ocrx_word' id='word_1_642' title='bbox 2184 4110 2360 4172; x_wconf 86' lang='lat' dir='ltr'><strong>omnia</strong></span> <span class='ocrx_word' id='word_1_643' title='bbox 2392 4127 2510 4179; x_wconf 76' lang='lat' dir='ltr'><strong>qua:</strong></span> <span class='ocrx_word' id='word_1_644' title='bbox 2556 4128 2619 4167; x_wconf 84' lang='lat' dir='ltr'><strong>ex</strong></span> <span class='ocrx_word' id='word_1_645' title='bbox 2667 4113 2892 4169; x_wconf 90' lang='lat' dir='ltr'><strong>aliormn</strong></span> <span class='ocrx_word' id='word_1_646' title='bbox 2941 4131 3165 4184; x_wconf 90' lang='lat' dir='ltr'><strong>persona</strong></span> <span class='ocrx_word' id='word_1_647' title='bbox 3199 4118 3398 4187; x_wconf 84' lang='lat' dir='ltr'><strong>profert</strong></span> 
     </span>
    </p>
   </div>
   <div class='ocr_carea' id='block_1_86' title="bbox 1806 4199 3394 4279">
    <p class='ocr_par' dir='ltr' id='par_1_86' title="bbox 1806 4199 3394 4279">
     <span class='ocr_line' id='line_1_86' title="bbox 1806 4199 3394 4279; baseline 0.006 -25"><span class='ocrx_word' id='word_1_648' title='bbox 1806 4199 2242 4271; x_wconf 83' lang='lat' dir='ltr'><strong>Cbrysostumus,</strong></span> <span class='ocrx_word' id='word_1_649' title='bbox 2272 4203 2424 4272; x_wconf 88' lang='lat' dir='ltr'><strong>quasi</strong></span> <span class='ocrx_word' id='word_1_650' title='bbox 2454 4203 2618 4272; x_wconf 90' lang='lat' dir='ltr'><strong>ipsius</strong></span> <span class='ocrx_word' id='word_1_651' title='bbox 2642 4204 2780 4259; x_wconf 87' lang='lat' dir='ltr'><strong>dicta</strong></span> <span class='ocrx_word' id='word_1_652' title='bbox 2808 4206 2873 4259; x_wconf 89' lang='lat' dir='ltr'><strong>ad</strong></span> <span class='ocrx_word' id='word_1_653' title='bbox 2902 4206 3109 4261; x_wconf 85' lang='lat' dir='ltr'><strong>literam</strong></span> <span class='ocrx_word' id='word_1_654' title='bbox 3130 4211 3394 4279; x_wconf 86' lang='lat' dir='ltr'><strong>accipere,</strong></span> 
     </span>
    </p>
   </div>
   <div class='ocr_carea' id='block_1_87' title="bbox 1807 4294 3395 4369">
    <p class='ocr_par' dir='ltr' id='par_1_87' title="bbox 1807 4294 3395 4369">
     <span class='ocr_line' id='line_1_87' title="bbox 1807 4294 3395 4369; baseline 0.007 -24"><span class='ocrx_word' id='word_1_655' title='bbox 1807 4306 2054 4361; x_wconf 85' lang='lat' dir='ltr'><strong>magnam</strong></span> <span class='ocrx_word' id='word_1_656' title='bbox 2101 4295 2259 4347; x_wconf 91' lang='lat' dir='ltr'><strong>rebus</strong></span> <span class='ocrx_word' id='word_1_657' title='bbox 2303 4294 2369 4347; x_wconf 90' lang='lat' dir='ltr'><strong>ad</strong></span> <span class='ocrx_word' id='word_1_658' title='bbox 2414 4304 2654 4349; x_wconf 89' lang='lat' dir='ltr'><strong>sanctum</strong></span> <span class='ocrx_word' id='word_1_659' title='bbox 2706 4296 2978 4351; x_wconf 88' lang='lat' dir='ltr'><strong>doctorem</strong></span> <span class='ocrx_word' id='word_1_660' title='bbox 3030 4302 3395 4369; x_wconf 87' lang='lat' dir='ltr'><strong>spectantibus</strong></span> 
     </span>
    </p>
   </div>
   <div class='ocr_carea' id='block_1_88' title="bbox 1805 4383 2690 4454">
    <p class='ocr_par' dir='ltr' id='par_1_88' title="bbox 1805 4383 2690 4454">
     <span class='ocr_line' id='line_1_88' title="bbox 1805 4383 2690 4454; baseline 0.006 -17"><span class='ocrx_word' id='word_1_661' title='bbox 1805 4383 2084 4454; x_wconf 84' lang='lat' dir='ltr'><strong>caliginem</strong></span> <span class='ocrx_word' id='word_1_662' title='bbox 2114 4384 2329 4439; x_wconf 89' lang='lat' dir='ltr'><strong>inducat</strong></span> <span class='ocrx_word' id='word_1_663' title='bbox 2359 4402 2577 4441; x_wconf 89' lang='lat' dir='ltr'><strong>necesse</strong></span> <span class='ocrx_word' id='word_1_664' title='bbox 2602 4389 2690 4442; x_wconf 88' lang='lat' dir='ltr'><strong>sit.</strong></span> 
     </span>
    </p>
   </div>
   <div class='ocr_carea' id='block_1_89' title="bbox 1880 4475 3390 4556">
    <p class='ocr_par' dir='ltr' id='par_1_89' title="bbox 1880 4475 3390 4556">
     <span class='ocr_line' id='line_1_89' title="bbox 1880 4475 3390 4556; baseline 0.007 -28"><span class='ocrx_word' id='word_1_665' title='bbox 1880 4475 2060 4545; x_wconf 88' lang='lat' dir='ltr'><strong>Itaque</strong></span> <span class='ocrx_word' id='word_1_666' title='bbox 2094 4476 2235 4530; x_wconf 90' lang='lat' dir='ltr'><strong>hunc</strong></span> <span class='ocrx_word' id='word_1_667' title='bbox 2258 4476 2330 4532; x_wconf 90' lang='lat' dir='ltr'><strong>de</strong></span> <span class='ocrx_word' id='word_1_668' title='bbox 2358 4476 2673 4547; x_wconf 75' lang='lat' dir='ltr'><strong>Virginitate</strong></span> <span class='ocrx_word' id='word_1_669' title='bbox 2703 4480 2896 4536; x_wconf 89' lang='lat' dir='ltr'><strong>librum</strong></span> <span class='ocrx_word' id='word_1_670' title='bbox 2943 4484 3185 4539; x_wconf 87' lang='lat' dir='ltr'><strong>emisisse</strong></span> <span class='ocrx_word' id='word_1_671' title='bbox 3214 4484 3390 4556; x_wconf 82' lang='lat' dir='ltr'><strong>Chry-</strong></span> 
     </span>
    </p>
   </div>
   <div class='ocr_carea' id='block_1_90' title="bbox 1805 4569 3394 4645">
    <p class='ocr_par' dir='ltr' id='par_1_90' title="bbox 1805 4569 3394 4645">
     <span class='ocr_line' id='line_1_90' title="bbox 1805 4569 3394 4645; baseline 0.006 -25"><span class='ocrx_word' id='word_1_672' title='bbox 1805 4574 2099 4621; x_wconf 87' lang='lat' dir='ltr'><strong>sostomum</strong></span> <span class='ocrx_word' id='word_1_673' title='bbox 2128 4574 2251 4620; x_wconf 90' lang='lat' dir='ltr'><strong>ante</strong></span> <span class='ocrx_word' id='word_1_674' title='bbox 2278 4582 2434 4635; x_wconf 87' lang='lat' dir='ltr'><strong>quam</strong></span> <span class='ocrx_word' id='word_1_675' title='bbox 2458 4569 2741 4639; x_wconf 89' lang='lat' dir='ltr'><strong>episcopus</strong></span> <span class='ocrx_word' id='word_1_676' title='bbox 2768 4581 2906 4626; x_wconf 90' lang='lat' dir='ltr'><strong>esset</strong></span> <span class='ocrx_word' id='word_1_677' title='bbox 2936 4588 3001 4629; x_wconf 81' lang='lat' dir='ltr'><strong>ex</strong></span> <span class='ocrx_word' id='word_1_678' title='bbox 3043 4574 3207 4643; x_wconf 88' lang='lat' dir='ltr'><strong>ipsius</strong></span> <span class='ocrx_word' id='word_1_679' title='bbox 3233 4590 3394 4645; x_wconf 80' lang='lat' dir='ltr'><strong>supra</strong></span> 
     </span>
    </p>
   </div>
   <div class='ocr_carea' id='block_1_91' title="bbox 1806 4656 3395 4731">
    <p class='ocr_par' dir='ltr' id='par_1_91' title="bbox 1806 4656 3395 4731">
     <span class='ocr_line' id='line_1_91' title="bbox 1806 4656 3395 4731; baseline 0.008 -22"><span class='ocrx_word' id='word_1_680' title='bbox 1806 4656 1970 4711; x_wconf 87' lang='lat' dir='ltr'><strong>allato</strong></span> <span class='ocrx_word' id='word_1_681' title='bbox 1998 4657 2303 4711; x_wconf 90' lang='lat' dir='ltr'><strong>testimonio</strong></span> <span class='ocrx_word' id='word_1_682' title='bbox 2328 4658 2458 4714; x_wconf 89' lang='lat' dir='ltr'><strong>satis</strong></span> <span class='ocrx_word' id='word_1_683' title='bbox 2488 4674 2756 4730; x_wconf 90' lang='lat' dir='ltr'><strong>superque</strong></span> <span class='ocrx_word' id='word_1_684' title='bbox 2792 4663 3066 4731; x_wconf 80' lang='lat' dir='ltr'><strong>probatur.</strong></span> <span class='ocrx_word' id='word_1_685' title='bbox 3091 4664 3227 4720; x_wconf 87' lang='lat' dir='ltr'><strong>Num</strong></span> <span class='ocrx_word' id='word_1_686' title='bbox 3266 4682 3395 4722; x_wconf 91' lang='lat' dir='ltr'><strong>vero</strong></span> 
     </span>
    </p>
   </div>
   <div class='ocr_carea' id='block_1_92' title="bbox 1807 4748 3394 4822">
    <p class='ocr_par' dir='ltr' id='par_1_92' title="bbox 1807 4748 3394 4822">
     <span class='ocr_line' id='line_1_92' title="bbox 1807 4748 3394 4822; baseline 0.008 -22"><span class='ocrx_word' id='word_1_687' title='bbox 1807 4748 2081 4821; x_wconf 85' lang='lat' dir='ltr'><strong>presbyter</strong></span> <span class='ocrx_word' id='word_1_688' title='bbox 2110 4760 2218 4803; x_wconf 92' lang='lat' dir='ltr'><strong>tum</strong></span> <span class='ocrx_word' id='word_1_689' title='bbox 2247 4759 2424 4815; x_wconf 88' lang='lat' dir='ltr'><strong>esset,</strong></span> <span class='ocrx_word' id='word_1_690' title='bbox 2467 4766 2535 4805; x_wconf 88' lang='lat' dir='ltr'><strong>an</strong></span> <span class='ocrx_word' id='word_1_691' title='bbox 2577 4752 2849 4822; x_wconf 90' lang='lat' dir='ltr'><strong>diaconus,</strong></span> <span class='ocrx_word' id='word_1_692' title='bbox 2893 4770 2959 4809; x_wconf 92' lang='lat' dir='ltr'><strong>an</strong></span> <span class='ocrx_word' id='word_1_693' title='bbox 3009 4757 3062 4811; x_wconf 91' lang='lat' dir='ltr'><strong>in</strong></span> <span class='ocrx_word' id='word_1_694' title='bbox 3110 4758 3394 4813; x_wconf 87' lang='lat' dir='ltr'><strong>solitudine</strong></span> 
     </span>
    </p>
   </div>
   <div class='ocr_carea' id='block_1_93' title="bbox 1803 4839 3393 4917">
    <p class='ocr_par' dir='ltr' id='par_1_93' title="bbox 1803 4839 3393 4917">
     <span class='ocr_line' id='line_1_93' title="bbox 1803 4839 3393 4917; baseline 0.008 -25"><span class='ocrx_word' id='word_1_695' title='bbox 1803 4839 2040 4909; x_wconf 84' lang='lat' dir='ltr'><strong>degeret,</strong></span> <span class='ocrx_word' id='word_1_696' title='bbox 2066 4841 2265 4910; x_wconf 87' lang='lat' dir='ltr'><strong>pariter</strong></span> <span class='ocrx_word' id='word_1_697' title='bbox 2287 4842 2545 4896; x_wconf 89' lang='lat' dir='ltr'><strong>incertum</strong></span> <span class='ocrx_word' id='word_1_698' title='bbox 2572 4861 2583 4893; x_wconf 91' lang='lat'><strong>:</strong></span> <span class='ocrx_word' id='word_1_699' title='bbox 2609 4860 2671 4897; x_wconf 87' lang='lat' dir='ltr'><strong>ex</strong></span> <span class='ocrx_word' id='word_1_700' title='bbox 2699 4845 2911 4915; x_wconf 81' lang='lat' dir='ltr'><strong>scriptis</strong></span> <span class='ocrx_word' id='word_1_701' title='bbox 2939 4847 3082 4903; x_wconf 89' lang='lat' dir='ltr'><strong>enim</strong></span> <span class='ocrx_word' id='word_1_702' title='bbox 3113 4849 3228 4917; x_wconf 88' lang='lat' dir='ltr'><strong>ejus</strong></span> <span class='ocrx_word' id='word_1_703' title='bbox 3254 4850 3393 4906; x_wconf 86' lang='lat' dir='ltr'><strong>nihil</strong></span> 
     </span>
    </p>
   </div>
   <div class='ocr_carea' id='block_1_94' title="bbox 1805 4932 3391 5002">
    <p class='ocr_par' dir='ltr' id='par_1_94' title="bbox 1805 4932 3391 5002">
     <span class='ocr_line' id='line_1_94' title="bbox 1805 4932 3391 5002; baseline 0.008 -19"><span class='ocrx_word' id='word_1_704' title='bbox 1805 4932 2113 4999; x_wconf 87' lang='lat' dir='ltr'><strong>hujusmodi</strong></span> <span class='ocrx_word' id='word_1_705' title='bbox 2144 4933 2405 5002; x_wconf 83' lang='lat' dir='ltr'><strong>expiscari</strong></span> <span class='ocrx_word' id='word_1_706' title='bbox 2437 4949 2739 5002; x_wconf 87' lang='lat' dir='ltr'><strong>possumus.</strong></span> <span class='ocrx_word' id='word_1_707' title='bbox 2774 4936 2995 4991; x_wconf 88' lang='lat' dir='ltr'><strong>Joannis</strong></span> <span class='ocrx_word' id='word_1_708' title='bbox 3021 4938 3224 4995; x_wconf 87' lang='lat' dir='ltr'><strong>Livinei</strong></span> <span class='ocrx_word' id='word_1_709' title='bbox 3249 4940 3391 4995; x_wconf 88' lang='lat' dir='ltr'><strong>Gan-</strong></span> 
     </span>
    </p>
   </div>
   <div class='ocr_carea' id='block_1_95' title="bbox 1806 5024 3388 5101">
    <p class='ocr_par' dir='ltr' id='par_1_95' title="bbox 1806 5024 3388 5101">
     <span class='ocr_line' id='line_1_95' title="bbox 1806 5024 3388 5101; baseline 0.004 -24"><span class='ocrx_word' id='word_1_710' title='bbox 1806 5024 2052 5078; x_wconf 86' lang='lat' dir='ltr'><strong>davensis</strong></span> <span class='ocrx_word' id='word_1_711' title='bbox 2079 5025 2597 5095; x_wconf 89' lang='lat' dir='ltr'><strong>interpretationem,</strong></span> <span class='ocrx_word' id='word_1_712' title='bbox 2612 5028 2792 5083; x_wconf 92' lang='lat' dir='ltr'><strong>multis</strong></span> <span class='ocrx_word' id='word_1_713' title='bbox 2814 5029 2865 5083; x_wconf 90' lang='lat' dir='ltr'><strong>in</strong></span> <span class='ocrx_word' id='word_1_714' title='bbox 2885 5029 3014 5085; x_wconf 91' lang='lat' dir='ltr'><strong>locis</strong></span> <span class='ocrx_word' id='word_1_715' title='bbox 3032 5031 3388 5101; x_wconf 87' lang='lat' dir='ltr'><strong>emendatam,</strong></span> 
     </span>
    </p>
   </div>
   <div class='ocr_carea' id='block_1_96' title="bbox 1805 5114 2491 5171">
    <p class='ocr_par' dir='ltr' id='par_1_96' title="bbox 1805 5114 2491 5171">
     <span class='ocr_line' id='line_1_96' title="bbox 1805 5114 2491 5171; baseline 0.004 -3"><span class='ocrx_word' id='word_1_716' title='bbox 1805 5114 2139 5170; x_wconf 88' lang='lat' dir='ltr'><strong>retinendam</strong></span> <span class='ocrx_word' id='word_1_717' title='bbox 2167 5115 2491 5171; x_wconf 89' lang='lat' dir='ltr'><strong>censuimus.</strong></span> 
     </span>
    </p>
   </div>
  </div>
