3898 6282
157 443 245 501 $5
1470 436 1558 490 DE
1596 432 2066 493 VIRGINITATE.

3288 446 3388 506 53‘

203 651 3372 697 Μ

1950 677 3183 692 W‘W
3193 677 3252 697 ζ

1006 1065 1423 1159 SANCTI
1534 1061 1963 1154 PATRIS
2070 1059 2507 1155 NOSTRI

144 1518 251 1728 J
264 1509 991 1725 OANN
1010 1508 1257 1719 IS
1448 1506 3385 1720 CHRYSOSTOMI

928 2063 1530 2131 ARCHJEPISCOPI
1602 2065 2573 2139 CONSTANTINOPOLITANI,

1067 2530 1250 2646 DE
1350 2529 2303 2651 VIRGINITATE
2362 2518 2440 2643 ⁸.

187 3597 222 3650 l.
256 3594 627 3652 Hareticertmt
648 3591 987 3664 virginitate»:
1010 3590 1276 3660 premium
1300 3605 1403 3643 nou
1424 3588 1704 3645 habere.—

126 3687 443 3761 l'irginttatis
473 3684 685 3741 laudem
708 3683 878 3740 Judaei
907 3692 1223 3739 aversantur
1247 3700 1261 3737 :
1284 3696 1458 3752 neque
1483 3682 1701 3747 mirum,

126 3784 199 3850 qui
222 3782 397 3852 ipsum
423 3792 641 3850 quoque
666 3787 852 3832 natum
895 3790 961 3829 ex
1002 3774 1210 3844 virgine
1248 3773 1522 3828 Christum
1550 3772 1705 3843 igno-

124 3872 285 3927 miniis
326 3870 613 3927 aﬂ'ecerint
643 3886 657 3922 :
686 3867 1020 3923 admirantur
1061 3880 1125 3921 ac
1162 3865 1461 3935 suspiciunt
1500 3864 1701 3931 exteri,

123 3966 221 4017 sola
245 3974 428 4019 autem
452 3962 589 4017 colit
610 3960 853 4016 Ecclesia
886 3959 1001 4013 Dei.
1026 3957 1159 4013 Nam
1186 3958 1563 4013 haereticorum
1589 3957 1702 4011 vir—

122 4058 261 4127 gines
300 4072 406 4128 ego
452 4056 686 4125 virgines
725 4067 848 4109 esse
892 4052 1113 4107 minime
1158 4051 1386 4105 dixerim
1426 4068 1439 4101 :
1475 4050 1702 4121 primum

122 4150 249 4218 Quod
276 4163 450 4206 eam
476 4163 583 4202 non
611 4147 754 4201 sint:
783 4161 958 4215 neque
976 4145 1130 4200 enim
1159 4144 1249 4198 uni
1284 4143 1401 4198 viro
1422 4142 1705 4214 desponsa:

121 4250 253 4305 sunt,
276 4249 340 4294 ut
366 4237 489 4292 vult
514 4238 705 4293 beatus
729 4236 822 4291 ille
848 4234 1048 4291 Christi
1082 4233 1391 4304 pronubas:
1420 4231 1703 4303 Despondi,

123 4330 296 4399 inquit.
324 4347 416 4384 vos
440 4330 534 4382 uni
564 4328 671 4381 viro
692 4327 936 4397 virginem
959 4335 1153 4380 cauam
1179 4324 1379 4379 Christo
1401 4324 1703 4378 tradendum

126 4420 210 4487 (2.
239 4422 357 4477 Cor.
393 4423 485 4479 ll.
509 4420 606 4491 2).
653 4418 785 4477 Nam
822 4418 875 4473 id
903 4418 1003 4475 etsi
1024 4417 1097 4473 de
1130 4425 1249 4472 toto
1284 4416 1538 4472 Ecclesia:
1562 4426 1706 4471 metu

122 4514 306 4570 dictum
350 4524 475 4581 est,
526 4524 706 4568 tamen
751 4510 871 4568 illas
910 4525 1124 4581 quoque
1174 4509 1289 4564 luec
1336 4510 1708 4581 complectitur

124 4607 301 4663 oratio.
324 4606 619 4676 Quomodo
648 4604 808 4673 igitur
832 4620 951 4674 quae
988 4604 1106 4658 viro
1136 4618 1242 4657 uno
1269 4618 1373 4657 non
1404 4611 1702 4669 contentae,

121 4698 335 4754 alterum
356 4700 454 4768 qui
485 4713 593 4752 non
618 4706 704 4752 est
724 4695 861 4750 deus
896 4694 1351 4765 superinducunt,
1378 4704 1541 4749 castae
1580 4709 1708 4751 esse

124 4789 378 4857 possunt?
429 4788 616 4859 Itaque
668 4788 897 4857 primum
945 4786 1255 4841 eamobrem
1312 4786 1547 4856 virgines
1600 4798 1709 4838 non

120 4890 268 4935 sunt:
294 4881 497 4936 deinde
522 4878 670 4950 quod
702 4878 1098 4935 matrimonium
1123 4876 1425 4933 damnando
1450 4876 1517 4931 ad
1536 4874 1710 4933 decli-

124 4974 312 5028 uandas
340 4974 560 5043 nuptias
581 4980 707 5027 sunt
724 4986 1021 5041 progressae
1045 4987 1058 5024 :
1083 4985 1206 5024 nam
1227 4985 1350 5024 cum
1372 4984 1465 5024 eas
1486 4969 1707 5025 vitiosas

120 5080 228 5120 esse
250 5067 557 5131 sanxerint,
586 5064 802 5134 pmtia
830 5064 931 5119 sibi
954 5063 1274 5135 virginitatis
1295 5064 1703 5133 prteripuerunt.

121 5151 225 5209 Non
248 5160 395 5212 enim
437 5157 530 5228 qui
574 5156 702 5211 vitia
742 5164 936 5210 cavent
974 5170 1173 5210 corona
1220 5154 1568 5219 donari,sed
1598 5168 1708 5209 non

122 5251 267 5317 plecti
285 5250 573 5306 dumtaxat
600 5265 696 5319 par
721 5260 824 5304 est.
857 5251 1030 5317 Atque
1058 5248 1115 5302 id
1141 5247 1357 5319 quidem
1394 5246 1579 5302 videre
1623 5258 1708 5303 est

122 5356 217 5395 non
261 5344 442 5399 solum
492 5342 728 5405 nostris.
764 5340 869 5397 sed
916 5341 1155 5396 externis
1196 5341 1358 5396 etiam
1400 5339 1609 5410 legibus
1635 5338 1707 5394 ita

118 5436 462 5492 constitutum
490 5453 505 5489 ε
535 5435 637 5503 Qui
667 5434 868 5490 caedem
904 5434 1113 5499 fecerit,
1144 5435 1336 5504 inquit,
1360 5443 1623 5498 rnecater;
1654 5444 1708 5489 at

120 5536 217 5581 Ion
254 5530 426 5583 etiam
470 5528 710 5592 additur,
742 5527 851 5596 Qui
893 5526 1095 5583 caedem
1123 5541 1232 5581 non
1256 5524 1469 5593 fecerit,
1496 5525 1709 5582 honore

119 5619 510 5677 sllicitat-dior
559 5621 839 5692 plectitor;
878 5629 945 5677 at
993 5635 1101 5675 non
1148 5635 1271 5675 eum
1322 5634 1574 5689 quoque,
1616 5618 1709 5689 qui

122 5710 280 5766 aliena
308 5729 422 5767 non
452 5714 710 5784 rapuerit,
742 5710 947 5768 donum
972 5726 1166 5782 capere
1190 5711 1467 5782 jusserunt
1493 5728 1507 5766 :
1536 5725 1711 5781 neque

173 5846 189 5876 ⁸
222 5845 463 5897 collatura
493 5860 605 5896 eum
626 5846 750 5897 ﬁdit.
772 5844 1070 5897 ﬂaminiam
1091 5857 1219 5895 anno
1254 5844 1395 5905 l575,
1427 5856 1537 5895 cum
1564 5844 1707 5895 Savil.

120 5918 164 5959 et
186 5921 296 5960 uua
325 5910 441 5959 uid.
467 5916 586 5973 περς.
614 5908 753 5972 l974,
788 5910 875 5973 qui
912 5907 1077 5961 multis
1096 5906 1289 5959 tuendis
1318 5920 1576 5971 reapersus
1612 5915 1708 5959 est.

1812 3586 2115 3643 adulterum
2145 3587 2483 3651 occidentes.
2514 3591 2566 3646 ei
2591 3592 2680 3661 qui
2722 3591 2943 3649 alterius
2970 3595 3148 3654 cubile
3184 3613 3291 3655 non
3320 3602 3395 3658 ef:

1809 3680 2037 3751 fringat,
2089 3680 2350 3735 honorem
2387 3681 2678 3739 sciverunt.
2725 3685 2791 3740 Et
2837 3688 3029 3743 merito
3073 3705 3245 3748 sane:
3276 3709 3400 3750 nam

1810 3772 2019 3826 laudem
2048 3780 2103 3826 et
2128 3771 2533 3828 admirationem
2564 3773 2759 3831 habere
2788 3791 2971 3832 eorum
3002 3790 3116 3846 est,
3150 3782 3240 3852 qui
3278 3784 3396 3836 vir-

1812 3872 1923 3917 tute
1967 3861 2367 3932 perfungantur,
2415 3879 2520 3918 non
2559 3866 2651 3936 qui
2694 3867 2819 3921 vitia
2859 3867 3128 3925 declinent
3157 3888 3171 3925 :
3201 3887 3325 3927 nam
3354 3874 3402 3929 is

1810 3953 1890 4009 eis
1920 3952 2091 4008 honor
2116 3954 2247 4008 satis
2271 3964 2373 4019 est,
2402 3954 2447 4009 si
2476 3970 2686 4024 umnam
2718 3958 2916 4013 nullam
2947 3961 3197 4017 sentiant.
3224 3961 3404 4034 Itaque

1813 4046 2067 4100 Dominus
2092 4057 2275 4101 noster
2301 4046 2520 4117 (Matth.
2549 4050 2603 4104 5.
2626 4047 2758 4116 22),
2787 4051 2882 4121 qui
2909 4060 3107 4108 temere
3135 4061 3190 4109 et
3210 4050 3405 4110 imme-

1810 4139 1913 4194 rito
1928 4136 2076 4193 fratri
2104 4154 2202 4193 suo
2229 4139 2488 4195 irascatur
2513 4156 2577 4196 ac
2602 4133 2802 4197 fatuum
2831 4153 2999 4211 vocet,
3026 4147 3074 4200 ei
3099 4145 3401 4217 gehennam

1810 4244 1893 4289 est
1920 4234 2277 4290 comminatus
2302 4252 2315 4288 :
2349 4249 2455 4289 non
2480 4235 2642 4291 etiam
2664 4237 2749 4305 iis,
2770 4228 2860 4309 qui
2886 4253 2983 4294 nec
3003 4240 3269 4297 immerito
3289 4241 3401 4296 ira-

1809 4333 2047 4392 scantur,
2084 4333 2140 4380 et
2177 4340 2208 4379 a
2247 4325 2503 4381 conviciis
2546 4327 2881 4391 abstineant,
2922 4329 3136 4385 caeleste
3178 4346 3401 4403 regnum

1812 4415 2094 4487 promisit:
2122 4416 2217 4487 sed
2249 4415 2367 4487 plus
2393 4431 2459 4472 eo
2485 4417 2738 4487 quiddam
2780 4417 3056 4490 majusque
3085 4422 3364 4491 requisivit
3382 4463 3398 4488 ,

1810 4508 2037 4580 Ditigite,
2058 4509 2323 4579 inquiens,
2348 4510 2582 4566 inimicos
2596 4521 2783 4567 vestras
2803 4511 3016 4583 (Matth.
3036 4514 3088 4569 5.
3107 4515 3218 4585 tu).
3240 4514 3404 4570 Cum-

1809 4616 1915 4671 que
1941 4601 2099 4656 vellet
2125 4600 2442 4666 ostendere,
2476 4601 2821 4672 perexiguum
2849 4612 2906 4657 et
2934 4604 3038 4658 vile
3058 4614 3224 4675 atque
3264 4606 3403 4661 indi-

1808 4709 1971 4765 gnum
2003 4695 2224 4764 praemio
2250 4708 2394 4760 esse,
2423 4693 2614 4749 fratres
2643 4710 2747 4749 non
2791 4694 2970 4752 odisse
2990 4737 3005 4763 ,
3034 4698 3308 4767 proposito
3334 4713 3402 4754 eo

1810 4784 1951 4856 quod
1981 4785 2146 4839 multo
2174 4784 2348 4855 majus
2370 4793 2486 4851 est,
2517 4800 2639 4840 eum
2666 4786 2889 4858 diligere
2917 4796 2973 4843 et
3003 4803 3185 4845 amare
3207 4830 3222 4856 ,
3250 4806 3319 4845 ne
3348 4791 3405 4846 id"

1812 4881 2028 4954 quidem
2055 4882 2208 4937 nobis
2234 4882 2480 4936 sufficere
2508 4882 2603 4948 ait,
2640 4892 2697 4937 ut
2722 4881 2980 4939 honorem
3013 4884 3178 4939 ullum
3206 4901 3401 4940 conse-

1809 4988 2038 5045 quamur
2062 4992 2075 5028 :
2097 4973 2221 5043 quid
2249 4974 2417 5039 enim,
2443 4974 2485 5028 si
2508 4988 2568 5027 ea
2594 4988 2653 5027 re
2679 4972 2808 5028 nihil
2831 4974 3026 5029 exteris
3049 4976 3403 5044 praesternas?

1811 5064 1993 5135 Itaque
2020 5065 2122 5120 alia
2156 5064 2310 5120 nobis
2336 5079 2471 5135 opus
2498 5072 2582 5120 est
2608 5065 2846 5120 accessio
2872 5065 3044 5119 multo
3082 5065 3181 5120 hac
3206 5067 3399 5136 major,

1811 5158 1854 5213 si
1886 5156 2100 5228 quidem
2129 5156 2430 5213 mercedem
2457 5156 2780 5227 flagitamus.
2802 5155 2983 5225 Neque
3009 5157 3150 5211 enim
3181 5158 3301 5227 quia
3325 5168 3398 5225 te,

1812 5250 2003 5321 inquit.
2031 5248 2292 5321 gehennae
2320 5264 2425 5305 non
2449 5249 2665 5312 damno,
2696 5250 2785 5319 qui
2813 5249 3289 5319 maledictis'atque
3320 5251 3400 5305 ira

1813 5343 1866 5397 in
1894 5342 2118 5397 fratrem
2146 5341 2418 5399 abstineas
2437 5383 2452 5408 ,
2486 5352 2773 5411 propterea
2810 5349 2861 5395 te
2888 5355 3085 5395 corona
3130 5343 3290 5397 etiam
3320 5342 3402 5397 di-

1812 5453 1972 5510 gnum
1994 5437 2269 5492 existima.
2295 5436 2410 5491 Non
2449 5434 2591 5493 enim
2630 5433 2901 5489 tantillum
2934 5433 3285 5491 humanitatis
3314 5449 3402 5489 so-

1813 5529 1921 5584 lum
1950 5528 2231 5592 desidem;
2269 5526 2363 5581 sed
2406 5524 2615 5581 etiamsi
2658 5538 2758 5580 nec
2798 5524 3101 5580 convicium
3126 5524 3404 5591 facias,et

1814 5636 1937 5678 eum
1985 5636 2168 5677 amare
2212 5620 2372 5676 etiam
2420 5618 2603 5686 dicas,
2652 5617 2828 5675 adhuc
2871 5617 3010 5673 infra
3050 5618 3243 5686 haeres,
3270 5626 3327 5674 et
3348 5630 3405 5675 te

1813 5714 1953 5785 apud
1982 5714 2292 5785 publicanos
2320 5713 2575 5768 collocas.
2604 5712 2756 5779 Quod
2798 5712 2843 5768 si
2888 5711 3155 5782 perfectus
3183 5726 3246 5768 ac
3269 5712 3403 5767 caelo

1813 5803 2006 5878 dignus
2031 5821 2153 5862 esse
2177 5806 2292 5874 vis,
2320 5805 2440 5862 istic
2482 5804 2642 5862 modo
2684 5819 2754 5860 ne
2799 5804 3067 5870 consiste,
3107 5802 3203 5859 sed
3246 5803 3403 5858 altius

1812 5898 2134 5969 conscende,
2165 5907 2219 5955 ct
2247 5908 2435 5955 natura
2464 5897 2576 5971 ipsa
2629 5896 2993 5953 sublimiorem
3022 5894 3401 5967 cogitationem
