3898 6276
456 397 559 453 555

461 533 673 588 suseipe
703 535 718 570 :
749 517 798 570 id
829 525 1004 569 autem
1035 521 1116 567 est
1158 511 1402 566 inimicos
1450 509 1690 578 diligere.
1721 508 1851 562 Cum
1895 507 2051 576 igitur

465 612 697 679 undique
727 609 826 662 hoc
853 605 1006 662 nobis
1034 613 1276 666 antistet,
1303 602 1565 657 desistant
1591 600 1824 654 ltzeretiei
1859 599 2053 651 frustra

466 717 523 759 ac
548 701 818 769 allligerc:
848 698 1044 752 nullam
1084 709 1226 750 etum
1273 691 1576 748 mercedem
1619 692 1878 759 accipient
1908 705 1920 741 :
1947 703 2052 741 non

463 795 583 863 quia
612 794 678 846 sit
709 791 936 860 injustus
967 787 1241 844 Dominus.
1271 783 1546 853 apagesis;
1577 781 1669 835 sed
1699 779 1841 851 quod
1883 779 2053 846 impe-

460 888 545 942 riti
591 885 690 954 ipsi
727 892 780 937 et
837 880 1081 951 improbi.
1127 877 1264 945 Quid
1309 875 1456 930 ita‘?
1503 875 1931 929 Demonstratum
1973 879 2054 922 est

461 979 598 1048 fugae
645 985 847 1031 tantum
892 991 922 1029 a
969 973 1110 1029 vitiis
1153 972 1353 1026 nullum
1401 970 1730 1040 propositum
1767 981 1887 1022 esse
1919 982 2053 1036 prae-

457 1075 624 1127 mium
657 1089 669 1124 :
704 1072 800 1140 ipsi
829 1079 1006 1122 autem
1047 1065 1190 1136 quod
1234 1063 1631 1119 matrimonium
1673 1060 1922 1116 vitiosum
1949 1059 2052 1115 tlu-

459 1173 663 1228 cerent,
688 1180 752 1218 eo
774 1164 1169 1217 abstinuerunt.
1194 1157 1310 1226 Quo
1335 1166 1488 1227 pacto
1516 1156 1674 1223 igitur
1701 1155 1768 1209 ob
1799 1153 2048 1206 vitiorum

457 1257 632 1327 fugam
667 1253 968 1310 mercedem
998 1251 1258 1321 poscent?
1286 1249 1421 1304 Nam
1449 1256 1506 1301 ut
1539 1261 1636 1300 nos
1656 1247 1746 1316 qui
1770 1260 1874 1299 non
1904 1243 2053 1298 adul-

460 1364 696 1406 teretnus
726 1349 868 1420 digni
902 1364 1006 1401 nott
1039 1346 1240 1402 erimus
1274 1345 1361 1414 qui
1394 1358 1736 1406 coronemur,
1770 1342 1846 1395 sic
1882 1355 2052 1409 neque

456 1444 533 1497 illi
561 1445 649 1512 qui
681 1455 899 1496 uxorem
931 1455 1038 1494 non
1070 1439 1292 1493 ducant.
1329 1436 1403 1490 Ita
1444 1435 1585 1490 enim
1615 1449 1707 1488 eos
1736 1434 1822 1487 illa
1853 1432 1940 1487 die
1970 1431 2050 1485 al-

456 1539 725 1609 loquetur,
756 1537 842 1606 qui
875 1535 926 1588 in
971 1549 1068 1589 nos
1109 1531 1431 1587 sententiam
1474 1527 1718 1584 dicturus
1765 1536 1848 1581 est
1884 1521 2049 1580 :r'Non

457 1630 703 1701 equidem
736 1628 799 1682 iis
831 1628 1065 1682 honores
1105 1623 1392 1686 constitui,
1432 1621 1521 1690 qui
1560 1635 1589 1673 a
1619 1619 1762 1674 vitiis
1789 1619 1960 1674 solum
1992 1631 2052 1672 se

456 1725 801 1780 contineant:
833 1737 950 1774 nam
996 1719 1048 1775 id
1093 1717 1232 1788 apud
1281 1731 1367 1771 me
1404 1715 1652 1785 exiguum
1684 1723 1796 1778 est;
1828 1711 1921 1768 sed
1958 1713 2050 1783 qui

456 1818 707 1872 virtutem
755 1828 968 1868 omnem
1011 1810 1319 1884 persequuti
1363 1809 1503 1872 sint,
1546 1823 1639 1861 eos
1677 1823 1729 1860 tn
1762 1820 2048 1875 perennem

458 1908 712 1962 caelorum
740 1904 1107 1959 [nereditatem
1139 1899 1440 1956 introduco.
1465 1897 1746 1966 Quomodo
1776 1897 1934 1967 igitur
1962 1895 2049 1963 qui

459 1997 858 2054 matrimonium
888 1995 1089 2051 foedum
1118 2007 1180 2048 ac
1209 1991 1526 2061 flagitiosum
1549 1987 1782 2044 credatis
1802 2028 1817 2052 ,
1859 1986 1928 2040 ob
1959 1987 2052 2038 lla-

459 2094 711 2164 gitiorum
741 2091 937 2160 fugam,
966 2086 1184 2157 praemia
1213 2085 1276 2138 iis
1307 2083 1575 2154 proposita
1601 2123 1616 2147 ,
1646 2082 1737 2151 qui
1768 2078 2049 2150 przeclaras

459 2199 544 2238 res
572 2181 855 2251 gesserint,
880 2175 1195 2248 postulatis?
1217 2175 1296 2229 0b
1321 2173 1372 2227 id
1400 2173 1541 2227 enim
1570 2181 1624 2226 et
1649 2185 1814 2242 agnos
1833 2168 2051 2224 dextros

456 2275 684 2328 collocat
710 2271 728 2342 (
754 2270 938 2324 Matth.
962 2269 1149 2338 25355
1169 2264 1211 2338 ),
1256 2274 1310 2321 et
1337 2262 1641 2327 collaudat,
1671 2270 1726 2316 et
1751 2261 1802 2314 iit
1831 2273 2049 2330 regnum

457 2367 722 2432 admittit,
751 2379 860 2419 non
901 2360 1048 2433 quod
1093 2360 1266 2414 aliena
1310 2373 1414 2412 non
1458 2355 1750 2426 rapuerint,
1783 2353 1877 2408 sed
1909 2349 2050 2422 quod

458 2460 617 2515 etiam
649 2471 743 2512 sua
781 2455 900 2510 aliis
943 2451 1194 2522 impertiti
1242 2450 1348 2504 sint
1379 2465 1394 2502 :
1423 2457 1496 2510 et,
1520 2462 1641 2501 eum
1682 2445 1769 2500 cui
1818 2444 2052 2528 quinque

459 2553 656 2606 talenta
687 2548 1001 2605 credidisset
1026 2543 1386 2608 commendat,
1418 2558 1523 2596 non
1554 2539 1697 2611 quod
1729 2554 1834 2593 non
1864 2537 2045 2592 immi-

462 2644 703 2707 nuisset,
736 2640 828 2695 sed
869 2637 1008 2709 quod
1039 2635 1300 2692 creditum
1331 2633 1566 2688 auxisset
1589 2674 1603 2696 ,
1634 2647 1695 2686 ac
1725 2629 2048 2700 duplicatum

458 2735 756 2806 depositum
798 2730 1065 2786 redderet.
1107 2727 1395 2796 Quousque
1427 2725 1584 2792 igitur
1632 2737 1736 2777 non
1783 2721 2051 2776 desistetis

459 2829 654 2884 frustra
684 2839 901 2880 currere
921 2866 936 2890 ,
968 2822 1320 2893 nequicquam
1351 2819 1592 2874 laborare
1614 2857 1629 2883 ,
1673 2826 1875 2872 temere
1904 2816 2050 2885 pugio

461 2921 570 2974 Iatu
597 2927 825 2980 certare,
853 2930 1031 2971 aerem
1063 2913 1349 2968 verberare
1378 2909 1636 2980 (Philipp.
1659 2908 1714 2961 2.
1743 2908 1839 2972 I6;
1871 2908 1894 2960 I
1933 2908 2048 2960 Cor.

460 3012 512 3067 9.
537 3011 666 3080 26)?
689 3012 862 3079 Atque
891 3008 1092 3062 utinam
1122 3003 1319 3059 frustra
1348 3001 1507 3057 modo
1531 3019 1544 3055 :
1569 3002 1669 3056 etsi
1698 3017 1802 3056 non
1837 3000 2039 3054 medio-

460 3103 566 3158 cris
608 3102 788 3172 utique
827 3113 984 3169 paena
1028 3107 1144 3163 est,
1191 3096 1280 3166 qui
1309 3095 1545 3166 graviter
1590 3093 1969 3154 laboraverint,
1999 3102 2052 3147 et

463 3193 740 3264 praimium
782 3199 1000 3261 sperent
1045 3186 1316 3242 laboribus
1361 3185 1562 3254 majus,
1600 3200 1757 3255 quem
1785 3183 1924 3239 diem
1953 3185 2053 3238 sibi

463 3286 751 3357 gloriosum
786 3282 899 3338 fore
923 3283 1137 3346 ducant,
1169 3296 1233 3335 eo
1265 3281 1404 3333 inter
1429 3279 1686 3348 inglorios
1717 3279 1918 3334 haberi.

537 3379 602 3432 II.
656 3376 930 3431 llwreticos
973 3375 1269 3446 virginitatis
1313 3372 1461 3426 etiam
1497 3388 1670 3441 pwnas
1717 3372 1948 3441 pendere.
1985 3402 2052 3411 —

467 3471 620 3527 Nune
646 3485 750 3524 non
778 3468 826 3522 id
855 3467 1025 3522 solum
1053 3466 1244 3520 malum
1277 3474 1385 3528 est,
1416 3479 1585 3534 neque
1623 3465 1667 3517 is
1695 3464 1810 3533 ejus
1831 3463 2053 3533 jactura:

469 3562 697 3626 modus,
749 3569 805 3614 ut
846 3558 1074 3614 fructum
1115 3557 1318 3611 nullum
1347 3555 1593 3620 faciant,
1639 3553 1733 3610 sed
1789 3555 2057 3623 excipient

467 3656 566 3708 alia
598 3654 762 3707 multo
786 3649 1130 3721 iisgraviora,
1163 3648 1297 3718 ignis
1328 3646 1694 3708 inexstinctus,
1725 3645 1920 3698 vermis
1952 3646 2053 3698 im-

468 3745 729 3809 mortalis,
787 3743 1020 3798 tenebraa
1069 3739 1402 3803 exteriores,
1442 3754 1713 3802 aerumna},
1761 3737 2050 3792 afﬂictatio.

469 3837 648 3908 Itaque
697 3845 908 3891 centum
957 3832 1110 3887 nobis
1159 3831 1348 3902 linguis
1390 3839 1443 3886 et
1486 3830 1720 3899 angelica
1747 3830 1973 3899 quadam
2004 3829 2054 3884 vi

467 3943 602 3999 Opus
629 3928 734 3992 sit,
768 3936 826 3980 ut
869 3925 980 3978 Deo
1010 3940 1104 3994 pro
1147 3923 1262 3991 ejus
1301 3923 1351 3974 in
1393 3937 1490 3975 nos
1519 3936 1646 3974 cura
1680 3921 1866 3989 dignas
1897 3936 2056 3989 agere

467 4021 664 4091 gratias
693 4019 982 4089 possimus;
1025 4031 1088 4070 ac
1117 4030 1184 4069 ne
1229 4015 1306 4068 sic
1349 4029 1560 4083 quoque
1605 4015 1870 4080 possimus
1905 4030 1917 4064 :
1949 4025 2056 4082 quo

469 4123 624 4184 pacto
652 4109 836 4166 enim?
876 4107 1204 4176 Virginitatis
1240 4105 1390 4158 labor
1429 4116 1480 4158 et
1514 4104 1667 4158 nobis
1695 4113 1752 4158 et
1791 4104 2056 4159 haereticis

470 4221 566 4276 par
593 4213 706 4268 est;
733 4213 891 4272 atque
916 4199 1020 4254 illis
1049 4200 1270 4254 fortasse
1296 4197 1460 4254 multo
1483 4197 1644 4251 etiam
1668 4197 1838 4266 major
1868 4214 1881 4250 :
1909 4196 2055 4251 labo-

468 4312 588 4353 rum
618 4296 816 4350 frnetus
844 4295 1013 4363 impar
1041 4291 1134 4347 sed
1161 4291 1280 4345 illos
1309 4299 1363 4344 et
1391 4290 1618 4357 vincula,
1653 4300 1705 4346 et
1736 4290 1982 4362 Iacrymae
2003 4299 2058 4345 et

471 4389 708 4459 ploratus
739 4394 795 4442 et
824 4384 1148 4439 immortales
1180 4391 1393 4436 manent
1422 4382 1722 4446 cruciatus;
1765 4397 1863 4437 nos
1892 4397 2056 4453 ange-

471 4491 644 4538 lorum
677 4490 868 4541 sortes,
905 4474 1196 4546 Splendida:
1229 4475 1490 4536 lucernze,
1526 4482 1581 4527 et
1622 4473 1762 4543 quod
1793 4474 2055 4530 bonorum

469 4572 707 4628 omnium
745 4578 904 4638 caput
933 4577 1013 4622 est
1032 4608 1048 4632 ,
1088 4567 1269 4636 sponsi
1295 4564 1643 4620 consuetudo.
1672 4565 1775 4621 Sed
1797 4567 2055 4634 quamob-

471 4679 584 4718 rem
632 4661 940 4718 eorumdem
991 4659 1231 4714 laborum
1296 4659 1558 4712 contraria
1613 4660 1833 4730 praimia
1900 4660 2056 4715 sunt?

471 4753 623 4823 Quod
655 4755 727 4807 illi
755 4751 1043 4808 sanciendo
1081 4751 1248 4820 legem
1277 4749 1467 4804 divinat
1501 4750 1860 4806 adversariam
1892 4752 2054 4821 virgi-

472 4849 693 4906 nitatem
719 4857 844 4901 sunt
870 4844 1097 4915 amplexi
1133 4861 1146 4896 :
1190 4859 1287 4897 nos
1325 4851 1380 4896 ut
1408 4843 1525 4912 ejus
1551 4843 1874 4900 voluntatem
1905 4860 2058 4898 exsc-

472 4956 718 5012 qnamur,
748 4938 800 4993 id
831 4938 1072 4992 facimus.
1105 4938 1266 4992 Deum
1304 4952 1530 5004 namque
1568 4936 1703 4991 velle
1743 4951 1929 4992 omnes
1957 4937 2056 4992 ho-

389 5041 392 5046 '
472 5034 644 5088 mines
662 5047 693 5085 a
715 5029 964 5100 conjugio
989 5028 1274 5094 abstinere,
1299 5028 1341 5082 is
1365 5028 1514 5081 testis
1540 5037 1642 5093 est,
1669 5029 1758 5099 qui
1787 5029 2058 5082 Christum

474 5127 528 5181 in
559 5140 617 5180 se
648 5125 950 5194 loquentem
981 5121 1139 5176 habet
1166 5137 1180 5173 :
1217 5119 1343 5174 Volo
1362 5121 1526 5184 enim,
1559 5121 1745 5190 inquit,
1769 5101 1938 5177 omnes
1961 5124 2054 5176 ho-

473 5218 630 5272 mines
650 5217 725 5271 sic
751 5231 857 5270 esse
875 5255 892 5283 ,
924 5224 977 5267 ut
1005 5229 1094 5284 ego
1118 5229 1229 5267 sum
1246 5253 1261 5278 ,
1282 5213 1616 5267 continentes
1644 5213 1722 5280 (l.
1749 5211 1866 5268 Cor.
1892 5213 1946 5268 7.
1977 5214 2054 5284 7).

475 5308 582 5360 Sed
612 5306 856 5361 Salvator
883 5307 1043 5362 nobis
1070 5321 1320 5376 parcens,
1353 5317 1407 5363 et
1440 5308 1688 5378 spiritum
1718 5318 2052 5381 promptum.

473 5412 692 5452 carnem
712 5397 991 5484 inﬁrmam
1028 5414 1150 5455 esse
1179 5400 1358 5455 sciens
1379 5399 1600 5484 .(Matth.
1618 5401 1708 5454 26.
1732 5401 1844 5472 41),
1876 5401 1930 5456 id
1954 5401 2058 5455 sub

473 5483 723 5552 prarcepti
763 5484 1130 5538 necessitatem
1157 5498 1260 5537 nou
1293 5483 1582 5549 conclusit,
1613 5485 1705 5538 sed
1731 5486 1848 5554 ejus
1877 5489 2052 5556 optio-

471 5589 594 5628 nem
617 5573 808 5627 animis
837 5573 1031 5648 nostris
1056 5573 1315 5642 permisit.
1337 5572 1468 5628 Nam
1497 5576 1540 5641 si
1574 5578 1937 5646 praescriptum
1965 5594 2057 5636 es-

471 5675 551 5719 set
578 5673 736 5736 atque
760 5665 840 5719 lex
861 5707 877 5730 ,
901 5666 990 5734 qui
1023 5663 1075 5718 id
1107 5664 1472 5733 perfecissent,
1506 5665 1760 5722 honorem
1788 5685 1892 5725 non
1923 5684 2056 5727 con-

469 5766 840 5826 sequerentur,
867 5756 960 5812 sed
1003 5757 1136 5814 illud
1163 5758 1436 5824 audirent,
1468 5760 1689 5817 Feci~tis
1714 5765 1853 5835 quod
1883 5765 2056 5824 facere

531 5873 556 5906 ³
588 5878 760 5932 Voces,
785 5869 906 5934 Quid
930 5870 995 5921 ita
1017 5869 1041 5921 ?
1064 5874 1111 5922 in
1135 5879 1246 5935 Reg.
1269 5873 1464 5925 desunt.

1168 391 1224 448 s.
1267 388 1546 447 JO.\NNIS
1573 387 2048 446 cnnvsosront
2094 387 2420 448 ARCIIIEP.
2464 392 3005 452 CONS’I‘AN'I‘INOP.
3639 406 3732 464 556

2169 511 2426 568 debuistis
2468 514 2485 578 (
2509 513 2633 569 Luc.
2668 517 2755 582 Π,
2807 515 2912 590 10)
2955 531 2967 568 :
3023 533 3194 587 neque
3227 518 3291 573 iis
3313 520 3402 589 qui
3442 534 3544 574 non
3569 535 3738 579 essent

2163 608 2433 675 assequuti
2473 607 2858 677 ignosceretur,
2889 609 2983 664 sed
3024 610 3270 680 exlegum
3309 626 3494 680 ptenas
3523 613 3736 671 luerent.

2163 699 2313 753 Nunc
2362 716 2481 754 eum
2513 701 2724 765 dixerit,
2759 703 2858 770 Qui
2907 714 3066 774 potest
3095 722 3287 776 capere,
3322 709 3489 776 capiat
3537 708 3739 779 (Matth.

2166 793 2251 846 I9.
2286 793 2386 864 1‘2)
2408 835 2422 858 ,
2463 793 2551 864 qui
2611 810 2714 849 non
2747 806 2963 865 possent
2991 797 3128 851 haud
3164 797 3432 854 damnavit
3465 817 3474 850 :
3509 805 3598 868 qui
3628 816 3738 871 pos-

2164 894 2302 947 sent,
2330 887 2392 939 iis
2417 901 2577 954 grave
2606 897 2766 957 atque
2795 889 2979 958 ingens
3004 898 3279 944 certamen
3325 893 3615 960 proposuit.
3646 891 3729 945 Ita-

2161 992 2263 1043 que
2286 988 2338 1030 et
2359 978 2574 1043 Paulus,
2616 979 2847 1049 Magistri
2874 981 3108 1049 vestigiis
3139 981 3409 1046 insistens,
3439 981 3518 1037 De
3541 984 3743 1053 virgini-

2163 1068 2251 1120 bus
2277 1067 2292 1098 ¹
2320 1109 2334 1130 ,
2372 1068 2570 1138 inquit,
2613 1081 2913 1139 prwceptum
2933 1071 3136 1126 Domini
3156 1091 3255 1128 non
3285 1076 3463 1141 habeo,
3488 1077 3745 1130 consilium

2163 1171 2331 1214 autent
2351 1162 2416 1215 do
2447 1160 2522 1232 (I.
2548 1163 2663 1217 Cor.
2697 1165 2748 1218 7.
2778 1163 2891 1235 325).

2232 1251 2316 1306 Ill.
2360 1252 2675 1307 Matrimonii
2714 1255 3090 1310 detestationem
3132 1259 3374 1312 satanij
3425 1259 3746 1313 immanitatis

2159 1361 2286 1399 esse.
2318 1375 2388 1386 -—
2418 1348 2485 1400 At
2513 1363 2640 1400 vi-ro
2672 1363 2842 1416 neque
2882 1347 3151 1414 Marcion,
3185 1367 3354 1421 neque
3405 1351 3710 1407 Valentinus
3731 1394 3744 1417 ,

2103 1505 2106 1510 Ι
2163 1452 2333 1506 neque
2371 1437 2550 1492 Manes
2578 1454 2697 1515 eam
2746 1440 3163 1496 moderationem
3209 1452 3495 1504 tenuerunt
3537 1462 3549 1497 :
3585 1459 3745 1514 neque

2157 1529 2301 1584 enim
2347 1529 2617 1586 Christum
2650 1532 2702 1586 in
2745 1547 2804 1586 se
2843 1533 3145 1603 loquentem
3188 1532 3490 1598 habebant,
3529 1537 3618 1605 qui
3645 1535 3727 1589 ovi

2160 1622 2259 1678 bus
2291 1623 2403 1678 suis
2443 1623 2645 1692 parcit,
2685 1633 2738 1679 et
2769 1639 2864 1693 pro
2890 1625 2954 1680 iis
2994 1626 3154 1680 vitam
3187 1626 3484 1694 impendit,
3517 1626 3611 1681 sed
3654 1625 3746 1680 ho,

2165 1709 2420 1764 micidam
2450 1709 2908 1776 illum,mendaeii
2934 1721 3213 1779 parentem
3240 1709 3426 1780 (Joan.
3461 1709 3552 1766 10.
3584 1712 3673 1779 II;
3694 1713 3746 1765 8.

2165 1801 2278 1872 44).
2299 1802 2480 1872 Itaque
2507 1803 2600 1872 qui
2631 1819 2689 1858 se
2721 1803 2992 1868 audirent,
3027 1817 3218 1858 omnes
3247 1802 3629 1872 perdiderunt,
3657 1819 3746 1856 eos

2167 1896 2255 1950 hic
2283 1896 2568 1951 inutilibus
2594 1906 2756 1965 atque
2785 1897 3142 1952 intolerandis
3177 1897 3466 1952 laboribus
3499 1912 3749 1966 premen-

2166 1995 2267 2048 tes,
2297 1986 2409 2041 illic
2430 1986 2483 2041 in
2503 1996 2749 2056 paratum
2771 1986 2874 2042 sibi
2897 1987 3072 2056 ignem
3105 2003 3210 2041 una
3233 2003 3421 2043 secum
3451 1988 3745 2040 trahentes.

2229 2079 2317 2133 IV.
2377 2079 2651 2134 "(creticus
2703 2079 2934 2150 virgines"
2978 2081 3127 2134 etiam
3175 2080 3402 2151 gentibus
3474 2081 3752 2134 miseriores

2157 2190 2280 2226 esse.
2309 2202 2380 2212 —
2399 2171 2443 2226 Ο
2475 2187 2568 2226 vos
2597 2173 2753 2226 etiam
2784 2171 3029 2242 gentibus
3054 2173 3390 2227 miseriores!
3421 2189 3544 2226 nam
3572 2182 3754 2240 gentes

2156 2262 2370 2332 quidem
2402 2261 2501 2317 etsi
2522 2262 2779 2332 gehennae
2806 2263 3060 2332 supplicia
3090 2273 3429 2332 exspectant,
3459 2274 3516 2318 at
3539 2265 3625 2317 hie
3649 2264 3752 2317 sal-

2158 2361 2263 2408 tem
2295 2353 2612 2424 voluptatem
2643 2355 2837 2421 nuptiis
2865 2353 3262 2424 frequentanths
3284 2397 3298 2418 ,
3334 2357 3566 2423 pecunia
3596 2367 3754 2410 είυιο·

2156 2445 2336 2513 risque
2359 2445 2479 2518 vitm
2509 2446 2854 2500 suavitatibus
2881 2447 3190 2512 tractandis,
3217 2449 3439 2518 capiunt
3473 2467 3487 2503 :
3524 2465 3620 2503 vos
3650 2459 3756 2503 tor-

2157 2547 2335 2592 menta
2381 2547 2434 2593 et
2475 2553 2744 2592 airumnas
2787 2539 3086 2607 utrobique,
3118 2549 3171 2593 et
3203 2539 3286 2593 hic
3315 2550 3538 2608 sponte,
3572 2551 3624 2597 et
3661 2541 3760 2594 illic

2158 2632 2306 2687 inviti
2354 2631 2644 2686 sustinetis.
2677 2630 2783 2684 Illis
2835 2647 2931 2701 pro
2955 2631 3160 2701 jejunio
3207 2641 3261 2685 et
3305 2633 3621 2702 virginitate
3667 2647 3759 2686 nec

2158 2722 2459 2778 mercedem
2483 2722 2675 2778 tribuat
2696 2723 2999 2792 quisqttam,
3032 2739 3131 2778 nec
3157 2724 3487 2793 supplicium
3520 2726 3756 2795 irroget:

2159 2832 2253 2872 vos
2274 2831 2499 2887 quorum
2539 2817 2752 2871 nomine
2782 2817 3069 2871 immensas
3095 2816 3276 2870 laudes
3310 2819 3572 2886 speratis,
3602 2819 3673 2872 ob
3700 2833 3757 2871 ea

2157 2918 2424 2964 extremas
2456 2923 2638 2978 pinnas
2669 2908 2847 2971 luetis,
2895 2917 2949 2963 et
2977 2923 3098 2962 cum
3127 2909 3244 2963 aliis
3274 2909 3548 2978 audietis,
3586 2911 3734 2964 Disce

2159 3000 2262 3052 dite
2289 3016 2320 3052 a
2345 3016 2422 3052 me
2440 3001 2492 3053 in
2512 3000 2676 3070 ignem
2706 3008 2960 3062 (eternnm,
2998 3011 3232 3068 paratum
3253 3001 3464 3055 diabolo
3488 3013 3537 3055 et
3568 3002 3761 3070 angelis

2160 3092 2268 3162 ejus
2299 3091 2507 3161 (Matth.
2533 3091 2623 3147 25.
2656 3093 2768 3163 41),
2801 3107 2920 3147 cum
2950 3091 3050 3147 hoc
3079 3102 3256 3148 vestro
3281 3093 3496 3162 jejunio
3528 3105 3581 3149 et
3606 3094 3737 3162 virgi

2159 3183 2344 3239 nitate.
2367 3183 2498 3238 Nam
2529 3199 2625 3240 nec
2643 3185 2900 3254 jejunium
2922 3227 2938 3252 ,
2977 3200 3075 3241 nec
3101 3186 3376 3256 virginitas
3411 3203 3513 3256 per
3543 3203 3605 3241 se
3627 3188 3761 3240 bona

2158 3279 2242 3332 vel
2273 3279 2411 3332 mala
2443 3289 2586 3342 sunt,
2617 3280 2709 3334 sed
2736 3295 2800 3334 ex
2829 3295 3013 3333 eorum
3043 3280 3129 3346 qui
3165 3295 3225 3334 ea
3257 3290 3524 3335 exercent
3569 3296 3767 3350 prepo-

2161 3374 2264 3428 sito
2293 3373 2608 3427 alterutrum
2641 3372 2794 3427 ﬁunt.
2825 3374 2889 3427 Et
2916 3374 3162 3443 gentibus
3196 3374 3532 3427 infructuosa
3566 3391 3629 3428 ea
3659 3376 3764 3426 vir-

2160 3477 2242 3521 tus
2271 3476 2390 3523 est:
2424 3482 2530 3520 non
2562 3466 2762 3521 habent
2789 3468 2929 3522 enim
2954 3483 3100 3521 suam
3127 3467 3456 3533 mercedem,
3484 3468 3634 3538 quod
3665 3486 3767 3520 non

2163 3560 2254 3614 Dei
2297 3568 2439 3614 metu
2478 3558 2898 3614 eam-obierint:
2938 3573 3034 3612 vos
3062 3559 3148 3627 qui
3187 3559 3326 3613 bello
3366 3574 3499 3612 eum
3540 3560 3653 3613 Deo
3683 3575 3771 3627 ge-

2160 3653 2346 3718 rendo,
2377 3662 2535 3721 atque
2555 3653 2670 3722 ejus
2698 3652 2949 3721 operibus
2973 3651 3318 3706 criminandis
3343 3668 3469 3707 eam
3498 3636 3770 3716 ohieritis,

2163 3760 2265 3799 non
2297 3743 2457 3798 modo
2501 3743 2802 3798 mercedem
2843 3751 3072 3797 vestram
3121 3758 3225 3795 non
3278 3742 3495 3797 habetis
3520 3786 3536 3809 ,
3590 3743 3774 3798 sedet

2163 3837 2462 3906 plectemini
2498 3852 2512 3888 :
2544 3852 2606 3890 ac
2647 3835 2786 3906 quod
2833 3835 3023 3889 attinet
3063 3834 3128 3888 ad
3171 3834 3421 3904 dogmata
3446 3876 3464 3902 ,
3498 3851 3629 3890 cum
3673 3837 3776 3890 iliis

2160 3928 2532 3993 censebimini,
2559 3928 2646 3997 qtti
2679 3927 2901 3996 perinde
2923 3936 3082 3996 atque
3106 3926 3350 3995 gentiles,
3374 3942 3516 3982 vero
3548 3929 3664 3982 [)eo
3689 3943 3775 3981 re-

2156 4023 2319 4092 jecto,
2349 4023 2568 4077 deorum
2601 4020 2987 4076 multitudinem
3021 4021 3327 4075 invexeritis
3357 4037 3369 4073 :
3411 4021 3568 4090 quod
3595 4021 3667 4078 ad
3697 4021 3776 4075 vi-

2163 4121 2270 4167 tam
2297 4123 2496 4178 autem,
2530 4113 2720 4167 melius
2739 4129 2860 4168 cum
2890 4113 2996 4167 illis
3026 4127 3184 4182 quam
3214 4112 3501 4167 vobiscum
3529 4124 3732 4184 agetur
3761 4132 3774 4168 :

2163 4219 2286 4258 nam
2315 4204 2417 4258 illis
2447 4204 2546 4260 hoc
2575 4205 2746 4259 solum
2772 4204 2952 4259 damni
2979 4215 3092 4269 est,
3134 4204 3264 4261 nihil
3295 4205 3426 4260 boni
3471 4208 3745 4280 consequi
3764 4250 3778 4274 ,

2162 4295 2314 4350 vobis
2340 4296 2498 4350 etiam
2520 4296 2774 4365 supplicia
2809 4301 2915 4366 pati
2939 4313 2952 4348 :
2981 4305 3141 4366 atque
3167 4297 3269 4351 illis
3296 4297 3348 4351 in
3379 4297 3491 4354 hac
3520 4301 3634 4354 vita
3667 4317 3782 4354 om-

2165 4388 2320 4442 nibus
2346 4389 2445 4442 frui
2488 4388 2653 4451 licuit,
2684 4403 2780 4443 vos
2806 4387 3044 4457 utrisque
3081 4389 3294 4443 caretis.
3331 4389 3419 4443 An
3472 4407 3646 4462 pmna
3677 4393 3780 4446 ulla

2163 4481 2374 4551 gravior
2402 4496 2518 4535 esse
2548 4490 2738 4550 potest,
2761 4495 2919 4549 quant
2951 4480 3201 4548 supplicia
3228 4479 3483 4540 laborum
3518 4498 3589 4537 ac
3613 4484 3781 4538 sudo-

2163 4589 2280 4634 rum
2310 4574 2582 4641 praemium
2609 4572 2835 4640 capere?
2862 4571 3102 4636 AduLer,
3126 4572 3507 4640 defraudator,
3533 4580 3630 4645 qui
3654 4577 3784 4630 alie-

2164 4684 2230 4723 na
2271 4668 2504 4722 suaviter
2527 4665 2838 4734 abliguriat,
2874 4677 2928 4718 et
2971 4663 3196 4733 proximi
3224 4664 3360 4719 bona
3393 4668 3605 4735 rapiat,
3638 4669 3784 4724 sola-

2165 4759 2293 4813 tium
2317 4756 2531 4828 aliquod
2561 4756 2775 4821 habent,
2807 4755 2965 4810 breve
2997 4754 3045 4808 id
3072 4755 3306 4824 quidem,
3331 4756 3432 4809 sed
3466 4758 3681 4813 habent
3707 4769 3783 4812 ta-

2165 4870 2327 4920 men,
2375 4851 2515 4923 quod
2543 4865 2728 4905 eorum
2759 4849 2973 4904 nomine
3020 4851 3340 4921 pler-tantur,
3395 4868 3648 4920 quorum
3706 4855 3787 4906 hic

2165 4948 2390 5003 fructum
2436 4944 2753 4998 habuerunt.
2786 4947 2852 4997 At
2879 4944 2968 5014 qui
3001 4952 3360 5012 paupertatem
3413 4957 3628 5014 sponte
3669 4949 3782 5007 init,

2165 5050 2224 5095 ιιι
2254 5040 2358 5094 illic
2399 5037 2769 5107 locupletetur,
2807 5038 2894 5107 qui
2939 5037 3257 5107 virginitatis
3285 5037 3553 5106 labores,
3589 5051 3652 5096 ιιι
3683 5041 3789 5094 illic

2165 5148 2284 5187 eum
2317 5130 2518 5203 angelis
2559 5132 2785 5186 choreas
2814 5131 3005 5184 ducat:
3045 5131 3090 5184 is
3126 5131 3169 5183 si
3215 5140 3446 5199 repente
3476 5149 3546 5187 ae
3593 5143 3790 5203 prauer

2165 5239 2379 5280 omnem
2408 5225 2860 5293 exspectationem
2883 5224 2952 5277 ob
2978 5239 3037 5275 ea
3071 5237 3256 5292 pinnas
3281 5222 3396 5285 det,
3437 5223 3516 5278 ob
3540 5242 3671 5296 quin
3707 5226 3789 5279 in-

2166 5332 2294 5387 gens
2321 5317 2593 5386 praemium
2626 5325 2927 5383 speraverat
2949 5358 2964 5378 ,
2996 5315 3264 5369 infandum
3296 5327 3580 5383 quantum
3611 5336 3678 5374 ex
3714 5320 3792 5370 in-

2167 5417 2378 5481 sperato
2410 5419 2599 5465 eventu
2640 5409 2880 5464 dolorem
2912 5410 3105 5479 capiat.
3152 5410 3260 5479 Ego
3287 5409 3442 5464 enim
3487 5427 3625 5468 eum
3655 5429 3792 5468 cen-

2165 5502 2385 5558 scientia
2412 5516 2562 5572 teque
2595 5512 2755 5571 atque
2794 5503 3003 5556 Ilanuua
3033 5503 3321 5556 cruciatum
3366 5502 3439 5556 iri
3485 5507 3753 5561 existimo
3775 5546 3790 5568 ,

2167 5611 2284 5650 cum
2318 5597 2370 5649 in
2400 5605 2630 5650 mentem
2653 5595 2848 5660 veniet,
2871 5595 2961 5664 qui
2989 5610 3166 5663 parcnt
3189 5607 3370 5648 secum
3406 5593 3675 5653 laborem
3707 5612 3798 5651 ce-

2167 5689 2362 5759 perint,
2390 5702 2508 5742 cnm
2552 5688 2766 5743 Christo
2806 5688 3000 5758 degere
3029 5705 3042 5741 :
3076 5703 3134 5743 sc
3179 5696 3355 5741 autem
3385 5726 3403 5752 ,
3437 5687 3520 5743 ob
3551 5707 3681 5759 σμιω
3725 5690 3793 5742 illi

2231 5825 2246 5855 ί
2285 5830 2410 5875 Haec.
2439 5821 2498 5870 de
2525 5817 2803 5877 riroinibns,
2842 5818 3021 5869 desunt
3065 5821 3110 5868 ιιι
3137 5818 3298 5868 Morel.
3335 5827 3391 5870 et
3429 5820 3681 5884 Plautia,
3708 5826 3794 5871 sed

2169 5887 2409 5936 habentur
2433 5886 2480 5931 in
2503 5885 2640 5932 simil.
2669 5891 2719 5932 et
2744 5883 2788 5930 in
2815 5889 2930 5943 Heg.
