3844 6400
105 410 199 462 57.33

103 526 154 578 δέ
179 527 287 576 ἐστι
331 521 390 574 τό
422 520 545 582 τοὺς
574 517 800 588 ἐχθροὺς
823 518 1063 587 ἀγαπᾷν.
1101 517 1250 567 Ἐπεὶ
1279 511 1372 568 οὖν
1399 512 1665 568 πάντοθεν

102 613 224 679 ἡμῖν
256 607 411 660 τοῦτο
443 602 912 673 συνωμολόγηται,
962 602 1368 655 παυσάσθωσαν
1407 601 1584 670 μάτην
1617 599 1663 650 οἱ

101 693 359 764 οἰρετικοὶ
405 690 698 750 κόπτοντες
739 686 994 750 ἑαυτούς’
1043 686 1232 740 οὐδένα
1267 686 1376 756 γὰρ
1401 683 1661 754 λήψονται

102 778 302 847 μιτθὸν·
317 775 415 827 οὐκ
432 771 617 844 ἐπειδὴ
638 775 665 825 6
683 771 884 842 Κύριος
901 769 1103 834 ἄδικος,
1124 771 1325 838 ἄπαγε,
1347 769 1461 823 ἀλλ’
1479 766 1665 837 ἐπειδὴ

95 862 245 916 αὐτοὶ
290 858 605 928 ἀγνώμονες
641 857 734 910 καὶ
775 856 1022 928 πονηροί.
1065 859 1217 920 Πῶς;
1268 853 1666 907 Ἀποδέδεικται

101 946 365 1016 μηδεμίαν
394 943 606 996 κεῖσθαι
629 941 836 1013 δωρεάν
869 942 1006 1016 μόνῃ
1027 944 1092 1012 τῇ
1106 940 1215 993 τῶν
1240 940 1458 1009 φαύλων
1481 939 1627 1006 φυγῇ
1651 953 1661 964 ·

95 1031 186 1082 τὶν
239 1029 291 1081 6'6
335 1027 514 1097 γάμον
559 1025 713 1078 αὐτοὶ
751 1023 954 1093 φαῦλον
986 1023 1306 1094 νομίσαντες
1344 1021 1517 1082 οὑτως
1540 1018 1668 1085 ἐφυ-

94 1131 189 1179 γον
211 1130 223 1142 ⁸
263 1111 380 1175 πῶς
417 1107 509 1164 οὖν
542 1110 682 1182 ὑπὲρ
709 1110 810 1178 τῆς
850 1108 958 1161 τῶν
1005 1107 1224 1176 φαύλων
1266 1104 1668 1174 ἀναχωρήσεως

93 1198 410 1270 δυνήσονται
445 1194 634 1266 μισθὸν
665 1194 949 1256 ἀπαιτεῖν;
977 1192 1188 1261 Ὥσπερ
1212 1189 1320 1260 γάρ
1345 1190 1502 1258 ἡμεῖς
1529 1184 1667 1270 67:69

91 1283 187 1337 τοῦ
212 1267 299 1354 ⁷μὴ
337 1279 608 1352 μοιχεύειν
640 1275 1032 1346 στεφανοῦσθαι
1077 1276 1175 1328 οὐκ
1213 1272 1539 1341 ἀξιώσομεν,
1575 1267 1667 1323 οὖ-

90 1385 204 1430 τως
236 1366 355 1420 οὐδέ
381 1365 521 1434 ὑπὲρ
536 1361 629 1416 τοῦ
659 1363 733 1434 μὴ
751 1363 950 1431 γαμεῖν
981 1362 1195 1413 ἐκεῖνοι.
1239 1359 1386 1423 Ἐρεῖ
1405 1356 1512 1427 γὰρ
1532 1354 1670 1426 πρὸς

91 1453 295 1514 αὐτοὺς
312 1454 338 1502 6
354 1452 473 1502 κατ’
491 1447 704 1518 ἐκείνην
721 1445 818 1516 τὴν
847 1445 1060 1516 ἡμέραν
1081 1443 1282 1514 κρίνων
1302 1442 1448 1511 ἡμᾶς
1464 1437 1670 1506 υἙγὼ

89 1537 197 1599 τὰς
228 1533 394 1604 τιμὰς
435 1529 584 1602 [270]
608 1531 668 1582 06
695 1531 810 1592 τοῖς
840 1529 949 1582 τῶν
992 1526 1242 1598 πονηρῶν
1271 1523 1678 1595 ἀπεσχημένοις

90 1620 319 1673 τέθεικα
346 1618 504 1687 μόνον
537 1613 754 1684 (μικρὸν
776 1611 884 1684 γάρ
909 1613 1037 1683 παρ’
1057 1611 1182 1680 ἐμοὶ
1196 1607 1354 1662 τοῦτο
1379 1607 1439 1661 τὸ
1462 1605 1669 1677 μέρος),

87 1703 235 1758 ἀλλά
255 1703 380 1762 τοὺς
401 1701 619 1753 ἅπασαν
633 1696 954 1758 ἐπελθόντας
977 1694 1200 1766 ἀρετὴν,
1227 1692 1451 1753 τούτους
1467 1695 1545 1753 εἰς
1574 1689 1674 1759 τὴν

88 1788 299 1856 ἀγήρω
343 1783 451 1836 τῶν
478 1781 720 1852 οὐρανῶν
755 1778 962 1846 εἰσάγω
1003 1776 1390 1856 κληρονομίαν.
1431 1774 1556 1838 Πῶς
1582 1769 1675 1827 οὑν

90 1855 260 1941 ὑμεῖς
289 1869 522 1939 πρᾶγμα
543 1865 852 1935 ἀκάθαρτον
884 1865 979 1916 καὶ
1009 1863 1198 1929 ἐναγὲς
1222 1855 1360 1913 εἶναι
1383 1859 1474 1912 τὸν
1499 1860 1675 1928 γάμον

88 1953 444 2022 νομίσαντες.
475 1950 575 2019 τῆς
601 1947 710 2000 τῶν
750 1947 961 2014 ἐναγῶν
993 1945 1312 2013 ἀπαλλαγῆς
1351 1943 1421 1995 τά
1449 1942 1678 2012 κείμενα

87 2039 211 2098 τοῖς
255 2035 515 2106 ἐργάταις
544 2031 652 2084 τῶν
699 2030 920 2099 ἀγαθῶν
958 2031 1240 2083 ἀπαιτεῖτε
1289 2025 1532 2090 ἔπαθλας
1579 2024 1678 2076 Διά

83 2119 261 2171 τοῦτο
281 2119 388 2188 γάρ
411 2118 502 2170 καὶ
531 2115 656 2177 τοὺς
681 2113 849 2184 ἄρνας
874 2119 939 2170 ἐκ
966 2112 1156 2177 δεξιῶν
1177 2112 1206 2151 δ
1234 2111 1434 2180 ἵστησι,
1469 2109 1563 2161 καὶ
1589 2108 1678 2160 εὑ-

85 2206 274 2270 λογεῖ,
321 2203 416 2255 καὶ
458 2200 540 2264 είς
577 2199 676 2270 τὴν
710 2196 987 2268 βασιλείαν
1047 2198 1275 2266 εἰσάγει,
1311 2195 1409 2264 οὐχ
1455 2193 1536 2246 ὅτι
1581 2190 1679 2262 οὐχ

82 2290 362 2357 ἥρπασαν
385 2283 452 2337 τά
486 2283 758 2353 ἀλλότρια,
783 2281 894 2333 ἀλλ’
912 2280 992 2332 ὅτι
1025 2281 1118 2333 καὶ
1134 2281 1203 2332 τὰ
1233 2278 1439 2330 ἐαυτῶν
1470 2275 1679 2347 ἐτέροις

85 2371 403 2438 διένειμαν.
425 2368 536 2420 K6).
558 2366 649 2419 τὸν
668 2365 736 2418 τά
761 2365 921 2418 πέντε
943 2364 1176 2418 τάλαντα
1195 2362 1250 2414 δέ
1272 2358 1680 2432 ἐγχειρισθέντα

87 2453 458 2521 ἀποδέχεται,
489 2451 586 2519 οὐχ
612 2450 694 2503 ὅτι
716 2449 814 2502 οὐκ
837 2445 1123 2519 ἐμείωσεν,
1145 2445 1259 2497 ἀλλ’
1280 2447 1360 2498 ὅτι
1387 2441 1678 2496 ἐπλεόνασε

90 2538 164 2588 τὸ
200 2535 379 2598 δοθὲν,
410 2535 503 2587 καὶ
545 2532 740 2601 διπλῆν
772 2532 870 2603 τὴν
901 2529 1370 2601 παρακαταθήκην
1410 2525 1678 2580 ἀπέδωκε.

84 2620 289 2690 Μέχρι
328 2619 470 2680 τίνος
511 2613 604 2670 οῦν
646 2617 706 2668 οὐ
741 2615 1003 2685 στήσεσθε
1055 2615 1338 2684 τρέχοντες
1385 2614 1463 2674 εἰς
1505 2610 1679 2670 κενὸν,

81 2707 194 2757 καὶ
247 2702 548 2764 κοπιῶντες
603 2699 804 2770 μάτην,
856 2700 949 2752 καὶ
1003 2699 1127 2768 είκῆ
1168 2697 1549 2759 πυκτεύοντες,
1590 2696 1684 2747 καὶ

76 2789 191 2841 τὸν
223 2789 364 2858 ἀέρα
398 2787 676 2857 δέροντες;
723 2784 832 2837 Καὶ
863 2782 973 2836 είθε
1001 2783 1158 2853 μόνον
1190 2781 1340 2851 εἰκῆ,
1359 2780 1533 2833 καίτοι
1563 2777 1684 2830 οὐδὲ

75 2873 264 2925 ⁸τοῦτο
295 2870 489 2942 μικρὸν
509 2871 585 2931 είς
619 2868 894 2930 κολάσεως
915 2867 1071 2940 λόγον
1091 2866 1152 2919 τὸ
1181 2864 1350 2918 πολλά
1383 2862 1681 2932 καμόντας,

83 2959 203 3010 καὶ
243 2956 468 3027 μείζονα
504 2953 614 3005 τῶν
661 2952 838 3004 πόνων
905 2951 1385 3021 προσδοκήσαντας
1447 2944 1682 3007 ἔπαθλα,

74 3041 249 3095 κατὰ
268 3039 362 3092 τὸν
394 3037 582 3108 καιρὸν
607 3048 628 3072 ε
647 3034 746 3104 τῆς
764 3037 929 3104 τιμῆς
951 3036 1008 3086 ἐν
1031 3035 1142 3096 τοῖς
1171 3033 1385 3100 ἀτίμοις
1405 3027 1684 3098 τετάχθαι.

168 3127 251 3176 B".
274 3122 303 3158 ά
321 3123 474 3174 Ἔστι
500 3120 556 3171 δέ
585 3119 679 3171 νῦν
709 3118 768 3171 οὐ
790 3117 946 3170 τοῦτο
975 3117 1132 3186 μόνον
1154 3116 1212 3167 τὸ
1241 3115 1432 3177 δεινὸν,
1457 3111 1575 3165 οὑδέ
1600 3109 1688 3181 μέ-

75 3227 194 3280 χρι
217 3207 317 3260 τοῦ
343 3206 419 3276 μὴ
448 3203 705 3273 κερδᾶναι
722 3205 789 3253 τὰ
807 3201 904 3269 τῆς
922 3200 1125 3270 ζημίας
1151 3201 1354 3260 αὐτοῖς,
1381 3197 1495 3250 ἀλλ’
1524 3196 1688 3266 ἕτερα

73 3292 292 3360 πολλῷ
321 3288 524 3343 τούτων
546 3285 820 3350 ἐκδέξεται
843 3284 1220 3355 χαλεπώτερα,
1240 3283 1299 3334 τὸ
1317 3281 1428 3352 πῦρ
1450 3282 1510 3334 τὺ
1526 3281 1687 3335 6665-

73 3395 256 3440 στον,
297 3376 327 3426 6
361 3371 576 3442 σκώληξ
612 3374 641 3424 6
681 3369 1060 3438 ἀτελεύτητος,
1094 3368 1153 3420 τὸ
1183 3367 1372 3430 σκότος
1405 3367 1464 3419 τὸ
1496 3365 1687 3429 ἐξώτεο

71 3479 222 3532 ρον,
254 3462 288 3528 ἡ
330 3457 536 3525 θλίψις,
573 3457 605 3524 ὴ
642 3453 994 3522 στενοχωρία.
1022 3452 1184 3502 Ὥστε
1215 3451 1423 3522 μυρίων
1453 3451 1584 3532 ἡμῖν
1610 3449 1690 3501 δεῖ

70 3531 399 3612 ὰτομάτων
426 3538 516 3590 καὶ
542 3537 642 3606 τῆς
671 3536 917 3603 ἀγγέλων
937 3534 1238 3603 δυνάμεως,
1260 3533 1346 3585 ’ίνα
1372 3531 1689 3601 δυνηθῶμεν

65 3628 201 3696 τῆς
236 3626 320 3686 είς
347 3625 497 3692 ἡμᾶς
522 3620 848 3691 κηδεμονίας
883 3617 1233 3689 εὐχαριστίαν
1279 3615 1567 3668 ἀποδοῦναι
1614 3615 1691 3684 τῷ

63 3707 229 3779 Θεῷ
278 3707 378 3777 τὴν
431 3703 614 3770 ἀξίαν⁹
650 3703 849 3774 μᾶλλον
881 3701 936 3754 66
961 3701 1082 3754 0666
1111 3701 1254 3754 οὑτω
1283 3700 1524 3754 δυνατόν.
1566 3698 1690 3760 Πῶς

61 3794 253 3863 γάρ,
297 3792 358 3843 '0
388 3790 486 3861 μὲν
517 3789 675 3852 πόνος
705 3798 728 3826 ε
761 3787 901 3858 ὑπὲρ
950 3787 1048 3857 τῆς
1080 3784 1376 3856 παρθενίας
1422 3785 1552 3854 ἡμῖν
1598 3784 1692 3835 καὶ

59 3881 217 3939 τοῖς
253 3875 554 3946 αίρετικοῖς
578 3872 710 3935 ίσος,
741 3871 878 3942 τάχα
909 3869 964 3922 δὲ
987 3868 1079 3922 καὶ
1102 3868 1281 3938 πολλῷ
1315 3868 1513 3923 πλείων
1544 3865 1690 3920 ἐκεί-

56 3977 215 4023 νοις
243 3976 255 3988 ·
283 3961 314 4011 6
336 3957 392 4010 66
439 3955 651 4025 καρπὸς
677 3953 784 4007 τῶν
817 3953 993 4006 πόνων
1020 3952 1117 4004 οὑκ
1153 3952 1287 4015 ἴσος,
1321 3949 1432 4008 ἀλλ’
1463 3950 1692 4011 ἐκείνοις

62 4046 206 4116 μὲν
237 4040 417 4110 δεσμά
439 4039 532 4091 καὶ
551 4039 760 4108 δάκρυα
781 4037 876 4091 καὶ
903 4036 1140 4106 οἰμωγαὶ
1163 4037 1254 4088 καὶ
1281 4035 1341 4087 τὸ
1367 4031 1691 4098 κολάζεσθαι

53 4128 382 4187 ἀθάνατα,
407 4126 539 4193 ἡμῖν
555 4123 612 4176 66
639 4124 694 4176 αἱ
725 4121 834 4175 τῶν
860 4120 1106 4189 ἀγγέλων
1126 4121 1328 4190 λήξεις,
1359 4118 1451 4171 καὶ
1480 4119 1544 4174 αἰ
1565 4135 1691 4187 φαι-

48 4215 150 4286 δρ
163 4213 234 4265 1‘7.
266 4209 574 4280 λαμπάδες,
600 4209 691 4260 καὶ
713 4207 772 4260 τὸ
797 4207 1012 4260 πάντων
1039 4202 1330 4272 κεφάλαιον
1345 4201 1451 4255 τῶν
1473 4201 1693 4270 ἀγαθῶν

52 4281 119 4366 ἦ
164 4293 330 4365 μετά
355 4291 450 4344 τοῦ
481 4289 717 4362 νυμφίου
741 4289 1004 4359 διαγωγή.
1040 4289 1104 4339 Τί
1126 4287 1323 4358 δήποτε
1347 4281 1440 4338 οὖν
1459 4285 1568 4338 τῶν
1595 4284 1694 4338 αὐ-

46 4378 213 4432 τῶν
267 4375 450 4426 πόνων
494 4375 710 4426 ἐναντία
745 4371 814 4426 τὰ
853 4373 1136 4443 ἐπίχειρα;
1169 4371 1292 4423 ’Ότι
1328 4370 1524 4423 ἐκεῖνοι
1573 4367 1692 4438 μέν,

50 4468 188 4518 ἵνα
223 4459 764 4528 ἀντινομοθετήσωσι
779 4457 862 4528 τῷ.
878 4456 1128 4527 Θεῷ,την
1146 4454 1443 4526 παρθενίαν
1467 4454 1691 4517 εἴλοντο,

45 4555 93 4621 ἡ
111 4550 276 4619 μεῖς
305 4545 365 4596 δὲ
395 4542 788 4612 ἴνα-ἀνύσωμεν
803 4541 970 4594 αὐτοῦ
999 4542 1060 4593 τὸ
1082 4539 1317 4610 θέλημα,
1334 4539 1494 4592 τοῦτο
1522 4538 1697 4608 πράτ-

40 4647 299 4702 τομεν.
333 4629 458 4680 ,Ὅτι
502 4627 610 4698 γάρ
641 4628 670 4678 6
695 4627 826 4690 θεὸς
860 4625 1108 4696 βούλεται
1137 4624 1345 4686 πάντας
1378 4621 1696 4695 ἀνθρώπους

41 4713 428 4786 ἀπέχεσθαι
456 4713 659 4783 γάμου,
692 4713 785 4765 καὶ
822 4712 1030 4782 μάρτυς
1058 4710 1192 4762 ότὸν
1218 4707 1451 4780 Χριστὸν
1481 4707 1618 4778 ἔχων
1640 4709 1697 4760 ἐν

39 4799 295 4869 ἑαυτῷ
330 4796 596 4851 λαλοῦντα
617 4814 630 4825 ·
657 4797 958 4863 Βούλομαι
986 4795 1116 4865 γάρ,
1155 4795 1308 4862 φησὶ,
1335 4791 1566 4858 πάντας
1594 4791 1699 4846 ἀν-

37 4885 395 4957 θρώπους
419 4880 569 4936 εἶναι
603 4883 680 4947 ὡς
711 4883 808 4934 καί
833 4882 1112 4949 ἐμαυτὸν,
1140 4881 1196 4932 ἐν
1230 4876 1543 4950 ἐγκρατείᾳ.
1577 4877 1701 4929 Φειο

34 4977 342 5043 οἰόμενος
392 4967 412 5004 ί
448 4967 506 5021 66
556 4967 712 5038 ήμῶν
753 4970 781 5020 6
821 4966 1012 5038 Σωτὴρ
1044 4967 1092 5029 ⁸,
1153 4964 1249 5018 καὶ
1295 4961 1451 5025 εἰδὼς
1514 4962 1596 5014 ὅτι
1637 4961 1700 5014 τὸ

39 5061 198 5133 μὲν
247 5051 473 5115 πνεῦμα
509 5051 810 5123 πρόθυμον,
855 5053 888 5121 ἡ
926 5051 982 5104 66
1019 5049 1172 5133 6695
1195 5048 1447 5133 ἀσθενὴς,
1481 5047 1581 5099 οὐκ
1621 5047 1701 5110 εἰς

32 5129 338 5207 ἐντολῆς
373 5137 620 5205 ἀνάγκην
654 5134 716 5187 τὸ
769 5135 1002 5206 πρᾶγμα
1046 5131 1414 5194 κατέκλεισεν,
1457 5129 1569 5182 ἀλλ’
1604 5130 1701 5182 ἐπ-

29 5222 346 5296 ἐτρεψεν
381 5219 547 5272 αὑτοῦ
566 5219 662 5290 τὴν
692 5219 902 5288 αἵρεσιν
931 5219 1049 5279 ταῖς
1076 5214 1373 5286 ἡμετέραις
1391 5215 1609 5284 ψυχαῖς.
1639 5213 1700 5266 Et

27 5315 200 5383 γὰρ
234 5301 316 5375 ἦν
340 5305 625 5373 ἐπίταγμα
653 5302 744 5354 καὶ
767 5302 952 5371 νόμος,
983 5301 1080 5352 οὐκ
1100 5301 1163 5354 ἂν
1178 5301 1228 5352 οἱ
1257 5297 1702 5369 κατορθώσαντες

22 5380 281 5466 ξιμῆς
333 5387 680 5456 ἀπήλαυσαν,
729 5385 842 5438 ἀλλ’
903 5386 1144 5455 ἤκουσαν
1204 5383 1292 5448 ἂν,
1339 5384 1406 5435 "A
1444 5380 1701 5450 ὠφείλετε

115 5540 156 5568 ιι
205 5533 394 5591 Ἧμιίς
414 5529 551 5577 deest
579 5531 625 5578 in
655 5530 778 5591 Reg.

114 5601 158 5640 b
206 5598 264 5644 Β
275 5584 362 5653 ég.
394 5593 476 5654 καὶ
516 5593 576 5638 τὰ.
613 5584 830 5654 πρόϐατα
860 5592 914 5639 ἐκ
943 5591 1119 5646 δεξιῶν.
1158 5587 1285 5636 Infra
1311 5589 1359 5636 δέ
1406 5589 1517 5649 post
1534 5584 1706 5632 τάλαν-

13 5684 106 5718 τα
143 5663 345 5712 deest
369 5655 421 5701 in
443 5653 566 5718 flag:

114 5731 149 5758 ε
193 5721 356 5778 Reg,
384 5712 722 5778 δοίης-ἔπαθλα
744 5714 969 5778 ἐνστάντα
985 5713 1070 5778 ,τὸν
1089 5712 1268 5773 καιρόν.

109 5789 148 5828 d
185 5769 400 5834 ilicvin
427 5781 646 5838 margine
673 5777 863 5837 Reg.9t
882 5776 1030 5823 Savil.
1057 5769 1707 5838 arguiqpnlumlegiturﬁn

19 5856 133 5908 καὶ
168 5833 504 5908 ᾖολάζογται
529 5833 573 5885 ὄί
593 5833 818 5908 αἱρετιιῖοὶ
838 5838 915 5886 διά
931 5838 986 5884 τὸ
1009 5833 1336 5898 παρθενεῦσαι.

105 5921 133 5940 ⁸
183 5911 350 5963 Reg.
383 5905 412 5948 6
438 5902 522 5963 μὲν
545 5916 632 5962 γαρ
653 5902 809 5956 πόνος.

115 5977 146 6018 ι
192 5961 355 6026 Reg.
387 5963 438 6010 ἐν
462 5961 707 6026 ἐγκρατείᾳ
734 5962 968 6026 δηλονότιἶ
992 5961 1123 6026 Φειδ.

102 6043 148 6088 ε
179 6023 370 6086 διόθ
397 6023 610 6088 Savilio;
639 6023 804 6074 aberat
839 6025 1020 6089 Σωτήρ.
1042 6023 1174 6073 Eon.

1389 400 1474 454 DE
1512 392 1974 454 VIRGINITATE.
3237 395 3338 451 ξιτεδ

1775 508 2019 578 ποιῆσαι,
2074 510 2432 582 πεποιήκατε,
2464 509 2587 563 οὐτε
2629 512 2678 563 οί
2728 508 3184 580 διαμαρτάνοντες
3209 531 3342 582 συγ-

1772 593 1998 664 γνώμης
2049 592 2256 663 έτυχον,
2311 593 2448 648 ἀλλά
2489 592 2587 665 τὴν
2621 593 2730 646 τῶν
2777 593 3235 664 παρανομούντων
3278 597 3344 651 ἀν

1772 678 2084 748 ὑπέστησαν
2111 678 2268 747 δίκην
2289 695 2302 708 ο
2332 678 2427 732 νῦν
2458 678 2514 731 66
2543 677 2734 734 εἰπὼν.
2779 678 2840 731 '0
2869 677 3204 748 δυνάμενος
3229 699 3312 750 χω
3330 713 3345 723 -

1757 761 1893 827 ρεῖν
1937 762 2214 829 χωρείτω,
2258 764 2384 825 τούς
2447 763 2544 832 μὲν
2598 761 2671 832 μὴ
2721 758 3054 832 δυναμένους
3094 763 3153 816 06
3211 781 3345 818 κοιτ-⁹

1771 843 1972 916 έκρινε,
2000 844 2105 897 τῶν
2151 845 2208 897 δέ
2237 844 2548 916 δυναμένων
2579 846 2744 898 πολὺν
2783 847 2877 899 καὶ¹
2917 846 3220 917 ὑπέρογκον
3254 848 3348 902 τὸν

1767 928 1955 995 ἀγῶνα
1993 928 2263 995 ἀπέδειξε.
2303 929 2402 982 Διά
2434 928 2590 982 τοῦτο
2613 931 2704 982 καὶ
2739 932 2766 981 6
2799 929 3008 992 Παῦλος
3050 932 3170 983 κατ’
3203 933 3347 1000 ἴχνος

1771 1012 1966 1082 βαίνων
1990 1013 2083 1066 τοῦ
2105 1012 2456 1077 Διδασκάλου⁹
2483 1006 2619 1076 Περὶ
2636 1007 2670 1058 6
2673 1005 2701 1057 ὲ
2717 1007 2837 1063 τῶν
2851 1013 3161 1082 παρθένων
3176 1016 3204 1056 h
3222 1017 3346 1069 ἐπι-

1769 1095 1960 1164 ταγὴν
1981 1097 2222 1163 Κυρίου,
2255 1097 2440 1168 φησὶν,
2469 1099 2581 1152 οὐκ
2608 1095 2747 1166 ἔχω,
2776 1096 3014 1166 γνώμην
3029 1098 3097 1151 δὲ
3116 1099 3352 1168 δίδωμι,

1841 1194 1915 1248 Γ’.
1934 1191 2069 1245 Ἀλλ’
2085 1193 2204 1246 οὐδὲ
2216 1194 2497 1264 Μαρκίων,
2511 1194 2632 1246 οὑδέ
2644 1194 2715 1247 Οὐ
2722 1194 3012 1260 αλεντῖνος,
3025 1195 3146 1249 οὑδέ
3157 1197 3348 1266 Μάνης

1771 1277 1972 1349 ταύτης
1995 1279 2252 1348 ἠνέσχετο
2279 1279 2376 1348 τῆς
2397 1279 2758 1350 συμμετρίας.
2787 1279 2863 1331 O6
2887 1278 2995 1351 γὰρ
3024 1275 3168 1350 εἶχον
3195 1279 3345 1352 [271]

1773 1363 1832 1414 ἐν
1856 1363 2067 1426 ἑαυτοῖς
2095 1363 2356 1417 λαλοῦντα
2381 1363 2473 1416 τὸν
2505 1363 2760 1434 Χριστὸν,
2795 1363 2889 1416 τὸν
2912 1364 3020 1417 τῶν
3049 1365 3190 1418 ἰδίων
3217 1383 3350 1436 προ-

1773 1444 1952 1499 ϐάτων
1977 1446 2313 1516 φειδόμενον,
2338 1446 2430 1500 καὶ
2451 1446 2548 1519 τὴν
2571 1447 2747 1519 ψυχὴν
2769 1445 2933 1499 αὑτοῦ
2959 1447 3177 1501 τιθέντα
3211 1449 3349 1520 ὑπὲρ

1774 1531 1972 1594 αὐτῶν,
2002 1529 2136 1582 ἀλλά
2169 1529 2258 1582 τὸν
2287 1529 2728 1601 ἀνθρωποκτόνον
2755 1530 2846 1583 τὸν
2877 1530 2970 1583 τοῦ
3000 1530 3228 1600 ψεύὼυς
3254 1550 3352 1585 παν

1772 1614 1926 1685 τέρα.
1951 1613 2049 1667 Διά
2075 1631 2158 1667 τοι
2180 1613 2336 1667 τοῦτο
2367 1615 2459 1668 καὶ
2481 1615 2607 1678 τοὺς
2637 1613 2989 1683 πειθομένους
3012 1615 3192 1679 αὐτοῖς
3221 1617 3356 1670 πάν-

1775 1717 1872 1762 τας
1906 1698 2214 1760 ἀπώλεσαν,
2263 1699 2498 1751 ἐνταῦθα
2551 1700 2649 1769 μὲν
2693 1699 2890 1760 αὐτοὺς
2931 1699 3210 1771 ἀνονήτοις
3258 1703 3351 1756 καὶ

1777 1783 2070 1854 ἀφορήτοις
2095 1782 2416 1852 βαρύνοντες
2449 1782 2653 1845 πόνοις,
2692 1783 2811 1835 ἐκεῖ
2843 1784 2900 1836 δὲ
2930 1784 3009 1846 είς
3039 1784 3100 1837 τὸ
3126 1786 3353 1858 ἡτοιμα-

1780 1867 1975 1938 σμένον
2006 1866 2235 1929 ἐκείνοις
2267 1865 2379 1938 πῦρ
2413 1866 2965 1936 συγκατασπάσαντες
2991 1870 3222 1934 ἑαυτοῖς.

1847 1948 1920 2002 Δ’.
1956 1944 2026 2001 Ὦ
2042 1950 2136 2002 καὶ
2162 1948 2427 2019 Ἑλλήνων
2447 1949 2603 2019 ὑμεῖς
2617 1949 2844 2004 ἀθλιώτε
2853 1967 2954 2021 ρον
2971 1952 3235 2023 Ἕλληνας
3256 1955 3354 2024 μὲν

1781 2033 1889 2106 γάρ
1917 2035 1965 2086 εί
1989 2035 2082 2087 καὶ
2107 2033 2174 2087 τὰ
2201 2034 2299 2104 τῆς
2321 2033 2546 2104 γεέννης
2575 2034 2852 2104 ἐκδέχεται
2873 2034 3040 2100 δεινά,
3068 2037 3182 2090 ἀλλ’
3206 2039 3354 2109 ὅμως

1779 2119 1839 2171 7:6
1870 2117 1998 2187 γοῦν
2037 2117 2271 2172 ἐνταῦθα
2315 2117 2652 2189 καρποῦνται
2698 2118 2817 2189 ἡδὺ,
2862 2119 3059 2189 γάμοις
3103 2121 3354 2190 όμιλοῦντ

1779 2220 1891 2267 τες,
1935 2203 2027 2255 καὶ
2057 2201 2355 2272 χρημάτων
2385 2200 2768 2266 ἀπολαύοντες,
2799 2203 2890 2256 καὶ
2920 2203 3020 2273 τῆς
3071 2203 3236 2274 άλλης
3263 2207 3357 2258 ἀν-

1782 2289 1949 2350 έσεως
1988 2289 2089 2358 τῆς
2128 2284 2413 2354 βιωτικῆς·
2447 2287 2573 2356 ὑμῖν
2619 2287 2676 2341 δὲ
2721 2289 2780 2340 τὸ
2831 2286 3215 2356 βασανίζεσθαι
3263 2292 3358 2347 καὶ

1780 2369 2244 2441 ταλαιπωρεῖσθαι
2287 2370 2645 2442 ἑκατέρωθεν,
2695 2370 2926 2428 ἐνταῦθα
2980 2373 3076 2442 μὲν
3115 2373 3354 2436 ἑκοῦσιν4

1782 2455 1900 2507 ἐκεῖ
1934 2454 1989 2507 δὲ
2025 2455 2099 2524 μὴ
2133 2451 2492 2523 βουλομένοις.
2531 2455 2640 2507 Καὶ
2670 2453 2902 2525 Ἕλλησι
2933 2455 3032 2526 μὲν
3079 2457 3219 2529 ὑπὲρ
3259 2475 3358 2529 νη-

1785 2538 1965 2601 στείας
2000 2537 2094 2591 καὶ
2132 2536 2428 2608 παρθενίας
2468 2534 2591 2590 οὐτε
2649 2536 2840 2606 μισθὸν
2882 2537 3042 2592 δώσει
3089 2557 3192 2603 τις,
3234 2539 3356 2593 οὐτε

1785 2621 2002 2682 κόλασις
2020 2619 2367 2673 ἀποκείσεται
2385 2633 2401 2648 ⁸
2427 2620 2582 2690 ὑμεῖς
2603 2620 2658 2672 66
2688 2620 2828 2691 ὑπὲρ
2849 2614 2923 2674 ὧν
2945 2623 3166 2693 μυρίους
3193 2642 3360 2696 προσ-

1785 2707 2074 2776 εδοκήσατε
2115 2705 2388 2767 ἐπαίνους.
2428 2705 2567 2773 ὑπὲρ
2614 2704 2816 2758 τούτων
2855 2705 2956 2775 τὴν
3000 2706 3233 2778 ἐσχάτην
3264 2707 3361 2761 δώ.

1787 2792 1941 2844 σετεί
1966 2789 2144 2858 δίκην,
2176 2788 2271 2840 καὶ
2297 2787 2437 2858 μετά
2455 2787 2564 2840 τῶν
2593 2787 2766 2842 ἄλλων
2795 2789 3114 2850 ἀκούσεσθε,
3158 2793 3364 2844 Ἀπέλο

1787 2875 1916 2926 θετε
1951 2875 2052 2926 ἀπ’
2099 2871 2246 2939 ἐμοῦ
2285 2874 2372 2938 είς
2400 2870 2466 2924 τὸ
2491 2871 2610 2940 πῦρ
2651 2872 2717 2924 τὸ
2758 2873 2997 2926 αἰώνιον
3025 2872 3092 2926 τὸ
3122 2875 3363 2942 ἡτοιμα-

1787 2957 2016 3026 σμένον
2044 2954 2124 3021 τῷ
2152 2953 2411 3018 διαϐόλῳ
2447 2955 2544 3008 καὶ
2579 2953 2703 3020 τοῖς
2729 2955 3004 3024 ἀγγέλοις
3035 2956 3244 3016 αὑτοῦ,
3279 2958 3364 3010 ὃτι

1787 3040 2169 3112 ἐνηστεύσατε,
2200 3038 2283 3093 ὅτι
2304 3037 2761 3108 ἐπαρθενεύσατε.
2801 3039 2862 3091 Ἡ
2893 3039 3007 3112 γὰρ,
3026 3039 3243 3109 νηστεία
3268 3041 3363 3093 καὶ

1786 3131 1819 3198 ἡ
1863 3124 2130 3198 παρθενία
2173 3125 2293 3179 οὐτε
2325 3123 2490 3180 καλὸν
2515 3122 2637 3178 καθ’
2669 3122 2844 3185 ἐαυτὸ,
2877 3122 2998 3175 οὔτε
3031 3123 3218 3188 κακὸν,
3247 3123 3364 3177 ἀλλ’

1789 3213 1896 3267 ἀπὸ
1926 3212 2024 3282 τῆς
2049 3211 2158 3264 τῶν
2191 3211 2481 3277 μετιόντων
2524 3207 2893 3282 προαιρέσεως
2927 3208 3186 3277 ἑκάτερον
3219 3207 3363 3277 γίνε-

1789 3313 1898 3350 ται.
1927 3295 2034 3348 Καὶ
2063 3293 2288 3365 Ἕλλησι
2317 3296 2413 3364 μὲν
2443 3294 2688 3365 ἄκαρπος
2717 3297 2754 3365 ἡ
2777 3295 2996 3367 τοιαύτη
3024 3291 3224 3369 ἀρετή·
3267 3299 3365 3352 ἀπ-

1791 3383 1976 3455 έχουσι
2008 3381 2116 3452 γάρ
2160 3380 2356 3446 αὐτῶν
2383 3380 2474 3434 τὸν
2511 3379 2720 3450 μισθὸν,
2769 3381 2850 3432 ὅτι
2891 3380 2966 3450 μὴ
3012 3380 3099 3433 διά
3125 3375 3231 3435 ’τὸν
3269 3381 3364 3435 τοῦ

1789 3468 1926 3522 Θεοῦ
1974 3466 2136 3537 φόϐον
2180 3463 2444 3536 μετῆλθον
2489 3464 2693 3534 αὑτήν
2737 3463 2894 3533 ὑμεῖς
2926 3462 2981 3515 66
3019 3463 3100 3516 ὅτι
3145 3463 3221 3533 τῷ
3249 3462 3365 3534 Θεῷ

1795 3553 2090 3624 μαχόμενοι
2134 3550 2226 3604 καὶ
2262 3548 2638 3610 διαόάλλοντες
2672 3547 2837 3600 αὐτοῦ
2870 3545 2938 3599 τὰ
2975 3547 3269 3618 κτίσματα,
3303 3549 3364 3602 οὐ

1794 3640 1954 3709 μόνον
1986 3635 2218 3705 ἀπέχετε
2247 3633 2336 3686 τὸν
2382 3633 2570 3704 μισθόν
2601 3632 2773 3702 ὑμῶν,
2802 3630 2936 3684 ἀλλά
2969 3630 3063 3684 καὶ
3097 3631 3366 3702 κολασθή-

1795 3721 1974 3779 σεσθε.
1999 3720 2095 3772 καὶ
2113 3717 2398 3787 δογμάτων
2425 3718 2521 3787 μέν
2550 3717 2735 3769 ἐνεκεν
2766 3716 2887 3786 μετ’
2915 3715 3136 3768 ἐκείνων
3155 3716 3366 3780 τετάξε⁴

1795 3805 1908 3867 σθε,
1943 3804 2025 3856 ὅτι
2069 3802 2268 3872 ὁμοίιος
2312 3801 2498 3862 αὐτοῖς
2541 3798 2632 3852 τὸν
2676 3798 2805 3851 ὄντα
2843 3797 2974 3850 θεὸν
3005 3798 3368 3870 ἀθετήσαντες

1797 3888 2084 3943 πολυθεῒαν
2146 3884 2504 3955 εἰσηγάγετε·
2563 3882 2665 3951 τῆς
2715 3883 2773 3936 66
2834 3881 3107 3945 πολιτείας
3159 3883 3365 3945 ἕνεκεν,

1794 3974 2017 4044 ἄμεινον
2053 3971 2207 4042 ὑμῶν
2229 3971 2427 4022 ἐκεῖνοι
2452 3966 2738 4038 πράξουσι.
2769 3967 2895 4030 Τοῖς
2926 3965 3024 4036 μέν
3056 3968 3165 4038 γὰρ
3203 3969 3236 4038 ὴ
3270 3969 3368 4039 ζη-

1798 4058 1894 4129 μία
1930 4056 2091 4128 μέχρι
2118 4053 2212 4108 τοῦ
2249 4051 2414 4124 μηδὲν
2449 4050 2632 4104 λαϐεῖν
2667 4049 2889 4118 ἀγαθὸν,
2924 4051 3049 4120 ὑμῖν
3077 4051 3132 4104 δὲ
3157 4051 3368 4106 καὶτοῦ

1797 4141 1942 4196 κακά
1976 4137 2337 4211 προσλαϐεῖν·
2388 4136 2480 4188 καὶ
2519 4137 2632 4199 τοῖς
2680 4136 2778 4201 μὲν
2817 4134 2960 4187 κατά
3005 4135 3095 4187 τὸν
3129 4135 3372 4206 παρόντα

1799 4225 1909 4294 βίον
1929 4219 2233 4276 ἀπολαῦσαι
2258 4219 2473 4273 πάντων
2493 4215 2753 4288 ὑπῆρξεν,
2783 4216 2939 4286 ὑμεῖς
2959 4215 3014 4268 66
3048 4217 3374 4289 ἀμφοτέρων

1795 4301 2110 4374 ἐστέρησθε.
2163 4296 2312 4370 *Αρά
2357 4298 2440 4362 τίς
2482 4299 2597 4350 ἐστι
2629 4297 2831 4367 ταύτης
2869 4296 3090 4360 κόλασις
3123 4297 3372 4366 χαλεπω-

1795 4384 1949 4453 τέρα,
1996 4381 2174 4434 πόνων
2224 4379 2319 4432 καὶ
2364 4376 2602 4448 ἱδρώτων
2653 4376 2921 4448 τιμωρίας
2966 4376 3375 4447 ἀπολαμϐάνειν
3423 4438 3438 4452 ,

1796 4463 1895 4525 τάς
1915 4461 2179 4532 ἀμοιϐάςς
2221 4460 2278 4512 Ὀ
2305 4457 2510 4530 μοιχὸς,
2543 4456 2636 4510 καὶ
2668 4458 2695 4509 6
2717 4455 3065 4525 πλεονέκτης,
3097 4458 3190 4510 καὶ
3213 4459 3241 4509 6
3263 4461 3374 4522 τοῖς

1797 4542 2098 4612 ἀλλοτρίοις
2131 4538 2432 4610 ἐντρυφῶν.
2481 4537 2575 4590 καὶ
2606 4535 2671 4588 τά
2699 4535 2794 4588 τοῦ
2835 4535 3060 4606 πλησίον
3091 4537 3374 4606 ἁρπάζων,

1799 4621 1980 4692 ἔχουσί
2032 4638 2152 4674 τινα
2196 4615 2572 4689 παραμυθίαν,
2629 4615 2887 4685 βραχεῖαν
2929 4615 3059 4692 μὲν,
3095 4615 3274 4686 ἔχουσι
3319 4617 3376 4670 δὲ

1797 4689 1966 4772 ὅμως,
2001 4701 2062 4754 τὸ
2092 4701 2231 4770 ὑπὲρ
2257 4697 2461 4751 τούτων
2501 4695 2823 4759 κολάζεσθαι
2852 4695 2988 4768 ὑπὲρ
3024 4689 3099 4748 ὧν
3141 4696 3375 4749 ἐνταῦθα

1802 4782 2147 4836 ἀπέλαυσαν’
2190 4782 2217 4832 6
2249 4778 2305 4831 66
2346 4777 2535 4830 πενίαν
2577 4777 2673 4845 μὲν
2712 4774 2959 4828 ἑκούσιον
2994 4776 3255 4841 ὑποστάς,
3293 4777 3379 4830 ἵνα

1803 4865 1919 4916 ἐκεῖ
1954 4861 2179 4930 πλουτῇ,
2229 4858 2322 4910 καλ⁸
2374 4857 2500 4920 τοὺς
2545 4857 2641 4924 τῆς
2689 4853 2985 4925 παρθενίας
3037 4855 3250 4920 πόνους,
3292 4858 3378 4909 ἵνα

1801 4945 1918 4996 ἐκεῖ
1950 4939 2085 5012 μετὰ
2117 4937 2362 5006 ἀγγέλων
2407 4935 2628 5006 χορεύη,
2660 4930 2782 4988 εἶτα
2811 4933 3068 5004 ἐξαίφνης
3105 4938 3197 4990 καὶ
3228 4938 3379 5006 παρὰ

1803 5024 1984 5075 πᾶσαν
2029 5018 2356 5090 προσδοκίαν
2400 5017 2540 5087 ὑπὲρ
2569 5015 2774 5067 τούτων
2814 5013 3195 5085 κολαζόμενος,
3237 5017 3378 5088 ὑπὲρ

1801 5096 1874 5155 ῶν
1911 5099 2118 5170 μυρίων
2147 5098 2374 5168 ήλπισεν
2409 5093 2812 5150 άπολαύσεσθαι
2841 5094 3044 5156 καλῶν,
3077 5095 3196 5146 οὐδὲ
3235 5095 3381 5150 ἐστιν

1804 5183 1976 5235 εἰπεῖν
2002 5182 2134 5250 ὅσην
2163 5177 2452 5247 ὑφίσταται
2474 5174 2572 5245 τὴν
2603 5172 2871 5242 ἀλγηδόνα
2902 5173 2980 5244 τῷ
3001 5175 3130 5244 παρ’
3160 5173 3381 5240 ἐλπίδας

1803 5261 1976 5316 ταῦτα
2005 5259 2215 5312 παθεῖν.
2272 5256 2414 5324 Ἐγὼ
2455 5255 2563 5326 γάρ
2590 5253 2649 5316 ἐξ
2681 5254 2801 5323 ἴσης
2831 5251 2925 5305 τοῦ
2953 5253 3120 5326 πυρὸς
3157 5255 3260 5307 ὑπὸ
3287 5256 3380 5310 τοῦ

1806 5341 2105 5402 συνειδότος
2150 5337 2312 5390 αὐτὸν
2346 5331 2501 5406 οἶμαι
2553 5333 2926 5404 μαστίξεσθαι.
2977 5334 3106 5387 ὅταν
3155 5336 3383 5408 ἐννοήσῃ

1804 5423 1929 5483 τοὺς
1951 5420 2048 5490 μὲν
2075 5418 2143 5471 τὰ
2169 5417 2308 5470 αὐτὰ
2336 5415 2484 5486 αὑτῷ
2514 5414 2890 5490 πεπονηκότας
2913 5413 2990 5482 τῷ
3016 5413 3232 5485 Χριστῷ
3255 5433 3384 5469 συν-

1807 5489 1984 5565 όντας,
2043 5498 2203 5552 αὐτὸν
2250 5497 2305 5550 66
2351 5497 2490 5567 ὑπὲρ
2527 5489 2601 5547 ὧν
2649 5498 2844 5549 ἐκεῖνοι
2898 5495 3006 5548 τῶν
3053 5496 3383 5566 ἀπορρήτων

1807 5580 2171 5660 ἀπολαύουσιν
2218 5576 2459 5660 ἀγαθῶν,
2491 5575 2631 5660 ὑπὲρ
2674 5576 2876 5629 τούτων
2907 5574 3018 5660 τήν.
3037 5576 3272 5660 ἐσχάτην
3301 5574 3382 5626 τί-

1809 5669 1967 5706 νοντα
2007 5651 2181 5720 δίκην,
2216 5649 2311 5701 καὶ
2361 5646 2466 5701 τῶν
2494 5645 2808 5700 ἀκολάστων
2839 5647 2931 5698 καὶ
2960 5645 3174 5713 λάγνων
3199 5645 3288 5700 τὸν
3324 5645 3382 5697 ἐν

1812 5732 2101 5802 σεμνότητι
2127 5727 2454 5794 διαγαγόντα
2485 5726 2840 5796 χαλεπώτερα
2864 5725 3159 5794 πάσχοντα.

1873 5823 1900 5863 ιι
1924 5824 2055 5874 Ηιρε.
2079 5823 2182 5884 περὶ
2211 5821 2262 5868 δὲ
2284 5822 2379 5884 τῶν
2402 5821 2660 5884 παρθένων,
2687 5819 2865 5884 dgsunl
2885 5817 2935 5864 in
2957 5816 3130 5865 Morel.
3161 5820 3212 5862 et
3237 5814 3384 5863 Plan-

1812 5890 1924 5945 tin.,
1947 5886 2032 5931 scd
2061 5880 2302 5931 habemur
2326 5880 2546 5945 inﬁav‘il.
2573 5889 2624 5928 cl
2649 5884 2695 5945 it_l
2713 5880 2844 5945 Reg.

1881 5938 2076 5994 i'Savil.
2114 5948 2162 5992 in
2189 5950 2348 5999 textu,
2376 5943 2548 5992 Morel.
2589 5948 2644 5992 et
2667 5943 2881 5992 Plantin.
2921 5941 3150 6000 δὼσεσθε,
3172 5938 3296 6003 Reg.
3331 5943 3382 5987 εἰ

1818 6011 1967 6063 Savil.
1989 6012 2039 6059 in
2064 6021 2211 6071 marg.
2243 6007 2438 6056 δώσετε.
