3844 6260
154 314 256 371 537

150 429 359 487 areanis
394 429 547 485 nonis
577 428 835 497 fruantur,
864 429 935 486 ob
960 444 1024 485 ea
1052 438 1317 487 extremas
1346 444 1533 500 pinnas
1562 432 1730 499 luere,

149 532 205 577 et
230 523 321 593 qui
352 523 511 578 vitam
545 521 714 593 egerit
745 537 1022 589 severam,
1045 523 1260 595 gravius
1287 523 1532 581 mulctari
1576 540 1736 594 quam

146 614 432 671 dissolutos
462 630 524 670 ac
552 614 677 670 luxu
706 615 967 686 perditos.

221 706 285 762 γ.
320 705 690 765 Raeticarum
719 708 1058 779 virginitatem
1082 706 1160 763 vel
1194 706 1445 763 adulterio
1477 706 1736 779 radiarent

146 817 273 855 esse.
300 831 369 841 —
384 801 591 856 Etenim
616 801 986 857 haereticorum
1008 801 1333 856 continentia
1349 802 1497 857 omni
1515 810 1600 857 est
1615 801 1735 857 libi-

144 893 272 950 dine
301 892 467 964 pejor.
513 892 641 948 Hrec
681 908 912 965 namque
952 893 1200 965 injuriam
1227 892 1532 949 hominibus
1558 893 1731 950 solum

144 987 322 1051 infert,
348 986 437 1042 illa
457 1001 581 1041 cum
612 986 723 1041 Deo
746 994 965 1057 pugnat,
993 995 1154 1057 atque
1187 986 1447 1042 inﬁnitam
1475 986 1620 1042 illam
1641 1002 1733 1042 sa—

144 1080 400 1149 pientiam
430 1078 612 1135 laedit:
641 1079 902 1150 ejusmodi
928 1080 1147 1151 laqueos
1171 1080 1284 1135 suis
1300 1080 1594 1137 cultoribus
1618 1079 1735 1136 dia-

144 1173 300 1228 bolus
332 1172 518 1228 tendit.
561 1172 694 1228 Nam
719 1171 1094 1228 hmreticorum
1121 1172 1477 1243 virginitatem
1504 1172 1729 1228 vafritiei

140 1263 262 1333 ejus
295 1264 482 1335 procul
501 1262 664 1318 dubio
684 1263 958 1319 inventum
988 1278 1129 1331 esse,
1162 1279 1267 1319 non
1292 1279 1412 1335 ego,
1443 1264 1539 1320 sed
1559 1264 1605 1320 is
1629 1280 1731 1320 au-

140 1363 262 1410 ctor
285 1362 388 1422 est,
415 1354 506 1425 qui
527 1355 643 1425 ejus
678 1355 898 1410 consilia
928 1370 1033 1412 non
1065 1356 1290 1426 ignorat.
1313 1355 1452 1423 Quid
1495 1357 1654 1427 igitur
1683 1358 1729 1411 is

139 1449 215 1503 ait
231 1448 257 1501 Ἰ
278 1448 506 1519 Spiritus
529 1449 795 1521 manifeste
826 1449 968 1517 dicit,
997 1451 1116 1521 quia
1141 1450 1195 1503 in
1223 1450 1506 1504 novissimis
1530 1458 1727 1520 tempo-

138 1538 280 1594 ribus
304 1540 558 1595 discedent
586 1540 794 1611 quidam
820 1556 853 1594 a
873 1540 995 1609 fide,
1022 1540 1331 1595 attendentes
1354 1539 1614 1610 spiritibus
1642 1557 1725 1595 er-

138 1633 295 1698 roris,
317 1641 365 1687 et
392 1632 633 1687 doctrinis
653 1633 1038 1700 daemoniorum,
1060 1633 1113 1687 in
1131 1633 1387 1705 hypocrisi
1420 1634 1727 1705 loquentium

135 1724 460 1779 mendacium
483 1766 499 1791 ,
531 1734 578 1779 et
616 1725 945 1781 canteriatam
984 1724 1276 1779 habentium
1298 1742 1442 1780 suam
1467 1726 1731 1781 conscien-

133 1817 284 1882 tiam,
313 1816 681 1885 prohibentium
708 1817 913 1885 nubere,
945 1817 1191 1873 abstinere
1215 1835 1247 1872 a
1270 1818 1394 1873 cibis
1434 1834 1558 1889 quos
1585 1817 1725 1873 Deus

134 1908 326 1962 crearit
353 1908 431 1978 (l.
463 1908 593 1963 Tim.
622 1909 678 1963 Δ.
708 1909 848 1980 1-3).
879 1908 979 1977 Qui
1007 1909 1165 1980 igitur
1190 1909 1338 1980 virgo
1362 1907 1524 1966 fuerit
1548 1925 1667 1980 qua:
1690 1924 1723 1964 a

132 1998 245 2053 ﬁde
264 1997 462 2066 deﬁcit,
484 2014 602 2070 quae
624 1999 808 2070 planos
827 1999 996 2068 audit,
1026 2016 1144 2071 qua:
1164 2000 1495 2057 daemonibus
1517 2002 1725 2057 obtem-

133 2101 313 2160 perat,
342 2107 462 2162 qua:
495 2092 831 2148 mendacium
853 2093 1023 2148 colit?
1056 2093 1267 2164 ecquid,
1308 2094 1543 2165 inquam,
1574 2095 1724 2166 virgo

131 2193 240 2252 est,
266 2199 384 2254 qua:
411 2186 648 2261 cauterio
685 2185 917 2242 inustam
943 2185 1103 2241 habet
1136 2185 1556 2242 conscientiam?
1587 2186 1720 2242 Nam

130 2277 289 2347 virgo
333 2291 439 2331 non
470 2277 642 2333 solum
670 2291 897 2347 corpore
915 2318 931 2344 ,
960 2276 1054 2332 sed
1078 2278 1239 2333 etiam
1268 2278 1449 2333 animo
1485 2293 1616 2348 pura
1653 2278 1724 2334 sit

130 2380 370 2440 oportet,
400 2386 521 2441 quae
549 2380 791 2427 sanctum
830 2371 979 2426 illum
1005 2386 1259 2442 sponsum
1289 2380 1573 2443 exceptura
1595 2380 1678 2428 est
1705 2389 1718 2427 :

129 2463 255 2518 haec
275 2472 353 2519 tot
378 2464 568 2519 inustis
596 2465 736 2519 notis
762 2464 853 2535 qui
873 2464 1086 2520 tandem
1105 2479 1234 2534 pura
1258 2462 1365 2519 sit?
1384 2463 1515 2518 Nam
1541 2464 1588 2518 si
1616 2473 1724 2520 ter-

127 2572 297 2612 renas
320 2556 479 2612 etiam
503 2571 660 2612 curas
683 2558 752 2613 ab
775 2556 877 2612 hoc
902 2557 1137 2613 thalamo
1160 2565 1340 2612 arceat
1366 2570 1593 2612 necesse
1615 2564 1719 2621 est,

127 2659 186 2704 ut
211 2665 337 2720 quae
356 2663 477 2704 cum
506 2650 576 2704 iis
604 2658 791 2705 ornata
817 2664 938 2705 esse
965 2657 1211 2720 nequeat,
1233 2648 1503 2719 quomodo
1520 2648 1722 2719 cogita-

128 2745 283 2797 tione
312 2743 572 2813 sacrilega
602 2744 746 2799 intus
768 2743 1088 2799 observante
1125 2741 1443 2813 virginitatis
1471 2739 1724 2810 splendo-

125 2850 246 2889 rem
272 2834 519 2889 tueatur?

204 2926 297 2980 Vl.
334 2925 612 2981 Ilwreticos
638 2926 855 2997 uirgines
883 2942 984 2979 non
1011 2924 1209 2978 animas
1233 2925 1427 2989 solum,
1461 2924 1549 2979 sed
1568 2924 1722 2978 etiam

126 3038 355 3092 corpora
382 3021 626 3092 polluere.
657 3050 730 3062 --
765 3019 899 3075 Nam
923 3019 1022 3074 etsi
1048 3018 1097 3074 ei
1135 3033 1331 3087 corpus
1368 3018 1571 3073 salvum
1600 3026 1719 3084 est,

124 3113 297 3168 animi
328 3123 524 3176 tamen,
553 3128 672 3182 quae
700 3127 821 3181 pars
847 3120 931 3167 est
952 3112 1149 3181 potior,
1177 3119 1302 3166 sunt
1320 3117 1568 3180 corrupta
1593 3124 1721 3164 con-

122 3206 273 3262 silia.
296 3204 433 3273 Quid
459 3213 636 3259 autem
663 3204 822 3260 refert
844 3203 1069 3273 disjecto
1091 3201 1290 3273 templo
1315 3208 1464 3272 septa
1492 3200 1721 3257 restare?

123 3306 223 3351 aut
249 3297 438 3366 quanti
466 3297 689 3351 interest
714 3310 903 3365 purum
928 3309 1049 3349 esse
1068 3294 1188 3348 solii
1212 3294 1410 3361 locum,
1442 3292 1577 3347 solio
1604 3307 1724 3348 sor-

122 3388 292 3443 dibus
338 3386 653 3458 inquinato?
701 3386 1033 3455 Quamquam
1074 3400 1173 3439 nec
1217 3386 1371 3440 abest
1396 3398 1425 3438 a
1464 3384 1717 3454 piaculo:

122 3480 461 3550 blasphemia
505 3480 648 3534 enim
677 3488 836 3550 atque
882 3478 1058 3548 impiae
1086 3492 1247 3533 voces
1282 3492 1405 3532 cum
1434 3481 1576 3532 intus
1605 3477 1689 3531 for

122 3582 382 3639 mentur,
424 3571 567 3626 intus
593 3571 645 3626 in
675 3571 856 3626 animo
883 3585 987 3624 non
1018 3577 1256 3633 manent,
1287 3567 1385 3624 sed
1409 3577 1464 3624 et
1485 3568 1719 3639 linguam

120 3681 224 3720 ore
257 3665 479 3733 prolatae
505 3671 563 3719 et
589 3678 747 3719 aures
766 3677 885 3732 qua:
904 3660 1196 3730 suscipiant
1219 3660 1479 3731 polluunl,
1504 3667 1564 3716 et
1576 3659 1722 3715 velut

120 3755 408 3811 mmtifera
432 3770 638 3810 venena
673 3753 727 3809 in
756 3753 992 3809 animum
1032 3752 1245 3824 illapsa,
1267 3751 1499 3807 radicem
1528 3764 1718 3807 corro-

120 3852 265 3905 duut
293 3850 478 3920 quavis
508 3849 646 3903 tinea
675 3848 908 3917 gravius,
932 3860 1052 3901 cum
1077 3859 1246 3915 eaque
1270 3843 1530 3913 reliquum
1560 3856 1721 3897 omne

120 3956 331 4013 corpus
364 3939 609 4008 perdunt.
640 3939 819 4007 Quare
858 3938 902 3992 si
929 3936 1244 4008 virginitatis
1268 3932 1505 3990 deﬁnitio
1534 3940 1637 4000 est,
1667 3940 1723 3988 et

122 4035 314 4087 animo
338 4042 392 4085 et
425 4046 651 4100 corpore
696 4037 933 4084 sanctam
962 4042 1120 4082 esse:
1152 4027 1268 4081 haec
1293 4040 1411 4096 qua:
1439 4034 1721 4094 utramque

123 4126 181 4179 in
215 4132 427 4193 partem
456 4121 674 4192 profana
705 4130 758 4175 et
791 4118 1049 4177 scelerata
1072 4118 1169 4182 sit,
1198 4117 1288 4187 qui
1328 4116 1540 4172 tandem
1572 4116 1720 4188 virgo

120 4214 327 4271 fuerit?
362 4217 428 4267 At
456 4214 600 4269 enim
632 4212 759 4267 mibi
789 4220 843 4266 et
870 4226 933 4266 os
968 4209 1253 4281 pallidum,
1290 4215 1345 4263 et
1375 4208 1603 4278 graciles
1627 4223 1718 4263 ar-

121 4318 235 4373 tus,
262 4316 318 4362 et
360 4306 519 4360 vilem
549 4305 803 4360 amictum
834 4310 891 4358 et
918 4312 1189 4372 aspectum
1219 4300 1438 4371 praefert
1466 4315 1718 4356 mansue-

123 4410 265 4455 tum.
293 4397 361 4452 Et
378 4397 504 4467 quid
527 4405 636 4450 tum
658 4406 863 4466 postea,
886 4395 931 4449 si
953 4392 1234 4464 impudens
1253 4400 1336 4447 cst
1356 4392 1577 4447 interior
1594 4407 1724 4447 ocu-

120 4492 253 4547 lus?
277 4490 416 4557 Quid
446 4490 589 4544 enim
618 4503 686 4544 eo
713 4495 933 4556 aspectu
973 4484 1335 4555 impudentius
1376 4493 1479 4551 est,
1507 4484 1599 4555 qui
1625 4499 1722 4539 ex-

124 4583 360 4639 teriores
408 4580 593 4636 oculos
644 4578 892 4645 inducat,
945 4592 1033 4633 res
1084 4592 1113 4629 a
1170 4575 1280 4631 Deo
1328 4585 1536 4631 creatas
1577 4575 1721 4632 velut

120 4678 353 4732 vitiosas
379 4675 676 4745 usurpare?
708 4674 885 4728 Omnis
912 4672 1075 4745 gloria
1101 4672 1223 4741 filice
1246 4672 1376 4743 regis
1402 4681 1475 4726 est
1514 4672 1722 4727 interior

122 4770 255 4840 (Ps.
285 4771 375 4826 44.
404 4771 510 4841 Η)
539 4786 552 4823 :
586 4768 701 4823 haec
727 4768 984 4825 orationis
1016 4766 1210 4820 seriem
1250 4765 1485 4829 invertit,
1512 4774 1565 4820 et
1590 4765 1722 4821 foris

118 4863 304 4933 gloria
328 4865 520 4915 amicta
546 4859 690 4913 omni
718 4858 862 4913 intus
885 4857 1123 4913 lmditate
1152 4856 1379 4911 laborat.
1405 4855 1537 4911 Illud
1564 4871 1718 4911 nam-

120 4970 239 5027 que
263 4955 538 5024 indignum
561 4952 765 5007 facinus
790 4960 892 5014 est,
914 4965 1034 5021 qua:
1060 4949 1372 5004 modestiam
1394 4963 1519 5020 erga
1542 4948 1718 5003 homi-

122 5064 225 5103 nes
257 5061 526 5101 summam
551 5052 788 5115 praestet,
821 5058 940 5098 eam
970 5042 1021 5096 in
1054 5042 1217 5097 Deum
1244 5048 1539 5095 creatorem
1565 5055 1719 5095 suum

121 5153 377 5195 extrema
393 5137 596 5192 insania
619 5138 694 5191 uti
715 5155 731 5202 ;
753 5145 807 5191 et
826 5151 945 5207 qua:
961 5135 1129 5189 virum
1153 5133 1233 5189 vel
1258 5133 1452 5189 intueri
1475 5148 1579 5188 non
1600 5149 1720 5188 sus-

123 5234 323 5295 tineat,
355 5231 399 5284 si
422 5245 541 5301 quze
565 5239 741 5284 tamen
766 5228 818 5283 in
844 5229 911 5282 iis
946 5227 1078 5283 tales
1106 5234 1252 5293 sunt,
1276 5226 1577 5281 mortalium
1610 5227 1720 5280 lio-

122 5325 338 5378 minum
366 5319 760 5390 impudentibus
787 5319 954 5375 oculis
982 5327 1257 5389 Spectare,
1297 5328 1589 5389 contraque
1623 5332 1722 5371 ex-

121 5419 340 5473 celsum
376 5414 576 5470 nefaria
603 5414 746 5485 loqui
782 5431 795 5469 :
823 5414 993 5469 buxea
1017 5414 1081 5468 iis
1104 5412 1267 5467 facies
1296 5420 1399 5477 est,
1424 5412 1722 5481 mortuique

121 5509 347 5564 similis.
370 5506 452 5565 0b
472 5506 525 5561 id
548 5507 691 5561 enim
713 5506 894 5562 multis
921 5505 1172 5577 lacrymis
1190 5520 1254 5560 ac
1280 5504 1528 5559 lamentis
1548 5503 1722 5574 dignm

122 5610 281 5666 sunt,
315 5599 459 5670 quod
487 5615 594 5655 non
620 5599 793 5654 solum
822 5597 1039 5663 frustra,
1071 5595 1163 5651 sed
1188 5596 1349 5651 etiam
1382 5596 1435 5650 in
1464 5594 1545 5650 sui
1577 5596 1725 5666 capi-

123 5696 194 5749 tis
218 5693 517 5762 peruiciem
542 5699 745 5746 tantum
767 5704 1124 5746 :crumnarum
1154 5687 1507 5759 susceperint.

201 5782 321 5839 VII.
371 5782 629 5854 Virginem
671 5797 771 5838 non
811 5781 1023 5848 vestitu,
1051 5778 1137 5834 sed
1183 5779 1353 5834 animo
1394 5776 1721 5850 spectandam

1498 316 1586 373 DE
1624 315 2083 375 VIRGINITATE.

3322 326 3426 382 538

1850 448 1974 487 esse.
2004 463 2075 475 -
2104 431 2236 488 Vilis
2262 440 2344 490 est
2363 433 2588 490 amictus
2620 452 2634 490 :
2665 444 2721 492 at
2748 451 2853 493 non
2884 438 2938 493 in
2965 440 3195 497 vesnbus
3223 454 3314 500 aut
3334 460 3428 502 co-

1845 523 1980 591 lore,
2006 524 2099 579 sed
2132 524 2183 579 in
2209 525 2388 582 animo
2422 534 2583 597 atque
2605 543 2830 601 corpore
2860 530 3131 601 virginitas
3161 544 3259 589 est.
3292 535 3425 593 Nam

1843 629 1964 670 cum
1994 630 2094 672 nec
2118 616 2490 688 philosophum
2516 632 2669 675 coma
2688 662 2703 686 ,
2730 620 3068 688 autbaeulo,
3101 635 3191 678 aut
3220 626 3421 692 abolla,

1842 707 1937 761 sed
1964 707 2203 765 moribus
2221 718 2275 763 et
2297 709 2479 764 animo
2498 711 2811 779 metiamur;
2840 728 2938 770 nec
2957 716 3178 770 militem
3210 718 3427 787 paluda-

1841 811 2046 869 mento,
2073 810 2168 857 aut
2194 803 2394 871 balteo,
2425 803 2519 858 sed
2545 804 2739 861 robore
2760 816 2813 862 et
2848 809 3281 879 magnanimitate
3313 828 3325 863 :
3355 826 3425 865 an

1840 909 1945 950 non
1970 896 2258 951 absurdum
2285 897 2361 952 sit
2390 896 2580 969 virgini
2599 939 2616 965 ,
2644 898 2723 954 rei
2746 908 2852 954 tam
2892 902 3159 970 praeclarae
3177 943 3193 968 ,
3225 912 3280 959 ct
3306 921 3425 975 quae

1840 987 2075 1041 humana
2101 988 2283 1042 omnia
2307 997 2550 1058 superet,
2576 989 2755 1060 capilli
2774 992 3097 1061 squalorem,
3128 995 3306 1050 vultus
3330 996 3427 1052 de-

1837 1079 2168 1148 missionem,
2196 1096 2260 1136 ac
2283 1082 2480 1151 pullam
2504 1092 2730 1151 vestem,
2760 1092 2963 1139 temere
2990 1101 3119 1141 sane
3141 1102 3203 1142 ac
3230 1089 3422 1158 supine

1837 1172 2016 1227 virtuti
2043 1171 2260 1241 dueere,
2290 1189 2388 1230 nec
2414 1174 2533 1244 ejus
2560 1174 2741 1230 animo
2766 1175 3035 1231 denudan
3053 1219 3068 1244 ,
3098 1178 3225 1235 inde
3248 1179 3421 1243 studia

1835 1264 1953 1334 ejus
1975 1276 2223 1321 accurate
2260 1268 2579 1339 eXplorare?
2608 1270 2678 1323 At
2704 1284 2809 1325 non
2840 1269 2891 1324 id
2920 1272 3198 1342 permittit,
3222 1274 3421 1343 qui-lu-

1833 1363 1934 1411 ctte
1962 1356 2123 1427 hujus
2139 1358 2283 1429 leges
2324 1360 2499 1415 sanxit
2530 1377 2545 1412 :
2579 1375 2751 1432 neque
2787 1362 2931 1417 enim
2960 1379 3075 1431 eos,
3115 1364 3207 1436 qui
3236 1365 3289 1420 in
3320 1365 3422 1423 hoc

1833 1454 2106 1505 certamen
2148 1464 2209 1506 se
2251 1451 2563 1522 conjiciunt,
2611 1454 2827 1522 vestitu,
2877 1454 2971 1510 sed
3011 1456 3344 1527 dogmatibus
3365 1468 3423 1515 et

1831 1539 2012 1595 animo
2039 1542 2268 1611 spectari
2286 1543 2458 1610 jubet.
2493 1544 2605 1612 Qui
2618 1546 2752 1600 enim
2775 1555 2969 1611 certat,
3000 1549 3190 1620 inquit,
3221 1549 3284 1604 ab
3308 1568 3422 1607 om-

1830 1631 1977 1686 nibus
1992 1648 2047 1686 se
2081 1634 2297 1689 continet
2320 1635 2397 1706 (l.
2418 1634 2536 1692 Cor.
2560 1636 2753 1709 9.25),
2786 1639 2991 1695 scilicet
3015 1657 3134 1712 qua:
3156 1643 3320 1699 animi
3335 1659 3422 1700 sa-

1830 1722 2049 1778 nitatem
2094 1723 2379 1781 infestent:
2407 1736 2482 1793 et,
2533 1726 2699 1789 Nemo
2724 1739 3012 1797 ceronatur,
3060 1732 3161 1789 nisi
3201 1734 3422 1805 legitime

1830 1814 2090 1868 certaverit
2116 1812 2193 1887 (2.
2221 1814 2357 1869 Tim.
2380 1815 2436 1870 2.
2465 1816 2541 1889 5).
2586 1817 2717 1886 Quae
2740 1829 2866 1874 sunt
2892 1820 3051 1890 igitur
3079 1821 3232 1878 luctte
3262 1824 3420 1894 hujus

1826 1903 2011 1974 leges?
2032 1905 2170 1960 Audi
2195 1906 2445 1969 eumdem
2469 1908 2755 1975 dicentem,
2782 1911 2864 1965 vel
2891 1912 3069 1982 potius
3096 1913 3149 1969 in
3174 1929 3241 1970 eo
3262 1915 3418 1971 Chri—

1828 2005 1971 2051 stum
2014 1998 2326 2053 certaminis
2366 2008 2639 2055 auctorem
2673 2017 2688 2055 :
2720 2000 3032 2059 Honorabile
3059 2013 3134 2059 est
3159 2007 3419 2063 matrimo-

1828 2088 1970 2141 nium
1997 2098 2043 2141 et
2068 2096 2208 2143 torus
2234 2089 2587 2146 immaculatus
2618 2090 2775 2166 (Heb.
2807 2094 2893 2149 15.
2922 2092 3000 2165 4).

1903 2179 2035 2234 Vlll.
2080 2180 2271 2253 Virgini
2306 2198 2424 2254 erga
2468 2185 2706 2256 conjuges
2738 2190 2927 2255 fastum
2963 2188 3264 2244 detrimento
3288 2207 3412 2248 esse.

1827 2302 1897 2312 —
1925 2272 2061 2341 Quid
2092 2290 2220 2330 vero
2261 2274 2365 2331 hoc
2389 2276 2456 2331 ad
2486 2293 2603 2344 me,
2630 2279 2840 2350 inquit,
2887 2296 3007 2351 qua:
3035 2283 3278 2338 nuntium
3302 2300 3417 2340 ma-

1830 2365 2080 2422 trimonio
2105 2368 2324 2423 remisi?
2346 2367 2402 2423 Id
2426 2369 2592 2435 enim,
2616 2371 2831 2437 misera,
2856 2372 2907 2426 id
2934 2381 2985 2427 te
3004 2373 3249 2444 perdidit,
3273 2377 3416 2446 quod

1828 2458 1957 2513 nihil
1982 2458 2077 2514 tibi
2096 2474 2216 2515 cum
2244 2475 2312 2516 eo
2336 2459 2586 2532 dogmate
2611 2477 2895 2519 commune
2916 2464 3211 2521 existimas.
3234 2467 3416 2538 itaque

1828 2569 1941 2610 rem
1955 2568 2073 2612 eam
2085 2562 2329 2611 extremo
2344 2562 2655 2625 contemptu
2672 2567 3014 2629 prosequuta,
3028 2569 3084 2614 et
3096 2558 3189 2614 Dei
3204 2574 3261 2615 sa
3266 2560 3416 2630 pien-

1826 2645 1914 2701 tiae
1955 2646 2331 2702 contumeliam
2378 2645 2568 2714 fecisti,
2598 2656 2656 2703 et
2698 2658 2941 2703 naturam
2968 2665 3147 2706 rerum
3192 2667 3410 2708 omnem

1825 2736 2104 2792 criminata
2123 2751 2203 2792 es.
2225 2736 2358 2792 Nam
2379 2737 2425 2793 si
2452 2737 2718 2808 impurum
2742 2740 3142 2796 matrimonium
3168 2751 3272 2810 est,
3293 2743 3410 2798 ani-

1825 2836 2036 2885 mantes
2072 2829 2233 2885 etiam
2270 2844 2343 2885 ex
2372 2843 2438 2884 eo
2478 2838 2738 2900 susceptae
2778 2831 3002 2901 impurae
3028 2847 3218 2889 omnes
3245 2845 3371 2889 sunt
3392 2875 3420 2903 ,.

1825 2930 1985 2991 atque
2012 2919 2148 2976 adeo
2169 2929 2223 2976 et
2248 2934 2347 2975 vos
2370 2938 2385 2975 :
2408 2935 2581 2991 neque
2605 2921 2747 2976 enim
2769 2920 2994 2978 dixerim
3021 2922 3295 2979 hominum
3316 2941 3413 2980 na-

1825 3020 2021 3067 turam.
2047 3011 2328 3079 Quomodo
2357 3011 2516 3083 igitur
2536 3012 2827 3084 virgo.est;
2858 3030 2977 3085 quae
3005 3015 3213 3087 impura
3229 3018 3255 3071 ‘l‘
3277 3017 3409 3073 Nam

1824 3105 1991 3160 altera
2022 3104 2137 3161 lucc
2156 3146 2174 3173 ,
2212 3104 2324 3160 imo
2348 3114 2404 3161 et
2431 3105 2586 3161 tertia
2615 3108 2911 3177 excogitata
2945 3108 3095 3164 vobis
3118 3109 3330 3167 foeditas
3356 3121 3413 3167 et

1825 3195 2112 3266 imperitas
2128 3204 2241 3261 est;
2263 3210 2327 3251 ac
2354 3211 2474 3267 quae
2499 3197 2894 3253 matrimonium
2927 3199 3073 3255 velut
3090 3200 3410 3272 ﬂagitiosum

1825 3288 2118 3358 refugistis,
2149 3304 2215 3344 eo
2242 3288 2365 3359 ipso
2387 3288 2528 3359 quod
2557 3290 2849 3361 refugistis,
2892 3293 3133 3349 omnium
3152 3296 3283 3351 estis
3311 3297 3410 3352 lla-

1824 3379 2538 3450 gitiosissimar,virginitate
2555 3391 2743 3452 stupro
2760 3381 2984 3440 foediore
3007 3384 3239 3442 inventa.
3262 3388 3412 3458 Quo-

1826 3485 1947 3525 nam
1979 3470 2140 3541 igitur
2168 3470 2286 3527 loco
2314 3486 2414 3527 vos
2450 3473 2754 3543 ponemus?
2779 3489 2899 3529 cum
2927 3473 3163 3533 Judzeis?
3195 3480 3265 3533 At
3302 3496 3412 3538 non

1824 3561 2162 3617 sustinebunt
2195 3578 2210 3615 :
2250 3576 2373 3617 nam
2421 3570 2475 3618 et
2519 3564 2918 3620 matrimonium
2957 3566 3178 3636 colunt,
3228 3579 3284 3626 et
3314 3572 3412 3629 Dei

1824 3654 2150 3709 creationem
2179 3655 2498 3725 suspiciunt.
2546 3658 2628 3711 An
2659 3656 2973 3714 nobiscum?
3022 3660 3092 3714 At
3136 3661 3407 3720 Christum

1825 3762 1924 3817 per
1946 3747 2165 3802 Paulum
2194 3746 2461 3803 dicentem
2487 3748 2674 3804 audire
2701 3749 2967 3818 noluistis,
2992 3751 3308 3811 Honorabile
3335 3766 3413 3812 est

1824 3838 2198 3892 matrimonium
2222 3846 2272 3892 et
2308 3848 2449 3893 torus
2484 3839 2835 3896 immaculatus
2856 3841 3010 3913 (Heli.
3044 3845 3131 3899 15.
3160 3846 3238 3917 4).
3266 3846 3413 3903 Reli-

1824 3946 1987 4000 quum
2017 3938 2101 3987 est
2120 3930 2278 4002 igitur
2299 3940 2357 3987 ut
2386 3946 2507 3987 cum
2540 3933 2786 4004 gentibus
2805 3950 2966 4005 porro
2994 3938 3319 3995 eonsistatis.
3342 3942 3411 3996 At

1826 4022 1930 4076 illa:
1950 4022 2109 4078 etiam
2137 4036 2235 4079 vos
2261 4030 2316 4077 ut
2341 4038 2401 4079 se
2426 4023 2595 4093 magis
2620 4024 2811 4094 impios
2837 4027 3116 4095 repellent.
3137 4028 3269 4084 Nam
3288 4030 3412 4087 Pla-

1825 4112 1964 4169 tonis
1994 4114 2255 4169 sententia
2282 4122 2366 4169 est
2394 4112 2484 4183 (In
2507 4113 2742 4186 Timore),
2772 4116 2974 4172 Bonum
3005 4118 3167 4176 fuisse
3182 4123 3272 4194 qui
3303 4123 3405 4180 hoc

1825 4221 1985 4262 omne
2013 4206 2229 4261 molitus
2256 4214 2358 4271 est,
2396 4213 2484 4271 et,
2513 4206 2719 4263 Bonum
2746 4210 2942 4265 nullius
2973 4212 3048 4267 rei
3076 4229 3199 4285 erga
3226 4232 3412 4286 quem-

1824 4313 1984 4367 quam
2009 4297 2203 4353 invidia
2230 4297 2393 4369 tangi.
2414 4297 2494 4353 Tu
2517 4299 2717 4353 malum
2745 4300 2917 4371 ipsum
2942 4304 3198 4373 appellas,
3220 4318 3274 4362 et
3297 4324 3412 4362 ma-

1826 4389 1997 4444 larum
2027 4404 2205 4445 rerum
2225 4399 2545 4445 creatorem.
2573 4389 2770 4445 Verum
2797 4407 2864 4447 ne
2888 4395 3176 4453 extimesce
3202 4415 3216 4452 :
3246 4397 3413 4455 habes

1825 4481 2082 4536 doctrina:
2122 4490 2400 4537 consortes
2443 4479 2714 4536 diabolum
2741 4482 2963 4553 ejusque
3004 4488 3257 4557 angelos;
3303 4489 3411 4544 imo

1825 4592 1925 4632 nec
1951 4592 2046 4632 eos
2069 4574 2283 4647 quidem
2315 4591 2329 4629 :
2360 4589 2534 4645 neque
2565 4577 2708 4631 enim
2737 4577 2827 4648 qui
2858 4586 2910 4633 te
2939 4577 2994 4634 in
3027 4594 3149 4635 eum
3178 4581 3411 4637 furorem

1827 4669 2153 4733 induxerint,
2178 4667 2317 4721 idem
2343 4666 2503 4722 etiam
2522 4667 2722 4723 sentire
2748 4669 3084 4726 existimandi
3112 4682 3254 4729 sunt.
3277 4674 3407 4729 Nam

1824 4761 1965 4815 scire
1990 4774 2084 4814 eos
2111 4759 2276 4814 Deum
2304 4759 2503 4813 bonum
2546 4773 2687 4824 esse,
2736 4759 2859 4815 audi
2902 4761 3215 4832 clamantes,
3244 4782 3407 4835 nunc,

1828 4850 2033 4905 Scimus
2069 4859 2116 4902 te
2142 4850 2228 4920 qui
2259 4849 2329 4903 sis
2348 4890 2363 4913 ,
2402 4849 2619 4905 Sanctus
2648 4849 2745 4905 Dei
2768 4851 2962 4921 (Marc.
2992 4854 3043 4908 i.
3075 4855 3209 4927 24);
3234 4874 3408 4926 nunc,

1832 4941 1899 4995 Hi
1925 4942 2150 4995 homines
2174 4941 2303 4995 servi
2323 4939 2419 4994 Dei
2442 4940 2625 4995 excelsi
2642 4952 2778 5007 sunt,
2807 4944 2892 5014 qui
2919 4944 3054 4999 vobis
3074 4947 3211 5001 viam
3232 4948 3411 5004 salutis

1828 5035 2063 5088 nuntiant
2097 5034 2231 5105 (Act.
2261 5033 2347 5088 16.
2383 5034 2493 5104 17).
2524 5034 2591 5089 Et
2613 5035 2787 5091 adhuc
2809 5037 3162 5108 virginitatem
3186 5040 3406 5110 jactabi«

1829 5128 1917 5191 tis,
1947 5127 2015 5181 de
2045 5141 2214 5197 eaque
2239 5126 2614 5197 gloriabimini,
2665 5143 2729 5183 ac
2767 5144 2872 5183 non
2927 5131 3105 5200 potius
3152 5133 3406 5193 abeuntes

1828 5227 2059 5275 vestram
2100 5217 2447 5289 deplorabitis
2471 5233 2534 5273 ac
2562 5218 2808 5289 lugebitis
2849 5222 3156 5291 amentiam,
3183 5240 3285 5296 qua
3315 5241 3407 5285 vos

1828 5313 2072 5369 diabolus
2122 5312 2269 5367 velut
2311 5326 2469 5367 manu
2516 5320 2703 5382 captos
2753 5314 3029 5386 colligatos
3059 5318 3109 5371 in
3149 5319 3407 5388 gehennae

1830 5408 2006 5476 ignem
2051 5403 2250 5459 trahit?
2292 5402 2685 5457 Matrimonium
2738 5420 2841 5459 non
2892 5407 3094 5463 iniisti?
3122 5419 3176 5463 at
3224 5426 3330 5466 nou
3357 5412 3407 5468 id

1830 5498 2106 5569 virginitas
2137 5505 2221 5552 est
2249 5513 2263 5549 :
2294 5510 2415 5549 nam
2444 5510 2563 5564 quin
2587 5509 2708 5551 cum
2739 5497 2999 5569 integrum
3040 5511 3181 5557 esset
3210 5505 3403 5561 nubere

1829 5590 2223 5655 detrectaverit,
2250 5603 2367 5643 eam
2405 5601 2505 5660 ego
2528 5587 2786 5660 virginem
2819 5591 3043 5647 dixerim
3074 5612 3087 5647 :
3114 5604 3167 5648 at
3192 5612 3314 5651 cum
3346 5615 3409 5652 eo

1829 5682 2168 5739 interdictum
2198 5680 2365 5745 dicas,
2390 5696 2493 5734 non
2520 5680 2631 5749 jam
2667 5682 2718 5736 id
2748 5692 2890 5739 recte
2921 5684 3115 5741 factum
3150 5690 3254 5745 tuis
3277 5705 3410 5747 eon-

1829 5776 1985 5846 siliis,
2031 5774 2125 5831 sed
2172 5772 2305 5845 legis
2356 5772 2657 5830 necessitati
2705 5775 3187 5837 tribuendumest.
3236 5782 3413 5851 Quare
