3898 6252
449 334 551 388 5.39

451 447 639 502 Persas
681 440 771 511 qui
820 445 1018 492 matres
1065 448 1262 488 uxores
1305 448 1410 486 non
1441 430 1643 484 ducunt
1685 427 2028 485 admiramur,

450 538 722 593 Romanos
749 549 853 588 non
889 533 1013 585 item
1046 546 1058 581 :
1094 527 1178 581 hic
1205 539 1434 594 namque
1469 522 1535 576 ad
1573 537 1738 574 unum
1784 517 2032 572 omnibus

453 630 502 684 id
533 624 916 682 exsecrandum
949 621 1175 682 videtur,
1209 618 1315 671 illic
1343 615 1630 685 impunitas
1659 628 1721 666 ea
1752 611 2036 678 designan-

454 722 504 777 tli
531 719 731 777 effecit.
763 725 819 770 ιιι
847 714 935 785 qui
973 713 1040 767 ab
1078 725 1144 764 eo
1165 708 1450 764 concubitu
1495 706 1825 759 abstinerent
1853 699 2035 754 lauda-

455 825 656 870 rentur.
693 809 772 864 Ad
804 806 1066 869 _cumdcm
1111 801 1326 856 modum
1367 808 1421 854 et
1459 799 1526 852 de
1566 793 1906 849 matrimonio
1945 791 2037 844 ha-

457 906 623 960 bemla
656 900 880 972 qtuestio
908 906 1008 952 est.
1049 894 1159 948 Nos
1191 892 1359 956 enim,
1387 889 1524 957 apud
1553 901 1688 956 quos
1718 883 1768 938 id
1791 881 2037 936 omnibus

457 997 774 1068 permissum
801 991 889 1055 sit,
919 987 1110 1042 merito
1138 999 1231 1039 eos
1251 983 1343 1051 qui
1363 980 1759 1035 matrimonium
1787 990 1892 1028 non
1912 987 2040 1026 eou-

459 1067 670 1143 trahant
699 1083 958 1138 miramur
1013 1097 1026 1131 :
1078 1091 1174 1130 vos
1203 1075 1292 1144 qui
1328 1073 1379 1127 id
1430 1073 1483 1125 in
1512 1070 1776 1124 malorum
1816 1067 2038 1120 classem

459 1175 774 1249 rejeceritis,
802 1170 934 1227 nihil
961 1178 1044 1223 est
1076 1165 1220 1237 quod
1251 1162 1466 1218 laudem
1491 1177 1556 1214 ex
1585 1161 1683 1214 hac
1715 1174 1773 1212 re
1794 1155 2038 1225 captetis.

461 1247 592 1327 Nam
625 1266 806 1323 vetitis
843 1263 1117 1318 abstinere
1137 1300 1152 1325 ,
1189 1258 1240 1312 id
1269 1272 1396 1311 vero
1420 1271 1524 1308 non
1553 1261 1635 1306 est
1655 1250 1815 1305 animi
1845 1247 2042 1302 excelsi

461 1373 618 1434 atque
640 1356 843 1414 strenui
869 1374 882 1409 :
916 1352 1166 1424 perfectie
1190 1349 1330 1403 enim
1351 1347 1560 1401 virtutis
1587 1354 1690 1410 est,
1721 1358 1824 1396 non
1854 1356 1914 1394 ea
1939 1355 2044 1393 non

463 1433 816 1514 committere,
849 1461 966 1517 qua:
984 1445 1028 1498 si
1059 1441 1454 1497 committamus
1475 1435 1612 1506 apud
1639 1447 1826 1488 omnes
1851 1433 2048 1500 impro-

465 1547 516 1602 bi
549 1546 861 1604 babeamur,
916 1536 1010 1591 sed
1044 1536 1108 1588 iis
1146 1531 1430 1596 excellere,
1473 1543 1591 1598 qua:
1621 1540 1794 1595 neque
1823 1537 1916 1578 eos
1958 1521 2048 1591 qui

465 1639 784 1699 detrectent,
810 1647 876 1688 eo
909 1629 1126 1685 nomine
1151 1624 1350 1693 culpari
1383 1623 1668 1692 patiantur,
1693 1626 1747 1671 et
1774 1615 1862 1686 qui
1883 1614 2050 1669 suscio

467 1736 614 1804 piant
638 1745 705 1786 ac
729 1727 1131 1800 perfringantur,
1161 1734 1267 1773 non
1297 1715 1550 1786 opinione
1581 1709 1936 1780 improbitatis
1962 1722 2052 1761 so-

470 1803 578 1881 lum
609 1823 854 1884 liberem,
885 1815 981 1872 sed
1007 1814 1166 1869 etiam
1191 1810 1345 1866 bonis
1367 1812 1702 1862 accenseant.
1726 1803 1856 1857 Nam
1880 1810 1936 1854 ut
1960 1815 2055 1854 eu-

469 1918 674 1974 nuchos
701 1915 768 1969 de
803 1909 1104 1979 virginitate
1133 1902 1314 1957 laudet
1334 1914 1513 1962 nemo,
1537 1897 1627 1967 qui
1651 1893 2049 1950 matrimonium

473 2029 576 2067 non
619 2005 958 2066 contrahant,
1001 2001 1079 2053 sic
1105 2011 1202 2050 nec
1228 2008 1326 2048 vos
1351 2009 1365 2046 :
1404 2007 1524 2046 cum
1553 1988 1693 2059 quod
1721 1987 1828 2041 illis
1851 1993 2056 2039 natura:

472 2099 791 2160 necessitas,
821 2093 873 2148 id
902 2091 1051 2146 vobis
1077 2088 1146 2142 sit
1180 2091 1445 2153 corrupta:
1485 2078 1832 2136 conscientia:
1873 2074 2060 2129 antici-

473 2193 618 2263 patio
654 2207 667 2243 :
710 2202 773 2242 ae
818 2177 1264 2255 quemadmodum
1295 2171 1571 2230 eunuchos
1600 2167 1845 2238 corporis
1874 2166 2057 2219 vitimn

474 2287 653 2355 ejusce
679 2282 754 2336 rei
787 2275 952 2349 gloria
977 2273 1202 2341 deiecit.
1232 2270 1302 2323 ita
1323 2283 1419 2321 vos
1441 2264 1684 2319 diabolus
1708 2303 1723 2327 ,
1751 2270 1937 2314 natura
1966 2272 2060 2311 vo-

477 2380 558 2434 bis
581 2376 725 2430 salva
773 2374 1137 2441 permanente,
1163 2363 1307 2416 sanis
1333 2359 1572 2414 consiliis
1614 2354 1838 2410 resectis
1861 2395 1874 2418 ,
1903 2362 2064 2421 atque

479 2472 532 2524 in
562 2463 932 2521 necessitatem
983 2455 1254 2526 coniectos
1299 2450 1590 2511 ezelihatus,
1625 2461 1744 2500 cum
1791 2443 2064 2500 laboribus

482 2567 654 2629 urget,
706 2565 816 2609 tum
866 2549 1065 2604 laudari
1113 2563 1216 2600 non
1265 2543 1409 2597 sinit.
1443 2539 1838 2596 Matrimonium
1883 2535 2066 2590 vetas?

479 2649 782 2705 eamobrem
812 2651 866 2697 et
888 2641 1163 2696 crelibatus
1189 2634 1488 2690 mercedem
1522 2648 1626 2686 non
1657 2630 1907 2698 accipies,
1943 2629 2050 2680 imo

484 2754 666 2812 pinnas
691 2738 848 2790 etiam
879 2750 940 2788 ac
971 2730 1289 2800 supplicium
1319 2727 1452 2781 lues.

556 2831 643 2886 IX.
668 2829 746 2882 Ad
775 2825 1105 2896 virginitatem
1131 2819 1343 2884 hortari,
1368 2831 1684 2888 nequaquam
1711 2815 1821 2885 ejus
1852 2827 1958 2866 esse
1983 2810 2071 2880 qui

484 2920 857 2978 matrimonium
896 2924 1040 2969 vetet.
1077 2941 1148 2951 --
1187 2911 1265 2965 Tu
1296 2923 1422 2964 vero
1443 2950 1458 2974 ,
1492 2908 1694 2977 inquit,
1740 2921 1844 2958 non
1877 2902 2071 2957 vetas?

486 3019 746 3085 Apageut
775 3020 946 3063 tecum
975 3019 1124 3075 teque
1149 3001 1430 3057 insaniam.
1464 3000 1532 3054 Et
1563 3001 1651 3069 qui
1676 3039 1692 3064 ,
1721 2998 1918 3067 inquit,
1949 2995 2072 3049 hor-

492 3108 616 3163 taris
648 3099 1039 3158 matrimonium
1073 3111 1175 3149 non
1215 3093 1529 3147 contrahere
1547 3092 1570 3144 ’ἶ
1612 3088 1760 3157 Quod
1792 3087 2072 3158 virginita-

491 3216 597 3255 tem
638 3192 980 3251 matrimonio
1020 3190 1176 3258 longe
1210 3185 1633 3257 praestantiorem
1665 3184 1891 3238 sentiam
1927 3201 1939 3237 :
1970 3197 2071 3236 nec

494 3307 618 3346 vero
648 3295 926 3358 propterea
953 3279 1346 3337 matrimonium
1379 3277 1430 3330 in
1459 3276 1614 3330 malis
1642 3290 1802 3344 pono,
1829 3273 1956 3343 quin
1983 3288 2074 3327 ve-

491 3385 768 3438 hementer
795 3377 954 3432 etiam
986 3372 1173 3436 laudo;
1217 3381 1300 3426 est
1328 3370 1469 3424 enim
1502 3370 1564 3422 iis
1593 3369 1679 3437 qui
1723 3375 1867 3421 recte
1894 3381 1962 3421 eo
2000 3364 2073 3419 uti

494 3475 656 3528 velint
683 3465 1024 3524 continentiae
1054 3471 1239 3533 portus
1258 3503 1272 3525 ,
1304 3469 1544 3515 naturam
1576 3458 1784 3513 ell‘erari
1813 3472 1916 3510 non
1943 3472 2065 3525 per-

493 3567 731 3621 mittens.
776 3558 906 3614 Nam
933 3554 1170 3626 legitimo
1197 3551 1371 3616 coitu,
1403 3550 1552 3619 quasi
1588 3548 1822 3618 scepulis
1851 3547 2075 3616 quibus-

493 3655 615 3711 dam
643 3649 866 3720 objectis
905 3646 970 3700 ad
998 3641 1338 3712 excipiendos
1367 3639 1599 3694 libidinis
1627 3638 1850 3700 liuctus,
1898 3649 1996 3690 nos
2024 3635 2076 3688 in

494 3759 700 3803 summa
740 3737 1124 3808 tranquillitate
1155 3733 1381 3788 collocat
1406 3745 1469 3784 ac
1501 3737 1696 3783 tuetur.
1730 3727 1924 3782 Verum
1955 3733 2079 3780 sunt

495 3838 692 3908 quibus
719 3832 849 3887 nihil
879 3843 1012 3898 opus
1043 3826 1111 3880 sit
1139 3838 1206 3882 eo
1235 3822 1500 3893 priesidio,
1533 3819 1626 3874 sed
1657 3818 1773 3888 ejus
1799 3818 1918 3872 loco
1938 3815 2079 3886 jeju-

503 3906 626 3990 niis,
650 3922 860 3992 vigiliis,
885 3915 1233 3975 cbameuniis,
1261 3921 1316 3966 et
1341 3911 1538 3979 reliqua
1562 3908 1613 3963 id
1637 3922 1806 3979 genus
1826 3906 2076 3970 duritate,

501 4028 702 4074 naturae
728 4013 958 4067 furorem
986 4007 1225 4062 cicurent
1254 4020 1267 4055 :
1293 4004 1391 4056 hos
1410 4002 1664 4054 cohortor
1683 3999 2079 4053 matrimonium

503 4125 607 4164 non
634 4101 952 4161 contrahere
970 4139 987 4162 ,
1015 4111 1113 4150 nec
1139 4093 1531 4148 matrimonium
1562 4100 1701 4144 veto.
1733 4089 1956 4143 Interest
1981 4103 2075 4140 au-

503 4216 609 4260 tem
639 4201 779 4254 inter
810 4197 911 4248 hoc
952 4200 1005 4246 et
1045 4187 1175 4244 illud
1223 4185 1540 4256 plurimum,
1585 4193 1840 4252 quantum
1880 4181 2084 4235 scilicet

504 4293 788 4350 discrimen
833 4294 917 4340 est
958 4283 1096 4336 inter
1139 4277 1510 4334 necessitatem
1554 4284 1605 4328 et
1648 4274 1938 4343 optionem.
1982 4273 2082 4341 Qui

505 4387 649 4442 enim
678 4379 925 4442 consulit,
959 4375 1184 4430 liberum
1217 4369 1466 4439 relinquit
1492 4366 1717 4421 auditori
1743 4382 1860 4436 qua:
1888 4379 2084 4420 consu-

504 4479 578 4532 lat
604 4472 756 4543 sequi
785 4488 798 4524 :
826 4467 914 4539 qui
957 4473 1120 4527 vetat,
1153 4463 1197 4517 is
1236 4461 1283 4516 ei
1325 4459 1626 4514 facultatem
1667 4473 1784 4513 eam
1824 4457 2080 4527 praeripit.

501 4567 585 4624 Ad
617 4565 730 4618 lucc
759 4560 847 4630 qui
877 4557 1158 4618 cohortor,
1187 4567 1298 4606 rem
1328 4564 1432 4604 non
1473 4548 1750 4618 improbo;
1782 4563 1882 4602 nec
1909 4547 1997 4614 qui
2024 4561 2084 4602 se

504 4654 686 4711 induci
708 4667 815 4706 non
852 4647 1080 4719 patiatur
1108 4657 1300 4698 accuso
1327 4658 1340 4694 :
1377 4650 1429 4694 tu
1461 4641 1548 4710 qui
1581 4640 1632 4694 id
1661 4639 1881 4692 damnes
1914 4653 1976 4692 ac
2000 4638 2081 4692 vi—

503 4751 696 4804 tiosum
719 4743 903 4805 ducas,
926 4748 980 4794 et
999 4733 1335 4807 legislatoris,
1359 4747 1464 4787 non
1487 4730 1771 4786 consiliarii
1798 4743 2080 4799 personam

499 4838 725 4908 arripias
745 4876 760 4899 ,
786 4832 979 4887 merito
1014 4843 1108 4883 eos
1131 4827 1220 4897 qui
1249 4840 1352 4880 non
1383 4823 1633 4878 obediant
1661 4823 1817 4876 odisti
1851 4839 1866 4886 ;
1896 4831 1951 4876 at
1977 4837 2080 4875 non

503 4946 631 5000 ego,
659 4927 750 4981 sed
777 4941 896 4979 cum
927 4935 1021 4975 eos
1049 4919 1283 4972 admiror
1322 4918 1407 4984 qni
1436 4914 1501 4968 ad
1533 4914 1633 4968 hoc
1661 4925 1930 4967 certamen
1982 4928 2080 4965 no-

507 5023 648 5078 mina
676 5015 942 5080 dederint,
975 5023 1084 5064 tum
1113 5010 1199 5078 qtti
1240 5018 1389 5062 extra
1416 5012 1668 5059 maneant
1687 5046 1700 5064 ,
1734 5019 1838 5058 non
1868 5017 2078 5056 accuso.

502 5115 636 5170 Nam
665 5106 933 5164 accusatio
972 5102 1183 5158 demum
1210 5099 1352 5170 justa
1392 5097 1496 5161 sit,
1543 5097 1587 5150 si
1631 5095 1750 5163 quis
1776 5093 1914 5162 quod
1945 5090 2082 5145 haud

504 5205 664 5261 dubie
688 5200 934 5254 vitiosum
963 5196 1052 5257 sit,
1078 5198 1432 5263 prosequatur
1459 5205 1471 5241 :
1504 5196 1558 5240 at
1580 5186 1669 5255 qui
1699 5184 1956 5237 minorem
1979 5185 2084 5234 vir-

504 5307 672 5352 tutem
704 5299 917 5352 nactus,
956 5288 1212 5358 majorem
1259 5299 1364 5338 non
1411 5280 1606 5339 adeat,
1649 5279 1694 5332 is
1721 5277 1935 5347 quidem
1978 5290 2081 5328 non

505 5403 628 5444 cum
660 5383 865 5438 fortiori
887 5378 1181 5434 laudandus
1210 5386 1262 5430 et
1286 5371 1627 5428 admirandus
1649 5378 1750 5433 est,
1785 5381 1883 5422 nec
1907 5374 2081 5419 tamen

508 5479 628 5533 ideo
671 5472 985 5544 culpandus.
1029 5466 1228 5536 Ecquid
1269 5465 1427 5534 igitur
1464 5461 1762 5530 coniugium
1791 5467 1953 5522 veto,
1996 5455 2084 5524 qui

509 5571 764 5640 conjuges
813 5582 916 5620 non
961 5558 1248 5616 accusem?
1296 5557 1487 5625 Stupra
1533 5563 1654 5608 veto
1700 5561 1754 5606 et
1801 5547 2081 5612 adulteria,

509 5639 903 5718 matrimonium
949 5668 1053 5707 non
1099 5651 1226 5703 item
1272 5666 1284 5701 :
1327 5656 1381 5701 et
1428 5645 1516 5700 illa
1563 5645 1818 5698 audentes
1857 5639 2080 5709 castigo,

509 5761 666 5823 atque
713 5749 778 5801 ab
827 5744 1075 5800 Ecclesize
1126 5749 1268 5795 centu
1318 5735 1628 5809 proscribo;
1677 5735 1775 5787 hoc
1821 5745 1944 5786 vero
1991 5728 2080 5799 qui

1146 325 1202 379 S.
1243 319 1520 378 JOANNIS
1559 310 2032 372 (IllllYSOSTOlll
2075 307 2392 364 ARCHIEP.
2435 303 2974 364 CONSTANTINOP.

3606 293 3707 350 5m

2141 425 2353 489 lactant,
2379 423 2503 479 dum
2529 421 2784 487 modeste,
2809 418 3021 474 assidue
3041 416 3199 473 etiam
3218 413 3390 469 laudo.
3419 412 3492 467 lla
3516 412 3710 482 duplex

2142 517 2342 570 lucrum
2375 513 2434 568 fit
2467 531 2480 567 :
2511 527 2670 568 unum
2694 553 2708 577 ,
2748 510 2886 582 quod
2921 508 3009 564 Dei
3041 507 3306 576 opificium
3347 519 3455 558 non
3493 502 3716 558 damne-

2142 622 2292 668 mus;
2322 607 2582 671 alterunt,
2611 603 2749 673 quod
2803 618 2905 655 non
2948 601 3121 655 solum
3160 598 3431 668 virginitas
3458 595 3717 664 dignitate

2142 713 2237 753 sua
2263 713 2366 751 non
2394 694 2730 766 dispolietur,
2761 693 2856 748 sed
2883 692 3050 748 multo
3073 692 3229 744 etiam
3259 687 3516 742 illustrior
3540 685 3690 739 decla

2144 798 2306 844 retur.

2214 879 2283 934 Χ.
2311 878 2408 946 Qui
2437 877 2812 931 matrimonium
2833 876 3056 940 damnet,
3080 890 3192 928 eum
3213 872 3543 942 virginitatem
3568 869 3724 923 etiam

2146 971 2346 1026 ledere.
2376 999 2449 1013 ——
2484 969 2690 1024 Etenim
2716 969 2806 1039 qui
2837 967 3228 1021 matrimonium
3267 965 3511 1029 damnat,
3545 962 3590 1014 is
3616 961 3726 1013 vir-

2146 1065 2386 1135 ginitatis
2419 1063 2579 1118 etiam
2611 1063 2829 1132 gloriam
2850 1059 3058 1130 carpit;
3089 1059 3177 1128 qui
3205 1057 3402 1121 laudat,
3433 1057 3476 1109 is
3504 1054 3725 1123 virgini-

2150 1167 2310 1211 tatem
2350 1154 2800 1210 admirabiliorem
2843 1152 3309 1221 augustioremque
3353 1146 3545 1201 reddit.
3593 1143 3728 1198 Nam

2148 1248 2286 1319 quod
2310 1245 2590 1302 deterioris
2619 1244 3013 1313 comparatione
3037 1242 3233 1296 bonum
3255 1237 3482 1302 videtur,
3510 1235 3561 1290 id
3585 1233 3728 1287 haud

2151 1355 2280 1395 sane
2305 1338 2590 1392 admodum
2621 1338 2815 1390 bonum
2840 1345 2955 1399 est;
2986 1333 3122 1404 quod
3145 1341 3320 1387 autem
3343 1329 3578 1386 omnium
3607 1342 3734 1382 sen-

2154 1433 2316 1487 tentia
2344 1431 2496 1486 bonis
2525 1430 2748 1492 melius,
2789 1428 2838 1482 id
2867 1428 3134 1482 excellens
3175 1426 3369 1479 bonum
3403 1430 3487 1479 est
3513 1440 3525 1476 :
3551 1421 3735 1491 cujus-

2155 1525 2296 1578 modi
2339 1537 2437 1577 nos
2461 1516 2817 1592 virginitatem
2860 1534 2979 1574 esse
3018 1518 3290 1572 docemus.
3328 1515 3505 1581 Quare
3539 1523 3595 1567 ut
3641 1513 3735 1582 qui

2157 1615 2549 1669 matrimonium
2607 1612 2890 1676 damnant,
2945 1611 3102 1678 hujus
3151 1606 3409 1662 cncomiis
3456 1605 3735 1658 fraudandi

2156 1715 2300 1772 sunt,
2331 1707 2401 1760 ita
2429 1705 2517 1774 qtti
2548 1703 2598 1758 id
2625 1719 2654 1756 a
2683 1704 2908 1758 crimine
2947 1702 3154 1764 liberat,
3187 1716 3289 1752 non
3319 1707 3424 1753 tam
3457 1697 3506 1758 id
3529 1740 3543 1763 ,
3574 1712 3738 1767 quam

2161 1799 2513 1868 virginitatem
2546 1797 2742 1851 laudat.
2776 1795 2906 1850 Nam
2934 1802 2988 1850 et
3012 1809 3264 1863 corpora,
3297 1807 3401 1845 non
3430 1806 3550 1861 quae
3576 1792 3741 1844 muti~

2163 1893 2227 1946 lis
2250 1933 2264 1955 ,
2296 1891 2390 1944 sed
2418 1905 2536 1959 quae
2565 1890 2781 1957 integris
2809 1897 2864 1944 et
2888 1887 3014 1941 vitio
3045 1887 3192 1939 nullo
3232 1883 3536 1954 praepeditis
3561 1882 3720 1936 exccl

2162 1985 2303 2048 lant,
2335 1998 2395 2037 ea
2437 1983 2657 2052 pulchra
2686 1982 2932 2035 dicimus.
2966 1981 3166 2033 Bonum
3193 1987 3273 2032 est
3305 1975 3742 2038 matrimonium;

2166 2085 2441 2146 propterea
2471 2074 2777 2129 admiranda
2805 2072 3078 2143 virginitas
3106 2080 3208 2137 est,
3239 2084 3359 2140 quae
3383 2069 3524 2124 bono
3550 2068 3746 2122 melior

2164 2169 2254 2233 sit,
2284 2181 2454 2236 eoque
2480 2165 2686 2229 melior,
2717 2181 2822 2231 quo
2846 2165 3019 2217 nautis
3038 2164 3380 2232 gubernator.
3402 2170 3456 2214 et
3484 2159 3748 2213 militibus

2166 2258 2292 2314 dux.
2322 2257 2426 2313 Sed
2451 2254 2898 2325 quemadmodum
2929 2254 3200 2308 subductis
3227 2269 3258 2307 e
3297 2253 3414 2306 navi
3458 2251 3749 2319 remigibus

2169 2353 2343 2407 navim
2375 2351 2681 2420 demergas.
2716 2358 2769 2404 et
2793 2348 3044 2402 militibus
3070 2364 3131 2400 ex
3160 2347 3273 2400 acie
3300 2345 3522 2399 semotis
3553 2344 3749 2398 ducem

2170 2443 2413 2497 hostibus
2440 2442 2670 2495 vinclum
2706 2439 2882 2494 tradas
2915 2458 2929 2494 :
2958 2439 3026 2493 ita
3055 2448 3107 2493 et
3135 2437 3248 2502 hic,
3278 2437 3320 2490 si
3351 2436 3748 2490 matrimonium

2169 2533 2236 2590 de
2266 2548 2472 2589 summo
2494 2532 2661 2603 gradu
2689 2531 2925 2601 dejicias,
2951 2529 3488 2600 virginitatislaudem
3527 2529 3752 2596 prodas,

2172 2637 2328 2698 atque
2355 2625 2421 2680 ad
2449 2635 2745 2680 extremum
2768 2623 2964 2678 malum
2990 2623 3221 2693 redigas.
3250 2622 3452 2676 Bonum
3481 2630 3566 2676 est
3589 2621 3754 2691 virgi.

2174 2723 2344 2786 nitas;
2373 2729 2428 2774 et
2447 2733 2546 2788 ego
2567 2718 2880 2780 consentio;
2911 2733 2974 2771 ae
2999 2715 3338 2770 matrimonio
3357 2715 3514 2768 etiam
3538 2714 3752 2778 melior,

2174 2821 2227 2866 et
2257 2811 2354 2865 hoc
2383 2810 2660 2864 conﬁteor.
2704 2808 2772 2862 Et
2806 2810 2847 2862 si
2890 2807 3095 2878 placet,
3137 2813 3333 2876 quanto
3362 2806 3518 2860 etiam
3557 2805 3755 2860 melior

2173 2905 2242 2958 sit
2280 2902 2470 2956 addam
2499 2920 2512 2954 :
2540 2911 2740 2970 quanto
2778 2899 2971 2954 caelum
3014 2907 3152 2952 terra
3176 2940 3191 2964 ,
3222 2907 3420 2967 quanto
3451 2896 3758 2950 hominibus

2176 2997 2367 3067 angeli.
2403 2996 2511 3049 lmo
2541 3004 2594 3048 ut
2636 2993 2824 3047 fortius
2849 2991 3049 3062 aliquid
3076 2991 3247 3045 dicam
3270 3030 3288 3058 ,
3317 2990 3475 3044 etiam
3501 2989 3758 3056 amplius.

2178 3087 2308 3142 Nam
2338 3085 2510 3155 angeli
2551 3085 2648 3139 etsi
2683 3099 2781 3138 nec
2821 3083 3021 3137 ducunt
3057 3095 3286 3146 uxores,
3329 3094 3426 3134 nec
3465 3079 3759 3142 ducuntur,

2178 3189 2232 3232 at
2261 3195 2365 3232 non
2405 3187 2530 3230 sunt
2568 3191 2732 3230 carne
2769 3183 2824 3230 et
2861 3174 3115 3243 sanguine
3150 3170 3536 3241 coagmentati,
3569 3186 3680 3223 non
3711 3170 3762 3226 in

2181 3273 2335 3327 terris
2375 3278 2810 3332 commorantur,
2854 3282 2956 3321 non
2988 3265 3264 3320 libidinum
3293 3273 3453 3318 aestus
3495 3263 3761 3328 sentiunt,

2181 3381 2284 3420 non
2309 3364 2412 3419 cibi
2442 3372 2530 3417 aut
2559 3371 2713 3429 potus
2744 3360 2998 3429 indigent.
3029 3373 3132 3412 non
3161 3357 3308 3411 suavi
3336 3365 3491 3410 cantu
3519 3353 3763 3419 deliniri,

2182 3473 2286 3512 non
2327 3455 2529 3510 liberali
2560 3455 2764 3520 forma,
2793 3461 2884 3506 aut
2927 3451 3032 3505 alio
3074 3450 3189 3519 ejus
3218 3450 3428 3519 generis
3468 3449 3578 3502 ullo
3619 3447 3767 3504 ﬂecti

2182 3556 2438 3618 possunt;
2487 3545 2580 3601 sed
2621 3547 2758 3600 sicut
2809 3559 3020 3599 summo
3064 3542 3286 3598 meridie
3329 3541 3518 3595 ea-lum
3544 3583 3559 3604 ,
3614 3543 3768 3596 nulla

2183 3641 2429 3696 allectum
2458 3639 2597 3693 nube
2625 3653 2814 3708 purum
2859 3644 3149 3704 spectatur,
3181 3636 3250 3688 ita
3281 3642 3336 3689 et
3362 3634 3572 3688 illorum
3602 3644 3769 3688 natu-

2185 3748 2276 3795 rte,
2306 3747 2334 3785 a
2360 3731 2578 3786 libidine
2602 3730 2816 3799 quium,
2850 3728 3086 3783 illustres
3113 3743 3176 3782 ae
3207 3725 3490 3797 perlucidae
3513 3735 3769 3780 maneant

2183 3833 2412 3894 oportet.

2254 3916 2345 3971 XI.
2385 3914 2728 3985 Virginitatem
2774 3927 2858 3966 eos
2885 3954 2901 3976 ,
2927 3910 3014 3981 qui
3041 3909 3183 3964 illam
3213 3925 3323 3964 vere
3351 3918 3723 3978 persequuntur
3752 3953 3767 3976 ,

2184 4008 2392 4080 angelos
2441 4023 2504 4061 ea;
2562 4005 2844 4060 hominibus
2891 4004 3096 4073 efﬁcere.
3129 4033 3201 4042 —
3243 4002 3540 4057 Humanum
3583 4012 3769 4057 autent

2184 4116 2353 4172 genus
2397 4107 2582 4153 natura
2637 4098 2803 4151 beatis
2851 4097 2868 4127 ί
2915 4096 3018 4149 illis
3057 4094 3390 4158 concedens,
3445 4093 3587 4146 vires
3639 4107 3772 4148 suas

2188 4199 2373 4261 urget,
2415 4204 2535 4244 cum
2567 4188 2735 4256 iisque
2767 4201 2864 4254 pro
2889 4186 3025 4240 virili
3057 4184 3254 4253 :equari
3276 4197 3481 4237 summa
3510 4197 3610 4250 ope
3635 4185 3772 4236 niti-

2189 4293 2290 4337 tur.
2316 4281 2431 4348 Quo
2462 4279 2646 4350 pacto?
2672 4277 2780 4332 Nec
2817 4277 3018 4331 ducunt.
3060 4288 3251 4328 uxores
3284 4275 3456 4343 angeli
3489 4314 3504 4336 ,
3533 4288 3630 4326 nec
3661 4273 3769 4326 du-

2187 4385 2397 4428 cuntur.
2422 4373 2491 4426 At
2515 4386 2611 4426 nec
2638 4371 2806 4439 virgo.
2825 4370 3089 4422 Assistunt
3109 4377 3360 4436 perpetuo
3377 4381 3439 4419 ac
3464 4364 3772 4418 ministrant

2191 4468 2320 4522 Deo.
2349 4464 2534 4519 Itidem
2561 4471 2614 4518 et
2639 4461 2805 4531 virgo.
2832 4461 3003 4528 Quare
3019 4459 3175 4512 etiam
3195 4455 3390 4511 Paulus
3415 4469 3507 4509 eas
3525 4454 3592 4508 ab
3619 4455 3768 4508 onmi

2199 4561 2570 4616 sollicitudine
2598 4570 2768 4621 arcet,
2803 4569 2861 4613 ut
2895 4559 3129 4615 assiduae
3147 4559 3259 4613 sint
3286 4566 3340 4612 et
3371 4557 3656 4610 indivulsa:
3678 4557 3760 4629 (Ι.

2190 4651 2387 4706 (ἔοι-,7.
2418 4650 2531 4719 ⁸54).
2561 4649 2716 4716 Quod
2745 4651 2790 4703 si
2817 4659 2874 4703 ut
2897 4651 2974 4702 illi
3002 4650 3056 4703 in
3084 4650 3284 4704 cmlum
3311 4649 3440 4702 hinc
3455 4648 3764 4704 ascendere

2202 4758 2310 4797 non
2351 4752 2604 4813 possunt,
2625 4758 2790 4796 carne
2813 4757 2907 4796 eas
2937 4742 3299 4812 deprimente,
3344 4751 3398 4795 at
3423 4742 3509 4796 hic
3540 4757 3766 4810 quoque

2193 4836 2464 4905 insignem
2502 4833 3166 4900 habentconsolationem,
3185 4850 3306 4904 quae
3322 4836 3498 4904 ipsum
3517 4834 3640 4887 caeli
3661 4831 3768 4888 Do-

2191 4925 2400 4976 minum
2425 4921 2720 4990 excipiant,
2747 4922 2792 4977 si
2820 4921 3042 4990 quidem
3061 4923 3178 4976 sint
3201 4936 3436 4990 corpore
3459 4931 3622 4990 atque
3647 4922 3768 4991 spi-

2191 5017 2300 5069 ritu
2334 5023 2558 5070 sanctae.
2580 5014 2770 5071 Viden’
2788 5017 3120 5086 virginitatis
3152 5015 3359 5070 decus?
3383 5031 3571 5070 eorum
3591 5017 3684 5085 qui
3711 5017 3766 5070 in

2197 5107 2362 5162 terris
2380 5106 2585 5170 degunt
2602 5121 2725 5162 cum
2743 5109 3018 5162 emlitibus
3035 5109 3158 5160 Vitae
3173 5105 3585 5160 similitudinem
3605 5109 3767 5161 moli-

2201 5206 2311 5260 tur,
2337 5214 2571 5268 corpore
2590 5199 2818 5254 vestitos
2843 5201 2986 5253 vinci
3003 5199 3072 5253 ab
3089 5200 3429 5268 incorporeis
3453 5197 3769 5253 Virtutibus

2197 5306 2303 5344 non
2333 5291 2617 5360 permittit,
2643 5291 2902 5345 mortales
2935 5293 3251 5362 angelorum
3298 5291 3529 5346 aemulos
3562 5291 3764 5345 reddit.

2201 5380 2307 5436 Sed
2329 5384 2466 5436 nihil
2485 5382 2589 5436 hoc
2606 5382 2671 5436 ad
2692 5397 2806 5442 vos,
2823 5383 2915 5451 qui
2934 5390 2988 5437 et
3012 5397 3123 5436 rem
3145 5389 3354 5435 tantam
3374 5382 3762 5451 corrumpatis,

2196 5482 2250 5528 et.
2278 5474 2565 5527 Dominum
2585 5474 2842 5542 eulpetis,
2875 5475 3186 5544 malumque
3205 5474 3502 5530 nominetis
3523 5491 3536 5526 :
3558 5476 3762 5528 etenim

2199 5581 2298 5620 vos
2322 5565 2554 5634 improbi
2589 5567 2729 5620 servi
2762 5566 3090 5636 supplicium
3112 5563 3584 5620 manet.Ecclesia:
3601 5563 3762 5632 virgi.

2256 5733 2270 5766 ί
2311 5738 2444 5790 ηερε..
2474 5729 2616 5779 beatis
2638 5724 2834 5791 angelis.
