3898 6238
214 280 313 334 6'50

212 387 347 444 εῐνχι
393 390 503 459 φῂς
552 386 732 460 [274],
774 387 957 441 οὐκέτι
1002 387 1103 456 τῆς
1165 385 1265 456 σῆς
1316 386 1689 457 προαιρέσεως
1738 388 1800 440 16

214 473 547 544 κατόρθωμα
573 475 806 541 γίνεται,
824 470 959 525 ἀλλὰ
990 470 1090 536 τῆς
1111 469 1356 538 ἀνάγκης
1382 468 1475 522 τοῦ
1495 469 1682 538 νόμου.
1704 470 1803 522 Διά

210 556 365 611 τοῦτο
403 556 625 624 Πέρσας
658 555 755 625 μὲν
797 557 869 626 μὴ
904 551 1391 625 μητρογαμοῦντας
1429 551 1798 623 θαυμάζομεν,

222 640 532 708 Ῥωμαίους
594 638 651 691 δὲ
711 635 923 691 οὐκέτι’
981 636 1217 689 ἐνταῦθα
1275 636 1372 706 μὲν
1430 635 1539 707 γάρ
1598 636 1801 688 ἅπασιν

210 724 409 791 ἐφεξῆς
437 723 501 775 16
545 722 779 793 πρᾶγμα
830 720 1083 790 βδελυρὸν
1130 715 1268 771 εἶναι
1308 719 1472 784 δοκεῖ,
1516 720 1631 771 ἐκεῖ
1670 719 1724 771 δὲ
1768 721 1799 788 ἡ

209 808 312 861 τῶν
342 806 525 859 ταῦτα
553 804 876 876 τολμώντων
907 804 1058 857 ἄδεια
1093 804 1220 866 106;
1256 802 1365 855 τῶν
1408 802 1663 856 τοιούτων
1695 803 1802 855 ἀπ-

210 892 504 962 εχομένους
533 890 736 960 μίξεων
753 888 1089 941 ἐπαινεῖσθαι
1118 886 1408 957 πεποίηκε.
1426 886 1583 939 Κατὰ
1604 886 1695 938 τὸν
1715 887 1803 939 αὐ-

207 976 295 1027 τὸν
323 974 388 1044 δὴ
424 973 591 1041 λόγον
633 973 728 1025 καὶ
762 973 855 1024 ἐπὶ
893 970 989 1024 τοῦ
1020 970 1203 1041 γάμου
1232 970 1332 1040 τὴν
1371 970 1615 1034 ἐξέτασιν
1646 971 1802 1040 ποιή-

210 1058 406 1111 σασθαι
442 1058 580 1128 χρή.
622 1056 813 1126 Ἡμεῖς
845 1055 942 1126 μὲν
979 1055 1089 1124 γάρ
1115 1054 1302 1124 ἐπειδὴ
1340 1054 1401 1105 τὸ
1433 1055 1663 1123 πρᾶγμα
1694 1054 1802 1106 πᾶ-

210 1159 289 1195 σιν
327 1142 547 1209 ἐφεῖται
589 1140 720 1209 παρ’
750 1140 903 1209 ἡμῖν,
949 1138 1177 1200 εἰκότως
1216 1137 1344 1199 τούς
1384 1136 1458 1207 μὴ
1489 1136 1802 1207 γαμοῦντας

208 1225 588 1295 θαυμάζομενο
615 1225 771 1294 ὑμεῖς
788 1224 844 1276 δὲ
864 1226 942 1285 είς
966 1222 1065 1293 τὴν
1087 1221 1195 1274 τῶν
1220 1221 1480 1292 χειρόνων
1503 1222 1633 1274 αὐτὸ
1648 1220 1802 1285 τάξιν

208 1312 467 1375 ὤσαντες,
504 1311 684 1364 οὐκέτ’
712 1310 779 1362 ἂν
806 1306 1060 1362 δύναισθε
1086 1307 1195 1360 τῶν
1221 1307 1330 1359 ἀπὸ
1359 1305 1453 1358 τοῦ
1477 1306 1799 1377 πράγματος

207 1396 611 1449 ἀντιποιεῖσθαι
643 1393 902 1446 ἐπαίνων.
942 1391 1016 1443 Τὸ
1049 1390 1159 1462 γάρ
1193 1389 1300 1443 τῶν
1337 1389 1801 1461 ἀπηγορευμένων

205 1479 535 1549 ἀπέχεσθαι,
569 1478 722 1530 οὐπω
753 1475 1007 1544 γενναίας
1041 1474 1136 1527 καὶ
1175 1474 1430 1544 νεανικῆς
1461 1474 1661 1545 ψυχῆς.
1703 1474 1804 1526 Τε-

205 1564 353 1627 λείας
391 1563 506 1633 γάρ
545 1562 747 1633 ἀρετῆς
785 1560 845 1611 οὐ
876 1559 937 1611 16
966 1558 1139 1611 ταῦτα
1174 1557 1248 1628 μὴ
1286 1556 1548 1627 πράττειν
1586 1558 1622 1610 ἀ
1662 1556 1804 1627 πρά-

206 1647 398 1712 ξαντες
433 1645 591 1716 παρά
632 1647 798 1697 πᾶσιν
832 1639 974 1696 εἶναι
1015 1642 1239 1711 δόξομεν
1271 1641 1451 1705 κακοὶ,
1484 1639 1619 1693 ἀλλά
1652 1640 1712 1692 16
1745 1641 1804 1693 ἐν

203 1731 416 1793 τούτοις
448 1727 592 1783 εἶναι
627 1728 944 1799 λαμπροὺς,
978 1726 1013 1780 ἀ
1047 1727 1186 1797 μήτε
1214 1727 1341 1789 τοὺς
1386 1726 1460 1796 μὴ
1515 1725 1804 1796 ἑλομένους

203 1815 398 1885 ἀφίησι
427 1828 454 1855 α
482 1814 573 1867 διὰ
602 1814 761 1867 τοῦτο
777 1811 1123 1875 κακίζεσθαι,
1157 1810 1283 1873 τούς
1306 1828 1365 1862 τε
1397 1810 1688 1880 ἑλομένους
1710 1811 1803 1863 καὶ

205 1898 667 1970 κατορθώσαντας
690 1898 751 1951 οὐ
779 1897 937 1967 μόνον
962 1896 1068 1965 τῆς
1094 1895 1204 1948 τῶν
1224 1892 1447 1964 φαύλων
1473 1894 1801 1949 ἀπαλλάττει

203 1983 360 2053 δόξης
378 2024 394 2047 ,
432 1982 576 2035 ἀλλά
605 1981 703 2036 καὶ
733 1983 812 2043 είς
839 1979 937 2050 τὴν
970 1978 1081 2031 τῶν
1110 1977 1333 2046 ἀγαθῶν
1358 1978 1598 2047 ἐγκρίνει
1626 1975 1799 2042 τάξιν.

204 2067 421 2138 Ὠσπερ
453 2066 568 2137 γάρ
598 2066 724 2128 106;
752 2063 1041 2134 εὐνούχους
1069 2063 1243 2126 οὐδεὶς
1270 2062 1337 2116 ἂν
1360 2063 1699 2116 ἐπαινέσειεν
1722 2064 1803 2126 είς

204 2151 509 2222 παρθενίας
530 2150 711 2217 λόγον,
739 2150 822 2202 ὅτι
858 2149 930 2219 μὴ
962 2146 1252 2218 γαμοῦσιν,
1286 2145 1462 2209 οὑτως
1492 2146 1614 2199 οὐδὲ
1635 2147 1799 2216 ὑμᾶς.

209 2238 268 2308 ’0
294 2236 411 2306 γάρ
433 2235 669 2298 ἐκείνοις
696 2236 728 2305 ἡ
764 2234 863 2302 τῆς
897 2232 1113 2301 φύσεως
1147 2232 1384 2300 ἀνάγκη,
1415 2229 1581 2283 τοῦτο
1605 2230 1735 2300 ὑμῖν
1763 2231 1797 2299 ή

200 2320 296 2389 τῆς
318 2321 576 2390 πονηρᾶς
596 2318 953 2389 συνειδήσεως
972 2316 1245 2387 πρόληψις
1268 2316 1460 2384 γέγονε
1479 2332 1493 2345 ο
1518 2315 1613 2368 καὶ
1635 2314 1801 2368 καθά-

206 2421 305 2473 περ
346 2405 483 2465 τούς
512 2402 807 2472 εὐνούχους
834 2403 866 2471 ή
896 2398 991 2453 τοῦ
1024 2398 1276 2470 σώματος
1303 2400 1552 2471 πήρωσις
1575 2398 1675 2468 τῆς
1706 2397 1803 2451 ἐπὶ

203 2489 276 2557 τῷ
306 2490 604 2559 πράγματι
633 2485 948 2556 φιλοτιμίας
969 2483 1245 2549 ἐξέϐαλεν,
1269 2482 1445 2547 οὑτως
1475 2484 1618 2554 ὑμᾶς
1640 2485 1668 2535 6
1686 2482 1803 2535 διά-

202 2572 375 2634 ϐολος,
398 2573 500 2641 τῆς
533 2570 750 2639 φύσεως
784 2570 912 2639 ὑμῖν
941 2567 1201 2635 ἀκεραίου
1243 2566 1530 2636 μενούσης,
1566 2566 1690 2627 τούς
1709 2564 1803 2635 ὀρ-

203 2656 329 2719 θοὺς
353 2655 666 2726 περικόψας
685 2654 999 2723 λογισμοὺς,
1025 2652 1121 2704 καὶ
1141 2650 1315 2713 οὑτως
1338 2651 1417 2713 είς
1434 2650 1532 2719 τὴν
1555 2648 1802 2718 ἀνάγκην

201 2740 294 2795 τοῦ
330 2741 408 2811 μὴ
444 2742 650 2808 γαμεῖν
686 2738 1036 2807 καταστήσας
1056 2776 1071 2800 ,
1098 2734 1407 2787 κατατείνει
1438 2733 1535 2805 μὲν
1561 2735 1673 2795 τοῖς
1704 2732 1803 2784 πό-

201 2842 348 2888 νοις,
382 2822 655 2892 τιμᾶσθαι
688 2822 743 2875 δὲ
778 2821 877 2874 οὐκ
916 2818 1128 2887 ἀφίησι.
1164 2816 1413 2881 Κωλύεις
1451 2818 1678 2887 γαμεῖν;
1712 2814 1801 2869 διά

201 2908 362 2963 τοῦτο
388 2907 486 2960 τοῦ
514 2906 588 2977 μὴ
608 2908 810 2975 γαμεῖν
835 2904 896 2957 οὐ
920 2902 1163 2955 κείσεταί
1188 2918 1269 2954 σοι
1302 2901 1516 2972 μισθὸς,
1546 2899 1683 2954 ἀλλά
1708 2900 1802 2952 καὶ

200 2992 449 3063 τιμωρία
478 2992 575 3043 καὶ
598 2989 845 3051 κόλασις.
1529 3037 1535 3044 ,
1636 3028 1649 3041 .

268 3076 350 3129 8’.
381 3076 455 3128 ΣΞ)
478 3074 555 3138 δὲ,
584 3073 772 3144 φησὶν,
799 3072 858 3124 οὐ
890 3068 1153 3135 κωλύεις;
1190 3070 1427 3137 Ἀπαγε,
1463 3066 1536 3137 μή
1566 3084 1697 3121 ποτε
1732 3066 1802 3120 τά

201 3161 345 3215 αὐτά
377 3177 460 3212 σοι
513 3158 766 3230 μανείην.
809 3155 932 3219 Πῶς
965 3151 1079 3217 οὖν,
1124 3155 1292 3226 φησὶ,
1336 3150 1676 3230 παρακαλεῖς
1725 3153 1800 3223 μὴ

201 3246 440 3314 γαμεῖν;
479 3229 603 3295 Ὅτι
642 3240 905 3309 πείθομαι
940 3237 1118 3308 πολλῷ
1157 3234 1489 3307 τιμιωτέραν
1536 3229 1677 3287 εἶναι
1706 3232 1798 3287 τοῦ

202 3331 386 3400 γάμου
409 3326 510 3397 τὴν
533 3323 834 3395 παρθενίαν
852 3339 865 3350 θ
894 3322 954 3375 οὐ
987 3323 1092 3392 μὴν
1118 3319 1205 3373 διά
1231 3318 1390 3372 τοῦτο
1414 3320 1470 3370 ἐν
1498 3320 1610 3381 τοῖς
1634 3334 1802 3388 πονη-

207 3416 322 3485 ροῖς
346 3414 443 3466 τὸν
465 3413 645 3483 γάμον
671 3409 913 3478 τίθεμαι,
946 3405 1082 3460 ἀλλά
1105 3405 1198 3458 καὶ
1231 3403 1351 3456 λίαν
1374 3402 1535 3455 αὐτὸν
1566 3401 1796 3456 ἐπαινῶ.

206 3484 391 3569 Λιμὴν
424 3497 537 3565 γάρ
575 3496 693 3546 ἐστι
734 3489 1091 3561 σωφροσύνης
1125 3490 1238 3551 τοῖς
1275 3486 1619 3558 βουλομένοις
1652 3484 1800 3569 αὐτῷ

204 3567 446 3653 χρῆσθαι
501 3576 720 3639 καλῶς,
762 3575 863 3627 οὐκ
906 3572 1087 3642 ἀφιεὶς
1135 3570 1437 3653 ἀγριαίνειν
1475 3567 1796 3653 τὴνηφύσιν.

216 3651 364 3718 ’Ᾰντὶ
379 3663 493 3734 γάρ
516 3660 799 3733 προϐόλων
821 3657 1134 3728 προστήσας
1148 3653 1248 3724 τὴν
1270 3652 1495 3724 ἔννομον
1517 3651 1683 3723 μίξιν,
1704 3652 1801 3707 καὶ

201 3749 376 3818 ταύτῃ
408 3746 482 3799 τά
498 3745 598 3814 τῆς
618 3742 911 3811 ἐπιθυμίας
933 3739 1224 3810 δεχόμενος
1246 3736 1488 3807 κύματα,
1515 3737 1574 3788 ἐν
1591 3735 1799 3807 γαλήνῃ

204 3834 374 3903 πολλῇ
408 3829 736 3900 καθίστησιν
759 3826 905 3896 ἡμᾶς
931 3824 1025 3877 καὶ⁸
1054 3821 1319 3895 διατηρεῖ.
1360 3819 1498 3903 Ἀλλξ
1524 3820 1630 3903 είσί
1656 3836 1802 3903 τινες

203 3920 251 3971 οἱ
286 3901 372 3988 μὴ*
388 3914 640 3983 δεόμενοι
668 3909 875 3979 ταύτης
903 3906 1003 3975 τῆς
1032 3901 1493 3988 άσφαλείας,7ἀλλ’
1518 3902 1649 3988 ἀντὶ.Δ
1669 3901 1801 3988 10.6f-

207 3984 304 4071 της
352 3984 640 4068 νηστείαις
665 4038 679 4061 ,
730 3990 1092 4063 ἀγρυπνίαις,
1143 3987 1469 4060 χαμευνίαις
1491 4026 1506 4051 ,
1535 3988 1603 4058 τῇ
1637 3984 1798 4071 λοιπῇ

210 4069 609 4156 σκληραγωγίᾳ
636 4077 1021 4134 τιθασσεύουσι
1046 4073 1145 4144 τὴν
1189 4074 1288 4142 τῆς
1321 4071 1533 4140 φύσεως
1566 4069 1763 4141 μανίαν
1783 4086 1796 4100 ·

207 4154 419 4233 τούτοις
447 4166 700 4237 παραινῶ
720 4163 793 4235 μὴ
811 4160 1029 4231 γαμεῖν,
1056 4158 1118 4210 οὐ
1150 4156 1375 4210 κωλύων
1405 4158 1625 4226 γαμεῖν.
1659 4154 1799 4208 Πολύ

204 4254 262 4305 δὲ
284 4253 478 4305 τούτου
507 4249 762 4305 κάκείνου
786 4245 846 4297 16
870 4243 1055 4314 μέσον,
1078 4241 1171 4294 καὶ
1191 4239 1467 4303 τοσοῦτον,
1486 4239 1610 4290 ὅσον
1633 4238 1803 4306 ἀνάγ-

206 4355 310 4409 κης
343 4337 443 4391 καὶ⁵
492 4333 865 4405 προαιρέσεως
891 4328 951 4381 16
984 4326 1258 4409 διάφορον.
1302 4324 1358 4376 Ὀ
1402 4323 1499 4409 μὲν
1527 4323 1635 4409 γάρ
1664 4339 1803 4409 aug-

206 4401 481 4477 ϐουλεύων
512 4401 705 4487 ἀφίησι
733 4414 824 4467 τὸν
855 4409 1120 4466 ἀκούοντα
1158 4406 1347 4477 κύριον
1385 4401 1525 4459 εἶναι
1555 4406 1654 4475 τῆς
1692 4404 1801 4457 τῶν

207 4485 853 4579 πραγμάτωνναίρέσεως
885 4495 1027 4565 ὑπὲρ
1057 4485 1132 4546 ὧν
1168 4492 1404 4544 ποιεῖται
1432 4490 1533 4559 τὴν
1561 4487 1801 4557 συμϐου-

206 4570 305 4661 λῆν
328 4570 348 4620 ⁸-
368 4570 422 4641 ’ὁ
456 4587 512 4640 δὲ
544 4570 770 4639 κωλύων
802 4581 1153 4651 παραιρεῖται
1193 4576 1286 4628 καὶ
1312 4573 1483 4642 αὐτὴν
1517 4571 1614 4642 τὴν
1649 4570 1802 4635 ἐξου·

209 4654 331 4728 σίταν
370 4668 542 4727 αὐτοῦ
578 4670 628 4723 δ.
680 4666 825 4738 Πρὸς
865 4662 1078 4723 τούτοις
1110 4658 1221 4728 ἐγὼ
1269 4657 1367 4728 μὲν
1414 4654 1697 4727 παραινῶν
1738 4654 1799 4707 οὐ

208 4759 423 4822 κακίζω
443 4756 504 4808 16
520 4756 775 4823 πρᾶγμα,
795 4750 915 4802 οὐδέ
936 4745 1030 4800 τοῦ
1052 4747 1127 4817 μὴ
1154 4742 1468 4804 πεισθέντος
1484 4739 1800 4810 κατηγορῶ*

208 4845 275 4896 ὠ
305 4843 363 4895 δὲ
389 4839 695 4895 διαϐάλλων
731 4834 883 4894 αὐτὸ,
924 4832 1019 4886 καὶ
1058 4828 1263 4900 φαῦλον
1298 4823 1436 4880 εἶναι
1477 4825 1673 4893 λέγων,
1706 4825 1803 4877 καὶ

206 4928 305 4999 τὴν
327 4926 422 4980 τοῦ
455 4921 895 4994 νομοθετοῦντος,
919 4916 1035 4971 ἀλλ’
1059 4915 1120 4968 οὐ
1147 4913 1246 4984 τὴν
1273 4910 1367 4964 τοῦ
1401 4907 1803 4980 συμϐουλεύον-

208 4995 299 5075 τος
323 5012 480 5078 τάξιν
508 5007 790 5079 ἁρπάζων,
824 5003 1049 5064 εἰκότως
1077 5000 1203 5061 τούς
1227 4996 1300 5069 μὴ
1332 4995 1805 5079 πειθομένουςῌμι-

211 5100 325 5160 σείς
346 5116 359 5126 ·
524 5076 627 5145 οὐκ
653 5088 785 5158 ἐγὼ,
810 5086 947 5140 ἀλλά
970 5083 1236 5154 θαυμάζω
1260 5083 1356 5152 μὲν
1376 5080 1502 5142 106;
1523 5080 1603 5141 εἰς
1617 5076 1803 5131 τοῦτον

209 5177 713 5251 ἀπογραψαμένους
750 5173 843 5226 τὸν
887 5168 1095 5238 ἀγῶνα,
1138 5167 1199 5219 οὐ
1231 5164 1523 5251 κατηγορῶ
1561 5163 1616 5251 δέ

208 5268 315 5319 τῶν
335 5247 454 5330 ἔξω
470 5247 569 5333 τῆς
585 5259 868 5325 ἀθλήσεως
894 5253 1185 5326 μενόντων.
1212 5250 1530 5319 Κατηγορία
1554 5247 1663 5320 γὰρ
1682 5248 1802 5333 τότε

211 5354 276 5405 ἂν
310 5351 535 5420 γένοιτο.
569 5343 817 5404 δικαίως.
858 5342 985 5393 ὅταν
1019 5354 1102 5399 τις
1130 5336 1265 5405 πρὸς
1290 5334 1352 5387 τὸ
1380 5332 1803 5420 ὡμολογημένον

213 5412 355 5505 ρέψίῃ
375 5412 548 5488 κακόν
569 5447 583 5461 ’
606 5431 635 5481 6
653 5427 710 5480 δὲ
724 5427 785 5478 16
807 5424 1027 5478 ἔλαττον
1053 5422 1149 5492 μὲν
1174 5421 1313 5490 ἔχων
1328 5418 1551 5486 ἀγαθὸν,
1570 5416 1664 5471 τοῦ
1685 5415 1801 5487 μεί-

212 5502 364 5584 ζονος
393 5519 449 5571 δέ
474 5518 577 5569 οὐκ
608 5509 1020 5580 ἐφικνούμενος,
1050 5505 1144 5559 τοῦ
1177 5506 1275 5575 μὲν
1305 5506 1649 5557 ἐπαινεῖσθαι
1684 5502 1801 5574 μετ’

211 5604 421 5658 ἐκείνου
444 5600 540 5653 καὶ
565 5592 943 5666 θαυμάζεσθαι
966 5588 1361 5659 ἀπεστέρηται,
1380 5585 1803 5658 κατηγορεῖσθαι

211 5691 267 5743 δὲ
296 5690 397 5741 οὐκ
435 5686 502 5739 ἂν
528 5685 614 5753 εἴη
654 5681 884 5741 δίκαιος.
930 5675 1056 5737 Πῶς
1093 5669 1188 5726 οὖν
1221 5671 1417 5725 κωλύω
1449 5673 1671 5741 γαμεῖν,
1698 5668 1803 5723 τῶν

211 5770 537 5844 γαμούντων
559 5768 635 5837 μὴ
662 5759 1009 5833 κατηγορῶν;
1036 5755 1329 5827 Πορνεύειν
1350 5754 1543 5808 κωλύω
1567 5753 1663 5807 καὶ
1691 5769 1801 5823 μοι-

280 5901 303 5928 ⁸
333 5900 453 5959 Reg.
484 5896 515 5943 ἃ
536 5895 616 5942 καὶ
637 5892 747 5959 τῴς
770 5891 833 5951 μή
856 5884 1211 5959 ἑλομένουςηούκ
1237 5882 1420 5955 ἀφίησι.
1442 5944 1450 5953 ν

280 5963 306 6002 ὶ)
479 5948 780 6024 πσραιρεῖταί
805 5950 978 6007 ταύτης
1000 5954 1083 6006 τῆς
1106 5948 1315 6001 ἐξουσίας
1341 5948 1497 5993 αὐτόν.

1560 271 1647 328 DE
1684 272 2153 329 VIRGINITATE.

1902 389 2105 459 χεύειν,
2136 390 2333 457 γαμεῖν
2361 390 2417 443 δὲ
2440 390 2717 444 οὐδέποτε.
2743 388 2854 442 Καὶ
2871 389 2999 452 106;
3028 389 3127 459 μέν
3151 389 3333 444 ἐκεῖνα
3361 397 3484 445 τολ-

1905 468 2121 536 μῶντας
2147 467 2378 532 κολάζω,
2417 470 2511 522 καὶ
2538 468 2631 520 τοῦ
2664 468 3031 539 πληρώματος
3060 469 3348 523 ἀπελαύνοι
3381 473 3483 541 τῆς

1914 551 2257 621 Ἐκκλησίας,
2285 552 2412 615 τούς
2439 553 2497 605 δέ
2527 551 2688 605 τοῦτο
2712 553 3018 616 ποιοῦντας,
3044 554 3092 605 εί
3121 555 3481 623 σωφρονοῦσι,

1901 635 1994 687 καὶ
2016 635 2255 688 ἐπαινῶν
2278 635 2525 688 διατελῶ.
2553 636 2707 689 Οὐτω
2730 636 2839 707 γάρ
2861 636 2953 689 δύο
2972 637 3181 704 γίνεται
3201 637 3269 690 τά
3292 638 3482 709 κέρδη,

1901 718 1959 773 ἓν
1994 719 2093 789 μὲν
2133 720 2194 773 τὸ
2224 720 2300 790 μὴ
2328 720 2629 773 διαϐάλλειν
2665 720 2762 791 τὴν
2798 720 2892 773 τοῦ
2927 720 3061 773 Θεοῦ
3094 721 3483 791 δημιουργίαν,

1899 802 2150 874 δεύτερον
2167 803 2223 855 δὲ
2242 804 2302 856 16
2330 804 2403 876 μὴ
2423 804 2706 874 καθαιρεῖν
2729 803 2789 856 16
2809 804 2904 873 τῆς
2922 804 3220 875 παρθενίας
3241 805 3481 876 ἀξίωμα,

1899 884 2035 938 ἀλλά
2062 884 2241 955 πολλῷ
2273 888 2604 958 σεμνοτέραν
2634 887 2956 955 ἀποφαίνειν
2991 888 3184 957 αὐτήν.

1898 1006 1907 1011 μ
1970 968 2023 1022 l'.
2044 969 2100 1021 Ὀ
2119 970 2218 1037 μὲν
2234 969 2343 1041 γάρ
2358 970 2448 1024 τὸν
2460 972 2638 1041 γάμον
2656 971 2897 1033 κακίζων
2923 971 3016 1023 καὶ
3040 970 3136 1040 τὴν
3159 972 3258 1040 τῆς
3278 987 3354 1023 πα
3363 971 3484 1042 ρθεο

1900 1052 2017 1115 νίας
2046 1053 2408 1124 ὑποτέμνεται
2441 1054 2599 1120 δόξαν
2617 1070 2629 1084 '
2666 1057 2694 1107 6
2722 1055 2777 1107 δέ
2805 1054 2994 1107 τοῦτον
3018 1055 3257 1108 ἐπαινῶν
3283 1056 3484 1126 μᾶλλον

1901 1135 2118 1206 ἐκείνης
2150 1136 2369 1209 ἐπαίρει
2398 1137 2458 1190 16
2484 1138 2670 1207 θαῦμα
2700 1139 2795 1191 καὶ
2817 1139 3195 1210 λαμπρότερον
3226 1143 3384 1194 ποιεῖ.
3410 1141 3482 1193 Τί.

1904 1220 2002 1289 μὲν
2028 1220 2136 1293 γάρ
2163 1224 2228 1292 τῇ
2258 1222 2392 1292 πρὸς
2415 1222 2473 1274 16
2501 1225 2681 1292 χεῖρον
2713 1222 3013 1293 παραθέσει
3034 1223 3357 1293 φαινόμενον
3386 1242 3485 1278 κα-

1900 1303 1990 1357 λύν
2018 1306 2117 1358 οὐκ
2145 1304 2211 1358 ἂν
2235 1306 2320 1377 εἴη
2352 1306 2556 1377 σφόδρα
2583 1306 2769 1369 καλὸν,
2802 1307 2863 1359 16
2890 1307 2945 1360 δέ
2971 1306 3081 1359 τῶν
3111 1307 3483 1377 ὁμολογουμέ-

1901 1406 2008 1444 νων
2036 1388 2262 1458 ἀγαθῶν
2302 1389 2545 1459 ἀμεινον,
2582 1389 2740 1442 τοῦτό
2778 1391 2895 1442 ἐστι
2929 1390 2989 1442 τὸ
3022 1390 3141 1461 μεθ’
3176 1390 3485 1462 ὑπερϐολῆς

1901 1474 2064 1528 καλόν
2080 1492 2093 1506 ⁸
2122 1475 2220 1528 ὃπε
2231 1498 2260 1545 ρ
2275 1474 2370 1546 τὴν
2394 1474 2689 1546 παρθενίαν
2713 1475 2999 1528 ἀποδείκνυ
3009 1493 3106 1546 μεν
3124 1473 3286 1529 οὖσαν
3300 1478 3483 1547 ἡμεῖς.

1902 1559 2112 1630 Ὥσπερ
2145 1556 2238 1613 οὖν
2266 1561 2311 1613 of
2344 1559 2435 1612 τὸν
2473 1560 2649 1630 γάμον
2680 1558 2997 1623 κακίζοντες
3023 1563 3134 1622 τοῖς
3158 1559 3361 1630 ταύτης
3387 1562 3483 1628 ἐγ-

1901 1644 2131 1713 κωμίοις
2158 1643 2532 1714 λυμαίνονται,
2555 1642 2699 1696 οὑτω
2726 1643 2981 1712 διαϐολῆς
3006 1642 3363 1697 ἀπαλλάττων
3388 1644 3485 1697 αὐ-

1898 1728 1990 1780 τὸν
2013 1729 2071 1780 οὐ
2096 1727 2283 1779 τοῦτον
2315 1725 2514 1797 μᾶλλον
2548 1726 2581 1795 ἦ
2617 1726 2716 1794 τὴν
2746 1726 3047 1798 παρθενίαν
3083 1728 3335 1798 ἐπῄνεσε.
3374 1726 3486 1781 Καὶ

1899 1811 2007 1883 γάρ
2051 1810 2281 1865 ἐπὶτῶν
2331 1810 2601 1882 σωμάτων
2630 1811 2727 1880 οὐχ
2765 1810 2865 1863 ὅσα
2900 1810 3008 1862 τῶν
3039 1810 3482 1882 πεπηρωμένων,

1899 1895 2011 1949 ἀλλ’
2047 1896 2146 1949 ὃσα
2178 1895 2285 1948 τῶν
2334 1894 2534 1965 ἀρτίων
2565 1894 2660 1947 καὶ
2684 1893 2953 1964 μηδεμίαν
2982 1893 3161 1965 λώϐην
3193 1905 3214 1932 ο
3252 1894 3485 1964 ἐχόντων

1898 1982 2043 2035 ἐστὶν
2081 1980 2324 2051 ἀμείνω,
2375 1977 2550 2032 ταῦτα
2586 1978 2765 2050 ὡραῖα
2797 1974 2935 2031 εἶναί
2982 1995 3185 2047 φαμεν.
3234 1978 3415 2032 Καλὸν
3456 1980 3485 2031 6

1897 2065 2093 2136 γάμος·
2121 2064 2215 2118 καὶ
2229 2062 2317 2116 διὰ
2337 2061 2539 2133 τοῦτοή
2560 2062 2827 2133 παρθενία
2854 2061 3187 2131 θαυμαστὸν,
3213 2063 3293 2115 ὃτι
3316 2061 3483 2115 καλοῦ

1898 2148 2144 2220 κρεῖττόν
2172 2149 2310 2212 ἐστι,
2335 2146 2428 2201 καὶ
2452 2146 2693 2217 τοσούτῳ
2721 2149 2988 2217 κρεῖττον,
3012 2147 3122 2217 ὅσῳ
3144 2146 3254 2199 τῶν
3272 2146 3486 2199 ναυτῶν

1897 2236 1925 2287 ὁ
1940 2232 2303 2304 κυϐερνήτης,
2332 2233 2425 2285 καὶ
2450 2232 2558 2285 τῶν
2577 2230 2927 2302 στρατιωτῶν
2947 2233 2974 2284 6
3000 2230 3327 2301 στρατηγός.
3345 2228 3486 2282 Ἀλλ’

1897 2317 2086 2385 ῶσπερ
2110 2317 2204 2370 ἐπὶ
2235 2315 2331 2369 τοῦ
2364 2315 2550 2369 πλοίου
2576 2316 2701 2377 τούς
2727 2314 3046 2384 ἐρέττοντας
3077 2314 3143 2367 ἂν
3168 2314 3396 2385 ἀφέλῃς,
3422 2314 3487 2367 16

1900 2396 2107 2464 σκάφος
2137 2394 2457 2459 κατέδυσας,
2487 2393 2579 2446 καὶ
2609 2394 2701 2446 ἐπὶ
2723 2393 2961 2464 πολέμου
2984 2394 3111 2456 τοὺς
3144 2392 3487 2465 στρατιώτας

1898 2476 1965 2529 ἂν
1998 2475 2339 2546 ἀποστήσῃς,
2381 2474 2706 2545 παρέδωκας
2739 2472 3024 2541 δεδεμένον
3054 2473 3168 2534 τοῖς
3207 2472 3487 2543 πολεμίοις

1897 2554 1988 2608 τὸν
2028 2554 2362 2626 στρατηγόνο
2402 2554 2545 2607 οὑτω
2594 2553 2687 2607 καὶ
2726 2552 2964 2606 ἐνταῦθα
2998 2552 3064 2605 ἂν
3110 2553 3211 2621 τῆς
3254 2553 3487 2621 ἀρίστης

1896 2633 2102 2697 τάξεως
2127 2633 2397 2706 ἐκϐάλλῃς
2418 2632 2443 2671 ἀ
2475 2633 2566 2685 16v
2587 2633 2784 2701 γάμον,
2820 2632 2919 2701 τῆς
2952 2631 3250 2703 παρθενίας
3272 2632 3372 2701 τὴν
3399 2632 3488 2685 δό-

1899 2710 1994 2777 ξαν
2021 2711 2344 2783 προύδωκας
2363 2752 2378 2773 ,
2403 2711 2499 2764 καὶ
2521 2710 2600 2773 είς
2620 2710 2845 2779 ἔσχατον
2874 2710 3078 2780 ήγαγες
3095 2715 3281 2764 κακόν.
3308 2710 3487 2765 Καλὸν

1896 2794 1931 2864 ή
1978 2791 2273 2862 παρθενία·
2331 2789 2588 2860 σύμφημι
2630 2789 2820 2857 κάγώ’
2859 2789 2994 2841 ἀλλά
3040 2790 3134 2843 καὶ
3173 2789 3268 2842 τοῦ
3304 2790 3485 2860 γάμου

1896 2873 2191 2945 κρείττων·
2226 2871 2321 2924 καὶ
2349 2868 2508 2924 τοῦτο
2542 2867 2910 2940 συνομολογῶ.
2944 2870 3055 2921 Καὶ
3082 2870 3130 2921 εἰ
3160 2868 3362 2938 βούλει,
3388 2869 3486 2922 καὶ

1895 2953 1956 3006 16
1985 2954 2107 3005 ὅσον
2140 2950 2405 3022 κρείττων
2440 2948 2797 3020 προστίθημι,
2831 2950 2955 3001 ὅσον
2983 2951 3084 3019 τῆς
3117 2949 3221 3017 γῆς
3251 2950 3278 3001 ό
3315 2949 3485 3020 οὐρα-

1896 3030 2005 3094 νὸς,
2031 3030 2153 3083 ὅσον
2181 3030 2289 3081 τῶν
2322 3027 2625 3099 ἀνθρώπων
2651 3029 2700 3081 οἱ
2728 3026 2981 3097 ἄγγελοιο
3012 3030 3059 3080 εἱ
3082 3027 3137 3080 δέ
3169 3029 3273 3098 χρή
3305 3046 3358 3081 τι
3389 3029 3487 3082 καὶ

1898 3107 2223 3179 βιασάμενον
2263 3109 2459 3172 εἰπεῖν,
2492 3108 2586 3159 καὶ
2626 3106 2809 3160 πλέον.
2840 3107 3100 3175 ’Ἄγγελοι
3133 3107 3231 3176 μὲν
3264 3105 3394 3179 γάρ,
3437 3109 3485 3160 εί

1895 3188 1989 3242 καὶ
2029 3188 2102 3257 μὴ
2136 3187 2374 3256 γαμοῦσι
2414 3187 2550 3258 μηδέ
2603 3184 3030 3255 ἐκγαμίξονται,
3082 3186 3195 3239 ἀλλ’
3236 3188 3336 3239 οὐκ
3379 3187 3488 3240 εἰσὶ

1898 3265 2376 3337 συμπεπλεγμένοι
2429 3264 2593 3335 σαρκὶ
2622 3264 2717 3317 καὶ
2738 3264 2951 3333 αἵματι,
2982 3263 3103 3317 οὐδὲ
3128 3265 3221 3317 ἐπὶ
3254 3265 3351 3336 τῆς
3381 3264 3487 3334 γῆς

1895 3348 2078 3418 ἔχουσι
2109 3346 2208 3410 τάς
2233 3345 2539 3418 διατριϐάς,
2582 3344 2704 3397 οὐδὲ
2737 3344 2893 3415 ὄχλον
2923 3344 3231 3415 ἐπιθυμιῶν
3258 3344 3487 3414 ἀνέχον-

1894 3445 2005 3491 ται,
2037 3427 2157 3480 οὐδέ
2186 3426 2333 3479 σίτου
2364 3425 2575 3478 δέονται
2608 3425 2704 3478 καὶ
2727 3423 2923 3486 ποτοῦ,
2952 3424 3073 3477 οὐδὲ
3098 3424 3260 3494 μέλος
3287 3424 3487 3486 αὐτοὺς

1896 3508 1993 3580 ήδύ
2031 3507 2267 3578 μαλάξαι
2298 3505 2505 3558 δύναιτ’
2537 3503 2625 3569 ἂν,
2667 3503 2789 3556 οὑδέ
2823 3503 2946 3573 θψις
2984 3504 3299 3574 ἐπικάμψαι
3340 3502 3485 3573 λαμ-

1896 3604 2031 3657 πρα,
2066 3585 2187 3639 οὐδέ
2227 3583 2355 3639 ἀλλο
2382 3584 2490 3638 τῶν
2522 3581 2786 3636 τοιούτων
2830 3582 3013 3635 οὐδέν’
3061 3582 3198 3635 ἀλλά
3231 3580 3486 3652 καθάπερ

1894 3666 1984 3719 τὸν
2012 3665 2237 3737 οὐρανὸν
2262 3667 2317 3717 ἐν
2339 3662 2657 3734 μεσημϐρίᾳ
2672 3661 2931 3732 σταθερᾷ,
2960 3662 3187 3730 μηδενὸς
3209 3658 3487 3730 ἐνοχλοῦν-

1894 3764 1985 3809 τος
2004 3746 2217 3815 νέφους,
2249 3744 2395 3796 έστιν
2421 3743 2548 3796 ίδεῖν
2575 3742 2836 3812 καθαρὸν,
2856 3741 3000 3793 οὑτω
3027 3742 3239 3803 καὶτὰς
3260 3740 3484 3793 ἐκείνων

1896 3826 2109 3895 φύσεις,
2126 3826 2245 3879 οὐδε
2254 3825 2383 3895 μιᾶς
2395 3822 2718 3892 ἐνοχλούσης
2732 3820 2894 3875 ἐπιθυ
2902 3821 3051 3900 μίας,
3070 3822 3252 3901 μένειν
3268 3820 3482 3891 ἀνάγκη

1895 3904 2137 3973 διαυγεῖς
2166 3903 2262 3956 καὶ
2289 3901 2571 3972 λαμπράς.

1968 3985 2067 4037 IA'.
2084 3983 2156 4035 T6
2168 3981 2223 4034 δέ
2234 3981 2342 4034 τῶν
2356 3981 2452 4034 ἀνθ
2462 3981 2658 4050 ρώπων
2671 3979 2823 4046 γένος
2837 3976 2944 4031 τῶν
2961 3976 3247 4050 μακαρίων
3260 3976 3485 4031 ἐκείνων

1896 4067 1962 4137 τῇ
1992 4063 2152 4134 φύσει
2183 4074 2207 4102 θ
2227 4062 2550 4133 λειπόμενον
2584 4058 2833 4130 βιάζεται
2855 4057 2951 4128 τὴν
2972 4056 3151 4110 οἰκίαν
3188 4058 3363 4127 ἰσχὺν,
3391 4057 3487 4111 καὶ

1898 4133 2195 4213 φιλονεικεῖ
2225 4141 2312 4194 διά
2337 4140 2437 4210 τῆς
2461 4137 2697 4209 σπουδῆς
2728 4135 2870 4189 κατὰ
2898 4134 3128 4205 δύναμιν
3157 4133 3487 4207 ἐξισωθῆναι

1898 4224 2146 4286 ἐκείνοις.
2200 4220 2325 4281 Πῶς
2372 4215 2503 4283 οὑν;
2546 4218 2618 4270 Οὐ
2665 4215 2957 4287 γαμοῦσιν,
2996 4214 3116 4268 οὐδέ
3162 4213 3488 4284 γαμίζονται

1896 4301 2146 4371 ἄγγελον
2173 4299 2286 4353 ἀλλ’
2317 4298 2438 4352 οὐδὲ
2468 4300 2501 4369 ὴ
2528 4296 2816 4367 παρθένος.
2842 4295 3228 4365 Παρεστήκασι
3259 4293 3490 4347 διαπαν-

1895 4384 1986 4447 16;
2011 4383 2106 4435 καὶ
2132 4378 2509 4451 λειτουργοῦσι
2530 4378 2606 4449 τῷ
2634 4375 2752 4446 Θεῷ
2776 4392 2789 4405 ·
2824 4375 2983 4429 τοῦτο
3004 4375 3098 4427 καὶ
3121 4376 3152 4443 ή
3194 4374 3483 4445 παρθένος.

1897 4462 1986 4515 Διὸ
2020 4463 2116 4515 καὶ
2146 4459 2358 4522 Παῦλος
2387 4457 2557 4521 αὐτάς
2583 4457 2802 4510 πάντων
2826 4454 3103 4524 ἀπέστησε
3136 4452 3245 4505 τῶν
3268 4453 3486 4522 φροντί-

1895 4543 2023 4605 δων,
2057 4539 2146 4593 διὰ
2169 4541 2230 4592 16
2259 4536 2624 4608 εὐπρόσεδρον
2661 4535 2756 4589 καὶ
2787 4535 3217 4606 ἀπερίσπαστον.
3246 4531 3397 4603 [276]
3422 4533 3485 4586 Εἰ

1896 4621 1952 4673 δέ
1980 4619 2053 4690 μὴ
2081 4616 2326 4671 δύναιντο
2358 4618 2437 4679 εἰς
2457 4615 2548 4668 τὸν
2574 4613 2801 4686 οὐρανὸν
2825 4612 3090 4682 ἀναϐῆναι
3115 4612 3253 4675 τέως
3271 4651 3285 4674 ,
3317 4612 3488 4665 καθά-

1899 4716 2004 4770 περ
2036 4700 2256 4762 ἐκεῖνοι,
2281 4699 2381 4767 τῆς
2411 4696 2611 4767 σαρκὸς
2628 4694 3001 4763 καθελκούσης
3018 4692 3208 4757 αὐτάς,
3239 4692 3373 4745 ἀλλά
3393 4693 3487 4744 καὶ

1898 4782 1956 4833 ἐν
1987 4777 2163 4847 τούτῳ
2196 4776 2398 4847 πολλὴν
2428 4776 2611 4847 έχουσι
2644 4775 2743 4847 τὴν
2789 4772 3361 4847 παραμυθίανηαύτὸν
3395 4772 3489 4824 τὸν

1897 4858 2004 4912 τῶν
2036 4844 2279 4927 οὐρανῶν
2308 4844 2709 4925 ὑποδεχόμεναι
2732 4844 3031 4921 Δεσπότην,
3066 4851 3131 4904 ἂν
3168 4844 3301 4904 ὦσιν
3331 4851 3487 4918 ἀγιαι

1897 4938 1975 5008 τῷ
2018 4936 2232 5006 σώματι
2273 4934 2368 4987 καὶ
2404 4932 2482 5003 τῷ
2522 4934 2813 5003 πνεύματι.
2855 4928 3013 4993 Εἶδες
3042 4930 3141 5000 τῆς
3185 4929 3488 4999 παρθενίας

1896 5016 1959 5070 16
1985 5015 2223 5084 ἀξίωμα,
2257 5012 2374 5075 πῶς
2402 5009 2421 5049 ί
2446 5014 2574 5075 τούς
2605 5014 2699 5064 ἐπὶ
2718 5013 2817 5081 τῆς
2846 5010 2950 5079 γῆς
2973 5008 3349 5078 διατρίϐοντας
3373 5009 3489 5069 τοῖς

1898 5099 1957 5150 ἐν
1982 5097 2230 5167 οὐρανοῖς
2254 5092 2635 5161 διαιτωμένοις
2662 5090 2864 5160 ὁμοίως
2897 5087 3273 5141 πολιτεύεσθαι
3309 5090 3486 5150 ποιεῖς

1897 5177 2023 5239 τοὺς
2046 5164 2273 5245 σώματα
2291 5172 2709 5243 περικειμένους
2724 5167 2833 5220 τῶν
2852 5166 3159 5236 ἀσωμάτων
3174 5166 3275 5219 οὐκ
3291 5164 3488 5245 ἀφίησι

1898 5254 2181 5310 λείπεσθαι
2216 5254 2519 5323 δυνάμεων,
2548 5247 2866 5319 ἀνθρώπους
2897 5246 3057 5309 δντας
3088 5246 3167 5309 είς
3198 5246 3291 5297 16v
3322 5244 3493 5298 αὐτὸν

1899 5337 2009 5390 τῶν
2050 5336 2297 5405 ἀγγέλων
2340 5333 2463 5401 ἄγει
2509 5328 2687 5400 ζῆλον.
2734 5326 2868 5381 Ἀλλ’
2914 5326 3067 5379 οὐδὲν
3100 5326 3305 5378 τούτων
3348 5323 3486 5405 πρός

1902 5417 2068 5488 ὑμᾶς,
2103 5403 2237 5478 τούς
2270 5411 2494 5466 τοσοῦτο
2522 5410 2755 5480 πρᾶγμα
2786 5406 3242 5488 λυμαινομένους,
3268 5405 3359 5488 καὶ
3392 5403 3484 5456 τὸν

1902 5484 2179 5565 Δεσπότην
2215 5492 2620 5554 διαϐάλλοντας,
2653 5491 2746 5543 καὶ
2782 5488 3015 5560 πονηρὸν
3045 5484 3482 5546 ἀποκαλοῦντας.

1915 5579 1978 5631 'H
2009 5576 2118 5647 γὰρ
2144 5573 2237 5627 τοῦ
2263 5571 2503 5642 πονηροῦ
2533 5570 2719 5624 δούλου
2754 5570 2972 5633 κόλασις
3002 5569 3144 5639 ὑμᾶς
3176 5565 3486 5631 ἐκδέξεταιδ

1964 5685 1988 5716 ο
2165 5680 2394 5761 μηδεμίαν
2438 5678 2633 5740 βλάϐην.
2668 5675 2791 5725 Infra
2836 5676 2967 5724 idem
3008 5672 3287 5738 στρατηγὸς,
3323 5671 3486 5732 ὥσπερ

1902 5749 1992 5811 γὰρ
2013 5747 2087 5794 ἐπὶ
2109 5744 2193 5792 τοῦ
2213 5744 2395 5790 πλοίου.
3012 5796 3022 5806 ⁹

1972 5810 1999 5850 d
2025 5808 2145 5869 Reg.
2173 5812 2224 5853 et
2244 5802 2394 5853 Savil.
2421 5806 2470 5869 in
2498 5799 3023 5869 ῐητι-τεη-ἐκϐάλῃςηΑῐίι
3049 5797 3294 5858 ἐκϐάλλῃς.

1972 5875 1990 5896 ⁸
2014 5861 2137 5931 ιιρέ.
2160 5871 2254 5915 τῶν
2294 5865 2537 5931 μακαρίων
2560 5864 2768 5931 ἀγγέλων
2870 5861 3022 5931 φύσει.

1984 5934 1999 5972 ί
2019 5916 2209 5984 VAbUcral
2232 5916 2349 5990 πῶς,
2374 5916 2498 5978 Ιιιὶιιο
2525 5916 2743 5976 νοὲύιειιι
2768 5937 2794 5973 c
2820 5916 3002 5975 Sa'vilio
3031 5920 3324 5983 recepimus.
3349 5916 3481 5967 Εοιι,
