3844 6260
241 304 341 361 811

240 420 404 475 uibus
428 420 594 475 multa
618 436 683 478 ac
705 436 901 494 magna
922 420 1221 479 obvenient
1247 419 1412 482 bona.
1438 434 1560 490 qua:
1597 425 1652 473 et
1677 431 1810 471 ocu-

240 520 343 575 tos,
378 522 433 569 et
464 527 649 579 aures,
684 523 739 570 et
769 516 1065 571 humanam
1103 512 1490 585 cogitationem
1527 514 1812 580 superent.

241 604 430 675 Itaque
454 605 523 661 iis
543 604 790 664 dimissis
821 606 981 679 (satis
1009 614 1093 662 est
1112 605 1257 662 enim
1278 604 1391 674 jam
1427 616 1553 656 cum
1587 601 1655 655 iis
1691 614 1815 655 ver-

240 695 465 766 borum)
499 702 567 753 ad
597 696 859 757 Ecclesia:
891 699 1032 756 ﬁlios
1058 710 1371 756 sermonem
1400 693 1773 750 conferamus.

194 810 199 819 ·
309 793 426 849 Xll.
458 792 679 848 Paulum
704 792 790 863 qui
814 790 951 845 dicat
968 832 982 855 .
1012 790 1249 860 Reliquis
1274 803 1375 859 ego
1393 787 1545 853 dico,
1576 801 1684 841 non
1710 783 1820 839 Do:

239 888 438 954 minus,
480 886 759 939 humanm
786 882 840 936 id
868 882 1144 937 consilium.
1162 897 1270 935 esse
1294 896 1397 933 non
1422 878 1725 948 signiﬁcare.
1748 903 1823 914 —

240 978 394 1037 Unde
456 978 616 1048 igitur
674 985 891 1047 praestat
931 976 1227 1031 orationem
1279 968 1556 1028 exordiri?
1619 966 1703 1022 Ab
1755 966 1821 1021 iis

241 1070 450 1126 Domini
478 1070 655 1125 verbis
685 1111 702 1136 ,
733 1084 854 1140 quas
893 1083 988 1138 per
1031 1067 1241 1121 beatum
1279 1063 1500 1120 Paulum
1535 1059 1816 1132 profatur:

239 1176 363 1217 nam
388 1161 547 1233 hujus
570 1161 991 1218 cohortationem
1017 1158 1227 1215 Domini
1260 1155 1679 1213 cohortationem
1700 1167 1821 1210 esse

238 1254 562 1310 credendum
606 1262 710 1311 est.
737 1253 871 1309 Cum
910 1254 1055 1308 enim
1090 1253 1264 1315 dicit,
1305 1249 1615 1322 Conjugibus
1652 1255 1819 1301 autem

238 1348 511 1418 praecipio,
554 1362 654 1400 non
676 1362 767 1416 ego
789 1385 804 1413 ,
833 1345 922 1400 sed
942 1344 1195 1399 Dominus
1220 1359 1239 1397 :
1255 1352 1309 1397 et
1350 1355 1582 1406 rursum,
1614 1338 1820 1394 Ceteris

244 1451 339 1500 ego
366 1436 508 1499 dico,
540 1449 644 1486 non
677 1431 938 1487 Dominus
961 1433 1038 1503 (1,
1061 1433 1182 1488 Cor.
1204 1434 1254 1488 7.
1278 1433 1346 1488 1ο
1380 1444 1430 1489 et
1458 1434 1575 1501 ﬂ);
1605 1450 1715 1490 non
1762 1435 1815 1491 id

244 1522 403 1587 dicit,
428 1521 535 1576 alia
563 1537 663 1577 sua
677 1538 823 1587 esse,
842 1524 951 1579 alia
971 1525 1206 1579 Domini.
1230 1524 1365 1579 Nam
1385 1526 1477 1596 qui
1502 1526 1815 1597 loquentem

244 1616 303 1669 in
334 1629 394 1670 se
420 1613 698 1670 Christum
723 1614 965 1681 haberet,
985 1616 1076 1686 qui
1113 1632 1215 1672 nec
1237 1617 1420 1672 vivere
1444 1624 1738 1687 satageret,
1756 1623 1818 1670 ut

246 1705 304 1759 in
337 1721 397 1761 se
418 1704 677 1761 Christus
708 1706 1045 1778 viveret,qui
1068 1723 1321 1779 regnum,
1346 1708 1537 1776 vitam,
1569 1710 1815 1779 angelos,

246 1797 585 1862 Potestates,
614 1812 942 1869 omnemque
958 1806 1270 1855 creaturam
1292 1802 1477 1866 aliam,
1513 1812 1681 1871 atque
1701 1817 1820 1857 om-

242 1887 382 1941 nino
424 1889 610 1943 omnia
640 1888 759 1957 ejus
782 1890 954 1944 amori
988 1899 1363 1961 postponeret,
1397 1907 1507 1962 quo
1532 1902 1690 1963 pacto
1721 1901 1816 1947 aut

246 1978 431 2047 eloqui
462 1986 557 2032 aut
590 1979 833 2050 cogitare
854 1980 1061 2051 aliquid
1094 1983 1149 2036 in
1193 1984 1437 2038 animum
1482 1983 1816 2050 induxisset,

244 2070 391 2139 quod
424 2068 652 2127 Christo
682 2088 792 2127 non
820 2073 1400 2146 placeret.pra:sertim
1422 2093 1546 2132 cum
1569 2077 1711 2134 hanc
1738 2080 1817 2135 le-

243 2170 367 2225 gem
398 2159 701 2215 conderet?
732 2159 872 2227 Quid
898 2172 986 2218 est
1014 2179 1147 2235 ergo
1171 2165 1320 2235 quod
1354 2165 1509 2230 dicit,
1545 2164 1678 2237 Ego,
1712 2184 1816 2222 non

242 2244 368 2313 ego?
385 2242 556 2315 Leges
574 2246 736 2304 nobis
756 2262 821 2303 ac
848 2249 1101 2320 dogmata
1119 2252 1319 2322 partim
1343 2267 1438 2322 per
1459 2268 1517 2307 se
1537 2252 1814 2320 Christus,

242 2330 445 2399 partim
472 2346 570 2402 per
590 2336 869 2403 apostolos
898 2335 1158 2406 prodidit.
1179 2335 1314 2393 Nam
1340 2354 1449 2394 non
1477 2339 1659 2395 omnia
1689 2355 1814 2396 eum

242 2428 342 2483 per
359 2429 419 2470 se
437 2417 724 2481 statuisse.
755 2419 884 2473 audi
902 2420 1033 2489 quid
1058 2421 1205 2476 dicat
1229 2441 1242 2477 :
1278 2421 1455 2477 Multa
1481 2423 1647 2480 habeo
1672 2425 1814 2480 vobis

244 2502 444 2568 dicere,
476 2505 567 2558 sed
594 2522 696 2559 non
715 2508 933 2574 potestis
960 2521 1174 2577 portare
1192 2510 1347 2565 modo
1371 2508 1426 2581 (1
1431 2529 1552 2566 oan.
1589 2512 1677 2568 16.
1704 2514 1813 2585 ii).

242 2589 439 2660 Itaque
475 2591 607 2647 illud
632 2610 644 2645 :
667 2592 813 2648 Uxor
843 2612 875 2648 a
896 2596 1009 2650 uiro
1031 2612 1094 2651 ne
1115 2596 1354 2652 discedat
1376 2598 1452 2669 (1.
1477 2600 1600 2655 Cor.
1630 2600 1813 2673 7.10),

237 2676 357 2747 jam
388 2686 514 2733 ante
540 2689 821 2747 sanxerat,
856 2698 980 2737 cum
1011 2682 1065 2737 in
1098 2685 1261 2741 terris
1286 2701 1452 2742 carne
1471 2687 1696 2743 indutus
1720 2688 1816 2743 de-

241 2774 399 2835 geret
433 2784 447 2820 :
484 2767 716 2838 ideoque
761 2768 916 2835 dicit,
962 2770 1284 2844 Conjugibus
1326 2784 1501 2829 autem
1540 2777 1811 2845 pra’cipio,

240 2868 349 2907 non
376 2870 488 2924 ego,
513 2855 604 2908 sed
642 2855 924 2911 Dominus.
962 2856 1117 2924 Quod
1152 2860 1219 2915 ad
1250 2860 1494 2918 inﬁdeles
1534 2864 1811 2930 attineret,

242 2955 489 3011 praesens
520 2942 655 2997 nihil
678 2941 947 3006 edixerat.
974 2947 1067 3002 sed
1093 2947 1159 3002 ad
1191 2947 1242 3002 id
1277 2948 1431 3003 Pauli
1461 2958 1696 3006 mentem
1724 2952 1814 3007 in-

238 3027 426 3084 citans
458 3030 623 3101 legem
664 3030 874 3088 ferebat
910 3032 927 3065 ¹
961 3052 973 3088 :
1007 3033 1213 3105 itaque,
1255 3033 1380 3090 Non
1413 3036 1695 3103 Dominus,
1728 3039 1813 3093 in-

237 3118 384 3187 quit,
425 3118 517 3173 sed
552 3136 644 3186 ego
675 3136 694 3174 :
734 3136 840 3175 non
881 3122 973 3193 qui
1010 3124 1377 3194 significatum
1407 3126 1587 3191 vellet,
1620 3126 1817 3181 huma-

237 3222 373 3260 num
397 3222 520 3262 esse
551 3208 695 3277 quod
722 3208 1000 3266 diceretur
1025 3230 1039 3266 :
1076 3211 1213 3266 nihil
1242 3211 1463 3280 minus;
1492 3212 1586 3268 sed
1609 3229 1812 3284 praece-

240 3299 398 3362 ptum
436 3293 489 3347 id
523 3294 592 3348 ab
622 3310 689 3349 eo
736 3304 1009 3365 praesente
1043 3297 1334 3368 discipulis
1380 3300 1659 3370 proditum
1699 3315 1810 3356 non

238 3392 391 3442 esse.
424 3380 517 3437 sed
547 3398 696 3438 nunc
721 3384 940 3439 demum
974 3396 1072 3455 per
1102 3398 1181 3442 se.
1214 3383 1397 3452 Quare
1423 3394 1484 3442 ut
1513 3387 1668 3453 illud,
1698 3386 1813 3444 Do-

236 3468 437 3532 minus,
467 3485 569 3522 non
592 3484 706 3540 ego,
743 3470 886 3525 haud
917 3472 1038 3540 ejus
1069 3482 1153 3528 est
1175 3474 1269 3544 qui
1300 3472 1503 3529 Christi
1523 3474 1682 3545 jusso
1712 3476 1811 3531 ad.

234 3564 489 3610 versetur
513 3573 529 3611 :
552 3556 627 3610 ita
652 3556 777 3622 hoc,
809 3555 942 3627 Ego,
966 3575 1070 3613 non
1090 3559 1374 3627 Dominus,
1406 3575 1515 3616 non
1533 3562 1805 3632 privatum

234 3642 522 3711 quiddam,
552 3652 608 3699 et
636 3653 834 3714 prater
864 3644 959 3700 Dei
996 3655 1232 3703 mentem
1268 3646 1537 3704 edicentis
1566 3659 1669 3716 est,
1709 3651 1804 3706 sed

234 3730 344 3784 hoc
377 3731 554 3786 solum
595 3732 915 3799 indicantis,
953 3747 1053 3805 per
1082 3750 1142 3792 se
1191 3747 1520 3807 praeceptum
1560 3738 1613 3793 id
1660 3754 1807 3794 nunc

232 3816 414 3887 prodi.
444 3816 579 3873 Nam
613 3819 683 3876 de
711 3820 878 3876 vidua
919 3821 1172 3892 loquens,
1209 3822 1430 3878 Beatior
1463 3835 1565 3888 est,
1600 3824 1801 3894 inquit,

226 3906 272 3960 si
286 3905 361 3958 sic
388 3908 717 3975 permanserit
735 3948 751 3973 ,
779 3910 1053 3964 secundum
1077 3927 1240 3966 meum
1264 3913 1532 3967 consilium
1564 3910 1658 3985 (1.
1685 3911 1806 3967 Cor.

224 3994 282 4048 7.
310 3994 438 4065 40);
465 4010 529 4050 ac
557 4010 625 4052 ue
650 3996 875 4053 audiens
898 4038 917 4065 ,
971 3999 1265 4055 Secundum
1303 4018 1468 4057 meum
1504 4003 1770 4057 consilium
1790 4043 1806 4070 ,

224 4082 519 4139 humanum
547 4097 908 4143 commentum
933 4089 1180 4147 crederes
1201 4130 1217 4157 ,
1255 4092 1611 4162 suspicionem
1638 4093 1795 4149 addi-

225 4183 464 4231 tamenta
484 4192 551 4233 eo
579 4179 825 4248 sustulit,
855 4180 989 4237 Puto
1013 4193 1181 4237 autem
1216 4185 1354 4255 quod
1379 4194 1427 4239 et
1454 4202 1544 4258 ego
1574 4188 1808 4259 spiritum

222 4266 326 4323 Dei
353 4269 584 4325 habeam.
616 4271 796 4343 Itaque
825 4282 881 4329 ut
905 4290 1026 4346 quae
1054 4276 1274 4346 spiritus
1303 4286 1486 4333 essent
1506 4279 1765 4350 eloquens
1786 4321 1805 4349 ,

220 4374 375 4414 suam
422 4363 738 4418 sententiam
786 4375 981 4433 vocat,
1037 4382 1139 4423 nec
1183 4378 1462 4439 propterea
1513 4369 1805 4427 humanum

221 4449 416 4505 scitum
443 4451 715 4510 dicemus:
745 4455 816 4510 ita
842 4464 897 4511 et
932 4473 1072 4513 nunc
1096 4473 1216 4513 cum
1248 4458 1454 4530 inquit,
1495 4459 1610 4532 Ego
1648 4463 1762 4517 dico
1784 4505 1803 4531 ,

219 4557 327 4597 non
350 4542 603 4600 Dominus
627 4588 644 4613 ,
673 4562 741 4601 ne
767 4548 896 4602 mihi
931 4548 1129 4604 idcirco
1164 4550 1309 4605 Pauli
1351 4566 1652 4608 sermonem
1687 4569 1807 4611 esse

220 4637 529 4694 existimes:
556 4638 785 4695 habebat
799 4644 995 4712 quippe
1021 4643 1324 4714 loquentem
1347 4646 1400 4700 in
1420 4661 1481 4702 se
1510 4646 1802 4717 Christum;

224 4737 409 4798 neque
446 4744 610 4785 ausus
664 4730 851 4787 fuisset
874 4743 1079 4789 tantum
1116 4736 1305 4806 dogma
1348 4739 1629 4792 sententia:
1656 4755 1806 4795 more

218 4837 457 4893 ponere,
486 4824 586 4879 nisi
613 4824 782 4896 legem
827 4826 952 4883 inde
998 4827 1255 4898 petiisset.
1297 4828 1373 4885 Ita
1407 4832 1547 4886 enim
1593 4847 1712 4887 cum
1739 4848 1805 4888 eo

218 4914 484 4984 quispiam
531 4916 784 4985 loquutus
826 4917 1049 4975 fuisset:
1088 4920 1203 4975 Non
1241 4921 1481 4977 sustineo
1505 4922 1599 4993 qui
1634 4922 1804 4978 ﬁdelis

217 5005 325 5059 sim
355 5020 476 5060 cum
508 5006 731 5071 infideli,
755 5010 844 5078 qui
874 5025 1038 5080 purus
1059 5027 1180 5068 cum
1207 5012 1411 5084 impura
1433 5015 1665 5086 degere;
1695 5024 1805 5071 tute
1854 5056 1865 5063 η

217 5094 327 5149 iam
357 5096 575 5152 dicebas
604 5139 620 5163 ,
660 5100 775 5155 haec
802 5110 854 5156 te
897 5101 1081 5158 dicere
1111 5143 1126 5167 ,
1170 5120 1275 5159 non
1318 5106 1621 5160 Dominum.
1650 5106 1803 5163 Unde

216 5184 381 5255 igitur
404 5186 537 5241 mihi
565 5188 757 5259 pignus
771 5201 931 5262 atque
948 5192 1152 5249 ﬁdem?
1177 5195 1244 5249 At
1259 5194 1479 5251 dixisset
1504 5197 1553 5251 ei
1582 5198 1798 5253 Paulus:

212 5277 295 5336 Ne
325 5282 563 5338 verearis
589 5300 604 5349 ;
633 5283 755 5339 ideo
778 5285 921 5340 enim
947 5284 1104 5353 dixi,
1148 5286 1346 5343 habere
1376 5301 1463 5343 me
1491 5288 1798 5359 loquentem

283 5494 297 5522 ε
336 5492 452 5549 Reg.
480 5496 533 5537 et
553 5489 693 5562 savii.
717 5489 902 5542 habent
932 5504 946 5541 :
982 5500 1147 5557 tegent
1168 5491 1350 5564 ferebat
1386 5491 1550 5564 dicens
1578 5493 1668 5546 :si
1695 5495 1803 5566 quis

209 5561 419 5616 uxorem
442 5550 868 5616 habettnﬁdelem,
894 5560 941 5604 et
956 5553 1060 5605 htec
1081 5561 1311 5616 consentit
1329 5554 1549 5607 habuare
1569 5570 1680 5607 cum
1700 5556 1800 5616 tuo,

205 5592 310 5686 ἱῖπὲ
318 5592 868 5686 ’ᾱῦἱιέὶῖᾶίῖἕςῖιῖιιῖἓῖ
877 5592 1507 5686 distantem
1521 5592 1800 5686 ἷῖᾰὲιὲἦζ

204 5682 257 5726 et
278 5675 383 5739 hic
397 5675 626 5739 consentit
647 5676 863 5727 habitare
889 5675 1004 5729 cum
1024 5677 1129 5739 illa,
1154 5691 1248 5729 non
1270 5678 1480 5731 dimittat
1502 5675 1677 5733 uirum.
1718 5675 1802 5734 Id;

202 5740 345 5792 circa
364 5737 516 5804 igitur
532 5736 665 5791 dixit
691 5752 710 5793 :
734 5749 834 5793 Non
856 5736 1215 5806 Dentimtgsed
1235 5754 1324 5806 ego
1342 5740 1468 5797 dico.
1668 5762 1673 5768 ·

1570 298 1657 357 DE
1697 293 2159 355 VlRGINl’I'ATE.

3407 284 3515 339 54%

1929 412 1983 467 in
2005 429 2091 469 me
2118 411 2388 469 Christum
2415 429 2430 467 :
2456 418 2511 467 et
2532 453 2549 480 ,
2584 410 2752 467 videri
2777 426 2867 467 me
2899 424 3110 483 quoque
3137 409 3373 465 divinum
3402 406 3500 463 hs-

1928 501 2059 558 bcre
2082 504 2325 573 spiritum
2357 543 2374 570 ,
2414 518 2482 558 ne
2503 502 2628 573 quid
2662 517 2849 557 eorum
2887 518 3004 573 quze
3028 501 3283 557 dixissem
3311 499 3504 556 humao

1930 609 2055 649 num
2083 595 2435 666 suspicarere.
2467 593 2576 648 Nisi
2599 595 2742 649 enim
2774 594 2844 648 ita
2868 602 3009 649 esset
3028 634 3043 658 ,
3072 608 3360 663 numquam
3386 606 3510 646 eam

1926 686 2295 742 auctoritatem
2347 684 2483 741 meis
2532 686 2939 756 cogitationibus
2985 684 3310 740 tribuissem.
3369 680 3511 738 Sunt

1925 777 2057 831 enim
2106 776 2393 832 mortalium
2438 776 2763 848 cogitationes
2815 776 3024 841 timidae,
3059 792 3325 845 eorumque
3367 791 3510 829 com-

1925 879 2091 923 menta
2117 868 2399 937 periculosa
2440 868 2595 938 (Sap.
2623 869 2677 923 9.
2711 868 2822 939 li).
2850 868 2968 924 Jam
3016 883 3143 923 vero
3185 867 3314 938 legis
3343 866 3507 920 etiam

1924 963 2029 1016 vim
2052 961 2199 1016 orbis
2228 970 2491 1017 terrarum
2519 961 2759 1017 Ecclesia
2798 960 3168 1027 demonstrat,
3208 975 3325 1014 eam
3349 973 3504 1013 accu-

1927 1062 2044 1108 rate
2070 1067 2310 1121 servans,
2348 1051 2755 1123 haudquaquam
2778 1061 3077 1116 servatura,
3104 1051 3203 1105 nisi
3231 1051 3509 1120 esplorate

1924 1152 2290 1214 cognosceret,
2313 1143 2365 1199 id
2393 1142 2594 1199 dictum
2629 1142 2825 1198 Christi
2860 1157 2979 1198 esse
3005 1140 3333 1197 mandatum.
3362 1140 3501 1207 Quid

1925 1234 2085 1307 igitur
2125 1234 2319 1290 Paulus
2376 1234 2584 1289 Domini
2624 1234 2877 1290 instinctu
2922 1233 3169 1289 incitatus
3216 1232 3387 1288 dicit?
3426 1231 3507 1287 De

1921 1326 2101 1397 quibus
2125 1336 2294 1382 autem
2319 1327 2447 1381 mihi
2459 1328 2728 1397 scripsistis
2757 1368 2774 1393 ,
2806 1325 2990 1381 bonum
3019 1335 3144 1381 esset
3166 1326 3356 1379 homini
3386 1342 3501 1379 mu-

1922 1418 2092 1472 lierem
2118 1435 2220 1473 non
2239 1427 2442 1490 tangere
2463 1420 2541 1488 (1.
2568 1416 2685 1473 Cor.
2717 1420 2771 1474 7.
2799 1415 2874 1490 1).
2906 1417 3002 1473 Hic
3027 1416 3355 1488 approbandi
3380 1424 3505 1471 sunt

1919 1508 2201 1576 Corinthii,
2225 1512 2314 1581 qui
2344 1512 2490 1566 nullo
2515 1522 2735 1582 accepto
2755 1527 2786 1565 a
2815 1521 3144 1581 prmeeptore
3174 1510 3401 1565 consilio
3428 1508 3498 1564 de

1920 1601 2243 1671 virginitate,
2272 1602 2369 1672 ipsi
2400 1617 2641 1673 quaarere
2661 1610 3013 1658 antevertant.
3038 1601 3214 1673 Atque
3245 1602 3367 1655 hinc
3388 1600 3501 1670 jam

1920 1695 1999 1750 eis
2022 1693 2206 1762 gratia:
2232 1709 2393 1764 Opera
2425 1696 2617 1750 factam
2647 1696 3010 1750 accessionem
3056 1694 3309 1750 ostendit.
3360 1693 3496 1748 Nam

1920 1803 1985 1840 ex
2015 1785 2179 1841 veteri
2206 1786 2549 1841 Testamento
2576 1801 2663 1841 res
2687 1786 2846 1841 dubia
2875 1802 2979 1840 non
3018 1795 3153 1852 erat,
3186 1800 3289 1840 non
3317 1784 3491 1839 solum

1920 1876 2137 1947 reliquis
2166 1876 2415 1931 omnibus
2445 1918 2459 1942 ,
2489 1877 2584 1932 sed
2615 1876 2811 1932 Levitis
2837 1878 2997 1932 etiam
3026 1884 3081 1930 et
3103 1875 3447 1946 pontificibus
3475 1916 3493 1942 ,

1919 1977 2076 2037 atque
2112 1966 2230 2037 ipso
2266 1966 2520 2037 pontifice
2559 1968 2826 2033 maxime,
2855 1965 3196 2022 matrimonio
3223 1965 3276 2021 in
3303 1966 3493 2036 primis

1918 2074 2137 2128 cperam
2163 2057 2434 2113 dantibus.

1989 2149 2127 2205 Xlll.
2167 2150 2269 2206 Cur
2286 2151 2354 2204 ad
2378 2167 2491 2205 eum
2519 2150 2581 2204 de
2608 2150 2892 2222 uirginitate
2908 2149 3155 2205 Corinthii
3178 2150 3490 2218 scripserint,

1918 2258 2009 2297 nec
2052 2243 2162 2314 ipse
2205 2259 2290 2298 eos
2335 2244 2477 2314 prior
2520 2244 2812 2298 cohortatus
2861 2242 3205 2299 sit.-—Unde
3248 2242 3405 2314 igitur
3444 2244 3499 2298 in

1916 2334 2266 2405 quaestionem
2288 2335 2590 2391 venerunt?
2611 2337 2779 2390 Acute
2800 2333 2853 2389 id
2873 2349 2935 2388 ac
2957 2335 3212 2405 prmclare
3232 2335 3499 2401 viderunt,

1918 2427 2107 2497 majori
2137 2427 2241 2482 sibi
2266 2428 2462 2483 virtute
2485 2443 2621 2498 opus
2647 2442 2790 2494 esse,
2820 2428 2908 2498 qui
2937 2427 3106 2496 majus
3128 2427 3328 2482 donum
3348 2442 3503 2483 acce-

1918 2521 2142 2591 pissent.
2184 2521 2315 2576 lllud
2343 2521 2502 2577 etiam
2532 2520 2993 2575 animadversione
3018 2519 3237 2591 dignum
3261 2528 3370 2586 est,
3403 2535 3501 2575 cur

1920 2612 1971 2669 id
1995 2614 2073 2669 eis
2097 2614 2376 2669 consilium
2406 2630 2509 2669 non
2539 2613 2880 2683 exposuerit;
2913 2629 3086 2685 neque
3111 2614 3251 2668 enim
3282 2614 3325 2668 si
3370 2614 3498 2684 quid

1916 2705 2179 2775 ejusmodi
2219 2705 2525 2772 audissent,
2576 2706 2765 2760 iterum
2815 2720 2879 2759 ex
2922 2720 2987 2759 eo
3029 2720 3123 2775 per
3150 2706 3327 2760 literas
3356 2706 3497 2760 idem

1916 2796 2301 2868 quassivissent.
2330 2796 2463 2851 Nam
2503 2805 2557 2852 et
2585 2795 2672 2851 hic
2712 2795 3077 2851 admirabilem
3111 2795 3257 2850 Pauli
3284 2796 3498 2865 sapien-

1915 2890 2042 2945 tiam
2085 2904 2408 2960 cognoscere
2452 2899 2555 2944 est.
2604 2887 2787 2959 Neque
2831 2886 2975 2943 enim
3021 2895 3221 2942 temere
3273 2903 3337 2942 ac
3382 2888 3500 2943 sine

1915 2995 2073 3036 causa
2099 2996 2212 3037 rem
2242 2990 2441 3037 tantam
2468 2996 2690 3037 monere
2717 2980 2931 3045 omisit,
2973 2980 3066 3035 sed
3093 2981 3344 3035 sustinuit
3371 2981 3498 3036 dum

1915 3074 2013 3144 ipsi
2039 3075 2187 3143 prius
2213 3074 2441 3145 aliquam
2479 3073 2596 3144 ejus
2632 3074 2871 3128 notitiam
2910 3073 3223 3143 consequuti
3264 3073 3316 3127 in
3343 3075 3498 3143 cupi-

1915 3166 2131 3222 ditatem
2160 3168 2425 3234 venirent,
2456 3176 2512 3221 ut
2540 3181 2725 3222 eorum
2750 3165 2959 3220 animos
2986 3176 3172 3221 nactus
3192 3165 3302 3235 jam
3333 3166 3497 3237 virgi-

1916 3257 2065 3312 nitati
2093 3257 2323 3321 deditos,
2355 3256 2558 3313 utiliter
2585 3256 2735 3314 hisce
2761 3256 2829 3312 de
2858 3255 3019 3311 rebus
3043 3270 3320 3311 sermones
3345 3272 3498 3312 sere-

1912 3360 2016 3415 ret,
2042 3349 2343 3405 auditorum
2371 3349 2423 3405 in
2455 3365 2567 3405 rem
2594 3347 2771 3404 studio
2800 3348 2986 3419 ingens
3034 3346 3399 3418 adjumentum
3428 3348 3495 3403 ad

1912 3439 2296 3496 cohortationis
2336 3439 2721 3496 admissionem
2766 3448 3167 3510 pra-stantezet
3190 3439 3388 3511 alioqui
3418 3441 3499 3497 rei

1913 3534 2332 3604 magnitudinem
2383 3542 2542 3607 atque
2588 3534 2853 3604 insignem
2897 3534 3212 3604 gravitatem
3241 3533 3497 3589 ostendit.

1913 3623 2046 3679 Nam
2093 3624 2148 3680 ni
2192 3626 2265 3681 ita
2292 3634 2457 3692 esset,
2489 3641 2597 3680 non
2622 3633 2932 3695 exspectato
2960 3641 3145 3680 eorum
3178 3625 3353 3681 studio
3383 3627 3497 3695 ipse

1915 3718 1967 3774 id
1996 3718 2161 3788 prior,
2187 3720 2232 3774 si
2262 3736 2368 3775 non
2400 3728 2458 3775 ut
2480 3720 2688 3791 jussum
2712 3734 2775 3775 ac
2799 3728 3146 3790 prmeeptum,
3179 3729 3233 3773 at
3271 3728 3417 3774 certe
3442 3727 3498 3773 ut

1913 3808 2345 3865 cohortationem.
2364 3818 2526 3880 atque
2553 3809 2833 3865 consilium
2861 3810 3199 3880 prodidisset.
3230 3810 3380 3866 Nunc
3405 3813 3496 3882 qui

1914 3913 2088 3969 neque
2129 3899 2187 3954 id
2229 3899 2375 3970 prior
2418 3899 2603 3955 facere
2633 3900 2868 3954 animum
2922 3898 3227 3967 induxerit,
3277 3900 3498 3956 evidens

1914 3991 2070 4047 nobis
2099 3990 2222 4047 fecit
2244 4033 2260 4059 ,
2294 4006 2455 4062 egere
2478 3990 2830 4060 virginitatem
2857 3990 3008 4045 multi
3032 3990 3245 4045 sudoris
3273 4001 3499 4046 conten-

1916 4082 2181 4153 tionisque
2196 4096 2522 4153 permagna.
2536 4082 2709 4152 Atque
2724 4080 2775 4136 id
2794 4080 2882 4137 hic
2896 4096 3243 4137 communem.
3255 4091 3504 4137 nostrum

1915 4171 2199 4228 Dominum
2244 4172 2484 4228 imitatus
2516 4172 2661 4236 fecit,
2699 4173 2791 4243 qui
2827 4171 2894 4229 de
2921 4173 3221 4243 virginitate
3250 4183 3359 4228 tum
3388 4174 3501 4229 dis-

1912 4266 2102 4331 seruit,
2130 4279 2250 4321 cum
2279 4280 2401 4320 eum
2427 4264 2674 4335 discipuli
2716 4274 2995 4336 rogarunt.
3025 4264 3156 4320 Nam
3182 4272 3303 4321 cum
3329 4265 3501 4321 dixis-

1913 4365 2055 4420 sent,
2083 4356 2145 4412 Si
2170 4373 2229 4411 ea
2255 4367 2327 4431 est
2364 4357 2459 4411 uiri
2482 4374 2597 4411 cum
2634 4373 2793 4412 uxore
2818 4356 3062 4424 conditio,
3093 4357 3294 4427 expedit
3323 4358 3508 4411 matria

1912 4447 2139 4502 monium
2177 4463 2280 4501 non
2305 4448 2621 4513 contrahere,
2653 4446 2954 4516 respondit,
2980 4446 3115 4501 Sunt
3141 4447 3381 4510 eunuchi,
3410 4448 3509 4517 qui

1910 4541 2100 4612 seipsos
2112 4549 2320 4611 propter
2332 4538 2529 4594 aelate
2542 4555 2753 4610 regnum
2769 4548 3053 4592 castrarunt
3069 4537 3283 4607 (Matth.
3299 4539 3386 4595 19.
3405 4538 3493 4595 10.

1911 4628 2024 4703 12).
2049 4629 2148 4686 Ubi
2174 4630 2314 4685 enim
2341 4630 2527 4701 ingens
2547 4637 2629 4684 est
2656 4636 2801 4684 recte
2821 4628 3036 4693 factum,
3059 4638 3220 4700 atque
3248 4629 3368 4684 ideo
3395 4645 3504 4685 nec

1910 4722 2012 4777 sub
2039 4721 2293 4792 praecepti
2339 4716 2661 4777 neCessitate
2689 4719 3045 4787 concluditur,
3078 4719 3504 4790 exspectandum

1912 4821 1997 4870 est
2017 4812 2345 4869 desiderium
2374 4828 2560 4868 eorum
2585 4811 2674 4883 qui
2703 4826 2769 4867 eo
2797 4811 3124 4882 perfuncturi
3147 4821 3289 4877 sunt,
3319 4822 3375 4867 et
3395 4813 3503 4867 alia

1911 4904 2138 4976 quadam
2182 4905 2391 4959 ratione
2420 4919 2522 4959 nec
2555 4911 2802 4974 suspecta
2836 4904 3044 4958 animus
3088 4903 3152 4956 iis
3195 4911 3355 4973 atque
3383 4912 3495 4958 stu-

1910 4996 2056 5051 dium
2084 5003 2169 5052 est
2193 4996 2486 5066 parandum
2515 5013 2529 5050 :
2558 4995 2699 5067 quod
2739 4994 2956 5067 quidem
2990 5003 3046 5050 et
3083 4993 3324 5050 Christus
3348 4994 3494 5050 fecit.

1907 5086 2091 5157 Neque
2128 5088 2270 5142 enim
2314 5102 2408 5143 eos
2438 5088 2541 5142 ulla
2590 5087 2658 5143 de
2697 5087 2996 5157 virginitate
3038 5086 3398 5155 disputatione
3428 5087 3482 5141 in

1908 5179 2228 5249 virginitatis
2273 5180 2507 5235 studium
2561 5179 2826 5248 conjecit,
2880 5177 2975 5233 sed
3031 5177 3098 5232 de
3145 5176 3486 5232 matrimonio

1910 5275 2087 5331 solum
2114 5275 2384 5345 loquutus,
2409 5275 2460 5329 in
2484 5272 2704 5344 ejusque
2728 5270 3043 5326 difﬁcultate
3064 5278 3493 5325 commonstran-

1907 5367 1974 5424 da
2015 5367 2223 5423 hzerens
2265 5376 2426 5437 atque
2449 5366 2850 5436 conquiescens,
2876 5379 2991 5420 rem
3034 5363 3170 5429 adeo
3206 5364 3493 5433 prudenter

1908 5462 2217 5518 moderatus
2239 5470 2341 5529 est,
2362 5471 2420 5516 ut
2441 5460 2530 5531 qui
2552 5458 2620 5515 de
2643 5474 2749 5514 non
2769 5456 3134 5513 contrahendo
3154 5456 3493 5511 matrimonio

1908 5554 2039 5612 nihil
2065 5554 2374 5620 audissent,
2407 5567 2501 5608 sua
2531 5560 2719 5623 sponte
2744 5551 3016 5615 dicerent,
3066 5549 3286 5619 Expedit
3310 5558 3487 5603 matrs-

1908 5646 2134 5701 monium
2175 5661 2277 5697 non
2325 5643 2618 5698 contrahere
2654 5641 2829 5712 (Ibid.
2874 5657 2924 5695 υ.
2968 5638 3094 5711 10).
3142 5640 3319 5709 Atque
3366 5636 3491 5693 ideo

1914 5738 2073 5795 etiam
2107 5735 2324 5805 Paulus,
2351 5734 2547 5793 Christi
2581 5734 2832 5798 imitator,
2863 5732 2939 5788 De
2961 5730 3143 5806 quibus
3162 5740 3365 5798 autem,
3406 5729 3481 5784 in~
