3844 6256
357 326 461 382 553

352 442 486 509 quit,
520 436 640 489 mihi
665 430 937 504 scripsistis
961 447 977 484 :
1001 430 1144 484 veln'.
1182 444 1238 482 se
1269 427 1333 479 iis
1361 423 1534 476 verbis
1561 421 1613 473 in
1643 419 1778 471 hanc
1807 431 1933 470 seu-

355 506 575 584 tentiam
606 541 838 598 purgans
865 543 875 576 :
907 520 1162 591 Equidem
1197 531 1294 570 vos
1321 515 1384 568 ad
1413 511 1635 566 sublime
1661 509 1758 562 hoc
1787 506 1933 560 fasti-

355 624 496 691 gium
521 597 735 689 propter
759 617 832 670 rei
857 611 1219 667 difttcultatem
1242 605 1507 659 adducere
1527 617 1628 654 non
1652 597 1932 651 audebam.

356 689 505 765 Nunc
542 724 671 763 vero
722 723 841 760 cum
898 704 1102 774 priores
1155 700 1254 769 ipsi
1318 698 1383 751 ad
1431 710 1518 749 me
1572 689 1932 760 scripseritis,

358 804 527 857 tidens
553 801 766 854 demum
796 794 1037 850 consulo.
1076 791 1183 846 Cur
1215 791 1356 844 enim
1397 801 1517 842 eum
1548 783 1726 837 multis
1752 780 1818 834 de
1850 795 1938 832 re-

358 894 457 948 bus
483 890 828 960 scripserint,
879 899 1136 953 nusquam
1180 881 1230 934 id
1276 878 1511 948 adjecit?
1554 874 1705 929 Nulla
1737 871 1840 924 alia
1871 869 1938 921 de

356 1000 536 1046 causa,
569 996 724 1052 quam
751 995 812 1033 ea
833 1019 848 1041 ,
893 991 1052 1046 quam
1095 987 1236 1027 unnc
1262 971 1404 1034 dixi;
1435 984 1502 1021 ne
1531 967 1648 1034 quis
1673 962 1813 1016 enim
1842 974 1936 1012 co-

359 1075 716 1131 hortationem
745 1071 922 1141 inique
948 1067 1246 1136 acciperet,
1274 1061 1456 1115 literas
1480 1057 1578 1121 eis,
1611 1067 1740 1124 quas
1767 1050 1940 1104 misis-

369 1168 508 1221 sent,
535 1163 598 1208 ad
630 1157 946 1207 memoriam
973 1160 1214 1204 revocat.
1243 1150 1317 1204 Ac
1341 1167 1408 1205 ne
1426 1152 1504 1204 sic
1534 1147 1753 1218 quidem
1772 1157 1935 1196 occa-

370 1253 577 1305 sionem
600 1263 717 1302 eam
743 1256 937 1299 nactus
954 1245 1413 1298 vehementiorem
1443 1242 1665 1296 adhibet
1691 1235 1942 1291 admoni-

371 1345 599 1404 tionem,
631 1339 727 1396 sed
757 1337 1048 1392 admodum
1081 1337 1393 1405 benignam,
1418 1336 1470 1388 in
1501 1329 1566 1387 eo
1593 1333 1754 1386 etiam
1782 1327 1940 1382 Chri-

372 1445 516 1489 stum
544 1433 787 1487 imitatus
823 1450 836 1485 :
862 1445 987 1484 nam
1017 1428 1278 1484 Servator
1311 1428 1561 1482 absoluto
1594 1437 1844 1480 sermone
1871 1421 1940 1474 de

371 1526 683 1596 virginitate
696 1519 1040 1586 addidit,Qui
1055 1529 1222 1589 potest
1236 1534 1419 1587 capere
1433 1519 1604 1585 capiat
1627 1513 1838 1583 (.‘llattlt.
1851 1513 1870 1563 l
1883 1511 1936 1565 9.

372 1620 481 1687 1‘2).
511 1618 651 1684 Quid
675 1617 838 1686 igitur
855 1616 962 1669 ait?
984 1615 1056 1668 De
1073 1614 1260 1685 quibus
1280 1621 1457 1664 autem
1476 1605 1930 1675 mihiscripsistis,

371 1710 561 1764 bonum
584 1706 873 1762 esthomini
890 1706 1156 1759 mulierem
1183 1721 1284 1756 non
1303 1713 1511 1770 tangere
1541 1699 1614 1770 (l.
1641 1697 1767 1751 Cor.
1790 1697 1840 1750 7.
1863 1695 1938 1762 l).

435 1795 570 1850 XIV.
619 1793 841 1859 Objectio
888 1805 1057 1843 eorum
1106 1787 1190 1855 qui
1236 1785 1568 1854 virginitatem
1617 1779 1855 1850 ejiciunt,
1898 1784 1944 1826 et

363 1883 776 1940 solutio.——Sed
827 1881 1054 1936 fortasse
1097 1877 1239 1931 dicat
1280 1874 1469 1943 aliquis
1495 1889 1507 1924 :
1533 1873 1601 1924 At
1643 1869 1688 1922 si
1728 1872 1944 1937 praestet

363 1977 642 2031 mulierem
682 1991 785 2028 non
817 1983 1054 2041 tangere,
1081 1985 1182 2038 qua
1207 1967 1274 2021 de
1302 1979 1458 2020 causa
1486 1964 1538 2016 in
1564 1963 1723 2014 vitam
1755 1958 1946 2012 invasit

363 2068 790 2124 matrimonium?
815 2067 1079 2134 Quorsum
1106 2070 1278 2116 autem
1308 2060 1529 2112 muliere
1560 2066 1791 2121 utemur,
1824 2069 1943 2122 qua:

365 2177 534 2230 neque
581 2159 646 2213 ad
687 2157 1116 2220 matrimonium,
1165 2168 1336 2222 neque
1377 2151 1442 2205 ad
1483 2150 1770 2202 liberorum
1814 2162 1942 2216 pro-

365 2255 690 2308 creationem
737 2250 968 2306 serviat?
1021 2246 1224 2317 Ecquid
1270 2261 1395 2299 vcro
1441 2240 1741 2313 prohibebit
1786 2254 1946 2294 onmc

364 2347 640 2402 hominum
668 2356 834 2416 genus
873 2343 1076 2408 deleri,
1108 2356 1229 2394 cum
1259 2349 1310 2392 et
1341 2353 1483 2391 mors
1513 2335 1563 2389 id
1589 2333 1823 2404 quotidie
1849 2333 1944 2384 de-

363 2447 548 2508 pascat
577 2453 638 2490 ac
667 2434 930 2500 concidat,
962 2443 1014 2487 et
1041 2447 1100 2487 ea
1128 2430 1388 2486 sententia
1419 2429 1549 2482 alios
1579 2427 1630 2481 in
1665 2425 1943 2479 defuncto-

366 2547 484 2585 rmn
516 2531 686 2583 locum
713 2528 992 2582 restituere
1021 2541 1123 2578 non
1153 2522 1454 2592 permittat?
1491 2521 1621 2574 Nam
1663 2520 1705 2572 si
1749 2519 1943 2571 bonum

363 2627 416 2681 id
450 2623 679 2678 universi
707 2630 1076 2677 consectemur
1099 2658 1114 2680 ,
1164 2632 1261 2670 nec
1309 2616 1557 2669 mulieres
1586 2612 1903 2680 attingamus
1927 2651 1941 2673 ,

365 2717 544 2770 onmia
590 2715 918 2774 dilabentur,
958 2720 1010 2764 ct
1064 2711 1256 2773 urbes,
1311 2717 1365 2762 et
1417 2707 1642 2769 domus,-
1691 2714 1742 2758 et
1790 2704 1936 2771 agri,

361 2819 415 2864 et
451 2817 612 2872 artes,
670 2815 725 2861 ct
773 2805 1104 2865 animantes,
1159 2809 1212 2856 et
1261 2801 1474 2870 stirpes.
1518 2799 1586 2854 Ut
1631 2799 1772 2850 enim
1816 2812 1944 2864 pro-

361 2909 529 2953 strato
568 2899 886 2965 imperatore
933 2895 1071 2963 cogit
1110 2893 1398 2947 necessitas
1427 2906 1639 2944 onmem
1683 2889 1946 2943 exercitus

361 2991 603 3045 ordinem
635 2988 879 3057 dissipari
909 2987 1022 3040 :sic
1052 2986 1294 3046 homine,
1342 2983 1671 3038 terrestrium
1708 2982 1945 3035 omnium

363 3098 510 3152 rege,
541 3077 861 3134 matrimonii
893 3077 1124 3143 defectu,
1155 3075 1436 3139 exstincto,
1481 3083 1794 3128 caeterornm
1817 3072 1945 3125 nihil

364 3174 783 3230 incolumitatem
811 3186 959 3226 suam
991 3169 1338 3237 ordinemque
1361 3167 1617 3228 tuebitur;
1651 3168 1720 3219 ita
1749 3165 1944 3219 bellum

368 3266 470 3319 hoc
525 3263 805 3318 consilium
860 3261 1152 3314 innumeris
1202 3259 1384 3312 orbem
1438 3257 1591 3310 malis
1641 3255 1943 3324 complebit.

365 3357 656 3410 Enimvero
677 3355 719 3407 si
740 3337 854 3406 haec
876 3352 1104 3405 hostium
1129 3349 1298 3404 solum
1319 3359 1477 3418 atque
1498 3347 1784 3402 infidelium
1806 3346 1944 3400 dicta

365 3457 574 3509 essent,
607 3462 667 3500 ea
699 3445 847 3515 parvi
887 3443 1189 3498 duxissem:
1221 3440 1312 3493 sed
1342 3453 1461 3495 cum
1497 3437 1738 3504 eamulti
1765 3440 1946 3504 etiam,

363 3538 454 3609 qui
483 3537 549 3592 ad
576 3535 865 3590 Ecclesiam
899 3543 1140 3612 spectare
1161 3535 1437 3593 videantur
1455 3577 1469 3601 ,
1490 3535 1688 3604 jactent
1708 3575 1722 3598 ,
1756 3531 1948 3602 ingenii

366 3631 572 3709 ignavia
627 3629 942 3705 virginitatis
996 3631 1220 3687 sudores
1272 3630 1659 3684 detrectantes?
1700 3629 1948 3695 illamque

365 3728 667 3784 damnando
693 3735 747 3780 et
774 3723 926 3778 nauci
968 3721 1212 3776 faciendo
1254 3719 1552 3774 socordiam
1593 3733 1740 3772 suam
1771 3728 1948 3787 tegere

364 3821 603 3874 volentes
627 3861 642 3885 ,
674 3825 733 3872 ut
761 3831 865 3870 non
899 3814 1217 3884 negligentia
1246 3811 1471 3881 quadam
1499 3850 1514 3876 ,
1554 3809 1646 3863 sed
1684 3819 1829 3862 recto
1863 3823 1947 3860 ra-

364 3913 524 3968 tionis
559 3910 758 3980 judicio
786 3909 853 3962 ab
881 3921 946 3961 eo
991 3905 1280 3961 certamine
1333 3901 1588 3971 refugisse
1638 3900 1946 3953 videantur:

364 4020 482 4074 age,
513 4001 754 4056 hostibus
777 3998 1044 4062 dimissis;
1074 3997 1320 4049 Animalia
1341 3995 1473 4046 enim
1496 3995 1644 4046 homo
1689 4009 1790 4045 non
1812 3994 1948 4060 capit

363 4109 477 4164 qua:
493 4092 718 4161 Spiritus
733 4097 869 4155 sunt,
889 4088 1076 4157 quippe
1096 4101 1212 4157 quae
1234 4088 1333 4139 sint
1350 4086 1394 4138 ei
1415 4085 1630 4138 stultitia
1655 4083 1728 4153 (l.
1750 4081 1867 4136 Cor.
1890 4082 1944 4134 2.

367 4184 480 4254 to),
514 4183 604 4252 qui
631 4196 688 4234 se
719 4189 930 4234 nostros
961 4180 1199 4246 lingunt,
1233 4185 1523 4244 utrumque
1557 4175 1863 4237 doceamus,
1896 4183 1949 4227 et

371 4284 576 4330 tantum
605 4272 794 4326 abesse
825 4281 880 4324 ut
910 4285 996 4325 res
1024 4269 1177 4322 nauci
1208 4268 1313 4332 sit,
1358 4276 1414 4320 ut
1442 4265 1594 4319 valde
1620 4267 1778 4318 etiam
1807 4265 1949 4318 utilis

365 4367 436 4420 sit
483 4380 544 4418 ac
591 4362 891 4418 necessaria
918 4402 932 4423 ,
984 4375 1155 4429 neque
1199 4359 1593 4412 accusationem
1640 4371 1758 4410 eam
1807 4357 1950 4425 ipsos

367 4458 581 4528 impune
622 4456 854 4515 laturos,
900 4452 994 4508 sed
1043 4461 1246 4506 tantum
1277 4451 1340 4504 iis
1371 4449 1590 4520 periculi
1632 4449 1944 4515 allaturam,

365 4560 620 4619 quantttm
645 4546 983 4616 pr:l‘tlllOI‘UIll
1007 4551 1167 4612 atque
1190 4541 1358 4596 laudis
1381 4541 1464 4606 iis,
1483 4541 1572 4610 qui
1594 4539 1946 4610 virginitatem

367 4641 643 4695 eolucrint.
676 4638 808 4692 Nam
843 4639 943 4690 hoc
969 4643 1276 4689 constructo
1307 4632 1524 4709 mundo,
1557 4641 1611 4687 et
1635 4632 1699 4686 iis
1727 4631 1945 4701 paratis,

367 4749 486 4802 quae
517 4731 582 4785 ad
612 4731 840 4800 quietem
872 4738 924 4782 et
953 4743 1102 4781 usmn
1132 4735 1370 4780 nostrum
1399 4725 1782 4786 conducebant,
1811 4725 1948 4779 Deus

370 4824 637 4878 hominem
663 4821 830 4881 finxit,
855 4820 1006 4888 cujus
1027 4820 1181 4873 etiam
1205 4831 1367 4872 causa
1387 4817 1638 4870 mundum
1665 4817 1950 4871 fabricatus

368 4925 467 4969 est.
504 4915 551 4968 ls
584 4929 709 4967 vero
738 4911 996 4965 formatas
1024 4910 1077 4963 in
1105 4909 1349 4978 paradiso
1372 4909 1617 4978 degebat,
1643 4923 1740 4962 nec
1763 4908 1947 4961 matri-

370 5007 530 5059 ιηυηίἰ
563 5005 667 5058 ulla
697 5005 929 5067 mentio;
959 5017 1094 5072 opus
1127 5010 1243 5056 erat
1271 5001 1318 5054 ei
1345 5001 1506 5055 etiam
1536 5000 1824 5068 adiutrice;
1855 5000 1949 5052 ad-

368 5100 530 5154 hibita
560 5109 675 5153 est:
700 5112 767 5152 ne
803 5096 880 5150 sic
908 5095 1120 5165 quidem
1148 5094 1538 5147 matrimonium
1568 5095 1735 5146 visum
1767 5106 1950 5146 neces-

367 5191 563 5242 sarium
591 5197 687 5241 est.
718 5188 796 5240 Ac
841 5200 1011 5254 neque
1044 5185 1170 5238 dum
1200 5184 1472 5247 exstabat,
1506 5191 1558 5236 et
1606 5184 1657 5236 in
1701 5182 1948 5252 paradiso

368 5281 510 5332 velut
534 5279 666 5330 czelo
691 5277 918 5347 quodam
949 5276 1063 5345 ejus
1104 5285 1353 5345 expertes
1377 5274 1671 5343 degebant,
1704 5285 1859 5343 atque
1896 5274 1947 5326 in

373 5374 462 5428 Dei
499 5369 884 5424 consuetudine
927 5368 1241 5423 suavissime
1285 5366 1648 5437 quiescebant.
1696 5363 1948 5418 Miscendi

371 5472 544 5517 autem
588 5460 827 5530 corporis
877 5457 1064 5524 ardor,
1111 5457 1411 5526 conceptio,
1459 5455 1694 5518 dolores,
1728 5463 1942 5522 partus,

370 5567 527 5628 atque
553 5571 710 5611 omne
739 5569 904 5624 genus
932 5551 1248 5621 corruptelm
1275 5566 1340 5606 ex
1367 5565 1550 5606 eorum
1571 5550 1764 5603 animis
1789 5564 1946 5603 exsu-

368 5649 543 5713 labat,
591 5657 644 5702 et
680 5648 821 5701 velut
850 5645 1020 5700 amnis
1044 5643 1354 5712 perspicuus
1377 5657 1407 5696 e
1431 5641 1632 5710 liquido
1661 5640 1807 5695 fonte
1833 5655 1944 5694 ma-

368 5753 521 5808 ltans,
550 5740 626 5796 sic
655 5737 782 5794 inibi
804 5738 1028 5808 agebant
1056 5735 1354 5806 virginitate
1379 5734 1571 5789 ornati.
1596 5734 1673 5788 Ac
1697 5742 1804 5787 tum
1828 5742 1940 5786 erat

1064 313 1120 368 S.
1160 306 1435 366 JOANNIS
1471 299 1950 361 CIIRYSOSTOMI
1991 295 2306 352 ARCHIEP.
2348 287 2885 348 CUNSTANTINOP.
3525 283 3620 338 5-“

2046 423 2185 466 terra
2213 411 2279 465 ah
2306 409 2606 463 hominibus
2631 421 2830 470 vacua;
2871 405 2921 459 id
2953 401 3094 474 quod
3127 417 3266 457 nunc
3293 410 3545 454 verentur
3571 401 3619 453 hi

2043 504 2187 556 orbis
2207 512 2502 567 curatores,
2524 501 2611 569 qui
2635 515 2756 554 cum
2781 497 2848 553 de
2869 496 3058 550 alienis
3083 495 3226 550 serio
3251 493 3620 554 sollicitentur,

2044 596 2111 648 de
2136 596 2246 647 suis
2275 609 2342 647 ne
2385 593 2619 662 cogitare
2646 591 2856 660 quidem
2890 587 3186 648 sustinent;
3235 584 3407 652 deque
3453 581 3622 633 homi-

2045 701 2171 740 num
2197 683 2578 738 communitate
2608 697 2675 736 ne
2702 682 2929 735 intereat
2966 676 3145 741 anxii,
3191 675 3426 729 aniuutm
3473 687 3620 726 suum

2049 784 2315 845 tamquam
2360 775 2589 828 alienum
2639 773 2828 842 singuli
2876 770 3166 839 negligant,
3216 782 3337 820 cum
3387 765 3451 819 ad
3508 780 3623 819 emn

2045 869 2185 940 quod
2214 870 2422 930 attinet,
2454 867 2538 921 vel
2566 865 2632 920 de
2659 863 2892 918 minimis
2920 861 3080 916 rebus
3108 873 3296 914 severe
3319 857 3382 910 ad
3416 872 3624 926 ptBllaltl

2045 960 2268 1014 vocandi
2301 960 2426 1022 sint,
2452 967 2506 1013 et
2531 956 2670 1027 quod
2693 956 2759 1010 ad
2783 955 3054 1009 hominum
3077 951 3264 1006 attinet
3289 951 3626 1018 paucitatem,

2047 1071 2147 1110 nec
2193 1055 2460 1109 levissime
2512 1055 2771 1108 rationem
2820 1051 3100 1106 reddituri.
3151 1048 3266 1103 Non
3317 1059 3470 1101 erant
3521 1057 3626 1101 tum

2047 1146 2268 1216 oppida,
2302 1160 2406 1200 non
2435 1154 2609 1209 artes,
2639 1159 2747 1198 non
2771 1143 2996 1206 domus;
3034 1140 3229 1195 etenim
3273 1138 3387 1192 have
3422 1151 3628 1206 quoque

2049 1253 2154 1290 non
2198 1236 2473 1289 minimum
2502 1235 2734 1297 curatis;
2779 1233 2871 1287 sed
2914 1232 3027 1286 hzec
3057 1246 3161 1285 non
3193 1237 3378 1294 erant,
3423 1237 3475 1280 et
3504 1226 3629 1279 nihil

2050 1339 2223 1384 tamen
2253 1331 2456 1381 beatam
2492 1329 2631 1381 illaut
2654 1328 2817 1380 vitam
2855 1335 3015 1392 atque
3045 1327 3143 1378 hac
3178 1324 3331 1391 longe
3359 1323 3626 1379 meliorem

2049 1423 2367 1490 impediebat
2383 1431 2476 1476 aut
2494 1421 2759 1474 turbabat.
2781 1423 2842 1472 At
2863 1417 3272 1489 postquam-Deo
3294 1432 3396 1468 non
3420 1415 3598 1468 oblctn
3617 1447 3628 1455 ε

2049 1524 2324 1584 pcrarunt,
2355 1523 2408 1566 et
2437 1524 2575 1567 terra
2605 1521 2763 1581 atque
2791 1512 2925 1564 ciuis
2955 1509 3124 1562 eiii-eti
3157 1517 3300 1571 sunt,
3329 1521 3448 1561 cum
3479 1506 3632 1559 beata

2048 1622 2109 1662 ea
2157 1609 2260 1660 vita
2305 1606 2621 1676 virginitatis
2664 1605 2823 1658 etiam
2873 1603 3037 1657 decus
3084 1602 3444 1671 perdiderunt,
3472 1608 3632 1667 atque

2050 1715 2151 1753 una
2178 1715 2300 1754 cum
2335 1699 2442 1752 Deo
2468 1699 2625 1753 etiam
2655 1698 2742 1752 illa
2782 1712 2876 1751 eos
2909 1697 3164 1751 deserens
3191 1695 3464 1748 abscessit.
3493 1692 3627 1748 Nam

2049 1791 2298 1859 quamdiu
2329 1805 2359 1844 a
2387 1789 2599 1843 diabolo
2620 1789 2799 1842 invicti
2825 1787 3106 1842 Dominum
3132 1801 3285 1840 snmn
3315 1782 3632 1838 revereban-

2051 1894 2156 1948 tur,
2197 1883 2450 1938 manehat
2491 1883 2788 1951 virginitas,
2837 1896 2930 1936 eos
2958 1894 3222 1934 exornans
3267 1877 3436 1947 magis
3473 1891 3631 1946 quam

2050 1990 2204 2045 reges
2227 1974 2475 2029 diadema
2520 1983 2573 2028 et
2615 1987 2774 2027 aurea
2821 1973 3155 2026 vestimenta.
3188 1971 3256 2023 At
3285 1966 3620 2035 ubi-captivi,

2049 2066 2198 2135 regio
2228 2065 2329 2118 hoc
2357 2066 2552 2119 amictu
2583 2074 2769 2132 erepto
2788 2105 2802 2129 ,
2831 2062 3144 2131 abiectaque
3169 2060 3364 2113 cml'esti
3395 2067 3586 2111 ornatu
3612 2098 3630 2124 ,

2051 2158 2234 2210 mortis
2261 2155 2641 2222 corruptelam,
2674 2155 2808 2218 iras,
2834 2154 3117 2213 cruciatus,
3151 2165 3211 2203 ac
3241 2164 3506 2202 aerumnas
3531 2162 3626 2199 ac-

2050 2258 2327 2316 ceperunt,
2389 2256 2497 2299 tum
2548 2261 2674 2299 vero
2721 2260 2840 2299 cum
2891 2245 2954 2297 iis
2997 2241 3392 2296 matrimonium
3436 2241 3621 2298 subiit.

2051 2337 2276 2391 mortale
2321 2336 2421 2390 hoc
2461 2345 2514 2390 et
2558 2335 2749 2390 servile
2793 2335 3195 2396 vestimentum;
3245 2347 3363 2382 natn
3395 2330 3634 2394 Quicum

2050 2445 2206 2482 uxore
2234 2438 2326 2490 est,
2361 2429 2547 2497 inquit,
2579 2443 2751 2481 eorum
2783 2426 3030 2480 sollicitus
3055 2432 3146 2488 est,
3177 2437 3289 2491 quae
3312 2431 3429 2474 sunt
3457 2425 3636 2476 mundi

2052 2523 2128 2591 (l.
2162 2519 2280 2574 Cor.
2316 2523 2367 2572 7.
2401 2520 2513 2592 55).
2552 2519 2736 2573 Viden‘
2765 2519 2905 2572 unde
2935 2517 3141 2570 initium
3175 2514 3417 2567 habuerit
3445 2513 3633 2566 matri.

2053 2614 2308 2675 monium,
2337 2613 2478 2666 unde
2505 2611 2863 2666 neccssarimu
2889 2608 3058 2661 visunt
3082 2607 3185 2661 sit?
3214 2605 3295 2660 Ab
3322 2603 3634 2658 inobedien—

2055 2705 2144 2762 tia,
2177 2703 2308 2756 diris
2337 2712 2495 2772 atque
2532 2711 2721 2754 morte.
2759 2699 2889 2753 Nam
2922 2698 3008 2752 tibi
3039 2713 3181 2751 mors
3206 2705 3288 2751 est
3308 2738 3321 2759 ,
3353 2695 3421 2748 ibi
3451 2695 3634 2747 matri-

2053 2796 2283 2847 monium
2310 2834 2325 2860 ,
2355 2809 2461 2863 quo
2487 2793 2697 2847 sublato
2738 2806 2909 2860 neque
2937 2791 3024 2844 illa
3049 2788 3409 2858 consequitur.
3434 2789 3501 2840 At
3527 2803 3632 2839 non

2052 2886 2407 2955 virginitatem
2435 2884 2548 2938 haec
2577 2893 2896 2953 sequuntur,
2926 2881 3018 2936 sed
3045 2896 3256 2948 semper
3285 2879 3423 2932 utilis
3443 2921 3456 2942 ,
3492 2893 3634 2933 sem-

2054 2995 2147 3048 per
2173 2979 2338 3031 fausta
2361 2987 2518 3045 atque
2542 2975 2684 3041 felix,
2709 2985 2762 3030 et
2782 2983 2904 3028 ante
2921 2981 3146 3027 mortem
3170 2979 3222 3025 et
3245 2980 3361 3040 post
3382 2985 3487 3022 mor
3503 2979 3631 3033 lt'nt,

2051 3082 2103 3124 et
2147 3079 2270 3124 ante
2313 3068 2707 3122 matrimonium
2760 3076 2813 3120 et
2864 3074 2982 3134 post
3027 3061 3441 3117 matrimonium.
3491 3060 3634 3114 Cedo

2052 3161 2190 3214 enim
2219 3200 2233 3226 ,
2283 3157 2424 3229 quod
2457 3155 2850 3210 matrimonium
2893 3153 3152 3208 Adamum
3196 3151 3514 3221 procreat-it,
3544 3150 3632 3218 qui

2054 3255 2216 3308 Evam
2248 3262 2430 3322 partus
2450 3249 2697 3304 dolores?
2727 3247 3067 3317 Nequaquam
3088 3245 3305 3299 dixeris.
3323 3242 3459 3309 Quid
3477 3243 3636 3312 igitur

2052 3359 2188 3400 vane
2232 3342 2417 3398 tremis
2446 3357 2508 3396 ac
2537 3339 2825 3404 formidas,
2867 3354 2935 3394 ne
2974 3336 3312 3392 matrimonio
3357 3334 3634 3389 desinente

2062 3445 2359 3498 humanum
2385 3438 2545 3492 etiam
2581 3447 2748 3504 genus
2778 3429 3076 3488 desiturum
3103 3431 3174 3487 sit
3230 3426 3388 3503 (Dan.
3420 3427 3472 3483 'l.
3501 3425 3634 3498 10)?

2057 3531 2242 3586 Decies
2272 3530 2468 3583 millies
2493 3529 2627 3583 dena
2656 3527 2820 3580 millia
2841 3526 3149 3596 angelorum
3175 3523 3284 3577 Deo
3305 3522 3630 3583 ministrant,

2056 3621 2201 3673 mille
2230 3620 2390 3672 millia
2416 3618 2858 3687 archangelorum
2885 3615 3020 3684 apud
3043 3630 3162 3668 emn
3185 3613 3434 3675 adstant;
3463 3627 3636 3676 neque

2054 3727 2236 3766 eorum
2267 3711 2543 3780 quisquam
2579 3709 2974 3780 propagatione,
3002 3715 3100 3772 aut,
3123 3718 3295 3775 partu,
3339 3719 3403 3759 ac
3438 3704 3636 3757 dolori-

2057 3807 2193 3871 bus,
2242 3815 2296 3859 et
2341 3805 2691 3873 cenceptione
2740 3812 3049 3872 procreatus
3092 3807 3194 3854 est.
3245 3799 3425 3867 Itaque
3467 3797 3636 3850 multo

2056 3900 2222 3969 magis
2247 3897 2490 3952 homines
2512 3897 2644 3950 citra
2666 3895 3058 3948 matrimonium
3080 3890 3349 3955 finxisset;
3381 3887 3636 3958 quemad-

2061 3993 2275 4046 modum
2307 3999 2362 4045 et
2397 3990 2595 4059 primos
2623 3989 2800 4051 tinxit,
2848 3986 2990 4040 unde
3027 3985 3271 4037 homines
3295 3997 3480 4035 omnes
3507 3979 3632 4032 orti.

2125 4083 2242 4137 XV.
2287 4081 2664 4135 Matrimonium
2690 4095 2842 4149 genus
2866 4087 3089 4130 nostrum
3115 4092 3214 4128 non
3243 4089 3448 4142 augere.
3473 4070 3637 4123 —-:\c

2057 4193 2198 4231 nunc
2217 4190 2385 4245 genus
2424 4183 2665 4227 nostrum
2697 4171 2996 4239 frequentat
3024 4184 3129 4221 non
3176 4163 3500 4219 matrimonii
3530 4161 3633 4224 vis,

2056 4269 2148 4324 sed
2180 4267 2387 4322 Domini
2417 4267 2526 4334 jam
2556 4264 2710 4318 initio
2734 4262 2955 4324 dictum,
2988 4259 3204 4313 Crescite
3239 4265 3285 4310 et
3325 4254 3635 4324 multiplica-

2057 4379 2087 4410 τι
2108 4361 2199 4423 ini,
2229 4368 2275 4414 et
2300 4359 2486 4427 replete
2511 4367 2698 4409 terram
2728 4353 2878 4425 (Gen.
2904 4355 2954 4407 l.
2981 4349 3095 4422 28).
3127 4349 3262 4418 Quid
3291 4347 3436 4402 enim
3469 4346 3634 4399 Abra-

2059 4455 2216 4508 hamo
2241 4451 2306 4506 ad
2348 4450 2547 4504 liberos
2577 4446 2870 4519 gignendos
2897 4461 2982 4498 res
3013 4444 3111 4497 ista
3155 4439 3390 4511 profuit?
3421 4454 3487 4491 an
3527 4453 3634 4489 non

2056 4562 2118 4601 ea
2147 4554 2224 4600 tot
2247 4557 2419 4598 annos
2459 4557 2606 4604 usus,
2642 4539 2854 4593 tandem
2903 4536 3040 4590 hanc
3063 4548 3247 4587 vocem
3276 4530 3493 4586 emisit:
3527 4528 3636 4581 Do-

2056 4643 2208 4706 mine,
2236 4638 2477 4708 quidnam
2505 4636 2628 4689 mitii
2657 4635 2867 4686 daturus
2896 4646 2968 4694 es,
2997 4645 3110 4681 cum
3144 4627 3252 4679 sine
3280 4624 3447 4678 liberis
3490 4626 3636 4674 dece-

2056 4732 2174 4784 dant
2207 4728 2356 4801 (Gen.
2381 4728 2468 4781 15.
2489 4724 2586 4797 ‘2)?
2614 4725 2793 4792 Itaque
2816 4729 2872 4774 nt
2901 4731 3010 4773 tum
3039 4734 3104 4772 ex
3131 4715 3303 4770 effetis
3322 4711 3637 4782 corporibus

2060 4824 2197 4876 Deus
2239 4829 2320 4874 tot
2348 4819 2582 4873 millibus
2621 4814 2882 4883 originem
2912 4819 3068 4878 atque
3099 4807 3305 4860 initium
3351 4804 3516 4867 dedit,
3559 4803 3637 4856 sic

2057 4911 2336 4981 principio,
2366 4909 2411 4961 si
2438 4907 2554 4974 ejus
2581 4904 2744 4974 jussis
2773 4902 3032 4956 obediens
3059 4897 3296 4951 Adamus
3316 4893 3526 4948 arboris
3548 4908 3638 4944 vo-

2056 5006 2310 5072 luptatem
2339 4999 2602 5069 fregisset,
2635 4994 2774 5048 haud
2800 5007 2930 5048 sane
2957 4990 3024 5044 de
3049 4989 3130 5041 via
3180 4987 3494 5047 laborasset,
3535 4998 3637 5050 qua

2058 5095 2349 5148 lmmanmn
2379 5105 2549 5161 genus
2581 5094 2819 5156 augeret.
2849 5081 3034 5151 Neque
3061 5079 3204 5133 enim
3237 5085 3328 5129 aut
3359 5075 3638 5128 matrimo-

2056 5188 2223 5247 nium,
2244 5185 2456 5238 nolente
2475 5183 2600 5244 Deo,
2624 5178 2868 5232 homines
2891 5173 3196 5241 frequentes
3218 5168 3434 5223 efficere
3455 5177 3635 5236 queat,

2055 5290 2147 5331 aut
2175 5276 2468 5344 virginitas,
2497 5272 2708 5325 volente
2734 5285 2798 5322 co
2829 5266 3132 5335 frequentes
3166 5275 3308 5322 esse,
3345 5257 3637 5320 multitudi-

2057 5385 2178 5424 nem
2220 5368 2444 5421 minuet.
2488 5367 2558 5418 At
2600 5364 2666 5416 ita
2715 5360 2903 5423 voluit,
2949 5355 3138 5424 inquit,
3189 5361 3405 5421 propter
3436 5364 3532 5403 nos
3575 5362 3635 5400 ac

2057 5472 2294 5517 nostram
2343 5457 2716 5529 pervicaciam.
2748 5453 2880 5508 Nam
2922 5467 3019 5506 cur
3069 5463 3174 5502 non
3204 5455 3328 5500 ante
3372 5443 3636 5510 deceptio-

2056 5570 2176 5609 nem
2219 5549 2613 5605 matrimonim'n
2649 5543 2883 5616 prodiit?
2911 5557 3006 5595 cur
3036 5555 3140 5593 non
3169 5538 3220 5589 in
3253 5535 3499 5604 paradiso
3530 5532 3638 5585 coi-

2057 5647 2177 5701 tus?
2223 5659 2320 5700 cur
2368 5656 2472 5696 non
2523 5649 2646 5694 ante
2675 5635 3104 5690 maledictionem
3154 5638 3334 5698 partus
3388 5622 3636 5678 dolores?

2058 5738 2218 5792 Erant
2249 5747 2437 5802 nempe
2467 5731 2580 5785 haec
2619 5739 3042 5799 supervacanea;
3089 5721 3139 5776 in
3191 5727 3462 5790 posterum
3515 5727 3630 5768 vero
