3844 6242
241 393 348 448 545

246 505 388 573 Ἐγὼ
415 505 512 576 μὲν
547 504 640 558 ἐπὶ
668 505 766 574 τὴν
793 505 1000 578 ὑψηλὴν
1033 508 1240 578 ταύτην
1277 507 1522 578 κορυφὴν
1548 509 1649 560 οὐκ
1673 507 1818 560 ἐτόλ-

233 601 390 660 μωνΙΙ
421 589 564 660 ὑμᾶς
593 592 821 658 ἀγαγεῖν
836 591 922 644 διά
945 591 1008 644 τὸ
1039 591 1136 644 τοῦ
1166 593 1487 663 πράγματος
1519 589 1818 661 δυσκατόρ-

231 672 442 726 θωτον·
491 673 677 746 ἐπειδὴ
729 674 785 728 δὲ
829 677 984 728 αὐτοὶ
1027 676 1333 745 φθάσαντες
1381 675 1656 746 ἐγράψατέ
1707 694 1820 745 μοι,

185 811 188 816 ,
233 756 374 836 μετά
411 757 504 810 τοῦ
534 758 756 829 θαρρεῖν
799 757 1056 830 ποιοῦμαι
1103 760 1198 830 τὴν
1250 759 1581 830 συμϐουλήν.
1629 757 1728 810 Διὰ
1769 759 1822 810 τί

229 845 341 914 γάρ
375 844 513 915 ὑπὲρ
541 842 750 896 πολλῶν
776 843 1104 914 γραψάντων
1135 844 1359 897 ἐκείνων
1393 841 1630 912 οὐδαμοῦ
1665 841 1822 894 τοῦτο

231 926 573 996 προσέθηκε;
605 929 682 978 Δι’
721 927 870 980 οὐδὲν
905 928 1092 998 ἕτερον
1129 927 1163 998 ἦ
1199 927 1288 980 διὰ
1318 927 1472 980 τοῦτο
1506 927 1642 996 ὅπερ
1671 922 1822 977 εἷπον

229 1011 327 1060 νῦν
349 1026 362 1038 ·
387 1011 474 1062 ἵνα
499 1011 608 1080 γὰρ
637 1011 711 1080 μή
753 1028 836 1074 τις
876 1010 1182 1082 δυσχεράνῃ
1215 1011 1313 1080 τὴν
1340 1009 1682 1080 παραίνεσιν,
1712 1006 1820 1060 τῶν

231 1093 578 1162 γραμμάτων
615 1093 840 1158 αὐτοὺς,
895 1087 970 1146 ὧν
1006 1093 1254 1164 ἔπεμψαν
1279 1094 1330 1156 1',
1373 1092 1814 1162 ὑπομιμνήσκει·

233 1178 330 1229 καὶ
353 1177 474 1230 οὐδὲ
507 1176 650 1229 οὕτω
685 1177 822 1247 μετά
841 1178 1201 1248 σφοδρότητος
1227 1178 1491 1248 κέχρηται
1521 1179 1587 1248 τῇ
1620 1193 1822 1246 παραι-

231 1261 402 1324 νέσει,
435 1263 528 1314 καὶ
557 1261 729 1314 ταῦτα
759 1261 1028 1333 τοσαύτην
1043 1261 1222 1316 λαϐὼν
1252 1261 1526 1333 ἀφορμὴν,
1559 1260 1696 1314 ἀλλά
1727 1261 1822 1314 καὶ

231 1348 374 1416 ἄγαν
407 1346 734 1416 ὑφειμένως,
769 1348 872 1399 κάν
899 1346 1074 1418 τούτῳ
1105 1347 1438 1418 μιμούμενος
1455 1347 1546 1399 τὸν
1567 1345 1820 1416 Χριστόν.

233 1433 348 1484 Kal
393 1430 502 1501 γάρ
556 1433 584 1482 0
619 1431 809 1500 Σωτὴρ
845 1431 985 1501 μετά
1014 1430 1074 1484 τὸ
1101 1431 1389 1503 πληρῶσαι
1437 1431 1528 1484 τὸν
1568 1429 1698 1499 περὶ
1722 1429 1822 1499 τῆς

233 1513 533 1584 παρθενίας
562 1513 716 1580 λόγον
745 1514 1111 1585 προσέθηκεν·
1161 1515 1214 1566 '0
1251 1513 1586 1584 δυνάμενος
1611 1511 1822 1582 χωρεῖν

231 1600 510 1666 χωρείτω.
549 1599 614 1650 Τί
646 1594 737 1651 οῦν
773 1615 940 1668 (mm;
985 1599 1124 1668 Περὶ
1153 1599 1220 1652 δὲ
1251 1593 1337 1652 ὧν
1377 1597 1677 1668 ἐγράψατό
1695 1614 1818 1666 μοι,

231 1677 430 1736 κανὼν
460 1681 747 1748 ἀνθρώπῳ
767 1683 1054 1750 γυναικὸς
1074 1683 1161 1753 μὴ
1191 1683 1499 1736 ἅπτεσθαι.

305 1767 402 1818 LV.
433 1766 568 1818 Ἀλλ’
589 1767 717 1830 ἴσως
729 1765 874 1820 εἴποι
890 1784 972 1830 τις
987 1768 1074 1822 ἄν·
1096 1769 1204 1820 Καὶ
1221 1769 1268 1820 εί
1285 1765 1447 1820 καλὸν
1469 1765 1724 1836 γυναικὸς
1743 1765 1818 1835 μὴ

232 1849 524 1915 ἅπτεσθαι,
556 1850 696 1914 τίνος
720 1851 908 1904 ἕνεκεν
936 1851 1111 1922 γάμος
1134 1851 1426 1922 ἐπεισῆλθε
1455 1850 1534 1922 τῷ
1557 1850 1685 1920 βίῳ;
1707 1849 1817 1902 Ποῦ

229 1933 292 1986 δὲ
335 1934 518 1986 λοιπὸν
556 1934 874 2005 χρησόμεθα
905 1939 968 2006 τῇ
1019 1933 1276 2004 γυναικὶ,
1324 1935 1460 2005 μήτε
1509 1935 1588 1998 εἰς
1615 1932 1817 2002 γάμον,

233 2017 376 2087 μήτε
401 2017 481 2079 είς
511 2016 850 2070 παιδοποιίαν
880 2021 1012 2090 ἡμῖν
1045 2018 1486 2090 χρησιμευούσῃς
1520 2017 1584 2070 Τί
1608 2017 1662 2070 δὲ
1713 2032 1821 2068 κω-

231 2100 390 2153 λύσει
417 2101 476 2154 τὸ
504 2101 612 2154 τῶν
633 2100 938 2174 ἀνθρώπων
975 2103 1120 2156 ᾶπαν
1151 2100 1706 2171 ἀφανισθῆναιγένος,
1725 2099 1819 2155 τοῦ

233 2186 338 2254 μὲν
363 2184 594 2238 θανάτου
629 2186 750 2238 καθ’
772 2185 1013 2256 ἑκάστην
1035 2185 1169 2238 αὐτὸ
1202 2187 1301 2256 τὴν
1324 2185 1540 2256 ἡμέραν
1569 2187 1822 2257 ἐπινεμο-

233 2269 399 2340 μένου
431 2269 524 2322 καὶ
550 2271 860 2333 κόπτοντος,
891 2270 988 2324 τοῦ
1018 2270 1072 2323 δὲ
1092 2269 1252 2338 λόγου
1283 2269 1473 2322 τούτου
1501 2270 1602 2322 οὐκ
1622 2269 1822 2336 ἐῶντος

229 2353 356 2406 ἀντὶ
383 2354 490 2406 τῶν
521 2353 828 2406 πιπτόντων
863 2354 1084 2423 ἐτέρους
1133 2352 1490 2417 ἀνίστασθαις
1529 2353 1592 2406 Εἰ
1619 2353 1726 2424 γὰρ
1761 2353 1823 2406 τὸ

229 2437 399 2490 καλὸν
427 2437 584 2490 τοῦτο
607 2436 956 2508 ζηλώσαιμεν
993 2437 1247 2501 ᾶπαντες.
1289 2440 1383 2492 καὶ
1432 2437 1506 2510 μὴ
1543 2437 1822 2509 ἀψαίμεθα

231 2521 534 2588 γυναικῶν,
565 2521 740 2574 πάντα
767 2523 1070 2591 οἰχήσεται,
1106 2523 1200 2574 ml
1235 2521 1418 2586 πόλεις
1439 2562 1450 2582 ,
1498 2523 1592 2576 ml
1631 2522 1820 2586 οἰκίαι,

229 2608 328 2660 καὶ
353 2607 532 2674 ἀγροε,
557 2606 652 2658 καὶ
681 2606 888 2676 τέχναι,
921 2607 1014 2659 καὶ
1043 2605 1180 2668 ζῶα,
1223 2606 1317 2659 καὶ
1349 2606 1509 2673 φυτά.
1557 2606 1823 2677 Καθάπερ

229 2691 346 2760 γάρ
377 2690 470 2744 τοῦ
495 2689 804 2760 στρατηγοῦ
838 2689 1096 2754 πεσόντος
1127 2691 1277 2744 πᾶσα
1297 2691 1512 2760 ἀνάγκη
1539 2689 1633 2743 τοῦ
1663 2708 1824 2760 στρα-

227 2773 505 2843 τεύματος
535 2773 934 2845 διασπασθῆναι
969 2774 1066 2846 τὴν
1095 2775 1368 2840 εὐταξίαν,
1392 2773 1536 2836 οὕτω
1565 2775 1658 2828 τοῦ
1687 2777 1823 2829 πάν-

229 2874 344 2910 των
377 2857 484 2910 τῶν
507 2857 600 2909 ἐπὶ
631 2857 734 2927 γῆς
769 2857 1145 2927 βασιλεύοντος
1174 2858 1461 2929 ἀνθρώπου
1495 2857 1584 2911 διά
1619 2858 1714 2912 τοῦ
1749 2859 1823 2930 μὴ

229 2943 434 3012 γαμεῖν
467 2942 856 3010 ἀφανισθέντος
877 2981 890 3005 ,
934 2943 1087 2996 οὐδὲν
1117 2942 1225 2996 τῶν
1249 2943 1452 2996 λοιπῶν
1486 2943 1577 2997 ἐπί
1603 2945 1698 3014 τῆς
1729 2946 1824 2997 αὐ·-

227 3028 335 3098 τῆς
363 3027 664 3096 ἀσφαλείας
697 3027 792 3081 καὶ
843 3025 1095 3091 εὐταξίας
1124 3027 1389 3098 διαμενεῖ,
1420 3029 1512 3080 καὶ
1563 3028 1622 3080 τὸ
1663 3027 1824 3080 καλὸν

229 3112 395 3165 τοῦτο
429 3111 800 3182 παράγγελμα
837 3112 1048 3184 μυρίων
1070 3111 1338 3184 ἐμπλήσει
1381 3111 1476 3183 τὴν
1498 3112 1823 3182 οἰκουμένην

231 3196 448 3251 κακῶν.
499 3196 639 3265 Ἐγὼ
667 3197 744 3258 δὲ,
779 3197 826 3250 εί
861 3196 959 3266 μὲν
987 3195 1096 3249 τῶν
1125 3196 1337 3268 ἐχθρῶν
1367 3199 1460 3250 καὶ
1483 3197 1730 3252 ἀπίστων
1755 3193 1824 3269 ἦν

231 3281 396 3336 ταυτὶ
421 3281 580 3351 μόνον
605 3280 675 3334 τὰ.
705 3283 946 3352 ῥήματα,
985 3279 1192 3352 βραχὺν
1227 3281 1294 3334 ἂν
1340 3281 1518 3334 αὐτῶν
1559 3283 1823 3354 ὲποιησά·

241 3383 350 3440 μην
369 3365 552 3434 λόγον’
589 3365 774 3436 ἐπειδὴ
805 3363 860 3416 δὲ
897 3365 988 3417 καὶ
1012 3363 1120 3416 τῶν
1149 3366 1228 3428 είς
1255 3364 1352 3436 τὴν
1384 3365 1714 3437 Ἐκκλησίαν
1738 3367 1824 3420 δο-

231 3447 478 3504 κούντων
507 3447 777 3501 συντελεῖν
799 3449 984 3502 πολλοὶ
1005 3448 1178 3502 ταῦτα
1197 3449 1525 3518 φθέγγονται
1547 3492 1559 3514 ,
1580 3450 1646 3504 δι’
1669 3451 1825 3504 ἀσθέ-

232 3551 386 3588 νειαν
419 3533 518 3603 μὲν
554 3532 930 3604 προαιρέσεως
961 3532 1387 3602 ἀπολειφθέντες
1421 3533 1526 3588 τῶν
1557 3536 1697 3606 ὑπὲρ
1725 3536 1820 3606 τῆς

233 3616 538 3688 παρθενίας
574 3617 812 3688 ἱδρώτων
835 3657 850 3674 .
881 3616 957 3688 τῷ
987 3615 1043 3669 δὲ
1082 3617 1144 3670 τὸ
1175 3619 1408 3690 πρᾶγμα
1445 3617 1692 3683 κακίζειν
1730 3619 1824 3674 καὶ

232 3700 490 3771 περιττὸν
515 3700 841 3769 ἀποφαίνειν
887 3699 1202 3771 βουλόμενοι
1227 3699 1542 3766 συσκιάζειν
1573 3703 1668 3773 τὴν
1694 3704 1821 3757 έαυ-

231 3785 348 3840 τῶν
372 3785 664 3856 ρᾳθυμίαν,
689 3785 775 3836 ἵνα
815 3783 886 3856 μὴ
907 3783 1104 3837 δοκῶσι
1128 3783 1192 3836 δι’
1219 3785 1528 3856 ὀλιγωρίαν,
1558 3785 1691 3840 ἀλλά
1735 3787 1823 3842 διά

231 3869 420 3941 κρίσιν
447 3869 612 3942 όρθὴν
639 3869 914 3940 λογισμῶν
935 3869 1041 3922 τῶν
1065 3869 1293 3938 ἀγώνων
1319 3871 1681 3942 ὑστερηκέναι
1700 3873 1824 3926 τού-

231 3971 381 4018 των,
419 3955 550 4025 φέρε
575 3994 590 4018 ,
629 3953 780 4025 [279]
813 3953 938 4016 τοὺς
986 3953 1214 4024 ἐχθροὺς
1266 3952 1492 4021 ἀφέντες
1521 3954 1824 4024 (Ψυχικὸς

233 4037 350 4108 γὰρ
370 4038 678 4106 ἅνθρωπος
711 4039 782 4091 οὑ
811 4035 1045 4106 δέχεται
1073 4037 1146 4090 τὰ
1173 4036 1280 4089 τοῦ
1305 4039 1649 4107 ΙΙνεύματος
1668 4056 1680 4068 ·
1701 4059 1823 4108 μω-

224 4131 336 4200 pla
365 4130 474 4199 γὰρ
511 4129 671 4195 αὐτῷ
715 4130 942 4200 ἐστιν),
977 4131 1101 4191 τοὺς
1132 4132 1631 4200 προσποιουμένους
1685 4130 1823 4186 εἶναι

237 4213 360 4284 μεθ’
391 4214 570 4282 ήμῶν,
600 4213 902 4285 διδάξωμεν
921 4213 1230 4285 ἀμφότερα.
1255 4211 1330 4277 ὡς
1353 4213 1476 4267 οὐτε
1505 4215 1568 4268 τὸ
1594 4219 1825 4287 πρᾶγμα

235 4297 518 4367 περιττὸν,
549 4297 686 4350 ἀλλά
717 4299 812 4350 καὶ
837 4297 1042 4367 σφόδρα
1085 4299 1352 4368 χρήσιμον
1395 4299 1490 4352 καὶ
1529 4300 1824 4368 ἀναγκαῖόν

233 4384 412 4444 ἐστιν,
445 4381 570 4435 οὐτε
621 4382 804 4448 αὐτοῖς
860 4383 1095 4453 ἀζήμιος
1145 4384 1178 4452 ἡ
1223 4381 1448 4454 τοιαύτη
1497 4385 1822 4456 κατηγορία,

234 4467 378 4520 ἀλλά
405 4465 658 4520 τοσοῦτον
703 4467 886 4528 αὐτοῖς
925 4467 1058 4520 οἴσει
1116 4467 1206 4518 τὸν
1253 4465 1514 4526 κίνδυνον,
1553 4469 1676 4520 ὅσον
1713 4471 1826 4533 τοῖς

236 4548 568 4619 κατορθοῦσι
601 4550 692 4602 τὸν
725 4549 914 4620 μισθὸν
947 4550 1039 4603 καὶ
1070 4549 1158 4602 τὸν
1197 4549 1437 4603 ἔπαινον.
1471 4551 1688 4621 Ἐπειδὴ
1717 4550 1826 4624 γάρ

235 4635 264 4688 0
297 4633 525 4704 σύμπας
549 4627 701 4696 οὗτος
722 4633 926 4704 κόσμος
947 4633 1274 4704 ἀπήρτιστο,
1303 4635 1395 4686 καὶ
1427 4634 1600 4688 πάντα
1625 4635 1823 4707 ηὐτρέ-

237 4735 404 4772 πιστο
435 4717 502 4770 τὰ
535 4717 672 4788 πρὸς
709 4718 1017 4772 ἀνάπαυσιν
1057 4718 1148 4770 καὶ
1177 4717 1374 4788 χρῆσιν
1399 4717 1498 4790 τὴν
1527 4718 1821 4790 ἡμετέραν,

236 4801 446 4854 ἔπλασε
477 4801 567 4854 τὸν
603 4800 891 4873 ἄνθρωπον
926 4802 953 4853 0
986 4799 1118 4863 Θεὸς
1145 4841 1158 4864 ,
1187 4799 1252 4854 δι’
1286 4801 1344 4854 ὃν
1373 4801 1469 4854 καὶ
1497 4803 1592 4854 τὸν
1621 4803 1825 4873 κόσμον

233 4886 487 4957 ἐποίησε.
521 4884 790 4948 Πλασθεὶς
818 4885 874 4938 δὲ
908 4886 1115 4948 ἐκεῖνος
1153 4884 1366 4956 ἔμεινεν
1401 4886 1457 4940 ἐν
1488 4885 1821 4956 παραδείσῳ,

236 4972 337 5026 καὶ
362 4971 542 5040 γάμου
559 4969 716 5038 λόγος
737 4969 912 5033 οὐδεὶς
928 4963 996 5039 ἦν
1017 4985 1030 4998 ·
1059 4968 1277 5040 ἐδέησεν
1293 4969 1440 5041 αὐτῷ
1453 4971 1704 5040 γενέσθαι
1733 4971 1824 5025 ml

237 5055 457 5128 βοηθὸν,
499 5054 594 5108 καὶ
639 5054 857 5124 ἐγένετο
875 5071 888 5086 ·
921 5054 1016 5107 καὶ
1040 5053 1162 5106 οὐδὲ
1182 5053 1357 5118 οὕτως
1385 5057 1413 5108 0
1444 5055 1622 5126 γάμος
1651 5057 1823 5126 ἀναγ-

235 5146 396 5206 καῖος
435 5137 576 5196 εἷναι
613 5141 806 5194 ἐδόκει.
859 5140 997 5192 Ἀλλ’
1031 5139 1152 5194 οὐδὲ
1183 5139 1436 5210 ἐφαίνετό
1481 5159 1570 5195 πω
1613 5153 1669 5206 ο,
1707 5142 1822 5196 ἀλλ’

235 5227 432 5298 ἔμενον
459 5228 656 5280 ἐκεῖνοι
699 5224 890 5280 τούτου
922 5225 1091 5298 χωρὶς
1121 5225 1373 5296 καθάπερ
1405 5227 1462 5280 ἐν
1501 5226 1716 5298 οὐρανῷ
1747 5229 1824 5300 τῷ

235 5310 554 5382 παραδείσῳ
595 5308 962 5380 διαιτώμενοι,
999 5310 1092 5362 καὶ
1149 5309 1520 5380 ἐντρυφῶντες
1569 5314 1638 5384 τῇ
1688 5313 1825 5383 πρὸς

235 5397 374 5448 Θεὸν
403 5393 590 5466 ὁμιλίᾳ
617 5413 628 5424 ·
669 5392 867 5464 μίξεως
905 5393 962 5446 δὲ
990 5392 1256 5463 ἐπιθυμία
1289 5394 1382 5446 καὶ
1434 5393 1694 5463 σύλληψις
1730 5395 1824 5448 καὶ

233 5479 426 5540 ὠδῖνες
457 5479 550 5530 καὶ
569 5478 716 5530 τόκοι
759 5477 854 5530 καὶ
887 5477 994 5530 πᾶν
1031 5471 1169 5540 εἶδος
1214 5475 1420 5547 φθορᾶς
1443 5477 1706 5549 ἐξώριστο
1729 5479 1826 5549 τῆς

231 5563 464 5618 ἐκείνων
494 5561 673 5632 ψυχῆς
695 5578 706 5589 ·
737 5561 927 5632 ὥσπερ
951 5561 1006 5614 δὲ
1035 5561 1248 5632 ῥεῖθρον
1271 5561 1463 5626 διειδές
1493 5564 1556 5616 ἐκ
1579 5563 1827 5634 καθαρᾶς

231 5645 428 5717 πηγῆς
460 5645 668 5717 προϊὸν,
712 5643 883 5707 οὕτως
934 5640 1075 5714 ἦσαν
1103 5645 1161 5698 ἐν
1208 5645 1402 5716 ἐκείνῳ
1435 5646 1512 5716 τῷ
1541 5647 1725 5718 χωρίῳ
1758 5649 1824 5718 τῇ

299 5761 330 5790 ⁸
357 5758 481 5821 Reg.
507 5759 766 5822 ἐτόλμησα.
791 5756 918 5822 Infra
937 5761 1048 5822 ροσε.
1069 5757 1176 5822 hau;
1315 5760 1588 5822 συμϐουλήν
1605 5759 1729 5822 Reg.
1777 5763 1830 5807 et

229 5823 394 5872 Savil.
417 5819 467 5870 ii)
487 5819 638 5885 marg;
652 5823 722 5885 {sic
735 5820 939 5885 habent,
963 5819 1078 5868 ’Ότι
1101 5819 1248 5868 καλὸν
1267 5819 1498 5885 ἀνθρώπῳ
1522 5819 1739 5883 γυναικὸς
1761 5823 1824 5884 μὴ

225 5885 488 5948 ἆπςεεεθαι.
515 5881 610 5948 Ali
624 5881 668 5930 τί
687 5883 795 5948 γάρ.

291 5945 326 5986 δ
355 5945 596 6010 Beg._1:§£w
615 5941 992 6010 προσταγμάτων
1014 5945 1078 6001 ὡς
1098 5941 1453 6010 αὐτοῦ.-ἆφζῶν
1479 5947 1705 6010 ἔπεμψαν.

295 6011 328 6041 ³
353 6004 506 6056 Savil.
533 6004 582 6054 in
609 6004 970 6068 le'xluiei'ﬂeg.
991 6022 1102 6056 που.
1129 6004 1335 6062 ωσι-ιιι..⁷
1353 6004 1573 6059 Flamini
1593 6004 1646 6059 ἐι
1667 6008 1817 6058 Savil.

213 6072 270 6124 iu
301 6083 567 6135 ῐιιπιζιπω.
595 6068 720 6119 Infra
741 6067 866 6130 Reg.
913 6067 1127 6132 καθάπερ
1147 6069 1352 6133 οὐρανῷ.

1581 389 1672 450 DE
1716 395 2170 456 VIRGINITATE.

3404 399 3510 454 εει

1929 511 2195 582 παρθενίᾳ
2232 509 2616 581 κοσμούμενοι.
2665 511 2776 564 Καὶ
2805 511 2954 564 πᾶσα
2987 509 3166 584 τότεὴ
3201 513 3271 586 γῆ
3307 515 3512 586 ἔρημος

1920 589 1988 664 ἦν
2024 593 2354 664 ἀνθρώπων·
2407 593 2565 646 τοῦτο
2607 593 2634 645 ὃ
2661 591 2756 648 νῦν
2797 593 3100 650 δεδοίκασιν
3145 591 3290 652 οὗτοι
3324 603 3374 652 οῑ
3410 601 3510 671 τῆς

1921 679 2246 748 οἰκουμένης
2279 677 2631 748 μεριμνηταὶ,
2655 679 2706 730 οἱ
2737 679 2805 732 τά
2827 678 2925 750 μὲν
2959 680 3162 751 ἐτέρων
3203 683 3512 750 σπουδαίως

1925 761 2318 832 μεριμνῶντες,
2348 761 2413 814 τὰ
2442 761 2498 814 δὲ
2526 759 2734 814 ἑαυτῶν
2761 763 2880 816 οὐδέ
2922 765 3122 816 ἐννοεῖν
3167 766 3508 838 ἀνεχόμενοι.

1923 845 2017 900 καὶ
2046 843 2184 918 ὑπὲρ
2228 845 2325 917 μὲν
2357 843 2452 898 τοῦ
2497 844 2676 897 κοινοῦ
2713 845 2824 898 τῶν
2869 847 3174 918 ἀνθρώπων
3211 849 3511 914 δεδοικότες

1922 928 2112 997 γένους
2161 931 2234 1000 μή
2283 947 2412 982 ποτε
2446 929 2699 1000 ἐπιλείπῃ
2723 945 2736 958 ·
2771 931 2870 1000 τῆς
2917 931 2973 985 δὲ
3005 931 3140 996 ἰδίας
3177 933 3407 998 ἕκαστος
3435 933 3512 998 ὠς

1922 1011 2211 1084 ἀλλοτρίας
2239 1013 2410 1076 οὕτως
2440 1011 2766 1082 ἀμελοῦντες
2798 1013 2998 1085 ψυχῆς,
3054 1017 3148 1069 ml
3171 1017 3344 1070 ταῦτα
3377 1017 3510 1088 μέλ-

1922 1097 2104 1161 λοντες
2133 1098 2272 1167 ὑπὲρ
2303 1097 2400 1167 μὲν
2426 1097 2632 1168 ταύτης
2657 1098 2752 1150 καὶ
2781 1097 2889 1152 τῶν
2939 1102 3280 1170 μικροτάτων
3324 1102 3510 1156 ἕνεκεν

1922 1183 2168 1254 ἀκριϐεῖς
2198 1181 2544 1236 ἀπαιτεῖσθαι
2574 1183 2673 1246 τὰς
2705 1181 2935 1245 εὐθύνας
2957 1223 2971 1247 ,
3003 1181 3143 1254 ὑπὲρ
3182 1185 3238 1237 δὲ
3273 1183 3374 1254 τῆς
3403 1185 3510 1240 τῶν

1922 1261 2224 1336 ἀνθρώπων
2268 1265 2582 1338 ὀλιγότητος
2620 1263 2740 1316 οὐδὲ
2791 1265 2883 1318 τὸν
2929 1267 3161 1334 τυχόντα
3191 1267 3348 1335 λόγον
3409 1269 3512 1338 ὐφ-

1923 1335 2088 1413 έξειν.
2123 1348 2238 1400 Οὐκ
2255 1335 2394 1416 ἧὰαν
2411 1335 2532 1401 τότε
2561 1347 2767 1411 πόλεις,
2787 1347 2907 1400 οὐδὲ
2929 1349 3132 1417 τέχναι,
3155 1351 3276 1403 οὐδέ
3303 1335 3473 1404 οἰκίαι
3490 1367 3508 1385 ο

1923 1431 2018 1486 καὶ
2050 1431 2160 1502 γάρ
2197 1433 2292 1486 καὶ
2333 1431 2540 1486 τούτων
2577 1431 2706 1502 ὑμῖν
2735 1432 2833 1504 οὐχ
2868 1432 2942 1496 ὡς
2979 1433 3136 1504 ἔτυχε
3175 1433 3358 1504 μέλειν
3393 1434 3508 1488 ἀλλ’

1921 1516 2020 1570 οὐκ
2048 1511 2116 1585 ἦν
2149 1516 2268 1570 τότε
2291 1515 2490 1580 ταῦτα,
2519 1515 2613 1569 ml
2649 1515 2800 1586 ὅμως
2833 1514 2930 1586 τὴν
2972 1516 3248 1588 μακαρίαν
3291 1519 3510 1588 ἐκείνην

1923 1599 2068 1671 ζωὴν
2099 1600 2193 1652 καὶ¹
2235 1598 2415 1668 πολλῷ
2448 1599 2652 1670 ταύτης
2678 1598 2886 1669 ἀμείνω
2918 1599 3070 1652 οὐδὲν
3104 1599 3226 1653 οὐτε
3261 1601 3509 1654 ἐνεπόδι-

1921 1681 2032 1746 ζεν,
2064 1679 2188 1735 οὐτε
2217 1683 2525 1735 ἐνέκοπτεν.
2545 1681 2764 1753 Ἐπειδὴ
2784 1681 2840 1734 δὲ
2867 1685 3221 1753 παρήκουσαν
3241 1683 3333 1738 τοῦ
3351 1685 3510 1754 Θεοῦ,

1921 1765 2015 1818 ml
2038 1766 2254 1833 ἐγένετο
2292 1765 2365 1835 γῆ
2394 1765 2488 1818 ml
2514 1765 2728 1828 σποδὸς,
2771 1765 3060 1818 ἀπώλεσαν
3109 1767 3249 1837 μετά
3275 1769 3372 1838 τῆς
3407 1787 3512 1838 μα-

1922 1849 2116 1920 καρίας
2154 1847 2369 1918 ἐκείνης
2399 1847 2679 1918 διαγωγῆς
2726 1849 2822 1902 καὶ
2855 1850 2917 1902 τὸ
2949 1853 3048 1920 τῆς
3077 1851 3375 1920 παρθενίας
3407 1869 3509 1906 κα-

1919 1933 2009 1986 λὸν
2031 1932 2080 1998 ει,
2116 1933 2211 1986 ml
2245 1932 2382 2004 μετά
2414 1931 2507 1986 τοῦ
2533 1932 2668 1986 Θεοῦ
2701 1934 2796 1986 καὶ
2829 1934 2968 2005 αὐτὴ
3003 1933 3382 1990 καταλιποῦσα
3408 1937 3506 1990 αύ-

1921 2018 2046 2081 τοὺς
2083 2015 2451 2087 ἀνεχώρησεν.
2485 2017 2632 2080 Ἕως
2673 2016 2772 2086 μὲν
2811 2016 2918 2088 γὰρ
2950 2013 3098 2088 ἦσαν,
3128 2019 3393 2072 ἀνάλωτοι
3431 2019 3511 2090 τῷ

1922 2099 2176 2168 διαϐόλῳ,
2201 2100 2294 2154 καὶ
2327 2099 2418 2152 τὸν
2444 2099 2721 2169 Δεσπότην
2749 2099 2976 2170 ᾐδοῦντο
3019 2102 3109 2156 τὸν
3139 2101 3316 2154 αὐτῶν
3335 2143 3349 2166 ,
3379 2121 3513 2174 παρα

1924 2184 2083 2255 έμενε
2111 2185 2204 2237 καὶ
2236 2184 2268 2254 ἡ
2296 2182 2571 2254 παρθενία
2586 2183 2867 2253 κοσμοῦσα
2893 2185 3090 2248 αὐτοὺς
3113 2184 3358 2255 μᾶλλονῆ
3383 2187 3512 2250 τούς

1923 2265 2160 2338 βασιλεῖς
2185 2265 2245 2319 τὸ
2272 2265 2506 2337 διάδημα
2554 2267 2649 2318 ml
2675 2265 2742 2318 τὰ
2771 2267 2962 2336 ἱμάτια
2988 2267 3054 2319 τά
3080 2271 3258 2340 χρυσᾶ
3283 2285 3295 2298 ο
3322 2269 3509 2340 ἐπειδὴ

1920 2351 1976 2404 δὲ
1990 2351 2323 2422 αίχμάλωτοι
2353 2351 2637 2420 γενόμενοι
2663 2349 2760 2422 τὴν
2780 2349 3066 2423 βασιλικὴν
3088 2352 3292 2425 ταύτην
3317 2351 3512 2406 ἀπεδύ-

1891 2491 1894 2494 ,
1923 2451 2086 2488 σαντο
2111 2433 2324 2504 στολὴν,
2353 2435 2446 2488 ml
2463 2434 2552 2486 τὸν
2583 2434 2833 2506 οὐράνιον
2855 2434 3119 2488 ἀπέθεντο
3153 2435 3377 2506 κόσμον,
3395 2436 3511 2489 ἐδέ-

1922 2515 2082 2583 ξαντο
2102 2517 2158 2571 δέ
2181 2517 2282 2590 τὴν
2313 2516 2420 2570 ἀπὸ
2443 2515 2536 2570 τοῦ
2570 2516 2800 2571 θανάτου
2823 2518 3056 2590 φθορὰν,
3093 2519 3185 2572 ml
3213 2519 3311 2590 τὴν
3345 2519 3510 2590 ἀρὰν,

1921 2601 2015 2655 καὶ¹
2043 2604 2141 2674 τὴν
2179 2601 2390 2672 ὀδύνην,
2427 2601 2520 2654 ml
2541 2601 2632 2654 τὸν
2667 2602 2922 2656 ἐπίπονον
2959 2603 3095 2673 βίον,
3127 2603 3248 2655 τότε
3271 2604 3299 2655 0
3333 2604 3511 2674 γάμος

1922 2688 2302 2758 ἐπεισέρχεται
2342 2686 2482 2758 μετά
2509 2685 2738 2750 τούτων,
2771 2685 2832 2739 τὸ
2866 2687 3056 2755 θνητὸν
3082 2686 3240 2740 τοῦτο
3263 2688 3355 2740 καὶ
3386 2688 3509 2741 δου-

1921 2773 2072 2826 λικὸν
2103 2772 2340 2844 ἱμάτιον.
2393 2771 2446 2823 Ὀ
2479 2770 2588 2842 γὰρ
2615 2771 2916 2840 γαμήσας,
2944 2772 3096 2842 φησὶ,
3131 2769 3391 2842 μεριμνᾷ
3437 2773 3510 2826 τὰ

1921 2855 2027 2910 τοῦ
2059 2857 2311 2926 κόσμου.
2355 2855 2519 2926 Ὁρᾷς
2556 2853 2719 2908 πόθεν
2745 2855 2874 2925 ἔσχε
2903 2855 3002 2925 τὴν
3036 2856 3208 2926 ἀρχὴν
3242 2856 3271 2907 0
3310 2856 3508 2926 γάμος,

1923 2939 2086 2993 πόθεν
2114 2941 2413 3008 ἀναγκαῖος
2442 2937 2619 3003 ἔδοξεν
2659 2938 2834 3004 εἷναις
2893 2939 3030 2992 Ἀπὸ
3067 2941 3165 3010 τῆς
3199 2939 3507 3012 παρακοῆς,

1921 3025 2030 3078 ἀπὸ
2059 3025 2156 3096 τῆς
2191 3025 2350 3098 ἀρᾶς,
2387 3024 2494 3076 ἀπὸ
2523 3023 2617 3076 τοῦ
2643 3023 2891 3078 θανάτου.
2929 3023 3102 3077 Ὅπου
3133 3023 3242 3096 γάρ
3259 3023 3508 3088 θάνατος,

1921 3112 2040 3164 ἐκεῖ
2063 3110 2239 3180 γάμος
2261 3129 2272 3140 ·
2314 3109 2504 3162 τούτου
2541 3109 2598 3161 δέ
2627 3109 2726 3162 οὐκ
2770 3107 2924 3170 ὄντος
2954 3107 3073 3160 οὐδέ
3108 3101 3262 3172 οὗτος
3295 3109 3506 3160 ἕπεται.

1934 3193 2073 3246 Ἀλλ’
2105 3194 2202 3264 οὐχ
2235 3195 2268 3264 ὴ
2315 3190 2580 3264 παρθενία
2633 3190 2838 3262 ταύτην
2871 3189 2985 3262 ἔχει
3029 3189 3128 3262 τὴν
3163 3190 3508 3254 ἀκολουθίαν,

1921 3277 2035 3330 ἀλλ’
2069 3277 2156 3330 ἀεὶ
2189 3277 2480 3348 χρήσιμον,
2500 3275 2587 3328 ἀεὶ
2617 3273 2781 3328 καλὸν
2822 3273 2912 3326 ml
2950 3275 3238 3346 μακάριον,
3276 3273 3369 3326 ml
3406 3274 3512 3344 πρὸ

1922 3359 2016 3414 τοῦ
2047 3360 2277 3413 θανάτου
2311 3361 2402 3412 ml
2437 3358 2574 3430 μετά
2609 3360 2700 3412 τὸν
2728 3357 2976 3424 θάνατον,
3023 3357 3117 3412 καὶ
3148 3357 3252 3430 πρὸ
3279 3356 3372 3413 τοῦ
3407 3357 3512 3428 γάη

1927 3461 2026 3514 μου
2059 3443 2152 3496 καὶ
2183 3445 2320 3512 μετά
2355 3443 2446 3496 τὸν
2476 3443 2675 3513 γάμον.
2705 3443 2865 3505 Ποῖος
2891 3441 3020 3512 γὰρ,
3049 3443 3172 3495 εἰπέ
3204 3460 3311 3513 μοι,
3337 3443 3514 3513 γάμος

1923 3528 2158 3581 ἀπέτεκε
2191 3526 2283 3580 τὸν
2312 3525 2506 3596 ’Λδάμ,
2535 3528 2685 3579 ποῖαι
2725 3525 2823 3596 τὴν
2859 3523 3001 3579 Εὐαν
3048 3525 3265 3592 ώδῖνες;
3304 3525 3419 3580 Οὐκ
3446 3525 3512 3578 ἂν

1923 3613 2066 3682 ἔχοις
2095 3613 2290 3666 εἰπεῖν.
2335 3611 2402 3664 Τί
2452 3605 2544 3664 οῦν
2582 3611 2826 3674 δέδοικας
2865 3610 2988 3679 εἰκῆ
3025 3611 3120 3662 καὶ
3148 3610 3394 3680 τρέμεις,
3436 3609 3511 3679 μὴ

1923 3695 2274 3764 παυσαμένου
2308 3694 2404 3746 τοῦ
2443 3693 2620 3764 γάμου
2671 3691 2824 3765 [9.80]
2859 3694 2952 3745 ml
2984 3693 3044 3745 τὸ
3075 3693 3182 3744 τῶν
3207 3691 3512 3762 ἀνθρώπων

1923 3779 2202 3850 παύσηται
2239 3778 2430 3846 γένος;
2469 3777 2676 3847 Μύριαι
2711 3776 2970 3846 μυριάδες
2988 3775 3235 3844 ἀγγέλων
3265 3773 3511 3846 λειτουρ-

1921 3861 2078 3930 γοῦσι
2107 3861 2182 3932 τῷ
2211 3861 2351 3930 Θεῷ,
2389 3859 2555 3931 χίλιαι
2588 3859 2824 3931 χιλιάδες
2845 3857 3201 3931 ἀρχαγγέλων
3233 3861 3510 3930 παρεστᾶ-

1923 3963 2008 3999 σιν
2053 3943 2221 4016 αὐτῷ,
2251 3945 2345 3998 καὶ
2382 3944 2560 4006 οὐδεὶς
2611 3942 2815 3996 τούτων
2868 3943 3093 4011 γέγονεν
3141 3943 3204 3994 ἐκ
3237 3941 3510 4014 διαδοχῆς,

1921 4031 2040 4084 οὐδὲ
2075 4031 2138 4082 ἐκ
2193 4028 2369 4082 τόκων
2399 4031 2494 4082 καὶ
2549 4029 2752 4081 ὠδίνων
2787 4027 2883 4081 καὶ
2933 4026 3264 4097 συλλήψεως.
3303 4027 3514 4082 Οὐκοῦν

1925 4112 2102 4184 πολλῷ
2135 4111 2334 4184 μᾶλλον
2354 4111 2676 4182 ἀνθρώπους
2703 4111 2960 4180 ἐποίησεν
2999 4109 3064 4163 ἂν
3107 4111 3287 4181 γάμου
3323 4111 3509 4181 χωρὶς,

1923 4196 2113 4269 ὥσπερ
2151 4191 2244 4250 οῦν
2269 4196 2363 4250 ml
2390 4193 2614 4266 ἐποίησε
2649 4195 2774 4257 τοὺς
2820 4193 3088 4266 πρώτους,
3121 4194 3242 4250 ὅθεν
3275 4194 3513 4258 ἅπαντες

1923 4281 2018 4336 ἄνθ
2027 4298 2218 4354 ρωποι.

1994 4367 2092 4422 IE'.
2111 4365 2214 4420 Kal
2231 4365 2324 4419 νῦν
2336 4364 2392 4418 δὲ
2413 4365 2512 4436 οὐχ
2528 4365 2560 4436 ἠ
2577 4364 2669 4418 τοῦ
2687 4365 2866 4435 γάμου
2885 4364 3113 4437 δύναμις
3131 4366 3190 4418 τὸ
3206 4367 3360 4434 γένος
3379 4383 3512 4434 συγ-

1921 4453 2110 4522 κροτεῖ
2139 4449 2198 4503 τδ
2227 4451 2516 4522 ἡμέτερον,
2543 4449 2657 4502 ἀλλ’
2681 4449 2709 4501 ὁ
2738 4447 2831 4502 τοῦ
2865 4449 3074 4520 Κυρίου
3117 4449 3274 4517 λόγος
3302 4452 3330 4504 0
3365 4451 3513 4522 παρὰ

1921 4534 2020 4606 τὴν
2049 4532 2224 4606 ἀρχὴν
2262 4533 2451 4600 εἰπὼν,
2487 4529 2837 4596 Αὐξὰνεονθε
2861 4531 2959 4584 καὶ
2990 4535 3395 4598 πληθύνεσοε,
3414 4533 3511 4588 καὶ

1925 4618 2287 4688 πληρώσατε
2307 4616 2421 4685 τὴν
2443 4617 2578 4688 γῆν.
2607 4617 2670 4668 Τί
2712 4619 2835 4687 γὰρ,
2863 4618 2984 4670 εἰπέ
3009 4617 3229 4688 μοι,τὸν
3262 4617 3514 4690 ’Λϐραάμ

1925 4707 2004 4768 είς
2027 4703 2369 4757 παιδοποιίαν
2389 4701 2450 4755 τὸ
2473 4705 2704 4773 πρᾶγμα
2728 4699 2938 4774 ὤνησεν
2955 4719 2968 4768 ;
2988 4703 3088 4756 οὐκ
3113 4703 3204 4756 ἐπὶ
3236 4704 3511 4769 τοσούτοις

1925 4789 2074 4860 αὐτῷ
2103 4787 2446 4860 χρησάμενος
2475 4786 2642 4853 ἔτεσι,
2671 4785 2876 4862 ταύτην
2925 4787 3148 4859 ὕστερον
3191 4788 3370 4859 ἀφῆκε
3413 4789 3511 4860 τὴν

1925 4875 2137 4945 φωνήν·
2172 4871 2465 4932 Δέσποτα,
2497 4871 2551 4923 τί
2575 4887 2675 4940 μοι
2700 4869 2954 4936 adﬂate;
2995 4869 3108 4938 ἐγὼ
3142 4871 3209 4924 δὲ
3245 4871 3510 4926 ἀπολύο-

1918 4977 2027 5030 μαι
2055 4959 2324 5020 ἄτεκνος.
2359 4957 2570 5026 Ὥσπερ
2597 4949 2688 5008 οὖν
2720 4955 2841 5008 τότε
2865 4955 2972 5008 ἀπὸ
3002 4955 3212 5026 νεκρῶν
3243 4956 3511 5026 σωμάτων

1922 5042 2214 5104 τοσαύταις
2260 5039 2488 5112 μυριάσι
2544 5039 2773 5092 δέδωκεν
2828 5038 3086 5091 ὑπόθεσιν
3139 5040 3230 5092 ml
3289 5039 3445 5109 ῥίζαν
3483 5042 3512 5092 0

1924 5128 2077 5192 Θεὸς,
2115 5126 2256 5179 οὕτω
2290 5127 2384 5178 καὶ
2415 5123 2564 5193 παρά
2590 5121 2688 5194 τὴν
2719 5121 2912 5193 ἀρχὴν,
2943 5124 2989 5173 εἰ
3015 5123 3124 5185 τοῖς
3156 5123 3512 5194 προστάγμα-

1927 5230 2010 5266 σιν
2044 5210 2209 5265 αὐτοῦ
2262 5208 2575 5270 πεισθέντες
2624 5207 2673 5258 οἱ
2708 5205 2837 5278 περὶ
2866 5205 2954 5258 τὸν
2997 5205 3167 5277 Ἀδὰμ
3197 5207 3294 5278 τῆς
3317 5205 3510 5278 ήδονῆς

1923 5298 2236 5370 ἐκράτησαν
2263 5294 2355 5350 τοῦ
2386 5293 2568 5361 ξύλου,
2594 5291 2694 5344 οὐκ
2722 5289 2788 5343 ἂν
2817 5290 3095 5364 ἠπόρησεν
3125 5289 3245 5344 ὁδοῦ
3263 5290 3328 5344 δι’
3362 5285 3428 5358 ἦς
3450 5291 3511 5344 τὸ

1925 5383 2030 5434 τῶν
2059 5380 2360 5452 ἀνθρώπιον
2387 5377 2542 5446 γένος
2578 5375 2824 5445 αὐξήσει.
2859 5372 3000 5427 Οὐτε
3034 5372 3144 5444 γὰρ
3167 5375 3195 5426 0
3223 5375 3399 5444 γάμος
3435 5373 3509 5444 μὴ

1927 5464 2250 5536 βουλομένου
2283 5462 2416 5516 Θεοῦ
2439 5461 2723 5530 δυνήσεται
2753 5457 2978 5527 ποιῆσαι
3013 5457 3240 5520 πολλοὺς
3267 5457 3394 5517 τοὺς
3419 5455 3509 5508 ὄν-

1923 5567 2024 5612 τας
2046 5546 2384 5617 ἀνθρώπους,
2413 5543 2534 5596 οὐδὲ
2562 5544 2593 5614 ὴ
2618 5541 2904 5611 παρθενία,
2941 5540 3260 5612 βουλομένου
3281 5539 3510 5604 πολλοὺς

1926 5631 2426 5701 εἶναι,’λυμανεῖται
2457 5625 2520 5679 τὸ
2553 5625 2772 5694 πλῆθος.
2831 5625 2970 5677 Ἀλλ’
3005 5623 3176 5686 οὕτως
3216 5623 3504 5695 ἐϐουλήθη,

1927 5719 2083 5788 φησὶ,
2115 5715 2183 5768 δι’
2211 5713 2360 5784 ἡμᾶς
2387 5711 2480 5764 καὶ
2507 5710 2594 5763 διά
2626 5709 2723 5780 τὴν
2761 5709 3043 5762 ἀπείθειαν
3083 5710 3179 5778 τὴν
3209 5709 3505 5780 ἡμετέραν.

1927 5801 2026 5856 Διά
2051 5802 2102 5852 τί
2135 5798 2242 5868 γὰρ
2276 5795 2352 5868 μὴ
2388 5795 2493 5865 πρὸ
2531 5795 2628 5863 τῆς
2657 5793 2872 5862 ἀπάτης
2905 5795 2932 5844 ό
2969 5793 3144 5862 γάμος
3178 5793 3382 5862 ἐφάνη;
3422 5791 3509 5844 διὰ

1933 5888 1986 5940 τί
2019 5885 2092 5956 μὴ
2127 5885 2183 5936 ἐν
2213 5881 2520 5951 παραδείσῳ
2549 5881 2580 5949 ή
2624 5876 2798 5948 μίξις;
2825 5877 2913 5930 διὰ
2934 5877 2984 5928 τί
3017 5876 3090 5948 μὴ
3119 5875 3224 5947 πρὸ
3249 5875 3348 5945 τῆς
3373 5878 3508 5947 ἀρεῖς

1929 5973 2147 6036 ώδῖνες;
2201 5969 2320 6021 Ὅτι
2353 5965 2526 6020 ταῦτα
2559 5965 2678 6018 τότε
2733 5962 2833 6034 μὲν
2887 5959 3140 6032 περιττά,
3183 5960 3407 6034 ὕστερον
3451 5961 3508 6014 δε

1991 6069 2016 6110 d
2041 6069 2166 6132 Reg.
2197 6067 2387 6125 κάλλος.
