3844 6284
381 427 489 485 515

380 546 606 615 γέγονεν
640 544 914 613 ἀναγκαῖα
950 544 1039 602 616
1079 549 1181 619 τήν
1230 553 1507 625 ἡμετέραν
1543 552 1828 607 ἀσθένειαν
1860 552 1957 607 1161

376 630 553 685 ταῦτα
579 628 675 682 καὶ
708 629 776 683 τά
812 628 945 685 ἀλλα
977 630 1211 699 ἀπαντα,
1237 636 1295 688 αἱ
1331 636 1535 700 πόλεις,
1578 638 1635 690 61
1675 636 1883 707 τέχναι,
1924 636 1960 707 ἡ

376 712 489 766 τῶν
518 712 749 785 ίματίων
801 715 1061 788 περιϐολή
1080 758 1095 781 ,
1122 719 1151 772 6
1179 714 1365 785 λόιπδς
1398 720 1506 775 τῶν
1538 720 1737 792 χρειῶν
1778 721 1957 791 ὄχλος.

373 798 561 854 ταῦτα
591 799 700 872 γάρ
728 798 945 855 ἅπαντα
973 802 1370 876 ἐπισυρόμενος
1409 806 1699 875 εἰσήλασεν
1737 805 1767 858 6
1797 803 1960 859 θάνα-

367 899 464 947 τος
487 884 606 955 μεθ’
640 884 856 941 ἐαυτοῦ.
891 886 977 959 Μὴ
1014 886 1194 943 τοίνυν
1225 888 1253 942 6
1281 889 1370 944 616
1396 889 1497 962 τὴν
1527 890 1811 943 ἀσθένειαν
1834 905 1959 941 συν-

369 966 624 1039 εχωρήθη
679 968 779 1041 τὴν
836 970 957 1041 σὴν,
1019 970 1179 1026 τοῦτο
1218 972 1320 1044 τῆς
1359 972 1658 1047 παρθενίας
1690 972 1956 1045 προτίμα,

374 1049 575 1121 μᾶλλον
621 1051 679 1105 δὲ
731 1054 864 1124 μηδὲ
905 1056 965 1108 ἐν
1006 1054 1106 1128 ίσῳ
1151 1056 1365 1111 τίθεσο·
1411 1058 1536 1112 ἐπεὶ⁸
1581 1057 1723 1112 κατά
1769 1056 1959 1111 τοῦτον

370 1133 579 1206 προῖὼν
622 1135 713 1189 τὸν
750 1136 909 1208 λόγον
936 1140 1033 1193 καὶ
1057 1140 1119 1193 16
1146 1140 1238 1195 δύο
1269 1145 1533 1212 γυναῖκας
1562 1142 1650 1213 έχε
1661 1160 1708 1196 ιν
1738 1140 1833 1196 τοῦ
1860 1142 1959 1214 μιᾷ

366 1216 664 1289 ἀρκεῖσθαι
716 1220 878 1291 μόνον
922 1223 1144 1294 ἀμεινον
1169 1220 1309 1278 εἶναι
1364 1226 1578 1297 φήσεις,
1630 1224 1818 1297 ἐπειδὴ
1864 1225 1960 1278 καὶ

368 1300 530 1355 τοῦτο
552 1304 938 1378 συγκεχώρητο
980 1307 1037 1361 ἐν
1066 1306 1145 1378 τῷ
1175 1308 1326 1379 νόμῳ
1374 1309 1688 1374 Μωῦσέως·
1725 1310 1822 1364 3161
1866 1308 1959 1363 τὸν

370 1384 606 1440 πλοῦτον
630 1386 685 1441 δὲ
705 1386 877 1453 οὕτως
900 1390 1000 1461 τῆς
1034 1391 1286 1445 ἑκουσίου
1330 1394 1693 1464 προτιμήσεις
1744 1391 1954 1455 πενίας.

371 1470 468 1523 3161
492 1470 589 1542 τὴν
616 1472 829 1545 τρυφήν
857 1474 962 1545 τῆς
993 1474 1267 1548 σώφρονος
1288 1476 1521 1549 διαίτης,
1552 1478 1648 1531 3161
1675 1476 1736 1531 16
1764 1475 1960 1549 ἀμύνε-

368 1554 495 1609 σθαι
520 1556 614 1607 τοῦ
644 1556 830 1627 φέρειν
850 1557 939 1611 τὸν
964 1558 1255 1614 ἀδικοῦντα
1281 1560 1564 1629 γενναίως.

442 1638 558 1707 Ῑφ.
571 1641 645 1695 Σὺ
660 1640 872 1696 δὲαύτά
889 1644 1155 1710 κακίζεις,
1171 1645 1557 1717 φησί.Κακίζω
1569 1644 1668 1716 μὲν
1683 1644 1953 1715 οὐδαμῶς.

367 1723 503 1789 Θεὸς
550 1725 659 1798 γὰρ
696 1727 837 1781 αὐτά
889 1728 1257 1800 συνεχώρησε,
1290 1729 1386 1783 3161
1420 1728 1644 1800 γέγονεν
1674 1729 1733 1783 ἐν
1778 1730 1957 1803 καιρῷ

368 1809 646 1880 χρήσιμα·
695 1809 869 1883 μικρά
910 1811 967 1864 δέ
1012 1811 1153 1865 6616
1200 1808 1339 1867 εἷναί
1372 1830 1546 1885 φημι,
1598 1814 1695 1867 3161
1747 1814 1955 1869 παίδων

367 1892 770 1965 κατορθώματα
800 1894 1000 1967 μᾶλλον
1030 1896 1063 1967 ἢ
1097 1896 1327 1968 ἀνδρῶν.
1355 1897 1464 1952 K61
1496 1896 1584 1951 616
1614 1895 1774 1951 τοῦτο
1808 1899 1956 1970 ήμᾶς

365 1974 605 2041 τελείους
632 1977 661 2029 6
684 1978 919 2049 Χριστὸς
955 1978 1359 2051 δημιουργῆσαι
1394 1980 1737 2053 βουλόμενος,
1770 1984 1957 2037 ἐκεῖνα

370 2062 471 2131 μὲν
498 2062 792 2120 ἀποθέσθαι
826 2062 1132 2131 ἐκέλευσεν,
1163 2064 1353 2136 ῶσπερ
1386 2065 1577 2138 ἱμάτια
1604 2066 1832 2121 παιδικὰ
1860 2066 1956 2121 καὶ

366 2146 430 2200 οὐ
458 2146 731 2219 δυνάμενα
766 2148 1079 2220 περιϐαλεῖν
1112 2148 1202 2204 τὸν
1243 2149 1413 2223 ἀνδρα
1452 2150 1545 2205 τὸν
1578 2151 1805 2218 τέλειον,
1833 2150 1956 2205 οὐδὲ

365 2228 430 2283 16
460 2230 657 2301 μέτρον
702 2230 977 2302 κοσμῆσαι
1029 2232 1130 2304 τῆς
1172 2231 1392 2306 ήλικίας
1440 2232 1535 2288 τοῦ
1585 2233 1956 2307 πληρώματος

365 2311 464 2366 τοῦ
509 2312 775 2386 Χριστοῦ⁶
819 2312 890 2367 16
935 2313 993 2368 δὲ
1040 2315 1264 2371 ἐκείνων
1293 2318 1709 2391 εὐπρεπέστερα
1737 2318 1830 2373 καὶ
1868 2336 1956 2373 τε·

366 2396 617 2471 λειότερα
661 2397 979 2471 περιθέσθαι
1023 2399 1331 2466 ἐκέλευσεν,
1373 2403 1476 2458 οὐκ
1523 2403 1954 2476 ἀντινομοθετῶν

364 2482 569 2555 ἐαυτῷ,
598 2483 732 2538 ἀλλά
778 2483 873 2537 3161
906 2482 1112 2557 σφόδρα
1143 2484 1475 2542 ἀκολουθῶν.
1513 2487 1578 2542 Εἰ
1608 2488 1719 2560 γὰρ
1760 2489 1856 2543 3161
1884 2490 1954 2544 16

368 2568 773 2638 προστάγματα
817 2565 991 2621 ταῦτα
1037 2568 1262 2623 ἐκείνων
1309 2570 1505 2641 μείζω,
1555 2570 1691 2627 ἀλλά
1726 2571 1820 2627 τοῦ
1863 2590 1953 2627 νο-

369 2650 599 2722 μοθέτου
642 2652 843 2715 σκοπὸς
863 2652 893 2704 6
921 2651 1104 2717 6616;.
1138 2651 1235 2717 T1;
1260 2648 1354 2707 06v
1392 2656 1540 2709 ἐστιν
1570 2650 1756 2722 0610;;
1788 2657 1954 2729 Περι-

364 2732 532 2804 κόψαι
570 2734 669 2806 τὴν
719 2734 917 2789 κακίαν
962 2734 1065 2806 τῆς
1109 2735 1388 2809 ἡμετέρας
1426 2738 1636 2812 ψυχῆς,
1680 2739 1777 2794 καὶ
1815 2740 1952 2812 πρὸς

362 2816 461 2890 τὴν
491 2817 699 2873 τελείαν
732 2818 904 2891 αὐτὴν
938 2819 1167 2889 ἀγαγεῖν
1209 2822 1433 2895 ἀρετήν.
1462 2824 1525 2879 Εί
1566 2824 1745 2879 τοίνυν
1793 2824 1954 2881 τοῦτο

364 2901 711 2966 ἐσπουδάκει,
742 2902 804 2957 06
838 2902 901 2957 16
934 2903 1161 2975 μείζονα
1191 2906 1446 2972 ἐπιτάξαι
1490 2907 1601 2964 τῶν
1644 2908 1949 2983 προτέρων,

362 2984 500 3039 ἀλλά
532 2984 594 3039 16
632 2986 691 3041 ἐν
720 2988 834 3052 τοῖς
862 2987 1047 3053 αὐτοῖς
1091 2988 1311 3059 ἀφεῖναι
1348 2991 1664 3060 διαπαντὸς,
1710 2996 1805 3049 3161
1841 3012 1949 3067 μη-

361 3067 555 3122 δέποτε
588 3068 690 3140 τῆς
713 3070 989 3135 εὐτελείας
1014 3070 1322 3139 ἀπαλλάξαι
1348 3075 1587 3148 ἐκείνης,
1614 3076 1772 3132 τοῦτο
1800 3080 1952 3132 ἐναν·

360 3152 646 3235 τιουμένου
710 3153 915 3226 σφόδρα
956 3149 1025 3227 ἦν
1073 3156 1272 3227 ἐαυτῷ.
1303 3157 1515 3231 Ὠσπερ
1562 3160 1672 3232 γάρ
1702 3163 1751 3215 εί
1798 3162 1953 3235 παρά

360 3233 462 3307 τὴν
508 3235 704 3307 ἀρχὴν.
773 3237 863 3291 ὅτε
914 3239 1347 3313 νηπιωδέστερον
1420 3243 1483 3296 16
1554 3244 1663 3298 τῶν
1741 3233 1954 3317 ἀνθρώ-

361 3336 483 3372 πων
531 3318 763 3403 διέκειτο
831 3320 1023 3391 γένος,
1098 3323 1200 3394 τὴν
1277 3326 1681 3398 ἐπιτεταμένην
1745 3328 1950 3403 ταύτην

362 3402 721 3474 ἐνομοθέτησε
772 3404 1073 3472 πολιτείαν,
1099 3406 1207 3461 οὐδ’
1240 3406 1308 3463 ἀν
1344 3408 1443 3481 τὴν
1477 3409 1791 3484 σύμμετρον
1831 3402 1950 3468 ἐδεσ-

360 3485 577 3557 ξάμεθά
621 3504 773 3551 ποτε,
823 3488 959 3543 ἀλλά
1006 3488 1158 3564 [281]
1211 3491 1389 3547 πάντα
1432 3493 1501 3547 16
1534 3494 1631 3566 τῆς
1676 3497 1951 3569 σωτηρίας

357 3573 495 3642 ⁴ημῖν
533 3570 639 3623 ύπδ
667 3571 872 3643 ταύτης
898 3573 971 3627 ἀν
997 3574 1098 3645 τῆς
1127 3575 1395 3647 ἀμετρίας
1424 3576 1745 3650 διέφθαρτοο
1777 3581 1951 3647 οὕτως

361 3655 413 3708 εί
452 3654 592 3725 μετά
618 3654 709 3709 τὸν
748 3655 916 3709 πολὺν
958 3657 1150 3730 χρόνον
1190 3660 1398 3714 ἐκεῖνον
1436 3664 1532 3716 3161
1569 3663 1668 3735 τὴν
1704 3665 1811 3718 ἀπὸ
1853 3667 1948 3722 τοῦ

356 3739 528 3809 νόμου
578 3738 979 3811 παιδαγωγίαν,
1020 3741 1115 3795 τοῦ
1170 3743 1365 3816 καιροῦ
1415 3746 1509 3799 ἐπὶ
1557 3748 1656 3820 τὴν
1697 3749 1949 3823 οὐράνιον

360 3823 563 3897 ταύτην
596 3824 888 3890 καλοῦντος
937 3826 1274 3898 φιλοσοφίαν,
1307 3828 1456 3883 εἴασε
1502 3831 1685 3901 μένειν
1722 3835 1815 3887 ἐπὶ
1851 3835 1949 3907 τῆς

358 3908 485 3981 γῆς,
511 3910 664 3964 οὐδὲν
694 3910 760 3966 ἂν
802 3911 945 3983 μέγα
970 3912 1039 3965 ἐκ
1078 3912 1178 3983 τῆς
1206 3915 1669 3982 συγκαταϐάσεως
1701 3917 1949 3990 ἐκαρπω-

360 3992 579 4064 σάμεθα
614 3993 847 4065 ἐκείνης,
877 3996 977 4065 τῆς
1014 3994 1368 4066 τελειότητος,
1399 3996 1467 4050 δι’
1502 4000 1569 4069 ἢν
1598 4000 1632 4071 η
1676 4005 1948 4071 συγκατά-

358 4076 522 4139 6601;
546 4078 759 4146 γέγονε,
799 4077 873 4149 μὴ
910 4080 1360 4149 παραγενομένης
1399 4082 1553 4152 ήμῖν.

432 4162 533 4216 lZ'.
564 4160 680 4215 Νῦν
700 4160 756 4213 δέ
773 4162 1072 4234 παρόμοιον
1085 4162 1309 4231 γέγονεν
1324 4159 1434 4218 οἷον
1454 4167 1671 4222 ἐπὶτῶν
1693 4169 1944 4230 νεοττῶν.

356 4244 477 4299 K61
521 4243 631 4314 γὰρ
659 4244 901 4309 ἐκείνους
936 4246 1067 4299 ὅταν
1114 4246 1359 4321 ἐκθρέψῃ
1394 4250 1428 4321 ή
1468 4250 1672 4322 μήτηρ,
1711 4256 1946 4325 προάγει

364 4329 468 4400 μέν
503 4328 603 4401 τῆς
650 4328 873 4393 καλιᾶςο
908 4328 974 4383 ἂν
1016 4329 1075 4384 δέ
1107 4330 1468 4397 ἀσθενοῦντας
1502 4334 1606 4409 ἴδῃ,
1632 4339 1727 4391 καὶ
1772 4356 1940 4393 κατα.

358 4412 661 4477 πίπτοντας
684 4414 777 4467 3161
798 4412 1083 4483 δεομένους
1107 4413 1187 4467 ἔτι
1210 4415 1309 4486 τῆς
1334 4413 1482 4470 ένδον
1506 4419 1697 4491 μονῆς,
1721 4422 1947 4494 ἀφίησιν

352 4494 443 4550 Ῐτι
485 4496 701 4561 πλείους
746 4497 990 4570 ήμέρας,
1036 4498 1135 4569 οὐχ
1185 4498 1272 4552 ίνα
1321 4499 1612 4568 διαπαντὸς
1660 4504 1808 4560 ἐνδον
1846 4508 1947 4579 μέ-

359 4598 545 4644 νωσιν,
572 4580 689 4636 ἀλλ’
715 4581 802 4635 ῖνα
832 4582 1118 4650 παγέντων
1147 4582 1330 4648 αὐτοῖς
1358 4582 1543 4651 καλῶς
1570 4590 1679 4645 τῶν
1703 4591 1941 4663 πτερῶν,

358 4667 455 4720 καὶ
487 4666 586 4737 τῆς
620 4665 807 4737 ίσχύος
841 4665 1288 4738 προσγενομένης
1326 4668 1566 4739 ἀπάσης,
1601 4673 1741 4743 μετὰ
1768 4675 1945 4745 ἀσφα.

352 4750 508 4814 λείας
536 4750 722 4804 λοιπὸν
753 4749 854 4821 τῆς
889 4751 1140 4821 πτήσεως
1180 4749 1431 4821 ἔχωνται.
1462 4754 1619 4809 Οὐτω
1647 4758 1741 4811 καὶ
1772 4761 1800 4813 6
1833 4760 1946 4814 K6-

358 4853 477 4909 ριος
502 4834 661 4905 ήμῶν
688 4832 749 4900 ἐξ
775 4835 952 4907 ἀρχῆς
981 4834 1081 4906 μὲν
1114 4828 1294 4888 εἷλκεν
1323 4837 1416 4891 ἐπὶ
1441 4837 1533 4892 τὸν
1564 4840 1816 4912 οὐρανὸν,
1848 4846 1943 4899 3161

356 4919 457 4993 τήν
504 4919 621 4972 ἐκεῖ
652 4918 922 4990 φέρουσαν
967 4919 1085 4972 όδδν
1132 4918 1363 4986 ἐδείκνυ,
1412 4921 1513 4976 οὐκ
1557 4924 1769 4994 ἀγνοῶν
1820 4930 1942 5000 μὲν,

354 5003 497 5060 ἀλλά
526 5005 619 5058 3161
650 5004 855 5076 σφόδρα
885 5004 1062 5069 11661;,
1088 5006 1171 5058 ὅτι
1202 5005 1301 5058 οὐκ
1330 5006 1637 5078 ἀρκέσομεν
1670 5011 1804 5083 πρὸς
1843 5016 1943 5087 τὴν

359 5089 559 5159 πτῆσιν
612 5088 850 5159 ἐκείνην,
892 5088 1061 5154 δεῖξαι
1094 5088 1153 5141 δὲ
1202 5090 1334 5161 ἡμῖν
1366 5088 1710 5163 βουλόμενος,
1751 5096 1835 5150 ὅτι
1880 5098 1940 5152 οὐ

359 5172 509 5242 παρά
542 5170 641 5241 τὴν
670 5170 835 5225 αὐτοῦ
870 5170 1142 5249 βούλησιν,
1180 5172 1317 5226 ἀλλά
1362 5174 1512 5246 παρὰ
1538 5176 1639 5248 τὴν
1666 5178 1942 5253 ήμετέραν

355 5256 643 5310 ἀσθένειαν
691 5254 753 5309 16
804 5253 1005 5326 πτῶμα
1059 5257 1292 5324 γίνεται.
1344 5258 1562 5330 Ἐπειδὴ
1614 5260 1672 5314 δὲ
1719 5262 1938 5332 ἔδειξεν,

355 5338 499 5393 061w
550 5338 736 5394 λοιπὸν
791 5338 1017 5410 ἀφίησιν
1060 5338 1249 5412 ῶσπερ
1294 5341 1358 5394 ἐν
1408 5340 1571 5415 καλιᾷ
1624 5343 1701 5414 τῷ
1751 5347 1942 5419 κόσμῳ

354 5423 531 5495 τούτῳ
562 5424 655 5479 3161
682 5422 761 5493 τῷ
788 5424 951 5495 γάμῳ
993 5423 1289 5496 τρέφεσθαι
1326 5426 1518 5497 χρόνον
1546 5426 1735 5482 πολύν.
1772 5430 1859 5494 Ὦς
1884 5432 1942 5487 δέ

359 5510 489 5579 ἡμῖν
516 5509 572 5561 ἐν
612 5507 688 5580 τῷ
716 5505 897 5578 πολλῷ
930 5509 1108 5581 χρόνῳ
1139 5508 1207 5563 16
1240 5510 1338 5580 τῆς
1373 5511 1574 5582 ἀρετῆς
1599 5511 1703 5582 ἔφυ
1742 5516 1933 5587 πτερά,

353 5590 475 5645 τότε
518 5591 702 5664 ἠρέμα
731 5591 827 5645 καὶ
856 5591 998 5645 κατά
1030 5593 1226 5665 μικρὸν
1262 5593 1431 5648 ἐλθὼν
1460 5594 1697 5667 ἐξήγαγε
1727 5598 1826 5668 τῆς
1854 5601 1941 5654 ἐν·

352 5674 528 5728 ταῦθα
564 5674 755 5747 μονῆς,
786 5674 1053 5730 διδάσκων
1091 5676 1397 5749 ὑψηλότερα
1427 5678 1716 5736 πέτασθαι.
1748 5684 1807 5735 01
1839 5682 1939 5754 μὲν

352 5754 447 5813 οῦν
476 5758 556 5812 ἐτι
584 5758 921 5833 νωθρότερον
949 5761 1304 5832 διακείμενοι,
1336 5764 1430 5817 καὶ
1456 5763 1548 5816 τὸν
1576 5764 1744 5835 βαθὺν
1772 5765 1939 5821 ῦπνον

352 5843 723 5909 καθεύδοντες,
753 5845 1222 5920 ἐμφιλοχωροῦσιν
1260 5846 1345 5900 ’ἐτι
1382 5850 1447 5919 τῇ
1479 5847 1665 5921 καλιᾷ,
1696 5852 1807 5915 τοῖς
1842 5853 1935 5906 τοῦ

354 5929 558 6000 κόσμου
595 5928 1012 6003 προσηλωμένοι
1043 5931 1391 6004 πράγμασιν’
1424 5932 1473 5985 01
1500 5932 1557 5986 δὲ
1605 5933 1774 5998 ὅντως
1813 5951 1938 6003 γενω

352 6016 508 6079 ναῖοι,
550 6014 643 6068 3161
682 6011 778 6067 τοῦ
820 6013 999 6084 φωτὸς
1028 6015 1293 6087 ἐρασταὶ,
1339 6016 1479 6087 μετά
1526 6015 1728 6087 πολλῆς
1772 6018 1931 6073 εὐκο-

350 6096 467 6162 λίας
490 6096 717 6168 ἀφέντες
745 6097 935 6171 αὐτὴν,
960 6098 1098 6171 πρὸς
1126 6097 1195 6153 16
1233 6098 1485 6174 μετέωρα
1519 6100 1801 6169 πέτανται,
1832 6106 1927 6159 καὶ

1092 430 1148 489 S.
1189 431 1475 491 JOANNIS
1512 428 2008 491 CHRYSOSTOMI
2056 430 2379 492 ARCHIEP.
2420 427 2974 489 CONSTANTINOP.

3546 428 3650 485 565

2065 553 2173 607 τῶν
2205 548 2449 624 οὐρανῶν
2478 548 2712 620 ἔχονται,
2748 547 2927 601 πάντα
2962 545 3054 599 ἐπὶ
3103 544 3202 616 τῆς
3245 544 3348 616 γῆς
3399 545 3655 600 καταλεί-

2059 634 2324 705 ψαντεςο,
2351 634 2443 687 τὸν
2474 633 2672 704 γάμον,
2707 632 2778 685 16
2817 631 3097 703 χρήματα,
3123 630 3221 693 τάς
3246 629 3553 700 φροντίδας,
3580 632 3655 685 τά

2061 718 2197 774 ἄλλα
2222 718 2401 772 πάντα
2422 718 2522 771 ὅσα
2550 716 2688 788 πρὸς
2718 716 2817 787 τὴν
2846 715 2951 784 γῆν
2982 715 3131 786 ἡμᾶς
3157 712 3448 767 καθέλκειν
3473 713 3653 770 εῖωθε.

2059 802 2152 875 Μὴ
2182 802 2363 855 τοίνυν
2394 800 2491 873 τὴν
2536 800 2596 868 ἐξ
2638 798 2813 870 ἀρχῆς
2858 797 3162 869 γενομένην
3204 795 3510 868 ἐπιτροπήν
3556 797 3655 863 τοῦ

2059 885 2264 957 γάμου,
2288 884 2493 957 ταύτην
2520 882 2768 954 ἀνάγκην
2797 884 2878 946 είς
2903 880 2965 935 16
2996 880 3124 953 ἑξῆς
3148 875 3291 935 εἶναι
3314 880 3654 952 νομίζωμεν,

2060 968 2377 1023 κωλύουσαν
2429 969 2733 1038 ἀναχωρεῖν
2792 964 2887 1019 τοῦ
2941 964 3154 1036 γάμου·
3206 965 3289 1019 ὅτι
3343 965 3456 1037 γάρ
3506 966 3658 1036 ἡμᾶς

2060 1053 2223 1106 αὐτὸν
2258 1052 2478 1122 ἀφεῖναι
2520 1050 2801 1122 βούλεται,
2843 1050 3078 1105 ἄκουσον
3120 1049 3173 1101 τί
3216 1066 3409 1120 φησιν*
3458 1048 3514 1102 ’0
3552 1048 3661 1102 δυ-

2057 1135 2318 1205 νάμενος
2349 1134 2563 1206 χωρεῖν
2597 1133 2874 1204 χωρείτω.
2906 1134 2969 1186 E1
3008 1132 3064 1187 δὲ
3106 1132 3179 1204 μὴ
3228 1132 3382 1204 παρά
3412 1131 3512 1203 τὴν
3556 1133 3663 1203 ἀρ-

2058 1218 2158 1291 χὴν
2197 1218 2354 1273 τοῦτο
2387 1218 2638 1285 ἐπέταξε,
2680 1218 2756 1290 μὴ
2783 1216 3092 1289 θαυμάσῃς.
3140 1216 3276 1270 υύδὲ
3324 1215 3435 1287 γάρ
3474 1216 3661 1289 ἰατρὸς

2059 1302 2237 1356 πάντα
2291 1303 2380 1372 ὐφ’
2422 1300 2481 1355 ἓν
2532 1303 2646 1365 τοῖς
2697 1300 2970 1371 κάμνουσι
3010 1300 3106 1355 3161
3151 1298 3294 1353 31616
3342 1300 3437 1353 τὸν
3487 1299 3661 1353 αὐτὸν

2060 1385 2254 1458 καιρὸν
2288 1386 2639 1459 προστάττει,
2670 1384 2786 1438 ἀλλ’
2820 1386 2949 1438 ὅταν
2996 1385 3095 1456 μὲν
3125 1384 3231 1437 ὐπὸ
3269 1382 3365 1438 τοῦ
3412 1383 3659 1456 πυρετοῦ

2059 1469 2419 1541 κατέχωνται,
2464 1469 2567 1541 τῆς
2601 1470 2825 1543 στερεᾶς
2865 1469 3065 1532 αὐτοὺς
3117 1468 3377 1540 ἀπείργει
3403 1468 3613 1539 τροφῆς
3639 1484 3654 1499 ·

2058 1553 2187 1609 ὅταν
2211 1554 2267 1608 δέ
2302 1553 2615 1609 ἀποθῶνται
2643 1555 2819 1607 ἐκεῖνο
2850 1552 2914 1605 16
2952 1551 3065 1623 πῦρ
3100 1553 3196 1605 καὶ
3229 1551 3328 1624 τὴν
3358 1553 3457 1606 ἀπ’
3484 1550 3659 1606 αὐτοῦ

2056 1637 2136 1709 τῷ
2185 1638 2399 1707 σώματι
2451 1636 2898 1710 προσγενομένην
2936 1636 3243 1702 ἀσθένειαν,
3294 1636 3415 1691 τότε
3464 1634 3661 1689 λοιπὸν

2057 1720 2373 1789 ἀπαλλάξας
2412 1722 2613 1785 αὐτοὺς
2655 1720 2765 1775 τῶν
2802 1719 3155 1791 δυσαρέστων
3194 1718 3381 1775 σιτίων
3430 1719 3524 1774 ἐπὶ
3553 1719 3662 1790 τὴν

2059 1805 2261 1877 συνήθη
2304 1805 2462 1879 φέρει
2494 1805 2726 1861 δίαιταν.
2757 1804 2971 1875 Ὠσπερ
2998 1803 3056 1858 δέ
3095 1805 3155 1858 ἐν
3186 1808 3300 1869 τοῖς
3328 1803 3550 1876 σώμασι
3584 1803 3663 1857 τά

2059 1892 2301 1961 στοιχεῖα
2349 1890 2488 1963 πρὸς
2535 1888 2743 1961 ἀλληλα
2796 1885 3160 1953 στασιάζοντα
3194 1889 3338 1944 κατὰ
3373 1890 3435 1943 τὸ
3486 1889 3661 1943 πλέον

2057 1973 2090 2044 ἢ
2121 1972 2346 2028 ἔλαττον
2377 1974 2477 2046 τὴν
2511 1974 2667 2029 νόσον
2719 1972 3036 2046 ἐργάζεται,
3066 1971 3212 2027 οὕτω
3258 1974 3355 2029 καὶ
3403 1973 3500 2027 ἐπὶ
3551 1974 3661 2043 τῆς

2053 2057 2236 2130 ψυχῆς
2285 2058 2342 2113 61
2394 2058 2506 2111 τῶν
2562 2056 2752 2112 παθῶν
2806 2057 3068 2130 ἀμετρίαι
3123 2057 3499 2131 διαφθείρουσι
3550 2057 3661 2129 τὴν

2058 2142 2270 2212 ὑγίειαν
2307 2142 2511 2214 αὐτῆςο
2546 2143 2639 2197 καὶ
2685 2141 2768 2196 δεῖ
2803 2142 3040 2214 μάλιστα
3083 2140 3278 2215 καιροῦ
3325 2142 3420 2195 τοῦ
3456 2142 3663 2195 καταλ-

2054 2226 2233 2299 λήλως
2253 2228 2366 2290 τοῖς
2383 2226 2768 2297 ὑποκειμένοις
2790 2225 3022 2280 πάθεσιν
3040 2224 3185 2296 ἐχειν
3207 2225 3269 2279 16
3293 2224 3657 2297 πρόσταγμα,

2054 2309 2131 2374 ὡς
2162 2308 2367 2363 τούτων
2401 2308 2531 2364 ἀνευ
2577 2308 2905 2380 ἀμφοτέρων
2940 2308 3043 2362 οὐκ
3083 2308 3149 2362 ἂν
3189 2308 3444 2379 ἀρκέσειε
3484 2310 3661 2379 νόμος

2054 2392 2178 2447 καθ’
2219 2391 2414 2445 ἐαυτὸν
2458 2390 2748 2463 διορθῶσαι
2798 2392 2900 2463 τὴν
2942 2393 3001 2445 ἐν
3032 2394 3101 2463 τῇ
3150 2391 3297 2464 ψυχῇ
3346 2392 3662 2463 γενομένην

2052 2475 2408 2549 διαστροφὴν,
2434 2475 2626 2548 ῶσπερ
2655 2472 2750 2531 οῦν
2787 2476 2911 2531 οὐδὲ
2939 2478 2974 2548 ἡ
2997 2475 3108 2530 τῶν
3138 2477 3444 2548 φαρμάκων
3484 2474 3661 2545 φύσις

2053 2561 2192 2633 αὐτὴ
2237 2560 2361 2615 καθ’
2405 2562 2605 2632 ἐαυτὴν
2640 2561 2844 2616 δύναιτ’
2886 2560 2952 2616 ἀν
2991 2560 3149 2626 ἕλκος
3186 2561 3447 2633 ἀφανίσαι
3481 2561 3656 2615 ποτέ’

2052 2646 2190 2717 ὅπερ
2238 2645 2349 2716 γάρ
2396 2646 2489 2699 ἐπὶ
2538 2645 2648 2701 τῶν
2684 2646 3016 2719 τραυμάτων
3042 2646 3113 2701 τά
3159 2647 3449 2719 φάρμακα,
3488 2645 3662 2700 τοῦτο

2054 2730 2149 2785 ἐπὶ
2190 2731 2300 2786 τῶν
2334 2732 2751 2803 ἁμαρτημάτων
2788 2732 2840 2785 01
2877 2730 3055 2803 νόμοι.
3092 2731 3167 2785 Σὺ
3213 2730 3268 2785 δέ
3309 2730 3491 2800 ίατρδν
3553 2729 3661 2785 νῦν

2056 2816 2157 2888 μὲν
2205 2815 2510 2888 τέμνοντα,
2557 2814 2653 2869 νῦν
2709 2815 2768 2870 δὲ
2816 2815 3060 2881 καίοντα,
3108 2813 3208 2869 νῦν
3256 2814 3316 2868 δὲ
3363 2813 3661 2885 οὐδέτερον

2050 2900 2260 2955 τούτων
2306 2899 2565 2955 ποιοῦντα
2602 2901 2695 2954 ἐπὶ
2732 2899 2843 2955 τῶν
2876 2898 3057 2954 αὐτῶν
3097 2898 3356 2961 πολλάκις
3387 2898 3656 2969 196611.6-

2051 3003 2180 3050 των,
2206 2985 2269 3040 οὐ
2307 2985 2806 3057 πολυπραγμονεῖς,
2840 2986 2935 3040 καὶ
2981 2983 3153 3040 ταῦτα
3200 2982 3460 3047 πολλάκις
3486 2982 3658 3059 [282]

2052 3070 2434 3139 ἀποσφαλέντα
2460 3070 2554 3125 τοῦ
2599 3070 2815 3135 τέλους·
2850 3071 2943 3125 16v
2972 3070 3029 3125 δέ
3056 3068 3189 3124 Θεὸν
3228 3068 3514 3139 ἄνθρωπος
3546 3069 3656 3133 ὢν,

2051 3154 2140 3209 τὸν
2164 3154 2401 3228 οὐδαμοῦ
2432 3157 2533 3228 μὲν
2559 3155 2997 3229 διαμαρτάνοντα
3016 3195 3031 3220 ,
3063 3155 3241 3210 πάντα
3265 3153 3322 3207 δὲ
3353 3152 3519 3221 ἀξίως
3549 3153 3660 3223 τῆς

2050 3238 2257 3304 οἰκείας
2301 3239 2686 3311 οίκονομοῦντα
2737 3240 2961 3310 σοφίας,
3009 3238 3372 3312 περιεργάσῃ,
3405 3237 3496 3290 3161
3539 3236 3661 3290 τῶν

2052 3324 2494 3396 προσταγμάτων
2522 3324 2752 3388 εὐθύνας
2788 3324 3132 3396 ἀπαιτήσεις,
3168 3322 3263 3376 καὶ
3289 3321 3351 3374 06
3383 3336 3659 3392 παραχω-

2054 3410 2242 3481 ρήσεις
2270 3408 2350 3479 τῷ
2370 3409 2470 3480 τῆς
2504 3408 2693 3479 σοφίας
2723 3408 2966 3480 ἀπείρως
3002 3407 3112 3461 K61
3140 3404 3263 3469 πῶς
3284 3405 3383 3458 οὐκ
3406 3405 3661 3476 ἐσχάτης

2050 3492 2226 3548 ταῦτα
2260 3493 2684 3566 παραπληξίας;
2732 3489 2923 3555 Εἶπεν,
2958 3490 3310 3557 Αὑξάγεσθε
3340 3490 3436 3543 καί
3482 3494 3659 3558 πλη-

2050 3580 2327 3634 θύνεσθε.
2363 3579 2535 3633 Τοῦτο
2581 3578 2691 3651 γὰρ
2733 3580 2762 3632 6
2793 3577 2984 3649 καιρὸς
3032 3575 3253 3647 ἀπῄτει,
3286 3576 3387 3645 τῆς
3427 3572 3660 3642 φύσεως

2054 3664 2410 3735 μαινομένης,
2440 3664 2534 3717 3161
2559 3663 2652 3716 16v
2692 3661 2802 3715 τῶν
2832 3660 3022 3716 παθῶν
3050 3656 3264 3732 οἶστρον
3301 3659 3374 3731 μὴ
3408 3658 3659 3729 δυναμέ-

2050 3764 2147 3817 νης
2181 3747 2446 3815 ἐνεγκεῖν,
2492 3746 2615 3801 οὐδὲ
2660 3744 2893 3817 ἐχούσης
2927 3745 3005 3809 είς
3052 3744 3240 3814 ἔτερόν
3284 3760 3403 3796 τινα
3443 3742 3658 3811 λιμένα

2047 3832 2387 3901 καταφυγεῖν
2443 3831 2501 3884 ἐν
2552 3831 2739 3902 ἐκείνῃ
2791 3832 2858 3902 τῇ
2908 3829 3065 3903 ζάλῃ.
3106 3828 3269 3882 Ἀλλά
3305 3828 3357 3880 τί
3397 3826 3658 3880 κελεύειν

2046 3915 2251 3987 ἐχρῆν;
2295 3916 2355 3967 ἐν
2398 3912 2696 3985 ἐγκρατείᾳ
2743 3914 2837 3966 καὶ
2871 3914 3141 3985 παρθενίᾳ
3190 3912 3428 3981 διάγεινς
3478 3912 3656 3964 Ἀλλά

2047 3999 2207 4053 τοῦτο
2240 3997 2423 4070 μεῖζον
2449 3998 2514 4053 ἂν
2539 3997 2600 4051 16
2627 3998 2827 4069 πτῶμα
2854 3998 3173 4069 εἰργάσατο,
3202 3998 3301 4050 καὶ
3327 3996 3425 4068 τὴν
3462 3996 3657 4066 φλόγα

2049 4081 2410 4155 σφοδροτέραν
2448 4082 2692 4153 ἐποίησε.
2724 4082 2833 4135 K61
2870 4082 2979 4155 γὰρ
3004 4083 3132 4145 τοὺς
3165 4080 3434 4150 γάλακτος
3473 4081 3653 4151 μόνου

2044 4166 2334 4236 δεομένους
2363 4166 2556 4231 παῖδας
2584 4170 2633 4220 εί
2666 4184 2751 4230 τις
2788 4167 3003 4238 ἐκείνης
3050 4167 3355 4234 ἀπαγαγὼν
3386 4164 3484 4233 τῆς
3514 4182 3654 4236 τρο-

2044 4250 2175 4320 φῆς,
2204 4250 2305 4320 τῆς
2337 4249 2564 4322 ἀνδράσι
2595 4250 2979 4322 προσηκούσης
3018 4250 3320 4319 ἀναγκάζοι
3359 4248 3654 4320 μεταλαμ.

2045 4333 2249 4395 δάνειν,
2280 4334 2431 4387 οὐδὲν
2472 4333 2532 4387 16
2575 4334 2784 4387 κωλύον
2834 4336 3031 4399 αὐτοὺς
3080 4334 3378 4388 ἀπολέσθαι
3408 4333 3647 4398 εὐθέως.

2046 4419 2311 4473 Τοσοῦτον
2342 4420 2379 4491 ή
2408 4418 2634 4490 ἀκαιρία
2661 4419 2850 4474 κακόν.
2879 4419 2979 4473 Διὰ
3028 4418 3203 4474 ταῦτα
3242 4418 3303 4483 ἐξ
3328 4416 3503 4490 ἀρχῆς
3539 4419 3649 4474 οὐκ

2044 4502 2202 4575 ἐδόθη
2238 4504 2272 4575 ἡ
2306 4502 2602 4573 παρθενία·
2633 4502 2833 4574 μᾶλλον
2861 4502 2917 4557 δέ
2946 4504 2980 4575 ὴ
3015 4502 3285 4575 παρθενία
3314 4503 3413 4573 μὲν
3438 4501 3501 4567 ἐξ
3541 4504 3649 4576 ἀρ-

2044 4587 2150 4658 χῆς
2178 4589 2274 4642 καὶ
2310 4586 2405 4641 τοῦ
2440 4587 2620 4659 γάμου
2652 4586 2894 4659 προτέρα
2932 4590 3068 4659 ήμῖν
3104 4588 3307 4660 ἐφάνη·
3338 4586 3425 4640 616
3455 4588 3647 4642 ταῦτα

2040 4670 2100 4724 δὲ
2121 4670 2438 4742 ἐπεισῆλθεν
2456 4670 2683 4743 ὕστερον
2699 4674 2726 4725 6
2746 4672 2945 4743 γάμος,
2968 4672 3063 4726 3161
3082 4672 3317 4744 πρᾶγμα
3338 4672 3645 4738 ἀναγκαῖον

2041 4755 2324 4826 ἐνομίζετο
2352 4749 2513 4815 εἶναι,
2538 4755 2614 4818 ὡς
2638 4754 2694 4807 εί
2718 4771 2784 4823 γε
2816 4755 3029 4826 ἔμεινεν
3058 4755 3348 4809 ὑπακούων
3378 4756 3406 4808 6
3438 4754 3644 4827 ’Δδάμ,

2042 4839 2144 4892 οὐκ
2166 4839 2232 4893 ἂν
2256 4837 2443 4909 ἐδέησε
2468 4837 2681 4893 τούτου.
2701 4838 2811 4891 K61
2838 4837 2954 4901 πῶς
2976 4837 3063 4903 ἂν,
3088 4839 3275 4911 φησὶν,
3298 4840 3354 4892 αἱ
3374 4838 3643 4893 τοσαῦται

2040 4922 2305 4995 μυριάδες
2334 4924 2615 4992 ἐγένοντο;
2653 4921 2796 4991 Ἐγὼ
2835 4921 2893 4975 δέ
2920 4938 2978 4975 σε
3016 4923 3181 4977 πάλιν
3210 4922 3417 4995 ἐρωτῶ,
3440 4924 3641 4994 ἐπειδή

2040 5024 2105 5060 σε
2136 5007 2342 5079 σφόδρα
2377 5007 2677 5080 παρέμεινε
2714 5005 3019 5060 κατασείων
3056 5002 3207 5070 οὗτος
3232 5008 3262 5059 6
3298 5006 3483 5076 φόϐος,
3517 5010 3645 5072 πῶς

2042 5094 2070 5144 6
2106 5090 2311 5162 Ἀδάμ,
2355 5091 2472 5155 πῶς
2507 5090 2566 5143 δέ
2611 5092 2645 5161 ἡ
2682 5088 2828 5153 E66,
2870 5089 2951 5162 μή
3003 5089 3376 5161 μεσιτεύοντος
3413 5088 3638 5161 γάμους

2044 5174 2109 5226 Τί
2136 5172 2269 5240 οὗν;
2320 5173 2515 5237 οὔτως,
2561 5175 2749 5245 φησὶν,
2797 5172 3024 5244 ἔμελλον
3073 5173 3313 5237 ἅπαντες
3353 5173 3639 5246 ἄνθρωποι

2042 5257 2317 5326 γίνεσθαι;
2365 5257 2489 5312 Είτε
2528 5257 2725 5323 οὕτως,
2755 5258 2864 5311 είτε
2897 5257 3119 5328 ἑτέρως,
3138 5256 3242 5310 οὐκ
3274 5256 3383 5327 ἔχω
3415 5256 3635 5325 λέγειν·

2039 5342 2102 5395 τὸ
2128 5344 2237 5416 γὰρ
2276 5342 2608 5414 ζητούμενον
2637 5342 2752 5407 νῦν,
2789 5342 2873 5395 611
2901 5343 3080 5414 γάμου
3112 5343 3215 5395 οὐκ
3247 5341 3354 5394 ἐδει
3390 5340 3469 5411 τῷ
3509 5342 3637 5414 Θεῷ

2036 5428 2175 5499 πρὸς
2196 5428 2261 5481 16
2285 5428 2512 5491 πολλοὺς
2531 5428 2755 5498 ποιῆσαι
2776 5428 2903 5490 τοὺς
2921 5426 3015 5479 ἐπὶ
3034 5426 3137 5497 τῆς
3159 5427 3265 5496 γῆς
3285 5424 3631 5497 ἀνθρώπους.

2112 5510 2217 5567 ιιιν.
2256 5512 2374 5566 Ὀτι
2399 5511 2455 5565 δὲ
2468 5511 2568 5582 οὐχ
2588 5513 2622 5583 ἠ
2651 5510 2922 5583 παρθενία
2944 5514 3091 5565 ποιεῖ
3112 5511 3174 5564 16
3194 5511 3303 5564 τῶν
3324 5510 3631 5583 ἀνθ

2038 5596 2195 5665 γένος
2243 5596 2538 5660 ἐπιλιπεῖν,
2571 5596 2685 5649 ἀλλ’
2712 5597 2747 5668 ὴ
2798 5596 3046 5668 ἀμαρτία
3076 5597 3173 5650 καὶ
3203 5596 3263 5651 αἱ
3290 5596 3482 5649 ἄτοποι
3537 5598 3630 5667 μί·

2032 5679 2169 5745 ξεις,
2218 5680 2415 5748 ἔδειξεν
2447 5682 2477 5734 6
2508 5681 2653 5735 κατά
2681 5681 2774 5735 τὸν
2811 5680 2937 5734 Νῶε
2984 5681 3278 5751 γενόμενος
3317 5681 3629 5753 ἀφανισμδς

2038 5765 2132 5818 καὶ
2165 5763 2468 5835 ἀνθρώπων
2503 5766 2598 5819 καὶ
2636 5765 2855 5836 κτηνῶν
2888 5765 2984 5820 3161
3026 5765 3246 5819 πάντων
3285 5763 3475 5829 ἁπλῶς
3514 5766 3627 5817 τῶν

2038 5848 2382 5919 ἐμπνεόντων
2421 5848 2515 5902 ἐπὶ
2546 5850 2645 5914 τῆς
2676 5850 2805 5921 γῆς.
2834 5849 2899 5903 E1
2940 5849 3049 5923 γὰρ
3078 5848 3314 5921 ἔστησαν
3357 5847 3497 5919 πρὸς
3525 5850 3627 5919 τὴν

2040 5932 2240 5987 ἀτοπον
2265 5932 2387 5986 τότε
2422 5933 2719 6005 ἐπιθυμίαν
2747 5934 2963 6006 ἐκείνην
2992 5938 3043 5988 01
3074 5934 3181 5988 υἱοὶ
3206 5932 3303 5988 τοῦ
3333 5931 3489 5996 Θεοῦ,
3530 5934 3625 5987 καὶ

2038 6016 2139 6089 τήν
2170 6016 2469 6088 παρθενίαν
2496 6017 2785 6090 ἐτίμησαν,
2810 6019 2859 6073 εί
2891 6019 2967 6090 μὴ
3005 6015 3144 6073 εἶδον
3173 6018 3379 6081 ἀδίκοις
3412 6015 3622 6088 ὄμμασι

2098 6116 2128 6149 ⁸
2146 6115 2269 6180 Reg.
2295 6114 2448 6165 πάντα
2466 6115 2526 6165 τὰ
2546 6121 2631 6177 τῆς
2651 6120 2737 6181 γῆς
2760 6116 2941 6181 ἐπὶγῆς
2962 6119 3133 6171 καταλ.
