3898 6244
412 419 513 475 εισι

414 549 680 607 perimere
707 550 769 591 ac
793 535 994 601 delere,
1022 533 1076 589 id
1103 549 1232 590 vero
1262 548 1367 588 non
1397 545 1516 586 esse
1544 523 1880 599 virginitatis,
1899 521 1992 578 sed

415 628 636 700 peccati.

487 718 628 773 XIX.
687 717 1013 771 Matrimonia
1068 717 1188 770 olim
1233 715 1359 768 duas
1408 713 1564 785 fuisse
1608 725 1809 772 causas,
1861 721 1996 759 nunc

415 827 568 865 unam
593 827 715 865 esse.
741 839 810 850 -—
831 809 1010 879 Itaque
1027 823 1148 862 eum
1178 808 1398 860 liberum
1417 801 1820 875 quzerendorum
1838 812 1996 853 causa

417 901 683 971 proditum
714 899 1107 955 matrimonium
1138 907 1238 963 est,
1274 907 1383 950 tum
1415 895 1581 949 multo
1623 892 1790 962 magis
1811 889 1875 943 ad
1904 903 1998 942 na-

421 1005 551 1050 tura:
577 994 820 1048 ardorem
849 990 1300 1060 restinguendum.
1344 989 1518 1055 Atque
1542 984 1594 1039 id
1619 985 1810 1038 Paulus
1838 991 1997 1034 testa-

419 1096 524 1147 tur,
555 1084 738 1137 dicens
767 1101 780 1137 :
811 1082 915 1136 Sed
947 1091 1147 1153 pr-‘pter
1187 1078 1566 1148 fornicationem
1607 1089 1750 1128 suam
1792 1071 2000 1140 quisque

418 1191 622 1228 urerent
646 1174 856 1226 habeat:
875 1187 976 1226 non
1002 1181 1215 1241 propter
1237 1171 1522 1223 liberorum
1545 1163 1994 1234 procreationem;

429 1280 746 1334 rursumque
765 1265 1048 1318 convenire
1068 1263 1236 1331 jubet,
1260 1276 1363 1315 non
1388 1270 1445 1314 ut
1462 1258 1744 1312 multorum
1768 1255 1994 1308 filiorum

434 1366 684 1426 parentes
723 1355 888 1419 ﬁant;
940 1355 1032 1409 sed
1062 1354 1193 1408 cur?
1243 1351 1325 1406 Ne
1353 1367 1437 1404 vos
1459 1359 1628 1411 tentet,
1659 1347 2000 1416 inquit,sata-

425 1467 516 1503 uas
542 1467 560 1515 ;
587 1465 648 1504 ac
689 1463 998 1518 pregressus
1029 1463 1132 1502 non
1155 1446 1321 1510 dixit,
1365 1444 1418 1500 Si
1442 1451 1622 1511 Optant
1652 1440 1877 1501 liberos,
1905 1434 1997 1490 sed

421 1541 588 1613 quid?
627 1543 728 1609 Qui
753 1558 804 1596 se
833 1559 932 1594 non
970 1541 1246 1604 continent,
1279 1536 1652 1592 matrimonium
1676 1533 1995 1587 contrahant.

421 1637 502 1705 (l.
546 1637 664 1689 Cor.
707 1636 758 1688 7.
793 1634 848 1688 2.
888 1635 941 1688 5.
970 1633 1048 1702 9).
1101 1632 1366 1700 Principio
1409 1629 1575 1692 enim,
1619 1635 1675 1680 ut
1721 1625 1995 1687 dicebam,

420 1728 686 1799 duplicem
717 1728 852 1783 hanc
880 1729 1212 1782 occasionem
1246 1723 1492 1784 habebat,
1522 1720 1616 1775 sed
1642 1717 1835 1773 deinde
1861 1726 1999 1770 terra

421 1837 485 1876 ac
510 1821 665 1887 mari,
713 1830 871 1891 atque
917 1821 1046 1874 orbe
1095 1819 1237 1873 onnti
1288 1816 1512 1886 repleto,
1554 1826 1690 1866 unus
1729 1811 2002 1864 dumtaxat

423 1923 713 1982 praetextas
742 1922 823 1968 est
847 1913 1102 1982 reliquus,
1139 1910 1384 1978 nequitiae
1409 1917 1464 1962 et
1490 1904 1719 1960 libidinis
1761 1901 1997 1957 abolitio.

421 2003 553 2058 Nam
585 2020 677 2059 eos
713 2005 800 2074 qui
831 2005 1118 2057 etiamnum
1165 2017 1222 2055 se
1251 2002 1302 2054 in
1343 1999 1425 2053 his
1453 1997 1592 2051 vitiis
1621 2005 1772 2050 erant
1801 1994 2002 2047 voluta-

423 2096 548 2158 tnri,
578 2106 630 2149 et
672 2111 952 2164 porcorum
984 2095 1143 2148 vitam
1187 2107 1345 2162 agere
1381 2101 1540 2158 atque
1569 2090 1619 2143 in
1663 2088 2003 2158 lupanaribus

425 2189 600 2258 perire
627 2189 863 2257 cupiunt,
911 2203 1015 2242 non
1058 2187 1332 2240 ntinimutn
1373 2183 1522 2253 juvat
1567 2180 1960 2235 matrimonium
1985 2219 2000 2244 ,

425 2281 563 2352 quod
591 2282 908 2336 necessitate
937 2295 997 2335 ea
1027 2291 1184 2350 atque
1228 2277 1464 2333 fmditate
1492 2275 1746 2329 liberatos
1791 2283 2004 2327 sanctos

423 2383 705 2442 castosque
758 2382 986 2427 tueatur.
1037 2374 1105 2426 At
1151 2371 1291 2425 enim
1343 2369 1462 2438 quis
1511 2365 1802 2421 umbratilis
1849 2364 2005 2431 hujus

426 2482 616 2535 pugna:
647 2465 851 2519 futurus
887 2464 1075 2518 modus
1101 2465 1222 2517 est?
1251 2461 1318 2516 Et
1344 2474 1438 2514 vos
1467 2460 1608 2514 enim
1638 2457 1726 2526 qui
1752 2455 1866 2509 hinc
1893 2453 2007 2508 dis-

425 2557 603 2610 seritis
629 2570 733 2610 non
760 2555 936 2609 minus
961 2570 1118 2624 quam
1148 2569 1246 2607 nos
1286 2551 1600 2622 virginitatis
1635 2547 2007 2605 excellentiam

431 2645 644 2708 tenetis,
675 2645 979 2714 omniaque,
1012 2660 1128 2713 qua:
1157 2659 1186 2696 a
1217 2642 1366 2697 vobis
1404 2641 1669 2706 dicuntur,
1708 2646 2009 2694 connuenta

427 2753 491 2792 ac
521 2745 807 2806 przetextus
836 2745 958 2791 sunt
981 2747 1037 2792 et
1067 2736 1300 2791 libidinis
1328 2744 1654 2805 tegumenta.

502 2829 620 2884 XX.
668 2828 882 2882 Etiamsi
911 2829 1107 2883 nullum
1129 2827 1409 2898 periculum
1435 2837 1562 2882 esset
1599 2827 1660 2881 iis
1695 2825 1780 2896 qui
1804 2824 2013 2895 virgini-

428 2930 580 2974 tatem
607 2920 906 2990 despiciant,
937 2930 1103 2972 tamen
1150 2936 1212 2972 ne
1257 2919 1331 2972 sic
1354 2919 1552 2988 quidem
1581 2928 1740 2970 tutum
1770 2933 1874 2970 esse
1899 2931 2012 2968 eam

429 3013 700 3084 despicere.
735 3043 805 3053 —-
834 3013 1028 3067 Verum
1077 3021 1134 3067 ut
1178 3011 1293 3068 haic
1340 3014 1553 3082 impune
1596 3012 1772 3066 dicere
1819 3011 2012 3076 liceat,

431 3113 608 3159 tamen
637 3103 718 3160 vel
750 3104 848 3159 hac
886 3103 1088 3159 ratione
1113 3119 1142 3157 a
1167 3104 1429 3159 calumnia
1478 3111 1826 3173 temperatum
1857 3116 2017 3171 opor-

433 3196 553 3250 tttit.
599 3195 729 3250 Nam
779 3197 867 3266 qtti
911 3196 979 3252 de
1033 3196 1194 3252 rebus
1253 3196 1520 3265 pra'claris
1567 3210 1721 3250 secus
1778 3195 2012 3259 sentiat,

433 3296 631 3358 praeter
665 3288 767 3342 alia
795 3287 988 3343 damna
1033 3303 1137 3342 non
1183 3288 1300 3344 leve
1327 3289 1486 3342 etiam
1515 3287 1652 3357 apud
1699 3302 1884 3343 omnes
1911 3287 2013 3341 im-

435 3379 714 3449 probitatis
741 3393 850 3434 sua:
879 3379 1259 3444 testimonium,
1293 3394 1482 3448 nempe
1507 3379 1642 3433 adeo
1670 3378 2014 3448 depravatum

433 3479 488 3524 et
517 3471 750 3538 iniquum
790 3469 1047 3540 judicium
1087 3471 1309 3540 profert.
1357 3469 1536 3539 Itaque
1561 3469 1604 3524 si
1651 3470 1795 3524 nulla
1823 3469 1922 3522 alia
1950 3469 2017 3525 de

435 3576 616 3628 causa,
649 3570 702 3615 at
721 3575 788 3616 ne
815 3570 920 3615 tam
945 3569 1136 3616 tetram
1161 3560 1464 3630 opinionem
1492 3561 1558 3616 de
1578 3575 1636 3616 se
1665 3561 2014 3628 concitarent,

434 3653 667 3723 linguam
711 3654 985 3710 continere
1029 3653 1270 3721 decebat,
1301 3654 1612 3722 cogitantes.
1658 3653 1747 3724 qui
1793 3654 2018 3708 summis

434 3744 814 3799 certaminibus
861 3745 1094 3800 illustres
1135 3745 1331 3808 laudet,
1362 3760 1483 3800 eum
1530 3745 1652 3799 licet
1697 3745 1881 3800 eadem
1909 3760 2015 3810 non

435 3837 679 3907 attingat,
721 3836 877 3894 facile
919 3838 985 3892 ab
1014 3837 1262 3892 omnibus
1287 3839 1493 3893 veniam
1521 3839 1772 3908 consequi
1807 3857 1820 3894 :
1847 3848 1904 3894 at
1928 3841 2016 3910 qui

438 3944 538 3983 nec
577 3944 640 3983 ea
685 3939 950 3995 exerceat,
999 3938 1053 3983 et
1096 3929 1275 3983 multis
1314 3930 1524 3985 coronis
1552 3929 1707 3999 digna
1733 3931 1890 3985 etiam
1921 3930 2017 3985 da-

438 4031 606 4086 nmet,
654 4022 843 4075 merito
871 4038 992 4075 eum
1023 4037 1211 4076 onmes
1240 4022 1445 4076 oderint
1472 4038 1568 4078 ceu
1608 4022 1813 4078 hostem
1859 4031 2019 4093 atque

440 4113 710 4168 inimicum
739 4114 966 4179 virtutis,
995 4123 1049 4168 et
1088 4115 1284 4168 insanis
1323 4115 1670 4170 miseriorem.
1705 4115 1769 4169 Ili
1795 4116 1937 4171 enim
1966 4125 2022 4170 et

441 4220 559 4276 ane
588 4205 922 4259 committunt
951 4205 1214 4266 nesciunt,
1265 4221 1362 4261 nec
1403 4223 1519 4276 qua:
1569 4207 1838 4275 patiuntur
1883 4208 2021 4261 ultro

441 4297 745 4362 sustinent;
778 4297 1003 4368 ideoque
1035 4298 1162 4353 lmso
1183 4301 1488 4368 magistratu
1517 4315 1620 4353 non
1650 4300 1809 4353 modo
1837 4314 2023 4369 ptenas

443 4389 666 4443 minime
710 4389 856 4455 dant,
901 4388 995 4444 sed
1043 4403 1137 4444 eos
1181 4390 1280 4460 ipsi
1327 4390 1486 4444 etiam
1529 4389 1638 4444 laesi
1683 4391 2020 4444 miserantur.

443 4479 593 4548 Quod
623 4480 668 4535 si
693 4481 812 4551 quis
839 4490 1014 4536 autem
1047 4481 1276 4550 prudens
1298 4495 1358 4534 ea
1380 4481 1638 4550 designet.
1667 4497 1786 4551 qua:
1817 4480 1892 4534 illi
1923 4481 2024 4534 im-

444 4572 735 4641 prudentes
763 4572 979 4636 faeiunt,
1003 4573 1125 4643 jure
1152 4575 1386 4627 omnium
1431 4572 1708 4628 sententiis
1739 4582 1794 4626 ut
1823 4583 2026 4626 natura:

443 4675 639 4719 nostra:
681 4666 963 4734 perduellis
991 4665 1289 4720 damnetur.

518 4757 654 4811 XXI.
690 4757 878 4828 Ingens
904 4758 1181 4828 periculum
1205 4775 1309 4812 esse
1334 4759 1394 4812 iis
1418 4758 1502 4828 qui
1517 4758 1847 4827 virginitatem
1863 4757 2028 4826 despi-

444 4853 598 4902 ciant.
629 4879 696 4890 —-
720 4849 892 4915 Quare
920 4860 974 4903 ut
1000 4849 1240 4905 dicebam
1258 4893 1274 4917 ,
1301 4852 1398 4905 etsi
1431 4851 1696 4904 accusatio
1726 4866 1789 4905 ea
1815 4850 2028 4921 impune

447 4952 610 5008 esset,
644 4952 818 4998 tamen
845 4943 914 4998 ob
941 4959 1002 4999 ea
1029 4945 1271 5014 quaejam
1299 4944 1407 4998 dixi
1435 4943 1702 4998 abstinere
1729 4944 2025 5015 oportebat.

446 5036 596 5091 Nunc
627 5036 761 5091 inest
790 5037 841 5092 in
873 5051 938 5092 eo
983 5037 1172 5108 ingens
1203 5037 1491 5106 periculum
1522 5056 1534 5091 :
1567 5053 1738 5108 neque
1769 5039 1908 5092 enim
1937 5038 2026 5108 qui

447 5131 640 5185 sedens
683 5139 866 5184 contra
914 5146 1068 5186 suum
1119 5130 1332 5186 fratrem
1381 5131 1632 5200 loquitur,
1682 5140 1736 5186 et
1777 5131 2030 5186 adversus

449 5221 610 5274 filium
657 5223 839 5279 matris
879 5238 989 5276 sua:
1032 5223 1338 5277 scandalum
1383 5223 1530 5292 ponit
1581 5222 1746 5294 (Psat.
1777 5224 1865 5280 49.
1896 5223 2026 5295 20),

447 5312 614 5366 Solum
648 5313 912 5382 punietur,
941 5313 1032 5368 sed
1069 5314 1227 5367 etiam
1271 5314 1356 5383 qui
1389 5329 1504 5384 qum
1540 5314 1647 5368 Deo
1673 5316 1923 5382 prmclara
1955 5317 2030 5369 vi-

447 5403 672 5459 deantur
700 5408 916 5476 culpare
942 5408 1166 5460 insistat.
1199 5405 1314 5461 Jam
1357 5407 1535 5476 accipe
1565 5407 1690 5475 quid
1719 5407 1856 5460 aliud
1906 5424 2028 5473 pro-

449 5494 607 5563 pheta
654 5499 704 5551 in
751 5499 990 5552 eamdem
1046 5501 1358 5552 sententiam
1404 5499 1675 5553 disserat:
1720 5497 1806 5552 Va:
1835 5500 1908 5552 illi
1946 5499 2032 5568 qui

446 5592 634 5646 malum
673 5590 878 5656 bonum,
911 5601 955 5644 et
997 5592 1180 5645 bonum
1223 5593 1413 5646 malum
1459 5594 1614 5653 dicit;
1643 5595 1728 5664 qui
1775 5597 1933 5648 lucem
1977 5597 2028 5649 in

449 5685 690 5749 tenebras,
722 5694 766 5738 et
795 5685 1018 5739 tenebras
1041 5685 1092 5738 in
1118 5685 1279 5738 lucem
1307 5687 1544 5739 convertit
1567 5702 1586 5750 ;
1612 5688 1697 5754 qui
1723 5703 1950 5739 amarum
1978 5688 2029 5739 in

447 5775 612 5838 dulce,
635 5784 682 5828 et
710 5775 760 5828 in
782 5792 1010 5830 amarum
1029 5777 1174 5831 dulce
1192 5788 1351 5832 mutat
1374 5778 1522 5850 (Isai.
1542 5779 1595 5834 5.
1612 5778 1727 5847 20).
1752 5778 1880 5834 Nam
1902 5779 2029 5849 quid

449 5868 746 5937 virginitate
787 5867 1009 5939 dulcius,
1056 5870 1179 5942 quid
1211 5873 1422 5943 melius,
1460 5871 1583 5942 quid
1613 5872 1884 5939 illustrius,
1911 5887 2028 5942 quae

1086 416 1143 473 S.
1182 413 1459 473 JOANNIS
1495 405 1970 468 CIIIIYSOSTOMI
2012 404 2327 460 ARClIlEP.
2369 406 2900 466 CONSTANTINOP.

3575 423 3675 478 518

2100 519 2332 591 fulgores
2363 524 2490 594 ipsis
2519 527 2677 582 etiam
2707 530 2834 584 solis
2877 530 3037 586 radiis
3076 533 3448 590 luculentiores
3476 547 3677 591 em.ttat

2102 629 2303 684 nosque
2331 616 2397 671 ab
2426 619 2670 674 omnibus
2719 623 2898 676 saeculi
2935 623 3089 693 hujus
3134 627 3358 695 negotiis
3403 627 3679 696 abjunctos

2100 707 2152 760 in
2203 706 2421 775 justitiae
2465 710 2631 764 solem
2683 712 2828 781 puris
2874 717 3042 770 oculis
3097 719 3308 773 assidue
3362 730 3679 776 contuentes

2102 799 2357 866 praestet?
2386 802 2556 870 Atque
2603 803 2716 857 haec
2757 803 2968 874 quidem
3018 806 3176 862 Isaias
3219 810 3286 864 de
3325 807 3390 866 iis
3426 812 3515 881 qui
3547 812 3682 868 inter

2101 903 2194 942 eos
2219 889 2415 957 judicia
2462 892 2718 948 baberent
2742 909 2989 967 corrupta
3017 900 3374 969 vociferatur;
3406 904 3528 958 audi
3557 921 3683 960 vero

2101 983 2227 1052 quid
2270 984 2405 1038 alius
2445 986 2602 1040 etiam
2633 988 2885 1056 propheta
2926 991 2991 1045 de
3030 992 3094 1046 iis
3137 994 3224 1061 qui
3273 1009 3363 1048 cas
3407 996 3684 1065 pestiferas

2100 1087 2259 1127 voces
2291 1074 2340 1127 in
2387 1076 2574 1146 vulgus
2619 1089 2868 1148 Spargant
2895 1081 3055 1148 dicat,
3104 1085 3170 1138 ab
3214 1085 3401 1140 eodem
3431 1087 3684 1142 adverbio

2102 1163 2282 1218 itidem
2322 1180 2542 1220 exorsus
2574 1186 2586 1218 :
2628 1166 2717 1221 Va:
2753 1171 2818 1236 ei,
2845 1173 2931 1235 qui
2976 1175 3206 1238 proximo
3243 1191 3334 1228 suo
3383 1187 3555 1246 potum
3599 1180 3684 1232 dat

2100 1255 2468 1307 subuersionem
2511 1256 2759 1311 turbidam
2806 1259 2968 1319 (Hab.
3014 1263 3068 1318 2.
3102 1265 3214 1320 15).
3250 1266 3343 1320 Est
3386 1278 3562 1320 autem
3611 1284 3686 1322 tua

2101 1343 2321 1398 verbum
2369 1362 2472 1400 non
2503 1351 2746 1418 simplex.
2777 1352 2870 1407 sed
2915 1370 3021 1424 quo
3065 1357 3304 1427 ingentes
3347 1359 3687 1416 continentur

2103 1435 2278 1499 minae,
2312 1445 2367 1490 ut
2397 1438 2776 1497 immisericors
2803 1445 3116 1514 supplicium
3142 1450 3520 1522 promulgetur.
3553 1453 3685 1508 Nam

2102 1527 2154 1581 in
2184 1529 2349 1584 sacris
2379 1530 2547 1586 literis
2574 1533 2879 1590 adverbium
2911 1537 3011 1593 hoc
3053 1539 3104 1593 in
3131 1555 3226 1596 eos
3253 1554 3553 1613 usurpatur,
3597 1547 3686 1616 qni

2102 1617 2443 1677 imminentes
2497 1637 2682 1690 lumnas
2733 1628 2957 1696 amplius
3013 1628 3245 1701 effugere
3291 1648 3395 1688 non
3441 1646 3683 1704 possunt.

2101 1708 2331 1764 Rursum
2353 1713 2487 1768 alius
2509 1716 2762 1786 propheta
2789 1717 3002 1776 Judzeos
3027 1734 3237 1788 notans,
3268 1724 3469 1793 Vinum,
3496 1727 3685 1798 inquit,

2102 1807 2430 1873 sanctiﬁcatis
2478 1810 2834 1879 promnavistis
2881 1814 3060 1881 (Amos
3086 1817 3282 1889 2.12).
3313 1819 3462 1886 Quod
3507 1822 3551 1876 si
3599 1825 3686 1890 qui

2105 1895 2368 1952 Nazarmis
2421 1900 2598 1956 vinum
2649 1905 2928 1973 propinet,
2987 1907 3120 1963 adeo
3171 1912 3690 1984 mulctabiturzqno

2105 2001 2210 2042 non
2251 1989 2508 2058 supplicio
2551 1992 2740 2063 dignus
2766 1997 2884 2060 erit,
2913 1999 3000 2068 qui
3029 1999 3079 2053 in
3121 2001 3437 2072 simplicium
3483 2016 3692 2062 mentes

2105 2079 2506 2137 subversionem
2530 2085 2791 2142 turbidam
2814 2089 3087 2146 effundat?
3107 2092 3161 2148 Si
3182 2095 3270 2164 qui
3293 2096 3532 2166 exiguam
3549 2098 3688 2168 ejus,

2103 2189 2220 2244 qua:
2269 2177 2561 2233 secundum
2619 2181 2789 2252 legem
2840 2193 2984 2252 erat,
3033 2188 3428 2244 exercitationis
3484 2203 3690 2261 partem

2105 2266 2361 2332 succidat,
2420 2270 2773 2329 inexorabiles
2831 2291 3014 2344 poenas
3065 2280 3327 2345 sustinet;
3361 2283 3446 2351 qui
3493 2285 3693 2338 sancti-

2111 2358 2342 2413 moniam
2379 2359 2515 2416 hanc
2542 2375 2754 2418 omnem
2794 2367 3077 2433 convellat,
3123 2370 3312 2439 quibus
3340 2373 3511 2426 modis
3554 2377 3695 2430 acci-

2127 2444 2344 2512 pietur?
2375 2448 2559 2514 (Amos
2594 2450 2783 2522 2.15.>
2821 2455 2883 2509 Si
2920 2460 3036 2525 quis
3083 2462 3550 2532 scandat'izaverit,
3593 2469 3693 2530 ait.

2123 2550 2285 2589 unum
2307 2554 2372 2592 ea:
2398 2540 2478 2593 his
2508 2543 2744 2610 pusillis,
2772 2548 2979 2616 expedit
3005 2550 3053 2603 ei
3081 2560 3137 2604 ut
3161 2555 3519 2623 suspendatur
3550 2560 3696 2612 mola

2125 2629 2364 2682 asinaria
2392 2634 2535 2685 circa
2568 2634 2760 2687 collum
2809 2637 2944 2706 ejus,
2978 2648 3027 2690 et
3068 2641 3401 2712 demergatur
3445 2646 3500 2698 in
3545 2664 3694 2701 mare

2123 2717 2341 2788 (Matth.
2367 2722 2453 2777 l8.
2487 2724 2563 2794 6).
2586 2723 2728 2791 Quid
2753 2727 2920 2797 igitur
2937 2729 3142 2794 dicent,
3165 2735 3257 2801 qui
3278 2733 3361 2788 his
3380 2737 3559 2791 verbis
3582 2753 3692 2791 non

2125 2829 2294 2866 unum
2326 2815 2560 2885 aliquem
2592 2819 2901 2884 tuinimum,
2923 2824 3018 2876 sed
3043 2825 3244 2880 multos
3273 2828 3696 2882 seandalizant?

2119 2905 2256 2960 Cum
2272 2906 2418 2960 enim
2443 2909 2489 2964 is
2513 2911 2605 2979 qui
2630 2910 2848 2967 fratrem
2866 2913 3073 2982 fatuum
3088 2927 3241 2970 vocet
3263 2916 3480 2986 (Matth.
3505 2918 3558 2972 5.
3572 2919 3690 2990 22),

2127 3008 2278 3052 recta
2295 2999 2359 3053 ad
2387 3001 2646 3070 gebenme
2669 3005 2846 3074 ignem
2866 3005 3223 3064 abducendus
3240 3009 3312 3064 sit
3330 3029 3340 3064 :
3363 3010 3456 3078 qui
3475 3012 3691 3080 angelis

2120 3093 2332 3159 aequale
2359 3093 2462 3147 hoc
2491 3097 2799 3154 institutum
2836 3111 3076 3163 accuset,
3111 3111 3368 3170 quantam
3397 3118 3496 3156 suu
3517 3106 3688 3174 capiti

2123 3191 2261 3244 iram
2311 3190 2638 3245 contrahet?
2687 3191 2886 3246 Derisit
2924 3192 3220 3262 aliquando
3268 3192 3469 3248 Mosem
3520 3194 3696 3250 Maria

2123 3281 2316 3352 (Num.
2347 3283 2434 3336 12.
2471 3284 2546 3352 1).
2565 3298 2673 3337 non
2708 3291 2765 3336 ut
2790 3299 2887 3338 vos
2911 3300 3061 3338 nunc
3088 3284 3478 3354 virginitatem,
3504 3287 3599 3341 sed
3620 3288 3699 3341 le-

2119 3375 2242 3430 vius
2261 3375 2434 3429 multo
2453 3390 2517 3429 ac
2533 3374 2888 3440 moderatius;
2909 3378 3112 3446 quippe
3128 3391 3250 3445 qua:
3267 3391 3366 3430 nec
3384 3377 3698 3432 detraheret

2118 3466 2350 3531 homini,
2383 3475 2428 3522 et
2459 3467 2604 3521 beati
2634 3468 2889 3522 virtutem
2909 3482 3016 3522 non
3041 3471 3215 3523 solum
3240 3483 3350 3522 non
3369 3469 3696 3537 exagitaret,

2119 3561 2212 3617 sed
2247 3561 2406 3616 valde
2441 3562 2605 3614 etiam
2637 3561 2970 3629 suspieeret;
3015 3561 3149 3616 illud
3188 3570 3398 3616 tantum
3450 3561 3693 3625 dicebat,

2118 3653 2315 3708 iisdem
2340 3668 2420 3715 se,
2460 3652 2662 3722 quibus
2697 3653 2872 3717 illum,
2904 3654 3226 3722 praeditam;
3255 3661 3308 3708 et
3341 3661 3521 3707 tamen
3556 3653 3697 3708 adeo

2118 3747 2211 3801 Dei
2242 3747 2379 3800 iram
2413 3745 2468 3799 in
2493 3762 2552 3800 se
2581 3745 2807 3809 excivit,
2841 3754 2900 3800 ut
2929 3761 3108 3815 neque
3127 3761 3215 3810 eo,
3245 3745 3339 3815 qui
3364 3746 3526 3800 laesus
3543 3745 3698 3798 vide-

2117 3847 2287 3903 retur,
2335 3839 2566 3892 multum
2597 3837 2932 3907 deprecante
2966 3839 3262 3908 quicquam
3305 3837 3692 3908 proﬁceretur,

2114 3936 2169 3982 et
2191 3927 2400 3982 diutius
2433 3942 2596 3995 quam
2619 3926 2781 3980 vellet
2807 3927 2855 3981 ei
2879 3941 3037 3995 pinna
3064 3937 3474 3997 prorogaretur.

2192 4017 2360 4073 XXII.
2391 4017 2586 4072 Pueros
2606 4020 2721 4073 illos
2744 4019 2915 4075 Elisci
2938 4031 3227 4091 tmpestate
3249 4023 3438 4078 utiliter
3475 4027 3702 4092 periisse.

2121 4142 2192 4152 -—
2213 4111 2279 4166 Et
2297 4112 2423 4182 quid
2449 4113 2668 4167 Mariam
2697 4113 2816 4168 dico
2834 4154 2849 4179 ,
2875 4130 2993 4169 cum
3022 4117 3170 4185 pueri
3199 4117 3270 4171 illi
3295 4117 3360 4171 ad
3387 4117 3700 4173 Bethlehem

2125 4205 2385 4270 ludentes,
2427 4207 2516 4275 qui
2555 4205 2606 4260 id
2650 4207 2843 4262 Eliszeo
2885 4217 3088 4262 tantum
3128 4209 3406 4276 dixissent,
3454 4211 3702 4277 Ascende,

2125 4294 2273 4350 calve
2293 4293 2369 4362 (4.
2397 4293 2521 4364 Reg.
2547 4294 2602 4357 2,
2620 4294 2734 4363 25);
2759 4293 2926 4350 Deum
2953 4305 3239 4366 tantopere
3262 4297 3618 4360 irritaverint,
3638 4305 3701 4350 ut.

2129 4385 2316 4442 statim
2335 4401 2498 4442 ursos
2518 4387 2573 4441 in
2589 4400 2780 4442 eorum
2807 4387 3211 4442 multitudinem
3229 4395 3407 4463 (erant
3426 4387 3571 4441 enim
3587 4388 3700 4442 duo

2133 4476 2910 4549 etquadraginta)immitteret
2924 4481 3038 4549 ,qui
3059 4481 3126 4534 ab
3148 4481 3217 4534 iis
3231 4479 3294 4532 ad
3312 4495 3476 4534 unum
3503 4493 3700 4535 omnes

2130 4587 2253 4630 sunt
2291 4575 2564 4645 discerpti,
2595 4589 2769 4644 neque
2813 4583 2903 4628 aut
2941 4585 3091 4641 :etas,
3135 4583 3228 4628 aut
3269 4574 3571 4640 multitudo,
3617 4584 3711 4630 aut

2127 4668 2249 4738 joco
2271 4667 2487 4732 dixisse,
2517 4667 2753 4736 puerulis
2780 4665 3015 4736 profuit?
3041 4676 3094 4722 et
3110 4667 3229 4736 jure
3256 4667 3467 4737 quidem
3493 4669 3709 4722 merito.

2132 4759 2186 4814 Si
2228 4759 2368 4813 enim
2412 4759 2502 4828 qui
2538 4766 2714 4813 tantos
2760 4757 2972 4814 labores
3010 4759 3304 4828 suscipiunt
3345 4769 3399 4815 et
3444 4761 3619 4831 pueris
3656 4771 3714 4816 et

2131 4854 2258 4908 viris
2289 4853 2512 4906 ludibrio
2541 4853 2665 4914 sint,
2684 4851 2866 4922 ecquis
2887 4853 3287 4908 imbecilliorum
3310 4855 3518 4909 labores
3537 4857 3713 4910 susei-

2134 4957 2259 5012 pere
2283 4943 2335 4997 in
2360 4943 2594 4996 animum
2626 4943 2858 5009 inducet,
2885 4957 3006 4998 cum
3036 4946 3147 4999 risu
3176 4956 3335 5014 atque
3373 4944 3552 5000 sannis
3585 4961 3718 4999 eon-

2128 5034 2380 5105 junetos?
2399 5037 2518 5105 quis
2557 5050 2588 5090 e
2613 5036 2770 5105 vulgo
2791 5035 3041 5090 virtutem
3070 5037 3228 5099 colet,
3260 5052 3377 5092 eam
3419 5037 3553 5092 adeo
3580 5037 3715 5092 ridi-

2133 5129 2307 5183 culam
2345 5127 2609 5184 cernens?
2636 5127 2768 5183 Nam
2799 5127 2843 5181 si
2874 5143 3036 5194 nunc,
3069 5128 3316 5182 omnibus
3360 5128 3554 5198 ubique
3595 5143 3716 5183 eam

2133 5221 2538 5288 admirantibus,
2563 5235 2668 5275 non
2703 5219 2872 5274 solum
2919 5221 3035 5288 ejus
3077 5220 3388 5284 cultoribus,
3417 5219 3511 5275 sed
3552 5221 3714 5274 etiam

2135 5315 2202 5369 iis
2225 5315 2313 5385 qui
2333 5329 2395 5369 ea
2421 5314 2756 5378 exciderunt,
2782 5313 3025 5367 homines
3056 5313 3212 5384 vulgo
3251 5312 3315 5368 ad
3359 5327 3454 5368 eos
3491 5312 3716 5367 sudores

2134 5417 2332 5477 pavent
2356 5422 2418 5462 ac
2443 5405 2730 5462 formidant
2757 5423 2770 5458 :
2801 5407 2984 5476 ecquis
3007 5406 3158 5460 facile
3201 5421 3317 5461 eam
3341 5406 3517 5470 adeat,
3546 5407 3590 5458 si
3619 5421 3717 5460 ne-

2134 5501 2261 5556 dum
2302 5499 2637 5554 admirationi
2685 5499 2962 5562 habeatur,
3007 5513 3125 5553 eam
3156 5499 3350 5568 passim
3375 5499 3442 5552 ab
3469 5497 3716 5550 omnibus

2135 5594 2334 5662 culpari
2352 5592 2566 5646 videat?
2592 5591 2801 5645 Etenim
2828 5590 3110 5656 firmiores,
3138 5598 3193 5644 et
3214 5590 3302 5659 qui
3320 5589 3427 5658 jam
3454 5589 3509 5642 in
3530 5587 3714 5643 uelum

2135 5689 2568 5757 commigrarunt,
2592 5686 2734 5757 vulgi
2751 5687 2995 5742 solatium
3014 5701 3119 5742 non
3135 5685 3427 5755 requirunt,
3444 5683 3540 5738 sed
3557 5683 3634 5736 eis
3652 5681 3715 5736 ad

2135 5794 2397 5835 summam
2422 5779 2746 5835 alacritatem
2775 5780 2903 5835 satis
2928 5789 3011 5834 est
3032 5780 3150 5834 laus
3165 5792 3322 5848 quam
3341 5792 3369 5830 a
3392 5777 3501 5832 Deo
3526 5789 3715 5830 conse-

2135 5883 2397 5947 quuntur;
2427 5871 2861 5926 imbecillioribus
2885 5882 3082 5939 autem,
3118 5882 3168 5926 et
3199 5870 3287 5941 qui
3315 5885 3486 5939 nuper
3505 5884 3569 5924 eo
3591 5874 3713 5922 sunt
