3844 6278
155 379 258 434 fil-7
1532 387 1620 440 DE
1661 387 2126 444 VIRGINITATE.
3330 401 3432 454 553

149 495 246 558 τὰς
295 493 598 569 θυγατέρας
659 501 768 555 τῶν
824 504 1150 578 ἀνθρώπιον,
1197 504 1296 556 οὐκ
1337 502 1400 556 ἂν
1462 503 1660 564 αὐτοὺς
1707 503 1735 555 ό
1837 501 1936 566 τας
1967 503 2363 577 μαρμαρυγὰς,
2408 505 2626 558 πάντων
2657 505 2754 576 μὲν
2797 509 2946 578 ἡμᾶς
2973 507 3260 576 ἁφιστῶσα
3306 511 3434 581 βίω-

147 577 394 643 τοσοῦτος
431 582 726 639 κατέλαϐεν
767 577 1006 662 ὄλεθρος.
1053 590 1159 642 Καὶ
1197 590 1270 661 μή
1320 587 1388 658 μέ
1423 604 1506 650 τις
1539 585 1735 640 οἰέσθω
1835 586 2024 652 τικῶν,
2071 588 2334 660 καθαροῖς
2374 587 2432 640 δὲ
2480 587 2782 660 ὀφθαλμοῖς
2819 577 2906 654 εἰς
2953 592 3044 645 τὸν
3083 593 3183 664 τῆς
3226 577 3433 650 δικαιο-

147 661 248 750 τῆς
279 663 554 750 ἀπωλείας
589 670 768 724 αὐτῶν
810 661 1086 728 αἰτιᾶσθαι
1132 675 1225 729 τὸν
1271 673 1484 744 γάμον·
1523 673 1584 726 ού
1623 671 1734 744 γὰρ
1837 669 2004 744 σύνης
2053 674 2204 744 ἥλιον
2257 673 2447 738 ἀτενὲς
2503 675 3004 746 παρασκευάζουσα
3060 661 3273 750 ἐνορᾷν.
3321 679 3432 732 Καὶ

145 747 304 800 τοῦτό
346 767 488 821 φημι
519 751 634 817 νῦν,
675 753 790 810 ἀλλ’
815 757 896 810 ὄτι
928 759 989 811 τὸ
1023 757 1318 812 ἀπολλύναι
1354 758 1447 811 καὶ
1491 755 1735 826 διαφθεί-
1832 755 2010 810 ταῦτα
2059 756 2157 828 μὲν
2186 759 2214 810 6
2258 757 2489 822 Ἡσαΐας
2534 759 2662 832 περὶ
2715 759 2822 813 τῶν
2863 761 2920 812 ἐν
2979 747 3164 825 αὐτοῖς
3198 747 3300 826 τὰς
3347 763 3430 816 δι-

147 849 264 900 ρειν
303 833 364 887 τὸ
399 835 555 904 γένος
585 839 646 891 τὸ
675 840 960 910 ἡμέτερον,
992 843 1054 896 ού
1093 844 1194 915 τῆς
1233 843 1553 916 παρθενίας,
1596 841 1732 897 ἀλλὰ

145 917 246 986 τῆς
270 919 550 989 ἁμαρτίας
573 923 742 977 ἐστίν.

213 1000 315 1055 18'.
357 1003 540 1075 Ἐδόθη
563 1007 662 1077 μὲν
683 1007 774 1064 οὖν
791 1012 886 1064 καὶ
906 1013 1254 1077 παιδοποιίας
1273 1013 1461 1066 ἕνεκεν
1482 1014 1512 1065 ό
1528 1012 1724 1084 γάμος·

144 1085 322 1158 πολλῷ
354 1088 409 1142 δὲ
445 1091 606 1147 πλέον
655 1095 796 1166 ὑπὲρ
844 1097 940 1150 τοῦ
999 1097 1187 1152 σϐέσαι
1223 1099 1320 1170 τὴν
1355 1101 1455 1171 τῆς
1513 1099 1730 1170 φύσεως

141 1171 404 1245 πύρωσιν.
438 1179 546 1230 Καὶ
587 1181 796 1250 μάρτυς
823 1184 850 1236 6
885 1183 1116 1248 Παῦλος.
1149 1183 1348 1254 λέγων·
1391 1185 1495 1240 Διὰ
1527 1185 1597 1238 δὲ
1623 1186 1728 1252 τὰς

140 1261 425 1327 πορνείας
471 1261 728 1331 ἕκαστος
782 1264 897 1334 τὴν
937 1269 1152 1322 ἑαυτοῦ
1202 1269 1458 1337 γυναῖκα
1505 1269 1720 1339 ἐχέτω³

139 1341 200 1392 οὗ
231 1342 316 1395 διὰ
361 1345 458 1410 τὰς
490 1349 864 1414 παιδοποιίας·
900 1352 991 1404 καί
1025 1351 1183 1405 πάλιν
1213 1353 1305 1405 ἐπὶ
1336 1353 1398 1406 1:6
1428 1354 1559 1407 αὐτὸ
1606 1372 1726 1408 συν-

139 1423 395 1494 έρχεσθαι
431 1430 663 1496 κελεύει,
692 1433 786 1502 οὐχ
818 1435 904 1487 ἵνα
940 1437 1483 1507 πατέρεςογένωνται
1524 1438 1725 1492 παίδων

139 1508 386 1563 πολλῶν·
428 1513 563 1568 ἀλλὰ
596 1515 680 1580 τί;
719 1519 844 1571 Ἵνα
879 1519 964 1588 μὴ
1000 1519 1241 1588 πειράζῃ
1280 1519 1436 1590 ὑμᾶς
1471 1525 1503 1576 ὀ
1541 1526 1726 1576 Σατα-

137 1592 270 1659 νᾶς,
319 1597 470 1668 φησί,
507 1599 618 1652 Καὶ
651 1601 931 1672 προελθὼν
965 1603 1022 1656 δέ
1063 1604 1164 1658 οὐκ
1198 1601 1368 1670 εἶπεν,
1404 1607 1467 1659 EI
1510 1606 1565 1658 δέ
1607 1607 1726 1660 ἑπι-

133 1675 369 1748 θυμοῦσι
403 1682 636 1738 παίδων·
677 1685 814 1739 ἀλλὰ
859 1685 946 1751 τί;
989 1689 1058 1741 Εί
1099 1687 1168 1742 δὲ
1207 1688 1293 1757 μὴ
1332 1690 1722 1760 ἐγκρατεύον-

135 1779 254 1848 ται,
285 1768 747 1836 γαμησάτωσαν.
777 1771 934 1844 Παρὰ
963 1773 1060 1843 μὲν
1095 1773 1205 1842 γάρ
1235 1775 1334 1846 τὴν
1366 1775 1562 1846 ἀρχὴν,
1589 1777 1724 1848 ὅπερ

131 1847 295 1921 ἔφην,
332 1851 426 1905 δύο
465 1853 668 1919 ταύτας
717 1853 829 1926 εἶχε
865 1857 963 1922 τὰς
1005 1857 1326 1922 ὑποθέσειςσ
1375 1858 1604 1930 ὕστερον
1645 1847 1721 1924 δὲ,

133 1931 519 2008 πληρωθείσης
557 1939 772 2012 καὶτῆς
793 1941 900 2010 γῆς
944 1942 1038 1994 καὶ
1073 1942 1170 2012 τῆς
1209 1941 1481 2014 θαλάττης
1515 1945 1723 2014 καὶτῆς

127 2020 464 2091 οἰκουμένης
509 2024 760 2094 ἁπάσης,
801 2025 898 2096 μία
947 2024 1192 2080 λείπεται
1246 2027 1518 2098 πρόφασις
1555 2029 1722 2082 αὑτοῦ

133 2103 302 2176 μόνη,
336 2107 367 2176 ἡ
406 2107 505 2178 τῆς
537 2109 834 2174 ἀκολασίας
874 2111 968 2164 καὶ
1011 2113 1044 2182 ἡ
1088 2112 1188 2183 τῆς
1233 2112 1523 2182 ἀσελγείας
1570 2114 1723 2168 ἀναί-

127 2205 308 2260 ρεσις.
344 2191 484 2256 Τοὺς
529 2192 637 2264 γὰρ
681 2193 760 2248 ἔτι
800 2195 894 2248 καὶ
945 2195 1040 2248 νῦν
1087 2197 1144 2250 ἐν
1198 2197 1408 2262 τούτοις
1443 2199 1724 2253 καλινδου-

129 2271 334 2342 μένους
375 2278 486 2340 τοῖς
529 2277 746 2343 πάθεσι,
781 2281 876 2332 καὶ
918 2279 1117 2352 χοίρων
1167 2279 1280 2350 βίον
1321 2282 1722 2354 ἐπιθυμοῦντας

123 2355 257 2426 ζῇν,
302 2359 396 2411 καί
445 2359 502 2413 ἐν
554 2364 976 2432 χαμαιτυπείοις
1028 2363 1380 2435 φθείρεσθαι,
1411 2367 1472 2420 οὐ
1526 2367 1721 2438 μικρὸν

121 2440 367 2512 ὀνίνησι,
401 2443 502 2514 τῆς
535 2445 876 2517 ἀκαθαρσίας
916 2449 1008 2502 καὶ
1040 2449 1138 2522 τῆς
1171 2449 1416 2522 ἀνάγκης
1449 2451 1724 2506 ἀπαλλάτ-

119 2543 242 2580 των
292 2528 507 2598 ἐκείνης
555 2529 728 2602 [283],
762 2532 858 2585 καὶ
899 2534 955 2586 ἐν
1005 2533 1263 2604 ἁγιασμῷ
1300 2535 1393 2588 καὶ
1431 2536 1722 2608 σεμνότητι

118 2609 424 2684 διατηρῶν.
461 2613 623 2666 Ἀλλὰ
649 2615 754 2686 γάρ
790 2617 950 2688 μέχρι
984 2617 1128 2682 τίνος
1158 2621 1219 2672 ού
1250 2620 1531 2692 παύσομαι
1569 2639 1723 2675 σκια-

123 2694 365 2776 μαχῶνς
399 2696 506 2749 Καὶ
535 2697 642 2769 γὰρ
683 2700 841 2770 ὑμεῖς
883 2701 932 2754 οί
958 2699 1130 2754 ταῦτα
1159 2701 1410 2772 λέγοντες
1441 2704 1598 2775 ἡμῶν
1623 2705 1722 2776 οὐχ

115 2771 296 2847 ἧττον
329 2779 440 2832 ἴστε
468 2779 566 2852 τὴν
597 2782 696 2853 τῆς
734 2783 1033 2855 παρθενίας
1069 2771 1363 2858 ὑπεροχὴν,
1397 2771 1494 2842 καί
1523 2771 1717 2854 πάντα,

117 2863 280 2934 ἅπερ
312 2863 440 2935 ὑμῖν
486 2866 722 2938 εἴρηται,
765 2868 996 2940 σκήψεις
1027 2871 1120 2924 καὶ
1153 2874 1454 2944 προφάσεις
1483 2874 1589 2927 εἰσὶ
1629 2876 1722 2928 καὶ

115 2947 406 3019 ἀκρασίας
446 2951 907 3024 προκαλύμματα.

203 3033 294 3087 Κ¹.
335 3032 475 3085 ’Λλλ’
498 3035 544 3087 εί
572 3035 668 3104 μὲν
693 3037 991 3102 ἀκινδύνως
1019 3039 1145 3110 ἐνῆν
1169 3039 1344 3094 ταῦτα
1376 3041 1578 3112 λέγειν,
1613 3043 1720 3098 ἔδει

117 3115 234 3202 μὲν
274 3117 368 3202 καί
411 3117 552 3172 οὕτω
587 3119 854 3175 παύεσθαι
891 3122 991 3192 τῆς
1031 3123 1306 3196 διαϐολῆς.
1350 3126 1406 3180 Ὀ
1440 3127 1549 3197 γὰρ
1585 3129 1722 3202 πρὸς

113 3201 198 3253 τὰ
238 3201 386 3256 καλά
411 3203 518 3256 τῶν
559 3205 899 3277 πραγμάτων
945 3205 1038 3261 ἀπ’
1082 3210 1332 3274 ἐναντίας
1379 3201 1723 3284 διακείμενος

111 3285 228 3371 τῆς
261 3285 490 3371 γνώμης
521 3289 659 3360 μετὰ
697 3291 796 3362 τῆς
827 3290 995 3364 άλλης
1030 3291 1235 3366 βλάϐης
1274 3295 1370 3349 καὶ
1419 3297 1721 3371 μαρτύριον

109 3370 186 3454 οῦ
235 3370 432 3440 μικρὸν
466 3373 614 3454 παρὰ
660 3375 793 3427 πᾶσι
843 3374 940 3446 τῆς
986 3376 1192 3441 οἰκείας
1239 3379 1463 3451 ἐκφέρει
1513 3370 1719 3454 μοχθη-

111 3453 258 3527 ρίας
295 3455 398 3528 τὴν
440 3453 583 3510 οὕτω
633 3458 1077 3530 διεστραμμένην
1135 3463 1230 3515 καί¹
1281 3463 1466 3518 ἄδικον
1506 3453 1717 3537 ψῆφον

109 3537 276 3592 ὥστε
307 3543 356 3593 εί
384 3539 477 3594 καὶ
511 3539 736 3611 μηδενὸς
756 3542 941 3612 ἕνεκεν
960 3543 1248 3608 ἄλλο’),τοῦ
1269 3547 1409 3617 γοῦν
1433 3549 1508 3620 μὴ
1563 3567 1725 3623 προσ-

107 3623 432 3695 τρίψασθαι
464 3623 620 3690 δόξαν
652 3625 794 3680 οὕτω
823 3629 1066 3700 πονηρὰν
1099 3628 1318 3701 ἐπέχειν
1343 3631 1440 3702 τὴν
1473 3631 1721 3702 γλῶτταν

109 3709 328 3782 ἐχρῆν,
371 3709 809 3781 ἐνθυμουμένους
851 3713 932 3765 ὃτι
965 3714 994 3765 6
1030 3712 1127 3784 μὲν
1166 3711 1461 3785 θαυμάζων
1494 3717 1621 3781 τοὺς
1663 3717 1754 3790 ἐν,

109 3795 244 3856 τοῖς
291 3792 572 3863 μεγίστοις
603 3793 1010 3865 διαλάμποντας
1055 3795 1267 3860 ἄθλοις,
1305 3797 1408 3852 κᾶν
1445 3799 1518 3871 μὴ
1558 3800 1722 3872 δύνη-

107 3894 220 3930 ται
263 3875 374 3929 τῶν
423 3876 599 3930 αὐτῶν
647 3879 964 3947 ἐφικέσθαι,
1003 3879 1336 3952 συγγνώμης
1380 3881 1666 3954 δυνήσεται
1694 3897 1721 3927 ι

111 3963 284 4033 παρὰ
320 3963 538 4016 πάντων
577 3965 758 4032 τυχεῖν
779 3979 792 3992 ·
831 3965 858 4015 6
882 3963 936 4016 δέ
965 3963 1102 4035 πρὸς
1135 3965 1212 4034 τῷ
1239 3963 1313 4038 μὴ
1358 3967 1602 4036 μετιέναι
1627 3968 1724 4023 καὶ

113 4044 379 4110 κακίζων
408 4045 476 4098 τὰ
516 4045 724 4098 πολλῶν
759 4045 884 4110 ἄξια
925 4047 1206 4116 στεφάνων
1232 4047 1456 4114 δικαίως
1477 4051 1544 4105 ἂν
1572 4053 1723 4125 παρά

107 4127 355 4180 πάντων
391 4131 601 4198 μισοῖτο
624 4128 698 4192 ῶς
736 4129 929 4200 ἐχθρὸς
954 4131 1048 4184 καὶ
1077 4130 1336 4203 πολέμιος
1362 4133 1459 4203 τῆς
1495 4125 1719 4207 ἀρετῆς,

108 4213 223 4266 καὶ
252 4209 367 4264 τῶν
393 4211 734 4282 μαινομένων
770 4212 1099 4285 ἀθλιώτερον
1135 4215 1494 4287 διακείμενος.
1526 4219 1589 4271 Ol
1623 4220 1722 4291 μὲν

107 4297 238 4368 γὰρ
265 4295 371 4348 οὐκ
405 4295 584 4348 ἴσασιν
615 4294 649 4348 ἃ
680 4295 946 4364 ποιοῦσιν,
969 4297 1089 4351 οὐδὲ
1120 4299 1335 4364 ἑκόντες
1360 4300 1394 4354 δι
1419 4303 1720 4372 πάσχουσιν

106 4379 492 4449 ὐπομένουσι’
518 4379 598 4434 διὸ
635 4381 728 4432 καὶ
757 4380 883 4443 τοὺς
916 4381 973 4432 ἐν
999 4379 1344 4447 δυναστείαις
1370 4383 1531 4449 ὄντας
1565 4385 1721 4458 ὑϐρί-

105 4463 318 4528 ζοντες
365 4464 426 4516 ού
464 4464 625 4534 μόνον
654 4465 715 4518 ού
747 4465 1088 4530 κολάζονται,
1127 4465 1264 4519 ἀλλά
1306 4469 1399 4520 καὶ
1445 4468 1720 4523 ὲλεοῦνται

105 4547 286 4620 παρὰ
320 4548 428 4600 τῶν
455 4548 822 4619 ὑϐρισθέντων
848 4549 1050 4603 αὐτῶν.
1084 4550 1146 4603 EI
1173 4550 1231 4604 δέ
1261 4569 1345 4615 τις
1381 4551 1522 4605 ἑκὼν
1549 4553 1721 4607 ταῦτα

103 4631 478 4703 τολμήσειεν,
512 4632 657 4702 ἅπερ
692 4631 918 4694 ἄκοντες
969 4635 1168 4686 ἐκεῖνοι
1213 4631 1449 4702 ποιοῦσι,
1499 4636 1723 4702 δικαίως

105 4717 192 4772 ἂν
229 4719 355 4779 ταῖς
395 4717 649 4773 ἁπάντων
680 4716 1094 4781 καταδικάζοιτο
1125 4717 1348 4789 ψήφοις,
1381 4719 1456 4782 ὡς
1487 4719 1590 4792 τῆς
1619 4719 1722 4790 φύ-

104 4818 270 4864 σεως
303 4799 404 4871 τῆς
431 4799 706 4872 ἡμετέρας
740 4800 955 4872 ἐχθρός.

191 4885 340 4940 KA'.
373 4883 570 4956 Ἐχρῆν
598 4885 696 4954 μὲν
724 4881 840 4948 οὖν,
872 4887 1007 4955 ὅπερ
1031 4884 1188 4956 έφην,
1230 4889 1278 4941 εἰ
1312 4887 1406 4942 καὶ
1440 4889 1724 4953 ἀκίνδυνος

97 4965 186 5042 ἦν
226 4971 262 5040 ἡ
293 4966 476 5022 τοιάδε
516 4969 842 5040 κατηγορία,
883 4970 994 5022 τῶν
1031 4970 1163 5039 γοῦν
1201 4972 1507 5043 εἰρημένων
1537 4971 1724 5026 ἕνεκεν

99 5053 301 5123 αὐτῆς
349 5051 668 5122 ἀπέχεσθαι.
693 5051 810 5106 Νῦν
847 5052 902 5105 δέ
939 5053 1032 5106 καὶ
1057 5053 1300 5118 κίνδυνος
1330 5053 1407 5126 τῷ
1439 5053 1724 5128 πράγματι

99 5139 310 5191 κεῖται
365 5134 562 5206 μέγας·
611 5135 672 5188 οὐ
723 5135 831 5208 γὰρ
879 5138 908 5190 6
941 5136 1248 5208 καθήμενος
1295 5139 1390 5191 καὶ¹
1449 5138 1589 5190 κατὰ
1629 5139 1722 5190 τοῦ

99 5219 367 5290 ἀδελφοῦ
415 5219 752 5285 καταλαλῶν,
785 5219 880 5272 καὶ
923 5220 1064 5274 κατὰ
1095 5219 1187 5274 τοῦ
1221 5219 1338 5275 υίοῦ
1383 5221 1484 5292 τῆς
1520 5222 1725 5294 μητρὸς

97 5305 304 5366 τιθεὶς
339 5302 657 5362 σκάνδαλον,
702 5302 1102 5376 κολασθήσεται
1149 5305 1329 5376 μόνος,
1371 5305 1510 5360 ἀλλὰ
1557 5307 1652 5359 καλ¹
1693 5307 1725 5359 6

99 5388 444 5461 πράγματα
477 5386 783 5441 διαϐάλλειν
838 5389 1134 5461 ἐπιχειρῶν
1170 5389 1288 5460 Θεῷ
1337 5389 1599 5445 δοκοῦντα
1649 5387 1725 5445 εί-

95 5494 208 5530 ναι
253 5471 422 5525 καλά.
459 5473 724 5525 ’Ἄκουσον
753 5471 885 5541 γοῦν
926 5473 979 5526 τί
1024 5491 1186 5548 φησιν
1219 5475 1404 5544 ἔτερος
1440 5477 1726 5550 προφήτης

95 5557 262 5632 περὶ
293 5555 464 5611 αὐτοῦ
492 5556 684 5610 τούτου
727 5555 1141 5626 διαλεγόμενος’
1171 5559 1316 5612 Οὐαί
1355 5563 1388 5614 ὀ
1417 5561 1611 5630 λέγων
1657 5560 1723 5613 τὸ

95 5641 404 5710 πονηρὸν
437 5639 646 5706 καλὸν,
682 5639 780 5693 καί
817 5639 882 5693 τὸ
915 5639 1108 5694 καλὸν
1148 5644 1447 5712 πονηρόν·
1481 5648 1512 5698 ό
1545 5645 1726 5711 τιθείς

95 5733 174 5786 τὸ
212 5726 358 5799 φῶς
389 5727 628 5791 σκότος,
659 5725 760 5778 καί
803 5725 872 5780 τὸ
914 5726 1138 5793 σκότος
1179 5724 1338 5796 φῶς·
1379 5731 1412 5782 ὁ
1449 5728 1629 5795 τιθείς
1658 5729 1724 5784 τὸ

97 5812 330 5888 γλυκὺ
382 5811 620 5878 πικρὸν,
655 5809 753 5863 καί
781 5811 846 5864 τὸ
885 5811 1102 5880 πικρὸν
1137 5813 1354 5880 γλυκύ.
1389 5813 1452 5864 Τί
1488 5812 1598 5886 γάρ
1625 5813 1724 5883 τῆς

93 5895 437 5971 παρθενίας
471 5893 642 5963 ἥδιον,
684 5894 736 5946 τί
780 5893 1018 5959 κάλλιον,
1059 5894 1109 5948 τί
1155 5897 1576 5969 φωτεινότερονς
1613 5899 1724 5951 Καὶ

97 5985 232 6056 γὰρ
269 5979 456 6032 αὐτῶν
476 5977 584 6030 τῶν
612 5977 852 6048 ἡλιακῶν
877 5979 1113 6032 ἀκτίνων
1139 5981 1390 6053 φαιδροτέ
1402 5999 1497 6051 ρας
1523 5981 1718 6054 ἀφίησι

167 6093 202 6120 ι
239 6085 378 6149 1193,
405 6091 460 6133 et
485 6081 636 6133 Savil.
661 6086 939 6146 συγγνώμης
961 6083 1073 6146 γοῦν
1094 6087 1358 6139 δυνήσεται.

467 6169 738 6236 ΡΔἸἨΟΙ..
789 6175 904 6234 Gn.
940 6171 1200 6234 XLVIII.

1833 841 2220 912 εστραμμένας
2252 841 2466 911 κρίσεις
2496 841 2730 912 ἐχόντων
2775 843 2936 896 ἐϐόα·
2975 844 3206 898 ἄκουσον
3245 846 3300 900 δὲ
3336 849 3428 901 καὶ

1833 925 1960 997 περὶ
1997 927 2107 978 τῶν
2141 928 2222 990 εἰς
2260 927 2480 1000 ἐτέρους
2521 928 2866 999 ἐκφερόντων
2891 929 2960 982 τὰ
2991 929 3217 1000 λοιμικὰ
3257 931 3428 986 ταῦτα

1833 1009 2055 1080 ῥήματα
2102 1010 2156 1062 τί
2189 1027 2353 1082 φησιν
2394 1011 2553 1076 ἄλλος
2607 1014 2916 1084 προφήτης,
2963 1013 3070 1066 ἀπὺ
3121 1013 3214 1066 τοῦ
3263 1015 3426 1069 αὐτοῦ

1833 1093 1994 1145 πάλιν
2027 1093 2440 1164 ἐπιφθέγματος
2475 1094 2798 1164 ποιούμενος
2841 1095 2938 1166 τὴν
2977 1097 3180 1168 ἀρχήν·
3212 1100 3352 1151 Οὐαί
3393 1102 3426 1152 ὁ

1830 1177 2080 1239 ποτίζων
2103 1181 2208 1232 τὸν
2237 1182 2510 1246 πλησίον
2545 1181 2733 1234 αὐτοῦ
2765 1182 3116 1249 ἀνατροπὴν
3149 1183 3422 1251 aciemin

1831 1263 1904 1316 Τὸ
1943 1264 2021 1326 δέ,
2069 1264 2232 1330 υὺαὶ,
2263 1265 2322 1318 ού
2366 1267 2518 1336 ῥῆμα
2553 1265 2710 1336 ψιλόν
2751 1267 2920 1328 ἐστιν,
2953 1266 3070 1318 ἀλλ’
3113 1267 3308 1339 ἀπειλή
3341 1286 3424 1332 τις

1829 1348 2032 1410 ἄφατον
2059 1349 2192 1418 ἡμῖν
2241 1350 2335 1402 καὶ
2377 1349 2764 1418 ἀσύγγνωστον
2806 1350 3276 1419 προαναφωνοῦσα
3319 1355 3419 1421 τὴν

1827 1432 2127 1504 τιμωρίαν⁹
2162 1433 2255 1487 ἐπὶ
2285 1433 2393 1505 γὰρ
2423 1434 2532 1487 τῶν
2567 1436 2752 1488 οὐκέτι
2785 1435 3104 1505 δυναμένων
3133 1437 3420 1506 διαφυγεῖν

1828 1519 1926 1584 τὴν
1963 1517 2260 1588 μέλλουσαν
2291 1519 2514 1572 κόλασιν
2545 1519 2705 1573 τοῦτο
2737 1520 2798 1573 τὸ
2824 1521 3112 1592 ἐπίρρημα
3147 1525 3322 1576 κεῖται
3363 1524 3421 1574 ἐν

1827 1603 1947 1666 ταῖς
1976 1601 2236 1674 Γραφαῖς.
2279 1603 2387 1657 Καὶ
2419 1604 2582 1658 πάλιν
2610 1604 2797 1677 ’έτερος
2830 1606 3134 1678 προφήτης,
3173 1607 3421 1676 ἐγκαλῶν

1826 1689 1938 1750 τοῖς
1973 1687 2277 1752 Ἰουδαίοις,
2319 1689 2524 1757 ἔλεγεν,
2571 1689 2922 1743 Ἐποτίσατε
2961 1690 3104 1754 τοὺς
3145 1692 3425 1762 ἡγιασμέ-

1825 1791 1973 1838 νους
1996 1769 2182 1827 οἶνον.
2211 1774 2272 1826 EE
2300 1773 2356 1826 δὲ
2377 1776 2404 1826 6
2424 1775 2550 1838 τοὺς
2567 1772 2928 1846 Ναζωραίους
2949 1775 2976 1815 b
2998 1771 3138 1829 οἶνον
3165 1777 3418 1842 ποτίζων,

1823 1855 2096 1928 τοσαύτην
2153 1857 2520 1928 ύποστήσεται
2594 1857 2900 1929 τιμωρίαν,
2963 1861 2991 1912 6
3041 1859 3141 1931 τὴν
3193 1861 3421 1932 θολεράν

1825 1941 2143 2014 ἀνατροπὴν
2175 1939 2384 2012 ἐκχέων
2428 1943 2508 2004 είς
2539 1939 2641 2003 τὰς
2684 1941 2795 1994 τῶν
2829 1942 3212 2016 ἀφελεστέρων
3242 1945 3422 2017 ψυχὰς

1823 2025 1968 2088 τίνος
1985 2025 2085 2079 οὐκ
2119 2024 2272 2078 ἔσται
2297 2025 2572 2090 κολάσεως
2599 2023 2749 2089 ἄξιος
2775 2044 2790 2092 ;
2817 2027 2878 2078 Et
2909 2027 3073 2098 μέρος
3102 2029 3295 2100 μικρὸν
3323 2031 3423 2102 τῆς

1825 2107 1980 2182 Ῑ284]
2001 2109 2143 2164 κατὰ
2175 2109 2338 2180 νόμον
2369 2111 2660 2180 ἀσκήσεως
2682 2110 3119 2182 ὑποτεμνόμενός
3138 2131 3219 2176 τις
3241 2115 3421 2184 ἀπαρ-

1823 2193 2047 2266 αίτητον
2085 2193 2198 2265 ἔχει
2243 2194 2342 2266 τὴν
2390 2195 2632 2259 κόλασιν,
2687 2196 2715 2248 6
2757 2194 2856 2266 τὴν
2900 2197 3208 2263 ἁγιωσύνην
3251 2199 3421 2270 αὐτὴν

1824 2279 2122 2350 ὁλόκληρον
2160 2279 2454 2350 διασύρων,
2502 2280 2626 2334 τίνα
2673 2279 2860 2348 ὑφέξει
2901 2279 3095 2350 δίκην;
3147 2280 3288 2336 Ἐάν
3333 2299 3422 2348 τις

1823 2363 2234 2431 σκανδαλίσῃ,
2255 2364 2444 2435 φησὶν,
2472 2363 2583 2418 ἕνα
2602 2363 2722 2418 τῶν
2750 2362 2981 2433 μικρῶν
3001 2366 3251 2428 τούτων,
3279 2381 3425 2434 συμ-

1823 2448 1988 2516 φέρει
2014 2445 2195 2512 αὐτῷ,
2222 2448 2322 2500 ἵνα
2344 2448 2542 2517 μύλος
2563 2447 2764 2514 ὀνικὸς
2789 2445 3097 2516 κρεμασθῇ
3118 2448 3250 2516 περὶ
3276 2450 3417 2502 τύνη

1824 2529 2135 2598 τράχηλον
2151 2531 2362 2595 αὑτοῦ,
2377 2531 2474 2585 καί
2493 2530 2946 2600 καταποντισθῇ
2960 2535 3046 2598 εἰς
3065 2531 3177 2600 τὴν
3191 2531 3420 2588 θάλασ-

1824 2631 1966 2669 σαν.
1999 2616 2042 2668 Τ
2049 2615 2064 2668 ί
2083 2611 2174 2668 οὖν
2192 2615 2440 2682 λέξουσιν
2472 2619 2520 2668 οἱ
2543 2616 2632 2669 διὰ
2651 2615 2762 2668 τῶν
2789 2615 3052 2686 ῥημάτων
3085 2616 3290 2670 τούτων
3321 2617 3420 2688 οὐχ

1823 2700 1920 2754 ἕνα
1945 2701 2164 2772 μικρὸν,
2183 2701 2319 2754 ἀλλὰ
2343 2701 2573 2764 πολλοὺς
2593 2700 3039 2764 σκανδαλίζοντες
3062 2717 3077 2766 ;
3115 2701 3289 2754 Ὅπου
3309 2701 3418 2774 γὰρ

1822 2786 1850 2837 ό
1873 2785 1964 2838 τὸν
1991 2785 2219 2854 ἀδελφὸν
2245 2784 2428 2838 καλῶν
2459 2785 2663 2857 μωρὸν,
2681 2784 2848 2855 ὀρθὴν
2869 2783 2961 2836 ἐπὶ
2990 2784 3048 2836 τὸ
3067 2783 3166 2854 τῆς
3191 2784 3418 2855 γεέννης
3513 2845 3518 2852 η

1823 2869 2206 2939 ἀπαχθήσεται
2236 2869 2368 2941 πῦρ,
2399 2871 2426 2920 6
2454 2868 2552 2940 τὴν
2573 2865 2857 2937 ίσάγγελον
2879 2867 3082 2938 ταύτην
3115 2867 3418 2924 διαϐάλλων

1825 2955 2128 3015 πολιτείαν,
2169 2953 2344 3024 πόσην
2373 2953 2544 3025 ὀργὴν
2580 2952 2948 3006 ἐπισπάσεται
2983 2952 3124 3005 κατὰ
3156 2953 3257 3022 τῆς
3291 2953 3420 3006 ἐαυ-

1821 3039 1917 3092 τοῦ
1969 3039 2251 3108 κεφαλῆςς
2307 3035 2660 3106 Κατεγέλασέ
2711 3051 2842 3088 ποτε
2895 3033 2988 3088 τοῦ
3041 3036 3324 3099 Μωῦσέως
3380 3037 3416 3109 ἡ

1821 3120 2053 3193 Μαριὰμ
2076 3162 2090 3186 ,
2133 3123 2234 3193 οὐχ
2268 3119 2442 3184 οὕτως
2493 3120 2570 3184 ὠς
2617 3121 2717 3191 τῆς
2750 3119 3050 3191 παρθενίας
3085 3118 3180 3173 νῦν
3220 3121 3415 3192 ὑμεῖς,

1824 3206 1968 3260 ἀλλά
2003 3207 2185 3276 πολλῷ
2219 3206 2440 3260 ἔλαττον
2480 3205 2574 3258 καὶ
2616 3205 3045 3275 ἐπιεικέστερον.
3080 3203 3154 3256 Ού
3184 3204 3293 3276 γάρ
3334 3204 3417 3256 διο-

1825 3293 1990 3365 έσυρε
2023 3291 2115 3346 τὸν
2147 3291 2334 3364 ἄνδρα.
2362 3290 2481 3344 ούδέ
2508 3288 2768 3360 ἐχλεύασέ¹
2803 3289 2901 3359 τὴν
2938 3287 3140 3358 ἀρετὴν
3189 3287 3290 3358 τὴν
3321 3287 3416 3341 τοῦ

1827 3376 2097 3449 μακαρίου
2123 3375 2244 3430 τότε
2280 3375 2512 3439 ἐκείνου,
2545 3373 2682 3428 ἀλλὰ
2722 3374 2816 3426 καὶ
2849 3372 3052 3444 σφόδρα
3091 3371 3372 3442 ἐθαύμασε
3397 3390 3411 3403 ·

1821 3460 2074 3516 τοσοῦτον
2114 3460 2172 3514 δέ
2223 3456 2342 3513 εἷπε
2393 3459 2682 3530 μόνον,ὃτι
2731 3457 2828 3510 καὶ
2881 3456 3020 3528 αὐτὴ
3075 3455 3184 3509 τῶν
3233 3455 3414 3508 αὐτῶν

1821 3543 2137 3614 ἀπήλαυσεν
2179 3535 2366 3614 ὧνπερ
2404 3545 2648 3606 ἐκεῖνος⁹
2684 3540 2799 3594 ἀλλ’
2839 3541 2988 3610 ὅμως
3018 3539 3192 3602 οὕτως
3221 3539 3417 3603 ἐξεκα-

1822 3627 2018 3682 λέσατο
2037 3627 2132 3681 τοῦ
2163 3625 2298 3681 Θεοῦ
2334 3627 2431 3698 τὴν
2458 3627 2652 3698 ὀργὴν,
2689 3624 2766 3688 ὡς
2807 3624 2928 3677 ούδέ
2979 3623 3144 3676 αὑτοῦ
3203 3623 3418 3678 ἐκείνου

1821 3713 1916 3766 τοῦ
1944 3711 2232 3775 δοκοῦντος
2278 3709 2535 3782 ὑϐρίσθαι
2576 3708 2749 3762 πολλὰ
2775 3705 3226 3778 παρακαλοῦντος
3259 3708 3422 3774 γενέ-

1825 3796 1950 3850 σθαι
1978 3813 2033 3849 τι
2073 3795 2258 3859 πλέον,
2291 3794 2428 3848 ἀλλὰ
2450 3794 2544 3849 καὶ
2570 3792 2883 3864 περαιτέρω
2912 3792 3011 3863 τῆς
3037 3791 3253 3846 ἐκείνου
3285 3791 3419 3862 γνώ-

1829 3897 1936 3952 μης
1967 3879 2293 3950 ἐπιταθῆναι
2319 3879 2420 3950 τὴν
2450 3877 2721 3948 τιμωρίαν
2750 3876 2912 3946 αὐτῇ.

1895 3963 2022 4020 KB'.
2059 3963 2171 4016 Καὶ
2199 3962 2251 4016 τί
2277 3962 2420 4032 λέγω
2444 3961 2710 4033 Μαριάμς
2735 3961 2786 4013 οἱ
2809 3959 2922 4032 γάρ
2945 3959 3134 4024 παῖδες
3155 3961 3417 4014 ἐκειῖνοιοί

1824 4047 1956 4120 περὶ
1979 4049 2076 4120 τὴν
2099 4047 2304 4118 Βηθλεέ
2313 4065 2353 4118 μ
2381 4045 2692 4111 παίζοντες,
2719 4045 2806 4097 ἵνα
2837 4044 2973 4116 πρὸς
2991 4043 3087 4099 τὸν
3115 4045 3418 4098 Ἐλισσαῖον

1822 4131 1982 4186 τοῦτο
2027 4131 2188 4202 μόνον
2221 4129 2484 4192 εἴπωσιν,
2542 4127 2876 4192 Ἀνάϐαινε,
2928 4127 3222 4198 φαλακρὲ,
3272 4129 3416 4182 οὕτω

1826 4215 2152 4288 παρώξυναν
2167 4214 2258 4267 τον
2278 4213 2432 4276 Θεὸν,
2449 4213 2527 4276 ὡς
2545 4213 2660 4284 ἅμα
2680 4211 2758 4283 τῷ
2775 4212 2919 4284 λόγῳ
2936 4209 3112 4284 τούτῳ
3133 4211 3372 4282 ἄρκτους
3384 4209 3416 4252 ἀ

1823 4299 2005 4354 αὐτῶν
2049 4301 2342 4368 ἐπαφεῖναι
2372 4295 2451 4367 τῷ
2479 4296 2676 4368 πλήθει
2710 4295 2828 4366 (καὶ
2865 4295 2974 4366 γὰρ
3005 4295 3417 4368 τεσσαράκοντα

1823 4384 1916 4439 δύο
1931 4380 2117 4456 ἧσαν)·
2139 4383 2236 4436 καὶ
2253 4381 2454 4442 πάντες
2475 4379 2644 4451 ἄρδην
2668 4380 2772 4433 ὑπὸ
2795 4379 2902 4433 τῶν
2921 4379 3128 4451 θηρίων
3145 4380 3417 4452 ἐσπαράτ-

1823 4485 1977 4522 τοντο
1991 4467 2110 4520 τότε
2125 4467 2322 4519 ἐκεῖνοι
2343 4483 2355 4494 ·
2378 4464 2470 4517 καί
2485 4463 2608 4516 οὔτε
2625 4462 2956 4534 ήλικία,οΰτε
2975 4463 3034 4515 τὸ
3051 4462 3272 4532 πλῆθος,
3291 4461 3416 4516 οὔτε

1823 4553 1885 4606 τὸ
1911 4551 2182 4620 γελῶντας
2199 4551 2372 4602 εἰπεῖν
2397 4547 2634 4619 προέστη
2670 4547 2780 4600 τῶν
2813 4545 3134 4618 μειρακίων·
3157 4547 3250 4599 καὶ
3271 4547 3415 4617 μάλα

1823 4636 2069 4698 εἰκότως.
2103 4636 2164 4688 Εί
2196 4633 2306 4705 γὰρ
2345 4632 2589 4703 μέλλοιεν
2614 4630 2663 4683 οί
2687 4630 2812 4693 τοὺς
2846 4628 3130 4692 τοσούτους
3161 4630 3418 4701 ἀναδεχόο

1828 4737 1978 4792 μενοι
2007 4718 2204 4781 πόνους
2225 4716 2318 4772 καὶ
2354 4713 2508 4786 παρὰ
2525 4713 2734 4768 παίδων
2768 4714 2863 4768 καὶ
2887 4715 3035 4785 παρὰ
3059 4713 3268 4785 ἀνδρῶν
3295 4713 3416 4770 δια-

1825 4804 2126 4876 σύρεσθαι,
2161 4802 2246 4866 τίς
2277 4800 2387 4854 τῶν
2415 4797 2822 4870 ἀσθενεστέρων
2872 4799 3164 4870 αἱρήσεται
3217 4798 3417 4861 πόνους

1823 4885 2186 4952 ἀναδέξασθαι
2211 4885 2456 4954 γέλωτας
2485 4882 2708 4954 ἔχοντας
2751 4883 2846 4936 καὶ
2875 4881 3167 4953 χλευασίαν
3193 4899 3208 4946 ;
3243 4882 3328 4950 τίς
3357 4882 3418 4935 δὲ

1823 4972 1931 5025 τῶν
1967 4969 2180 5024 πολλῶν
2209 4967 2441 5038 ζηλώσει
2468 4967 2567 5038 τὴν
2590 4967 2815 5038 ἀρετὴν,
2843 4965 2986 5019 οὕτω
3007 4966 3416 5034 καταγέλαστον

1825 5055 1994 5124 αὐτὴν
2030 5050 2196 5108 οὖσαν
2231 5051 2408 5122 όρῶν;
2446 5051 2510 5104 Εἰ
2555 5051 2668 5121 γὰρ
2700 5051 2794 5104 νῦν
2825 5049 3044 5106 πάντων
3075 5049 3243 5120 αὐτὴν
3276 5066 3413 5102 παν..
3489 5093 3494 5107 ε

1823 5137 1990 5209 ταχοῦ
2025 5136 2435 5206 θαυμαζόντων,
2490 5135 2552 5186 ού
2603 5133 2711 5186 τῶν
2746 5131 3043 5203 μετιόντων
3067 5129 3248 5200 μόνον,
3281 5131 3418 5185 ἀλλὰ

1827 5223 1921 5276 καὶ
1963 5220 2072 5274 τῶν
2125 5218 2564 5272 ἐκπεπτωκότων
2609 5216 2801 5286 αὐτῆς,
2853 5215 3003 5286 ὅμως
3041 5213 3260 5268 ὀκνοῦσι
3321 5217 3418 5270 καὶ

1825 5305 2147 5360 ἀναδύονται
2182 5303 2319 5374 πρὸς
2368 5304 2494 5366 τοὺς
2539 5299 2769 5372 ἱδρῶτας
2814 5299 3058 5362 ἐκείνους
3090 5298 3296 5362 πολλοὶ,
3330 5299 3418 5362 τίς

1824 5391 1890 5446 ἂν
1914 5389 2084 5460 αὐτῆς
2106 5385 2466 5440 ἐπιλαϐέσθαι
2496 5384 2706 5454 ταχέως
2739 5383 3027 5454 ἠθέλησεν,
3079 5384 3128 5435 εἰ
3165 5383 3303 5455 πρὸς
3337 5383 3416 5452 τῷ

1829 5477 1903 5547 μὴ
1955 5469 2336 5544 θαυμάζεσθαι
2397 5471 2492 5524 καὶ
2553 5465 2988 5539 διαϐαλλομένην
3053 5465 3202 5539 ἐώρα
3259 5465 3416 5538 παρὰ

1827 5560 2044 5613 πάντων
2099 5554 2436 5627 ἀνθρώπων;
2487 5553 2550 5606 Οἱ
2587 5553 2685 5624 μὲν
2739 5553 2848 5626 γὰρ
2895 5551 3110 5624 ἰσχυροὶ
3166 5551 3288 5605 λίαν
3320 5552 3415 5604 καὶ

1826 5643 1962 5714 πρὸς
2009 5641 2104 5694 τὸν
2143 5637 2372 5712 οὐρανὸν
2413 5637 2514 5707 ἠδη
2577 5637 2943 5708 μεταστάντες
3001 5634 3156 5690 οὐδὲν
3202 5635 3415 5688 δέονται

1826 5728 1926 5798 τῆς
1957 5726 2064 5780 ἀπὸ
2087 5723 2195 5776 τῶν
2225 5721 2434 5776 πολλῶν
2465 5719 2820 5792 παραμυθίας
2839 5762 2855 5786 ,
2883 5719 2998 5773 ἀλλ’
3037 5731 3060 5760 ε
3091 5719 3255 5790 ἀρκεῖ
3279 5719 3417 5789 πρὶς

1891 5833 1918 5872 δ
1939 5835 2064 5899 Reg.
2091 5834 2388 5899 Ναζιραίους.

1894 5901 1914 5928 τ’
1946 5891 2068 5960 Βοξ.
2091 5891 2334 5961 κρεμασθῇ
2359 5895 2434 5961 ἐπὶ
2452 5895 2550 5961 τόν.
2571 5895 2724 5961 Paulo
2747 5898 2855 5957 post
2879 5895 3010 5944 idem
3035 5894 3187 5956 ὄρθιος
3210 5891 3288 5940 ἐπὶ
3310 5895 3413 5949 τῆς.

1827 5961 1952 6013 Infra
1977 5957 2043 6010 id:
2063 5957 2268 6022 κεφαλῆς
2291 5957 2585 6015 κατελάλησέ
2608 5973 2743 6007 ποτε.

1891 6023 1917 6061 (ἲ
1941 6023 2064 6082 Reg.
2089 6021 2274 6084 ἄρκους.

1889 6085 1908 6107 ⁸
1939 6081 2062 6146 Reg.
2091 6081 2279 6132 πολλῶν
2306 6081 2542 6147 βοηθείας,
2577 6081 2702 6154 ἀλλ’.

3079 6163 3114 6222 2
