3844 6306
166 363 262 421 549

164 479 408 547 deducti,
453 493 560 534 non
604 478 737 537 levis
772 495 803 535 e
840 480 982 554 vulgi
1043 482 1504 541 commendatione
1555 486 1747 542 virium

164 573 392 627 accessio
421 572 499 639 fit,
521 574 694 630 donec
720 576 932 631 tandem
959 574 1191 648 undique
1218 577 1459 633 instructi
1495 580 1747 649 paulatim

164 664 232 717 ita
257 679 314 719 se
336 676 666 735 comparent,
696 675 754 722 ut
778 682 838 723 ea
870 669 1019 738 quasi
1058 669 1471 726 manuductione
1520 686 1623 726 non
1666 673 1749 726 in-

165 754 392 826 digeant.
433 756 544 811 Nec
582 772 709 812 vero
752 758 804 813 id
836 759 1045 813 illorum
1087 768 1287 815 tantum
1316 776 1505 826 causa,
1530 762 1623 817 sed
1654 778 1750 832 pro

167 849 434 904 irrisornm
488 851 650 906 etiam
693 852 863 907 salute
907 853 963 907 fit
993 894 1009 919 ,
1051 869 1119 927 ne
1158 855 1248 925 qui
1306 855 1537 925 priorem
1582 856 1749 910 auda-

161 943 297 997 ciam
318 959 422 998 non
450 943 693 1012 Iuissent,
714 945 765 1000 in
784 961 849 1001 eo
868 946 1004 1001 ultra
1032 947 1256 1002 crimine
1281 948 1748 1019 progrederentur.

163 1036 265 1093 Sed
292 1036 422 1092 mihi
447 1037 577 1107 jam,
606 1038 732 1093 dum
756 1039 869 1095 hinc
899 1055 1159 1107 memoro,
1188 1042 1410 1096 veniunt
1435 1042 1485 1095 in
1513 1051 1745 1097 mentem

154 1149 279 1204 qua:
328 1132 458 1187 Elite
508 1143 823 1203 tempestate
856 1134 1185 1190 acciderunt.
1228 1135 1358 1189 Nam
1408 1135 1550 1206 quod
1595 1136 1746 1206 pueri

158 1231 379 1294 propter
417 1223 670 1279 Elisaeum
711 1225 778 1279 ab
824 1227 997 1292 ursis,
1040 1225 1093 1280 id
1147 1235 1364 1297 propter
1405 1227 1521 1295 ejus
1576 1226 1749 1297 magi~

161 1327 332 1370 strum
359 1316 440 1371 bis
470 1318 851 1388 quinquaginta
894 1319 990 1373 viri
1023 1334 1143 1373 cum
1186 1320 1295 1375 suis
1326 1320 1654 1390 principibus
1684 1321 1751 1374 ab

161 1405 284 1475 igne
328 1408 533 1462 caelitus
577 1407 901 1479 deﬂagrante
949 1410 1088 1479 passi
1132 1410 1365 1483 sunt”.
1417 1410 1547 1482 Reg.
1579 1412 1632 1466 1.
1666 1410 1752 1482 9).

159 1497 296 1561 Quia
326 1498 468 1552 enim
496 1507 550 1553 et
589 1498 641 1553 hi
674 1514 769 1569 per
807 1515 1069 1554 summam
1114 1501 1507 1556 simulationem
1551 1501 1753 1571 justum

158 1591 400 1660 aggressi
422 1592 855 1663 vocabantatque
881 1592 948 1647 ad
974 1609 1031 1649 se
1053 1593 1379 1650 descendere
1402 1595 1680 1665 jubebaut,
1701 1595 1756 1650 in

160 1683 280 1753 ejus
306 1684 474 1739 vicem
496 1684 827 1740 descendens
846 1685 983 1756 ignis
1000 1702 1187 1742 omnes
1206 1687 1520 1759 absumpsit,
1536 1688 1757 1759 perinde

160 1783 325 1845 atque
353 1775 472 1831 illos
504 1775 649 1831 feras.
672 1776 849 1846 Itaque
883 1779 995 1833 haec
1016 1780 1311 1849 cogitantes
1328 1795 1512 1835 omnes
1534 1796 1629 1835 vos
1654 1781 1759 1834 vir-

159 1867 403 1938 ginitatis
422 1868 622 1935 hostes,
643 1870 853 1924 tandem
871 1870 1089 1939 januam
1110 1879 1269 1941 atque
1290 1882 1468 1927 vectes
1488 1872 1759 1927 oriadmo-

160 1969 310 2028 vete,
338 1977 405 2016 ne
431 1970 486 2017 et
510 1977 607 2017 vos
629 1962 814 2032 judieii
841 1972 1102 2034 tempore,
1122 1968 1422 2036 conspectis
1450 1966 1513 2020 iis
1538 1967 1624 2036 qui
1650 1967 1759 2023 illic

164 2053 475 2124 virginitate
523 2054 914 2123 splendebunt,
956 2056 1135 2111 dicere
1176 2057 1437 2127 incipiatis
1476 2076 1490 2112 :
1535 2057 1605 2112 Hi
1644 2067 1760 2113 sunt

160 2162 297 2213 quos
333 2147 607 2212 aliquando
643 2148 697 2202 in
730 2148 951 2203 derisum
993 2149 1277 2217 habuimus,
1306 2160 1350 2204 et
1371 2152 1422 2204 in
1463 2152 1759 2206 similitudi-

162 2252 285 2290 nem
308 2237 619 2308 improperii,
638 2255 728 2293 nos
744 2239 999 2303 insensati,
1019 2240 1104 2310 qui
1124 2256 1294 2294 eorum
1314 2242 1463 2294 vitam
1480 2244 1762 2312 putavimus

162 2329 445 2396 insaniam,
478 2340 523 2384 et
546 2332 733 2385 exitum
755 2348 929 2386 eorum
957 2333 1067 2386 sine
1104 2336 1311 2388 honore.
1358 2334 1624 2401 Quomodo
1666 2335 1764 2389 Dei

165 2422 297 2491 [iliis
323 2425 665 2489 annumerati,
688 2434 733 2478 et
754 2426 885 2480 inter
912 2435 1112 2480 sanctos
1137 2443 1246 2482 sors
1273 2426 1476 2482 illorum
1496 2429 1607 2482 est?
1626 2427 1763 2499 Ergo

167 2531 322 2569 ποια
348 2516 451 2569 ueri
492 2516 573 2570 uia
615 2516 988 2582 deerravimus,
1026 2534 1183 2588 neque
1224 2534 1315 2573 nos
1346 2520 1559 2592 justitia:
1596 2519 1765 2576 lumen

161 2605 443 2660 illustrauit
474 2606 639 2679 (Sap.
664 2608 716 2663 5.
747 2606 839 2680 5).
864 2610 934 2663 At
974 2609 1092 2679 quis
1130 2610 1234 2664 erit
1258 2624 1441 2665 eorum
1477 2612 1762 2668 verborum

160 2696 400 2762 fructus,
439 2709 690 2753 enervata
721 2708 832 2754 tum
863 2700 930 2753 ab
958 2700 1073 2770 ipso
1102 2708 1343 2771 tempore
1369 2703 1716 2772 poenitentia?

242 2786 435 2844 XXIII.
465 2787 568 2845 Cur
588 2791 674 2861 qui
695 2792 867 2845 eadem
891 2791 1223 2857 committunt,
1254 2809 1354 2847 non
1390 2794 1588 2848 easdem
1624 2794 1768 2848 luant

161 2899 372 2952 parmas.
402 2913 475 2923 —
500 2883 607 2939 Sed
653 2884 875 2941 fortasse
921 2884 1061 2940 dicet
1085 2894 1318 2941 vestrum
1357 2887 1618 2957 quiSpiam
1653 2905 1665 2940 :
1700 2888 1769 2942 At

162 2988 406 3030 nemone
423 2986 605 3045 postea
637 2975 777 3030 viros
805 2984 1017 3031 sanctos
1041 2977 1295 3032 conviciis
1319 2977 1568 3033 incessit?
1593 2978 1764 3047 Multi,

161 3076 227 3123 et
252 3066 483 3124 diversis
500 3068 553 3123 in
576 3069 901 3139 regionibus,
926 3069 992 3124 Et
1013 3070 1124 3140 qui,
1144 3071 1331 3140 inquit,
1346 3070 1560 3127 easdem
1580 3087 1766 3142 poenas

163 3176 290 3216 non
313 3161 611 3218 dederunt?
642 3163 911 3219 Dederunt
937 3178 1065 3219 sane
1084 3206 1099 3231 ,
1131 3172 1185 3219 et
1220 3179 1405 3220 eorum
1436 3165 1632 3221 multos
1665 3166 1770 3221 sci-

163 3268 321 3308 mus.
344 3252 495 3322 Quod
510 3254 555 3308 si
572 3254 659 3324 qui
682 3253 1001 3325 etl'ugerunt,
1020 3265 1073 3310 at
1096 3269 1199 3310 non
1218 3264 1478 3327 perpetuo
1492 3256 1766 3328 effugient.

161 3346 315 3402 Nam
341 3356 399 3402 ut
425 3357 506 3401 est
530 3347 669 3417 apud
716 3347 928 3402 beatum
979 3348 1219 3412 Paulum,
1271 3348 1616 3416 Quorumdam
1654 3365 1771 3420 pec-

160 3450 296 3494 cata
323 3438 589 3510 manifesta
617 3449 753 3506 sunt,
776 3440 1110 3510 prazcedentia
1130 3440 1197 3492 ad
1212 3441 1499 3510 judicium;
1520 3441 1767 3511 quosdam

160 3541 349 3588 autem
369 3542 415 3586 et
436 3533 802 3603 subsequuntur
820 3532 895 3606 (I.
926 3532 1058 3587 Tim.
1085 3533 1139 3589 5.
1160 3533 1285 3604 24):
1312 3542 1470 3604 atque
1490 3543 1548 3589 ιιι
1563 3534 1773 3605 legisla-

162 3634 328 3680 tores
348 3626 648 3680 nocentium
667 3640 853 3695 poenas
878 3625 1044 3680 literis
1062 3625 1398 3695 consignatas
1416 3626 1767 3697 reliquerunt,

164 3721 251 3775 ita
284 3727 342 3776 et
363 3719 615 3775 Dominus
653 3729 833 3775 noster
855 3719 1009 3775 Jesus
1048 3718 1294 3774 Christus
1321 3719 1373 3774 in
1404 3735 1566 3775 unum
1613 3730 1772 3791 atque

158 3815 411 3869 alterum
440 3812 793 3869 facinorosum
820 3812 1268 3879 animadvertens,
1313 3827 1604 3883 eorumque
1641 3829 1773 3884 sup-

159 3909 343 3980 plicia
366 3917 635 3980 tamquam
673 3908 725 3963 in
755 3908 1000 3963 columna
1026 3921 1164 3962 terea
1190 3915 1349 3977 atque
1376 3906 1546 3962 literis
1576 3922 1776 3978 repra-

157 4011 421 4065 sentans,
437 4017 530 4071 per
550 4016 612 4056 ea
633 4016 751 4071 qua:
778 4000 880 4054 illis
901 3999 1211 4057 acciderunt
1234 4013 1421 4055 omnes
1448 4008 1771 4066 commonet,

156 4095 397 4152 etiamsi
426 4093 526 4151 hoc
557 4102 812 4165 tempore,
850 4094 940 4165 qui
976 4094 1163 4151 eadem
1193 4095 1425 4150 audeant
1447 4109 1565 4164 qua:
1593 4093 1682 4164 qui
1711 4108 1775 4148 ea

161 4189 437 4250 luerunt.
486 4188 702 4244 easdem
759 4201 947 4258 pinnas
993 4204 1098 4242 non
1140 4190 1455 4254 exsolvant,
1497 4188 1551 4243 in
1597 4186 1775 4243 futuro

155 4280 386 4336 sarculo
408 4280 525 4335 illos
550 4280 774 4350 graviori
802 4294 958 4350 pmna
1000 4279 1356 4334 mulctandos.

241 4372 448 4429 XXIV.
476 4373 575 4441 Qui
612 4383 833 4443 peccent,
857 4389 946 4426 nec
982 4373 1280 4444 puniantur,
1304 4373 1365 4427 iis
1392 4389 1491 4426 non
1516 4371 1777 4441 conﬁden-

154 4470 333 4532 dum,
390 4467 478 4521 sed
522 4466 797 4520 timendum
834 4481 998 4536 potius
1033 4481 1155 4519 esse.
1186 4465 1458 4535 -—Itaque
1501 4478 1621 4518 cum
1662 4463 1777 4518 sine

156 4560 353 4617 modo
378 4569 657 4629 peccantes
705 4557 835 4612 nihil
884 4557 1009 4612 mali
1056 4558 1307 4627 patimur,
1329 4571 1396 4611 ne
1418 4555 1773 4621 confidamus,

153 4654 273 4711 sed
328 4652 449 4707 ideo
486 4652 655 4722 magis
695 4652 996 4706 timeamus.
1044 4650 1175 4705 Nam
1220 4650 1341 4704 licet
1368 4650 1507 4704 hica
1537 4649 1647 4703 Deo
1674 4649 1775 4702 mi-

157 4750 337 4804 nime
386 4746 688 4817 puniamur,
724 4744 831 4798 illic
875 4754 1051 4798 tamen
1090 4758 1210 4798 cum
1261 4740 1459 4797 mundo
1497 4741 1778 4795 damnabi—

153 4858 330 4900 mur.
356 4841 529 4910 Atque
571 4840 684 4893 haec
728 4852 938 4892 rursum
983 4852 1087 4891 non
1128 4835 1383 4901 mea,sed
1426 4834 1694 4904 loquentis
1723 4832 1778 4887 in

66 4988 71 4991 _
154 4935 361 4994 Paulo
408 4933 604 4990 Christi
649 4931 912 4987 sententia
955 4938 1056 4986 est.
1090 4929 1302 4984 Etenim
1337 4943 1432 4984 eos
1477 4928 1774 4997 alloquens,

147 5028 260 5102 qui
318 5026 542 5097 indigne
585 5039 734 5079 sacra
763 5032 1061 5087 sumerent,
1085 5023 1159 5077 ait
1188 5041 1199 5076 :
1224 5021 1352 5076 Ideo
1378 5022 1506 5075 inter
1528 5037 1614 5075 vos
1635 5020 1782 5073 multi

147 5120 383 5185 inﬁrmi
414 5129 461 5173 et
485 5118 772 5181 imbecilles,
806 5127 853 5172 et
887 5117 1140 5170 dormiunt
1182 5116 1347 5169 multi.
1397 5115 1544 5183 Quod
1578 5115 1623 5169 si
1666 5130 1783 5168 nos-

146 5218 432 5284 metipsos
473 5211 887 5283 dijudicaremus,
918 5227 1020 5264 non
1060 5210 1225 5276 utique
1239 5209 1590 5280 judicaremur
1618 5224 1638 5262 :
1663 5210 1783 5261 dum

139 5309 499 5380 judicamur
527 5314 715 5363 autem.
744 5320 775 5355 a
808 5302 1024 5358 Domino
1067 5303 1389 5372 corripiatur,
1428 5311 1484 5355 ut
1526 5319 1626 5356 non
1667 5319 1781 5354 cum

145 5396 380 5454 mundo
418 5395 719 5450 damnentur
756 5396 833 5468 (1.
860 5394 978 5451 Cor.
1013 5393 1475 5464 II.50.52).Sunt
1504 5396 1644 5448 enim
1694 5394 1781 5464 qui

145 5492 255 5546 hic
314 5488 498 5543 solum
538 5487 787 5557 castigari
825 5502 959 5556 opus
996 5486 1244 5551 habeant,
1268 5501 1494 5557 quorum
1524 5495 1578 5541 et
1612 5486 1780 5555 culpae

143 5580 492 5639 mediocres
512 5578 639 5645 sint,
663 5587 722 5633 ut
747 5578 989 5650 castigati
1018 5579 1209 5633 iterum
1249 5577 1316 5633 ad
1355 5578 1629 5647 antiquum
1680 5594 1783 5631 non

144 5682 506 5737 necari-ant,
552 5686 739 5726 canem
786 5672 855 5727 ad
901 5672 1155 5727 vomitum
1200 5686 1473 5727 reversum
1535 5672 1720 5725 imitati
1769 5690 1782 5727 :

142 5778 304 5829 sunt
329 5774 395 5819 et
419 5766 508 5835 qui
543 5774 757 5835 propter
776 5779 1056 5821 excessum
1083 5763 1441 5835 improbitatis
1460 5772 1512 5820 et
1534 5762 1622 5818 hic
1650 5772 1705 5817 et
1725 5762 1787 5817 il-

144 5866 228 5923 [3c
262 5862 590 5934 plectemur
610 5876 622 5911 :
641 5858 729 5912 alii
759 5858 864 5913 illic
886 5867 1088 5912 tantum
1116 5857 1369 5929 supplicia
1396 5855 1732 5913 sustinebunt
1755 5870 1770 5886 ·

1497 372 1585 430 DE
1628 374 2090 433 VIRGINITATE.

3343 377 3451 433 550

1856 491 2141 560 quoniam‘
2165 489 2308 546 enim
2332 490 2569 547 omnium
2596 489 2908 562 gravissima
2931 506 3015 562 per
3032 496 3447 560 petrarunt,non

1857 583 1999 655 digni
2040 583 2205 638 habiti
2235 592 2360 638 sunt
2403 585 2491 655 qui
2531 600 2652 639 cum
2684 582 2989 639 hominibus
3020 583 3447 655 Ilagellarentur:

1857 690 1982 729 nam
2014 675 2109 740 ait,
2134 674 2202 729 Et
2226 692 2339 729 cum
2384 672 2670 731 hominibus
2709 694 2810 731 non
2852 675 3246 749 ﬂagellabunlur
3274 672 3446 748 (Psal.

1856 767 1947 823 72.
1978 769 2034 839 5)
2062 786 2076 835 ;
2100 769 2177 824 illi
2200 812 2214 833 .
2244 773 2441 841 quippe
2482 782 2858 838 reservantur,
2895 780 2947 826 ut
2976 786 3095 826 cum
3118 768 3450 825 daemonibus

1857 862 2145 931 puniantur
2168 881 2182 918 :
2202 862 2455 918 Discedite
2472 862 2637 929 enim,
2657 864 2749 928 ait,
2765 880 2795 915 a
2817 880 2894 916 me
2912 864 2963 916 in
2990 862 3214 917 tenebras
3236 861 3451 915 exterio—

1857 973 1937 1012 res
1961 966 2168 1028 paratas
2192 957 2393 1011 diabolo
2412 967 2462 1011 et
2482 957 2673 1029 angelis
2693 959 2801 1028 ejus
2821 956 3032 1029 (Matth.
3057 957 3148 1012 25.
3173 954 3285 1027 lii).
3304 953 3451 1009 Multi

1857 1051 2213 1105 sacerdotium
2258 1051 2490 1106 nummis
2515 1059 2807 1121 rapuerunt
2834 1051 2851 1121 (
2874 1049 2998 1105 Vide
3020 1059 3122 1104 act.
3145 1052 3211 1119 7)
3232 1093 3246 1115 ,
3276 1063 3453 1118 neque

1857 1152 1949 1196 aut
1973 1157 2094 1197 eum
2121 1144 2209 1212 qui
2239 1142 2655 1211 reprehenderet
2684 1142 3117 1209 habuerunt,nec
3145 1139 3287 1211 quod
3321 1139 3447 1193 olim

1862 1252 1891 1290 a
1913 1236 2073 1292 Petro
2091 1235 2276 1290 Simon
2300 1235 2487 1305 Magus
2527 1236 2853 1288 audiverunt
2871 1234 3095 1305 (Act.8);
3121 1242 3175 1287 at
3201 1250 3306 1287 non
3328 1234 3449 1287 ideo

1863 1326 2192 1395 eﬂ'ugerunt,
2212 1326 2303 1380 sed
2325 1326 2495 1379 multo
2516 1326 2795 1396 graviores
2813 1339 3022 1394 pmnas,
3046 1338 3209 1394 quam
3226 1340 3346 1393 qum
3361 1324 3447 1378 hic

1863 1419 3022 1489 debebantur,subibunt,quodneccxemplo
3034 1417 3306 1473 emendati
3321 1418 3449 1471 sint.

1868 1513 2016 1568 Multi
2035 1514 2221 1569 eadem
2247 1529 2367 1583 qua:
2387 1513 2526 1568 Core
2543 1515 2661 1567 ausi
2682 1519 2812 1567 sunt
2834 1526 2935 1565 nec
2958 1509 3143 1565 eadem
3169 1525 3289 1579 quae
3309 1508 3449 1565 Core

1866 1607 2036 1677 passi,
2068 1614 2122 1660 at
2144 1614 2265 1677 post
2288 1605 2480 1674 majori
2507 1620 2607 1661 suo
2632 1605 2772 1658 malo
2797 1603 3072 1672 patientur
3103 1601 3293 1672 (Num.
3331 1601 3443 1671 16).

1864 1699 2017 1755 Multi
2041 1699 2339 1753 Pharaonis
2374 1699 2705 1768 impietatem
2738 1696 2936 1751 imitati
2962 1694 3161 1766 (Exod.
3185 1694 3296 1762 14).
3335 1707 3448 1747 non

1866 1796 2030 1851 etiam
2051 1794 2195 1848 sicut
2219 1794 2308 1847 ille
2342 1798 2471 1845 sunt
2497 1790 2754 1854 demersi,
2783 1797 2836 1841 at
2875 1788 3135 1858 gehennae
3151 1801 3336 1856 mquor
3357 1800 3453 1840 eos

1866 1894 2068 1942 manet.
2085 1884 2272 1955 Neque
2291 1884 2435 1940 enim
2456 1884 2546 1953 qui
2569 1882 2761 1937 fratres
2783 1881 2961 1935 fatuos
2981 1886 3203 1942 vocant,
3224 1878 3335 1947 jam
3358 1894 3459 1948 pu-

1866 1983 1968 2036 niti
1986 1988 2113 2036 sunt
2134 1977 2351 2050 (Matth.
2377 1978 2453 2048 5);
2482 1976 2593 2030 illic
2615 1975 2760 2028 enim
2783 1975 2836 2027 in
2861 1988 2955 2028 eos
2978 1978 3190 2027 servata
3206 1969 3452 2024 animad-

1865 2076 2046 2132 versio
2062 2082 2166 2129 est.
2183 2073 2364 2140 Quare
2378 2087 2444 2126 ne
2462 2076 2647 2140 putate
2662 2068 2753 2123 Dei
2772 2066 3072 2123 sententias
3090 2066 3265 2120 solum
3288 2064 3457 2118 verba

1867 2182 1988 2223 esse
2010 2174 2173 2235 atque
2201 2178 2398 2227 voces;
2419 2176 2543 2215 nam
2560 2175 2678 2214 eam
2699 2161 2766 2214 ob
2789 2171 2901 2213 rem
2924 2172 2989 2211 ex
3018 2154 3085 2209 iis
3106 2154 3368 2225 quasdam
3394 2153 3447 2207 in

1867 2270 2004 2325 opus
2027 2252 2237 2317 eduxit,
2259 2262 2317 2307 ut
2340 2251 2395 2304 in
2415 2248 2682 2319 Sapphira
2709 2246 2852 2318 (Act.
2870 2245 2923 2315 5)
2956 2242 3179 2297 Charmi
3212 2240 3349 2313 (Jos.
3367 2240 3446 2311 7),

1866 2344 2340 2415 Aarone,aliisque
2351 2341 2536 2397 multis
2553 2339 2630 2413 (Ν
2636 2338 2892 2409 απι.5),υι
2904 2336 2997 2407 qui
3017 2334 3136 2405 ejus
3151 2335 3329 2389 verbis
3352 2348 3460 2387 non

1867 2437 2120 2501 credunt,
2138 2451 2321 2492 rerum
2343 2432 2756 2490 confirmatione
2778 2430 3026 2487 deterriti
3068 2428 3336 2485 desistant
3358 2427 3461 2482 sibi

1856 2529 1964 2602 ipsi
1990 2531 2267 2601 imponere
2282 2528 2427 2582 velut
2443 2541 2629 2597 pmnas
2644 2540 2751 2580 non
2765 2524 2968 2587 daturi,
2984 2532 3037 2578 et
3051 2521 3355 2590 intelligant
3370 2517 3465 2573 Dci

1870 2622 2261 2693 benignitatem
2278 2620 2706 2689 eopertinere,ut
2721 2613 3001 2669 sceleratis
3018 2613 3253 2681 spatium
3273 2610 3461 2671 donet,

1871 2729 1977 2768 non
2008 2722 2066 2768 ut
2087 2714 2306 2767 omnino
2327 2725 2431 2765 non
2464 2708 2696 2764 vindicet
2721 2709 2773 2764 in
2799 2723 2891 2763 eos
2916 2707 3003 2777 qui
3052 2706 3105 2761 in
3150 2706 3295 2761 vitiis
3332 2720 3459 2775 pcr-

1871 2789 2141 2862 maneant.
2181 2805 2425 2859 Poteram
2469 2802 2716 2873 equidem
2763 2810 2819 2856 et
2864 2800 3104 2872 pluribus
3151 2800 3457 2861 ostendere.

1872 2906 2126 2968 quantum
2157 2897 2257 2951 sibi
2285 2896 2458 2966 ignem
2482 2893 2819 2957 contrahant,
2848 2893 2937 2961 qui
2984 2891 3296 2961 virginitatis
3340 2891 3456 2944 Iau-

1871 2990 1994 3045 dem
2040 2988 2187 3043 nihili
2234 2988 2457 3049 faciant;
2501 2985 2594 3041 sed
2623 2995 2677 3041 et
2697 2984 2842 3039 sanis
2887 2982 3000 3037 hmo
3039 2983 3326 3045 suftieiunt,
3364 2996 3456 3036 re-

1874 3083 2041 3139 belles
2065 3091 2119 3138 et
2148 3083 2361 3137 insanos
2383 3094 2484 3136 nec
2504 3078 2671 3134 multo
2696 3079 2759 3135 iis
2784 3077 2932 3148 plura
2962 3076 3030 3131 ab
3051 3076 3252 3130 insania
3280 3083 3455 3129 retra-

1875 3177 2021 3234 hant.
2054 3176 2236 3248 Itaque
2279 3190 2340 3232 ea
2370 3174 2728 3246 disputatione
2770 3172 3186 3244 supersedentes
3210 3170 3275 3225 ad
3301 3184 3462 3225 sanos

1874 3285 2179 3328 sermonem
2226 3282 2441 3325 omnem
2492 3275 2887 3329 convertamus,
2933 3264 3126 3319 iterum
3153 3262 3220 3317 ad
3246 3262 3457 3317 beatum

1877 3364 2095 3420 Paulum
2108 3361 2331 3418 reversi.
2350 3359 2426 3415 De
2445 3359 2622 3431 quibus
2639 3368 2807 3412 autem
2824 3356 2945 3410 mihi
2966 3355 3255 3422 scripsistis,
3271 3354 3462 3424 inquit,

1875 3456 2060 3511 bonum
2081 3464 2153 3510 est
2178 3453 2368 3508 homini
2397 3453 2653 3506 mulierem
2695 3465 2795 3503 non
2828 3457 3030 3519 tangere
3058 3444 3275 3515 (LCor.
3306 3446 3359 3500 7.
3386 3446 3463 3507 I).

1876 3547 2078 3603 Pudeat
2119 3559 2257 3600 nunc
2301 3552 2577 3614 utrosque,
2606 3549 2660 3596 et
2685 3539 2777 3608 qui
2819 3537 3217 3594 matrimonium
3264 3537 3467 3609 impru—

1880 3647 2026 3705 oant,
2055 3645 2110 3693 et
2133 3636 2223 3708 qui
2251 3635 2371 3706 plus
2393 3647 2546 3704 aequo
2570 3631 2869 3699 extollunt;
2900 3629 3141 3702 utrisque
3169 3644 3310 3686 enim
3339 3629 3466 3683 hea-

1878 3741 1963 3786 tus
1986 3730 2182 3786 Paulus
2217 3743 2339 3784 cum
2374 3725 2460 3783 his
2487 3725 2686 3793 verbis,
2720 3734 2828 3780 tum
2860 3724 2923 3779 iis
2964 3740 3082 3794 qua}
3129 3737 3470 3791 consequun-

1880 3830 1985 3885 tur,
2018 3821 2287 3876 silentium
2317 3818 2562 3888 imponit.

1951 3911 2117 3969 XXV.
2139 3910 2368 3981 lnﬁrmis
2393 3907 2723 3963 necessarium
2744 3922 2850 3960 esse
2870 3904 3260 3958 matrimonium.
3279 3932 3347 3941 —
3370 3903 3469 3956 Bu-

1882 4022 2007 4061 num
2033 4013 2118 4061 est
2133 4001 2567 4065 matrimonium;
2595 3999 2792 4069 quippe
2819 3996 2960 4067 quod
2988 4006 3041 4051 et
3071 3995 3241 4050 virum
3270 3997 3467 4050 retinet

1882 4098 1935 4152 in
1962 4096 2139 4152 ofﬁcio
2171 4092 2536 4164 temperantia:
2554 4134 2568 4156 ,
2590 4107 2763 4158 neque
2787 4092 2836 4143 in
2862 4089 3107 4143 libidines
3127 4088 3463 4158 provolutum

1882 4191 2100 4246 interire
2125 4190 2270 4245 sinit.
2293 4189 2469 4257 Quare
2506 4202 2574 4242 ne
2601 4186 2649 4241 id
2681 4198 2904 4247 accusa;
2931 4184 3088 4238 habet
3109 4183 3251 4238 enim
3276 4183 3464 4253 ingens

1884 4283 2225 4339 conunodum
2245 4323 2259 4345 ,
2286 4281 2484 4337 Christi
2507 4279 2746 4335 membra
2774 4279 2938 4333 scorti
2964 4276 3201 4332 membra
3228 4276 3338 4331 fieri
3364 4291 3471 4330 non

1884 4377 2199 4446 permittens
2223 4415 2237 4437 ,
2268 4388 2371 4429 nec
2417 4386 2627 4427 sacrum
2660 4370 2912 4440 templum
2956 4368 3223 4439 profanari
3275 4376 3327 4422 et
3366 4367 3470 4423 im-

1886 4483 2078 4540 purum
2131 4466 2244 4521 ﬁeri
2303 4464 2377 4537 (I.
2405 4462 2522 4519 Cor.
2559 4462 2611 4518 6.
2646 4462 2773 4533 15).
2816 4461 3019 4516 Bonum
3074 4468 3177 4525 est,
3228 4460 3468 4529 inquam,

1884 4563 2135 4634 quoniam
2180 4560 2462 4615 habentem
2506 4559 2733 4613 sustinet
2765 4564 2926 4627 atque
2972 4554 3149 4625 erigit.
3194 4553 3296 4608 Sed
3345 4551 3472 4621 quid

1886 4655 1987 4710 hoc
2009 4653 2200 4708 attinet
2245 4650 2309 4705 ad
2336 4665 2456 4706 eum
2487 4649 2580 4719 qui
2622 4657 2759 4712 stat,
2791 4656 2845 4702 et
2867 4648 2956 4717 qui
2992 4646 3107 4716 ejus
3151 4660 3307 4715 Opem
3358 4661 3466 4699 non

1885 4747 2192 4803 desiderat?
2217 4745 2348 4800 Nam
2379 4744 2466 4799 hic
2488 4760 2584 4798 nec
2610 4744 2736 4799 utile
2756 4785 2771 4810 ,
2805 4758 2902 4798 nec
2940 4742 3299 4798 necessarium
3348 4749 3432 4795 est
3453 4782 3469 4805 ,

1887 4841 1979 4896 sed
2017 4839 2083 4894 ad
2126 4840 2377 4894 virtutem
2423 4841 2583 4891 etiam
2643 4835 3112 4907 impedimentum,
3146 4849 3251 4889 non
3298 4833 3473 4889 solum

1886 4931 2027 5003 quod
2067 4932 2260 4986 multos
2287 4930 2522 5001 prmbeat
2558 4929 2739 4984 obices
2762 4967 2778 4993 ,
2808 4927 2903 4983 sed
2928 4927 3088 4983 etiam
3132 4926 3273 4997 quod
3300 4925 3478 4995 majo-

1889 5043 2001 5083 rem
2032 5036 2231 5096 partem
2262 5025 2431 5079 laudis
2456 5023 2723 5078 detrahat.

1960 5120 2151 5174 XXVI.
2197 5118 2295 5185 Qui
2350 5116 2491 5187 virgo
2561 5130 2709 5185 agere
2757 5112 2913 5183 possit
2977 5128 3038 5164 ac
3103 5110 3479 5164 matrimonium

1888 5215 2461 5277 contrahat,summum
2503 5207 2596 5262 sibi
2646 5207 2889 5259 damnum
2935 5208 3118 5276 facere.
3149 5233 3220 5245 -ο
3260 5202 3471 5259 Etenim

1888 5308 1976 5377 qui
2006 5306 2169 5361 armis
2190 5320 2311 5360 cum
2357 5303 2605 5367 instruit,
2633 5301 2721 5371 qui
2751 5298 2923 5354 nudus
2957 5313 3190 5369 pugnare
3217 5305 3396 5369 potest
3423 5306 3479 5350 et

1888 5400 2138 5465 vincere,
2167 5397 2301 5453 adeo
2340 5411 2447 5451 non
2475 5395 2661 5463 juvat,
2695 5401 2753 5445 ut
2789 5399 3023 5445 extrema
3072 5390 3230 5444 etiam
3279 5388 3480 5443 alliciat

1891 5491 2117 5561 injuria,
2145 5489 2493 5545 admiratione
2540 5502 2660 5540 eum
2693 5494 2748 5539 et
2789 5484 2980 5538 illustri
3022 5497 3218 5536 corona
3265 5482 3478 5536 defratp

1902 5582 2056 5638 dans.
2112 5580 2247 5636 Nam
2296 5593 2395 5635 nec
2443 5578 2677 5632 hominis
2715 5577 2964 5630 virtutem
3022 5587 3234 5628 omnem
3282 5573 3481 5641 patitur

1955 5675 1970 5705 ²
1997 5682 2111 5732 Quae
2133 5674 2402 5735 sequuntur
2421 5683 2449 5719 a
2465 5683 2603 5735 voce,
2620 5668 2861 5735 quoniam,
2879 5678 3038 5735 usque
3054 5665 3131 5725 ad,
3157 5663 3296 5715 multi
3316 5676 3479 5735 sach-

1894 5725 2094 5793 dotitlm,
2116 5725 2296 5785 desunt
2313 5730 2365 5783 In
2386 5731 2550 5783 Morel.
2566 5725 2617 5784 et
2634 5725 2858 5791 'Planttn.,
2886 5725 2975 5779 sed
3001 5743 3049 5778 tn
3082 5735 3195 5791 [ως.
3225 5737 3277 5777 et
3309 5725 3480 5777 Savilio

1892 5797 2179 5922 leﬁ‘i‘dtggg.
2198 5857 2269 5907 sic
2292 5852 2491 5919 legitur.
2512 5862 2567 5908 Ut
2588 5856 2639 5908 in
2655 5854 2909 5920 Sapphira,
2928 5852 2980 5906 in
2997 5853 3098 5906 riro
3116 5852 3237 5915 ejus,
3262 5850 3476 5901 Charini.
