3898 6282
507 399 563 452 Si
1171 391 1224 446 S.
1266 387 1538 446 JOANNIS
1574 384 2042 442 CIIIWSJSTOMI
2081 383 2398 438 AIlCIIIEP.
2427 381 2955 439 CONSTANTINOI’.

468 517 675 567 elucere
696 554 708 577 ,
736 525 832 565 nec
861 509 974 576 ejus
997 517 1254 576 tropaeum
1287 503 1592 574 percclt-bre
1622 500 1790 554 reddi.
1841 499 1896 552 In
1926 513 2040 552 ma-

469 606 719 662 trimonio
749 617 873 658 vero
896 601 1104 670 gravior
1127 599 1287 653 etiam
1309 597 1516 666 jactura
1546 602 1627 649 est
1650 609 1664 656 ;
1697 609 1868 662 neque
1895 594 2036 645 enim

467 697 639 751 solum
668 695 806 764 vulgi
836 691 1292 746 commendatione
1315 730 1328 753 ,
1359 687 1453 742 sed
1485 686 1712 757 prmmiis
1738 686 1897 739 etiam
1937 686 2041 746 vir-

465 788 573 858 gini
603 785 848 856 repositis
872 785 1058 854 privat.
1083 782 1378 852 Eapropter
1405 779 1598 832 bonum
1647 785 1788 830 esset
1836 775 2037 828 homini

468 879 744 936 mulierem
778 893 880 931 non
913 885 1146 945 tangere.
1174 872 1282 927 Cur
1306 873 1464 942 igitur
1495 879 1709 938 tangere
1742 867 2040 937 permittis?

466 970 693 1038 Propter
719 967 1119 1025 fornicationem
1142 1007 1156 1031 ,
1187 964 1375 1033 inquit.
1407 962 1606 1017 Vereor
1640 968 1691 1016 te
1723 960 1786 1014 ad
1817 959 2038 1028 virgini~

468 1061 587 1113 tntis
631 1059 894 1128 fastigium
933 1058 1237 1119 sustollere,
1268 1071 1332 1109 ne
1382 1055 1432 1108 in
1481 1052 1844 1107 fornicationis
1880 1052 2037 1105 bara-

467 1154 641 1207 thrum
676 1152 906 1207 decidas.
935 1150 1179 1205 Nondum
1215 1165 1276 1204 ea
1299 1163 1592 1218 pennarum
1619 1147 1831 1201 levitate
1851 1143 2042 1214 prtedi-

468 1256 550 1300 tus
575 1262 666 1309 es,
691 1253 749 1298 nt
784 1252 836 1299 te
871 1243 935 1297 ad
982 1243 1031 1296 id
1060 1257 1313 1297 cacumen
1357 1240 1546 1295 efferre
1589 1237 1808 1308 possim.
1838 1237 1906 1290 At
1941 1235 2038 1304 ipsi

467 1346 734 1392 certamen
767 1337 1134 1404 arripuerunt,
1177 1345 1334 1404 atque
1375 1333 1440 1387 ad
1468 1331 1780 1402 virginitatis
1829 1329 2039 1382 laudem

472 1428 828 1497 prodierunt.
877 1426 1011 1501 Quid
1049 1427 1204 1496 igitur
1243 1424 1504 1493 trepidas,
1546 1423 1698 1477 beate
1740 1419 1929 1487 Paule,
1979 1435 2043 1474 ac

471 1519 762 1573 formidas?
791 1518 938 1586 Quod
964 1517 1017 1572 hi
1049 1517 1278 1572 fortasse
1305 1533 1415 1571 rem
1447 1517 1748 1586 ignorantes
1779 1513 1878 1569 hac
1926 1513 2040 1566 ala-

467 1610 653 1663 rritate
683 1611 817 1674 sint;
847 1625 930 1664 me
959 1624 1084 1663 usus
1111 1623 1171 1662 ac
1196 1607 1506 1676 periclitatio
1526 1606 1641 1676 ejus
1667 1621 1853 1675 pugna:
1878 1603 2038 1660 etiam

468 1701 534 1756 ad
564 1699 774 1756 carteris
799 1699 1180 1753 consulendum
1213 1697 1532 1752 timidiorem
1560 1696 1754 1751 reddit.

538 1793 750 1847 XXVII.
801 1791 1046 1863 Magnum
1105 1807 1212 1845 esse
1253 1790 1585 1860 virginitatem
1633 1798 1679 1842 et
1749 1803 2044 1858 magnorum

466 1886 854 1940 conciliatricem
895 1886 1155 1938 bonorum.
1195 1912 1265 1922 -
1303 1879 1436 1935 Novi
1486 1880 1558 1934 rei
1613 1879 2038 1940 contentionem,

467 1981 587 2035 novi
639 1977 992 2034 certaminum
1043 1973 1345 2044 hujusmodi
1385 1973 1726 2033 violentiam,
1755 1969 1876 2025 novi
1919 1969 2040 2025 belli

467 2071 800 2142 gravitatem.
854 2067 1123 2122 Pervicaci
1155 2066 1380 2136 quodam
1419 2075 1473 2120 et
1523 2065 1642 2119 forti
1680 2065 1856 2117 animo
1907 2078 2041 2132 opus

467 2171 548 2215 cst
569 2203 583 2223 ,
613 2171 768 2230 atque
797 2175 823 2213 a
854 2157 1126 2213 libidinum
1156 2171 1313 2211 sensu
1334 2169 1539 2210 averso.
1568 2155 1695 2209 Nam
1725 2170 1818 2224 per
1849 2155 2039 2209 carbo-

465 2269 558 2306 nes
582 2251 659 2304 sic
677 2245 1090 2318 ingrediendum
1113 2253 1216 2305 est,
1236 2252 1420 2297 utnon
1453 2244 1632 2298 uraris
1659 2243 1838 2315 (Prov.
1854 2244 1908 2309 6,
1929 2245 2045 2312 28),

464 2353 517 2399 et
565 2349 638 2396 ita
686 2356 780 2412 per
829 2353 1122 2393 mucrones
1177 2336 1415 2391 eundum
1462 2343 1562 2400 ,ut
1615 2352 1721 2389 non
1777 2338 2047 2394 saucicris

472 2436 541 2500 ljla
564 2441 645 2486 est
673 2433 812 2485 enim
843 2431 1072 2489 libidinis
1100 2431 1211 2495 vis,
1245 2445 1363 2500 quae
1390 2430 1521 2500 ignis
1541 2438 1696 2500 atque
1714 2428 1870 2494 ferri;
1899 2429 2038 2506 quod

463 2525 564 2579 nisi
595 2525 802 2578 animus
827 2524 893 2578 ita
922 2532 1254 2594 comparatus
1279 2523 1374 2589 sit,
1399 2531 1455 2575 ut
1481 2537 1576 2576 nec
1597 2521 1660 2575 ad
1688 2521 1800 2591 ejus
1826 2521 2039 2576 dolores

470 2625 758 2681 moveatur,
809 2615 1047 2684 protinus
1075 2630 1132 2669 se
1167 2604 1368 2684 perdet.
1403 2612 1579 2683 Itaque
1616 2606 1858 2683 opus'cst
1886 2612 2040 2668 nobis

465 2708 797 2762 adamantina
825 2717 1022 2770 mente,
1052 2707 1204 2762 oculo
1234 2706 1487 2768 insomni,
1514 2706 1787 2760 tolerantia
1809 2720 2036 2772 summa,

467 2801 634 2856 muris
668 2801 865 2866 firmis,
907 2799 1325 2854 antemuralibus
1365 2814 1425 2853 ac
1474 2798 1772 2868 repagulis,
1805 2797 2040 2850 custodi-

467 2895 561 2946 hus
593 2893 931 2962 pervigilibus
970 2907 1030 2945 ac
1060 2890 1354 2961 praevalidis
1375 2933 1387 2953 ,
1420 2898 1574 2960 atque
1607 2891 1656 2944 in
1707 2890 1890 2959 primis
1930 2904 2036 2943 ete-

466 2985 579 3038 lesti
639 2984 836 3037 favore.
889 2983 1020 3037 Nam
1066 2982 1182 3036 Nisi
1230 2983 1473 3036 Dominus
1523 2983 1692 3036 urbem
1757 2984 2035 3049 custodiat,

466 3078 655 3144 frustra
695 3075 903 3144 vigilant
944 3075 1028 3144 qui
1055 3075 1340 3127 custodiunt
1375 3091 1483 3127 eam
1517 3074 1684 3144 (Psal.
1715 3075 1836 3130 126.
1867 3077 1938 3144 1).
1971 3077 2039 3130 At

463 3181 569 3234 quo
601 3175 752 3235 pacto
783 3181 902 3218 eum
932 3164 1163 3220 favorem
1209 3165 1514 3220 eliciemus?
1544 3165 1599 3221 Si
1639 3177 1814 3220 nostra
1861 3168 2036 3222 omnia

463 3261 799 3311 conleramus
819 3298 832 3320 ,
855 3273 981 3310 sana
1022 3256 1238 3310 consilia
1265 3298 1280 3322 ,
1318 3271 1575 3310 summam
1598 3258 1780 3327 jejunii
1814 3273 1876 3312 ac
1902 3259 2035 3328 vigi—

467 3351 650 3404 liarum
680 3351 1070 3403 contentionem
1087 3390 1100 3414 ,
1127 3349 1256 3419 legis
1271 3357 1573 3403 accuratam
1591 3351 2033 3416 observationem,

464 3441 827 3495 mandatorum
880 3441 1209 3505 custodiam,
1255 3449 1310 3495 et
1352 3441 1492 3510 quod
1517 3451 1674 3510 caput
1718 3452 1830 3508 est,
1885 3442 1928 3496 si
1982 3441 2032 3496 in

465 3533 614 3586 nobis
635 3531 875 3587 fiduciam
905 3545 1008 3585 non
1030 3532 1383 3596 collocemus;
1407 3546 1529 3585 nam
1559 3532 1656 3587 etsi
1679 3547 1866 3602 magna
1892 3547 2035 3601 qum-

464 3625 585 3676 datn
628 3632 966 3692 praestemus,
996 3621 1122 3677 illud
1165 3622 1303 3692 apud
1353 3637 1449 3677 nos
1501 3633 1753 3693 perpetuo
1801 3622 2036 3679 dicamus

466 3728 683 3770 necesse
713 3724 825 3770 est:
859 3713 978 3768 Nisi
1004 3713 1250 3768 Dominus
1273 3715 1590 3783 wdiﬁcaverit
1623 3715 1846 3779 domum,
1877 3716 1928 3769 in
1951 3730 2038 3769 va-

464 3825 584 3861 num
612 3808 957 3861 laboraverunt
995 3807 1081 3877 qui
1107 3807 1361 3875 mdi/icant
1397 3823 1509 3860 eam
1536 3805 1739 3877 (Ibid.).
1771 3805 1879 3859 Nec
1904 3807 2036 3859 enim

463 3900 600 3951 nobis
628 3899 761 3952 lucta
791 3908 862 3951 est
888 3898 1124 3951 adversus
1149 3898 1448 3967 sanguinem
1484 3906 1532 3951 et
1573 3913 1792 3962 carnem,
1825 3898 1914 3951 sed
1938 3898 2035 3951 ad-

463 4009 629 4046 versus
658 3991 994 4060 principatus,
1027 3991 1264 4043 adversus
1289 3998 1574 4059 potestates,
1602 3990 1839 4043 adversus
1862 3991 2037 4043 mundi

464 4092 676 4135 rectores
717 4082 1026 4134 tenebrarum
1066 4082 1216 4151 hujus
1255 4081 1445 4147 surculi,
1489 4081 1725 4136 adversus
1753 4082 2036 4150 spiritualia

463 4171 694 4243 nequitia:
722 4171 772 4224 in
802 4172 1075 4224 ca'lestibus
1100 4171 1309 4241 (Ep/tes.
1349 4173 1400 4227 6.
1434 4171 1548 4242 l2);
1578 4187 1640 4226 ac
1662 4182 1818 4226 nocte
1846 4171 2036 4242 dieque

462 4262 805 4332 cogitationes
860 4261 1012 4316 nobis
1055 4270 1271 4315 armat-.2
1326 4269 1468 4316 stent
1518 4271 1767 4332 oportet,
1819 4271 1873 4319 et
1938 4263 2038 4318 im-

467 4353 781 4421 pudentibus
847 4353 1151 4408 libidinibus
1226 4352 1491 4406 formidini
1560 4352 1687 4407 sint.
1738 4353 1944 4423 Quippe
1989 4353 2035 4409 si

467 4445 738 4498 minimmn
770 4444 1039 4500 remittant
1059 4485 1072 4509 ,
1095 4443 1309 4498 adstans
1335 4445 1572 4498 diabolus
1603 4448 1774 4513 ignem
1796 4444 2036 4499 manibus

467 4545 643 4603 tenet,
674 4537 972 4590 vibratnrus
1021 4552 1082 4592 ac
1135 4537 1222 4591 Dei
1278 4535 1530 4605 templum
1580 4543 2032 4589 concrematuros.

468 4628 606 4697 Ergo
649 4641 783 4696 opus
819 4636 898 4681 ρει
926 4626 1159 4696 undique
1201 4626 1531 4691 muniamur;
1576 4635 1657 4679 est
1697 4627 1837 4679 enim
1883 4625 2036 4692 nobis

465 4735 635 4789 pugna
661 4733 781 4773 cum
825 4729 1022 4773 natura:
1051 4718 1394 4784 necessitate,
1425 4718 1728 4787 angelorum
1750 4730 2034 4771 conversa-

467 4813 624 4865 tionis
647 4811 909 4866 :rmulatio
931 4853 944 4875 ,
978 4827 1095 4864 cum
1137 4810 1459 4879 incorporeis
1483 4811 1773 4864 Virtutibus
1813 4825 2031 4874 cursus;

469 4915 606 4957 terra
637 4912 795 4972 atque
838 4903 972 4957 cinis
1001 4903 1250 4956 ca:licnlis
1280 4903 1474 4971 mquari
1505 4903 1708 4967 nititur,
1739 4901 2036 4957 mortalitas

466 5012 584 5050 cum
617 4996 1004 5050 immortalitate
1030 5006 1297 5049 Certamen
1323 4997 1432 5049 init.
1455 4997 1517 5050 Et
1537 4997 1831 5065 quisquam.
1855 4996 2032 5060 sodes,

470 5087 860 5141 matrimonium
908 5103 966 5140 ac
1017 5089 1332 5156 voluptatem
1381 5105 1497 5140 ('Ulll
1529 5104 1585 5142 re
1629 5097 1767 5142 tanta
1795 5087 2036 5144 conferre

468 5179 641 5230 ausit?
667 5193 731 5230 an
757 5194 859 5230 non
903 5179 951 5230 id
980 5179 1129 5231 valtie
1159 5179 1405 5232 stolidum
1450 5181 1567 5233 est?
1600 5180 1777 5256 Itaque
1808 5180 1997 5234 Paulus
2017 5221 2030 5244 ,

467 5269 554 5336 qui
583 5268 693 5321 hinc
722 5269 899 5321 omnia
932 5271 1090 5324 sciret
1110 5311 1123 5328 .
1158 5270 1392 5333 dicebat,
1425 5271 1582 5324 Suam
1603 5273 1807 5341 quisque
1832 5289 2036 5326 uxorem

470 5360 645 5412 habent
675 5360 746 5428 (l.
772 5359 888 5414 Cor.
917 5363 965 5413 'i.
999 5361 1078 5432 9.):
1113 5362 1229 5416 ideo
1271 5363 1622 5428 detrectabat,
1653 5364 1773 5418 ideo
1811 5366 1892 5418 eis
1929 5380 2034 5418 non

473 5449 697 5504 audebat
713 5451 779 5505 de
801 5452 1095 5521 virginitate
1117 5455 1340 5522 primum
1359 5454 1641 5518 disserere;
1670 5454 1762 5509 sed
1783 5456 1833 5509 in
1851 5456 2034 5524 dispu-

475 5541 759 5596 ι.ιιίοιιί[›ιιε
776 5542 838 5596 de
858 5545 1192 5598 matrimonio
1219 5557 1476 5610 versatur,
1501 5547 1748 5615 paulatim
1766 5562 1858 5601 eos
1873 5564 1903 5601 a
1919 5563 2035 5600 ma-

471 5635 716 5688 trimonio
747 5635 1014 5691 retrahere
1041 5637 1254 5701 volens,
1283 5647 1334 5690 et
1359 5638 1571 5691 brevem
1601 5638 1668 5692 de
1709 5639 2034 5693 continentia

470 5741 767 5780 Sermonem
816 5728 1038 5796 longiori
1087 5728 1157 5780 illi
1204 5727 1559 5793 intermiscet,
1591 5743 1746 5783 aures
1798 5727 2036 5782 admoni-

472 5823 627 5875 tionis
676 5821 956 5876 severitatc
1006 5819 1145 5875 feriri
1204 5822 1417 5877 minime
1485 5836 1688 5892 passus.
1747 5821 1875 5876 Nam
1947 5823 2034 5893 qni

3611 387 3707 441 532

2146 511 2518 567 usquequaque
2544 511 2574 552 e
2600 498 2757 553 rebus
2801 497 2982 553 arduis
3007 497 3298 553 orationem
3326 500 3487 564 texit,
3511 511 3564 554 et
3602 513 3705 554 mo-

2146 590 2312 644 lestus
2341 600 2423 645 est
2450 589 2697 655 auditori,
2718 599 2771 644 et
2802 591 3110 660 plerumque
3137 591 3365 644 animum
3389 591 3527 662 cogit
3547 591 3705 646 dicto-

2146 696 2260 734 rum
2311 681 2620 751 gravitatem
2670 696 2776 736 non
2819 684 3072 736 ferentem
3104 681 3330 736 resilire.
3363 683 3547 752 Atqui
3594 699 3705 738 eam

2145 771 2345 835 variat,
2377 787 2437 825 ac
2461 771 2627 828 facilia
2661 773 2808 842 plura
2830 789 2985 843 quam
3012 772 3239 828 difficilia
3274 774 3565 837 immiscet,
3593 790 3707 830 cum

2145 863 2466 918 difficultatis
2494 879 2703 920 sensum
2729 865 2916 938 eripit,
2947 874 3056 919 tum
3083 865 3367 922 reficiendo
3395 867 3704 928 auditorem,

2147 956 2214 1007 ita
2240 971 2358 1008 eum
2384 957 2549 1024 magis
2571 955 2769 1010 inducit
2799 969 2852 1011 et
2892 957 3167 1023 conciliat;
3210 959 3350 1027 quod
3396 959 3610 1028 quidem
3661 969 3710 1011 et

2145 1045 2332 1101 beatus
2362 1047 2556 1103 Paulus
2579 1049 2716 1103 fecit.
2748 1049 2825 1104 ΕΟ
2851 1051 2992 1108 enim
3014 1051 3154 1105 dicto
3175 1090 3189 1115 ,
3212 1049 3407 1104 Bonum
3431 1061 3503 1104 est
3525 1051 3709 1102 homini

2145 1140 2403 1194 mulierem
2444 1158 2543 1195 non
2591 1151 2821 1212 tangere,
2853 1144 3094 1211 protinus
3129 1144 3192 1197 ad
3222 1145 3614 1198 matrimonium
3656 1161 3710 1198 se

2145 1233 2380 1300 recepit,
2414 1243 2468 1287 ut
2507 1249 2652 1288 suam
2706 1236 2926 1306 quisque
2972 1252 3184 1290 uxorem
3242 1237 3463 1292 haberet
3509 1239 3708 1294 dicens.

2147 1325 2316 1392 Atque
2343 1335 2622 1382 contentus
2654 1327 2702 1382 id
2728 1328 2936 1389 beatum
2966 1329 3281 1401 praedicasse
3304 1329 3469 1401 (nam,
3497 1330 3708 1397 Bonum,

2146 1416 2436 1485 inquit,est
2460 1419 2649 1473 homini
2675 1421 2931 1474 mulierem
2964 1438 3064 1476 non
3105 1423 3362 1491 tangere),
3411 1424 3477 1478 de
3530 1425 3712 1478 matri-

2145 1508 2326 1562 monio
2370 1520 2421 1565 et
2451 1513 2676 1566 consulit
2706 1522 2758 1568 et
2792 1516 3059 1583 prmcipit,
3086 1515 3265 1569 addita
3319 1519 3476 1571 etiam
3520 1533 3712 1572 causa:

2145 1601 2220 1653 ait
2267 1601 2443 1664 enim,
2495 1601 2710 1672 Propter
2749 1605 3350 1679 fornicationem;atque
3395 1611 3712 1665 matrimonii

2143 1695 2539 1750 concessionem
2597 1698 2988 1768 reprehendere
3030 1700 3268 1766 videtur;
3318 1701 3412 1758 sed
3475 1719 3534 1759 te
3592 1721 3715 1761 vera

2145 1787 2400 1856 expositis
2446 1791 2766 1846 matrimonii
2813 1795 2987 1849 causis
3034 1795 3191 1850 tacite
3221 1797 3557 1854 continentia:
3602 1798 3714 1851 lau-

2145 1878 2265 1940 dem
2294 1879 2610 1950 amplificat,
2645 1897 2750 1938 non
2780 1883 2831 1938 id
2858 1884 3054 1953 apertis
3082 1886 3261 1941 verbis
3284 1885 3558 1942 declarans
3579 1930 3592 1952 ,
3621 1888 3712 1944 sed

2144 1972 2439 2026 auditorum
2484 1977 2824 2031 conscientire
2859 1977 3184 2046 relinquens.
3214 1977 3344 2032 Nam
3375 1981 3464 2049 qui
3508 1995 3566 2036 se
3598 1996 3715 2034 mo-

2145 2063 2259 2117 neri
2287 2063 2543 2135 intelligat
2571 2075 2627 2120 ut
2653 2068 3045 2122 matrimonium
3084 2071 3403 2134 contrahat,
3431 2087 3534 2126 non
3574 2072 3715 2142 quod

2145 2156 2538 2212 matrimonium
2567 2159 2836 2228 potissima
2862 2161 3100 2231 quaedam
3129 2162 3299 2217 virtus
3324 2162 3424 2228 sit,
3457 2163 3548 2218 sed
3574 2163 3715 2231 quod

2145 2262 2202 2303 se
2228 2248 2418 2303 Paulus
2447 2258 2604 2304 tanta:
2646 2251 2879 2307 libidinis
2907 2251 3152 2317 damnet,
3188 2263 3244 2308 ut
3277 2253 3406 2308 citra
3444 2254 3717 2307 matrimo-

2147 2341 2291 2395 nium
2343 2341 2409 2393 ab
2450 2357 2511 2395 ea
2565 2357 2623 2396 se
2661 2343 2933 2397 continere
2977 2353 3236 2414 nequeat,
3274 2345 3594 2398 erubescens
3657 2359 3719 2398 ac

2145 2431 2450 2500 pudefactus
2468 2473 2482 2496 ,
2516 2433 2752 2500 protinus
2773 2433 3124 2503 virginitatem
3151 2435 3474 2501 adsciscere,
3505 2445 3664 2505 atque
3688 2451 3716 2488 a

2142 2538 2200 2579 sc
2229 2533 2424 2578 tantam
2456 2525 2720 2580 infamiam
2752 2527 3018 2595 depellere
3046 2529 3259 2583 nitetur.

2212 2616 2446 2670 XXVIII.
2482 2616 2605 2682 Qua:
2631 2618 2692 2672 de
2715 2619 3030 2673 matrimonio
3051 2619 3301 2683 dicantur,
3324 2620 3718 2674 cohortationem

2142 2723 2245 2761 esse
2269 2707 2335 2758 ad
2359 2707 2708 2778 virginitatem.
2730 2739 2796 2748 -—
2817 2708 2953 2776 Quid
2976 2724 3102 2765 vero
3117 2709 3262 2765 addit
3285 2710 3532 2780 insuper?
3557 2709 3718 2765 Uxori

2141 2800 2216 2851 vir
2242 2798 2456 2852 debitam
2484 2798 2873 2854 benevolentiam
2899 2800 3095 2866 reddat,
3124 2801 3391 2871 itidemque
3413 2819 3542 2856 uxor
3564 2804 3671 2856 viro
3698 2821 3717 2868 ;

2141 2891 2278 2958 quod
2322 2893 2552 2959 apertius
2601 2893 2889 2960 explanans
2933 2893 3110 2948 subdit
3139 2911 3151 2948 :
3185 2894 3323 2950 Uxor
3368 2894 3448 2948 sui
3491 2896 3720 2965 corporis

2141 2981 2345 3036 domina
2371 3000 2467 3036 non
2493 2993 2584 3050 est,
2612 2985 2700 3036 sed
2718 2985 2791 3038 vir
2812 3001 2832 3048 ;
2869 2984 3137 3056 itidemque
3165 2987 3240 3038 vir
3259 2986 3338 3039 sui
3367 2987 3597 3056 corporis
3623 2987 3719 3040 do-

2141 3075 2304 3128 minus
2331 3091 2431 3129 non
2457 3085 2546 3137 est,
2571 3075 2657 3129 sed
2685 3092 2812 3129 uxor
2839 3075 2915 3145 (1.
2937 3075 3053 3130 Cor.
3077 3076 3128 3129 7.
3157 3075 3232 3148 ὅ).
3267 3076 3332 3131 Et
3352 3077 3465 3132 hare
3489 3077 3592 3132 dici
3621 3093 3718 3148 pro

2143 3167 2478 3221 matrimonio
2526 3166 2801 3232 videntur;
2849 3182 3033 3222 revera
3076 3172 3253 3220 autem
3294 3180 3389 3234 ea,
3444 3177 3716 3238 tamquam

2143 3258 2352 3309 hamum
2405 3265 2615 3311 assueta
2665 3271 2784 3312 esca
2828 3258 3129 3312 obvolutum
3159 3301 3173 3323 ,
3227 3259 3277 3313 in
3333 3258 3716 3327 discipulorum

2141 3363 2295 3403 aures
2331 3349 2580 3412 immittit,
2611 3363 2702 3402 eos
2746 3364 2840 3417 per
2875 3363 3174 3404 sermonem
3214 3349 3280 3404 de
3324 3349 3660 3404 matrimonio
3685 3367 3716 3410 τι

2141 3439 2474 3493 matrimonio
2504 3440 2775 3494 retrahere
2799 3439 3000 3494 volens.
3047 3439 3144 3505 Qui
3188 3439 3326 3493 enim
3367 3439 3563 3503 audiat,
3596 3453 3720 3510 post

2141 3533 2532 3586 matrimonium
2565 3549 2669 3587 non
2697 3533 2806 3602 jam
2837 3547 2895 3588 se
2923 3548 3073 3588 suum
3098 3532 3228 3596 fore,
3251 3531 3342 3587 sed
3371 3533 3548 3587 uxoris
3574 3534 3722 3587 arbi-

2141 3623 2243 3678 trio
2283 3623 2576 3692 subjectum
2626 3623 2710 3689 iri,
2739 3638 2837 3678 nec
2872 3638 3040 3686 mora,
3081 3623 3418 3678 acerbissima
3458 3624 3718 3679 servitute

2139 3717 2395 3786 expedire
2424 3732 2481 3771 se
2510 3715 2807 3780 conabitur,
2837 3716 2917 3772 vel
2958 3717 3130 3786 petitis
3160 3731 3257 3772 nec
3285 3717 3466 3787 jugum
3493 3718 3714 3781 subire;

2139 3825 2259 3864 cum
2309 3808 2396 3877 qni
2439 3808 2601 3862 semel
2653 3809 2904 3872 subierit,
2951 3809 2998 3863 ei
3039 3823 3199 3879 porro
3237 3808 3572 3863 serviendum
3621 3811 3714 3872 sit,

2139 3900 2385 3968 quamdiu
2431 3899 2482 3954 id
2521 3899 2672 3954 uxori
2721 3899 2981 3955 videatur.
3025 3898 3176 3966 Quod
3207 3908 3379 3954 autem
3406 3901 3490 3955 hic
3517 3916 3622 3954 non
3645 3917 3714 3957 ex

2138 3992 2443 4061 conjectura
2486 3991 2552 4046 de
2592 3990 2743 4046 Pauli
2773 3991 3028 4046 sententia
3065 3990 3268 4061 loquar,
3301 4001 3598 4062 promptum
3632 4004 3714 4049 est

2140 4097 2202 4136 ex
2235 4081 2504 4152 discipulis
2527 4096 2870 4150 cognoscere.
2901 4081 3031 4136 Nam
3060 4096 3157 4136 nec
3183 4081 3216 4135 ii
3245 4096 3402 4149 grave
3439 4097 3501 4135 ac
3537 4085 3716 4137 mole-

2139 4183 2277 4226 stum
2304 4187 2424 4228 esse
2449 4172 2839 4226 matrimonium
2872 4172 3016 4242 prius
3053 4172 3290 4228 arbitrati
3329 4181 3468 4237 sunt.
3500 4189 3658 4242 quam
3681 4191 3715 4229 a

2139 4265 2363 4320 Domino
2390 4280 2448 4321 se
2476 4265 2527 4320 in
2558 4280 2672 4320 eam
2714 4267 3080 4321 necessitatem
3121 4267 3427 4332 conclusos,
3461 4267 3510 4322 in
3550 4284 3713 4337 quam

2125 4360 2174 4408 el
2209 4369 2237 4406 a
2273 4351 2445 4407 Paulo
2469 4362 2582 4407 tum
2609 4353 2905 4415 Corinthii,
2933 4353 3204 4408 viderunt.
3241 4354 3372 4407 Illud
3401 4354 3569 4418 enim,
3598 4353 3710 4421 Qui

2126 4462 2345 4500 uxorem
2382 4462 2535 4500 suam
2557 4445 2842 4513 dimiserit,
2875 4455 3090 4515 excepta
3115 4447 3485 4515 fornicationis
3517 4462 3708 4509 causa,

2125 4540 2256 4609 facit
2306 4556 2422 4593 eam
2475 4539 2724 4593 mmchari
2765 4539 2979 4606 (Matth.
3001 4540 3054 4595 5.
3087 4541 3215 4606 52);
3255 4547 3308 4594 et
3341 4539 3464 4603 hoc,
3503 4537 3596 4591 Vir
3622 4540 3709 4591 sui

2124 4630 2357 4698 corporis
2379 4628 2621 4683 dominus
2646 4645 2749 4683 non
2777 4637 2853 4682 est
2885 4628 2961 4699 (1.
2986 4627 3111 4683 Cor.
3142 4629 3188 4681 7.
3215 4630 3303 4699 4);
3331 4627 3696 4683 dissimilibus

2126 4722 2329 4787 verbis,
2355 4721 2450 4777 sed
2469 4722 2658 4777 eodem
2691 4737 2859 4776 sensu
2881 4729 3144 4792 concepta
3169 4729 3316 4776 sunt.
3349 4720 3489 4787 Quin
3517 4720 3563 4776 si
3585 4722 3714 4790 quis

2128 4822 2229 4869 hoc
2253 4813 2404 4868 Pauli
2419 4814 2732 4868 accuratius
2749 4813 3167 4874 animadvertat.
3187 4812 3528 4884 tyrannidem
3547 4821 3714 4882 auget

2140 4908 2324 4976 magis,
2372 4905 2742 4973 durioremque
2778 4902 3083 4957 servitutem
3127 4902 3318 4956 reddit.
3357 4900 3486 4955 Nam
3534 4902 3714 4955 Domi-

2141 5014 2239 5053 nus
2270 4998 2385 5052 viro
2414 5011 2519 5051 non
2547 4995 2803 5065 permittit
2830 5009 2946 5048 eam
2987 4994 3146 5048 domo
3181 4994 3396 5060 exigere
3425 4995 3440 5024 ι
3471 5009 3484 5046 :
3516 4993 3715 5048 Paulus

2140 5091 2186 5143 ei
2211 5088 2367 5142 etiam
2413 5086 2492 5141 sui
2529 5087 2767 5154 corporis
2793 5084 3026 5138 dominio
3056 5095 3265 5151 erepto,
3300 5099 3458 5139 omne
3483 5083 3600 5154 ejus
3626 5086 3714 5153 jus

2141 5182 2190 5235 in
2221 5194 2436 5234 uxorem
2456 5178 2678 5241 confert,
2702 5179 2856 5246 eique
2878 5192 2998 5230 eum
3022 5176 3260 5245 cmptitio
3283 5175 3481 5229 famqu
3502 5178 3714 5246 gravius

2141 5273 2366 5343 subjicit.
2394 5272 2522 5326 Huic
2553 5271 2692 5324 enim
2726 5271 2847 5324 licet
2875 5271 3134 5324 interdum
3167 5269 3384 5323 solidam
3409 5270 3712 5323 libertatem

2141 5363 2376 5432 adipisci,
2409 5363 2453 5416 si
2494 5362 2706 5432 quidem
2744 5362 2908 5429 possit
2947 5361 3226 5430 aliquando
3266 5371 3448 5416 auctus
3493 5364 3715 5429 pecunia

2142 5455 2270 5507 hero
2295 5453 2516 5521 pretium
2539 5467 2817 5506 numerare
2842 5470 2854 5505 :
2877 5461 2932 5505 at
2951 5451 3048 5518 vir,
3069 5451 3305 5520 quamvis
3321 5451 3554 5504 oninium
3579 5451 3720 5504 difﬁ-

2141 5544 2389 5598 cillimam
2419 5557 2636 5597 uxorem
2667 5552 2850 5597 nactus
2877 5543 2962 5606 sit,
2985 5542 3296 5597 servitutem
3325 5541 3457 5595 ferre
3484 5543 3716 5610 cogitur,

2142 5650 2240 5691 nec
2267 5648 2368 5705 qua
2398 5647 2464 5689 eo
2492 5632 2761 5688 dominatu
2803 5650 2864 5688 se
2899 5633 3158 5697 absolvat,
3190 5633 3324 5687 inire
3347 5633 3484 5686 viam
3516 5643 3711 5704 potem.

2210 5832 2225 5864 ³
2261 5837 2368 5880 ηερ
2391 5827 2582 5894 paulum
2604 5824 2797 5877 diverse
2814 5825 2978 5890 jaceat
2999 5825 3048 5876 in
3067 5829 3203 5892 Reg.
3227 5823 3313 5874 sed
3339 5836 3495 5872 minus
3514 5832 3670 5873 retas.
