3844 6254
415 367 518 422 555

487 477 617 534 ΚΘ.
632 476 818 530 Εἰπὼν
834 476 1032 544 τοίνυν,
1047 478 1110 532 Ἡ
1121 479 1276 548 γυνὴ
1292 479 1397 534 τσῦ
1417 479 1570 534 ἰδίου
1593 477 1869 548 σώματος
1888 480 2002 534 οὐκ

415 559 768 627 ἐξουσιάζει,
796 561 1015 628 ἐπάγει·
1043 560 1140 630 Μὴ
1177 561 1563 630 ἀποστερεῖτε
1587 561 1923 628 ἀλλήλους,
1954 563 2008 616 εἰ

411 645 494 716 μή
520 662 574 698 τι
602 644 679 698 ἂν
701 645 770 698 ἐκ
805 643 1132 714 συμφώνου
1159 645 1310 713 πρὸς
1331 644 1560 714 καιρὸν,
1581 647 1683 699 ἵνα
1703 645 2009 714 σχολάση-

413 746 477 781 τε
525 727 600 796 τῇ
643 727 956 798 προσευχῇ
1005 728 1103 782 καί
1137 727 1212 796 τῇ
1244 730 1513 798 νηστείᾳ,
1555 730 1653 784 καί
1689 729 1877 783 πάλιν
1907 728 2009 782 ἐπὶ

413 811 479 865 τὸ
537 812 684 867 αὐτὸ
732 811 1125 882 συνέρχεσθε.
1174 813 1408 877 Πολλοὺς
1471 813 1703 867 ἐνταῦθα
1756 812 1866 866 τῶν
1907 813 2008 884 τὴν

415 895 714 968 παρ’θενίαν
747 897 1180 969 ἐπανῃρημένων
1211 895 1362 968 οἶμαι
1396 899 1487 950 καὶ
1520 897 1776 969 ἐρυθριᾷν
1802 896 1897 950 καὶ
1921 897 2010 950 αἰ-

416 978 710 1049 σχύνεσθαι
759 979 852 1032 ἐπὶ
897 983 966 1051 τῇ
999 979 1165 1051 πολλῇ
1207 981 1615 1049 συγκαταϐάσει
1649 979 1742 1033 τοῦ
1771 979 2004 1034 Παύλου·

415 1062 552 1116 ἀλλά
595 1064 670 1135 μὴ
711 1062 946 1135 δείσητε,
999 1063 1134 1135 μηδέ
1172 1064 1463 1136 ἀϐέλτερόν
1502 1082 1555 1118 τι
1589 1063 1823 1136 πάθητε.
1852 1065 2012 1116 Δοκεῖ

419 1147 518 1220 μὲν
542 1147 651 1218 γὰρ
679 1148 773 1201 καὶ
801 1147 974 1200 ταῦτα
1000 1143 1135 1201 εἰναι
1159 1146 1517 1219 χαριζομένου
1549 1150 1662 1210 τοῖς
1693 1146 2012 1216 γεγαμηκὸ-

420 1249 527 1287 σινο
569 1233 617 1284 εἰ
643 1231 701 1285 δέ
733 1248 818 1296 τις
852 1232 992 1285 αύτά
1029 1231 1273 1304 ἀκριϐῶς
1298 1231 1671 1301 διασκέψαιτο,
1711 1231 1809 1302 τῆς
1845 1231 2012 1302 αὐτῆς

417 1316 548 1370 ὄντα
576 1318 688 1379 τοῖς
715 1315 1001 1388 προτέροις
1033 1317 1252 1388 εὑρήσει
1284 1314 1530 1388 γνώμης.
1565 1316 1629 1368 Εἰ
1666 1316 1765 1386 μέν
1787 1315 1896 1387 γάρ
1926 1332 2010 1379 τις

419 1399 560 1454 αύτά
625 1399 812 1464 ἀπλῶς
868 1399 1138 1467 ἐπεξιέναι
1188 1399 1448 1470 βούλοιτο,
1494 1401 1592 1470 τῆς
1641 1397 2012 1470 προκειμένης

419 1483 777 1538 ἀπαλλάττων
817 1496 841 1524 ι
880 1483 1078 1547 αἰτίας,
1118 1483 1259 1548 δόξει
1299 1482 1668 1554 νυμφευτρίας
1700 1478 1837 1536 εἶναι
1877 1480 2011 1552 μᾶλ-

418 1567 508 1621 λον
545 1567 577 1638 ἢ
618 1567 915 1621 ἀποστόλου
948 1568 1016 1622 τὰ
1044 1569 1284 1640 ῥήματα·
1310 1571 1356 1621 εἰ
1389 1568 1446 1620 δέ
1471 1568 1560 1620 τὸν
1593 1566 1794 1619 σκοπὸν
1831 1565 2008 1619 ἀπαν-

418 1669 487 1704 τα
525 1650 887 1718 ἀναπτύξειε,
933 1652 1028 1704 καὶ
1068 1651 1274 1722 ταύτην
1321 1651 1544 1721 καιρίαν
1587 1651 1613 1689 b
1648 1650 1874 1720 εὑρήσει
1907 1649 2010 1718 τῆς

418 1733 779 1806 ἀποστολικῆς
820 1735 975 1799 ἀξίας
1007 1734 1106 1804 τὴν
1134 1735 1472 1805 παραίνεσιν.
1510 1733 1610 1787 Διά
1652 1734 1708 1786 τί
1739 1733 1849 1805 γὰρ
1904 1750 2010 1803 μα-

421 1817 682 1890 κρότερον
707 1818 946 1884 ἐπέξεισι
975 1817 1148 1888 τούτῳ
1182 1818 1260 1886 τῷ
1295 1818 1470 1889 λόγῳς
1507 1819 1566 1871 ού
1600 1817 1708 1888 γάρ
1743 1818 1902 1888 ἤρκει
1924 1815 2011 1870 διὰ

417 1900 526 1953 τῶν
552 1901 810 1972 ἀνωτέρω
835 1902 993 1956 τοῦτο
1029 1903 1353 1974 σεμνότερον
1385 1902 1778 1974 ἐνδειξάμενον,
1819 1901 2012 1972 μέχρις

419 1984 631 2036 ἐκείνου
678 1986 870 2055 στῆσαι
904 1984 1000 2056 τὴν
1031 1985 1385 2057 παραίνεσινς
1433 1985 1486 2039 τί
1533 1986 1642 2055 γὰρ
1684 1985 1796 2057 ἔχει
1848 1984 2012 2039 πλέον

418 2065 534 2130 τοῦ,
576 2066 654 2133 Τῇ
683 2070 916 2138 γυναικὶ
955 2073 986 2123 ό
1018 2070 1174 2138 ἀνὴρ
1206 2069 1320 2137 τὴν
1351 2068 1749 2139 ὀφειλομένην
1771 2070 2013 2123 εὔνοιαν

419 2148 774 2213 ἀποδιδότω,
799 2150 912 2213 καὶ,
943 2151 995 2203 '0
1011 2151 1166 2220 ἀνὴρ
1183 2152 1288 2208 τοῦ
1305 2151 1459 2208 ἰδίου
1475 2154 1744 2226 σώματος
1757 2157 1870 2210 οὐκ
1913 2151 2012 2216 ἐξ·

423 2232 709 2297 ουσιιίζει,
734 2233 814 2296 τὸ,
845 2231 944 2302 Μὴ
982 2233 1368 2303 ἀποστερεῖτε
1397 2234 1733 2304 ἀλλήλους,
1762 2238 1815 2289 εἰ
1841 2232 1926 2304 μή
1956 2252 2012 2289 τι

421 2316 499 2370 ἂν
526 2317 595 2370 ἐκ
617 2317 946 2386 συμφώνου
972 2316 1121 2386 πρὸς
1147 2321 1396 2386 καιρόν;
1430 2317 1599 2372 Πλέον
1633 2319 1731 2390 μὲν
1751 2318 1924 2372 οὐδέν’
1952 2318 2013 2372 τὸ

419 2398 478 2453 δὲ
523 2400 582 2454 ἐν
620 2399 810 2472 βραχεῖ
836 2402 928 2454 καὶ
967 2401 1224 2472 ἀμυδρῶς
1254 2402 1542 2474 εἰρημένον
1572 2403 1689 2456 ἐκεῖ
1711 2401 1800 2455 διὰ
1833 2401 2014 2456 πλειό-

421 2501 528 2537 νων
558 2483 793 2538 ἐνταῦθα
827 2485 1160 2555 σαφέστερον
1192 2483 1566 2558 ἐξειργάσατο.
1599 2487 1752 2539 Ποιεῖ
1774 2487 1829 2540 δέ
1855 2485 2014 2540 τοῦτο

425 2567 761 2640 μιμούμενος
809 2569 901 2622 τὸν
943 2570 1096 2637 ἅγιον
1130 2569 1222 2622 τοῦ
1267 2569 1400 2623 Θεοῦ
1438 2570 1713 2642 Σαμουὴλ.
1748 2569 2013 2642 Καθάπερ

421 2655 528 2726 γὰρ
561 2654 768 2716 ἐκεῖνος
794 2654 932 2724 μετά
962 2655 1140 2724 πάσης
1171 2653 1460 2724 ἀκριϐείας
1491 2655 1618 2718 τοὺς
1646 2654 1774 2728 περὶ
1797 2654 1898 2725 τῆς
1919 2653 2014 2724 βα-

423 2737 627 2801 σιλείας
671 2737 945 2807 ἐξηγεῖται
991 2738 1187 2807 νόμους
1221 2739 1333 2801 τοῖς
1380 2736 1639 2802 ἰδιώταις,
1673 2739 1771 2809 οὐχ
1799 2737 1887 2792 ἵνα
1921 2737 2012 2791 δέ-

421 2820 638 2886 ξωνται,
673 2821 786 2874 ἀλλ’
819 2822 905 2874 ἵνα
931 2823 1004 2892 μὴ
1033 2821 1310 2886 δέξωνται·
1341 2823 1434 2874 καὶ
1463 2821 1612 2876 δοκεῖ
1640 2821 1738 2892 μέν
1761 2821 2015 2876 διδασκαο

420 2905 507 2958 λία
544 2916 566 2944 ο
599 2905 659 2958 τὸ
705 2907 938 2977 πρᾶγμα
971 2905 1132 2968 εἰναι,
1169 2905 1228 2958 τὸ
1275 2904 1329 2958 δὲ
1367 2905 1564 2976 ἀληθὲς
1597 2907 1882 2978 ἀποτροπή
1929 2923 2014 2970 τις

419 2985 487 3060 ἦν
523 2991 622 3060 τῆς
673 2989 970 3060 ἐπιθυμίας
1025 2989 1206 3042 αὐτῶν
1241 2989 1338 3060 τῆς
1373 2989 1625 3060 ἀκαίρουο
1662 2989 1806 3043 οὕτω
1845 2989 1941 3043 καὶ
1985 2992 2014 3044 6

422 3075 632 3138 Παῦλος
653 3074 748 3127 τοῦ
777 3075 956 3144 γάμου
989 3073 1086 3127 τὴν
1117 3073 1410 3145 τυραννίδα
1437 3079 1826 3145 συνεχέστερον
1859 3073 2015 3146 στρέ-

421 3177 510 3234 φει
563 3157 658 3217 καὶ
708 3158 1064 3232 σαφέστερον,
1112 3157 1322 3222 τούτοις
1359 3158 1557 3222 αὐτοὺς
1607 3160 1722 3222 τοῖς
1767 3159 2014 3230 ῥήμασιν

422 3247 631 3301 ἐκεῖθεν
665 3245 949 3311 ἐξελκύσαι
994 3244 1335 3316 βουλόμενος.
1368 3240 1556 3296 Εἰπὼν
1589 3241 1718 3314 γὰρ,
1765 3243 1825 3298 Ἠ
1857 3242 2014 3314 γυνὴ

421 3332 528 3386 τοῦ
579 3331 734 3385 ἰδίου
789 3331 1066 3399 σώματος
1108 3331 1220 3383 οὑκ
1265 3325 1620 3392 ἐξουσιάζει,
1653 3326 1869 3396 ἐπάγει,
1915 3327 2015 3398 Μὴ

423 3414 806 3484 ἀποστερεῖτε
853 3412 1187 3479 ἀλλήλους,
1242 3413 1292 3465 εἰ
1332 3410 1418 3481 μή
1458 3427 1516 3464 τι
1557 3409 1634 3464 ἂν
1665 3411 1734 3464 ἐκ
1771 3409 2016 3482 συμφώ-

423 3515 554 3565 νου,
597 3498 697 3551 ἵνα
736 3494 1070 3566 σχολάζητε
1105 3495 1182 3564 τῇ
1220 3495 1474 3564 νηστείᾳ
1511 3494 1608 3549 καί
1646 3493 1723 3563 τῇ
1753 3509 2016 3565 προσευ-

573 3581 736 3652 Ὁρᾷς
767 3579 884 3644 πῶς
928 3580 1255 3642 ἀνυπόπτως
1305 3579 1399 3633 καὶ
1445 3577 1769 3648 ἀνεπαχθῶς
1806 3579 1932 3643 τοὺς
1959 3578 2016 3632 ἐν

421 3664 498 3736 τῷ
528 3664 692 3736 γάμῳ
723 3664 984 3735 μένοντας
1017 3665 1098 3727 εἰς
1123 3663 1221 3734 τὴν
1245 3663 1341 3732 τῆς
1363 3661 1686 3734 ἐγκρατείας
1713 3659 2017 3733 γυμνασίαν

421 3751 687 3821 ἐνήγαγε;
726 3749 885 3820 Παρά
922 3747 1022 3819 μὲν
1061 3747 1170 3819 γάρ
1222 3746 1317 3818 τὴν
1351 3746 1526 3818 ἀρχὴν
1551 3746 1740 3810 ἁπλῶς
1781 3746 1844 3800 τὸ
1875 3747 2018 3818 πρᾶ-

420 3851 538 3906 γμα
573 3833 858 3905 ἐπῄνεσεν,
913 3831 1103 3886 εἰπών·
1157 3831 1362 3885 Καλὸν
1399 3829 1690 3898 ἀνθρώπῳ
1727 3828 2018 3902 γυναικὸς

419 3919 503 3990 μὴ
532 3919 846 3973 ἅπτεσθαι·
893 3915 1128 3968 ἐνταῦθα
1157 3914 1214 3968 δέ
1253 3916 1345 3967 καὶ
1387 3919 1713 3986 παραίνεσιν
1745 3913 2018 3985 προσέθη-

422 4021 538 4064 κεν,
573 4000 760 4054 εἰπών·
788 4003 845 4052 Μ
852 3999 886 4068 ἡ
911 3997 1294 4066 ἀποστερεῖτε
1319 3997 1656 4064 ἀλλήλους,
1681 3999 1732 4050 εἰ
1750 3996 1834 4066 μή
1862 4013 1916 4050 τι
1940 3996 2020 4051 ἂν

422 4087 490 4140 ἐκ
535 4083 885 4154 συμφώνου.
934 4081 1032 4134 Διά
1079 4082 1132 4134 τί
1175 4081 1230 4134 δὲ
1284 4082 1379 4134 καὶ
1425 4083 1484 4135 ἐν
1525 4080 1844 4152 παραινέσει
1882 4081 2019 4152 ὅπερ

424 4169 597 4222 θεῖναι
631 4167 890 4237 ἠϐούλετο
923 4166 1240 4234 εἰσήγαγεν,
1275 4163 1391 4216 ἀλλ’
1426 4165 1526 4218 ούκ
1558 4165 1615 4217 ἐν
1644 4164 2019 4234 ἐπιτάγματος

426 4255 700 4325 σχήματι;
734 4250 810 4305 Ού
835 4249 943 4318 γάρ
971 4244 1141 4301 εἶπεν·
1190 4248 1571 4319 Ἀποστερεῖτε
1596 4248 1696 4317 μὲν
1731 4247 2016 4319 ἀλλήλους,

426 4330 732 4403 συμφώνως
763 4327 843 4381 δέ·
881 4326 1018 4380 ἀλλά
1075 4325 1162 4392 τίς
1207 4325 1304 4394 Μὴ
1335 4325 1362 4363 ά
1391 4325 1777 4395 ἀποστερεῖτε
1825 4326 2020 4396 ἀλλή-

423 4416 593 4477 λους,
625 4411 677 4464 εἰ
716 4405 801 4477 μή
854 4423 910 4460 τι
961 4403 1039 4460 ἂν
1078 4405 1148 4458 ἐκ
1183 4404 1531 4476 συμφώνου·
1559 4406 1640 4459 ὅτι
1673 4405 1815 4459 οὕτω
1855 4422 2019 4474 προσ-

423 4493 712 4564 ηνέστερος
743 4490 771 4541 6
799 4487 956 4554 1670;
986 4486 1252 4555 ἐγίγνετο,
1286 4485 1378 4540 τοῦ
1412 4485 1732 4540 διδασκάλου
1752 4485 1850 4557 τὴν
1869 4483 2022 4564 ,γνώ-

428 4563 534 4642 μην
565 4569 797 4630 δεικνὺς,
821 4566 882 4618 οὺ
909 4567 1047 4636 μετά
1079 4565 1439 4637 σφοδρότητος
1469 4564 1628 4618 τοῦτο
1653 4563 2018 4628 ἁπαιτοῦσαν,

424 4652 510 4705 ὅτε
553 4649 784 4721 μάλιστα
832 4646 926 4698 καὶ
981 4646 1118 4716 μετὰ
1153 4645 1354 4716 πολλῆς
1390 4645 1490 4716 τῆς
1530 4643 1953 4716 εὐγνωμοσύνης
1984 4646 2018 4716 ἡ

426 4731 630 4793 ἐκτισις
653 4730 883 4798 γίνεται.
917 4727 991 4780 Ού
1021 4725 1196 4796 τούτῳ
1226 4725 1283 4779 δὲ
1317 4722 1462 4797 μόνῳ
1488 4727 1896 4798 παραμυθεῖται
1927 4723 2022 4778 τὸν

425 4810 722 4881 ἀκροατὴν,
753 4806 889 4861 ἀλλά
910 4806 1006 4860 καὶ
1040 4805 1117 4875 τῷ
1140 4807 1202 4858 τὸ
1227 4806 1327 4874 μὲν
1353 4807 1527 4876 τραχὺ
1551 4805 1777 4876 βραχέσι
1809 4806 2023 4858 συστεῖ-

429 4893 513 4947 λαι
567 4892 800 4963 ῥήμασι,
855 4888 984 4960 πρὶν
1035 4886 1068 4956 ἢ
1109 4885 1167 4940 δέ
1210 4885 1445 4958 ἀλγῆσαι
1493 4886 1582 4939 τὸν
1610 4887 1898 4948 ἀκούοντα,
1929 4885 2022 4963 ἐπὶ

433 4972 491 5026 τὰ
538 4970 773 5043 ἡδύτερα
823 4964 1229 5038 μεως-πηδῆσαι,
1275 4966 1369 5018 καὶ
1413 4963 1624 5030 τούτοις
1681 4962 2020 5037 ἐνδιατρίψαι

473 5052 652 5106 ἄλλον.

429 5072 780 5196 μαίῦῗῖάξιον
809 5127 864 5182 δέ
887 5125 1141 5194 ἐξετάσαι
1162 5125 1402 5188 κάκεῖνο,
1429 5124 1483 5177 τί
1509 5124 1730 5195 δήποτε,
1758 5123 1916 5195 εἴπερ
1941 5123 2024 5176 τί-

437 5226 557 5283 μιος
582 5210 611 5262 6
638 5210 814 5278 γάμος
842 5208 937 5261 καὶ
965 5209 998 5277 ὴ
1023 5205 1178 5274 κοίτη
1197 5204 1480 5283 ἀμίαντος,
1502 5205 1603 5260 οὐκ
1618 5204 1841 5276 ἀφίησιν
1868 5201 2021 5276 [290]

427 5282 594 5344 αὑτὸν
611 5286 792 5358 χώραν
820 5286 963 5356 ἐχειν
989 5287 1046 5339 ἐν
1064 5286 1141 5356 τῷ
1168 5287 1268 5356 τῆς
1284 5282 1538 5354 νηστείας
1557 5284 1652 5358 καὶ
1673 5283 1771 5354 τῆς
1798 5299 2025 5354 προσευ-

427 5369 528 5440 χῆς
566 5356 779 5437 καίιρῷς
812 5365 935 5417 Ὅτι
973 5363 1080 5416 τῶν
1110 5364 1316 5435 σφόδρα
1351 5360 1570 5414 ἀτόπων
1609 5356 1700 5432 ἦν,
1735 5361 2024 5440 Ἰουδαίους

433 5436 553 5520 μὲν,
590 5436 672 5509 οἷς
713 5444 929 5498 ἅπαντα
955 5443 1026 5497 τά
1059 5445 1348 5514 σωματικά
1377 5440 1768 5506 διατετύπωτο,
1808 5436 1887 5505 οἷς
1927 5443 2023 5495 καὶ

428 5519 524 5583 δύο
567 5528 828 5596 γυναῖκας
873 5524 1015 5596 ἐχειν
1047 5524 1257 5593 ὴφεῖτο,
1306 5523 1400 5578 καὶ
1440 5521 1540 5584 τὰς
1583 5521 1681 5592 μὲν
1712 5519 2020 5586 ἐκϐάλλειν,

430 5606 528 5672 τάς
560 5607 616 5659 δὲ
645 5603 1006 5672 ἀντεισάγειν,
1043 5603 1312 5674 τοσαύτην
1337 5599 1607 5655 ποιεῖσθαι
1637 5598 1731 5654 τοῦ
1765 5601 2025 5672 πράγμα-

431 5705 524 5753 τος
569 5688 848 5760 πρόνοιαν,
881 5686 958 5751 ὡς
1012 5685 1306 5758 μέλλοντας
1351 5685 1508 5739 θείων
1550 5683 1771 5736 ἀκούειν
1825 5681 2020 5750 λόγων,

436 5771 738 5842 ἀποστῆναι
768 5771 862 5826 καὶ⁵
891 5770 990 5842 τῆς
1022 5769 1164 5824 κατά
1188 5768 1350 5838 νόμον
1381 5767 1600 5838 μίξεως,
1630 5765 1726 5822 καὶ
1764 5762 1936 5823 ταῦτα
1961 5765 2022 5819 ού

500 5889 525 5952 ξ
550 5889 674 5952 Beg.
699 5890 1004 5938 ἀποκόπτων.

499 5947 527 6029 ξ
553 5947 858 6029 ςςίξκαιρίαν
885 5952 1014 6029 lfgil
1034 5950 1165 6006 ἀξίαν
1196 5949 1352 6000 Savil.

502 6017 525 6074 ξ
553 6013 675 6074 Reg.
701 6013 1026 6069 διδασκαλίας.

501 6073 528 6114 ο
554 6073 676 6139 λιες.
703 6076 952 6140 ἀλλήλους,
977 6077 1054 6126 ἵνα
1076 6074 1350 6140 σχολάσητε
1372 6077 1427 6134 τῇ
1452 6077 1710 6136 προσευχῇ,
1735 6074 1853 6124 ἀλλὰ
1878 6076 1959 6138 μή.

1149 367 1208 422 S.
1243 364 1530 422 JOANNIS
1566 362 2054 420 CHRYSOSTOMI
2093 363 2414 422 ARCHIEP.
2461 365 3008 425 CONSTANTINOP.

3588 365 3694 423 σει

2112 483 2242 554 μίαν
2301 484 2422 538 οὐδὲ
2479 482 2574 536 δύο
2632 482 2792 554 μόνον
2848 483 3082 554 ἡμέρας,
3138 481 3274 536 ἀλλά
3328 481 3421 536 καὶ
3461 480 3698 546 πλείουςο

2107 563 2256 633 ἡμᾶς
2295 562 2352 616 δέ
2405 564 2532 625 τοὺς
2589 561 2858 630 τοσαύτης
2899 562 3274 626 ἀπολαύοντας
3314 561 3554 632 χάριτος,
3577 562 3705 627 τοὺς

2108 641 2328 711 πνεῦμα
2363 652 2387 680 ε
2419 641 2702 704 λαϐόντας,
2739 642 2865 704 τοὺς
2907 641 3302 711 νεκρωθέντας,
3341 641 3468 704 τοὺς
3508 656 3704 694 συνταο

2111 722 2310 791 φέντας
2334 720 2408 791 τῷ
2445 720 2685 790 Χριστῷ,
2719 722 2845 783 τοὺς
2875 720 3150 786 υἱοθεσίας
3186 719 3539 785 ἀξιωθέντας,
3580 722 3706 784 τοὺς

2110 803 2190 864 εἰς
2232 801 2501 871 τοσαύτην
2555 799 2891 870 ἀναχθέντας
2930 799 3115 871 τιμὴν,
3156 801 3294 872 μετά
3340 799 3580 852 τοσαῦτα
3614 801 3705 852 καὶ

2108 881 2413 951 τηλικαῦτα
2438 880 2620 949 ἀγαθά
2656 879 2792 951 μηδὲ
2819 881 2900 942 εἰς
2929 879 3028 950 τὴν
3051 879 3222 952 αὐτὴν
3256 878 3554 948 ἀῳικέσθαι
3596 881 3704 942 τοῖς

2109 960 2324 1032 νηπίοις
2365 961 2596 1024 ἐκείνοις
2636 959 2901 1031 σπουδήν.
2931 960 2998 1012 Εἰ
3037 958 3096 1012 δὲ
3142 959 3395 1031 ἐπιμένοι
3423 953 3510 1023 τις
3543 958 3704 1012 πάλιν

2111 1039 2311 1112 ζητῶνο
2343 1042 2517 1105 Αὐτὸς
2549 1040 2607 1093 δὲ
2653 1039 2682 1091 6
2723 1039 2968 1110 Μωῡσῆς
3005 1039 3094 1092 διά
3138 1039 3192 1092 τί
3241 1040 3368 1102 τοὺς
3415 1039 3706 1102 Ἰουδαίους

2108 1120 2210 1191 τῆς
2239 1120 2457 1192 ὁμιλίας
2485 1119 2690 1192 ταύτης
2713 1121 3034 1192 ἀπήγαγεν;
3072 1121 3248 1173 ἐκεῖνο
3271 1118 3338 1174 ἀν
3364 1119 3599 1189 εἴποιμι,
3628 1119 3706 1172 ὃτι

2110 1203 2160 1254 εἰ
2205 1201 2301 1255 καὶ
2332 1201 2512 1272 τίμιος
2552 1201 2581 1252 6
2623 1201 2823 1272 γάμος,
2854 1199 2992 1254 ἀλλά
3023 1200 3185 1272 μέχρι
3215 1198 3472 1253 τοσούτου
3504 1200 3706 1268 φθάσαι

2108 1279 2312 1334 δύναιτ’
2341 1277 2428 1344 ἂν,
2461 1279 2602 1333 ὥστε
2628 1280 2703 1351 μὴ
2733 1278 2963 1350 μολῦναι
2991 1279 3082 1332 τὸν
3105 1279 3408 1351 χρώμενον,
3442 1279 3506 1332 τὸ
3537 1279 3597 1332 δὲ
3620 1278 3708 1330 καὶ

2111 1359 2300 1427 ἀγίους
2359 1359 2700 1428 ἀποφαίνειν,
2756 1359 2944 1412 οὐκέτι
2998 1359 3096 1429 τῆς
3150 1359 3360 1412 ἐκείνου
3399 1358 3706 1429 δυνάμεως,

2110 1438 2243 1492 ἀλλὰ
2271 1437 2371 1509 τῆς
2398 1437 2694 1510 παρθενίας
2727 1438 2897 1490 ἐστίν.
2925 1438 3048 1490 Ὅτι
3073 1437 3128 1491 δὲ
3156 1438 3217 1490 ού
3244 1437 3490 1507 Μωῦσῆς
3528 1437 3706 1508 μόνον,

2111 1519 2232 1571 οὐδὲ
2264 1518 2477 1582 Παῦλος
2502 1517 2674 1572 ταῦτα
2700 1517 3105 1590 παρήγγελλον,
3133 1519 3365 1572 ἄκουσον
3393 1517 3446 1571 τί
3484 1535 3654 1589 φησιν
3684 1518 3709 1571 6

2125 1597 2299 1669 Ἰωήλο
2343 1596 2659 1668 Ἀγιάσατε
2690 1599 3002 1665 νηστείαν,
3033 1597 3334 1666 κηρύξατε
3367 1598 3707 1666 θεραπείαν,

2111 1677 2488 1748 συναγάγετε
2521 1679 2884 1744 ἐκκλησίαν,
2919 1678 3208 1742 ἐκλέξατε
3239 1678 3708 1748 πρεσϐυτέρους.

2127 1759 2266 1812 Ἀλλ’
2300 1762 2478 1813 ἐκεῖνο
2521 1760 2651 1822 ἴσως
2686 1758 2891 1830 ζητεῖς,
2941 1759 3045 1812 ποῦ
3093 1760 3355 1828 γυναικὸς
3408 1758 3710 1830 ἀπέχεσθαι

2113 1843 2434 1897 ἐϐούλευσεν
2467 1842 2530 1907 f;
2581 1843 2918 1908 Ἐξελθέτω,
2973 1846 3130 1916 φησὶ,
3177 1845 3440 1916 νυμφίος
3484 1845 3557 1898 ἐκ
3606 1843 3708 1897 τοῦ

2112 1927 2397 1994 κοιτῶνος
2441 1927 2650 1990 αὑτοῦ,
2699 1926 2800 1980 καί
2841 1928 3046 1997 νύμφη
3089 1929 3158 1982 ἐκ
3187 1929 3294 1982 τοῦ
3328 1928 3576 1983 παστοῦ
3614 1930 3713 1982 αὺ-

2113 2011 2242 2080 τῆς.
2289 2011 2461 2065 Τοῦτο
2498 2011 2608 2083 γὰρ
2649 2012 2744 2064 καὶ
2773 2011 3071 2066 Μωσαῖκοῦ
3106 2011 3294 2084 μεῖζόν
3327 2013 3480 2066 ἐστιν
3523 2012 3710 2065 ἐπιτά-

2113 2112 2344 2166 γματος.
2378 2095 2441 2148 Εἰ
2463 2095 2571 2168 γάρ
2598 2094 2832 2166 νυμφίον
2868 2095 2962 2148 καὶ
2990 2094 3232 2168 νύμφην,
3263 2090 3346 2160 οἷς
3369 2096 3621 2166 ἀκμάζει
3653 2095 3713 2148 τά

2111 2176 2212 2248 τῆς
2260 2175 2583 2247 ἐπιθυμίας,
2630 2170 2711 2239 οἷς
2761 2178 2795 2246 ή
2838 2176 3030 2249 νεότης
3077 2177 3305 2249 σφριγᾷ,
3349 2171 3433 2240 οἷς
3481 2178 3512 2230 6
3553 2173 3712 2238 πόθος

2113 2256 2440 2321 ἀκάθεκτος,
2469 2257 2532 2309 ού
2567 2256 2671 2328 χρὴ
2708 2255 2947 2309 συνιέναι
2993 2255 3134 2310 κατὰ
3177 2255 3271 2309 τὸν
3315 2256 3418 2328 τῆς
3457 2257 3713 2327 νηστείας

2113 2337 2306 2408 καιρὸν
2354 2337 2450 2390 καλ⁸
2490 2335 2592 2406 τῆς
2633 2336 2964 2406 προσευχῆς,
2995 2336 3147 2406 πόσῳ
3193 2335 3398 2406 μᾶλλον
3437 2337 3571 2399 τοὺς
3612 2335 3713 2387 λοι-

2115 2417 2252 2480 ποὺς
2293 2417 2421 2480 τοὺς
2469 2416 2570 2469 οὐκ
2607 2415 2832 2485 ἔχοντας
2868 2414 3140 2487 τοσαύτην
3177 2415 3379 2486 μίξεως
3423 2416 3712 2486 ἀνάγκηνς

2113 2497 2218 2549 Τδν
2265 2494 2376 2566 γὰρ
2423 2495 2718 2566 εὐχόμενον
2762 2493 2839 2557 ὡς
2879 2495 2984 2566 χρὴ
3033 2495 3127 2548 καὶ
3159 2496 3493 2565 νηστεύοντα
3545 2495 3713 2548 πάντα

2114 2576 2416 2650 ἀποῤῥίψαι
2456 2575 2538 2629 δεῖ
2582 2573 2746 2630 πόθον
2791 2573 3067 2644 βιωτικὸν,
3104 2576 3286 2629 πᾶσαν
3322 2573 3594 2644 φροντίδα
3629 2574 3713 2627 καὶ

2113 2657 2382 2728 διάχυσιν,
2433 2657 2526 2710 καὶ
2568 2655 2908 2727 πανταχόθεν
2957 2656 3149 2710 ἐαυτὸν
3189 2654 3574 2724 συναγαγόντα
3631 2672 3714 2708 κα-

2112 2737 2242 2803 λῶς,
2291 2735 2436 2790 οὕτω
2488 2735 2773 2807 προσιέναι
2827 2736 2906 2806 τῷ
2950 2733 3092 2806 Θεῷ.
3150 2735 3252 2790 Διά
3300 2734 3462 2788 τοῦτο
3526 2736 3624 2789 καὶ
3683 2737 3711 2806 ἡ

2113 2815 2339 2888 νηστεία
2365 2814 2550 2880 καλὸν,
2581 2816 2663 2870 ὅτι
2693 2816 3014 2887 περικόπτει
3049 2814 3150 2879 τάς
3174 2815 3273 2886 τῆς
3294 2814 3476 2886 ψυχῆς
3503 2814 3714 2888 φροντίς

2111 2897 2229 2962 δας,
2262 2897 2355 2950 καὶ
2390 2894 2490 2966 τὴν
2531 2896 2930 2968 περιρρέουσαν
2967 2894 3060 2948 τὸν
3093 2893 3219 2950 νοῦν
3250 2893 3554 2965 ὀλιγωρίαν
3588 2895 3710 2948 ἀνα-

2115 2976 2413 3030 στέλλουσα
2433 2973 2561 3046 ὅλην
2589 2975 2724 3047 πρὸς
2751 2976 2952 3044 ἑαυτὴν
2979 2974 3301 3046 ἐπιστρέφει
3322 2973 3423 3044 τὴν
3451 2973 3710 3027 διάνοιαν.

2114 3053 2286 3109 Τοῦτο
2311 3053 2405 3108 καὶ
2423 3056 2452 3108 6
2482 3053 2692 3117 Παῦλος
2716 3054 3091 3125 αἰνιττόμενος
3120 3052 3329 3122 ἀπάγει
3354 3054 3455 3124 τῆς
3491 3051 3711 3124 μίξεως,

2114 3135 2210 3188 καὶ
2229 3137 2294 3206 τῇ
2324 3132 2467 3198 λέξει
2493 3132 2700 3204 σφόδρα
2726 3132 2934 3204 κυρίως
2971 3131 3264 3203 κέχρηται.
3301 3132 3378 3185 Οὐ
3403 3131 3519 3203 γὰρ
3544 3128 3709 3192 εἶπεν.

2118 3215 2235 3270 Ἵνα
2259 3214 2334 3286 μὴ
2358 3214 2682 3286 μολυνθῆτε,
2702 3213 2841 3280 ἀλλ’,
2865 3213 2993 3268 Ἵνα
3019 3212 3359 3283 σχολὰζητε
3374 3211 3449 3282 τῇ
3462 3215 3713 3282 νηστείᾳ

2113 3295 2213 3349 καί
2240 3292 2316 3364 τῇ
2344 3291 2682 3364 προσευχῇ·
2713 3292 2788 3356 ὡς
2813 3293 2913 3364 τῆς
2937 3293 3074 3365 πρὸς
3102 3295 3336 3361 γυναῖκα
3365 3293 3592 3364 ὁμιλίας
3622 3295 3712 3347 οὐκ

2115 3377 2197 3441 εἰς
2225 3375 2598 3447 ἀκαθαρσίαν,
2629 3373 2746 3429 ἀλλ’
2773 3375 2854 3438 εἰς
2880 3374 3140 3445 ἀσχολίαν
3175 3373 3442 3445 ἀγούσης.

2188 3457 2314 3510 AA'.
2337 3457 2510 3510 Ὅπου
2549 3455 2658 3525 γὰρ
2688 3455 2784 3509 νῦν
2823 3454 2962 3524 μετά
2984 3454 3083 3526 τὴν
3103 3453 3373 3524 τοσαύτην
3411 3454 3712 3524 ἀσφάλειαν

2117 3538 2378 3607 πειρᾶται
2409 3533 2723 3606 ἐμποδίζειν
2757 3533 2891 3603 ἡμῖν
2938 3532 3081 3586 κατά
3133 3533 3225 3585 τὸν
3266 3532 3368 3602 τῆς
3400 3535 3712 3603 προσευχῆς

2117 3616 2314 3687 καιρὸν
2343 3617 2371 3669 6
2392 3613 2660 3677 διάϐολος·
2689 3611 2755 3666 ἂν
2789 3611 3196 3683 διακεχυμένην
3218 3610 3362 3684 λάϐῃ
3385 3609 3591 3681 ψυχὴν,
3629 3611 3712 3664 καὶ

2118 3695 2224 3750 ὑπὸ
2249 3694 2350 3766 τῆς
2377 3693 2516 3765 πρὸς
2544 3692 2644 3764 τὴν
2675 3693 2912 3760 γυναῖκα
2967 3689 3313 3762 συμπαθείας
3352 3689 3711 3761 μεμαλαγμέ-

2118 3793 2239 3847 νην,
2274 3776 2326 3828 τί
2370 3775 2472 3828 οὐκ
2505 3775 2800 3847 ἐργάσεται
2855 3770 2980 3842 τῇδε
3043 3771 3267 3824 κάκεῖσε
3305 3771 3434 3834 τοὺς
3471 3771 3578 3842 τῆς
3606 3770 3713 3824 δια·

2117 3857 2266 3919 νοίας
2287 3855 2667 3926 ἀναρριπίζων
2697 3850 3044 3922 ὀφθαλμούς;
3077 3851 3258 3924 Ὅπερ
3287 3850 3374 3904 ῖνα
3411 3852 3487 3923 μὴ
3527 3852 3709 3905 πάθω-

2120 3953 2242 4007 μεν,
2316 3934 2490 4006 μηδέ,
2558 3934 2648 3986 ὅτε
2700 3932 2935 4003 μάλιστα
2987 3931 3113 3985 ἵλεω
3163 3931 3542 4002 σπουδάζομεν
3589 3935 3712 4002 ἡμῖν

2119 4015 2463 4086 καταστῆσαι
2498 4014 2589 4067 τὸν
2618 4013 2771 4076 Θεὸν,
2822 4012 2946 4066 τότε
2979 4010 3126 4082 αύτῷ
3158 4011 3600 4084 προσκρούωμεν
3629 4012 3710 4066 διὰ

2117 4096 2220 4167 τῆς
2249 4095 2392 4150 οὕτω
2429 4095 2664 4166 ματαίας
2695 4093 2882 4165 εὐχῆς,
2923 4091 3136 4148 κελεύει
3169 4091 3272 4163 τῆς
3313 4092 3504 4163 κοίτης
3545 4091 3712 4163 ἀπηλ·

2119 4175 2313 4248 λάχθαι
2344 4176 2488 4229 τότε.

2189 4256 2313 4312 AB'.
2356 4255 2420 4309 Εἰ
2453 4253 2562 4325 γάρ
2592 4254 2639 4307 οἱ
2668 4255 2782 4318 τοῖς
2808 4250 3088 4322 βασιλεῦσι
3120 4250 3463 4323 προσιόντες,
3494 4251 3552 4304 τί
3577 4250 3711 4320 λέγω

2122 4334 2460 4406 βασιλεῦσιν;
2493 4333 2742 4404 ἐσχάτοις
2779 4332 2877 4403 μὲν
2908 4327 3001 4384 οὖν
3029 4331 3278 4401 ἄρχουσι,
3311 4331 3406 4383 καὶ¹
3427 4331 3709 4392 δεσπόταις
3798 4389 3799 4392 η

2119 4415 2296 4471 δοῦλοι
2324 4415 2764 4484 ἐντυγχάνοντες,
2798 4413 2865 4467 ἀν
2915 4428 2975 4464 τε
3027 4411 3116 4480 ὑφ’
3149 4412 3351 4482 ἐτέρων
3396 4410 3708 4481 ἠδικημένοι

2118 4495 2277 4549 τοῦτο
2305 4493 2553 4557 ποιῶσιν,
2591 4494 2655 4547 ἄν
2679 4509 2738 4545 τε
2777 4491 2931 4544 αὐτοὶ
2956 4491 3201 4561 δεόμενοι
3232 4489 3426 4544 παθεῖν
3443 4485 3529 4557 εὖ,
3569 4489 3636 4543 ἀν
3659 4505 3707 4541 τε
3795 4535 3797 4559 ἰ

2121 4575 2292 4648 ὀργήν
2324 4591 2447 4628 τινα
2469 4571 2590 4633 καθῖ
2620 4571 2828 4626 ἐαυτῶν
2853 4570 3234 4642 ἐγηγερμένην
3267 4571 3523 4641 κοιμίσαι
3559 4569 3709 4624 σπεύ-

2120 4657 2302 4720 δοντες
2326 4657 2370 4719 ⁸,
2409 4653 2655 4717 καὶτοὺς
2687 4653 3002 4724 ὀφθαλμοὺς
3043 4653 3137 4705 καὶ
3170 4651 3268 4722 τὴν
3297 4651 3542 4705 διάνοιαν
3580 4653 3706 4705 ἀπα-

2124 4753 2221 4790 σαν
2250 4733 2679 4806 ἐπιστρέψαντες
2713 4733 2852 4806 πρὸς
2907 4732 3170 4795 ἐκείνους,
3233 4729 3377 4784 οὕτω
3437 4731 3707 4784 ποιοῦνται

2121 4815 2222 4888 τὴν
2253 4815 2526 4886 ἐντυχίαν,
2563 4813 2714 4887 [291]
2756 4812 2860 4868 κᾶν
2898 4813 3126 4888 μικρὸν,
3151 4809 3704 4883 ἀποῤῥᾳθυμήσωσιν,

2123 4885 2188 4950 ού
2229 4885 2484 4967 μόνονού
2518 4885 2890 4967 κατώρθωσαν
2917 4893 3058 4964 ὑπὲρ
3092 4885 3167 4945 ὧν
3207 4891 3441 4958 ἐδέοντο,
3468 4892 3606 4946 ἀλλά
3628 4894 3707 4946 καὶ

2123 4976 2293 5030 κακόν
2325 4993 2379 5029 τι
2431 4973 2832 5046 προσλαϐόντες
2873 4972 3118 5042 ἀπῆλθον
3161 4973 3212 5012 ιν
3245 4972 3293 5024 εἰ
3327 4972 3378 5024 οί
3419 4970 3598 5044 θυμὸν
3627 4974 3705 5026 ἀν-

2124 5056 2358 5125 θρώπων
2388 5055 2596 5109 παῦσαι
2639 5052 2974 5124 βουλόμενοι,
3031 5050 3268 5122 τοσαύτῃ
3323 5049 3704 5123 κέχρηνταιτῇ

2125 5136 2350 5207 σπουδῇ,
2387 5136 2440 5189 τί
2481 5133 2788 5206 πεισόμεθα
2836 5135 3002 5203 ἡμεῖς
3055 5134 3105 5186 οἰ
3151 5132 3403 5194 δείλαιοι,
3438 5133 3585 5202 μετά
3634 5149 3705 5184 10-

2126 5216 2330 5288 σαύτης
2370 5215 2643 5288 ῥᾳθυμίας
2688 5214 2768 5284 τῷ
2823 5213 3044 5266 πάντων
3108 5211 3354 5282 Δεσπότῃ
3403 5213 3704 5283 προσιόντες

2123 5296 2263 5367 Θεῷ.
2305 5294 2600 5349 καὶταῦτα
2655 5293 2835 5364 πολλῷ
2892 5292 3136 5364 μείζονος
3165 5293 3334 5364 όργῆς
3363 5291 3521 5356 ὅντες
3555 5292 3704 5346 61:56-

2124 5376 2310 5438 θυνοι;
2353 5375 2490 5431 υῦτε
2531 5374 2639 5446 γὰρ
2673 5374 2891 5446 οἰκέτης
2916 5373 3206 5444 δεσπότην,
3247 5371 3371 5425 οὕτε
3418 5371 3704 5443 ἀρχόμενος

2126 5456 2351 5528 βασιλέα
2411 5454 2768 5527 παροξύνειεν
2802 5454 2867 5510 ἂν
2915 5453 3110 5518 οὕτως,
3171 5453 3246 5516 ὡς
3293 5452 3385 5506 τὸν
3425 5453 3565 5506 Θεὸν
3599 5451 3702 5505 καθ’

2123 5539 2362 5609 ἑκάστην
2387 5537 2600 5608 ἡμέραν
2635 5537 2817 5608 ἡμεῖς.
2853 5538 2965 5590 Kac
3018 5534 3180 5589 τοῦτο
3221 5533 3508 5605 ἐμφαίνων
3536 5537 3568 5588 6
3589 5534 3703 5604 Χρι-

2125 5619 2270 5684 στὸς,
2300 5618 2370 5672 τά
2406 5617 2504 5687 μὲν
2543 5617 2624 5680 εἰς
2683 5617 2775 5671 τὸν
2837 5616 3064 5688 πλησίον
3107 5617 3328 5687 ἀμαρτή
3339 5631 3486 5684 ματα
3529 5613 3700 5667 ἑκατὸν

2123 5699 2307 5753 ἐκάλει
2334 5697 2585 5768 δηνάρια,
2623 5694 2692 5750 τά
2731 5697 2789 5750 δέ
2829 5698 2910 5761 εἰς
2947 5696 3040 5750 τὸν
3081 5696 3213 5750 Θεὸν
3257 5693 3430 5767 μύρια
3459 5695 3699 5748 τάλαντα.

2189 5825 2212 5852 °
2234 5819 2408 5870 Morel.
2459 5825 2511 5867 et
2537 5819 2750 5870 PIanlin.
2797 5820 3062 5883 πνεύματα,
3088 5817 3240 5869 Savil.
3267 5824 3322 5869 et
3360 5818 3484 5882 Reg.
3516 5813 3685 5879 πνεῦμ’

2135 5883 2410 5954 ίιιίξι·ιι“ῐῖρξιζἒ
2431 5883 2688 5954 ἐξικέσθαι.

2195 5945 2213 5985 ί
2243 5943 2375 6006 Reg;
2391 5943 2657 6006 ἐκέλευσεν.

2196 6011 2220 6048 ε
2246 6005 2370 6066 Reg.
2393 6005 2735 6062 σπουδάζοντες
2755 6049 2769 6064 ,

2122 6074 2124 6076 ’
2194 6073 2221 6111 h
2249 6071 2372 6132 Reg.
2416 6067 2732 6128 ἀπώσθησαν.
