3844 6262
234 452 425 508 XXIX.
455 451 481 506 Ι
491 452 619 520 llud,
643 452 719 509 Ne
740 451 1052 508 defraudate
1075 451 1210 506 alter
1225 450 1475 518 alterum,
1509 467 1615 522 ejus
1644 467 1747 506 esse

162 549 249 616 qui
287 548 353 602 ad
393 547 726 617 virginitatem
764 547 984 618 instiget.
1015 575 1086 586 -——-
1129 546 1306 615 Itaque
1343 560 1462 598 cum
1505 543 1744 607 dixisset,

167 638 312 695 Uxor
333 640 412 694 sui
437 639 662 708 corporis
689 639 892 692 domina
913 654 1013 692 non
1032 647 1123 704 est,
1147 636 1312 699 addit,
1347 635 1428 690 Ne
1452 635 1750 701 defraudate

162 734 292 787 alter
311 732 541 792 alterunt,
566 731 662 784 nisi
685 731 731 784 si
752 730 874 802 quid
895 747 958 784 ea;
979 745 1224 784 consensu
1240 728 1308 782 ad
1330 738 1542 798 tempus,
1562 736 1616 780 ut
1644 744 1749 796 pre-

163 826 303 880 cibus
346 835 392 878 et
431 825 630 896 jejunio
677 824 860 878 vacetis
889 837 1228 892 :rursumque
1275 820 1450 875 eodem
1495 820 1750 874 convenite

169 917 247 988 (1.
279 915 412 982 (ἔον,
437 917 489 970 7.
519 917 573 970 4.
604 915 698 986 5).
722 914 914 969 Multos
945 913 1029 968 hic
1054 928 1237 968 eorum
1277 912 1366 982 qui
1394 911 1746 982 virginitatem

163 1007 574 1075 suntamplexi,
617 1006 670 1061 in
716 1015 857 1060 tanta
905 1005 1046 1058 Pauli
1081 1003 1402 1073 indulgentia
1430 1002 1749 1059 erubescere

164 1116 228 1154 ac
257 1099 600 1155 verecundari
629 1098 895 1152 existimo.
944 1099 1013 1151 At
1047 1113 1112 1152 ne
1150 1097 1348 1156 timete,
1383 1111 1482 1149 neu
1505 1094 1748 1164 imperite

162 1193 450 1265 quidquam
479 1193 760 1249 admittite.
784 1193 914 1248 Nam
941 1204 994 1247 ct
1017 1193 1129 1247 hmc
1153 1193 1396 1247 videntur
1417 1208 1536 1247 esse
1557 1193 1746 1260 eonju-

160 1287 318 1357 gibus
357 1287 708 1358 indulgentis;
739 1287 832 1342 sed
860 1287 905 1342 si
933 1288 1053 1355 quis
1077 1302 1138 1341 ea
1164 1294 1412 1341 accurate
1440 1296 1708 1341 scrutetur
1730 1326 1743 1349 ,

161 1379 402 1450 ejusdem
424 1395 544 1433 cum
573 1377 935 1448 superioribus
959 1377 1237 1433 sententia:
1271 1379 1581 1448 comperiet.
1611 1377 1749 1432 Alio-

161 1471 254 1541 qui
283 1471 327 1525 si
365 1485 428 1525 ea
458 1470 646 1526 leviter
676 1480 963 1526 tractamus
1004 1473 1329 1543 propositam
1367 1486 1581 1525 causam
1627 1488 1746 1524 titti-

161 1561 346 1624 tando,
377 1562 630 1631 pronuba?
658 1563 835 1632 potius
862 1578 1018 1633 quam
1047 1562 1286 1631 Apostoli
1308 1563 1471 1617 verba
1489 1562 1748 1617 videbun-

160 1660 252 1706 tur
279 1671 292 1706 :
315 1653 396 1707 sin
424 1654 700 1708 consilium
727 1670 886 1710 omne
915 1655 1239 1720 evolvamus,
1267 1656 1427 1710 etiam
1470 1656 1605 1710 hanc
1652 1670 1717 1710 co

160 1743 522 1800 hortationem
553 1745 766 1817 dignam
787 1747 1079 1817 apostolica
1104 1747 1361 1818 gravitate
1389 1748 1745 1802 inveniemus.

157 1837 301 1906 Quid
337 1848 419 1893 est
454 1839 597 1894 enim
625 1855 721 1895 cur
748 1840 801 1894 in
832 1840 932 1896 hac
961 1841 1320 1912 disputatione
1348 1840 1602 1910 prolixior
1626 1838 1750 1894 est?

156 1947 233 1984 an
292 1947 394 1986 non
443 1932 492 1986 id
541 1934 672 1988 satis
725 1944 876 2001 erat,
908 1945 965 1989 ttt
1013 1951 1132 1990 cum
1187 1933 1556 2006 superioribus
1575 1933 1749 1988 verbis

159 2020 270 2076 hoc
306 2024 538 2093 graviter
581 2035 1022 2095 reprtcsentasset
1046 2007 1068 2090 ,’
1092 2025 1514 2080 cohortationem
1541 2025 1646 2081 illic
1671 2025 1746 2079 si-

157 2117 365 2170 steret?
393 2131 513 2169 nam
539 2116 665 2186 quid
695 2116 796 2180 Itis,
825 2115 908 2172 Ne
931 2118 1229 2190 defraudate
1249 2117 1379 2172 alter
1397 2115 1632 2186 alterum,
1651 2118 1751 2172 nisi

158 2209 206 2262 si
238 2209 362 2278 quid
379 2226 702 2265 exconscnsu
727 2211 794 2264 ad
825 2221 1037 2282 tempus,
1063 2213 1181 2283 plus
1201 2211 1394 2268 dicitur
1431 2229 1590 2284 quam
1621 2213 1748 2285 illis,

161 2297 334 2354 Uxori
348 2301 421 2353 vir
437 2301 654 2356 debitam
670 2303 1058 2358 benevolentiam
1073 2303 1251 2358 reddat
1269 2302 1374 2376 (Ib.
1389 2322 1435 2358 υ.
1451 2305 1526 2373 5),
1545 2315 1600 2361 et
1626 2307 1746 2373 hoc,

171 2389 267 2443 Vir
292 2391 372 2445 sui
399 2392 624 2462 corporis
649 2393 884 2449 dominus
910 2411 1012 2449 non
1039 2404 1108 2450 est
1126 2394 1232 2466 (Ib.
1253 2411 1298 2449 υ.
1322 2396 1571 2465 4)?Nihil
1589 2412 1746 2452 sane:

157 2484 263 2539 sed
283 2484 424 2556 quod
452 2485 561 2541 illic
585 2486 817 2542 breviter
845 2497 898 2543 et
923 2488 1151 2544 obscure
1169 2489 1370 2544 dictum
1396 2498 1498 2557 est,
1527 2489 1611 2544 hic
1637 2491 1752 2560 plu-

156 2575 317 2630 ribus
345 2576 590 2633 illustrat.
622 2579 795 2648 Atque
825 2581 876 2634 id
911 2580 1030 2635 facit
1061 2590 1303 2635 sanetum
1332 2580 1423 2635 Dei
1447 2581 1750 2637 Samuelem

155 2667 420 2722 imitatus.
449 2667 520 2725 Ut
543 2671 684 2724 enim
707 2670 792 2725 ille
807 2671 1204 2727 accuratissime
1222 2673 1368 2740 regni
1395 2673 1535 2743 leges
1559 2674 1752 2743 populo

155 2767 432 2824 recenset,
473 2774 578 2815 non
609 2768 666 2814 ut
704 2777 792 2816 eas
827 2763 1113 2833 suscipiant
1138 2805 1152 2830 ,
1199 2764 1294 2820 sed
1320 2780 1387 2820 ne
1425 2765 1748 2835 suscipiant;

155 2854 358 2924 agique
383 2853 641 2909 institutio
664 2855 904 2925 qumdam
933 2857 1162 2924 videtur,
1179 2873 1299 2914 cum
1337 2873 1518 2916 revera
1561 2860 1755 2916 intem-

156 2946 389 3017 pestivae
417 2963 600 3002 eorum
625 2948 925 3018 cupiditatis
950 2949 1250 3006 dehortatio
1269 2951 1340 3008 sit
1364 2969 1379 3007 :
1402 2951 1469 3006 ad
1503 2951 1750 3008 eumdem

155 3037 389 3091 modum
417 3047 470 3093 et
495 3037 690 3094 Paulus
719 3041 1041 3095 matrimonii
1069 3041 1401 3113 tyrannidem
1421 3041 1754 3118 frequentius

153 3141 211 3185 et
242 3131 482 3200 apertius
510 3131 758 3197 inculcat,
785 3147 878 3188 eos
907 3133 989 3188 his
1021 3134 1194 3189 verbis
1218 3135 1402 3190 volens
1436 3134 1560 3192 inde
1594 3150 1752 3191 revo-

155 3240 315 3279 care.
367 3225 547 3294 Itaque
589 3226 636 3280 ci
679 3227 978 3290 sententiai,
1015 3227 1158 3282 Uxor
1186 3229 1263 3282 sui
1294 3229 1520 3299 corporis
1546 3228 1753 3283 domina

155 3333 270 3370 non
301 3325 393 3383 est,
417 3316 582 3382 addit,
616 3317 698 3371 Ne
718 3319 1020 3391 defraudate
1038 3322 1166 3373 alter
1183 3320 1418 3386 alterunt,
1446 3321 1544 3373 nisi
1570 3323 1614 3373 si
1632 3321 1755 3388 quid

156 3424 226 3461 ea:
253 3423 520 3472 consensu,
541 3421 591 3462 ut
605 3410 805 3479 jejunio
832 3420 879 3464 et
906 3410 1133 3481 precibus
1152 3414 1354 3466 vacetis.
1389 3412 1549 3467 Vides
1579 3420 1755 3468 utnec

154 3498 388 3568 Opinato
412 3507 466 3554 et
484 3499 602 3555 sine
628 3501 888 3566 molestia,
915 3518 1010 3558 eos
1034 3505 1121 3573 qui
1145 3504 1196 3558 in
1223 3503 1564 3558 matrimonio
1593 3505 1754 3575 dege-

155 3601 293 3647 rent
311 3592 376 3646 ad
405 3593 744 3648 continentia:
774 3595 1005 3650 studium
1033 3596 1290 3652 inducat?
1329 3596 1462 3651 Nam
1495 3597 1754 3667 principio

155 3700 284 3740 rem
317 3685 546 3740 laudavit
580 3686 762 3742 dicens
781 3729 795 3754 ,
821 3686 1017 3742 Bonum
1051 3699 1124 3744 est
1149 3691 1340 3745 homini
1369 3694 1626 3746 mulierem
1653 3710 1754 3746 non

155 3785 376 3846 tangere
395 3777 471 3846 (l.
488 3776 606 3832 Cor.
630 3780 682 3834 7.
708 3778 763 3849 1)
788 3797 801 3832 :
825 3780 910 3835 hic
920 3780 1136 3837 adhibet
1155 3783 1312 3837 etiam
1331 3783 1752 3839 cohortationem

156 3869 249 3924 his
274 3869 470 3935 verbis,
500 3868 584 3924 Ne
608 3870 915 3941 defraudatis
941 3875 1071 3929 alter
1095 3875 1330 3942 alterum,
1357 3877 1454 3930 nisi
1481 3877 1526 3930 si
1553 3877 1673 3947 quid
1693 3893 1756 3932 ea:

153 3977 432 4016 consensu.
464 3961 531 4018 Et
559 3977 655 4018 cur
672 3965 814 4035 quod
833 3966 1180 4022 constitutum
1210 3967 1440 4034 volebat,
1473 3967 1756 4023 hortabun-

153 4053 292 4118 dus,
321 4069 429 4108 non
451 4054 862 4124 imperabundus
891 4057 1178 4128 pmponit?
1217 4058 1399 4130 Neque
1427 4059 1569 4115 enim
1597 4059 1750 4125 dixit,

155 4146 492 4202 Defraudate
511 4148 646 4204 alter
669 4149 914 4217 alterum,
935 4149 1225 4207 dummodo
1244 4168 1311 4207 ex
1334 4167 1630 4220 consensu;
1660 4153 1754 4208 sed

151 4237 334 4307 quid?
360 4235 445 4292 Ne
467 4237 766 4310 defraudate
787 4241 914 4296 alter
937 4242 1172 4310 alterum,
1202 4243 1303 4297 nisi
1333 4245 1378 4298 si
1402 4244 1524 4314 quid
1549 4261 1614 4300 ea:
1629 4261 1755 4299 con-

149 4346 338 4384 sensu.
371 4328 502 4398 Quia
529 4329 616 4386 hie
640 4347 817 4387 sermo
847 4333 1013 4388 levior
1039 4342 1148 4401 est,
1177 4334 1410 4390 doctoris
1437 4337 1754 4391 senteut’am

149 4420 541 4478 demonstrans
566 4462 583 4488 ,
612 4438 730 4494 qua:
755 4423 921 4494 rigide
946 4425 996 4479 id
1026 4441 1132 4479 non
1156 4425 1349 4496 exigat,
1377 4440 1498 4481 eum
1526 4427 1755 4482 maxime

150 4526 382 4566 summa
412 4511 778 4569 benevolentia
808 4516 1154 4585 persolvatur.
1178 4516 1357 4588 Neque
1381 4533 1446 4572 eo
1467 4518 1583 4573 solo
1606 4519 1758 4573 audi-

151 4612 342 4658 torem
369 4604 588 4669 solatur,
618 4607 712 4660 sed
741 4607 899 4662 etiam
921 4608 1061 4678 quod
1083 4623 1330 4679 asperum
1359 4609 1608 4666 brevibus
1635 4627 1756 4666 ver-

150 4696 248 4748 bis
282 4695 592 4763 complexus
619 4697 766 4767 prius
785 4698 853 4753 ad
874 4699 1107 4769 jucunda
1127 4710 1447 4769 revertatur,
1471 4717 1629 4772 quam
1659 4719 1755 4758 au-

148 4787 401 4843 ditorem
426 4787 580 4842 dolor
599 4790 838 4860 attingat,
866 4791 918 4845 iu
950 4793 1118 4862 iisque
1143 4794 1310 4863 magis
1336 4805 1591 4848 moretur.

235 4879 419 4936 XXX.
448 4880 550 4936 Cur
569 4883 614 4937 si
634 4885 935 4939 honoratum
961 4887 1335 4940 matrimonium
1357 4899 1448 4954 est,
1465 4889 1757 4958 jejunantes

145 4976 400 5029 hortetur
444 4972 644 5030 Paulus
699 4993 970 5048 congressu
1019 4979 1382 5033 abstinere.-—
1408 4983 1582 5050 Atque
1628 4981 1758 5036 illud

143 5068 330 5122 etiam
373 5069 666 5137 quaestione
715 5069 932 5140 dignum
978 5081 1080 5136 est,
1131 5087 1246 5137 cur,
1297 5072 1344 5126 si
1390 5073 1601 5143 quidem
1662 5074 1760 5130 ho-

146 5159 413 5216 norabile
459 5171 541 5217 est
595 5163 991 5218 matrimonium
1043 5171 1098 5220 et
1149 5166 1708 5221 torus/immaculatus
1739 5207 1754 5233 ,

143 5252 202 5308 ei
269 5266 494 5321 precum
546 5266 609 5306 ac
656 5252 844 5322 jejunii
889 5262 1128 5324 tempore
1181 5254 1355 5309 locum
1403 5255 1600 5312 habere
1651 5273 1755 5312 non

143 5341 482 5414 permittat?
519 5342 682 5410 Quod
727 5344 1107 5412 perabsurdum
1153 5352 1315 5414 esset,
1345 5344 1591 5410 Judzeos,
1637 5347 1754 5418 qui-

141 5439 260 5494 bus
303 5436 484 5491 omnia
531 5451 787 5507 corporea
829 5439 1304 5506 constituebantur,
1339 5440 1426 5510 qui
1452 5439 1583 5495 duas
1625 5458 1756 5495 con-

1513 335 1599 393 DE
1627 327 2086 396 γιιιοικιτπε.

3331 338 3436 400 554

1855 452 2012 505 (‘Iiztttt
2039 450 2214 520 plures
2241 468 2251 504 :
2283 466 2381 507 nos
2404 461 2582 508 autem
2605 461 2750 508 tanta
2772 453 2992 509 atl‘ectos
3013 456 3196 525 gratia,
3217 460 3299 528 qui
3331 461 3439 530 spi-

1856 544 2022 596 ritalia
2049 544 2369 612 accepimus,
2399 544 2694 608 defunctos,
2718 562 2837 601 cum
2865 547 3076 602 Christo
3096 552 3437 619 consepultus

1853 635 2013 700 (Vide
2033 635 2102 689 ad
2132 634 2279 690 Rom.
2307 637 2386 708 8),
2418 638 2702 713 adoptione
2732 651 2936 708 auctos,
2963 643 3027 694 ad
3060 658 3176 696 eam
3205 643 3436 715 dignita-

1855 737 1958 782 tem
1983 740 2214 795 evectos,
2251 741 2369 800 post
2398 742 2471 786 tot
2499 743 2745 803 tantaque
2774 735 2906 788 bona
2939 752 3004 790 ne
3027 736 3300 792 infantium
3323 740 3440 809 qui-

1853 821 1971 873 dem
2003 821 2211 875 illorum
2239 823 2470 877 studium
2506 825 2777 894 consequi.
2818 827 2967 892 Quod
3009 827 3050 881 si
3085 830 3201 898 quis
3244 829 3436 884 iterum

1852 927 2094 981 quan-ere
2122 914 2386 982 pet-sistat,
2413 931 2507 969 cur
2528 915 2698 970 Moses
2731 917 2842 985 ipse
2872 918 3081 972 Iudmos
3109 919 3177 973 al)
3207 936 3272 974 co
3293 915 3437 976 coitu

1853 1003 2096 1067 abducat,
2128 1005 2178 1058 id
2207 1004 2399 1060 habeat
2423 1021 2735 1076 responsum
2767 1025 2780 1062 :
2821 1009 2918 1063 etsi
2966 1009 3277 1066 houorabile
3319 1027 3436 1065 ma-

1855 1095 2160 1151 trimonium
2201 1098 2288 1164 sit,
2317 1109 2372 1152 at
2409 1115 2475 1154 eo
2521 1100 2690 1154 solum
2735 1103 3066 1172 pertingere,
3099 1113 3156 1158 ut
3200 1117 3436 1161 utentetn

1853 1202 1956 1240 non
1982 1188 2239 1257 inquinet,
2261 1201 2473 1246 sanctos
2501 1209 2626 1247 vero
2658 1205 2909 1264 prmstare
2949 1213 3053 1249 non
3091 1197 3218 1251 illud
3259 1214 3438 1269 posse,

1851 1278 1945 1334 scd
1963 1279 2335 1350 virginitatem.
2367 1283 2442 1338 Ne
2465 1300 2590 1339 vero
2616 1297 2766 1354 putes
2795 1302 2854 1341 ea
2881 1287 3058 1342 Mosen
3081 1289 3253 1343 solum
3281 1299 3438 1360 atque

1854 1371 2074 1427 Paulum
2115 1375 2365 1443 edixisse,
2398 1378 2519 1431 audi
2569 1379 2692 1448 quid
2736 1379 2850 1434 Joel
2895 1381 3037 1436 dicat
3069 1401 3080 1436 :
3111 1382 3440 1452 Sancti/irate

1843 1464 2116 1535 jejunium,
2149 1467 2422 1536 prwdicate
2443 1469 2772 1535 curationem,
2805 1473 2964 1543 cogite
2988 1483 3186 1541 coetum,
3219 1477 3439 1530 seniores

1853 1573 2151 1629 congregata
2181 1558 2318 1631 (Joel
2369 1561 2422 1615 2.
2457 1561 2564 1633 I5).
2609 1564 2713 1619 Sed
2757 1568 2952 1635 qu:rris
2974 1610 2986 1632 ,
3025 1567 3237 1621 ubinam
3269 1585 3436 1624 uxore

1851 1649 2222 1705 abstinendum
2253 1652 2427 1707 dicat?
2455 1653 2782 1724 Egrediatur,
2813 1659 3000 1725 iuqttit,
3029 1677 3239 1728 sponsus
3260 1663 3320 1713 de
3341 1679 3433 1715 cu-

1852 1738 1942 1792 bili
1966 1757 2075 1804 suo,
2107 1753 2154 1796 et
2182 1759 2366 1814 sponsa
2393 1746 2455 1799 de
2484 1747 2707 1802 thalamo
2733 1767 2823 1803 suo
2853 1750 2956 1820 (Ib.
2983 1767 3029 1804 v.
3064 1756 3169 1823 lti).
3209 1752 3260 1807 Id
3294 1760 3433 1809 cultu

1853 1830 2092 1888 Mosaico-
2111 1834 2271 1889 etiam
2300 1837 2468 1906 majus
2497 1848 2579 1892 est
2611 1852 2897 1911 prtecepto.
2941 1842 3073 1897 Nam
3105 1845 3148 1899 si
3180 1862 3434 1916 sponsunt

1852 1939 1915 1978 ac
1941 1939 2190 1994 sponsam
2217 1928 2434 1984 libidine
2457 1931 2728 1999 ardentes,
2753 1933 2968 2004 juventa
2998 1939 3316 2006 prurientes,
3341 1956 3436 1995 cu-

1852 2015 2072 2086 piditate
2096 2018 2348 2089 infrenos,
2366 2021 2555 2091 jejunii
2583 2033 2636 2078 et
2667 2039 2880 2094 precum
2906 2037 3142 2098 tempore
3169 2031 3313 2086 coire
3340 2048 3430 2086 ue-

1853 2107 1933 2162 fas
1955 2118 2064 2174 est,
2093 2120 2291 2181 quanto
2316 2114 2483 2184 magis
2512 2125 2737 2171 caeteros
2763 2133 2880 2173 eam
2919 2120 3295 2190 congrediendi
3341 2141 3437 2178 ηιμ

1853 2202 2155 2259 cessitatem
2185 2221 2289 2259 non
2320 2205 2611 2263 habentes?
2647 2208 2747 2276 Qui
2773 2210 2913 2267 enim
2946 2219 3002 2266 ut
3021 2211 3174 2268 decet
3199 2228 3440 2285 compre-

1852 2302 2003 2347 cetur
2041 2309 2106 2349 ac
2138 2295 2363 2365 jejunet,
2405 2299 2453 2354 ei
2496 2314 2715 2356 necesse
2760 2307 2849 2366 sit,
2890 2319 3049 2359 omne
3091 2306 3440 2362 humanarum

1853 2401 2031 2442 rerum
2061 2389 2315 2457 studium,
2341 2407 2554 2448 omnem
2583 2409 2765 2448 curam
2793 2404 2845 2450 et
2877 2399 3144 2466 negotium
3171 2399 3401 2468 abjicere
3419 2443 3435 2466 ,

1853 2491 1917 2532 ac
1941 2492 2000 2533 se
2031 2479 2261 2552 undique
2293 2483 2630 2554 colligentem
2668 2486 2832 2542 Deum
2871 2488 3039 2544 adire.
3084 2489 3260 2557 Quare
3286 2501 3340 2546 et
3361 2491 3440 2562 je~

1849 2569 2055 2639 junium
2097 2571 2294 2628 bonum
2332 2583 2436 2642 est,
2464 2576 2659 2648 quippe
2686 2578 2828 2648 quod
2858 2580 3044 2636 recisis
3070 2583 3230 2636 animi
3262 2584 3436 2651 euris,

1853 2678 1916 2718 ac
1941 2664 2260 2736 negligentia
2298 2683 2418 2738 qua:
2459 2680 2689 2726 mentem
2720 2672 3052 2729 circumﬂuat
3077 2691 3319 2746 repressa
3345 2692 3439 2731 co-

1852 2757 2160 2827 gitationem
2191 2776 2402 2816 omnem
2431 2762 2496 2818 ad
2518 2779 2577 2819 se
2611 2775 2906 2822 convertat.
2934 2767 2987 2822 Id
3009 2771 3221 2838 quodet
3246 2771 3437 2826 Paulus

1855 2850 2102 2918 innuens,
2127 2868 2155 2906 a
2186 2868 2472 2923 congressu
2501 2865 2668 2923 arcet,
2693 2865 2745 2912 ct
2767 2858 2941 2912 verbis
2972 2861 3134 2914 utitur
3153 2861 3437 2916 admodum

1855 2943 2186 3013 opportunis.
2235 2944 2351 3000 Non
2403 2946 2542 3001 enim
2589 2948 2684 3014 ait,
2712 2949 2788 3004 Ne
2832 2950 3200 3021 inquiuemini,
3229 2953 3343 3019 sed,
3371 2952 3441 3010 Ut

1843 3035 2048 3106 jejunio
2077 3046 2124 3090 et
2150 3036 2376 3107 precibus
2401 3039 2582 3094 vacetis
2608 3057 2627 3094 :
2654 3041 2796 3096 velut
2824 3043 2965 3098 coitu
2998 3059 3120 3098 cum
3145 3060 3308 3100 uxore
3335 3060 3440 3101 non

1854 3126 1919 3182 ad
1942 3125 2254 3195 imditatem,
2283 3129 2376 3186 sed
2404 3130 2470 3185 ad
2495 3133 2894 3202 occupationem
2923 3149 3020 3190 nos
3048 3146 3290 3207 cogente.

1926 3219 2121 3274 XXXI.
2155 3221 2256 3288 Qui
2281 3223 2648 3292 precationibus
2676 3225 2769 3278 rite
2784 3241 2988 3296 operam
3014 3227 3136 3280 dare
3161 3228 3331 3295 velint,
3356 3245 3444 3282 ne-

1855 3315 2073 3370 cessario
2117 3313 2345 3369 Paulum
2383 3332 2415 3368 a
2457 3301 2721 3372 concubitu
2767 3335 3021 3375 avocasse.
3056 3351 3118 3360 —
3143 3319 3271 3376 Nam
3316 3335 3438 3375 cum

1856 3421 1997 3462 nunc
2027 3414 2144 3477 post
2173 3415 2250 3462 tot
2279 3409 2520 3478 praesidia
2557 3410 2814 3480 impedire
2844 3427 2939 3467 nos
2965 3427 3178 3483 precum
3204 3422 3444 3484 tempore

1856 3499 2103 3557 diabolus
2133 3510 2375 3570 conetur,
2403 3504 2592 3574 ecquid
2621 3521 2723 3559 non
2756 3507 3004 3562 molietur
3029 3508 3224 3564 mentis
3258 3508 3442 3564 oculos

1856 3591 1961 3647 huc
1990 3591 2112 3680 illuc
2133 3592 2405 3663 iactando,
2426 3594 2659 3649 animum
2688 3604 2874 3650 nactus
2900 3596 3249 3662 difﬂuentem,
3277 3606 3440 3669 atque

1856 3685 2039 3740 uxoris
2075 3685 2252 3740 studio
2280 3687 2611 3742 emollitum?
2652 3688 2803 3756 Quod
2835 3705 2902 3743 ne
2931 3698 3268 3760 pateremur,
3307 3706 3443 3748 neve

1855 3792 1975 3833 cum
2005 3777 2336 3846 potissimum
2361 3777 2413 3832 id
2439 3778 2662 3848 agimus,
2692 3787 2749 3833 ut
2787 3779 2952 3834 Deum
2982 3780 3134 3835 nobis
3155 3781 3441 3850 propitium

1855 3885 2244 3940 comparemus,
2278 3879 2387 3925 tum
2418 3885 2576 3941 prece
2603 3871 2737 3926 adeo
2766 3871 2896 3926 futili
2927 3888 3046 3928 cum
3077 3873 3439 3940 irritaremus,

1853 3964 2004 4034 jubet
2031 3971 2138 4024 tum
2165 3978 2192 4015 a
2222 3963 2363 4018 coitu
2390 3978 2548 4032 puros
2573 3980 2711 4018 esse.

1927 4053 2144 4109 XXXII.
2172 4055 2270 4122 Qui
2304 4057 2522 4126 segniter
2544 4068 2825 4125 precentur,
2849 4075 2950 4111 non
2981 4058 3129 4112 modo
3158 4058 3318 4113 Deum
3341 4077 3440 4114 non

1857 4147 2152 4218 propitiare,
2173 4147 2260 4201 sed
2279 4147 2428 4201 etiam
2443 4147 2661 4202 irritare.
2678 4147 2966 4203 -—Etenim
2995 4150 3039 4203 si
3065 4151 3152 4221 qui
3178 4167 3328 4220 reges
3344 4153 3440 4205 ad-

1857 4247 2014 4305 eunt;
2045 4245 2099 4294 et
2123 4238 2247 4309 quid
2275 4253 2426 4308 reges
2453 4238 2609 4293 dico?
2633 4239 2740 4294 imo
2764 4255 2891 4297 vero
2931 4241 3140 4296 intimos
3167 4243 3444 4312 magistra-

1861 4339 1965 4397 tus,
1992 4339 2046 4385 et
2074 4327 2213 4385 serVi
2239 4330 2399 4386 heros
2425 4330 2776 4400 alloquentes,
2817 4345 2911 4386 seu
2955 4332 3008 4386 id
3047 4342 3207 4403 agant
3252 4334 3443 4403 injuria

1858 4422 1927 4476 ab
1954 4422 2072 4478 aliis
2101 4421 2296 4488 aﬂ't-cti,
2328 4438 2422 4478 seu
2453 4422 2767 4478 beneﬁcium
2811 4423 2909 4492 ipsi
2952 4426 3313 4494 postulantes,
3351 4441 3444 4481 seu

1859 4515 1992 4570 iram
2038 4515 2092 4570 in
2142 4529 2200 4571 se
2244 4517 2523 4570 excitatam
2567 4515 2744 4584 sapire
2785 4525 3050 4580 curantes,
3095 4526 3148 4571 et
3185 4518 3355 4572 oculis
3391 4526 3446 4572 et

1863 4617 2041 4664 mente
2067 4608 2208 4663 omni
2238 4609 2304 4663 ad
2333 4623 2426 4665 eos
2452 4624 2729 4676 conversa,
2761 4609 2829 4662 ita
2857 4609 3179 4680 colloquium
3211 4609 3444 4673 habent;

1861 4701 1943 4754 sin
1969 4699 2244 4755 minimum
2279 4708 2538 4769 torpeant,
2574 4716 2680 4754 non
2706 4701 2874 4754 solmn
2906 4716 3001 4770 pro
3026 4700 3217 4770 quibus
3243 4701 3446 4770 suppli-

1860 4792 2055 4847 cabunt
2079 4807 2184 4846 non
2213 4791 2521 4862 perﬁcient,
2554 4791 2647 4846 sed
2677 4792 2817 4846 malo
2845 4792 3003 4846 etiam
3035 4802 3253 4861 accepto
3273 4791 3446 4865 disce-

1862 4883 1990 4940 dent
2019 4901 2030 4938 :
2060 4884 2104 4939 si
2143 4885 2231 4954 qui
2266 4883 2538 4938 hominum
2567 4881 2800 4939 furorem
2830 4883 2997 4938 lenire
3024 4883 3236 4946 volunt,
3269 4893 3443 4937 tauto-

1862 4991 1992 5047 pere
2027 4976 2296 5042 laborant;
2345 4975 2470 5046 quid
2512 4977 2664 5030 nobis
2704 4975 2913 5031 miseris
2944 4975 3055 5042 (iet,
3087 4976 3176 5045 qui
3209 4975 3443 5028 omnium

1865 5068 2154 5137 principem
2211 5066 2373 5120 Deum
2398 5067 2532 5121 adeo
2556 5067 2884 5139 negligenter
2926 5066 3166 5136 adimus,
3215 5066 3444 5120 maxime

1863 5177 1983 5216 eum
2011 5162 2166 5231 longe
2193 5160 2379 5229 majori
2402 5159 2568 5214 simus
2599 5159 2690 5214 ira:
2715 5158 2962 5230 obnoxii?
2985 5157 3168 5229 Neque
3189 5157 3328 5211 enim
3353 5157 3436 5212 he-

1863 5270 1981 5310 rum
2016 5250 2221 5320 servus,
2249 5261 2340 5308 aut
2376 5268 2556 5322 regem
2587 5231 2828 5306 subditus
2854 5258 2958 5305 tam
2987 5249 3218 5320 graviter
3250 5250 3435 5315 irritat,

1863 5359 2021 5418 atque
2048 5363 2146 5402 nos
2174 5347 2340 5403 Deum
2365 5347 2414 5400 in
2437 5345 2570 5400 dies.
2599 5346 2770 5415 Atque
2797 5344 2846 5399 id
2874 5343 3177 5415 significans
3201 5343 3441 5398 Christus
3471 5373 3474 5376 -

1865 5451 2078 5512 peccata
2123 5441 2174 5493 in
2201 5440 2359 5493 alium
2389 5447 2599 5492 centum
2644 5438 2912 5503 denarios,
2943 5442 2994 5491 in
3046 5436 3210 5490 Deum
3257 5435 3442 5490 decem

1864 5534 2024 5589 millia
2054 5533 2255 5588 talenta
2284 5530 2592 5586 nominabat
2616 5529 2825 5601 (Matth.
2859 5529 2944 5584 18.
2977 5529 3092 5599 24).
3123 5527 3295 5594 Quare
3319 5542 3440 5581 cum

1864 5641 1985 5682 eum
2012 5625 2259 5681 sedanda:
2287 5633 2446 5680 tantm
2484 5624 2596 5691 iraa,
2629 5626 2870 5694 ejusque,
2894 5638 3050 5694 quem
3077 5620 3315 5692 quotidie
3343 5634 3441 5688 op-

1865 5732 2178 5788 pugnemus,
2207 5715 2523 5787 propitiandi
2550 5731 2708 5772 causa
2733 5714 2974 5786 precibus
3001 5712 3226 5774 adimus,
3252 5711 3440 5765 merito

1865 5828 1963 5869 nos
2003 5813 2070 5868 ab
2112 5828 2174 5868 ea
2218 5812 2485 5884 voluptate
2529 5819 2702 5878 arcet,
2735 5808 2898 5880 quasi,
2926 5807 3105 5863 dicat:
3140 5807 3214 5862 De
3262 5807 3436 5862 anima

133 5534 322 5604 juges
346 5530 546 5588 habere
567 5573 585 5600 ,
637 5539 694 5588 et
738 5533 856 5588 aliis
891 5533 1076 5605 ejectis
1107 5533 1239 5589 alias
1276 5533 1575 5590 adsciscere
1618 5533 1760 5590 sine-

137 5623 395 5684 bantur,
428 5629 636 5677 tantam
671 5623 725 5677 in
747 5624 849 5678 hac
880 5640 940 5680 re
961 5639 1181 5696 operam
1208 5642 1440 5698 ponere,
1476 5636 1536 5682 ut
1559 5627 1747 5684 divina

136 5716 388 5774 oracula
430 5715 708 5783 audituri,
740 5718 904 5774 etiam
949 5719 1194 5792 legitimo
1220 5722 1371 5776 coitu
1403 5721 1746 5777 abstinerent

136 5809 367 5876 (Exod.
403 5807 512 5878 l9),
540 5808 703 5872 idque
721 5826 832 5866 non
866 5827 1037 5868 unum
1067 5819 1163 5869 aut
1196 5813 1428 5871 alterum
1457 5813 1620 5884 diem,
1651 5815 1746 5871 sed
