3844 6258
409 305 512 370 5‘55

409 423 560 475 nonis
602 420 810 490 agitur,
837 419 1118 485 carissimi,
1147 421 1214 475 de
1253 437 1459 476 summa
1492 437 1668 476 rerum
1701 421 1990 491 perieulum

406 525 522 579 est;
562 514 920 579 tremendum,
954 513 1301 580 horrendum,
1339 513 1728 568 formidandum
1756 524 1856 568 est.
1893 515 1998 570 IIe-

408 625 525 662 rum
578 607 786 662 adimus
835 608 1146 670 terribilem,
1198 609 1467 662 multoties
1506 624 1535 662 a
1585 608 1738 662 nobis
1785 608 1992 675 Imsum,

411 701 576 755 multa
635 701 915 754 habentem
953 715 1070 769 qmu
1103 701 1377 754 nobiscum
1406 702 1724 768 cspostulet.
1751 701 1866 755 Non
1895 701 1996 756 hoc

409 807 617 862 tempus
648 804 728 847 est
768 793 1129 862 amplexuum,
1155 808 1260 848 non
1289 793 1638 864 voluptatum,
1680 794 1772 848 sed
1817 795 1995 866 lacry-

406 901 635 948 tuarum,
655 886 965 940 acerborum
988 887 1298 956 gemituum,
1327 888 1715 956 prostrationis,
1735 902 1995 943 accurata:

407 979 781 1044 confessionis,
833 979 1101 1049 diligentis
1148 979 1590 1048 supplicationis,
1638 980 1994 1049 frequentium

408 1088 662 1142 precum;
692 1072 1116 1143 qnanquuidem
1141 1072 1277 1127 bene
1316 1087 1438 1127 cum
1481 1088 1544 1126 eo
1582 1084 1768 1142 agatur
1794 1073 1883 1142 qui
1915 1073 1994 1128 vel

411 1173 558 1219 tanto
593 1165 773 1218 studio
795 1181 923 1218 iram
953 1179 1067 1216 eam
1095 1163 1276 1226 leniat,
1307 1179 1413 1218 non
1440 1165 1558 1232 quia
1591 1164 1756 1218 durus
1783 1179 1846 1217 ac
1872 1179 1995 1218 cru—

410 1257 548 1312 delis
575 1258 644 1311 sit
675 1257 926 1310 Dominus
957 1267 1164 1321 noster;
1194 1266 1273 1310 est
1301 1257 1442 1310 enim
1471 1255 1757 1310 admodum
1787 1257 1918 1310 lenis
1944 1265 1998 1310 et

414 1354 705 1414 humanus;
753 1351 844 1404 sed
889 1351 1148 1404 scelerum
1195 1359 1500 1404 nostrorum
1548 1349 1853 1420 magnitudo
1897 1350 1996 1404 etsi

412 1446 694 1516 benignum
721 1487 736 1510 ,
790 1444 1105 1498 clementem
1149 1453 1307 1513 atque
1355 1443 1790 1508 misericordem,
1847 1441 1999 1500 facile

413 1538 566 1591 nobis
595 1538 867 1607 ignoscere
911 1553 1012 1588 non
1058 1535 1205 1589 sinit.
1254 1534 1432 1604 Itaque
1469 1535 1560 1599 ait,
1609 1533 1675 1589 Ut
1707 1535 1906 1606 jejunio
1951 1543 1998 1588 et

414 1629 642 1699 precibus
668 1630 870 1683 vacetis.
896 1627 1030 1696 Quid
1059 1629 1218 1697 igitur
1241 1637 1325 1681 est
1352 1642 1415 1681 ac
1439 1627 1692 1680 servitute
1715 1625 1998 1680 acerbius?

419 1716 551 1777 Volo
593 1724 642 1776 in
682 1723 878 1777 virtute
925 1721 1144 1791 gradum
1193 1720 1386 1785 facere,
1425 1720 1478 1774 in
1519 1720 1706 1774 exulum
1747 1720 1998 1785 evolare,

409 1814 610 1886 jejunio
634 1824 792 1885 atque
821 1813 1064 1883 precibus
1101 1812 1314 1867 assidue
1355 1813 1590 1867 intentus
1623 1811 1789 1865 animi
1813 1811 2000 1866 sordes

414 1907 723 1976 abstergere
759 1923 771 1957 :
801 1904 940 1976 quod
968 1906 1012 1959 si
1042 1905 1127 1958 illa
1155 1905 1208 1958 in
1241 1903 1291 1958 id
1320 1905 1617 1958 institutum
1645 1918 1751 1958 non
1777 1917 2003 1958 consen—

415 2002 529 2068 tiat,
558 2000 788 2054 lascivim
832 2000 950 2070 ejus
988 1997 1189 2051 servire
1229 2012 1411 2068 cogor.
1456 1995 1536 2051 0b
1579 1996 1631 2050 id
1673 1995 1814 2050 enim
1853 1994 2002 2050 initio

415 2093 699 2154 monebat,
737 2089 935 2144 Bonum
974 2097 1046 2143 est
1089 2090 1280 2142 homini
1321 2088 1580 2142 mulierem
1621 2104 1723 2142 non
1768 2098 2003 2159 tangere;

417 2194 471 2236 et
500 2183 742 2252 discipuli
770 2183 928 2238 etiam
957 2182 1182 2236 Domino
1201 2181 1469 2246 dicebant,
1505 2178 1566 2235 Si
1591 2196 1648 2232 ea
1677 2187 1749 2234 est
1779 2180 1872 2232 viri
1891 2195 2006 2232 cum

418 2292 576 2330 uxore
624 2291 778 2327 causa
802 2316 817 2340 ,
871 2291 972 2327 non
1025 2272 1224 2343 expedit
1280 2271 1656 2326 matrimonium
1713 2269 2007 2324 contrahere

420 2367 626 2439 (Matth.
654 2365 880 2435 19.10);
913 2365 1107 2435 quippe
1131 2364 1423 2434 cogitantes
1451 2377 1669 2418 necesse
1695 2376 1813 2416 esse
1840 2361 2005 2416 alter-

421 2472 592 2514 utram
617 2459 667 2513 in
698 2468 901 2530 partem
933 2457 1187 2512 damnum
1212 2455 1448 2522 admitti,
1489 2469 1658 2524 eaque
1687 2453 2007 2525 cogitatione

423 2554 472 2606 in
503 2562 780 2620 angustum
808 2549 1039 2615 deducti,
1069 2563 1184 2606 eam
1215 2562 1396 2603 vocent
1419 2547 1729 2602 emiserunt.
1812 2579 1818 2588 -

490 2643 730 2700 XXXIII.
781 2642 974 2697 Eadem
1017 2643 1197 2695 iterum
1241 2649 1496 2709 repetere,
1536 2657 1711 2693 eorum
1765 2656 1871 2694 esse
1919 2642 2005 2705 qui

427 2737 681 2793 Christum
710 2736 983 2789 imitentur.
1010 2763 1077 2775 —-—-
1102 2734 1276 2802 Quare
1306 2733 1464 2788 etiam
1497 2731 1693 2786 Paulus
1718 2731 1770 2786 id
1799 2731 2011 2788 assidue

425 2831 637 2901 repetit,
675 2837 728 2882 ut
758 2829 809 2882 in
839 2842 955 2882 eam
987 2825 1362 2896 cogitationem
1402 2821 1706 2878 Corinthios
1745 2822 1958 2878 inducat
1992 2841 2006 2876 :

427 2922 590 2976 Suam
619 2921 829 2992 quisque
854 2934 1062 2973 umorem
1084 2915 1261 2970 habeat
1289 2932 1306 2969 :
1335 2913 1495 2970 Uxori
1519 2915 1595 2969 uir
1619 2914 1838 2968 debitam
1865 2913 2013 2968 bene-

422 3011 688 3066 volentiam
713 3009 892 3065 reddat
919 3026 937 3063 :
975 3005 1118 3063 Uxor
1145 3008 1222 3060 sui
1254 3006 1480 3076 corporis
1513 3006 1720 3059 domina
1758 3022 1858 3060 non
1896 3014 1966 3060 est
1993 3022 2011 3060 :

427 3102 512 3158 Ne
546 3103 842 3175 defraudato
881 3101 1010 3154 alter
1043 3100 1255 3153 alterum
1283 3114 1301 3152 :
1330 3093 1524 3152 Eodem
1563 3098 1835 3152 convenite.
1880 3097 2010 3152 Nam

427 3212 527 3253 nec
552 3195 694 3251 beati
720 3196 791 3250 illi
819 3195 871 3250 id
897 3194 963 3249 ad
992 3195 1217 3265 primam
1243 3208 1428 3248 vocem
1453 3201 1562 3247 tum
1590 3202 1890 3259 senserunt,
1919 3193 2012 3248 sed

429 3296 705 3360 postquam
752 3287 804 3342 id
850 3285 1084 3341 secundo
1110 3285 1424 3353 audierunt,
1467 3294 1578 3340 tum
1607 3301 1733 3342 vero
1763 3287 2015 3358 praecepti

428 3380 802 3436 necessitatem
849 3378 1241 3434 intellexerunt.
1288 3378 1494 3433 Etenim
1537 3375 1815 3444 Christus,
1846 3380 1934 3449 qui
1962 3391 2018 3435 et

430 3473 484 3527 in
527 3482 708 3528 monte
747 3471 1053 3532 considens,
1079 3478 1132 3525 et
1153 3485 1364 3525 rursum
1392 3479 1510 3540 post
1535 3470 1634 3525 alia
1667 3472 1832 3526 multa
1854 3471 1922 3528 de
1949 3487 2016 3528 eo

428 3564 767 3620 disseruisset
793 3562 1006 3633 (Matth.
1039 3563 1115 3632 5),
1163 3561 1234 3616 ita
1277 3577 1371 3617 eos
1409 3563 1476 3617 ad
1519 3564 1860 3622 continentiae
1901 3573 2016 3620 stu-

430 3656 578 3712 dium
605 3655 864 3711 incitavit.
899 3656 1046 3710 Adeo
1071 3654 1256 3711 eadem
1287 3655 1498 3710 assidue
1522 3657 1747 3724 repetita
1777 3657 1893 3726 plus
1916 3658 2014 3712 ha-

431 3749 560 3804 bent
605 3746 876 3802 efficaciae.
925 3746 1106 3816 Itaque
1149 3757 1203 3801 et
1245 3746 1330 3802 hic
1373 3747 1664 3818 discipulus
1710 3749 2014 3820 Magistrum

431 3843 666 3896 Imitatus
693 3841 882 3896 crebro
912 3839 1049 3895 idem
1079 3849 1314 3909 usurpat,
1348 3855 1519 3910 neque
1548 3855 1766 3911 usquam
1797 3843 2020 3911 permis-

430 3935 634 3989 sionem
664 3950 866 3989 meram
900 3934 1096 4002 prodit,
1127 3933 1219 3988 sed
1241 3949 1361 3987 cum
1386 3948 1545 3987 causa
1567 3975 1581 4000 ,
1611 3943 1828 4003 prapter
1849 3933 2017 3989 forni—

431 4028 694 4082 cationem
723 4026 968 4096 inquiens
1004 4035 1058 4080 et
1095 4029 1414 4081 tentationes
1452 4027 1715 4081 satanicas
1747 4035 1904 4097 atque
1930 4028 2018 4082 in-

433 4119 836 4179 continentiam,
865 4128 1065 4186 prmter
1092 4119 1544 4187 exspectationem
1573 4118 1888 4188 virginitatis
1907 4119 2020 4175 lau-

435 4210 557 4264 dem
586 4211 637 4264 in
663 4209 1021 4278 disputatione
1047 4210 1114 4266 de
1139 4211 1478 4266 matrimonio
1506 4220 1712 4267 texens.

507 4298 750 4354 XXXIV.
792 4296 1138 4370 Virginitatem
1163 4300 1514 4355 admirandam
1537 4319 1643 4358 esse
1671 4315 1717 4358 et
1739 4303 1911 4361 multis
1936 4322 2020 4360 co-

435 4389 575 4443 ronis
601 4390 825 4460 dignam.
855 4420 927 4429 -—
951 4391 1082 4446 Nam
1104 4393 1146 4446 si
1179 4393 1231 4447 in
1262 4395 1598 4449 matrimonio
1623 4396 1876 4468 degentes
1901 4398 2022 4452 diu-

437 4481 542 4536 tius
569 4481 858 4552 abjungere
884 4491 1098 4538 veretur
1115 4522 1130 4549 ,
1163 4500 1230 4539 ne
1255 4500 1410 4555 quem
1437 4486 1680 4542 diabolus
1705 4489 1904 4543 aditum
1937 4489 2018 4544 ino

435 4573 633 4636 veniat,
657 4573 847 4642 quibus
873 4575 1085 4630 coronis
1113 4575 1286 4647 dignae
1314 4578 1419 4632 sint
1438 4594 1555 4648 qua:
1582 4595 1752 4648 neque
1776 4581 1843 4636 ab
1870 4581 2023 4637 initio

435 4675 503 4716 eo
533 4663 725 4716 solatio
760 4677 894 4732 Opus
938 4664 1256 4731 habuerunt,
1284 4677 1336 4722 et
1377 4668 1441 4722 ad
1486 4680 1780 4726 extremum
1814 4671 2022 4727 invictas

437 4756 882 4824 permanserunt?
926 4767 979 4812 ut
1031 4774 1098 4813 ne
1139 4759 1332 4827 dicam,
1374 4777 1474 4816 nec
1513 4762 1708 4818 diaboli
1751 4765 2025 4820 machinas

439 4847 678 4917 utrisque
706 4864 772 4903 ex
800 4864 953 4920 aequo
981 4851 1273 4906 admoveri.
1322 4853 1454 4908 Nam
1490 4855 1621 4919 illis,
1664 4857 1887 4925 opinor,
1925 4872 2024 4911 nec

438 4937 696 4994 molestus
739 4950 842 5005 est,
883 4942 971 5012 qui
1011 4943 1224 5013 quidem
1271 4945 1403 4999 sciat
1438 4943 1731 5017 perfugium
1761 4949 1824 5003 iis
1846 4950 2020 5019 proxi-

441 5047 585 5086 mum
615 5049 754 5100 esse,
786 5036 1094 5105 statimque,
1126 5037 1169 5092 si
1197 5054 1352 5108 quem
1382 5039 1829 5097 vehementiorem
1853 5044 2022 5112 impe-

441 5131 548 5175 tum
585 5127 838 5191 sentiunt,
883 5125 934 5180 in
976 5136 1184 5197 portum
1229 5144 1288 5183 se
1331 5128 1568 5198 recipere
1613 5130 1809 5197 licere;
1853 5148 2023 5202 neque

444 5214 584 5267 enim
633 5215 698 5269 iis
741 5219 999 5286 permittit
1043 5221 1225 5276 beatus
1269 5222 1460 5276 Paulus
1504 5222 1712 5294 longius
1753 5225 2020 5296 navigare,

439 5305 532 5358 led
565 5305 801 5360 defessos
826 5309 998 5365 redire
1022 5311 1207 5380 jubet,
1235 5313 1416 5368 sinens
1443 5313 1628 5369 eodem
1653 5331 1862 5371 rursum
1890 5333 2023 5371 eon-

441 5399 644 5453 venire.
674 5403 741 5454 At
757 5402 904 5472 virgo
925 5404 1134 5460 assidue
1155 5407 1422 5477 navigare,
1443 5417 1498 5462 et
1524 5408 1640 5463 sine
1665 5418 1819 5480 portu
1841 5425 2024 5480 aequor

440 5491 712 5560 permetiri
758 5496 998 5564 cogitur;
1047 5505 1203 5566 atque
1242 5499 1341 5551 etsi
1382 5499 1691 5568 gravissima
1739 5511 2024 5570 tempestas

439 5597 756 5658 consurgat,
794 5606 858 5644 nc
888 5589 964 5644 sic
990 5591 1200 5661 quidem
1229 5593 1275 5646 ei
1300 5591 1377 5646 fas
1404 5601 1485 5646 est
1511 5609 1697 5650 navem
1725 5595 2024 5651 subducere

441 5679 823 5748 acquiescere.
863 5681 1022 5752 lgitttr
1047 5682 1196 5752 quasi
1223 5682 1312 5753 qui
1342 5698 1486 5738 mare
1521 5684 1803 5752 infestant,
1832 5687 1916 5740 ubi
1942 5687 2022 5740 ci-

443 5771 578 5825 vitas
606 5781 696 5826 aut
723 5772 905 5828 navale
932 5784 1018 5828 aut
1049 5782 1230 5846 portus
1259 5772 1362 5842 sit,
1389 5775 1694 5846 navigantes
1720 5792 1824 5832 non
1860 5777 2012 5831 iuva-

1153 300 1209 361 S.
1250 301 1528 362 JOANNIS
1565 299 2037 378 CIIRYSQSTOBII
2077 300 2395 360 ARCIIIEP.
2439 303 2973 363 CONSTANTINOP.

3592 313 3690 369 556

2102 420 2262 487 dunt;
2312 421 2364 477 id
2408 425 2550 478 enim
2579 432 2664 479 est
2693 435 2894 482 temere
2931 428 3252 497 periclitari;
3301 432 3381 487 sin
3423 434 3689 503 navigium

2104 511 2155 564 in
2187 513 2294 566 alto
2323 511 2615 581 offendant,
2648 515 2828 570 auxilii
2858 517 3257 575 destitutionem
3285 522 3523 577 audacia:
3558 526 3683 577 Illt‘l

2106 616 2393 662 tamentam
2421 608 2580 675 nacti,
2613 610 2791 664 omnia
2827 622 3044 667 movent
3067 623 3227 684 atque
3253 627 3484 680 versant,
3520 634 3692 684 neque

2103 697 2248 766 prius
2273 698 2563 764 desistunt,
2594 716 2753 771 quam
2778 712 2866 757 aut
2897 718 2992 758 eos
3019 704 3360 775 demergunt,
3391 719 3482 761 aut
3511 709 3565 762 id
3596 711 3687 777 ipsi

2101 790 2368 860 patiantur
2391 810 2404 846 :
2428 792 2496 846 ita
2518 800 2572 846 et
2591 808 2716 848 acer
2733 793 2820 849 hic
2842 797 3009 866 pirata
3036 798 3222 868 virgini
3250 814 3439 870 graves
3476 801 3688 866 ﬂuctus,

2101 884 2368 954 ingentem
2417 893 2821 955 tempestatem,
2875 905 2937 943 ac
2985 892 3250 960 procellas
3295 894 3686 959 intolerabiles,

2100 975 2275 1029 omnia
2307 991 2500 1044 susque
2526 977 2700 1048 deque
2727 981 2980 1047 miscens,
3010 991 3066 1035 ut
3096 984 3143 1035 vi
3174 992 3333 1052 atque
3365 985 3571 1054 impetu
3602 1001 3689 1038 na-

2102 1084 2221 1123 vem
2249 1069 2540 1124 subvertat.
2574 1071 2790 1126 Audivit
2817 1075 2960 1129 enim
2988 1076 3182 1146 virgini
3212 1093 3316 1131 non
3341 1078 3567 1133 concedi
3597 1078 3688 1132 Eo

2101 1161 2218 1216 dem
2249 1165 2542 1230 convenire,
2572 1163 2669 1219 sed
2698 1166 2746 1218 ci
2791 1181 3014 1222 necesse
3041 1182 3164 1222 esse
3198 1178 3460 1238 perpetuo
3489 1174 3682 1227 adver-

2101 1272 2198 1311 sus
2225 1258 2531 1326 spiritualia
2557 1260 2814 1329 nequitia:
2837 1261 3032 1314 luctari
3056 1275 3120 1315 ac
3137 1261 3433 1332 conﬂigere
3463 1263 3680 1333 (Ephes.

2099 1353 2153 1405 6.
2187 1349 2298 1416 I2),
2329 1350 2504 1405 donec
2523 1350 2740 1406 tandem
2765 1341 3190 1422 intranquillum
3219 1363 3434 1424 portum
3462 1358 3683 1415 evadat.

2104 1438 2311 1493 Etenim
2340 1439 2532 1495 Paulus
2559 1441 2749 1511 virgini
2779 1450 3046 1512 tamquam
3073 1442 3195 1499 forti
3221 1444 3370 1498 militi
3402 1446 3576 1499 muris
3598 1461 3690 1500 ex-

2102 1533 2251 1586 cluso
2283 1543 2464 1601 portas
2495 1535 2691 1602 aperiri
2722 1550 2826 1590 non
2861 1537 3151 1604 permittit,
3181 1538 3424 1608 quamvis
3462 1549 3517 1592 et
3543 1539 3692 1594 valde

2103 1625 2267 1680 effero
2291 1625 2464 1684 hoste.
2497 1637 2549 1680 et
2575 1627 2653 1681 vel
2675 1642 2740 1682 eo
2764 1628 3084 1694 crudeliore,
3108 1629 3247 1699 quod
3269 1630 3588 1685 adversario
3613 1632 3692 1683 iu-

2104 1716 2378 1770 duciarum
2403 1726 2640 1786 potestas
2667 1720 2809 1774 nulla
2833 1721 2918 1774 sit.
2947 1720 3057 1775 Nec
3087 1736 3212 1776 vero
3231 1722 3478 1778 diabolus
3499 1723 3690 1784 solum,

2104 1809 2198 1864 sed
2227 1809 2340 1880 ipse
2364 1811 2524 1865 etiam
2552 1811 2786 1866 libidinis
2801 1813 3047 1867 stimulus
3069 1814 3283 1868 etelibes
3301 1823 3455 1885 urget
3479 1816 3690 1878 acrius;

2106 1902 2266 1972 idque
2307 1904 2554 1959 omnibus
2598 1906 2794 1977 palam
2821 1915 2922 1960 est.
2976 1905 3109 1961 Nam
3154 1922 3378 1977 quorum
3437 1907 3696 1964 habemus

2105 2007 2280 2059 usnm,
2312 2008 2495 2049 eorum
2523 1975 2810 2065 cupiditate
2841 1995 2980 2050 haud
3016 1975 3184 2053 facile
3203 1998 3504 2068 tangimur,
3545 2014 3695 2054 seca.

2106 2086 2262 2140 ritate
2285 2086 2464 2140 animo
2483 2087 2630 2156 segni
2652 2101 2773 2143 esse
2799 2087 3159 2158 permittente.
3185 2089 3358 2159 Atque
3379 2089 3525 2144 idem
3548 2090 3697 2144 nobis

2108 2177 2388 2234 confirmat
2419 2187 2476 2233 et
2502 2179 2839 2249 proverbium
2869 2179 3160 2251 populare,
3191 2180 3286 2236 sed
3312 2181 3363 2235 in
3394 2181 3588 2250 primis
3618 2197 3695 2236 ve-

2107 2287 2226 2326 rum
2249 2289 2261 2326 :
2281 2271 2434 2340 Quod
2464 2273 2516 2327 in
2547 2280 2824 2342 potestate,
2859 2273 3048 2344 inquit,
3078 2283 3384 2343 proruptum
3411 2274 3510 2341 sit,
3547 2274 3601 2328 id
3637 2274 3694 2328 ad

2109 2364 2451 2434 cupiditatem
2473 2364 2610 2420 haud
2632 2379 2760 2419 sane
2783 2364 2969 2419 efficax
2989 2376 3091 2422 est.
3119 2366 3211 2421 Sin
3231 2366 3300 2421 ab
3327 2366 3392 2421 iis
3417 2366 3699 2435 prohibea-

2109 2472 2250 2521 mur,
2278 2472 2396 2527 qute
2437 2457 2643 2526 pridem
2682 2458 3013 2524 tenebamus,
3045 2467 3230 2514 contra
3259 2459 3476 2526 accidit,
3507 2469 3566 2515 et
3587 2477 3698 2530 qua:

2109 2557 2328 2620 pr0pter
2358 2548 2660 2604 facultatem
2681 2565 2710 2603 a
2737 2549 2892 2604 nobis
2924 2559 3358 2618 contemnuntur,
3387 2567 3450 2606 ea
3487 2552 3645 2606 nobis
3669 2568 3697 2607 e

2116 2641 2363 2696 manibus
2417 2641 2614 2696 amissa
2663 2642 3032 2697 vehementius
3071 2642 3398 2698 desiderium
3444 2645 3695 2699 excitant.

2113 2731 2293 2802 Itaque
2321 2732 2546 2801 primum
2574 2732 2672 2788 hac
2702 2732 2907 2789 ratione
2948 2733 3117 2802 major
3148 2743 3232 2790 est
3271 2734 3411 2805 apud
3437 2735 3693 2806 conjuges

2115 2823 2510 2894 tranquillitas:
2541 2823 2755 2892 deinde,
2784 2824 2926 2894 quod
2952 2825 2997 2879 si
3025 2823 3238 2880 ﬂamma
3260 2826 3326 2881 iis
3347 2827 3512 2881 altius
3538 2843 3696 2898 quan-

2113 2913 2289 2984 doque
2326 2915 2605 2980 eluetetur,
2635 2930 2753 2972 eam
2791 2916 3029 2986 protinus
3062 2918 3356 2974 succedens
3385 2933 3698 2990 congressus

2115 3008 2378 3078 reprimit.
2411 3010 2482 3062 At
2498 3009 2645 3078 virgo
2665 3023 2770 3064 non
2790 3008 2995 3065 habens
3013 3009 3152 3066 unde
3179 3012 3352 3081 ignem
3377 3015 3696 3084 exstinguat,

2115 3114 2235 3154 eum
2271 3099 2553 3156 sublimem
2600 3109 2758 3172 atque
2799 3101 2908 3157 alte
2948 3113 3275 3173 grassantem
3305 3119 3560 3172 cernens,
3587 3122 3695 3161 cum

2115 3192 2453 3262 exstinguere
2492 3207 2594 3246 non
2636 3193 2822 3262 possit,
2857 3193 2912 3248 id
2955 3210 3114 3248 unum
3149 3194 3277 3265 agit,
3308 3211 3377 3251 ne
3417 3211 3542 3251 cum
3592 3198 3700 3267 igne

2116 3286 2430 3341 eonflietans
2461 3297 2662 3340 uratur.
2692 3288 2772 3342 An
2801 3302 2928 3342 vero
2954 3287 3245 3358 quidquam
3275 3291 3444 3360 magis
3471 3291 3700 3346 insolens

2118 3387 2219 3445 est,
2247 3394 2405 3449 quam
2433 3379 2659 3433 solidum
2707 3379 2848 3434 intus
2883 3388 3092 3449 gestare
3137 3395 3344 3450 rogum,
3389 3395 3491 3435 nec
3531 3381 3695 3446 aduri,

2118 3487 2276 3542 quam
2302 3470 2515 3525 flamma
2544 3471 2596 3526 in
2628 3471 2789 3525 animi
2820 3471 3079 3541 penetrali
3105 3472 3246 3526 ultro
3270 3473 3514 3543 citroque
3552 3488 3695 3528 com-

2118 3573 2330 3620 meante
2383 3563 2634 3618 intactam
2683 3573 2916 3618 mentem
2962 3564 3314 3621 conservare?
3355 3564 3526 3620 Nemo
3569 3567 3701 3620 enim

2121 3671 2238 3710 eam
2269 3655 2395 3709 sinit
2419 3655 2681 3710 carbones
2707 3669 2800 3710 eos
2831 3654 2977 3711 foras
3004 3655 3230 3726 ejicere;
3272 3655 3370 3710 sed
3398 3656 3545 3726 quod
3576 3657 3699 3712 Pro-

2121 3745 2428 3801 verbiorntn
2449 3755 2632 3800 auctor
2653 3746 2704 3800 in
2727 3754 2914 3802 natura
2934 3745 3175 3820 corporis
3189 3745 3536 3816 desperatum
3557 3747 3696 3813 dicit,

2120 3839 2170 3892 id
2205 3838 2293 3891 illa
2323 3851 2543 3892 necesse
2570 3836 2728 3894 habet
2769 3837 2825 3894 in
2862 3839 3041 3893 animo
3080 3839 3365 3893 sustinere.
3405 3839 3545 3905 Quid
3584 3855 3702 3893 vero

2120 3929 2286 3984 dicit?
2331 3927 2619 3984 Ambulabit
2647 3928 2759 3997 quis
2799 3945 2950 3998 super
2982 3928 3223 3984 carbones
3242 3969 3258 3995 ,
3301 3945 3392 3982 nec
3419 3930 3534 4000 ejus
3562 3931 3702 3999 pedes

2121 4024 2394 4078 adurentur
2418 4021 2596 4096 (Prov.
2621 4021 2674 4079 6.
2693 4021 2827 4090 28)ἶ²
2854 4023 2990 4078 Ecce
3018 4030 3193 4076 autem
3222 4022 3336 4076 haec
3357 4023 3620 4087 ambulat,
3648 4037 3703 4077 ac

2121 4117 2321 4188 perfert
2337 4116 2648 4172 crueiatum.
2675 4115 2776 4170 Aut
2798 4116 2963 4188 ignem
2983 4116 3035 4172 in
3055 4115 3170 4170 sinu
3194 4114 3386 4185 ligabit,
3410 4126 3584 4169 etnon
3603 4117 3704 4186 ejus

2121 4219 2333 4264 urentur
2359 4209 2649 4263 vestimenta
2687 4203 2790 4277 (Ib.
2823 4222 2871 4261 υ.
2903 4205 3031 4272 27)?
3070 4210 3139 4261 At
3176 4206 3291 4261 hanc
3320 4222 3428 4261 non
3449 4209 3699 4267 vestibus.

2123 4303 2215 4357 sed
2245 4303 2386 4358 intus
2412 4302 2587 4372 ignem
2620 4302 2901 4357 continens
2929 4301 3149 4356 efferunt
3179 4311 3340 4372 atque
3368 4312 3698 4357 resonante-tn

2123 4395 2386 4448 flammam
2410 4393 2635 4450 sustinet
2662 4407 2724 4448 ac
2752 4393 2900 4462 tegit.
2925 4392 2994 4448 Et
3011 4392 3186 4447 adhuc
3205 4393 3506 4462 quisquam,
3530 4392 3698 4454 sodes,

2123 4485 2520 4540 matrimonium
2551 4500 2670 4540 cum
2697 4485 2995 4554 virginitate
3017 4482 3281 4551 conferre,
3306 4499 3375 4538 an
3399 4485 3484 4540 vel
3501 4485 3698 4541 obtueri

2123 4580 2294 4634 ausit?
2335 4580 2405 4633 At
2426 4595 2530 4634 non
2558 4579 2813 4648 permittit
2856 4578 3041 4632 beatus
3074 4578 3266 4632 Paulus
3303 4579 3351 4647 (1
3391 4576 3508 4632 Cor.
3539 4579 3595 4633 7.
3620 4577 3699 4634 52.

2126 4671 2238 4742 53),
2274 4671 2360 4740 qui
2399 4670 2584 4739 ingens
2613 4669 2886 4738 utriusque
2917 4669 2990 4724 rei
3021 4668 3308 4722 discrimen
3349 4669 3503 4738 ponit
3535 4686 3549 4721 :
3592 4684 3700 4722 nam

2126 4762 2233 4823 illa,
2257 4762 2350 4825 ait,
2372 4776 2490 4830 quze
2519 4771 2641 4816 sunt
2669 4760 2895 4823 Domini,
2917 4758 3032 4812 hate
3049 4774 3167 4828 quae
3186 4767 3312 4812 sunt
3337 4759 3523 4812 mundi
3542 4767 3698 4814 curat.

2124 4854 2376 4911 Collectis
2418 4853 2576 4922 igitur
2619 4852 2668 4906 in
2720 4867 2881 4906 unum
2923 4839 3272 4920 conjugibus,
3315 4860 3369 4904 et
3412 4850 3467 4903 in
3497 4850 3700 4920 virginis

2125 4947 2368 5018 gratiam,
2398 4944 2517 4998 audi
2560 4943 2684 5013 quid
2730 4942 2834 4996 illis
2873 4943 3179 5011 exprobret.
3207 4939 3402 4995 Eodem
3431 4942 3601 5008 enim,
3631 4941 3702 4995 in-

2126 5040 2260 5109 quit,
2292 5037 2568 5101 convenite,
2601 5052 2663 5088 ne
2702 5050 2786 5090 vos
2831 5042 2980 5087 tentet
3018 5043 3222 5086 satanas
3268 5030 3390 5103 (1b.
3418 5049 3470 5084 υ.
3501 5032 3597 5102 5).
3639 5034 3703 5087 Ac

2126 5133 2310 5187 volens
2330 5131 2614 5186 ostendere
2642 5139 2806 5182 totum
2828 5131 2944 5197 ejus
2971 5126 3246 5182 tentationi
3268 5141 3374 5181 non
3394 5125 3604 5189 deberi,
3623 5126 3700 5180 sed

2127 5236 2325 5282 nostra:
2351 5226 2510 5282 etiam
2539 5224 2760 5293 ignavia:
2787 5222 3097 5292 plurimum,
3123 5221 3556 5292 principaliorem
3588 5235 3700 5275 eau-

2128 5333 2239 5372 sam
2266 5316 2433 5382 addit,
2466 5314 2708 5385 inquiens
2728 5353 2744 5380 ,
2772 5313 2992 5384 Propter
3010 5321 3222 5366 vestram
3249 5312 3696 5380 intemperantiam.

2127 5409 2256 5476 Quis
2268 5423 2370 5462 n0n
2394 5406 2443 5462 id
2464 5405 2686 5461 audiens
2701 5404 3018 5459 erubescat?
3037 5403 3155 5474 quis
3171 5418 3275 5457 non
3293 5402 3702 5471 intemperantia

2129 5510 2307 5555 notam
2335 5497 2566 5567 effugere
2591 5495 2878 5554 moliatur?
2903 5495 3084 5565 Neque
3108 5495 3248 5549 enim
3271 5493 3577 5549 cohortatio
3603 5495 3701 5548 haec

2129 5590 2195 5645 ad
2225 5604 2413 5644 omnes
2443 5587 2690 5658 pertinet,
2721 5586 2813 5642 sed
2840 5585 2910 5640 ad
2943 5584 3097 5639 valde
3138 5583 3419 5639 demissos.
3457 5584 3613 5650 Quod
3645 5583 3696 5646 si,

2130 5682 2318 5752 inquit,
2347 5689 2454 5734 tam
2492 5694 2551 5733 es
2591 5693 2778 5733 servus
2802 5676 3154 5747 voluptatum,
3181 5673 3223 5729 si
3257 5683 3362 5728 tam
3403 5673 3582 5728 mollis
3607 5716 3622 5737 ,
3655 5681 3700 5726 ut

2135 5789 2346 5848 semper
2372 5775 2422 5830 in
2451 5787 2697 5830 venerem
2723 5769 2924 5826 eﬂ'usus
2951 5778 3108 5840 atque
3135 5765 3342 5824 inhians
3367 5765 3466 5835 sis,
3494 5780 3698 5839 congre-
