3898 6240
157 316 260 373 5ἴῦ

167 438 319 491 Ἐπεὶ
368 432 467 490 οὖν
496 434 767 505 τοσαύτην
806 435 865 488 ἐν
913 435 1033 499 ταῖς
1079 435 1263 506 εὐχαῖς
1306 436 1576 507 πρόσιμεν
1624 436 1747 489 σϐέ-

156 535 344 580 σοντες
375 516 570 588 ὀργὴν,
602 516 696 569 καὶ
722 516 781 568 ὃν
806 514 948 568 οὕτω
981 515 1104 569 καθ’
1133 517 1372 584 ἐκάστην
1420 514 1755 585 ἐκπολεμοῦ-

156 615 253 667 μεν
286 598 388 667 τὴν
424 596 643 667 ἡμέραν
709 594 1162 659 καταλλάξοντες,
1202 596 1428 660 εἰκότως
1468 598 1615 666 ἡμᾶς
1649 597 1755 650 ἀπο

152 680 272 748 άγει
300 677 406 745 τῆς
437 677 634 747 ἡδονῆς
670 675 907 746 ἐκείνης,
936 676 1219 745 μονονουχὶ
1258 674 1453 742 λέγων·
1487 676 1752 745 11291166-

147 758 251 828 χῆς
283 760 419 826 ἡμῖν
454 759 483 809 6
512 756 691 824 λόγος,
746 754 1057 825 ἀγαπητοὶ,
1090 754 1231 823 ύπέρ
1285 754 1393 807 τῶν
1451 756 1692 825 ἐσχάτων
1724 758 1752 809 6

148 838 416 899 κῖνδυνος·
450 837 677 907 τρέμειν
702 834 783 887 δεῖ
816 836 906 887 καί
929 835 1225 888 δεδοικέναι
1251 835 1346 889 καὶ
1373 835 1747 889 συνεστάλθαι·

143 918 384 990 δεσπότῃ
409 918 680 987 πρόσιμεν
714 915 951 986 φοϐερῷ,
984 914 1158 968 πολλά
1224 917 1355 987 παρ’
1390 916 1547 986 ἡμῶν
1591 917 1747 989 ὑϐρι-

146 998 355 1067 σμένῳ,
394 995 611 1067 μεγάλα
640 998 770 1066 ἡμῖν
801 994 978 1064 ἔχοντι
1008 995 1100 1047 καὶ
1128 996 1267 1066 67:69
1299 996 1550 1066 μεγάλων
1579 999 1747 1067 ἐγκα-

140 1076 273 1129 λεῖν.
311 1077 391 1128 O6
428 1074 779 1145 περιπλοκῶν
809 1069 965 1137 0610;
996 1075 1025 1126 6
1077 1075 1287 1145 καιρὸς,
1329 1074 1453 1128 οὗτε
1506 1077 1744 1147 ἡδονῶν,

140 1156 277 1209 ἀλλὰ
318 1155 578 1228 δακρύων
626 1157 722 1210 καὶ
780 1154 1104 1225 στεναγμῶν
1166 1155 1401 1226 πικρῶν,
1454 1156 1746 1229 προσπτώ-

141 1254 298 1301 σεως,
350 1236 800 1307 ἐξομολογήσεως
854 1235 1137 1306 ἀκριϐοῦς,
1184 1235 1458 1301 λιτανείας
1490 1256 1747 1294 συντεταο

140 1317 334 1387 μένης,
376 1317 661 1388 ἱκετηρίας
698 1314 921 1385 πολλῆς.
968 1316 1275 1386 Ἀγαπητὸν
1315 1316 1425 1388 γὰρ
1477 1318 1572 1371 καὶ
1603 1320 1740 1389 μετά

135 1398 415 1467 τοσαύτης
474 1396 890 1469 προσπίπτοντα
935 1396 1174 1466 σπουδῆς
1239 1396 1538 1467 δυνηθῆναι
1570 1416 1741 1471 προσ-

138 1478 287 1531 ιόντα
346 1475 846 1546 καταμαλάξασθαι
910 1487 935 1515 ιι
970 1476 1072 1546 τὴν
1126 1476 1296 1547 ὀργὴν
1357 1478 1593 1549 ἐκείνην·
1639 1481 1738 1550 οὐχ

131 1559 213 1611 61:
236 1556 486 1627 ἀπηνὴς.
522 1555 631 1608 066‘
653 1555 735 1607 61:
765 1552 915 1623 ὠμὸς
946 1556 974 1606 6
1002 1554 1281 1624 Δεσπότης
1305 1556 1484 1626 ἡμῶν·
1515 1557 1606 1611 καὶ
1629 1559 1738 1630 γὰρ

133 1637 347 1707 σφόδρα
379 1636 531 1688 ἐστὶν
580 1635 791 1705 ἥμερος
828 1634 923 1686 καὶ
955 1632 1358 1705 φιλάνθρωπος·
1397 1636 1512 1707 ἀλλ’
1544 1638 1576 1707 ἡ
1626 1638 1737 1691 τῶν

129 1705 558 1793 ἁμαρτημάτων
588 1718 698 1771 τῶν
728 1718 1018 1788 ἡμετέρων
1052 1717 1325 1789 ὑπερϐολὴ
1346 1705 1479 1773 οὑδέ
1485 1705 1575 1775 τὸν
1602 1739 1739 1794 χρη-

128 1808 254 1860 στὸν
289 1806 392 1859 καὶ
420 1802 644 1872 ἐπιεικῆ
674 1803 772 1855 καὶ
824 1800 1115 1856 πολυέλεω
1173 1802 1398 1872 ἀφίησιν
1441 1805 1575 1875 ἡμῖν
1606 1823 1736 1875 συγ-

124 1890 339 1960 γνῶναι
400 1886 633 1957 ταχέως·
690 1885 772 1939 διό
822 1901 1024 1955 φησιν·
1079 1885 1215 1940 Ἵνα
1274 1886 1610 1957 σχολάζητε
1657 1890 1733 1960 τῇ

124 1969 390 2039 νηστείᾳ
421 1969 522 2022 καὶ
545 1963 885 2035 προσευχῇ.
921 1965 987 2019 Τί
1021 1960 1115 2019 οὖν
1147 1964 1215 2018 ἀν
1247 1965 1331 2037 εἴη
1363 1968 1461 2039 τῆς
1487 1969 1733 2035 δουλείας

122 2051 337 2121 ταύτης
364 2048 734 2120 πικρότερονς
767 2044 1039 2116 Βούλομαι
1078 2045 1355 2101 ἐπιδοῦναι
1386 2047 1413 2087 b
1445 2049 1579 2120 πρὸς
1600 2051 1735 2122 ἀρε..

121 2135 244 2203 τὴν,
272 2130 593 2200 ἀναπτῆναι
627 2128 765 2199 πρὸς
793 2127 885 2180 τὸν
912 2124 1163 2197 οὐρανὸν,
1215 2128 1494 2197 νηστείαις
1516 2132 1610 2185 καὶ
1642 2132 1734 2185 εύ-

122 2218 245 2284 χιῖς
278 2211 533 2282 συνεχῶς
580 2206 1012 2280 προσκαρτερῶν
1064 2207 1383 2277 ἀποσμῆξαι
1434 2211 1525 2265 τὸν
1558 2212 1731 2283 ῥύπον

122 2295 216 2361 τῆς
254 2292 467 2363 ψυχῆς·
501 2286 622 2343 εἷτα
655 2287 722 2342 ἂν
758 2287 833 2358 μὴ
864 2287 1124 2359 βούληται
1169 2288 1353 2356 ἐκείνη
1410 2290 1580 2364 ταύτῃ
1605 2296 1728 2347 ἐπι-

118 2374 311 2428 νεῦσαι
340 2375 415 2443 τῇ
474 2369 692 2441 γνώμῃ,
751 2366 1135 2438 ἀναγκάζομαι
1194 2368 1466 2425 δουλεύειν
1500 2384 1521 2411 ο
1558 2374 1730 2445 αὐτῆς

117 2458 180 2525 τῇ
211 2453 470 2524 λαγνείᾳ,
503 2452 602 2504 Διά
637 2449 796 2504 τοῦτο
826 2449 935 2521 γάρ
984 2448 1291 2521 ἀρχόμενος
1316 2448 1493 2518 ἔλεγε,
1527 2454 1731 2509 Καλὸν

119 2534 417 2602 ἀνθρώπῳ
450 2531 741 2602 γυναικός
764 2530 849 2599 μὴ
884 2530 1199 2584 ἅπτεσθαι·
1232 2529 1320 2584 διὰ
1374 2531 1531 2585 τοῦτο
1556 2535 1649 2588 καὶ
1678 2537 1729 2589 οἰ

124 2617 368 2687 μαθηταὶ
394 2614 534 2684 πρὸς
555 2616 646 2665 τὸν
681 2611 885 2683 Κύριον
912 2606 1088 2673 εἷπον,
1132 2613 1200 2665 El
1241 2612 1429 2679 οὕτως
1483 2614 1655 2669 ἐστὶν
1688 2619 1726 2687 ή

117 2698 275 2751 αἰτία
302 2696 417 2749 τοῦ
446 2692 767 2761 ἀνθρώπου
795 2690 948 2761 μετὰ
982 2690 1093 2758 τῆς
1121 2692 1429 2760 γυναικὸς,
1469 2697 1540 2748 οὺ
1574 2712 1729 2766 συμ-

116 2776 281 2844 φέρει
316 2771 611 2845 γαμῆσαι.
653 2771 1018 2839 Λογισάμενοι
1042 2768 1151 2839 γάρ
1186 2770 1267 2823 ὅτι
1298 2772 1464 2845 πολλὴ
1511 2775 1725 2848 ἀνάγκη

122 2855 333 2927 ’θατέρῳ
365 2857 529 2924 μέρει
557 2849 813 2919 γενέσθαι
840 2850 939 2920 τὴν
972 2849 1361 2919 ἐπῆρειαν.καὶ
1389 2869 1729 2927 στενοχωρη-

115 2935 299 2998 θέντες
325 2933 437 2987 ὑπὸ
463 2931 571 2984 τῶν
602 2929 1112 2999 λογισμῶνπαύτην
1140 2930 1363 2998 ἀφῆκαν
1388 2931 1487 3002 τὴν
1514 2938 1721 3007 φωνήν.

182 3015 308 3068 ΛΓ.
350 3012 453 3065 Διά
480 3012 639 3064 τοῦτο
666 3010 759 3065 καὶ
782 3011 809 3061 6
835 3008 1049 3072 Παῦλος
1069 3010 1307 3078 συνεχῶς
1324 3011 1455 3065 0616
1480 3016 1721 3086 στρέφει⁹

114 3094 200 3149 τη
230 3098 313 3157 εἰς
348 3093 547 3147 τοῦτον
576 3093 668 3146 τὸν
697 3089 959 3159 λογισμὸν
991 3089 1202 3160 ἐμϐάλῃ
1226 3089 1352 3153 τοὺς
1384 3093 1721 3164 Κορινθίους·

115 3177 428 3240 Ἕκαστος
483 3172 600 3240 τὴν
647 3170 868 3225 ἑαυτοῦ
926 3169 1183 3239 γυναῖκα
1242 3170 1447 3240 ἐχέτω·
1500 3174 1582 3243 Τῇ
1619 3195 1725 3245 γυ-

111 3256 272 3310 ram)
315 3259 351 3309 ὀ
405 3254 565 3322 ἀνὴρ
614 3252 729 3321 τὴν
774 3252 1174 3320 ὅρειλομένην
1224 3251 1470 3305 εὔνοιαν
1514 3256 1725 3312 ἀποδι.

110 3334 285 3387 δότω·
313 3335 389 3388 ἸΙ
422 3332 578 3402 γυνὴ
612 3332 717 3386 τοῦ
746 3331 899 3385 ἰδίου
923 3330 1197 3399 σώματος
1221 3334 1332 3385 οὐκ
1366 3333 1721 3397 ἐξουσιάζει·

110 3415 206 3481 Μὴ
240 3412 641 3479 ἀποστερεῖτε
687 3410 1022 3477 ἀλλήλους·
1066 3410 1191 3462 Ἐπὶ
1230 3411 1296 3463 τὸ
1333 3414 1479 3467 αὐτὸ
1505 3417 1722 3485 συνέρ-

111 3496 318 3561 χεσθε.
351 3492 493 3546 0666
520 3491 631 3561 γάρ
665 3492 715 3543 οἰ
749 3491 1010 3561 μακάριοι
1032 3490 1153 3543 τότε
1181 3490 1380 3544 ἐκεῖνοι
1404 3494 1468 3546 ἐκ
1498 3494 1720 3565 πρώτης

110 3574 319 3635 εὐθέως
341 3570 510 3623 τοῦτο
548 3568 752 3623 ἔπαθον
776 3569 875 3639 τῆς
907 3570 1113 3637 φωνῆς,
1163 3567 1279 3620 ἀλλ’
1312 3570 1400 3623 ὅτε
1444 3571 1508 3624 ἐκ
1545 3572 1722 3627 δευτέ-

113 3671 209 3723 ρου
233 3653 415 3705 ταῦτα
444 3653 711 3722 ἡκουσαν,
747 3650 865 3703 τότε
928 3647 1166 3701 συνεῖδον
1214 3648 1343 3717 τῆςν
1366 3652 1591 3719 ἐντολῆς
1622 3655 1719 3727 τὴν

107 3734 381 3803 ἀνάγκην.
420 3731 533 3783 Καὶ
563 3729 673 3800 γάρ
702 3730 790 3782 ὅτε
824 3727 1062 3798 ἐκάθητο
1086 3727 1179 3780 ἐπὶ
1202 3728 1297 3781 τοῦ
1329 3727 1489 3799 ὅρους
1523 3734 1551 3785 6
1584 3734 1720 3803 Χρι-

109 3812 260 3875 στὸς,
301 3810 560 3882 διελέχθη
592 3810 724 3880 περὶ
752 3809 969 3873 τούτου,
1025 3808 1121 3861 καὶ
1181 3809 1303 3878 μεθ’
1334 3808 1501 3880 ἕτερα
1547 3814 1720 3869 πολλά

105 3892 276 3947 πάλιν
304 3891 487 3953 οὕτως
518 3890 718 3952 06106;
748 3888 1047 3958 εἰσήγαγεν
1094 3887 1175 3951 είς
1215 3887 1306 3941 τὸν
1353 3888 1456 3959 τῆς
1510 3893 1717 3962 ἐγκρα-

105 3973 258 4037 τείας
308 3973 537 4043 ἔρωτα·
592 3970 737 4021 οὕτω
808 3966 1051 4039 συνεχῶς
1100 3967 1173 4020 τά
1242 3967 1383 4023 αύτά
1448 3970 1718 4044 λεγόμενα

112 4054 335 4107 πλείονα
380 4053 497 4121 ἔχει
527 4050 626 4121 τὴν
655 4049 959 4119 ἐνέργειαν.
994 4046 1293 4101 Κάνταῦθα
1326 4043 1419 4102 οῦν
1456 4051 1547 4104 τὸν
1573 4043 1719 4109 διδά-

106 4135 309 4187 σκαλον
342 4131 691 4205 μιμούμενος
747 4130 777 4181 6
826 4128 1074 4199 μαθητὴς
1133 4127 1373 4199 συνεχῶς
1436 4133 1562 4202 περὶ
1607 4134 1718 4188 τῶν

103 4213 292 4269 αὐτῶν
322 4212 661 4281 διαλέγεται·
692 4210 786 4263 καὶ
807 4208 1047 4289 ούδαμοῦ
1074 4208 1174 4280 τὴν
1205 4207 1551 4289 συγχώρησιν
1569 4211 1715 4289 [292]

104 4292 298 4355 ἁπλῶς
331 4292 575 4361 τίθησιν,
602 4289 739 4343 ἀλλά
765 4288 906 4360 μετά
955 4288 1156 4352 αἰτίας,
1207 4287 1295 4340 διά
1330 4288 1430 4353 τὰς
1460 4287 1715 4362 πορνείας

100 4372 307 4442 λέγων,
361 4373 460 4425 καὶ
492 4372 622 4434 τοὺς
672 4368 1017 4441 πειρασμοὺς
1054 4369 1180 4431 τοῦς
1230 4371 1577 4435 σατανικοὺς,
1619 4376 1715 4429 καὶ

101 4455 202 4524 τὴν
265 4451 570 4523 ἀκρασίαν,
624 4451 719 4503 καὶ
776 4449 1106 4511 ἀνυπόπτως
1164 4448 1223 4500 τὸ
1271 4451 1371 4519 τῆς
1416 4452 1714 4523 παρθενίας

101 4532 385 4603 ἐγκώμιον
409 4531 781 4603 ἐργαζόμενος
808 4532 865 4582 ἐν
884 4531 997 4591 τοῖς
1029 4529 1268 4598 περὶτοῦ
1300 4530 1479 4599 γάμου
1509 4531 1709 4601 λόγοις.

170 4616 294 4667 AA'.
328 4614 391 4665 Εί
425 4614 535 4683 γάρ
560 4614 687 4674 τοὺς
712 4612 769 4665 ἐν
796 4608 873 4681 τῷ
898 4608 1063 4679 γάμῳ
1086 4608 1461 4677 διατρίϐοντας
1478 4612 1713 4668 δέδοικεν

102 4694 418 4762 ἀποστῆσαι
446 4691 704 4749 ἐπιπολὺ,
742 4691 815 4760 μή
858 4707 978 4742 τινα
1028 4689 1385 4761 παρείσδυσιν
1411 4692 1438 4743 6
1467 4692 1712 4759 διάϐολος

100 4772 261 4847 εῦρῃ,
299 4776 486 4826 πόσων
512 4772 580 4825 ἂν
616 4767 730 4825 εἶεν
767 4770 917 4835 ἄξιαι
976 4772 1257 4838 στεφάνων
1287 4771 1344 4824 αἰ
1374 4772 1506 4843 μηδέ
1558 4778 1712 4848 παρὰ

98 4854 196 4923 τὴν
224 4854 406 4925 ἀρχὴν
440 4852 651 4922 ταύτης
701 4851 978 4922 δεηθεῖσαι
1033 4849 1137 4920 γῆς
1187 4852 1565 4921 παραμυθίας,
1614 4857 1711 4908 καὶ

102 4935 269 5004 μέχρι
297 4934 492 4995 τέλους
528 4931 819 5002 ἀχείρωτοι
852 4930 1237 5000 διαμείνασαι;
1269 4932 1460 4985 Καίτοι
1493 4935 1613 4988 ούδέ
1641 4936 1708 4990 τά

97 5017 254 5084 παρὰ
282 5014 378 5066 τοῦ
404 5013 660 5067 διαϐόλου
693 5012 909 5082 μηχανή
922 5028 1071 5081 ματα
1116 5010 1174 5076 ἐξ
1205 5011 1328 5080 ίσης
1374 5013 1707 5085 ἀμφοτέροις

95 5094 464 5164 προσάγεται.
499 5093 628 5155 Τοῖς
654 5092 751 5162 μὲν
778 5091 886 5162 γάρ
919 5090 1041 5144 0666
1070 5089 1307 5161 ἐνοχλεῖν
1340 5091 1503 5145 αὐτὸν
1525 5089 1702 5165 οἶμαι,

96 5174 277 5227 emta
306 5175 388 5227 61:
418 5172 651 5242 πλησίον
683 5172 866 5235 αὐτοῖς
901 5173 934 5242 ή
960 5170 1277 5241 καταφυγὴ,
1312 5170 1414 5225 κάν
1448 5190 1595 5239 τινος
1621 5177 1705 5230 αἴ-

97 5256 336 5307 σθωνται
374 5252 749 5323 σφοδροτέρας
782 5250 1112 5323 προσϐολῆς.
1146 5250 1354 5317 ἔξεστιν
1384 5252 1588 5317 εὐθέως
1612 5257 1705 5310 ἐπὶ

93 5334 184 5384 τὸν
209 5334 412 5404 λιμένα
448 5331 843 5401 καταφεύγειν·
894 5331 1017 5384 0666
1041 5330 1149 5399 γὰρ
1196 5330 1421 5400 ἀφίησιν
1451 5332 1648 5399 αὐτοὺς
1676 5337 1704 5389 6

94 5412 373 5480 μακάριος
409 5411 626 5473 Παῦλος
686 5410 1024 5482 πορρωτέρω
1073 5410 1246 5471 πλεῖν,
1293 5410 1410 5463 ἀλλ’
1445 5412 1701 5486 ὑποστρέ.

91 5507 215 5557 φειν
247 5491 417 5562 ἡνίκα
460 5490 530 5544 ἂν
566 5491 790 5560 κάμωσι
833 5492 1113 5560 παραινεῖ,
1167 5489 1333 5543 πάλιν
1387 5492 1701 5560 ἐπιτρέπων

92 5572 184 5626 ἐπὶ
234 5572 305 5625 16
347 5572 482 5626 0616
532 5570 913 5642 συνέρχεσθαι.
954 5572 1019 5623 Ἢ
1073 5570 1129 5623 66
1169 5570 1439 5643 παρθένος
1471 5572 1539 5625 δι’
1578 5573 1699 5626 ὅλου

94 5651 447 5706 ίὼττεύειν
482 5652 879 5719 ἀναγκάζεται,
925 5653 1019 5704 καὶ
1055 5650 1289 5718 πέλαγος
1317 5652 1467 5705 πλεῖν
1502 5653 1697 5724 ἀλίμε-

92 5748 197 5785 νιν·
230 5733 344 5787 κᾶν
372 5735 402 5787 6
439 5731 832 5803 χαλεπώτατος
860 5732 1114 5804 διεγερθῇ
1142 5732 1372 5805 χειμὼν,
1404 5734 1525 5789 0666
1554 5734 1697 5789 οὕτω

150 5857 175 5933 ἶ
353 5856 737 5933 ἐκμειλίξασθαι.

154 5917 179 5954 δ
196 5918 325 5979 Reg.
352 5917 535 5980 βούλει,
560 5920 720 5980 φησὶν,
746 5920 1005 5967 ἐπιδοῦναι.

155 5983 177 6010 τ
202 5980 338 6042 Reg.
356 5979 546 6043 ἀνάγκη
566 5979 820 6030 δουλεύοι-ι.

1511 320 1595 375 DE
1636 321 2104 381 VIRGINITATE.

3336 336 3440 391 5ῖσ

1858 435 2017 505 θέμις
2040 438 2265 509 ὁρμίσαι
2312 438 2374 491 16
2425 439 2629 510 σκάφος
2670 442 2807 513 αὐτῇ
2858 442 2949 495 καὶ
2998 442 3438 506 ἀναπαύσασθαι.

1858 514 2194 596 Ὥσπερ-οῦν
2221 521 2269 571 of.
2320 518 2460 572 κατὰ
2506 520 2603 591 τὴν
2650 520 2919 575 θάλατταν
2964 524 3279 596 κακοῦργοι,
3313 530 3440 584 ἔνθα

1856 595 1955 665 μὲν
1977 595 2041 649 ἂν
2133 598 2287 661 πόλις
2314 599 2345 670 ἢ
2376 599 2612 653 ἐπίνειον
2645 601 2677 671 ἢ
2734 601 2921 673 λιμὴν,
2966 603 3067 655 οὐκ
3105 593 3440 663 ἐπιτίθενται

1851 680 1964 757 τοῖς
1996 677 2219 730 πλέουσι
2280 678 2457 744 (τοῦτο
2503 679 2613 751 γὰρ
2646 680 2823 750 μάτην
2882 681 3215 736 κινδυνεύειν
3245 686 3437 757 ἐστίν)·

1850 756 1917 849 ἀν
1940 758 2080 849 δέ1ἐν
2100 758 2274 849 μέσῳ..
2286 759 2374 849 τῶ
2390 760 2617 849 πελάγει
2646 760 2716 849 16
2737 762 2944 849 σκάφος
2976 762 3312 849 ἀπολάϐωσι,
3340 756 3439 838 τὴν

1849 838 2086 909 ἐρημίαν
2100 838 2215 892 τῶν
2248 838 2625 909 βοηθησόντων
2656 840 2758 910 τῆς
2787 842 2995 913 τόλμης
3042 844 3253 911 ἐφόδιον
3288 846 3434 916 ἔχον-

1847 933 1960 979 τες.
1991 918 2169 971 πάντα
2196 917 2404 972 κινοῦσι
2434 920 2527 972 καὶ
2582 920 2894 990 στρέφουσι,
2947 922 3041 974 καὶ
3076 924 3136 975 ού
3172 925 3438 997 πρότερον

1845 994 2175 1075 ἀφίστανται
2196 997 2300 1060 ἐως
2327 998 2393 1051 ἂν
2420 998 2452 1067 ἢ
2479 998 2825 1053 καταδύσωσι
2845 1000 2973 1062 τοὺς
3006 994 3365 1071 ἐμπλέοντας,
3399 1005 3435 1075 ἢ

1842 1073 2003 1127 τοῦτο
2032 1075 2277 1129 πάθωσιν
2306 1077 2482 1129 αὐτοί·
2512 1076 2656 1131 οῦτω
2679 1080 2772 1131 καὶ
2802 1080 2832 1130 6
2854 1079 3027 1143 δεινὸς
3057 1074 3211 1145 οὗτος
3241 1073 3434 1155 πειραέ

1840 1152 2035 1234 τὴς-τῇ
2073 1156 2329 1227 παρθένῳ
2364 1157 2531 1211 πολὺν
2554 1159 2751 1226 ἐπάγει
2786 1159 2875 1212 τὸν
2918 1160 3163 1231 χειμῶνα
3197 1163 3290 1215 καὶ
3336 1152 3435 1234 χα-

1841 1231 2014 1305 λεπὴν
2045 1236 2144 1306 τὴν
2200 1236 2390 1307 ζάλην,
2448 1237 2544 1290 καὶ
2599 1239 2907 1308 ἀφορήτους
2963 1240 3066 1303 τάς
3112 1231 3432 1312 τρικυμίας,

1840 1313 2021 1367 πάντα
2045 1314 2160 1368 ἀνω
2195 1316 2289 1368 καὶ
2340 1316 2491 1369 κάτω
2543 1317 2748 1382 κυκῶν,
2807 1316 2947 1371 ὥστε
2994 1322 3061 1390 τῇ
3098 1319 3190 1391 βίᾳ
3239 1322 3330 1374 καὶ
3361 1325 3431 1393 τῇ

1841 1395 1991 1469 ῥύμῃ
2019 1395 2345 1467 περιτρέψαι
2401 1396 2463 1449 16
2519 1396 2745 1465 σκάφος.
2804 1398 3043 1452 Ἤκουσε
3074 1398 3183 1471 γὰρ
3229 1401 3311 1454 61:
3346 1402 3428 1465 τὸ,

1851 1478 1983 1530 Ἐπὶ
2021 1478 2089 1531 τὸ
2116 1479 2263 1532 αὐτὸ
2294 1476 2722 1546 συνέρχεσθαι,
2754 1479 2787 1549 ὴ
2842 1479 3110 1549 παρθένος
3141 1480 3242 1534 οὐκ
3289 1482 3426 1553 ἔχει,

1836 1556 1952 1611 ἀλλ’
1981 1556 2198 1629 ἀνάγκη
2238 1558 2308 1611 δι’
2358 1557 2480 1611 ὅλου
2538 1557 2791 1611 παλαίειν
2841 1558 3035 1628 αὐτὴν,
3065 1559 3132 1612 δι’
3160 1560 3281 1613 ὅλου
3325 1563 3429 1633 μά-

1836 1635 2029 1707 χεσθαι
2059 1636 2197 1706 πρὸς
2222 1636 2290 1689 τὰ
2330 1636 2681 1708 πνευματικά
2736 1638 2836 1708 τῆς
2893 1639 3182 1709 πονηρίας,
3228 1641 3334 1705 ἕως
3361 1642 3428 1695 ἂν

1834 1717 1916 1779 εἰς
1947 1715 2040 1768 τὸν
2094 1713 2269 1772 εὖδιον
2325 1715 2679 1787 καταπλεύσῃ
2718 1714 2932 1787 λιμένα.
2998 1717 3265 1790 Καθάπερ
3316 1720 3427 1790 γάρ

1836 1793 2178 1867 στρατιώτην
2233 1798 2479 1862 γενναῖον
2534 1794 2639 1859 ἔξω
2682 1794 2879 1864 τειχῶν
2933 1796 3266 1861 ἀποκλείσας
3326 1800 3425 1869 τὴν

1833 1872 2104 1944 παρθένον
2127 1877 2155 1929 6
2184 1874 2415 1939 Παῦλος,
2450 1876 2550 1928 ούκ
2603 1874 2828 1945 ἀφίησιν
2866 1874 3151 1944 ἀνοιγῆναι
3185 1876 3283 1941 τάς
3316 1877 3421 1930 πύ-

1832 1952 1930 2016 λας
1961 1954 2122 2026 αὐτῇ.
2154 1955 2259 2009 κᾶν
2291 1954 2497 2025 σφόδρα
2518 1956 2545 2007 6
2570 1952 2826 2023 πολέμιος
2850 1955 3107 2026 ἀγριαίνῃ
3150 1956 3285 2026 πρὸς
3324 1957 3423 2009 αύ-

1830 2033 1953 2107 τὴν,
1994 2034 2097 2088 κᾶν
2121 2034 2272 2105 αὐτῷ
2300 2034 2476 2105 τούτῳ
2507 2034 2866 2105 σφοδρότερος
2907 2035 3163 2105 γίγνηται
3208 2037 3285 2107 τῷ
3330 2038 3421 2094 τὸν

1829 2114 2124 2168 ἀντίπαλον
2156 2114 2426 2186 μηδεμίαν
2459 2114 2706 2179 ἐξουσίαν
2736 2115 2879 2185 ἔχειν
2932 2116 3284 2187 ἀνακωχῆςά.
3309 2120 3421 2190 Ούχ

1828 2193 1857 2244 6
1884 2192 2129 2257 διάϐολος
2167 2194 2223 2248 δέ
2261 2194 2445 2264 μόνον,
2478 2194 2613 2247 ἀλλά
2645 2194 2736 2248 καὶ
2766 2194 2924 2257 0616;
2952 2197 2979 2248 6
3006 2196 3105 2265 τῆς
3128 2196 3421 2266 ἐπιθυμίας

1829 2267 2045 2343 οἶστρος
2079 2272 2341 2344 μειζόνως
2377 2277 2490 2338 τοῖς
2523 2275 2597 2345 μὴ
2644 2274 3024 2343 γεγαμηκόσιν
3063 2277 3291 2347 ἐνοχλεῖ·
3327 2279 3421 2331 καὶ

1826 2351 1988 2405 τοῦτο
2025 2354 2188 2406 παντί
2223 2371 2325 2406 που
2360 2354 2521 2426 δῆλόν
2550 2356 2719 2407 ἐστιν.
2751 2348 2850 2406 Ὧν
2882 2355 2981 2425 μὲν
3020 2355 3129 2427 γάρ
3157 2358 3255 2428 τὴν
3280 2359 3420 2410 ἀπό-

1827 2430 2018 2486 λαυσιν
2046 2432 2262 2503 ἔχομεν,
2298 2433 2357 2486 οὐ
2382 2434 2591 2505 ταχέως
2626 2434 2730 2487 6716
2754 2433 2853 2505 τῆς
2880 2434 3184 2505 ἐπιθυμίας
3201 2437 3419 2491 ἁλισκό-

1833 2510 1991 2581 μεθα,
2026 2511 2122 2581 τῆς
2147 2512 2329 2576 ἀδείας
2388 2518 2455 2586 τῇ
2504 2514 2648 2586 ψυχῇ
2698 2516 2960 2587 ῥᾳθυμεῖν
3006 2516 3414 2587 συγχωρούσης.

1828 2592 1939 2643 Καὶ
1961 2590 2120 2644 τοῦτο
2149 2592 2245 2643 καὶ
2267 2591 2541 2663 παροιμία
2577 2611 2659 2656 τις
2684 2596 2815 2663 ἡμῖν
2852 2596 3138 2663 μαρτυρεῖ,
3163 2593 3419 2666 δημώδης

1832 2670 1952 2739 μὲν,
2000 2670 2204 2741 σφόδρα
2241 2671 2297 2723 66
2330 2670 2555 2742 ἀληθής.
2608 2671 2681 2723 T6
2732 2672 2841 2743 γάρ
2872 2675 2927 2725 ὲν
2957 2672 3194 2743 ἐξουσίᾳ,
3227 2676 3413 2743 φησὶν,

1826 2750 2046 2820 ἕτοιμον
2097 2752 2196 2803 οὐκ
2249 2748 2388 2805 εἶναι
2436 2752 2574 2822 πρὸς
2622 2751 2922 2822 ἐπιθυμίαν
2955 2752 3202 2823 σφοδρόν.
3231 2757 3328 2806 "Av
3357 2756 3415 2808 δέ

1827 2846 1958 2882 ποτε
1987 2830 2320 2901 κωλυθῶμεν
2365 2825 2439 2883 ὧν
2482 2830 2648 2885 πάλαι
2680 2826 2824 2902 ἦμεν
2860 2830 3063 2901 κύριοι,
3102 2833 3414 2888 τούναντίον

1825 2909 2057 2977 γίνεται,
2088 2912 2181 2963 καὶ
2204 2910 2269 2963 τὰ
2298 2910 2385 2963 διά
2423 2910 2520 2981 τὴν
2560 2911 2809 2975 ἐξουσίαν
2868 2914 2995 2982 παρ’
3035 2912 3191 2982 ἡμῶν
3242 2930 3414 2966 κατα-

1826 2991 2192 3062 φρονούμενα,
2229 2990 2422 3058 ταῦτα,
2475 2993 2604 3045 ὅταν
2663 2992 2725 3044 16
2770 2990 2936 3062 κῦρος
2973 2993 3129 3063 ἡμῶν
3175 2993 3413 3063 ἐκφύγῃ,

1825 3071 2183 3143 σφοδρότερον
2205 3072 2362 3143 ἡμῶν
2392 3072 2491 3142 τὴν
2542 3072 2838 3143 ἐπιθυμίαν
2885 3072 3152 3145 διήγειρε.
3190 3073 3416 3145 Πρῶτον

1829 3152 1929 3223 μὲν
1959 3147 2052 3204 οῦν
2080 3150 2251 3223 ταύτῃ
2291 3151 2492 3222 μείζων
2529 3151 2681 3223 παρά
2711 3154 2825 3214 τοῖς
2857 3152 3287 3223 γεγαμηκόσινὴ
3313 3170 3415 3220 γα-

1825 3232 1983 3305 λήνη·
2012 3231 2264 3303 δεύτερον
2293 3232 2370 3297 δέ,
2404 3232 2483 3285 ὅτι
2516 3231 2617 3285 κᾶν
2666 3234 2745 3295 εἰς
2805 3231 2938 3301 ῦψος
2982 3232 3215 3304 ἀρθῆναι
3263 3234 3415 3302 φιλοσ-

1826 3313 2054 3383 νεικήσῃ
2112 3312 2244 3364 ποτέ
2311 3311 2521 3383 ἡφλὸξ,
2578 3312 2934 3365 καταστέλλει
2982 3314 3191 3383 ταχέως
3242 3315 3413 3386 αὐτὴν

1825 3391 2130 3445 ἐπελθοῦσα
2168 3396 2201 3463 ἡ
2237 3392 2403 3463 μίξις.
2448 3392 2513 3443 Ἡ
2544 3391 2601 3445 δέ
2630 3392 2901 3462 παρθένος
2920 3394 3020 3446 οὐκ
3049 3394 3243 3464 ἔχουσα
3264 3396 3412 3459 ὅπως

1826 3472 1995 3544 σϐέσῃ
2030 3483 2052 3510 θ
2082 3472 2145 3525 τὸ
2180 3474 2313 3543 πῦρ,
2348 3474 2451 3543 ὁρᾷ
2484 3473 2583 3542 μὲν
2617 3473 2747 3526 αύτὸ
2775 3475 3181 3544 κορυφούμενον
3211 3476 3304 3528 καὶ
3333 3478 3415 3538 είς

1824 3554 1956 3624 ὕψος
1988 3555 2298 3626 αἰρόμενον,
2324 3553 2593 3606 σϐέσαιδέ
2632 3555 2732 3607 οὐκ
2764 3554 3024 3625 ἰσχύουσα
3060 3555 3177 3619 ἐνὸς
3203 3556 3413 3623 γίνεται

1824 3635 1986 3706 μόνου
2010 3635 2104 3687 τοῦ
2130 3636 2203 3705 μὴ
2230 3633 2527 3703 φλεχθῆναι
2563 3635 2878 3704 μαχομένην
2925 3635 3075 3706 πυρί.
3113 3631 3262 3709 τΑρά
3295 3637 3411 3690 ἐστί

1818 3733 1871 3769 τι
1903 3715 2094 3769 τούτου
2127 3714 2577 3786 παραδοξότερον,
2610 3716 2787 3767 πᾶσαν
2815 3714 2961 3767 ἔνδον
2993 3714 3280 3784 βαστάζειν
3311 3718 3411 3787 τὴν

1821 3795 2023 3866 πυράν,
2064 3794 2159 3847 καὶ
2210 3792 2288 3864 μὴ
2341 3792 2633 3859 καίεσθαι;
2694 3793 3019 3863 συστρέφειν
3056 3795 3154 3865 μὲν
3189 3798 3246 3848 ἐν
3296 3799 3411 3858 τοῖς

1817 3876 1918 3946 τῆς
1939 3875 2117 3946 ψυχῆς
2172 3874 2440 3945 ταμιείοις
2472 3871 2571 3944 τὴν
2598 3871 2791 3942 φλόγα,
2830 3872 2981 3945 [295]
3039 3873 3317 3943 ἀνέπαφον
3350 3875 3408 3928 δὲ

1817 3956 1919 4025 τὴν
1946 3955 2188 4009 διάνοιαν
2219 3954 2530 4025 διατηρεῖν;
2568 3952 2757 4015 Οὐδεὶς
2813 3952 2921 4024 γάρ
2956 3952 3092 4023 αὐτῇ
3132 3956 3412 4027 συγχωρεῖ

1817 4037 1945 4100 τοὺς
2003 4035 2285 4108 ἄνθρακας
2340 4033 2566 4099 τούτους
2609 4032 2715 4098 ἐξω
2768 4032 3028 4096 κενῶσαι,
3078 4033 3191 4086 ἀλλ’
3220 4036 3410 4106 ὅπερὸ

1818 4116 2233 4188 Παροιμιαστὴς
2262 4113 2525 4169 ἀδύνατον
2558 4110 2696 4169 εἷναί
2721 4130 2886 4185 φησιν
2914 4114 3006 4168 ἐπὶ
3036 4113 3136 4184 τῆς
3158 4114 3267 4170 τῶν
3298 4133 3407 4168 σω-

1820 4198 2009 4270 μάτων
2036 4196 2273 4266 φύσεως,
2301 4194 2461 4248 τοῦτο
2486 4195 2779 4267 ὑπομένειν
2825 4194 2963 4266 αὑτὴ
2999 4195 3409 4264 καταναγκάζε-

1815 4296 1906 4333 ται
1929 4278 2022 4331 ἐπὶ
2047 4279 2147 4348 τῆς
2184 4275 2382 4346 ψυχῆς.
2415 4276 2480 4329 Τί
2517 4276 2575 4329 δὲ
2629 4274 2836 4339 ἐκεῖνός
2869 4292 3001 4345 φησι
3028 4291 3043 4340 ;
3072 4275 3405 4343 Περιπατή-

1815 4374 1914 4414 σει
1952 4374 2046 4425 τις
2090 4358 2184 4411 ἐπ’
2219 4355 2538 4423 ἀνθράκων
2575 4354 2787 4422 πυρός,
2844 4355 2986 4421 τοὺς
3014 4355 3083 4408 δὲ
3108 4356 3300 4423 πόδας
3332 4359 3406 4413 οὐ

1814 4439 2215 4499 κατακαύσεις
2268 4434 2405 4487 Ἀλλ’
2461 4434 2568 4487 ἰδοὺ
2599 4432 2736 4505 αὕτη
2799 4438 3094 4505 περιπατεῖ
3121 4437 3213 4489 καὶ
3250 4438 3405 4509 φέρει

1814 4519 1913 4593 τὴν
1953 4518 2205 4590 βάσανον.
2254 4515 2566 4581 Ἆποδήσει
2594 4532 2681 4580 τις
2713 4514 2833 4584 πῦρ
2858 4516 2930 4568 ἐν
2953 4518 3180 4580 κόλπῳ,
3222 4523 3295 4571 τα
3335 4516 3406 4570 δὲ

1816 4599 2013 4670 ἱμάτια
2038 4600 2109 4652 οὐ
2134 4593 2713 4666 κατακαύσει;Αῦτη
2765 4595 2821 4649 δὲ
2878 4596 2977 4649 οὐκ
3024 4598 3081 4648 ἐν
3141 4599 3404 4667 ἱματίοις,

1815 4680 1932 4734 ἀλλ’
1969 4679 2117 4733 ἔνδον
2145 4678 2345 4748 ἔχουσα
2372 4678 2435 4731 16
2460 4676 2571 4748 πῦρ
2602 4676 2885 4747 ἀγριαῖνον
2924 4677 3019 4731 καὶ
3055 4680 3244 4749 ἡχοῦν,
3303 4681 3404 4733 ἀν-

1814 4762 1998 4831 έχεται
2026 4758 2120 4813 καὶ
2154 4758 2333 4827 στέγει
2363 4758 2463 4829 τὴν
2488 4757 2683 4827 φλόγα.
2727 4755 2843 4809 Ἔτ’
2874 4752 2967 4811 οὖν
2990 4757 3251 4829 τολμήσει
3293 4778 3401 4825 τις,

1814 4840 1936 4895 εἰπέ
1968 4856 2079 4911 μοι,
2108 4841 2174 4910 τῇ
2204 4838 2471 4909 παρθενίᾳ
2506 4836 2597 4891 τὸν
2654 4837 2832 4909 γάμον
2872 4839 3280 4909 παραϐάλλειν;
3309 4842 3402 4894 ἀν-

1810 4919 2063 4989 τιϐλέψαι
2104 4920 2162 4973 δὲ
2211 4918 2377 4983 ὃλωςς
2422 4918 2563 4971 Ἀλλ’
2620 4918 2722 4972 οὑκ
2767 4917 2992 4988 ἀφίησιν
3043 4919 3072 4970 6
3131 4920 3400 4992 μακάριος

1811 5000 2047 5063 Παῦλος,
2073 4999 2207 5053 πολὺ
2233 4998 2294 5051 τὸ
2320 4999 2482 5067 μέσον
2501 4998 2765 5068 ἐκατέρου
2790 4997 2880 5051 τοῦ
2909 4998 3233 5068 πράγματος
3265 5000 3398 5062 θείς·

1823 5078 1887 5132 Ἡ
1917 5080 2015 5149 μὲν
2032 5077 2141 5149 γὰρ
2166 5077 2235 5130 τά
2254 5076 2348 5129 τοῦ
2368 5076 2597 5147 Κυρίου,
2623 5077 2808 5145 φησὶν,
2837 5076 2946 5145 ἡδὲ
2972 5077 3039 5129 τά
3068 5077 3161 5130 τοῦ
3191 5077 3399 5147 κόσμου

1813 5152 2077 5229 μεριμνᾷ.
2130 5156 2463 5226 Συναγαγὼν
2515 5156 2695 5209 τοίνυν
2723 5157 2803 5220 εἰς
2839 5156 3029 5208 ταυτὸν
3062 5157 3188 5219 τοὺς
3234 5174 3401 5227 γεγα-

1811 5239 2074 5309 μηκότας,
2108 5238 2400 5311 καὶταύτῃ
2428 5236 2815 5308 χαρισάμενος,
2863 5236 3093 5290 ἄκουσον
3149 5237 3266 5302 πῶς
3297 5240 3400 5292 αὑ-

1807 5321 1921 5381 τοῖς
1952 5318 2199 5382 ὀνειδίζει
2234 5318 2414 5373 πάλιν·
2456 5316 2585 5373 Ἐπί
2620 5316 2686 5370 τὸ
2714 5315 2862 5369 αὐτὸ
2898 5316 3024 5386 γὰρ,
3055 5318 3211 5389 φησὶ,
3250 5336 3399 5371 συν-

1805 5398 2081 5466 έρχεσθε,
2122 5399 2223 5451 ἵνα
2271 5398 2357 5466 μὴ
2388 5396 2625 5464 πειράζῃ
2655 5395 2810 5465 ὑμᾶς
2859 5399 2891 5451 d
2946 5396 3241 5465 Σατανᾶς.
3289 5399 3399 5452 Καὶ

1804 5480 1978 5546 δεῖξαι
2008 5478 2329 5549 βουλόμενος
2357 5478 2523 5530 ὅτιού
2557 5477 2655 5547 τῆς
2711 5477 2920 5531 ἐκείνου
2963 5479 3159 5549 πείρας
3198 5480 3258 5533 τὸ
3290 5483 3400 5533 πᾶν

1804 5561 1979 5625 ἐστιν,
2018 5560 2157 5613 άλλά
2194 5559 2290 5612 καὶ
2317 5558 2416 5629 τῆς
2436 5558 2712 5629 ἡμετέρας
2742 5559 2974 5624 νωθείας
2997 5562 3057 5613 16
3086 5560 3269 5626 πλέον,
3301 5562 3400 5631 τὴν

1804 5644 2147 5714 κυριωτέραν
2190 5640 2370 5694 αἰτίαν
2420 5641 2707 5711 ἐπήγαγε,
2757 5642 2860 5696 Διὰ
2914 5641 3029 5710 τὴν
3094 5642 3400 5709 ἀκρασίαν

1802 5723 1992 5794 ὑμῶν,
2025 5722 2216 5778 εἰπών.
2276 5722 2373 5785 Τίς
2420 5716 2514 5775 οῦν
2560 5723 2661 5775 οὐκ
2721 5721 2789 5776 ἂν
2840 5722 3186 5793 ἐρυθριάσειε
3224 5721 3397 5775 ταῦτα

1878 5854 1907 5893 ἀ
1926 5857 2045 5918 Reg.
2073 5858 2338 5919 ἀνακωχῆς.
2366 5857 2459 5920 Καὶ
2480 5856 2586 5920 περὶ
2609 5856 2692 5918 μὲν
2712 5862 2795 5916 τῆς
2822 5856 3051 5919 παρθένου
3074 5854 3242 5905 ταῦτα.
3272 5857 3394 5905 Τού-

1803 5936 1901 5975 τοις
1919 5921 1971 5967 δὲ
1990 5921 2079 5982 οὐχ
2099 5922 2125 5968 6
2148 5918 2366 5973 διάϐολος
2391 5918 2548 5980 μόνος.

1862 5983 1881 6002 '
1908 5982 2031 6045 Reg.
2064 5983 2159 6045 ὅτῳ
2182 5983 2364 6031 σϐέσει.
