3898 6248
493 355 616 432 557‘

483 484 734 546 ἀκούωνς
765 477 848 543 τίς
873 477 974 532 οὐκ
997 477 1062 532 ἂν
1091 475 1442 530 σπουδάσειεν
1476 472 1739 542 ἐκφυγεῖν
1766 467 1862 537 τῆς
1895 465 2067 536 ἀκρα-

485 571 607 630 σίας
633 567 726 619 τὸν
758 563 924 632 ψόγον
950 577 964 626 ;
1000 560 1135 614 Οὐδὲ
1167 558 1274 630 γὰρ
1302 557 1437 630 πρὸς
1462 557 1665 616 πάντας
1690 555 1724 624 ἡ
1751 548 2069 632 παραίνεσις

485 651 650 721 αῦτη,
675 631 811 702 ἀλλά
840 647 975 717 πρὸς
997 646 1124 709 τοὺς
1155 643 1361 715 σφόδρα
1383 641 1746 721 κατωφερεῖς.
1773 631 2070 721 ’Ἂν-οὓτως

487 731 552 808 ᾗς
579 715 763 796 δοῦλος
788 715 897 786 τῶν
917 729 1140 802 ἡδονῶν,
1169 728 1356 798 φησὶν,
1388 725 1454 780 ἂν
1483 723 1624 778 οὕτω
1645 719 1842 808 χαῦνος
1867 715 2074 808 ώςδια-

489 799 690 880 παντὸς
719 799 1048 886 ἐκκεχύσθαι
1103 812 1240 881 πρὸς
1269 811 1370 882 τὴν
1422 807 1566 880 μίξιν
1619 805 1713 860 καὶ
1761 799 2071 886 κεχηνέναι,

490 903 751 974 συνέρχου
797 883 1142 972 τῇήγυναικί.
1184 897 1298 950 Οὐκ
1347 894 1459 966 ἀρα
1496 887 1894 974 ἀποδεχομένου
1953 883 2074 974 οὐδέ

489 965 924 1053 ἐπαινοῦντοξη
965 979 1347 1051 συγχώρησις,
1390 965 1533 1031 ἀλλά
1586 973 1930 1031 σκώπτοντος
1981 965 2076 1053 καὶ

491 1049 1016 1136 καταγινώσκοντος.
1041 1049 1176 1119 Οὐδέ
1208 1049 1315 1132 γὰρ
1373 1059 1461 1122 ἂν,
1497 1059 1547 1112 εἰ
1581 1057 1656 1129 μὴ
1715 1053 1920 1125 σφόδρα
1945 1049 2076 1136 ἧθέ·

489 1154 621 1226 λησε
647 1133 1017 1219 -καθάψασθαι
1069 1148 1172 1219 τῆς
1214 1146 1324 1200 τῶν
1381 1142 1679 1214 φιληδόνων
1727 1138 1947 1226 ψυχῆςζ
1979 1133 2078 1205 τὴν

490 1214 591 1306 τῆς
618 1214 890 1303 ἀκρασίας
951 1214 1138 1303 ἔθηκε⁷
1167 1229 1332 1296 λέξιν,
1390 1224 1848 1300 ἐμφατικωτέραν
1889 1214 2075 1306 οὖσαν,

497 1301 592 1374 καὶ
626 1301 794 1372 πολὺν
833 1301 1065 1388 ἔχουσαν
1087 1316 1180 1369 τὸν
1204 1315 1392 1384 ψόγον.
1428 1312 1526 1366 Διά
1567 1309 1620 1365 τί
1670 1309 1780 1380 γάρ
1807 1306 1908 1360 οὐκ
1933 1301 2075 1369 εἷπε,

494 1403 595 1457 Διά
621 1402 720 1473 τὴν
771 1401 1057 1456 ἀσθένειαν
1103 1400 1290 1471 ὐμῶν;
1324 1399 1448 1452 Ὅτι
1511 1397 1689 1449 ἐκεῖνο
1721 1391 1921 1464 μᾶλλον
1952 1404 2082 1457 συγ-

493 1487 856 1556 γινώσκοντος
907 1481 997 1557 ἦν,
1048 1484 1112 1538 τὸ
1153 1483 1210 1538 δὲ
1249 1485 1349 1554 τῆς
1381 1479 1649 1552 ἀκρασίας
1697 1491 1722 1519 ι
1773 1475 2082 1538 δεικνύντος

494 1574 595 1644 τῆς
628 1570 898 1643 ῥᾳθυμίας
925 1568 1022 1640 τὴν
1049 1566 1374 1639 ὑπερϐολήν.
1401 1563 1612 1619 Οὐκοῦν
1629 1560 1900 1634 ἀκρασίας
1923 1558 1984 1612 10
2008 1557 2083 1629 μὴ

494 1655 756 1710 δύνασθαι
783 1653 1041 1725 πορνείας
1098 1649 1425 1721 ἀπέχεσθαι,
1458 1651 1507 1702 εἰ
1547 1649 1620 1720 μὴ
1650 1645 1944 1709 διαπαντός
1999 1660 2085 1725 τις

496 1739 672 1810 ἔχοιτο
695 1738 794 1809 τῆς
827 1723 1086 1806 γυναικὸς
1107 1737 1200 1789 καὶ
1227 1735 1326 1806 τῆς
1351 1733 1552 1804 μίξεως
1583 1730 1869 1786 ἀπολαύοι.
1899 1723 2083 1810 Τίμοῦν

499 1806 566 1876 ἂν
595 1806 802 1876 εἴποιεν
826 1818 1062 1874 ἐνταῦθα
1089 1821 1138 1872 οί
1169 1817 1267 1890 τὴν
1317 1815 1616 1888 παρθενίαν
1646 1813 1902 1885 περιττὸν
1945 1806 2084 1865 εῖναι

498 1906 808 1976 τιθέμενοις
857 1902 1007 1974 Λῦτη
1071 1903 1170 1973 μέν
1223 1902 1332 1972 ὅσῳ
1389 1899 1456 1954 ἂν
1515 1897 1786 1968 ἐπιταθῇ,
1841 1894 2085 1966 τοσούτῳ

501 1988 684 2060 μεῖζον
731 1989 845 2058 ἔχει
901 1987 963 2040 τὸ
1014 1984 1307 2056 ἐγκώμιον’
1364 1984 1393 2036 ὁ
1437 1983 1494 2036 δέ
1542 1983 1718 2053 γάμος
1756 1981 1886 2034 ὅταν
1935 1978 2087 2050 αὐτῷ

496 2092 583 2138 τις
614 2073 937 2143 κατακόρως
967 2068 1306 2141 κεχρημένος
1349 2063 1404 2141 ᾖ,
1435 2067 1556 2121 τότε
1589 2065 1823 2138 μάλιστα
1862 2064 2086 2118 ἐπαίνου

500 2157 701 2220 παντὸς
751 2153 1140 2226 ἀπεστέρηται.
1195 2150 1367 2205 Τοῦτο
1415 2150 1545 2222 γὰρ,
1583 2151 1738 2221 φησὶ,
1777 2148 1922 2218 λέγω
1947 2148 2090 2203 κατὰ

502 2238 856 2310 συγγνώμην,
911 2238 973 2291 οὐ
1013 2236 1135 2291 κατ’
1169 2235 1462 2307 ἐπιταγήν·
1495 2234 1626 2288 ἔνθα
1661 2233 1718 2286 δέ
1759 2234 1826 2288 ἂν
1870 2230 1904 2306 ᾗ
1961 2249 2091 2302 συγ-

501 2322 716 2395 γνώμη.
755 2321 940 2393 χώραν
967 2320 1188 2383 ἔπαινος
1216 2320 1317 2373 οὐκ
1352 2319 1419 2373 ἂν
1458 2317 1593 2390 ἔχοι.
1640 2317 1801 2372 Ἀλλά
1845 2318 2092 2390 καὶπερὶ

501 2408 608 2460 τῶν
637 2405 921 2476 παρθένων
962 2403 1341 2474 διαλεγόμενός
1375 2419 1558 2473 φησιν’
1611 2401 1938 2471 Ἐπιταγὴν
1972 2405 2091 2456 Κυ-

495 2493 634 2561 ρίου
671 2492 783 2545 οὐκ
819 2492 937 2557 ἐχω
975 2490 1026 2544 b.
1075 2490 1305 2559 Μήποτε
1344 2482 1436 2541 οὖν
1483 2486 1594 2558 ἄρα
1639 2486 1702 2540 τὸ
1742 2487 1974 2558 πρᾶγμα
2006 2485 2094 2553 ἐξ·

507 2575 698 2639 ίσωσε;
731 2574 933 2644 ἄπαγε’
988 2574 1081 2627 ἐπὶ
1122 2573 1219 2644 μὲν
1274 2571 1383 2644 γάρ
1419 2571 1521 2643 τῆς
1564 2570 1838 2643 παρθένου
1868 2569 2094 2642 γνώμην

503 2658 735 2722 δίδωσιν,
762 2657 995 2712 ἐνταῦθα
1015 2657 1073 2712 δὲ
1109 2654 1460 2726 συγγνώμην.
1515 2654 1826 2708 Ἐπιτάττει
1851 2654 1909 2707 δέ
1946 2653 2097 2708 οὐδέ-

503 2755 662 2810 τερον
690 2737 750 2791 οὐ
776 2737 864 2791 διὰ
892 2740 990 2809 τὴν
1020 2737 1190 2808 αὐτὴν
1222 2736 1425 2798 αἰτίαν,
1455 2733 1571 2788 ἀλλ’
1593 2733 1832 2789 ἐνταῦθα
1859 2735 1977 2807 μὲν,
2010 2736 2097 2791 ἵνα

508 2819 582 2890 μή
611 2835 696 2882 τις
728 2817 995 2891 ἀναϐῆναι
1039 2818 1148 2871 ἀπὸ
1180 2818 1282 2888 τῆς
1311 2815 1582 2886 ἀκρασίας
1626 2814 1950 2886 βουλόμενος
1989 2835 2099 2872 κω-

505 2899 703 2970 λύηται
755 2901 832 2964 ώς
864 2899 1240 2970 ἐπιτάγματος
1285 2898 1500 2970 ἀνάγκη
1550 2897 1854 2969 δεδεμένος·
1882 2901 1999 2954 ἐκεῖ
2019 2899 2096 2967 δέ,

507 2982 596 3035 ἵνα
625 2982 699 3052 μή
733 2999 820 3046 τις
848 2980 1114 3051 ἀναϐῆναι
1154 2979 1291 3050 πρὸς
1317 2978 1414 3049 τὴν
1462 2979 1764 3051 παρθενίαν
1821 2977 2100 3033 ἀδυνατῶν

509 3062 927 3134 κατακρίνηται,
981 3063 1058 3126 ὼς
1116 3060 1539 3132 προστάγματος
1588 3059 1941 3133 παρακούων.
1987 3061 2102 3113 Οὐκ

509 3145 783 3198 ἐπιτάττω
856 3142 1251 3215 παρθενεύειν,
1321 3141 1482 3211 φησί’
1554 3140 1767 3195 δέδοικα
1836 3141 1946 3209 γὰρ
2005 3139 2101 3194 τοῦ

509 3228 833 3299 πράγματος
853 3225 914 3279 10
945 3224 1411 3296 δυσκατόρθωτον.
1440 3234 1462 3262 ο
1513 3224 1626 3278 Οὐκ
1668 3223 1945 3278 ἐπιτάττω
1978 3242 2104 3278 συν-

509 3311 652 3383 εχῶς
703 3309 1060 3381 συνέρχεσθαι
1085 3311 1151 3379 τῇ
1181 3306 1421 3383 γυναικί·
1452 3305 1724 3377 ἀκρασίας
1759 3305 1868 3378 γὰρ
1889 3307 1951 3361 οὐ
1981 3308 2106 3379 βού-

510 3381 678 3458 λομαι
721 3383 863 3442 εἶναι
912 3385 1232 3458 νομοθέτης.
1266 3381 1466 3452 Εἶπον,
1501 3383 1900 3454 Συνέρχεσθε,
1951 3386 2106 3441 κάτω

513 3470 818 3540 κιταϐῆναι
849 3468 1099 3533 κωλύων,
1147 3469 1207 3521 οὐ
1257 3467 1355 3540 τὴν
1405 3467 1741 3539 προσωτέρω
1795 3467 2106 3540 προθυμίαν

512 3549 842 3620 ἐμποδίζων.
870 3549 984 3603 Οὐκ
1017 3548 1128 3620 ἀρα
1173 3547 1323 3622 [Ξ94]
1357 3547 1523 3602 αὐτοῦ
1562 3547 1810 3620 βούλημα
1834 3553 2108 3623 προηγού-

516 3629 676 3700 μενόν
707 3631 824 3683 ἐστι
853 3629 913 3683 10
944 3629 1180 3701 χρῆσθαι
1201 3629 1496 3694 διαπαντὸς
1526 3628 1770 3697 γυναικὶ,
1795 3629 1912 3683 ἀλλ’
1936 3631 1970 3701 ἡ
1999 3631 2108 3683 τῶν

515 3710 905 3782 ρᾳθυμοτέρων
934 3708 1092 3763 τοῦτο
1123 3709 1513 3781 ἐνομοθέτησεν
1547 3709 1809 3780 ἀκρασία.
1855 3709 2008 3762 Ἐπεὶ
2057 3712 2108 3764 εί

512 3789 573 3843 10
601 3789 815 3844 Παύλου
867 3790 1118 3862 βούλημα
1172 3790 1348 3854 θέλεις
1399 3789 1611 3861 μαθεῖν,
1673 3789 1904 3844 ἄκουσον
1957 3788 2109 3842 ποῖόν

513 3877 653 3925 ἐστι’
701 3871 886 3937 Θέλω,
944 3874 1100 3944 φησὶ,
1152 3871 1385 3940 πάντας
1421 3873 1776 3941 ἀνθρώπους
1834 3869 1988 3928 εἶναι
2030 3872 2110 3938 ὡς

513 3952 612 4004 καὶ
639 3951 901 4020 ἐμαυτὸν
921 3953 991 4004 ἐν
1018 3951 1350 4022 ἐγκρατείᾳ.
1385 3953 1593 4007 Οὐκοῦν
1623 3955 1671 4006 εἰ
1697 3954 1904 4016 πάντας
1935 3952 2111 4017 θέλεις

514 4031 573 4083 ἐν
622 4031 922 4102 ἐγκρατείᾳ
956 4029 1117 4097 εἶναι,
1165 4034 1358 4088 οὐδένα
1408 4032 1585 4097 θέλεις
1640 4030 1781 4088 εἶναι
1825 4036 1883 4086 ἐν
1923 4035 2108 4104 γάμῳ.
2145 4037 2154 4046 ’

515 4111 650 4164 Οὐδέ
683 4112 794 4183 γὰρ
823 4113 885 4166 οὐ
917 4112 1022 4185 μὴν
1056 4112 1143 4167 διὰ
1170 4114 1330 4168 τοῦτο
1352 4114 1548 4169 κωλύω
1574 4115 1701 4179 τοὺς
1732 4114 2109 4184 βουλομένους,

513 4190 636 4244 οὐδὲ
668 4191 952 4264 αἰτιῶμαι,
1016 4193 1132 4247 ἀλλ’
1157 4193 1388 4266 εὐχομαι
1427 4196 1522 4266 μὲν
1559 4195 1656 4248 καὶ
1698 4193 1849 4248 ποθῶ
1904 4194 2112 4257 πάντας

517 4269 657 4324 εἶναι
692 4272 768 4335 ώς
801 4273 893 4326 καὶ
947 4274 1206 4345 ἐμαυτὸν,
1258 4275 1527 4346 συγχωρῶ
1555 4273 1612 4328 δὲ
1645 4276 1869 4329 κάκεῖνο
1897 4274 1984 4327 διὰ
2015 4272 2113 4337 τὰς

517 4353 791 4424 πορνείας
813 4353 902 4407 διὰ
933 4354 1092 4409 τοῦτο
1115 4356 1210 4409 καὶ
1242 4357 1542 4427 ἀρχόμενος
1575 4352 1728 4410 εἷπον
1747 4395 1762 4419 ,
1787 4357 1992 4410 Καλὸν
2017 4356 2114 4410 ἀν-

517 4431 725 4502 θρώπῳ
741 4435 1114 4505 γυναικὸςμή
1133 4435 1423 4491 ἅπτεσθαι
1433 4476 1446 4500 ,
1459 4438 1542 4491 ὃτι
1557 4435 1716 4490 τοῦτο
1731 4437 1929 4509 μᾶλλον
1943 4435 2112 4491 ποθῶ.

589 4513 712 4567 ΛΕ’.
739 4513 896 4578 Τίνος
924 4515 981 4568 δὲ
1007 4515 1194 4570 ἕνεκεν
1215 4514 1450 4570 ἐνταῦθα
1480 4515 1676 4571 ἐαυτοῦ
1713 4517 2008 4588 μέμνηται,
2029 4516 2119 4570 λέ-

518 4612 630 4664 γων
639 4613 651 4626 ο
673 4595 838 4648 Θέλω
850 4594 920 4648 δὲ
931 4594 1166 4662 πάντας
1182 4596 1456 4664 ἀνθρώπο
1465 4616 1534 4664 υς
1547 4593 1702 4653 εἶναι
1720 4598 1800 4664 ὡς
1817 4598 1912 4651 καὶ
1932 4597 2115 4668 ἐμαυ-

520 4680 663 4739 τὸν;
698 4677 875 4729 καίτοι
909 4677 957 4729 εί
1001 4677 1075 4747 μὴ
1114 4677 1274 4730 τοῦτο
1315 4679 1659 4750 προσέκειτο,
1689 4679 1790 4752 τὴν
1821 4696 2117 4751 περιαυτο-

519 4755 709 4823 λογίαν
743 4755 1005 4824 ἐξέφυγεν
1040 4754 1170 4811 ἀνά.
1206 4757 1363 4822 Τίνος
1404 4755 1499 4813 οὖν
1534 4759 1719 4814 ἕνεκεν
1752 4760 2116 4834 προσέθηκεν,

533 4835 628 4900 Ὡς
657 4836 756 4888 καὶ
784 4835 1081 4904 ἐμαυτόν;
1121 4837 1234 4892 Οὐκ
1278 4838 1520 4910 ἐπαίρων
1558 4841 1750 4897 ἐαυτόν
1771 4859 1783 4872 ·
1825 4837 1981 4905 οὗτος
2008 4841 2118 4913 γάρ

521 4918 670 4970 ἐστιν
721 4917 750 4969 ὁ
806 4916 1248 4988 πλεονεκτήσαςο
1299 4921 1398 4992 μὲν
1431 4921 1540 4974 τῶν
1574 4923 1888 4977 ἀποστόλων
1922 4924 1980 4975 ἐν
2006 4924 2118 4985 τοῖς

499 4996 663 5066 ,ὑπὲρ
682 4995 776 5049 τοῦ
800 4995 1157 5068 κηρύγματος
1180 5001 1384 5064 πόνοις,
1407 5001 1626 5068 ἀνάξιον
1647 5003 1705 5056 δέ
1729 5005 1938 5075 καὶτῆς
1958 5021 2119 5076 προσ-

521 5076 753 5147 ηγορίας
798 5077 1166 5151 ἀποστολικῆς
1212 5083 1404 5137 ἑαυτὸν
1448 5078 1589 5137 εἶναι
1635 5082 1892 5156 νομίζων.
1934 5083 2120 5138 Εἰπὼν

521 5156 654 5228 γὰρ,
679 5158 764 5211 ὃτι
799 5157 947 5230 Ἐγώ
991 5165 1110 5232 εἰμι
1140 5167 1172 5218 ό
1209 5163 1534 5234 ἐλάχιστος
1581 5165 1702 5218 τῶν
1732 5166 2117 5229 ἀποστόλων,

523 5241 714 5321 ῶσπερ
741 5256 794 5293 τι
823 5241 922 5313 τῆς
950 5242 1107 5309 ἀξίας
1151 5246 1315 5301 αὐτοῦ
1355 5247 1538 5318 μεῖζον
1583 5248 1955 5321 φθεγξάμενος
2002 5250 2123 5302 ἐπι-

523 5320 863 5390 λαμϐάνεται
919 5325 1131 5395 ταχέως
1184 5325 1400 5392 ἐαυτοῦ,
1448 5327 1656 5394 λέγων’
1696 5320 1807 5394 Ὃςί
1846 5331 1958 5385 οὐκ
2003 5327 2122 5399 ειμι

526 5400 736 5467 ἱκανὸς
775 5402 1089 5460 καλεῖσθαι
1118 5407 1485 5474 ἀπόστολος.
1509 5407 1666 5471 Τίνος
1700 5405 1793 5462 οὖν
1825 5409 2014 5464 ἕνεκεν
2038 5411 2124 5462 ἐν-

521 5481 702 5537 ταῦθα
720 5485 788 5555 τῇ
813 5487 1134 5556 παραινέσει
1162 5488 1484 5560 πρόσκειται
1505 5504 1520 5552 ;
1547 5487 1662 5558 Οὐχ
1691 5488 1878 5551 ἀπλῶς
1903 5489 2025 5543 οὐδέ
2047 5489 2122 5553 ώς

525 5561 736 5633 ἔτυχεν,
775 5563 891 5618 ἀλλ’
916 5565 1033 5638 ᾔδει
1065 5570 1192 5632 τοὺς
1227 5567 1478 5639 μαθητὰς
1505 5567 1628 5621 τότε
1660 5567 1893 5637 μάλιστα
1921 5568 2001 5630 εἰς
2030 5565 2122 5620 τὸν

588 5653 618 5724 ξι
645 5655 766 5724 [ξος.
795 5657 852 5724 10
873 5657 926 5706 δέ
945 5658 1093 5708 εἰπεῖν
1112 5658 1366 5724 ἀκρασίαν.

593 5715 796 5792 {Addit
814 5720 932 5792 S_av._
950 5723 1143 5792 γχώμην
1166 5715 1218 5771 8‘5
1241 5722 1432 5784 δίδωμι,
1450 5733 1563 5783 qua
1602 5719 1752 5770 lectio
1777 5719 1836 5768 ad
1860 5718 2123 5780 sequentia

526 5783 710 5844 melius
731 5783 957 5844 quadrat.
977 5783 1109 5833 Eon.

589 5845 614 5916 Ic
643 5843 731 5894 Hic
752 5842 850 5916 οοη
875 5859 1026 5916 ρουςο
1042 5849 1254 5916 μεθείω
1274 5847 1325 5896 in
1339 5845 1548 5916 μοι-ειν
1567 5857 1679 5905 ηοω
1699 5857 1761 5916 e_x
1797 5844 1924 5916 Reg.
1953 5848 2005 5916 σε
2028 5842 2120 5916 8ο-

527 5907 616 5957 νὶι.
637 5904 950 5973 ευρρὶεοιίιτ.
981 5909 1109 5960 Infra
1133 5911 1257 5973 Reg.
1282 5908 1426 5958 τοῦτο
1450 5904 1695 5968 ἐγέννησεν
1714 5904 1941 5970 ἀκρασία.
1967 5904 2124 5955 Paulo

527 5972 712 6040 00§ljn
736 5975 912 6023 eodem
933 5975 1080 6040 deest
1106 5979 1153 6026 ἐν
1179 5972 1443 6040 ἐγκρατείᾳ.

590 6030 618 6068 εί
645 6032 765 6097 Reg.
793 6037 1092 6101 προσέκειτο·
1119 6030 1224 6087 ἀλλί
1267 6030 1471 6094 ἕκαστος
1501 6036 1620 6087 ἴδιον
1645 6034 1740 6101 ἔχει
1763 6031 1994 6098 χάρισμα,
2031 6032 2114 6087 τὴν

530 6099 880 6164 περιττολογίαν
902 6101 989 6150 οὐκ
1010 6101 1240 6167 ἐξέφυγεν.

1201 363 1260 420 S.
1299 359 1586 418 JOANNIS
1622 345 2109 412 CHRYSUSTOMI
2147 343 2463 400 ARCHIEP.
2499 341 3053 400 CONSTANTINOP.

3645 334 3741 394 558

2170 459 2278 513 τῶν
2316 459 2497 514 καλῶν
2528 459 2888 531 ἐναγομένους
2916 457 3097 529 ζῆλον,
3129 456 3257 510 ὅταν
3291 453 3440 526 παρά
3470 453 3578 506 τῶν
3612 453 3746 507 διδα-

2173 543 2384 596 σκάλων
2415 543 2579 613 ἔχωσι
2607 542 2678 596 τά
2707 539 3368 614 παραδείγματα.Ὦσπερ
3407 532 3499 590 οῦν
3525 539 3553 590 ό
3591 537 3748 608 χωρὶς

2172 624 2348 696 ἔργων
2385 625 2443 679 ἐν
2485 627 2597 690 τοῖς
2639 625 2817 695 λόγοις
2853 624 3010 696 μόνον
3043 621 3348 692 φιλοσοφῶν
3377 619 3528 674 οὐδὲν
3553 619 3750 689 ὀνίνησι

2177 711 2318 782 μέγα
2342 709 2433 764 τὸν
2453 711 2751 782 ἀκροατὴν,
2770 709 2940 772 οὕτως
2962 710 2990 762 ὁ
3019 707 3147 777 παρ’
3165 707 3360 760 ἐαυτοῦ
3391 702 3608 775 πρώτου
3633 719 3755 756 κατ-

2173 794 2507 865 ορθωθεῖσαν
2534 794 2673 864 έχων
2702 791 2874 857 δεῖξαι
2904 792 3001 862 τὴν
3034 788 3365 860 συμϐουλὴν,
3397 785 3571 860 ταύτῃ
3607 785 3756 857 μάλι-

2177 896 2277 932 στα
2307 879 2522 932 πάντων
2551 877 2818 946 ἐπάγεται
2847 874 2939 928 τὸν
2968 873 3253 928 ἀκούοντα.
3298 871 3442 942 Πρὸς
3469 870 3527 924 δέ
3556 871 3756 932 τούτοις

2178 961 2272 1014 καὶ
2300 961 2494 1030 φθόνου
2517 960 2614 1014 καὶ
2636 959 2808 1030 τύφου
2832 957 3209 1031 καθαρεύοντα
3242 955 3512 1008 δείκνυσιν
3543 953 3753 1006 ἐαυτόνσ

2177 1044 2239 1098 10
2273 1044 2383 1116 γὰρ
2413 1044 2690 1116 ἐξαίρετον
2735 1043 2894 1097 τοῦτο
2950 1041 3128 1096 κοινὸν
3175 1035 3314 1094 εἶναι
3364 1037 3612 1108 βούλεται
3658 1035 3758 1089 τῶν

2183 1127 2463 1200 μαθητῶν,
2497 1128 2650 1181 οὐδὲν
2694 1127 2876 1182 αὐτῶν
2922 1125 3086 1180 πλέον
3131 1125 3278 1195 ἐχειν
3326 1121 3526 1192 ζητῶν,
3567 1120 3681 1174 ἀλλ’
3708 1122 3759 1172 ἐν

2181 1214 2384 1268 ἅπασιν
2419 1212 2614 1274 αὐτοὺς
2642 1211 2854 1278 ἐξισοῦν
2881 1209 3058 1280 ἐαυτῷ
3081 1208 3285 1278 ί.¹Ἐχω
3323 1208 3417 1260 καὶ
3458 1204 3648 1278 τρίτην
3678 1206 3758 1259 at-

2180 1295 2300 1349 τίαν
2329 1296 2522 1349 εἰπεῖν.
2543 1296 2711 1348 Ποίαν
2740 1294 2804 1365 δὴ
2825 1295 3028 1364 ταύτην
3050 1309 3064 1358 ;
3091 1291 3359 1345 Δύσκολον
3382 1285 3522 1343 εἶναι
3546 1289 3608 1342 10
3628 1290 3762 1360 πρᾶ-

2182 1395 2300 1450 γμα
2342 1379 2536 1441 ἐδόκει,
2568 1379 2663 1432 καὶ
2705 1379 2766 1431 οὐ
2803 1377 2942 1431 κατά
2971 1375 3071 1447 τὴν
3102 1374 3210 1428 τῶν
3239 1373 3447 1427 πολλῶν
3479 1371 3760 1426 εὐκολίανο

2186 1464 2507 1536 βουλόμενος
2540 1459 2632 1517 οῦν
2666 1462 2798 1516 αὐτὸ
2839 1458 3011 1525 δεῖξαι
3055 1461 3270 1531 ῥᾷστον,
3303 1459 3394 1512 τὸν
3426 1457 3666 1527 ἠνυκότα
3695 1457 3767 1522 είς

2187 1551 2349 1622 μέσον
2370 1547 2608 1620 τίθησιν,
2635 1547 2723 1601 ἵνα
2750 1547 2824 1620 μὴ
2857 1546 3065 1618 σφόδρα
3097 1543 3353 1598 ἐπίπονον
3375 1537 3516 1596 εἷναι
3537 1541 3671 1596 αὐτὸ
3691 1559 3769 1595 νο·

2190 1634 2440 1707 μίζωσιν,
2474 1632 2612 1687 ἀλλά
2635 1631 2773 1704 πρὸς
2806 1630 2898 1685 10v
2922 1628 3269 1702 ἡγησάμενον
3299 1627 3498 1689 ἰδόντες
3527 1625 3665 1697 μετά
3682 1625 3768 1680 τοῦ

2187 1718 2410 1791 θαρρεῖν
2439 1717 2534 1770 καὶ
2558 1716 2714 1771 αὐτοὶ
2747 1715 2848 1784 τῆς
2877 1713 3048 1783 αὐτῆς
3081 1709 3434 1765 ἐπιϐαίνωσιν
3462 1709 3772 1765 όδοῦ.Τοῦτο

2187 1802 2282 1855 καὶ
2308 1798 2543 1871 ἀλλαχοῦ
2572 1801 2735 1853 ποιεῖ.
2765 1799 2892 1861 Τοῖς
2931 1795 3203 1858 Γαλάταις
3235 1794 3344 1865 γάρ
3381 1792 3770 1864 διαλεγόμενος,

2187 1885 2282 1938 καὶ
2313 1884 2404 1938 10v
2437 1883 2544 1938 ἀπὸ
2575 1882 2669 1944 τοῦ
2695 1881 2862 1953 νόμου
2892 1879 3056 1951 φόϐον
3083 1878 3309 1932 ἐκλῦσαι
3337 1877 3605 1941 σπεύδων,
3639 1877 3703 1932 δι’
3721 1877 3774 1929 ὃν

2188 1967 2282 2023 ἐπὶ
2325 1966 2426 2039 τὴν
2459 1967 2695 2022 παλαιάν
2733 1964 3098 2037 κατεφέροντο
3130 1962 3439 2033 συνήθειαν,
3475 1960 3647 2015 πολλά
3675 1961 3775 2014 τῶν

2188 2055 2306 2107 ἐκεῖ
2321 2050 2762 2122 φυλάττοντες,τί
2791 2067 2924 2121 φησι
2941 2065 2954 2114 ;
2981 2049 3236 2102 Γίνεσθε
3255 2047 3337 2112 ὠς
3355 2046 3490 2116 ἐγὼ,
3507 2045 3598 2100 ὅτι
3626 2044 3776 2116 κάγὼ

2189 2138 2269 2203 ὡς
2291 2135 2556 2206 ὑμεῖς.’0
2608 2135 2666 2189 δέ
2705 2135 2856 2204 λέγει
2892 2132 3131 2188 τοιοῦτόν
3158 2133 3305 2185 ἐστιν
3326 2147 3339 2160 ο
3380 2132 3497 2185 Οὐκ
3539 2131 3609 2186 ἂν
3643 2131 3777 2202 ἔχοι-

2189 2238 2270 2286 τε,
2298 2220 2483 2290 φησὶν,
2513 2221 2708 2281 εἰπεῖν,
2742 2220 2825 2272 ὅτι
2861 2216 2950 2284 Ἐξ
2983 2215 3153 2270 ἐθνῶν
3182 2213 3518 2286 ἐπιστρέψας
3545 2214 3646 2269 νῦν
3691 2213 3779 2268 καὶ

2190 2305 2282 2360 τὸν
2313 2307 2378 2358 ἐκ
2403 2305 2503 2376 τῆς
2529 2303 2624 2357 τοῦ
2653 2303 2818 2375 νόμου
2864 2299 3228 2374 παραϐάσεως
3262 2298 3362 2352 οὐκ
3403 2296 3561 2362 εἰδὼς
3599 2297 3777 2368 φόϐον,

2192 2388 2490 2452 ἀκινδύνως
2515 2387 2733 2442 ἅπαντα
2771 2385 2946 2441 ταῦτα
2977 2384 3288 2455 φιλοσοφεῖς
3311 2381 3450 2453 1190;
3477 2383 3649 2453 ἡμᾶς.
3678 2380 3776 2434 Καὶ

2194 2473 2300 2543 γάρ
2331 2470 2462 2542 ἐγὼ,
2489 2470 2676 2542 φησὶν,
2696 2470 2770 2534 ὡς
2800 2470 2957 2540 ὑμεῖς
2989 2466 3277 2522 ἐδούλευσα
3304 2465 3508 2538 ταύτην
3535 2465 3640 2536 τὴν
3667 2464 3780 2518 δου-

2193 2557 2343 2611 λείαν
2369 2555 2500 2610 ποτέ
2516 2573 2529 2586 ο
2555 2553 2823 2625 ἐγενόμην
2846 2552 2951 2607 ὑπὸ
2969 2554 3083 2614 τοῖς
3105 2549 3442 2622 ἐπιτάγμασι
3468 2546 3563 2603 106
3585 2549 3750 2620 νόμου
3765 2565 3777 2576 ·

2195 2639 2437 2710 ἐφύλαξα
2465 2639 2574 2694 τῶν
2607 2636 2838 2692 ἐντολῶν
2879 2636 2979 2700 τὰς
3016 2636 3468 2707 παρατηρήσειςο
3506 2631 3648 2688 ἀλλὰ
3689 2631 3785 2702 τῆς

2197 2726 2419 2798 χάριτος
2457 2723 2814 2794 ἐπιφανείσης
2851 2720 2971 2775 ὅλον
3011 2719 3247 2790 ἐμαυτὸν
3280 2719 3376 2772 ἀπ’
3398 2718 3608 2773 ἐκείνου
3654 2716 3786 2790 πρὸς

2196 2809 2404 2879 ταύτην
2435 2807 2731 2880 μετέθηκα.
2756 2804 2956 2860 Οὐκέτι
2984 2803 3095 2876 γάρ
3121 2802 3182 2856 10
3214 2803 3448 2874 πρᾶγμα
3478 2800 3785 2871 παράϐασις

2201 2895 2368 2957 ἐστιν,
2398 2891 2554 2962 ἀνδρὶ
2579 2889 2886 2961 γενομένων
2913 2887 3072 2959 ἡμῶν
3106 2885 3307 2958 ἐτέρῳο
3339 2885 3479 2939 ὥστε
3506 2885 3687 2949 οὐδεὶς
3729 2884 3786 2940 ἂν

2203 2977 2315 3047 ἔχοι
2338 2975 2497 3030 10610
2523 2972 2726 3042 λέγειν,
2749 2973 2830 3025 ὅτι
2857 2971 3022 3041 ἐτερα
3048 2971 3304 3042 πράττων
3329 2969 3416 3022 ἐτε
3427 2986 3494 3040 ρα
3518 2968 3784 3040 παραινῶ,

2202 3061 2325 3116 οὐδέ
2351 3063 2432 3115 ὅτι
2460 3059 2522 3112 10
2554 3055 2794 3130 ἐμαυτοῦ
2827 3055 3109 3126 σκοπήσας
3135 3053 3377 3122 ἀσφαλὲς
3405 3053 3548 3123 ὑμᾶς
3577 3055 3663 3118 εἰς
3687 3055 3787 3107 κίνο

2203 3146 2356 3200 δυνον
2389 3139 2540 3216 [295]
2567 3139 2840 3195 ἐνέϐαλον.
2863 3139 2928 3192 Εἰ
2957 3136 3064 3210 γὰρ
3096 3136 3338 3201 κίνδυνος
3362 3135 3422 3188 10
3452 3137 3687 3207 πρᾶγμα
3708 3132 3786 3207 ἦν,

2204 3230 2306 3283 οὐκ
2339 3226 2404 3281 ἂν
2435 3225 2671 3297 ἐμαυτὸν
2707 3220 3018 3294 προύδωκα,
3049 3220 3157 3274 οὐδ’
3190 3219 3256 3274 ἂν
3282 3220 3391 3290 τῆς
3425 3220 3632 3283 οἰκείας
3659 3219 3787 3291 ὴμέ-

2203 3314 2346 3386 λησα
2375 3309 2887 3382 σωτηρίας.Ὢσπερ
2927 3303 3021 3360 οῦν
3049 3307 3167 3359 ἐκεῖ
3190 3304 3252 3358 10
3279 3303 3636 3375 παράδειγμα
3669 3314 3786 3374 παρ’

2209 3395 2405 3454 ἐαυτοῦ
2453 3394 2566 3460 θεὶς
2613 3394 2707 3448 τὸν
2745 3393 2910 3464 φόϐον
2947 3391 3219 3459 ἐξέλυσεν,
3254 3389 3398 3442 οὐτω
3430 3390 3524 3442 καὶ
3563 3388 3791 3443 ἐνταῦθα

2207 3483 2307 3555 τὴν
2341 3479 2582 3550 ἀγωνίαν
2608 3477 2860 3532 ἐκϐάλλει
2893 3475 3054 3548 μέσον
3085 3471 3276 3528 ἐαυτὸν
3306 3472 3616 3544 ἐμϐάλλων.

2278 3568 2420 3634 AG".
2448 3562 2588 3616 Ἀλλ’
2606 3563 2836 3626 ἕκαστος
2858 3561 2988 3614 ἴδιον
3003 3558 3252 3630 χάρισμα
3265 3555 3398 3628 ἔχει,
3422 3555 3606 3626 φησὶν,
3627 3556 3690 3626 ὃς
3705 3553 3792 3626 μὲν

2209 3651 2401 3716 οὕτως,
2428 3648 2488 3713 ὃς
2531 3647 2588 3701 δέ
2632 3645 2807 3710 οὓτως
2828 3646 2874 3699 π.
2901 3642 3014 3698 Θέα
3037 3643 3138 3713 τῆς
3166 3639 3530 3710 ἀποστολικῆς
3551 3657 3793 3692 ταπεινο-

2211 3734 2486 3807 φροσύνης
2513 3727 2751 3802 οὐδαμοῦ
2796 3728 2889 3782 τὸν
2930 3725 3254 3798 χαρακτῆρα
3291 3722 3790 3807 παραπολλύμενον,

2210 3803 2324 3876 ἀλλ’
2355 3803 2599 3890 ἀκριϐῶς
2629 3811 2906 3884 πανταχοῦ
2943 3809 3318 3881 διαλάμποντα
3338 3825 3353 3838 °
3384 3808 3632 3879 χάρισμα
3667 3803 3793 3859 Θεοῦ

2211 3905 2368 3960 καλεῖ
2409 3902 2471 3955 10
2517 3899 2680 3954 αὐτοῦ
2709 3896 3060 3969 κατόρθωμα,
3085 3895 3180 3948 καὶ
3212 3893 3343 3948 ἔνθα
3371 3892 3536 3946 πολὺν
3573 3891 3795 3963 ἵδρωσεν

2216 3989 2438 4062 ἱδρῶτα,
2467 3987 2628 4042 τοῦτο
2680 3985 2800 4039 ὅλον
2842 3979 3130 4051 ἀνατίθησι
3176 3977 3256 4050 τῷ
3295 3976 3560 4062 Δεσπότῃ.
3597 3975 3714 4062 καὶ
3747 3973 3796 4027 τί

2215 4061 2529 4146 θαυμαστὸν
2575 4074 2625 4125 εί
2657 4069 2750 4124 ἐπὶ
2787 4067 2888 4138 τῆς
2917 4063 3246 4146 ἐγκρατείας
3274 4061 3430 4146 τοῦτο
3471 4062 3640 4146 ποιεῖ,
3670 4061 3795 4146 ὅπου

2214 4174 2280 4228 γε
2323 4139 2418 4213 καὶ
2450 4155 2580 4228 περὶ
2608 4152 2703 4208 τοῦ
2734 4149 3090 4228 κηρύγματος
3116 4145 3496 4217 διαλεγόμενος
3535 4143 3613 4214 τῷ
3659 4139 3797 4212 αὐτῷ

2216 4226 2483 4318 κέχρηται
2530 4226 2739 4312 τρόπῳ,
2770 4235 2912 4308 ὑπὲρ
2957 4226 3018 4289 οῦ
3074 4232 3321 4318 μυρίουςΔ
3348 4231 3560 4318 ἤνεγκε.
3585 4228 3795 4318 πόνους,

2217 4312 2425 4400 θλίῷεις
2472 4327 2753 4396 συνεχεῖς,
2801 4317 3175 4388 ταλαιπωρίας
3217 4312 3798 4400 ἀφάτουςρθανάτους

2219 4397 2701 4486 καθ-ημερινούςῑη
2749 4406 2814 4459 Τί
2857 4400 2950 4458 οὖν
2998 4403 3127 4473 περὶ
3163 4399 3365 4486 τούτου.
3389 4397 3526 4486 φησὶ
3550 4397 3799 4486 χηλέον

2218 4479 2418 4556 αὐτῶν
2442 4479 2690 4551 πάντων
2717 4491 3033 4552 ἐκοπίασα,
3063 4488 3174 4541 οὐκ
3202 4483 3317 4556 ἐγὼ
3338 4482 3426 4548 δὲ,
3456 4483 3595 4537 ἀλλ’
3626 4483 3665 4550 ὴ
3698 4479 3798 4552 χὰ-

2211 4604 2312 4656 ρις
2343 4581 2449 4638 τοῦ
2477 4579 2625 4636 Θεοῦ
2672 4577 2710 4645 ἠ
2759 4574 2884 4630 σὺν
2920 4571 3179 4656 ἐμοίκού
3223 4569 3284 4656 10
3319 4563 3632 4656 @v_06106,
3665 4565 3726 4656 τὸ
3749 4563 3800 4616 δέ

2219 4648 2315 4726 τοῦ
2335 4665 2470 4724 Θεοῦ
2498 4681 2682 4737 φησιν,
2712 4661 2825 4716 ἀλλ’
2854 4659 2974 4713 ὅλον
3011 4654 3109 4710 τοῦ
3148 4653 3304 4737 Θεοῦ.
3331 4651 3500 4707 Τοῦτο
3525 4648 3798 4721 εὐγνώμο-

2219 4772 2310 4817 νος
2336 4736 2570 4814 οἰκέτου,
2606 4745 2772 4818 μηδὲν
2801 4743 2932 4797 [διον
2961 4739 3224 4812 νομίζειν,
3256 4736 3392 4791 ἀλλὰ
3415 4737 3594 4791 πάντα
3622 4737 3801 4818 δεσπος

2220 4838 2368 4901 τικά,
2410 4833 2576 4908 μηδὲν
2609 4817 2738 4884 ῖδιον
2771 4827 3023 4900 ἡγεῖσθαι
3080 4821 3277 4908 αὐτοῦ,
3293 4907 3299 4908 7
3321 4821 3458 4908 άλλά
3503 4821 3685 4908 πάντα
3713 4817 3799 4873 τοῦ

2223 4903 2453 4993 Κυρίου.
2473 4903 2653 4970 ’Τοῦτο
2678 4914 2771 4967 καὶ
2793 4909 3021 4993 ἐτέρωθι
3056 4910 3219 4993 ποιεῖ.
3242 4904 3427 4993 Εἰπὼν
3453 4903 3585 4993 γὰρ,
3609 4906 3801 4993 ili-Zor-

2222 4987 2325 5072 τες
2370 5003 2712 5074 χαρίσματα
2763 4995 2917 5052 κατὰ
2962 4992 3078 5063 τὴν
3139 4990 3315 5062 χάριν
3366 4989 3480 5074 τὴν
3527 4987 3803 5074 δοθεῖσαν

2222 5069 2665 5162 ήμῠῖντδιόφορα,
2703 5079 2908 5154 προῖὼν
2938 5077 3275 5162 προστασίας
3303 5074 3413 5162 καῖ-
3439 5071 3562 5162 €153
3571 5069 3801 5141 μοσύνας

2224 5155 2318 5232 καὶ
2360 5155 2676 5247 μεταδόσεις
2703 5170 2761 5221 ἐν
2793 5165 3004 5228 τούτοις
3026 5160 3356 5247 ηρίθμησενο
3387 5157 3483 5247 ὅτι.
3515 5155 3572 5209 δὲ
3608 5170 3801 5247 κατορ-

2224 5237 2453 5332 θώμάτα
2481 5255 2655 5310 ταῦτα
2685 5251 2780 5306 κα)⁸
2829 5249 2890 5302 οὐ
2942 5246 3282 5332 χαρίσματα,
3318 5239 3483 5332 παντί
3513 5237 3803 5332 προιδῆλόν

2226 5321 2364 5400 ἐστι.
2388 5342 2572 5396 Ταῦτα
2605 5339 2661 5392 δέ
2685 5333 2860 5397 εἷπον,
2885 5332 2951 5388 ἵν’
2980 5333 3109 5384 ὅταν
3134 5326 3377 5398 ἀκούσῃς
3412 5322 3575 5378 αὐτοῦ
3621 5321 3801 5390 λέγον-

2223 5443 2336 5490 τος,
2375 5425 2670 5482 Ἕκαστος
2707 5416 2862 5470 ἴδιον
2893 5411 3158 5483 χάρισμα
3205 5408 3352 5477 ἔχει,
3387 5403 3474 5490 ⁸μὴ
3504 5401 3800 5490 ἀναπέσῃς,

2228 5482 2365 5578 μηδέ
2395 5501 2555 5573 εἴπῃς
2595 5497 2733 5570 πρὸς
2772 5494 2984 5578 ἐαυτόν·
3041 5490 3338 5578 (ξύ-δεῖται
3352 5486 3431 5578 10‘
3451 5484 3687 5578 πρᾶγμα
3711 5482 3803 5550 τῆς

2225 5562 2366 5658 ἐμῆς
2410 5562 2666 5650 σπουδῆς·
2724 5576 2970 5658 χάρισμα
3022 5571 3154 5658 αὐτὸ
3176 5571 3240 5658 -ό
3292 5564 3512 5658 Παῦλος.
3559 5562 3801 5658 ἐκάλεσε.

2224 5642 2552 5738 λίετριάζων
2577 5642 2847 5732 γὰρ,ὀύκ
2884 5642 2964 5720 είς
2989 5655 3088 5738 τὴν
3134 5651 3243 5738 τῶν
3276 5646 3629 5738 χαρισμάτων
3656 5642 3804 5708 τάξιν

2226 5725 2522 5811 καταλέξαι
2550 5725 3002 5815 τῆν’ἐγκράτειαν
3039 5733 3380 5804 βουλόμενος,
3421 5725 3577 5781 τοῦτό
3622 5739 3804 5795 φησιν.

2290 5843 2309 5864 ⁶
2336 5841 2419 5890 Sic
2443 5853 2473 5888 ο
2499 5834 2688 5887 Savilio
2717 5829 3064 5894 rescripsimus
3082 5838 3172 5890 pro
3194 5823 3498 5880 πλεονέκτης.
3521 5815 3806 5881 1153.11100-

2227 5902 2587 5964 νεκτησάμενος.
2602 5899 2738 5964 E011.

2289 5965 2307 6005 ί
2335 5962 2456 6025 Reg.
2481 5962 2635 6025 ἑαυτῷ
2657 5962 2820 6025 θέλων.

2288 6031 2310 6065 ⁸
2339 6017 2464 6085 Τιθέ.
2491 6025 2517 6070 ὁ
2539 6017 2620 6083 μὲν
2640 6023 2808 6085 οὕτως,
2833 6021 2860 6067 ό
2882 6017 3116 6085 δέ-ούτως.

2285 6087 2312 6129 h
2335 6080 2457 6150 Reg.
2488 6080 2825 6145 καθημερινούς
2851 6080 3106 6134 κινδύνους.
