3844 6242
111 367 217 428 55⁸1

106 492 241 546 dere
266 504 396 545 sane
431 504 551 546 cum
591 502 775 544 uxore.
808 485 922 543 Non
953 495 1037 543 est
1078 485 1239 558 igitur
1277 484 1560 556 permissio
1581 482 1696 538 haec

108 582 386 651 probantis
407 596 470 638 ac
490 579 914 638 commendantis
933 620 949 646 ,
978 577 1073 636 sed
1102 577 1373 633 irridentis
1400 592 1464 632 ac
1498 576 1696 646 impro-

109 675 305 729 bantis.
334 674 465 729 Nam
504 676 560 729 ni
596 674 1032 743 voluptuosorum
1071 679 1303 727 mentem
1331 669 1544 740 egregie
1575 678 1693 723 tan-

102 782 239 837 gere
257 766 528 831 voluisset,
552 751 971 835 intemperantim
991 778 1176 819 vocem
1206 777 1311 817 non
1342 761 1690 827 adhibuisset,

102 875 228 927 quae
255 869 308 915 et
335 859 623 915 vehemens
646 866 730 914 est
748 898 764 924 ,
802 867 856 914 et
881 858 1071 927 ingens
1096 855 1411 926 vituperium
1434 854 1690 909 continet.

102 953 216 1005 Cur
243 951 383 1006 enim
414 966 517 1005 non
549 950 700 1015 dixit,
730 949 954 1019 Propter
972 957 1202 1004 vestram
1232 944 1692 1017 imbecillitatem?

98 1042 262 1110 Quod
292 1058 356 1097 ea
385 1059 483 1097 vox
514 1042 683 1113 magis
704 1040 1024 1111 ignoscentis
1049 1048 1211 1106 esset,
1240 1038 1329 1094 illa
1352 1052 1481 1093 vero
1502 1037 1694 1092 intern-

102 1135 382 1204 perantize,
410 1149 673 1190 summam
703 1133 965 1204 ignaviam
993 1131 1246 1187 notantis.
1293 1129 1456 1202 Igitur
1494 1129 1690 1184 intem-

99 1229 363 1298 perantixe
386 1237 469 1283 est
490 1267 506 1293 ,
538 1242 645 1281 non
674 1240 829 1296 posse
854 1240 883 1279 a
904 1224 1253 1280 fornicatione
1275 1223 1560 1288 abstinere,
1588 1221 1689 1276 nisi

100 1324 262 1377 uxori
302 1336 515 1392 semper
549 1320 754 1375 haereas
785 1334 849 1374 ac
882 1319 1025 1374 coitu
1051 1317 1249 1373 fruare.
1286 1315 1423 1385 Quid
1452 1316 1580 1369 mihi
1605 1314 1691 1369 hic

95 1415 285 1469 dicent
302 1412 391 1483 qui
409 1412 763 1483 virginitatem
785 1424 1233 1480 supervacaneam
1255 1408 1529 1463 statuunt?
1556 1406 1688 1462 Nam

98 1506 221 1560 lucc
248 1520 353 1575 quo
380 1504 684 1559 contensior
705 1511 787 1558 est
804 1544 820 1569 ,
848 1517 914 1558 eo
940 1501 1197 1571 majorem
1236 1500 1396 1555 habet
1439 1500 1643 1555 laudem
1672 1518 1685 1555 :

93 1606 159 1652 at
178 1597 592 1659 matrimonium,
620 1596 708 1650 ubi
739 1610 804 1650 eo
828 1595 947 1664 plus
974 1596 1101 1649 satis
1129 1603 1298 1658 utare,
1325 1602 1431 1648 tum
1462 1596 1690 1648 maxime

93 1688 276 1744 laudis
299 1689 471 1743 omnis
500 1702 693 1757 expers
708 1699 807 1742 est.
842 1687 893 1742 ld
914 1688 1077 1753 enim,
1109 1687 1276 1758 inquit
1294 1688 1371 1755 (I.
1391 1686 1506 1740 Cor.
1531 1687 1581 1740 7.
1607 1687 1685 1756 6),

92 1782 225 1836 dico
250 1780 539 1836 secundum
567 1779 945 1849 indulgentiam
970 1821 986 1845 ,
1027 1794 1134 1834 non
1166 1780 1454 1834 secundum
1486 1796 1688 1848 praece-

94 1883 251 1941 ptum
274 1890 289 1940 ;
313 1873 423 1942 jam
452 1872 541 1928 ubi
562 1880 644 1928 est
672 1871 1016 1941 indulgentia,
1043 1870 1186 1925 laudi
1215 1870 1392 1924 nullus
1411 1880 1491 1923 est
1517 1871 1683 1923 locus.

89 1965 172 2018 At
214 1963 359 2018 enim
402 1972 457 2019 et
502 1962 570 2017 de
594 1962 886 2033 virginibus
926 1962 1192 2016 disserens
1235 1962 1329 2027 ait,
1370 1959 1686 2030 Prwceptum

88 2056 311 2110 Domini
339 2072 439 2110 non
472 2053 630 2110 habeo
660 2054 776 2127 (Ib.
804 2069 852 2108 υ.
882 2053 952 2109 25
976 2055 1016 2123 ).
1055 2053 1190 2107 Num
1235 2052 1391 2122 igitur
1437 2067 1549 2107 rem
1588 2066 1686 2106 ex-

87 2147 315 2219 :vquat?
354 2148 569 2204 Minime
591 2147 827 2218 gentium
853 2163 867 2200 :
896 2162 1019 2201 nam
1048 2145 1114 2201 de
1140 2146 1342 2217 virgine
1365 2143 1683 2201 sententiam

88 2240 231 2296 dicit
254 2258 267 2293 :
290 2239 377 2296 hic
401 2253 719 2295 consensum
756 2238 865 2293 dat.
904 2239 981 2293 Ac
1015 2248 1260 2292 neutrum
1301 2236 1541 2307 praecipit
1579 2252 1684 2290 non

87 2330 289 2387 eadem
314 2330 383 2386 de
409 2345 603 2397 causa;
636 2329 729 2385 sed
755 2328 860 2395 hic,
896 2344 962 2385 ne
986 2329 1074 2400 qui
1103 2328 1170 2383 ab
1199 2326 1600 2397 intemperantia
1627 2342 1687 2383 se

82 2420 383 2477 sustollere
404 2420 565 2476 vellet
584 2419 969 2492 prohiberetur,
1004 2419 1148 2473 velut
1178 2417 1425 2488 praecepti
1448 2416 1686 2473 necessi-

88 2524 207 2568 tate
227 2513 549 2578 obstrictus;
578 2513 704 2579 illic,
735 2527 801 2567 ne
819 2513 910 2583 qui
953 2511 1020 2566 ad
1042 2511 1394 2581 virginitatem
1426 2509 1686 2579 attingere

84 2606 427 2676 nequivisset
454 2605 817 2671 damnaretur,
836 2619 936 2660 ceu
956 2604 1008 2659 in
1035 2611 1357 2674 praeceptum
1376 2610 1683 2658 contumax.

86 2697 218 2752 Non
248 2695 521 2767 principio,
553 2696 742 2768 inquit,
770 2695 1028 2768 virginem
1057 2709 1205 2762 esse;
1227 2708 1416 2750 vereor
1438 2693 1581 2749 enim
1606 2692 1686 2749 rei

81 2788 494 2844 difficultatem.
522 2787 638 2843 Non
671 2788 922 2859 praecipio
949 2786 1200 2858 congredi
1230 2786 1536 2857 frequenter
1562 2800 1684 2840 cum

82 2896 268 2937 uxore
300 2901 313 2937 :
344 2882 469 2937 nolo
494 2881 636 2937 enim
659 2881 1055 2937 incontinentis:
1076 2880 1343 2952 legislator
1362 2893 1505 2936 esse.
1538 2878 1682 2947 Dixi,

79 2968 388 3040 Conuenite,
407 2982 466 3029 ut
480 2985 651 3029 vetem
679 2973 731 3028 in
756 2988 994 3045 praeceps
1019 2973 1167 3038 ferri,
1196 2989 1300 3029 non
1325 2981 1384 3028 ut
1407 2972 1686 3030 sublimius

80 3066 332 3121 studium
359 3066 664 3136 impediam.
713 3065 829 3121 Non
860 3080 987 3137 ergo
1014 3066 1033 3097 ⁸
1086 3065 1139 3120 id
1178 3066 1444 3136 pra:cipue
1473 3064 1602 3128 vult,
1629 3072 1689 3120 ut

79 3158 317 3214 assidue
345 3173 509 3214 uxore
536 3168 768 3224 utamur,
796 3157 890 3214 sed
919 3157 1169 3213 nimirum
1200 3157 1251 3212 id
1275 3158 1582 3229 segniorum
1606 3157 1687 3212 in-

82 3250 450 3321 temperantia
472 3251 664 3307 sanxit.
688 3250 820 3305 Nam
841 3251 887 3306 si
914 3250 1060 3305 Pauli
1084 3249 1407 3305 voluntatem
1427 3249 1566 3306 scire
1584 3249 1684 3315 vis,

80 3342 227 3399 audi
251 3360 369 3413 qua:
395 3344 466 3398 sit
492 3361 506 3398 :
548 3342 697 3409 Volo,
719 3344 911 3414 inquit,
941 3359 1111 3397 omnes
1134 3342 1359 3397 homines
1381 3343 1455 3397 sic
1478 3358 1602 3408 esse,
1632 3351 1689 3395 ut

79 3453 194 3508 ego
246 3453 380 3505 sum,
419 3436 724 3490 continentes
773 3437 795 3467 '
846 3434 965 3509 (Ib.
1013 3450 1061 3490 υ.
1110 3434 1206 3507 7).
1258 3435 1419 3505 Igitur
1442 3434 1529 3505 qui
1555 3434 1690 3491 velis

80 3542 291 3582 omnes
316 3529 648 3583 continentes
672 3542 812 3594 esse,
844 3531 1111 3583 neminem
1135 3527 1214 3582 vis
1236 3540 1355 3583 esse
1385 3526 1686 3596 conjugem.

79 3622 217 3677 Non
247 3619 494 3691 equidem
522 3637 535 3674 :
566 3628 622 3673 at
647 3634 752 3674 non
789 3627 1067 3690 propterea
1099 3619 1339 3673 volentes
1366 3627 1487 3673 veto
1515 3626 1569 3673 et
1604 3617 1688 3671 in-

79 3712 318 3779 simulo,
346 3710 440 3767 sed
470 3725 592 3766 cum
621 3719 798 3781 Optem
829 3726 892 3767 ac
913 3712 1215 3780 percupiam
1237 3724 1422 3765 omnes
1449 3709 1524 3763 sic
1547 3722 1687 3775 esse,

83 3813 154 3859 ut
197 3806 303 3872 ego
339 3816 478 3864 sum,
511 3811 621 3856 tum
666 3801 796 3858 illud
842 3811 1058 3872 propter
1099 3802 1500 3856 fornicationem
1529 3802 1688 3856 etiam

81 3896 386 3953 concedo:
419 3896 644 3966 ideoque
686 3897 736 3950 in
780 3897 1038 3967 principio
1063 3896 1337 3961 dicebam,
1381 3895 1579 3949 Bonum
1619 3906 1691 3950 est

84 3992 301 4047 homini
328 3992 585 4045 mulierem
610 4008 708 4045 non
736 4000 956 4063 tangere,
986 3991 1106 4062 quia
1138 3991 1188 4045 id
1213 4000 1582 4061 prmoptarem.

173 4082 395 4137 XXXV.
445 4082 743 4137 Necessario
773 4081 999 4137 Paulum
1043 4083 1363 4137 continentur
1404 4081 1690 4154 exemplum

87 4191 152 4229 se
188 4174 532 4244 proposuisse.
574 4204 645 4213 ——
680 4172 783 4230 Sed
822 4189 988 4243 quare
1034 4173 1121 4229 hic
1166 4173 1249 4228 sui
1292 4174 1534 4229 meminit
1558 4214 1572 4235 ,
1606 4175 1691 4229 in-

85 4268 330 4337 quiens,
367 4265 495 4321 Volo
534 4284 704 4321 omnes
746 4268 971 4321 homines
1009 4268 1080 4322 sic
1123 4284 1261 4334 esse,
1301 4276 1358 4322 ut
1401 4284 1493 4340 ego
1534 4270 1692 4324 sum?

88 4360 252 4431 quod
276 4361 320 4414 si
346 4376 450 4415 non
473 4361 783 4429 addidisset,
808 4361 891 4415 sui
912 4375 1039 4416 sane
1062 4361 1381 4417 mentionem
1401 4361 1688 4433 effugisset.

85 4457 215 4511 Cur
242 4454 403 4524 igitur
426 4453 642 4523 adjecit,
667 4463 721 4507 ut
746 4471 836 4525 ego
863 4454 1017 4508 sum?
1042 4453 1156 4508 Non
1178 4470 1283 4524 quo
1305 4469 1365 4509 se
1385 4454 1689 4521 extolleret;

90 4563 233 4603 nam
282 4545 366 4601 hic
411 4546 499 4600 ille
542 4556 656 4611 est,
702 4546 941 4616 quicum
986 4544 1376 4615 praedicationis
1424 4545 1693 4601 laboribus

90 4637 367 4708 apostolis
394 4644 691 4707 praestaret,
722 4636 999 4707 indignum
1030 4650 1090 4691 se
1119 4634 1201 4690 vel
1225 4635 1451 4705 apostoli
1479 4637 1695 4691 nomine

91 4729 401 4785 existimat.
432 4726 563 4784 Cum
594 4730 736 4783 enim
763 4729 1007 4795 dixisset,
1035 4726 1147 4801 Ego
1172 4744 1284 4782 sum
1306 4729 1540 4784 minimus
1567 4746 1696 4802 apo-

88 4825 359 4878 stolarum
388 4820 472 4891 (1.
501 4819 619 4874 Cor.
648 4820 732 4876 15.
757 4820 830 4890 9),
861 4821 1005 4877 velut
1040 4820 1215 4889 majus
1243 4820 1495 4892 quiddam
1534 4837 1694 4892 quam

94 4929 209 4986 pro
240 4912 496 4982 dignitate
537 4926 633 4966 sua
671 4912 992 4982 eloquutus,
1024 4912 1201 4967 statim
1229 4927 1288 4967 se
1315 4913 1568 4983 castigat,
1597 4913 1696 4968 ad-

92 5010 268 5074 dens,
338 5005 439 5072 Qui
499 5021 599 5059 non
653 5021 765 5059 sum
821 5004 1004 5075 dignus
1045 5006 1214 5060 vocari
1257 5006 1515 5077 apostolus
1568 5004 1695 5077 (Id.

94 5102 202 5157 15.
246 5097 341 5169 9).
390 5098 496 5152 Cur
538 5096 698 5167 igitur
726 5095 813 5151 hic
854 5096 1210 5152 cobortatioui
1248 5111 1367 5153 sese
1410 5098 1698 5167 proponit?

92 5193 227 5249 Non
256 5199 459 5244 temere
486 5188 538 5243 id
564 5186 800 5258 quidem,
831 5196 921 5242 aut
947 5188 1062 5242 sine
1087 5203 1245 5242 causa
1262 5228 1277 5254 ,
1305 5187 1398 5243 sed
1422 5189 1513 5259 qui
1538 5189 1702 5244 sciret

97 5282 409 5353 discipulos
440 5289 550 5336 tum
587 5280 818 5334 maxime
855 5279 922 5334 ad
966 5283 1329 5349 praestantium
1361 5294 1540 5335 rerum
1581 5289 1698 5335 stu-

98 5377 261 5431 dium
313 5372 563 5435 incitari,
612 5371 659 5426 si
713 5381 1099 5441 prmceptorum
1154 5370 1385 5426 habeant
1434 5372 1696 5441 exempla.

102 5468 305 5537 Itaque
344 5474 403 5520 ut
428 5464 519 5535 qui
557 5465 811 5535 operibus
837 5479 1033 5543 vacuus
1056 5464 1232 5520 verbis
1258 5465 1429 5519 solum
1463 5464 1702 5535 philoso-

100 5561 335 5632 phatur,
359 5556 499 5612 haud
518 5571 649 5613 sane
671 5557 900 5612 auditori
927 5556 1181 5627 prodest:
1209 5558 1279 5613 ita
1305 5557 1396 5629 qui
1419 5558 1702 5615 consilium

178 5715 197 5743 ³
234 5713 322 5780 ljtic
344 5723 441 5759 non
465 5722 613 5773 pauca
634 5710 840 5761 deerant
860 5711 909 5760 in
927 5710 1109 5773 Μοίρι,
1137 5725 1247 5777 qua:
1275 5727 1337 5766 ex
1362 5722 1476 5780 Reg.
1497 5714 1702 5767 etSsvil.

103 5772 429 5867 supplentur.
468 5772 477 5773 ί
1096 5772 1099 5773 ν
1154 5772 1167 5777 ⁷

219 5841 272 5886 tu
294 5841 415 5899 Reg.
438 5834 660 5896 verbum,
683 5833 985 5896 continentes,
1007 5834 1168 5891 deest.

1502 364 1592 422 DE
1635 362 2096 426 VlIlGINITATE.

3282 378 3388 434 558

1805 495 1835 533 a
1863 496 1923 537 se
1952 482 2124 552 primo
2166 486 2460 556 perfectum
2489 485 2650 544 habet
2677 488 3056 557 exhibendum,
3093 492 3175 547 vel
3205 490 3304 547 hac
3336 494 3386 549 in

1806 571 1989 641 primis
2012 574 2220 630 ratione
2240 576 2537 633 auditorem
2568 580 2788 636 inducit.
2820 583 3081 637 Praeterea
3110 598 3300 653 purum
3330 599 3388 638 se

1800 662 1871 718 ab
1899 665 2094 720 invidia
2122 676 2283 737 atque
2311 670 2450 725 fastu
2479 673 2731 739 ostendit,
2764 674 2853 743 qui
2890 675 3161 729 excellens
3204 674 3304 730 hoc
3335 686 3386 730 et
3448 664 3451 665 ⁷

1802 759 2128 828 prtecipunm
2166 776 2287 816 cum
2337 762 2611 833 discipulis
2640 780 2925 822 commune
2956 782 3074 823 esse
3100 768 3248 834 velit,
3293 784 3386 823 ne-

1800 866 1905 921 que
1933 851 1997 906 iis
2028 861 2283 921 praestare
2311 867 2495 921 curet,
2528 857 2620 910 sed
2653 857 2702 910 in
2730 859 2974 912 omnibus
3013 874 3106 914 cos
3144 860 3243 915 sibi
3288 877 3387 915 ex-

1800 960 2031 1013 aaquare.
2066 946 2248 1002 Habeo
2275 957 2330 1002 et
2357 950 2564 1003 tertiam
2593 964 2807 1004 causam
2835 951 3030 1007 dicere.
3056 952 3387 1021 Quamnam?

1800 1034 2094 1092 Videbatur
2112 1053 2200 1093 res
2227 1037 2459 1095 difficilis
2485 1055 2621 1105 esse,
2650 1056 2749 1097 nec
2768 1043 2950 1099 multis
2977 1044 3175 1111 facilis;
3206 1046 3385 1116 itaque

1796 1132 1986 1185 volens
2014 1146 2133 1186 eam
2162 1130 2373 1188 facilem
2397 1134 2703 1202 declarare,
2733 1152 2855 1193 eum
2876 1179 2891 1201 ,
2919 1140 3009 1209 qui
3038 1139 3090 1194 id
3120 1155 3257 1209 opus
3283 1139 3383 1195 ab-

1799 1223 2070 1289 solvisset,
2100 1223 2152 1279 in
2184 1225 2417 1280 medium
2452 1227 2697 1292 adducit,
2726 1245 2795 1284 tte
2832 1229 3111 1285 admodm:
3147 1231 3381 1286 laborio-

1796 1329 1914 1369 sum
1953 1315 2257 1381 crederent,
2300 1317 2394 1372 sed
2422 1317 2609 1373 ducem
2655 1318 2924 1375 intuentes
2965 1332 3018 1376 et
3063 1322 3162 1391 ipsi
3191 1324 3383 1377 animis

1795 1408 1937 1461 aucti
1965 1407 2208 1463 eamdem
2236 1410 2373 1463 viam
2401 1411 2618 1467 inirent.
2665 1412 2805 1472 Idem
2830 1425 2884 1470 et
2908 1415 3030 1469 alibi
3076 1418 3216 1472 facit.
3248 1418 3379 1472 Nam

1794 1496 2006 1553 Galatas
2033 1500 2328 1571 alloquens,
2359 1503 2526 1573 iisque
2556 1504 2683 1574 legis
2715 1506 2956 1562 timorem
3002 1510 3234 1563 eximere
3265 1518 3379 1564 stu-

1796 1590 1961 1657 dens,
2002 1607 2108 1661 qno
2146 1593 2212 1646 ad
2253 1594 2524 1664 antiquam
2566 1598 3002 1655 consuetudinem
3044 1600 3376 1668 ferebantur,

1796 1680 2047 1751 pleraque
2091 1682 2157 1736 ad
2184 1699 2300 1737 eam
2346 1685 2663 1753 pertinentia
2696 1700 2972 1747 servantes
2993 1732 3007 1755 ,
3058 1693 3183 1762 quid
3213 1692 3393 1749 dicit?‘

1795 1769 1971 1825 Estote
1992 1773 2119 1827 sicut
2147 1790 2238 1845 ego
2258 1816 2272 1840 ,
2301 1776 2419 1843 quia
2445 1787 2493 1830 et
2518 1794 2607 1848 ego
2636 1778 2766 1833 sicut
2790 1797 2877 1834 vos
2907 1780 3049 1851 (Gal.
3072 1785 3126 1837 4.
3157 1784 3269 1853 12).
3300 1785 3378 1839 Ac

1793 1863 1935 1933 quod
1965 1866 2039 1918 ait
2067 1866 2330 1935 ejusmodi
2359 1877 2441 1923 est
2473 1888 2486 1924 :
2518 1870 2659 1924 Nihil
2688 1871 2778 1939 sit,
2811 1873 3010 1943 inquit,
3042 1875 3183 1944 quod
3227 1875 3377 1931 dicae

1795 1954 1882 2021 tis,
1913 1971 1999 2009 me
2028 1957 2431 2025 resipiscentem
2458 1975 2597 2015 nunc
2620 1961 2730 2029 jam
2760 1977 2790 2016 e
2816 1963 3083 2033 gentibus,
3113 1973 3287 2020 metus
3310 1981 3376 2021 ex

1793 2048 1924 2116 legis
1956 2049 2238 2105 violatione
2280 2051 2519 2121 ignarum
2541 2094 2555 2117 ,
2588 2055 2820 2109 suaviter
2848 2055 2963 2110 hrrc
3005 2058 3183 2112 omnia
3225 2058 3374 2114 vobis

1792 2141 2187 2212 philosophari;
2234 2152 2289 2198 et
2322 2160 2421 2215 ego
2448 2147 2589 2200 enim
2622 2155 2677 2201 ut
2703 2163 2801 2203 vos
2825 2148 3111 2219 aliquando
3152 2152 3376 2207 servitu-

1793 2240 1900 2287 tem
1941 2232 2077 2287 banc
2107 2235 2337 2301 servivi,
2365 2237 2637 2305 subjectus
2678 2239 2809 2310 legis
2843 2240 3006 2309 jussis
3029 2284 3045 2307 ,
3076 2252 3375 2314 praecepto-

1789 2338 1908 2379 rum
1944 2325 2346 2382 observationes
2374 2338 2733 2399 exsequutus;
2779 2331 2872 2386 sed
2904 2342 3184 2405 postquam
3214 2351 3377 2406 appa-

1797 2418 1909 2472 ruit
1932 2416 2130 2486 gratia,
2158 2425 2331 2468 totum
2368 2434 2452 2468 tne
2488 2423 2554 2471 :tll
2591 2422 2679 2474 illa
2711 2423 2777 2477 ad
2810 2423 2952 2477 hanc
2979 2426 3228 2479 contulit.
3265 2425 3374 2480 Nec

1794 2508 1904 2580 jam
1946 2521 2009 2562 ea
2024 2523 2113 2566 res
2138 2516 2223 2566 est
2237 2507 2620 2580 transgressio.
2639 2524 2761 2562 cum
2781 2508 2835 2565 in
2851 2510 2991 2567 alius
3005 2511 3109 2566 viri
3147 2531 3367 2570 manum

1797 2602 2214 2657 convenerimus
2245 2599 2352 2671 (Ib.
2388 2601 2435 2653 I.
2464 2600 2575 2672 15).
2600 2599 2780 2667 Quare
2804 2618 2911 2655 non
2941 2616 3023 2658 cst
3049 2606 3193 2675 quod
3226 2608 3375 2677 quis-

1789 2705 1944 2761 quam
1970 2690 2132 2759 dicat,
2160 2690 2263 2745 alia
2302 2690 2477 2747 facere
2500 2708 2618 2762 me,
2648 2693 2750 2748 alia
2781 2709 3019 2761 monere,
3049 2706 3140 2751 aut
3166 2697 3372 2752 securi-

1790 2791 1900 2838 tate
1945 2784 2075 2838 mihi
2117 2785 2339 2855 quzcsita
2383 2800 2479 2841 vos
2523 2786 2576 2841 in
2623 2787 2913 2857 periculum
2959 2788 3105 2845 dare.
3152 2790 3283 2845 Nam
3326 2792 3373 2847 si

1788 2877 2084 2946 periculum
2124 2889 2402 2950 ageretur,
2432 2895 2539 2935 non
2581 2896 2667 2937 me
2706 2881 2955 2953 equidem
2994 2883 3370 2954 prodidissem,

1789 2986 1897 3026 non
1934 2972 2162 3027 salutem
2204 2988 2375 3029 meam
2422 2974 2798 3045 neglexissem.
2848 2974 3010 3046 Igitur
3057 2985 3114 3030 ut
3160 2976 3270 3030 illic
3314 2991 3375 3031 se

1789 3063 2091 3133 exemplum
2133 3079 2437 3137 proponens
2462 3075 2661 3122 metum
2687 3066 2846 3123 solvit
2873 3085 2887 3123 :
2915 3067 2988 3123 ita
3020 3078 3076 3124 et
3115 3067 3204 3125 hic
3235 3084 3293 3124 se
3321 3070 3372 3124 in

1789 3157 2024 3212 medium
2050 3156 2277 3214 adducto
2300 3159 2657 3215 sollicitudine
2696 3160 2909 3217 liberat.

1862 3247 2102 3304 XXXVI.
2138 3248 2489 3321 Virginitatem
2537 3252 2796 3308 modestia
2840 3269 2994 3309 causa
3036 3253 3100 3307 ab
3130 3252 3374 3324 Apostolo

1791 3338 1981 3393 donum
2006 3340 2275 3412 appellari.
2291 3370 2364 3383 --
2380 3341 2485 3398 Sed
2504 3341 2685 3410 habet,
2710 3342 2903 3415 inquit,
2930 3344 3199 3415 proprium
3226 3343 3345 3414 quis
3362 3372 3377 3383 ο

1794 3456 1901 3512 que
1925 3440 2154 3501 donum,
2179 3440 2318 3494 alius
2346 3439 2563 3507 quidem
2585 3440 2686 3503 sic,
2708 3438 2847 3494 alius
2868 3454 2996 3492 vero
3028 3438 3109 3495 sic
3142 3438 3217 3509 (1.
3242 3436 3368 3492 Cor.

1796 3533 1849 3589 7.
1879 3533 1968 3603 7).
1996 3531 2132 3586 Vide
2170 3531 2257 3586 bic
2287 3530 2419 3585 mihi
2450 3530 2762 3600 apostolicae
2792 3529 3120 3585 humilitatis
3151 3530 3367 3599 signum

1793 3640 2061 3696 nusquam
2092 3622 2565 3693 deperditum,sed
2589 3623 2790 3692 ubique
2814 3623 2958 3677 serio
2991 3623 3246 3689 elucens;
3275 3619 3371 3677 Dei

1794 3720 1997 3775 donum
2033 3717 2266 3786 appellat
2298 3729 2452 3770 suam
2487 3715 2775 3780 virtutem,
2808 3722 2863 3769 et
2908 3715 2961 3769 in
2996 3732 3104 3785 quo
3142 3716 3250 3769 n.ul
3278 3732 3370 3770 um

1796 3807 2110 3870 desudavit,
2141 3804 2194 3858 id
2224 3820 2385 3859 omne
2416 3803 2646 3857 Domino
2678 3804 2888 3857 tribuit.
2922 3804 2986 3857 Et
3009 3805 3138 3874 quid
3170 3805 3367 3859 mirum

1794 3898 1839 3952 si
1870 3897 1922 3952 id
1949 3898 2001 3952 in
2031 3896 2357 3953 continentia
2384 3895 2529 3961 facit,
2560 3911 2682 3951 cum
2711 3897 2779 3953 de
2808 3897 3184 3967 praedicatione
3214 3897 3376 3952 etiam

1796 3987 2084 4053 disserens,
2123 4004 2222 4059 pro
2249 4004 2354 4059 quo
2384 3988 2530 4043 mille
2557 3989 2790 4055 labores,
2820 3998 3103 4059 perpetuas
3131 3988 3377 4043 afflictio-

1797 4096 1929 4148 nes,
1979 4081 2363 4138 inenarrabiles
2413 4096 2717 4147 aerumnas,
2769 4081 3132 4151 quotidianam
3190 4097 3374 4137 necem

1795 4176 2135 4246 suscepisset,
2183 4176 2320 4231 idem
2353 4175 2614 4243 usurpet?
2652 4175 2786 4244 Quid
2831 4191 2958 4243 ergo
2999 4175 3065 4230 de
3105 4190 3170 4230 eo
3210 4174 3379 4229 dicit?

1796 4267 1927 4324 Plus
1951 4267 2055 4322 illis
2084 4266 2309 4322 omnibus
2338 4266 2560 4320 laboravi
2576 4283 2597 4332 ;
2624 4282 2721 4320 non
2748 4283 2837 4338 ego
2865 4276 3065 4331 autem,
3097 4266 3186 4320 sed
3215 4265 3380 4336 gratia

1796 4358 1895 4413 Dei
1919 4375 2111 4414 mecum
2137 4358 2210 4431 (1.
2236 4358 2354 4413 Cor.
2380 4358 2468 4413 I5.
2494 4356 2605 4428 10).
2633 4357 2747 4411 Νοη
2772 4357 2959 4427 partim
2988 4372 3162 4421 suum,
3190 4357 3377 4426 partim

1797 4451 1893 4507 Dei
1919 4459 2134 4514 censet,
2164 4448 2259 4505 sed
2289 4458 2454 4504 totum
2486 4449 2597 4503 Dei.
2632 4449 2743 4503 Hoc
2770 4448 2905 4519 grati
2935 4448 3073 4502 servi
3104 4457 3184 4503 est
3204 4488 3217 4511 ,
3248 4447 3377 4501 nihil

1798 4543 2071 4615 proprium
2093 4543 2309 4610 ducere,
2333 4543 2425 4597 sed
2452 4542 2631 4597 omnia
2657 4543 2768 4597 heri
2791 4558 2805 4608 ;
2838 4542 2967 4597 nihil
2993 4557 3146 4596 suum
3172 4550 3377 4612 putare,

1799 4634 1892 4690 sed
1923 4635 2100 4690 omnia
2129 4635 2354 4690 Domini.
2390 4636 2562 4705 Atque
2588 4634 2729 4689 idem
2770 4633 2895 4689 facit
2921 4634 3064 4689 alibi.
3101 4633 3232 4688 Nam
3259 4650 3379 4688 cum

1799 4727 2043 4792 dixisset,
2076 4726 2328 4782 [labentes
2358 4727 2652 4783 donationes
2677 4727 2956 4781 secundum
2993 4728 3239 4797 gratiam,
3270 4743 3383 4798 qua:

1799 4820 1921 4875 data
1946 4831 2019 4876 est
2046 4822 2218 4884 nobis,
2244 4821 2533 4890 differentes
2560 4819 2579 4894 (
2602 4822 2755 4877 Rom.
2782 4821 2865 4877 12.
2899 4818 3001 4891 6),
3028 4821 3081 4875 in
3126 4822 3382 4876 orationis

1802 4927 2087 4983 progressu
2124 4912 2423 4982 magisteria
2446 4953 2458 4975 ,
2506 4912 2874 4967 liberalitatem
2904 4927 2967 4966 ac
2997 4912 3299 4983 largitiones
3329 4912 3384 4968 in

1803 5007 1869 5061 iis
1899 5015 2178 5070 numerat;
2210 5021 2328 5075 qure
2349 5005 2589 5071 virtutes,
2622 5020 2726 5059 non
2757 5005 2894 5059 dona
2920 5020 3061 5072 esse,
3094 5004 3245 5059 facile
3268 5020 3388 5067 om:

1802 5112 1899 5153 nes
1926 5096 2244 5166 intelligunt.
2277 5095 2402 5151 Hinc
2429 5104 2609 5152 autem
2641 5094 2761 5150 ideo
2804 5095 3067 5159 disserui,
3104 5110 3170 5149 ne
3199 5094 3384 5149 dicen-

1805 5198 1910 5244 tem
1938 5187 2158 5243 audiens
2180 5228 2196 5253 ,
2226 5186 2502 5257 Proprium
2533 5186 2740 5257 quisque
2780 5185 2969 5238 donum
2995 5184 3171 5250 habet,
3200 5185 3384 5239 conci-

1804 5280 1936 5349 das,
1979 5295 2044 5335 ac
2084 5290 2258 5335 tecum
2300 5279 2656 5335 sermocinere
2695 5295 2709 5330 :
2753 5276 2925 5348 Opera
2963 5293 3082 5333 mea
3128 5278 3213 5336 hic
3254 5279 3386 5336 nihil

1806 5386 1941 5442 opus
1966 5381 2087 5437 est;
2132 5371 2184 5426 id
2223 5371 2417 5426 donum
2445 5369 2636 5424 Paulus
2678 5370 2993 5425 nominavit.
3032 5369 3166 5425 Nam
3206 5371 3389 5426 mode—

1807 5466 1922 5521 stite
1966 5479 2158 5530 causa,
2205 5477 2308 5518 non
2353 5461 2444 5533 qui
2485 5461 2866 5516 continentiam
2912 5462 3065 5517 donis
3103 5478 3392 5520 accensure

1807 5556 1985 5623 vellet,
2033 5556 2104 5610 ita
2144 5554 2399 5624 loquitur.
2446 5552 2628 5624 Neque
2668 5554 2811 5609 enim
2857 5561 2911 5608 et
2954 5568 3134 5610 secum
3176 5564 3231 5610 et
3271 5570 3390 5611 cum

1811 5646 2023 5703 Christo
2050 5654 2282 5717 pugnat;
2311 5658 2415 5699 non
2442 5658 2560 5699 cum
2577 5642 2792 5700 Christo
2816 5642 3046 5710 dicente,
3072 5644 3209 5701 Sunt
3235 5662 3394 5700 eunu-

1812 5740 1894 5793 chi
1914 5780 1928 5803 ,
1973 5739 2059 5805 qui
2104 5739 2294 5809 scipsos
2343 5747 2548 5809 propter
2597 5755 2809 5809 regnum
2861 5739 3054 5793 eteleste
3105 5750 3390 5794 castrorum

1820 5833 2031 5905 (Matth.
2057 5832 2142 5890 l9.
2169 5830 2298 5905 12);
2342 5843 2501 5905 atque
2542 5831 2808 5899 addente,
2853 5832 2953 5901 Qui
2996 5842 3154 5905 potest
3194 5849 3390 5903 capere,
