3898 6278
521 383 624 438 559

519 497 690 566 capiat
712 512 732 551 :
758 509 866 551 non
892 508 1104 560 secum,
1135 496 1224 565 qui
1252 495 1557 550 viduitatem
1582 495 1889 565 amplexas,
1921 493 2016 549 sed
2045 494 2098 548 in

519 606 586 643 eo
633 588 902 659 proposito
948 588 1234 657 persistere
1285 587 1527 642 nolentes
1569 586 1805 642 damnet.
1871 585 2003 642 Nam
2058 587 2103 642 si

519 681 716 737 donum
745 689 859 746 est,
891 695 987 735 cur
1016 679 1094 735 eis
1131 680 1504 745 eomminaris,
1536 677 1720 734 dicens
1753 696 1766 732 :
1795 677 2101 733 Damnatio-

520 793 633 829 nem
654 775 857 840 habent,
877 775 995 845 quia
1016 775 1231 845 primam
1251 774 1404 843 ﬁdem
1423 774 1620 827 irritam
1641 775 1864 845 fecerunt
1881 769 2098 842 (LTint.

521 867 575 921 5.
608 866 750 934 12)?
790 865 1058 935 Nusquam
1089 865 1230 918 enim
1256 862 1498 919 Christus
1526 863 1680 918 dotes
1709 878 1813 916 non
1845 861 2101 917 habentes

521 959 758 1027 punivit,
804 957 898 1012 sed
943 957 1138 1027 ubique
1177 957 1337 1011 vitam
1380 965 1579 1012 rectam
1618 971 1724 1010 non
1763 955 2095 1022 exhibentes,

517 1050 761 1119 adeoque
787 1049 930 1120 quod
968 1049 1301 1118 potissimum
1341 1049 1593 1118 requirit,
1621 1048 1728 1102 vita
1765 1057 1848 1102 est
1876 1049 2096 1118 Optima,

520 1151 576 1197 et
597 1141 834 1196 actiones
867 1141 1276 1211 irreprehensze.
1305 1141 1575 1195 Donorutn
1601 1149 1776 1196 autem
1799 1140 2100 1196 distributio

522 1235 692 1306 posita
723 1245 804 1290 est
831 1250 938 1290 non
967 1236 1021 1290 in
1050 1235 1360 1306 accipientis
1387 1235 1625 1304 optione,
1652 1233 1747 1289 sed
1772 1234 1825 1288 in
1852 1233 2100 1288 donantis

519 1328 760 1382 arbitrio.
790 1328 974 1398 Itaque
1003 1327 1240 1398 prodigia
1271 1335 1544 1398 patrantes
1567 1325 1810 1382 Christus
1837 1325 1972 1381 adeo
1994 1339 2100 1380 non

518 1421 696 1475 laudat
725 1420 874 1492 (Luc.
903 1420 988 1476 10.
1016 1419 1118 1492 20)
1141 1460 1157 1487 ,
1185 1430 1241 1474 ιιι
1265 1419 1424 1474 etiam
1455 1419 1742 1489 discipulos
1779 1434 1842 1475 ea
1885 1433 1944 1474 re
1978 1419 2097 1490 glo-

517 1513 717 1567 riantes
741 1512 808 1568 ab
833 1527 900 1566 eo
929 1511 1123 1582 gaudio
1153 1519 1445 1577 removeat,
1477 1525 1700 1565 monens
1721 1527 1788 1564 ne
1806 1509 2099 1581 gauderent

515 1605 780 1660 daemonia
809 1605 907 1660 sibi
936 1604 1146 1674 subjici.
1173 1603 1304 1658 Nam
1333 1605 1421 1674 qui
1446 1603 1587 1660 beati
1609 1603 1963 1674 praedicantur
1983 1603 2100 1658 ubi-

513 1712 618 1769 que
647 1697 873 1770 (Matth.
897 1697 964 1768 5)
1000 1697 1370 1752 misericordes
1411 1705 1565 1760 sunt,
1614 1696 1874 1761 humiles,
1916 1697 2092 1762 mites,

513 1791 691 1844 animo
719 1790 857 1859 puri,
892 1790 1131 1859 pacifici,
1160 1790 1248 1859 qui
1278 1788 1390 1843 haec
1423 1789 1600 1842 omnia
1627 1797 1786 1858 atque
1811 1788 1875 1842 iis
1901 1789 2094 1842 similia

515 1893 788 1956 praestant.
817 1884 954 1951 Quin
996 1884 1110 1953 ipse
1139 1883 1297 1937 etiam
1326 1881 1519 1937 Paulus
1561 1881 1813 1951 przeclara
1844 1894 1936 1934 sua
1969 1880 2097 1934 faci-

510 1992 639 2031 nora
668 1989 990 2041 recensens,
1036 1975 1089 2028 in
1134 1974 1196 2028 iis
1239 1983 1294 2030 et
1332 1973 1672 2028 continentia:
1716 1972 1992 2037 meminit;
2031 1972 2094 2027 iis

509 2067 652 2122 enim
677 2066 884 2133 verbis,
911 2063 978 2118 In
1003 2065 1162 2118 multa
1187 2064 1456 2134 patientia,
1485 2064 1539 2117 in
1579 2062 2012 2129 tribulationibus,
2042 2069 2093 2117 in

510 2159 908 2225 necessitatibus,
938 2158 991 2211 in
1017 2158 1283 2227 angustiis,
1314 2159 1365 2210 in
1395 2157 1588 2228 plagis,
1620 2157 1673 2210 in
1697 2156 1978 2210 carceribus
1998 2198 2012 2221 ,
2040 2156 2093 2210 in

509 2252 787 2317 laboribus,
820 2251 872 2305 in
897 2251 1245 2316 seditionibus,
1279 2251 1333 2304 in
1363 2250 1566 2320 vigiliis,
1594 2250 1646 2303 in
1662 2250 1898 2322 jejuniis,
1925 2249 2090 2315 addit,

509 2344 576 2400 In
602 2347 828 2400 castitate
849 2346 925 2417 (2.
951 2345 1068 2400 Cor.
1093 2347 1145 2400 ϐ.
1168 2347 1221 2400 4.
1252 2345 1304 2401 5.
1324 2346 1381 2417 6)
1411 2363 1424 2400 :
1458 2345 1675 2399 minime
1700 2343 1750 2399 id
1771 2343 2018 2409 facturus,
2047 2346 2091 2400 si

508 2441 709 2495 donum
741 2449 904 2495 esset.
937 2438 1046 2494 Cur
1069 2447 1244 2494 autem
1274 2448 1326 2493 et
1356 2438 1565 2492 mordet
1593 2452 1710 2493 eam
1749 2452 1854 2491 non
1887 2435 2092 2491 haben-

507 2541 606 2596 tes,
628 2531 1043 2602 intemperantes
1069 2547 1162 2586 eos
1183 2531 1414 2585 vocans?
1443 2545 1538 2585 cur
1559 2530 1646 2600 qui
1666 2529 1920 2598 virginem
1943 2544 2090 2584 suam

507 2639 614 2678 non
648 2625 853 2690 elocat,
895 2625 1089 2680 rectius
1134 2622 1297 2678 facit?
1338 2639 1432 2678 cur
1462 2623 1665 2678 beatior
1697 2623 1886 2690 vidua,
1929 2624 1974 2678 si
2014 2623 2092 2678 sic

506 2717 805 2771 manserit?
833 2715 962 2770 Nam
991 2716 1130 2785 quod
1153 2715 1262 2785 jam
1290 2715 1425 2783 dixi,
1449 2731 1553 2770 non
1587 2715 1968 2786 prodigiorum,
1997 2715 2090 2771 scd

504 2807 774 2861 actionum
801 2806 1155 2861 beatitudines
1175 2813 1316 2870 sunt,
1347 2805 1794 2876 quemadmodum
1819 2814 1874 2860 et
1896 2821 2087 2876 poenae.

503 2898 620 2968 Quo
651 2908 825 2970 pacto,
858 2897 1070 2967 inquam
1093 2939 1108 2964 ,
1145 2897 1330 2952 eadem
1357 2897 1643 2951 cohortaris
1669 2907 2011 2967 perseverat,
2044 2897 2088 2952 si

500 2993 554 3047 id
583 2993 634 3046 in
674 2991 826 3046 nobis
856 3006 963 3045 non
991 3000 1105 3057 est,
1148 3006 1246 3045 nec
1271 3001 1391 3059 post
1418 2991 1653 3045 divinum
1693 2989 1929 3046 favorem
1961 3006 2088 3061 ope-

503 3099 618 3138 ram
654 3084 813 3138 etiam
857 3095 1094 3137 nostram
1136 3082 1448 3138 desiderat?
1491 3082 1554 3136 Ei
1595 3083 1739 3138 enim
1787 3085 2084 3151 sententi-.c,

513 3173 641 3228 Volo
678 3191 846 3228 omnes
873 3175 1098 3228 homines
1137 3176 1209 3227 sic
1246 3191 1352 3228 esse
1371 3216 1384 3239 ,
1413 3185 1466 3228 ut
1495 3191 1585 3245 ego
1609 3191 1751 3240 sum,
1781 3175 2087 3231 continentes

502 3268 692 3322 iterum
712 3267 909 3333 subdit,
939 3266 1062 3320 Dico
1086 3276 1249 3320 autem
1277 3284 1374 3321 non
1402 3269 1572 3338 nuptis
1610 3278 1658 3322 et
1679 3269 1860 3334 viduis,
1885 3268 2086 3323 Bonum

502 3373 575 3416 est
603 3363 728 3429 illis,
760 3363 803 3416 si
831 3363 904 3416 sic
933 3371 1288 3432 permaneant,
1316 3371 1368 3414 ut
1393 3378 1483 3432 ego
1498 3361 1572 3436 (ί.
1593 3361 1706 3416 Cor.
1729 3363 1780 3416 7.
1801 3364 1852 3418 7.
1872 3363 1946 3434 8),
1985 3364 2083 3420 ite-

505 3469 623 3509 rum
648 3469 707 3509 se
736 3454 980 3524 pr0ponit
1003 3453 1190 3509 eadem
1217 3453 1284 3509 de
1305 3468 1484 3508 causa.
1505 3454 1634 3508 Nam
1661 3457 1749 3526 qui
1773 3457 2083 3526 exemplum

501 3547 762 3602 haberent
788 3546 1084 3617 proximum
1106 3554 1161 3602 et
1189 3555 1453 3616 tamquam
1481 3546 1851 3614 domesticum,
1879 3547 2085 3604 facilius

497 3640 814 3713 virginitatis
859 3640 1067 3696 labores
1111 3649 1263 3695 erant
1306 3640 1506 3694 ausuri.
1551 3639 1704 3706 Quod
1746 3640 1789 3694 si
1834 3649 1888 3694 ct
1924 3654 2081 3710 supra

499 3736 766 3806 inquiens,
809 3733 931 3789 Volo
953 3751 1124 3788 omnes
1149 3736 1222 3788 sic
1244 3749 1366 3798 esse,
1398 3741 1452 3786 ut
1476 3748 1566 3804 ego
1591 3749 1723 3796 sum,
1751 3743 1805 3788 et
1830 3732 1945 3798 hic,
1974 3731 2078 3787 Bo-

496 3845 620 3881 num
649 3837 755 3890 est,
785 3827 828 3882 si
855 3827 928 3881 sic
959 3833 1318 3896 permaneant,
1352 3833 1407 3879 ut
1433 3841 1524 3895 ego
1545 3866 1560 3889 ,
1593 3832 1781 3878 neutro
1807 3825 2081 3879 lococau-

496 3935 611 3974 sam
639 3919 854 3988 adjecit,
881 3935 950 3973 ne
976 3920 1205 3982 mirare;
1237 3932 1409 3986 neque
1438 3916 1579 3972 enim
1607 3917 1658 3971 id
1686 3932 1751 3971 ex
1779 3917 2080 3987 arrogantia

494 4009 652 4074 facit,
685 4009 779 4064 sed
820 4017 968 4064 ratus
1011 4009 1140 4063 satis
1179 4022 1298 4063 esse
1335 4022 1510 4062 causa:
1551 4008 1869 4063 sententiam
1906 4023 2077 4075 suam,

493 4115 598 4171 qua
628 4100 818 4154 ductus
845 4114 957 4153 rem
985 4097 1314 4170 perfecisset.

568 4189 835 4246 XXXVII.
856 4189 1050 4245 Multas
1071 4207 1176 4245 esse
1196 4192 1450 4246 molestias
1469 4191 1522 4244 in
1541 4190 1774 4246 secundis
1794 4191 2080 4262 nuptiis.—

496 4283 648 4351 Qnod
681 4284 723 4337 si
755 4283 874 4354 quis
914 4283 1147 4338 rationes
1189 4285 1347 4338 etiam
1387 4283 1650 4353 postulat,
1689 4282 1918 4353 primum
1950 4283 2076 4338 mihi

495 4376 734 4428 ninnium
765 4374 1064 4429 mortalium
1090 4374 1559 4438 existimationem,
1587 4384 1693 4428 tum
1721 4390 1840 4444 quae
1871 4374 1955 4429 hic
1979 4390 2078 4430 usu

493 4469 746 4535 veniant,
777 4467 1006 4538 indaget.
1040 4465 1171 4521 Nam
1199 4481 1318 4521 cum
1352 4465 1728 4536 legumlatores
1757 4481 1858 4521 nec
1897 4467 2080 4520 matri-

496 4559 675 4612 monia
697 4575 756 4613 ea
779 4559 1060 4628 castigent,
1084 4567 1136 4612 et
1164 4557 1471 4627 permittant
1496 4558 1654 4612 etiam
1677 4573 1739 4612 ac
1759 4559 2074 4627 concedant,

495 4651 659 4704 multa
683 4659 733 4704 et
757 4666 784 4702 a
808 4650 987 4705 multis
1010 4665 1128 4704 cum
1152 4651 1316 4715 domi,
1343 4660 1452 4704 tum
1477 4649 1527 4703 iu
1551 4649 1666 4704 foro
1689 4651 1742 4704 in
1765 4665 1856 4706 eos
1873 4650 2075 4721 jactan-

494 4750 584 4796 tur
621 4741 861 4808 dicteria,
900 4741 1364 4811 reprehensiones,
1412 4741 1687 4796 maledicta
1723 4743 1958 4813 :quippe
1984 4757 2078 4798 eos

491 4849 646 4904 teque
676 4848 738 4888 ac
784 4832 1024 4903 perjuros
1052 4833 1238 4902 vulgo,
1286 4840 1343 4886 ut
1384 4834 1461 4886 sic
1499 4833 1758 4900 dixerim,
1787 4833 2071 4899 declinant,

497 4939 672 4996 neque
701 4933 792 4979 aut
817 4923 1018 4979 amicos
1050 4924 1265 4988 habere,
1291 4931 1382 4977 aut
1408 4939 1528 4979 cum
1556 4923 1619 4978 iis
1641 4934 1790 4994 pacta
1817 4935 2076 4980 conventa

495 5018 742 5083 firmare,
775 5033 945 5088 neque
972 5016 1114 5071 aliud
1143 5015 1429 5087 quidquam
1469 5016 1667 5072 audent
1692 5017 1933 5074 credere.
1977 5017 2074 5073 Et-

493 5112 634 5164 enim
668 5125 788 5165 cum
817 5125 909 5165 cos
937 5109 1116 5164 vident
1155 5117 1316 5164 tanta:
1345 5108 1742 5164 consuetudinis
1761 5151 1776 5175 ,
1805 5109 2073 5179 amicitias,

492 5201 866 5255 familiaritatis
907 5218 970 5257 ac
1006 5200 1276 5256 societatis
1318 5199 1630 5254 memoriam
1673 5213 1776 5255 tam
1821 5200 1973 5256 facile
2009 5217 2074 5257 ex

425 5321 450 5364 ιν
496 5291 677 5346 animo
703 5291 990 5362 deponere,
1023 5309 1084 5347 ea
1115 5293 1177 5347 iis
1203 5292 1451 5363 cogitatio
1475 5292 1756 5362 quemdam
1784 5295 1931 5364 quasi
1963 5303 2075 5349 tor-

430 5389 450 5402 “·
496 5399 681 5454 porem
709 5384 953 5452 offundit,
977 5396 1030 5439 ut
1059 5401 1160 5440 non
1192 5395 1392 5441 temere
1413 5401 1503 5440 eos
1523 5385 1748 5442 candide
1773 5388 2068 5454 admittant,

443 5521 446 5523 λ
496 5492 597 5532 ceu
628 5477 770 5532 leves
810 5487 968 5547 atque
999 5479 1290 5535 versatiles.
1323 5477 1508 5549 Neque
1545 5478 1614 5534 ob
1644 5481 1757 5535 haec
1784 5481 1954 5536 solum
1982 5498 2074 5537 eos

445 5619 452 5636 ,
491 5579 844 5637 aversantur,
878 5569 971 5626 sed
1015 5570 1174 5625 etiam
1218 5581 1435 5640 propter
1476 5587 1651 5627 rerum
1682 5583 1948 5642 gestarum
1996 5575 2074 5629 in-

492 5661 827 5716 suavitatem.
857 5662 992 5730 Quid
1015 5663 1178 5727 enim,
1202 5677 1403 5732 qumso,
1427 5663 1762 5732 injucundius
1787 5676 1889 5731 est,
1913 5682 2071 5735 quam

489 5762 612 5826 post
650 5768 863 5824 gravem
897 5755 1092 5809 luctum
1113 5796 1128 5822 ,
1163 5753 1433 5825 ploratus,
1478 5755 1769 5828 Iacrymas,
1802 5757 2072 5813 sordidam

493 5861 721 5915 comam,
746 5847 946 5918 pullum
973 5848 1247 5917 amictum,
1274 5847 1449 5904 subito
1476 5847 1711 5922 plausus,
1739 5849 1838 5907 tori
1864 5851 2074 5922 nuptia-

1232 381 1291 438 S.
1329 379 1607 439 JOANNIS
1643 379 2121 438 CHRYSOSTOMI
2160 381 2483 440 ARCIllEP.
2513 385 3044 446 CONSTANTINOP.
3673 395 3758 453 Ξ)ϋο

2213 496 2326 562 les,
2359 498 2609 568 strepitus
2651 513 2681 553 a
2727 497 2888 568 priori
2919 501 3193 569 diversus,
3239 503 3382 558 velut
3425 506 3686 562 actoribus
3721 511 3760 565 in

2210 602 2369 642 scena
2418 588 2760 656 ludentibus,
2813 606 2876 646 ac
2919 591 3022 647 hoc
3060 607 3202 648 nunc
3245 600 3762 665 repraesentantibus?

2211 678 2342 733 Nam
2370 689 2426 736 et
2455 681 2563 736 illic
2590 682 2834 738 eumdem
2863 683 3048 739 videre
3075 695 3156 740 est
3185 685 3444 742 interdum
3475 705 3669 761 regem,
3696 695 3762 747 in-

2211 771 2418 826 terdum
2462 773 2699 828 omnium
2749 779 3138 845 pauperrimum
3172 786 3268 833 :et
3300 779 3384 834 hic
3405 822 3420 846 ,
3451 785 3537 852 qui
3585 784 3763 852 pridem

2207 864 2275 918 ad
2320 865 2579 921 tumulum
2615 867 2989 934 volutabatur,
3038 880 3256 939 repente
3300 874 3474 942 prodit
3517 890 3762 945 sponsus;

2205 955 2296 1025 qui
2327 971 2536 1011 comam
2564 957 2794 1017 vellebat
2813 1000 2829 1027 ,
2855 974 3066 1014 rursum
3110 963 3298 1017 eodem
3337 965 3508 1035 capite
3533 981 3766 1023 coronam

2203 1055 2420 1116 gestat:
2458 1049 2700 1118 dejectua
2739 1064 2803 1105 ac
2844 1065 3110 1118 moerens,
3159 1063 3214 1108 et
3253 1056 3340 1126 qui
3387 1071 3530 1127 saepe
3575 1059 3766 1127 plorans

2206 1142 2344 1212 apud
2373 1157 2467 1196 eos
2493 1143 2581 1213 qui
2614 1158 2673 1198 se
2702 1146 3111 1201 consolarentur
3137 1147 3397 1204 defuncta:
3424 1149 3608 1206 laudes
3637 1168 3768 1207 usur-

2207 1237 2385 1303 pavit,
2417 1250 2478 1290 ac
2507 1237 2668 1291 vitam
2710 1237 2813 1292 sibi
2839 1239 3049 1294 vitalem
3079 1242 3318 1310 negavit,
3355 1243 3524 1314 iisque
3552 1247 3640 1314 qui
3670 1260 3721 1300 se
3743 1262 3768 1300 ει

2206 1326 2453 1381 lamentis
2482 1326 2809 1384 abducerent
2837 1331 3161 1398 succensuit,
3193 1333 3504 1404 plerumque
3526 1326 3669 1392 inter
3689 1353 3768 1391 eos

2204 1416 2350 1487 ipsos
2378 1419 2570 1473 iterum
2614 1421 2844 1475 comitur
2884 1437 2948 1477 ac
2991 1423 3227 1490 renidet,
3277 1435 3331 1480 et
3371 1427 3543 1482 oculis
3583 1429 3766 1497 pridem

2202 1508 2641 1581 Iacrymantibus,
2667 1513 2854 1568 iisdem
2884 1514 3064 1570 ridens
3082 1530 3175 1571 eos
3201 1517 3454 1584 intuetur,
3477 1535 3540 1574 ac
3560 1537 3666 1591 quo
3689 1537 3768 1578 ore

2202 1609 2394 1655 cuneta
2423 1601 2537 1657 hac
2560 1605 2711 1672 paulo
2732 1613 2856 1659 ante
2882 1606 3177 1675 abjurahat,
3202 1623 3265 1663 eo
3288 1625 3426 1665 nunc
3449 1612 3768 1668 abblanditur

2203 1705 2269 1747 ac
2315 1694 2512 1748 salutat
2563 1709 2770 1752 omnes.
2819 1697 3068 1752 Omnium
3115 1715 3241 1754 vero
3293 1702 3658 1758 tristissimum
3699 1714 3770 1760 est

2208 1784 2404 1840 bellum
2455 1787 2635 1843 liberis
2675 1798 2911 1843 creatum
2936 1832 2952 1856 ,
2996 1791 3203 1846 filiabus
3244 1793 3533 1850 domestica
3579 1797 3766 1862 learns;

2209 1891 2332 1931 nam
2360 1876 2411 1932 id
2439 1880 2656 1934 omnino
2685 1891 2768 1936 est
2797 1897 3044 1938 noverca.
3074 1884 3206 1939 llinc
3234 1887 3599 1956 quotidianum
3629 1891 3770 1945 dissi-

2200 1965 2346 2021 dium
2372 1976 2533 2038 atque
2569 1985 2738 2039 pugna
2764 1985 2780 2035 ;
2814 1971 2938 2026 hinc
2964 1972 3210 2030 inusitata
3240 1987 3292 2029 et
3322 1975 3560 2032 insolens
3589 1979 3769 2034 adver-

2199 2073 2290 2114 sus
2333 2060 2605 2116 innoxiam
2644 2064 2990 2118 concertatio.
3035 2063 3166 2119 Nam
3205 2067 3310 2121 vivi
3352 2071 3406 2122 et
3449 2069 3689 2126 invident
3724 2082 3770 2125 ct

2199 2149 2540 2216 invidentur;
2567 2167 2688 2208 cum
2709 2154 2934 2209 mortuis
2953 2155 3112 2210 etiam
3139 2157 3322 2213 hostes
3349 2161 3766 2216 reconciliantur.

2199 2244 2269 2296 At
2312 2257 2418 2298 non
2463 2243 2585 2310 hic,
2634 2246 2729 2301 sed
2774 2247 3048 2316 pulverem
3093 2259 3252 2319 atque
3299 2251 3532 2307 cinerem
3584 2253 3770 2309 invidia

2199 2333 2368 2402 petit;
2412 2335 2594 2390 odium
2626 2337 2679 2390 in
2707 2337 2976 2394 defossam
3007 2341 3210 2410 ingens,
3250 2344 3624 2414 contumeliae,
3649 2361 3771 2401 con-

2196 2425 2367 2493 vicia,
2410 2428 2777 2484 accusationes
2820 2430 2868 2484 ei
2908 2446 3024 2500 qua:
3064 2433 3115 2486 in
3160 2443 3352 2489 terram
3391 2435 3653 2491 dissoluta
3690 2440 3768 2502 sit,

2201 2517 2563 2587 implacabiles
2607 2520 2896 2576 inimicitia:
2940 2537 3061 2576 cum
3110 2540 3173 2579 ea
3218 2541 3337 2594 qua:
3379 2526 3510 2581 nihil
3557 2529 3767 2584 laeserit.

2197 2610 2334 2678 Quid
2369 2613 2600 2668 amentia
2633 2613 2732 2670 hac
2755 2625 2810 2670 et
2848 2615 3091 2673 barbarie
3119 2617 3354 2676 fasdius?
3397 2621 3595 2691 Injuria
3625 2640 3655 2678 a
3682 2624 3771 2680 de-

2199 2700 2376 2756 functa
2411 2717 2518 2757 non
2549 2704 2735 2760 aﬂ‘ecta
2770 2725 2782 2759 :
2815 2707 2942 2776 quid
2981 2707 3122 2773 dico,
3169 2710 3358 2780 injuria
3396 2710 3630 2769 all‘ecta?
3675 2716 3774 2770 imo

2193 2809 2325 2850 vero
2349 2798 2466 2866 ejus
2494 2795 2763 2854 laboribus
2793 2798 2975 2854 fruens
3013 2815 3075 2854 ac
3103 2801 3257 2856 bouis
3275 2805 3534 2873 gaudens,
3564 2821 3690 2860 cum
3717 2822 3771 2861 ea

2195 2885 2340 2941 velut
2385 2900 2504 2941 cum
2549 2889 2733 2942 umbra
2775 2889 3117 2960 helligerandi
3165 2891 3325 2946 linem
3357 2894 3560 2949 nullum
3607 2896 3768 2952 facit:

2193 2987 2248 3033 et
2277 2993 2394 3033 eam
2431 2993 2550 3050 quae
2579 2995 2636 3035 se
2677 2981 2810 3036 nihil
2854 2981 3088 3050 Ite-serit,
3138 2998 3281 3054 saepe
3319 2986 3479 3040 etiam
3530 2988 3639 3042 sibi
3683 3004 3772 3044 nec

2191 3082 2564 3142 conspectam,
2597 3073 2820 3128 millein
2848 3073 2963 3129 dies
2989 3075 3284 3132 maledictis
3323 3078 3576 3144 lacessit;
3619 3090 3772 3152 atque

2190 3180 2311 3221 eam
2337 3181 2455 3236 quae
2497 3182 2602 3222 non
2632 3168 2878 3233 exsistit,
2925 3170 2978 3223 in
3023 3171 3175 3240 prole
3212 3172 3330 3243 ejus
3357 3174 3671 3243 ulciscitur;
3715 3192 3771 3232 ac

2189 3265 2379 3312 contra
2405 3271 2523 3312 eam
2553 3258 2726 3312 virum
2753 3267 2944 3324 armat,
2977 3261 3062 3316 ubi
3100 3261 3214 3330 ipsa
3251 3262 3385 3317 nihil
3415 3266 3645 3334 perlicit.
3678 3269 3771 3321 At-

2188 3364 2294 3418 que
2336 3349 2452 3405 htec
2499 3359 2675 3406 tamen
2721 3351 3024 3408 hominibus
3067 3353 3238 3408 facilia
3278 3363 3433 3424 atque
3474 3357 3769 3412 tolerabilia

2187 3448 2311 3494 sunt
2335 3441 2449 3496 visa
2473 3483 2487 3506 ,
2520 3442 2680 3497 modo
2706 3459 2773 3498 ne
2813 3444 3044 3498 libidinis
3084 3446 3415 3516 tyrannidem
3442 3447 3583 3504 ferre
3606 3466 3764 3520 coge-

2187 3541 2394 3589 rentur.
2421 3536 2490 3589 At
2525 3549 2627 3590 non
2660 3537 2808 3608 virgo
2841 3538 2907 3592 ad
2947 3538 3089 3593 hunc
3126 3539 3427 3594 conflictum
3467 3543 3766 3612 trepidavit,

2188 3640 2286 3681 nec
2310 3627 2553 3696 prtulium
2579 3627 2893 3694 declinavit,
2925 3630 3065 3700 quod
3095 3631 3252 3701 vulgo
3277 3632 3410 3688 adeo
3435 3634 3769 3692 intolerabile

2185 3718 2450 3786 videatur,
2479 3720 2572 3775 sed
2599 3720 2807 3778 fortiter
2833 3723 3088 3778 resistens
3109 3733 3313 3780 natura:
3337 3725 3590 3781 insultum
3611 3729 3769 3784 susti-

2185 3812 2320 3867 nuit.
2362 3813 2493 3881 Quis
2533 3814 2692 3883 igitur
2715 3830 2832 3871 eam
2862 3833 2960 3886 pro
3004 3819 3194 3873 merito
3235 3821 3522 3890 suspiciat,
3554 3821 3768 3891 quando

2183 3905 2275 3960 alii
2301 3907 2462 3960 etiam
2493 3906 2673 3962 alteris
2724 3909 2922 3978 nuptiis
2951 3924 3086 3979 opus
3115 3910 3347 3979 habent,
3395 3927 3462 3968 ne
3501 3925 3765 3979 urantur;

2184 3996 2300 4051 inec
2330 4012 2502 4067 neque
2539 3999 2658 4053 unis
2687 4002 2976 4056 contractis
3015 4014 3272 4073 perpetuo
3311 4015 3492 4060 sancta
3519 4014 3574 4061 et
3600 4007 3767 4063 illaesa

2183 4088 2307 4141 est?
2362 4087 2588 4158 Propter
2635 4089 2750 4145 haec
2799 4100 2852 4146 et
2904 4092 2958 4147 in
3008 4093 3192 4164 primis
3241 4103 3457 4165 propter
3498 4100 3769 4168 repositos

2187 4179 2427 4235 viduitati
2470 4181 2523 4235 in
2575 4183 2721 4237 caelis
2765 4183 3080 4252 thesauros,
3125 4186 3216 4258 qui
3259 4189 3562 4258 loquentem
3609 4191 3667 4245 in
3712 4207 3767 4246 se

2181 4270 2450 4326 Christum
2492 4273 2748 4342 haberet,
2785 4274 3041 4332 dicebat:
3081 4278 3281 4334 Bonum
3323 4290 3396 4334 est
3436 4281 3574 4347 illis,
3607 4285 3657 4337 si
3698 4285 3769 4339 sic

2183 4374 2542 4433 permaneant,
2576 4365 2704 4420 sicut
2747 4376 2796 4420 et
2837 4384 2948 4438 ego.
2999 4368 3115 4423 Non
3162 4371 3376 4440 potuisti
3404 4373 3469 4427 ad
3495 4388 3765 4431 summum

2183 4457 2402 4528 gradum
2434 4460 2796 4516 conscendere
2832 4478 2846 4516 :
2890 4471 2946 4518 at
2985 4465 3224 4533 proximo
3264 4482 3331 4521 ne
3369 4468 3605 4524 excidiis.
3654 4469 3768 4525 Hoc

2181 4553 2298 4607 solo
2323 4553 2470 4623 virgo
2512 4554 2604 4609 tibi
2647 4563 2883 4624 praestet,
2925 4557 3068 4627 quod
3110 4558 3250 4612 illam
3289 4558 3450 4614 libido
3490 4575 3562 4614 ne
3595 4565 3766 4618 semel

2181 4645 2396 4716 quidem
2420 4649 2774 4716 expugnavit,
2804 4658 2856 4704 te
2881 4649 3026 4719 prius
3053 4658 3351 4720 superatam
3378 4662 3642 4721 perpetuo
3670 4656 3768 4710 sub

2177 4741 2307 4811 jugo
2338 4751 2520 4796 tenere
2564 4743 2898 4812 nequiverit;
2941 4758 3002 4798 ac
3039 4755 3095 4798 tu
3139 4745 3350 4813 quidem
3391 4746 3525 4800 victa
3565 4747 3765 4811 vicisti,

2181 4835 2269 4889 illa
2311 4835 2586 4890 victoriam
2633 4837 2784 4891 clade
2833 4852 3017 4905 puram
3061 4837 3257 4903 habet,
3298 4854 3362 4894 ac
3399 4850 3572 4896 tecum
3620 4845 3767 4898 exitu

2180 4925 2461 4994 conjuncta
2497 4927 2755 4998 principio
2786 4929 2957 4982 solum
2989 4939 3224 5000 superat.

2252 5016 2538 5072 XXXVIII.
2586 5017 2689 5072 Cur
2743 5019 3036 5090 conjugibus
3091 5037 3275 5092 magna
3301 5022 3525 5088 solatia,
3581 5026 3769 5098 virgini

2181 5109 2326 5163 nulla
2371 5109 2634 5164 concedat.
2665 5141 2733 5150 --
2777 5111 2938 5180 Igitur
2976 5113 3231 5183 conjuges
3276 5113 3563 5169 admodum
3613 5133 3768 5172 com-

2180 5200 2338 5256 mode
2386 5208 2594 5267 tractat,
2640 5201 2730 5271 qui
2790 5216 2893 5256 nec
2944 5204 3114 5258 altero
3168 5205 3377 5260 volente
3432 5221 3526 5260 eos
3581 5220 3768 5264 mutua

2179 5294 2563 5350 consuetudine
2622 5293 2932 5361 defraudet,
2995 5310 3096 5350 nec
3153 5295 3618 5353 defraudationem
3705 5318 3769 5356 ex

2179 5399 2443 5440 consensu
2484 5385 2693 5456 longius
2736 5385 3029 5454 producat:
3062 5388 3190 5457 quin
3217 5389 3412 5443 alteras
3453 5391 3616 5445 etiam
3665 5410 3770 5447 nu-

2181 5480 2317 5550 ptias
2343 5478 2634 5550 permittit,
2664 5480 2707 5532 si
2734 5479 2929 5545 velint,
2974 5496 3042 5535 ne
3087 5491 3329 5536 urantur.
3358 5483 3428 5537 At
3466 5484 3767 5555 virginibus

2180 5573 2384 5627 nullum
2440 5569 2744 5641 hujusmodi
2795 5571 3042 5627 solatium
3073 5573 3274 5642 praebet
3305 5613 3321 5640 ,
3353 5572 3449 5629 sed
3492 5574 3613 5630 illos
3643 5587 3769 5632 tan~

2180 5668 2347 5739 tisper
2382 5679 2650 5728 recreatos
2692 5673 2884 5728 iterum
2909 5673 3126 5729 dimittit
3154 5693 3167 5728 :
3198 5675 3333 5729 hanc
3360 5689 3456 5730 nec
3481 5676 3769 5731 minimum

2179 5761 2562 5831 respirantem,
2595 5765 2686 5825 sed
2715 5766 2926 5821 assidue
2953 5782 3270 5838 pugnantem
3293 5809 3307 5832 ,
3337 5776 3462 5822 stnrt
3502 5779 3772 5838 perpetuo

2187 5860 2330 5910 stare
2355 5895 2370 5923 ,
2416 5869 2479 5911 ac
2521 5856 2900 5929 cupiditatibus
2926 5858 3106 5930 impoti
3131 5901 3147 5931 ,
3179 5874 3278 5917 nec
3302 5859 3384 5917 vel
3413 5859 3634 5916 tantillis
3683 5862 3773 5933 in-
