3844 6250
470 351 570 410 561
1181 339 1242 396 S.
1278 335 1564 396 JOANMS
1600 330 2081 400 CBRYSOSTOMI

469 463 848 539 παραμυθίαν,
878 460 1016 518 ἀλλά
1039 462 1167 525 τοὺς
1200 461 1300 531 μὲν
1328 461 1421 514 ἐπὶ
1455 458 1711 514 τοσοῦτον
1736 453 2074 539 ἀναπαύσαςί

667 518 874 618 ἀνίησί,
899 546 998 616 τὴν
1028 545 1086 598 δέ
1115 518 1238 598 οὐ·έέ
1269 543 1468 616 μικρὸν
1502 540 1898 603 ἀναπνέουσαν,
1927 518 2076 591 me?

471 634 540 687 δι’
569 633 692 686 ὅλου
745 630 1066 702 μαχομένην
1100 627 1324 699 ἀφίησιν
1371 627 1593 681 ἑστάναι
1635 621 1922 695 διηνεκῶς,
1969 620 2067 673 καὶ

477 715 766 788 βάλλεσθαι
799 712 903 766 ὑπὸ
935 711 1045 764 τῶν
1088 709 1419 780 ἐπιθυμιῶν,
1445 710 1539 762 καὶ
1571 707 1694 760 οὐδέ
1737 705 1938 776 μικρᾶς
1965 702 2067 788 αὐ-

474 781 574 871 τὴν
594 794 854 852 λαϐέσθαι
878 795 1092 848 δίδωσιν
1125 793 1439 864 ἀνακωχῆς.
1472 790 1571 846 Διά
1597 791 1650 843 τί
1675 789 1786 859 γὰρ
1818 789 1920 841 οὐκ
1946 781 2069 839 εἶπε

477 884 572 936 καὶ
617 881 755 952 πρὸς
801 879 1095 949 αὐτήν·Εἰ
1139 876 1208 929 δὲ
1255 879 1367 930 οὐκ
1407 873 1845 943 ἐγκρατεύεται,
1876 886 2067 940 γαμη-

477 965 673 1028 σάτω;
714 964 841 1016 Ὀτι
886 960 1011 1014 οὐδέ
1053 961 1191 1031 πρὸς
1233 959 1328 1013 τὸν
1371 958 1613 1029 ἀθλητὴν
1662 955 1808 1009 εἴποι
1857 970 1944 1018 τις
1999 952 2068 1007 ἂν

479 1049 619 1121 μετὰ
645 1047 706 1101 τὸ
737 1045 890 1119 ῥίψαι
917 1044 979 1098 τὸ
1013 1044 1249 1114 ἱμάτιον,
1283 1043 1378 1097 καὶ
1404 1041 1753 1112 ἀλείψασθαι,
1776 1039 1873 1094 καὶ
1905 1038 1985 1100 εἰς
2007 1037 2068 1090 τὸ

480 1133 695 1188 στάδιον
748 1129 1034 1193 εἰσελθεῖν,
1080 1130 1176 1182 καὶ
1235 1125 1690 1181 καταπάσσεσθαι
1741 1123 1843 1194 τὴν
1894 1121 2066 1185 κόνιν,

490 1215 808 1287 ’Δπόστηθι,
841 1213 938 1266 καὶ
957 1212 1096 1282 φύγε
1116 1211 1206 1265 τὸν
1246 1211 1657 1280 ἀνταγωνιστήν
1677 1222 1691 1237 ·
1715 1206 1831 1261 ἀλλ’
1855 1206 2068 1274 ἀνάγκη

478 1299 666 1355 λοιπὸν
708 1298 856 1352 δυοῖν
905 1295 1169 1366 θάτερον,
1203 1295 1236 1364 ἢ
1279 1291 1719 1363 στεφανωθέντα,
1756 1291 1790 1361 ἢ
1834 1288 2072 1343 πεσόντα

481 1385 577 1438 καὶ
615 1379 1078 1452 καταισχυνθέντα
1131 1375 1411 1431 ἀπελθεῖν.
1457 1377 1547 1428 Ἐν
1591 1371 1930 1444 παιδοτρίϐῳ
1972 1372 2070 1441 μὲν

480 1466 590 1539 γάρ
629 1465 724 1519 καὶ
750 1463 1082 1534 παλαίστρᾳ,
1113 1461 1247 1514 ὅπου
1308 1460 1446 1530 πρὸς
1472 1460 1599 1520 τοὺς
1648 1457 1883 1519 οἰκείους
1915 1457 1948 1526 ἡ
1975 1471 2072 1523 γυ-

485 1551 705 1623 μνασία,
743 1550 836 1602 καὶ
868 1550 980 1610 τοῖς
1000 1547 1172 1617 φίλοις
1199 1543 1346 1616 [298]
1377 1544 1451 1607 ὡς
1468 1541 1730 1605 ἐναντίοις
1761 1539 2086 1622 συμπλέκεη

480 1652 592 1698 ται,
624 1635 719 1688 καὶ
766 1632 860 1686 τοῦ
903 1634 1083 1684 πονεῖν
1131 1628 1340 1682 καὶτοῦ
1383 1626 1458 1699 μὴ
1505 1629 1690 1682 πονεῖν
1743 1623 1908 1688 αὐτός
1951 1625 2068 1676 ἐστι

483 1717 699 1791 κύριος·
739 1718 869 1770 ὅταν
915 1715 972 1768 δέ
1003 1711 1413 1784 ἀπογράψηται,
1449 1711 1546 1765 καὶ
1580 1711 1811 1780 συλλεγῇ
1855 1707 1915 1761 τὺ
1943 1706 2073 1761 θέα-

481 1819 628 1874 τρον,
674 1800 769 1854 καὶ
807 1799 836 1851 ό
871 1795 1216 1866 ἀγωνοθέτης
1255 1799 1439 1867 παρῇ,
1479 1797 1574 1848 καὶ
1612 1796 1661 1848 οἱ
1703 1792 1894 1846 θεαταὶ
1942 1791 2068 1844 καθ’

482 1883 732 1948 έζωνται,
767 1882 861 1936 καὶ
889 1881 1178 1951 εἰσάγηται
1209 1882 1238 1932 ὁ
1268 1878 1680 1949 ἀνταγωνιστὴς
1712 1877 1808 1930 καὶ
1846 1877 2075 1929 ἀντιπα-

481 1968 835 2040 ρατάττηται,
865 1965 965 2036 τὴν
993 1964 1245 2031 ἐξουσίαν
1276 1961 1440 2016 αὐτὸν
1475 1964 1504 2015 ὁ
1536 1960 1646 2014 τῶν
1670 1960 1900 2029 ἀγώνων
1935 1975 2078 2029 παρ-

487 2052 890 2129 ῄρηταινόμος.
931 2050 1042 2102 Kal
1087 2050 1156 2118 τῇ
1202 2045 1460 2116 παρθένῳ
1495 2045 1678 2129 τοίνυν
1726 2045 1833 2107 ἐως
1879 2043 1977 2114 μὲν
2010 2041 2075 2096 ἂν

486 2128 797 2210 βουλεύοιτο
836 2134 1102 2206 πρότερον
1159 2133 1207 2184 εἰ
1258 2131 1368 2184 δέοι
1407 2132 1607 2200 γαμεῖν
1637 2128 1673 2200 ἢ
1731 2129 1806 2200 μὴ
1857 2129 2076 2197 γαμεῖν,

484 2222 769 2284 ἀκίνδυνος
801 2221 830 2274 ὁ
858 2219 1056 2289 γάμος,
1093 2215 1315 2269 ἐπειδὰν
1356 2213 1415 2268 δέ
1449 2213 1639 2283 ἐληται
1686 2214 1781 2266 καὶ
1827 2211 2077 2280 ἀπογρά-

483 2310 676 2380 ψηται,
733 2305 1028 2374 εἰσήγαγεν
1079 2299 1280 2371 ἑαυτὴν
1319 2300 1400 2362 εἰς
1441 2297 1506 2351 τὸ
1555 2296 1790 2352 στάδιον.
1843 2294 1939 2360 Τίς
1987 2290 2079 2349 οῦν

485 2393 766 2464 τολμήσει,
794 2388 890 2442 τοῦ
924 2386 1154 2458 θεάτρου
1183 2381 1656 2455 συγκροτουμένου
1695 2382 1791 2436 καὶ
1821 2379 2083 2453 θεωρούν.

485 2495 596 2531 των
641 2476 740 2548 μέν
789 2471 1000 2528 ἀνωθεν
1045 2470 1317 2540 ἀγγέλων,
1369 2466 1840 2536 ἀγωνοθετοῦντος
1883 2465 1941 2518 δέ
1985 2464 2078 2518 τοῦ

485 2559 745 2631 Χριστοῦ,
781 2555 1108 2630 μαινομένου
1136 2553 1194 2608 δέ
1223 2552 1316 2607 τοῦ
1346 2551 1594 2606 διαϐόλου
1636 2551 1730 2604 καὶ
1759 2552 2080 2624 τρίζοντοςιι

487 2646 583 2700 καὶ
611 2640 1062 2716 συμπλεκομένου
1098 2637 1236 2711 πρὸς
1263 2637 1364 2709 τὴν
1396 2637 1578 2707 πάλην
1617 2637 1713 2690 καὶ
1750 2635 1919 2708 μέσου
1946 2653 2081 2690 κατ-

484 2727 788 2801 εχομένου,
848 2722 1134 2795 παρελθὼν
1185 2723 1266 2786 εἰς
1316 2723 1482 2791 μέσον
1529 2721 1738 2773 εἰπεῖν·
1795 2719 1942 2788 Φύγε
1990 2719 2084 2774 τὸν

483 2812 702 2885 ἐχθρὸν,
745 2810 896 2874 ἔνδος
929 2810 1044 2872 τοῖς
1083 2807 1290 2869 πόνοις,
1328 2803 1599 2875 ἀπόστηθι
1637 2803 1738 2876 τῆς
1776 2803 1973 2873 λαϐῆς,
2007 2805 2082 2875 μὴ

484 2894 802 2968 καταϐάλῃς
830 2892 965 2965 μηδέ
995 2888 1364 2960 ὑποσκελίσῃς
1383 2887 1474 2941 τὸν
1497 2885 1928 2958 ἀνταγωνιστὴν,
1947 2885 2086 2940 ἀλλά

485 2978 810 3053 παραχώρει
853 2977 953 3046 τῆς
993 2976 1152 3044 νίκης
1190 2971 1375 3042 αὐτῷ;
1417 2970 1530 3024 Kal
1555 2970 1610 3023 τί
1649 2969 1793 3038 λέγω
1821 2970 1958 3040 πρὸς
1986 2969 2101 3034 τὰς’

488 3064 829 3134 παρθένους;
875 3059 1012 3132 πρὸς
1061 3056 1164 3120 τὰς
1209 3057 1387 3127 χήρας
1426 3054 1528 3107 οὐκ
1571 3054 1636 3108 ἀν
1669 3071 1755 3117 τις
1795 3053 2084 3126 τολμήσειε

485 3147 693 3218 ταύτην
730 3145 892 3216 ῥῆξαι
931 3141 1030 3212 τὴν
1074 3140 1280 3210 φωνὴν,
1320 3136 1436 3193 ἀλλ’
1467 3137 1590 3190 ἀντὶ
1632 3135 1836 3208 ταύτης
1871 3137 2094 3218 ἐκείνην.

488 3231 586 3304 τὴν
645 3229 883 3301 φοϐεράν
911 3269 926 3293 ,
985 3227 1069 3279 ὅτι
1131 3223 1274 3276 Ἐὰν
1343 3221 1912 3304 καταστρηνιάσωσι
1975 3221 2084 3276 τοῦ

489 3303 770 3385 Χριστοῦ,
803 3311 902 3366 καὶ
932 3307 1198 3381 γαμῆσαι
1232 3305 1561 3374 θελήσωσι,
1597 3303 1777 3374 κρῖμα
1809 3304 2080 3371 ἕξουσιν,

489 3399 580 3454 ὅτι
613 3398 729 3466 τὴν
757 3395 997 3465 πρώτην
1025 3393 1234 3446 πίστιν
1261 3388 1586 3459 ἠθέτησαν.

563 3482 688 3536 ΛΘ.
717 3481 827 3534 Kal
861 3478 965 3550 μὴν
995 3476 1158 3539 αὐτός
1175 3491 1363 3546 φησιν,
1387 3474 1468 3527 ὅτι
1491 3470 1656 3542 Λέγω
1684 3470 1809 3538 τοῖς
1835 3470 2084 3542 ἀγάμοις

490 3567 587 3622 καὶ
613 3564 742 3631 ταῖς
765 3561 999 3634 χήραις,
1026 3559 1232 3615 Καλὸν
1257 3555 1462 3623 αὐτοῖς
1483 3557 1655 3610 ἐστιν
1671 3555 1782 3610 ἐὰν
1794 3556 2084 3625 μείνωσιν

489 3652 571 3717 ὡς
592 3647 770 3720 κάγώ·
794 3649 844 3701 εἰ
867 3645 936 3699 δὲ
965 3646 1079 3699 οὐκ
1106 3641 1590 3713 ἐγκρατεύονται,
1616 3638 2080 3710 γαμησάτωσαν.

491 3735 601 3788 Kal
631 3732 792 3788 πάλιν
816 3747 830 3761 ·
868 3729 1010 3783 Ἐὰν
1035 3723 1290 3796 κοιμηθῇ
1317 3728 1348 3779 ὀ
1369 3724 1526 3792 ἀνὴρ
1557 3723 1769 3791 αὐτῆς.
1799 3723 2086 3791 ἐλευθέρα

488 3818 661 3874 ἐστὶν
687 3815 734 3883 ᾧ
763 3816 922 3872 θέλει
966 3810 1326 3884 γαμηθῆναι,
1355 3811 1549 3879 μόνον
1594 3808 1665 3861 ἐν
1701 3807 1914 3874 Κυρίῳ.
1962 3807 2087 3872 Πῶς

489 3899 582 3957 οὖν
620 3903 687 3972 ἢν
725 3900 950 3971 ἀφίησιν
982 3896 1276 3966 ἐλευθέραν
1309 3894 1476 3948 πάλιν
1510 3892 1751 3956 κολάζει,
1795 3891 1890 3944 καὶ
1929 3890 1987 3943 ὃν
2027 3893 2086 3944 ἐν

491 3985 683 4056 Κυρίῳ
713 3983 876 4053 φησὶν
903 3979 1043 4034 εἶναι
1083 3980 1283 4050 γάμον,
1320 3978 1508 4032 τοῦτον
1535 3978 1610 4041 ώς
1638 3976 1973 4046 παρανόμως
1998 3993 2085 4044 γι-

493 4069 717 4139 νόμενον
747 4065 1101 4134 κατακρίνει;
1141 4064 1233 4134 Μὴ
1279 4061 1484 4133 δείσῃς,
1517 4061 1576 4114 οὐ
1620 4060 1714 4113 τὸν
1751 4059 1932 4124 αὐτὸν,
1967 4059 2082 4112 ἀλλ’

493 4151 698 4224 ἕτερον.
726 4150 938 4219 Ὥσπερ
965 4146 1074 4218 γὰρ
1108 4146 1304 4214 λέγων,
1349 4145 1485 4196 Ἐὰν
1523 4143 1679 4213 γήμῃ
1706 4143 1743 4211 ὴ
1764 4143 2082 4212 παρθένος,

495 4238 610 4306 οὐχ
649 4234 932 4302 ἥμαρτεν,
967 4231 1028 4284 οὐ
1063 4229 1192 4301 περὶ
1227 4229 1325 4299 τῆς
1366 4226 1788 4297 ἀποταξαμένης
1813 4227 1889 4296 τῷ
1921 4229 2084 4296 γάμῳ

497 4318 631 4392 φησί
654 4335 668 4351 ’
699 4317 855 4388 δῆλον
885 4314 995 4385 γάρ
1033 4313 1237 4366 ἅπασιν
1269 4313 1349 4365 ὅτι
1377 4311 1516 4382 αὑτὴ
1546 4311 1760 4381 ἦμαρτε
1790 4310 1882 4362 καὶ
1907 4310 2084 4380 ἀμαρο

497 4404 616 4458 τίαν
643 4402 912 4473 ἀφόρητον
932 4417 946 4430 ·
981 4397 1119 4451 ἀλλά
1154 4395 1407 4467 περὶτῆς
1450 4393 1826 4466 ἀπειρογάμου
1860 4394 1958 4465 μὲν
1980 4393 2080 4454 ἔτι,

494 4488 649 4544 οὔπω
684 4487 740 4539 δὲ
781 4483 901 4538 οὐδέ
937 4482 1099 4537 τοῦτο
1150 4481 1270 4533 οὐδὲ
1317 4482 1494 4533 ἐκεῖνο
1529 4478 1938 4550 ψηφισαμένης,
1970 4478 2083 4532 ἀλλ’

496 4576 555 4628 ὲν
585 4569 893 4643 μεταιχμίῳ
931 4566 1138 4620 τούτων
1165 4564 1443 4636 ἑκατέρων
1477 4562 1746 4634 μενούσης
1787 4563 1896 4616 τῶν
1939 4563 2084 4632 λογι-

500 4656 684 4728 σμῶν·
729 4653 870 4707 οὓτω
898 4653 991 4706 καὶ
1017 4653 1192 4722 χήραν
1236 4648 1472 4702 ἐνταῦθα
1508 4648 1606 4719 μὲν
1645 4651 1745 4718 τὴν
1781 4647 1968 4712 ἁπλῶς
1991 4649 2092 4701 οὐκ

501 4743 735 4812 ἔχουσαν
770 4738 943 4809 ἀνδρα
977 4739 1166 4808 φησὶν,
1206 4733 1360 4787 οὐπω
1407 4733 1466 4786 δέ
1504 4733 1600 4786 καὶ
1636 4735 1704 4804 τῇ
1744 4733 1844 4802 τῆς
1885 4733 2092 4796 οἰκείας

499 4825 875 4897 προαιρέσεως
924 4823 1092 4893 ψήφῳ
1145 4817 1607 4891 προσδεδεμένην,
1651 4817 1766 4870 ἀλλ’
1800 4815 2092 4888 ἐλευθέραν

498 4907 665 4965 οὖσαν
699 4908 794 4961 καὶ
825 4905 988 4960 τοῦτο
1017 4904 1238 4958 ἑλέσθαι
1273 4904 1516 4956 κάκεῖνο·
1543 4903 1661 4954 ἐκεῖ
1690 4901 1747 4954 δὲ
1781 4901 1879 4972 τὴν
1911 4901 2093 4954 οὐκέτι

499 4995 697 5068 κυρίαν
729 4988 894 5047 οὖσαν
939 4990 1112 5061 ἐτέρῳ
1167 4987 1329 5040 πάλιν
1384 4986 1645 5056 ὁμιλῆσαι
1700 4985 1937 5056 νυμφίῳ,
1979 4984 2092 5038 ἀλλ’

500 5083 578 5144 εἰς
643 5077 770 5140 τοὺς
839 5078 941 5146 τῆς
1021 5072 1350 5144 ἐγκρατείας
1422 5069 1793 5140 ἐμϐεϐηκυῖαν
1855 5068 2090 5136 ἀγῶνας.

504 5164 660 5216 Ἔστι
716 5162 826 5232 γάρ
871 5159 966 5213 καὶ
1029 5159 1202 5229 χήραν
1268 5152 1444 5218 εἶναι,
1489 5155 1584 5208 καὶ
1640 5155 1713 5224 μὴ
1764 5153 2096 5208 κατατάττε..

501 5246 628 5302 σθαι
655 5249 734 5308 εἰς
762 5247 822 5298 τὸ
843 5245 952 5297 τῶν
976 5243 1160 5314 χηρῶν
1193 5242 1434 5310 ἀξίωμα,
1455 5240 1584 5291 ὃταν
1623 5237 1848 5308 μηδέπω
1935 5238 2094 5292 τοῦτο

501 5329 935 5399 καταδεξαμένη.
977 5328 1070 5381 Διὸ
1103 5329 1198 5380 καὶ
1235 5325 1396 5387 αὐτός
1437 5338 1600 5394 φησι·
1629 5321 1792 5390 Χήρα
1839 5330 2088 5377 καταλεα

504 5413 699 5484 γέσθω
722 5412 810 5482 μὴ
840 5412 1096 5466 ἔλαττον
1118 5409 1270 5463 ἐτῶν
1290 5407 1590 5475 ἑξήκοντα
1628 5406 1925 5476 γεγονυῖα,
1955 5407 2083 5472 ἐνὸς

501 5497 723 5565 ἀνδρὸς
764 5495 918 5567 γυνή
937 5497 984 5548 ὶι.
1012 5497 1123 5565 Ἰὴν
1173 5494 1270 5564 μὲν
1301 5493 1408 5563 γάρ
1454 5489 1640 5552 ἁπλῶς
1685 5492 1857 5561 χήραν
1900 5491 2093 5561 ἀφίησι

502 5585 724 5654 γαμεῖν,
753 5583 801 5635 εἰ
836 5580 1076 5652 βούλοιτο
1097 5597 1108 5608 ·
1144 5579 1243 5648 τὴν
1273 5578 1330 5630 δὲ
1365 5574 1842 5644 ἐπαγγειλαμένην
1871 5574 1950 5643 τῷ
1975 5573 2094 5644 Θεῷ

502 5665 761 5738 χηρεύειν
801 5664 1118 5726 διαπαντὸς,
1160 5659 1276 5714 εἶτα
1322 5658 1688 5728 γαμηθεῖσαν,
1737 5657 2093 5722 καταδικάζει

504 5751 770 5822 σφοδρῶς,
801 5752 888 5805 ὅτι
915 5750 1015 5812 τάς
1044 5747 1180 5816 πρὸς
1209 5746 1297 5798 τὸν
1323 5743 1456 5796 Θεὸν
1488 5741 1762 5814 συνθήκας
1795 5741 2089 5812 ἐπάτησεν.

567 5835 595 5864 ⁸
621 5834 738 5884 Mor.
766 5842 818 5884 el
842 5836 1002 5884 Plant.
1027 5833 1289 5896 τρύζοντος,
1312 5830 1425 5878 Sav.
1461 5828 1716 5891 τρίζοντος,
1758 5826 1882 5888 Reg.
1909 5827 2090 5890 τρίζον-

505 5898 934 5960 τοςτοὺςὸδὸντᾳςα
1234 5953 1246 5960 _
1394 5953 1407 5960 _
1446 5951 1457 5960 ,
1531 5951 1544 5960 .
1585 5951 1606 5960 -
1822 5951 1833 5960 ,
1901 5951 1912 5960 .
1981 5952 1988 5960 .

569 5951 820 6070 ὺὶιιειιὶεε
864 5951 921 6010 Ιυ
943 5957 1055 6010 aliis
1089 5968 1208 6006 vero
1234 5953 1358 6012 hac,
1389 5951 1492 6008 ἰνὸς
1522 5951 1636 6013 ἀνδρ
1667 5967 1690 6006 ς
1725 5951 1861 6012 γυνή,
1885 5951 2089 6000 deside-

506 6034 594 6074 του
623 6035 696 6071 ur.

2167 329 2441 390 RCHIEP.
2481 327 3036 388 CONS'I‘ANTINOP.
3654 328 3754 385 562

2169 453 2244 507 Οὐ
2279 451 2505 514 ταύταις
2555 445 2670 515 οῦν,
2714 449 2830 505 ἀλλ’
2864 450 3108 514 ἐκείναις
3147 449 3347 520 φησίν·
3402 449 3475 504 Εἰ
3529 448 3608 503 δὲ
3653 454 3759 506 οὐκ

2167 537 2647 606 ἐγκρατεύονται,
2683 536 3156 606 γαμησάτωσαν·
3194 535 3465 603 κρεῖττον
3491 534 3611 604 γάρ
3630 534 3758 590 ἐστι

2167 619 2437 691 γαμῆσαι
2470 619 2508 688 ἢ
2549 619 2912 688 πυροῦσθαι.
2954 619 3122 691 Ὁρᾷς
3159 618 3400 687 οὐδαμοῦ
3443 618 3541 674 τ’ὸν
3583 618 3758 690 γάμον

2179 704 2292 759 ‹αθ’
2335 703 2529 757 ἐαυτὸν
2569 702 3009 776 θαυμαζόμενον,
3043 703 3180 758 ἀλλὰ
3215 703 3305 758 διά
3337 703 3438 768 τάς
3473 705 3757 775 πορνείας,

2169 787 2256 841 διά
2289 787 2417 851 τοὺς
2460 787 2826 859 πειρασμούς,
2863 787 2954 842 διὰ
2989 788 3090 860 τὴν
3125 788 3432 856 ἀκρασίαν;
3468 787 3630 840 Ἀνω
3667 789 3760 859 μὲν

2180 873 2277 944 γὰρ
2311 872 2485 927 ταῦτα
2531 871 2747 926 ἅπαντα
2782 873 3018 944 τίθησιν,
3057 869 3292 927 ἐνταῦθα
3331 871 3388 924 δέ
3417 871 3619 942 ἐπειδὴ
3651 873 3761 940 αφά

2168 958 2271 1028 δρα
2307 957 2488 1010 αὐτῶν
2515 957 2800 1028 καθήψατο
2827 960 2936 1021 τοῖς
2965 957 3213 1022 ὀνείδεσι,
3247 959 3486 1029 ῥήμασιν
3513 957 3762 1027 εὐφημο-

2167 1043 2349 1113 τέροις
2381 1042 2547 1097 πάλιν
2572 1043 2633 1096 τὸ
2658 1042 2791 1096 αὐτὸ
2817 1044 3052 1115 πρᾶγμα
3072 1042 3249 1106 καλεῖ,
3275 1042 3620 1113 ἐμπρησμὸν
3641 1042 3762 1094 αὐτὸ

2173 1128 2264 1180 καὶ
2296 1127 2543 1198 πύρωσιν
2577 1127 2880 1197 ὀνομάζων.
2926 1126 3037 1180 Καὶ
3074 1125 3196 1181 οὐδέ
3233 1125 3467 1181 ἐνταῦθα
3499 1127 3761 1196 ἠνέσχετο

2176 1211 2250 1282 μὴ
2284 1210 2495 1282 πλήξας
2527 1210 2618 1264 τὸν
2652 1210 2929 1283 ἀκροατὴν
2975 1211 3292 1283 παρελθεῖν.
3321 1211 3397 1264 Οὐ
3432 1210 3546 1282 γὰρ
3593 1206 3760 1273 εἶπεν,

2177 1296 2235 1350 Εἰ
2259 1297 2313 1350 δέ
2338 1295 2458 1367 βίαν
2485 1295 2608 1349 τινὰ
2644 1296 2948 1367 πάσχουσιν
2994 1295 3098 1348 ὑπὸ
3129 1294 3278 1368 [299]
3310 1296 3406 1366 τῆς
3441 1295 3762 1366 ἐπιθυμίας.

2175 1380 2221 1434 εἰ
2255 1380 2313 1433 δέ
2339 1379 2786 1452 περιτρέπονται,
2822 1383 2868 1433 εί
2891 1380 2947 1433 δὲ
2979 1379 3055 1452 μὴ
3075 1379 3362 1433 δύνανται·
3393 1380 3554 1432 οὐδὲν
3592 1380 3761 1432 τοιοῦ-

2170 1478 2263 1517 τον
2297 1464 2326 1518 ὃ
2375 1464 2485 1518 τῶν
2528 1464 2852 1534 πασχόντων
2895 1464 3013 1517 ἐστὶ
3053 1463 3147 1517 καὶ
3190 1463 3523 1534 συγγνώμης
3581 1464 3762 1528 ἀξίων,

2173 1547 2311 1602 ἀλλά
2341 1548 2428 1614 τί;
2464 1551 2533 1602 Εἰ
2559 1547 2628 1601 δὲ
2656 1551 2766 1602 οὐκ
2799 1548 3285 1618 ἐγκρατεύονται·
3312 1549 3340 1601 ὃ
3364 1548 3473 1601 τῶν
3501 1549 3617 1601 οὐκ
3658 1549 3763 1600 ἐθε-

2172 1630 2374 1686 λόντων
2407 1633 2555 1686 ἐστὶν
2603 1634 2847 1703 ἐνεργεῖν
2891 1631 2981 1685 διὰ
3029 1631 3129 1703 τὴν
3170 1631 3464 1703 ῥαθυμίαν.
3511 1633 3764 1686 Δείκνυσι

2173 1716 2283 1788 γὰρ
2312 1717 2392 1770 ὅτι
2421 1716 2600 1788 κύριοι
2628 1717 2778 1780 ὄντες
2807 1715 2899 1769 τοῦ
2929 1715 3254 1786 πράγματος
3277 1718 3428 1788 παρά
3458 1716 3518 1769 τὸ
3547 1716 3633 1787 μὴ
3660 1717 3766 1785 βού-

2175 1799 2365 1854 λεσθαι
2396 1802 2581 1854 πονεῖν
2627 1799 2728 1852 οὐκ
2778 1798 3056 1854 ἀνύουσιν.
3103 1798 3244 1852 Ἀλλ’
3266 1801 3415 1870 ὅμως
3439 1799 3572 1852 οὐδέ
3605 1798 3766 1863 οὕτως

2176 1885 2374 1949 αὐτοὺς
2401 1882 2642 1951 κολάζει,
2659 1883 2781 1937 οὐδὲ
2807 1883 3075 1955 τιμωρίας
3095 1883 3431 1948 ὑπευθύνους
3460 1887 3638 1947 ποιεῖ,
3666 1886 3765 1938 ἀλλ’

2179 1967 2416 2022 ἐπαίνων
2453 1968 2838 2039 ἀποστερήσας
2869 1967 3054 2039 μόνον,
3087 1967 3250 2039 μέχρι
3276 1968 3370 2022 τοῦ
3409 1969 3500 2022 διά
3525 1971 3651 2022 τῶν
3685 1973 3764 2040 ῥη-

2180 2052 2365 2122 μάτων
2396 2051 2564 2122 ψόγου
2603 2053 2701 2122 τὴν
2740 2051 3081 2122 σφοδρότητα
3127 2052 3534 2116 ἐπιδείκνυται,
3589 2055 3767 2108 παιδο-

2178 2135 2361 2199 ποιίας
2391 2135 2489 2205 μὲν
2537 2133 2775 2206 οὐδαμοῦ
2829 2133 3200 2207 μεμνημένος,
3253 2137 3353 2207 τῆς
3404 2138 3766 2210 εὐπροσώπου

2179 2219 2273 2272 καὶ
2328 2218 2534 2288 σεμνῆς
2581 2217 2760 2281 αἰτίας
2817 2217 2914 2271 τοῦ
2961 2218 3168 2289 γάμου.
3219 2219 3522 2291 πυρώσεως
3571 2222 3636 2274 δὲ
3689 2224 3769 2274 καὶ

2179 2301 2450 2374 ἀκρασίας
2494 2302 2590 2355 καὶ
2632 2303 2892 2373 πορνείας
2936 2303 3032 2356 καὶ
3082 2302 3278 2374 πείρας
3321 2306 3652 2376 σατανικῆς,
3688 2308 3769 2358 καὶ

2182 2385 2324 2458 ὑπὲρ
2351 2384 2446 2438 τοῦ
2475 2385 2650 2439 ταῦτα
2684 2384 2759 2457 μὴ
2789 2386 3037 2454 γίνεσθαι
3063 2387 3126 2439 τὸ
3161 2389 3396 2458 πρᾶγμα
3445 2391 3765 2460 συγχωρῶν.

2181 2471 2292 2526 Kal
2319 2469 2372 2523 τί
2407 2469 2606 2535 τοῦτο;
2648 2469 2842 2540 φησίν·
2890 2469 2998 2534 ἕως
3046 2470 3157 2542 γὰρ
3210 2471 3278 2525 ἂν
3320 2473 3458 2526 αὐτὸ
3499 2474 3774 2544 τιμωρίας

2181 2553 2522 2627 ἀπαλλάττῃ,
2573 2553 2758 2608 πᾶσαν
2807 2553 3162 2622 κατάγνωσιν
3208 2557 3304 2609 καὶ
3357 2556 3541 2610 πάντα
3601 2559 3769 2628 ὀνείδη

2181 2637 2418 2701 εὐκόλως
2447 2638 2702 2708 οῖσομεν·
2741 2637 2902 2707 μόνον
2927 2637 3131 2704 ἐξέστω
3159 2642 3370 2710 τρυφᾷν
3404 2642 3500 2696 καὶ
3530 2644 3772 2714 συνεχῶς

2181 2721 2476 2777 ἀπολαύειν
2525 2721 2842 2792 ἐπιθυμίας.
2875 2720 2940 2774 Τί
2980 2717 3095 2787 οὖν,
3141 2716 3187 2776 ὧ
3231 2723 3496 2793 βέλτιστε,
3535 2729 3614 2781 ἂν
3650 2729 3771 2798 μηᾶ

2182 2808 2394 2880 τρυφᾷν
2435 2804 2566 2877 ἐξῇ,
2610 2803 2914 2875 ὀνειδισμὸν
2965 2807 3374 2878 καρπωσόμεθα
3418 2810 3628 2879 μόνους
3677 2814 3772 2864 Καὶ

2182 2891 2322 2956 πῶς,
2355 2890 2542 2960 φησὶν,
2575 2889 2678 2942 οὐκ
2719 2889 2897 2956 ἔξεστι
2925 2891 3156 2960 τρυφᾷν,
3187 2891 3282 2944 τοῦ
3321 2893 3537 2946 Παύλου
3590 2895 3770 2964 λέγον.

2190 2991 2305 3040 τος·
2351 2977 2419 3028 Εἰ
2465 2973 2534 3028 δὲ
2595 2975 2708 3028 οὐκ
2753 2973 3233 3043 ἐγκρατεύονται,
3289 2977 3770 3046 γαμησάτωσανς

2195 3059 2336 3112 Ἀλλ’
2367 3059 2533 3112 ἄκουε
2556 3057 2652 3112 καὶ
2681 3056 2748 3110 τά
2779 3057 3154 3129 προσκείμενα
3187 3059 3379 3134 τούτῳ.
3420 3063 3681 3134 Ἐμαθες
3707 3066 3770 3116 δτι
3833 3073 3835 3134 λ

2182 3146 2430 3216 κρεῖττον
2466 3142 2529 3196 τὸ
2571 3141 2822 3212 γαμῆσαι
2855 3142 2887 3214 ἢ
2919 3142 3256 3213 πυροῦσθαι·
3287 3147 3538 3214 ἀπεδέξω
3570 3149 3639 3202 τὸ
3666 3151 3768 3220 ἡδὶ.

2181 3229 2453 3302 ἐπῄνεσας
2485 3227 2584 3300 τὴν
2623 3226 2995 3300 συγχώρησιν,
3030 3229 3347 3302 ἐθαύμασας
3376 3234 3476 3305 τῆς
3505 3252 3771 3305 συγκατα-

2182 3314 2396 3377 ϐἀσεως
2421 3311 2512 3367 τὸν
2546 3311 2847 3366 ἀπόστολον
2867 3329 2879 3342 ·
2913 3311 3051 3367 ἀλλά
3085 3315 3160 3387 μὴ
3193 3318 3324 3387 στῇς
3363 3317 3527 3388 μέχρι
3565 3322 3767 3378 τούτου..

2185 3399 2336 3471 δέχου
2373 3397 2470 3452 καὶ
2509 3394 2577 3451 τά
2608 3395 2747 3468 μετά
2786 3395 2989 3450 ταῦτα·
3019 3397 3114 3450 τοῦ
3153 3397 3262 3470 γάρ
3289 3401 3457 3454 αὐτοῦ
3491 3403 3770 3474 ἀμφότερα

2180 3483 2250 3538 τὰ
2280 3480 2733 3554 παραγγέλματα.
2769 3480 2835 3534 Τί
2871 3475 2965 3535 οὖν
2993 3480 3132 3552 μετά
3155 3482 3332 3538 ταῦτά
3351 3503 3520 3557 φησι;
3562 3488 3690 3556 Τοῖς
3718 3491 3769 3540 δέ
3828 3553 3829 3556 η

2187 3567 2554 3640 γεγαμηκόσι
2579 3563 2997 3635 παραγγέλλω,
3018 3567 3130 3620 οὐκ
3152 3565 3287 3637 ἐγὼ,
3312 3569 3432 3623 ἀλλ
3450 3569 3464 3587 ‘
3485 3573 3518 3624 ό
3535 3569 3768 3638 Κύριος,

2182 3651 2437 3724 γυναῖκα
2483 3649 2602 3706 ἀπὸ
2629 3648 2852 3718 ἀνδρὸς
2879 3647 2964 3718 μὴ
2989 3649 3388 3719 χωρισθῆναι·
3417 3651 3532 3706 ἐὰν
3582 3654 3656 3708 δὲ
3689 3659 3766 3707 2m;

2185 3733 2470 3808 χωρισθῇ,
2491 3732 2718 3803 μενέτω
2746 3730 2994 3803 ἄγαμος,
3025 3733 3062 3800 ἢ
3092 3731 3173 3800 τῷ
3198 3735 3372 3804 ἀνδρί
3405 3740 3770 3810 καταλλαγή-

2183 3838 2260 3875 τω
2279 3829 2302 3859 ι
2323 3835 2338 3848 ο
2369 3817 2469 3872 καί
2506 3815 2696 3887 ἄνδρα
2722 3815 2975 3887 γυναῖκα
2994 3816 3081 3886 μὴ
3115 3818 3373 3888 ἀφιέναι.

2253 3906 2342 3960 M'.
2385 3903 2450 3956 Τί
2479 3897 2595 3963 οὖν,
2643 3900 2739 3954 ἐὰν
2785 3901 2881 3972 μὲν
2906 3901 2935 3954 ό
2971 3901 3110 3972 ἀνὴρ
3136 3903 3380 3976 ἐπιεικὴς
3408 3899 3466 3979 ᾖ,
3495 3908 3529 3977 ἡ
3561 3907 3626 3962 δὲ
3653 3913 3769 3978 τι·ιῇ

2187 3988 2455 4062 μοχθηρά,
2479 3987 2739 4057 λοίδορος,
2765 3983 2946 4049 λάλος,
2976 3985 3296 4058 πολυτελὴς,
3323 3989 3383 4042 τὸ
3413 3991 3601 4045 κοινὸν
3633 3993 3769 4047 τοῦτι
3822 3985 3823 4037 1

2184 4073 2377 4129 πασῶν
2424 4070 2606 4127 αὐτῶν
2669 4071 2906 4141 νόσημα,
2961 4069 3164 4142 ἐτέρων
3221 4073 3485 4128 πλειόνων
3529 4078 3768 4149 «(gito-4.3

2185 4159 2394 4224 κακῶν,
2436 4158 2552 4220 πῶς
2600 4156 2738 4209 οἴσει
2766 4158 2866 4224 τὴν
2900 4154 3278 4228 καθημερινὴν
3329 4158 3540 4231 ταύτην
3591 4163 3766 4233 ἀηδία-ι

2185 4243 2392 4305 ἐκεῖνος
2419 4241 2447 4293 ὁ
2479 4240 2736 4303 δείλαιος,
2759 4238 2853 4292 τὸν
2885 4238 3076 4307 τῦφον,
3111 4239 3207 4312 τὴν
3257 4241 3689 4313 ἀναισχυντίαν;
3719 4249 3769 4299 "Ii

2184 4327 2293 4390 δαὶ,
2325 4325 2391 4380 ἀν
2445 4322 2756 4379 τούναντίον
2803 4322 2943 4394 αὐτὴ
2984 4324 3084 4392 μὲν
3190 4328 3392 4398 κοσμία
3421 4331 3520 4382 καὶ
3552 4331 3766 4401 ﬁgura;

2189 4413 2394 4474 ἐκεῖνος
2423 4409 2480 4463 δέ
2513 4407 2737 4480 θρασὺς,
2775 4407 3165 4478 ὑπεροπτικὸς,
3199 4409 3441 4479 ὀργίλος,
3483 4415 3660 4468 πολὺν
3690 4415 3768 4484 μὲν

2188 4496 2296 4550 ἀπὸ
2336 4495 2444 4548 τῶν
2478 4492 2800 4564 χρημάτων,
2836 4491 3004 4545 πολὺν
3057 4493 3116 4545 δέ
3162 4493 3271 4546 ἀπὸ
3317 4498 3419 4566 τῆς
3457 4497 3769 4560 δυναστείας

2189 4579 2348 4648 δγκον
2375 4575 2858 4646 περιϐεϐλημένος,
2889 4578 2984 4630 καὶ
3009 4577 3106 4648 τὴν
3146 4578 3436 4649 ἐλευθέραν
3471 4581 3550 4646 ὡς
3592 4584 3768 4652 δούλῃ

2218 4681 2309 4735 χῃ.
2337 4660 2558 4716 καὶτῶν
2589 4659 2984 4730 θεραπαινίδων
3009 4662 3176 4732 μηδὲν
3202 4663 3426 4733 ἄμεινον
3452 4667 3592 4737 πρὸς
3619 4671 3766 4736 αὐτὴ.

2223 4745 2542 4817 ιακέηταιά,
2593 4744 2709 4806 πῶς
2757 4745 2895 4798 οτσει
2947 4746 3045 4816 τὴν
3087 4747 3362 4819 τοσαύτην
3408 4751 3668 4822 ἀνάγκην
3695 4756 3770 4804 zz‘;

2198 4830 2345 4901 βίαν;
2377 4830 2442 4883 Τί
2471 4830 2584 4892 δαὶ,
2617 4829 2684 4882 ἂν
2725 4828 2963 4899 συνεχῶς
3019 4831 3188 4901 αὐτὴν
3217 4834 3661 4906 ἀποστρέφηται,
3695 4841 3770 4891 1:2

2195 4916 2482 4980 διαπαντὸς
2516 4914 2653 4987 μένῃ
2691 4911 2852 4966 τοῦτο
2881 4913 3087 4976 ποιῶν,;
3129 4917 3424 4988 Καρτέρει,
3461 4924 3656 4991 φησιν,
3691 4926 3772 4974 πί.

2196 5019 2292 5055 σαν
2325 5000 2532 5069 ταύτην
2567 5000 2666 5071 τὴν
2708 4996 2951 5051 δουλείαν
2973 5015 2986 5028 ο
3016 4999 3144 5051 ὅταν
3186 5001 3295 5071 γὰρ
3343 5003 3620 5078 ἀποθάνῃ,
3666 5010 3766 5058 ﬁt:

2193 5084 2451 5154 ἐλευθέρα
2480 5067 2578 5156 ἔσῃ
2609 5067 2790 5152 μόνον,
2823 5080 3025 5145 ζῶντος
3052 5083 3109 5134 δὲ
3135 5067 3278 5137 δυοῖν
3296 5085 3531 5157 θάτερον
3551 5067 3764 5159 ἀνάγκο.

2193 5169 2224 5240 ἢ
2260 5169 2626 5236 παιδαγωγεῖν
2653 5163 2816 5217 αὐτὸν
2855 5165 2994 5236 μετά
3031 5166 3233 5238 πολλῆς
3264 5172 3364 5240 τῆς
3414 5175 3658 5243 σπουδῆς
3695 5183 3770 5226 ις’.

2195 5253 2388 5322 βελτίω
2418 5253 2612 5314 ποιεῖν,
2642 5251 2700 5321 ἢ,
2728 5254 2775 5305 εἰ
2808 5249 2966 5304 τοῦτο
2994 5251 3276 5314 ἀδύνατον,
3302 5254 3496 5326 φέρειν
3526 5263 3770 5326 γενναίως

2189 5338 2280 5390 τὸν
2314 5338 2628 5405 ἀκήρυκτον
2682 5335 2918 5405 πόλεμον
2971 5335 3063 5388 καὶ
3111 5335 3210 5404 τὴν
3261 5336 3533 5392 ἄσπονδον
3587 5345 3748 5411 μάχῃ.

2193 5423 2301 5475 Καὶ
2353 5419 2612 5491 ἀνωτέρω
2651 5419 2752 5490 μέν
2800 5420 2980 5488 ἔλεγε·
3027 5419 3122 5485 Μὴ
3159 5421 3558 5489 ἀποστερεῖτε
3607 5427 3769 5484 6.1.1

2189 5510 2361 5572 λους,
2399 5507 2447 5559 εἰ
2473 5505 2558 5574 μή
2593 5521 2646 5557 τι
2688 5503 2765 5558 ἂν
2807 5505 2876 5557 ἐκ
2919 5503 3286 5574 συμφώνου·
3321 5507 3567 5562 ἐνταῦθα
3596 5509 3654 5562 δὲ
3686 5531 3769 5579 χε·-

2194 5588 2473 5661 ρισθεῖσαν
2503 5587 2674 5659 αὐτὴν
2713 5589 2807 5640 καί
2842 5587 3082 5642 ἄκουσαν
3113 5589 3553 5661 ἐγκρατεύεσθαι
3575 5593 3770 5646 κελειει

2193 5672 2410 5726 λοιπόν·
2446 5671 2686 5726 Μενέτω
2720 5673 2850 5743 γάρ,
2896 5673 3081 5744 φησὶν,
3115 5673 3362 5742 ἄγαμος,
3409 5674 3448 5742 ἣ
3490 5675 3570 5741 τῷ
3610 5678 3764 5744 ἀνδίὶ

2194 5755 2645 5825 καταλλαγήτω.
2697 5757 2857 5828 Ὁρᾷς
2896 5757 3064 5827 αὐτὴν
3088 5759 3144 5809 ἐν
3175 5758 3324 5828 μέσῳ
3339 5758 3487 5812 δυοῖν
3515 5761 3772 5830 autalt-.-

2199 5842 2364 5913 μένην
2395 5841 2683 5911 πολέμων;
2716 5843 2784 5894 Ἦ
2809 5841 2916 5911 γάρ
2946 5841 3044 5909 τὴν
3083 5841 3191 5893 ἀπὸ
3214 5841 3312 5910 τῆς
3343 5842 3647 5914 ἐπιθυμίας
3673 5848 3772 5918 ῥᾷον

2259 5955 2281 5984 ο
2312 5953 2434 6014 Reg,
2464 5951 2614 6015 μένειν
2635 5953 2836 6013 ἄγαμον,
2855 5951 2885 6007 ἢ
2907 5951 2976 6014 τῷ
2999 5951 3127 6015 ἀνδρὶ
3148 5953 3516 6015 καταλλαγῆναι,

2259 6015 2284 6054 (1
2316 6013 2432 6075 Ιίιιέξ.
2463 6013 2710 6062 διάκειται.

3832 3205 3833 3289 1

3830 3373 3831 3439 ι

3815 4225 3819 4340 1
