3844 6306
144 367 233 421 56f

141 478 305 534 duciis
346 476 467 530 frui.
514 475 620 530 Cur
658 474 937 530 enimnon
990 471 1113 527 huic
1164 472 1325 527 etiam
1368 471 1540 540 dixit,
1569 474 1631 528 Si
1672 491 1726 529 se

140 590 235 626 non
274 573 509 635 continet,
537 568 694 623 nubat
725 568 803 637 (Ι.
830 566 949 622 Cor.
974 566 1030 622 'I.
1063 563 1118 637 9)
1138 564 1162 619 ?
1182 564 1335 632 Quod
1384 579 1485 621 nec
1509 565 1727 621 athleta:

136 664 275 718 (llt‘al
327 664 644 734 quiSquim,
695 670 978 731 postquam
1040 657 1267 726 disiecto
1302 657 1500 712 amictu
1563 666 1726 728 alque

138 769 323 810 Illlt‘lllS
351 757 401 809 in
428 754 659 810 stadium
688 751 949 824 processit
978 792 992 815 ,
1034 765 1199 821 seque
1225 750 1441 821 pulvere
1468 764 1727 822 consper-

134 852 239 906 sit:
272 850 367 903 Abi
404 891 418 915 ,
464 846 585 917 fuge
611 844 1019 910 adversarium;
1065 842 1160 897 sed
1201 845 1310 912 jam
1344 856 1503 912 porro
1532 856 1724 898 neces—

134 958 249 996 sum
272 954 338 995 su
363 941 589 996 duorum
631 939 857 993 alterum
888 978 904 1004 ,
936 944 1028 990 aut
1052 944 1363 991 coronatum
1393 975 1408 1001 ,
1439 944 1533 989 aut
1575 934 1725 1005 deje-

133 1047 274 1089 ctum
298 1044 348 1089 el
371 1032 623 1087 infamem
653 1030 951 1085 discedere.
971 1026 1104 1083 Nam
1126 1027 1178 1081 in
1204 1026 1328 1081 ludo
1352 1041 1414 1081 ac
1436 1026 1682 1096 palaestra
1703 1065 1722 1092 ,

135 1129 221 1182 ubi
243 1145 363 1182 cum
384 1124 729 1180 familiaribus
742 1122 1051 1179 exercitium
1074 1121 1218 1187 sit,et
1236 1134 1356 1175 cum
1372 1119 1558 1174 amicis
1578 1119 1726 1174 velut

133 1240 256 1279 eum
298 1221 619 1277 adversariis
663 1233 851 1274 manus
889 1223 1264 1278 conseruntur,
1305 1213 1531 1269 liberum
1562 1221 1646 1267 est
1670 1219 1724 1268 et

131 1316 406 1385 suscipere
432 1314 668 1368 laborem
688 1319 870 1365 etnon
894 1309 1197 1379 suscipere:
1215 1306 1371 1376 atqui
1396 1304 1507 1377 jam
1526 1319 1721 1360 nomen

132 1408 303 1473 dedit,
332 1415 519 1461 coacto
551 1402 814 1474 frequenti
845 1400 1041 1471 popqu
1061 1441 1074 1463 ,
1096 1408 1360 1468 prmseote
1378 1396 1720 1468 agonotheta,

132 1501 449 1556 sedentibus
478 1498 867 1569 spectatoribus
890 1537 905 1561 ,
953 1494 1183 1549 adducto
1209 1503 1368 1562 atque
1392 1491 1604 1562 objecta
1625 1490 1722 1545 ad-

131 1593 404 1659 versario,
436 1593 486 1646 cl
534 1589 886 1645 certaminum
931 1587 1013 1641 lex
1071 1584 1375 1639 facultatem
1406 1583 1585 1653 eripit.
1640 1581 1722 1637 Ad

129 1687 382 1743 eumdem
432 1686 647 1740 modum
692 1692 747 1740 et
777 1682 968 1753 virgini
1042 1679 1167 1735 dum
1226 1678 1491 1734 consultat
1535 1676 1722 1747 prius,

129 1779 442 1835 nubendum
485 1779 553 1831 sit
610 1790 813 1842 necne,
850 1783 1019 1829 tutum
1064 1780 1149 1827 est
1197 1768 1638 1824 matrimonium:
1672 1774 1726 1821 at

131 1874 227 1928 ubi
278 1872 433 1942 elegit
487 1886 549 1925 ac
577 1868 879 1938 conscripta
922 1875 1042 1930 est,
1091 1880 1151 1920 se
1185 1865 1236 1919 in
1282 1862 1510 1918 stadium
1556 1861 1723 1917 dedit.

132 1964 338 2035 Ecquis
364 1963 521 2034 igitur
548 1960 761 2015 indictis
791 1956 1354 2030 spcctaculis,(‘.hristo
1379 1952 1722 2025 agonotheta,

127 2055 341 2127 angelis
387 2067 616 2124 superne
653 2051 1055 2124 spectantibus,
1126 2049 1335 2103 furente
1382 2046 1595 2102 diabolo
1662 2060 1727 2101 ac

129 2149 429 2214 fremente,
454 2147 520 2201 ad
563 2147 865 2216 luctamque
893 2142 1213 2214 complicato
1260 2148 1314 2195 et
1356 2139 1534 2194 medio
1573 2152 1724 2192 com-

130 2242 447 2313 prehenso,
514 2240 568 2295 in
655 2239 889 2295 me-lium
954 2236 1237 2308 prosiliens
1286 2234 1496 2290 edicere
1545 2234 1725 2287 ausit:

131 2337 360 2390 llostem
417 2334 580 2405 fuge,
647 2332 919 2387 laboribus
980 2328 1309 2401 supersede,
1368 2324 1727 2395 comprehen-

128 2435 349 2484 sionem
392 2430 612 2493 omitte,
664 2441 732 2481 ne
759 2424 977 2495 dejicias
1030 2438 1093 2478 ac
1140 2430 1447 2492 prosternas
1472 2418 1729 2474 adversa-

134 2524 329 2588 rium,
374 2520 467 2576 sed
516 2520 567 2575 ei
624 2518 901 2574 victoriam
953 2515 1160 2572 cedas?
1212 2515 1279 2568 Et
1323 2513 1449 2585 quid
1498 2513 1729 2583 virgines

128 2617 285 2681 dico,
312 2629 431 2669 cum
457 2628 555 2667 nec
573 2610 757 2665 viduas
775 2610 839 2665 iis
869 2609 1045 2664 verbis
1073 2606 1227 2663 affari
1260 2606 1339 2661 fas
1367 2608 1469 2673 sit,
1496 2604 1589 2660 sed
1611 2604 1729 2659 illo-

128 2726 260 2765 rum
308 2709 424 2763 loco
467 2706 552 2761 his
614 2705 856 2761 terrificis
893 2744 908 2770 ,
951 2702 1078 2758 Cum
1131 2702 1403 2756 luxuriata:
1454 2698 1638 2771 fuerint
1676 2696 1731 2751 in

125 2804 378 2868 Christo,
420 2802 606 2855 nubere
640 2798 812 2854 volunt
868 2796 1244 2851 damnationem
1287 2793 1559 2857 habentes,
1613 2791 1733 2861 quia

127 2899 360 2967 primam
386 2896 540 2964 ﬁdem
566 2894 761 2948 irritant
791 2891 1017 2962 fecerunt
1046 2889 1123 2961 (ι.
1156 2887 1291 2943 Tim.
1326 2888 1378 2943 5.
1426 2887 1509 2941 H.
1539 2886 1645 2942 12).

211 2986 458 3043 XXXIX.
490 2985 581 3040 Cui
602 2985 789 3050 vidule,
809 2984 889 3037 cui
905 2981 1087 3053 virgini
1111 2980 1293 3034 nubere
1322 2978 1575 3049 permittat
1598 2974 1733 3029 Pau-

125 3085 319 3138 tus.—
348 3080 560 3135 Atenim
586 3094 707 3134 cum
738 3077 915 3142 dicat,
945 3074 1068 3129 Non
1099 3074 1269 3143 nuptis
1316 3081 1362 3126 et
1392 3070 1553 3125 viduis
1582 3069 1730 3137 dico,

127 3177 344 3231 Bonum
391 3182 463 3227 est
504 3172 637 3237 illis,
669 3170 714 3224 si
738 3170 812 3224 sic
864 3174 1230 3238 permaneant,
1253 3174 1308 3218 ut
1338 3180 1428 3234 ego
1456 3179 1475 3217 :
1506 3161 1644 3235 quod
1689 3161 1735 3216 si

126 3288 245 3325 non
277 3285 331 3324 se
376 3268 630 3321 continent
677 3264 911 3318 nubant:
955 3270 1006 3316 et
1036 3274 1245 3315 rursum
1277 3299 1292 3323 ,
1324 3256 1476 3323 Quod
1522 3259 1567 3309 si
1614 3255 1734 3309 dor-

126 3361 312 3416 mierit
340 3360 415 3413 vir
458 3358 588 3428 ejus,
622 3356 831 3409 liberata
855 3362 967 3407 est:
989 3351 1072 3405 cui
1111 3350 1216 3404 vult
1252 3348 1426 3414 nubat,
1460 3356 1649 3400 tantum
1681 3345 1736 3399 in

126 3453 367 3510 Domino
398 3450 472 3523 (Ι.
501 3449 618 3505 Cor.
652 3449 703 3503 7.
732 3447 785 3502 8.
812 3447 865 3502 9.
899 3444 989 3515 59)
1016 3462 1029 3498 :
1053 3458 1217 3513 quare
1249 3457 1365 3496 eam
1394 3440 1479 3495 cui
1510 3439 1735 3494 liberum

125 3545 312 3611 facit,
340 3544 532 3598 iterum
569 3539 823 3609 castigat,
869 3546 922 3593 et
963 3534 1103 3606 quod
1133 3535 1184 3589 in
1218 3532 1446 3587 Domino
1472 3546 1591 3587 esse
1620 3544 1735 3584 ma-

125 3636 456 3693 trimonium
504 3632 656 3698 dixit,
696 3630 835 3686 idem
878 3644 974 3684 ceu
1004 3626 1332 3698 illegitimum
1360 3621 1620 3678 damnat?
1661 3620 1738 3676 Ne

124 3742 368 3783 vereare
397 3742 411 3778 :
443 3740 547 3778 non
606 3722 747 3777 idem
771 3762 786 3787 ,
818 3719 912 3775 sed
965 3717 1128 3773 aliud.
1168 3715 1301 3771 Nam
1347 3723 1405 3769 ut
1453 3712 1696 3783 inquiens
1718 3752 1736 3780 ,

128 3823 209 3877 Si
251 3820 426 3890 nupsit
459 3818 597 3889 virgo
621 3857 637 3881 ,
683 3831 785 3869 non
834 3812 1053 3884 peccavit
1085 3808 1191 3882 (Ib.
1218 3826 1266 3862 v.
1293 3807 1385 3877 28)
1405 3849 1419 3872 ,
1449 3821 1555 3861 non
1586 3804 1651 3860 de
1676 3819 1739 3860 ea

128 3913 388 3984 loquitur
429 3925 548 3981 qua:
600 3905 941 3962 matrimonio
989 3901 1349 3967 renuntiavit;
1393 3898 1613 3954 evidens
1660 3904 1743 3951 est.

126 4007 292 4063 enim
321 4018 437 4058 eam
458 4000 724 4073 piaculum
740 3994 1093 4061 commisisse,
1116 4004 1169 4049 et
1194 3991 1406 4064 quidem
1432 3989 1702 4044 infandum
1725 4006 1738 4042 :

128 4099 241 4156 ειιά
287 4097 357 4153 de
400 4111 463 4151 ea
513 4110 631 4166 quae
667 4102 721 4148 et
750 4106 944 4163 expers
992 4086 1318 4143 matrimonii
1353 4085 1422 4140 sit
1454 4126 1470 4151 ,
1509 4092 1563 4139 et
1606 4098 1742 4138 non-

126 4195 278 4248 dum
327 4192 427 4246 hoc
472 4201 564 4244 aut
612 4186 738 4243 illud
768 4184 1009 4257 elegerit,
1040 4182 1135 4239 sed
1166 4192 1438 4251 tamquam
1468 4179 1519 4234 in
1566 4180 1742 4234 medi-

131 4286 306 4342 tullio
361 4284 551 4339 harum
580 4280 958 4352 cogitationum
996 4276 1296 4332 consistat:
1343 4274 1412 4328 ita
1452 4281 1507 4329 et
1532 4272 1744 4327 viduam

132 4383 279 4443 hic,
314 4393 435 4450 qua:
466 4377 637 4430 virum
685 4374 855 4429 Solum
904 4386 1009 4425 non
1067 4370 1296 4433 habeat,
1350 4382 1523 4438 neque
1573 4366 1746 4422 adhuc

128 4475 373 4547 optione
402 4486 495 4525 sua
521 4469 770 4524 obstricta
814 4476 1096 4528 teneatur,
1145 4463 1237 4518 sed
1286 4463 1508 4517 liberum
1556 4461 1748 4516 habeat

131 4570 470 4622 alterutrum
513 4563 751 4633 eligere:
780 4561 888 4615 illic
913 4601 928 4625 ,
961 4559 1044 4613 cui
1073 4558 1333 4626 integrum
1384 4571 1487 4609 non
1532 4555 1601 4609 sit
1627 4569 1746 4608 cum

130 4661 261 4714 alio
306 4670 504 4727 Sponso
551 4653 859 4709 societatem
907 4651 1085 4712 coire,
1140 4648 1233 4703 sed
1297 4647 1348 4700 in
1408 4644 1749 4700 continentia:

131 4760 431 4808 certamen
473 4746 825 4803 descenderit.
857 4744 1041 4799 Potest
1086 4755 1314 4810 namque
1340 4748 1392 4795 et
1421 4738 1578 4792 vidua
1606 4751 1746 4798 esse,

132 4856 203 4901 et
241 4843 518 4898 viduarum
560 4838 808 4909 dignitati
858 4852 961 4891 non
1004 4832 1269 4888 accensm‘i
1297 4872 1310 4894 ,
1353 4832 1396 4884 si
1426 4829 1475 4883 id
1516 4828 1749 4883 noudtun

133 4933 479 5005 susceperit.
523 4932 707 5001 Itaque
735 4930 941 4999 inquit,
986 4926 1148 4978 Vidua
1187 4924 1402 4993 eligatur
1444 4938 1544 4975 non
1589 4919 1753 4971 minor

132 5030 307 5087 annis
337 5026 617 5097 sexaginta,
661 5038 776 5095 qua:
819 5021 966 5074 unius
990 5018 1081 5071 viri
1106 5032 1233 5070 uxor
1264 5016 1415 5087 fuerit
1469 5015 1485 5045 ²
1518 5012 1592 5085 (1.
1618 5010 1751 5064 Tim.

134 5127 208 5182 5.
247 5122 333 5193 9).
365 5119 494 5173 Nam
542 5133 660 5188 qua!
700 5115 852 5169 vidua
887 5126 1031 5166 mera
1059 5109 1127 5163 sit
1153 5150 1167 5174 ,
1191 5107 1241 5162 ei
1267 5149 1281 5174 ,
1314 5107 1357 5161 si
1382 5105 1507 5159 velit
1554 5103 1753 5158 nubere

134 5213 555 5291 permittit;at
590 5224 711 5281 quae
762 5214 1017 5278 perpetuo
1063 5202 1221 5257 vidua
1260 5214 1416 5272 agere
1464 5198 1576 5255 Deo
1630 5212 1754 5269 pro-

133 5310 344 5374 misit,
376 5316 536 5377 atque
560 5303 771 5359 interim
802 5300 968 5364 nubit,
1003 5314 1122 5355 eam
1149 5297 1497 5353 vehementer
1517 5294 1751 5359 damnat,

143 5417 285 5475 qua:
344 5400 505 5454 ictum
550 5411 668 5452 cum
700 5395 812 5449 Deo
855 5401 1066 5462 pactum
1116 5389 1410 5445 conculcet.
1466 5385 1579 5442 Non
1631 5400 1756 5455 ergo

142 5494 251 5550 his
274 5533 292 5558 ,
321 5491 417 5545 sed
457 5489 562 5543 illis
585 5487 713 5541 dicit
737 5527 753 5551 ,
780 5483 928 5550 Quod
948 5484 991 5537 si
1015 5498 1115 5535 non
1144 5498 1197 5535 se
1222 5479 1494 5541 continent,
1526 5478 1710 5531 nubant
1736 5493 1755 5530 :

143 5586 352 5642 melius
382 5592 453 5637 est
479 5582 609 5634 enim
636 5578 819 5632 nubere
840 5619 853 5637 .
887 5591 1037 5645 quam
1080 5575 1162 5628 uri
1206 5574 1222 5642 (
1237 5576 1280 5627 l.
1312 5570 1430 5625 Cor.
1460 5571 1511 5624 Ἰ.
1553 5570 1630 5639 9).
1664 5568 1759 5621 \‘i-

147 5684 266 5738 des
293 5690 555 5748 nuSquam
597 5688 695 5746 per
732 5686 790 5727 se
819 5669 1021 5740 suspici
1049 5664 1443 5723 matrimonium
1463 5704 1479 5732 ,
1507 5661 1600 5719 sed
1629 5675 1754 5733 pro-

234 5818 261 5890 '.
290 5822 358 5864 Ita
399 5812 450 5860 in
483 5817 597 5874 Reg.
624 5816 672 5861 In
689 5805 797 5859 aliis
816 5817 936 5858 vero
950 5803 1290 5856 desiderantur
1312 5800 1415 5853 haec
1436 5799 1604 5863 verba,
1627 5812 1766 5851 unius

149 5886 262 5935 ειη
292 5886 441 5928 uxor.

1495 359 1582 415 DE
1622 358 2084 421 VIRGINITATE.

3314 386 3420 443 58%

1835 488 1955 574 pter
1999 480 2398 574 fornicationem
2432 527 2449 553 ,
2501 490 2819 549 tentationes
2867 504 3027 568 atque
3054 499 3416 574 intemperan-

1835 573 2009 628 tiam?
2037 572 2167 629 Nam
2223 591 2382 648 supra
2433 578 2548 636 haec
2592 584 2770 641 omnia
2808 600 3051 646 recenset
3093 609 3107 645 :
3158 572 3245 651 hic
3290 614 3419 655 vero

1833 667 1976 736 quod
2003 683 2097 724 eos
2130 672 2383 728 conviciis
2408 674 2545 729 male
2572 678 2884 736 mulctasset
2910 724 2925 747 ,
2958 699 3170 742 rursum
3217 693 3418 759 gratio.

1819 759 2066 817 .sioribus
2094 764 2272 820 verbis
2297 767 2539 824 eamdem
2588 786 2701 826 rem
2746 777 3002 844 appellat,
3039 780 3338 839 incendium
3366 796 3422 842 et

1833 853 2080 908 ardorem
2121 858 2421 914 nominans.
2476 861 2805 934 Quamquam
2870 884 3041 940 neque
3090 872 3178 929 hic
3240 881 3421 934 omisit

1833 946 1957 1015 quin
1996 948 2293 1005 auditorem
2342 952 2522 1009 feriret
2552 972 2566 1009 :
2593 972 2697 1012 non
2737 960 2878 1014 enim
2909 962 3083 1033 dixit,
3110 966 3202 1022 Sin
3244 970 3420 1025 libidi-

1831 1037 1917 1095 nis
1955 1040 2061 1095 vim
2112 1043 2274 1098 ullam
2311 1047 2579 1113 sentiunt,
2608 1049 2688 1104 siu
2732 1057 3021 1110 transversi
3072 1070 3300 1129 aguntur
3326 1103 3343 1129 ,
3372 1065 3417 1119 si

1831 1146 1937 1225 non
1970 1143 2236 1225 possunt;
2288 1136 2418 1193 nihil
2472 1139 2731 1207 ejusmodi
2759 1185 2773 1210 ,
2803 1146 2946 1215 quod
2989 1164 3173 1204 eorum
3203 1162 3285 1207 est
3325 1157 3417 1225 qui

1829 1224 2027 1295 aliquid
2060 1224 2277 1297 dignum
2302 1233 2453 1287 venia
2493 1235 2800 1303 patiuntur;
2830 1239 2923 1293 sed
2950 1242 3120 1310 quid?
3148 1244 3208 1299 Si
3235 1263 3288 1300 se
3316 1224 3417 1303 non

1831 1318 2089 1372 continent
2114 1334 2132 1373 :
2157 1320 2297 1390 quod
2325 1337 2508 1377 eorum
2540 1334 2621 1380 est
2644 1369 2657 1393 ,
2688 1328 2775 1396 qui
2802 1341 3020 1401 propter
3054 1334 3313 1405 ignaviam
3336 1340 3415 1393 la-

1830 1407 2020 1464 borare
2049 1410 2252 1466 nolunt.
2294 1411 2349 1468 ld
2379 1416 2519 1470 enim
2567 1417 2829 1488 signiﬁcat
2853 1438 2947 1479 eos
2968 1465 2983 1489 ,
3014 1428 3206 1495 quibus
3247 1446 3335 1486 res
3362 1434 3413 1489 in

1830 1503 2075 1559 manibus
2109 1516 2284 1573 esset,
2319 1506 2666 1565 detrectando
2713 1513 2948 1570 laborem
3002 1534 3117 1573 eam
3149 1536 3252 1576 non
3290 1540 3414 1593 per-

1831 1593 2012 1649 ficere.
2035 1596 2103 1650 At
2132 1613 2200 1652 ne
2229 1598 2305 1653 sic
2351 1601 2563 1670 quidem
2616 1619 2711 1659 eos
2758 1608 2907 1675 punit
2931 1625 2993 1664 ac
3023 1615 3291 1683 suppliciis
3316 1618 3417 1672 ad-

1829 1685 1997 1753 dicit,
2023 1688 2115 1742 sed
2170 1689 2328 1746 laude
2362 1692 2533 1747 solum
2577 1696 2784 1763 privat,
2831 1709 2989 1770 atque
3033 1703 3085 1757 in
3128 1707 3408 1763 verborum

1830 1785 2036 1833 tantum
2074 1780 2338 1852 vituperio
2403 1784 2791 1842 vehementiam
2839 1791 3088 1860 adhibet,
3129 1796 3413 1854 liberorum

1830 1873 2252 1940 procreationem
2278 1916 2294 1941 ,
2335 1874 2666 1944 plausibilem
2699 1879 2834 1936 hanc
2866 1891 2920 1937 et
2963 1887 3258 1954 speciosam
3297 1906 3406 1944 ma-

1832 1962 2067 2018 trimonii
2108 1979 2322 2020 causam
2358 1983 2618 2038 nusquam
2660 1986 2986 2041 memorans,
3019 1977 3113 2032 sed
3141 1979 3411 2044 ardorem,

1831 2055 2324 2128 intemperantiam,
2352 2059 2754 2119 fornicationem
2786 2080 2849 2121 ac
2887 2054 3229 2125 tentationem
3276 2083 3416 2127 sata-

1831 2148 2003 2204 nicam
2027 2190 2045 2216 ,
2072 2165 2241 2221 eaque
2273 2168 2340 2207 ne
2378 2156 2675 2223 evenirent,
2706 2174 2818 2213 rem
2851 2162 3181 2229 permittens.
3209 2166 3271 2220 Et
3291 2168 3414 2237 quid

1834 2249 1944 2295 tum
1984 2243 2208 2311 postea?
2239 2243 2406 2314 inquit
2449 2263 2462 2299 :
2514 2263 2635 2301 nam
2688 2251 2943 2319 quamdiu
2972 2252 3022 2307 id
3068 2269 3096 2307 a
3152 2258 3413 2325 supplicio

1832 2333 2057 2400 liberat,
2085 2338 2326 2406 quamvis
2373 2338 2816 2410 vituperationem
2867 2360 2929 2399 ac
2969 2349 3209 2403 convicia
3264 2349 3418 2407 facile

1833 2426 2069 2483 feremus
2096 2470 2111 2494 ,
2143 2429 2269 2484 dum
2319 2431 2554 2487 deliciari
2604 2443 2764 2506 atque
2803 2438 3017 2495 assidue
3047 2441 3264 2498 libidine
3318 2444 3418 2499 frui

1838 2519 2015 2576 liceat.
2046 2520 2181 2589 Quid
2210 2538 2359 2589 vero,
2386 2524 2523 2581 bone
2552 2526 2634 2580 vir
2664 2567 2678 2591 ,
2726 2528 2768 2582 si
2825 2544 2924 2585 nec
2963 2530 3199 2587 deliciari
3252 2534 3373 2590 licet
3400 2577 3418 2601 ,

1833 2612 2205 2668 conviciumne
2249 2614 2421 2669 solum
2463 2616 2848 2686 percipiemus?
2872 2620 2976 2675 Sed
3006 2624 3303 2691 quomodo,
3333 2626 3418 2679 in-

1834 2706 1988 2777 quit,
2017 2706 2254 2763 deliciari
2282 2724 2387 2762 non
2421 2709 2543 2764 licet
2567 2751 2580 2771 ,
2612 2725 2731 2765 cum
2764 2712 2905 2767 dicat
2936 2714 3128 2769 Paulus
3154 2755 3168 2779 ,
3203 2716 3350 2782 Quod
3374 2718 3419 2771 si

1834 2815 1888 2853 se
1907 2816 2006 2853 non
2026 2800 2302 2868 continent,
2326 2801 2515 2855 nubant
2539 2803 2564 2855 ἰ)
2590 2804 2725 2857 Audi
2751 2820 2909 2873 porro
2930 2821 3048 2876 quae
3070 2807 3132 2861 iis
3162 2807 3416 2862 ha-reaut.

1834 2891 2100 2947 Audivisti
2140 2894 2303 2949 satius
2334 2908 2453 2949 esse
2482 2895 2877 2951 matrimonium
2912 2899 3232 2955 contrahere
3255 2916 3413 2970 quam

1836 2984 2044 3039 ardere.
2099 2985 2251 3052 Quod
2307 2986 2599 3057 jucundum
2632 2997 2715 3042 est
2765 2988 3422 3060 probas,permissionem

1837 3078 2023 3133 laudas
2049 3120 2065 3145 ,
2112 3081 2409 3149 apostolum
2452 3080 2519 3136 de
2569 3081 2893 3151 indulgentia
2925 3082 3194 3153 suspicis:
3240 3090 3296 3138 at
3340 3084 3425 3139 hic

1836 3186 1904 3225 ne
1925 3172 2177 3237 consiste,
2201 3181 2256 3227 et
2281 3188 2399 3242 quae
2421 3180 2816 3243 consequuntur
2831 3188 2984 3243 aeque
3003 3173 3221 3229 admitte
3246 3190 3259 3226 :
3283 3174 3428 3245 ejus.

1839 3263 1959 3317 drtn
1987 3265 2128 3319 enim
2159 3274 2241 3320 est
2268 3273 2555 3335 utrumque
2585 3274 2928 3335 prteceptum.
2952 3266 3086 3333 Quid
3114 3267 3274 3338 igitur
3302 3269 3427 3321 sul»

1837 3355 1957 3410 dit?
1988 3356 2297 3428 (Ionjugibus
2338 3367 2505 3411 autem
2534 3357 2801 3426 principio,
2830 3374 2931 3411 non
2978 3374 3067 3429 ego
3088 3401 3103 3424 ,
3132 3359 3220 3413 sed
3245 3358 3426 3412 Domi-

1838 3464 1966 3513 nus,
2000 3447 2143 3503 Uxor
2169 3466 2201 3502 a
2229 3450 2335 3503 viro
2377 3466 2440 3503 ne
2483 3449 2750 3503 divortium
2786 3449 2992 3521 faciat:
3028 3451 3106 3505 sin
3158 3450 3428 3505 divortium

1839 3542 2051 3611 fecerit,
2081 3550 2280 3596 maneat
2309 3541 2523 3612 innupta
2575 3550 2664 3594 aut
2708 3542 2815 3595 viro
2860 3542 3228 3597 reconcilietur.
3254 3541 3382 3595 Item
3408 3583 3423 3609 ,

1841 3632 1919 3687 vir
1965 3647 2169 3685 uxorem
2196 3649 2258 3686 ne
2277 3631 2506 3701 repudiet
2534 3632 2608 3699 (Ι.
2639 3632 2755 3684 Cor.
2781 3632 2833 3684 'I.
2866 3630 2947 3686 10.
2987 3630 3093 3701 Η).

1914 3725 2026 3780 XL.
2058 3724 2297 3795 Magnam
2323 3742 2430 3779 esse
2458 3735 2504 3778 et
2530 3724 2928 3779 indeclinabilem
2955 3741 3017 3778 ex
3054 3725 3290 3795 conjugio
3319 3740 3429 3778 ser-

1841 3817 2280 3884 vitalem—Quid
2307 3826 2504 3881 autem,
2536 3816 2580 3869 si
2599 3815 2680 3868 vir
2699 3814 2866 3869 comis
2892 3824 2992 3878 est,
3012 3830 3145 3868 uxor
3168 3814 3421 3881 improha.

1845 3908 2102 3964 maledica
2124 3950 2139 3972 ,
2176 3910 2389 3979 loquax,
2423 3916 2479 3960 et
2506 3906 2647 3977 quod
2678 3921 2960 3961 commune
2988 3906 3224 3959 omnium
3247 3903 3417 3959 vitiun

1845 4010 1927 4056 est
1947 4042 1961 4064 ,
1989 4013 2297 4071 sumptuosa
2329 4040 2348 4067 ,
2377 4000 2602 4070 aliisque
2630 4000 2782 4054 malis
2811 3999 3047 4069 pluribus
3075 3997 3305 4053 referta?
3328 4013 3424 4067 quc

1847 4093 2007 4149 modo
2032 4094 2194 4147 miser
2245 4094 2336 4149 ille
2383 4092 2744 4163 quotidianam
2780 4089 2914 4144 hanc
2962 4090 3258 4145 molestiam
3284 4130 3300 4153 ,
3340 4103 3433 4142 su-

1850 4186 2083 4256 perbiam
2115 4228 2130 4253 ,
2176 4185 2559 4253 impudentiam
2627 4183 2802 4237 feret?
2846 4182 2980 4249 Quid
3007 4224 3021 4247 ,
3083 4182 3339 4250 inquam,
3391 4182 3433 4234 si

1846 4289 2031 4334 contra
2078 4277 2188 4332 hmc
2221 4278 2464 4332 modesta
2504 4284 2559 4330 et
2598 4273 2778 4328 sedata
2810 4281 2924 4339 est,
2956 4273 3042 4327 ille
3087 4287 3212 4326 vero
3244 4270 3389 4325 ferox
3416 4311 3434 4337 ,

1850 4373 2112 4443 superbus
2138 4413 2153 4438 ,
2211 4370 2500 4426 iracundus
2525 4408 2539 4433 ,
2573 4367 2766 4421 animis
2809 4366 2856 4421 ei
2900 4367 3089 4436 partim
3138 4365 3391 4435 epertbus
3419 4406 3435 4430 ,

1851 4464 2043 4534 partim
2102 4462 2336 4534 potentia
2386 4460 2591 4523 auctis,
2638 4459 2727 4529 qui
2794 4458 3014 4513 liberam
3086 4456 3275 4511 eodem
3323 4456 3441 4510 loco

1853 4557 2045 4612 habeat
2117 4572 2223 4626 quo
2306 4568 2553 4616 servam,
2639 4550 2809 4605 nihilo
2884 4550 2937 4604 in
2988 4563 3104 4603 eam
3168 4562 3325 4617 quam
3390 4548 3440 4600 in

1853 4648 2074 4703 famulas
2121 4646 2368 4718 :rquior?
2390 4660 2495 4714 quo
2542 4651 2695 4712 pacto
2724 4655 2841 4695 eam
2889 4640 3257 4694 necessitatem
3307 4637 3444 4690 vim-

1854 4756 1958 4811 que
1985 4738 2261 4808 patietur?
2307 4735 2451 4804 Quid
2482 4733 2710 4803 denique
2738 4773 2752 4797 ,
2800 4732 2843 4785 si
2871 4730 2938 4785 ah
2966 4745 3025 4785 ea
3054 4730 3210 4800 plane
3239 4728 3445 4783 alienus

1855 4846 2068 4901 semper
2093 4829 2341 4884 maneat?
2379 4825 2483 4881 Fer
2504 4866 2517 4887 ,
2560 4824 2771 4893 inquit,
2803 4836 3014 4877 omnem
3049 4822 3184 4875 hanc
3213 4820 3447 4875 servitiu-

1857 4933 1961 4979 tem
1989 4966 2003 4987 ,
2034 4922 2208 4977 futura
2236 4921 2457 4977 demum
2511 4917 2674 4971 libera
2717 4930 2838 4969 cum
2881 4915 3112 4969 obierit:
3147 4927 3213 4967 eo
3266 4920 3441 4965 autem

1856 5016 1978 5070 vivo
2003 5013 2227 5068 duorum
2255 5014 2489 5069 alterum
2513 5024 2732 5063 necesse
2753 5016 2834 5061 cst
2858 5047 2873 5070 ,
2905 5014 3130 5060 autcum
3161 5002 3307 5058 omni
3338 5014 3451 5055 stu-

1858 5110 1947 5164 dio
1976 5108 2146 5164 lenire
2175 5122 2237 5161 ac
2258 5103 2397 5171 frugi
2427 5100 2671 5163 reddere,
2704 5107 2793 5153 aut
2822 5098 2864 5151 si
2898 5096 2947 5150 id
2978 5096 3317 5164 desperatum
3346 5099 3448 5157 est,

1858 5202 2177 5257 acerrimum
2210 5194 2483 5269 quoddam
2525 5192 2723 5248 bellum
2752 5201 2909 5259 atque
2953 5188 3180 5242 efferum
3211 5186 3450 5255 prarlium

1862 5293 2070 5349 fortiter
2093 5293 2377 5348 sustinere.
2440 5289 2518 5342 Ac
2546 5300 2705 5355 supra
2736 5281 2965 5347 diccbat,
3020 5279 3104 5334 Ne
3159 5277 3457 5349 defraudato

1863 5387 1993 5441 alter
2054 5386 2267 5440 alterum
2296 5426 2311 5450 ,
2375 5380 2474 5434 nisi
2501 5379 2545 5433 si
2592 5377 2713 5447 quid
2750 5391 2812 5430 ea:
2838 5389 3081 5428 consensu
3134 5371 3241 5442 (Ib.
3269 5385 3316 5423 v.
3349 5367 3406 5440 5)
3433 5384 3452 5434 ;

1865 5479 1953 5535 hic
1974 5478 2314 5548 diremptam,
2343 5473 2423 5532 vel
2455 5471 2673 5526 invitam
2703 5483 2761 5523 se
2787 5482 2947 5537 porro
2964 5465 3115 5534 jubet
3140 5462 3413 5517 continere
3440 5476 3453 5513 ε

1869 5572 2099 5641 Maneat,
2150 5571 2336 5641 inquit.
2389 5566 2633 5634 innupta,
2682 5571 2769 5616 aut
2807 5560 2912 5613 viro
2967 5556 3313 5611 reconcilietur
3352 5550 3458 5622 (Ib.

1869 5685 1918 5723 υ.
1971 5666 2096 5735 Η).
2152 5664 2341 5718 Vidcn‘
2398 5674 2515 5713 eam
2598 5657 2739 5710 inter
2810 5652 3021 5724 gemina
3072 5648 3205 5703 bella
3270 5644 3462 5713 depre-

1873 5760 2143 5819 hensam?
2173 5757 2305 5813 Nam
2364 5760 2458 5811 aut
2486 5748 2716 5805 libidinis
2764 5745 2870 5800 vim
2911 5743 3052 5799 ferre
3090 5739 3325 5809 cogitur,
3374 5745 3465 5791 aut

1880 5853 1927 5908 si
1954 5852 2005 5907 id
2034 5851 2167 5907 nolit
2197 5891 2212 5911 .
2264 5840 2646 5904 assentaudum
2694 5846 2777 5896 est
2833 5834 3029 5906 injurio
3052 5875 3066 5900 ,
3098 5834 3252 5903 eique
3306 5843 3365 5884 se
3400 5824 3465 5880 ad
