3844 6260
426 394 528 451 563

427 506 676 580 qua!“th
704 498 1049 574 praebendum
1075 539 1088 564 ,
1119 510 1212 551 seu
1245 495 1413 565 plagis
1454 492 1669 547 afﬁcere
1715 488 1843 544 velit
1871 529 1884 553 ,
1919 501 2014 542 seu

427 596 685 655 conviciis
713 607 940 657 vexare,
972 603 1066 644 seu
1105 603 1386 643 vernarum
1433 585 1661 640 ludibrio
1697 597 1963 653 exponere
1995 620 2012 647 ,

427 708 524 748 seu
566 687 706 743 aliud
738 685 862 757 quid
895 683 1187 754 ejusmodi:
1218 680 1399 734 multa:
1421 679 1562 734 enim
1603 677 1729 730 viris
1756 675 2016 731 ulciscen-

429 785 616 839 darum
656 793 878 834 uxorum
907 779 1005 829 vim
1035 775 1334 829 adiuventze
1360 781 1502 826 sunt.
1537 770 1666 838 Quae
1692 767 1736 823 si
1769 782 1872 822 non
1899 781 2019 835 per-

431 875 610 942 feratf,
659 869 862 941 agenda
908 867 1233 921 infructuosa
1277 862 1601 918 continentia
1660 868 1743 915 est
1794 877 1806 912 :
1856 857 2022 912 infru-

434 975 618 1020 ctuosa
643 1002 660 1029 ,
694 961 949 1029 inquam,
977 973 1095 1027 qua:
1138 955 1265 1008 nihil
1307 952 1675 1025 promissionis
1713 950 2020 1021 adjimctum

435 1057 647 1111 habeat.
697 1052 879 1122 Neque
921 1051 1062 1104 enim
1123 1047 1489 1102 sanctimonia:
1537 1044 1712 1098 studio
1777 1051 2024 1110 suscepta

434 1156 557 1213 est,
612 1145 705 1200 sed
762 1152 977 1214 propter
1027 1140 1303 1194 dissidium
1345 1153 1466 1192 cum
1510 1137 1664 1190 viro:
1699 1150 1860 1197 nam,
1907 1132 2027 1185 Μα-

437 1249 574 1305 neat,
605 1237 807 1307 inquit,
835 1235 1051 1303 innupta
1075 1273 1089 1298 ,
1119 1241 1208 1284 aut
1245 1230 1350 1283 viro
1388 1228 1756 1282 reconcilietur.
1785 1228 1852 1280 At
1875 1223 2024 1294 quid,

439 1335 484 1389 si
521 1332 663 1388 nolet
698 1331 752 1384 in
795 1331 1018 1400 gratiam
1048 1325 1268 1380 redire?
1303 1322 1478 1377 Habes
1507 1320 1731 1375 alterum
1776 1316 2028 1387 eﬂ‘ugium

441 1435 600 1497 atque
630 1423 954 1478 evasionem.
985 1415 1321 1486 Quamnam?
1349 1413 1478 1484 Ejus
1507 1421 1732 1467 mortem
1758 1416 2027 1480 exspecta.

443 1518 513 1572 Ut
538 1517 678 1572 enim
722 1513 961 1584 virgini,
994 1511 1076 1566 cui
1117 1523 1354 1580 perenne
1377 1507 1564 1562 vivens
1603 1514 1761 1575 atque
1813 1503 2033 1557 immor-

445 1610 564 1665 talis
593 1620 821 1678 sponsus
849 1605 955 1670 sit,
996 1602 1198 1658 nubere
1228 1613 1514 1669 numquam
1549 1598 1673 1652 licet
1713 1614 1726 1650 :
1761 1595 1839 1651 sic
1865 1594 2031 1649 mari-

445 1710 568 1756 tata:
595 1709 703 1755 tum
733 1698 948 1752 demum
967 1737 982 1763 ,
1013 1709 1133 1749 cum
1164 1693 1246 1747 vir
1281 1690 1491 1748 obierit.
1517 1689 1651 1744 Nam
1685 1687 1730 1743 si
1761 1687 1840 1742 fas
1865 1693 2029 1751 esset,

445 1807 513 1848 eo
558 1791 716 1854 etiam
744 1788 864 1842 vivo
898 1786 964 1841 ab
1001 1800 1066 1840 eo
1104 1783 1172 1839 ad
1223 1782 1422 1846 alium,
1481 1781 1786 1849 iterumque
1831 1779 1898 1832 ab
1944 1776 2035 1831 illo

447 1883 513 1937 ad
553 1882 712 1937 alium
750 1878 977 1934 transire
997 1920 1010 1944 ,
1039 1876 1165 1946 quid
1187 1873 1526 1930 matrimonio
1556 1887 1691 1944 opus
1720 1877 1883 1936 esset,
1906 1869 2036 1925 viris

448 1974 750 2044 promiscue
797 1972 967 2025 altero
1025 1968 1247 2023 alterius
1292 1981 1462 2020 uxore
1519 1965 1825 2029 utentibus,
1878 1973 2038 2033 atque

448 2083 567 2121 cum
595 2063 842 2120 omnibus
868 2060 1225 2117 coeuntibus?
1255 2058 1370 2125 Quo
1397 2066 1554 2128 pacto
1606 2067 1783 2111 autem
1832 2072 1938 2110 non
1985 2065 2040 2111 et

451 2159 686 2214 studium
730 2171 858 2227 erga
912 2153 1318 2209 contubernales
1375 2151 1610 2221 periret,
1667 2149 1769 2204 hoc
1839 2148 2033 2216 hodie,

451 2265 569 2305 cras
599 2250 726 2316 illo,
757 2263 820 2302 ac
847 2262 1055 2302 rursum
1090 2245 1197 2299 alio
1232 2259 1350 2298 cum
1381 2259 1569 2299 eorum
1599 2258 1761 2296 uxore
1811 2257 2038 2297 consue-

451 2339 765 2398 seentibus?
817 2339 1001 2393 Merito
1029 2337 1078 2392 id
1114 2335 1366 2390 Dominus
1394 2333 1708 2388 adulterium
1739 2332 1965 2387 vocavit.

528 2432 664 2488 XLI.
695 2431 797 2486 Cur
825 2429 1024 2484 Juda'is
1076 2428 1372 2482 concesserit
1416 2426 1556 2481 Deus
1594 2427 1792 2496 repudii
1822 2427 2042 2480 libellum

457 2523 662 2592 offerre.
690 2552 762 2563 -—
783 2521 890 2576 Cur
917 2521 1074 2591 igitur
1098 2520 1146 2573 id
1174 2519 1371 2573 ludatis
1402 2518 1680 2588 permisit?
1719 2516 1796 2572 Ne
1819 2518 1956 2572 inter
1984 2531 2042 2572 se

454 2617 805 2692 conﬂigerent
831 2655 847 2672 .
890 2630 958 2668 ne
1009 2629 1241 2687 cognato
1271 2619 1536 2690 sanguine
1557 2612 1699 2668 aadcs
1722 2628 1853 2670 suas
1892 2627 2041 2670 com-

458 2715 686 2785 plerent.
716 2712 858 2768 Cedo
888 2713 1050 2775 enim,
1081 2720 1258 2764 utrum
1291 2709 1573 2776 priestabat
1598 2751 1612 2775 ,
1636 2709 1860 2763 invisam
1883 2709 2045 2765 domo

456 2807 636 2877 exigi,
697 2821 762 2859 an
812 2805 949 2858 intra
991 2801 1222 2871 parietes
1273 2800 1538 2870 jugulari,
1591 2800 1728 2868 quod
1759 2799 2040 2867 fecissent,

457 2899 504 2953 si
533 2915 634 2952 non
669 2899 744 2952 eis
767 2896 962 2966 ejicere
991 2895 1270 2949 licuisset?
1302 2895 1478 2962 itaque
1519 2894 1707 2963 inquit,
1743 2893 1804 2949 Si
1832 2895 2046 2948 inrisam

455 2993 625 3055 habes,
657 2991 850 3044 dimitte
881 2987 1057 3057 (Deut.
1089 2987 1181 3040 '24.
1219 2985 1292 3056 l).
1326 2987 1394 3039 At
1425 2994 1752 3049 mansuetos,
1783 2994 1837 3040 et
1855 2987 2046 3056 quibus

459 3099 562 3137 nec
607 3083 760 3136 irasci
817 3079 1120 3149 permittat,
1180 3078 1454 3145 alloquens
1484 3077 1557 3130 ait
1592 3095 1603 3130 :
1638 3076 1732 3130 Sin
1776 3078 2044 3132 divortium

458 3174 651 3246 (aerii,
682 3171 856 3224 etalt-bs
883 3179 1080 3222 maneto
1121 3169 1196 3236 (1.
1229 3167 1346 3221 Cor.
1380 3168 1430 3220 7.
1466 3168 1574 3222 ill.
1619 3166 1778 3221 Vides
1810 3171 2046 3223 necessi-

458 3275 660 3329 tatem,
691 3261 1045 3316 inevitabilem
1090 3261 1444 3325 servitutem,
1489 3269 1542 3313 et
1586 3259 1853 3313 vinculum
1906 3260 2047 3329 quod

461 3368 748 3425 utrumque
791 3351 1153 3423 constringit?
1199 3350 1337 3405 Vere
1378 3349 1519 3404 enim
1567 3351 1832 3404 vinculum
1865 3353 2048 3406 matri-

460 3451 698 3506 monium
729 3455 840 3512 est,
871 3463 975 3498 non
1005 3445 1178 3499 Solum
1227 3454 1443 3513 propter
1476 3443 1892 3498 sollicitudinum
1941 3453 2052 3499 tur-

460 3541 583 3597 bam
614 3556 676 3594 ac
716 3538 1052 3610 quotidianus
1084 3538 1371 3599 molestias,
1417 3535 1508 3590 sed
1537 3537 1696 3590 etiam
1737 3536 1878 3606 quod
1921 3552 2053 3592 con-

459 3637 613 3706 jugcs
657 3635 846 3704 quovis
898 3627 1065 3689 servo‘
1105 3633 1320 3702 gravius
1367 3633 1590 3687 invicem
1640 3633 1830 3703 subjici
1874 3645 2047 3704 cogat.

472 3727 582 3795 Vir,
611 3727 817 3797 inquit,
853 3725 1002 3778 uxori
1047 3725 1337 3778 dominetur
1389 3723 1539 3795 (Gen.
1581 3725 1635 3780 5.
1667 3724 1782 3796 16).
1812 3729 1881 3780 At
1933 3725 2052 3796 quis

461 3820 582 3892 ejus
623 3818 844 3874 dominii
894 3833 1020 3872 usus
1061 3817 1188 3872 est?
1234 3833 1353 3870 nam
1389 3817 1622 3872 vicissim
1661 3832 1783 3873 eum
1834 3833 2049 3872 servum

458 3913 627 3970 eﬂicit
665 3912 782 3982 ejus
810 3911 894 3966 cui
938 3910 1205 3980 imperet,
1261 3924 1394 3964 nova
1444 3909 1672 3980 quadam
1714 3920 1768 3966 et
1817 3911 2049 3966 inaudita

460 4005 760 4072 excogitata
789 4003 1224 4070 compensatione
1274 4003 1549 4056 servitutis
1579 4019 1593 4068 ;
1623 4019 1686 4058 ac
1727 4005 1877 4070 quasi
1911 4004 2050 4076 fugi-

463 4097 694 4151 tivorum
734 4093 897 4163 pedes
926 4101 979 4147 et
1019 4095 1243 4146 seorsim
1281 4093 1473 4160 vincti,
1514 4103 1568 4148 et
1595 4111 1802 4149 rursum
1832 4097 1970 4153 inter
1995 4114 2053 4153 se

460 4191 653 4257 exigua
693 4187 919 4256 quadam
960 4195 1145 4240 catena
1177 4185 1379 4254 hicipiti
1412 4190 1678 4257 utrimque
1731 4189 1930 4258 pedicis
1973 4193 2053 4246 al-

465 4281 572 4333 tixa
626 4279 900 4332 constricti
929 4320 943 4344 ,
997 4277 1136 4332 haud
1182 4293 1312 4332 sane
1363 4279 1530 4335 libere
1578 4280 1778 4350 ingredi
1818 4293 2050 4352 queant,

462 4373 609 4442 quod
649 4375 784 4426 alter
822 4371 1049 4426 alterum
1085 4373 1336 4441 consequi
1380 4383 1638 4442 cogantur
1667 4391 1680 4426 :
1710 4373 1775 4426 ad
1807 4375 2052 4430 eumdem

465 4466 683 4522 modum
715 4475 768 4520 et
792 4465 1076 4535 cOnjugum
1107 4475 1313 4519 mentes
1333 4506 1346 4530 ,
1376 4481 1494 4520 cum
1522 4467 1753 4536 privatas
1782 4483 1934 4522 curas
1963 4468 2055 4522 hac

463 4560 625 4623 bent,
653 4569 760 4610 tum
793 4557 890 4610 alia
922 4557 1240 4610 necessitate
1277 4557 1436 4610 etiam
1460 4575 1524 4612 ex
1558 4569 1734 4612 mutua
1757 4559 2053 4629 colligatio-

467 4667 537 4704 ne
563 4658 830 4713 tenentur,
863 4664 978 4718 qua:
1003 4663 1096 4702 eos
1126 4649 1270 4701 omni
1301 4657 1486 4703 catena
1518 4651 1714 4706 arctius
1736 4652 1979 4722 stringat,
2003 4661 2057 4706 et

466 4743 680 4811 utrique
709 4741 1003 4795 libertatem
1036 4740 1259 4808 eripiat,
1292 4740 1431 4810 quod
1466 4743 1552 4794 uni
1586 4742 1866 4811 imperium
1896 4759 2056 4798 omne

468 4855 576 4891 ιιειιι
631 4834 944 4899 tradiderit,
984 4833 1076 4887 Sed
1140 4834 1255 4902 ejus
1309 4843 1622 4902 potestatem
1673 4837 1724 4889 in
1775 4844 2056 4906 utrumque

469 4931 778 5000 dispertitos
809 4928 896 4982 sit.
931 4927 1031 4982 Ubi
1068 4935 1190 4981 smit
1220 4928 1374 4997 igitur
1411 4928 1497 4996 qui
1549 4930 1716 4998 parati
1753 4941 1875 4984 sunt
1903 4931 2055 4985 volu-

471 5023 632 5092 ptatis
674 5019 849 5075 solatii
888 5033 1046 5073 causa
1097 5034 1310 5072 omnem
1360 5019 1858 5075 condemnationem
1902 5022 2058 5091 pati?

472 5115 652 5185 Neque
692 5113 832 5168 enim
863 5126 1048 5182 parum
1090 5111 1155 5164 de
1201 5112 1472 5180 voluptate
1512 5112 1759 5179 decedit,
1793 5107 2056 5170 interdum

470 5209 670 5262 mutuis
708 5207 843 5260 odiis
877 5221 938 5260 ac
963 5204 1199 5260 dissidiis
1244 5205 1293 5257 in
1326 5206 1539 5275 longum
1583 5217 1791 5276 tempus
1817 5206 2059 5262 duranti-

473 5303 590 5356 bus.
625 5300 762 5366 Quin
789 5314 850 5352 ea
899 5315 1107 5368 quoque
1134 5300 1396 5364 Servitus,
1430 5309 1486 5352 ut
1534 5299 1751 5354 alterius
1799 5301 2057 5369 improbi-

474 5403 555 5445 tas
576 5391 726 5444 alteri
757 5389 839 5442 vel
869 5391 1032 5443 invitu
1063 5389 1277 5443 ferenda
1313 5391 1381 5443 sit
1403 5431 1415 5450 .
1450 5391 1580 5444 satis
1607 5379 1707 5444 est
1751 5400 1808 5443 ut
1837 5391 2059 5446 delicias

475 5501 663 5538 omnes
694 5483 958 5536 obliteret.
1007 5483 1190 5551 Itaque
1238 5484 1424 5537 beatus
1469 5483 1557 5537 ille
1614 5483 1845 5538 libidinis
1891 5485 2062 5554 impo-

477 5580 696 5634 tentiam
729 5578 950 5646 primum
984 5576 1187 5645 asperis
1219 5577 1322 5629 illis
1351 5576 1526 5631 verbis
1558 5581 1815 5646 repressit
1845 5585 2062 5647 pr0pter

476 5672 882 5728 lornicationcm
905 5712 919 5736 ,
955 5669 1410 5737 intemperantiam
1454 5678 1507 5723 et
1533 5669 1785 5734 ardores;
1819 5670 1911 5725 sed
1939 5685 2059 5724 cum

477 5763 680 5816 videret
713 5761 866 5829 vulgo
903 5775 1020 5813 eam
1064 5758 1560 5813 eondcmnatiouem
1616 5775 1644 5812 a
1678 5762 1858 5815 multis
1913 5760 2060 5815 ﬂocci

478 5854 592 5915 ﬁcri
625 5898 639 5921 ,
678 5853 818 5925 quod
865 5851 928 5906 ad
959 5851 1336 5906 deterrendum
1391 5849 1656 5906 efﬁcacius
1712 5862 1850 5906 cs-vet
1893 5851 2058 5906 addit.

1170 384 1226 438 S.
1265 376 1543 436 JOANNIS
1579 367 2051 432 CHRYSOSTOMI
2089 365 2408 425 ARCHIEP.
2449 365 2984 424 CONSTANTINOP.

3617 363 3712 419 56!

2123 484 2248 540 Ideo
2287 483 2531 554 discipuli
2575 483 2749 538 coacti
2800 491 2925 538 sunt
2967 482 3182 551 dicere,
3216 480 3338 536 Non
3389 479 3596 551 expedit
3627 497 3713 531 nu-

2122 578 2234 632 bere
2263 576 2470 647 (Matth.
2506 576 2591 631 19.
2626 576 2737 645 1Ο).
2767 574 2822 629 ld
2850 586 3027 630 autem
3055 585 3176 640 est,
3204 574 3486 644 coniugem
3515 572 3715 627 nullum

2118 671 2206 746 sui
2241 686 2362 726 esse
2404 671 2562 741 juris.
2594 669 2779 740 Neque
2826 669 2878 724 id
2935 668 3305 723 hortabundus
3356 677 3411 722 et
3450 679 3716 736 tamquam

2126 763 2412 820 consulens
2455 762 2659 832 profert
2678 803 2693 829 ,
2725 760 2820 816 sed
2845 761 3160 830 praecipiens
3189 775 3251 814 ac
3278 758 3565 829 mandans.
3592 755 3718 811 Nam

2128 856 2531 910 matrimonium
2555 852 2875 909 contrahere
2917 862 3007 906 aut
3035 867 3140 906 non
3188 850 3510 906 contrahere
3560 865 3722 918 penes

2130 965 2229 1004 nos
2261 958 2344 1003 est
2367 965 2380 1001 :
2403 964 2522 1019 quae
2549 947 2944 1002 matrimonium
2973 955 3377 1016 consequuntur
3399 987 3414 1009 ,
3445 959 3551 998 non
3576 944 3718 1007 item,

2131 1040 2227 1096 sed
2268 1041 2495 1096 velimus
2531 1040 2762 1095 nolimus
2803 1038 3016 1094 ferenda
3047 1039 3279 1093 servitus
3307 1046 3409 1092 est.
3437 1035 3580 1104 Quid
3625 1035 3721 1087 ita?

2133 1131 2284 1198 Quod
2312 1147 2417 1186 non
2467 1131 2619 1185 inscii
2647 1147 2763 1186 eam
2810 1132 3042 1201 primum
3088 1128 3422 1198 suscepimus
3445 1170 3462 1194 ,
3493 1125 3594 1180 sed
3656 1124 3725 1177 vel

2135 1225 2299 1294 probe
2348 1224 2465 1294 ejus
2507 1223 2626 1294 jura
2674 1232 2833 1293 atque
2871 1222 3016 1293 leges
3065 1232 3347 1288 tenentes,
3393 1228 3593 1290 sponte
3643 1219 3729 1271 sub

2130 1317 2314 1388 jugum
2357 1330 2456 1372 nos
2499 1316 2840 1387 subjecimus.
2871 1315 2949 1371 Ac
2976 1324 3155 1385 postea
3187 1315 3256 1369 de
3311 1315 3376 1368 iis
3430 1315 3727 1383 loquutus,

2137 1409 2228 1478 qui
2263 1406 2505 1463 inﬁdeles
2537 1423 2731 1461 uxores
2762 1407 3040 1473 haberent,
3078 1422 3369 1473 omnesque
3406 1405 3731 1460 matrimonii

2140 1500 2282 1570 leges
2323 1509 2570 1555 accurate
2618 1509 3002 1569 persequutus,
3080 1497 3359 1568 iuterjecta
3425 1497 3496 1552 de
3562 1498 3732 1551 servis

2138 1589 2526 1661 disputatione,
2559 1599 2716 1661 atque
2744 1591 2809 1646 iis
2843 1633 2858 1658 ,
2887 1589 3029 1661 quod
3069 1589 3280 1646 abunde
3326 1589 3523 1644 solatio
3549 1602 3732 1655 esset,

2140 1685 2390 1750 monitis,
2437 1684 2816 1755 ingenuitatem
2842 1683 3138 1753 spiritalem
3195 1698 3256 1737 ea
3309 1683 3577 1738 servitute
3638 1698 3730 1736 nos

2142 1775 2423 1843 imminui,
2453 1777 2626 1846 pergit
2661 1775 2727 1830 ad
2759 1790 3059 1830 sermonem
3088 1775 3155 1830 de
3185 1774 3494 1845 virginitate
3525 1816 3542 1840 ,
3573 1791 3731 1846 quem

2143 1868 2346 1937 pridem
2394 1867 2730 1938 parturiebat
2757 1881 2822 1923 ac
2867 1882 3048 1923 serere
3073 1867 3382 1938 satagebat,
3427 1884 3578 1922 nunc
3629 1871 3735 1922 eni-

2144 1969 2262 2014 lens
2287 1977 2302 2022 ς
2333 1960 2431 2014 etsi
2455 1976 2576 2014 eum
2605 1975 2704 2014 nec
2728 1958 2796 2016 de
2825 1961 3164 2015 matrimonio
3189 1960 3464 2015 disserens
3486 1962 3739 2016 sustinuit

2145 2055 2355 2108 silentio
2399 2055 2693 2123 praeterire.
2724 2053 2856 2108 Nam
2889 2055 3123 2109 breviter
3163 2055 3252 2109 ille
3278 2054 3500 2126 quidem
3547 2065 3605 2109 et
3639 2071 3738 2107 0m-

2146 2157 2247 2214 ter,
2281 2146 2376 2202 sed
2410 2157 2585 2202 tamen
2619 2148 2666 2202 ei
2693 2163 2907 2220 quoque
2933 2148 3287 2204 exhortationi
3315 2165 3438 2204 eum
3473 2149 3738 2204 intexuit:

2147 2249 2306 2310 atque
2327 2255 2389 2294 ea
2417 2240 2779 2309 pulcherrima
2822 2241 3029 2296 ratione
3064 2256 3223 2296 aures
3253 2251 3464 2296 nostras
3512 2252 3568 2298 et
3603 2243 3742 2312 iugc-

2149 2334 2291 2386 nium
2314 2344 2560 2404 tanquam
2583 2349 2885 2402 pratparans
2900 2349 2961 2388 ac
2983 2334 3358 2404 prazmolliens,
3378 2336 3618 2389 orationi
3638 2335 3745 2390 laci-

2151 2425 2253 2479 lem
2270 2425 2466 2478 aditum
2487 2425 2702 2479 molitur
2718 2436 2837 2495 post
2858 2427 3280 2481 exhortationem
3299 2427 3365 2480 ad
3386 2443 3603 2482 servos.
3624 2427 3743 2481 Nam

2152 2519 2340 2589 pretio,
2393 2518 2590 2595 inquit,
2628 2520 2782 2594 empti
2807 2519 2924 2576 estis
2955 2535 2974 2572 .°
2997 2520 3152 2573 nolite
3315 2522 3442 2580 serui
3485 2521 3748 2580 hominum

2154 2615 2232 2685 (1.
2257 2616 2372 2669 Cor.
2407 2617 2457 2669 7.
2481 2618 2595 2685 “25).
2633 2617 2837 2671 Domini
2866 2618 3017 2671 nobis
3047 2617 3308 2673 beneﬁcio
3337 2619 3389 2670 in
3427 2619 3746 2672 memoriam

2153 2717 2422 2772 revocato,
2435 2708 2774 2778 omniumque
2797 2707 3062 2762 mentibus
3078 2724 3142 2760 eo
3159 2708 3354 2762 erectis
3376 2707 3428 2761 in
3446 2709 3754 2778 caelumque

2153 2799 2376 2853 sublatis
2399 2841 2416 2866 ,
2456 2799 2522 2852 de
2551 2800 2852 2869 virginitate
2879 2799 3292 2868 disputationem
3334 2798 3563 2855 demum
3615 2802 3750 2854 inse-

2154 2892 2222 2945 rit
2270 2891 2351 2945 his
2403 2891 2626 2946 verbis:
2662 2890 2738 2947 De
2783 2891 3058 2964 virginibus
3092 2904 3257 2946 autem
3303 2893 3524 2948 Domini
3576 2910 3753 2962 prtere-

2157 2992 2296 3051 ptum
2327 2999 2424 3036 non
2470 2983 2660 3050 habeo,
2691 2983 2781 3038 sed
2812 2984 3081 3038 consilium
3131 2984 3218 3051 do,
3260 2995 3525 3055 tamquam
3561 2987 3752 3040 miseri-

2155 3074 2380 3127 cordiam
2425 3086 2758 3144 consequutus
2785 3092 2814 3127 a
2835 3074 3056 3128 Domino
3077 3119 3089 3141 ,
3120 3085 3176 3129 ut
3206 3076 3302 3130 sint
3334 3076 3509 3145 ﬁdelis
3539 3077 3620 3150 (1.
3646 3076 3753 3131 Cor.

2158 3164 2208 3229 7,
2236 3165 2352 3235 25).
2382 3167 2482 3230 Αι,
2516 3168 2603 3237 qui
2645 3168 2710 3222 de
2743 3167 2915 3223 ﬁdelis
2944 3184 3064 3222 cum
3109 3166 3306 3223 inﬁdeli
3335 3170 3600 3240 conjugio
3642 3187 3754 3240 prm-

2156 3270 2366 3328 ceptum
2410 3258 2533 3312 item
2586 3275 2690 3313 non
2744 3260 3002 3328 haberet,
3052 3277 3242 3332 magna
3295 3265 3637 3319 auctoritate
3689 3266 3749 3318 ita

2157 3351 2364 3405 sancit:
2399 3349 2602 3405 Cazteris
2652 3362 2818 3406 autent
2843 3369 2933 3425 ego
2983 3355 3178 3418 scribo,
3217 3372 3317 3408 non
3367 3354 3635 3412 Dominus
3664 3374 3683 3410 :
3707 3356 3756 3412 Si

2157 3444 2270 3514 quis
2297 3447 2453 3514 frater
2489 3461 2700 3498 uxorem
2743 3446 2885 3499 liabet
2932 3446 3189 3514 inﬁdelem
3218 3490 3232 3512 ,
3276 3457 3323 3501 et
3369 3449 3480 3502 Iuec
3513 3453 3755 3504 consentit

2159 3535 2382 3589 habitare
2410 3551 2523 3589 cum
2565 3537 2654 3590 illo
2677 3579 2692 3600 ,
2736 3553 2836 3591 non
2858 3539 2881 3572 ί
2893 3537 3110 3592 dimittat
3134 3580 3148 3604 ,
3181 3538 3324 3592 illaut
3361 3539 3466 3611 (Ib.
3501 3555 3644 3593 vers.
3667 3538 3758 3604 ii).

2159 3627 2265 3684 Cur
2289 3645 2393 3682 non
2437 3629 2596 3699 igitur
2623 3639 2678 3684 et
2713 3629 2782 3684 de
2805 3629 3098 3699 virginibus
3127 3630 3308 3686 itidem
3354 3633 3596 3686 sciscis?
3628 3635 3750 3699 Quia

2168 3721 2270 3778 hoc
2297 3719 2540 3778 Christus
2570 3723 2742 3792 palam
2776 3723 3072 3789 constituit,
3092 3734 3277 3780 vetans
3320 3741 3441 3780 eam
3465 3743 3592 3781 rem
3621 3743 3753 3797 pral-

2159 3819 2296 3888 cepti
2327 3819 2648 3874 necessitate
2673 3818 2904 3874 deﬁniri.
2939 3819 3069 3874 lllud
3117 3835 3344 3890 namque
3373 3862 3389 3887 ,
3441 3817 3554 3885 Qui
3607 3831 3758 3890 potest

2160 3928 2378 3982 capere,
2418 3913 2624 3982 capiat,
2680 3911 2901 3966 liberam
2956 3913 3185 3966 auditori
3239 3913 3520 3983 optionem
3565 3917 3758 3970 condo-

2163 4008 2338 4059 nantis
2383 4015 2483 4058 est.
2517 4003 2702 4074 Itaque
2750 4004 2818 4059 de
2873 4005 3197 4060 continentia
3235 4005 3545 4072 disserens,
3594 4006 3758 4072 Volo,

2162 4096 2376 4165 inquit,
2421 4112 2592 4149 omnes
2623 4096 2849 4149 homines
2877 4097 2948 4150 sic
2977 4113 3082 4150 esse
3109 4139 3124 4163 ,
3168 4107 3222 4150 ut
3261 4114 3352 4167 ego
3400 4115 3555 4165 sum,
3602 4102 3761 4154 conti-

2162 4199 2333 4241 nentes
2361 4188 2438 4257 (l.
2462 4185 2581 4244 Cor.
2613 4189 2664 4243 7.
2700 4187 2753 4262 7)
2785 4206 2798 4255 ;
2833 4200 2886 4243 et
2916 4205 3126 4244 rursum
3153 4231 3169 4257 ,
3199 4189 3440 4261 Innuptis
3497 4206 3687 4248 autem
3713 4211 3760 4248 ac

2163 4279 2326 4333 viduis
2357 4280 2468 4333 dico
2497 4299 2513 4334 .'
2539 4279 2734 4334 Bonum
2779 4292 2853 4334 est
2878 4282 2981 4335 illis
3012 4323 3027 4347 ,
3074 4283 3117 4336 si
3163 4283 3236 4335 sic
3281 4297 3632 4352 permaneant
3656 4329 3672 4352 ,
3721 4299 3762 4340 It

2163 4388 2252 4442 ego
2306 4369 2411 4439 (Ib.
2444 4387 2492 4424 υ.
2519 4370 2597 4441 8).
2623 4372 2692 4425 At
2723 4386 2829 4425 non
2873 4372 2924 4426 in
2954 4387 3202 4426 sermone
3231 4371 3298 4427 de
3333 4374 3661 4443 virginitate
3689 4391 3763 4429 us-

2162 4479 2318 4532 quam
2342 4479 2400 4517 se
2423 4463 2472 4516 iu
2495 4465 2796 4533 exemplum
2818 4463 3064 4518 adducit:
3086 4464 3308 4534 ideoque
3322 4465 3632 4521 admodum
3658 4485 3762 4522 mo-

2163 4555 2314 4610 deste
2343 4564 2502 4627 atque
2530 4567 2685 4611 caute
2733 4556 2996 4626 loquitur,
3038 4557 3127 4626 qui
3153 4572 3253 4612 nec
3297 4557 3413 4626 ipse
3442 4573 3509 4612 ea
3546 4560 3764 4630 perfun-

2165 4655 2280 4702 ctus
2308 4655 2470 4702 esset.
2511 4646 2833 4719 Prwceptum
2856 4691 2868 4712 ,
2903 4649 3110 4718 inquit,
3139 4667 3243 4704 non
3293 4649 3475 4704 habeo.
3525 4653 3762 4708 Primum

2169 4756 2474 4812 proponens
2501 4743 2772 4812 optionem
2807 4743 3128 4798 benevolum
3181 4743 3356 4799 reddit
3404 4745 3761 4812 auditorem,

2167 4845 2277 4890 tum
2317 4837 2596 4891 consilium
2647 4838 2880 4907 subjicit.
2930 4837 3195 4904 Quoniam
3247 4824 3388 4893 enim
3434 4841 3765 4912 virginitatis

2166 4941 2359 4980 nomen
2395 4929 2656 4996 prolatum
2688 4928 2929 4996 protinus
2971 4929 3238 4999 ingentem
3278 4930 3525 4986 laborem
3589 4934 3767 4988 decla-

2168 5028 2247 5072 iet
2270 5061 2283 5083 ,
2324 5019 2444 5073 ideo
2480 5034 2586 5072 non
2618 5021 2794 5073 statim
2827 5020 2890 5074 ad
2931 5019 3351 5077 cohortationem
3384 5039 3445 5078 se
3484 5029 3766 5089 contulit,

2167 5111 2260 5166 sed
2287 5111 2584 5166 auditorem
2643 5111 2786 5181 prius
2815 5113 3031 5181 optione
3074 5113 3368 5176 deliniens,
3407 5116 3658 5188 ejusque
3699 5121 3774 5198 in:

2166 5205 2379 5274 genium
2409 5206 2555 5260 cicur
2579 5221 2641 5260 ac
2682 5207 2958 5260 tractabile
2993 5206 3220 5261 reddens
3247 5248 3260 5271 ,
3292 5209 3359 5261 ita
3389 5207 3634 5266 demum
3665 5229 3777 5285 pre-2

2170 5298 2334 5366 ponit.
2377 5297 2584 5351 Audisti
2615 5298 3005 5368 virginitatem,
3051 5315 3242 5352 nomen
3291 5299 3440 5353 multi
3475 5300 3695 5357 laboris
3720 5320 3767 5356 ac

2168 5389 2376 5443 sudoris
2402 5407 2413 5442 :
2445 5405 2512 5444 ne
2539 5399 2746 5452 metue;
2781 5406 2884 5443 non
2913 5401 3236 5458 prmerptnm
3265 5391 3476 5460 agitur,
3514 5406 3624 5451 aut
3647 5399 3768 5464 jussi

2171 5483 2459 5537 necessitas
2483 5524 2497 5545 ,
2527 5481 2621 5536 sed
2661 5497 2755 5536 eos
2795 5483 2881 5552 qui
2926 5497 2984 5536 se
3021 5483 3262 5537 volentes
3314 5495 3476 5552 atque
3544 5487 3770 5544 libenter

2172 5575 2560 5642 amplectantur
2590 5617 2602 5638 ,
2647 5575 2735 5628 illa
2768 5576 2877 5628 suis
2923 5575 3078 5629 bonis
3107 5587 3488 5629 remuneratur
3521 5618 3538 5639 ,
3591 5596 3768 5634 eorum

2171 5669 2326 5740 capiti
2355 5669 2684 5738 splendidam
2709 5685 2771 5724 ac
2798 5667 3016 5724 ﬂoream
3041 5683 3293 5724 coronam
3323 5670 3667 5740 imponens;
3691 5675 3766 5745 qui

2172 5772 2420 5815 recusent
2473 5776 2635 5828 seque
2679 5761 2980 5815 adsciscere
3035 5761 3243 5826 nolint,
3306 5777 3410 5816 nec
3465 5769 3637 5836 punit
3687 5782 3769 5820 nec

2177 5855 2367 5905 invitos
2397 5853 2553 5920 cogit.
2597 5851 2779 5910 Neuue
2807 5868 2871 5906 eo
2898 5853 3068 5909 solum
3097 5854 3389 5908 orationem
3435 5868 3655 5926 gratam
3685 5873 3766 5910 acc
