3844 6250
501 337 606 395 εἰύῦ

495 461 594 512 καὶ
627 458 832 530 εὐανθῆ
868 460 1133 528 στέφανον
1159 459 1499 530 περιτιθεῖσα
1537 459 1716 513 αὐτῶν
1747 461 1813 530 τῇ
1842 456 2075 527 κεφαλῇ,

495 546 624 606 τοὺς
665 544 726 597 δὲ
773 543 1242 614 παραιτουμένους
1288 542 1478 613 αὐτὴν,
1539 543 1630 596 καὶ
1668 543 1769 596 οὐκ
1800 540 2080 604 ἐθέλοντας

498 625 828 697 προσθέσθαι
857 624 904 690 i,
935 625 1058 679 οὐτε
1091 623 1308 689 κολάζει
1332 665 1346 687 ,
1372 625 1496 680 οὐτε
1522 627 1754 688 ἄκοντας
1781 624 2080 692 ἀναγκάζει

497 710 658 763 τοῦτο
688 712 880 762 ποιεῖν.
912 710 987 763 Οὐ
1019 709 1192 783 ταύτῃ
1216 710 1273 763 δὲ
1305 709 1464 780 μόνον
1497 709 1778 780 ἀνεπαχθῆ
1805 709 1895 761 τὸν
1923 708 2080 777 λόγον

498 793 793 862 εἰργάσατο
842 792 936 846 καὶ
981 793 1148 864 ἡδὺν,
1195 792 1332 847 ἀλλά
1381 793 1475 846 καὶ
1519 792 1598 864 τῷ
1641 793 1740 863 τὴν
1779 793 1938 864 χάριν
1985 789 2079 844 τοῦ

499 878 824 949 πράγματος
867 877 968 929 οὐκ
1010 876 1174 930 αὐτοῦ
1225 877 1387 946 φάναι
1425 873 1587 942 εἶναι,
1620 875 1757 929 ἀλλὰ
1801 875 1895 928 τοῦ
1942 873 2080 946 Χρι-

498 962 645 1016 στοῦ.
681 961 756 1012 Οὐ
790 961 900 1031 γὰρ
931 955 1082 1023 εἰπε,
1115 959 1251 1031 Περὶ
1276 960 1334 1013 δὲ
1358 961 1467 1013 τῶν
1509 960 1793 1030 παρθένων
1825 959 1926 1012 οὐκ
1957 960 2079 1011 ἐπι-

494 1045 700 1103 τάσσω,
735 1044 874 1108 ἀλλ’,
918 1043 1243 1114 Ἐπιταγὴν
1270 1045 1381 1098 οὐκ
1410 1045 1549 1113 ἔχω,
1579 1043 1655 1108 ὼς
1681 1045 1746 1097 ἂν
1777 1044 1826 1095 εἰ
1857 1042 2042 1110 ἔλεγεν
2062 1058 2076 1074 ⁸

496 1129 560 1180 Εἰ
615 1128 713 1199 μὲν
763 1127 822 1192 ἐξ
870 1126 1228 1199 ἀνθρωπίνων
1270 1127 1546 1198 λογισμῶν
1593 1126 1703 1195 ἐγὼ
1756 1125 2079 1194 κινούμενος

495 1211 668 1266 ταῦτα
694 1211 989 1282 παρῄνουν,
1019 1211 1118 1264 οὐκ
1144 1211 1249 1264 ἔδει
1279 1211 1501 1284 θαρρεῖν
1528 1227 1541 1240 ο
1570 1209 1755 1280 ἐπειδὴ
1779 1209 1834 1262 δὲ
1860 1208 1936 1279 τῷ
1959 1207 2079 1278 Θεῷ

486 1295 657 1348 ’τοῦτο
687 1296 892 1360 ἔδοξεν,
924 1294 1164 1362 ἀσφαλὲς
1206 1295 1267 1348 16
1295 1296 1395 1365 τῆς
1431 1293 1617 1357 ἀδείας
1653 1295 1927 1364 ἐνέχυρον.
1966 1293 2078 1362 Τὴν

500 1379 601 1450 μὴν
625 1377 876 1444 ἐξουσίαν
902 1377 997 1429 τοῦ
1027 1378 1096 1430 16
1126 1377 1352 1431 τοιαῦτα
1387 1378 1694 1430 ἐπιτάττειν
1726 1377 2075 1447 παρῄρημαι,

497 1465 546 1514 εἰ
577 1461 633 1514 δὲ
667 1459 918 1531 βούλεσθε
963 1460 1184 1513 ἀκούειν
1223 1462 1298 1524 ὼς
1337 1460 1625 1532 ὁμοδούλου
1645 1501 1660 1525 ,
1693 1460 1952 1528 Γνώμην
1984 1459 2075 1512 δί-

495 1548 674 1618 δωμι,
717 1549 913 1618 φησίν,
945 1550 1026 1614 ὡς
1066 1545 1403 1614 ἠλεημένος
1437 1544 1557 1599 ὑπὸ
1591 1544 1811 1611 Kvplov
1859 1545 2077 1610 πιστὸς

494 1629 667 1687 εἶναι.
711 1634 892 1697 ’Ἄξιον
920 1633 976 1685 δέ
1003 1631 1235 1684 ἐνταῦθα
1259 1629 1536 1700 θαυμάσαι
1557 1627 1652 1680 τοῦ
1679 1626 1950 1699 μακαρίου
1975 1627 2075 1698 τὴν

494 1716 698 1788 πολλὴν
722 1715 1061 1786 εὐμηχανίαν
1083 1714 1176 1767 καὶ
1199 1713 1298 1783 τὴν
1324 1712 1560 1774 σύνεσιν,
1586 1711 1680 1764 καὶ
1703 1710 1819 1774 πῶς
1841 1713 1898 1765 ἐν
1924 1711 2076 1782 μέσῳ

492 1799 636 1854 δυοῖν
666 1800 978 1868 ἀναγκαίων
1019 1799 1112 1851 καὶ
1153 1796 1410 1850 ἐναντίων
1444 1795 1854 1866 ἀπειλημμένος
1885 1807 1911 1835 α
1936 1835 1950 1858 ,
1979 1794 2072 1848 τοῦ

489 1893 550 1938 τε
580 1885 843 1956 συστῆσαι
863 1882 925 1935 τὸ
942 1881 1136 1936 ἐαυτοῦ
1163 1870 1474 1952 πρόσωπον,
1500 1879 1639 1932 ὥστε
1673 1878 2076 1950 εὐπαράδεκτον

489 1968 747 2038 γενέσθαι
768 1967 866 2038 τὴν
893 1982 956 2019 συ
965 1964 1224 2037 μϐουλὴν,
1249 1962 1456 2017 καὶτοῦ
1487 1963 1651 2035 μηδὲν
1676 1966 1816 2034 μέγα
1837 1962 2072 2032 φθέγξα-

488 2055 618 2109 σθαι
638 2057 766 2127 περὶ
790 2046 1004 2117 ἐαυτοῦ,
1027 2051 1117 2105 διὰ
1136 2049 1196 2102 τὸ
1217 2049 1316 2120 τῆς
1340 2049 1544 2120 ἀρετῆς
1565 2047 1771 2118 ταύτης
1791 2047 2072 2116 γεγονέναι

492 2139 675 2202 ἐκτὸς,
696 2137 979 2208 ἀμφότερα
1010 2137 1066 2187 ἐν
1095 2133 1284 2204 βραχεῖ
1308 2130 1696 2186 κατεσκεύασε.
1721 2129 1811 2200 Τῷ
1842 2130 1940 2201 μὲν
1964 2131 2073 2203 γάρ

493 2223 697 2290 εἰπεῖν,
735 2223 830 2287 Ὠς
861 2217 1214 2288 ἠλεημένος,
1239 2214 1516 2286 συνίστησί
1543 2231 1659 2277 πως
1683 2213 1896 2279 ἐαυτὸν,
1919 2213 1995 2285 τῷ
2016 2214 2071 2269 δέ

493 2308 574 2379 μὴ
611 2307 720 2362 ἀπὸ
752 2306 848 2359 τοῦ
880 2302 1262 2374 λαμπροτέρου
1299 2299 1458 2354 τοῦτο
1487 2299 1712 2370 ποιῆσαι
1743 2297 1945 2370 μέρους
1975 2315 2072 2352 τα-

492 2393 671 2445 πεινοῖ
686 2392 778 2444 καί¹
807 2387 1082 2442 συστέλλει
1109 2385 1294 2440 πάλιν.

562 2476 695 2528 MB'.
713 2475 788 2528 υύ
803 2475 912 2543 γὰρ
941 2468 1084 2526 εἰπε·
1107 2469 1308 2540 Δίδωμι
1327 2466 1573 2538 γνώμην,
1591 2467 1667 2531 ὼς
1686 2466 1994 2532 πιστευθεὶς
2009 2467 2070 2521 16

491 2558 844 2628 Εὐαγγέλιαν,
869 2557 950 2620 ὡς
981 2553 1231 2621 ἀξιωθεὶς
1257 2548 1394 2605 εἶναι
1425 2550 1603 2622 κήρυξ
1633 2549 1743 2603 τῶν
1775 2551 1963 2616 ἐθνῶν,
1994 2551 2070 2615 ῶς

489 2640 826 2713 προστασίαν
850 2639 950 2710 τὴν
983 2638 1254 2710 ὑμετέραν
1282 2633 1671 2704 ἐγχειρισθεὶς,
1708 2634 1784 2697 ὠς
1815 2634 2070 2689 διδάσκα-

488 2726 582 2792 λος
613 2725 1064 2797 καὶικαθηγητής·
1085 2720 1222 2776 ἀλλά
1243 2719 1391 2784 πῶς;
1423 2719 1512 2784 Ὠς
1530 2718 1889 2787 ἠλεημένος,
1911 2722 2067 2792 φησὶ,

489 2812 585 2864 καὶ
611 2811 674 2863 16
693 2809 911 2862 ἔλαττον
935 2806 1048 2869 θείς
1063 2822 1078 2837 ο
1103 2804 1322 2858 ἔλαττον
1344 2803 1452 2872 γὰρ
1475 2801 1569 2855 τοῦ
1591 2801 1905 2856 διδάσκαλον
1929 2799 2068 2858 εἶναι

487 2891 597 2946 τῶν
621 2891 826 2944 πιστῶν
849 2890 910 2943 16
935 2890 1093 2960 μόνον
1115 2883 1253 2940 εἶναι
1276 2886 1486 2940 πιστόν.
1514 2885 1623 2938 Καὶ
1645 2885 1839 2957 ἑτέραν
1863 2888 2071 2941 ἐπινοεί

489 2977 654 3029 πάλιν
682 2974 1028 3028 ταπείνωσιν.
1063 2972 1227 3024 Ποίαν
1258 2970 1316 3023 δέ
1351 2969 1584 3039 ταύτην;
1619 2968 1732 3021 Οὐκ
1762 2966 1936 3033 εἶπεν,
1981 2971 2069 3033 Ὠς

489 3061 778 3130 γενόμενος
795 3057 1002 3120 πιστὸς,
1021 3055 1157 3119 ἀλλ’,
1193 3055 1286 3120 Ὠς
1308 3052 1641 3122 ἠλεημένος
1659 3049 1809 3106 εἶναι
1831 3055 2064 3120 πιστός.

491 3143 580 3215 Μὴ
611 3143 720 3214 γὰρ
743 3143 841 3212 τὴν
873 3139 1176 3208 ἀποστολὴν
1212 3138 1307 3189 καὶ
1334 3137 1395 3191 τὸ
1432 3138 1693 3207 κήρυγμα
1720 3137 1814 3190 καὶ
1850 3138 1950 3207 τὴν
1991 3138 2070 3191 δι-

489 3226 786 3280 ὃασκαλίαν
816 3223 974 3294 μόνον
995 3223 1252 3292 νομίσητε
1274 3220 1370 3290 τῆς
1395 3219 1602 3288 δωρεᾶς
1627 3216 1767 3273 εἶναι
1791 3219 1886 3274 τοῦ
1906 3220 2063 3275 Θεοῦ·

489 3311 587 3365 καί
617 3309 724 3381 γάρ
755 3308 887 3362 αὐτὸ
913 3307 974 3359 16
1001 3303 1286 3358 πιστεῦσαι
1313 3303 1420 3354 ἀπὸ
1443 3301 1537 3355 τοῦ
1567 3303 1750 3367 ἐλέους
1785 3321 1877 3376 μοι
1905 3305 2066 3374 γέγο-

491 3411 580 3447 νεν
607 3395 837 3446 ἐκείνου.
871 3392 950 3444 Οὐ
979 3389 1088 3460 γάρ
1121 3387 1307 3458 ἐπειδὴ
1337 3385 1486 3451 ἄξιος
1530 3387 1702 3458 ἢμην,
1751 3388 1906 3458 φησὶ,
1939 3406 2070 3441 κατ-

487 3476 729 3548 ηξιώθην
758 3475 856 3545 τῆς
877 3475 1130 3536 πίστεως,
1151 3471 1266 3524 ἀλλ’
1290 3469 1474 3540 ἐπειδὴ
1493 3471 1728 3542 ἠλεήθην
1752 3471 1931 3542 μόνον’
1963 3474 1992 3525 6
2012 3471 2066 3525 δὲ

489 3559 639 3624 ἔλεος
669 3559 888 3630 χάριτός
917 3557 1086 3619 ἐστιν,
1123 3555 1185 3607 οὐ
1217 3554 1311 3607 τοῦ
1344 3555 1465 3606 κατ’
1500 3553 1676 3617 ἀξίαν.
1717 3554 1877 3606 Ὥστε
1911 3556 1959 3606 εἰ
1993 3554 2067 3625 μὴ

486 3639 558 3714 ἦν
593 3644 797 3714 σφόδρα
825 3639 1197 3709 εὖσπλαγχνος
1225 3639 1254 3690 6
1287 3636 1438 3701 Θεὸς,
1467 3637 1529 3690 οὐ
1560 3637 1721 3707 μόνον
1745 3637 2064 3704 ἀπόστολος,

488 3726 603 3780 ἀλλ’
631 3725 754 3780 οὔτε
803 3725 994 3788 πιστὸς
1031 3721 1298 3794 ἠδυνήθην
1333 3719 1399 3774 ἂν
1441 3719 1696 3789 γενέσθαι
1730 3721 1884 3774 ποτέ.
1917 3719 2068 3786 Εἰδες

485 3809 906 3882 εὐγνωμοσύνην
934 3807 1144 3862 οἰκέτου
1173 3807 1266 3860 καὶ
1299 3804 1769 3876 συντετριμμένην
1800 3806 2029 3876 καρδίαν
2048 3846 2064 3869 ,

486 3896 602 3958 πῶς
629 3894 779 3947 οὐδὲν
807 3894 967 3946 πλέον
999 3889 1175 3959 ἐαυτῷ
1205 3888 1386 3942 δίδωσι
1413 3888 1522 3941 τῶν
1542 3889 1766 3953 λοιπῶν,
1797 3889 1932 3943 ἀλλά
1971 3893 2067 3945 καὶ

484 3977 663 4040 τοῦτο,
698 3977 727 4028 ὃ
758 3977 936 4030 κοινὸν
964 3973 1114 4043 αὐτῷ
1141 3973 1236 4026 καὶ
1278 3975 1388 4035 τοῖς
1431 3972 1700 4044 μαθηταῖς
1731 3969 1821 4045 ἦν,
1867 3975 1927 4027 16
1966 3976 2066 4044 τῆς

478 4049 724 4124 ’πίστεως
752 4060 852 4112 οὐκ
878 4058 1040 4110 αὐτοῦ
1076 4073 1239 4126 φησιν
1269 4051 1427 4119 εἶναι,
1459 4056 1595 4109 ἀλλά
1622 4056 1714 4110 τοῦ
1756 4057 1938 4122 ἐλέους
1971 4059 2065 4112 καί¹

485 4144 586 4216 τῆς
619 4143 838 4214 χάριτος
867 4141 961 4194 τοῦ
987 4139 1144 4205 Θεοῦ,
1173 4139 1371 4192 ταυτὸν
1404 4137 1681 4209 ἐμφαίνων
1707 4139 1796 4194 διὰ
1826 4142 1933 4195 τῶν
1965 4144 2064 4214 ρη-

489 4228 676 4298 μάτων
697 4226 920 4288 τούτων,
936 4219 1047 4276 οἷον
1070 4225 1119 4276 εί
1142 4222 1315 4290 ἔλεγε
1340 4222 1431 4290 Μὴ
1453 4222 1800 4294 ἀπαξιὼσητε
1830 4243 1892 4278 συ
1900 4226 2065 4296 μϐου-

483 4302 584 4377 λὴν
597 4304 849 4370 δέξασθαι
874 4302 1003 4374 παρ’
1033 4301 1189 4373 ἐμοῖν
1212 4300 1332 4353 οὐδὲ
1357 4301 1466 4371 γὰρ
1488 4304 1516 4356 6
1534 4302 1665 4366 Θεὸς
1687 4304 1964 4374 ἀπηξίωσέ
1995 4323 2062 4376 με

479 4387 580 4443 ’τοῦ
606 4387 789 4452 ἐλέους
815 4387 908 4440 τοῦ
934 4388 1064 4459 παρ’
1095 4383 1280 4439 αὐτοῦ.
1315 4384 1524 4450 ’Ἄλλως
1561 4403 1620 4439 τε
1654 4387 1749 4441 καὶ
1779 4388 1972 4460 γνώμη
2005 4390 2062 4443 τὺ

483 4467 720 4541 πρᾶγμά
747 4471 894 4521 ἐστιν
913 4506 929 4530 ,
969 4467 1068 4518 οὐκ
1096 4465 1398 4534 ἐπίταγμα·
1429 4466 1781 4534 συμϐουλεύω
1823 4470 1955 4541 γάρ,
1999 4471 2061 4524 οὐ

481 4547 778 4619 νομοθετῶ.
809 4547 884 4599 Τὸ
905 4545 961 4597 δὲ
983 4544 1052 4598 τὰ
1083 4544 1437 4614 παραστάντα
1465 4545 1680 4616 ἑκάστῳ
1711 4547 2061 4618 συμφέροντα

483 4627 672 4698 φέρειν
701 4628 780 4690 εἰς
813 4626 974 4696 μέσον
1002 4624 1096 4676 καὶ
1131 4622 1444 4696 προτιθέναι
1473 4624 1646 4689 οὐδεὶς
1672 4625 1936 4680 κωλύσειε
1971 4628 2061 4682 νό-

485 4725 614 4778 μος,
640 4709 734 4761 καὶ
759 4707 996 4778 μάλιστα
1019 4705 1148 4758 ὅταν
1167 4703 1227 4769 ἐξ
1250 4705 1518 4775 αἰτήσεως
1539 4706 1696 4760 τοῦτο
1715 4709 1930 4778 γίνηται
1950 4710 2060 4766 τῶν

473 4786 788 4856 ἀκροατῶν,
813 4785 1064 4855 καθάπερ
1084 4785 1178 4837 καὶ
1205 4785 1289 4852 ἐφ’
1320 4783 1494 4853 ὑμῶν.
1521 4785 1745 4855 Νομίζω
1768 4784 1884 4854 οὖν,
1903 4791 2056 4860 φησί,

480 4869 659 4922 τοῦτο
692 4869 880 4922 καλὸν
911 4869 1223 4937 ὑπάρχειν.
1264 4868 1426 4938 Ὁρᾷς
1463 4865 1626 4919 πάλιν
1653 4869 1944 4940 ὑφειμένον
1969 4875 2060 4926 τὸν

481 4947 638 5017 λόγον
678 4949 774 5001 καὶ
821 4948 1000 5019 πάσης
1035 4947 1240 5017 ἔρημον
1275 4946 1539 5011 ἐξουσίας.
1577 4947 1727 5020 [306]
1757 4951 1946 5006 Καίτοι
1993 4971 2057 5023 γε

479 5027 608 5096 ἐνῆν
645 5025 819 5088 οὕτως
865 5026 1068 5078 εἰπεῖν’
1135 5025 1354 5095 Ἐπειδὴ
1387 5026 1415 5076 6
1450 5025 1655 5097 Κύριος
1687 5029 1786 5082 οὐκ
1828 5032 2058 5099 ἐπέταξε

479 5105 798 5174 παρθενίαν,
829 5103 916 5156 διὰ
944 5102 1101 5156 τοῦτο
1125 5103 1245 5156 οὺδέ
1281 5105 1391 5173 ἐγώ
1412 5122 1425 5135 ο
1465 5106 1817 5176 συμϐουλεύω
1846 5109 1903 5162 δὲ
1929 5112 2056 5181 ὑμῖν

479 5185 578 5236 καὶ
609 5182 860 5254 παραινῶ
886 5182 1045 5235 τοῦτο
1081 5181 1296 5252 ζηλοῦν,
1326 5185 1419 5262 καὶ
1446 5185 1552 5256 γὰρ
1586 5187 1877 5254 ἀπόστολος
1904 5192 2058 5262 ὑμῶν

478 5265 616 5331 είμι.
655 5262 920 5333 Καθάπερ
955 5262 1049 5314 καὶ
1093 5262 1230 5332 μετά
1261 5261 1432 5316 ταῦτα
1465 5263 1844 5336 διαλεγόμενος
1871 5261 2058 5336 αὐτοῖς

480 5341 663 5424 ἔλεγεν
684 5361 696 5374 ·
734 5345 801 5396 Εἰ
839 5342 1050 5424 ἀφίοις
1082 5341 1760 5424 οὺκᾷείμίξάπόστολος,
1791 5349 1950 5406 ἀλλά
1991 5371 2057 5424 τε

480 5423 622 5492 ὑμῖν
657 5425 792 5491 είμι,
849 5421 984 5474 Ἀλλ’
1031 5421 1262 5476 ἐνταῦθα
1295 5422 1448 5476 οὐδὲν
1487 5425 1693 5479 τούτων
1737 5421 2052 5500 φθέγγεται,

477 5505 612 5558 ἀλλὲι
664 5504 1046 5584 μετάνπολλῆς
1096 5503 1308 5572 φειδοῦς
1340 5507 1452 5570 τοῖς
1492 5509 1701 5578 ῥήμασι
1752 5513 2052 5584 κέχρηται,

476 5587 598 5639 ἀντὶ
631 5588 726 5654 μὲν
751 5583 867 5666 τοῦ,
906 5584 1283 5666 Συμϐουλεύω,
1314 5588 1570 5655 Γνώμην
1596 5583 2052 5666 δίδωμι,νλέίγων.

471 5670 595 5721 ἐντὶ
626 5668 680 5720 δὲ
723 5665 848 5731 106,
903 5665 992 5729 Ὡς
1023 5666 1341 5730 διδάσκαλος
1361 5708 1375 5731 ,
1433 5669 1531 5733 Ὠς
1561 5671 1898 5743 ἠλεημένος
1928 5679 2052 5734 ὑπὸ

474 5752 696 5816 Κυρίου
738 5747 954 5812 πιστὸς
998 5743 1176 5801 εἶναι·
1209 5748 1301 5800 καὶ
1332 5750 1476 5802 ὥσπε
1486 5768 1518 5822 ρ
1569 5753 1686 5806 ούδέ
1720 5756 1923 5812 τούτων
1951 5761 2053 5834 ἀρ-

476 5829 712 5887 νςιύντων
757 5829 893 5899 πρὸς
932 5828 992 5880 16
1027 5829 1454 5898 συνεσταλμένον
1488 5835 1707 5904 ποιῆσαι
1746 5839 1836 5893 τὸν
1872 5828 2047 5912 λόγον,

541 5923 561 5996 ξ
590 5924 713 5996 ἷξες.
737 5921 921 5996 el.Sa‘v’.
956 5920 1249 5996 προσίεσθαι.
1274 5921 1377 5996 Μοι-
1420 5930 1476 5996 ει
1506 5925 1719 5996 Plan_lin.
1748 5936 2050 5996 προσθέσθαι,

536 5987 564 6017 ⁸
588 5984 710 6050 110g.
746 5986 846 6039 πῶς
865 5985 948 6032 δύο
971 5984 1189 6044 ἀναγκῶν
1213 5984 1554 6050 ἀπειλημμένος
1579 5991 1741 6053 μέσον.

1193 341 1249 395 S.
1289 339 1573 396 JOANNIS
1611 333 2095 397 CHRYSOSTOMI
2133 333 2454 391 ARCIHEP.
2497 333 3047 392 CONSTANTINHP.
3687 334 3786 390 Em:

2189 455 2492 526 ἀρχόμενος
2511 457 2610 526 τῆς
2633 455 2942 529 συμϐουλῆς
2961 455 3320 526 ὑποτέμνεται
3334 455 3497 510 πάλιν
3515 456 3623 527 τὴν
3640 457 3782 524 ἐξου-

2191 537 2329 600 σίαν.
2346 540 2444 608 οὐχ
2463 540 2646 604 ἁπλῶς
2667 540 3124 610 ἀποφαινόμενος,
3148 539 3282 593 ἀλλὰ
3304 540 3396 592 καὶ
3411 541 3594 593 αἰτίαν
3613 555 3779 608 7:903-

2187 620 2386 685 τιθείςσ
2416 621 2640 691 Νομίζω
2673 623 2778 696 γάρ
2813 622 2990 676 τοῦτο
3022 623 3215 676 καλὸν
3251 625 3570 692 ὑπάρχειν.
3622 625 3777 694 φησί,

2187 704 2286 759 διὰ
2323 704 2438 774 τὴν
2465 705 2818 761 ἐνεστῶσαν
2862 706 3154 777 ἀνάγκην.
3187 707 3380 760 Καίτοι
3419 723 3481 774 γε
3513 708 3608 759 ὅτε
3655 709 3778 777 περὶ

2189 789 2514 859 ἐγκρατείας
2532 789 2822 858 διελέγετο,
2839 789 2962 843 οὔτε
2990 790 3070 854 16,
3096 790 3342 860 Νομίζω,
3371 790 3778 854 τέθεικεν,οῦτε

2187 873 2366 925 αἰτίαν
2407 874 2558 939 τινὰ,
2598 874 2713 927 ἀλλ’
2747 873 2954 938 ἁπλῶς,
2977 874 3184 928 Καλὸν
3207 874 3413 940 αὐτοῖς
3436 875 3642 938 ἐστιν,
3676 874 3780 927 ἐὰν

2180 957 2469 1026 μείνωσιν
2488 958 2570 1024 ὡς
2589 957 2766 1027 κάγώ’
2787 959 3020 1013 ἐνταῦθα
3041 958 3118 1024 δέ,
3138 956 3363 1029 Νομίζω
3379 958 3530 1012 εἶναι
3557 959 3774 1013 καλόν.

2186 1041 2359 1093 Τοῦτο
2377 1041 2434 1094 δέ
2447 1044 2592 1094 ποιεῖ
2607 1042 2632 1082 ι)
2650 1042 2750 1096 οὐκ
2766 1042 3123 1114 ἀμφιϐάλλων
3148 1043 3276 1117 περὶ
3303 1044 3397 1096 τοῦ
3421 1044 3773 1114 πράγματος·

2183 1126 2396 1192 ἄπαγε·
2431 1125 2570 1179 ἀλλά
2596 1128 2662 1197 τῇ
2705 1125 3152 1181 τῶνάκουόντων
3192 1128 3370 1198 κρίσει
3399 1128 3462 1180 16
3498 1131 3617 1181 πᾶν
3666 1130 3775 1181 ἐπι-

2183 1209 2383 1278 τρέψαι
2422 1207 2764 1280 βουλόμενος.
2809 1209 3062 1264 Τοιοῦτον
3095 1211 3204 1284 γάρ
3235 1214 3264 1266 6
3313 1212 3650 1283 σύμϐουλος,
3685 1213 3774 1264 οὐκ

2184 1293 2348 1356 αὐτὸς
2391 1295 2504 1356 τοῖς
2548 1293 2862 1364 λεγομένοις
2892 1294 3187 1364 ψηφίζεται
3207 1334 3221 1358 ,
3255 1296 3394 1350 ἀλλά
3423 1297 3483 1350 16
3531 1298 3656 1350 πᾶν
3684 1296 3773 1349 61:6

2183 1377 2282 1448 τὴν
2312 1376 2494 1446 κρίσιν
2518 1376 2712 1448 ἀφίησι
2739 1377 2954 1432 κεῖσθαι
2977 1378 3087 1431 τῶν
3112 1381 3416 1449 ἀκροατῶν.

2253 1459 2384 1515 ΜΓ.
2405 1461 2571 1515 Ποίαν
2587 1461 2642 1515 δέ
2672 1462 2767 1514 καὶ
2784 1463 3032 1532 ἀνάγκην
3058 1464 3293 1518 ἐνταῦθά
3315 1482 3480 1536 φησιν
3505 1460 3664 1536 ςᾶρα
3688 1467 3771 1533 τὴν

2183 1543 2292 1596 ἀπὸ
2313 1544 2412 1614 τῆς
2433 1545 2650 1613 φύσεως
2667 1561 2680 1609 ;
2699 1547 3215 1618 Οὐδαμῶς-,Πρῶτον
3234 1549 3332 1619 μὲν
3349 1549 3479 1620 γάρ,
3499 1552 3545 1602 εἰ
3570 1552 3770 1618 ταύτην

2182 1627 2365 1696 ἔλεγε,
2402 1627 2712 1681 τούναντίον
2761 1628 2828 1682 ἂν
2870 1625 3042 1701 οὗπερ
3091 1631 3341 1686 ἐϐούλετο
3393 1633 3766 1687 κατεσκεύασε

2184 1711 2532 1784 μεμνημένος
2557 1713 2756 1783 αὐτῆς·
2779 1714 2828 1766 οἱ
2858 1712 2968 1784 γὰρ
2999 1713 3312 1786 βουλόμενοι
3333 1721 3534 1787 γαμεῖν
3566 1717 3767 1782 ταύτην

2179 1796 2292 1850 ἄνω
2325 1796 2420 1850 καὶ
2448 1797 2599 1850 κάτω
2639 1796 2951 1870 στρέφουσι.
2982 1797 3245 1871 Δεύτερον
3273 1801 3331 1854 δὲ
3360 1801 3462 1854 οὐκ
3501 1801 3572 1854 ἀν
3603 1803 3766 1867 αὐτὴν

2179 1879 2529 1934 ἐνεστῶσαν
2559 1881 2838 1935 ἐκάλεσεν’
2869 1882 2930 1934 οὐ
2960 1881 3070 1952 γὰρ
3093 1883 3188 1936 νῦν
3213 1884 3462 1955 πρῶτον,
3488 1883 3616 1938 ἀλλ’
3642 1886 3766 1940 ἄνω·

2180 1961 2271 2016 θεν
2293 1966 2372 2028 εἰς
2397 1963 2459 2017 16
2479 1964 2587 2018 τῶν
2607 1963 2910 2035 ἀνθρώπων
2935 1966 3310 2038 κατεφυτεύθη
3342 1968 3522 2032 γένος.
3550 1969 3657 2022 καὶ
3681 1970 3765 2022 πὶ·

2178 2046 2267 2102 λαι
2296 2048 2394 2118 μέν
2421 2049 2776 2121 χαλεπωτέρα
2805 2049 2900 2104 καὶ
2925 2049 3313 2115 ἀτιθάσσευτος
3341 2047 3432 2123 ἦν’
3457 2069 3762 2124 παραγενο-

2181 2131 2344 2203 μένου
2386 2132 2442 2186 δέ
2480 2132 2574 2186 τοῦ
2616 2133 2874 2206 Χριστοῦ,
2906 2135 3000 2188 καὶ
3029 2136 3129 2206 τῆς
3157 2136 3358 2207 ἀρετῆς
3389 2137 3759 2206 ἐπιδοθείσης.

2177 2214 2648 2284 εὐκαταγώνιστος
2673 2218 2916 2286 γέγονεν.
2943 2219 3107 2271 Ὥστε
3144 2220 3205 2271 οὐ
3237 2221 3366 2291 περὶ
3392 2220 3604 2292 ταύτης
3637 2223 3666 2274 6
3695 2223 3762 2274 λόο

2176 2317 2272 2369 γος
2305 2299 2487 2371 αὐτῷ,
2523 2301 2637 2355 ἀλλ’
2686 2302 2880 2374 ἐτέραν
2921 2303 3044 2358 τινὰ
3081 2305 3378 2359 αἰνίττεται
3426 2306 3759 2378 πολύτροπον

2176 2385 2274 2437 καὶ⁵
2304 2383 2580 2456 πολυειδῆ.
2609 2384 2706 2448 Τίς
2735 2381 2828 2439 οὖν
2854 2386 3003 2440 ἐστιν
3031 2386 3204 2458 αῦτη;
3235 2388 3300 2440 Ἥ
3326 2386 3437 2440 τῶν
3465 2391 3524 2442 ἐν
3556 2389 3642 2459 τῷ
3682 2391 3761 2459 βίῳ

2176 2468 2520 2540 πραγμάτων
2545 2468 2862 2542 διαστροφή.
2895 2469 3144 2542 Τοσαύτη
3175 2471 3285 2542 γάρ
3320 2473 3471 2524 ἐστιν
3501 2474 3532 2542 ή
3579 2474 3758 2543 σύγχυ-

2177 2568 2262 2615 σις
2281 2592 2296 2616 ,
2331 2551 2570 2622 τοσαύτη
2596 2551 2708 2605 τῶν
2735 2552 3030 2622 φροντίδων
3061 2554 3094 2624 ἠ
3129 2555 3417 2625 τυραννὶς,
3456 2557 3714 2621 τοσοῦτος
3739 2558 3759 2608 ἐ

2174 2635 2284 2688 τῶν
2308 2635 2684 2706 περιστάσεων
2714 2635 2890 2706 ὄχλος,
2912 2636 2989 2699 ὼς
3009 2637 3105 2689 καὶ
3131 2637 3334 2692 ἄκοντα
3364 2639 3534 2693 πολλά
3570 2641 3758 2694 πολλὰ·

2175 2735 2264 2780 κις
2309 2719 2717 2786 ἀναγκάζεσθαι
2747 2719 2838 2772 τὸν
2881 2715 3234 2791 γεγαμηκότα
3281 2723 3630 2794 ἁμαρτάνειν
3684 2727 3758 2777 καὶ

2174 2801 2282 2870 πλη
2292 2802 2530 2872 μμελεῖν.

2239 2885 2451 2939 ΜΔ’.Τὸ
2465 2887 2566 2957 μέν
2579 2888 2687 2960 γάρ
2701 2888 2930 2942 παλαιὸν
2941 2887 3002 2940 οὐ
3017 2887 3266 2942 τοσοῦτον
3285 2890 3415 2961 ἡμῖν
3428 2891 3644 2963 ἀρετῆς
3655 2895 3756 2962 1:96-

2175 2985 2329 3022 κειτο
2357 2969 2579 3041 μέτρον,
2607 2971 2743 3025 ἀλλά
2767 2973 2862 3024 καὶ
2883 2970 3192 3042 ἀμύνασθαι
3209 2972 3301 3026 τὸν
3329 2973 3655 3038 ἀδικοῦντα,
3681 2978 3753 3028 καὶ

2175 3051 2823 3149 ἀντιλοιδορήσασθαξντῷ
2851 3053 3272 3149 λοιδορουμένῳ,
3321 3058 3416 3109 καὶ
3462 3060 3750 3128 χρημάτων
3817 3083 3819 3149 γ

2175 3135 2609 3206 ἐπιμελήσασθαι
2653 3137 2804 3206 ἐξῆν.
2845 3138 2941 3191 καί
2977 3138 3306 3209 εὐορκοῦντα
3349 3141 3627 3210 ὀμνύναι,
3680 3145 3751 3194 καί
3815 3179 3817 3225 Ι

2172 3217 2449 3288 ὀφθαλμὸν
2486 3217 2736 3291 ἐξορύξαι
2769 3221 2890 3274 ἀντὶ
2921 3220 3226 3292 ὀφθαλμοῦ,
3251 3225 3345 3275 καὶ
3391 3225 3634 3295 μισῆσαι
3680 3228 3749 3278 τίν
3813 3247 3815 3299 ι

2174 3301 2367 3372 ἐχθρὸν
2386 3341 2400 3363 ,
2432 3302 2523 3355 καὶ
2547 3302 2670 3356 οὐτε
2697 3306 2903 3376 τρυφᾷν
2923 3347 2937 3371 ,
2969 3304 3092 3358 οὐτε
3124 3307 3477 3377 ὀργίζεσθαι,
3513 3310 3648 3362 οὔτε
3676 3329 3748 3378 τρο
3811 3317 3813 3373 ἶ

2173 3388 2336 3438 ναῖκα
2376 3385 2473 3456 τὴν
2515 3387 2611 3456 μὲν
2642 3387 2947 3452 ἐκϐάλλειν,
2981 3389 3081 3459 τὴν
3119 3389 3176 3442 δὲ
3205 3391 3554 3460 ἀντεισάγειν
3596 3396 3748 3446 κεκώ-
3810 3411 3811 3449 ι

2173 3469 2317 3526 λυτο.
2347 3471 2454 3522 Καὶ
2481 3471 2540 3522 οὐ
2565 3470 2722 3524 τοῦτο
2749 3471 2926 3540 μόνον,
2955 3471 3092 3525 ἀλλά
3118 3474 3212 3526 καὶ
3248 3473 3340 3527 δύο
3378 3477 3518 3528 κατά
3571 3480 3746 3530 ταυτὸν
3808 3491 3809 3523 ι

2172 3551 2304 3621 ὀμοῦ
2340 3556 2602 3621 γυναῖκας
2654 3553 2798 3624 ἔχειν
2829 3557 2858 3607 6
2904 3556 3066 3625 νόμος
3099 3557 3404 3628 ἐπέτρεπε,
3450 3560 3548 3613 καὶ
3597 3562 3745 3626 πολλὴ
3806 3587 3807 3599 ι

2174 3637 2268 3688 καὶ
2290 3639 2346 3689 ἐν
2373 3635 2582 3701 τούτοις
2605 3639 2698 3691 καί
2719 3641 2776 3692 ἐν
2794 3641 2907 3702 τοῖς
2931 3639 3112 3704 ἄλλοις
3135 3639 3390 3712 ἔιπασινή
3421 3644 3743 3710 συγκατάόα-
3804 3659 3805 3673 ‘

2175 3734 2259 3781 σις
2295 3713 2384 3789 ἦν.
2420 3719 2574 3773 Μετά
2614 3720 2672 3772 δὲ
2703 3722 2801 3793 τὴν
2831 3721 2923 3774 τοῦ
2973 3723 3212 3792 Χριστοῦ
3245 3727 3550 3795 παρουσίαν
3587 3727 3746 3795 πολλῷ

2175 3803 2479 3897 στενωτέρα
2505 3803 2726 3897 γέγονεν
2751 3806 2783 3876 ἡ
2805 3805 3028 3897 ἐδὸς,ρύ
3053 3806 3216 3876 μόνον
3229 3808 3307 3897 τῶ
3326 3809 3637 3878 τὴνάὀειαν
3657 3813 3743 3863 τῶν

2173 3886 2477 3956 εἰρημένων
2523 3887 2778 3941 ἀπάντων
2811 3889 2910 3958 τὴν
2943 3888 3149 3958 ἄφατον
3179 3891 3382 3961 ταύτην
3415 3894 3512 3947 καὶ
3562 3895 3741 3963 πολλὴν
3796 3953 3797 3973 γ

2171 3970 2537 4040 περικοπῆναι
2567 3971 2666 4040 τῆς
2695 3970 2942 4036 ἐξουσίας
2969 3973 3066 4044 τῆς
3096 3975 3390 4045 ἡμετέρας,
3411 3977 3548 4031 6116
3573 3982 3663 4032 καὶ
3683 3980 3740 4046 τῷ
3793 4015 3795 4047 γ

2169 4051 2269 4122 τὴν
2295 4053 2466 4106 πολλά
2494 4053 2755 4118 πολλάκις
2787 4055 3183 4110 ἀναπείθουσαν
3211 4061 3305 4112 καὶ
3337 4061 3738 4129 ἀναγκάζουσιν
3791 4069 3793 4121 |

2170 4136 2318 4206 ἡμᾶς
2339 4137 2430 4189 καὶ
2459 4135 2691 4200 ἄκοντας
2713 4138 3047 4209 ἁμαρτάνειν
3072 4146 3307 4208 γυναῖκα
3330 4184 3346 4210 ,
3379 4145 3593 4216 ταύτην
3617 4148 3738 4199 ἕνεοά

2169 4217 2314 4290 ἐχειν
2350 4219 2669 4285 διαπαντὸς.
2704 4221 2737 4292 ἢ
2781 4223 3028 4294 μοιχείας
3075 4226 3393 4281 ἁλίσκεσθαι
3431 4228 3736 4300 βουλόμενον

2169 4301 2473 4358 ἐκϐάλλειν.
2501 4303 2575 4356 Οὐ
2596 4304 2767 4377 ταύτῃ
2798 4306 2854 4358 δέ
2879 4307 3037 4377 μόνον
3066 4312 3198 4379 ἡμῖν
3236 4312 3265 4380 ἡ
3307 4312 3481 4383 ἀρετὴ
3509 4313 3734 4366 δυσκατ-

2168 4386 2422 4458 όρθωτος,
2460 4387 2573 4441 ἀλλ’
2604 4389 2706 4452 ὅτι,
2731 4390 2835 4443 κᾶν
2863 4391 3086 4444 ἀνεκτὸν
3111 4391 3260 4465 [504]
3285 4389 3418 4464 ἦθος
3444 4396 3546 4467 ἔχη
3576 4399 3607 4466 ἡ
3634 4413 3736 4448 cur

2167 4471 2390 4524 οικοῦσα
2415 4511 2430 4534 ,
2469 4474 2498 4526 6
2524 4471 2592 4524 δι’
2617 4471 2788 4543 αὐτὴν
2813 4475 2906 4527 καὶ
2925 4474 2992 4528 τά
3021 4475 3217 4542 ἔκγονα
3237 4477 3304 4530 16
3325 4478 3546 4548 ἐκείνης
3568 4482 3735 4551 περιρ

2169 4553 2308 4623 ῥέων
2348 4556 2495 4625 ἡμᾶς
2526 4555 2821 4624 φροντίδων
2851 4557 3005 4628 ὄχλος
3051 4559 3170 4619 ούδέ
3219 4561 3415 4634 μικρὸν
3457 4563 3733 4630 ἀναϐλέψαι

2169 4637 2306 4707 πρὸς
2351 4639 2442 4692 τὸν
2485 4639 2714 4710 οὐρανὸν
2768 4645 3073 4713 συγχωρεῖ,
3124 4644 3387 4698 πάντοθεν
3440 4645 3626 4719 ὥσπερ
3667 4664 3732 4706 τις

2169 4719 2375 4790 ἴλιγγος
2404 4724 2784 4794 περιστρέφων
2815 4726 2907 4777 καὶ
2943 4726 3219 4795 βαπτίζων
3244 4729 3406 4799 ἡμῶν
3433 4731 3531 4795 τὴν
3553 4733 3729 4800 ψυχήν.

2170 4808 2310 4878 Ὅρα
2330 4807 2457 4878 γάρ’
2484 4807 2728 4876 βούλεται
2748 4819 2770 4846 ε
2791 4809 2880 4861 τὸν
2904 4810 3010 4862 τῶν
3036 4811 3261 4864 ἰδιωτῶν
3288 4813 3401 4882 βίον
3431 4816 3524 4867 τὸν
3543 4816 3731 4868 ἀκίνδυ-

2167 4900 2254 4944 νον
2280 4891 2468 4943 τοῦτον
2502 4891 2596 4944 καὶ
2625 4892 2955 4963 ἀπράγμονα
2987 4894 3084 4965 ζῇν
3114 4899 3141 4948 ὀ
3169 4897 3328 4967 ἀνήρ’
3364 4897 3485 4949 ἀλλ’
3513 4901 3632 4951 ὅταν
3663 4897 3730 4967 ἷξε

2167 4975 2363 5039 παῖδας
2409 4976 2782 5046 περιεστῶτας
2805 4978 2898 5029 καὶ
2927 4983 3161 5046 γυναῖκα
3199 4980 3452 5051 δαπάνης
3493 4983 3729 5052 δεομένην

2167 5059 2389 5129 πολλῆς,
2419 5060 2511 5112 καὶ
2535 5061 2684 5114 ἀκων
2709 5061 2788 5123 είς
2815 5061 2907 5113 τὸν
2936 5061 3044 5114 τῶν
3077 5063 3369 5116 πολιτικῶν
3411 5068 3728 5136 πραγμάτων

2167 5143 2390 5215 ἔρριψεν
2427 5144 2618 5196 ἐαυτὸν
2645 5145 2908 5199 κλύδωνα.
2949 5148 3096 5200 Ἐκεῖ
3128 5147 3183 5200 δὲ
3225 5151 3542 5219 ἐμπεσόντα
3568 5151 3724 5201 λοιπαὶ-δ

2164 5225 2284 5278 οὐδὲ
2318 5225 2464 5279 ἐστιν
2497 5227 2668 5278 εἰπεῖν
2697 5228 2797 5280 ὅσα
2828 5230 3164 5300 ἁμαρτάνειν
3187 5233 3436 5304 ἀνάγκη,
3465 5234 3726 5305 ὀργιζόμε-

2163 5327 2274 5377 νον,
2303 5310 2561 5380 ὀμνύντα,
2585 5310 3011 5383 λοιδορούμενον,
3045 5317 3388 5388 ἀμυνόμενον
3408 5359 3424 5381 ,
3458 5320 3719 5388 ὐποκρινὲ-

2169 5413 2328 5466 μενον
2349 5395 2400 5459 δ,
2433 5395 2603 5449 πολλά
2641 5387 2778 5468 πρὸς
2821 5397 3016 5468 χάριν,
3061 5387 3235 5454 πολλὰ
3277 5404 3416 5474 πρὸς
3451 5387 3724 5474 ἀπέχθεια-ι

2163 5479 2444 5533 ποιοῦντα.
2473 5479 2596 5543 Πῶς
2619 5479 2728 5552 γάρ
2749 5480 2826 5534 ἔνι
2851 5483 3215 5554 στρεφόμενον
3237 5487 3295 5537 ἐν
3327 5487 3468 5560 ζάλῃ
3487 5491 3717 5556 τοσαᾴτς.

2161 5565 2256 5616 καὶ
2299 5561 2622 5634 βουλόμενον
2674 5565 2982 5635 εὐδοκιμεῖν
3025 5569 3082 5620 ἐν
3113 5569 3282 5640 αὐτῇ,
3333 5571 3409 5642 μὴ
3448 5572 3598 5624 πολὺν
3644 5571 3720 5620 τὴν

2160 5647 2269 5701 ἀπὸ
2288 5647 2398 5700 τῶν
2421 5648 2835 5720 ἁμαρτημάτων
2860 5652 3283 5721 προστρίϐεσθαι
3311 5654 3510 5724 ρύπονς
3543 5655 3641 5705 Καὶ
3665 5653 3724 5704 τὲ

2222 5753 2248 5828 ξ)
2276 5754 2399 5815 Reg.
2408 5754 2609 5828 ..νομίζω
2616 5817 2625 5828 ι
2649 5754 2728 5802 οὖν
2747 5751 2890 5826 19610
2917 5755 3032 5803 εἶναι
3070 5759 3215 5805 καλὸν
3254 5759 3334 5806 διὰ
3369 5761 3457 5816 τήν
3479 5760 3720 5807 ἑνεστῶστν

2157 5817 2381 5877 ἀνάγκην.
2408 5817 2562 5863 Τοῦτο
2585 5817 2635 5864 δὲ
2666 5817 2808 5863 ποιεῖ.

2227 5880 2250 5941 (ξ
2276 5879 2398 5937 Reg.
2422 5879 2594 5941 ψυχήν.
2628 5877 2738 5925 Ἐάν
2758 5879 2848 5941 γὰρ
2869 5878 2948 5941 καὶ
2970 5878 3217 5941 βούληται.

2225 5939 2251 5978 d
2279 5939 2747 6011 Βρε.ιόργιζόμεε(ον,
2795 5939 3057 6002 ὑϐρίζοντα,
3100 5944 3323 6008 ὀμνύντα,
3363 5943 3718 6009 λοιδοροῦμπῆ

2160 6004 2541 6066 ὑποκρινόμενον.
