3844 6312
196 400 299 456 505

192 517 464 570 molestam
495 513 722 571 reddidit
753 558 766 579 ,
796 516 889 570 sed
929 516 1084 572 etiam
1115 515 1252 586 quod
1297 513 1610 572 beneﬁcium
1659 511 1761 568 hoc

193 623 294 660 non
334 623 524 670 suum,
567 607 662 661 sed
691 607 884 661 Christi
939 623 1056 662 esse
1106 607 1266 662 dicat.
1313 607 1428 662 Non
1473 606 1616 661 enim
1654 603 1758 666 ait,

192 695 267 751 {ie
316 697 605 768 virginibus
647 713 750 752 non
799 699 1078 768 pra'cipio,
1119 699 1212 754 sed
1240 741 1254 763 ,
1303 697 1762 768 Prwceptumnon

190 789 381 843 habeo:
405 790 554 859 quasi
581 789 785 845 diceret
814 809 828 846 :
860 789 914 847 Si
963 792 1209 845 lnnnanis
1256 790 1552 845 rationibus
1589 797 1763 842 motus

191 878 300 950 ipse
340 880 454 934 lucc
477 879 824 944 cohortarer,
863 897 968 936 non
1009 882 1278 937 ﬁdendum
1324 891 1468 936 esset
1500 899 1514 935 :
1547 890 1602 935 at
1641 895 1762 934 cum

191 970 242 1024 id
273 971 380 1026 Deo
408 973 581 1026 visum
607 973 712 1035 sit,
756 982 958 1028 certum
991 982 1074 1028 est
1112 974 1297 1044 pignus
1327 973 1603 1028 libertatis.
1638 972 1762 1026 Mihi

188 1063 404 1131 quidem
455 1078 518 1117 ea
561 1064 856 1133 imperandi
904 1063 1125 1120 facultas
1179 1075 1262 1120 est
1311 1074 1534 1134 erepta:
1579 1064 1672 1118 sed
1719 1065 1763 1117 si

188 1153 371 1208 audire
402 1153 560 1207 vultis
588 1154 730 1208 velut
753 1167 1104 1218 conservum,
1136 1155 1411 1209 Consilium
1439 1156 1505 1208 do
1528 1195 1544 1220 ,
1570 1155 1760 1225 inquit,

189 1251 442 1314 tamquam
479 1244 870 1298 misericordiam
905 1254 1233 1315 consequutus
1263 1264 1294 1298 u
1336 1243 1553 1300 Domino
1582 1254 1636 1298 ut
1671 1243 1767 1297 sim

189 1335 371 1401 ﬁdelis.
410 1336 582 1404 Atque
611 1334 710 1389 hoc
746 1335 865 1391 loco
894 1333 1042 1388 Pauli
1085 1351 1349 1389 sumntttm
1394 1334 1674 1390 artiﬁcium
1704 1347 1767 1388 ac

191 1425 467 1494 prudentia
514 1426 753 1481 miranda
796 1435 919 1492 est,
973 1426 1420 1497 quemadmodum
1467 1427 1604 1480 inter
1659 1424 1768 1478 duo

191 1518 517 1584 necessaria,
543 1533 714 1588 eaque
758 1519 1043 1585 contraria,
1072 1518 1427 1588 interceptus,
1479 1529 1586 1572 tum
1633 1527 1688 1570 ut
1709 1531 1767 1571 se

189 1607 617 1672 commendaret,
647 1624 751 1679 quo
767 1609 1046 1664 consilium
1080 1610 1356 1680 plausibile
1381 1618 1553 1674 esset,
1579 1619 1686 1662 tum
1713 1616 1770 1661 ut

192 1698 323 1752 nihil
351 1699 416 1754 de
446 1715 502 1754 se
533 1715 780 1770 magnum
810 1701 1153 1770 praedicaret,
1179 1702 1375 1772 quippe
1417 1701 1533 1771 ejus
1564 1700 1769 1754 virtutis

189 1803 399 1855 exsors,
454 1789 701 1845 brevibus
729 1791 906 1846 verbis
951 1799 1234 1862 utrumque
1276 1799 1640 1861 consequutus
1677 1789 1765 1844 sit.

188 1877 322 1932 Nam
349 1879 438 1948 qui
464 1879 626 1945 dicat,
652 1880 936 1950 Tamquam
985 1882 1382 1936 misericordiam
1415 1889 1766 1950 consequutus,

187 1969 424 2038 quodam
453 1970 611 2025 modo
634 1985 692 2026 se
714 1972 1053 2028 commendat
1081 1991 1094 2028 :
1122 1974 1210 2043 qui
1241 1988 1299 2029 se
1335 1973 1525 2044 potiori
1556 1971 1771 2026 nomine

187 2074 300 2115 non
335 2061 710 2128 commendet,
752 2062 985 2118 vicissim
1019 2078 1078 2118 se
1106 2072 1358 2119 extenuat
1395 2077 1460 2118 ac
1496 2061 1767 2132 deprimit.

263 2148 421 2205 XLII.
449 2147 530 2205 De
557 2149 711 2206 Pauli
737 2153 1034 2208 humilitate.
1066 2184 1138 2196 -
1162 2154 1278 2209 Non
1308 2155 1451 2210 enim
1479 2154 1552 2209 ait
1576 2195 1592 2222 ,
1623 2154 1770 2210 Con-

186 2238 368 2293 silium
393 2239 483 2306 do,
511 2250 567 2294 ut
591 2241 677 2296 cui
702 2242 956 2298 creditum
979 2243 1044 2298 sit
1069 2245 1422 2314 evangelium,
1450 2252 1509 2299 ut
1531 2243 1771 2300 delectus

185 2330 426 2399 gentium
447 2347 640 2400 przcco,
662 2341 719 2387 ut
744 2335 827 2389 cui
859 2334 910 2388 in
929 2349 1023 2390 vos
1040 2335 1397 2404 magisterium
1425 2336 1768 2392 commissum

187 2424 282 2487 sit,
310 2433 370 2477 ut
395 2423 582 2478 doctor
601 2434 760 2495 atque
787 2426 892 2481 dux
918 2442 934 2492 ;
964 2426 1058 2483 scd
1083 2427 1251 2498 quid?
1276 2425 1556 2500 Tamquam
1579 2428 1745 2483 miseri
1755 2458 1774 2469 -

184 2515 418 2568 cordiam
471 2527 800 2585 consequutus
845 2534 863 2572 :
913 2533 1122 2589 eoque,
1175 2518 1314 2589 quod
1366 2519 1540 2573 minus
1591 2529 1766 2587 esset,

190 2606 500 2675 proposito;
535 2622 654 2660 nam
705 2608 880 2662 minus
927 2619 1008 2664 est
1055 2609 1262 2665 fidelem
1291 2611 1567 2666 dumtaxat
1609 2625 1766 2676 esse,

185 2711 349 2766 quam
400 2695 630 2751 ﬁdelium
675 2700 1004 2769 magistrum.
1048 2700 1325 2771 Aliamque
1366 2716 1574 2756 rursum
1620 2711 1769 2757 exte-

188 2786 495 2841 nuationem
522 2786 820 2843 meditatur.
859 2787 1151 2856 Quamnam
1174 2790 1197 2843 ?
1221 2789 1336 2844 Non
1363 2791 1437 2845 ait
1460 2833 1474 2858 ,
1508 2791 1574 2846 Ut
1601 2790 1772 2847 ﬁdelis

185 2877 413 2932 effectus
435 2920 449 2940 ,
481 2879 573 2934 sed
598 2921 612 2944 ,
644 2877 908 2947 Tanquam
956 2881 1349 2936 misericordiam
1401 2893 1730 2952 consequutus
1751 2925 1768 2952 ,

187 2979 246 3020 ut
275 2969 368 3022 sim
391 2968 573 3036 ﬁdelis.
599 2969 675 3024 Ne
699 2972 1048 3042 apostolatqu
1079 2975 1247 3028 solutn
1274 3015 1287 3039 ,
1318 2974 1766 3044 pradieationem,

188 3069 246 3112 et
277 3060 632 3129 magisterium
665 3062 757 3116 Dei
789 3063 1160 3119 muniﬁcentia:
1187 3075 1364 3135 putate
1397 3081 1410 3118 :
1445 3083 1566 3122 nam
1598 3068 1768 3137 ipsum

187 3150 354 3204 etiam
379 3149 599 3210 credere
629 3153 755 3206 mihi
782 3156 896 3223 ejus
924 3155 1283 3211 misericordia
1311 3171 1622 3214 concessum
1649 3169 1766 3216 est:

188 3239 310 3295 Non
341 3242 504 3308 enim,
537 3243 724 3312 inquit,
753 3246 892 3314 quod
921 3246 1107 3318 dignus
1137 3263 1330 3316 essem,
1365 3247 1519 3304 ﬁdem
1549 3251 1726 3320 accepi
1752 3267 1767 3317 ;

188 3335 289 3388 sed
316 3334 456 3404 quod
486 3336 901 3392 misericordiam
932 3339 1031 3393 sim
1057 3350 1434 3410 consequutus.
1466 3341 1770 3398 Misericor-

187 3425 280 3480 dia
328 3436 503 3482 autcm
552 3430 734 3496 gratia:
779 3439 898 3494 est,
931 3446 1035 3486 non
1081 3447 1147 3487 ex
1198 3434 1407 3488 merito.
1441 3434 1621 3505 Itaque
1668 3437 1770 3492 nisi

190 3519 418 3573 multum
447 3521 744 3578 misericors
768 3534 908 3578 esset
931 3525 1089 3594 Deus,
1118 3541 1220 3579 non
1250 3534 1449 3582 tantum
1476 3529 1766 3598 apostolus,

187 3608 289 3664 sed
319 3625 386 3665 ne
403 3608 568 3666 ﬁdelis
585 3612 794 3682 quidem
813 3630 1061 3686 umquam
1090 3617 1226 3672 efliei
1257 3620 1562 3688 potuissem.
1585 3620 1769 3677 Viden’

185 3702 336 3755 servi
363 3710 569 3771 gratum
611 3708 842 3758 animum
889 3715 1045 3777 atque
1073 3709 1357 3764 contritum
1382 3751 1396 3776 ,
1427 3721 1484 3765 ut
1511 3711 1638 3766 nihil
1667 3713 1769 3768 sibi

183 3791 402 3846 ceteris
433 3792 547 3861 plus
589 3805 834 3864 arroget;
865 3797 992 3867 quin
1042 3798 1090 3851 id
1137 3799 1293 3854 etiam
1339 3801 1478 3870 quod
1507 3801 1605 3855 sibi
1649 3816 1768 3858 cum

184 3879 469 3950 discipulis
493 3898 771 3939 commune
797 3895 976 3953 esset,
1007 3887 1163 3944 ﬁdem
1189 3931 1205 3954 ,
1232 3906 1388 3946 suum
1418 3907 1536 3947 esse
1575 3901 1730 3964 neget
1750 3935 1766 3960 ,

183 3971 290 4028 sed
342 3972 437 4028 Dei
489 3975 864 4033 misericordia:
909 3989 962 4034 et
1009 3981 1233 4050 gratiae?
1280 3982 1419 4036 idem
1466 3984 1548 4038 bis
1595 3984 1769 4039 verbis

185 4065 502 4134 signiﬁcans
541 4082 603 4121 ac
629 4069 674 4123 si
712 4068 916 4126 diceret
949 4091 960 4124 :
993 4072 1070 4127 Ne
1095 4073 1449 4142 dedignamini
1491 4076 1768 4130 consilium

184 4168 222 4207 a
269 4169 359 4210 me
405 4157 679 4228 recipere;
727 4175 898 4230 neque
925 4165 1067 4218 enim
1099 4181 1184 4220 me
1229 4165 1365 4221 Deus
1409 4167 1768 4222 misericordia

184 4261 291 4300 sua
337 4246 648 4318 dedignatus
673 4260 773 4305 est.
804 4253 867 4307 Et
891 4254 1086 4324 alioqui
1115 4258 1390 4311 consilium
1417 4257 1587 4328 agitur
1607 4298 1624 4326 ,
1663 4275 1768 4314 non

184 4349 517 4408 praeceptum
568 4355 582 4393 :
632 4340 840 4398 Etenim
891 4347 1148 4412 consulo,
1194 4361 1298 4402 non
1347 4350 1548 4404 sancio.
1602 4351 1771 4406 Porro

186 4442 320 4496 qua:
347 4427 535 4497 cuique
572 4443 853 4488 occurrant
879 4434 1023 4490 utilia
1048 4478 1063 4502 ,
1095 4437 1146 4492 in
1177 4437 1408 4494 medium
1437 4441 1671 4510 proferre
1708 4455 1772 4496 ac

185 4531 498 4587 praponere
518 4519 658 4575 nulla
676 4523 757 4578 lex
777 4525 1036 4594 prohibet,
1054 4529 1282 4584 maxime
1298 4530 1382 4584 ubi
1402 4530 1450 4584 id
1471 4532 1770 4587 auditorum

182 4616 387 4680 rogatu
433 4608 525 4664 ﬁat
556 4628 568 4666 :
599 4614 738 4683 quod
782 4617 991 4686 quidem
1036 4629 1090 4675 et
1116 4621 1266 4676 vobis
1308 4622 1518 4677 accidit.
1545 4624 1773 4679 Arbitror

184 4698 379 4769 igitur,
398 4700 582 4771 inquit,
605 4705 697 4760 Itoc
723 4705 904 4761 bonum
925 4726 1048 4764 esse.
1071 4711 1226 4766 Vides
1251 4728 1458 4768 rursum
1482 4715 1768 4771 modi-stam

185 4791 518 4862 orationem,
546 4795 612 4850 ab
638 4799 887 4869 omnique
913 4804 1226 4860 auctoritate
1253 4805 1499 4860 alienam.
1532 4808 1686 4878 Atqui
1718 4809 1770 4864 in

186 4883 340 4937 hanc
373 4888 684 4942 sententiam
711 4889 973 4948 disserere
997 4893 1205 4950 interim
1243 4897 1434 4952 licebat
1467 4916 1478 4951 :
1512 4899 1770 4965 Quoniam

186 4977 458 5031 Dominus
481 4979 832 5050 virginitatem
862 4999 964 5038 non
991 4987 1258 5056 prcecepit,
1290 4989 1408 5043 ideo
1437 5004 1607 5060 neque
1632 5005 1730 5061 ego
1755 5008 1766 5043 :

181 5070 421 5124 consulo
467 5081 642 5127 tamen
691 5088 754 5128 ac
796 5075 1048 5132 cohortor
1090 5078 1156 5133 ad
1199 5077 1314 5149 ejus
1342 5081 1590 5152 studium
1616 5122 1631 5148 ,
1681 5083 1769 5152 qui

181 5162 472 5230 apostolus
511 5172 692 5220 vester
735 5167 856 5222 sim.
903 5169 1356 5236 Quemadmodum
1403 5179 1458 5225 et
1503 5172 1633 5226 infra
1680 5188 1773 5229 eos

180 5252 476 5322 alloquens
519 5257 630 5320 ait,
678 5257 737 5312 Si
777 5259 891 5313 aliis
938 5277 1037 5316 non
1067 5279 1176 5316 sum
1219 5264 1515 5331 apostolus,
1562 5275 1612 5318 at
1641 5277 1772 5320 certe

182 5344 331 5400 vobis
355 5362 466 5398 sum
491 5349 579 5412 (1.
609 5347 724 5403 Cor.
753 5350 806 5405 9.
833 5351 926 5419 9.).
956 5353 1021 5406 At
1046 5354 1129 5408 hic
1155 5354 1280 5408 nihil
1308 5355 1563 5424 ejusmodi
1588 5356 1769 5421 refert,

182 5435 287 5489 sed
318 5435 602 5491 admodum
633 5441 930 5497 verecunde
957 5445 1114 5497 verba
1150 5445 1289 5508 facit,
1324 5446 1434 5514 ejus
1463 5447 1594 5511 vice,
1627 5447 1769 5500 Cou-

180 5525 349 5589 snlo,
403 5525 712 5583 Sententiam
757 5531 858 5595 do,
907 5533 1186 5603 inquiens;
1232 5535 1346 5605 ejus
1393 5546 1566 5591 autem
1612 5538 1766 5602 vice,

181 5625 352 5684 prout
388 5615 575 5671 doctor
597 5661 610 5684 ,
647 5618 923 5691 Tamquam
966 5623 1358 5679 misericordiam
1385 5637 1712 5698 consequutus
1741 5645 1771 5682 a

185 5706 454 5773 Domino,
499 5721 555 5764 ut
599 5713 695 5766 sim
741 5715 906 5782 ﬁdelis
934 5733 953 5770 :
985 5718 1238 5788 quasique
1286 5733 1353 5773 ne
1395 5721 1509 5774 lucc
1556 5721 1768 5790 quidem

183 5797 319 5852 satis
368 5810 546 5855 essent
574 5804 641 5857 ad
689 5807 983 5862 orationem
1030 5809 1454 5878 extenuandam,
1487 5812 1767 5867 consilium

1519 399 1604 454 DE
1650 393 2108 452 \‘IRGINITATE.

3337 393 3444 452 566

1871 523 2092 564 exorsus
2121 507 2485 564 auctoritatem
2528 510 2720 565 iterum
2748 509 2934 565 minuit
2959 550 2975 575 ,
3007 510 3092 580 qui
3121 525 3223 565 non
3251 520 3448 566 statuat

1871 605 2078 666 solum,
2121 601 2214 657 sed
2239 602 2397 657 addat
2423 603 2582 657 etiam
2611 604 2866 658 rationem
2900 621 2911 655 :
2947 604 3171 657 Arbitror
3193 645 3210 670 ,
3236 606 3402 675 inquit
3425 646 3444 670 ,

1871 692 1963 746 hoc
1985 692 2170 745 bonum
2191 709 2314 758 esse,
2342 702 2544 763 pmpler
2567 694 2831 747 instantem
2855 694 3193 748 necessitatem
3326 693 3444 768 Cor.

1872 785 1923 837 7.
1954 783 2084 854 36).
2132 787 2197 838 At
2227 784 2366 838 enim
2412 784 2479 838 de
2519 786 2840 839 continentia
2879 785 3188 852 disserens,
3232 801 3404 856 neque
3429 827 3444 846 .

1869 875 2087 928 arbitror
2108 914 2123 939 ,
2157 873 2367 943 posuit,
2413 889 2585 943 neque
2627 875 2786 928 ullam
2834 875 2988 944 plane
3017 877 3317 938 rationem;
3349 879 3445 931 sed

1870 965 1999 1020 illud
2043 965 2202 1019 modo
2225 1005 2239 1030 ,
2269 965 2464 1018 Bonum
2490 975 2564 1019 est
2600 964 2703 1019 illis
2726 1006 2742 1030 ,
2770 966 2814 1019 si
2856 977 3215 1035 permaneant,
3247 968 3375 1022 sicut
3400 979 3449 1021 et

1871 1071 1959 1126 ego
1992 1073 2009 1108 :
2042 1056 2125 1110 hic
2148 1098 2161 1120 ,
2189 1057 2418 1110 Arbitror
2463 1057 2557 1110 Itoc
2599 1057 2784 1111 bonum
2810 1075 2933 1113 esse.
2982 1059 3036 1113 Id
3078 1069 3253 1114 autem
3284 1061 3446 1125 facit,

1872 1163 1977 1200 non
2005 1147 2093 1216 qui
2120 1146 2185 1202 de
2211 1163 2275 1202 eo
2301 1147 2566 1203 dubitaret
2596 1189 2610 1215 ,
2639 1149 2765 1204 nihil
2794 1149 2970 1204 minus
2995 1167 3008 1215 ;
3038 1151 3130 1206 sed
3158 1152 3248 1222 qui
3279 1161 3444 1207 totum

1870 1237 2166 1291 auditorum
2193 1236 2392 1306 judicio
2414 1239 2722 1307 permittere
2753 1240 2932 1294 vellet.
2955 1240 3086 1294 Nam
3114 1243 3450 1317 consiliarius

1871 1327 1917 1380 is
1943 1337 2023 1381 est
2046 1366 2060 1390 ,
2095 1343 2198 1382 non
2240 1329 2327 1398 qui
2370 1330 2437 1383 de
2480 1329 2545 1385 iis
2572 1345 2690 1400 quae
2733 1332 2931 1400 profert
2973 1341 3204 1398 statuat,
3237 1333 3331 1390 sed
3359 1335 3450 1406 qui

1875 1425 2040 1470 totum
2091 1417 2141 1470 iu
2191 1418 2488 1474 auditorum
2521 1421 2742 1475 arbitrio
2787 1423 3013 1490 positqu
3060 1422 3340 1493 relinquat.

1943 1510 2125 1566 XLIII.
2171 1512 2337 1580 Quam
2378 1513 2647 1569 instantem
2689 1517 3025 1571 necessitatem
3054 1514 3251 1572 Paulus
3288 1520 3455 1573 nomi-

1873 1610 1974 1654 net.
2002 1603 2196 1657 —Sed
2235 1619 2354 1674 quae
2379 1613 2482 1668 est,
2513 1622 2670 1676 quam
2705 1607 2789 1661 hic
2825 1618 3086 1663 memorat
3121 1610 3453 1664 necessitas?

1872 1707 2026 1760 eane,
2060 1710 2179 1764 qua:
2199 1710 2231 1750 a
2261 1705 2444 1751 natura
2473 1697 2681 1766 prodit?
2707 1698 2939 1753 Minime.
2972 1699 3208 1754 Primum
3235 1702 3376 1756 enim
3405 1702 3450 1754 si

1876 1784 2012 1840 hanc
2046 1787 2226 1854 vellet,
2257 1788 2371 1858 ejus
2405 1793 2913 1847 commemoratione
2939 1794 3264 1849 contrarium
3292 1803 3454 1864 atque

1873 1876 2139 1945 cogitabat
2172 1877 2410 1933 efﬁceret
2437 1897 2450 1932 :
2480 1880 2675 1934 etenim
2703 1879 2790 1950 qui
2819 1883 3212 1938 matrimonium
3241 1894 3454 1940 contra-

1875 1965 2002 2019 here
2023 1964 2223 2031 volunt,
2248 1967 2385 2023 hanc
2413 1983 2608 2039 susque
2627 1969 2799 2038 deque
2819 1971 3039 2040 jactant.
3069 1973 3315 2030 Secundo
3334 1991 3452 2030 eam

1873 2057 2141 2111 instantem
2173 2074 2280 2113 non
2315 2068 2561 2124 vocaret;
2591 2075 2694 2114 non
2733 2064 2876 2116 enim
2907 2077 3046 2117 nunc
3074 2064 3325 2134 primum,
3356 2068 3456 2122 sed

1870 2148 1980 2218 jam
2011 2149 2135 2202 olim
2167 2151 2470 2204 mortalium
2500 2152 2682 2222 generi
2719 2151 2874 2206 insita
2909 2163 3011 2219 est,
3040 2164 3198 2225 atque
3225 2164 3341 2210 erat
3366 2158 3454 2212 illa

1873 2239 2086 2309 quidem
2130 2251 2254 2297 ante
2295 2242 2664 2298 vehementior
2702 2255 2756 2300 et
2799 2245 3077 2314 indomita,
3129 2249 3224 2304 sed
3257 2248 3456 2306 Christi

1873 2335 2130 2400 adventu,
2170 2346 2428 2406 auctaque
2451 2336 2560 2406 jam
2601 2337 2818 2406 virtute,
2863 2348 3112 2408 supcratu
3160 2341 3328 2397 facilis
3373 2353 3458 2399 cst

1873 2425 2085 2482 eﬁ'ecta.
2131 2425 2313 2495 Itaque
2350 2428 2398 2483 ei
2446 2426 2646 2482 nonde
2684 2427 2782 2484 hac
2817 2445 2994 2485 sermo
3027 2439 3129 2498 est,
3175 2433 3270 2487 sed
3296 2434 3456 2489 aliam

1873 2515 2156 2584 quamdam
2183 2516 2376 2582 innuit,
2406 2517 2752 2587 multiplicem
2779 2529 2835 2574 et
2863 2520 3082 2575 variam.
3111 2521 3364 2591 Quaenam
3389 2540 3455 2579 ea

1861 2605 1992 2667 est?
2021 2605 2379 2662 Humanarum
2427 2622 2604 2662 rerum
2642 2609 2944 2664 conversio.
2983 2610 3150 2665 Tanta
3189 2613 3330 2668 enim
3373 2625 3454 2668 est

1873 2698 2131 2760 confusio,
2179 2707 2323 2753 tanta
2367 2699 2624 2770 tyrannis,
2671 2701 3229 2771 aclcircumstantium
3277 2719 3452 2760 rerum

1876 2788 2049 2856 turba,
2090 2798 2147 2844 ut
2189 2790 2242 2844 in
2295 2791 2478 2846 multis
2519 2805 2887 2860 saepenumero
2924 2794 3134 2864 conjugi
3178 2795 3259 2849 vel
3289 2795 3450 2850 invito

1875 2881 2156 2936 errandum
2189 2880 2621 2952 peccandumque
2649 2882 2737 2937 sit.

1946 2971 2128 3027 XLIV.
2170 2971 2400 3027 Facilius
2446 2989 2552 3028 esse
2595 2974 2840 3046 virginem
2885 2991 3034 3046 quam
3075 2979 3340 3050 canjugem
3376 2997 3451 3034 re.

1873 3082 2028 3137 guunt
2047 3063 2302 3134 consequi.
2322 3094 2392 3106 -—
2418 3065 2627 3120 Etenim
2657 3066 2782 3121 olim
2808 3081 2913 3122 non
2945 3070 2989 3122 is
3018 3079 3132 3124 erat
3167 3071 3322 3126 nobis
3345 3073 3452 3127 vir-

1877 3158 2004 3211 tutis
2033 3157 2336 3227 propositus
2379 3155 2590 3222 modus,
2634 3156 2729 3214 sed
2773 3166 2828 3213 et
2857 3157 3102 3228 injuriam
3149 3160 3354 3230 ulcisci,
3399 3172 3452 3219 et

1873 3248 2170 3305 convicium
2205 3248 2450 3314 reddere,
2479 3257 2534 3303 et
2569 3249 2820 3319 pecunias
2849 3264 3136 3320 procurare
3164 3251 3373 3319 licebat,
3400 3263 3452 3310 et

1873 3351 2056 3397 sancte
2075 3342 2276 3412 jurare,
2303 3351 2358 3397 et
2385 3342 2594 3396 oculum
2624 3356 2722 3413 pro
2747 3343 2902 3398 oculo
2925 3358 3138 3413 eruere,
3181 3353 3237 3402 et
3275 3346 3452 3403 inimi-

1873 3447 1965 3489 cos
1998 3433 2208 3500 odisse;
2249 3449 2420 3504 neque
2457 3441 2548 3488 aut
2587 3433 2789 3489 deliciis
2828 3433 3103 3506 indulgere
3143 3445 3234 3492 aut
3273 3437 3450 3504 irasci,

1872 3537 1965 3581 aut
1990 3541 2211 3581 uxorem
2261 3526 2418 3580 aliam
2453 3525 2669 3594 ejicere,
2713 3525 2867 3580 aliam
2907 3526 3206 3582 adsciscere.
3235 3527 3454 3584 interdi-

1873 3624 2016 3669 ctum
2043 3625 2177 3671 erat.
2221 3614 2404 3684 Neque
2429 3614 2480 3668 id
2508 3613 2702 3682 solum,
2731 3614 2826 3669 sed
2855 3614 2988 3670 duas
3013 3616 3172 3671 etiam
3201 3619 3453 3696 conjuges

1873 3706 2029 3760 simul
2061 3705 2256 3759 habere
2287 3705 2368 3759 lex
2396 3704 2622 3768 sinebat,
2645 3713 2862 3774 eratque
2891 3715 2998 3760 tum
3022 3705 3120 3760 hac
3146 3708 3198 3761 in
3229 3723 3308 3773 rc,
3339 3717 3451 3764 tum

1875 3795 1927 3849 in
1956 3795 2072 3849 aliis
2110 3794 2353 3849 omnibus
2388 3807 2592 3848 summa
2635 3794 2750 3862 ejus
2780 3793 3019 3850 facilitas.
3066 3797 3136 3850 At
3173 3807 3452 3869 postquam

1873 3883 2116 3940 Christus
2139 3883 2356 3955 prodiit,
2403 3882 2484 3937 via
2514 3882 2668 3952 longe
2711 3881 2844 3938 facta
2885 3894 2967 3939 est
3007 3887 3297 3958 angustior,
3342 3904 3451 3945 non

1873 3977 2042 4032 solum
2071 3976 2211 4047 quod
2242 3971 2665 4045 iucomparabilis
2693 3989 2753 4030 ea
2781 3983 2834 4029 et
2865 3975 3048 4047 ingens
3069 3979 3304 4034 omnium
3330 3996 3450 4050 quae

1873 4068 1985 4122 dixi
2016 4068 2227 4124 licentia
2268 4066 2422 4122 nobis
2447 4081 2478 4122 e
2515 4065 2760 4121 manibus
2794 4076 2972 4136 erepta
3011 4068 3112 4134 sit;
3153 4070 3247 4124 sed
3289 4072 3449 4127 etiam

1873 4160 2016 4232 quod
2041 4175 2190 4223 uxor,
2215 4174 2335 4229 quae
2360 4172 2456 4213 nos
2489 4157 2652 4212 multa
2691 4157 2953 4212 interdum
2985 4159 3067 4214 vel
3089 4159 3280 4216 invitos
3307 4162 3452 4218 desi-

1873 4267 2036 4323 gnare
2077 4251 2291 4306 inducat
2333 4262 2489 4319 atque
2533 4258 2707 4318 cogat,
2751 4248 2894 4304 domi
2943 4259 3198 4321 perpetuo
3245 4253 3316 4308 sit
3350 4253 3446 4310 ha-

1876 4342 2067 4408 benda,
2095 4351 2206 4406 aut,
2248 4340 2293 4395 si
2328 4340 2520 4408 ejicere
2543 4339 2696 4406 velis,
2728 4338 2974 4396 adulterii
3001 4341 3203 4398 crimen
3231 4342 3299 4398 sit
3323 4344 3452 4400 sub-

1875 4435 2128 4490 eundum.
2158 4433 2337 4505 Neque
2363 4433 2462 4488 hoc
2505 4441 2706 4487 tantum
2747 4433 2960 4488 nomine
3000 4435 3163 4491 virtus
3202 4450 3265 4492 ea
3295 4437 3450 4494 nobis

1876 4525 2107 4584 difﬁcilis
2130 4533 2230 4591 est,
2263 4525 2354 4579 sed
2379 4523 2519 4596 quod
2538 4524 2657 4579 licet
2683 4525 2877 4593 conjux
2899 4525 3314 4584 intolerabilibus
3339 4545 3453 4585 mo-

1877 4618 2025 4673 ribus
2049 4619 2138 4682 sit,
2164 4631 2408 4671 curarum
2440 4625 2613 4671 tamen
2645 4631 2761 4685 quae
2786 4630 2882 4671 nos
2905 4625 3123 4688 propter
3157 4631 3276 4674 eam
3301 4619 3448 4693 ejus-

1877 4724 1980 4778 que
2030 4706 2226 4762 Iiberos
2270 4705 2654 4760 circumfundat
2698 4706 2872 4774 turba,
2919 4720 3019 4762 nec
3065 4707 3343 4764 minimum
3393 4711 3448 4767 in

1877 4801 2062 4855 caelum
2092 4801 2362 4869 susipicere
2402 4799 2648 4868 patiatur,
2683 4800 2892 4854 animos
2918 4808 3129 4855 nostros
3161 4801 3308 4871 quasi
3334 4800 3455 4872 qui-

1877 4892 1997 4945 dant
2043 4901 2225 4946 vortex
2269 4890 2498 4962 undique
2547 4895 2795 4959 torquens
2837 4904 2901 4944 ac
2943 4888 3277 4961 demergens.
3317 4891 3452 4970 Nam

1879 4999 2001 5039 ecce
2041 4984 2186 5053 cupit
2231 4983 2310 5037 vir
2349 4983 2604 5053 privatam
2655 4991 2710 5038 et
2750 4983 2972 5037 otiosam
3012 4984 3171 5036 vitam
3219 4983 3452 5054 degere;

1878 5075 1970 5130 sed
2010 5075 2308 5144 conspectis
2331 5071 2794 5128 circumstantibus
2836 5070 3018 5126 liberis
3042 5080 3200 5140 atque
3226 5072 3453 5142 conjuge

1875 5167 2062 5237 grandi
2090 5173 2304 5236 sumptu
2325 5173 2532 5233 egente,
2552 5162 2632 5217 vel
2658 5163 2849 5215 invitus
2865 5175 2924 5216 se
2948 5161 3000 5214 in
3021 5161 3251 5216 civilium
3274 5177 3450 5217 rerum

1878 5267 2065 5313 arstum
2105 5257 2341 5324 conjicit.
2387 5254 2464 5308 Eo
2501 5263 2674 5307 autem
2721 5252 2961 5321 illapsum
3004 5250 3107 5306 dici
3144 5265 3250 5306 non
3279 5261 3454 5322 potest

1879 5359 2069 5419 quanta
2091 5349 2161 5402 illi
2191 5361 2410 5417 peccare
2433 5359 2649 5398 necesse
2673 5343 2761 5406 sit,
2786 5343 3057 5408 irascenti,
3079 5343 3300 5412 juranti,
3327 5358 3455 5398 con-

1880 5439 2116 5501 vicianti,
2172 5436 2468 5500 ulciscenti,
2532 5434 2819 5500 simulanti,
2881 5435 3041 5486 multa
3093 5433 3159 5487 ad
3205 5434 3451 5504 gratiam,

1878 5533 2041 5587 multa
2069 5531 2134 5586 ad
2157 5529 2476 5584 simultatem
2507 5526 2734 5581 facienti.
2762 5526 2860 5593 Qui
2889 5525 3028 5580 enim
3058 5533 3250 5594 potest,
3283 5525 3370 5594 qui
3400 5524 3452 5579 in

1878 5625 2038 5679 tantis
2079 5621 2325 5678 ﬁuctibus
2355 5628 2614 5684 versetur,
2659 5626 2814 5688 atque
2854 5617 2974 5672 inde
2999 5616 3222 5686 gloriam
3252 5625 3448 5684 captet,

1877 5734 1983 5773 non
2016 5731 2204 5786 graves
2243 5714 2506 5768 scelerum
2533 5712 2716 5766 sordes
2745 5709 3096 5766 contrahere?
3124 5709 3240 5765 Jam
3265 5709 3310 5762 si
3337 5709 3454 5778 quis

1880 5809 2167 5868 domestica
2207 5806 2448 5871 rimetur,
2494 5803 2678 5859 eadem
2723 5814 2880 5872 atque
2909 5801 3066 5856 etiam
3097 5798 3284 5868 majori
3309 5797 3454 5852 difﬁ-
