3844 6286
143 407 239 463 509

138 543 244 581 vum
276 524 425 596 [aries
462 522 539 591 (l.
572 520 686 575 Cor.
716 521 769 575 7.
812 519 940 588 16)?
966 518 1158 589 quique
1197 516 1309 587 ejus
1336 514 1697 583 adiumentum

138 621 284 673 etiam
326 620 376 670 in
413 614 737 685 spiritalibus
782 612 1139 666 necessarium
1168 617 1350 663 censet
1369 607 1392 659 ?
1430 607 1493 660 Et
1527 621 1625 676 ego
1654 604 1703 659 id

140 710 385 762 conﬁteor
430 724 443 759 :
490 720 594 759 non
639 705 780 757 enim
832 718 949 757 eam
992 701 1060 755 ab
1099 701 1244 755 omni
1292 699 1512 768 spiritali
1555 698 1705 766 adju-

135 809 301 853 mentu
328 797 586 860 excludo;
627 797 844 849 minimc
868 809 1035 859 vero;
1068 794 1162 849 sed
1204 793 1256 847 in
1304 807 1419 846 eam
1454 800 1706 860 praestare

134 891 262 953 dico,
297 905 400 942 non
430 904 549 943 eum
575 895 789 942 exercet
820 902 880 942 ea
912 902 1030 957 quae
1073 883 1394 939 matrimonii
1434 891 1576 947 sunt,
1610 881 1705 936 sed

134 1000 245 1036 cum
286 982 528 1037 muliebri
566 996 696 1036 sexu
745 979 1001 1050 prmdita,
1044 978 1109 1033 ad
1152 978 1425 1033 beatorum
1469 977 1705 1030 virorum

134 1076 367 1129 virtutem
406 1075 600 1129 evadit.
631 1073 813 1143 Neque
841 1073 980 1126 enim
1007 1081 1237 1141 compta,
1271 1070 1516 1132 delicata,
1548 1083 1730 1137 pecu--

135 1168 320 1220 uiarios
360 1167 564 1221 reditus
605 1181 634 1219 a
678 1165 792 1218 viro
829 1164 1089 1234 ﬂagitans,
1126 1161 1361 1233 prodiga,
1398 1168 1704 1230 sumptuosa

133 1276 244 1312 cum
271 1261 478 1327 eripere
503 1268 681 1327 queat,
706 1256 801 1312 sed
829 1272 949 1310 cum
979 1257 1061 1310 his
1092 1255 1249 1309 rebus
1275 1254 1521 1308 omnibus
1546 1252 1709 1307 subli-

134 1352 281 1413 mior,
327 1350 673 1419 apostolicam
715 1350 768 1403 in
810 1364 869 1403 se
910 1354 1070 1401 vitam
1120 1346 1390 1415 exprimit,
1444 1358 1705 1398 summam

134 1444 442 1513 probitatem
464 1451 518 1498 et
538 1442 875 1506 modestiam,
891 1450 942 1495 et
960 1440 1300 1510 pecuniarum
1323 1445 1706 1506 contemptum,

133 1545 183 1590 et
213 1536 548 1591 tolerantiam
577 1536 973 1601 demonstrans,
1004 1533 1076 1588 ita
1119 1548 1241 1588 cum
1280 1532 1495 1587 demum
1538 1544 1709 1598 expu-

132 1643 288 1697 gnare
326 1628 521 1696 poterit
548 1644 561 1682 :
591 1643 712 1683 cum
748 1628 892 1682 dicet
918 1645 932 1681 :
965 1626 1217 1679 Alimenta
1245 1633 1396 1693 atque
1426 1630 1710 1693 tegumenta

134 1722 383 1787 habentes,
416 1721 477 1775 iis
498 1721 715 1775 contenti
742 1736 915 1774 sumus
949 1720 1026 1789 (l.
1058 1717 1192 1771 Tim.
1224 1717 1276 1771 6.
1312 1716 1366 1786 8)
1401 1733 1412 1767 :
1447 1731 1566 1770 cum
1596 1713 1711 1767 hmc

133 1814 284 1867 rebus
324 1813 452 1882 ipsis
494 1812 803 1877 meditatur,
843 1827 906 1865 ac
942 1810 1275 1881 corporalem
1320 1817 1546 1863 mortem
1589 1806 1712 1860 irri-

132 1905 280 1970 dens,
325 1907 486 1959 vitam
519 1906 657 1959 hanc
682 1915 997 1975 prteseutem
1046 1902 1178 1956 nihil
1223 1916 1343 1956 esse
1387 1899 1557 1954 dicit:
1588 1912 1710 1951 cum

132 2013 339 2053 omnem
362 2000 485 2051 vitae
503 1997 657 2068 hujus
678 1997 901 2067 gloriam
929 1994 1218 2050 secundum
1246 1991 1559 2063 prophetam
1583 1988 1711 2044 finiti

133 2097 312 2148 ﬂorem
339 2093 606 2148 existimat
637 2091 786 2163 (Isai.
822 2091 908 2145 40.
936 2090 1011 2160 7).
1042 2089 1154 2143 Non
1188 2088 1347 2157 igitur
1367 2100 1484 2155 qua:
1513 2082 1712 2137 mulie-

134 2184 294 2240 briter
320 2199 439 2239 cum
463 2183 577 2238 viro
597 2190 932 2246 consuescat,
963 2181 1040 2235 sic
1058 2180 1227 2233 virum
1251 2191 1467 2232 servare
1496 2174 1708 2245 poterit,

130 2276 223 2330 sed
278 2275 403 2330 dum
444 2275 807 2344 evangelicum
851 2274 1015 2327 vitam
1068 2268 1373 2342 praestabit;
1424 2266 1527 2322 hoc
1564 2266 1710 2321 enim

132 2369 314 2421 multae
339 2369 501 2421 etiam
527 2368 662 2421 citra
686 2366 1092 2418 matrimonium
1125 2366 1391 2417 fecerunt.
1421 2360 1555 2414 Nam
1591 2360 1711 2414 Pri-

141 2458 319 2523 scilla,
352 2456 535 2526 inquit
575 2458 716 2526 (Act.
761 2457 868 2525 i8),
894 2455 1127 2509 ascitum
1162 2454 1353 2523 Apollo
1376 2467 1470 2522 per
1495 2466 1711 2507 omnem

129 2553 366 2610 veritatis
396 2554 532 2607 viam
577 2551 814 2606 deduxit.
858 2548 1009 2617 Quod
1059 2549 1103 2603 si
1149 2562 1289 2602 nunc
1338 2562 1442 2600 non
1476 2546 1620 2609 licet,
1658 2552 1716 2600 at

127 2655 353 2715 possunt
394 2644 605 2698 interim
648 2658 773 2713 erga
816 2641 1069 2696 mulieres
1112 2640 1252 2694 idem
1304 2638 1535 2694 studium
1577 2653 1715 2707 prte-

126 2748 296 2801 stare,
340 2734 692 2804 eamdemque
736 2732 963 2786 fructum
1010 2732 1219 2794 facere;
1272 2746 1395 2784 nam
1436 2728 1575 2798 quod
1602 2728 1711 2797 jam

124 2827 261 2895 dixi,
294 2842 487 2896 neque,
520 2826 607 2880 illa
648 2825 899 2895 quoniam
942 2823 1136 2892 conjux
1182 2831 1285 2887 est,
1317 2822 1490 2875 virum
1529 2820 1710 2874 trahit.

123 2918 340 2988 Alioqui
368 2916 499 2971 nihil
521 2924 745 2978 vetaret,
780 2914 1045 2969 neminem
1082 2928 1147 2967 ex
1193 2911 1258 2967 iis
1285 2912 1370 2980 qui
1403 2926 1621 2965 uxorem
1652 2909 1714 2963 ﬁ-

120 3011 302 3066 delem
327 3009 559 3063 habeant
593 3006 858 3061 inﬁdelem
891 3020 1127 3069 manere,
1162 3003 1204 3059 si
1227 3001 1441 3073 quidem
1481 3015 1711 3055 consue-

124 3102 260 3157 tudo
282 3116 345 3155 ac
373 3101 647 3155 convictus
674 3115 785 3153 rem
813 3098 1058 3153 ell‘ectam
1089 3096 1261 3150 daret.
1295 3097 1363 3149 At
1394 3109 1497 3148 non
1528 3093 1596 3147 ita
1627 3108 1713 3148 res

121 3210 187 3249 se
214 3193 403 3258 habet;
434 3191 526 3247 sed
544 3193 587 3246 si
605 3191 821 3246 multam
836 3189 1220 3260 phiIOSOphiam
1239 3198 1397 3259 atque
1412 3186 1714 3257 patientiam

119 3286 399 3349 exhibeat,
412 3283 457 3336 si
470 3284 697 3355 conjugii
711 3282 1038 3337 calamitates
1050 3280 1303 3346 derideat,
1318 3290 1474 3349 atque
1487 3278 1535 3332 id
1551 3292 1715 3331 unum

119 3379 343 3434 assidue
382 3378 649 3447 negotium
682 3376 862 3441 ducat,
903 3373 956 3428 id
997 3387 1126 3428 vero
1168 3380 1253 3426 est
1276 3370 1415 3441 quod
1443 3369 1559 3439 ejus
1593 3383 1715 3424 cum

119 3487 235 3544 quo
283 3470 484 3524 habitat
527 3469 765 3523 animum
814 3468 1020 3521 salvum
1058 3472 1308 3535 prmstet:
1339 3463 1423 3517 sin
1467 3463 1717 3532 persistat

118 3562 411 3618 muliebria
455 3560 744 3630 postulare,
787 3558 837 3613 ei
882 3565 1040 3613 nocet
1080 3556 1248 3627 magis
1281 3570 1438 3626 quam
1475 3554 1713 3625 prodest.

118 3656 244 3709 1am
279 3671 404 3710 vero
431 3654 513 3709 vel
544 3654 621 3709 sic
660 3668 774 3708 rem
819 3652 871 3706 in
902 3652 1087 3722 primis
1116 3649 1387 3705 difﬁcilem
1422 3663 1560 3713 esse,
1590 3648 1716 3703 audi

116 3749 251 3817 quid
298 3747 440 3801 dicat
472 3765 485 3801 :
514 3746 613 3812 Qui
658 3745 759 3800 scis
801 3744 952 3808 enim,
994 3742 1196 3809 mulier,
1244 3743 1288 3797 si
1324 3742 1488 3796 virum
1522 3742 1719 3795 salvum

119 3842 332 3914 facies?
370 3854 477 3910 quo
519 3837 877 3908 interrogandi
917 3850 1111 3906 genere
1156 3834 1232 3888 uti
1267 3833 1501 3889 solemus
1549 3832 1600 3886 in
1653 3831 1718 3886 iis

116 3950 248 4004 qua:
296 3931 587 3987 insolenter
614 3929 878 3985 accidunt.
920 3927 1056 3995 Quid
1097 3941 1227 3981 vero
1268 3933 1387 3995 post
1425 3924 1513 3979 illa
1548 3922 1718 3978 dicit?

117 4025 388 4096 Alligatus
414 4040 466 4078 es
493 4022 680 4077 uxori?
708 4021 812 4075 noli
837 4034 1058 4090 quaerere
1081 4018 1421 4080 solutionem;
1444 4017 1635 4070 solutus
1666 4032 1721 4070 es

114 4120 188 4171 ab
234 4116 441 4171 uxore?
482 4114 589 4169 noli
627 4129 850 4185 qua'rere
886 4128 1113 4167 uxorem.
1158 4110 1335 4172 Vides,
1387 4118 1444 4163 ut
1479 4107 1719 4164 assiduas

118 4209 478 4265 transitiones
505 4206 680 4272 faciat,
709 4213 763 4260 et
790 4204 1041 4274 frequens
1066 4202 1286 4257 omnino
1310 4202 1326 4235 ι
1343 4201 1721 4270 utriusqucco-

117 4300 455 4355 hortationis
488 4298 632 4353 velut
658 4296 1165 4367 temperamentum?
1195 4293 1328 4347 Nam
1358 4300 1413 4347 ut
1434 4290 1504 4348 de
1535 4291 1721 4345 matri-

116 4392 319 4447 mouio
338 4388 685 4460 disputationi
711 4387 779 4442 dc
797 4385 1122 4441 continentia
1153 4397 1453 4438 sermonem
1482 4382 1721 4450 interpos-

116 4485 260 4551 suit,
291 4481 594 4537 auditorem
624 4480 834 4535 interim
865 4484 1102 4533 excitans
1124 4494 1138 4528 :
1160 4475 1231 4529 ita
1260 4486 1313 4529 et
1338 4472 1425 4528 hic
1447 4473 1721 4527 tractatio-

119 4592 256 4631 nem
290 4575 364 4630 de
399 4574 736 4628 matrimonio
761 4570 994 4626 vicissim
1040 4569 1243 4632 inserit,
1286 4583 1408 4623 eum
1450 4581 1719 4621 recreans.

117 4669 382 4724 Exorsus
409 4680 443 4719 a
464 4664 788 4734 virginitate,
826 4673 1110 4731 antequam
1137 4660 1204 4715 de
1243 4674 1304 4713 ea
1331 4658 1527 4729 aliquid
1553 4658 1721 4711 dixis-

116 4771 233 4825 set,
286 4758 467 4811 statim
520 4756 586 4809 ad
632 4754 1024 4809 matrimonium
1082 4750 1504 4806 recurritzillud
1555 4749 1721 4816 enim,

116 4854 469 4920 Praeceptum
515 4865 615 4903 non
663 4847 853 4911 habeo,
898 4843 1335 4899 matrimonium!
1372 4841 1724 4913 permittentis

114 4958 179 5002 et
205 4942 604 5000 introducentis
624 4950 724 4995 est.
756 4940 889 4994 Tum
914 4938 1001 4993 ubi
1032 4936 1098 4991 ad
1129 4936 1484 5006 virginitatem
1507 4943 1722 4989 ventum

112 5050 234 5103 est,
267 5038 601 5105 dictumque,
629 5034 858 5087 Arbitror
883 5033 976 5085 hoc
998 5032 1178 5085 bonum
1212 5044 1340 5095 esse,
1371 5042 1491 5082 cum
1519 5026 1727 5081 videret

114 5134 248 5201 ejus
279 5143 478 5184 nomen
509 5125 721 5180 assidue
746 5131 1057 5193 usurpatum
1079 5120 1320 5177 delicatis
1348 5119 1563 5173 auribus
1589 5118 1727 5172 mul-

116 5240 239 5277 tam
283 5219 632 5276 acerbitatem
673 5216 884 5280 all'erre,
923 5230 1028 5269 non
1071 5212 1361 5269 identidem
1402 5212 1455 5266 id
1498 5212 1727 5281 repetit;

114 5317 262 5385 quin
298 5312 565 5382 explicata
610 5310 739 5364 satis
779 5307 931 5378 gravi
968 5321 1135 5362 causa
1164 5304 1229 5359 ad
1255 5304 1370 5375 ejus
1402 5303 1609 5358 labores
1635 5317 1727 5357 so-

115 5405 354 5469 landos,
385 5403 436 5457 id
458 5410 560 5467 est,
588 5401 804 5456 instanti
833 5399 1168 5464 necessitate,
1197 5412 1263 5450 ne
1287 5396 1364 5450 sic
1387 5394 1602 5465 quidem
1629 5409 1728 5447 au-

114 5514 221 5553 sus
276 5505 367 5552 est
411 5494 770 5566 virginitatem
822 5493 1013 5547 iterum
1066 5489 1375 5553 nominare;
1422 5489 1516 5543 sed
1559 5486 1729 5557 quid?

124 5589 347 5644 Bonum
394 5597 467 5642 est
505 5586 696 5641 homini
743 5585 815 5638 sic
853 5599 978 5638 esse.
1023 5582 1206 5653 Neque
1251 5597 1368 5637 eam
1412 5580 1731 5636 sententiam

116 5682 511 5753 prosequitur,
556 5681 648 5735 sed
691 5695 753 5735 ea
783 5681 1076 5749 interrupta
1125 5688 1179 5733 et
1208 5677 1394 5745 incisa,
1427 5677 1731 5748 priusquam

188 5831 207 5860 ι
252 5829 338 5876 sic
355 5826 494 5889 juxta
511 5824 731 5889 Savil._ln
755 5831 803 5873 Β.
818 5858 835 5889 ,
858 5821 989 5889 brevi
1011 5820 1274 5874 iiuervallo.
1355 5828 1408 5870 Μ.

189 5891 216 5922 ⁸
257 5886 385 5951 ναί,
406 5886 777 5949 num-intortum,
800 5886 944 5936 deest
974 5888 1020 5934 in
1048 5892 1161 5947 tteg.

1460 396 1545 453 DE
1590 395 2041 453 VlRClNlTATE.

3292 397 3395 454 570

1817 515 1993 585 gravis
2025 511 2315 579 videretur,
2346 512 2414 569 de
2456 513 2795 570 matrimonio
2829 530 3040 571 rursum
3070 515 3279 573 disserit
3310 521 3392 575 his

1813 607 1987 660 verbis
2016 624 2028 658 :
2061 605 2313 675 Alligatus
2368 622 2418 659 es
2457 608 2640 659 uxori?
2674 608 2777 660 noli
2827 624 3049 678 quaerere
3098 612 3395 666 solutionem

1814 698 1887 768 (Ι.
1913 700 2028 754 Cor.
2062 702 2112 755 7.
2148 697 2258 767 ς37).
2292 701 2421 755 Nam
2452 701 2504 756 ni
2536 702 2584 755 id
2619 710 2781 767 esset,
2812 702 2908 755 nisi
2936 703 2986 756 id
3032 702 3116 757 hic
3145 704 3395 760 solatium

1814 807 2001 860 parare
2038 796 2326 864 cogitaret,
2357 799 2590 865 ineptum
2619 804 2761 850 esset
2804 797 3157 865 virginitatem
3197 814 3396 853 consu-

1814 882 2011 939 lentem
2053 888 2120 940 de
2163 888 2499 943 matrimonio
2538 890 2920 959 philosophari.
2971 891 3169 946 Deinde
3208 893 3395 946 iterum

1815 975 1879 1027 ad
1906 976 2255 1045 virginitatem
2289 981 2510 1045 transit;
2560 996 2621 1033 ac
2666 997 2732 1035 ne
2772 997 2910 1036 nunc
2939 982 3153 1051 quidem
3186 985 3399 1053 proprio

1816 1071 2031 1125 nomine
2056 1070 2309 1139 appellat,
2337 1071 2429 1125 sed
2458 1072 2618 1142 quid?
2648 1072 2860 1127 Solutus
2889 1090 2939 1127 es
2968 1074 3029 1126 ab
3065 1092 3220 1129 uxore
3243 1077 3268 1129 ?
3295 1078 3400 1129 noli

1814 1179 2035 1233 qua'rcre
2078 1180 2307 1217 uxorem.
2342 1166 2409 1217 At
2436 1164 2577 1218 enim
2620 1179 2686 1219 nc
2714 1180 2963 1227 vereare;
2994 1180 3097 1219 non
3137 1166 3185 1221 id
3216 1177 3399 1223 censet

1815 1264 1972 1323 atque
1998 1254 2170 1308 sancit
2197 1270 2210 1307 :
2246 1269 2412 1324 prope
2442 1265 2523 1311 cst
2552 1255 2695 1311 enim
2725 1272 2932 1309 rursum
2965 1258 3031 1310 de
3060 1258 3400 1312 matrimonio

1816 1361 2013 1410 sermo,
2064 1356 2321 1402 terrorem
2370 1363 2490 1402 eum
2536 1348 2751 1402 solvens
2800 1348 2883 1404 his
2916 1350 3134 1404 verbis:
3169 1350 3316 1416 Quod
3357 1352 3400 1405 si

1816 1437 2020 1491 duxeris
2045 1477 2059 1501 ,
2111 1454 2209 1492 non
2241 1439 2454 1506 peccasti
2486 1438 2643 1509 (Ibid.
2670 1457 2715 1493 v.
2746 1439 2860 1511 28).
2910 1441 2977 1494 At
3001 1456 3097 1495 nec
3132 1441 3239 1510 jam
3267 1456 3398 1495 con-

1816 1530 1966 1595 cide;
2000 1546 2118 1585 nam
2149 1531 2338 1586 iterum
2378 1540 2428 1587 te
2456 1533 2521 1586 ad
2554 1532 2908 1603 virginitatem
2941 1534 3118 1588 trahit.
3150 1536 3322 1604 Atque
3348 1534 3397 1589 id

1815 1632 1898 1678 est
1923 1622 2064 1693 quod
2092 1624 2223 1689 vult,
2256 1623 2476 1691 docens,
2505 1623 2593 1693 qui
2637 1624 3034 1678 matrimonium
3076 1625 3277 1691 ineant,
3306 1640 3402 1680 eos

1817 1715 2035 1768 multam
2082 1715 2133 1768 iu
2180 1729 2341 1769 carne
2384 1715 2777 1769 tribulationem
2820 1717 3103 1771 sustinere.
3144 1716 3211 1771 Ut
3256 1716 3401 1771 enim

1817 1808 2001 1877 optimi
2030 1808 2225 1877 quique
2256 1808 2444 1862 medici
2472 1817 2526 1863 ct
2552 1809 2762 1878 benigni
2784 1825 3021 1863 amarum
3044 1810 3400 1865 medicamen-

1820 1910 1928 1953 tum
1960 1908 2050 1953 aut
2091 1900 2384 1954 sectionem
2429 1910 2518 1953 aut
2555 1902 2927 1956 ustulationem
2966 1910 3057 1956 aut
3096 1903 3268 1956 simile
3302 1904 3401 1957 ali.

1817 1990 1942 2062 quid
1989 1990 2299 2059 adhibituri,
2343 2007 2448 2047 non
2493 1994 2745 2048 continuo
2777 2003 2942 2049 totum
2990 2005 3264 2067 peragunt,
3306 1998 3401 2052 sed

1818 2084 1939 2137 data
1972 2084 2181 2139 interim
2208 2099 2349 2155 aegro
2380 2086 2751 2155 respiratione,
2786 2086 2855 2139 ita
2881 2100 3093 2156 semper
3112 2088 3400 2157 quodreli-

1817 2190 1979 2244 quum
2015 2182 2098 2229 est
2136 2174 2443 2231 adducunt:
2470 2176 2535 2231 ad
2576 2177 2823 2231 eumdem
2870 2178 3084 2233 modum
3125 2188 3178 2233 et
3214 2179 3402 2234 beatus

1821 2264 2016 2319 Paulus
2042 2266 2357 2336 virginitatis
2395 2267 2674 2321 consilium
2707 2282 2811 2321 non
2852 2269 2968 2323 sine
3010 2269 3402 2326 intermissione

1818 2365 1872 2411 et
1895 2364 2150 2426 perpetuo
2178 2371 2240 2412 ac
2267 2366 2654 2428 consequenter
2680 2358 2962 2429 pertexuit,
2996 2359 3089 2414 sed
3118 2360 3183 2415 de
3221 2362 3403 2414 matri<

1819 2450 2002 2504 mouio
2044 2451 2323 2508 sententiis
2367 2451 2419 2506 id
2448 2452 2659 2506 assidue
2690 2453 3099 2522 interrumpens,
3143 2462 3301 2523 atque
3331 2455 3402 2511 ita

1820 2541 2077 2596 molestia:
2120 2540 2261 2595 illius
2289 2556 2504 2597 sensum
2544 2542 2798 2610 eripiens,
2830 2543 3077 2597 blandam
3118 2559 3181 2598 ac
3207 2546 3402 2613 plausis

1819 2631 1980 2687 bilem
2010 2633 2307 2687 orationem
2346 2632 2599 2688 reddidit.
2629 2634 2711 2688 0b
2750 2634 2801 2689 id
2833 2635 2992 2705 igitur
3017 2637 3157 2691 varia
3185 2647 3402 2692 sentcn-

1819 2726 2012 2780 tiarum
2053 2725 2205 2795 quasi
2240 2726 2470 2781 miscella
2515 2726 2651 2780 facta
2691 2736 2791 2782 est.
2824 2727 2927 2782 Sed
2967 2743 3142 2799 opera:
3172 2732 3404 2798 pretium

1820 2833 1982 2889 porro
2003 2829 2083 2875 est
2100 2819 2211 2889 ipsa
2230 2820 2388 2875 etiam
2408 2820 2564 2875 verba
2587 2820 2856 2891 indagare.
2875 2821 3125 2893 Alligatus
3149 2841 3199 2878 es
3221 2825 3367 2878 uxori
3380 2826 3405 2879 .’

1821 2912 2010 2983 inquit,
2045 2913 2147 2966 noli
2176 2929 2398 2983 quaerere
2432 2913 2748 2967 solutionem.
2792 2914 2906 2969 Hoc
2936 2931 3040 2969 non
3086 2926 3189 2970 tam
3218 2933 3403 2972 consu~

1820 3005 1980 3059 lentis
2022 3014 2126 3071 est,
2169 3021 2327 3076 quam
2373 3006 2570 3061 vinculi
2620 3008 2955 3063 tenacitatem
2998 3024 3060 3063 ac
3097 3009 3403 3066 ﬁrmitatem

1821 3097 2257 3153 demonstrantis.
2296 3098 2651 3165 Quamobrem
2698 3109 3007 3155 autemnon
3048 3102 3200 3169 dixit,
3230 3102 3405 3159 llahes

1821 3188 2083 3245 uxorem?
2113 3206 2181 3244 ne
2209 3205 2325 3244 eam
2354 3189 2568 3256 desere;
2610 3206 2731 3245 cum
2776 3191 2860 3245 illa
2900 3193 3216 3262 conjunctus
3244 3196 3398 3262 vivis,

1824 3297 1895 3337 ne
1920 3281 2154 3348 discede,
2199 3282 2292 3337 sed
2322 3282 2591 3337 vinculum
2634 3283 2937 3354 conjugium
2970 3286 3218 3340 vocavit?
3245 3287 3405 3341 nimi-

1821 3390 1940 3429 rum
1970 3383 2026 3429 ut
2049 3375 2125 3429 rei
2153 3374 2493 3430 acerbitatem
2518 3373 2603 3429 hic
2628 3374 2954 3430 ostenderet.
2978 3375 3237 3443 Quoniam
3262 3378 3405 3432 enim

1822 3466 1891 3521 ad
1931 3467 2326 3521 matrimonium
2366 3482 2466 3521 ceu
2509 3468 2576 3521 ad
2616 3468 2823 3522 facilius
2861 3468 3017 3538 vulgo
3059 3480 3404 3536 concurrunt,

1825 3558 2080 3629 conjuch
2105 3559 2340 3614 declarat
2370 3559 2500 3613 nihil
2525 3575 2553 3613 a
2579 3560 2770 3615 vinctis
2797 3559 3045 3626 diﬁ‘erre;
3080 3576 3198 3615 nam
3227 3571 3282 3617 et
3322 3562 3408 3618 hic

1824 3668 2156 3723 quocumque
2188 3653 2325 3708 alter
2349 3653 2542 3719 trahat,
2566 3653 2717 3708 alteri
2745 3653 3074 3724 sequendum
3113 3664 3216 3720 est,
3239 3665 3331 3710 aut
3360 3656 3408 3711 si

1826 3759 2054 3814 pugnam
2082 3751 2314 3809 moveat,
2345 3760 2465 3799 cum
2489 3759 2555 3799 eo
2586 3760 2685 3798 una
2717 3744 3069 3815 pereundum.
3091 3746 3228 3813 Quid
3255 3763 3403 3815 vero,

1826 3835 2017 3904 inquit,
2054 3834 2100 3889 si
2131 3837 2213 3889 vir
2247 3834 2538 3889 dissolutus
2580 3834 2685 3899 sit,
2735 3850 2834 3903 ego
2859 3836 3138 3890 continens
3164 3850 3284 3891 esse
3311 3853 3404 3892 ve-

1826 3930 1964 3984 lim?
1987 3928 2220 3985 Necesse
2262 3937 2365 3994 est,
2392 3939 2449 3983 ut
2478 3939 2532 3983 tu
2564 3930 2709 3983 illum
2747 3928 3023 3998 sequaris;
3066 3929 3119 3983 id
3166 3931 3309 3985 enim
3349 3940 3409 3985 ut

1825 4023 1911 4077 vel
1948 4023 2138 4077 nolens
2174 4022 2353 4088 Facias,
2377 4020 2609 4092 jucunda
2649 4019 2971 4074 matrimonii
3005 4028 3192 4075 catena
3221 4021 3404 4087 trahit,

1828 4117 1895 4173 ad
1925 4131 2151 4187 eumque
2178 4115 2319 4187 cogit
2357 4115 2447 4186 qui
2474 4123 2647 4170 tecum
2675 4113 2825 4176 initio
2865 4112 3143 4167 devinctus
3170 4122 3252 4168 est
3282 4131 3294 4167 :
3324 4115 3407 4169 sin

1828 4209 2069 4265 obnitare
2095 4224 2158 4265 ac
2191 4218 2243 4265 te
2267 4208 2534 4279 sejungas,
2577 4216 2631 4264 et
2666 4215 2717 4265 te
2754 4206 2976 4262 vinculis
3005 4220 3110 4262 non
3137 4207 3405 4273 exsolves,

1829 4310 1883 4359 et
1910 4303 1962 4357 in
1985 4309 2282 4356 extremum
2312 4300 2624 4371 supplicium
2651 4298 2925 4368 conjicies.

1901 4395 2131 4451 XLVIII.
2166 4395 2294 4463 Qua:
2312 4394 2462 4448 invito
2482 4395 2587 4449 viro
2610 4393 2868 4447 continens
2887 4391 2967 4458 sit,
2989 4393 3243 4462 graviores
3257 4410 3410 4463 quam

1829 4488 1874 4543 is
1899 4488 1984 4556 qui
2025 4486 2272 4540 adulterat
2289 4502 2465 4555 paznas
2490 4485 2838 4539 daturam.—-
2859 4482 3064 4540 Etenim
3088 4499 3208 4554 qua:
3238 4483 3409 4538 invito

1830 4582 1947 4636 viro
1981 4579 2261 4635 continens
2297 4586 2379 4633 est
2400 4617 2418 4646 ,
2450 4591 2556 4632 non
2588 4575 2761 4631 solum
2800 4575 3138 4631 continentire
3174 4577 3411 4646 pra'miis

1832 4681 2018 4739 caret,
2048 4670 2143 4726 sed
2184 4670 2324 4724 illius
2357 4669 2517 4724 etiam
2548 4666 2862 4722 adulterium
2893 4668 3105 4736 gravius
3132 4680 3294 4737 quam
3324 4667 3413 4722 ille

1835 4763 1945 4819 luet
1971 4778 2033 4817 ac
2072 4762 2354 4839 plectetur.
2382 4758 2516 4827 Quid
2546 4759 2655 4813 ita?
2682 4758 2831 4825 Quod
2858 4773 2979 4812 eum
3006 4756 3238 4827 legitimo
3269 4757 3411 4811 coitu

1834 4856 2159 4921 fraudatum,
2190 4856 2242 4909 in
2268 4853 2499 4908 lasciviae
2527 4850 2834 4907 barathrum
2859 4849 3172 4905 deturbarit.
3203 4848 3334 4903 Nam
3365 4850 3411 4903 si

1834 4966 1901 5007 eo
1930 4950 2143 5005 nolente
2175 4963 2273 5003 nec
2304 4948 2581 5003 minimum
2621 4945 2673 5000 id
2715 4944 2887 5000 facere
2928 4944 3282 5014 permittitur,
3309 4957 3412 5011 qua

1834 5047 1985 5103 venia
2014 5046 2167 5116 digna
2195 5046 2265 5099 sit
2289 5060 2408 5114 qua:
2433 5057 2552 5097 eum
2580 5041 2768 5095 solatio
2799 5039 2897 5093 hoc
2922 5048 3177 5111 perpetuo
3204 5036 3417 5105 privat?

1837 5138 1906 5194 Et
1929 5120 2093 5208 quid,
2111 5136 2299 5204 inquit,
2327 5149 2388 5189 ea
2418 5132 2733 5188 necessitate
2759 5145 2822 5184 ac
2850 5129 3060 5183 miseria
3086 5126 3270 5181 durius
3295 5140 3417 5196 pos-

1837 5230 1907 5285 sit
1932 5228 2210 5284 accidere?
2233 5226 2301 5280 Et
2325 5239 2422 5296 ego
2446 5224 2584 5278 idem
2611 5219 2802 5280 sentio.
2833 5220 2940 5273 Cur
2964 5228 3016 5274 te
3042 5218 3342 5273 necessitati
3368 5219 3417 5272 ei

1838 5320 2096 5390 subjicls?
2121 5319 2395 5373 enimvero
2422 5330 2547 5382 eam,
2568 5312 2825 5368 rationem
2853 5326 2956 5364 non
2986 5317 3106 5379 post
3130 5350 3144 5374 ,
3174 5307 3267 5363 sed
3295 5319 3420 5361 ante

1844 5389 2238 5467 matrimonium
2261 5409 2570 5476 subductam
2590 5404 2884 5474 oportebat.
2906 5402 3084 5472 itaque
3103 5402 3260 5456 etiam
3286 5401 3420 5454 Pau-

1844 5504 1925 5558 lus
1955 5503 2221 5573 proposita
2255 5500 2468 5555 demum
2497 5496 2690 5550 vinculi
2717 5494 3033 5549 necessitate
3059 5534 3074 5558 ,
3106 5491 3171 5546 de
3199 5490 3419 5544 solutio—
3458 5486 3475 5515 '7'

1844 5611 1912 5649 ne
1935 5594 2320 5650 sermocinatur
2339 5610 2350 5644 :
2372 5590 2420 5645 ei
2443 5587 2738 5652 sententize,
2765 5585 3014 5656 Alligatus
3034 5599 3085 5637 es
3104 5582 3293 5637 uxori?
3318 5580 3424 5634 noli

1843 5702 2065 5756 quaerere
2083 5684 2402 5747 solutionem,
2422 5683 2565 5735 illam
2586 5679 2837 5743 subdens,
2859 5678 3071 5733 Solutus
3088 5693 3140 5729 es
3157 5676 3217 5728 ab
3236 5672 3428 5728 uxore?

1845 5795 1907 5833 nc
1934 5794 2099 5847 qurere
2128 5792 2353 5830 uxorem.
2386 5774 2439 5829 Id
2480 5783 2654 5828 autem
2682 5772 2835 5836 facit,
2870 5781 2927 5825 ut
2951 5779 3060 5825 tute
3091 5769 3236 5839 prius
3266 5782 3425 5820 accu-

1848 5880 1960 5927 rate
1984 5877 2342 5944 perspectaac
2363 5866 2569 5939 cognita
2593 5863 2913 5923 matrimonii
2931 5862 2980 5915 vi
3007 5853 3207 5921 facilius
3232 5858 3297 5921 de
3323 5871 3428 5912 caeo
