3898 6260
476 360 536 416 7t
1168 356 1226 410 S.
1266 352 1543 412 JOANNIS
1577 346 2053 419 οῐιῐιγδοετοιιι
2096 343 2417 404 ARCHIEP.
2459 345 3002 408 ODNSTANTINOP.

440 483 606 539 libatu
633 477 927 537 orationem
955 472 1221 529 admittas.
1249 468 1395 538 Quod
1416 469 1458 522 si
1476 467 1687 527 duxisti.
1711 465 1898 534 inquit,
1926 480 2027 518 non

438 577 699 649 peccasti;
726 584 772 628 et
798 573 842 628 si
871 576 1040 641 nupsit
1065 568 1224 638 virgo,
1256 582 1356 619 nou
1383 562 1623 636 peccauit.
1654 558 1733 616 Eu
1763 560 1937 629 magni
1970 559 2030 613 il-

441 670 546 723 lius
570 666 841 731 facinoris,
863 661 1185 718 matrimonii
1210 658 1433 724 scilicet,
1454 656 1676 723 exitum,
1699 663 1753 708 ut
1780 669 1884 708 non
1907 668 2031 708 reus

441 762 641 831 agaris,
669 773 776 812 non
803 766 859 811 ut
885 753 1221 810 admirationi
1253 748 1529 814 habearis;
1561 746 1613 803 id
1644 746 1784 802 enim
1814 756 1897 801 est
1926 746 2031 801 vir-

441 835 677 924 ginitatis
706 866 720 903 :
746 856 999 904 caeterum
1027 840 1239 914 coujugi
1271 840 1399 895 satis
1428 839 1497 893 sit
1519 837 1702 893 audire
1726 878 1743 901 ,
1774 853 1894 891 eum
1923 852 2028 890 non

442 958 716 1015 peccasse.
757 941 868 996 Cur
909 938 1105 1010 igitur,
1146 933 1356 1005 inquit,
1392 930 1625 986 hortaris
1662 943 1882 984 uxorem
1924 942 2029 982 non

442 1033 723 1107 quaerere?
745 1029 899 1100 Quod
925 1027 1092 1084 semel
1119 1025 1366 1081 devincta
1384 1062 1401 1089 ,
1432 1021 1567 1077 solvi
1595 1019 1743 1075 nelas
1767 1021 1856 1084 sit,
1886 1017 2028 1088 quod

442 1130 502 1185 in
527 1143 594 1184 eo
628 1127 701 1181 sit
728 1126 913 1196 ingens
941 1120 1180 1176 miseria.
1206 1117 1438 1173 lloccine
1475 1113 1648 1169 solum
1672 1154 1688 1179 ,
1714 1126 1898 1182 qumso
1919 1152 1937 1175 ,
1964 1125 2032 1165 ex

442 1221 745 1293 virginitate
769 1223 1005 1288 quaestus
1030 1212 1238 1278 faciam,
1270 1219 1328 1265 ut
1351 1206 1595 1265 miserias
1621 1205 1717 1261 has
1744 1202 2031 1273 ell‘ugiam?

445 1324 501 1369 et
524 1313 644 1383 quis
667 1309 1023 1381 virginitatem
1047 1305 1229 1361 colere
1246 1300 1506 1358 sustineat
1526 1297 1726 1354 tantilla
1752 1293 2032 1351 mercede?

442 1406 568 1477 quis
593 1404 645 1458 in
668 1412 871 1457 tantum
893 1406 1167 1455 certamen
1191 1392 1515 1451 descendere
1535 1390 1771 1445 animum
1794 1387 2029 1457 inducat,

445 1505 716 1552 tantorum
742 1492 998 1547 sudorum
1025 1490 1126 1544 hoe
1149 1488 1319 1543 solum
1347 1483 1621 1555 przcminm
1649 1480 1943 1551 capturus?

517 1583 704 1643 XLIX.
745 1582 849 1639 Cur
884 1583 947 1638 ab
983 1581 1136 1651 hujus
1174 1579 1287 1633 rita:
1316 1574 1560 1648 jucundis
1594 1572 1662 1626 ad
1697 1572 2033 1642 uirginitatem

445 1680 744 1750 instiget.—
757 1674 891 1744 Quid
909 1673 1079 1729 dicis?
1097 1686 1217 1727 cum
1238 1684 1322 1724 me
1345 1667 1412 1722 ad
1435 1680 1665 1737 pugnam
1685 1680 1807 1720 cum
1824 1663 2031 1718 daemo-

446 1774 605 1829 nibus
632 1783 907 1843 provocas.
936 1766 1048 1822 Ncc
1075 1765 1207 1821 enim
1232 1761 1372 1818 nobis
1394 1762 1528 1816 lucta
1552 1770 1624 1816 est
1648 1760 1887 1813 adversus
1910 1773 2030 1811 san-

446 1865 647 1936 guinem
677 1872 723 1918 et
751 1876 952 1916 carnem
984 1856 1218 1930 (Ephes.
1241 1856 1295 1911 6.
1321 1854 1390 1911 η
1410 1853 1429 1924 )
1450 1896 1467 1921 ,
1496 1868 1615 1908 cum
1638 1860 1840 1906 natura:
1866 1849 2031 1905 furori

344 1978 350 1983 '
443 1958 707 2012 obsistere
737 1954 928 2023 julies,
960 1965 1082 2006 cum
1121 1963 1282 2004 carne
1316 1956 1370 2002 et
1407 1944 1666 2014 sanguine
1691 1942 2032 1999 constitutam

447 2047 780 2118 incorporeis
803 2042 1099 2099 Virtutibus
1124 2041 1270 2111 paria
1300 2047 1552 2111 pnnstare
1582 2035 1828 2100 hortaris,
1860 2043 2029 2090 terre-

446 2157 516 2199 na
546 2152 811 2195 memoras
841 2137 977 2191 bona
1002 2177 1017 2198 ,
1044 2133 1285 2203 dicisque
1313 2146 1415 2186 nos
1441 2127 1763 2183 matrimonii
1792 2125 2034 2182 miserias

447 2248 557 2289 non
584 2229 820 2286 laturas?
845 2227 975 2282 Nam
1007 2241 1104 2281 cur
1142 2240 1247 2278 non
1278 2223 1354 2277 sic
1381 2221 1456 2277 ait
1484 2238 1496 2274 :
1528 2219 1680 2288 Quod
1709 2220 1752 2274 si
1795 2217 2034 2287 nupserit

448 2328 623 2395 virgo,
649 2337 752 2377 nou
783 2319 1040 2391 peccavit,
1069 2316 1163 2371 sed
1194 2312 1511 2385 virginitatis
1536 2312 1750 2367 coronis
1774 2325 1831 2365 se
1854 2309 2033 2380 priva-

452 2417 561 2482 vit,
588 2413 795 2483 magnis
829 2411 934 2465 illis
964 2419 1018 2463 et
1043 2409 1252 2463 arcanis
1284 2405 1480 2461 bonis?
1507 2403 1614 2461 Cur
1641 2420 1745 2458 non
1775 2402 1991 2473 prmmia
2014 2442 2031 2469 ,

448 2522 570 2577 qua:
600 2513 719 2575 post
747 2512 1016 2558 certamen
1048 2516 1139 2555 cas
1166 2507 1434 2564 maneant,
1461 2496 1747 2560 recensuit,
1777 2504 1833 2549 ut
1858 2495 1910 2549 in
1939 2508 2033 2549 oc-

446 2612 664 2653 cursum
692 2592 951 2667 prodeant
969 2607 1187 2662 sponso,
1212 2600 1268 2644 ut
1290 2588 1594 2660 splendidas
1616 2589 1859 2644 lucernas
1885 2588 2035 2644 habio

447 2697 582 2743 tura:
608 2688 753 2751 sint,
776 2693 833 2739 ut
862 2697 1068 2738 smnma
1099 2696 1219 2737 cum
1248 2681 1414 2752 gloria
1443 2695 1505 2736 ac
1535 2679 1725 2735 ﬁducia
1754 2678 1952 2749 Regem
1981 2680 2031 2735 iu

447 2782 738 2837 thalamum
761 2776 1087 2833 comitentur
1109 2816 1124 2840 ,
1151 2784 1208 2829 ut
1232 2775 1469 2827 ninnium
1498 2773 1736 2843 proxime
1758 2772 1875 2842 ejus
1896 2772 2034 2827 solio

446 2884 502 2929 et
542 2871 703 2942 regiis
744 2870 876 2925 toris
917 2867 1241 2939 etl'ulgeant?
1284 2866 1389 2921 Sed
1431 2865 1500 2920 de
1537 2864 1620 2920 his
1660 2880 1728 2920 ne
1765 2864 2034 2921 levissime

446 2964 664 3035 quidem
687 2960 959 3027 meminit;
984 2960 1210 3029 vita'que
1237 2957 1566 3012 miseriarum
1591 2957 1901 3012 vacuitatem
1920 2971 2035 3010 sur-

449 3074 571 3113 sum
597 3056 953 3124 deorsumque
973 3054 1158 3124 jactat.
1184 3050 1434 3109 Arbitror.
1460 3050 1646 3119 inquit,
1668 3050 1723 3103 id
1745 3049 1929 3103 bonum
1951 3064 2032 3103 es»

449 3167 503 3204 se
531 3166 549 3205 :
579 3163 647 3203 ac
680 3148 858 3203 dicere
896 3147 1205 3216 negligens,
1257 3151 1470 3213 propter
1508 3142 1681 3196 futura
1718 3140 1891 3203 bona,
1919 3139 2031 3208 ait,

449 3244 671 3313 Propter
698 3242 967 3296 instantem
993 3238 1349 3293 necessitatem.
1380 3234 1579 3290 Deinde
1618 3249 1828 3289 rursum
1859 3247 1925 3287 eo
1948 3230 2034 3287 di-

449 3344 539 3390 eto
562 3374 578 3398 ,
612 3332 762 3398 Quod
787 3331 831 3386 si
860 3331 1087 3401 nupserit
1115 3329 1256 3400 uirgo
1274 3369 1292 3395 ,
1322 3344 1423 3381 non
1451 3326 1668 3397 peccavit
1690 3368 1704 3392 ,
1731 3325 2035 3381 cmlestibus

450 3427 707 3502 prmmiis,
729 3424 921 3496 quibus
946 3437 1003 3477 se
1026 3421 1263 3491 privarit,
1286 3419 1501 3474 silentio
1523 3416 1826 3486 praeteritis,
1852 3415 2035 3470 Tribu-

450 3521 712 3587 lationem,
740 3517 932 3588 inquit,
962 3517 1128 3570 carnis
1155 3512 1402 3569 habebunt
1430 3511 1742 3584 hujusmodi.
1771 3509 1953 3580 Neque
1981 3508 2034 3565 id

452 3615 711 3670 hactenus
735 3610 933 3676 solum,
962 3607 1058 3664 sed
1084 3607 1151 3663 ad
1184 3607 1345 3662 linem
1370 3620 1538 3676 usque
1567 3604 1693 3659 facit
1711 3644 1726 3669 ,
1753 3613 1807 3659 et
1835 3604 2033 3659 omissa

450 3706 577 3776 ejus
595 3719 625 3758 a
651 3702 840 3759 futuris
864 3700 1020 3755 bouis
1043 3696 1506 3755 commendatione
1527 3738 1542 3760 ,
1567 3695 1761 3752 iterum
1789 3694 1855 3750 ad
1884 3710 2033 3750 eam.

451 3798 575 3853 dem
614 3808 830 3852 causam
872 3792 1104 3862 ceufugit
1126 3830 1144 3857 ,
1178 3789 1398 3857 Tempus
1436 3790 1578 3843 breue
1610 3796 1682 3843 est
1704 3829 1720 3855 ,
1750 3788 2031 3858 inquiens;

453 3890 681 3961 ejusque
703 3887 844 3953 loco,
871 3885 1006 3941 Volo
1029 3899 1124 3940 vos
1151 3884 1202 3939 in
1226 3884 1361 3939 caelo
1387 3882 1753 3950 resplendere,
1779 3891 1833 3937 et
1857 3883 2035 3953 nuptis

454 3985 632 4042 multo
671 3980 985 4037 illustriores
1026 3978 1246 4040 haberi,
1288 3990 1500 4032 rursum
1544 3975 1712 4030 lueret
1753 3975 2030 4045 inquiens,

462 4074 592 4130 Volo
612 4083 778 4128 autem
803 4087 888 4127 vos
911 4070 1019 4124 sine
1040 4067 1379 4122 sollicitudine
1402 4083 1525 4122 esse.
1547 4066 1732 4137 Neque
1758 4067 1810 4122 id
1838 4066 1925 4123 hic
1949 4081 2036 4121 so-

457 4164 565 4222 lum
596 4164 719 4220 facit
744 4204 761 4231 ,
790 4161 887 4220 sed
915 4162 1077 4216 etiam
1106 4174 1211 4230 quo
1242 4160 1359 4215 loco
1393 4160 1440 4214 ei
1477 4160 1545 4214 de
1572 4160 1776 4229 injuriis
1804 4157 2037 4216 ferendis

456 4272 636 4314 sermo
663 4264 747 4313 est
765 4296 781 4323 ,
809 4253 1050 4310 eamdem
1076 4252 1283 4307 consilii
1312 4252 1453 4305 viam
1480 4250 1617 4305 iniit.
1649 4250 1777 4305 Nam
1805 4264 1927 4306 cum
1953 4250 2036 4305 di-

457 4350 661 4412 xisset,
691 4347 753 4402 Si
779 4347 932 4400 esurit
955 4343 1187 4398 inimicus
1211 4353 1327 4397 tuus
1346 4384 1362 4409 ,
1384 4340 1493 4397 ciba
1519 4342 1700 4407 illum;
1722 4342 1765 4397 si
1792 4342 1913 4407 sitit,
1943 4358 2037 4413 po-

462 4451 570 4496 tum
594 4442 662 4494 da
686 4438 764 4494 illi
784 4438 959 4512 (Rom.
983 4435 1069 4491 12.
1098 4434 1189 4505 20)
1216 4453 1229 4491 :
1252 4433 1341 4507 qui
1367 4451 1478 4492 rem
1505 4444 1702 4489 tantam
1731 4436 2035 4505 imperaret,

458 4544 751 4604 contraque
787 4538 989 4585 natura:
1018 4527 1391 4585 necessitatem
1422 4527 1515 4582 niti
1552 4526 1796 4597 juberet,
1830 4542 1891 4581 ac
1918 4542 2038 4583 cum

456 4640 593 4696 rogo
639 4633 745 4678 tam
792 4619 1109 4677 intolerabili
1151 4618 1462 4686 decertare,
1492 4618 1582 4676 ubi
1628 4619 1695 4674 ad
1735 4618 2038 4675 mercedem

457 4726 681 4771 ventum
706 4721 790 4770 est
806 4754 821 4779 ,
846 4711 915 4767 de
940 4710 1072 4767 cado
1098 4724 1163 4766 ac
1185 4710 1487 4765 caelestibus
1512 4710 1804 4776 silentium;
1837 4720 2041 4766 tantum

460 4810 579 4880 ejus
607 4824 637 4862 a
666 4823 773 4879 quo
802 4806 960 4863 lzcsus
986 4804 1061 4860 sis
1080 4804 1277 4859 damno
1306 4804 1788 4859 remunerationem
1816 4802 2037 4859 deﬁnit:

366 4932 381 4972 ι
465 4900 535 4956 Id
568 4899 701 4954 enim
737 4898 959 4969 faciens,
991 4894 1199 4966 inquit,
1228 4893 1465 4949 carbones
1493 4895 1625 4966 ignis
1664 4894 1719 4948 in
1744 4895 1854 4965 ejus
1890 4904 2041 4965 caput

374 4976 390 5027 ἴ
462 4988 700 5055 congeris
739 4984 969 5055 (lbid.).
997 4984 1135 5048 Quid
1168 4982 1334 5051 igitur
1361 4997 1425 5037 eo
1468 4982 1646 5038 solatii
1684 4998 1884 5054 genere
1914 4998 2045 5039 usus

463 5077 585 5133 est?
635 5075 752 5132 Non
813 5076 1031 5131 inscitia
1092 5090 1267 5146 neque
1323 5074 1539 5146 ignarus
1593 5076 2044 5143 quemadmodum

466 5168 785 5224 alliciendas
819 5176 983 5236 atque
1017 5166 1353 5222 inducendus
1389 5168 1461 5221 sit
1489 5165 1732 5233 auditor,
1771 5167 1863 5221 sed
1903 5166 2048 5237 quod

467 5259 703 5315 triaxime
728 5258 973 5314 omnium
999 5258 1309 5313 mortalium
1334 5258 1436 5314 hac
1464 5260 1665 5314 virtute
1687 5259 1947 5329 praeditus
1971 5273 2054 5315 es-

469 5363 574 5415 set,
606 5350 993 5424 persuadendi,
1030 5351 1272 5421 iuquam.
1309 5348 1467 5409 Unde
1501 5352 1552 5406 id
1588 5351 1847 5422 apparet?
1882 5349 1960 5405 Ex
1986 5350 2054 5407 iis

470 5460 593 5515 quae
608 5444 850 5500 disserit.
870 5442 996 5511 Qui,
1010 5453 1065 5500 et
1077 5444 1381 5515 quomodo?
1395 5443 1693 5499 Corinthiis
1710 5443 2054 5515 loquebatur;

475 5541 633 5611 prius
659 5540 804 5595 enim
824 5540 924 5594 hoc
938 5540 1005 5595 de
1021 5538 1331 5610 virginitate
1345 5535 2056 5607 expediemus;Corinthiis,

476 5633 723 5703 inquam,
743 5633 885 5703 apud
908 5648 1048 5703 quos
1072 5640 1344 5689 statuerat
1363 5630 1500 5686 nihil
1525 5630 1689 5693 scire,
1725 5630 1830 5684 uisi
1866 5626 2059 5685 Jesum

474 5724 789 5792 Christum,
811 5732 864 5781 et
894 5742 1017 5781 eum
1037 5725 1359 5779 cruciﬁxum
1388 5723 1463 5793 (t.
1492 5721 1617 5777 Cor.
1647 5720 1701 5775 2.
1727 5719 1817 5791 2);
1843 5735 1981 5791 quos
2004 5726 2063 5774 ut

483 5818 799 5889 spiritualcs
824 5819 1025 5892 alloqui
1052 5834 1159 5874 non
1180 5824 1453 5890 potuerat,
1476 5816 1695 5888 etquod
1715 5815 1969 5874 carnales
1984 5830 2065 5873 es-

3614 346 3719 403 572

2140 473 2261 521 sent
2298 462 2510 531 adhuc,
2559 464 2695 521 lacte
2733 464 2975 531 aluerat;
3014 461 3208 534 quibus
3248 462 3405 518 etiam
3446 477 3567 518 cum
3614 464 3725 521 hrrc

2138 556 2418 622 scriberet,
2450 556 2564 609 haec
2594 555 2723 611 Vitio
2742 554 2941 620 dabat,
2970 555 3077 610 Sed
3105 573 3167 609 ne
3191 572 3325 609 nunc
3352 556 3553 626 quidem
3583 569 3722 627 pote-

2137 654 2262 715 stis;
2290 652 2457 705 adhuc
2490 650 2623 703 enim
2649 650 2880 704 carnales
2915 651 3034 704 estis
3054 692 3068 716 ,
3100 659 3145 703 et
3170 649 3442 703 secundum
3472 650 3725 703 hominem

2137 741 2405 795 ambulatis
2440 740 2516 811 (Ι.
2549 742 2665 794 Cor.
2695 740 2747 794 5.
2778 738 2859 813 9.).
2894 739 3015 795 Ideo
3040 754 3069 792 a
3097 739 3259 794 rebus
3287 738 3531 804 terrenis,
3562 754 3725 809 aspe-

2136 833 2414 889 ctabilibns
2435 849 2499 889 ac
2520 833 2862 889 sensibilibus
2877 876 2893 899 ,
2916 848 3013 889 eos
3030 842 3082 888 et
3102 833 3167 888 ad
3195 833 3547 903 virginitatem
3571 834 3725 888 insti-

2136 936 2247 998 gat,
2273 936 2328 982 et
2354 942 2384 982 a
2416 927 2756 983 matrimonio
2780 926 2995 983 abducit
3022 944 3037 981 :
3058 926 3200 998 quod
3233 927 3396 998 probe
3421 928 3607 992 sciret,
3628 927 3725 984 de-

2136 1017 2311 1090 jvctos
2334 1029 2493 1089 atque
2518 1032 2717 1089 pronos
2742 1028 2792 1075 et
2820 1019 2873 1074 in
2902 1030 3094 1073 terram
3120 1020 3295 1075 adhuc
3314 1019 3594 1075 inclinatos
3622 1029 3728 1077 ter-

2137 1113 2281 1167 renis
2325 1111 2483 1167 rebus
2529 1112 2697 1180 magis
2739 1112 2869 1167 cieri
2913 1126 2975 1167 ac
3014 1112 3207 1182 pellici.
3248 1112 3382 1182 Quid
3420 1123 3502 1168 est
3543 1130 3726 1185 enim,

2135 1219 2318 1277 qu:cso
2338 1246 2353 1269 ,
2383 1204 2523 1276 quod
2556 1206 2796 1262 homines
2821 1205 3034 1277 quidem
3062 1207 3242 1261 rustici
3274 1222 3336 1262 ac
3363 1208 3585 1279 pingues
3613 1220 3725 1266 tum

2142 1299 2320 1369 parvis
2344 1341 2362 1365 ,
2394 1311 2503 1353 tum
2535 1302 2740 1370 magnis
2770 1300 2821 1355 in
2850 1302 3007 1356 rebus
3045 1316 3234 1356 secure
3264 1301 3427 1356 Deum
3457 1311 3513 1357 et
3543 1303 3725 1372 jurant

2138 1402 2191 1446 ct
2221 1392 2489 1462 pcjerant;
2523 1394 2573 1448 in
2610 1395 2784 1463 capite
2823 1410 2950 1451 vero
2979 1396 3204 1450 filiorum
3226 1396 3410 1466 jurare
3435 1413 3725 1469 numquam

2137 1485 2372 1540 animum
2393 1486 2679 1542 inducant?
2700 1503 2927 1558 cmnque
2946 1498 2998 1543 et
3024 1488 3314 1558 pcrjurinm
3334 1492 3724 1561 etsupplicium

2139 1577 2236 1634 hoc
2264 1580 2391 1635 illud
2419 1581 2573 1652 longe
2600 1582 2811 1652 gravius
2836 1582 2907 1638 sit
2931 1624 2947 1648 ,
2983 1594 3158 1638 tamen
3204 1582 3303 1645 hoc
3330 1600 3488 1655 quam
3516 1585 3612 1640 illo
3631 1586 3725 1655 ju-

2136 1672 2420 1741 rcjuraudo
2462 1675 2629 1745 magis
2666 1677 3022 1732 continentur.
3054 1678 3210 1747 Atqui
3250 1677 3316 1733 ad
3348 1692 3613 1749 pauperes
3635 1680 3725 1749 ju-

2138 1764 2344 1817 vaudos
2372 1780 2475 1820 non
2507 1766 2728 1835 perinde
2756 1766 3092 1822 sermonibus
3118 1768 3184 1824 de
3215 1783 3377 1838 regno
3402 1771 3723 1837 excitantur.

2137 1854 2234 1909 etsi
2285 1855 2593 1926 frequenter
2633 1856 2881 1924 audiant,
2926 1867 3083 1929 atque
3124 1873 3221 1927 spe
3262 1862 3618 1929 consequendi
3667 1880 3723 1919 in

2138 1948 2386 2019 praesenti
2415 1949 2518 2002 vita
2545 1949 2644 2003 sibi
2666 1960 2755 2003 aut
2777 1950 2960 2006 liberis
2985 1950 3129 2006 boui.
3155 1951 3333 2020 Itaque
3356 1963 3465 2007 tum
3491 1956 3723 2011 maxime

2144 2043 2196 2095 in
2241 2042 2322 2095 his
2361 2041 2679 2111 adjumeulis
2717 2044 2981 2099 ambitiosi
3028 2045 3188 2109 fiunt,
3232 2045 3319 2098 ubi
3363 2062 3426 2101 ex
3471 2045 3726 2102 diuturno

2138 2132 2326 2187 morbo
2366 2133 2764 2196 convalucrint,
2809 2134 2895 2189 ubi
2941 2135 3232 2204 periculum
3279 2136 3598 2205 effugerint,
3633 2138 3723 2195 ubi

2138 2223 2501 2293 magistratum
2541 2224 2772 2293 aliquem
2795 2234 2846 2280 et
2881 2225 3163 2295 impcrimn
3196 2227 3332 2281 nacti
3364 2227 3502 2292 sint;
3534 2228 3722 2298 plane-

2138 2329 2243 2384 que
2267 2315 2433 2369 multo
2461 2315 2637 2384 plures
2664 2316 2759 2381 iis,
2791 2332 2907 2385 qua:
2935 2327 3059 2371 ante
3087 2317 3250 2386 pedes
3274 2319 3413 2385 sint,
3446 2322 3612 2389 magis
3638 2322 3723 2375 in.

2138 2406 2287 2460 citari
2313 2404 2702 2478 deprehendas.
2730 2406 2854 2461 Haec
2881 2422 3108 2477 namque
3132 2418 3187 2463 et
3213 2409 3266 2464 in
3292 2408 3540 2465 secundis
3560 2412 3724 2468 vehe.

2138 2501 2369 2555 mentitis
2396 2500 2738 2556 exstimulant
2761 2540 2779 2565 ,
2805 2510 2859 2557 et
2898 2502 2949 2555 in
2986 2502 3227 2557 adversis
3264 2511 3469 2559 terrent
3504 2506 3721 2573 acrius,

2136 2591 2276 2662 quod
2308 2591 2496 2646 horum
2528 2607 2739 2647 sensum
2774 2593 3205 2663 propinquiorem
3250 2594 3498 2651 habeant.
3544 2597 3724 2664 Quare

2138 2695 2191 2740 et
2218 2700 2337 2738 cum
2367 2683 2662 2740 Corinthiis
2691 2685 2766 2738 sic
2796 2684 3085 2748 disseruit,
3119 2694 3172 2740 et
3206 2684 3476 2741 Romanos
3503 2703 3531 2740 a
3562 2688 3725 2743 rebus

2138 2777 2490 2847 pnesentilius
2533 2776 2600 2830 ad
2643 2776 2848 2844 injuria:
2888 2777 3192 2846 patientiam
3232 2779 3487 2833 exercuit.
3529 2779 3723 2837 Anima

2137 2869 2280 2925 enim
2323 2866 2529 2922 inﬁrma
2570 2868 2810 2923 lacessita
2835 2910 2850 2932 ,
2884 2884 2988 2923 non
3020 2880 3125 2924 tam
3157 2868 3309 2927 facile
3334 2872 3427 2926 ira:
3456 2888 3721 2929 venenum

2135 2962 2380 3026 remittit,
2409 2962 2454 3014 si
2481 2961 2547 3015 de
2576 2977 2739 3030 regno
2764 2962 2960 3026 audiat,
2988 2971 3146 3033 atque
3176 2964 3228 3018 in
3254 2980 3402 3035 spem
3429 2968 3607 3022 veniat
3634 2984 3723 3023 re-

2136 3062 2336 3108 motam
2364 3095 2380 3117 ,
2410 3068 2566 3123 quam
2603 3055 2646 3107 si
2685 3054 2800 3121 ejus
2834 3054 2923 3123 qui
2952 3055 3194 3125 injuriam
3231 3057 3440 3113 dederit
3469 3059 3722 3116 ultionem

2138 3154 2428 3216 exspectet.
2457 3145 2635 3216 Itaque
2656 3148 2839 3201 volens
2856 3148 3167 3217 injuriarum
3191 3151 3570 3216 recordationis
3591 3153 3725 3208 radi-

2137 3254 2252 3294 cem
2279 3238 2604 3304 convellere,
2638 3249 2796 3308 atque
2826 3240 2954 3293 iram
2979 3256 3229 3298 amovere
3249 3285 3264 3309 ,
3292 3244 3431 3313 quod
3455 3242 3724 3301 efficacius

2139 3337 2257 3386 erat
2281 3330 2347 3384 ad
2375 3345 2498 3385 eum
2521 3330 2615 3401 qui
2636 3330 2796 3385 lzesus
2817 3340 2959 3387 esset
2984 3332 3263 3388 solandum
3290 3334 3509 3404 profert,
3536 3352 3641 3390 non
3668 3347 3726 3393 ut

2140 3436 2260 3478 cum
2300 3421 2547 3492 repositis
2586 3423 2637 3475 iu
2672 3422 2848 3475 futuro
2886 3432 3125 3493 tempore
3165 3426 3395 3494 praemiis
3434 3426 3724 3496 fraudaret,

2139 3513 2231 3569 sed
2258 3524 2316 3567 ut
2344 3528 2555 3583 quoque
2594 3513 2753 3567 modo
2785 3515 2836 3569 in
2878 3514 3230 3585 philosophia:
3270 3517 3406 3573 viam
3444 3518 3729 3577 induceret

2138 3614 2297 3674 atque
2336 3605 2403 3659 ad
2446 3607 2934 3663 reconciliationem
2974 3608 3168 3665 ostium
3208 3611 3457 3681 aperiret.
3498 3612 3629 3667 Nam
3672 3616 3725 3669 in

2142 3695 2291 3751 omni
2320 3696 2573 3766 praeclara
2607 3697 2874 3753 iunctione
2914 3698 3118 3754 initium
3153 3699 3329 3756 facere
3355 3701 3727 3760 difﬁcillimum

2138 3798 2256 3857 est;
2289 3799 2410 3861 post
2447 3791 2743 3862 ingressum
2783 3807 2845 3846 ea
2885 3808 2989 3846 non
3032 3809 3187 3864 teque
3220 3805 3304 3851 est
3342 3796 3626 3852 laboriosa.
3657 3801 3730 3855 At

2139 3897 2246 3937 non
2292 3881 2546 3936 [laminas
2586 3892 2768 3937 noster
2802 3881 2956 3938 Jesus
2991 3883 3238 3940 Chrisms
3272 3884 3413 3940 idem
3450 3885 3593 3953 facit,
3628 3905 3729 3946 nec

2139 3988 2259 4030 cum
2288 3973 2358 4029 de
2387 3973 2690 4045 virginitate
2712 4014 2728 4038 ,
2762 3990 2862 4033 nec
2892 3989 3015 4029 cum
3045 3975 3113 4030 de
3147 3976 3359 4047 injuriis
3386 3977 3617 4033 ferendis
3631 3977 3732 4033 dis-

2141 4074 2322 4136 putat;
2360 4068 2455 4122 scd
2483 4067 2587 4122 illic
2604 4067 2817 4124 catleste
2841 4082 3058 4139 regnum
3100 4070 3379 4140 proponit:
3405 4070 3537 4126 Sunt
3557 4073 3726 4141 enim,

2141 4158 2310 4226 inquit
2335 4200 2349 4223 ,
2377 4160 2625 4223 eunuchi,
2651 4160 2739 4230 qui
2778 4159 2968 4232 seipsos
3005 4172 3211 4233 propter
3243 4156 3451 4235 regnum
3487 4166 3729 4220 steterunt

2140 4259 2426 4304 castrarunt
2453 4252 2471 4321 (
2498 4249 2686 4305 Matth.
2718 4252 2807 4307 19.
2843 4250 2950 4325 ιε)
2978 4268 3138 4307 zeum
3174 4269 3304 4310 vero
3346 4270 3445 4325 pro
3482 4255 3730 4314 hostibus

2142 4345 2346 4414 precari
2377 4354 2559 4400 monet
2581 4385 2599 4412 ,
2631 4360 2731 4400 nec
2763 4345 3068 4401 detrimenti
3100 4360 3285 4403 eorum
3314 4348 3403 4418 qui
3444 4348 3686 4405 lteserint
3708 4390 3726 4417 ,

2141 4450 2244 4492 nec
2277 4436 2550 4505 igueorum
2579 4436 2870 4493 carbonum
2902 4437 3182 4504 meminit,
3209 4438 3304 4496 sed
3334 4454 3395 4493 ea
3422 4439 3599 4494 omnia
3629 4458 3728 4509 pn-

2142 4526 2422 4587 sillauimis
2450 4541 2514 4582 ac
2560 4528 2768 4584 miseris
2792 4527 3011 4584 dicenda
3044 4529 3279 4594 mittens,
3307 4529 3420 4599 ipse
3444 4546 3539 4586 eos
3561 4532 3731 4601 majo-

2144 4618 2291 4675 ribus
2334 4620 2566 4689 prremiis
2606 4622 2813 4675 invitat.
2854 4621 3219 4687 Quibusnam?
3249 4620 3315 4678 Ut
3353 4622 3543 4678 similes
3579 4624 3727 4689 sitis,

2144 4711 2337 4781 inquit,
2368 4709 2542 4765 Patris
2565 4712 2713 4766 vestri
2736 4712 2823 4782 qui
2847 4713 2899 4765 in
2923 4713 3059 4766 caelis
3080 4724 3153 4766 est
3182 4713 3395 4785 (Matth.
3417 4714 3463 4771 5
3499 4715 3613 4784 45).
3640 4715 3731 4771 Vi—

2145 4801 2213 4856 de
2239 4810 2493 4872 quantum
2527 4801 2836 4870 prmmium;
2870 4817 2992 4855 nam
3025 4801 3293 4858 auditores
3321 4814 3473 4859 erant
3502 4805 3728 4872 Petrus,

2144 4892 2394 4959 Jacobus,
2420 4891 2674 4957 Joannes,
2701 4902 3000 4963 ceteraque
3026 4895 3388 4964 apostolorum
3417 4896 3565 4950 turba
3595 4898 3730 4951 :ita-

2145 5001 2250 5055 que
2289 5000 2383 5041 eos
2421 4984 2748 5056 spiritalibus
2786 4986 3023 5057 praemiis
3062 4987 3246 5042 allicit.
3278 4990 3451 5057 Atque
3495 4989 3634 5045 idem
3676 5001 3732 5046 et

2147 5075 2341 5131 Paulus
2363 5074 2591 5141 fecisset,
2607 5075 2650 5130 si
2662 5090 2782 5131 cum
2795 5076 3056 5145 ejusmodi
3073 5086 3348 5133 tractasset
3366 5098 3379 5133 :
3397 5080 3489 5135 sed
3506 5083 3730 5150 quicum

2146 5167 2437 5223 Corinthiis
2459 5178 2671 5239 ageret,
2700 5168 2874 5225 adhuc
2902 5169 3084 5225 rudius
3106 5170 3310 5227 allectis
3329 5213 3349 5238 ,
3366 5172 3477 5241 jam
3503 5173 3627 5230 inde
3651 5177 3733 5231 eis

2147 5259 2388 5316 laborum
2438 5259 2669 5316 fructum
2719 5261 3007 5330 proponit,
3050 5278 3159 5334 quo
3203 5264 3413 5320 virtutis
3461 5266 3732 5335 negotium

2145 5348 2457 5415 promptius
2480 5348 2702 5399 inirent.
2726 5346 2913 5417 Neque
2940 5350 3102 5403 aliam
3120 5350 3191 5405 ob
3213 5366 3437 5408 causam
3467 5354 3610 5409 Deus
3638 5354 3737 5411 Ju-

2148 5437 2283 5492 daeis
2304 5437 2485 5507 (Deut.
2510 5436 2626 5507 28),
2648 5439 2852 5494 omissa
2878 5441 3113 5497 caelestis
3141 5446 3291 5514 regni
3310 5446 3735 5515 pollicitatione,

2148 5544 2368 5592 terrena
2388 5530 2529 5585 bona
2542 5529 2953 5601 largiebatur,et
2966 5550 3064 5605 pro
3081 5536 3387 5593 sceleribus
3405 5553 3513 5593 non
3534 5542 3738 5609 gehen-

2144 5638 2302 5685 nam,
2335 5623 2433 5679 sed
2476 5623 2576 5679 aevi
2621 5624 2785 5696 hujus
2818 5627 3181 5691 calamitates.
3232 5641 3470 5701 pestem,
3498 5633 3735 5703 famem,

2147 5714 2391 5783 morbos,
2421 5714 2589 5780 bella,
2623 5717 2901 5783 exsilium,
2932 5719 3255 5791 reliquaque
3279 5722 3481 5778 similia
3505 5728 3733 5782 commi-

2146 5809 2397 5877 nabatur,
2431 5807 2517 5865 his
2543 5809 2691 5866 enim
2722 5810 3059 5870 carnaliores
3084 5813 3258 5886 magis
3282 5816 3643 5873 continentur
3673 5830 3734 5875 ar
