3844 6242
91 322 197 378 573

92 433 502 502 perterrebant;
529 436 599 494 de
626 438 689 496 iis
713 454 843 498 vero
868 457 986 513 qua:
1015 456 1287 517 aspectum
1315 449 1548 522 fugiant,
1581 470 1681 511 nec

93 536 292 593 prmsto
319 527 444 594 sint,
469 530 644 585 minus
669 546 954 603 anguntur.
976 536 1152 604 Quare
1174 540 1368 598 Paulus
1393 543 1443 597 in
1477 543 1543 599 iis
1566 560 1682 600 ma-

86 618 173 684 gis
198 617 391 685 hterct,
416 636 534 690 qtae
554 639 739 679 eorum
764 627 1062 684 tarditatem
1087 634 1418 702 potissimum
1440 635 1679 693 ferirent.

96 708 362 766 Prteterca
392 714 520 768 illud
548 731 759 786 quoque
783 721 1066 780 ostendere
1090 725 1300 780 valebat
1318 766 1335 794 ,
1365 737 1680 785 caeterarum

89 801 348 857 virtutum
378 807 635 874 quasdam
667 810 750 863 hic
780 826 878 866 nos
910 814 1088 869 multis
1117 816 1384 873 laboribus
1405 835 1678 889 exercere,

87 905 143 948 et
176 894 407 951 fructum
438 914 653 956 onmem
684 902 735 956 iu
763 903 993 961 futurum
1025 917 1233 980 tempus
1259 911 1492 968 condere
1524 931 1536 967 :
1567 914 1680 968 vir-

84 988 363 1057 ginitatem
396 1008 545 1062 vero,
574 996 735 1051 etiam
760 997 888 1054 dum
922 1000 1132 1068 colitur,
1165 1017 1268 1057 non
1308 1004 1479 1060 levem
1518 1007 1671 1063 nobis

87 1085 580 1152 compensationem
610 1088 853 1157 reddere,
878 1106 995 1161 quia
1021 1108 1120 1148 nos
1146 1102 1224 1149 tot
1244 1097 1495 1153 mrumnis
1518 1107 1680 1167 atque

85 1175 237 1230 curis
262 1175 468 1232 liberet.
500 1180 672 1250 Atque
702 1181 920 1253 insuper
944 1192 1000 1240 et
1024 1186 1235 1241 tertium
1261 1188 1512 1258 quiddam
1537 1206 1677 1259 pra:-

85 1268 249 1323 stitit.
278 1269 579 1337 Quidnam?
606 1273 683 1329 Ne
721 1291 807 1330 res
838 1279 1181 1348 impassibilis
1209 1281 1553 1351 crederetur,
1584 1284 1679 1340 sed

86 1358 174 1412 vel
206 1358 259 1411 in
289 1360 473 1429 primis
503 1360 692 1419 facilis.
723 1364 777 1419 ld
804 1374 979 1423 autem
1005 1368 1189 1437 efficit,
1216 1370 1391 1427 inesse
1417 1373 1469 1427 in
1496 1375 1682 1430 matri-

86 1451 274 1504 monio
312 1452 431 1522 plus
471 1452 835 1511 difficultatum
882 1457 1036 1515 facile
1076 1460 1487 1530 demonstrans;
1528 1468 1679 1537 quasi

83 1540 295 1598 diceret
336 1562 350 1599 :
386 1544 711 1604 IErumnosa
755 1551 849 1606 tibi
894 1567 958 1607 ac
1000 1553 1262 1611 laboriosa
1305 1572 1394 1612 res
1434 1558 1674 1615 videtur!

84 1634 339 1703 equidem
372 1652 498 1693 vero
526 1652 807 1710 propterea
838 1646 1259 1716 persequendam
1285 1663 1501 1715 censeo,
1534 1650 1677 1721 quod

80 1727 227 1782 adeo
255 1728 386 1785 levis
411 1732 497 1797 sit,
531 1744 586 1787 ut
615 1737 945 1805 negotiorum
977 1740 1143 1794 multo
1172 1740 1347 1796 minus
1370 1758 1528 1812 quam
1559 1759 1677 1799 ma-

82 1819 400 1876 trimonium
428 1824 680 1893 pra‘beat.
710 1827 840 1881 Nam
870 1843 991 1883 cum
1023 1831 1174 1885 vobis
1203 1848 1440 1904 parcam,
1470 1834 1676 1906 inquit,

74 1926 189 1966 nec
208 1913 369 1968 velim
393 1916 634 1972 miserias
655 1917 878 1986 habere,
904 1931 1145 1991 aptarem
1167 1940 1261 1980 vos
1282 1927 1677 1983 matrimonium

83 2020 192 2059 non
223 2010 564 2065 contrahere.
590 2011 759 2077 Quam
787 2014 1096 2069 miseriam?
1116 2016 1258 2073 dicat
1283 2017 1508 2074 fortasse
1533 2021 1678 2090 quis-

81 2097 266 2165 piam;
300 2099 409 2155 imo
441 2116 569 2157 vero
609 2104 862 2173 grandem
903 2105 1313 2165 oblectationem
1355 2125 1420 2166 ac
1459 2111 1676 2168 delicias

82 2188 286 2245 habere
315 2190 669 2249 inveniemus.
703 2197 875 2267 Atque
914 2198 965 2252 in
1006 2200 1190 2269 primis
1219 2216 1424 2256 summa
1453 2217 1573 2259 cum
1608 2204 1674 2259 li—

79 2283 260 2339 centia
284 2287 628 2357 cupiditatem
655 2292 891 2360 explere,
923 2308 1021 2348 nec
1044 2295 1161 2365 cogi
1190 2304 1393 2351 natura:
1418 2297 1673 2368 impetum

80 2376 228 2432 ferre
270 2394 378 2434 non
408 2382 684 2437 minimum
716 2383 841 2440 facit
867 2386 933 2441 ad
972 2387 1276 2444 facilitatem
1308 2407 1322 2443 :
1352 2389 1675 2463 insuperque

79 2469 288 2539 reliqua
317 2474 493 2528 omnis
519 2473 622 2529 vita
650 2491 680 2530 a
710 2492 943 2533 maerore
969 2494 1031 2533 ac
1055 2482 1300 2550 squalore
1327 2481 1511 2551 libera,
1541 2483 1675 2540 hila-

77 2562 259 2618 ritatis
284 2606 300 2631 ,
339 2566 508 2631 risus,
552 2569 727 2638 gaudii
768 2572 921 2640 plena
956 2581 1062 2628 est.
1098 2574 1310 2630 Etenim
1345 2584 1399 2631 et
1436 2578 1669 2648 opiparis

76 2658 308 2723 mensis,
329 2668 381 2713 et
400 2659 639 2716 delicatis
654 2664 908 2730 vestibus,
928 2676 979 2720 et
1001 2666 1147 2721 malli
1171 2676 1308 2735 toro,
1329 2677 1384 2724 et
1405 2672 1672 2740 perpetuis

76 2746 293 2803 balneis
320 2790 335 2814 ,
367 2759 421 2805 et
448 2754 729 2823 unguentis
750 2797 764 2819 ,
795 2763 849 2810 et
881 2757 1003 2811 vino
1033 2769 1302 2829 unguento
1330 2761 1493 2817 nihilo
1519 2764 1668 2819 deteo

74 2836 234 2902 riori,
260 2839 468 2910 aliaque
493 2845 654 2897 multa
675 2860 737 2900 ac
758 2847 902 2901 varia
927 2847 1165 2918 impensa
1187 2864 1379 2921 corpus
1399 2862 1669 2922 curantes,

75 2930 203 2985 inde
235 2947 475 2990 summas
500 2937 547 2990 ei
573 2936 792 2993 delicias
820 2951 1151 3011 comparant.

146 3021 214 3075 L.
252 3022 461 3079 Deliciae
485 3028 693 3096 perinde
716 3030 765 3082 in
797 3028 961 3085 Veteri
983 3042 1134 3103 atque
1153 3034 1203 3087 in
1229 3033 1281 3087 Ν
1285 3051 1377 3089 ova
1401 3035 1534 3108 Lege
1554 3055 1672 3108 pra-

76 3113 273 3168 hibitaz.
300 3146 369 3156 —
392 3118 462 3173 At
489 3134 621 3173 vero
649 3136 819 3192 neque
847 3121 961 3178 btec
987 3124 1166 3192 licent,
1194 3135 1248 3181 et
1276 3128 1669 3185 matrimonium

72 3206 254 3260 coitus
274 3207 447 3263 solum
471 3209 757 3277 licentiam,
781 3228 887 3271 non
910 3217 1066 3270 etiam
1089 3217 1398 3274 deliciarum
1420 3232 1672 3290 prtestare

71 3297 218 3353 solet
251 3315 264 3354 :
300 3299 351 3353 id
380 3302 564 3356 beatus
597 3303 789 3360 Paulus
819 3315 1043 3363 testatur
1073 3308 1155 3364 his
1180 3311 1356 3366 verbis
1375 3354 1389 3378 ,
1428 3313 1554 3379 Qua:
1579 3331 1671 3368 au-

74 3402 175 3445 tem
197 3394 257 3446 in
277 3394 470 3449 deliciis
489 3405 581 3462 est,
607 3398 772 3453 vivens
792 3410 989 3455 mortua
1015 3411 1088 3455 est
1108 3402 1183 3472 (1.
1211 3402 1344 3458 Tim.
1368 3405 1419 3460 5.
1439 3406 1515 3475 6).
1540 3407 1668 3474 Qua:

66 3484 117 3538 si
145 3484 218 3539 de
250 3485 423 3540 viduis
447 3486 636 3543 ell'atus
659 3499 760 3556 est,
789 3492 911 3547 audi
938 3493 1063 3563 quid
1088 3493 1155 3549 de
1180 3496 1358 3565 nuptis
1379 3497 1561 3553 itidem
1587 3498 1667 3553 di-

72 3586 159 3629 tat
196 3594 211 3629 :
249 3577 492 3633 Mulieres
522 3579 693 3634 habitu
718 3583 942 3638 modesta
966 3625 981 3649 ,
1003 3601 1116 3639 cum
1142 3588 1280 3640 omni
1308 3590 1604 3642 uerecundia
1622 3600 1669 3643 et

71 3667 347 3722 sobrietate
370 3679 605 3725 amantes
624 3688 696 3736 se,
727 3689 827 3727 non
854 3675 1119 3738 cincinnis,
1142 3686 1227 3729 aut
1250 3693 1397 3745 aura,
1421 3689 1509 3733 aut
1534 3697 1670 3734 mar-

72 3760 276 3828 garitis,
296 3770 385 3813 aut
407 3770 700 3829 sumptuoso
725 3767 920 3830 vestitu,
949 3767 1037 3821 sed
1063 3778 1114 3821 ut
1143 3768 1357 3837 feminas
1385 3771 1541 3836 decet,
1564 3772 1669 3841 pie-

72 3861 230 3905 latent
264 3862 399 3907 recte
425 3854 574 3925 factis
602 3857 892 3925 proﬁtentes
913 3858 991 3928 (1.
1019 3856 1150 3913 Tim.
1181 3860 1235 3914 2.
1264 3861 1317 3917 9.
1341 3860 1453 3931 l0).
1484 3861 1670 3934 Neque

73 3942 161 3998 hic
188 3944 395 4013 solum,
422 3946 516 4001 sed
546 3947 673 4003 alibi
705 3964 913 4020 quoque
944 3950 995 4005 in
1023 3965 1088 4006 eo
1112 3952 1266 4008 valde
1294 3952 1543 4023 frequens
1565 3964 1667 4021 est,

73 4033 207 4089 nihil
224 4035 391 4105 plane
404 4036 591 4092 harum
613 4053 789 4093 rerum
804 4054 1126 4111 magnopere
1146 4043 1499 4112 expetendum
1518 4046 1675 4103 nobis

71 4141 217 4182 esse.
252 4128 322 4182 Et
370 4128 495 4198 quid
534 4129 756 4185 Paulum
797 4132 919 4188 dico
959 4134 1017 4187 “i
1047 4135 1134 4205 qui
1174 4150 1294 4190 cum
1338 4144 1392 4192 et
1447 4153 1670 4194 summa:

62 4220 440 4275 'accurationis
479 4229 685 4292 tempus
720 4232 892 4292 esset,
922 4235 977 4281 et
1002 4227 1188 4297 ingens
1216 4229 1432 4299 spiritus
1454 4234 1621 4302 gratia
1647 4273 1663 4299 ,

62 4313 189 4366 haec
229 4312 468 4369 dicebat.
499 4316 666 4371 Amos
704 4317 866 4385 enim,
894 4320 983 4389 qui
1021 4320 1249 4379 infantes
1280 4323 1493 4380 ludwos
1531 4326 1665 4381 alla-

72 4404 347 4474 qnebatur
368 4448 381 4471 ,
411 4422 511 4476 qua
540 4416 853 4479 tempestate
875 4411 1100 4479 deliciae,
1130 4413 1285 4471 luxus
1304 4458 1318 4484 ,
1350 4418 1632 4489 omniaque
1651 4461 1667 4487 ,

74 4507 127 4549 ut
158 4501 240 4553 sic
274 4499 449 4553 dicam
474 4542 490 4565 ,
520 4515 913 4573 supervacanea
951 4508 1207 4577 permissa
1247 4519 1399 4565 erant
1422 4552 1435 4575 ,
1463 4512 1583 4566 audi
1614 4523 1670 4568 ut

71 4588 289 4645 deliciis
314 4590 557 4647 addictos
584 4595 726 4650 serio
755 4605 931 4668 tangat
958 4616 973 4654 :
1010 4597 1098 4654 Vw
1124 4602 1210 4671 qui
1232 4602 1300 4655 ad
1322 4603 1453 4658 diem
1480 4605 1671 4659 malum

68 4685 367 4752 con/luunt,
396 4686 480 4755 qui
507 4686 641 4755 falsa
667 4688 873 4744 sabbata
901 4691 1217 4760 frequentant
1243 4702 1392 4763 atque
1417 4705 1667 4763 tractant;

70 4774 157 4842 qui
184 4773 237 4826 in
270 4773 414 4829 lectis
439 4776 677 4831 cubantes
702 4779 949 4846 eburneis,
973 4782 1295 4837 luxuriantur
1320 4784 1372 4837 in
1398 4785 1501 4839 suis
1528 4786 1667 4839 cubi-

72 4867 227 4933 libus,
262 4877 315 4921 et
344 4869 550 4924 erilium
582 4872 752 4926 Iiwdos
772 4913 787 4940 ,
817 4884 864 4928 et
890 4891 952 4930 ex
974 4876 1138 4931 media
1167 4875 1405 4933 bovilium
1435 4879 1670 4939 lactentes

72 4959 259 5015 ritulas
302 4963 611 5028 comedunt;
636 4965 719 5031 qui
746 4965 814 5019 ad
838 4983 1141 5038 organorum
1171 4986 1349 5025 sanum
1379 4974 1628 5042 plaudunt
1652 5016 1667 5039 ,

73 5052 291 5123 fugitiva
325 5070 421 5121 pro
445 5056 587 5110 statis
617 5056 871 5123 habentes,
900 5059 1071 5113 vinum
1097 5060 1394 5129 defwcatum
1419 5064 1668 5134 bibentes,

72 5155 117 5199 et
146 5146 417 5216 primariis
445 5149 711 5218 unguentis
740 5150 946 5204 delibuti
972 5151 1147 5224 (Amos
1176 5152 1228 5207 6.
1257 5149 1394 5222 4-6).

144 5240 231 5295 LI.
269 5240 417 5293 Licet
445 5240 672 5295 deliciari
714 5245 1015 5312 permissum
1052 5256 1213 5313 esset,
1260 5247 1570 5303 matrimonii
1594 5259 1666 5303 tae

73 5349 187 5388 men
217 5334 486 5389 molestias
526 5336 652 5389 satis
677 5353 784 5391 esse
812 5354 924 5405 quae
970 5355 1080 5393 eam
1122 5340 1427 5410 voluptatem
1482 5342 1673 5397 exstin-

74 5423 529 5498 guat—Itaque
562 5427 700 5498 quod
729 5428 969 5484 dicebam
998 5430 1050 5483 in
1080 5430 1284 5501 primis,
1312 5446 1412 5487 nec
1434 5430 1671 5489 deliciari

134 5585 151 5616 ¹
187 5593 383 5658 neg....
408 5584 549 5658 {vobis
566 5599 669 5658 esse
686 5598 716 5658 ί
737 5585 972 5637 Habentes
994 5587 1120 5637 enim
1135 5586 1327 5658 ,_inquit
1344 5623 1360 5647 ,
1382 5585 1608 5658 alimenta
1628 5593 1675 5658 et

72 5645 382 5712 tegumenta,
407 5645 483 5697 bis
508 5648 716 5712 contenti
737 5663 916 5712 sumus.
945 5659 1065 5699 Nam
1088 5649 1169 5712 qni
1192 5645 1352 5712 volunt
1374 5649 1541 5712 ditites
1562 5647 1675 5712 ﬁeri

74 5708 298 5783 incidunt
317 5709 721 5783 ntetuatiortem,
744 5708 789 5760 et
810 5711 860 5762 in
882 5708 1109 5783 laqueum
1127 5711 1307 5783 diaboli
1319 5748 1333 5773 ,
1358 5720 1404 5783 et
1427 5708 1676 5783 desideria

76 5774 224 5825 multa
249 5772 451 5838 inutilia
472 5780 518 5838 et
540 5772 722 5838 nociva,
733 5787 853 5838 qua:
874 5782 1095 5838 mergunt
1117 5772 1330 5838 homines
1353 5775 1404 5825 in
1425 5773 1673 5838 interitum

77 5843 119 5888 et
139 5834 471 5904 perditio:an
494 5837 561 5901 (1.
587 5836 701 5888 Tim.
722 5834 768 5887 6.
785 5838 837 5889 8.
854 5837 926 5901 9).
954 5834 1008 5889 Et
1031 5838 1149 5902 quid
1176 5836 1377 5891 Paulum
1398 5838 1506 5890 dico
1524 5836 1605 5899 ξ)...

1428 340 1519 399 DE
1557 340 2022 399 VIRCINITATE.

3265 354 3365 407 571

1794 457 1937 513 licet.
1968 457 2105 524 Quin
2146 470 2201 513 ut
2230 456 2357 513 nihil
2392 460 2578 515 horum
2606 462 2826 517 vetitum
2858 471 3034 532 esset,
3068 464 3162 520 sed
3191 467 3366 520 omnia

1789 563 2065 614 concessa,
2097 559 2149 603 at
2175 561 2299 604 sunt
2321 550 2424 604 alia
2460 552 2525 606 ad
2574 554 2877 609 mtestitiam
2909 570 2970 610 ac
3017 556 3254 610 dolorem
3284 558 3365 610 hls

1789 640 2033 710 mqualia,
2066 640 2174 696 imo
2204 650 2350 697 tanta
2375 651 2427 698 et
2452 644 2600 713 plura
2629 654 2685 700 et
2708 648 2929 716 majora,
2951 657 3005 701 ut
3034 647 3242 703 illorum
3269 664 3368 704 nec

1790 736 2065 791 minimum
2096 738 2308 808 quidem
2349 755 2565 795 sensum
2595 742 2867 812 capiamus
2896 784 2912 808 ,
2958 743 3051 798 sed
3081 744 3254 797 omnis
3299 757 3363 796 ea

1789 826 1856 881 iis
1884 827 2126 897 voluptas
2154 828 2398 885 facessat.

1859 918 1967 973 ιιι.
1998 919 2254 987 Quantum
2284 923 2474 975 malum
2505 923 2568 976 sit
2593 923 2861 994 zelotypia.
2891 955 2963 964 —
2990 924 3045 980 Si
3076 924 3215 979 enim
3243 924 3361 995 quis

1787 1020 1974 1065 natura
2025 1012 2095 1065 sit
2142 1010 2207 1066 ad
2254 1013 2570 1085 zelatypiam
2616 1030 2910 1084 propensus
2940 1058 2953 1082 ,
2998 1026 3087 1071 aut
3115 1033 3178 1072 ex
3206 1032 3365 1073 causa

1786 1101 1893 1155 ulla
1928 1103 2145 1158 minime
2172 1120 2296 1159 vera
2323 1120 2389 1159 eo
2418 1106 2557 1161 mala
2578 1107 2898 1177 corripiatur
2929 1150 2943 1176 ,
2975 1110 3162 1179 ecquid
3188 1110 3362 1163 anima

1785 1192 2087 1262 liujnsmodi
2118 1194 2469 1251 miserabilius
2495 1198 2603 1251 sit?
2642 1198 2698 1252 Si
2730 1198 2921 1253 bellum
2959 1209 3117 1270 atque
3163 1182 3378 1275 tempe-3

1785 1297 1862 1340 sta
1871 1294 1975 1341 tem
1995 1302 2113 1341 cum
2134 1288 2214 1342 liis
2229 1289 2430 1344 aedibus
2443 1303 3132 1359 comparemus,accuratam
3148 1293 3368 1363 hujusce

1785 1380 1863 1435 rei
1886 1395 2277 1453 consequemur
2298 1383 2578 1455 imaginem
2608 1402 2621 1438 :
2646 1387 2821 1439 omnia
2844 1386 3089 1450 tristitiae,
3107 1388 3366 1456 suspicio-

1784 1472 1891 1540 nis,
1933 1474 2198 1540 rixarum,
2218 1476 2388 1530 turbae
2412 1476 2566 1545 plena
2594 1486 2733 1533 sunt.
2773 1477 2904 1533 Nam
2922 1479 3009 1549 qui
3038 1478 3138 1535 hac
3159 1479 3362 1535 insania

1785 1563 1921 1620 ictus
1933 1567 2076 1633 sit,ei
2089 1566 2256 1623 nihilo
2273 1568 2463 1623 melius
2478 1578 2740 1640 est,quam
2756 1569 3095 1626 dzemoniacis
3111 1586 3174 1627 ac
3187 1582 3364 1628 mente

1784 1658 1971 1727 captis:
1986 1658 2121 1713 adeo
2137 1658 2349 1715 assidue
2374 1661 2764 1730 exsilit,resilit,
2780 1663 2831 1717 in
2850 1678 3036 1718 onmes
3058 1664 3362 1719 stomacha-

1785 1757 1873 1804 tur
1895 1750 1945 1804 in
1969 1761 2280 1819 praesentes,
2304 1766 2398 1807 seu
2426 1769 2633 1821 servus,
2660 1770 2752 1809 seu
2780 1764 2940 1808 natus
2963 1796 2977 1821 ,
3003 1771 3098 1812 seu
3126 1758 3365 1827 quisquis

1783 1845 1919 1899 alius
1942 1844 2029 1909 sit,
2055 1846 2397 1901 immerentes
2413 1846 2556 1914 licet,
2572 1848 2835 1902 irascitur.
2871 1847 3125 1919 Voluptas
3143 1864 3365 1920 prorsus

1784 1934 2272 2006 fugatur,mmrare,
2294 1937 2458 2005 luctu,
2479 1938 2797 1994 insuavitate
2819 1940 2993 1994 omnia
3008 1941 3199 1996 referta
3213 1951 3356 1996 sunt:

1783 2041 1877 2081 seu
1900 2026 2045 2083 domi
2071 2037 2302 2093 maneat,
2334 2045 2426 2085 seu
2454 2030 2504 2084 in
2535 2030 2706 2085 forum
2732 2031 2985 2102 prodeat,
3016 2047 3109 2088 seu
3139 2033 3241 2089 iter
3265 2032 3358 2087 ad-

1782 2131 1969 2187 ornet,
1999 2120 2194 2192 ubique
2221 2122 2362 2177 malo
2389 2123 2618 2193 tangitur
2644 2164 2658 2187 ,
2704 2124 2937 2177 animum
2967 2124 3015 2179 ei
3045 2125 3235 2195 quovis
3260 2125 3359 2179 sti-

1782 2212 1926 2266 mulo
1954 2212 2131 2267 acrius
2153 2223 2421 2284 pungente
2442 2230 2503 2269 ac
2525 2223 2749 2270 vexante
2781 2257 2795 2282 ,
2843 2230 2940 2270 nec
2980 2217 3257 2287 quiescere
3282 2217 3358 2272 si-

1781 2310 1941 2358 nente
1966 2320 1979 2356 :
2005 2318 2175 2373 neque
2203 2305 2344 2359 enim
2378 2305 2461 2360 hic
2487 2306 2702 2360 morbus
2731 2306 2996 2360 tristitiam
3026 2307 3195 2361 solum
3219 2350 3233 2376 ,
3264 2308 3359 2364 sed

1783 2394 1945 2449 etiam
1976 2394 2363 2450 intolerabilem
2395 2396 2628 2450 furorem
2652 2411 2840 2467 parere
2862 2397 3015 2451 solet.
3049 2398 3225 2469 Atque
3247 2399 3360 2454 hare

1778 2487 1862 2540 vel
1884 2485 2085 2554 singula
2109 2487 2351 2542 satissint
2366 2504 2481 2557 qum
2497 2488 2595 2542 hoc
2616 2489 2803 2543 morbo
2820 2499 3027 2560 captum
3051 2491 3353 2547 conﬁciant:

1779 2578 1859 2633 sin
1903 2588 2079 2633 autem
2126 2578 2283 2634 simul
2340 2580 2619 2649 conjuncta
2662 2590 2969 2652 apptignent
2999 2624 3012 2648 ,
3060 2599 3180 2637 eum
3218 2585 3354 2638 assi-

1778 2668 1882 2723 due
1907 2671 2193 2738 prementia
2220 2711 2233 2733 ,
2272 2686 2369 2725 nec
2408 2671 2682 2725 minimum
2728 2673 2777 2726 ei
2827 2673 3121 2744 respirandi
3152 2682 3360 2745 tempus

1780 2760 2058 2815 tribucntia
2085 2801 2101 2827 ,
2140 2777 2241 2831 qua
2271 2778 2376 2818 non
2406 2770 2577 2817 morte
2600 2763 2651 2818 id
2680 2763 2924 2819 acerbius
2954 2766 3058 2819 sit?
3102 2765 3235 2822 Nam
3265 2782 3358 2821 seu

1777 2862 2070 2909 extremam
2097 2864 2386 2924 egestatem
2414 2897 2429 2923 ,
2458 2871 2553 2910 seu
2579 2856 2925 2911 insanabilem
2953 2859 3194 2913 morbum
3221 2901 3234 2922 ,
3263 2873 3354 2912 seu

1778 2945 1973 3015 ignem,
1995 2960 2090 3001 seu
2116 2945 2318 3001 ferrum
2347 2947 2607 3017 nomines,
2628 2948 2758 3002 nihil
2785 2963 2880 3018 par
2905 2948 3101 3004 dixeris
3135 2968 3147 3004 :
3180 2950 3229 3004 id
3256 2950 3358 3005 soli

1777 3038 1985 3107 experti
2008 3037 2173 3108 probe
2194 3039 2386 3093 sciunt.
2413 3039 2567 3094 Nulla
2589 3048 2671 3095 est
2692 3041 2830 3094 enim
2853 3040 3061 3095 dicendi
3086 3050 3226 3096 tanta
3256 3042 3356 3104 vis,

1777 3146 1894 3201 qua:
1941 3132 2063 3186 mali
2104 3133 2421 3204 gravitatem
2457 3143 2829 3203 consequatur.
2856 3133 3063 3187 Etenim
3092 3148 3212 3188 cum
3240 3149 3356 3188 om-

1778 3226 1922 3279 nium
1954 3227 2283 3281 carissimam
2316 3268 2330 3293 ,
2364 3234 2415 3281 et
2459 3240 2556 3297 pro
2602 3241 2705 3297 qua
2745 3226 2933 3280 lubens
2957 3226 3040 3280 vel
3071 3227 3226 3279 vitam
3258 3226 3355 3279 im-

1778 3318 2005 3389 pendat,
2050 3328 2347 3389 suspectam
2381 3318 2576 3374 habere
2611 3332 2823 3387 semper
2859 3319 3085 3388 cogitur,
3109 3317 3234 3388 quid
3280 3328 3361 3373 est

1776 3411 1994 3466 omnino
2022 3410 2163 3481 quod
2190 3410 2348 3466 solari
2389 3426 2511 3466 eum
2542 3410 2752 3480 possit?
2799 3409 2903 3465 Seu
2932 3427 3162 3480 namque
3202 3427 3343 3466 som-

1777 3520 1903 3558 num
1930 3503 2084 3571 inire,
2115 3519 2207 3559 seu
2234 3503 2410 3559 cibum
2434 3512 2723 3574 potumque
2748 3518 2940 3572 capere
2966 3518 3239 3557 necessum
3264 3504 3353 3567 sit,

1776 3611 2014 3650 mensam
2042 3595 2285 3650 letalibus
2310 3595 2530 3650 venenis
2565 3595 2742 3665 potius
2773 3610 2928 3665 quam
2951 3593 3139 3649 eduliis
3158 3594 3354 3649 instru-

1776 3695 1915 3741 ctam
1940 3685 2154 3742 credet:
2188 3686 2242 3740 in
2273 3686 2409 3741 lecto
2428 3700 2527 3740 nec
2548 3686 2630 3740 vel
2662 3696 2932 3741 momenta
2962 3686 3231 3757 quiescet,
3261 3686 3353 3739 sed

1779 3788 2027 3848 tanquam
2059 3777 2313 3847 subjectis
2346 3778 2529 3848 prunis
2550 3775 2795 3831 tcstuabit
2821 3792 2882 3830 ac
2907 3777 3223 3845 jactabitur:
3257 3792 3352 3832 nc-

1776 3885 1881 3940 qoe
1904 3878 1995 3923 aut
2020 3869 2311 3923 amicorum
2342 3882 2679 3939 congressus,
2708 3874 2801 3922 aut
2831 3868 3162 3937 negotiorum
3201 3883 3351 3932 cura,

1775 3971 1868 4017 aut
1889 3962 2242 4033 periculorum
2261 3970 2451 4026 metus,
2476 3970 2567 4015 aut
2593 3961 2780 4030 ingens
2805 3960 3067 4029 voluptas,
3090 3968 3181 4013 aut
3206 3957 3351 4015 aliud

1775 4054 2059 4126 quidquam
2090 4054 2157 4109 ab
2180 4069 2246 4109 eo
2269 4063 2403 4107 testu
2440 4051 2707 4107 hominem
2737 4049 3001 4106 abducere
3022 4058 3234 4120 potest,
3257 4049 3351 4105 sed

1775 4150 2007 4221 procella
2034 4147 2149 4204 haec
2183 4148 2428 4204 omnibus
2456 4155 2509 4203 et
2530 4144 2780 4217 jucundis
2809 4154 2862 4201 et
2896 4144 3135 4199 tristibus
3165 4154 3353 4215 poteno

1777 4245 1881 4299 tius
1919 4243 2154 4298 animum
2200 4240 2455 4313 possidet.
2504 4241 2627 4295 llaec
2666 4254 2785 4296 cum
2814 4239 3172 4311 perspexisset
3202 4239 3355 4294 Salo-

1776 4354 1923 4405 mon,
1950 4337 2161 4393 dicebat
2184 4353 2197 4390 :
2228 4336 2398 4390 Durus
2417 4335 2546 4390 sicut
2570 4335 2797 4407 infernus
2825 4333 2960 4388 zelus
2981 4330 3148 4405 (Cant.
3177 4334 3227 4389 8.
3260 4330 3352 4403 6):

1775 4444 1829 4489 ct
1856 4448 2082 4498 rursum,
2117 4430 2309 4485 Plenus
2338 4428 2471 4485 enim
2497 4429 2594 4483 zeli
2621 4429 2727 4500 ejus
2756 4428 2850 4481 viri
2870 4431 3034 4497 furor,
3061 4442 3160 4479 non
3187 4436 3356 4495 parcet

1775 4527 1828 4581 in
1840 4527 1920 4581 die
1925 4526 2135 4597 judicii,
2153 4540 2241 4577 nec
2265 4522 2604 4592 redemptione
2627 4520 2735 4574 ulla
2756 4517 3044 4573 inimicitias
3071 4526 3352 4587 componet,

1776 4637 1866 4676 nec
1892 4619 2165 4691 quantisvis
2203 4617 2348 4672 donis
2378 4616 2660 4686 placabitur
2679 4612 2860 4688 (Prov.
2888 4613 2940 4669 6.
2966 4614 3053 4669 51.
3071 4613 3182 4683 55).
3208 4612 3255 4667 Is
3274 4620 3358 4668 est

1777 4717 1916 4768 enim
1945 4711 2113 4766 morbi
2133 4710 2291 4780 hujus
2321 4708 2487 4773 furor,
2517 4717 2575 4763 ut
2602 4722 2700 4763 nec
2718 4716 2930 4776 sumpto
2954 4705 3021 4761 de
3049 4721 3114 4761 eo
3142 4705 3232 4776 qui
3264 4705 3359 4760 lte-

1776 4807 1907 4862 serit
1934 4804 2217 4875 supplicio,
2246 4802 2488 4858 dolorem
2522 4801 2741 4856 missum
2769 4801 2943 4854 faciat.
2974 4798 3153 4869 Itaque
3180 4798 3351 4862 multi,

1775 4899 2017 4954 adultero
2043 4898 2253 4952 sublato
2286 4938 2299 4963 ,
2343 4896 2474 4951 iram
2515 4903 2674 4965 atque
2705 4908 2989 4949 maerorem
3032 4893 3218 4947 tollere
3249 4907 3355 4946 non

1774 5000 2079 5063 potuerunt.
2108 4990 2242 5046 Sunt
2268 4998 2323 5045 et
2354 4989 2442 5060 qui
2469 4989 2619 5044 censis
2644 4988 2754 5043 suis
2775 4985 3088 5057 conjugibus
3111 5028 3126 5051 ,
3158 5000 3310 5055 aeque
3338 5025 3355 5051 ,

1777 5086 1883 5139 imo
1910 5084 2095 5154 magis,
2129 5097 2195 5138 eo
2220 5096 2349 5151 rogo
2375 5079 2689 5135 exarserint.
2718 5079 2795 5133 Ac
2818 5080 2900 5132 vir
2937 5077 3151 5147 quidem
3192 5076 3244 5130 in
3274 5074 3358 5131 his

1777 5177 1931 5232 malis
1955 5175 2133 5246 degit,
2189 5176 2346 5229 etiam
2396 5188 2518 5229 cum
2557 5171 2688 5227 nihil
2727 5185 2912 5226 verum
2956 5170 3043 5224 sit.
3091 5168 3357 5224 Craterum

1778 5268 1973 5323 misera
2003 5267 2091 5322 illa
2121 5275 2175 5322 et
2197 5280 2497 5322 aerumnosa
2523 5263 2605 5318 vel
2622 5262 2737 5317 viro
2760 5261 2973 5332 gravius
2998 5260 3356 5316 excruciatur.

1776 5361 1907 5418 Nam
1938 5376 2057 5415 cum
2084 5376 2204 5415 eum
2240 5401 2255 5424 ,
2288 5359 2375 5428 qui
2426 5370 2784 5412 terutnnarum
2828 5353 3064 5409 omnium
3111 5352 3358 5408 solatium

1779 5469 1899 5510 esse
1927 5453 2114 5508 debeat
2133 5469 2169 5519 ,'
2205 5460 2260 5506 et
2295 5449 2435 5504 unde
2459 5446 2768 5518 praesidium
2798 5445 3214 5515 exspectandum
3246 5443 3312 5498 sit
3340 5486 3358 5510 ,

1780 5547 1999 5605 efferum
2031 5555 2189 5615 atque
2230 5544 2465 5599 omnium
2515 5542 2565 5596 in
2620 5556 2679 5596 se
2721 5538 3083 5594 inimicissime
3110 5537 3360 5591 allectum

1780 5642 1970 5706 cernit,
2012 5656 2116 5710 quo
2138 5640 2246 5707 jam
2278 5652 2336 5691 se
2360 5635 2566 5691 vertat?
2612 5633 2677 5688 ad
2696 5650 2852 5705 quem
2880 5629 3189 5703 confugiat?
3217 5628 3359 5684 unde

1780 5734 2039 5790 malorum
2068 5730 2327 5786 auxilium
2352 5737 2495 5800 petat
2517 5770 2531 5795 ,
2556 5737 2712 5798 portu
2739 5727 2787 5781 ei
2816 5733 3162 5796 praestructo,
3194 5735 3245 5778 ct
3274 5723 3358 5777 inv

1785 5829 2199 5902 numerabilibus
2235 5824 2466 5900 scopulis
2495 5822 2731 5881 referto?
2773 5821 2904 5878 Tum
2934 5829 2986 5875 et
3023 5818 3160 5875 serv?
3187 5824 3233 5872 et
3261 5830 3354 5869 an-
3438 5905 3442 5910 .
