3898 6266
504 287 573 344 75
1163 289 1221 349 S.
1259 290 1535 348 JOANNIS
1572 288 2045 348 CIIliYSOSTOiII
2085 289 2402 351 ARCHlEP‘.
2427 288 2979 347 Δ(ΣΟΝΞἸἊΝἸἾΝΟΡ.
3344 267 3365 291 Α.
3622 289 3726 344 576

466 402 605 457 cilia
642 402 694 458 in
716 416 840 460 eam
877 403 996 459 viro
1036 404 1539 460 contumeliosiores
1582 414 1727 461 sunt.
1770 403 1868 458 Est
1903 403 2047 459 enim

469 509 637 563 genus
662 494 764 549 hoc
792 494 1066 550 hominum
1086 535 1103 561 ,
1134 510 1256 551 eum
1282 495 1480 567 alioqui
1504 496 1859 566 suspiciosum
1884 503 1939 551 et
1966 495 2049 549 in-

471 597 681 656 gratum
709 627 724 651 ,
756 595 867 641 tum
896 586 1126 642 licentia
1152 588 1270 658 plus
1295 588 1435 643 nacti
1459 628 1473 652 ,
1504 587 1748 658 interque
1774 601 1833 643 se
1857 586 2050 642 advero

475 692 565 731 sos
607 675 765 732 heros
788 678 1177 748 conspicientes
1200 718 1218 747 ,
1248 693 1317 734 ex
1357 693 1542 733 eorum
1581 678 1722 733 bello
1747 692 1853 733 non
1880 676 2053 733 levem

476 769 831 838 improbitatis
855 784 967 825 sua
990 785 1177 826 ansam
1203 772 1438 841 capiunt.
1484 769 1618 827 Nam
1659 780 1770 826 tum
1797 769 1867 826 iis
1894 768 2056 841 quid-

475 860 764 930 quidlubet
785 876 989 917 summa
1004 862 1316 933 impunitate
1337 862 1535 935 fingere
1555 860 2054 932 atquecomminisci

480 949 603 1005 licet
624 991 639 1016 ,
681 960 736 1007 et
763 952 1121 1023 suspicionem
1150 952 1430 1008 calumniis
1458 952 1573 1008 suis
1603 952 2055 1023 confirmatiorem

479 1042 726 1099 reddere.
756 1043 979 1098 Animus
1019 1045 1160 1100 enim
1199 1044 1370 1100 semel
1411 1042 1515 1100 hoc
1560 1034 1827 1115 pestilenti
1872 1046 2061 1101 morbo

479 1144 806 1207 utcupatus,
854 1136 1011 1196 facile
1039 1148 1226 1193 cuneta
1248 1137 1458 1204 credit,
1481 1147 1535 1194 et
1561 1153 1690 1194 aure
1716 1138 1966 1194 omnibus
1993 1154 2062 1194 ex

480 1242 635 1299 aquo
663 1238 843 1300 aperta
871 1270 887 1297 ,
921 1229 1276 1302 sycophantas
1307 1245 1340 1286 a
1367 1244 1472 1287 non
1496 1232 1839 1303 sycophantis
1863 1232 2067 1288 discer-

483 1337 613 1379 nere
643 1338 747 1378 non
772 1325 1018 1391 sustinet,
1048 1323 1141 1379 sed
1174 1324 1208 1378 ii
1238 1324 1413 1395 potius
1436 1341 1561 1381 vera
1590 1324 1773 1382 dicere
1793 1324 2061 1392 videntur,

483 1415 575 1485 qui
618 1416 975 1488 suspicionem
1018 1425 1234 1487 augent,
1264 1431 1425 1488 quam
1450 1417 1538 1488 qui
1566 1417 1752 1475 tollere
1776 1426 2061 1473 conantur.

489 1504 671 1577 Itaque
694 1504 899 1578 fugitivi
921 1506 1018 1575 illi,
1050 1522 1343 1579 eorumque
1372 1522 1590 1575 uxores,
1614 1506 1783 1563 nihilo
1810 1508 1988 1563 minus
2014 1505 2067 1565 ei

484 1613 645 1671 quam
673 1599 1073 1656 contubernalis
1100 1601 1320 1656 timendi
1341 1609 1394 1657 et
1416 1600 1668 1657 horrendi
1702 1610 1859 1669 sunt,
1886 1615 2069 1657 suum-

485 1706 588 1761 que
614 1690 717 1746 illis
745 1690 918 1746 locum
944 1691 1103 1747 cedat
1140 1693 1192 1747 in
1221 1692 1540 1765 illorumqne
1559 1691 1804 1749 ordinem
1836 1700 2070 1749 transeat

485 1792 715 1855 Oportet.
743 1784 808 1839 Et
827 1784 1040 1855 quando
1058 1786 1174 1840 sine
1195 1785 1447 1858 lacrymis
1469 1800 1627 1856 agere
1655 1785 1890 1858 poterit?
1908 1802 2069 1857 quam

487 1873 744 1928 noctem?
773 1889 930 1946 quem
969 1874 1154 1931 diem?
1202 1876 1345 1944 quod
1400 1875 1635 1933 festum?
1682 1874 1895 1947 quando
1938 1876 2073 1931 citra

484 1965 739 2036 gemitum
763 2008 780 2036 ,
802 1966 1058 2036 ejulatum
1088 2008 1104 2036 ,
1150 1966 1416 2023 lamenta?
1445 1967 1599 2023 Mina
1628 2010 1645 2039 ,
1688 1968 2025 2025 contumelia
2055 2009 2072 2037 ,

489 2057 730 2114 convicia
812 2068 1069 2129 perpetuo
1118 2100 1135 2128 ,
1204 2068 1316 2116 tum
1388 2075 1419 2115 a
1487 2062 1602 2117 viro
1676 2071 1876 2121 temere
1948 2077 2074 2120 sau-

488 2149 575 2205 cio
601 2191 618 2216 ,
663 2157 775 2205 tum
804 2150 871 2207 ab
897 2149 1120 2222 impuris
1165 2151 1377 2209 famulis
1408 2171 1423 2209 :
1453 2154 1708 2212 custodia
1749 2172 1870 2212 una
1913 2166 2075 2227 atque

489 2239 675 2297 altera
705 2258 719 2296 :
751 2242 930 2297 omnia
954 2245 1177 2299 terroris
1199 2259 1263 2300 ac
1291 2246 1658 2316 trepidationis
1682 2247 1861 2320 plena.
1889 2247 2079 2320 Neque

490 2334 637 2389 enim
663 2334 840 2391 exitus
879 2335 1052 2391 solum
1081 2345 1136 2393 et
1166 2338 1439 2409 ingressus
1466 2380 1484 2406 ,
1514 2339 1610 2395 sed
1638 2348 1695 2397 et
1711 2342 1872 2397 verba
1904 2350 1962 2399 et
1982 2342 2080 2400 ob-

492 2433 641 2482 tutus
660 2435 715 2483 et
738 2426 967 2498 suspiria
993 2437 1244 2485 accurate
1283 2438 1444 2501 atque
1471 2433 1683 2488 curiose
1707 2432 2077 2504 explorantur,

492 2526 548 2573 et
572 2518 655 2573 vel
684 2518 831 2573 saxis
856 2518 1165 2590 rigidiorem
1204 2520 1421 2578 silentio
1447 2532 1637 2580 cuneta
1658 2522 1822 2590 ferre,
1863 2538 1927 2581 ac
1958 2524 2078 2580 tha-

493 2624 636 2667 tamo
658 2620 917 2685 perpetuo
939 2610 1153 2669 affixam
1170 2630 1291 2671 esse
1312 2614 1489 2675 vincto
1514 2614 1704 2672 durius
1727 2631 1949 2673 necesse
1971 2624 2075 2685 est,

492 2704 579 2760 vel
609 2704 776 2775 loqui,
797 2705 1091 2776 suspirare,
1121 2706 1306 2777 egredi
1333 2706 1605 2764 volentem
1630 2749 1646 2776 ,
1678 2709 1916 2765 omnium
1946 2723 2080 2765 ean-

491 2812 608 2854 sam
636 2796 820 2854 dicere
844 2798 988 2868 apud
1018 2807 1304 2870 corruptos
1339 2814 1434 2857 eos
1458 2800 1667 2871 judices
1691 2842 1708 2869 ,
1741 2800 1968 2857 famulas
1993 2802 2080 2858 in—

493 2905 653 2960 quam
677 2897 732 2946 et
756 2905 1035 2949 servorum
1064 2890 1297 2947 turbam.
1325 2891 1523 2962 Igitur,
1554 2894 1601 2948 si
1625 2893 1815 2965 placet,
1843 2909 1967 2951 cum
1995 2892 2082 2951 his

494 2981 650 3037 malis
674 2990 731 3037 et
753 2996 885 3052 opes
925 2982 1168 3053 ingentes
1201 2991 1257 3039 et
1293 2982 1606 3054 splendidas
1650 3000 1861 3042 mensas
1883 2996 1939 3042 et
1962 3002 2082 3043 ser-

494 3084 685 3127 vorum
712 3087 927 3147 gregem
950 3114 974 3139 ,
1012 3073 1228 3145 generis
1273 3074 1616 3146 splendorem
1643 3117 1658 3142 ,
1688 3078 1937 3147 potentia
1966 3093 2085 3135 ma-

496 3166 828 3238 gnitudinem
852 3208 875 3235 ι
898 3167 1123 3239 gloriam
1144 3183 1406 3227 summam
1428 3210 1443 3238 ,
1489 3169 1753 3240 majorum
1783 3172 2080 3229 claritatem

495 3257 715 3326 confer;
742 3272 929 3315 eorum
957 3275 1078 3331 qua
1103 3262 1266 3317 vitam
1293 3262 1430 3318 hanc
1469 3263 1650 3320 studio
1674 3264 2082 3323 desiderabilem

497 3353 734 3409 efficiant
758 3352 893 3408 nihil
920 3354 1293 3423 pratermitte,
1317 3354 1413 3411 sed
1443 3355 1621 3411 omnia
1648 3355 1931 3430 diligenter
1957 3357 2078 3413 col-

498 3446 635 3501 lecta
661 3444 834 3501 dolori
877 3445 1002 3501 huic
1025 3459 1238 3516 oppone
1272 3463 1287 3500 :
1319 3461 1451 3504 sane
1487 3448 1815 3518 voluptatem
1860 3465 1979 3520 qua
2015 3466 2084 3506 ex

498 3538 566 3595 iis
586 3547 771 3595 manat
789 3553 891 3596 nec
918 3547 1268 3611 apparentem
1298 3540 1517 3612 quidem
1538 3556 1729 3597 cernes
1753 3581 1771 3608 ,
1821 3550 1981 3614 atque
2011 3542 2083 3599 ita

498 3630 865 3702 profligatam,
892 3639 953 3687 ut
975 3631 1209 3688 scintilla
1240 3632 1293 3688 in
1320 3641 1527 3689 vastum
1555 3648 1739 3706 aquor
1766 3633 1954 3705 illapsa
1983 3649 2084 3689 ex-

498 3722 805 3792 stinguitur.
842 3722 910 3778 Et
934 3721 1050 3778 hac
1077 3722 1293 3794 quidem
1314 3723 1402 3779 ubi
1428 3724 1511 3780 vir
1537 3725 1799 3797 zelotypia
1823 3725 1982 3783 fuerit
2000 3725 2085 3781 af-

504 3813 699 3872 fectus.
735 3814 829 3871 Sin
855 3815 924 3872 ad
945 3831 1173 3873 uxorem
1205 3817 1470 3891 agritudo
1493 3834 1559 3875 ea
1585 3820 1840 3891 pervadat
1869 3819 1889 3893 (
1912 3837 2085 3893 neque

496 3910 642 3965 enim
674 3908 726 3965 id
750 3924 873 3966 raro
895 3912 1112 3967 evenire
1138 3911 1320 3983 solet)
1346 3954 1363 3980 ,
1389 3927 1510 3969 eum
1534 3914 1626 3968 illo
1644 3930 1805 3986 quam
1835 3930 1955 3971 cum
1987 3914 2087 3971 hac

501 4000 697 4056 melius
736 4010 959 4072 agetur:
1006 4002 1103 4058 sed
1131 4003 1185 4059 in
1213 4003 1353 4060 hanc
1382 4006 1632 4063 miseram
1661 4024 1877 4066 rursum
1916 4009 2088 4079 major

500 4091 745 4148 dolorum
770 4108 895 4164 pars
923 4094 1282 4152 redundabit:
1311 4112 1487 4168 neque
1506 4100 1653 4155 enim
1684 4102 1762 4156 fas
1791 4110 1875 4158 est
1894 4102 2084 4158 iisdem

502 4184 668 4240 armis
697 4184 753 4241 in
777 4196 1084 4258 suspectum
1107 4189 1205 4243 uti.
1252 4188 1385 4245 Nam
1428 4191 1548 4262 quis
1589 4209 1811 4249 uxorem
1842 4194 1979 4250 ferat
2002 4196 2090 4265 ju-

503 4277 720 4334 bentem
745 4278 891 4336 domi
916 4280 1130 4338 assidue
1163 4283 1423 4339 manere?
1455 4285 1575 4356 quis
1604 4300 1637 4341 e
1683 4288 1854 4342 servis
1900 4287 2088 4344 herum

502 4372 791 4431 observare
822 4373 1004 4440 ausit,
1031 4375 1159 4444 quin
1189 4376 1442 4432 continuo
1494 4377 1560 4432 ad
1611 4377 1919 4435 barathrum
1948 4382 2090 4436 abri-

503 4465 717 4536 piatur?
748 4463 928 4537 Itaque
950 4480 1052 4523 nec
1081 4465 1167 4523 his
1194 4466 1637 4527 machinamentis
1671 4472 1832 4527 solari
1870 4487 1931 4529 se
1968 4489 2093 4544 pos-

505 4557 595 4623 sit,
623 4573 725 4615 nec
749 4557 883 4614 iram
922 4559 1104 4615 verbis
1144 4559 1367 4618 efferre:
1414 4562 1510 4618 sed
1546 4563 1631 4618 vir
1665 4564 1836 4621 semel
1864 4564 2089 4623 fortasse

508 4651 806 4719 iterumque
868 4650 1260 4721 vitilitigantem
1331 4653 1605 4722 patietur;
1663 4655 1746 4711 sin
1813 4657 2089 4712 criminari

508 4741 783 4812 persistat,
808 4742 988 4797 statim
1016 4741 1249 4809 docebit,
1271 4753 1526 4813 prastare
1542 4762 1605 4803 ea
1631 4748 1844 4803 silentio
1866 4747 2007 4805 ferre
2027 4763 2091 4804 ac

510 4834 807 4892 tabescere.
845 4836 1018 4907 Atque
1044 4835 1159 4892 hac
1186 4837 1402 4908 quidem
1451 4838 1498 4895 si
1543 4840 1781 4910 suspicio
1808 4841 2091 4903 sitJ’orro

509 4928 555 4986 si
583 4929 784 4985 malum
824 4929 924 4985 hoc
948 4946 1132 4987 verum
1162 4932 1274 5001 sit,
1322 4931 1435 5003 jam
1468 4948 1690 4990 uxorem
1735 4950 1944 4990 nemoe
1970 4933 2086 4990 Iasi

519 5024 766 5083 manibus
802 5025 994 5098 eripiat
1021 5067 1037 5094 ,
1069 5027 1195 5098 quin
1225 5027 1370 5100 leges
1407 5029 1730 5100 opitulantes
1760 5038 1947 5085 nactus
1970 5043 2092 5084 om-

512 5120 659 5175 nium
688 5117 787 5174 sibi
807 5118 1137 5175 carissimam
1173 5121 1226 5175 in
1244 5119 1501 5192 judicium
1528 5121 1809 5177 adductam
1842 5122 2089 5177 trucidet:

518 5221 775 5267 eaterum
793 5211 878 5268 vir
901 5212 1076 5285 legum
1104 5229 1291 5286 pmnas
1317 5215 1534 5287 effugit,
1562 5216 1777 5272 sublimi
1804 5230 1868 5271 ac
1895 5215 2091 5271 divina

513 5305 793 5362 sententia
816 5317 1080 5365 servatus.
1117 5310 1315 5366 Verum
1345 5308 1399 5366 id
1421 5308 1488 5365 ad
1518 5309 1733 5365 misera
1765 5309 2092 5367 consolatio-

514 5417 636 5457 nem
650 5416 755 5458 non
777 5403 1105 5473 sufficit;sed
1133 5421 1354 5464 necesse
1380 5416 1464 5463 est
1484 5406 1694 5480 longam
1720 5404 2004 5477 quamdam
2032 5418 2097 5460 ac

515 5495 873 5554 miserandam
904 5508 1131 5556 mortem
1153 5500 1334 5556 subire
1352 5540 1367 5565 ,
1396 5514 1494 5570 per
1514 5500 1906 5554 incantamenta
1935 5506 2095 5568 atque

517 5591 768 5649 veneﬁcia
786 5635 803 5661 ,
833 5608 952 5665 qua
974 5594 1235 5650 adultera
1262 5591 1515 5647 mulieres
1540 5600 1839 5661 praparant
1863 5605 1878 5642 :
1906 5588 2096 5660 plera-

515 5700 619 5758 que
638 5687 799 5743 etiam
830 5700 931 5743 nec
957 5685 1163 5741 insidiis
1189 5685 1241 5739 in
1277 5698 1372 5739 eas
1395 5696 1527 5753 quas
1554 5681 1819 5737 lacessant
1838 5695 1975 5751 Opus
2001 5679 2098 5736 ha-

516 5782 863 5857 buerunt,sed
885 5782 988 5841 illa
1000 5779 1249 5841 maroris
1264 5778 1603 5840 vehementia
1622 5779 1772 5853 prius
1792 5776 2091 5850 exstincta,

2153 404 2296 474 ipsas
2322 412 2724 474 praverterunt.
2772 404 2850 460 Ita
2880 412 2938 460 ut
2960 402 3298 475 quamamvh
3322 405 3423 460 viri
3446 420 3634 462 omnes
3660 406 3728 461 ad

2154 494 2552 551 matrimonium
2572 494 2924 563 confluerent,
2950 495 3160 552 feminis
3190 496 3243 551 id
3284 511 3394 551 non
3432 497 3505 553 sit
3546 511 3734 568 perse-

2155 588 2449 660 quendum.
2473 587 2609 645 Nam
2636 604 2737 645 nec
2765 589 2941 646 inesse
2971 590 3025 645 in
3067 604 3127 645 se
3149 599 3349 645 tantam
3379 589 3612 647 libidinis
3633 591 3737 645 im-

2158 681 2448 753 potentiam
2476 689 2701 751 possunt
2721 680 2904 738 dicere
2922 721 2940 749 ,
2986 690 3043 738 et
3060 681 3308 738 dolorum
3332 683 3429 753 qui.
3451 697 3517 738 ex
3543 696 3612 738 eo
3635 682 3739 736 im-

2161 771 2425 843 pendeant
2451 770 2572 842 plus
2598 772 2814 841 capiunt
2842 789 2858 827 :
2883 772 3026 842 quod
3057 771 3271 843 quidem
3288 772 3396 842 jam
3421 781 3506 828 est
3530 788 3563 827 a
3586 772 3741 828 nobis

2160 862 2603 919 demonstratum.
2621 863 2757 933 Quid
2776 865 2949 936 igitur,
2978 865 3148 935 inquit
3165 906 3182 931 ,
3203 864 3257 921 id
3283 865 3335 920 in
3366 865 3513 920 omni
3540 864 3735 920 matri.

2162 955 2344 1011 munio
2383 955 2509 1013 est?
2534 955 2645 1012 Nec
2692 971 2823 1013 vero
2868 956 3023 1012 abest
3045 956 3115 1012 ab
3140 957 3286 1011 omni
3324 972 3340 1010 :
3389 966 3648 1012 caeterum
3676 954 3746 1012 ab

2165 1049 2309 1106 omni
2338 1049 2637 1121 virginitate
2654 1049 2810 1121 longe
2827 1058 2983 1120 atque
3004 1050 3186 1121 procul
3210 1058 3310 1105 est.
3338 1049 3417 1106 Ae
3429 1062 3594 1119 nupta
3622 1048 3749 1104 licet

2166 1143 2219 1198 in
2248 1143 2444 1199 malum
2474 1158 2580 1199 non
2605 1143 2845 1211 incidat,
2869 1152 2927 1200 at
2950 1145 3001 1199 in
3026 1144 3146 1199 mali
3173 1154 3371 1199 metum
3395 1143 3631 1199 incidet:
3662 1158 3751 1198 ne»

2166 1250 2270 1305 que
2315 1234 2457 1290 enim
2488 1243 2700 1305 potest,
2730 1236 2813 1290 cui
2844 1251 2966 1289 cum
2992 1236 3108 1291 viro
3136 1234 3593 1292 eonsuescendum
3640 1235 3749 1303 sit,

2167 1340 2275 1381 non
2305 1340 2409 1381 una
2430 1340 2553 1381 eum
2577 1326 2962 1385 consuetudine
2990 1327 3126 1383 mala
3153 1328 3328 1383 omnia
3361 1341 3539 1381 secum
3560 1334 3752 1395 putare

2169 1431 2233 1473 ae
2258 1425 2499 1474 metuere
2524 1436 2540 1474 :
2576 1418 2726 1488 virgo
2749 1426 2924 1475 autem
2954 1433 3062 1475 non
3089 1418 3261 1473 solum
3281 1431 3309 1471 a
3332 1415 3590 1472 molestiis
3614 1457 3630 1483 ,
3656 1415 3755 1470 sed

2169 1506 2331 1563 etiam
2350 1523 2382 1563 a
2410 1507 2713 1580 suspicione
2740 1509 2905 1565 libera
2931 1517 3033 1564 est.
3067 1507 3140 1564 At
3162 1507 3265 1564 hoc
3290 1522 3394 1563 non
3422 1516 3504 1566 est
3529 1507 3583 1561 in
3606 1504 3756 1562 omni

2172 1600 2532 1657 matrimonio.
2562 1599 2680 1656 Non
2715 1600 2962 1671 equidem
2992 1599 3046 1655 id
3068 1599 3187 1655 dico
3210 1641 3228 1666 ,
3271 1600 3363 1654 sed
3407 1600 3655 1668 quamvis
3702 1596 3759 1652 id

2173 1707 2282 1748 non
2306 1692 2450 1760 insit,
2476 1692 2578 1747 alia
2605 1692 2786 1747 insunt
2808 1692 2996 1758 multa,
3020 1706 3081 1746 ac
3099 1690 3226 1746 licet
3252 1690 3341 1744 illa
3367 1688 3611 1758 efl‘ugias,
3639 1702 3763 1743 om-

2175 1785 2263 1841 nia
2289 1785 2445 1856 plane
2469 1783 2705 1855 ell‘ugere
2735 1799 2840 1838 non
2863 1783 3076 1854 possis;
3109 1781 3204 1839 sed
3230 1781 3375 1837 velut
3402 1781 3454 1835 in
3478 1778 3757 1840 sentibus.

2175 1894 2297 1951 qua
2318 1877 2650 1934 vestimentis
2677 1875 2990 1932 adhareant
3010 1915 3027 1940 ,
3052 1873 3144 1946 qui
3169 1888 3355 1942 sepem
3378 1868 3715 1929 transcendit
3741 1910 3760 1936 ,

2176 1972 2244 2029 ad
2261 1986 2421 2029 unam
2440 1970 2771 2028 evellendam
2792 1984 3101 2033 conversus,
3122 1968 3241 2023 aliis
3261 1966 3499 2037 pluribus
3524 1972 3762 2021 tenetur:

2178 2064 2253 2119 ita
2278 2073 2334 2120 et
2362 2064 2421 2120 in.
2445 2079 2506 2120 re
2531 2064 2716 2119 uxoria
2738 2102 2756 2130 ,
2784 2063 2874 2133 qui
2905 2061 3007 2118 hoc
3045 2058 3340 2131 perrumpit
3370 2099 3386 2124 ,
3420 2058 3513 2113 illo
3544 2068 3762 2111 rursum

2180 2157 2422 2224 laditur;
2467 2158 2559 2229 qui
2588 2172 2717 2213 vero
2745 2154 2872 2212 illud
2896 2154 3159 2219 evaserit,
3185 2151 3334 2208 aliud
3360 2149 3618 2206 offendit:
3659 2161 3766 2204 nec

2180 2249 2336 2306 facile
2362 2251 2760 2307 matrimonium
2786 2248 3027 2304 invenias
3054 2246 3200 2302 omni
3230 2243 3470 2300 molestia
3498 2241 3761 2299 solutum.

2250 2340 2383 2397 LIII.
2415 2339 2719 2413 Conjugium
2757 2340 2969 2396 divitum
3001 2336 3331 2409 expetendum
3354 2351 3453 2389 non
3478 2348 3618 2398 esse,
3658 2332 3766 2385 imo

2182 2449 2463 2504 pauperum
2486 2432 2734 2488 connubia
2762 2432 3021 2488 nwfestius
3044 2445 3169 2485 esse.
3186 2456 3258 2470 --
3281 2426 3480 2484 Verum
3498 2467 3514 2493 ,
3544 2424 3588 2482 si
3615 2423 3770 2478 vide-

2181 2536 2289 2596 tur,
2323 2526 2567 2584 infaustis
2592 2526 2828 2583 dimissis
2848 2567 2864 2593 ,
2893 2522 3035 2594 quod
3059 2523 3117 2578 in
3144 2537 3210 2580 eo
3237 2529 3319 2577 ter
3345 2520 3556 2577 beatum
3576 2517 3769 2573 existi-

2182 2629 2379 2685 metur,
2411 2626 2467 2674 et
2501 2617 2672 2684 multi,
2700 2617 2943 2687 adeoque
2968 2629 3156 2670 omnes
3181 2620 3365 2684 optent
3393 2609 3675 2681 consequi,
3709 2608 3767 2664 id

2183 2726 2325 2767 nunc
2349 2712 2401 2765 in
2431 2709 2666 2767 medium
2693 2709 3009 2781 productum
3048 2707 3397 2777 inquiramus.
3420 2704 3680 2773 Quidnam
3708 2702 3768 2759 id

2183 2805 2303 2862 est?
2328 2803 2428 2873 Qui
2461 2817 2683 2874 pauper,
2713 2801 2927 2856 humilis
2947 2843 2963 2868 ,
2995 2800 3234 2871 ahjectus
3261 2799 3336 2853 sis
3356 2839 3374 2865 ,
3404 2813 3471 2853 ex
3495 2795 3671 2865 ampla
3697 2808 3768 2850 ac

2184 2897 2386 2968 potenti
2428 2903 2483 2951 et
2526 2894 2787 2966 locuplete
2823 2894 2984 2949 domo
3010 2906 3230 2948 uxorem
3259 2890 3475 2946 ducere.
3513 2890 3583 2944 At
3621 2886 3765 2953 hoc,

2183 2986 2327 3059 quod
2352 2985 2709 3058 expetendum
2732 2985 2961 3050 videtur,
2991 2999 3097 3039 non
3144 2981 3438 3039 minoribus
3456 3022 3471 3045 ,
3502 2995 3664 3051 quam
3701 2979 3768 3032 il-

2185 3080 2306 3147 Iud,
2337 3079 2475 3153 quod
2516 3093 2763 3151 perosum
2793 3085 2907 3141 est.
2936 3073 3325 3131 calamitatibus
3353 3072 3642 3128 obnoxium
3670 3069 3770 3127 (Ie-

2186 3174 2600 3246 prehendemus.
2630 3171 2725 3226 Est
2749 3171 2891 3225 enim
2924 3168 3124 3239 alioqui
3144 3181 3269 3223 cum
3298 3165 3568 3220 hominum
3592 3166 3768 3234 genus

2187 3265 2683 3327 insolentissimum,
2716 3273 2825 3319 tum
2851 3262 2903 3316 in
2931 3261 2995 3316 iis
3018 3260 3287 3323 mulieres,
3314 3273 3380 3313 eo
3404 3254 3619 3326 quidem
3647 3268 3766 3309 ma—

2184 3361 2287 3432 gis,
2317 3374 2424 3431 quo
2463 3358 2862 3428 impotentiorcs
2892 3362 3036 3409 sunt.
3061 3352 3238 3420 Quare
3261 3359 3317 3406 et
3344 3349 3529 3404 morbo
3556 3348 3661 3402 hoc
3689 3345 3771 3401 fa-

2187 3453 2342 3509 cilius
2369 3449 2650 3519 capiuntur
2673 3466 2689 3502 :
2714 3447 2759 3503 si
2786 3461 2913 3502 vero
2937 3443 3200 3514 superbia
3227 3456 3415 3512 graves
3438 3440 3596 3495 etiam
3633 3452 3769 3492 eau-

2186 3561 2276 3603 sas
2319 3543 2586 3611 habeant,
2618 3541 2747 3597 nihil
2773 3549 2856 3595 est
2889 3536 3032 3610 quod
3054 3550 3147 3593 eas
3172 3537 3226 3592 in
3262 3533 3442 3589 ofﬁcio
3463 3532 3769 3598 contineat;

2188 3637 2287 3694 sed
2315 3636 2466 3707 quasi
2492 3634 2705 3690 flamma
2731 3632 3007 3689 materiam
3037 3638 3188 3685 nacta
3207 3669 3222 3694 ,
3249 3626 3319 3682 ita
3345 3626 3575 3682 immane
3595 3638 3771 3694 quan-

2190 3740 2303 3788 tum
2331 3745 2391 3785 se
2412 3727 2720 3792 sustollunt,
2747 3725 2991 3782 ordinem
3016 3723 3317 3786 invertunt,
3342 3731 3547 3774 summa
3572 3715 3771 3771 inlimis

2189 3831 2417 3882 mutant.
2447 3819 2580 3878 Nam
2608 3818 2782 3875 virum
2810 3831 2945 3873 uxor
2982 3814 3173 3885 capitis
3211 3812 3387 3868 locum
3429 3818 3613 3866 tenere
3660 3822 3769 3863 non

2189 3918 2337 3983 sinit,
2362 3914 2457 3972 sed
2482 3930 2587 3986 qua
2609 3921 2693 3971 est
2713 3910 3045 3967 contumacia
3068 3915 3226 3979 atque
3251 3907 3413 3973 fastu,
3429 3903 3498 3961 de
3518 3917 3585 3960 eo
3603 3901 3771 3974 gradu

2189 4011 2456 4082 dejectum
2495 4007 2547 4063 in
2577 4021 2731 4063 suum
2751 4045 2768 4072 ,
2796 4004 2847 4060 id
2874 4012 2959 4059 est
2984 4001 3051 4057 ad
3080 3999 3463 4070 subjectionem
3484 4037 3500 4063 ,
3525 3994 3771 4066 compel-

2191 4103 2281 4166 lit,
2324 4102 2542 4172 ipsaque
2572 4099 2632 4153 fit
2656 4104 2815 4167 caput
2857 4109 2921 4150 ac
2943 4093 3070 4149 dux.
3101 4091 3170 4148 Et
3196 4089 3325 4161 quid
3352 4103 3416 4145 ea
3439 4086 3773 4172 absurditate

2190 4171 2403 4259 gravius
2428 4200 2549 4240 esse
2583 4181 2796 4255 potest?
2837 4187 2897 4234 ut
2918 4177 3053 4233 nihil
3086 4176 3295 4241 dicam,
3338 4171 3613 4239 convicia,
3642 4187 3775 4227 con-

2192 4277 2438 4334 tumelias
2454 4318 2471 4343 ,
2499 4272 2887 4337 insuavitatem,
2914 4285 3034 4341 qua
3058 4268 3297 4323 omnium
3317 4274 3443 4322 sunt
3465 4265 3773 4321 durissima.

2263 4368 2398 4425 LIV.
2432 4366 2762 4434 Quantunwt's
2794 4362 3069 4434 subjectum
3109 4376 3318 4415 uxorem
3354 4358 3643 4430 opulentam
3682 4357 3777 4409 Ita-

2194 4464 2331 4531 bena,
2369 4462 2546 4531 ingens
2583 4451 2956 4515 incommodum
2995 4468 3121 4508 esse.
3148 4480 3219 4492 -—-
3246 4449 3363 4505 Iam
3398 4449 3443 4504 si
3470 4447 3590 4519 quis
3632 4446 3777 4500 dicat

2194 4561 2344 4630 (nam
2387 4554 2632 4625 equidem
2676 4551 2873 4605 multos
2910 4546 3090 4602 dicere
3132 4543 3329 4608 audivi,
3360 4557 3479 4596 cum
3510 4538 3775 4610 ejusmodi

2195 4662 2474 4707 sermones
2504 4640 2765 4712 incidunt)
2796 4658 2811 4695 :
2843 4639 3073 4695 Tantum
3103 4636 3252 4691 dives
3277 4644 3332 4690 et
3368 4646 3649 4689 nummosa
3685 4631 3773 4697 sit,

2195 4741 2343 4798 nullo
2372 4737 2584 4809 negotio
2601 4735 2718 4804 ejus
2746 4732 2912 4787 fastus
2932 4729 3257 4800 deprimetur
3288 4741 3353 4781 ac
3379 4723 3660 4794 dejicietur
3688 4738 3704 4777 :
3732 4722 3775 4776 si

2196 4833 2338 4906 quis,
2382 4832 2620 4900 inquam,
2664 4826 2783 4882 hac
2827 4824 2993 4890 dicat,
3038 4838 3121 4877 na
3166 4820 3256 4875 ille
3298 4821 3527 4890 primum
3571 4817 3778 4888 ignorat

2195 4926 2349 4982 valde
2370 4923 2422 4979 id
2446 4921 2663 4978 difﬁcile
2680 4932 2802 4976 esse
2820 4935 2836 4983 ;
2857 4915 3050 4972 deinde
3074 4924 3132 4970 ut
3150 4913 3441 4982 contingat,
3464 4926 3571 4965 non
3593 4924 3776 4980 parum

2196 5018 2369 5075 adfert
2389 5013 2715 5072 detrimenti.
2748 5010 2959 5067 Etenim
2985 5008 3038 5064 vi
3069 5018 3125 5064 et
3149 5007 3423 5062 timentem
3449 5019 3513 5060 ac
3537 5013 3775 5058 coactam

2197 5112 2314 5168 viro
2340 5109 2551 5180 subjici,
2578 5107 2792 5176 gravius
2830 5115 2991 5174 atque
3017 5099 3355 5173 injucundius
3382 5105 3484 5160 est,
3512 5112 3674 5168 quam
3700 5097 3779 5152 vel

2198 5219 2410 5265 summa
2437 5200 2752 5259 auctoritate
2789 5198 2840 5253 ei
2881 5197 3162 5267 imperare.
3199 5191 3335 5261 Quid
3372 5190 3483 5245 ita?
3527 5188 3683 5258 Quod
3719 5204 3781 5244 ea

2198 5300 2280 5358 vis
2306 5296 2597 5356 amicitiam
2616 5306 2829 5348 omnem
2855 5304 2920 5345 ac
2946 5288 3271 5358 voluptatem
3302 5281 3570 5353 expellat:
3599 5280 3784 5336 amici-

2199 5393 2288 5450 tia
2311 5398 2489 5448 autem
2514 5393 2675 5456 atque
2711 5382 2871 5440 studii
2912 5381 3082 5436 vicem
3124 5387 3330 5434 terrore
3371 5389 3436 5430 ac
3463 5373 3783 5431 necessitate

2200 5487 2480 5547 subeunte,
2506 5479 2688 5553 quanti
2719 5477 2828 5550 jam
2864 5474 2992 5531 illud
3019 5471 3175 5529 fuerit
3207 5466 3605 5525 matrimonium
3630 5465 3781 5519 asti-

2198 5580 2451 5641 mandum
2464 5576 2490 5632 ?

2272 5672 2385 5731 LV.
2416 5665 2741 5726 Intolerabile
2768 5666 2959 5721 malum
2994 5677 3100 5718 esse
3137 5658 3309 5715 ditiort'
3341 5656 3447 5712 uiro
3481 5653 3683 5709 nubere.
3713 5678 3779 5693 -

2205 5771 2381 5841 Atque
2404 5764 2519 5823 hac
2539 5761 2753 5837 quidem
2774 5760 2819 5817 si
2844 5772 2977 5816 uxor
3001 5754 3251 5828 opulenta
3267 5751 3354 5809 sit.
3373 5750 3470 5809 Sin
3486 5748 3775 5819 contingat,
