3898 6316
363 323 427 377 77
1178 313 1236 372 S.
1275 311 1563 370 JOANNES
1598 303 2088 368 CIIRYSOSTOhil
2126 303 2447 361 ARCIIIEP.
2492 299 3038 360 CONSTANTINOR

323 453 488 490 παινα
521 434 618 507 μὲν
647 435 768 489 ἀντὶ
791 432 1060 504 γαμετῆς,
1097 432 1192 486 καὶ
1226 434 1259 502 ἡ
1291 430 1553 500 ἐλευθέρα
1579 428 1785 496 γίνεται
1807 426 1990 507 δούλη.

325 515 418 568 καὶ
448 505 544 585 τὴν
586 514 720 584 αὐτῇ
751 515 1130 585 προσήκουσαν
1164 509 1476 582 παρρησίαν
1523 508 1857 567 ἀπολέσασα,
1883 505 1992 558 τῶν

321 597 724 669 ἀργυρωνήτων
755 594 904 647 οὐδὲν
934 593 1154 663 ἄμεινον
1171 591 1524 651 διακείσεται,
1547 589 1680 669 ἀλλὰ
1710 588 1813 669 κᾶν
1838 587 1996 669 ἀσελ-

320 663 549 743 γαίνειν,
604 663 706 728 κᾶν
745 673 1021 743 παροινεῖν
1063 672 1269 732 ἐκεῖνος
1320 668 1500 739 ἐθέλῃ,
1547 668 1650 721 κᾶν
1704 667 1790 720 ἐπ’
1828 663 1998 736 αὐτὴν

321 757 478 824 ἄγειν
513 756 612 826 τὴν
653 753 866 824 ἐκείνης
903 750 1063 822 εὐνὴν
1097 748 1522 822 ἐταιριζομένων
1571 746 1779 818 πλῆθος
1809 764 1998 816 γυναι-

323 837 456 900 κῶν,
480 836 659 889 πάντα
687 834 872 906 φέρειν
907 833 1117 903 ἀνάγκη
1143 832 1237 886 καὶ
1269 829 1606 900 ἀσμενίζειν,
1633 829 1665 899 ἦ
1692 828 1790 897 τῆς
1819 827 1997 891 οἰκίας

323 917 597 969 ἐκπεσεῖν.
637 914 747 967 Καὶ
779 913 841 965 οὐ
879 911 1036 965 τοῦτο
1081 911 1238 981 μόνον
1283 911 1400 963 ἐστὶ
1449 908 1510 962 τὸ
1549 907 1743 970 δεινὸν,
1775 906 1892 960 ἀλλ’
1917 906 1999 958 ὅτι

323 994 548 1064 τάνδρὸς
578 992 719 1046 οὕτω
747 991 1114 1062 διακειμένου,
1151 989 1274 1043 οὕτε
1295 989 1555 1052 οἰκέταις,
1580 987 1702 1042 οὔτε
1731 986 1999 1058 θεραπαι-

333 1073 431 1126 νίσι
481 1075 594 1140 μετ’
638 1071 949 1142 ἐλευθερίας
983 1070 1290 1124 ἐπιτάττειν
1321 1069 1633 1140 δυνήσεται,
1664 1065 1778 1120 ἀλλ’
1812 1064 2001 1142 ὥσπερ

325 1153 383 1205 ἐν
414 1150 713 1220 ἀλλοτρίοις
734 1141 902 1214 ζῶσα,
941 1149 1032 1202 καὶ
1059 1148 1167 1200 τῶν
1195 1147 1255 1200 οὐ
1286 1146 1672 1218 προσηκόντων
1698 1141 2001 1198 ἀπολαύου-

327 1247 417 1295 σαι
454 1230 548 1284 καὶ
574 1229 810 1301 δεσπότῃ
849 1227 1107 1300 μᾶλλονῆ
1144 1227 1299 1300 ἀνδρὶ
1341 1224 1686 1289 συνοικοῦσα,
1712 1223 1870 1301 οὕτω
1908 1223 2002 1278 καὶ

327 1310 588 1382 πράττειν
627 1310 722 1362 καὶ
757 1300 986 1379 πάσχειν
1025 1306 1240 1360 ἅπαντα
1275 1303 1668 1382 ἀναγκάζεται.
1709 1300 1774 1355 Εί
1823 1301 2002 1382 δὲκαὶ

327 1379 386 1457 ἐξ
410 1389 611 1460 ὁμοίων
631 1405 715 1451 τις
743 1386 914 1440 ἐθέλοι
935 1387 1154 1456 γαμεῖν¹
1182 1384 1344 1437 πάλιν
1373 1381 1450 1454 τῷ
1469 1381 1572 1453 τῆς
1606 1380 1884 1452 ὑποταγῆς
1913 1379 2002 1435 νό-

331 1485 416 1540 μῳ
443 1466 510 1520 τά
535 1467 633 1538 τῆς
659 1464 946 1538 όμοτιμίας
968 1464 1305 1535 λυμαίνεται,
1336 1463 1428 1517 τοῦ
1454 1463 1553 1534 τῆς
1583 1461 1772 1540 οὐσίας
1803 1460 2002 1531 μέτρου

329 1537 605 1610 πείθοντος
659 1537 827 1616 αὐτὴν
880 1543 1190 1612 ἐξισοῦσθαι
1238 1543 1316 1614 τῷ
1357 1543 1531 1616 ἀνδρί.
1571 1537 1784 1610 Τίνούν
1813 1541 1878 1595 ἀν
1919 1555 2002 1602 τις

328 1629 574 1700 ποιήσειε
607 1623 873 1696 τοσαύτης
905 1623 1191 1687 δυσκολίας
1231 1619 1750 1694 πανταχοῦ-ούσηςς
1776 1620 1866 1691 Μὴ
1886 1619 2002 1700 γάρ

331 1725 443 1779 μοι,
474 1705 629 1758 είπου
658 1703 862 1774 σφόδρα
891 1703 1061 1772 ὀλίγοι
1092 1704 1186 1758 καὶ
1219 1702 1576 1775 εὐαρίθμητοι
1619 1700 1793 1756 ταῦτα
1817 1699 2001 1779 διέφυ-

329 1775 426 1855 γον
453 1785 642 1856 γάμοι,
671 1782 894 1847 τούτους
935 1785 1015 1846 είς
1053 1782 1217 1853 μέσον
1251 1780 1486 1853 ἀγάγῃς·
1518 1780 1579 1834 οὐ
1614 1779 1725 1851 7&9
1753 1777 1862 1833 ἀπὸ
1889 1775 2003 1829 τῶν

331 1863 720 1928 σπανιζόντων,
749 1861 863 1914 ἀλλ’
897 1861 1005 1915 ἀπὸ
1031 1861 1136 1914 τῶν
1178 1862 1265 1914 ἀεὶ
1291 1859 1700 1930 συμϐαινόντων
1726 1876 2005 1932 χαρακτη-

333 1946 502 2015 ρίζειν
525 1943 592 1996 τά
629 1940 930 2013 πράγματα
962 1942 1250 2011 προσήκει.
1287 1939 1412 1992 Ἐπὶ
1447 1938 1548 2008 μέν
1584 1939 1694 2010 7&9
1723 1939 1824 2009 τῆς
1858 1955 2004 2009 παρ-

331 2022 512 2086 θενίας
540 2021 796 2076 δύσκολον
833 2019 1004 2074 ταῦτα
1046 2018 1322 2087 γενέσθαι,
1367 2017 1568 2089 μᾶλλον
1615 2019 1675 2073 δέ
1723 2017 2002 2083 ἀδύνατον,

332 2103 425 2156 ἐπὶ
453 2102 510 2157 δέ
531 2101 640 2155 τῶν
671 2102 865 2172 γάμων
886 2098 1144 2154 δύσκολον
1181 2099 1257 2170 μὴ
1287 2095 1562 2168 γενέσθαι.

402 2234 547 2305 NCT.
571 2237 632 2290 Εί
653 2235 708 2288 δέ
740 2235 832 2288 ἐπὶ
859 2237 972 2300 τοῖς
987 2235 1236 2290 δοκοῦσιν
1269 2231 1408 2290 εἶναι
1435 2236 1714 2308 χρηστοῖς.
1747 2232 2004 2288 τοσαῦται

331 2317 607 2372 τίκτονται
629 2315 810 2386 ἀηδίαι
834 2316 929 2369 καὶ
951 2333 1013 2368 συ
1023 2316 1311 2388 μφοραὶ,τί
1341 2316 1406 2370 ἀν
1434 2333 1518 2380 τις
1547 2314 1640 2369 ἐπὶ
1660 2317 1774 2378 τοῖς
1797 2313 2005 2384 ὡμολο-

331 2397 593 2468 γημένοις
620 2397 762 2449 εῐποι
782 2394 1080 2466 λυπηροῖς;
1113 2395 1188 2448 Οὐ
1220 2395 1330 2466 γάρ
1355 2395 1494 2468 ὑπὲρ
1528 2395 1647 2460 ἐνὸς
1679 2395 1884 2450 δέδοικε
1919 2392 2009 2447 θα-

334 2479 496 2532 νάτου
527 2476 706 2547 μόνον,
741 2473 917 2528 καίτοι
939 2491 1003 2542 γε
1031 2473 1182 2540 ἆπαξ
1203 2475 1468 2544 μέλλουσα
1489 2471 1940 2529 ἐναποθανεῖσθαι
1963 2481 2003 2535 ⁸,

333 2557 452 2612 οὐδέ
473 2556 612 2628 ὑπὲρ
647 2555 775 2626 μιᾶς
795 2555 1072 2624 φροντίζει
1101 2554 1278 2626 ψυχῆς
1302 2558 1431 2627 μίαν
1462 2555 1662 2627 ἐχουσα
1701 2557 1890 2626 μόνην,
1911 2553 2008 2608 ἁλ-

336 2637 402 2691 λά
436 2637 624 2708 τρέμει
668 2635 768 2706 μὲν
812 2636 951 2706 ὑπὲρ
993 2635 1205 2707 ἀνδρὸς.
1246 2636 1440 2707 τρέμει
1491 2637 1548 2690 δὲ
1601 2637 1741 2707 ὐπέρ
1779 2634 2007 2698 παίδων,

332 2718 525 2790 τρέμει
577 2719 634 2772 δέ
683 2716 822 2788 ὑπὲρ
868 2717 975 2769 τῶν
1026 2716 1255 2780 ἐκείνοις
1310 2718 1695 2789 προσηκόντων
1729 2714 2007 2787 γυναικῶν

336 2799 496 2852 πάλιν
530 2799 622 2852 καὶ
659 2796 884 2860 παίδων,
913 2797 1006 2850 καὶ
1035 2797 1253 2867 ὅσῳπερ
1282 2795 1348 2850 ἂν
1376 2799 1455 2860 εἰς
1483 2796 1735 2858 πλείονας
1762 2795 2010 2864 ἐκτείνη-

334 2893 424 2932 ται
484 2878 709 2941 κλάδους
766 2879 798 2948 ὴ
853 2876 998 2950 ῥίζα,
1031 2875 1270 2946 τοσούτῳ
1320 2875 1604 2940 πλεονάζει
1661 2873 1756 2928 καί
1802 2876 1870 2929 τά
1903 2875 2010 2928 τῶν

337 2958 630 3031 φροντίδων
668 2959 825 3028 αὐτῇ·
875 2958 967 3010 καὶ
1014 2956 1134 3010 καθ’
1170 2956 1401 3009 ἕκαστον
1452 2955 1652 3009 τούτων
1692 2955 1800 3008 εἴτε
1838 2955 2011 3025 ζημία

337 3039 653 3111 χρημάτων,
678 3037 784 3090 εἴτε
823 3035 1074 3106 σώματος
1102 3034 1404 3106 ἀρρωστία,
1433 3035 1540 3088 εἴτε
1571 3034 1758 3105 ἐτερόν
1783 3051 1834 3086 τι
1873 3050 2010 3103 συμ-

339 3119 464 3188 ϐαίη
494 3116 604 3170 τῶν
633 3115 967 3186 ἀϐουλήτων,
996 3114 1208 3186 ἀνάγκη
1241 3115 1532 3168 κόπτεσθαι
1556 3116 1649 3169 καὶ
1671 3114 1888 3185 θρηνεῖν
1903 3113 2012 3166 τῶν

339 3197 656 3267 πασχόντων
695 3195 794 3265 οὐχ
834 3192 996 3266 ⁴ἧττον
1039 3195 1238 3248 αὐτῶν’
1281 3194 1388 3249 κάν
1429 3196 1527 3266 μὲν
1593 3194 2011 3266 προαπέλθωσιν

339 3279 598 3342 ἅπαντες,
635 3274 907 3346 ἀφόρητον
940 3276 1002 3328 τὸ
1035 3275 1248 3340 πένθος
1279 3275 1344 3330 ἂν
1373 3275 1431 3328 δέ
1460 3277 1508 3328 οἱ
1543 3276 1640 3346 μέν
1674 3277 1932 3347 μένωσιν,
1960 3276 2010 3329 οἱ

337 3357 396 3412 δὲ
416 3357 617 3429 ἀώροις
646 3355 984 3424 ἀπενεχθῶσι
1019 3355 1288 3419 θανάτοις,
1313 3356 1435 3409 οὐδέ
1464 3354 1606 3409 οὕτω
1640 3355 1888 3427 καθαράν
1921 3353 2014 3407 εὓ-

344 3454 427 3510 ροι
462 3454 545 3499 τις
575 3434 640 3488 ἂν
669 3431 1041 3504 παραμυθίαν.
1089 3434 1148 3487 Ὀ
1188 3434 1296 3506 γὰρ
1331 3435 1470 3505 ὑπὲρ
1513 3433 1622 3488 τῶν
1660 3431 1876 3497 ζώντων
1923 3433 2013 3487 ἀεὶ

340 3517 505 3588 φόϐος
553 3514 857 3570 κατασείων
909 3516 1007 3586 τὴν
1049 3515 1228 3586 ψυχὴν
1266 3517 1366 3568 οὐκ
1393 3516 1631 3570 ἐλάττων
1658 3515 1756 3585 τῆς
1779 3515 1870 3567 ἐπὶ
1899 3516 2013 3577 τοῖς

341 3597 752 3665 τετελευτηκόσι
795 3599 1000 3668 γίνεται
1031 3597 1227 3668 λύπης,
1261 3597 1376 3652 ἀλλ’
1403 3599 1452 3652 εί
1493 3599 1573 3652 δεῖ
1599 3616 1652 3652 τι
1680 3597 1774 3651 καὶ
1801 3595 2013 3668 θαυμα-

342 3683 464 3736 στόν
495 3684 688 3748 εἰπεῖν,
718 3679 1114 3753 χαλεπώτερος.
1142 3678 1250 3749 Τὴν
1290 3679 1389 3748 μὲν
1430 3677 1538 3749 7&9
1567 3677 1658 3730 ἐπὶ
1684 3680 1797 3741 τοῖς
1831 3693 2015 3730 κεκοι-

344 3761 608 3833 μημένοις
645 3761 882 3832 ἀθυμίαν
917 3759 946 3811 6
980 3757 1171 3829 χρόνος
1209 3755 1470 3828 ἐμάλαξε,
1509 3757 1607 3821 τάς
1640 3756 1698 3810 δέ
1736 3756 1875 3829 ὑπὲρ
1903 3757 2013 3811 τῶν

341 3840 558 3906 ζώντων
599 3839 883 3912 φροντίδας
921 3837 1102 3907 μένειν
1134 3838 1346 3908 ἀνάγκη
1382 3836 1697 3899 διαπαντὸς,
1733 3836 1766 3906 ἢ
1795 3836 2013 3907 θανάτῳ

342 3917 652 3975 παύσασθαι
681 3919 846 3992 μόνῳ.
885 3917 944 3969 Εί
976 3917 1033 3969 δέ
1076 3919 1191 3979 τοῖς
1227 3915 1450 3980 οίκείοις
1485 3917 1585 3969 οὐκ
1627 3914 1774 3987 [516]
1807 3913 2014 3986 ἀρκοῦ-

345 4015 446 4069 μεν
479 3999 696 4061 πάθεσι,
735 3999 888 4049 ποῖον
925 3992 1234 4064 βιωσόμεθα
1267 3993 1379 4063 βίον
1419 3992 1516 4056 τάς
1551 3993 1752 4066 ἐτέρων
1801 3994 2014 4048 πενθεῖν

341 4076 774 4146 ἀναγκαζόμενοι
801 4073 1116 4144 συμφοράς;
1143 4071 1340 4126 Πολλαὶ
1375 4071 1633 4136 πολλάκις
1664 4072 1910 4142 ἐγένοντο
1931 4090 2018 4142 γο-

342 4158 480 4211 νέων
505 4155 793 4226 λαμπρῶν,
825 4154 1206 4224 ἀνετράφησαν
1236 4150 1378 4222 μετά
1409 4151 1610 4224 πολλῆς
1637 4152 1736 4222 τῆς
1772 4152 2011 4222 τρυφῆς,

345 4234 667 4305 ἐξεδόθησάν
717 4246 824 4286 τινι
869 4231 976 4286 τῶν
1031 4231 1241 4301 μεγάλα
1260 4230 1585 4303 ’δυναμένων
1626 4231 1857 4304 ἀνδρῶν,
1895 4228 2016 4286 εἶτα

346 4315 608 4384 ἐξαίφνης
630 4314 759 4385 πρὶν
783 4311 876 4364 ἐπὶ
897 4309 1107 4373 τούτοις
1139 4312 1564 4383 μακαρισθῆναι,
1595 4310 1845 4366 κινδύνου
1871 4311 2016 4376 τινὸς

347 4394 597 4463 καθάπερ
627 4390 939 4460 καταιγίδος
971 4389 1005 4460 ἢ
1038 4389 1350 4461 πνεύματος
1398 4392 1828 4465 προσπεσόντος,
1881 4409 2016 4445 κατ-

346 4472 542 4526 έδυσαν
577 4471 672 4525 καὶ
705 4467 886 4532 αὗται,
929 4471 1024 4523 καὶ
1055 4467 1164 4522 τῶν
1205 4471 1299 4524 τοῦ
1345 4473 1606 4542 ναυαγίου
1637 4471 2014 4544 συμμετέσχον

345 4551 555 4618 δεινῶν,
582 4553 678 4606 καὶ
711 4546 916 4621 μυρίων
943 4545 1049 4620 πρὸ
1073 4547 1168 4601 τοῦ
1206 4550 1383 4620 γάμου
1413 4549 1590 4605 καλῶν
1619 4549 2012 4617 ἀπολαύουσαι,

346 4632 484 4703 πρὸς
507 4635 604 4703 τὴν
632 4630 866 4700 ἐσχάτην
900 4627 1006 4681 ἀπὸ
1029 4626 1122 4680 τοῦ
1151 4628 1330 4699 γάμου
1361 4630 1666 4682 κατέπεσαν
1707 4632 2010 4703 συμφοράν.

360 4710 501 4764 Ἀλλ’
524 4711 584 4762 οὐ
618 4709 810 4771 ταῦτα,
844 4707 998 4778 φησὶ,
1026 4708 1213 4780 πᾶσιν,
1248 4708 1368 4762 οὐδὲ
1412 4710 1499 4765 ἀεὶ
1527 4710 1858 4780 συμπίπτειν
1892 4710 2015 4764 είω-

351 4793 462 4853 θεν,
488 4789 600 4843 ἀλλ’
629 4788 748 4841 οὐδὲ
779 4777 994 4868 πάντων
1012 4777 1340 4868 κεχῴρῖσται
1369 4790 1485 4858 (καὶ
1512 4777 1621 4860 γάρ
1649 4787 1759 4857 ἐγὼ
1783 4788 1850 4842 τά
1874 4788 2014 4842 αὐτὰ

349 4873 512 4927 πάλιν
543 4869 696 4942 ἐρῶ),
731 4867 868 4922 ἀλλά
894 4869 1006 4930 τοῖς
1035 4867 1133 4936 μὲν
1157 4869 1252 4921 καὶ
1273 4867 1360 4922 διά
1387 4868 1488 4939 τῆς
1513 4869 1711 4940 πείρας
1755 4868 2009 4940 ἐπῆλθον,

349 4952 463 5005 ὅσοι
488 4950 546 5004 δέ
574 4942 672 5014 τὴν
698 4950 893 5018 πεῖραν
917 4946 1192 5014 διέφυγον.
1216 4946 1436 5009 τούτους
1455 4950 1543 5003 διά
1560 4949 1663 5019 τῆς
1690 4949 2013 5021 προσδοκίας

350 5032 558 5102 ἠνίασε.
587 5027 859 5100 Παρθένος
877 5026 932 5078 δὲ
959 5027 1106 5078 πᾶσα
1139 5027 1232 5079 καὶ
1259 5029 1356 5098 τῆς
1381 5029 1574 5100 πείρας
1600 5029 1694 5084 καὶ
1718 5029 1816 5099 τῆς
1845 5047 2016 5101 προσ..

351 5111 534 5174 δοκίας
555 5109 702 5162 ἐστὶν
736 5105 1003 5178 ἁνωτέρα.

412 5235 534 5287 NZ'.
556 5229 700 5300 Πλὴν
714 5225 826 5284 ἀλλ’
849 5231 896 5282 εί
924 5227 1068 5283 δοκεῖ
1094 5231 1274 5284 ἐκεῖνα
1303 5232 1600 5302 ἀφέντες,ἂ
1627 5233 2010 5303 συγκεκλὴρω-

346 5340 438 5378 ται
473 5321 632 5392 φύσει
658 5320 737 5391 τῷ
764 5318 946 5390 γάμῳ,
985 5319 1078 5372 καὶ
1107 5319 1250 5392 ἅπερ
1279 5321 1453 5385 οὐδεὶς
1487 5324 1552 5376 ἂν
1573 5321 1696 5376 οὐτε
1723 5321 1866 5377 ἐκὼν
1888 5323 2010 5378 οὐτε

347 5414 495 5467 ἀκων
535 5408 808 5479 διαφύγοι,
847 5407 1018 5462 ταῦτα
1059 5408 1477 5479 διασκεψώμεθα
1513 5409 1607 5463 νῦν
1635 5411 1683 5464 δ.
1746 5410 1879 5464 Τίνα
1920 5407 2014 5466 οὖν

350 5507 467 5559 ἐστι
491 5500 696 5566 cuii-ca;
737 5498 930 5561 Ὠδῖνες
979 5497 1070 5551 καὶ
1121 5498 1269 5551 τόκοι
1311 5499 1405 5551 καὶ
1450 5498 1658 5553 παιδία.
1694 5499 1913 5552 Μᾶλλον
1956 5499 2013 5550 δέ

348 5591 604 5660 ἀνωτέρω
643 5589 735 5645 τὸν
770 5589 923 5655 λόγον
958 5588 1275 5657 ἀγάγωμεν,
1315 5591 1406 5640 καὶ⁵
1443 5587 1511 5640 τά
1551 5587 1657 5658 πρὸ
1694 5586 1788 5639 τοῦ
1831 5586 2010 5658 γάμου

408 5816 433 5846 ⁸
461 5816 574 5866 "me
597 5825 675 5865 est
698 5815 936 5876 scriptura
961 5815 1148 5866 Savilii.
1167 5817 1280 5867 Alio
1303 5821 1372 5872 et.
1397 5823 1445 5864 ul
1475 5816 1688 5873 videtur,
1720 5815 1880 5863 minus
1904 5813 2010 5864 ido-

340 5895 437 5931 non
458 5892 604 5930 sensu
631 5880 794 5929 Momf.
833 5880 1054 5937 καίτοιγε
1075 5879 1177 5936 μέλ.
1211 5879 1586 5928 ἐναποθανεῐσθαι
1609 5879 1744 5938 μόνη.
1776 5881 1908 5930 Emr.

407 5945 436 5993 ιι
457 5945 575 6005 Reg.
609 5943 972 6004 ἐπισκεψώμεθα
993 5939 1092 5989 νῦν.

3668 294 3791 351 578

2099 422 2507 493 καταμάθωμεν
2543 421 2619 484 ὡς
2655 419 2899 474 δυνατόν’
2934 416 3070 489 μετὰ
3120 415 3406 490 ἀκριϐείας
3439 414 3549 487 γάρ
3585 415 3640 469 οῖ
3667 431 3792 468 πα-

2099 503 2283 568 θόντες
2327 502 2473 557 ίσασι
2515 501 2685 571 μόνοι.
2740 499 2976 568 Ἐπέστη
3008 497 3108 568 τῆς
3151 496 3445 568 μνηστείας
3491 496 3522 548 6
3559 494 3789 564 καιρόςο

2102 585 2196 638 καὶ
2222 583 2499 657 φροντίδες
2538 579 2738 644 εὐθέως
2762 577 3052 649 ἐπάλληλοι
3090 578 3184 630 καὶ
3221 575 3484 638 ποικίλαι,
3519 575 3644 657 τίνα
3670 575 3791 657 ἀρα

2096 655 2325 736 λήψεται
2367 662 2556 733 ἀνδρα,
2607 662 2680 733 μὴ
2727 659 2979 729 δυσγενῆ,
3019 657 3095 730 μὴ
3141 658 3250 712 τῶν
3275 657 3492 726 ἀτίμων
3523 655 3791 736 τινά,νμὴ

2098 735 2326 816 αὐθάδη,
2361 743 2436 816 μὴ
2466 741 2780 807 ἀπατεῶνα,
2820 739 2894 811 μὴ
2918 737 3174 803 ἀλαζόνα,
3211 737 3286 809 μὴ
3319 736 3550 808 θρασὺν,
3581 737 3660 808 μὴ
3678 735 3790 808 ζη-

2061 824 2350 889 ιλότυπον,
2398 822 2472 893 μὴ
2507 819 2825 893 μικρολόγον
2859 817 3001 882 τινά,
3043 817 3118 889 μὴ
3163 818 3353 889 εὐήθη,
3402 817 3476 890 μὴ
3518 817 3790 889 πονηρὸν,

2105 903 2179 974 μὴ
2209 901 2461 972 σκληρὸν,
2503 900 2577 972 μὴ
2612 899 2890 968 ἄνανδρον.
2928 897 3114 952 Ταῦτα
3147 897 3256 969 γάρ
3287 897 3502 952 ἅπαντα
3545 897 3791 970 συμϐαί-

2103 1006 2214 1042 νειν
2246 987 2343 1056 μὲν
2373 987 2474 1040 οὐκ
2516 985 2730 1056 ἀνάγκη
2773 986 2892 1048 ταῖς
2935 983 3314 1056 γαμουμέναις
3365 982 3632 1048 ἀπάσαις,
3680 1001 3793 1055 με-

2107 1068 2304 1139 ριμνᾷν
2338 1067 2395 1121 δέ
2427 1067 2643 1135 ἀνάγκη
2669 1065 2764 1119 καὶ
2802 1063 3110 1134 φροντίζειν
3139 1063 3357 1118 ἅπαντα
3387 1074 3437 1102 σο
3478 1063 3636 1118 οὔπω
3673 1064 3796 1137 7&9

2103 1144 2255 1209 ὄντος
2297 1145 2390 1200 τοῦ
2418 1143 2909 1218 κληρωθησομένου
2937 1143 3116 1215 δήλου,
3143 1144 3259 1198 ἀλλ’
3285 1143 3368 1196 ἔτι
3411 1145 3505 1215 τῆς
3564 1143 3795 1211 ἐλπίδος

2108 1225 2383 1298 μετεώρου
2419 1225 2708 1298 μενούσης,
2736 1225 2914 1281 πάντα
2943 1229 2977 1297 ἡ
3006 1225 3154 1298 ψυχὴ
3175 1224 3384 1281 δέδοικε
3431 1226 3527 1280 καὶ
3563 1226 3791 1299 τρέμει,

2104 1310 2196 1362 καὶ
2216 1308 2368 1363 οὐδέν
2388 1307 2534 1361 ἐστιν
2559 1308 2696 1379 ὅπερ
2718 1308 2778 1362 οὐ
2801 1307 3070 1376 λογίζεται
3098 1306 3323 1362 τούτων.
3351 1307 3411 1360 EE
3435 1306 3491 1360 δὲ
3522 1306 3674 1378 λέγοι
3701 1326 3795 1375 τις

2101 1390 2184 1444 ὅτι
2213 1389 2308 1444 καὶ
2331 1387 2399 1442 τά
2423 1389 2640 1442 ἐναντία
2664 1388 3022 1462 προσδοκῶσα
3045 1386 3428 1459 εὐφραίνεσθαι
3455 1387 3663 1443 δύναιτ’
3696 1390 3793 1454 ἂν,

2103 1467 2164 1526 εὖ
2201 1473 2333 1526 ῐστω
2351 1469 2434 1523 ὅτι
2460 1469 2558 1541 οὐχ
2591 1468 2764 1533 οὕτως
2793 1469 2937 1539 ἡμᾶς
2959 1471 3013 1523 αί
3041 1468 3150 1521 τῶν
3183 1467 3403 1537 ἀγαθῶν
3433 1468 3654 1534 ἐλπίδες
3681 1488 3796 1524 πα-

2108 1547 2493 1622 ραμυθοῦνται.
2522 1548 2598 1611 ὼς
2637 1549 2691 1602 αί
2725 1548 2834 1602 τῶν
2863 1549 3118 1619 πονηρῶν
3168 1548 3486 1618 προσδοκίαι
3526 1548 3792 1603 λυποῦσι.

2104 1633 2186 1684 Τά
2223 1630 2320 1702 μὲν
2351 1629 2460 1701 γάρ
2498 1628 2680 1696 ἀγαθά
2724 1628 2853 1682 ὅταν
2898 1627 3128 1698 ἐλπισθῇ
3169 1626 3422 1698 βεϐαίως,
3455 1626 3582 1682 τότε
3621 1629 3796 1699 μόνον

2102 1710 2276 1764 τίκτει
2308 1709 2406 1780 τὴν
2438 1707 2649 1780 ἡδονήνο
2686 1707 2756 1761 τὰ
2793 1707 2852 1761 δέ
2901 1706 3048 1761 κακά
3091 1706 3194 1760 κᾶν
3234 1707 3548 1778 ὐποπτευθῇ
3600 1708 3792 1778 μόνον,

2105 1788 2306 1853 εὐθέως
2342 1787 2564 1860 συνέχεε
2614 1789 2706 1842 καὶ
2743 1787 3073 1859 συνετάραξε
3119 1787 3218 1860 τὴν
3250 1787 3451 1859 ψυχήν.
3489 1789 3710 1861 Ὥσπερ
3734 1791 3796 1842 δέ

2105 1868 2200 1922 ἐπὶ
2237 1867 2345 1922 τῶν
2375 1867 2722 1938 ἀνδραπόδιον
2757 1867 2790 1938 ἡ
2821 1866 2928 1920 τῶν
2959 1867 3232 1939 ἐσομένων
3277 1867 3472 1939 ἀδηλία
3505 1863 3794 1922 δεσποτῶν

2104 1948 2205 2002 οὐκ
2228 1946 2450 2018 ἀφίησιν
2478 1947 2755 2019 ἠρεμῆσαι
2785 1945 2884 2018 τὴν
2910 1946 3132 2000 ἐκείνων
3158 1945 3358 2019 ψυχὴν,
3391 1945 3532 2002 οὕτω
3562 1946 3659 2002 καὶ
3697 1948 3794 2001 ἐπὶ

2103 2027 2213 2082 τῶν
2268 2026 2553 2097 παρθένων
2606 2027 2786 2080 πάντα
2829 2026 2922 2079 τὸν
2967 2027 3075 2080 ἀπὸ
3110 2026 3211 2098 τῆς
3253 2027 3548 2097 μνηστείας
3589 2026 3790 2098 καιρὸν

2106 2107 2491 2180 χειμαζομένῳ
2536 2106 2709 2178 πλοίῳ
2764 2105 3088 2178 προσέοικεν
3146 2105 3327 2162 αὐτῶν
3375 2105 3611 2178 ἡψυχὴ,
3661 2108 3786 2161 καθ

2106 2189 2344 2258 ἐκάστην
2396 2185 2610 2257 ἡμέραν
2666 2186 2774 2240 τῶν
2811 2186 3017 2255 γονέων
3063 2188 3190 2251 τοὺς
3220 2187 3319 2258 μὲν
3362 2186 3719 2257 κρατούντων
3739 2184 3790 2249 δ,

2106 2269 2232 2332 τοὺς
2255 2267 2313 2321 δέ
2343 2264 2736 2320 ἐκϐαλλόντων.
2761 2265 2866 2318 Τὸν
2889 2266 3001 2337 γὰρ
3020 2267 3321 2337 νικήσαντα
3348 2265 3474 2336 χθὲς
3500 2265 3612 2319 τῶν
3645 2281 3793 2336 μνη-

2109 2350 2323 2420 στήρων
2355 2347 2596 2417 σήμερον
2624 2343 3095 2416 παρευδοκίμησεν
3120 2345 3207 2400 ἐτε
3217 2362 3328 2417 ρος,
3353 2344 3448 2399 καὶ
3473 2343 3666 2398 τοῦτον
3686 2347 3796 2398 πά-

2107 2425 2189 2480 λιν
2223 2425 2474 2493 ἐξέϐαλεν
2507 2422 2697 2492 ἄλλος..
2734 2424 2888 2477 Ἔστι
2920 2424 2976 2478 δέ
3009 2424 3097 2478 ὅτε
3133 2425 3229 2478 καὶ
3279 2423 3418 2496 πρὸς
3451 2423 3642 2486 αὐταῖς
3692 2421 3794 2478 τοῦ

2107 2505 2288 2576 γάμου
2318 2506 2436 2568 ταῖς
2475 2502 2666 2575 θύραις
2696 2503 2725 2555 6
2766 2504 2866 2574 μὲν
2900 2502 3293 2576 προσδοκηθεὶς
3331 2503 3562 2573 νυμφίος
3597 2504 3791 2566 κεναῖς

2109 2584 2320 2656 ἀπῆλθε
2356 2583 2532 2655 χερσὶ,
2563 2581 2639 2652 τῷ
2677 2581 2734 2634 δέ
2775 2581 2849 2653 μὴ
2883 2582 3189 2636 ἐλπισθέντι
3219 2582 3318 2652 τὴν
3349 2581 3515 2654 κόρην
3538 2581 3793 2651 παρέδω-

2109 2681 2210 2717 καν
2244 2666 2291 2717 οί
2322 2665 2517 2734 γονεῖς.
2549 2663 2624 2716 Οὐ
2661 2664 2918 2729 γυναῖκες
2961 2661 3017 2714 δὲ
3061 2661 3241 2732 μόνον,
3276 2660 3411 2717 ἀλλά
3463 2661 3554 2716 καὶ
3594 2662 3793 2735 ἀνδρες

2109 2745 2352 2818 χαλεπάς
2395 2745 2577 2816 ἔχουσι
2612 2743 2712 2808 τὰς
2749 2743 3054 2815 φροντίδας.
3103 2743 3338 2808 Τούτους
3383 2743 3483 2814 μὲν
3525 2744 3636 2813 γὰρ
3700 2743 3792 2796 καὶ

2111 2827 2588 2898 πολυπραγμονεῖν
2627 2825 2826 2890 ἔνεστι,
2870 2825 2969 2896 τὴν
3006 2825 3062 2878 δέ
3095 2824 3243 2878 ἔνδον
3282 2824 3792 2895 συγκεκλεισμένην

2109 2906 2403 2969 διαπαντὸς
2450 2905 2569 2969 πῶς
2596 2907 2663 2961 ἀν
2703 2924 2786 2970 τις
2827 2909 3249 2978 περιεργάσαιτο
3275 2905 3494 2976 τρόπων
3527 2904 3726 2959 ἐνεκεν
3757 2905 3789 2973 ἢ

2114 2986 2360 3057 μορφῆς;
2391 2984 2502 3038 Καὶ
2517 2985 2691 3039 ταῦτα
2723 2985 2823 3056 μὲν
2849 2985 2988 3040 κατά
3013 2989 3102 3039 τὸν
3123 2986 3222 3057 τῆς
3249 2986 3544 3057 μνηστείας
3566 2985 3788 3056 καιρόν·

2111 3066 2236 3119 ὅταν
2264 3065 2319 3118 δέ
2350 3065 2378 3117 6
2405 3063 2499 3118 τοῦ
2527 3063 2708 3134 γάμου
2733 3065 3126 3137 παραγίνηται,
3157 3065 3464 3120 ἐπιδίδωσιν
3488 3069 3522 3136 η
3551 3067 3787 3134 ἀγωνία.

2113 3144 2207 3197 καὶ
2237 3144 2335 3214 τῆς
2366 3145 2561 3215 ἡδονῆς
2593 3144 2793 3219 πλείων
2824 3145 2854 3198 6
2887 3144 3071 3214 φόϐος,
3116 3146 3326 3216 μήποτε
3358 3145 3450 3199 ἀπ’
3485 3147 3656 3219 αὐτῆς
3690 3148 3792 3217 τῆς

2113 3222 2353 3296 ἑσπέρας
2383 3225 2552 3297 ἀηδής
2583 3242 2668 3288 τις
2695 3218 2834 3277 εἶναι
2863 3223 3009 3296 δόξῃ,
3039 3226 3134 3280 καὶ
3161 3225 3264 3296 τῆς
3297 3218 3627 3297 προσδοκίας
3661 3225 3794 3280 πολ-

2111 3303 2190 3374 λῷ
2219 3304 2636 3376 καταδεεστέρα.
2662 3303 2773 3375 Τὴν
2807 3305 2906 3374 μέν
2932 3304 3040 3377 γάρ
3068 3304 3218 3374 παρά
3248 3304 3345 3378 τὴν
3375 3306 3546 3379 ἀρχὴν
3571 3307 3790 3361 εὐδοκι-

2117 3385 2368 3455 μήσασαν
2400 3383 2625 3455 ὕστερον
2661 3384 3143 3456 καταφρονηθῆναι
3169 3387 3424 3458 φορητόψ
3452 3389 3580 3441 ὅταν
3611 3388 3668 3441 δέ
3690 3385 3790 3441 ἀπ’

2115 3464 2306 3534 αὐτῆς,
2340 3463 2416 3528 ὡς
2451 3465 2517 3519 ἂν
2549 3467 2693 3519 εῐποι
2730 3482 2835 3530 τις,
2879 3464 2978 3536 τῆς
3023 3466 3289 3538 γραμμῆς
3332 3464 3484 3538 [317]
3530 3466 3790 3537 φαίνηται

2115 3545 2448 3616 προσκορὴς,
2493 3543 2623 3598 πότε
2666 3544 2951 3616 δυνήσεται
2990 3543 3368 3618 θαυμασθῆναι
3425 3546 3644 3613 λοιπόν;
3678 3550 3788 3603 Καὶ

2119 3625 2192 3695 μή
2237 3641 2325 3695 μοι
2368 3623 2527 3678 τοῦτο
2563 3624 2744 3701 εἴπης,
2782 3627 2848 3680 Τί
2881 3625 2961 3688 δέ.
3001 3626 3068 3680 ἀν
3106 3625 3380 3696 εὔμορφος
3425 3622 3560 3681 οὖσα
3614 3627 3784 3700 τύχω

2116 3702 2250 3758 Οὐδέ
2282 3701 2391 3775 γὰρ
2420 3703 2562 3758 οὕτω
2592 3705 2794 3778 ταύτης
2821 3705 3162 3777 ἀπήλλακται
3188 3707 3288 3778 τῆς
3317 3706 3619 3778 φροντίδος.
3650 3711 3787 3764 Πολ·

2115 3783 2206 3837 λαὶ
2258 3782 2389 3853 γοῦν
2428 3785 2801 3857 διαλάμψασαι
2851 3786 3055 3857 σφόδρα
3092 3785 3233 3839 κατά
3277 3786 3376 3856 τὴν
3409 3785 3503 3840 τοῦ
3536 3785 3787 3856 σώματος

2115 3863 2266 3936 ὥραν
2301 3864 2402 3917 οὐκ
2441 3864 2668 3936 ίσχυσαν
2699 3865 2825 3929 τοὺς
2860 3865 3056 3936 ἀνδρας
3082 3865 3289 3919 ἐαυτῶν
3317 3867 3474 3932 ἑλεῖν,
3507 3865 3647 3920 ἀλλά
3685 3869 3784 3936 ἀφ·

2117 3945 2267 4008 έντες
2297 3945 2464 4018 αὐτὰς
2487 3947 2681 4000 ἐκεῖνοι
2709 3948 2829 4008 ταῖς
2851 3946 3056 4017 σφόδρα
3089 3944 3440 4016 λειπομέναις
3471 3947 3653 4000 αὐτῶν
3699 3949 3783 4013 ἐξ-

2116 4024 2324 4079 έδωκαν
2354 4026 2598 4089 ἐαυτούς.
2632 4025 2744 4079 Καὶ
2781 4025 2984 4094 ταύτης
3011 4024 3068 4077 δὲ
3095 4025 3196 4096 τῆς
3225 4026 3502 4098 φροντίδος
3531 4027 3785 4097 λυθείσης

2117 4105 2280 4176 ἑτέρα
2313 4104 2476 4159 πάλιν
2509 4105 2888 4176 ἐπεισέρχεται
2917 4104 3079 4174 ἀηδία
3111 4106 3171 4159 ἐν
3198 4107 3264 4176 τῇ
3297 4105 3397 4174 τῆς
3424 4105 3653 4178 προικὸς
3692 4126 3786 4162 κα·

2115 4183 2338 4254 ταϐολῇ,
2381 4183 2410 4238 ὅ
2449 4201 2508 4238 τε
2548 4184 2814 4255 κηδεστὴς
2851 4183 2913 4237 οὐ
2948 4183 3088 4254 μετά
3125 4184 3434 4257 προθυμίας
3481 4186 3784 4253 ἀποδιδοὺς,

2117 4271 2212 4326 ἅτε
2242 4273 2443 4342 προῖκα
2463 4271 2795 4336 κατατιθεὶς,
2835 4271 2864 4325 ὅ
2895 4289 2955 4325 τε
2984 4272 3218 4342 νυμφίος
3251 4272 3424 4326 πάντα
3449 4271 3548 4343 μὲν
3577 4274 3785 4327 ἀπολα·

2115 4353 2231 4409 ϐεῖν
2270 4354 2537 4420 σπεύδων,
2579 4354 2678 4425 τὴν
2717 4354 2774 4408 δὲ
2803 4353 3089 4428 εἴσπραξιν
3126 4354 3265 4426 μετά
3304 4354 3486 4419 αἰδοῦς
3513 4356 3784 4411 ποιεῖσθαι

2115 4437 2576 4511 ἀναγκαζόμενος.
2601 4438 2636 4509 ἥ
2663 4455 2721 4492 τε
2744 4438 2880 4509 γυνὴ
2912 4439 2969 4492 ἐν
2996 4441 3061 4510 τῇ
3091 4438 3191 4511 τῆς
3213 4438 3466 4503 ἐκτίσεως
3506 4450 3530 4478 ο
3551 4439 3782 4511 ἀναϐολῇ

2116 4504 2482 4593 αἰσχυνομένη
2528 4504 2635 4576 καῖ’
2663 4504 2974 4593 ἐρυθριῶσα
3020 4504 3111 4577 τδν
3143 4504 3311 4592 ἆνδρα
3346 4523 3545 4587 παντὸς
3585 4504 3783 4594 μᾶλλον

2113 4606 2430 4677 ἀγνώμονος
2463 4605 2759 4676 όφειλέτουο
2795 4605 3033 4677 παρίημι
3063 4605 3179 4660 νῦν.
3231 4605 3391 4659 Ἀλλά
3421 4607 3530 4678 γάρ
3569 4609 3783 4678 ἐκείνης

2114 4684 2212 4757 τῆς
2243 4687 2520 4758 φροντίδος
2549 4685 2802 4757 λυθείσης
2830 4689 2858 4740 6
2883 4687 2980 4758 τῆς
3012 4685 3266 4749 ἀπαιδίας
3307 4684 3510 4749 εὐθέως
3537 4688 3784 4760 ἐπεισέρ-

2115 4785 2271 4842 χεται
2310 4770 2495 4840 φόϐος,
2520 4771 2613 4824 καὶ
2647 4769 2784 4842 πρὸς
2818 4770 2994 4844 τούτῳ
3023 4772 3183 4826 πάλιν
3215 4772 3248 4843 ἡ
3281 4770 3384 4842 τῆς
3427 4770 3785 4836 πολυπαιδίας

2117 4854 2358 4926 φροντὶς,
2389 4853 2482 4907 καὶ
2501 4853 2712 4919 οὐδενὸς
2734 4855 2904 4908 ὄντων
2925 4856 3130 4909 τούτων
3152 4855 3365 4910 οὐδέπω
3386 4855 3646 4928 φανεροῦ.
3665 4859 3780 4919 ταῖς

2115 4934 2442 5009 ἀμφοτέρων
2485 4937 2544 5002 ἐξ
2579 4936 2756 5009 ἀρχῆς
2799 4937 3160 5010 ταράττονται
3217 4939 3484 5010 φροντίσι.
3529 4940 3651 4993 Κᾶν
3687 4940 3781 5009 μὲν

2114 5021 2545 5092 εὐθέωςκυήσῃ.
2602 5022 2739 5092 μετὰ
2788 5023 2953 5093 φόϐου
2997 5023 3158 5077 πάλιν
3214 5025 3248 5094 ἡ
3281 5023 3424 5093 χαρά
3455 5023 3636 5090 (οὐδὲν
3675 5023 3783 5094 7&9

2115 5105 2224 5158 τῶν
2258 5107 2316 5159 ἐν
2343 5104 2421 5176 τῷ
2451 5106 2613 5178 γάμῳ
2637 5108 2817 5162 καλῶν
2841 5107 3008 5178 φόϐου
3030 5107 3243 5180 χωρίς)’
3269 5107 3297 5159 6
3321 5108 3376 5160 δέ
3400 5107 3582 5178 φόϐος,
3611 5109 3782 5179 μήπο-

2113 5203 2174 5240 τε
2219 5189 2518 5259 γενομένης
2556 5190 2890 5260 ἀμϐλώσεως
2928 5191 3200 5262 διαφθαρῇ
3240 5191 3336 5261 μὲν
3365 5191 3426 5245 τὸ
3458 5191 3779 5262 συλληφθέν,

2116 5275 2430 5349 κινδυνεύσῃ
2461 5279 2516 5332 δέ
2538 5279 2667 5351 περὶ
2690 5279 2798 5332 τῶν
2828 5280 3069 5351 ἐσχάτων
3095 5283 3127 5352 ή
3159 5279 3382 5334 κύουσα.
3409 5280 3506 5332 Ἂν
3525 5280 3580 5332 δὲ
3619 5281 3780 5343 πολὺς

2119 5365 2319 5434 μεταξύ
2351 5367 2575 5437 γένηται
2613 5366 2823 5440 χρόνος,
2850 5369 3300 5441 ἀπαρρησίαστος
3338 5371 3370 5442 ἡ
3405 5371 3562 5442 γυνὴ,
3594 5369 3778 5440 ὥσπερ

2115 5451 2252 5524 αὐτὴ
2282 5453 2445 5525 κυρία
2472 5451 2606 5508 οὖσα
2633 5455 2726 5510 τοῦ
2749 5461 2945 5512 τεκεῖν.
2975 5459 3144 5513 Ὅταν
3163 5458 3219 5512 δέ
3240 5461 3269 5512 6
3291 5456 3384 5512 τοῦ
3406 5459 3566 5512 τόκου
3595 5459 3778 5532 καιρὸς

2115 5537 2331 5624 ἐπιστῇ,
2367 5541 2718 5598 διακόπτουσι
2752 5545 2851 5613 μὲν
2874 5548 2969 5601 καὶ
2987 5546 3257 5601 διασπῶσι
3287 5547 3386 5619 τὴν
3419 5547 3508 5601 ἐπὶ
3543 5549 3776 5617 τοσούτῳ

2179 5759 2203 5822 ἐ
2232 5761 2355 5822 Reg.
2377 5761 2600 5822 ἅπαντας.

2175 5821 2204 5860 σι
2225 5821 2349 5890 Reg.
2377 5833 2430 5890 οι
2461 5821 2616 5890 δενῐι,
2637 5825 2957 5890 έγκρινὸντων.

2116 5886 2352 6012 ηιξρὶιέᾃῖ
2378 5886 2616 5945 ἐκτίσεως.
2643 5886 2792 5938 l‘adlo
2812 5898 2920 5952 post
2942 5892 3064 5954 Reg.
3091 5891 3331 5955 ὀφειλέτου
3355 5891 3529 5956 πατρὸς
3549 5888 3766 5957 τυχοῦσα.
