3844 6268
87 336 187 391 577

88 462 150 503 ea
178 447 310 503 nihil
341 449 589 516 habente,
622 452 793 509 virum
819 454 1037 510 divitem
1063 470 1185 510 esse
1238 456 1432 513 famula
1458 459 1561 512 erit
1581 474 1679 530 pro

91 543 340 613 conjuge,
362 554 415 598 et
435 560 554 614 quin
582 546 806 615 ingenua
833 558 918 603 est
943 563 1099 603 serva
1122 548 1403 613 efﬁcietur,
1433 564 1496 603 ac
1517 566 1575 605 se
1598 549 1680 604 di-

87 649 190 700 gna
209 634 492 689 libertatee
506 637 750 693 manibus
769 641 987 707 amissa,
1005 643 1259 711 emptitiis
1280 642 1444 697 nihilo
1460 652 1679 712 pra-sta-

93 726 205 787 bit;
240 726 332 781 sed
363 732 706 796 quantumvis
745 734 825 785 vir
860 733 1118 795 lasciviat,
1158 737 1496 804 quantumvis
1535 735 1679 791 fero-

89 821 218 880 eiat,
249 823 592 888 quantumvis
620 827 961 881 meretricum
1005 842 1221 881 manuni
1260 827 1315 882 in
1358 829 1474 899 ejus
1502 838 1676 884 torum

90 912 375 977 adsciscat,
409 916 587 969 omnia
628 918 734 986 pati
773 933 835 971 ac
878 916 1103 989 benigne
1131 921 1375 990 accipere
1403 936 1678 977 necessum

88 1008 213 1067 erit,
239 1017 329 1061 aut
352 1008 514 1063 domo
539 1010 752 1066 cedere.
781 1009 965 1081 Neque
1004 1012 1055 1066 id
1085 1013 1255 1068 solum
1285 1022 1369 1069 est
1398 1015 1677 1081 molestiae,

91 1100 185 1151 sed
224 1101 381 1154 etiam
417 1102 559 1171 quod
595 1104 710 1157 viro
744 1104 821 1159 sic
859 1104 1070 1171 affecto,
1106 1121 1203 1160 nec
1229 1106 1428 1170 servis,
1459 1122 1558 1160 nec
1585 1122 1680 1161 an-

91 1193 231 1246 cillis
278 1194 445 1249 libere
493 1196 747 1252 mandare
795 1199 1012 1267 poterit,
1069 1198 1161 1254 sed
1209 1199 1350 1255 velut
1397 1200 1448 1254 in
1493 1200 1681 1255 alienis

93 1285 316 1353 degens,
346 1287 517 1357 iisqtte
562 1305 679 1357 qua:
717 1289 782 1342 ad
825 1304 883 1344 se
928 1307 1031 1344 non
1079 1291 1377 1359 pertineant
1412 1300 1585 1358 utens,
1626 1300 1680 1346 et

96 1375 229 1429 hero
266 1377 435 1444 potius
465 1394 623 1447 quam
654 1381 771 1433 viro
797 1382 1107 1448 convivens,
1143 1382 1211 1435 ita
1241 1383 1417 1436 omnia
1444 1392 1499 1437 et
1521 1398 1682 1453 agere

95 1480 146 1523 ct
179 1471 289 1541 pali
330 1474 555 1542 eogitur.
582 1472 735 1540 Quod
772 1474 818 1528 si
856 1474 1075 1544 tequalis
1113 1475 1433 1530 conditionis
1461 1491 1680 1531 uxorem

94 1562 282 1623 ducas,
319 1563 665 1632 subjectionis
698 1581 907 1627 rursum
939 1566 1107 1636 legem
1136 1567 1411 1637 arqualitas
1438 1583 1683 1638 pessum-

95 1653 267 1720 dabit,
289 1669 407 1707 eum
430 1654 740 1710 facultatum
767 1656 958 1711 modus
980 1658 1227 1726 postulet,
1258 1669 1313 1713 ut
1334 1674 1397 1713 ea
1426 1675 1546 1713 cum
1570 1660 1684 1714 viro

94 1757 355 1813 a‘qnetur.
396 1746 531 1813 Quid
565 1748 723 1817 igitur
754 1758 830 1802 tot
860 1749 1053 1819 ubique
1092 1749 1493 1806 difﬁcultatibus
1519 1753 1684 1822 agas?

95 1835 281 1906 Neque
307 1838 448 1891 enim
490 1840 640 1903 mihi,
669 1841 714 1894 si
744 1858 862 1910 qua:
894 1858 1114 1913 nsquam
1148 1859 1310 1913 pauca
1341 1844 1679 1899 matrimonia

98 1930 214 1984 luet:
256 1930 569 2001 effugerunt,
610 1948 671 1987 ea
713 1934 764 1988 in
810 1936 1045 1991 medium
1090 1936 1295 2007 profer;
1343 1954 1463 1992 nam
1514 1954 1575 1993 ex
1619 1940 1685 1995 iis

95 2037 215 2089 qua:
240 2023 452 2077 assidue
478 2026 810 2096 contingant,
846 2042 953 2081 nou
981 2043 1100 2098 qua:
1127 2029 1404 2083 insolentia
1433 2030 1560 2096 sint,
1596 2045 1683 2086 res

95 2112 462 2169 describendze
487 2125 629 2171 sunt.
661 2117 785 2172 "me
812 2133 1041 2188 namque
1064 2120 1115 2173 iu
1143 2120 1442 2189 virginitate
1462 2119 1682 2177 diﬂicile

95 2214 175 2258 est
201 2207 437 2271 evenire,
463 2208 569 2261 imo
595 2224 655 2264 ca
684 2209 925 2265 accidere
947 2220 1242 2281 nequeunt;
1274 2212 1324 2266 in
1348 2214 1684 2268 matrimonio

96 2298 317 2354 difﬁcile
345 2309 425 2354 est
452 2316 558 2356 non
588 2306 827 2357 evenire.

167 2391 302 2446 LVI.
345 2392 534 2464 Nupta:
570 2411 774 2465 gravem
808 2395 999 2450 doloris
1029 2397 1369 2451 necessitatem
1398 2397 1683 2467 impositam

98 2499 217 2536 esse.
246 2514 315 2523 ——
336 2484 484 2550 Quod
517 2486 559 2538 si
592 2487 641 2539 in
674 2487 736 2540 iis
762 2487 1130 2556 quaajucunda
1160 2487 1457 2555 videantur,
1479 2498 1680 2542 tantum

97 2576 271 2629 oritur
314 2577 646 2631 miseriarum
681 2586 735 2632 et
772 2578 1151 2641 calamitatum,
1184 2579 1308 2647 quid
1348 2579 1414 2632 de
1459 2579 1523 2633 iis
1564 2596 1683 2648 qua:

99 2666 238 2719 haud
266 2666 427 2722 dubie
460 2668 653 2722 acerba
682 2678 825 2735 sunt,
854 2668 1139 2723 dicendum
1169 2670 1304 2724 erit?
1330 2669 1512 2739 Neque
1540 2672 1682 2726 enim

96 2776 217 2814 cum
259 2761 374 2815 sola
415 2763 670 2816 moritura
709 2762 798 2828 sit,
843 2778 1000 2817 unam
1042 2764 1211 2819 solum
1257 2772 1482 2819 mortem
1520 2780 1684 2834 expa-

97 2853 285 2915 vescit,
321 2869 418 2907 nec
444 2869 561 2922 quae
584 2868 741 2907 unam
766 2854 955 2909 habeat
980 2855 1210 2909 animam
1237 2855 1303 2909 de
1330 2871 1430 2908 una
1454 2856 1682 2910 sollicita

97 2954 196 3007 est,
223 2945 318 2999 sed
350 2956 401 2999 et
426 2947 541 2999 viro
570 2955 623 3001 et
651 2947 832 3001 liberis
858 2949 1007 3002 timet
1041 2964 1336 3019 eorumque
1368 2949 1684 3019 conjugibus

99 3049 257 3108 atque
280 3040 471 3106 soboli,
501 3057 561 3096 ac
584 3057 688 3112 quo
714 3043 864 3097 radix
892 3045 943 3097 in
974 3045 1151 3113 plures
1173 3060 1350 3099 ramos
1371 3045 1678 3112 effunditur,

101 3142 244 3185 tanto
271 3132 321 3186 ei
348 3143 397 3186 et
427 3148 674 3188 curarum
710 3135 825 3204 plus
854 3135 1079 3190 accedit.
1112 3136 1309 3190 llornm
1341 3138 1561 3207 singulis
1588 3154 1681 3191 seu

102 3239 438 3277 ntnumornm
464 3224 692 3294 jactura,
725 3242 817 3279 seu
850 3228 1088 3296 corporis
1121 3227 1387 3291 valetudo,
1417 3243 1508 3281 seu
1538 3228 1681 3282 aliud

98 3314 295 3382 aliquid
346 3315 553 3369 accidat
596 3317 876 3385 ingratum,
911 3318 956 3371 ei
999 3333 1269 3372 macerare
1307 3332 1366 3372 se
1396 3334 1462 3371 ac
1502 3320 1683 3389 lugere

101 3420 319 3458 necesse
340 3408 443 3460 erit
464 3408 629 3460 nihilo
652 3410 848 3473 minus,
870 3423 1024 3478 quam
1052 3410 1114 3462 iis
1138 3411 1225 3478 qui
1254 3409 1367 3462 haec
1391 3411 1678 3478 patiuntur.

100 3500 174 3551 Ac
204 3499 248 3551 si
280 3498 493 3569 quidem
523 3516 708 3554 omnes
730 3512 852 3555 ante
878 3517 995 3555 eam
1019 3502 1299 3567 decedant,
1330 3503 1683 3559 intolerabilis

99 3593 198 3645 erit
228 3591 435 3655 luctus;
457 3594 539 3645 sin
560 3594 677 3646 aliis
698 3594 1071 3662 superstitibus
1092 3594 1180 3648 alii
1205 3596 1482 3649 immatura
1512 3608 1682 3652 morte

100 3695 392 3752 rapiantur,
429 3702 496 3741 ne
534 3689 611 3741 sic
648 3689 861 3758 quidem
907 3690 1151 3743 solatium
1188 3682 1373 3761 purum
1419 3692 1677 3747 invenias.

100 3775 228 3830 Nam
262 3777 329 3831 de
362 3780 492 3832 visis
524 3789 695 3835 metus
723 3782 936 3836 assidue
964 3784 1190 3837 animam
1219 3787 1471 3840 conciens
1496 3785 1680 3840 dolore

99 3870 164 3923 de
195 3872 419 3924 mortuis
445 3870 583 3925 haud
611 3888 739 3928 sane
762 3874 928 3928 levior
948 3883 1057 3935 est;
1092 3876 1215 3944 quin
1238 3876 1281 3930 si
1308 3877 1496 3930 mirum
1526 3878 1680 3947 quid-

101 3961 218 4016 dam
248 3963 431 4019 dicere
459 3965 538 4019 fas
562 3966 651 4032 sit,
680 3967 839 4021 etiam
877 3967 1106 4036 gravior.
1140 3967 1269 4021 Nam
1309 3968 1679 4023 defunctorum

103 4070 388 4109 interorcm
435 4064 639 4126 tempus
682 4058 890 4128 mitigat
927 4075 941 4112 :
985 4058 1052 4113 de
1094 4058 1227 4112 vivis
1270 4059 1679 4115 sollicitudinem

103 4156 357 4214 perpetuo
383 4162 600 4203 manere
628 4158 857 4218 oportet,
895 4158 986 4204 aut
1029 4161 1202 4205 morte
1238 4152 1348 4207 sola
1393 4154 1679 4224 exstingui.

102 4236 250 4303 Quod
291 4239 335 4292 si
376 4255 473 4294 nec
514 4242 740 4310 propriis
783 4242 937 4297 malis
976 4241 1290 4307 sufﬁcimus,
1328 4259 1487 4314 quam
1518 4246 1680 4301 vitam

102 4346 339 4399 agemus,
385 4333 609 4387 aliorum
658 4335 989 4389 calamitates
1028 4338 1210 4405 lugere
1256 4339 1465 4392 coacti?
1508 4338 1683 4393 Multae

101 4438 239 4491 sa-pe
278 4423 437 4479 claris
465 4424 753 4493 majoribus
785 4437 937 4489 ortae,
974 4428 1256 4481 admodum
1284 4428 1509 4483 delicate
1546 4428 1680 4483 edu-

102 4522 271 4580 catae,
336 4514 450 4568 viro
501 4516 729 4585 cuipiam
783 4520 1093 4586 praepotenti
1148 4520 1404 4582 elocataz,
1460 4529 1680 4589 repente

104 4604 406 4674 priusquam
457 4606 521 4658 iis
560 4606 720 4661 rebus
759 4608 1003 4674 beentur,
1046 4609 1280 4676 periculo
1322 4610 1500 4680 aliquo
1543 4618 1680 4664 tant-

102 4710 254 4761 quain
291 4695 518 4762 procella
554 4710 617 4748 ac
648 4697 854 4750 turbine
884 4698 1148 4766 ingruenti
1173 4707 1226 4751 et
1265 4698 1393 4768 ipsa:
1420 4699 1682 4755 demersae

103 4784 355 4855 naufraga
400 4786 655 4839 malorum
697 4788 981 4857 participes
1012 4790 1162 4853 fiunt,
1192 4798 1246 4843 ct
1284 4806 1403 4860 qua:
1448 4791 1682 4860 innupta:

104 4878 240 4930 mille
266 4878 421 4929 bonis
445 4878 773 4943 fruebantur,
806 4889 982 4947 nupta:
1012 4880 1062 4934 in
1090 4891 1385 4936 extremam
1414 4883 1682 4936 calamita-

104 4978 204 5023 tem
261 4969 534 5024 decidunt.
580 4972 649 5024 At
696 4988 800 5026 non
845 4972 981 5035 haec,
1040 4974 1227 5043 inquit,
1276 4976 1543 5039 omnibus,
1591 4985 1684 5030 aut

103 5077 312 5130 semper
357 5062 572 5116 evenire
613 5063 807 5117 Solent.
841 5062 1023 5133 Neque
1052 5079 1181 5118 vero
1218 5066 1285 5119 ab
1324 5067 1569 5120 omnibus
1598 5082 1684 5121 reb

104 5164 237 5207 tnota
264 5164 423 5216 sunt;
453 5171 574 5209 nam
606 5156 849 5227 equidem
883 5173 1092 5227 quoque
1124 5158 1262 5212 idem
1291 5170 1563 5227 repetam;
1588 5160 1681 5214 sed

104 5258 214 5297 cum
249 5246 441 5313 partim
475 5246 591 5300 usui
620 5257 914 5313 venerunt,
948 5256 1058 5301 tum
1088 5249 1278 5318 quibus
1309 5249 1426 5303 usui
1457 5264 1562 5303 non
1596 5266 1685 5304 ve-

107 5336 323 5401 nissent,
368 5354 462 5392 eos
500 5339 581 5392 sui
613 5347 754 5392 metu
785 5340 1089 5394 cruciarunt
1122 5358 1134 5392 :
1167 5350 1422 5395 cartorum
1453 5341 1602 5412 virgo
1630 5349 1685 5396 et

105 5433 467 5499 experimento
497 5443 550 5486 et
569 5443 717 5487 metu
737 5433 883 5488 omni
903 5434 1181 5489 sublimior
1199 5444 1299 5488 est.

172 5524 324 5578 LVII.
360 5523 437 5579 De
465 5527 705 5581 molestiis
733 5543 846 5598 qua:
879 5544 995 5580 cum
1029 5529 1163 5581 omni
1206 5528 1525 5581 matrimonio
1565 5544 1685 5582 con-

107 5617 284 5685 iuncta:
313 5618 430 5672 sint.
462 5648 532 5659 ——
560 5619 665 5674 Sed
706 5620 846 5673 enim
877 5621 922 5674 si
953 5620 1144 5689 placet,
1181 5621 1262 5674 his
1300 5622 1535 5687 omissis,
1567 5637 1685 5691 qua:

107 5722 282 5762 natura
312 5711 651 5765 matrimonio
681 5713 876 5766 tributa
904 5714 1031 5780 sint,
1061 5729 1232 5782 neque
1253 5729 1281 5766 a
1307 5727 1574 5785 quoquam
1601 5730 1687 5767 vo-

110 5801 240 5856 lente
282 5800 501 5859 uolt-nte
530 5804 680 5859 vitari
722 5806 947 5876 possint,
982 5806 1033 5861 in
1076 5806 1357 5877 pra-scotia
1400 5806 1688 5879 perluStre-

1428 342 1515 398 DE
1556 341 2020 399 VIRGINITATE.

3266 344 3375 400 578

1788 474 1927 514 mus.
1955 459 2210 526 Quasnam
2237 472 2298 514 ca
2326 460 2485 513 sunt?
2514 459 2733 517 Dolores
2758 467 2960 531 partus,
2986 460 3234 519 intantes.
3265 462 3376 517 lmo

1788 564 1918 604 vero
1955 550 2116 604 altius
2148 551 2445 605 orationem
2489 562 2815 622 repetamus,
2852 562 2907 607 et
2943 568 3061 622 qua:
3098 552 3375 607 matrimo-

1786 640 1933 695 nium
1958 641 2295 709 antecedaut,
2317 652 2575 711 quantum
2598 643 2676 699 fas
2701 654 2783 699 est
2806 660 3226 715 cognoscamus;
3250 661 3371 699 nam

1784 743 2035 788 accurate
2055 734 2153 788 soli
2179 737 2381 804 experti
2402 736 2615 791 callent.
2644 737 2804 791 Adest
2825 738 3213 807 sponsaliorum
3244 747 3377 792 tem-

1787 838 1917 894 pus;
1966 825 2145 894 itaque
2182 826 2422 894 protinus
2455 841 2583 881 cura
2626 842 2822 897 anceps
2852 839 3011 897 atque
3044 828 3186 882 varia
3217 843 3377 898 quem

1785 916 1957 971 virum
1977 925 2195 986 captura
2227 919 2317 984 sit,
2344 933 2411 973 an
2443 919 2753 987 obscurum,
2777 935 2843 975 an
2865 921 3135 986 infamem,
3161 938 3227 976 an
3256 936 3373 991 per-

1786 1008 2047 1073 vicacem,
2077 1026 2146 1064 an
2173 1009 2415 1065 fallacem
2442 1020 2497 1065 et
2515 1021 2875 1082 arrogantem,
2907 1028 2972 1067 an
3003 1015 3281 1080 audacem,
3308 1031 3375 1069 an

1787 1102 2115 1173 zelotypum,
2156 1119 2223 1158 an
2257 1105 2518 1161 trivialem
2559 1107 2880 1175 quempiam,
2917 1121 2984 1160 an
3028 1106 3273 1171 bardum,
3307 1122 3376 1162 an

1786 1192 2108 1263 improbum,
2131 1209 2198 1249 an
2224 1195 2439 1263 durum,
2462 1212 2529 1251 an
2558 1197 2850 1254 imbellem.
2880 1198 3006 1253 Hac
3030 1199 3173 1254 enim
3195 1201 3375 1255 omnia

1787 1294 1981 1354 nuptas
2006 1286 2264 1357 consequi
2296 1302 2403 1342 non
2431 1295 2514 1343 est
2544 1302 2787 1356 necesse,
2816 1288 2993 1345 vereri
3010 1290 3187 1345 omnia
3217 1305 3281 1347 ac
3308 1293 3375 1347 ti-

1788 1391 1935 1432 mere
1973 1393 2196 1434 necesse
2234 1389 2318 1435 est
2350 1381 2589 1451 :quippe
2630 1396 2751 1436 cum
2794 1382 3027 1437 nondum
3070 1393 3276 1438 certum
3304 1385 3374 1438 sit

1787 1486 1945 1540 quem
1974 1472 2043 1526 sit
2068 1472 2341 1537 sortitura,
2366 1474 2459 1529 sed
2487 1474 2660 1529 adhuc
2684 1489 2781 1544 spe
2807 1484 3074 1546 tamquam
3103 1491 3132 1530 e
3159 1476 3375 1532 sublimi

1789 1563 2105 1620 imminente
2144 1565 2355 1621 animus
2379 1566 2556 1621 omnia
2597 1576 2754 1637 pavet
2793 1582 2857 1622 ac
2896 1567 3168 1633 formidat,
3200 1583 3377 1639 neque

1790 1653 1978 1710 horum
2004 1656 2293 1727 quidquam
2318 1665 2401 1712 est
2426 1658 2568 1727 quod
2601 1673 2708 1713 non
2734 1659 2954 1728 cogitet.
2981 1657 3075 1713 Sin
3100 1659 3245 1714 dicat
3272 1658 3374 1713 ali-

1788 1748 1927 1819 quis,
1956 1762 2074 1802 eam
2103 1757 2501 1818 exspectantem
2527 1749 2794 1804 contraria
2819 1748 2987 1804 laetari
3008 1750 3168 1805 etiam
3191 1762 3371 1819 posse,

1786 1840 1923 1895 sciat
1944 1854 2049 1894 non
2078 1846 2186 1893 tam
2212 1853 2311 1893 nos
2336 1839 2599 1895 bonorum
2632 1854 2782 1909 spem
2810 1840 2991 1906 solari,
3016 1856 3176 1910 quam
3205 1839 3374 1894 malo-

1787 1946 1908 1986 rum
1948 1940 2147 1987 metum
2190 1946 2407 2002 angere.
2451 1930 2583 1985 Nam
2626 1931 2766 1987 bona
2808 1932 3024 1988 demum
3069 1948 3189 1987 cum
3225 1942 3375 1988 certo

1788 2031 2093 2093 sperantur,
2121 2023 2447 2093 voluptatem
2469 2022 2712 2092 pariunt;
2740 2024 2899 2090 mala,
2924 2023 3011 2079 ubi
3034 2024 3113 2079 vel
3141 2023 3375 2094 suspicio

1789 2115 1878 2179 sit,
1909 2114 2181 2185 extemplo
2208 2123 2443 2170 mentem
2474 2113 2808 2170 confundunt
2846 2129 2910 2169 ac
2939 2114 3273 2184 perturbant.
3306 2114 3374 2171 Ut

1788 2207 1931 2262 enim
1971 2207 2237 2277 mancipia
2264 2207 2332 2262 de
2360 2207 2549 2261 futuris
2592 2206 2737 2261 heris
2767 2206 2968 2262 incerta
3002 2209 3180 2261 animo
3219 2208 3373 2277 quic-

1788 2312 1938 2354 scere
1962 2313 2067 2352 non
2093 2307 2349 2369 possunt:
2377 2298 2448 2353 ita
2469 2305 2524 2353 et
2547 2298 2807 2368 virginum
2832 2313 3002 2365 mens,
3029 2314 3094 2354 ex
3112 2314 3218 2368 quo
3240 2298 3374 2353 facta

1786 2390 2006 2460 Sponsio
2034 2399 2138 2458 est,
2161 2389 2470 2445 fluctuantis
2497 2391 2690 2462 navigii
2719 2390 2908 2446 similis
2936 2400 3039 2458 est,
3064 2392 3374 2462 parentibus

1788 2481 1841 2536 in
1863 2482 1979 2537 dies
1996 2483 2130 2538 alios
2155 2482 2529 2549 retinentibus,
2562 2483 2699 2537 alios
2720 2483 3073 2553 exigentibus.
3103 2482 3234 2537 Nam
3259 2483 3372 2537 heri

1788 2574 2045 2629 victorem
2076 2590 2297 2644 procum
2326 2574 2484 2630 hodie
2523 2575 2693 2646 gratia
2732 2575 2899 2630 vincit
2935 2575 3093 2641 alius,
3135 2586 3190 2632 et
3232 2574 3373 2630 hunc

1787 2682 1997 2722 rursum
2018 2667 2262 2721 exturbat
2288 2667 2445 2721 alius.
2474 2666 2611 2735 Quin
2640 2666 2953 2737 plerumque
2982 2667 3032 2720 in
3056 2666 3172 2737 ipso
3192 2668 3374 2721 matri-

1789 2756 1952 2812 monii
1988 2766 2259 2827 tamquam
2291 2757 2493 2823 limine,
2529 2757 2619 2827 qui
2648 2771 2877 2827 sponsus
2901 2766 3159 2826 speretur,
3194 2757 3376 2813 vacuis

1787 2852 2032 2907 manibus
2062 2851 2305 2915 discedit,
2340 2851 2514 2921 puella
2544 2866 2574 2905 a
2610 2851 2921 2921 parentibus
2949 2852 3220 2921 insperato
3249 2852 3372 2909 cui-

1788 2944 1927 3013 piam
1961 2942 2169 2997 tradita.
2199 2942 2306 2999 Nec
2333 2942 2544 2998 feminae
2567 2944 2760 3006 sohnn,
2792 2943 2884 2998 sed
2911 2944 3071 2998 etiam
3094 2944 3190 2997 viri
3218 2960 3371 2999 accr-

1788 3034 1883 3090 bas
1912 3048 2066 3089 curas
2108 3034 2324 3090 habent.
2368 3033 2422 3088 In
2462 3032 2560 3089 hos
2605 3048 2833 3103 namque
2876 3033 3185 3104 perquirere
3219 3034 3374 3090 facile

1787 3138 1889 3193 est;
1920 3128 2060 3182 illius
2090 3143 2218 3183 vero
2247 3143 2365 3198 qua:
2394 3125 2609 3182 assidue
2649 3126 2792 3180 intus
2827 3126 3077 3181 conclusa
3110 3135 3370 3191 teneatur,

1787 3235 1967 3275 mores
1995 3229 2154 3291 atque
2184 3220 2410 3274 formam
2450 3234 2555 3289 quo
2584 3227 2740 3289 pacto
2770 3219 3171 3289 exploraveris?
3200 3220 3373 3289 Atque

1789 3310 1904 3365 hzec
1929 3311 2146 3380 quidem
2178 3310 2509 3379 sponsalium
2539 3319 2800 3379 tempore.
2829 3310 2899 3363 At
2928 3309 3013 3362 ubi
3037 3309 3145 3378 jam
3178 3320 3375 3378 praesto

1787 3409 1869 3455 est
1896 3400 2218 3455 matrimonii
2260 3408 2503 3470 tempus,
2532 3400 2728 3454 crescit
2773 3400 3105 3465 sollicitudo,
3135 3416 3196 3454 ac
3228 3401 3374 3453 volu-

1787 3504 1931 3563 ptate
1950 3495 2120 3563 major
2146 3504 2316 3547 metus
2336 3502 2438 3560 est,
2470 3508 2536 3548 ne
2564 3508 2627 3547 ex
2659 3507 2725 3547 eo
2753 3492 2869 3561 ipso
2910 3507 3133 3562 vespere
3165 3494 3368 3564 ingrata

1786 3595 1842 3640 et
1866 3586 2032 3639 multo
2057 3588 2454 3654 exspectatione
2478 3584 2717 3639 deterior
2742 3584 3005 3639 videatur.
3037 3583 3248 3638 Etenim
3295 3584 3375 3637 iu-

1790 3680 1883 3734 itio
1912 3680 2178 3734 laudatam
2204 3685 2323 3748 post
2350 3678 2643 3743 contemni,
2663 3676 2941 3732 ferendum
2972 3687 3083 3741 est;
3108 3686 3164 3730 at
3189 3692 3310 3731 cum
3341 3693 3370 3729 a

1788 3771 2034 3826 curriculi
2062 3770 2384 3832 carceribus,
2420 3780 2477 3822 ut
2504 3770 2573 3822 ita
2602 3769 2800 3833 dicam,
2833 3767 3047 3823 fastidio
3075 3782 3194 3821 esse
3222 3767 3374 3821 vide-

1791 3876 1892 3928 tur,
1936 3862 2150 3934 quando
2188 3861 2385 3931 suSpici
2436 3861 2665 3930 poterit?
2710 3860 2892 3929 Neque
2941 3859 3027 3915 hic
3068 3860 3198 3913 mihi
3243 3859 3371 3913 illud

1786 3970 2168 4021 commemora,
2209 3954 2345 4022 Quid
2386 3970 2531 4018 vero,
2574 3954 2619 4007 si
2663 3952 2835 4023 lepida
2879 3952 2981 4007 sit?
3026 3967 3145 4006 nam
3187 3968 3255 4007 ne
3295 3953 3374 4007 sic

1785 4051 2000 4120 quidem
2022 4062 2148 4102 cura
2172 4048 2269 4101 hac
2294 4047 2465 4101 soluta
2493 4054 2548 4101 et
2570 4046 2737 4101 libera
2765 4054 2866 4099 est.
2891 4044 3066 4100 Multa:
3090 4046 3231 4100 enim
3253 4059 3373 4099 cor-

1786 4145 1932 4213 poris
1951 4149 2229 4197 venustate
2245 4139 2531 4195 admodum
2554 4139 2856 4209 conspicuae
2877 4139 3019 4193 viros
3035 4153 3159 4193 suos
3180 4152 3375 4207 capere

1787 4234 2158 4305 nequiverunt,
2192 4232 2283 4288 sed
2316 4232 2348 4285 ii
2376 4232 2492 4285 aliis
2522 4231 2679 4302 longe
2711 4246 2769 4285 se
2797 4229 3137 4286 inferioribus
3174 4229 3369 4285 addicti

1787 4327 1931 4396 ipsas
1971 4325 2319 4394 reliquerunt.
2347 4321 2466 4378 Jam
2495 4337 2557 4378 ea
2599 4321 2759 4377 etiam
2796 4336 2924 4376 cura
2964 4320 3235 4391 expedita,
3264 4321 3369 4373 alia

1785 4435 1996 4474 rursum
2037 4418 2260 4473 molesta
2290 4415 2527 4471 succedit
2565 4414 2617 4468 in
2655 4413 2795 4469 dotis
2837 4411 3108 4483 pensione,
3145 4426 3356 4478 socero,

1785 4511 1937 4581 quasi
1961 4511 2125 4581 gratis
2154 4518 2418 4575 numeret,
2444 4506 2584 4561 haud
2616 4521 2743 4560 sane
2762 4505 2992 4561 comiter
3016 4503 3292 4569 reddente,
3319 4514 3374 4559 et

1784 4618 2003 4674 Sponso,
2032 4603 2120 4673 qui
2152 4610 2318 4657 totum
2357 4600 2589 4655 nancisci
2628 4598 2870 4663 studeat,
2902 4613 3024 4652 cum
3056 4596 3374 4653 verecundia

1786 4697 1998 4766 exigere
2022 4702 2229 4759 coacto,
2255 4702 2310 4748 et
2339 4707 2470 4747 nova
2504 4702 2665 4761 nupta
2693 4690 2972 4745 solutionis
2999 4689 3252 4743 dilatione
3275 4705 3372 4759 pu-

1787 4789 2014 4855 defacta,
2044 4787 2213 4841 virum
2256 4786 2447 4856 quovis
2486 4783 2727 4855 improbo
2757 4783 2996 4838 debitore
3026 4784 3192 4852 magis
3220 4798 3374 4837 reve-

1787 4892 1937 4936 rentc
1970 4898 1984 4934 :
2016 4895 2134 4948 qua:
2164 4879 2315 4934 mitto
2359 4878 2411 4932 in
2445 4877 2746 4948 praesentia.
2788 4878 2854 4930 At
2894 4878 3034 4929 enim
3079 4876 3177 4929 hac
3204 4876 3376 4929 soluta

1786 4988 1937 5037 cura,
1986 4973 2239 5026 continuo
2286 4969 2579 5025 sterilitatis
2622 4976 2793 5022 metus
2844 4966 3071 5035 ingruit;
3121 4974 3375 5033 praeterea

1786 5071 2035 5118 autemet
2068 5062 2290 5130 prolium
2329 5060 2637 5129 frequentia:
2677 5059 2914 5111 anxietas
2947 5075 2959 5108 :
2994 5072 3167 5126 neque
3203 5057 3376 5110 adhuc

1789 5154 1979 5209 horum
2013 5170 2276 5224 quoquam
2314 5152 2609 5222 explorato,
2644 5160 2924 5217 utramque
2950 5151 3002 5202 in
3032 5158 3233 5217 partem
3263 5148 3373 5217 jam

1789 5249 1910 5303 inde
1936 5248 2004 5302 ab
2028 5248 2177 5302 initio
2201 5247 2500 5301 turbantur.
2528 5242 2679 5309 Quod
2702 5242 2743 5296 si
2768 5242 2915 5296 brevi
2942 5251 3151 5296 uterum
3180 5251 3374 5310 gestet,

1790 5357 2001 5399 rursum
2022 5357 2141 5397 cum
2183 5350 2387 5395 terrore
2420 5338 2638 5402 lintitia;
2672 5335 2803 5393 nihil
2824 5345 2904 5390 est
2933 5336 3074 5393 enim
3098 5339 3375 5391 matrimo-

1791 5437 1862 5491 nii
1906 5438 2169 5491 bonorum
2218 5448 2442 5487 vacuum
2493 5440 2729 5493 terrore;
2780 5438 2977 5495 terror,
3025 5430 3263 5498 inquam,
3312 5444 3376 5483 ne

1790 5530 1978 5583 abortu
2005 5526 2270 5581 incidente
2306 5534 2359 5578 ct
2397 5522 2533 5592 quod
2563 5530 2877 5591 conceptum
2920 5530 3003 5575 est
3044 5521 3293 5578 intereat,
3320 5530 3378 5574 et

1789 5620 2004 5692 gravida
2048 5619 2099 5672 in
2138 5627 2433 5672 extremum
2463 5613 2749 5669 discrimen
2778 5612 2975 5667 veniat.
3030 5611 3123 5666 Sin
3153 5611 3373 5664 multum

1792 5712 2047 5784 temporis
2090 5708 2319 5772 intersit,
2356 5722 2492 5761 uxor
2521 5706 2725 5759 hiscere
2767 5719 2870 5759 non
2902 5702 3095 5768 audet,
3128 5702 3277 5773 quasi
3307 5703 3375 5755 sit

1792 5805 1991 5860 arbitra
2018 5803 2129 5873 ipsa
2161 5796 2420 5872 pariendi.
2449 5796 2638 5853 Partus
2666 5805 2843 5858 autem
2873 5805 3145 5850 momento
3168 5794 3373 5863 impen-
