3898 6246
462 341 568 398 579

452 454 611 510 dente
649 451 823 507 alvum
864 458 1012 504 tamo
1053 447 1160 517 jam
1193 454 1434 515 tempore
1477 441 1780 496 afflictatam
1820 436 2036 492 dolores

451 545 791 613 disrumpunt
828 556 893 595 ac
918 539 1198 601 divellmut,
1227 536 1317 605 qui
1347 533 1434 589 vel
1461 531 1562 588 soli
1602 544 1817 586 omnem
1856 526 2039 582 matri-

453 635 619 692 monii
665 635 989 706 voluptatem
1028 630 1309 687 ollâ€˜usceuut.
1349 627 1487 696 Quiuu
1532 632 1587 680 et
1627 623 1748 679 alia
1787 622 2039 688 deinceps

453 743 599 783 cura:
637 741 755 783 eam
799 723 1105 780 sollicitant.
1145 718 1359 776 Etenim
1403 716 1597 771 misera
1638 722 1694 769 et
1738 725 2038 768 aerumnosa

455 818 651 888 puella,
682 815 781 872 etsi
816 811 1281 871 veluemeuutissime
1323 808 1388 864 iis
1423 805 1743 863 cruciatibus
1784 803 2036 867 distenta,

456 909 621 968 nihilo
647 908 729 962 luis
757 908 933 963 minus
963 903 1231 965 formidat,
1264 917 1331 956 ne
1360 915 1459 971 pro
1484 895 1718 969 perfecto
1744 904 1798 950 et
1832 895 2040 963 integro

456 1000 680 1055 vitiosus
719 1008 879 1066 atque
918 997 1135 1052 mutilus
1164 994 1338 1049 infans
1367 990 1608 1062 prodeat,
1648 1004 1718 1042 ne
1759 1000 1858 1056 pro
1893 998 2040 1039 mare

460 1093 672 1147 femina.
705 1090 885 1160 Neque
912 1089 1056 1143 enim
1092 1086 1207 1141 lucc
1242 1099 1337 1140 eas
1364 1079 1665 1137 sollicitudo
1704 1077 1872 1133 levius
1902 1084 2036 1142 tum,

462 1200 625 1259 quam
667 1183 902 1246 dolores,
944 1186 1194 1244 exercet;
1234 1191 1353 1247 qua:
1398 1189 1505 1230 non
1553 1171 1713 1227 modo
1753 1173 1807 1224 in
1849 1168 2041 1239 quibus

461 1290 652 1329 noxam
696 1274 1053 1336 committant,
1101 1270 1197 1327 sed
1242 1269 1402 1325 etiam
1455 1267 1507 1321 iuu
1550 1263 1743 1335 quibus
1792 1266 1969 1314 absint
2008 1273 2040 1312 a

461 1365 638 1435 culpa,
662 1365 714 1418 iuu
744 1364 829 1418 bis
854 1380 960 1418 uuon
988 1364 1163 1417 minus
1190 1375 1350 1433 quam
1381 1358 1433 1412 in
1464 1356 1569 1412 illis
1595 1356 1738 1409 viros
1766 1359 2038 1415 metuant;

460 1458 513 1512 in
552 1473 724 1528 eaque
763 1465 1075 1527 tempestate
1117 1455 1301 1509 salutis
1336 1466 1447 1507 suae
1489 1448 1665 1504 studio
1706 1446 1928 1509 omisso,
1973 1456 2043 1497 ne

460 1550 586 1621 quid
629 1552 743 1605 viro
784 1551 994 1605 accidat
1032 1550 1318 1619 ingratum,
1350 1552 1622 1601 verentur.
1651 1541 1771 1596 Jam
1813 1537 1959 1594 edito
1986 1536 2041 1591 in

460 1656 622 1695 auras
664 1638 881 1705 infante,
913 1657 976 1695 ac
1004 1641 1227 1710 primum
1260 1652 1446 1692 vocem
1469 1634 1651 1697 effato,
1682 1632 1800 1687 alia:
1826 1644 2041 1685 rursum

461 1748 604 1787 curae
624 1733 895 1801 excipiunt
915 1732 1294 1787 incolumitatis
1316 1740 1475 1800 atque
1500 1724 1850 1783 educationis.
1879 1721 1938 1778 Si
1962 1722 2045 1775 iuu-

460 1806 583 1881 dole
608 1836 690 1881 est
720 1826 925 1882 liberali
952 1834 1006 1881 et
1032 1825 1099 1880 ad
1124 1826 1373 1879 virtutem
1397 1831 1729 1892 comparata,
1757 1820 1950 1874 iterum
1987 1816 2043 1870 in

461 1924 605 1970 metu
634 1929 899 1986 parentes,
925 1932 992 1971 ne
1021 1917 1147 1987 quid
1168 1917 1441 1970 siuuistrum
1471 1914 1723 1983 patiatur,
1756 1926 1822 1965 ne
1850 1910 2041 1964 imma-

462 2018 579 2063 tura
619 2021 794 2065 morte
832 2009 1010 2076 obeat,
1051 2023 1120 2064 ne
1158 2010 1212 2063 in
1246 2008 1432 2063 vitium
1466 2004 1682 2076 aliquod
1715 2004 2040 2073 degeneret;

461 2116 585 2156 nam
610 2118 715 2156 non
737 2101 909 2157 solum
937 2118 1001 2156 ex
1031 2102 1286 2170 improbis
1314 2099 1486 2170 probi,
1513 2098 1608 2154 sed
1633 2099 1793 2154 etiam
1822 2112 1889 2152 ex
1919 2110 2045 2166 pro-

462 2191 545 2247 bis
572 2192 797 2262 improbi
827 2208 891 2249 ac
928 2191 1176 2263 llagitiosi
1213 2192 1365 2247 fiunt.
1396 2192 1635 2260 Quorum
1666 2190 1711 2246 si
1748 2187 1876 2260 quid
1916 2200 2043 2241 eve-

466 2286 579 2340 niat
603 2286 851 2353 invisum,
883 2287 1266 2342 intolerabilius
1305 2287 1503 2341 malum
1538 2292 1640 2351 est,
1670 2298 1828 2355 quam
1859 2282 1903 2337 si
1930 2280 2046 2336 hzrc

462 2378 531 2433 ab
560 2379 709 2433 initio
724 2379 1103 2451 contigissent:
1127 2381 1210 2434 sin
1229 2379 1408 2433 omnia
1430 2378 1482 2432 in
1510 2393 1577 2432 eo
1602 2376 1856 2448 praeclara
1873 2373 2043 2430 stabi-

464 2470 531 2526 lia
554 2483 915 2540 permaneant,
930 2481 986 2528 at
999 2473 1303 2527 mutationis
1324 2472 1480 2526 timor
1496 2470 1706 2525 assidue
1723 2475 1918 2540 prtesto
1938 2475 2041 2533 est,

464 2575 741 2635 parentum
765 2567 973 2621 animos
999 2578 1219 2619 versans
1239 2576 1591 2634 maguuamque
1613 2559 1901 2630 voluptatis
1926 2573 2046 2629 par-

466 2667 571 2712 tem
611 2657 952 2713 detruncans.
1000 2658 1069 2712 At
1109 2672 1213 2712 non
1256 2656 1505 2712 omnibus
1542 2655 1746 2710 maritis
1782 2652 2048 2722 contingit

462 2749 662 2805 liberos
691 2749 909 2805 habere.
940 2750 1120 2820 itaque
1158 2748 1287 2802 unilui
1325 2749 1484 2802 alianu
1526 2761 1737 2803 ruursum
1776 2745 2041 2815 inquietu-

461 2839 601 2894 diuis
625 2854 841 2895 causam
883 2854 1087 2894 narras.
1114 2838 1288 2906 Quare
1318 2838 1362 2892 si
1396 2849 1453 2892 et
1482 2837 1742 2906 susceptis
1772 2834 1954 2891 liberis
1981 2848 2046 2890 ac

462 2946 567 2985 non
590 2931 876 2999 susceptis,
904 2940 960 2985 et
982 2929 1161 2999 probis
1179 2944 1242 2984 ac
1262 2928 1559 2999 flagitiosis,
1585 2927 1749 2981 variis
1768 2924 2045 2979 doloribus

460 3030 622 3092 atque
640 3022 783 3077 curis
807 3021 1169 3087 continentur,
1194 3020 1332 3075 unde
1355 3020 1465 3089 jam
1490 3034 1652 3091 porro
1676 3017 2042 3073 suavissimam

459 3114 745 3185 eouujugum
782 3114 949 3169 vitam
994 3112 1341 3170 vocabimus?
1370 3113 1487 3168 lam
1530 3113 1575 3167 si
1615 3111 1881 3182 conjugati
1909 3126 2041 3166 cou-

458 3207 654 3262 cordes
684 3206 852 3262 vitam
891 3207 1125 3279 exigant,
1163 3206 1391 3262 formido
1419 3206 1520 3261 erit
1562 3220 1630 3261 ne
1660 3207 1869 3261 irruens
1899 3220 2044 3260 mors

460 3297 788 3366 voluptatem
838 3297 1089 3368 dissipet;
1140 3297 1251 3351 imo
1298 3312 1428 3353 vero
1477 3312 1583 3351 non
1635 3296 1862 3351 formiqu
1904 3295 2040 3360 erit,

462 3405 634 3461 neque
675 3389 730 3445 id
778 3390 975 3445 malum
1016 3388 1363 3446 metuendum
1403 3389 1680 3444 dumtaxat
1722 3387 1898 3453 fuerit,
1945 3387 2041 3443 sed

459 3480 681 3536 omnino
720 3481 1011 3536 necessitas
1038 3483 1141 3537 erit
1178 3480 1462 3552 aliquando
1499 3482 1550 3536 in
1579 3489 1753 3536 actum
1790 3480 2039 3551 prodire;

460 3588 621 3629 nemo
636 3574 777 3628 enim
795 3574 967 3643 potuit
990 3582 1272 3646 utrumque
1292 3589 1399 3630 uno
1420 3574 1507 3630 die
1526 3576 1843 3631 exstinctum
1864 3582 2045 3630 osten-

459 3664 605 3720 dere.
636 3665 788 3732 Quod
812 3666 856 3721 si
880 3682 985 3721 uuon
1002 3666 1293 3739 contingat,
1320 3666 1462 3738 quod
1483 3677 1727 3737 superest
1748 3666 2044 3722 necessitas

458 3757 560 3812 erit
588 3757 671 3812 vel
708 3767 881 3815 nuorte
917 3759 1244 3816 acerbiorem
1287 3760 1448 3815 vitam
1493 3761 1778 3825 sustinuere,
1820 3775 1914 3815 seu
1950 3759 2042 3815 diu

458 3864 577 3905 cum
619 3864 682 3905 ea
710 3852 1009 3918 consuevit,
1040 3866 1137 3908 seu
1178 3867 1391 3924 parum.
1431 3850 1564 3906 Nam
1603 3851 1693 3907 ille
1730 3867 1838 3922 quo
1873 3853 2041 3922 nuagis

458 3939 752 4009 periculum
799 3941 945 4003 fecit,
973 3957 1040 3997 eo
1070 3942 1329 4013 majorem
1368 3942 1528 3997 luabct
1566 3941 1840 4007 dolorem,
1883 3942 2041 4013 longa

456 4033 845 4088 consuetudine
892 4034 1228 4091 intolerabile
1276 4034 1556 4090 dissidium
1605 4033 1863 4090 reddente
1904 4050 1918 4086 :
1953 4034 2041 4089 hic

458 4124 764 4194 priusquam
791 4139 1027 4179 amorem
1047 4126 1343 4196 gustaverit
1365 4141 1428 4181 ac
1448 4127 1764 4197 expleverit,
1795 4125 2039 4183 fervente

457 4215 630 4271 adluuc
671 4215 939 4271 desiderio
977 4232 1040 4272 ea
1084 4218 1361 4287 spoliatus,
1408 4217 1638 4288 idipsum
1670 4218 2038 4273 vehementius

458 4308 632 4378 luget;
662 4315 823 4377 atque
844 4323 908 4364 ex
928 4308 1211 4364 contrariis
1229 4309 1403 4365 causis
1427 4309 1611 4366 eadem
1637 4319 1859 4380 uterque
1879 4311 2039 4366 mise-

457 4398 534 4453 ria
562 4407 788 4453 tenetur.
819 4397 954 4466 Quid
979 4398 1088 4468 jam
1128 4398 1332 4465 dicam,
1362 4415 1482 4469 qua:
1516 4400 1732 4455 interim
1773 4400 2033 4465 incidmut,

455 4490 837 4559 scparationes,
866 4489 1151 4547 diuturnas
1192 4491 1667 4564 peregrinationes,
1707 4507 1934 4562 angores
1972 4492 2037 4548 iis

453 4580 787 4651 conjunctos,
816 4581 1069 4638 morbos?
1096 4582 1232 4651 Quid
1262 4584 1361 4639 hoc
1389 4584 1454 4639 ad
1483 4583 1921 4639 matrimonium?
1946 4584 2033 4639 in-

452 4672 585 4741 quit.
615 4669 774 4728 Certe
802 4674 981 4729 multze
1007 4688 1150 4744 stepe
1170 4675 1285 4745 ejus
1314 4688 1477 4745 opera
1502 4675 1869 4746 aegritudinem
1900 4690 2033 4731 con-

454 4773 729 4821 traxerunt
764 4782 778 4819 :
821 4765 1011 4837 injuria
1056 4768 1200 4823 enim
1242 4768 1447 4824 affecta:
1489 4778 1543 4824 ct
1583 4770 1802 4824 irritatae
1840 4769 2030 4839 partim

452 4856 551 4922 ira,
586 4857 775 4927 partim
806 4872 1059 4925 maerore,
1086 4874 1303 4930 gravem
1345 4860 1534 4917 febrim
1569 4862 1924 4917 concitarunt.
1952 4862 2031 4917 Ac

450 4950 695 5017 quamvis
733 4965 799 5005 eo
828 4961 1091 5021 praesente
1129 4952 1260 5008 nihil
1301 4953 1562 5023 ejusmodi
1602 4955 1891 5026 patiantur,
1933 4954 2028 5011 sed

449 5038 589 5094 facili
622 5051 880 5111 perpetuo
907 5050 1139 5107 utantur,
1175 5045 1697 5115 peregrinationibus
1725 5046 1777 5101 in
1804 5061 1865 5100 ea
1890 5046 2029 5102 nuala

448 5146 659 5186 rursum
703 5143 989 5203 coguntur.
1029 5133 1135 5190 Sed
1174 5134 1290 5191 haec
1333 5138 1510 5192 omnia
1556 5139 1718 5194 nuissa
1749 5138 2024 5204 faciamus,

448 5236 549 5278 nec
585 5224 979 5279 matrimonium
1006 5225 1279 5296 culpemus
1313 5244 1328 5283 :
1365 5236 1422 5282 at
1463 5244 1569 5284 non
1608 5229 1709 5285 luoc
1747 5245 1897 5300 aeque
1923 5230 2026 5284 cri-

452 5328 575 5369 men
606 5313 839 5385 etl'ugere
878 5316 1066 5385 possit.
1104 5315 1422 5383 Quodnam?
1462 5318 1614 5387 Quod
1652 5334 1840 5374 sanum
1878 5335 2025 5390 a~gro

446 5403 615 5459 nihilo
654 5403 842 5461 melius
869 5404 1117 5462 allectum
1153 5407 1418 5475 demittat,
1464 5409 1559 5465 sed
1594 5410 1662 5465 ad
1703 5425 1883 5481 parem
1916 5409 2024 5467 dc-

442 5496 713 5553 cunubeuti
740 5498 1160 5568 inquietudinem
1191 5501 1499 5570 compellat.

515 5590 695 5646 LVIII.
740 5592 1118 5649 Matrimonium
1148 5596 1261 5649 licet
1289 5612 1459 5649 omnes
1504 5596 1730 5650 miserias
1772 5594 1979 5665 c/fugiat
2003 5636 2019 5661 ,

440 5683 569 5738 nihil
599 5699 831 5754 magnum
853 5684 1288 5741 habereâ€”Visne
1319 5684 1432 5741 hunc
1452 5687 1609 5740 etiam
1630 5697 1818 5742 cuncta
1846 5685 2024 5741 dimit-

440 5782 647 5844 tamus,
688 5790 751 5831 ac
776 5791 892 5848 qure
923 5777 1037 5834 ficri
1076 5786 1339 5849 nequeant
1386 5792 1785 5849 suppouuamus,
1822 5788 1875 5833 et
1904 5793 2020 5833 ma-

1226 330 1284 387 S.
1324 327 1603 386 JOANNIS
1638 319 2119 381 CIIBYSOSTOJII
2155 320 2475 377 ARClllElâ€˜.
2516 320 3052 378 CONSTANTINOP.

2145 436 2447 489 trimonium
2498 435 2688 491 demuus
2739 437 2916 491 omnia
2961 435 3120 490 simul
3166 436 3302 491 bona
3344 436 3727 506 complexum,

2142 527 2347 597 prolem
2387 543 2727 591 [numerosam
2756 569 2772 594 ,
2810 529 2975 583 scitos
3001 529 3194 583 liberos
3222 570 3239 595 ,
3269 542 3398 599 Opes
3423 571 3438 594 ,
3472 538 3728 584 matrem-

2144 617 2367 672 familias
2395 617 2527 689 frugi
2552 660 2567 684 ,
2599 618 2886 673 formosam
2908 661 2923 683 ,
2951 629 3221 674 streuuuauuu
3244 662 3259 685 ,
3281 621 3692 674 conseuusioncuu
3711 661 3727 686 ,

2145 708 2437 779 longaevam
2488 711 2857 765 senectutem?
2900 711 3041 765 addo
3069 721 3123 766 et
3148 712 3359 781 generis
3395 711 3690 766 claritatem
3711 754 3728 776 ,

2144 810 2198 854 et
2239 802 2486 871 potentiue
2528 803 2989 870 magnitudinem:
3043 818 3141 857 nec
3177 803 3258 857 vel
3302 818 3587 858 commune
3632 804 3733 858 luoc

2146 903 2347 947 natura:
2375 894 2574 948 malum
2604 908 2698 949 eos
2741 894 3023 959 sollicitet,
3057 894 3245 949 barum
3284 910 3464 950 rerum
3508 911 3729 950 comer-

2145 985 2313 1039 sionis
2338 984 2595 1051 formido,
2635 986 2729 1041 sed
2755 986 2929 1041 omnis
2956 988 3203 1042 maeroris
3222 1029 3237 1051 ,
3264 987 3440 1043 omnis
3464 997 3641 1043 metus
3670 1003 3732 1043 ac

2112 1057 2396 1133 [curarum
2447 1093 2603 1133 causa
2630 1084 2923 1149 proscripta
2970 1080 3069 1145 sit,
3116 1095 3288 1151 nequue
3335 1089 3425 1134 aut
3466 1081 3572 1135 alia
3626 1081 3729 1136 ulla

2145 1169 2259 1233 vis,
2300 1178 2393 1223 aut
2437 1184 2583 1225 mors
2625 1170 2906 1225 immatura
2934 1172 3327 1245 matrimonium
3354 1172 3603 1235 dirimat,
3635 1173 3729 1227 sed

2145 1275 2263 1316 eam
2293 1277 2505 1332 quoque
2532 1278 2719 1319 onuuues
2747 1264 2939 1318 eodem
2975 1263 3062 1319 die
3091 1265 3323 1331 obeant,
3360 1274 3452 1320 aut
3482 1265 3625 1336 quod
3663 1281 3733 1321 eo

2147 1352 2304 1421 longe
2330 1352 2646 1408 fortunatius
2677 1354 2918 1421 videtur,
2959 1354 3107 1409 liberi
3136 1355 3375 1410 lureredcs
3420 1357 3729 1426 supersint,

2147 1452 2419 1513 pereuntem
2443 1453 2729 1516 utrumque
2767 1445 2818 1500 in
2848 1454 3083 1501 extrema
3111 1456 3383 1502 seuueelutc
3408 1448 3566 1502 simul
3589 1464 3733 1517 pra:-

2148 1536 2360 1590 mittant
2388 1554 2401 1591 :
2428 1552 2585 1606 quem
2621 1536 2835 1593 tandem
2878 1537 3036 1593 linem
3077 1549 3504 1609 consequentur,
3530 1548 3589 1593 et
3623 1556 3733 1610 quo

2146 1625 2360 1682 demum
2388 1643 2456 1683 ex
2481 1628 2582 1683 hac
2611 1638 2752 1684 tanta
2779 1630 3048 1699 voluuptate
3077 1640 3297 1699 accepto
3325 1631 3689 1692 emolumento
3714 1674 3729 1696 ,

2146 1731 2213 1771 eo
2252 1717 2574 1775 discedent?
2622 1719 2755 1775 Nam
2785 1721 2982 1777 multos
3026 1721 3222 1777 liberos
3247 1722 3558 1793 reliquisse,
3591 1738 3729 1777 uxo-

2146 1824 2259 1864 reuu
2288 1824 2565 1867 venustam
2605 1830 2726 1869 cum
2773 1813 2979 1871 deliciis
3006 1816 3317 1886 ca-terisque
3337 1816 3588 1871 omnibus
3610 1834 3731 1886 ÏˆÎ¹Ï‚Î¿

2146 1901 2256 1971 jam
2297 1906 2576 1973 percensui
2610 1916 2898 1972 tractasse,
2930 1911 2997 1961 ad
3045 1918 3311 1963 senectam
3357 1909 3564 1979 longam
3605 1926 3727 1963 cva-

2147 1995 2302 2062 sissc,
2336 1998 2525 2068 ecquid
2555 2000 2709 2056 nobis
2730 2000 2796 2056 ad
2842 2001 3070 2057 tribunal
3098 2003 3223 2057 illud
3265 2003 3497 2071 prtesidcii
3538 2002 3733 2057 afferre

2149 2089 2348 2158 possit,
2402 2088 2455 2143 in
2506 2091 2649 2145 veris
2698 2092 3018 2164 auteruuisque
3062 2093 3270 2148 rebus?
3333 2092 3490 2148 Niluil.
3547 2092 3734 2163 itaque

2148 2179 2335 2235 uuubra
2380 2190 2505 2237 sunt
2532 2181 2687 2251 lucc,
2730 2194 2889 2254 atque
2927 2184 3230 2250 somnium;
3279 2187 3473 2257 quippe
3517 2201 3639 2239 cumu
3676 2186 3733 2241 iu

2150 2272 2469 2340 perennibus
2512 2272 2615 2328 illis
2663 2275 2907 2341 sacculis,
2957 2291 3076 2345 qua:
3126 2285 3236 2330 tum
3284 2291 3382 2331 nos
3426 2276 3730 2345 excipient,

2148 2362 2278 2417 niluil
2304 2378 2371 2418 ex
2397 2362 2482 2418 bis
2509 2363 2742 2429 fruuctus,
2770 2365 2897 2421 nihil
2925 2365 3099 2419 solatii
3142 2366 3464 2435 sperandum
3490 2366 3594 2431 sit;
3636 2367 3730 2435 quui

2149 2452 2233 2507 his
2271 2453 2469 2522 potitus
2493 2461 2598 2520 est,
2641 2455 2829 2510 eodem
2861 2456 2977 2512 loco
2997 2468 3081 2511 est
3108 2456 3378 2511 habendus
3401 2472 3509 2528 quo
3536 2473 3736 2527 caperâ€”

2149 2554 2249 2602 tes.
2278 2545 2462 2616 Neque
2488 2548 2629 2603 enim
2660 2548 2706 2603 si
2731 2549 2848 2619 quis
2881 2550 2934 2605 in
2966 2550 3112 2605 mille
3145 2550 3299 2605 annis
3325 2561 3534 2605 ooctenu
3566 2566 3733 2607 unam

2148 2653 2311 2695 suave
2354 2641 2620 2696 somnium
2669 2641 2837 2709 vidit,
2877 2643 2993 2713 plus
3020 2643 3271 2713 quiddam
3316 2643 3512 2699 habere
3540 2643 3732 2700 dicen-

2148 2730 2249 2787 dus
2284 2740 2395 2795 est.
2433 2747 2592 2802 quam
2635 2734 2722 2803 qui
2749 2734 2865 2803 ejus
2890 2736 2989 2790 visi
3022 2749 3219 2804 expers
3244 2733 3423 2790 fuerit.
3467 2735 3575 2790 lmo
3601 2752 3735 2792 vero

2148 2837 2250 2880 nec
2270 2834 2525 2895 quantum
2550 2827 2790 2882 volebam
2821 2828 3071 2897 loquutus
3098 2844 3236 2883 sum.
3269 2828 3397 2883 Nam
3436 2844 3535 2883 nec
3561 2846 3724 2898 quam

2149 2925 2259 2970 tum
2288 2920 2425 2971 veris
2442 2916 2643 2973 distant
2665 2919 2868 2973 somuuia
2885 2960 2903 2987 ,
2926 2928 3128 2974 tantum
3154 2918 3271 2976 btec
3292 2920 3359 2976 ab
3381 2920 3487 2974 illis
3504 2920 3729 2985 absunt,

2147 3008 2241 3063 sed
2264 3009 2435 3065 multo
2459 3011 2686 3080 amplius
2711 3029 2725 3066 :
2773 3026 2873 3067 nec
2900 3012 3041 3082 quod
3072 3012 3123 3066 in
3151 3013 3294 3068 mille
3317 3013 3470 3067 auunis
3492 3028 3594 3067 uuua
3622 3029 3730 3069 nox

2147 3112 2261 3172 est,
2293 3104 2619 3159 tanttumdcm
2650 3104 2753 3161 luoc
2775 3106 2841 3159 ad
2889 3104 3121 3160 futurum
3168 3107 3422 3161 sccculum
3474 3115 3587 3170 est,
3630 3106 3730 3163 sed

2148 3194 2235 3249 bic
2278 3210 2489 3251 rursum
2516 3197 2675 3251 etiam
2704 3198 2822 3267 plus
2853 3198 3072 3254 interest
3101 3199 3441 3255 discriminis.
3474 3201 3542 3253 At
3568 3200 3730 3271 virgi-

2147 3285 2286 3340 nitas
2331 3301 2437 3342 non
2475 3296 2557 3343 est
2599 3288 2899 3357 ejusmodi;
2947 3290 3072 3360 quin
3098 3290 3238 3345 facto
3287 3290 3471 3360 grandi
3519 3302 3729 3360 quzestu

2146 3378 2387 3434 discedit.
2414 3379 2518 3434 Sed
2550 3397 2660 3436 rem
2688 3396 2900 3437 ounncm
2928 3398 2958 3436 a
2988 3384 3159 3453 capite
3187 3383 3559 3453 disquiranuus.

2233 3469 2367 3525 LIX.
2438 3471 2783 3544 Virginitatem
2830 3475 3031 3542 facilem
3082 3473 3444 3529 ÎµÎ´ÎµÎ¹-ÎÎœ
3504 3490 3728 3531 necesse

2147 3559 2309 3616 habet
2338 3563 2389 3617 iuu
2421 3576 2674 3633 spouusum
2706 3563 2975 3634 inquirere
2995 3606 3011 3631 ,
3038 3579 3138 3620 nec
3162 3564 3341 3621 fucum
3374 3566 3556 3621 timet:
3587 3565 3728 3621 Deus

2145 3659 2229 3705 est
2270 3652 2410 3707 enim
2459 3668 2563 3707 non
2605 3652 2795 3719 homo,
2840 3654 3099 3709 Dominus
3135 3671 3242 3710 non
3290 3669 3598 3712 conservus.
3650 3657 3727 3711 Ac

2145 3756 2461 3813 sponsorum
2506 3743 2607 3814 hoc
2633 3745 2919 3801 discrimen
2946 3754 3031 3802 est
3059 3764 3073 3802 :
3104 3746 3225 3801 vide
3246 3755 3422 3803 autem
3452 3756 3507 3802 et
3535 3748 3729 3818 quibus

2146 3835 2307 3889 rebus
2352 3835 2803 3906 despondeantur.
2853 3837 2970 3894 Non
2992 3840 3252 3909 mauucipia
3277 3880 3292 3905 ,
3326 3855 3428 3895 non
3456 3850 3613 3896 terra:
3639 3841 3725 3910 ju-

2144 3942 2302 3997 gera,
2354 3944 2459 3984 non
2507 3938 2586 3983 tot
2626 3944 2689 3984 ac
2736 3931 2953 3986 totidem
2988 3933 3102 3987 auri
3135 3933 3361 4000 talenta,
3392 3934 3486 3990 sed
3510 3936 3633 3990 caeli
3671 3946 3727 3990 et

2144 4019 2372 4075 caelestia
2402 4022 2569 4089 bona,
2601 4036 2811 4092 sponsa:
2842 4023 2997 4094 luujus
3018 4025 3217 4083 dotalia
3259 4035 3403 4081 sunt.
3458 4027 3725 4084 Prauteru

2143 4112 2335 4182 conjux
2400 4125 2623 4170 mortem
2676 4116 2931 4186 trepidat',
2986 4132 3108 4173 cum
3158 4128 3376 4189 propter
3426 4120 3565 4186 alia,
3612 4130 3725 4175 tum

2142 4207 2284 4278 quod
2330 4223 2390 4264 se
2415 4223 2448 4263 a
2489 4211 2851 4266 contuuberuuali
2879 4211 3162 4284 disjungat.
3210 4212 3371 4285 Virgo
3407 4223 3463 4268 et
3491 4224 3721 4270 mortem

2143 4298 2443 4368 desiderat,
2474 4308 2529 4356 et
2552 4301 2655 4355 vita
2696 4311 2978 4371 gravatur,
3007 4318 3262 4371 sponsum
3309 4318 3543 4375 praesens
3588 4320 3724 4376 pras-

2141 4403 2344 4446 seuutem
2376 4393 2605 4458 intueri,
2634 4408 2801 4463 caque
2829 4393 2995 4463 gloria
3024 4393 3126 4449 frui
3156 4409 3465 4465 properans.

2212 4482 2326 4538 LX.
2379 4483 2724 4555 Virginitatem
2763 4485 2951 4539 nullius
2978 4501 3123 4555 egere
3147 4486 3283 4555 quod
3321 4487 3373 4540 in
3402 4486 3542 4541 nobis
3582 4487 3721 4557 posi-

2142 4584 2247 4627 tum
2284 4591 2384 4629 non
2430 4575 2607 4629 sit.--
2648 4573 2759 4630 Nec
2786 4589 2914 4629 vero
2934 4575 3016 4637 ei,
3061 4584 3120 4630 ut
3157 4576 3208 4630 in
3254 4576 3623 4642 matrimonio,
3670 4578 3722 4632 in

2140 4665 2315 4735 inepia
2363 4664 2561 4735 degere
2601 4665 2888 4736 quidquam
2942 4665 3114 4720 fraudi
3170 4681 3292 4724 esse
3332 4676 3541 4736 potest;
3595 4669 3721 4738 quiuu

2141 4757 2316 4826 petitus
2355 4757 2496 4828 quod
2538 4757 2682 4812 ultro
2721 4758 3016 4823 sustineat,
3059 4771 3257 4828 sponso
3301 4757 3355 4814 id
3394 4770 3511 4815 eam
3543 4759 3723 4815 reddit

2139 4849 2442 4905 cariorem:
2487 4863 2588 4905 nec
2641 4848 2857 4904 sordide
2907 4858 3085 4904 natam
3134 4863 3285 4916 esse,
3330 4864 3428 4905 nec
3474 4851 3717 4919 corporis

2140 4952 2419 4999 venustate
2485 4957 2592 4997 non
2638 4941 2956 5009 excellere;
3019 4956 3193 5010 neque
3246 4940 3389 4997 aliud
3431 4941 3717 5012 quidquam

2137 5037 2331 5093 simile.
2380 5035 2447 5091 Et
2470 5034 2597 5106 quid
2640 5034 2755 5090 haec
2803 5033 3213 5089 commemoro?
3242 5033 3372 5090 Nam
3419 5042 3475 5089 et
3519 5033 3563 5088 si
3619 5047 3721 5089 nec

2136 5127 2301 5183 libera
2330 5129 2441 5193 sit,
2482 5141 2654 5198 neque
2679 5126 2732 5181 id
2759 5125 2976 5196 quidem
3024 5124 3142 5194 ejus
3189 5124 3523 5196 sponsalibus
3554 5123 3721 5179 dero-

2134 5228 2260 5292 gat,
2300 5219 2395 5276 sed
2424 5218 2618 5275 sufficit
2649 5219 2884 5274 animum
2926 5216 3205 5288 pulcluruun
3235 5225 3518 5286 praetore,
3549 5226 3606 5272 ut
3632 5217 3719 5272 vel

2134 5312 2335 5382 primas
2358 5320 2733 5382 consequatur.
2767 5309 2883 5365 Non
2921 5309 3006 5364 luic
3034 5308 3296 5382 zelotypia
3339 5307 3570 5363 timenda
3598 5316 3715 5375 est,

2135 5422 2241 5463 non
2287 5406 2504 5461 alteriuus
2570 5405 2820 5472 feminas,
2856 5412 2927 5459 .ut
2963 5403 3175 5458 duriori
3218 5402 3332 5456 viro
3377 5400 3712 5471 conjugatau,

2132 5500 2327 5556 invidia
2364 5499 2696 5557 dolendum:
2738 5513 2909 5569 neque
2929 5497 3079 5553 enim
3123 5496 3171 5552 ei
3216 5495 3490 5568 quisquam
3528 5493 3716 5549 similis

2132 5605 2291 5665 atque
2316 5610 2412 5663 par
2434 5602 2551 5656 est,
2582 5608 2683 5648 nec
2728 5607 2858 5647 vero
2898 5605 3060 5660 parvo
3102 5588 3379 5643 intervallo
3419 5586 3712 5670 proximus.

2133 5688 2202 5740 At
2238 5687 2290 5740 in
2332 5684 2671 5740 nuatrimouuio
2709 5692 3048 5753 quantuuuuvus
3074 5678 3398 5751 prundivitem
3423 5688 3478 5733 et
3506 5690 3711 5748 praâ€˜po.

2136 5788 2335 5837 tentem
2363 5778 2534 5835 virum
2559 5777 2751 5834 mulier
2778 5784 2931 5832 nacta
2961 5774 3058 5843 sit,
3084 5773 3241 5829 altam
3280 5782 3458 5829 tamen
3486 5771 3713 5841 reperiet
