3898 6242
90 322 180 380 579

83 439 246 512 χρόνῳ
295 438 627 511 πονηθεῖσαν
665 439 828 511 νηδὺν
880 440 1093 508 ὠδῖνες,
1137 444 1193 498 αἳ
1229 446 1322 499 καὶ
1365 444 1527 515 μόναι
1569 446 1756 502 ἱκαναὶ

85 529 247 582 πάντα
297 529 591 584 συσκιάσαι
628 529 699 583 τά
745 528 840 584 τοῦ
877 531 1058 601 γάμου
1089 534 1321 603 χρηστά.
1353 533 1654 603 Θορυϐοῦσι
1696 535 1753 590 δὲ

83 617 237 687 αὐτὴν
265 618 359 671 καὶ
389 617 546 672 ἄλλαι
583 618 726 690 μετὰ
757 618 964 674 τούτων
992 622 1295 692 φροντίδες.
1335 622 1402 675 Ἦ
1445 622 1556 693 γὰρ
1597 623 1756 679 ἀθλία

85 707 166 758 καὶ
204 706 554 779 ταλαίπωρος
596 709 759 780 κόρη,
795 710 972 763 καίτοι
1020 708 1166 764 οὕτω
1211 710 1462 782 σφοδρῶς
1513 711 1618 766 ὑπὸ
1647 712 1758 769 τῶν

84 796 378 866 ἀλγηδόνων
429 797 656 850 ἐκείνων
688 798 1146 870 κατατεινομένη,
1180 799 1386 853 δέδοικε
1416 799 1626 854 τούτων
1656 800 1756 870 οὑχ

82 880 250 956 ἦττον,
295 887 506 956 μήποτε
547 887 927 959 λελωϐημένον
955 890 1052 942 καὶ
1086 889 1370 961 ἀνάπηρον
1403 891 1527 943 ἀντ)⁵
1561 890 1751 960 ἀρτίου

83 974 165 1025 καὶ
195 972 381 1040 ὑγιοῦς
435 974 700 1046 προέλθῃ,
751 977 960 1047 μήποτε
1006 976 1128 1029 ἀντὶ
1180 976 1414 1048 ἄρρενος
1456 976 1609 1047 Θῆλυ.
1647 977 1758 1030 Καὶ

83 1062 177 1131 γάρ
203 1059 340 1132 αὕτη
374 1061 474 1132 οὐχ
500 1056 666 1133 ἦττον
699 1062 868 1118 αὐτὰς
899 1063 1008 1117 τῶν
1032 1063 1238 1117 ὠδίνων
1277 1064 1310 1134 ἠ
1351 1064 1559 1134 ἀγωνία
1593 1064 1756 1138 θορυ-

85 1150 158 1202 ϐεῖ
189 1149 330 1201 τότε’
377 1151 502 1203 οὑδέ
548 1150 658 1221 γάρ
698 1152 755 1202 ἐν
783 1144 864 1212 οἷς
905 1153 1042 1204 είσιν
1073 1150 1368 1204 ὑπεύθυνοι
1407 1151 1590 1221 μόνον,
1620 1150 1759 1206 ἀλλά

85 1239 166 1289 καὶ
187 1229 260 1290 ὧν
292 1237 396 1307 τῆς
425 1238 610 1300 αἰτίας
643 1239 913 1307 ἀφεῖνται,
942 1239 1044 1301 κάν
1078 1239 1292 1302 τούτοις
1326 1237 1599 1292 δεδοίκασι
1630 1238 1758 1303 τοὺς

85 1327 267 1398 ἄνδρας
298 1327 401 1378 οὑκ
431 1325 651 1378 ἔλαττον
695 1325 728 1398 ἢ
771 1328 828 1380 ὲν
861 1327 1112 1391 ἐκείνοις,
1146 1326 1241 1380 καί¹
1274 1324 1373 1398 τὴν
1415 1325 1759 1395 ίδίαν⁹ἀσφά-

86 1417 219 1468 λειαν
265 1417 491 1485 ἀφεῖσαι
537 1419 759 1469 σκοπεῖν
805 1418 862 1469 ἐν
888 1416 1128 1486 τοσούτῳ
1161 1415 1412 1480 κλύδωνι,
1441 1414 1753 1486 μεριμνῶσι

89 1507 152 1576 μή
191 1522 240 1556 τι
283 1504 477 1576 τάνδρὶ
512 1504 623 1558 τῶν
654 1503 971 1574 ἀϐουλήτων
1008 1505 1253 1575 γένηται.
1287 1503 1395 1556 Τοῦ
1439 1503 1496 1556 δὲ
1539 1502 1755 1556 παιδίου

87 1594 325 1656 πεσόντος
349 1596 432 1656 εἰς
459 1593 560 1665 τὴν
581 1595 684 1666 γῆν
715 1595 810 1647 καὶ
831 1592 1053 1665 πρώτην
1078 1594 1306 1663 ἀφέντος
1333 1593 1537 1664 φωνὴν,
1565 1592 1753 1663 ἕτεραι

87 1683 232 1735 πάλιν
262 1682 604 1752 διαδέχονται
640 1683 936 1754 φροντίδες,
967 1685 1021 1734 αί
1050 1685 1150 1754 τῆς
1181 1681 1475 1752 σωτηρίας,
1512 1681 1567 1735 αἱ
1597 1681 1698 1752 τῆς
1727 1691 1754 1722 α

85 1772 400 1842 ἀνατροφῆς.
441 1771 562 1824 Κάν
605 1771 703 1842 μὲν
738 1771 937 1840 εὐφυὲς
972 1769 1032 1822 ὃν
1063 1770 1203 1842 τύχῃ
1238 1770 1333 1823 καὶ
1381 1770 1519 1842 πρὸς
1551 1769 1755 1840 ἀρετὴν

85 1861 398 1930 ἐπιτήδειον,
427 1857 591 1913 πάλιν
624 1861 680 1912 ἐν
710 1858 894 1927 φόϐοις
925 1859 972 1911 οί
996 1858 1249 1921 τεκόντες
1287 1859 1360 1929 μή
1392 1875 1445 1910 τι
1474 1857 1624 1928 πάθῃ
1650 1857 1756 1910 δει-

85 1949 160 2000 νὸν
182 1949 242 2000 τὸ
266 1947 481 2019 τεχθὲν,
518 1948 593 2018 μὴ
622 1946 851 2000 θάνατον
877 1947 1056 2017 ἄωρον
1093 1947 1330 2017 ὑποστῇ,
1368 1945 1442 2018 μὴ
1475 1944 1756 2018 μεταϐάλῃ

84 2037 206 2108 πρὸς
233 2037 436 2090 κακίαν
457 2035 601 2090 τινά.
634 2035 769 2089 Οὐδὲ
802 2034 910 2108 γάρ
950 2037 1015 2089 ἐκ
1044 2035 1296 2106 πονηρῶν
1320 2035 1547 2105 χρηστοὶ
1575 2034 1755 2103 γίνον-

85 2143 162 2178 ται
189 2125 370 2195 μόνον,
397 2123 534 2176 ἀλλά
567 2124 663 2177 καὶ
694 2122 801 2176 ἀπὸ
825 2121 1132 2176 σπουδαίων
1163 2121 1359 2192 φαῦλοι
1380 2121 1477 2175 καὶ
1506 2122 1753 2194 πονηροί.

87 2213 191 2265 Κάν
223 2213 322 2282 μὲν
353 2210 563 2264 τούτων
593 2227 648 2263 τι
676 2211 900 2280 γένηται
929 2209 1038 2264 τῶν
1063 2210 1377 2277 ἀπευκτῶν,
1421 2209 1757 2282 ἀφορητοτέ-

87 2319 173 2370 ραν
197 2301 309 2370 ἔχει
337 2299 438 2370 τὴν
467 2297 669 2370 λύπην,
697 2297 730 2370 ἢ
759 2300 808 2352 εί
850 2297 1000 2368 παρά
1041 2298 1142 2369 τὴν
1183 2297 1360 2370 ἀρχὴν
1394 2297 1571 2353 ταῦτα
1629 2315 1757 2352 συν-

85 2391 285 2442 έπεσεν’
305 2388 372 2443 ἂν
395 2390 453 2443 δὲ
475 2389 696 2445 ἅπαντα
736 2389 873 2462 μένῃ
899 2388 969 2442 τὰ
992 2388 1207 2459 χρηστὰ
1233 2387 1449 2458 βέϐαια,
1464 2386 1638 2455 δγοῦν
1651 2388 1760 2442 ἀπὸ

84 2479 169 2546 τῆς
198 2477 506 2548 μεταϐολῆς
555 2475 646 2529 ἀεὶ
693 2475 955 2545 πάρεστιν
995 2475 1180 2539 αὑτοῖς
1228 2474 1416 2544 φόϐος,
1454 2475 1760 2528 κατασείων

83 2564 168 2635 τὴν
211 2564 391 2634 ψυχὴν
439 2563 551 2616 τῶν
593 2562 884 2625 τεκόντων,
920 2563 1015 2615 καὶ
1048 2561 1182 2616 πολὺ
1211 2562 1313 2632 τῆς
1340 2563 1534 2634 ἡδονῆς
1563 2561 1760 2614 ὑποτε-

87 2655 344 2724 μνόμενος
384 2653 573 2723 μέρος.
627 2651 765 2704 Ἀλλ’
789 2653 850 2704 οὑ
881 2652 1016 2704 πᾶσι
1044 2653 1159 2715 τοῖς
1181 2651 1527 2721 γεγαμηκόσι
1567 2649 1761 2713 παῖδας

85 2743 216 2812 ἔχειν
248 2741 564 2810 συμϐαίνει.
603 2739 812 2793 Οὐκοῦν
843 2738 1037 2810 ἐτέραν
1087 2756 1176 2810 μοι
1194 2739 1390 2808 ’λέγεις
1423 2738 1586 2792 πάλιν
1626 2738 1758 2792 ἀθυ-

89 2833 202 2901 μίας
227 2829 510 2884 ὑπόθεσιν.
543 2829 713 2882 ’Ὅταν
739 2825 832 2881 οῦν
864 2829 958 2881 καὶ
989 2827 1194 2881 παίδων
1218 2826 1388 2881 ὄντων
1424 2827 1519 2880 καὶ
1552 2827 1652 2880 ούκ
1672 2826 1761 2880 δν-

83 2936 199 2981 των,
236 2917 335 2978 καὶ
373 2915 632 2988 χρηστῶν
662 2915 969 2986 γενομένων
1017 2915 1111 2969 καὶ
1160 2913 1435 2986 πονηρῶν,
1479 2914 1762 2985 διαφόροις

87 3007 410 3076 συνέχωνται
440 3004 638 3066 λύπαις
669 3005 762 3057 καὶ
795 3003 1065 3075 φροντίσι,
1104 3003 1267 3058 πόθεν
1303 3003 1490 3057 λοιπὸν
1536 3003 1762 3075 ἡδίστην

85 3096 377 3165 καλέσομεν
419 3093 520 3165 τὴν
553 3093 612 3146 ἐν
654 3091 734 3162 τῷ
763 3091 924 3164 γάμῳ
953 3090 1130 3162 ξωήν;
1159 3092 1348 3158 Πάλιν,
1393 3092 1459 3146 ἂν
1493 3092 1592 3163 μὲν
1627 3095 1760 3162 ὀμο-

85 3182 320 3247 νοοῦντες
353 3180 505 3254 [518]
533 3183 581 3234 οἱ
615 3180 990 3243 συνοικοῦντες
1014 3179 1320 3243 διατελῶσι,
1345 3181 1509 3250 φόϐος
1548 3181 1624 3252 μὴ
1663 3180 1762 3234 θά-

84 3290 229 3336 νατος
277 3270 538 3341 ἐμπεσὼν
586 3268 820 3341 διακόψῃ
856 3268 957 3339 τὴν
995 3268 1211 3340 ἡδονήν·
1245 3267 1446 3338 μᾶλλον
1489 3268 1546 3322 δὲ
1577 3270 1763 3324 οὐκέτι

87 3361 238 3429 φόϐος
267 3359 432 3414 τοῦτο
463 3358 642 3429 μόνον,
673 3358 792 3411 οὑδέ
820 3357 984 3428 μέχρι
1013 3357 1347 3428 προσδοκίας
1367 3357 1426 3411 τὸ
1457 3357 1648 3423 δεινὸν,
1679 3359 1766 3412 άλ-

83 3449 143 3505 λά
163 3451 258 3503 καὶ
291 3451 373 3512 είς
396 3447 555 3519 ἔργον
582 3447 714 3501 αὑτὸ
745 3446 1026 3516 προελθεῖν
1048 3445 1267 3509 πάντως
1303 3447 1538 3518 ἀνάγκη.
1575 3447 1764 3512 Οὐδεὶς

84 3540 179 3611 γὰρ
207 3539 367 3609 ἔσχεν
401 3535 668 3600 ἐπιδεῖξαί
698 3552 828 3587 ποτε
862 3536 918 3587 ἐν
943 3535 1128 3606 ἡμέρᾳ
1167 3536 1266 3606 μιᾷ
1295 3536 1640 3606 ἀμφοτέρους
1679 3554 1766 3589 τε-

84 3628 465 3698 λευτήσαντας*
500 3624 690 3677 τούτου
725 3623 780 3675 δὲ
806 3622 906 3675 οὑκ
936 3621 1086 3686 ὄντος
1111 3622 1170 3675 τὸ
1201 3623 1522 3693 λειπόμενον
1546 3624 1762 3692 ἀνάγκη

85 3717 208 3768 πολῦ
241 3712 340 3768 τοῦ
378 3712 610 3766 θανάτου
655 3709 1041 3781 χαλεπωτέραν
1074 3711 1368 3782 ὑπομένειν
1406 3709 1574 3782 ζωὴν,
1603 3711 1669 3765 ἄν
1701 3729 1758 3765 τε

87 3803 243 3858 πολὺν
292 3800 435 3873 τύχῃ
463 3797 797 3869 συνῳκηκὼς
834 3797 1045 3870 χρόνον,
1079 3799 1143 3853 ἄν
1181 3815 1239 3852 τε
1271 3798 1471 3868 ὀλίγον.
1520 3799 1765 3863 Ἐκεῖνος

91 3893 178 3958 μεν
205 3891 321 3962 γὰρ
349 3891 461 3958 ὅσῳ
485 3888 711 3942 πλείονα
730 3885 830 3958 τὴν
854 3888 1050 3958 πεῖραν
1069 3885 1253 3952 ἔλαϐε,
1277 3885 1518 3958 τοσούτῳ
1545 3887 1766 3958 μείζονα

87 3982 188 4049 ἕχει
210 3981 313 4050 τὴν
342 3977 559 4049 ὀδύνην,
593 3976 697 4046 τῆς
725 3975 930 4047 πολλῆς
963 3975 1254 4046 συνηθείας
1281 3977 1557 4048 ἀφόρητον
1589 3975 1769 4030 ποιού-

89 4085 179 4139 σης
203 4069 301 4122 τὸν
323 4064 624 4138 χωρισμόν·
649 4066 678 4116 ὁ
700 4064 756 4117 δὲ
786 4064 915 4135 πρὶν
942 4065 974 4136 ἢ
1002 4064 1301 4134 γεύσασθαι
1329 4066 1424 4119 καὶ
1447 4065 1767 4138 ἐμπλησθῆ-

87 4175 166 4209 ναι
207 4157 310 4226 τῆς
354 4154 558 4225 φιλίας,
595 4150 952 4224 ἀκμαζούσης
986 4152 1067 4206 ἔτι
1117 4155 1216 4224 τῆς
1251 4152 1568 4224 ἐπιθυμίας,
1599 4152 1768 4224 αὐτὴν

87 4245 425 4317 ἀφαιρεθεὶς,
459 4243 593 4298 αὑτὸ
628 4241 786 4295 τοῦτο
838 4241 1037 4313 μᾶλλον
1086 4241 1296 4297 ἐκείνου
1341 4242 1547 4306 πενθεῖ,
1595 4242 1688 4295 καὶ⁵
1711 4241 1770 4306 ἐξ

88 4333 396 4395 ὑποθέσεως
425 4332 451 4371 b
486 4329 748 4384 ἐναντίων
777 4329 914 4394 ῐσοις
953 4329 1256 4401 ἀμφότεροι
1293 4328 1610 4400 συνέχονται
1655 4331 1770 4392 τοῖς

86 4421 366 4494 λυπηροῖς.
403 4421 470 4472 Τί
504 4419 559 4472 δὲ
595 4419 703 4490 χρὴ
734 4418 916 4488 λέγειν
943 4420 1068 4481 τοὺς
1103 4420 1160 4472 ἐν
1199 4418 1276 4490 τῷ
1315 4418 1520 4491 μεταξὺ
1551 4417 1770 4489 γινομέ-

86 4526 202 4572 νους
241 4509 584 4580 χωρισμοὺς,
633 4523 733 4570 τας
773 4507 991 4578 μακράς
1027 4507 1359 4579 ἀποδημίας,
1395 4508 1495 4572 τὰς
1525 4508 1772 4573 συνεζευ-

86 4614 286 4668 γμενας
315 4599 503 4660 αὐτοῖς
525 4594 788 4665 ἀγωνίας,
814 4595 914 4659 τάς
939 4596 1165 4661 νόσους;
1205 4597 1316 4650 Καὶ
1353 4597 1406 4652 τί
1435 4596 1594 4651 τοῦτο
1634 4597 1772 4670 πρὸς

85 4688 169 4738 τὸν
190 4688 408 4756 γάμον;
437 4685 590 4754 φησί.
625 4682 880 4736 Μάλιστα
913 4683 1009 4753 μὲν
1045 4684 1140 4738 καὶ
1181 4685 1290 4738 ἀπὸ
1322 4685 1420 4756 τῆς
1457 4685 1634 4749 αἰτίας
1670 4686 1772 4757 τῆς

84 4773 271 4828 τούτου
304 4773 498 4827 πολλαὶ
528 4771 790 4834 πολλάκις
815 4770 1203 4844 ὴρῥώστησαν.
1231 4774 1344 4827 Καὶ
1371 4773 1479 4846 γάρ
1501 4773 1774 4846 ὑϐρισθεῖ-

89 4880 171 4917 σαι
218 4865 318 4917 καὶ
354 4861 698 4933 δργισθεῖσαι
725 4861 849 4913 τοτὲ
882 4862 980 4933 μὲν
1019 4861 1122 4915 ὑπὸ
1154 4860 1247 4915 τοῦ
1287 4861 1482 4934 θυμοῦ,
1517 4863 1637 4915 τοτὲ
1664 4862 1720 4916 δὲ
1745 4874 1768 4903 ε

86 4951 186 5004 ὑπὸ
211 4953 317 5022 τῆς
342 4950 586 5019 ἀθυμίας
616 4949 847 5013 πολλοὺς
883 4947 1069 5002 ἔτεκον
1090 4949 1377 5019 πυρετούς.
1429 4951 1555 5006 Ἐἀν
1590 4951 1645 5005 δὲ
1679 4953 1772 5006 καὶ

89 5041 350 5112 παρόντος
387 5040 558 5109 μηδὲν
583 5037 800 5091 πάθωσι
835 5036 1100 5103 τοιοῦτον,
1139 5037 1274 5091 ἀλλά
1304 5040 1613 5112 προσηνοῦς
1636 5040 1772 5094 ἀποο

88 5129 322 5183 λαύσωσι
349 5127 669 5192 διαπαντὸς,
707 5125 810 5180 ὑπὸ
836 5125 936 5195 τῆς
958 5125 1272 5198 ἀποδημίας
1297 5129 1376 5193 εἰς
1406 5129 1580 5183 ταῦτα
1611 5129 1772 5185 πάλιν

90 5218 463 5288 περιίστανται
497 5216 566 5270 1‘1
603 5213 772 5268 κακά.
811 5213 958 5284 Πλὴν
985 5214 1120 5268 ἀλλά
1147 5215 1320 5269 ταῦτα
1362 5217 1541 5272 πάντα
1583 5218 1774 5292 παρεί-

91 5305 213 5371 σθω,
250 5306 347 5359 καὶ
384 5303 556 5374 μηδὲν
604 5301 928 5373 ἐγκαλῶμεν
974 5302 1052 5374 τῷ
1100 5303 1285 5374 γάμῳ,
1319 5303 1432 5358 ἀλλ’
1468 5305 1588 5376 οὐχὶ
1635 5306 1772 5377 μετὰ
1837 5305 1841 5308 ’

87 5393 284 5447 τούτων
304 5392 565 5461 κάκείνης
586 5392 748 5446 αὑτὸν
773 5390 1082 5458 ἀπαλλάξαι
1099 5391 1438 5464 δυνησόμεθα
1455 5396 1553 5466 τῆς
1573 5394 1767 5460 αἰτίας.

89 5481 250 5546 Ποίας
295 5482 360 5553 δὴ
400 5480 642 5551 ταύτης;
679 5482 802 5534 Ὀτι
842 5481 932 5534 τὸν
979 5481 1292 5550 ὑγιαίνοντα
1346 5482 1497 5536 ούδὲν
1547 5483 1774 5555 ἀφίησιν

90 5569 306 5640 ἁμεινον
344 5568 436 5622 τοῦ
484 5568 788 5639 κάμνοντος
828 5568 1156 5630 διακεῖσθαι,
1197 5569 1314 5623 ἀλλ’
1351 5571 1428 5636 είς
1473 5571 1570 5643 τὴν
1604 5573 1773 5646 αὑτὴν

93 5659 162 5727 τῷ
184 5659 427 5730 κειμένῳ
462 5657 785 5728 καθίστησιν
815 5657 1077 5729 ἀθυμίαν.

147 5751 187 5800 Ν
197 5751 275 5802 I-I'.
292 5748 484 5802 [La-312v.
503 5746 780 5802 καὶταῦτα
797 5747 977 5802 πάντα
991 5748 1318 5814 ἐκϐαλόντες
1333 5749 1515 5822 θῶμεν
1532 5749 1614 5822 τῷ
1631 5751 1772 5825 λόγῳ

147 5878 172 5942 ‘_‘
199 5879 320 5942 Beg.
355 5879 475 5942 ὑπὲρ
494 5883 580 5936 τῆς
601 5877 838 5942 σωτηρίας
859 5879 940 5926 καὶ
958 5883 1057 5936 τῆς.

148 5937 317 6001 δΒσξᾷ.
341 5942 389 5995 ἐξ
413 5937 702 5989 ὑποθέσεων.

150 6004 170 6031 τ
194 5999 316 6064 Reg.
342 6005 453 6051 τότε
479 6004 562 6064 μὲν
584 6003 677 6050 ὑπὸ
701 5999 786 6050 τοῦ
811 6002 996 6066 ἀνδρὸς,
1020 6003 1130 6052 τότε
1159 6003 1230 6052 δέ.

500 6091 770 6155 ΡΑτῐιοι.
817 6096 932 6156 Gn.
972 6097 1236 6159 XLVIII.

1504 327 1595 384 DE
1635 327 2106 389 VIRGINITATE.

3422 345 3529 402 580

1867 447 1935 502 τὰ
1970 448 2231 514 ἀδύνατα,
2265 451 2358 504 καὶ
2389 452 2837 524 συγχωρήσωμεν
2864 454 3116 524 γενέσθαι
3146 455 3320 528 γάμον
3353 460 3529 516 πάντα

1857 537 1995 608 ὁμοῦ
2029 537 2223 610 ἔχοντα
2246 539 2316 593 τά
2360 539 2564 608 ἀγαθά,
2607 541 2988 609 πολυπαιδίαν,
3025 543 3334 609 εὐπαιδίαν,
3367 545 3531 602 πλοῦ-

1858 643 1972 692 τον,
2017 628 2280 695 γυναικὸς
2321 630 2699 701 σωφροσύνην,
2733 630 2950 694 κάλλος,
2985 630 3221 698 σύνεσιν,
3249 633 3528 703 ὁμόνοιαν,

1859 716 2037 787 γῆρας
2069 717 2313 788 μακρόν;
2347 717 2632 790 προσέστω
2659 719 2754 772 καὶ
2784 720 2975 788 γένους
3029 721 3381 792 περιφάνεια,
3433 725 3530 784 καὶ

1857 804 2180 869 δυναστείας
2218 807 2468 877 μέγεθος,
2499 808 2592 862 κα)⁸
2635 807 2769 878 μηδέ
2795 809 2855 862 τὸ
2887 810 3066 864 κοινὸν
3100 810 3258 864 τοῦτο
3291 812 3392 882 τῆς
3423 812 3528 881 φύ-

1865 910 2002 958 σεως
2047 894 2272 964 όχλείτω
2300 895 2490 960 πάθος,
2541 897 2570 948 ό
2601 895 2766 965 φόϐος
2811 898 2909 969 τῆς
2949 897 3153 952 τούτων
3200 899 3523 971 μεταϐολῆς,

1859 979 1973 1034 ἀλλ’
2006 980 2287 1054 ἐξωρίσθω
2334 985 2483 1037 πᾶσα
2529 983 2627 1056 μὲν
2675 984 2914 1056 ἀθυμίας
2965 986 3245 1052 ὑπόθεσις,
3288 989 3440 1042 πᾶσα
3467 988 3524 1041 δὲ

1859 1070 2138 1140 φροντίδος
2184 1072 2278 1124 καὶ
2317 1073 2589 1144 μερίμνης
2631 1073 2884 1145 ἀφορμὴ,
2931 1074 3024 1128 καὶ
3070 1076 3211 1146 μήτε
3257 1075 3392 1145 άλλη
3446 1093 3530 1140 τις

1859 1159 2028 1222 αἰτία,
2069 1162 2205 1231 μήτε
2260 1160 2488 1226 θάνατος
2539 1161 2716 1233 ἄωρος
2767 1160 3136 1231 διαζευγνύτω
3179 1162 3270 1216 τὸν
3323 1165 3524 1234 γάμον,

1859 1245 1996 1299 ἀλλά
2035 1248 2129 1301 καὶ
2158 1246 2348 1302 τοῦτον
2384 1251 2439 1303 ἐν
2473 1251 2574 1321 μιᾷ
2603 1250 2804 1313 πάντες
2835 1249 3177 1320 δεχέσθωσαν
3218 1251 3423 1323 ἡμέρα,
3468 1252 3527 1322 ἢ,

1859 1332 1886 1386 ὃ
1915 1334 2123 1387 τούτων
2161 1335 2340 1407 πολλῷ
2391 1335 2806 1409 μακαριώτερον
2840 1333 2979 1391 εἶναι
3011 1338 3176 1402 δοκεῖ,
3219 1339 3529 1408 μενέτωσαν

1861 1421 1961 1492 μὲν
1989 1424 2036 1475 οἱ
2078 1424 2264 1488 παῖδες
2318 1424 2668 1496 κληρονόμοι,
2718 1427 2844 1488 τοὺς
2881 1426 2938 1478 δὲ
2972 1427 3152 1494 γονεῖς
3185 1426 3532 1497 ἀμφοτέρους

1859 1510 1994 1580 ὁμοῦ
2042 1512 2479 1582 προπεμπόντων
2514 1512 2539 1552 ἀ
2580 1512 2720 1584 μετὰ
2770 1514 2948 1584 γῆρας
2981 1515 3192 1585 μακρόν
3219 1532 3230 1543 ο
3264 1515 3357 1568 καὶ
3385 1514 3438 1567 τί
3466 1515 3528 1570 τὸ

1860 1598 2032 1668 πέρας
2059 1615 2073 1663 ;
2105 1600 2255 1653 ποῖον
2285 1601 2347 1654 τὸ
2384 1601 2573 1672 κέρδος
2596 1603 2659 1654 ἐκ
2704 1601 2909 1672 ταύτης
2953 1604 3051 1672 τῆς
3099 1602 3302 1672 πολλῆς
3340 1603 3530 1675 ἡδονῆς

1857 1683 2072 1754 ἔχοντες
2096 1686 2486 1742 ἀπελεύσονται
2520 1689 2670 1753 ὲκεῖ;
2701 1689 2776 1742 Τὸ
2801 1690 2910 1761 γὰρ
2944 1689 3172 1753 πολλοὺς
3205 1691 3402 1755 παῖδας
3430 1708 3534 1744 κα-

1855 1771 2108 1825 ταλιπεῖν
2137 1775 2231 1827 καὶ
2275 1773 2450 1845 καλῆς
2487 1775 2797 1829 ἀπολαῦσαι
2844 1775 3103 1844 γυναικὸς
3147 1777 3287 1847 μετά
3319 1777 3532 1848 τρυφῆς

1859 1861 1953 1914 καὶ
1989 1860 2098 1915 τῶν
2130 1862 2304 1916 ἄλλων
2333 1864 2586 1917 ἁπάντων
2609 1857 2684 1916 ὧν
2702 1864 2824 1935 άρτι
2847 1864 3085 1935 διῆλθον,
3117 1867 3211 1919 καὶ
3241 1867 3320 1929 εἰς
3350 1866 3530 1937 γῆρας

1859 1949 2052 2004 ἐλάσαι
2079 1951 2310 2021 μακρὸν,
2349 1952 2402 2002 τί
2434 1951 2569 2024 πρὸς
2602 1951 2664 2003 τὸ
2686 1951 3039 2024 δικαστήριον
3066 1955 3214 2026 ἡμᾶς
3244 1951 3528 2022 ὠφελῆσαι

1858 2038 2142 2110 δυνήσεται
2177 2040 2354 2092 ἐκεῖνο
2387 2043 2444 2092 ἐν
2480 2041 2592 2102 τοῖς
2625 2040 2868 2102 αἰωνίοις
2900 2041 3191 2113 πράγμασι
3215 2042 3308 2094 καὶ
3337 2039 3527 2113 ἀληθι-

1860 2128 2005 2192 νοῖς;
2043 2126 2228 2180 Οὐδέν.
2263 2126 2472 2181 Οὐκοῦν
2506 2128 2630 2182 σκιὰ
2678 2126 2850 2181 ταῦτα
2888 2129 2982 2181 καῖ⁹
3023 2129 3179 2198 δναρ.
3219 2129 3386 2183 Ὅταν
3423 2129 3532 2198 γὰρ

1859 2214 1917 2276 ἐν
1949 2217 2063 2278 τοῖς
2094 2215 2214 2268 ἐκεῖ
2239 2215 2636 2286 διαδεξαμένοις
2685 2216 2836 2286 ἡμᾶς
2877 2215 3040 2269 αἱῶσι
3085 2216 3181 2268 καὶ
3215 2215 3390 2286 πέρας
3433 2217 3534 2270 οὑκ

1855 2302 2043 2374 ,έχουσι
2072 2303 2236 2375 μηδὲν
2259 2304 2367 2358 ἀπὸ
2382 2304 2588 2357 τούτων
2613 2303 2930 2374 δυνηθῶμεν
2950 2304 3233 2375 κερδᾶναι,
3267 2306 3404 2377 μήτε
3430 2323 3533 2360 πα-

1862 2392 2138 2465 ραμυθίας
2172 2393 2479 2448 ἀπολαῦσαί
2522 2410 2687 2456 τινος,
2720 2395 2777 2446 ἐν
2807 2393 2908 2462 ἴσῳ
2948 2394 3061 2452 τοῖς
3101 2392 3162 2446 οὐ
3202 2391 3534 2464 μετασχοῦσι

1859 2481 1950 2535 τὸν
1983 2480 2321 2552 μετασχόντα
2349 2480 2554 2535 θετέον.
2585 2481 2720 2534 Οὑδὲ
2750 2479 2858 2551 γὰρ
2877 2478 2933 2532 εί
2953 2497 3037 2544 τις
3063 2482 3128 2534 -ὲν
3170 2479 3364 2551 χιλίοις
3389 2479 3536 2534 ἔτεσι

1864 2570 1996 2638 μίαν
2026 2568 2198 2623 νύκτα
2228 2568 2398 2638 μόνην
2427 2564 2568 2622 εἶδεν
2597 2567 2730 2640 δναρ
2775 2567 3037 2638 χρηστὸν,
3071 2569 3234 2622 πλέον
3267 2586 3319 2621 τι
3347 2569 3537 2622 τοῦτον

1861 2657 2006 2727 ἔχειν
2047 2657 2292 2728 φήσομεν
2328 2655 2424 2710 τοῦ
2465 2657 2538 2728 μὴ
2569 2656 2772 2726 ταύτης
2794 2656 3227 2720 ἀπολελαυκότος
3255 2655 3406 2728 [319]
3438 2656 3537 2724 τῆς

1861 2745 2056 2814 ϐψεως.
2089 2744 2282 2800 Καίτοι
2319 2761 2384 2813 γε
2417 2743 2539 2797 οὐδὲ
2563 2743 2686 2797 ὅσον
2726 2742 3030 2813 ἐϐουλόμην
3060 2739 3235 2797 εἷπον.
3263 2743 3400 2796 Οὐδὲ
3429 2742 3538 2813 γάρ

1857 2833 1986 2886 ὅσον
2020 2834 2087 2886 τὰ
2128 2831 2380 2904 ὀνείρατα
2429 2831 2786 2885 ἀπολείπεται
2824 2831 2924 2902 τῆς
2953 2830 3237 2903 ἀληθείας,
3284 2829 3540 2885 τοσοῦτον

1861 2921 1932 2975 τά
1971 2919 2202 2974 ἐνταῦθα
2253 2919 2534 2992 ἀφέστηκε
2574 2919 2681 2973 τῶν
2705 2921 2842 2985 ἐκεῖ,
2876 2919 2992 2973 ἀλλ’
3019 2919 3100 2973 ἔτι
3149 2920 3381 2991 μᾶλλον·
3413 2917 3539 2974 οὑδὲ

1862 3011 1998 3082 ὅπερ
2028 3009 2176 3063 ἐστὶν
2206 3010 2263 3060 ἐν
2292 3007 2434 3061 ἔτεσι
2479 3007 2672 3077 χιλίοις
2704 3007 2804 3078 μία
2847 3008 2965 3076 νὺξ,
2991 3008 3244 3062 τοσοῦτον
3288 3010 3317 3061 δ
3348 3005 3538 3077 παρὼν

1863 3101 1998 3152 αἰὼν
2032 3098 2168 3168 πρὸς
2211 3097 2303 3150 τὸν
2336 3097 2615 3168 μέλλοντα,
2644 3096 2780 3150 ἀλλά
2807 3097 2910 3150 κάν
2941 3095 3117 3167 τούτῳ
3152 3095 3331 3167 πολλῷ
3371 3096 3536 3149 πλέον

1865 3187 2024 3242 πάλιν
2049 3187 2110 3240 τὸ
2141 3187 2326 3258 μέσον.
2373 3187 2514 3240 Ἀλλ’
2535 3187 2596 3240 οὑ
2617 3186 2688 3239 τά
2708 3187 2805 3256 τῆς
2834 3185 3105 3257 παρθένου
3136 3185 3383 3246 τοιαῦτα,
3404 3183 3542 3240 ἀλλὰ

1865 3277 2065 3348 πολλὴν
2093 3276 2310 3332 ἄπεισιν
2342 3275 2542 3347 ἔχουσα
2568 3276 2666 3348 τὴν
2699 3277 2966 3348 ἐμπορίαν
2984 3291 2995 3305 ·
3029 3276 3230 3347 μᾶλλον
3249 3275 3305 3330 δὲ
3333 3275 3422 3329 τὸν
3452 3275 3541 3330 λό-

1864 3385 1960 3438 γον
1993 3365 2200 3422 ἄνωθεν
2228 3365 2596 3437 ἐξετάσωμεν.

1920 3454 2547 3523 ΝΘ’.Ούκάναγκάζεται
2565 3455 3043 3527 πολυπραγμονεῖν
3057 3455 3147 3508 τὸν
3163 3471 3224 3507 νυ
3233 3453 3539 3524 μφίον,ούδὲ

1869 3545 1943 3614 μή
1965 3559 2088 3597 τινα
2115 3541 2333 3613 ἀπάτην
2359 3542 2629 3614 ὑπομείνῃ
2655 3543 2891 3598 δέδοικεν
2911 3560 2925 3574 ·
2959 3543 3094 3606 Θεὸς
3122 3542 3233 3612 γάρ
3262 3542 3409 3596 ἐστιν
3442 3541 3543 3595 οὐκ

1863 3631 2170 3702 ἄνθρωπος,
2201 3628 2470 3701 δεσπότης
2495 3631 2596 3700 οὐχ
2621 3631 2932 3701 ὁμόδουλος.
2971 3631 3082 3684 Καὶ⁹
3115 3629 3224 3683 τῶν
3264 3630 3363 3700 μὲν
3400 3647 3540 3699 νυμ-

1867 3721 2005 3789 φίων
2033 3719 2094 3774 τὸ
2123 3720 2286 3791 μέσον
2314 3717 2566 3772 τοσοῦτον
2586 3734 2600 3749 °
2635 3719 2825 3772 σκόπει
2860 3718 2917 3772 δὲ
2944 3719 3038 3772 καὶ
3072 3719 3165 3771 ἐπὶ⁸
3199 3717 3340 3771 τίσιν
3369 3717 3543 3790 ἁρμο-

1872 3810 2079 3874 ζονται.
2107 3808 2182 3862 Οὑ
2215 3808 2323 3879 γάρ
2354 3805 2682 3878 ἀνδράποδα,
2719 3805 2836 3860 οὑδὲ
2872 3806 2978 3876 γῆς
2995 3805 3226 3876 πλέθρα,
3258 3804 3378 3856 οὑδὲ
3407 3804 3541 3857 τόσα

1869 3899 1963 3953 καὶ
1983 3899 2114 3953 τόσα
2140 3898 2363 3970 χρυσίου
2392 3895 2649 3959 τάλαντα,
2679 3893 2794 3947 ἀλλ’
2824 3893 3046 3966 οὐρανοὶ¹
3072 3893 3168 3945 καὶ
3192 3891 3260 3945 τά
3287 3892 3346 3944 ἐν
3378 3890 3542 3960 ούρα-

1869 3989 1978 4052 νοῖς
2011 3986 2194 4056 ἀγαθά
2228 3985 2298 4040 τὰ
2325 3986 2449 4039 ἕδνα
2476 3983 2682 4056 ταύτης
2713 3983 2814 4054 τῆς
2841 3982 3060 4053 νύμφης
3087 3978 3223 4033 ἐστί.
3251 3977 3395 4051 Πρὸς
3421 3976 3543 4030 τού-

1868 4076 2041 4146 τοιςή
2093 4075 2192 4146 μὲν
2231 4075 2584 4144 γεγαμηκυῖα
2626 4072 2839 4143 φρίττει
2886 4072 2977 4123 τὸν
3032 4069 3264 4123 θάνατον
3303 4066 3427 4120 τῶν
3481 4083 3541 4120 τε

1869 4162 2043 4218 ἄλλων
2072 4163 2277 4223 ἕνεκεν,
2310 4163 2404 4216 καὶ
2433 4163 2516 4216 ὅτι
2540 4160 2637 4225 ¹τοῦ
2669 4145 3045 4222 συνοικοῦντος
3077 4155 3246 4227 αὑτὴν
3285 4167 3308 4194 θ
3331 4154 3547 4219 διαζευ-

1870 4267 2087 4319 γνυσιν’
2120 4253 2152 4322 ἡ
2191 4251 2247 4304 δὲ
2282 4251 2548 4322 παρθένος
2577 4248 2673 4302 καὶ
2703 4246 2863 4301 ποθεί
2885 4246 2986 4316 τὴν
3016 4245 3296 4315 τελευτὴν,
3325 4243 3421 4298 καὶ
3451 4242 3546 4313 βαι-

1873 4341 2092 4413 ρύνεται
2116 4343 2183 4411 τῇ
2213 4340 2348 4410 ζωῇ,
2381 4337 2687 4391 σπεύδουσα
2716 4337 2810 4390 τὸν
2838 4335 3072 4405 νυμφίον
3098 4333 3227 4388 ίδεῖν
3253 4332 3544 4401 πρόσωπον

1873 4429 2007 4501 πρὸς
2041 4429 2355 4500 πρόσωπον,
2398 4427 2617 4497 καὶτῆς
2645 4425 2804 4496 δόξης
2828 4422 3136 4478 ἀπολαῦσαι
3171 4422 3410 4493 ἐκείνης.

1933 4519 2005 4572 Ξθ.
2022 4517 2159 4571 υὺτε
2177 4516 2235 4570 δὲ
2259 4516 2321 4569 τὸ
2351 4516 2508 4588 πενία
2538 4514 2706 4586 συζῇν
2736 4512 2986 4584 καθάπερ
3011 4511 3102 4564 ἐπὶ
3120 4509 3215 4563 τοῦ
3237 4511 3417 4580 γάμου
3439 4526 3548 4565 πα-

1874 4605 2147 4678 ραϐλάψαι
2185 4604 2390 4659 δύναιτ’
2425 4603 2492 4658 ἂν
2541 4603 2734 4672 αὑτὴν,
2767 4600 2905 4655 ἀλλά
2940 4602 3036 4654 καὶ
3071 4599 3272 4672 μᾶλλον
3301 4597 3544 4651 ποθεινοο

1870 4696 2033 4768 τέραν
2063 4693 2138 4766 τῷ
2170 4693 2392 4765 νυμφίῳ
2417 4693 2513 4764 τὴν
2545 4689 2778 4744 ἑκοῦσαν
2807 4689 2964 4744 τοῦτο
2980 4687 3357 4760 ὑπομένουσαν
3380 4687 3543 4753 ποιεῖ,

1871 4785 1992 4840 οὔτε
2032 4785 2094 4838 τὸ
2120 4786 2186 4838 ἐκ
2218 4781 2488 4838 ταπεινῶν
2519 4782 2822 4850 γεγονέναι,
2855 4778 2980 4833 οὔτε
3012 4777 3075 4831 τὸ
3111 4775 3186 4848 μὴ
3211 4775 3547 4846 διαλάμπειν

1871 4875 1969 4946 τὴν
2007 4873 2098 4927 τοῦ
2132 4872 2386 4943 σώματος
2424 4870 2595 4942 ὤραν,
2632 4868 2757 4923 οὒτε
2785 4868 2914 4924 ἀλλο
2948 4867 3056 4922 τῶν
3087 4865 3346 4920 τοιούτων
3373 4865 3544 4918 οὐδέν.

1872 4965 1982 5020 Καὶ
2009 4963 2061 5017 τί
2087 4963 2232 5032 λέγω
2255 4961 2426 5017 ταῦτα
2450 4978 2465 5026 ς
2492 4960 2596 5015 κᾶν
2636 4959 2744 5030 γὰρ
2778 4959 2913 5030 μηδὲ
2936 4955 3196 5027 ἐλευθέρα
3225 4951 3362 5010 οὖσα
3385 4955 3546 5025 τύχῃ.

1877 5054 1997 5108 οὑδὲ
2031 5053 2192 5107 τοῦτο
2229 5051 2398 5121 αὐτῆς
2429 5050 2751 5120 λυμαίνεται
2779 5048 2877 5118 τὴν
2903 5044 3220 5116 μνηστείαν,
3248 5043 3362 5097 ἀλλ’
3388 5044 3552 5114 ἀρκεῖ

1871 5142 2046 5214 ψυχὴν
2084 5137 2456 5206 ἐπιδείξασθαι
2491 5137 2684 5209 καλὴν,
2730 5135 2965 5189 καὶτῶν
3012 5132 3298 5204 πρωτείων
3339 5133 3544 5202 τυχεῖν.
3624 5207 3631 5216 .

1873 5232 1988 5285 υὺκ
2025 5231 2172 5284 ἐστιν
2211 5230 2331 5282 ἐκεῖ
2354 5225 2658 5297 φοϐηθῆναι
2689 5222 3046 5296 ζηλοτυπίαν,
3077 5222 3178 5275 οὐκ
3199 5221 3346 5276 ἔστιν
3379 5221 3550 5292 ἀλγῆ-

1873 5336 1964 5373 σαι
1992 5317 2455 5387 διαφθονουμένην
2481 5314 2646 5386 ἑτέρᾳ
2674 5313 2894 5382 γυναικὶ
2923 5311 3001 5376 ὡς
3032 5311 3404 5383 λαμπροτέρῳ
3431 5328 3552 5366 συν·

1830 5418 1831 5421 ‘
1875 5406 2179 5478 εζευγμένῃ
2204 5406 2380 5476 ἀνδρί.
2421 5405 2494 5458 Οὐ
2527 5404 2635 5476 γάρ
2667 5404 2815 5456 ἐστιν
2856 5403 3041 5474 ὅμοιος
3076 5401 3225 5471 αὑτῴ
3272 5401 3392 5455 οὐδὲ
3434 5402 3549 5463 ίσος

1875 5496 2070 5561 οὐδεὶς,
2105 5496 2219 5549 ἀλλ’
2262 5495 2383 5548 οὑδέ
2423 5493 2564 5547 κατά
2604 5491 2802 5564 μικρὸν
2843 5492 3046 5560 ἐγγύς’
3093 5493 3150 5544 ἐν
3181 5490 3239 5544 δὲ
3270 5489 3346 5560 τῷ
3385 5490 3551 5560 γάμῳ

1875 5583 1980 5638 κάν
2024 5584 2132 5638 τῶν
2167 5583 2371 5656 σφόδρα
2405 5583 2781 5637 πλουτούντων
2830 5582 2923 5636 καὶ
2979 5579 3193 5652 μεγάλα
3233 5577 3548 5649 δυναμένων

1874 5675 1972 5744 ἔχῃ
2021 5689 2108 5738 τις
2159 5671 2349 5744 ἄνδρα,
2386 5672 2503 5726 ἀλλ’
2557 5672 2708 5743 ὅμως
2750 5668 2954 5725 δύναιτ’
2996 5668 3062 5722 ἀν
3116 5667 3310 5739 ἑτέραν
3366 5661 3550 5732 εὑρεῖν

1876 5761 2055 5834 πολλῴ
2101 5759 2322 5831 μείζονα
2354 5760 2604 5833 ἔχουσαν.
2635 5762 2746 5833 Οὐχ
2791 5759 2867 5822 ὡς
2909 5757 3068 5830 ἔτυχε
3103 5757 3160 5810 δὲ
3205 5754 3419 5808 ἐλαττοῖ
3451 5749 3550 5826 τὴν

1940 5879 1968 5918 ιι
1989 5879 2161 5929 Morel.
2187 5885 2240 5928 et
2260 5878 2410 5928 εει-ει.
2440 5880 2489 5928 in
2516 5885 2655 5928 textu
2681 5877 3072 5942 προπεμπόντων,
3097 5875 3221 5938 Reg.
3245 5877 3297 5922 et
3321 5870 3473 5921 SaviI.
3503 5864 3552 5916 in

1873 5957 1920 5993 ω
1936 5957 2026 6005 «τε.
2048 5943 2472 6005 προπεμπέτωσαν.

1937 6007 1955 6029 ⁹
1985 6002 2115 6067 mg.
2139 6005 2247 6061 τοὺς
2281 6002 2614 6063 συνοικοῦντας
2634 6004 2774 6067 αὐτῇ.

3114 6084 3155 6149 4
