3898 6242
148 324 248 383 581

148 447 323 502 multo
364 445 550 517 majori
598 454 838 516 nuptam.
888 445 1001 501 Non
1051 462 1237 516 parum
1276 457 1452 504 autem
1484 449 1748 504 minorum

150 539 479 610 pmstantiz‘e
500 536 848 607 voluptatem,
868 538 1129 609 majorum
1152 540 1508 609 praecellentia
1539 541 1747 596 minuit.

152 632 352 687 Verum
396 631 582 701 ingens
627 632 783 695 auri,
834 635 1092 697 vestium,
1141 648 1377 696 mensas,
1423 635 1753 698 aliarumque

150 738 331 776 rerum
369 721 540 790 capia:
571 722 730 776 ltt-xus
753 764 768 787 ,
799 723 1034 776 animum
1067 724 1324 779 ineSCahit
1348 734 1402 779 et
1428 724 1664 780 alliciet?
1695 727 1757 778 Et

148 822 281 883 quot
307 813 565 867 mulieres
591 812 654 866 iis
678 813 988 881 potiuntur?
1013 815 1439 885 quandoquidem
1468 817 1637 884 major
1662 816 1757 870 ho-

152 905 359 959 minum
405 919 528 973 pars
560 904 613 958 in
660 904 835 975 inepia
861 947 876 972 ,
905 907 1160 961 :crumnis
1194 922 1256 961 ac
1286 907 1557 962 laboribus
1585 908 1749 979 degit.

150 1000 308 1067 Quod
331 1000 378 1055 si
408 1001 602 1070 aliqua:
631 1002 697 1055 iis
727 1002 1027 1071 potiuntur,
1061 1002 1349 1058 admodum
1370 1013 1495 1058 sunt
1523 1019 1703 1073 pauca:
1730 1046 1746 1071 ,

154 1103 212 1149 et
240 1107 377 1164 quas
412 1092 569 1149 facile
595 1096 667 1148 sit
706 1110 989 1150 numerare
1008 1137 1023 1160 ,
1054 1110 1239 1165 eaeque
1269 1097 1397 1166 ipsa:
1425 1105 1619 1167 przetcr
1662 1097 1756 1153 Dei

153 1184 478 1239 sententiam
508 1183 742 1249 faciunt;
776 1186 904 1240 nulli
933 1188 1075 1241 enim
1104 1188 1182 1243 fas
1211 1197 1295 1243 est
1319 1189 1370 1243 in
1395 1189 1459 1243 iis
1484 1188 1717 1243 deliciari
1739 1231 1755 1258 ,

155 1279 300 1349 quod
331 1290 391 1336 et
419 1282 668 1351 superius
709 1282 1057 1338 ostendimus.

224 1372 364 1427 LXI.
411 1375 607 1428 Aurum
646 1392 814 1444 gerere
852 1385 1011 1429 metus
1038 1392 1191 1444 quam
1216 1377 1486 1447 voluptatis
1516 1378 1629 1447 plus
1668 1377 1761 1429 Ιια-

155 1464 365 1517 bere.—
382 1464 490 1521 Sed
509 1482 607 1535 age
628 1466 931 1535 diSputandi
960 1467 1150 1521 iterum
1168 1483 1326 1522 causa
1354 1476 1408 1522 et
1433 1468 1527 1522 has
1544 1468 1760 1522 delicias

156 1570 446 1611 concessas
477 1572 759 1626 ponamus,
789 1572 963 1627 neque
983 1568 1073 1612 aut
1098 1559 1411 1630 prophetam
1431 1569 1521 1612 aut
1537 1558 1757 1613 Paulum

158 1648 464 1702 luxuriosas
525 1650 774 1704 mulieres
823 1649 1055 1704 odisse:
1108 1666 1364 1720 quorsum
1434 1651 1548 1704 auri
1615 1650 1761 1703 vim?

156 1741 359 1810 Nempe
382 1742 515 1795 nihil
546 1743 645 1796 nisi
675 1742 869 1796 invidia
906 1752 1008 1807 est,
1040 1758 1166 1798 cura
1188 1754 1243 1798 et
1272 1753 1443 1798 metus
1474 1742 1613 1798 haud
1640 1743 1725 1796 vul
1750 1778 1757 1783 ι

155 1834 316 1902 garis.
350 1832 489 1887 Nam
534 1842 588 1888 et
628 1849 694 1889 eo
732 1836 784 1888 in
823 1834 1096 1905 capsulam
1126 1834 1369 1905 conjecto
1398 1850 1461 1889 ac
1487 1844 1640 1889 nocte
1677 1835 1760 1889 in-

156 1938 383 1998 gruente
410 1931 560 1984 curis
601 1940 889 2001 anguntur,
938 1940 993 1986 et
1020 1946 1087 1986 eo
1115 1931 1309 1986 indutae
1339 1940 1497 2001 atque
1534 1930 1759 1985 interdiu

157 2036 332 2088 atque,
376 2022 487 2076 imo
512 2022 677 2077 etiam
718 2024 906 2093 magis,
949 2023 1319 2078 sollicitantur.
1366 2022 1575 2077 Etenim
1615 2031 1670 2078 et
1708 2024 1759 2077 in

158 2110 365 2166 balneis
392 2122 448 2167 et
476 2114 531 2167 in
554 2114 765 2183 templis
789 2122 984 2184 przesto
1013 2125 1136 2168 sunt
1156 2114 1365 2168 femina:
1388 2130 1505 2183 quae
1532 2113 1581 2168 id
1609 2129 1758 2169 com-

157 2206 326 2275 pilent
356 2224 370 2258 :
402 2221 466 2260 ac
505 2207 641 2261 citra
670 2222 763 2263 eas
792 2223 1003 2276 quoque
1029 2208 1287 2278 aurigerze
1321 2223 1348 2260 a
1380 2208 1532 2261 turba
1561 2221 1761 2277 pressa:

156 2310 211 2355 et
251 2300 505 2370 impulsa:
556 2314 657 2355 nec
710 2302 948 2355 sentiunt
994 2301 1205 2371 quidem
1261 2302 1373 2355 auri
1412 2300 1511 2355 sibi
1562 2299 1759 2369 aliquid

157 2393 424 2460 elapsum.
482 2391 663 2462 Itaque
718 2394 896 2447 multae
942 2408 1046 2446 non
1090 2393 1203 2449 ha-c
1238 2393 1430 2455 solum,
1467 2392 1561 2447 sed
1594 2392 1760 2447 multo

156 2484 316 2537 etiam
351 2485 676 2552 pretiosiora
706 2484 941 2547 monilia,
975 2492 1027 2538 et
1052 2483 1341 2538 rarissimis
1360 2482 1585 2554 gemmis
1603 2483 1761 2536 adur-

159 2586 305 2634 nata.
334 2577 552 2631 revulsa
580 2591 644 2631 ac
665 2576 881 2647 delapsa
914 2576 1277 2646 perdiderunt.

229 2668 398 2722 LXII.
433 2669 607 2722 Aurea
646 2679 942 2723 ornamenta
976 2679 1023 2722 et
1058 2673 1237 2740 forma:
1269 2686 1465 2733 nocerc,
1505 2680 1550 2723 et
1576 2686 1761 2739 augere

157 2761 559 2829 deformitatem.
588 2791 659 2800 —
687 2762 796 2830 Age
822 2776 949 2816 vero
990 2778 1162 2829 neque
1194 2760 1280 2816 hic
1322 2770 1495 2815 terror
1534 2762 1623 2827 sit,
1664 2760 1756 2815 sed

158 2856 273 2912 bare
294 2858 459 2912 etiam
478 2873 604 2911 eura
622 2864 864 2926 exempta
879 2856 978 2911 sit:
998 2858 1086 2927 qui
1109 2856 1307 2911 refert?
1326 2854 1753 2926 Viditquispiam,

157 2950 349 3021 inquit,
404 2965 469 3005 ac
507 2950 731 3003 miratus
769 2958 870 3006 est.
908 2950 975 3003 At
1014 2964 1120 3003 non
1166 2957 1430 3014 ornatam,
1472 2948 1565 3002 sed
1595 2962 1755 3001 orna-

156 3051 361 3107 menta,
405 3041 553 3095 illam
596 3051 771 3096 autem
810 3055 953 3109 saepe
988 3040 1073 3095 vel
1113 3040 1183 3094 oh
1210 3053 1272 3095 ea
1302 3039 1613 3095 criminatus
1652 3048 1755 3103 est,

156 3132 313 3202 quasi
342 3141 542 3201 pr:eter
568 3132 878 3202 dignitatem
907 3132 970 3187 iis
995 3142 1259 3187 ornatam.
1297 3130 1428 3185 Nam
1459 3132 1502 3185 si
1527 3130 1756 3186 formosa

157 3224 247 3287 sit,
279 3232 489 3277 natum
526 3223 979 3293 pulchritudinem
1025 3222 1203 3293 perdit
1234 3240 1247 3275 :
1278 3222 1539 3293 siquidem
1572 3223 1759 3293 ingens

158 3316 249 3371 ille
280 3315 517 3371 mundus
541 3332 660 3371 eam
690 3316 886 3370 nudam
913 3332 1175 3387 apparere
1200 3332 1302 3369 non
1333 3316 1608 3386 permittit,
1643 3331 1757 3369 ma-

155 3421 317 3477 gnam
359 3406 481 3475 ejus
512 3417 715 3476 partem
750 3407 996 3463 auferens
1029 3424 1042 3460 :
1086 3409 1167 3461 sin
1214 3418 1348 3463 tetra
1389 3423 1453 3462 ac
1478 3406 1753 3474 deformis,

157 3500 239 3553 vel
274 3514 342 3553 eo
365 3498 664 3568 turpiorem
695 3513 753 3552 se
782 3499 1016 3553 exhibet.
1050 3498 1365 3554 Deformitas
1400 3500 1539 3553 cnim
1566 3500 1758 3570 ubique

156 3591 269 3645 sola
315 3604 604 3659 apparens,
645 3598 1069 3661 quantacumque
1114 3602 1215 3655 est,
1253 3599 1474 3661 apparet
1503 3600 1705 3646 tantum
1740 3610 1756 3645 :

156 3682 301 3751 quod
331 3685 375 3736 si
403 3698 734 3752 gemmarum
766 3683 1037 3754 splendor,
1081 3692 1172 3739 aut
1206 3686 1424 3741 alterius
1444 3687 1753 3756 cujusquam

157 3772 400 3827 materia:
425 3771 764 3842 pulchritudo
780 3773 1140 3838 admoveatur,
1173 3775 1425 3831 foeditatis
1453 3778 1567 3846 plus
1597 3778 1753 3833 etiam

156 3864 453 3917 contrahit.
503 3863 635 3917 Nam
676 3875 729 3919 et
762 3867 1003 3935 corporis
1043 3878 1276 3922 atroretn
1308 3868 1474 3922 multo
1502 3870 1753 3924 atriorem

158 3958 450 4011 imminens
484 3960 785 4028 margarita:
819 3960 1019 4026 lumen,
1057 3970 1107 4016 et
1142 3971 1405 4031 tamquam
1446 3964 1496 4016 in
1524 3962 1757 4018 tenebris

158 4049 386 4112 micans,
431 4058 802 4117 repraesentat,
846 4060 900 4106 et
925 4050 1037 4107 oris
1074 4052 1386 4121 pravitatem
1416 4054 1639 4108 vestium
1671 4054 1755 4108 di-

158 4140 299 4195 versi
325 4140 541 4195 colores
562 4141 717 4211 longe
749 4143 1021 4199 tetriorem
1045 4144 1432 4213 demonstrant,
1460 4146 1546 4216 qui
1580 4147 1756 4202 vultus

155 4231 389 4287 formam
426 4247 455 4285 a
490 4234 877 4302 spectatoribus
917 4237 1140 4292 seorsim
1178 4236 1383 4292 censeri
1423 4252 1528 4292 non
1556 4239 1753 4305 sinant,

156 4325 248 4379 sed
268 4340 395 4382 cum
420 4325 516 4383 illo
542 4335 657 4382 arte
685 4330 909 4397 qumsito
934 4330 1234 4400 eximioque
1258 4330 1451 4387 decore
1477 4332 1752 4388 collatam:

157 4420 301 4473 unde
342 4419 422 4483 fit,
477 4428 535 4473 ut
585 4422 753 4491 magis
795 4424 1033 4492 superari
1075 4424 1336 4477 videatur.
1373 4425 1574 4479 Aurum
1612 4425 1753 4480 enim

157 4509 362 4578 passim
395 4512 633 4565 vestibus
660 4513 982 4582 inspersum,
1024 4523 1183 4584 atque
1208 4514 1341 4569 varii
1371 4517 1547 4586 operis
1575 4516 1753 4571 diver-

157 4605 287 4658 sitas
320 4605 606 4676 omnisque
632 4606 866 4677 reliquus
897 4616 1115 4663 ornatus
1144 4619 1224 4663 est
1247 4609 1396 4678 quasi
1422 4609 1634 4680 quidam
1660 4625 1755 4679 pu-

156 4697 224 4765 gil
251 4696 399 4752 bono
440 4696 624 4751 habitu
651 4713 713 4753 ac
746 4698 1018 4765 robustus,
1059 4700 1147 4770 qui
1181 4701 1430 4755 scabrum
1469 4701 1751 4770 quemdam

155 4798 206 4841 et
246 4796 461 4859 turpem
503 4804 565 4844 ac
604 4791 889 4861 strigosum
932 4791 1296 4847 adversarium
1338 4794 1595 4863 repulerit
1635 4811 1648 4847 :
1685 4794 1752 4849 ad

153 4883 404 4937 eumdem
437 4882 651 4937 modum
674 4893 895 4939 ornatus
923 4885 1027 4952 ille,
1053 4886 1229 4941 vultus
1257 4886 1541 4955 Splendore
1567 4897 1752 4958 erepto

154 4982 318 5043 atque
344 4973 609 5040 detracto,
645 4977 884 5030 omnium
916 4976 967 5030 in
999 4991 1058 5032 se
1084 4977 1251 5032 oculis
1280 4979 1574 5044 conversis,
1606 4979 1749 5033 Illam

155 5066 325 5135 magis
355 5064 671 5133 ridiculum,
704 5080 763 5122 se
800 5068 852 5122 itt
886 5068 1071 5138 primis
1099 5070 1493 5139 suspiciendum
1525 5070 1746 5141 prmbet.

223 5156 411 5212 LXIII.
461 5158 587 5225 Qui:
612 5160 903 5230 tirginilatis
917 5162 1123 5217 mundus
1150 5174 1193 5217 et
1211 5180 1320 5231 qua:
1336 5163 1749 5235 pulchritudo.—

154 5252 220 5304 At
249 5266 358 5305 non
389 5250 653 5319 ejusmodi
680 5260 764 5307 est
791 5252 1105 5323 virginitatis
1134 5262 1372 5318 ornatus,
1402 5270 1571 5326 neque
1599 5254 1752 5309 indu-

155 5351 257 5394 tam
279 5340 561 5395 defraudat
588 5359 600 5394 :
623 5342 711 5413 qui
744 5359 842 5398 nec
862 5345 1153 5414 corporalis
1168 5345 1255 5412 sit,
1274 5346 1366 5401 sed
1396 5348 1557 5403 animi
1586 5357 1746 5405 totus.

153 5430 337 5503 Itaque
353 5448 451 5488 seu
472 5431 731 5489 deformis
756 5436 845 5501 sit,
870 5438 1109 5506 protinus
1132 5438 1521 5495 deformitatem
1556 5451 1745 5510 mutat,

152 5525 392 5580 adhibito
420 5528 821 5598 incomparabili
852 5541 1042 5585 ornatu
1074 5549 1086 5584 :
1116 5547 1207 5586 seu
1238 5544 1456 5589 venusta
1480 5544 1533 5589 et
1558 5534 1744 5601 nitida,

155 5616 499 5673 illustriorem
524 5619 713 5674 reddit.
743 5619 1017 5691 Siquidem
1047 5640 1151 5677 non
1188 5640 1411 5695 gemma:
1453 5636 1506 5681 et
1535 5641 1743 5693 aurum,

156 5724 258 5763 non
290 5710 522 5763 vestium
567 5711 744 5777 luxus,
785 5728 889 5767 non
931 5714 1169 5769 colorum
1215 5715 1373 5771 ﬂores
1417 5717 1546 5773 varii
1588 5730 1747 5791 atque

155 5802 485 5870 sumptuosi,
500 5817 603 5857 non
626 5804 729 5859 alia
750 5804 799 5859 id
821 5820 985 5877 genus
1002 5821 1085 5862 res
1106 5806 1545 5875 caduca,auimos
1561 5820 1734 5873 ornat.

1498 335 1583 391 DE
1626 334 2085 395 VIRGINITATE.

3339 347 3441 403 582

1859 450 1954 507 sed
1985 467 2170 509 eorum
2200 452 2319 511 loco
2361 455 2582 527 jejunia,
2636 467 2817 517 sancta
2859 460 3151 533 pervigilia,
3199 463 3443 532 comitas,

1860 542 2143 609 modestia,
2177 559 2483 616 paupertas,
2516 547 2792 617 fortitudo,
2825 551 3116 621 humilitas,
3140 555 3446 616 tolerantia.

1860 636 2096 688 omnium
2141 637 2293 704 plane
2323 639 2444 693 vitm
2490 639 2646 710 hujus
2681 658 2857 697 rerum
2892 643 3195 715 despectus.
3228 646 3361 702 Nam
3394 658 3451 704 et

1860 727 2045 782 oculus
2070 729 2120 783 ei
2152 738 2256 784 tam
2284 731 2507 800 pulcher
2529 742 2688 804 atque
2714 736 2920 806 lepidus
2940 748 3038 802 est,
3074 750 3129 793 ιιι
3157 755 3252 809 pro
3279 739 3451 795 homi-

1861 817 2017 873 nibus
2038 819 2381 891 incorporeas
2410 823 2664 889 Virtutes,
2709 842 3001 899 carumque
3036 830 3318 887 Dominum
3351 831 3447 886 ha-

1861 909 1983 965 beat
2015 922 2306 969 amatorem
2344 932 2358 968 :
2398 926 2502 969 tam
2527 925 2780 988 purgatus
2824 934 2888 975 ac
2917 921 3217 991 perspicax,
3265 932 3321 977 ttt
3351 939 3449 993 pro

1861 1016 2122 1074 corporea
2154 1005 2522 1077 iucorpoream
2550 1009 2999 1079 pulchritudinem
3026 1012 3207 1068 videre
3233 1015 3402 1084 possit
3432 1032 3448 1068 :

1864 1104 1970 1149 tam
2000 1098 2175 1151 suavis
2194 1114 2257 1153 ac
2283 1114 2526 1168 serenus,
2546 1110 2603 1156 ut
2629 1117 2726 1158 nec
2746 1102 3029 1158 adversum
3046 1103 3257 1160 assidue
3283 1106 3451 1160 laces-

1863 1194 2041 1243 sentes
2066 1203 2130 1243 ac
2144 1190 2394 1246 molestos
2414 1191 2663 1249 efferatur
2689 1203 2744 1249 et
2769 1194 3026 1265 insurgat,
3058 1194 3151 1249 sed
3176 1209 3269 1250 eos
3289 1194 3449 1250 etiam

1864 1280 2055 1336 blande
2069 1291 2227 1351 atque
2252 1288 2476 1340 comiter
2492 1287 2771 1356 inspectet.
2794 1287 2910 1343 Jam
2929 1304 3056 1343 vero
3081 1304 3140 1343 ea
3168 1297 3250 1344 est
3271 1288 3453 1344 mode-

1863 1375 1984 1441 stia,
2016 1385 2074 1429 ut
2106 1378 2189 1431 vel
2234 1378 2482 1447 impudici
2521 1381 2737 1451 quique,
2774 1383 2819 1436 si
2861 1383 2911 1436 in
2950 1398 3066 1438 eam
3095 1393 3340 1438 accurate
3372 1384 3454 1438 in-

1867 1475 2132 1533 tueantur,
2186 1470 2456 1539 pudeliant
2498 1481 2552 1527 et
2581 1474 2896 1529 erubescant
2935 1489 2997 1528 ac
3036 1473 3267 1529 furorem
3297 1489 3448 1529 suum

1865 1562 2158 1615 remittant.
2208 1566 2284 1617 Ac
2329 1566 2472 1619 velut
2528 1567 2715 1619 ancilla
2764 1567 3004 1621 honestae
3058 1565 3447 1621 matrifamilias

1864 1654 2123 1717 serviens,
2150 1654 2259 1722 ipsa
2287 1671 2498 1725 quoque
2519 1657 2643 1710 velit
2679 1657 2809 1711 nolit
2830 1656 3089 1726 ejusmodi
3110 1658 3176 1710 sit
3203 1666 3445 1727 oportet:

1865 1743 1935 1797 ita
1966 1753 2020 1798 et
2047 1760 2238 1814 corpus
2279 1746 2469 1801 anima:
2499 1757 2604 1801 tam
2639 1748 2965 1816 philosopha:
3003 1749 3067 1801 ad
3107 1752 3222 1817 ejus
3266 1759 3447 1802 nutum

1865 1851 2050 1890 omnes
2074 1850 2246 1893 moms
2272 1853 2398 1892 suos
2423 1839 2616 1909 dirigat
2650 1848 2881 1909 oportet.
2914 1839 3042 1893 Nam
3074 1850 3127 1893 et
3156 1840 3361 1906 oculus,
3395 1852 3444 1895 et

1868 1928 2065 1998 lingua,
2095 1938 2148 1985 et
2184 1932 2411 1997 habitus,
2444 1941 2498 1985 et
2528 1933 2815 2001 ingressus,
2842 1942 2895 1987 et
2930 1931 3147 1985 omnino
3176 1932 3351 1985 omnia
3381 1932 3449 1985 ad

1867 2020 2127 2075 iuternam
2182 2023 2516 2092 disciplinam
2565 2024 2997 2088 conformantur,
3045 2025 3301 2095 quasique
3348 2040 3448 2078 un-

1863 2123 2115 2183 guentum
2136 2116 2447 2186 pretiosum,
2481 2122 2818 2188 quantumvis
2836 2119 2887 2172 in
2908 2134 3001 2173 vas
3024 2119 3302 2183 inclusum,
3327 2133 3451 2173 aere

1866 2206 2147 2275 fragrantia
2172 2224 2264 2262 sua
2289 2217 2554 2279 tamquam
2581 2210 2837 2277 delibuto,
2862 2227 2964 2263 non
2990 2211 3261 2264 intraneos
3277 2209 3445 2263 solum

1864 2307 1917 2353 et
1960 2304 2248 2368 proximos,
2296 2302 2388 2355 sed
2430 2312 2714 2357 extraneos
2748 2303 2907 2358 etiam
2953 2316 3140 2357 omnes
3182 2301 3451 2371 voluptate

1866 2392 2075 2461 replet:
2117 2393 2184 2445 ita
2232 2404 2285 2446 ct
2315 2394 2532 2462 virginis
2573 2395 2764 2447 animae
2795 2394 3078 2463 fragrantia
3120 2408 3308 2448 sensus
3349 2395 3452 2447 cir-

1864 2480 2160 2536 cumﬂucus
2190 2486 2331 2537 intus
2359 2485 2584 2552 positam
2608 2484 2854 2538 virtutem
2880 2484 3143 2549 ostendit,
3193 2493 3245 2538 et
3274 2484 3451 2538 aureis

1865 2573 2140 2630 modestiae
2171 2574 2335 2630 frenis
2387 2576 2631 2631 omnibus
2679 2575 2890 2646 injectis
2924 2591 3092 2645 equos
3134 2576 3369 2645 singulos
3399 2577 3449 2627 iu

1864 2681 2068 2722 summa
2098 2668 2457 2723 concinnitate
2488 2675 2667 2722 tuetur
2698 2686 2711 2720 :
2746 2684 2918 2737 neque
2954 2676 3043 2720 aut
3068 2668 3301 2737 linguam
3327 2667 3451 2720 sinit

1864 2759 2124 2813 absonum
2154 2760 2352 2829 aliquid
2389 2770 2443 2815 et
2483 2760 2892 2829 incompositum
2922 2759 3091 2826 effari,
3119 2769 3212 2813 aut
3239 2758 3448 2813 oculum

1868 2850 1953 2905 vel
1985 2850 2323 2919 impudenter
2351 2867 2414 2907 ac
2439 2852 2736 2922 suspiciose
2765 2861 3028 2921 spectare,
3061 2859 3151 2906 aut
3175 2865 3334 2906 aures
3364 2852 3416 2905 in
3434 2883 3449 2893 ς

1863 2940 2060 2997 decens
2090 2942 2301 3013 aliquod
2343 2957 2558 2998 carmen
2586 2942 2889 2997 admittere.
2930 2943 3066 3009 Quin
3098 2950 3154 2999 et
3176 2942 3369 3013 pedum
3400 2943 3447 2995 ei

1861 3049 1988 3090 cura
2017 3044 2119 3101 est,
2162 3051 2228 3091 ne
2269 3035 2558 3091 dissolutus
2591 3045 2752 3107 atque
2782 3037 2980 3101 mollis,
3017 3036 3109 3090 sed
3152 3035 3372 3105 simplex
3397 3046 3450 3091 ct

1864 3127 2196 3184 inaﬂectatus
2245 3132 2315 3184 sit
2358 3130 2632 3194 incessus;
2695 3129 2946 3198 omnique
2993 3129 3218 3184 vestium
3257 3138 3448 3182 ornatu

1862 3222 2069 3292 abiecto
2107 3223 2311 3278 vultum
2343 3237 2555 3293 quoque
2582 3222 2797 3278 assidue
2842 3230 3042 3287 monet,
3084 3235 3151 3277 ne
3199 3221 3305 3275 risu
3343 3220 3447 3275 dif-

1863 3314 2027 3370 ﬂuat:
2057 3315 2165 3369 imo
2205 3324 2261 3369 ut
2289 3330 2385 3369 nec
2412 3316 2598 3370 leviter
2624 3315 2813 3381 rideat,
2847 3315 2939 3369 sed
2968 3330 3127 3383 grave
3161 3328 3373 3384 semper
3397 3323 3450 3368 et

1861 3415 2135 3462 austerum
2163 3407 2505 3477 supercilium
2535 3414 2903 3475 repraesentet,
2936 3406 3001 3461 ad
3032 3406 3295 3476 lacrymas
3323 3419 3446 3474 per-

1862 3508 2024 3569 petuo
2049 3510 2253 3570 parata,
2281 3499 2347 3554 ad
2378 3502 2541 3554 risum
2573 3513 2881 3569 numquam.

1931 3588 2118 3659 LXIV.
2152 3590 2279 3658 ρυω
2306 3600 2510 3661 prapter
2542 3588 2796 3644 Christum
2835 3590 3081 3660 patimur,
3122 3605 3179 3642 ea
3209 3590 3321 3643 licet
3360 3589 3449 3641 tri-

1862 3683 1959 3736 stia
1984 3683 2081 3735 sint
2103 3682 2411 3751 voluptatem
2439 3681 2713 3735 habere.—
2736 3683 2907 3751 Atque
2936 3681 3021 3735 hic
3044 3695 3164 3735 cum
3186 3680 3446 3750 lacrymas

1860 3773 2034 3839 audis,
2060 3772 2187 3827 nihil
2216 3773 2460 3829 tetricum
2489 3772 2629 3843 finge
2659 3789 2671 3826 :
2702 3772 2903 3828 habent
2926 3771 3067 3826 enim
3093 3788 3171 3827 eze
3197 3771 3447 3843 lacryma:

1861 3872 2059 3919 tantam
2092 3864 2436 3935 voluptatem,
2474 3874 2725 3935 quantam
2762 3880 2861 3920 nec
2892 3864 3046 3935 hujus
3074 3863 3256 3919 mundi
3283 3866 3443 3919 risus.

1860 3957 1953 4014 Sin
1979 3957 2197 4023 diffidis.
2226 3958 2346 4014 audi
2372 3958 2636 4015 dicentem
2659 3958 2879 4025 Lucam,
2901 3958 3208 4015 verberatos
3233 3967 3446 4029 aposm-

1860 4050 1939 4106 los
1964 4050 2117 4106 laetos
2147 4066 2212 4107 ex
2238 4052 2467 4107 concilio
2500 4052 2814 4109 discessisse
2853 4051 2989 4123 (Act.
3017 4053 3070 4109 5.
3094 4052 3206 4124 40).
3248 4054 3315 4106 At
3340 4067 3444 4107 non

1858 4157 1920 4198 ea
1951 4152 2033 4199 est
2058 4143 2337 4199 verberum
2366 4154 2553 4199 natura
2583 4160 2598 4198 :
2628 4158 2734 4200 non
2757 4144 2897 4199 enim
2920 4144 3241 4213 voluptatem
3271 4159 3334 4199 ac
3360 4143 3447 4196 lae-

1860 4235 2049 4303 titiam,
2093 4234 2188 4291 sed
2218 4236 2432 4291 dolores
2470 4236 2813 4306 laboremque
2850 4234 3039 4291 afferre
3073 4234 3263 4290 solent.
3305 4234 3447 4289 Sane

1860 4342 1965 4381 non
2001 4342 2062 4381 ca
2092 4338 2175 4383 est
2204 4328 2483 4383 verberum
2523 4335 2732 4391 natura,
2776 4326 2869 4381 sed
2899 4324 3197 4380 Christiana
3225 4326 3356 4379 fides
3385 4341 3444 4378 ea

1858 4427 1960 4485 est,
1994 4430 2049 4474 ttt
2070 4420 2167 4488 ipsi
2187 4420 2346 4475 etiam
2370 4434 2546 4473 rerum
2571 4428 2775 4473 naturae
2804 4418 3046 4489 imperet.
3075 4416 3224 4486 Quod
3252 4418 3295 4470 si
3326 4432 3445 4471 ver-

1857 4511 1981 4567 bcra
2013 4512 2336 4582 voluptatem
2390 4511 2667 4582 pariebant
2709 4520 2925 4581 propter
2980 4508 3272 4573 Christum,
3322 4507 3443 4575 (μιίιΙ

1859 4604 2047 4659 mirum
2069 4605 2113 4659 si
2136 4614 2190 4660 et
2210 4605 2459 4677 lacrymae
2487 4602 2624 4659 ident
2650 4610 2901 4674 prmstent
2924 4609 3138 4671 propter
3163 4599 3445 4655 eumdem?

1857 4695 2035 4767 Itaque
2061 4711 2216 4767 quam
2242 4706 2518 4765 angustam
2545 4703 2597 4751 et
2614 4708 2971 4750 mrumnosam
2992 4693 3129 4746 viam
3151 4690 3304 4755 dixit,
3328 4704 3443 4743 eam

1856 4806 2065 4845 rursum
2091 4799 2144 4844 ct
2167 4789 2353 4861 iugum
2392 4803 2562 4845 suave
2601 4797 2656 4843 et
2683 4802 2818 4842 onus
2842 4788 2961 4843 leve
2989 4785 3223 4855 appellat
3265 4801 3277 4835 :
3323 4799 3442 4837 nam

1856 4881 1931 4936 rei
1962 4880 2178 4952 quidem
2208 4880 2321 4935 haec
2358 4889 2544 4935 natura
2579 4888 2682 4948 cst,
2725 4878 2820 4934 sed
2850 4877 3025 4933 studio
3053 4884 3211 4945 atque
3237 4889 3331 4943 Spe
3356 4888 3447 4928 eo-

1854 4989 1970 5029 rum
1998 4973 2086 5044 qui
2140 4972 2520 5044 perfungantur
2556 4972 2841 5028 admodum
2884 4971 2940 5024 fit
2981 4970 3111 5024 levis
3142 4966 3355 5036 (Matth.
3387 4967 3441 5018 7.

1858 5067 1945 5122 l3.
1977 5077 2021 5119 et
2056 5066 2142 5121 II.
2179 5066 2290 5135 50).
2324 5064 2500 5133 Quare
2545 5064 2836 5119 alacriores
2885 5062 3044 5116 etiam
3088 5057 3305 5122 videas,
3356 5059 3443 5125 qtti

1853 5168 2054 5212 arctam
2083 5165 2137 5212 et
2172 5172 2526 5212 mrumuosam
2561 5159 2697 5209 viam
2723 5155 2829 5208 sint
2866 5151 3119 5222 amplexi,
3158 5163 3318 5219 qttam
3356 5149 3445 5219 qui

1852 5248 2012 5302 latam
2061 5256 2220 5318 atque
2263 5250 2573 5318 spatiosam,
2625 5245 2725 5300 iter
2754 5243 2963 5307 facere;
3015 5255 3120 5296 non
3158 5239 3301 5311 quod
3340 5255 3443 5293 non

1851 5342 2197 5408 afﬂictentur,
2227 5341 2321 5396 sed
2353 5340 2491 5412 quod
2526 5336 2957 5394 afllictationibus
2987 5334 3325 5391 sublimiores
3360 5334 3442 5387 ni-

1852 5435 1924 5491 hil
1954 5437 2022 5490 ah
2053 5437 2116 5491 iis
2160 5434 2419 5506 ejusmodi
2463 5434 2751 5504 patiantur,
2803 5446 2922 5501 qua:
2966 5429 3141 5485 solent
3174 5426 3262 5481 alii
3309 5427 3440 5497 pati.

1852 5528 2022 5583 IIabet
2047 5528 2188 5582 enim
2226 5541 2377 5597 mque
2405 5535 2458 5580 ct
2488 5527 2600 5579 haec
2630 5524 2731 5578 vita
2762 5522 3151 5585 afflictationes,
3198 5519 3291 5574 sed
3320 5534 3443 5589 quze

1851 5625 1894 5679 si
1925 5638 2044 5678 cum
2077 5623 2183 5678 illis
2220 5622 2542 5677 matrimonii
2568 5621 2928 5685 conferantur,
2964 5633 3032 5673 ne
3069 5616 3441 5671 afllictationes

1850 5718 2063 5788 quidem
2093 5718 2198 5771 sint
2226 5715 2486 5771 dicendae.

1925 5812 2081 5867 LXV.
2132 5811 2350 5866 Labores
2378 5810 2673 5882 virginitatis
2714 5810 2929 5863 minores
2974 5806 3217 5861 {oloribus
3262 5813 3436 5870 partus
