3898 6250
418 328 525 384 585

419 446 504 512 qui
536 444 829 515 cunjugium
856 442 1180 500 comitantur.
1201 475 1273 486 -—
1297 445 1434 513 Quid
1459 447 1624 509 enim,
1651 461 1834 516 quaeso
1856 487 1873 511 ,
1903 445 2008 500 tale

421 551 515 606 per
539 551 752 591 onmem
777 537 939 590 vitam
969 537 1118 607 virgo
1147 537 1395 604 sustinet,
1418 537 1574 608 quale
1600 551 1736 607 pene
1757 538 1808 592 in
1839 551 2010 593 annos

421 628 612 698 eonjux
647 628 921 684 doloribus
957 641 1139 700 partus
1173 644 1238 685 ac
1281 631 1526 687 lamentis
1571 629 1844 685 cruciata?
1875 628 2010 685 Nam

423 725 568 773 tanta
595 728 681 774 est
695 719 811 790 ejus
838 719 1106 776 cruciatus
1131 721 1491 787 vehementia,
1527 731 1582 776 ut
1610 735 1778 777 sacrae
1819 721 2018 788 literae,

424 827 544 866 cum
574 813 843 878 exsilium,
877 814 1093 880 famem,
1127 823 1353 884 pestem,
1384 823 1441 871 et
1470 814 1824 870 intolerabilia
1869 815 2011 869 mala

421 905 703 974 designare
726 905 927 970 volunt,
969 921 1028 959 ca
1056 909 1235 961 omnia
1261 907 1476 962 dolores
1499 917 1682 978 partus
1711 907 2009 962 nominent.

426 995 564 1049 Deus
587 1009 798 1065 quoque
827 995 877 1050 id
901 997 1146 1065 supplicii
1177 1013 1240 1054 ac
1261 997 1648 1053 maledictionis
1673 999 1786 1054 vice
1803 997 2015 1053 mulieri

424 1086 696 1156 irrogavit,
729 1102 837 1141 non
877 1103 1083 1158 parere,
1133 1089 1370 1159 inquam,
1401 1088 1496 1144 sed
1533 1089 1611 1143 sic
1642 1103 1852 1158 parcre,
1892 1102 2014 1142 cum

426 1180 682 1236 aerumnis
735 1189 782 1236 cf
837 1180 1152 1236 doloribus:
1196 1181 1323 1236 Cum
1377 1182 1552 1236 dolore
1606 1183 1782 1248 enim,
1823 1181 2012 1249 inquit,

426 1271 592 1340 paries
623 1272 758 1338 ﬁlios
785 1269 935 1343 (Gen.
966 1274 1018 1327 5.
1055 1273 1164 1344 I6).
1195 1274 1267 1327 At
1296 1274 1444 1342 virgo
1473 1272 1537 1326 iis
1576 1272 1707 1326 diris
1731 1287 1796 1327 ac
1830 1271 2017 1326 dolore

431 1363 696 1419 excelsior
728 1373 811 1421 cst
841 1381 856 1419 :
889 1379 1008 1418 nam
1039 1366 1128 1435 qui
1167 1365 1298 1436 legis
1321 1365 1467 1420 diras
1499 1365 1810 1435 antiquavit,
1841 1372 1896 1420 et
1920 1363 2017 1419 has

431 1469 533 1508 una
555 1455 716 1509 etiam
739 1455 968 1510 sustulit.

507 1544 688 1599 LXVI.
728 1543 1015 1600 Jucundius
1052 1562 1157 1602 esse
1191 1546 1399 1617 pedibus
1441 1547 1515 1601 ire
1546 1564 1698 1618 quam
1725 1545 1876 1601 mulis
1915 1547 2018 1600 cir-

430 1638 678 1690 cumvclti.
707 1666 780 1678 -—
805 1636 908 1693 Sed
943 1638 1100 1692 mulis
1126 1639 1182 1693 in
1223 1638 1338 1693 foro
1365 1637 1690 1694 circumvehi
1726 1636 2018 1708 jucundum

430 1738 534 1786 est.
557 1728 666 1783 Imo
698 1728 749 1784 id
788 1729 959 1784 inanis
1004 1740 1204 1785 tantum
1250 1730 1417 1786 fastus
1454 1739 1537 1786 est
1572 1730 1840 1800 voluptate
1875 1729 2020 1784 omni

432 1837 623 1877 carens
642 1841 654 1876 :
673 1831 834 1892 atque
850 1830 910 1878 ut
930 1838 1029 1879 nec
1051 1823 1284 1879 tenebrae
1299 1839 1454 1892 quam
1473 1823 1581 1886 lux,
1601 1837 1698 1876 nec
1714 1820 2023 1876 conclusum

433 1931 590 1985 quam
622 1916 852 1972 solutum
910 1930 1048 1979 esse,
1097 1931 1196 1971 nec
1239 1916 1419 1970 multis
1460 1931 1617 1985 quam
1649 1914 1797 1969 nullo
1842 1927 2021 1985 cgere,

435 2009 625 2064 melius
650 2017 732 2064 est
759 2027 771 2062 :
803 2011 881 2064 sic
911 2008 1033 2064 huic
1070 2023 1280 2078 quoque
1316 2007 1428 2063 suis
1466 2007 1690 2076 pedibus
1720 2022 1824 2061 non
1857 2005 2021 2060 utenti

438 2100 601 2153 nihilo
641 2099 833 2154 melius
870 2108 971 2153 est.
1017 2098 1218 2153 Omitto
1253 2098 1394 2152 enim
1437 2098 1711 2152 molestias
1740 2111 1873 2166 quas
1902 2095 2027 2150 hinc

438 2191 702 2244 sustinere
727 2199 809 2244 est
847 2204 1087 2243 necesse.
1121 2187 1253 2242 Nam
1296 2203 1394 2242 nec
1429 2203 1549 2242 cum
1599 2187 1729 2250 vult,
1775 2187 1824 2240 ei
1868 2186 2029 2240 domo

441 2282 654 2352 prodire
680 2283 823 2347 licet,
848 2280 942 2336 sed
958 2280 1269 2350 plerumque
1291 2296 1410 2336 cum
1436 2289 1491 2334 ut
1508 2277 1633 2333 inde
1653 2287 1815 2334 exeat
1841 2292 2028 2348 magna

438 2375 615 2444 aliqua
644 2373 842 2428 utilitas
867 2371 1141 2443 efﬂagitat,
1169 2371 1312 2426 domi
1343 2386 1558 2426 manere
1597 2370 1825 2440 cogitur,
1858 2369 2028 2436 velut,

442 2463 671 2520 mendici
699 2463 789 2534 qui
823 2464 1042 2534 pedibus
1064 2463 1232 2517 mutili
1261 2476 1364 2517 non
1388 2460 1588 2516 habent
1611 2475 1717 2531 quo
1741 2459 2029 2516 vehantur.

441 2557 592 2626 Quod
635 2557 678 2612 si
711 2558 791 2612 vir
833 2556 1008 2611 mulos
1054 2555 1140 2610 alii
1185 2552 1302 2609 usui
1354 2552 1716 2618 mandaverit,
1766 2551 2030 2619 simultas,

442 2649 733 2713 contentio,
767 2649 1008 2718 pertinax
1049 2647 1317 2702 silentium
1347 2663 1360 2698 :
1393 2645 1475 2700 sin
1517 2645 1628 2714 ipsa
1665 2643 1826 2698 futuri
1853 2645 2032 2713 ignara

445 2739 584 2794 idem
625 2739 830 2806 fecerit,
873 2739 1073 2794 omisso
1103 2737 1240 2803 viro,
1283 2736 1338 2790 in
1363 2750 1422 2791 se
1448 2735 1579 2789 iram
1609 2733 1786 2802 vertit,
1823 2731 2034 2788 assidue

444 2849 506 2888 ea
534 2848 592 2888 se
630 2833 820 2902 injuria
856 2845 1200 2887 consumens.
1228 2830 1294 2884 Et
1319 2837 1518 2899 quanto
1547 2827 1712 2881 satius
1739 2834 1857 2880 erat
1887 2823 2037 2893 pedi-

447 2923 546 2980 bus
575 2931 810 2979 utentem
834 2922 979 2996 (nam
1001 2936 1061 2976 ea
1083 2935 1244 2976 causa
1272 2919 1426 2974 nobis
1458 2933 1554 2974 eos
1582 2918 1721 2973 Deus
1749 2916 2038 2971 fabricatus

447 3013 549 3085 csa)
581 3013 710 3068 nihil
741 3013 929 3067 horum
953 3012 1217 3067 malorum
1245 3010 1446 3075 subire,
1471 3023 1631 3080 quam
1660 3007 1885 3062 mollitie
1915 3006 2034 3070 hac,

449 3105 503 3160 in
542 3113 740 3159 tantum
778 3103 1006 3158 miseriae
1031 3117 1095 3158 ac
1120 3103 1366 3157 maeroris
1395 3102 1766 3156 necessitatem
1796 3115 1857 3155 se
1886 3099 2039 3154 indu-

451 3197 610 3252 cere?
637 3195 821 3267 Neque
849 3198 991 3250 enim
1019 3198 1099 3249 lue
1120 3195 1249 3250 solae
1267 3209 1440 3249 causa:
1470 3209 1562 3248 eas
1582 3191 1726 3250 ουιιιὶ
1746 3193 2037 3258 comment;

453 3287 549 3343 sed
577 3302 671 3342 seu
697 3296 944 3358 uterque,
973 3303 1067 3342 seu
1102 3287 1241 3342 alter
1268 3285 1404 3341 forte
1430 3286 1606 3340 mulus
1629 3283 1852 3355 pedibus
1874 3283 2039 3351 dolet,

459 3382 600 3436 idem
631 3381 890 3452 contingit
921 3398 934 3434 :
975 3389 1031 3436 et
1057 3396 1178 3435 cum
1210 3380 1260 3434 in
1289 3393 1479 3450 pascua
1500 3379 1832 3433 dimittuntur
1857 3375 1938 3445 (fit
1957 3391 2045 3430 au-

459 3483 566 3529 tem
599 3473 651 3528 id
676 3474 982 3543 quotannis,
1011 3482 1170 3543 atque
1198 3471 1250 3526 in
1277 3470 1474 3526 multos
1499 3467 1660 3540 dies),
1685 3483 1894 3522 rursum
1920 3476 2044 3521 tant-

457 3581 617 3638 quam
647 3567 838 3621 vincta:
863 3565 1006 3621 domi
1031 3565 1353 3621 manendum
1375 3572 1476 3628 est,
1499 3573 1549 3617 et
1568 3577 1668 3617 nec
1694 3561 1906 3633 negotio
1929 3562 2045 3631 qui-

459 3658 582 3713 dem
612 3658 914 3712 uecessario
937 3666 1160 3713 vocante
1185 3656 1388 3712 aedibus
1411 3654 1798 3726 prodeundum.
1829 3653 1980 3722 Quod
1999 3655 2047 3710 si

457 3750 577 3820 quis
601 3749 760 3816 dicat,
785 3766 900 3805 eam
931 3765 961 3804 a
989 3749 1329 3804 salutantium
1374 3749 1530 3804 turba
1571 3745 1872 3818 expeditam
1904 3761 2044 3812 esse,

460 3858 566 3896 non
615 3850 854 3896 coactam
892 3851 1142 3896 notorum
1171 3839 1338 3895 oculis
1369 3848 1552 3909 patere
1592 3853 1656 3893 ac
1694 3837 1970 3907 pudefieri,
2003 3837 2048 3892 is

460 3933 615 3989 valde
653 3935 899 4005 ignorare
949 3932 1079 3988 mihi
1125 3932 1354 3998 videtur,
1398 3946 1516 4000 qua:
1560 3928 1802 3984 muliebri
1843 3935 2052 3982 naturae

461 4025 719 4097 pudorem
752 4034 807 4080 et
829 4025 1064 4079 adimant
1106 4032 1160 4077 et
1184 4022 1408 4078 afferant
1439 4037 1452 4074 :
1496 4021 1757 4091 siquidem
1795 4035 1902 4074 non
1921 4033 2051 4075 con-

462 4115 594 4188 spici
633 4125 725 4170 aut
758 4115 924 4170 latere
960 4115 1011 4169 id
1040 4114 1230 4181 efficit,
1271 4113 1366 4169 sed
1407 4113 1536 4168 illud
1581 4112 1867 4182 petulantia
1909 4111 2054 4167 intus

465 4211 700 4264 animum
731 4207 1030 4278 possidens,
1080 4205 1183 4262 hoc
1229 4205 1486 4261 modestia
1515 4215 1673 4274 atque
1713 4203 2050 4260 verecundia.

466 4302 650 4373 Itaque
675 4301 855 4356 multae
883 4315 945 4356 ea
973 4299 1210 4355 custodia
1234 4300 1442 4365 solutae,
1473 4313 1536 4354 ac
1566 4313 1662 4369 per
1687 4297 1913 4353 mediam
1942 4307 2056 4354 tur—

470 4393 592 4448 bam
621 4393 674 4447 in
715 4391 834 4447 foro
872 4390 1196 4462 gradientes,
1228 4406 1332 4446 non
1360 4391 1532 4444 solum
1562 4390 1615 4444 in
1641 4405 1700 4445 se
1723 4399 2059 4446 accusatores

471 4501 579 4540 non
603 4483 961 4547 concitarunt,
992 4479 1087 4536 sed
1120 4481 1317 4536 multos
1342 4481 1501 4536 etiam
1527 4479 1802 4535 modestia:
1829 4481 2062 4536 admira-

473 4586 619 4633 tores
673 4577 984 4635 habucrunt
1022 4593 1034 4627 :
1095 4587 1213 4643 qua:
1251 4583 1305 4628 et
1331 4570 1510 4626 ltabitu
1537 4581 1591 4628 et
1617 4572 1856 4642 ingressu
1884 4581 1939 4626 et
1965 4587 2060 4628 ve-

473 4667 635 4721 stium
675 4665 917 4735 neglectu
954 4662 1278 4718 luculentum
1308 4671 1573 4734 tamquam
1605 4664 1810 4718 radium
1837 4665 2062 4718 interna:

477 4757 756 4828 probitatis
781 4757 1086 4812 emitterent
1114 4771 1128 4809 :
1154 4771 1253 4812 nec
1281 4772 1461 4826 pauere
1487 4758 1627 4811 intus
1654 4757 1954 4812 desidentes
1988 4757 2061 4811 si-

481 4849 701 4902 nistram
753 4847 852 4900 sibi
901 4846 1204 4916 Opinionem
1261 4854 1658 4902 contraxerunt.
1702 4847 1883 4902 Potest
1919 4847 2060 4902 enim

479 4957 599 5010 qum
621 4941 868 4995 conclusa
911 4940 999 5002 sit,
1047 4939 1204 4994 etiam
1234 4941 1400 5010 magis
1433 4955 1590 5010 quam
1635 4955 1752 5009 quae
1783 4939 2061 5009 prodeant,

483 5034 782 5089 volentibus
812 5033 1022 5102 egregie
1054 5034 1374 5103 petulantem
1401 5048 1459 5088 se
1495 5041 1548 5087 ct
1585 5031 1943 5102 impudentem
1973 5046 2066 5086 ex-

485 5127 689 5183 bibere.

557 5215 768 5274 LXVII.
810 5216 1082 5272 Molestum
1125 5233 1229 5272 esse
1257 5217 1439 5272 multa:
1483 5217 1701 5288 [urnulas
1750 5216 1949 5270 habere.
1992 5244 2063 5256 -—

493 5311 598 5370 Sed
627 5310 1136 5366 forsan-ancillarum
1157 5326 1288 5383 grex
1307 5311 1574 5382 jucundus
1596 5322 1697 5367 est.
1722 5311 1829 5366 I'Iae
1854 5310 2068 5381 quidem

497 5404 764 5474 voluptate
791 5403 922 5460 nihil
953 5405 1127 5475 pejus,
1153 5414 1353 5460 tantum
1377 5403 1535 5459 habet
1559 5418 1841 5458 curarum:
1871 5418 1991 5457 nam
2019 5410 2072 5456 et

491 5493 806 5565 a‘gritudine
847 5495 1103 5566 cujusque
1140 5505 1194 5550 et
1218 5504 1387 5550 morte
1418 5495 1617 5549 turbari
1645 5505 1802 5564 atque
1841 5494 1963 5564 angi
1992 5503 2074 5548 est

494 5602 732 5642 necesse.
760 5590 837 5643 Ac
865 5597 986 5644 sunt
1017 5589 1133 5644 hate
1175 5588 1309 5642 forte
1355 5587 1666 5651 tolerabilia,
1712 5602 1918 5642 necnon
1956 5601 2073 5656 qute

497 5680 581 5735 bis
604 5681 762 5736 etiam
781 5683 1022 5753 graviora
1042 5691 1183 5748 sunt,
1207 5680 1442 5752 quotidie
1464 5682 1606 5736 curis
1629 5679 1878 5747 distendi,
1901 5679 2076 5748 segni-

498 5773 624 5831 tiem
663 5774 989 5850 castigando,
1035 5773 1319 5844 nequitiam
1353 5771 1604 5837 tollendo,
1645 5772 1784 5827 rixas
1819 5771 2068 5834 sedando,

1139 327 1195 382 S.
1236 325 1512 382 JOANNIS
1548 327 2022 388 CIIRYSOSTGIIII
2059 327 2375 386 AﬁCIﬂEP.
2415 328 2952 386 CONSTANTINOP.

3617 339 3720 394 SSI

2117 460 2438 517 omnemque
2461 446 2717 517 reliquam
2739 447 3080 501 vitiositatem
3107 447 3460 517 corrigendo:
3487 457 3543 500 at
3575 448 3707 504 illud

2115 548 2261 596 certe
2289 539 2526 594 omnium
2548 539 2921 610 gravissimum
2949 548 3052 602 est,
3077 539 3220 609 quod
3239 538 3452 609 quidem
3477 541 3563 594 vel
3589 555 3708 594 ma-

2116 630 2259 686 xime
2287 631 2342 686 in
2365 631 2630 700 ejusmodi
2669 630 2916 687 famulitii
2957 632 3110 701 copia
3153 632 3368 686 evenire
3393 631 3551 698 solet,
3581 632 3626 685 si
3657 633 3706 686 in

2116 738 2183 779 eo
2209 737 2371 794 grege
2409 724 2582 794 aliqua
2633 733 2855 780 venusta
2897 724 3000 780 sit:
3033 724 3085 779 id
3119 724 3267 778 enim
3297 725 3517 779 omnino
3557 725 3612 780 in
3644 741 3707 781 ea

2117 815 2455 870 multitudine
2483 815 2724 871 accidere
2749 830 2970 871 necesse
3005 825 3108 880 est,
3153 814 3404 870 divitibus
3427 829 3534 870 non
3564 816 3710 869 mul-

2118 915 2201 960 tas
2227 906 2419 972 solum,
2452 906 2545 961 sed
2570 906 2730 961 etiam
2757 922 2906 977 aeque
2932 907 3188 962 formosas
3212 905 3449 962 studiose
3470 907 3710 976 paranti-

2119 995 2237 1052 bus.
2285 995 2465 1066 Itaque
2493 998 2538 1052 si
2569 998 2707 1052 inter
2729 1013 2823 1054 eas
2855 998 2956 1053 ulla
2983 1007 3242 1068 praestans
3269 997 3357 1063 sit,
3401 1013 3494 1053 seu
3524 1013 3712 1053 arnore

2121 1091 2200 1146 sui
2249 1090 2436 1146 herum
2469 1092 2662 1160 capiat,
2693 1106 2787 1146 seu
2817 1090 2946 1145 nihil
2986 1090 3207 1145 ulterius
3235 1090 3434 1160 possit,
3463 1103 3622 1159 quam
3655 1097 3714 1143 ut

2121 1185 2460 1240 admirationi
2501 1186 2591 1249 sit,
2621 1185 2748 1239 hera
2773 1200 2927 1255 teque
2953 1183 3173 1247 dolebit,
3205 1181 3344 1251 quod
3367 1182 3435 1236 ab
3459 1196 3520 1237 ea
3543 1191 3711 1251 supc-

2122 1285 2291 1344 retur,
2317 1277 2363 1332 si
2407 1290 2510 1330 non
2536 1290 2739 1343 amore,
2768 1285 2820 1330 at
2845 1275 3086 1346 corporis
3123 1283 3398 1328 venustate
3425 1283 3590 1343 atque
3613 1273 3717 1327 ad-

2125 1370 2423 1423 miratione.
2455 1369 2633 1436 Quare
2655 1369 2698 1422 si
2730 1369 2779 1423 iu
2803 1369 2876 1423 iis
2913 1385 3032 1438 qua:
3073 1367 3216 1437 apud
3258 1382 3353 1423 eos
3393 1368 3621 1422 illustria
3645 1383 3714 1422 ac

2126 1460 2376 1528 prazclara
2409 1459 2723 1526 habeantur,
2758 1467 2960 1514 tantum
2999 1459 3136 1513 inest
3175 1473 3549 1524 terumnarum,
3584 1457 3714 1528 quid

2125 1552 2191 1606 de
2211 1550 2418 1606 acerbis
2437 1549 2719 1606 dicendum
2740 1549 2763 1603 i

2198 1640 2426 1698 LXVIII.
2464 1640 2546 1697 De
2569 1641 2932 1711 tranquillitate
2955 1655 3068 1710 qua
3093 1639 3360 1711 virginitati
3382 1639 3527 1695 inest.
3549 1667 3625 1678 —
3642 1640 3718 1694 At

2129 1751 2236 1791 non
2261 1735 2409 1806 virgo
2455 1735 2644 1789 horum
2675 1732 2962 1804 quidquam
3010 1733 3226 1802 patitur,
3255 1731 3379 1801 quin
3406 1739 3460 1786 et
3483 1730 3716 1784 domun-

2129 1828 2246 1883 cula
2279 1826 2449 1882 turbis
2477 1825 2642 1882 libera
2687 1833 2789 1893 est,
2829 1834 2884 1880 et
2925 1825 3128 1878 clamor
3167 1823 3340 1878 omnis
3365 1821 3714 1891 proﬂigatus:

2130 1921 2387 1991 quasique
2415 1919 2467 1974 in
2498 1918 2778 1990 tranquillo
2816 1900 3045 1989 quodam
3075 1925 3229 1987 portu
3267 1917 3443 1972 omnia
3471 1917 3613 1971 intus
3641 1915 3722 1969 si-

2134 2011 2354 2066 lentium
2382 2009 2640 2083 possidet,
2662 2018 2716 2065 et
2745 2009 2826 2064 vel
2855 2009 3069 2063 silentio
3105 2007 3277 2077 major
3300 2007 3532 2062 animum
3561 2019 3722 2062 sere-

2135 2103 2291 2167 nitas,
2319 2102 2516 2172 quippe
2545 2101 2674 2155 nihil
2699 2100 2987 2154 bumanum
3017 2107 3351 2161 tractantem,
3381 2097 3473 2152 sed
3502 2095 3723 2151 assidue

2133 2209 2252 2250 cum
2288 2195 2394 2248 Deo
2421 2194 2833 2263 colloquentem,
2865 2201 3024 2260 atque
3053 2190 3106 2243 in
3145 2203 3267 2244 eum
3313 2186 3415 2242 fixe
3452 2197 3723 2242 contuen-

2137 2296 2263 2340 tem.
2300 2284 2362 2339 Et
2388 2283 2508 2354 quis
2545 2298 2665 2338 eam
2709 2282 3034 2350 voluptatem
3080 2277 3361 2335 metiatur?
3401 2293 3519 2348 qua:
3544 2277 3724 2332 oratio

2138 2377 2332 2431 mentis
2375 2377 2452 2430 sic
2493 2374 2695 2430 affecta:
2742 2373 2976 2428 betitiam
3025 2369 3405 2440 repraesentet?
3452 2369 3716 2438 Equidem

2136 2467 2304 2531 nulla,
2353 2465 2448 2521 sed
2484 2466 2518 2519 ii
2548 2465 2643 2520 soli
2680 2464 2767 2534 qui
2797 2463 2849 2517 in
2883 2463 2990 2517 Deo
3036 2461 3254 2517 delicias
3295 2468 3493 2528 ponant
3536 2474 3726 2514 earum

2141 2557 2557 2628 magnitudinem
2585 2557 2776 2620 sciunt,
2822 2564 2876 2610 et
2900 2562 3098 2624 quanto
3123 2566 3332 2608 omnem
3359 2550 3726 2618 comparatio-

2140 2667 2259 2705 nem
2301 2651 2516 2706 vincaut
2542 2656 2853 2719 agnoscunt.
2889 2647 2958 2700 At
3001 2647 3189 2716 ingens
3218 2644 3420 2714 argenti
3454 2644 3534 2698 vis
3559 2641 3727 2696 undi—
3767 2714 3772 2718 ῃ

2140 2757 2243 2811 que
2282 2742 2565 2811 conspicua
2592 2739 2743 2793 valde
2769 2737 2952 2792 oculos
2979 2735 3230 2802 oblectat,
3271 2743 3325 2789 et
3365 2741 3560 2803 quanto
3586 2747 3730 2802 pra)-

2140 2832 2331 2887 clarius
2367 2840 2448 2886 est
2478 2832 2529 2885 in
2555 2827 2749 2886 celum
2779 2826 3076 2896 suspicere,
3125 2833 3282 2894 atque
3313 2823 3433 2876 inde
3462 2825 3727 2891 majorem

2143 2922 2298 2993 longe
2325 2921 2646 2990 voluptatem
2670 2916 2893 2988 capere?
2937 2915 3070 2971 Nam
3101 2922 3299 2986 quanto
3322 2929 3506 2968 aurum
3535 2923 3732 2968 stanno

2143 3021 2198 3068 et
2240 3011 2472 3082 plumbo,
2526 3018 2673 3064 tanto
2713 3006 2903 3063 calum
2945 3021 3097 3071 auro,
3138 3013 3357 3076 argento
3381 3013 3540 3074 atque
3577 3005 3729 3057 omni

2145 3105 2366 3158 materia
2397 3101 2651 3158 illustrius
2677 3114 2741 3154 ac
2761 3097 3090 3169 splendidius
3114 3107 3194 3152 est
3215 3114 3229 3150 :
3249 3095 3374 3164 quin
3394 3093 3732 3163 contempla-

2150 3197 2222 3250 tio
2251 3195 2366 3249 hasc
2392 3193 2536 3248 curis
2561 3206 2726 3246 vacua
2747 3199 2850 3257 est,
2879 3189 2967 3244 illa
2996 3187 3278 3243 admodum
3309 3186 3552 3252 sollicita,
3582 3185 3730 3254 quod

2146 3287 2358 3357 quidem
2392 3285 2477 3339 vel
2503 3284 2731 3339 maxime
2760 3280 3239 3352 concupiscentiam
3267 3277 3498 3334 cohibet.
3528 3278 3598 3332 At
3619 3294 3729 3332 non

2149 3381 2228 3435 vis
2248 3380 2300 3434 in
2326 3375 2517 3434 caelum
2543 3373 2822 3446 spectare?
2851 3373 2972 3427 licet
2997 3371 3295 3442 depositum
3322 3369 3374 3424 in
3397 3368 3510 3422 foro
3540 3383 3736 3438 argen-

2150 3483 2258 3528 tum
2289 3484 2533 3527 cernere.
2576 3466 2656 3520 Ad
2697 3465 3048 3520 verecundiam
3089 3473 3304 3518 vestram
3355 3462 3466 3515 dico
3499 3461 3577 3529 (I.
3609 3458 3732 3514 Cor.

2150 3564 2205 3619 6.
2233 3562 2313 3634 5),
2341 3570 2400 3616 ιιι
2422 3575 2544 3616 cum
2582 3559 2739 3614 beato
2767 3557 2928 3611 Paulo
2959 3557 3175 3626 loquar:
3207 3554 3452 3625 quoniam
3481 3552 3737 3621 pecunia-

2152 3671 2268 3710 rum
2297 3669 2480 3708 amore
2509 3663 2615 3707 tam
2645 3650 2774 3707 estis
2801 3647 3018 3718 stupidi.
3058 3647 3232 3716 Atque
3269 3645 3356 3700 hic
3382 3642 3507 3715 quid
3551 3643 3732 3698 dicant

2153 3747 2352 3801 nescio.
2381 3743 2550 3800 Valde
2575 3743 2717 3798 enim
2747 3755 2834 3796 me
2870 3738 3150 3808 scrupulus
3190 3735 3402 3807 quidam
3432 3734 3733 3804 suspendit,

2155 3852 2255 3892 nec
2296 3834 2472 3900 video,
2517 3850 2612 3890 cur
2640 3846 2809 3888 omne
2827 3844 2964 3899 pene
2993 3827 3266 3884 hominum
3292 3839 3478 3896 genus,
3505 3840 3629 3879 cum
3662 3823 3739 3877 fa-

2155 3929 2259 3984 cile
2302 3943 2365 3983 ac
2401 3925 2634 3998 jucunde
2674 3923 2926 3980 oblectari
2959 3921 3136 3988 liceat,
3167 3919 3216 3974 id
3247 3932 3344 3974 nec
3371 3917 3422 3971 in
3466 3917 3741 3985 voluptate

2157 4021 2373 4092 quidem
2409 4027 2636 4089 ponant;
2687 4017 2741 4072 in
2784 4013 3163 4079 sollicitudine,
3207 4009 3551 4066 distractione
3578 4017 3742 4079 atque

2134 4113 2301 4169 'curis
2327 4112 2660 4182 potissimum
2705 4107 2991 4179 gaudeant.
3022 4104 3151 4160 Nam
3195 4117 3291 4158 cur
3330 4116 3438 4156 non
3464 4114 3560 4155 eos
3587 4114 3741 4170 atque

2161 4204 2460 4275 depositum
2492 4201 2544 4256 in
2571 4199 2688 4254 foro
2716 4206 2991 4266 argentum
3022 4209 3084 4249 ac
3109 4192 3460 4250 domesticum
3485 4190 3739 4253 oblectat,

2161 4294 2302 4368 quod
2327 4292 2541 4365 quidem
2562 4299 2616 4346 et
2635 4289 2906 4361 probatius
2934 4287 3025 4353 sit,
3048 4293 3101 4341 et
3125 4287 3356 4339 animum
3379 4295 3576 4352 angore
3595 4281 3741 4336 omni

2164 4389 2388 4445 liberum
2412 4383 2678 4442 dimittat?
2720 4380 3004 4448 Quoniam,
3036 4377 3226 4448 inquit,
3273 4374 3401 4429 illud
3428 4388 3606 4428 meum
3637 4387 3742 4426 non

2165 4489 2267 4546 est,
2298 4478 2402 4534 hoc
2428 4491 2604 4532 meum
2644 4483 2747 4530 est.
2791 4469 3024 4528 Avaritia
3070 4467 3228 4539 igitur
3255 4463 3482 4536 jucunda
3510 4471 3611 4527 est,
3640 4476 3744 4516 non

2169 4570 2374 4642 argenti
2405 4577 2625 4624 natura:
2651 4564 2792 4637 quod
2821 4563 2866 4619 si
2895 4570 3057 4630 esset,
3087 4559 3210 4616 inde
3230 4559 3390 4614 etiam
3419 4570 3570 4624 aeque
3597 4555 3746 4608 oble-

2167 4664 2299 4719 ctari
2326 4660 2624 4732 oportebat.
2655 4658 2748 4714 Sin
2774 4655 2940 4720 dicas,
2973 4669 3099 4710 usus
3121 4652 3313 4723 gratia,
3343 4648 3509 4704 multo
3533 4654 3748 4717 prastat

2167 4757 2399 4809 vitrum:
2429 4761 2588 4822 atque
2617 4749 2670 4804 id
2698 4748 2889 4804 divites
2933 4745 3030 4815 ipsi
3078 4741 3414 4803 confirmant,
3457 4741 3548 4808 qui
3591 4751 3660 4791 ex
3687 4751 3746 4790 ca

2172 4845 2391 4900 materia
2436 4842 2623 4913 pocula
2667 4849 2724 4895 ut
2767 4838 3056 4909 plurimum
3107 4843 3314 4904 parant.
3347 4829 3498 4899 Quod
3537 4828 3584 4882 si
3616 4827 3751 4881 fastu

2172 4934 2400 5007 quodam
2427 4935 2584 4989 etiam
2613 4947 2681 4987 ex
2725 4937 2944 5000 argento
2994 4923 3237 4980 fabricari
3282 4930 3558 4990 cogantur,
3609 4919 3752 4988 prius

2173 5028 2309 5081 vitro
2333 5025 2580 5080 interius
2617 5021 2903 5078 constituto
2942 5019 3014 5073 ita
3045 5023 3263 5086 argento
3309 5012 3544 5068 exterius
3585 5010 3753 5065 obdu~

2173 5131 2318 5186 euut,
2351 5115 2692 5173 ostendentes
2731 5111 2859 5167 illud
2887 5109 2951 5164 ad
2983 5117 3164 5179 potum
3195 5104 3409 5160 suavius
3436 5112 3489 5157 et
3517 5116 3753 5156 commn-

2176 5213 2293 5268 dius
2312 5225 2450 5276 esse,
2481 5207 2582 5262 hoc
2607 5205 2672 5260 ad
2705 5203 2897 5258 fastum
2925 5201 3097 5255 solum
3120 5207 3174 5254 et
3202 5199 3416 5251 inanem
3437 5193 3751 5248 ostentatio-

2182 5320 2323 5360 nem.
2353 5301 2489 5371 Quid
2515 5307 2596 5354 est
2617 5306 2794 5353 autem
2821 5295 2942 5360 hoc,
2977 5292 3150 5347 Meum
3181 5297 3235 5345 et
3260 5303 3366 5343 non
3397 5284 3611 5341 meum?
3631 5284 3754 5339 Nam

2177 5397 2425 5469 equidem
2455 5409 2574 5448 cum
2625 5390 2787 5446 verba
2833 5387 2948 5442 haec
2975 5383 3270 5440 accuratius
3309 5377 3580 5449 expendo,
3607 5390 3758 5431 voces

2181 5468 2380 5545 tantum
2403 5501 2521 5542 esse
2541 5483 2668 5539 mihi
2696 5482 2958 5537 videntur.
2989 5477 3136 5532 Multi
3157 5473 3296 5530 enim
3319 5469 3447 5527 illud
3469 5468 3758 5525 dominium

2180 5597 2335 5638 suum
2357 5579 2622 5649 refugiens
2643 5591 2741 5631 nec
2766 5574 2873 5629 vivi
2901 5572 3129 5627 retinere
3150 5571 3467 5638 potuerunt;
3494 5570 3547 5616 et
3567 5560 3756 5632 quibus

2182 5676 2245 5729 ad
2275 5674 2433 5728 finem
2462 5683 2630 5738 usque
2657 5678 2965 5736 permansrt.
2996 5661 3029 5716 ii
3052 5668 3292 5716 volentes
3316 5657 3559 5711 nolentes
3583 5650 3762 5706 mortis

2187 5779 2423 5838 tempore
2451 5764 2564 5833 ejus
2592 5767 2850 5834 potestate
2876 5757 3205 5812 exciderunt.
3240 5750 3349 5806 Nec
3374 5746 3546 5804 solum
3595 5746 3646 5800 in
3679 5755 3760 5796 ar-
