3844 6272
369 341 469 398 585

371 454 628 526 λουτρῶν,
655 455 752 510 καὶ
797 455 890 509 ἐπὶ
916 454 1026 509 τῶν
1057 455 1420 527 παραδείσων,
1452 455 1546 510 καὶ
1594 457 1651 510 ἐν
1695 457 1820 521 ταῖς
1841 455 2043 520 οίκίαις

366 543 429 597 τὸ
463 544 624 615 Ἐμὸν
661 545 757 598 κα)⁸
796 544 896 598 οὑκ
925 544 1078 615 ἐμὸν,
1107 544 1267 597 τοῦτο
1299 545 1453 616 ῥῆμα
1483 545 1549 599 ἀν
1576 563 1664 610 τις
1721 547 1820 600 ἴδοι
1881 545 2040 616 μόνον

369 632 541 701 ψιλόν.
586 633 649 685 Ἡ
691 633 794 703 μέν
817 633 924 704 γάρ
948 632 1142 704 χρῆσις
1171 632 1326 704 κοινὴ
1374 633 1594 688 πάντων
1618 635 1788 698 ἐστὶν,
1819 633 2042 686 πλεονε-

372 719 559 774 κτοῦσι
591 720 646 773 δὲ
674 721 720 772 οἱ
756 718 1042 783 δοκοῦντες
1064 719 1245 774 αὐτῶν
1288 716 1427 773 εἶναι
1467 721 1649 794 κύριοι
1682 720 1794 775 τῶν
1827 721 1928 773 οὑκ
1955 719 2042 772 δν-

369 823 478 861 των
502 808 600 878 τὴν
624 808 763 879 ὑπὲρ
795 807 978 861 αὐτῶν
1028 808 1305 879 φροντίδα.
1337 810 1401 861 Ol
1428 810 1528 877 μὲν
1569 809 1678 882 γὰρ
1708 809 2043 864 ἀπολαύουσι

374 895 535 967 μόνον
562 896 760 961 αὐτῶν,
775 899 824 950 οἱ
849 896 907 950 δὲ
930 896 1072 967 μετὰ
1097 897 1192 950 τοῦ
1214 897 1487 952 ποιεῖσθαι
1505 899 1706 970 πολλὴν
1722 899 1820 972 τὴν
1846 897 2043 968 ἐπιμέ-

370 981 521 1038 λειαν
555 986 616 1038 τὸ
649 985 782 1039 αὐτὸ
824 984 983 1039 τοῦτο
1030 986 1391 1058 καρποῦνται,
1421 987 1450 1040 ὃ
1475 987 1614 1059 μετά
1654 987 1752 1059 τῆς
1782 986 2045 1058 ἀμελείας

371 1073 587 1128 ἐκεῖνοι.

424 1161 544 1216 Εἶθ’.
567 1164 628 1216 ΕΞ
654 1163 711 1215 δέ
734 1181 818 1228 τις
831 1165 930 1236 τὴν
949 1165 1147 1236 πολλὴν
1170 1164 1442 1236 θαυμάζοι
1461 1167 1694 1238 τρυφὴν,
1715 1161 1827 1219 οἷον
1846 1166 1907 1218 τὸ
1935 1165 2045 1218 τῶν

370 1256 870 1324 κατακοπτομένων
891 1255 1098 1326 πλῆθος
1126 1256 1330 1327 κρεῶν,
1361 1257 1462 1329 τὴν
1495 1257 1758 1329 περιττὴν
1785 1256 1880 1310 τοῦ
1899 1255 2046 1309 οἴνου

369 1338 636 1412 δαπάνην,
661 1342 771 1396 τῶν
792 1344 1228 1414 καρυκευμάτων
1269 1346 1370 1415 τὴν
1399 1346 1748 1418 περιεργίαν,
1771 1345 2045 1417 τραπεζο-

372 1429 544 1484 ποιῶν
571 1431 664 1484 καὶ
693 1431 984 1486 σιτοποιῶν
1025 1433 1224 1504 τέχνας
1265 1446 1315 1498 ι,
1356 1433 1674 1505 παρασίτων
1723 1435 1820 1488 καὶ
1866 1435 2048 1488 δαιτυ-

375 1519 554 1589 μόνων
603 1519 778 1590 δχλον,
813 1516 874 1576 εὖ
909 1521 1040 1576 ἵστω
1085 1522 1168 1575 ὅτι
1207 1522 1316 1577 τῶν
1373 1521 1653 1594 μαγείρων
1682 1521 1866 1578 αὐτῶν
1892 1520 2046 1575 οὐδὲν

370 1607 592 1679 ἄμεινον
607 1611 664 1663 ἐν
677 1612 787 1672 τοῖς
803 1608 1060 1673 τοιούτοις
1083 1611 1133 1662 οί
1157 1609 1509 1673 πλουτοῦντες
1531 1610 1851 1664 διάκεινται.
1868 1609 2049 1664 Καθά-

373 1713 480 1768 τεερ
531 1697 641 1768 γάρ
686 1699 892 1761 ἐκεῖνος
943 1698 1070 1761 τοὺς
1107 1697 1396 1763 δεσπότας,
1435 1697 1579 1751 οὕτω
1608 1697 1737 1762 τοὺς
1766 1697 2044 1770 κεκλημέ-

371 1801 497 1849 νους
543 1787 698 1840 αὐτοὶ
733 1787 1025 1851 δεδοίκασι,
1064 1787 1138 1857 μή
1179 1803 1326 1850 τινος
1359 1785 1727 1840 ἐπιλάϐωνται
1757 1786 1869 1842 τῶν
1906 1787 2048 1858 μετά

371 1873 567 1927 πολλοῦ
609 1873 776 1929 πόνου
812 1874 907 1928 καὶ
929 1873 1175 1946 δαπάνης
1211 1873 1783 1945 παρασκευασθέντων
1835 1875 2042 1937 αὐτοῖς.

373 1959 482 2015 Καὶ
514 1960 688 2032 τούτῳ
718 1962 816 2032 μὲν
838 1961 1141 2026 ἐξισοῦνται
1165 1964 1278 2026 τοῖς
1312 1963 1598 2034 μαγείροις
1631 1961 1684 2028 ι),
1721 1961 1842 2016 καθ’
1860 1962 2046 2034 ἕτερον

371 2049 427 2102 δὲ
453 2049 549 2103 καὶ
577 2050 992 2105 πλεονεκτοῦσιν
1023 2051 1202 2105 αὐτῶν
1226 2067 1240 2081 °
1276 2053 1338 2104 οὐ
1367 2052 1475 2123 γάρ
1509 2052 1670 2122 μόνον
1705 2053 2047 2123 κατηγόρους

372 2141 592 2203 ἐκεῖνοι,
632 2139 770 2192 ἀλλά
810 2141 904 2193 καὶ
959 2139 1262 2210 βασκάνους
1309 2139 1604 2194 δεδοίκασι.
1663 2141 1887 2204 Πολλοῖς
1939 2141 2045 2213 γάρ

372 2229 636 2292 πολλάκις
665 2229 773 2283 ἀπὸ
815 2229 924 2282 τῶν
951 2230 1208 2283 τοιούτων
1246 2230 1566 2301 συμποσίων
1591 2229 1785 2302 ἐτέχθη
1817 2231 2038 2301 φθόνος,

373 2318 468 2369 καὶ
526 2317 587 2370 οὑ
631 2316 897 2389 πρότερον
934 2317 1102 2389 έστη,
1145 2318 1253 2382 ἓως
1293 2316 1575 2381 κινδύνους
1617 2318 1870 2388 ἐπήγαγε
1919 2321 2056 2384 τοὺς

374 2405 655 2475 ἐσχάτους.
695 2404 855 2459 Ἀλλά
889 2404 1152 2460 σιτεῖσθαι
1175 2405 1348 2458 πολλά
1367 2405 1626 2469 πολλάκις
1639 2405 1760 2478 ἡδύ.
1792 2408 2007 2476 Ἀπαγε
2029 2425 2042 2438 ·

371 2493 501 2548 ὅταν
533 2493 890 2566 καρηϐαρίαι,
929 2493 1022 2548 καλ⁸
1051 2493 1290 2566 γαστρὸς
1316 2494 1585 2560 διάτασις,
1609 2495 1704 2548 καὶ
1736 2495 2047 2567 πνεύματος

374 2579 666 2652 ἐμφραξις,
700 2582 795 2635 καὶ
826 2582 1166 2646 σκοτοδινίαι,
1199 2583 1294 2635 καὶ
1320 2583 1543 2650 ίλιγγοι,
1579 2583 1674 2636 καὶ
1700 2582 1923 2654 ἀχλύες,
1951 2585 2046 2637 καὶ

371 2669 442 2726 τά
476 2668 559 2722 ἐτι
586 2669 790 2724 τούτων
815 2669 1138 2741 ἀτοπώτερα
1167 2669 1276 2722 ἀπὸ
1301 2670 1400 2740 τῆς
1433 2671 1647 2740 τρυφῆς
1676 2670 1881 2743 ταύτης
1910 2673 2044 2725 ἀνα-

372 2753 648 2828 ϐλαστάνῃ
672 2757 842 2811 δεινά.
882 2757 992 2812 Καὶ
1013 2757 1125 2811 είθε
1155 2757 1317 2829 μέχρι
1341 2757 1450 2810 τῶν
1475 2760 1603 2830 παρ’
1629 2759 1844 2830 ἡμέραν
1873 2759 2047 2830 λυπηο

378 2843 491 2913 ρῶν
537 2845 607 2899 τά
651 2846 748 2916 τῆς
792 2845 1181 2916 ἀσχημοσύνης
1221 2846 1438 2916 ἐκείνης
1485 2847 1581 2900 καὶ
1611 2846 1682 2900 τά
1712 2847 1812 2918 τῆς
1843 2847 2046 2919 ζημίας

372 2933 561 2986 ἵστατο
613 2933 803 3004 μόνον·
839 2933 958 2987 νυνὶ
984 2933 1042 2986 δέ
1071 2934 1129 2986 αί
1173 2932 1408 3004 μάλιστα
1441 2933 1552 2986 τῶν
1603 2933 1774 2988 νόσων
1806 2935 2046 2988 δυσίατοι

373 3021 482 3075 ἀπὸ
509 3021 618 3074 τῶν
649 3019 906 3074 τοιούτων
934 3019 1225 3091 τραπεζῶν
1247 3020 1430 3092 έχουσι
1455 3019 1554 3092 τὴν
1575 3021 1773 3093 ἀρχήν.
1806 3025 1916 3077 Καὶ
1940 3025 2046 3095 γὰρ

373 3108 678 3177 ποδαλγίαι,
716 3109 812 3162 καὶ
861 3109 1023 3178 φθόη,
1079 3109 1174 3161 καὶ⁵
1229 3108 1403 3174 νόσος,
1455 3109 1550 3162 καὶ
1579 3111 1906 3182 παράλυσις,
1955 3115 2043 3165 κα)

375 3195 546 3250 πολλά
577 3197 658 3251 ἔτι
689 3197 892 3252 τούτων
913 3197 1276 3269 χαλεπώτερα
1296 3198 1640 3252 ἀπολαϐόντα
1677 3200 1738 3253 τὸ
1769 3201 1930 3271 σῶμα
1960 3218 2048 3254 πο-

373 3283 584 3356 λιορκεῖ
604 3287 684 3349 είς
710 3285 946 3356 ἐσχάτας
973 3285 1273 3349 ἀναπνοὰς.
1297 3285 1432 3338 Τίνα
1451 3281 1545 3340 οὖν
1577 3285 1644 3340 ἀν
1665 3304 1749 3350 τις
1783 3287 1896 3359 έχοι
1927 3288 2049 3342 τού-

376 3388 483 3427 των
511 3373 840 3446 ἀντίρροπον
870 3374 979 3427 τῶν
1025 3372 1219 3430 κακῶν
1259 3373 1459 3445 ἡδονὴν
1509 3376 1719 3441 είπεῖν;
1778 3378 1938 3431 ποίαν
1990 3369 2056 3432 δὲ’

373 3461 475 3516 οὐκ
502 3461 568 3516 ἀν
593 3479 676 3526 τις
694 3462 868 3517 ἐλοιτο
895 3463 1317 3536 σκληραγωγίαν
1351 3462 1492 3535 ὑπὲρ
1520 3463 1620 3535 τῆς
1637 3464 1843 3520 τούτων
1871 3465 2050 3521 ἀπαλ-

374 3548 572 3622 λαγῆς;

427 3642 504 3696 0’.
523 3639 664 3694 Ἀλλ’
679 3644 779 3712 οὐχ
797 3643 830 3713 ὴ
853 3643 1098 3697 εὐτέλεια
1111 3643 1356 3718 τοιαύτη,
1377 3645 1515 3700 ἀλλά
1524 3646 1714 3718 πόρρω
1726 3645 1929 3700 τούτων
1945 3647 2044 3715 ἀφ·

375 3727 573 3799 έστηκε
587 3729 693 3784 τῶν
705 3731 1004 3803 δυσχερῶν,
1028 3733 1240 3802 ὑγιείας
1258 3734 1352 3788 καὶ¹
1377 3733 1592 3800 εὐεξίας
1605 3730 1738 3789 οὖσα
1761 3736 2044 3806 ποιητική.

373 3817 438 3871 Εἰ
465 3817 523 3872 δὲ
556 3820 650 3873 καὶ
677 3820 871 3893 ἡδονήν
909 3839 994 3888 τις
1026 3822 1338 3896 ἐπιζητοίη,
1374 3826 1470 3880 καὶ
1494 3825 1702 3896 ταύτην
1750 3827 1883 3895 παρ’
1906 3825 2046 3895 αὐτῇ

377 3906 600 3976 μείζονα
613 3904 777 3965 οὖσαν
800 3912 1024 3983 εὑρήσει
1047 3914 1145 3983 τῆς
1163 3914 1378 3985 τρυφῆς
1398 3932 1412 3946 ο
1445 3915 1543 3968 καὶ
1573 3915 1790 3985 πρῶτον
1817 3914 1914 3985 μὲν
1943 3915 2050 3968 ἀπὸ

373 3994 467 4047 τοῦ
489 3997 761 4068 ἐρρῶσθαι
776 4000 871 4052 καὶ
900 4001 1088 4070 μηδενὶ
1107 4001 1214 4056 τῶν
1232 4003 1420 4057 κακῶν
1442 4003 1779 4073 ἐνοχλεῖσθαι
1801 4004 2046 4067 ἐκείνων,

375 4076 453 4136 ὧν
499 4085 730 4139 ἕκαστον
760 4090 854 4141 καὶ
893 4089 1014 4143 καθ’
1067 4091 1233 4145 ἐαυτὸ
1296 4093 1479 4146 πᾶσαν
1514 4092 1703 4145 ἱκανὸν
1733 4091 1922 4145 σϐέσαι
1955 4094 2051 4146 καὶ

377 4172 681 4244 ἀνατρέψαι
707 4177 771 4228 ἐκ
800 4177 1014 4248 βάθρων
1038 4179 1230 4250 ἡδονήν
1249 4198 1260 4210 ·
1299 4181 1552 4251 δεύτερον
1598 4181 1654 4234 δὲ
1685 4181 1779 4232 καὶ
1810 4181 1915 4234 ἀπὸ
1944 4181 2050 4234 τῶν

379 4260 568 4317 σιτίων
615 4264 816 4321 αὐτῶν.
848 4267 1003 4334 Πῶς;
1039 4268 1162 4322 Ὅτι
1204 4269 1397 4340 ἡδονῆς
1431 4269 1714 4338 ποιητικὸν
1747 4269 2039 4339 ἐπιθυμία⁶

377 4349 677 4422 ἐπιθυμίαν
709 4354 765 4408 δὲ
793 4357 893 4427 οὐχ
918 4360 948 4411 6
977 4357 1156 4428 κόρος,
1191 4358 1313 4414 οὐδὲ
1352 4361 1385 4432 ἡ
1413 4358 1734 4430 πλησμονὴ,
1760 4359 1876 4412 ἀλλ’
1908 4361 1941 4430 ἡ
1966 4359 2054 4412 έν-

376 4437 495 4493 δεια
524 4441 676 4514 καὶὴ
710 4445 905 4509 σπάνις
945 4449 1112 4500 ποιεῖ.
1153 4446 1303 4519 Αὕτη
1337 4447 1393 4501 δὲ
1443 4449 1544 4502 οὑκ
1569 4449 1627 4501 ἐν
1672 4447 1906 4513 ἐκείνοις
1938 4451 2052 4514 τοῖς

381 4530 708 4600 συμποσίοις
737 4535 851 4598 τοῖς
876 4534 986 4588 τῶν
1002 4534 1398 4604 πλουτούντων,
1433 4537 1546 4590 ἀλλ’
1582 4539 1640 4594 ἐν
1667 4539 1778 4601 τοῖς
1808 4537 1918 4591 τῶν
1951 4557 2049 4592 πε-

378 4617 619 4688 νομένων
639 4622 728 4675 ἀεὶ
747 4624 1000 4694 πάρεστι,
1025 4625 1226 4690 παντὸς
1245 4628 1642 4699 τραπεζοποιοῦ
1665 4629 1762 4682 καὶ
1786 4631 2051 4699 μαγείρου

382 4709 583 4778 μᾶλλον
607 4710 975 4776 ἐπιστάζουσα
1004 4714 1138 4767 πολὺ
1177 4717 1290 4778 τοῖς
1322 4717 1703 4788 προκειμένοις
1722 4718 1785 4770 τὸ
1817 4719 1960 4789 μέλι.
1989 4720 2053 4773 Ol

381 4797 482 4866 μὲν
515 4798 623 4870 γάρ
648 4798 1007 4864 πλουτοῦντες
1031 4799 1155 4855 οὑτε
1179 4803 1476 4868 πεινῶντες
1498 4805 1759 4866 ἐσθίουσι,
1775 4809 1869 4860 καὶ
1883 4808 2054 4880 χωρὶς

377 4885 474 4940 τοῦ
505 4886 679 4958 διψεῖν
718 4889 956 4956 πίνουσι,
997 4891 1090 4943 καὶ
1116 4891 1245 4961 πρὶν
1289 4893 1534 4963 σφοδρῶς
1586 4894 1771 4957 αὐτοῖς
1803 4895 2052 4948 ἐπελθεῖν

383 4972 536 5048 1525]
566 4977 665 5047 τὴν
710 4977 958 5049 ἀνάγκην
987 4979 1080 5032 τοῦ
1109 4978 1277 5034 ὕπνου
1329 4981 1715 5035 καθεύδουσιν·
1741 4975 1885 5036 οὗτοι
1907 4983 1962 5036 δέ
1995 4985 2052 5040 ἐν

378 5065 538 5138 χρείᾳ
568 5066 772 5121 τούτων
796 5065 1188 5139 καθιστάμενοι
1217 5069 1478 5141 πρότερον
1493 5069 1666 5135 οὑτως
1689 5070 1869 5125 αὐτῶν
1927 5089 2053 5142 μετ-

379 5156 626 5223 έχουσινο
661 5155 690 5208 δ
715 5155 953 5226 μάλιστα
989 5156 1205 5212 πάντων
1234 5156 1386 5224 αὔξει
1413 5157 1483 5211 τά
1505 5158 1603 5230 τῆς
1623 5158 1836 5229 ἡδονῆς.
1873 5159 1970 5214 Διά
2000 5160 2052 5212 τί

381 5240 512 5312 γάρ,
561 5244 682 5297 είπέ
733 5263 844 5314 μοι,
879 5245 974 5298 καὶ
1019 5247 1048 5299 6
1095 5245 1350 5317 Σολομὼν
1383 5246 1476 5300 τὸν
1505 5245 1672 5300 ὕπνον
1725 5247 1817 5300 τοῦ
1865 5246 2051 5300 δούλου

385 5329 552 5399 φησὶν
567 5326 706 5384 εἶναι
722 5333 871 5401 ἡδὺν,
886 5333 1087 5386 οὑτωσὶ
1106 5334 1304 5404 λέγων,
1331 5335 1505 5400 Ἠδὺς
1524 5336 1710 5401 ὕπνος
1733 5333 1812 5398 τῷ
1831 5335 2052 5403 δούλῳ,

385 5416 464 5470 ἄν
494 5433 554 5470 τε
580 5417 760 5482 πολὺ,
788 5419 865 5473 ἄν
891 5436 956 5474 τε
980 5421 1189 5491 ὀλίγον
1214 5423 1416 5492 φάγῃς
1460 5419 1610 5495 *Αρα
1634 5423 1723 5476 διὰ
1753 5423 1850 5495 τὴν
1888 5441 2056 5494 στρωο

389 5505 532 5574 μνὴν
563 5505 663 5574 τὴν
689 5505 941 5576 ἀπαλήνς
966 5508 1077 5562 Καὶ
1103 5509 1208 5580 μὴν
1243 5510 1338 5563 ἐπὶ
1369 5511 1651 5582 ἐδάφουςῆ
1682 5513 1773 5564 ἐπὶ
1805 5511 2057 5575 στιϐάδος

385 5592 436 5644 οί
469 5590 690 5655 πλείους
741 5594 1117 5650 καθεύδουσιν.
1170 5596 1334 5652 Ἀλλά
1369 5597 1458 5651 διά
1493 5599 1595 5671 τὴν
1639 5601 1858 5662 ἀδειαν;
1913 5599 2056 5653 Ἀλλ’

385 5679 510 5735 οὑδέ
545 5683 752 5752 μικρᾶς
785 5681 982 5754 καιροῦ
1021 5683 1194 5755 ῥοπῆς
1223 5687 1330 5740 είσι
1377 5685 1578 5759 κύριοι.
1623 5688 1784 5741 Ἀλλά
1831 5687 1921 5742 διὰ
1959 5687 2056 5759 τὴν

395 5766 714 5846 ῥᾳστώνηνς
756 5771 896 5824 Ἀλλ’
923 5773 985 5826 οὐ
1015 5772 1438 5844 διαλιμπάνουσι
1479 5777 1698 5847 μόχθοις
1729 5779 2056 5850 κοπτόμενοι

451 5895 479 5964 ξ
502 5897 626 5964 Beg.
649 5901 904 5964 σιτοποιῶν
927 5901 1266 5964 καὶ-μαγείρων
1287 5903 1469 5963 τέχνας.

455 5954 484 6003 δ
505 5954 630 6023 Rei.
654 5961 750 6019 τοῖς
772 5963 990 6024 οἰκέταις,
1017 5954 1187 6013 Βοίεὶί
1216 5969 1268 6014 el
1289 5954 1453 6015 διίῖῖίιί
1464 5964 1561 6024 τοῖς
1585 5965 1834 6032 μαγείροις.

2143 3003 2392 3082 ’συμϐαίη
2424 3011 2567 3063 κατά
2598 3009 2920 3082 περίστασίν
2954 3026 3076 3063 τινα
3105 3008 3198 3062 καὶ
3228 3008 3489 3078 ἀνάγκην
3520 3008 3792 3080 Rapui/fai-

1194 336 1250 392 s.
1291 335 1578 394 JOANNIS
1615 335 2114 397 cumsosmm
2149 337 2475 397 ARCHIEP.
2514 337 3069 398 consummor.
3713 339 3777 395 εει
3842 285 3844 366 ε

2143 454 2240 509 καὶ
2268 457 2684 529 ταλαιπωρίαις.
2710 458 2777 510 Τί
2806 458 2924 510 ποτ’
2952 448 3046 510 οῦν
3085 457 3203 508 ἐστι
3232 453 3293 507 τὸ
3326 453 3520 508 ποιοῦν
3539 453 3636 507 τὸν
3661 452 3777 510 ﬁrm
3842 461 3844 529 ξ

2147 544 2354 616 ἡδὺν,ἢ
2385 545 2448 598 τὸ
2466 545 2733 616 πρότερον
2763 547 2840 608 είς
2869 544 3060 616 χρείαν
3083 554 3105 583 ο
3135 543 3519 605 καταστάντας
3538 540 3782 604 οῦτωςεύ-

2147 631 2241 684 τοῦ
2267 632 2741 703 μεταλαμϐάνειν;
2776 633 2918 695 Τοὺς
2964 632 3023 685 δὲ
3064 630 3436 694 πλουτοῦντας
3473 629 3542 684 ἂν
3579 629 3661 700 μὴ
3689 632 3780 702 μέθῃ

2151 718 2546 788 βαπτισθέντας
2564 721 2598 790 ἡ
2622 720 2721 786 νὺξ
2738 719 3044 792 καταλάϐῃ,
3082 718 3299 788 ἀνάγκη
3327 718 3638 780 διαπαντὸς
3663 718 3780 787 ἀγρι-

2150 809 2302 860 πνεῖν
2352 807 2447 861 καὶ
2485 807 2915 880 ἐπιστρέφεσθαι
2941 808 3038 862 καὶ
3071 807 3256 862 ἀλύειν
3285 807 3380 860 ἐπὶ
3410 807 3523 860 τῶν

2150 895 2435 964 κειμένους
2463 896 2820 967 στρωμάτων.

2221 983 2342 1036 OA'.
2379 983 2535 1054 Ἐνῆν
2559 984 2654 1037 καὶ
2671 983 2938 1055 ἑτέρωθεν
2963 983 3132 1048 δεῖξαι
3160 984 3257 1054 τῆς
3277 984 3495 1055 τρυφῆς
3512 981 3622 1053 τὴν
3640 982 3783 1051 ἀηδῇν

2151 1073 2245 1126 καὶ
2301 1073 2402 1143 τὴν
2455 1071 2661 1144 ζημίαν
2699 1073 2794 1126 καὶ
2849 1071 2948 1144 τὴν
2999 1072 3425 1144 ἀσχημοσύνην,
3485 1072 3592 1134 τάς
3644 1071 3782 1130 νόσους

2151 1159 2516 1230 καταλέγοντα
2569 1163 2702 1225 ὅσας
2777 1159 3251 1232 ὲναπομόργνυται
3303 1163 3371 1231 τῇ
3431 1159 3592 1229 ψυχῇ

2149 1249 2368 1313 πλείους
2427 1249 2522 1303 καὶ
2572 1248 2964 1320 χαλεπωτέρας
2999 1246 3166 1312 οῦσας
3188 1247 3294 1301 τῶν
3329 1244 3674 1316 σωματικῶν
3713 1246 3783 1296 Καὶ

2151 1336 2261 1408 γάρ
2288 1337 2584 1407 μαλακοὺς,
2621 1337 2717 1389 καὶ
2739 1336 3054 1406 ἀνάνδρους,
3084 1337 3180 1389 καὶ
3218 1336 3480 1406 θρασεῖς,“
3499 1335 3605 1387 καί
3635 1333 3785 1394 ἀλαζό-

2153 1442 2275 1491 νας,
2299 1427 2395 1479 καὶ
2433 1425 2704 1494 ἀσελγεῖς,
2741 1425 2834 1478 καὶ
2871 1420 3153 1495 ὑϐριστὰς,
3193 1425 3290 1477 καὶ
3325 1424 3695 1485 ἀκολάστους,
3724 1425 3786 1473 καὶ

2154 1513 2503 1585 ἀκροχόλους,
2537 1513 2632 1566 καὶ
2678 1512 2884 1582 ὠμοὺς,
2916 1513 3012 1564 καὶ
3038 1512 3302 1580 ἀγεννεῖς,
3332 1511 3425 1564 καὶ
3465 1511 3784 1575 πλεονέκτας,

2152 1602 2248 1656 καὶ
2277 1601 2687 1672 δουλοπρεπεῖς,
2723 1601 2816 1654 καὶ
2846 1600 2981 1670 πρὸς
3006 1600 3150 1652 ἆπαν
3180 1602 3353 1653 εἰπεῖν
3383 1599 3496 1652 τῶν
3531 1600 3782 1669 χρησίμων

2151 1689 2246 1742 καὶ
2260 1689 2572 1756 ἀναγκαίων
2589 1689 2896 1760 ἀχρήστους
2912 1689 3252 1758 καθίστησιν·
3269 1681 3344 1741 ὧν
3361 1687 3638 1740 τάναντία
3662 1687 3786 1741 πάππε

2151 1777 2184 1846 ἡ
2215 1777 2516 1847 αὐτάρκεια
2542 1778 2706 1829 ποιεῖ.
2751 1774 2910 1829 Ἀλλά
2939 1774 3036 1828 νῦν
3073 1775 3211 1846 πρὸς
3227 1773 3413 1846 ἕτερον
3449 1774 3593 1844 ἡμῖν
3622 1776 3654 1828 6
3676 1775 3786 1841 λόγος

2151 1863 2471 1930 ἐπείγεται·
2509 1863 2590 1917 διὸ
2619 1863 2779 1935 μόνον
2803 1864 2980 1916 ἐκεῖνο
3018 1861 3346 1932 προσθέντες
3386 1861 3506 1916 τῶν
3535 1862 3786 1916 (11:03:01:-

2151 1950 2264 2003 κῶν
2295 1951 2458 2005 πάλιν
2477 1950 2745 2022 ἁψώμεθα
2773 1951 3053 2022 ῥημάτων.
3085 1951 3146 2003 El
3171 1949 3281 2021 γάρ
3309 1951 3377 2004 τά
3390 1949 3671 2004 δοκοῦντα
3692 1947 3787 2003 εἶναι

2144 2037 2367 2121 ¹ζηλωτά
2395 2039 2662 2092 τοσούτων
2698 2039 2858 2109 γέμει
2892 2037 3098 2096 κακῶν,
3134 2039 3229 2091 καὶ
3275 2037 3540 2091 τοσοῦτον
3586 2039 3784 2109 τῇψυχῇ

2153 2127 2245 2180 καὶ
2264 2126 2341 2198 τῷ
2368 2127 2579 2198 σώματι
2608 2127 2700 2181 τὸν
2731 2127 2948 2196 νιφετὸν
2977 2125 3175 2194 ἐπάγει
3202 2125 3311 2180 τῶν
3335 2126 3695 2196 νοσημάτων,

2150 2213 2219 2269 τά
2261 2215 2483 2287 λυπηρά
2528 2215 2804 2287 θήσομεν;
2855 2208 2967 2268 οἷον
3017 2214 3294 2286 ἀρχόντων
3352 2213 3603 2283 φόϐους,
3649 2215 3786 2284 δήμων

2149 2304 2348 2374 ὁρμὰς,
2373 2304 2725 2373 συκοφαντῶν
2745 2303 2839 2358 καὶ
2863 2302 3149 2374 βασκάνων
3177 2301 3474 2366 ἐπιϐουλάς
3497 2320 3511 2332 ο
3531 2301 3570 2356 ἃ
3604 2303 3789 2372 μάλιστι

2149 2392 2276 2456 τοὺς
2305 2392 2672 2456 πλουτοῦντας
2708 2389 3201 2463 περιστοιχίζεται·
3248 2393 3306 2443 ἐν
3345 2384 3428 2454 οἷς
3463 2391 3568 2443 καὶ
3595 2392 3688 2453 τὰς
3722 2409 3788 2457 τέο

2151 2484 2342 2544 ναῖκας
2375 2480 2635 2551 μειζόνως
2652 2479 2760 2534 τῶν
2791 2479 2976 2534 κακῶν
2998 2479 3210 2549 ἀνάγκη
3247 2481 3533 2532 κοινωνεῖν
3551 2478 3647 2533 διὰ
3670 2480 3719 2531 τὸ
3737 2482 3786 2548 μὴ

2154 2569 2410 2638 γενναίως
2434 2569 2533 2632 τάς
2557 2567 2815 2633 τοιαύτας
2843 2569 3028 2640 φέρειν
3057 2565 3383 2639 μεταϐολάς.

2205 2658 2323 2711 ΟΒ¹.
2344 2659 2451 2711 Καὶ
2479 2658 2532 2711 τί
2555 2657 2697 2725 λέγω
2717 2659 2982 2726 γυναῖκας
3000 2673 3015 2723 ;
3038 2655 3263 2727 καὶγὰρ
3281 2655 3437 2709 αὐτοὶ
3457 2657 3511 2709 οἱ
3534 2656 3718 2727 ἀνδρες
3731 2673 3789 2709 τε»

2149 2744 2444 2816 Ααιπὼρως
2472 2746 2578 2799 ὑπὸ
2602 2745 2712 2799 τῶν
2733 2745 2990 2798 τοιούτων
3023 2744 3360 2799 ἁλίσκονται.
3405 2743 3466 2797 '0
3502 2745 3609 2814 μέν
3639 2746 3733 2815 γάρ
3754 2747 3790 2796 ἐν

2157 2833 2451 2906 αὐταρκείᾳ
2485 2833 2592 2898 ζῶν
2617 2833 2872 2905 οὐδεμίαν
2916 2833 3266 2903 μετάπτωσιν
3319 2831 3568 2885 δέδοικεν
3592 2851 3608 2863 ο
3639 2836 3666 2886 ὀ
3683 2833 3730 2884 δέ
3753 2834 3789 2884 ὲν

2150 2922 2344 2992 ἐκείνῳ
2361 2921 2439 2992 τῷ
2465 2921 2616 2993 ὑγρῷ
2635 2921 2728 2973 καὶ
2749 2919 3126 2992 διακεχυμένῳ
3143 2919 3241 2990 βίῳ
3262 2919 3631 2990 δαπανηθεὶς,
3646 2921 3788 2972 εἴποτε

2151 3113 2237 3152 ναι
2265 3099 2448 3170 πενίᾳ,
2471 3097 2791 3169 τεθνήξεται
2819 3097 3084 3169 πρότερον
3116 3095 3148 3167 ἢ
3182 3095 3389 3168 ταύτην
3423 3096 3570 3149 οῐσει
3616 3097 3706 3166 τὴν
3730 3113 3795 3163 μεθ

2148 3186 2403 3257 ταϐολὴν,
2438 3185 2525 3240 διὰ
2549 3185 2609 3238 τὸ
2637 3185 2971 3257 ἀμελέτητον
2998 3185 3093 3238 καὶ
3126 3183 3629 3255 ἀγύμναστον.Διά
3661 3182 3793 3236 ταῦτα

2148 3276 2176 3329 6
2211 3274 2476 3346 μακάριος
2527 3272 2740 3338 Παῦλος
2773 3273 2926 3341 ἔλεγε
2948 3289 2960 3302 ·
2993 3271 3214 3341 Θλῖψιν
3253 3269 3331 3342 τῇ
3355 3272 3542 3340 σαρκὶ
3580 3272 3793 3336 ἕξοιμι-ιτ
3842 3283 3844 3346 ι

2149 3368 2202 3420 οι
2237 3361 2492 3417 τοιοῦτοι
2512 3378 2527 3392 ο
2565 3360 2680 3432 ἐγὼ
2702 3361 2771 3414 δὲ
2807 3359 2980 3430 ὑμῶν
3005 3359 3298 3430 φείδομαι.
3331 3355 3468 3412 Εἶτα
3503 3360 3647 3430 μετὰ
3677 3359 3794 3412 τοῦτο

2150 3466 2345 3523 φησιν·
2386 3451 2449 3504 '0
2491 3449 2696 3518 καιρὸς
2733 3447 3231 3518 συνεσταλμένος
3262 3449 3329 3501 τὸ
3380 3449 3617 3502 λοιπόν
3641 3449 3796 3502 ἐστιν.

2222 3539 2341 3594 01".
2375 3539 2486 3595 Καὶ
2508 3539 2563 3592 τί
2593 3537 2752 3592 τοῦτο
2776 3537 2911 3609 πρὸς
2932 3537 3023 3591 τὸν
3051 3537 3266 3608 γάμονς
3302 3537 3434 3600 ἴσως
3467 3535 3541 3589 ἂν
3563 3536 3701 3589 εἴποι
3723 3552 3796 3597 τις.
3842 3577 3844 3614 ε

2154 3621 2268 3677 Καὶ
2281 3623 2488 3694 σφόδρα
2505 3622 2602 3694 μὲν
2626 3618 2719 3677 οὖν
2741 3621 2878 3693 πρὸς
2891 3621 3072 3674 αὑτόν.
3091 3621 3152 3674 Et
3169 3619 3279 3689 γάρ
3308 3621 3366 3672 ἐν
3388 3618 3468 3690 τῷ
3493 3621 3718 3690 παρόντι
3731 3619 3800 3686 ᾖξε
3842 3623 3844 3652 ⁵

2154 3704 2592 3774 συγκέκλεισται,
2625 3705 2682 3757 ἐν
2711 3702 2768 3756 δὲ
2801 3700 2878 3772 τῷ
2933 3701 3180 3772 μέλλοντι
3230 3698 3354 3754 οὔτε
3393 3701 3676 3770 γαμοῦσιν
3707 3699 3798 3752 οὔτε

2152 3785 2494 3856 γαμίζονται,
2523 3786 2552 3838 6
2576 3783 2633 3837 δέ
2658 3780 2847 3855 παρὼν
2872 3783 3066 3853 καιρὸς
3095 3780 3232 3852 πρὸς
3257 3780 3321 3832 τὸ
3345 3779 3507 3845 τέλος
3529 3781 3798 3848 ἐπείγεται,
3842 3803 3844 3854 ;

2153 3865 2246 3918 καὶ
2276 3863 2369 3917 ἐπὶ
2397 3862 2591 3933 θύραις
2622 3860 2694 3914 τά
2719 3861 2822 3928 τῆς
2849 3860 3200 3922 ἀναστάσεως
3226 3858 3490 3929 ἕστηκεν,
3545 3860 3609 3912 οὑ
3637 3861 3802 3928 γάμων
3842 3865 3844 3934 ἦ

2153 3947 2344 4018 καιρὸς
2370 3944 2490 3999 οὐδὲ
2515 3942 2828 4014 κτημάτων.
2861 3939 2975 3994 ἀλλ’
2996 3940 3203 4004 ἐνδείας
3226 3939 3447 4008 καὶτῆς
3483 3939 3657 4009 ἄλλης
3683 3940 3800 4007 φιλο·
3842 3965 3844 4010 ς

2155 4025 2345 4095 σοφίας
2374 4024 2592 4094 ἀπάσης
2623 4023 2725 4092 τῆς
2779 4022 2896 4074 ἐκεῖ
2939 4021 3390 4090 χρησιμευοὺσης
3428 4021 3589 4090 ἡμῖν.
3626 4020 3803 4085 Ὅπερ

2153 4103 2261 4174 γάρ
2292 4105 2325 4174 ὴ
2349 4101 2618 4173 παρθένος
2645 4100 2760 4180 ἕως
2778 4099 2876 4180 μὲν
2896 4097 2962 4180 ἂν
2977 4099 3114 4154 οἴκοι
3142 4099 3278 4169 μένῃ
3308 4097 3448 4167 μετά
3477 4097 3579 4167 τῆς
3611 4098 3802 4180 μητρὸς.
3842 4133 3844 4180 i

2154 4181 2353 4253 πολλὴν
2396 4181 2504 4235 τῶν
2537 4177 2802 4234 παιδικῶν
2837 4177 3092 4231 ἁπάντων
3135 4180 3370 4229 ποιεῖται
3426 4176 3712 4245 φροντίδα,
3737 4179 3804 4226 ηε
3842 4176 3844 4208 ;

2153 4259 2404 4315 κιϐώτιον
2429 4262 2487 4313 ἐν
2516 4258 2592 4330 τῷ
2635 4256 2870 4328 ταμιείῳ
2925 4254 3274 4326 καταθεμένη
3318 4254 3428 4306 τῶν
3450 4254 3806 4324 ἀποκειμένεέν

2155 4342 2289 4405 ἐκεῖ,
2341 4341 2434 4394 καὶ
2470 4339 2570 4411 τὴν
2604 4337 2752 4391 κλεῖν
2781 4336 2920 4408 αὑτὴ
2972 4335 3256 4406 κέκτηται,
3299 4334 3395 4387 καὶ
3437 4332 3541 4404 τὴν
3585 4333 3804 4411 ἐξουσίτε
3842 4333 3844 4338 ’

2155 4421 2372 4474 ἅπασαν
2404 4409 2538 4490 ἔχει,
2567 4419 2661 4472 καὶ
2687 4415 2957 4486 τοσαύτην
2991 4415 3132 4485 ὑπὲρ
3162 4413 3263 4483 τῆς
3291 4412 3402 4466 τῶν
3429 4411 3654 4483 μικρῶν
3686 4409 3806 4463 Etsi-

2154 4516 2260 4553 νων
2315 4500 2411 4552 καὶ
2459 4497 2678 4568 φαύλων
2714 4495 2862 4569 [526]
2895 4493 3144 4564 φυλακῆς
3171 4491 3496 4562 ἀναδέχεται
3534 4491 3804 4560 μέριμναν.

2154 4580 2286 4648 ὅσην
2320 4579 2370 4630 οἱ
2411 4577 2511 4641 τὰς
2546 4575 2786 4647 μεγάλας
2833 4574 3321 4645 ἐπιτροπεύοντεςο
3356 4571 3577 4625 ἐπειδὰν
3615 4570 3675 4623 δέ
3701 4583 3808 4648 μνε-

2157 4645 2441 4711 στεύεσθαι
2478 4645 2574 4730 δέη
2620 4656 2712 4710 καὶ
2741 4655 2769 4707 ὁ
2799 4653 2893 4708 τοῦ
2939 4653 3122 4723 γάμου
3169 4652 3365 4721 καιρὸς
3411 4650 3704 4718 ἀναγκάζῃ
3725 4645 3806 4730 τῇ

2156 4738 2414 4810 πατρῴαν
2470 4727 2648 4790 οίκίαν
2695 4737 2939 4805 ἀφεῖναι,
2991 4733 3113 4786 τότε
3165 4733 3265 4802 τῆς
3301 4730 3585 4792 εὐτελείας
3621 4727 3806 4810 ἐκείνῖς

2156 4805 2528 4884 ἀπαλλαγεῖσα
2568 4817 2662 4869 καὶ
2691 4815 2791 4885 τῆς
2822 4812 3233 4882 ταπεινότητος,
3269 4810 3447 4874 οἰκίας
3475 4805 3807 4885 προστασίας.

2156 4899 2249 4951 καὶ
2281 4897 2575 4968 κτημάτων
2599 4895 2693 4948 καὶ
2723 4884 3071 4964 ἀνδραπόδων
3121 4890 3342 4959 πλῆθος,
3383 4890 3478 4942 καὶ
3511 4887 3711 4956 ἀνδρὸς
3742 4884 3807 4968 Θξο

2159 4963 2420 5049 ραπείαν,
2473 4975 2569 5029 καὶ
2624 4975 2692 5052 τά
2745 4963 2880 5027 ἄλλα
2925 4973 2993 5026 τὰ
3030 4969 3242 5052 τούτων
3277 4969 3506 5052 μείζονα
3534 4963 3810 5052 *μεριμνξι

2157 5047 2557 5126 ἀναγκάζεται·
2588 5051 2732 5106 οὕτω
2761 5052 2857 5106 καὶ
2886 5053 3033 5123 ἡμᾶς
3069 5050 3196 5122 χρὴ,
3229 5049 3421 5120 ἐπειδὴ
3455 5049 3598 5118 πρὸς
3631 5047 3721 5126 τὶν
3744 5047 3810 5126 τες

2155 5121 2296 5190 λειον
2326 5136 2569 5206 ἀγόμεθα
2601 5135 2713 5204 βίον
2741 5133 2836 5186 καὶ
2860 5121 2952 5184 τὸν
2973 5131 3201 5201 ἀνδράσι
3236 5131 3616 5200 προσήκοντα,
3649 5125 3714 5177 τά

2155 5218 2256 5286 τῆς
2289 5219 2392 5286 γῆς
2425 5217 2604 5270 πάντα
2639 5213 2879 5282 ἀφέντας
2911 5213 2979 5264 τὰ
3023 5211 3194 5275 ὅντως
3248 5210 3479 5263 παιδικά
3517 5207 3810 5286 {16-69917}.

2158 5283 2524 5366 φαντάζεσθαι
2556 5293 2648 5346 τὸν
2698 5291 2928 5363 οὐρανὸν
2974 5291 3067 5344 καὶ
3096 5291 3195 5360 τῆς
3243 5290 3362 5342 ἐκεῖ
3399 5285 3693 5366 διατριϐῆς

2156 5363 2515 5447 λαμπρότητα
2552 5373 2647 5426 καὶ
2681 5371 2778 5442 τὴν
2809 5369 2966 5436 δόξαν
3009 5369 3248 5423 ἃπασαν.
3291 5365 3689 5447 Ἦρμὸσθημεν

2157 5443 2250 5511 καξι
2296 5443 2456 5527 ἡμεῖς
2497 5453 2717 5524 νυμφίῳ
2754 5448 2928 5513 οὑτως
2975 5447 3230 5520 ζητοῦντι
3256 5449 3389 5518 παρ’
3414 5446 3574 5517 ἡμῶν
3616 5443 3808 5527 ἀγαπᾷ-

2158 5523 2405 5601 σθαιίῶς
2431 5536 2505 5606 μὴ
2537 5523 2644 5586 τῶν
2669 5533 2726 5584 ἐν
2747 5534 2812 5601 τῇ
2837 5533 2908 5601 γῇ
2943 5531 3123 5600 μόνον,
3151 5528 3285 5600 μηδέ
3320 5527 3426 5580 τῶν
3457 5523 3684 5606 μικρῶν
3715 5523 3811 5606 τι.-

2157 5637 2266 5672 των
2286 5617 2380 5671 καὶ
2407 5600 2662 5676 εὐτελῶν,
2696 5600 2832 5664 ἀλλά
2860 5600 3070 5677 καὶτῆς
3101 5609 3280 5679 ψυχῆς
3304 5606 3470 5677 αὐτῆς
3497 5600 3814 5666 ἀφίσταςεις

2156 5699 2222 5754 δι’
2253 5697 2433 5761 αὐτὸν,
2460 5695 2588 5748 ὅταν
2610 5692 2726 5766 δέῃ.
2779 5688 2934 5742 Ἐπεὶ
2961 5683 3054 5742 οὖν
3091 5689 3208 5742 ἐκεῖ
3239 5687 3424 5741 λοιπὸν
3455 5685 3682 5766 ἀπιέναι
3709 5681 3813 5766 χρξ..

2159 5775 2556 5844 ἀπαλλάξωμεν
2582 5761 2806 5831 ἑαυτοὺς
2836 5767 2938 5838 τῆς
2970 5768 3248 5841 φροντίδος
3274 5768 3376 5837 τῆς
3404 5764 3682 5832 εὐτελοῦς.
3703 5761 3814 5816 035':

2064 5903 2069 5909 .
2162 5865 2271 5936 γὰρ
2297 5863 2374 5924 είς
2400 5856 2674 5930 βασιλείαν
2708 5852 3062 5924 μεθίστασθαι
3095 5852 3381 5924 μέλλοντες
3414 5849 3518 5905 ἀπὸ
3572 5847 3816 5915 azyma;-

2229 5966 2250 5996 θ
2277 5961 2396 6025 Reg.
2421 5960 2563 6019 ἡδύν;
2586 5961 2629 6008 οἱ
2651 5957 2804 6007 πόνοι.
2825 5954 2905 6002 καὶ
2930 5954 2983 6003 τὸ
3010 5954 3236 6022 πρότερον
3257 5956 3322 6012 είς
3340 5952 3509 6019 χρείαν.
