3844 6260
121 305 226 362 585

114 421 276 482 gente
296 423 351 470 et
372 429 523 483 auro,
556 417 648 473 sed
671 417 721 472 in
754 418 958 476 balneis
987 435 1219 491 quoque,
1251 421 1442 488 hortis,
1474 424 1697 490 aedibus,

117 503 289 560 Meum
316 516 369 561 et
395 522 501 562 non
520 522 720 576 meum,
746 510 906 564 verba
934 512 1105 565 solum
1137 528 1281 568 mera
1308 512 1698 584 deprehendas.

114 595 247 649 Nam
272 612 400 652 usus
419 599 665 654 omnibus
694 603 993 656 communis
1017 613 1129 656 est:
1157 612 1359 658 tantum
1384 604 1475 675 qui
1499 605 1701 661 domini

116 688 414 755 videantur,
444 689 546 745 hoc
576 692 694 761 plus
718 692 916 748 habent
941 711 1098 763 quam
1121 696 1209 765 qui
1232 711 1337 750 nou
1365 698 1493 763 sint,
1512 712 1699 751 eorum

115 780 330 849 inquam
351 796 555 836 curam.
579 782 642 836 Hi
667 785 808 837 enim
836 781 1084 838 fruuntur
1105 794 1337 853 tantum;
1366 786 1437 840 illi
1457 784 1699 842 adhibito

111 872 298 937 grandi
328 872 506 927 studio
528 874 857 930 tantumdem
881 887 1301 946 consequuntur,
1341 888 1599 949 quantum
1641 879 1697 935 hi

112 965 246 1018 citra
270 966 526 1021 studium.

186 1057 369 1111 LXIX.
412 1060 746 1131 Sumptuosas
760 1078 957 1117 mensas
975 1079 1173 1134 magna:
1194 1064 1509 1120 insuavitatis
1524 1065 1700 1136 plenas

115 1166 238 1211 esse,
266 1181 334 1189 —
361 1150 512 1218 Quod
555 1152 598 1205 si
636 1153 756 1222 quis
787 1170 1021 1209 summas
1050 1155 1273 1211 delicias
1300 1157 1542 1223 miretur,
1574 1167 1695 1229 puta

112 1245 444 1297 concisarum
467 1247 704 1299 carnium
729 1248 1140 1317 multitudinem,
1162 1250 1400 1307 inutilem
1422 1252 1529 1306 vini
1554 1267 1702 1306 sum-

106 1345 281 1403 ptum,
313 1336 576 1406 exquisita
605 1339 966 1405 condimenta,
1009 1350 1332 1397 structorum
1360 1358 1458 1398 seu
1484 1359 1699 1400 mensa-

107 1428 315 1479 riorum
346 1436 399 1482 et
432 1429 686 1496 pistorum
709 1431 725 1461 ί
771 1432 1014 1497 artiﬁcia,
1058 1434 1411 1502 parasitorum
1441 1445 1496 1489 et
1519 1437 1701 1491 convi-

108 1532 300 1571 varum
330 1518 558 1584 turbam,
581 1520 734 1585 sciat,
767 1521 956 1578 divites
978 1523 1030 1577 in
1060 1523 1142 1579 his
1164 1525 1332 1579 nihilo
1349 1528 1553 1582 meliori
1576 1543 1699 1583 esse

104 1609 232 1664 loco
251 1625 408 1679 quam
435 1626 654 1680 coquos.
681 1612 812 1667 Nam
841 1624 899 1669 ut
922 1615 973 1669 hi
998 1615 1267 1681 dominos,
1299 1617 1377 1673 sic
1416 1619 1488 1674 illi
1518 1619 1700 1689 hospi-

104 1710 191 1754 tes
223 1711 494 1768 verentur,
525 1719 593 1756 ne
620 1704 745 1773 quid
784 1721 971 1761 eorum
1012 1723 1131 1777 qua:
1177 1723 1403 1778 Operose
1447 1719 1502 1766 et
1547 1726 1699 1765 sum-

104 1803 304 1861 ptuose
329 1795 391 1849 iis
419 1806 666 1865 apparata
685 1798 811 1865 sint,
840 1799 1231 1868 reprehendant
1258 1810 1313 1856 et
1339 1812 1577 1873 carpant.
1602 1809 1699 1860 At-

103 1898 216 1952 que
246 1883 344 1938 hac
374 1885 422 1938 in
456 1896 601 1954 parte
639 1890 861 1959 coquis'
890 1902 1238 1961 exaaquantur
1265 1912 1278 1947 :
1312 1893 1363 1948 in
1402 1895 1505 1949 alia
1536 1897 1697 1951 etiam

103 1983 389 2043 superant.
420 1975 601 2048 Neque
627 1980 770 2034 enim
796 1981 968 2035 solum
1013 1992 1372 2051 accusatores,
1404 1986 1498 2041 sed
1526 2002 1697 2042 temu-

104 2066 191 2119 los
217 2066 379 2121 etiam
409 2069 629 2123 timent:
664 2072 922 2142 siquidem
954 2075 1135 2129 multis
1163 2091 1306 2145 smpe
1341 2093 1407 2132 ex
1434 2077 1695 2148 ejusmodi

102 2158 370 2214 conviviis
415 2160 607 2215 invidia
637 2173 813 2218 creata
855 2172 957 2231 est,
1003 2181 1102 2220 nec
1127 2175 1251 2221 ante
1289 2167 1513 2233 destitit,
1538 2186 1695 2240 quam

102 2264 203 2304 eos
247 2250 300 2303 in
338 2253 523 2321 capitis
553 2256 842 2323 periculum
881 2258 1117 2313 adduxit.
1169 2261 1240 2314 At
1288 2260 1509 2318 helluari
1557 2280 1699 2335 serpe

102 2354 277 2395 suave
301 2352 405 2396 est.
430 2344 720 2414 Apagesis:
752 2349 966 2417 quando
985 2364 1053 2404 ex
1074 2350 1177 2405 hoc
1204 2352 1326 2406 luxu
1356 2362 1411 2408 et
1438 2357 1693 2425 gravedo,

102 2445 156 2487 et
187 2438 394 2489 ventris
411 2438 665 2503 obesitas,
683 2448 738 2495 et
758 2441 975 2509 spiritus
999 2443 1313 2513 obstructio,
1344 2455 1399 2501 et
1421 2448 1696 2503 oculorum

102 2528 434 2596 obscuritas,
464 2539 521 2585 et
546 2534 770 2602 vertigo,
810 2542 866 2589 et
912 2536 1102 2606 caligo,
1146 2537 1357 2609 aliaque
1402 2539 1490 2597 his
1535 2544 1695 2597 etiam

105 2619 337 2673 [mdium
367 2622 502 2675 mala
530 2623 808 2692 pullulant.
840 2627 1012 2697 Atque
1039 2629 1242 2683 utinam
1275 2645 1338 2686 ea
1368 2631 1696 2688 immodera-

105 2712 182 2764 tio
209 2727 279 2766 ac
313 2712 522 2781 jactura
566 2718 886 2786 quotidianis
926 2728 1128 2775 tantum
1158 2722 1434 2780 doloribus
1463 2727 1695 2782 circum-

101 2805 308 2874 scripta
337 2807 443 2860 sit:
474 2824 615 2865 nunc
642 2811 812 2866 morbi
843 2811 953 2868 fere
980 2814 1299 2870 iueurabiles
1333 2831 1400 2871 ex
1430 2817 1514 2873 his
1540 2834 1695 2875 men-

98 2895 177 2949 sis
227 2898 492 2966 originem
540 2900 787 2966 trahunt;
819 2919 942 2957 nam
972 2911 1028 2959 et
1055 2904 1311 2976 podagra,
1356 2917 1413 2963 et
1442 2908 1612 2977 tabes,
1643 2922 1698 2966 et

98 3002 263 3042 sacer
290 2990 528 3057 morbus,
558 3001 612 3046 et
656 2994 933 3065 paralysis,
964 2997 1236 3068 multaque
1278 3000 1363 3055 his
1387 3001 1547 3056 etiam
1575 3018 1696 3072 gra-

95 3081 253 3134 viora
284 3096 483 3151 corpus
522 3098 770 3155 aggressa
818 3086 885 3141 ad
926 3097 1223 3145 extremum
1266 3092 1509 3161 spiritum
1558 3096 1695 3151 infe-

95 3182 268 3226 stant.
300 3175 505 3240 Quibus
536 3176 689 3231 malis
718 3193 835 3247 quae
880 3194 975 3248 par
1011 3181 1263 3250 explicari
1292 3185 1536 3254 voluptas
1566 3202 1693 3256 pos-

91 3265 208 3317 sit?
234 3280 360 3334 qua:
389 3281 495 3320 non
522 3268 641 3322 vita:
664 3268 886 3326 durities
909 3270 974 3325 ad
998 3285 1184 3327 eorum
1214 3272 1465 3344 eﬁ'u‘gium
1502 3276 1690 3332 ineun-

93 3354 163 3406 da
192 3354 311 3408 sit?

168 3446 347 3501 LXX.
389 3449 717 3507 Sobrietatem
754 3454 951 3510 deliciis
977 3465 1025 3509 et
1051 3456 1304 3512 utiliorem
1339 3468 1386 3513 et
1411 3461 1692 3516 suaviorem

90 3558 226 3595 esse.
258 3571 338 3582 ——
357 3545 427 3598 At
452 3545 711 3613 ejusmodi
733 3562 837 3602 non
861 3558 945 3603 est
970 3548 1261 3620 frugalitas,
1292 3552 1387 3607 sed
1413 3553 1481 3608 ab
1505 3553 1591 3609 his
1610 3554 1692 3609 in-

90 3632 291 3687 faustis
316 3636 500 3703 procul
529 3646 751 3702 remota,
784 3640 1027 3695 sanitatis
1050 3649 1209 3711 atque
1235 3642 1549 3699 valetudinis
1564 3660 1691 3699 cau-

88 3738 173 3778 sa.
203 3724 370 3791 Quod
399 3727 443 3779 si
479 3727 599 3797 quis
626 3729 947 3799 voluptatem
993 3731 1152 3786 etiam
1199 3734 1454 3803 requirat,
1505 3736 1559 3790 in
1602 3751 1687 3803 ea,

87 3832 258 3886 quam
289 3818 346 3872 in
377 3818 523 3883 luxu,
556 3821 812 3890 majorem
856 3822 1120 3879 inveniet:
1152 3840 1216 3880 ac
1243 3826 1470 3894 primum
1511 3842 1579 3882 ex
1622 3843 1690 3883 eo

87 3910 243 3978 quod
277 3910 444 3967 homo
472 3912 667 3977 valeat,
696 3929 870 3984 neque
901 3914 1089 3970 horum
1129 3917 1392 3971 malorum
1422 3933 1688 3988 quoquam

86 4001 425 4071 exagitetur,
448 4017 673 4071 quorum
698 4005 780 4059 vel
806 4005 1014 4076 singula
1039 4007 1266 4061 seorsim
1294 4008 1425 4063 satis
1445 4009 1552 4063 sint
1570 4025 1689 4077 qua:

86 4094 431 4163 voluptatem
459 4095 818 4166 exstinguaut,
866 4107 920 4151 et
963 4106 1230 4167 tamquam
1259 4114 1290 4153 a
1328 4098 1685 4161 fundamentis

84 4194 379 4240 evertant:
409 4185 601 4242 deinde
627 4203 690 4242 ex
717 4188 851 4243 cibis
878 4189 1027 4258 ipsis.
1058 4190 1175 4256 Quo
1204 4192 1391 4261 pacto?
1429 4191 1681 4264 Volupta~

84 4285 198 4330 tem
228 4276 405 4331 efﬁcit
439 4280 738 4348 appetitus:
764 4280 1057 4350 appetitum
1084 4297 1190 4336 non
1224 4284 1473 4339 saturitas
1514 4301 1578 4341 ac
1604 4300 1665 4342 sa

83 4371 277 4435 tietas,
309 4370 407 4424 sed
434 4380 642 4441 egestas
669 4380 725 4427 et
752 4372 928 4443 inopia
975 4374 1133 4443 parit.
1174 4374 1249 4428 Ea
1288 4384 1466 4432 autem
1497 4394 1602 4432 non
1633 4378 1674 4433 it

80 4461 347 4527 divitum,
381 4462 477 4516 sed
506 4463 559 4517 in
590 4478 877 4533 pauperum
925 4466 1096 4521 caenis
1124 4466 1336 4522 assidue
1363 4479 1556 4537 praesto
1583 4481 1687 4528 est.

82 4553 271 4622 epulis
297 4554 488 4622 quovis
507 4562 771 4611 structore
794 4565 849 4612 et
868 4572 1040 4629 coquo
1058 4559 1258 4630 gratius
1278 4560 1384 4614 mel
1397 4561 1683 4617 instillatis.

78 4644 378 4714 Siquidem
408 4645 600 4701 divites
626 4663 725 4703 nec
765 4650 1061 4705 esurientes
1103 4651 1279 4705 cibum
1321 4652 1558 4721 capiunt,
1588 4667 1687 4709 nec

76 4740 346 4794 sitientes
376 4739 581 4805 bibunt,
603 4748 658 4795 et
681 4751 963 4810 antequam
992 4742 1279 4798 vehemens
1306 4745 1475 4799 somni
1503 4759 1689 4801 neces-

77 4833 218 4886 sitas
247 4830 337 4886 eis
355 4830 1013 4902 ingruat,consopiuntur:
1041 4834 1091 4887 hi
1121 4850 1304 4889 eorum
1327 4836 1475 4905 prius
1497 4835 1682 4907 indigi,

77 4922 149 4973 ita
181 4921 416 4976 demum
440 4936 504 4975 ea
536 4923 831 4991 percipiunt
870 4940 883 4975 :
914 4924 1057 4993 quod
1098 4924 1308 4994 quidem
1360 4926 1687 4996 voluptatem

72 5022 247 5083 auget
280 5013 540 5067 maxime.
572 5014 677 5068 Cur
702 5016 844 5068 enim
888 5025 944 5070 et
987 5018 1238 5072 Salomon
1274 5018 1415 5073 servi
1438 5033 1684 5074 somnum

74 5105 308 5159 dulcem
339 5106 623 5159 conﬁrmat
653 5104 735 5160 his
761 5108 936 5162 verbis
961 5124 974 5161 :
1008 5108 1182 5163 Dulcis
1204 5118 1273 5163 est
1292 5126 1434 5165 servo
1456 5128 1681 5177 somnus,

72 5198 181 5250 sive
206 5193 442 5249 multum
467 5198 570 5251 sive
596 5213 774 5267 parum
811 5199 1080 5253 comederit
1115 5199 1337 5268 (Eccles.
1366 5201 1420 5257 5.
1450 5202 1576 5274 H)?
1603 5204 1684 5257 An

76 5296 315 5356 propter
344 5287 564 5341 mollem
596 5290 806 5343 torum?
834 5292 905 5344 At
931 5290 1096 5358 humi,
1146 5302 1238 5347 aut
1281 5307 1442 5363 super
1483 5295 1687 5364 cespite

74 5388 133 5433 ut
158 5379 468 5448 plurimum
494 5379 786 5435 dormiunt.
808 5382 889 5435 An
911 5394 1130 5454 propter
1147 5384 1479 5441 libertatem?
1505 5386 1687 5443 Atnec

74 5471 359 5540 temporis
402 5482 737 5528 momentum
790 5474 991 5532 habent
1046 5479 1291 5534 liberum.
1333 5481 1414 5534 An
1470 5490 1688 5552 propter

74 5566 253 5619 otium
273 5563 301 5617 2
333 5565 405 5618 At
429 5563 703 5621 laboribus
732 5576 785 5621 et
810 5571 1065 5626 aerumnis
1089 5571 1300 5627 assidue
1342 5570 1683 5629 alﬂictantur.

138 5720 155 5787 ξ
197 5725 358 5787 Regn,
378 5725 425 5769 et
442 5731 707 5787 coquorum
728 5721 952 5787 arti/icio.

137 5784 160 5813 ²
191 5782 275 5831 sic
290 5780 473 5831 Morel.
495 5780 548 5833 et
567 5781 707 5833 savii.
731 5780 868 5848 negl,
891 5784 1100 5849 formulis.

1478 309 1569 364 DE
1610 309 2069 370 VIRGINITATE.

3301 327 3406 384 586

1812 426 1952 496 Quid
1982 437 2065 484 est
2084 429 2244 501 igitur
2267 434 2410 503 quod
2438 449 2686 493 somnum
2713 437 2923 495 dulcem
2969 440 3162 509 reddit,
3209 443 3311 499 nisi
3339 445 3404 499 ad

1810 520 2187 576 necessitatem
2218 524 2363 592 prius
2386 527 2694 596 compulsos
2720 529 2792 584 ita
2820 544 2944 585 eum
2973 530 3209 602 denique
3234 534 3407 587 inire?

1810 608 2080 666 Caeterum
2106 611 2358 669 divitibus
2388 616 2487 671 nisi
2511 617 2675 674 ebriis
2699 635 2803 675 nox
2828 622 3055 691 ingruat,
3076 622 3406 693 pervigilan-

1810 698 1937 755 dum
1964 712 2065 767 est,
2093 712 2149 758 et
2176 705 2228 759 in
2261 705 2511 763 mollibus
2537 711 3041 782 stragulisjacentes
3064 724 3231 769 testua
3245 715 3405 769 ndum

1809 805 1873 846 ac
1890 791 2200 851 dolendum.

1880 881 2069 937 LXXI.
2108 884 2344 941 Animam
2389 889 2539 944 etiam
2578 890 2697 946 ιωάὲ
2727 892 2946 949 deliciis.
2975 926 3049 937 —-
3072 896 3319 955 Poteram
3354 908 3409 954 et

1808 974 2024 1031 aliunde
2054 977 2363 1035 deliciarum
2401 982 2799 1053 insuavitatem,
2829 988 3186 1057 incommoda,
3236 990 3400 1047 findi-

1811 1076 1973 1123 tatem
2017 1071 2325 1141 ostendere,
2372 1076 2609 1145 morbos,
2654 1079 2847 1147 quibus
2870 1081 3103 1136 animam
3136 1084 3397 1151 imbuant,

1807 1162 2177 1229 corporalibus
2203 1164 2360 1235 longe
2388 1176 2441 1221 et
2470 1168 2650 1238 plures
2676 1180 2731 1225 et
2748 1172 3021 1241 graviores
3050 1190 3395 1245 percensens.

1810 1251 2019 1307 Etenim
2051 1255 2261 1319 molles,
2290 1256 2648 1329 effeminatos,
2671 1262 2927 1330 audaces,
2952 1277 3290 1336 arrogantes,
3322 1268 3402 1322 la-

1806 1344 2002 1412 scivos,
2034 1347 2277 1418 injurios,
2309 1350 2629 1422 impudicos,
2658 1355 2962 1422 iracundos,
2998 1357 3265 1425 crudeles,
3296 1359 3401 1414 illi-

1806 1438 2036 1506 berales,
2062 1457 2274 1509 avaros,
2305 1444 2573 1512 sordidos,
2597 1448 2664 1502 ad
2690 1459 2879 1504 cuncta
2917 1452 3068 1505 utilia
3111 1467 3176 1507 ac
3206 1469 3394 1508 neces.

1805 1535 1945 1590 saria
1976 1538 2183 1607 ineptos
2204 1551 2458 1609 praestat:
2489 1543 2689 1613 quibus
2712 1545 3131 1601 diversaiomnia
3174 1549 3396 1618 frugali-

1808 1637 1891 1684 tas
1909 1630 2100 1686 efﬁcit.
2125 1632 2231 1687 Sed
2255 1634 2367 1703 jam
2396 1634 2503 1690 alio
2528 1636 2659 1691 mihi
2704 1647 2961 1710 properat
2991 1641 3183 1695 oratio.
3216 1640 3395 1711 Itaque

1808 1721 1910 1777 hoc
1931 1739 2037 1779 uno
2056 1724 2259 1793 addito,
2280 1742 2490 1782 rursum
2515 1730 2805 1798 apostolica
2827 1731 2989 1787 verba
3020 1742 3393 1789 retractemus.

1805 1812 1960 1880 Quod
1984 1815 2028 1869 si
2059 1830 2179 1886 qua:
2204 1818 2500 1887 expetenda
2530 1820 2833 1890 videantur,
2868 1831 2945 1877 tot
2970 1823 3124 1878 malis
3153 1836 3277 1878 sunt
3305 1841 3394 1880 re-

1808 1908 1962 1975 ferta,
1996 1916 2171 1964 tantas
2191 1920 2245 1965 et
2272 1911 2454 1967 animo
2489 1921 2545 1968 et
2585 1915 2796 1984 corpori
2826 1915 3133 1971 morborum
3178 1918 3396 1987 pruinas

1804 2008 2118 2065 accersunt,
2168 2017 2276 2072 quo
2300 2003 2419 2059 loco
2444 2003 2637 2059 acerba
2664 2005 2772 2060 sint
2798 2005 3041 2062 habenda
3064 2050 3080 2075 ,
3113 2010 3394 2079 magistra-

1806 2101 1954 2147 tuum
2003 2100 2198 2162 terror,
2229 2096 2543 2165 populorum
2588 2108 2787 2166 motus,
2837 2101 3285 2172 schphantarum
3341 2113 3392 2157 et

1808 2184 2121 2239 remulorum
2172 2186 2376 2242 insidiae
2419 2204 2540 2257 qua:
2583 2189 2640 2244 in
2698 2191 2882 2261 primis
2926 2191 3119 2247 divites
3164 2192 3393 2248 circum-

1805 2276 1989 2331 stant?
2014 2275 2219 2344 Quibus
2248 2278 2405 2333 malis
2433 2279 2687 2335 mulieres
2727 2295 2858 2337 sane
2905 2284 3067 2338 etiam
3107 2282 3394 2339 vehemen-

1806 2368 1910 2422 tius
1931 2369 2052 2438 angi
2078 2377 2160 2423 est
2186 2384 2430 2439 necesse,
2460 2371 2601 2442 quod
2644 2386 2738 2427 eas
2776 2372 3170 2430 vicissitudines
3217 2375 3390 2446 impo—

1805 2461 2003 2518 tentius
2028 2461 2222 2518 ferant.

1874 2553 2083 2609 LXXII.
2127 2554 2349 2611 Delicias
2367 2572 2481 2611 cum
2501 2556 2619 2612 aliis
2643 2558 2792 2613 malis
2812 2559 2929 2614 uiue
2949 2561 3390 2616 commutationem

1801 2645 2004 2715 a/rerre.
2034 2677 2105 2689 —
2134 2647 2203 2702 Et
2239 2647 2367 2717 quid
2414 2650 2667 2706 mulieres
2707 2651 2852 2719 dico,
2880 2667 3002 2707 cum
3044 2653 3128 2707 vel
3159 2652 3257 2708 viri
3283 2654 3390 2709 mi-

1800 2753 1920 2794 sere
1950 2739 2013 2795 iis
2040 2740 2347 2810 capiantur;
2374 2756 2499 2797 nam
2535 2742 2623 2813 qui
2670 2742 2944 2815 frugaliter
2971 2746 3120 2812 vivit,
3149 2762 3391 2803 commu-

1805 2832 2063 2887 tationem
2091 2832 2289 2887 nullam
2320 2832 2536 2900 horret;
2567 2835 2656 2905 qui
2687 2834 2930 2906 frigidam
2953 2838 3095 2893 illam
3117 2854 3180 2894 ac
3206 2839 3382 2894 disso-

1801 2924 1965 2978 lutam
1985 2925 2149 2980 vitam
2175 2924 2361 2996 exigit,
2388 2941 2511 2981 eum
2538 2927 2584 2981 si
2604 2942 2707 2997 qua
2739 2928 2983 2985 incidens
3003 2932 3277 2986 calamitas
3305 2942 3385 2988 at-

1799 3032 1904 3087 que
1920 3017 2001 3072 vis
2020 3016 2213 3087 inopiae
2231 3017 2425 3086 tradat,
2444 3026 2629 3088 utpote
2650 3019 2741 3090 qui
2767 3020 2914 3075 rudis
2930 3032 2984 3076 et
3006 3022 3385 3079 inexercitatus

1796 3107 1887 3175 sit,
1913 3116 2038 3164 ante
2062 3108 2337 3176 moriatur,
2383 3124 2541 3180 quam
2593 3109 2740 3166 vices
2779 3126 2872 3167 eas
2914 3112 3165 3182 perferat.
3207 3113 3388 3185 Itaque

1797 3201 1983 3257 beatus
2005 3199 2200 3257 Paulus
2220 3200 2315 3268 ait,
2340 3200 2737 3258 Tribulationem
2758 3204 2926 3259 carnis
2946 3204 3190 3261 habebunt
3206 3208 3388 3278 hujus-

1795 3294 1953 3360 modi,
1980 3309 2073 3365 ego
2100 3302 2265 3348 autem
2289 3293 2427 3349 vobis
2464 3310 2618 3365 parco
2650 3296 2724 3367 (1.
2757 3294 2875 3351 Cor.
2916 3297 2972 3352 7.
3011 3295 3145 3366 28):
3174 3313 3238 3354 ac
3265 3308 3386 3369 post

1795 3383 1964 3451 addit,
1990 3383 2213 3455 Tempus
2233 3383 2376 3439 breue
2403 3394 2498 3441 est.

1867 3476 2100 3532 LXXlll.
2144 3475 2267 3531 Non
2295 3493 2403 3532 esse
2428 3485 2623 3549 tempus
2643 3477 2737 3532 hoc
2758 3479 3068 3534 matrimonii
3092 3489 3381 3552 tempus.—

1796 3568 1861 3622 Et
1888 3568 2013 3635 quid
2046 3566 2148 3623 hoc
2172 3567 2239 3622 ad
2268 3568 2706 3624 matrimonium?
2730 3569 2873 3625 dicat
2899 3571 3183 3641 quispiam.
3212 3571 3378 3629 Valde

1795 3673 1923 3714 sane
1940 3658 2006 3713 ad
2035 3658 2208 3729 ipsum
2240 3659 2504 3729 pertinet;
2536 3660 2579 3714 si
2622 3661 2765 3715 enim
2792 3661 2897 3715 vita
2937 3661 3036 3717 hac
3066 3663 3378 3718 conclusum

1794 3760 1895 3817 est,
1924 3760 1977 3805 et
2003 3752 2055 3805 in
2077 3750 2253 3805 futuro
2283 3766 2384 3806 nec
2412 3752 2613 3806 ducunt
2637 3767 2737 3807 nec
2762 3753 3048 3820 ducuntur,
3090 3763 3251 3825 atque
3277 3755 3379 3812 hoe

1796 3856 2029 3909 prmsens
2059 3850 2268 3911 tempus
2293 3841 2360 3896 ad
2389 3841 2545 3896 ﬁnem
2576 3841 2831 3909 decurrit,
2855 3844 3113 3914 quasique
3134 3859 3231 3913 pro
3252 3843 3379 3899 fori-

1795 3933 1893 3988 hus
1931 3934 2251 3989 resurrectio
2279 3941 2383 4000 est,
2425 3948 2530 3989 non
2570 3933 2680 4003 jam
2713 3942 2924 4005 tempus
2947 3944 3031 3991 est
3056 3936 3378 3991 matrimonii

1793 4042 1854 4081 ac
1874 4026 2236 4098 pecuniarum,
2260 4026 2354 4082 sed
2380 4027 2652 4098 egestatis,
2675 4036 2728 4082 et
2754 4026 2807 4081 id
2832 4043 2999 4096 genus
3020 4027 3237 4098 reliqua}
3255 4029 3378 4099 phi-

1795 4119 2071 4190 losophiae,
2096 4134 2216 4190 qua:
2235 4118 2343 4174 illic
2369 4120 2522 4175 nobis
2540 4119 2813 4190 profutura
2840 4120 2930 4174 sit.
2960 4118 3092 4175 Nam
3121 4120 3379 4191 quemad-

1793 4209 2008 4267 modum
2051 4210 2201 4278 virgo
2248 4210 2501 4281 quamdiu
2545 4210 2690 4265 domi
2740 4220 2919 4266 manet
2959 4211 3098 4281 apud
3127 4224 3374 4277 matrem,

1792 4317 2036 4373 magnam
2067 4302 2350 4371 puerilium
2375 4303 2610 4357 omnium
2636 4317 2818 4356 curam
2850 4302 3090 4372 suscipit,
3118 4311 3173 4357 et
3197 4304 3375 4360 arcula

1794 4394 1847 4448 in
1876 4409 2069 4462 penum
2089 4394 2327 4463 deposita
2354 4409 2538 4449 eorum
2568 4392 2809 4463 qumillic
2834 4392 3045 4447 condita
3071 4394 3178 4447 siut
3196 4404 3251 4448 et
3265 4396 3379 4449 cla-

1792 4501 1911 4541 vem
1933 4487 2043 4556 ipsa
2072 4486 2328 4558 possidet,
2356 4497 2410 4542 et
2428 4487 2700 4542 arbitrium
2719 4502 2878 4541 omne
2904 4493 3068 4553 tenet,
3090 4487 3158 4543 de
3178 4488 3373 4544 levium

1792 4578 2003 4633 illorum
2026 4588 2080 4632 et
2101 4579 2327 4633 futilium
2349 4578 2587 4634 custodia
2609 4592 2760 4648 teque
2783 4579 3006 4633 sollicita
3028 4594 3089 4634 ac
3105 4579 3192 4649 qui
3213 4595 3375 4649 grau-

1790 4673 1912 4727 dem
1942 4672 2193 4727 familiam
2213 4672 2615 4736 administrant;
2641 4687 2760 4727 cum
2789 4680 2965 4727 autem
2992 4674 3262 4741 sponsalia
3283 4673 3376 4727 ad.

1791 4771 1937 4830 sunt,
1985 4773 2235 4833 paternas
2276 4763 2421 4819 mdes
2464 4763 2734 4817 dimittere
2776 4772 2980 4829 coacta,
3015 4771 3123 4816 tum
3152 4778 3282 4817 vero
3311 4763 3374 4820 iis
3422 4796 3425 4797 ν

1792 4856 1945 4926 nugis
1995 4864 2051 4910 et
2100 4856 2338 4911 minutiis
2389 4855 2630 4918 liberata,
2679 4853 2871 4907 domus
2914 4853 3371 4923 gubernationem,

1791 4962 1939 5016 opes,
1972 4954 2028 5001 et
2052 4946 2374 5017 mancipium
2402 4960 2766 5012 numerosum,
2793 4944 2889 4999 viri
2918 4943 3140 5007 cultum,
3163 4942 3373 5012 aliaque

1792 5038 1877 5093 his
1905 5038 2106 5107 majora
2130 5046 2383 5109 procuret
2422 5051 2645 5093 necesse
2673 5047 2754 5090 est
2778 5052 2793 5088 :
2818 5036 2887 5088 ita
2919 5045 2973 5089 et
3001 5033 3157 5088 nobis
3177 5032 3374 5086 adultis

1791 5141 1951 5201 atque
1974 5137 2135 5187 aetate
2160 5129 2319 5197 virili,
2364 5130 2594 5184 terrenis
2622 5126 2888 5191 omnibus,
2927 5139 3057 5181 vere
3080 5123 3373 5194 puerilibus

1791 5222 2030 5288 ludicris,
2061 5222 2296 5286 omissis,
2323 5221 2392 5276 de
2416 5221 2547 5276 emlo
2575 5220 2907 5287 czelestisquc
2930 5216 3052 5271 vitae
3088 5215 3374 5286 splendore

1790 5327 1846 5373 et
1870 5318 2038 5389 gloria
2057 5314 2394 5387 cogitandum
2420 5324 2524 5372 est.
2552 5310 2812 5382 Desponsi
2834 5311 2975 5367 enim
2999 5324 3184 5366 sumus
3201 5319 3254 5365 et
3276 5323 3374 5365 nos

1792 5426 2011 5482 SpOllSO,
2041 5427 2160 5465 eum
2187 5425 2216 5463 a
2244 5409 2397 5464 nobis
2421 5421 2657 5462 amorem
2681 5404 2957 5476 flagitanti,
2977 5413 3035 5460 ut
3059 5419 3164 5459 non
3194 5402 3368 5457 solum

1792 5502 2137 5558 terrestribus
2164 5511 2220 5557 et
2242 5500 2448 5556 levibus
2492 5497 2577 5553 his
2618 5496 2872 5563 futilibus,
2925 5496 3020 5551 sed
3070 5497 3227 5551 etiam
3260 5494 3369 5547 vita

1792 5603 2010 5666 propter
2034 5610 2181 5662 eum,
2212 5594 2256 5648 si
2283 5608 2416 5663 opus
2444 5593 2534 5661 sit,
2564 5592 2833 5648 cedamus.
2880 5590 3054 5658 Quare
3098 5603 3218 5643 eum
3250 5586 3373 5641 illuc

1794 5687 2177 5744 discedendum
2201 5686 2292 5752 sit,
2320 5685 2514 5741 exilem
2546 5684 2683 5740 hanc
2709 5698 2891 5739 curam
2918 5697 2946 5734 a
2976 5681 3126 5737 nobis
3151 5678 3371 5749 propul-

1795 5797 2004 5849 semus;
2046 5795 2166 5836 nam
2198 5793 2297 5836 nec
2334 5777 2389 5833 in
2417 5791 2636 5849 regnum
2677 5791 2742 5832 ex
2782 5773 2922 5844 inopi
2949 5773 3111 5828 domo
3137 5769 3369 5827 transfe-
