3898 6250
446 322 546 376 587

444 435 617 501 rendi,
643 444 712 489 de
741 432 1005 494 fictilibus,
1038 430 1211 500 lignis.
1259 428 1589 491 utensilibus,
1630 435 1685 481 et
1706 426 1909 495 reliqua
1930 415 2029 479 do-

446 527 664 582 mestica
699 525 954 580 tenuitate
984 522 1366 577 laboraremus.
1400 521 1577 588 Itaque
1601 534 1697 574 nec
1722 519 1832 588 jam
1857 527 2030 573 terre-

448 637 512 673 na
543 634 812 680 curemus.
844 627 1083 686 tempore
1113 630 1211 671 nos
1237 616 1345 683 jam
1375 614 1441 667 ad
1472 612 1663 668 uelum
1688 622 1944 677 vocante;
1975 622 2031 666 ut

446 720 502 765 et
545 711 731 764 beatus
776 709 963 763 Paulus
1010 706 1263 761 Romanis
1291 706 1528 760 scribens
1571 704 1663 768 ait,
1707 701 1862 756 Nunc
1899 703 2030 756 enim

450 802 657 870 propior
706 810 776 853 est
822 807 993 853 nostra
1035 798 1193 864 salus,
1223 812 1517 867 quamcum
1559 794 2033 848 credidimus:noa:

450 894 725 964 praeessit,
772 893 878 946 dies
919 901 1087 945 autem
1114 889 1537 959 appropinquavit
1575 885 1749 957 (Rom.
1783 886 1869 940 15.
1904 884 2029 955 ll);

448 992 505 1039 et
547 998 778 1045 rursum,
825 982 1047 1053 Tempus
1073 981 1216 1035 breve
1242 989 1315 1033 est
1355 980 1430 1049 (ἲ.
1476 978 1593 1033 Cor.
1628 978 1680 1030 7.
1707 974 1825 1048 29),
1856 984 1911 1031 ut
1941 976 2031 1045 qui

451 1090 645 1129 uxores
667 1074 864 1129 habent
890 1071 1109 1144 perinde
1134 1071 1242 1125 sint
1268 1086 1332 1125 ac
1354 1071 1398 1124 si
1425 1085 1529 1123 non
1558 1067 1834 1122 haberem.
1857 1067 2031 1134 Quor-

450 1181 569 1222 suin
603 1167 759 1237 igitur
786 1166 1181 1219 matrimonium
1210 1179 1276 1218 eo
1306 1178 1410 1217 non
1453 1163 1649 1226 usuris,
1694 1160 1787 1217 sed
1815 1160 2034 1230 perinde

452 1274 517 1314 ac
542 1260 585 1313 si
612 1274 717 1313 non
763 1258 1018 1313 haberent
1048 1256 1271 1311 futuris?
1306 1269 1561 1325 quorsum
1589 1251 1755 1323 opes?
1778 1266 2033 1323 quorsum

452 1354 687 1425 praedia?
706 1366 959 1424 quorsum
982 1353 1101 1407 vitta
1124 1351 1387 1421 praesidia,
1411 1362 1636 1420 quorum
1658 1360 1783 1402 usus
1803 1345 2035 1401 caducus

454 1463 616 1519 porro
636 1456 793 1519 atque
824 1446 1231 1517 intempestivus
1257 1444 1362 1499 sit?
1392 1443 1525 1499 Nam
1564 1443 1608 1497 si
1636 1440 1777 1512 apud
1822 1455 1919 1495 nos
1945 1439 2034 1510 qui

450 1541 666 1612 judiciis
690 1540 909 1596 sistendi
939 1547 1082 1604 sunt,
1116 1539 1378 1595 scelerum
1409 1551 1623 1591 causam
1645 1534 1860 1599 dicturi,
1888 1533 2036 1602 capi-

454 1635 546 1689 tali
569 1634 655 1689 die
682 1633 896 1689 instanti
925 1648 1030 1688 non
1060 1635 1243 1688 uxoris
1272 1640 1496 1696 tantum,
1535 1630 1629 1685 sed
1657 1630 1816 1683 etiam
1854 1627 1957 1682 cibi
1984 1634 2039 1681 et

455 1735 634 1798 potus,
662 1737 821 1797 atque
845 1726 987 1781 omni
1030 1725 1330 1796 posthabita
1356 1737 1512 1788 cura,
1546 1720 1919 1783 defensionem
1946 1733 2038 1773 so-

458 1818 565 1872 lum
586 1817 839 1887 cogitant,
866 1817 1033 1870 multo
1060 1816 1228 1886 magis
1254 1813 1429 1879 nobis,
1459 1826 1565 1867 non
1594 1822 1805 1867 terreno
1828 1809 2037 1866 cuidam

455 1907 596 1972 foro,
619 1907 714 1963 sed
742 1906 944 1962 caalesti
975 1905 1228 1961 tribunali
1256 1903 1528 1966 sistendis,
1556 1910 1611 1959 et
1630 1902 1913 1969 dictorum,
1941 1915 2038 1971 ge-

455 2009 682 2062 storum,
706 1998 1057 2068 cogitatorum
1079 1997 1339 2051 rationem
1366 1993 1670 2061 reddituris,
1700 1993 1768 2049 ab
1792 1992 2040 2048 omnibus

457 2090 832 2146 abstinendum
859 2098 962 2157 est,
987 2097 1042 2145 et
1068 2087 1262 2159 gaudio
1288 2095 1342 2142 et
1363 2086 1573 2142 tristitia
1599 2100 1777 2141 rerum
1804 2098 2041 2155 przesen-

461 2183 613 2245 tinm,
640 2197 702 2237 ac
725 2182 866 2236 circa
896 2180 1184 2236 terribilem
1224 2178 1369 2234 illam
1408 2178 1549 2233 diem
1593 2177 1750 2233 unice
1793 2185 2035 2231 metuen-

457 2273 609 2329 dum.
643 2274 703 2329 Si
729 2274 840 2341 quis
868 2273 1032 2337 enim,
1057 2271 1244 2342 inquit,
1274 2272 1403 2325 venit
1426 2269 1494 2323 ad
1521 2287 1623 2336 me,
1645 2285 1736 2324 nec
1764 2282 1911 2324 suum
1943 2283 2040 2339 pa-

461 2378 612 2431 trem,
636 2376 681 2420 et
704 2376 933 2429 matrem,
957 2375 1002 2419 et
1022 2380 1249 2429 uxorem,
1279 2373 1325 2418 et
1351 2364 1507 2433 ﬁlios,
1529 2372 1577 2417 et
1597 2362 1800 2432 fratres,
1826 2370 1874 2415 et
1898 2376 2041 2415 sora-

461 2474 562 2521 res,
590 2458 796 2527 insuper
819 2466 864 2511 et
888 2457 1110 2509 animant
1140 2471 1283 2509 suam
1311 2455 1437 2522 odit,
1468 2470 1569 2508 non
1591 2461 1751 2523 potest
1779 2468 1917 2506 meus
1937 2468 2044 2506 esse

465 2549 764 2617 discipulus.
795 2546 860 2601 Et
875 2547 963 2616 qui
982 2562 1083 2601 non
1106 2554 1271 2616 portat
1300 2560 1499 2599 crucem
1514 2559 1677 2608 suam,
1701 2553 1749 2598 et
1778 2558 1856 2597 me
1877 2544 2042 2610 sequi-

462 2652 566 2706 tur,
597 2657 695 2694 tton
722 2648 881 2709 potest
903 2655 1041 2695 meus
1067 2653 1176 2693 esse
1198 2636 1479 2708 discipulus
1507 2634 1658 2707 (Luc.
1688 2635 1775 2690 M.
1807 2633 1898 2690 '26.
1923 2632 2038 2705 27).

460 2731 542 2787 Tu
573 2748 698 2786 vero
721 2731 898 2800 segnis
925 2730 1108 2785 uxoris
1134 2728 1430 2798 cupiditati,
1462 2727 1615 2794 risui,
1646 2726 1909 2793 mollitiei,
1942 2726 2040 2781 de-

459 2821 598 2876 liciis
647 2819 840 2875 vacas?
890 2818 1143 2874 Dominus
1193 2835 1349 2889 prope
1375 2828 1482 2873 est:
1517 2818 1645 2872 nihil
1694 2817 1897 2873 solliciti
1936 2816 2043 2871 sitis

463 2910 722 2981 (Philipp.
749 2911 804 2965 Δ.
846 2910 899 2966 5.
929 2908 1006 2980 6).
1036 2908 1115 2966 Tu
1144 2907 1212 2963 de
1241 2908 1475 2977 pecuniis
1500 2922 1656 2963 curas
1694 2921 1757 2962 ac
1783 2906 2043 2961 sollicitus

461 3002 557 3058 es?
597 3001 821 3057 Caleste
850 3016 1066 3071 regnum
1099 3001 1279 3054 instat.
1311 2999 1388 3054 Tu
1418 2999 1583 3065 :edcs,
1610 2999 1790 3052 lusum
1825 3004 1880 3052 et
1920 2997 2044 3051 reli-

459 3110 622 3164 quam
640 3094 963 3163 voluptatem
979 3092 1231 3161 dispicis?
1255 3089 1489 3145 Prwterit
1506 3091 1674 3161 ﬁgura
1698 3089 1851 3157 hujus
1868 3087 2045 3141 mundi

465 3188 541 3257 (ι.
570 3184 686 3239 Cor.
716 3186 768 3238 7.
797 3182 907 3254 51).
937 3182 1075 3253 Quid
1103 3192 1154 3238 te
1178 3182 1245 3239 de
1270 3181 1452 3236 mundi
1483 3182 1642 3236 rebus
1662 3195 1765 3235 non
1796 3180 2044 3250 perenni-

462 3278 583 3344 bus,
607 3276 700 3332 sed
722 3275 954 3341 caducis,
986 3275 1296 3344 perennium
1313 3288 1374 3328 ac
1391 3272 1657 3327 stabilium
1683 3273 1900 3339 oblitus,
1923 3288 2046 3328 cru-

463 3369 608 3422 cias?
628 3367 742 3422 Non
766 3368 875 3437 jam
903 3366 1321 3428 matrimonium,
1356 3379 1461 3418 non
1483 3364 1696 3420 dolores
1714 3374 1915 3434 partus,
1938 3378 2043 3420 non

465 3463 706 3530 voluptas
734 3471 788 3515 et
816 3460 1009 3527 coitus,
1041 3473 1145 3514 non
1191 3459 1491 3513 divitiarum
1541 3459 1714 3527 copia,
1759 3473 1864 3513 non
1905 3472 2043 3528 prat-

464 3557 674 3611 diurum
696 3554 951 3618 studium,
977 3568 1084 3609 non
1104 3552 1275 3617 cibus,
1302 3566 1407 3607 non
1426 3559 1749 3622 tegumenta,
1779 3565 1885 3605 non
1905 3550 2045 3620 agri-

464 3649 675 3705 cultura
694 3663 757 3704 ac
784 3647 1068 3718 navigatio,
1093 3661 1197 3702 non
1223 3654 1366 3701 artes
1384 3654 1439 3701 et
1462 3644 1709 3712 tediﬁcia,
1734 3657 1841 3699 non
1864 3644 2043 3711 urbes,

468 3754 571 3794 non
599 3739 759 3801 aedes,
790 3738 883 3793 sed
912 3738 1050 3793 alius
1073 3737 1287 3808 quidam
1327 3745 1496 3792 status
1533 3748 1695 3806 atque
1721 3738 1830 3791 vita
1856 3749 2045 3791 conse-

466 3838 690 3899 quetur;
721 3831 834 3885 haec
860 3831 1020 3901 paulo
1059 3839 1176 3900 post
1215 3837 1409 3884 cuncta
1450 3827 1759 3883 interibunt.
1800 3827 1858 3882 Id
1901 3828 2044 3884 enim

466 3935 569 3991 est,
608 3922 837 3979 Prwterit
862 3926 1028 3994 figura
1060 3924 1211 3993 hujus
1237 3922 1434 3977 mundi.
1465 3921 1603 3991 Quid
1632 3922 1792 3992 igitur
1817 3922 1964 3977 velut
1992 3922 2043 3976 in

467 4015 646 4071 omnia
674 4014 868 4069 sarcula
898 4013 984 4068 hic
1011 4014 1268 4077 mansuri,
1302 4014 1373 4067 ita
1417 4012 1469 4066 in
1511 4026 1696 4067 earum
1726 4028 1904 4068 rerum
1934 4022 2047 4067 stu-

468 4107 576 4172 die,
607 4120 636 4157 a
667 4106 857 4174 quibus
878 4120 1020 4175 smpe
1048 4115 1171 4160 ante
1202 4118 1479 4174 vesperam
1508 4103 1911 4161 desciscendum
1954 4107 2044 4172 sit,

468 4212 673 4250 summa
704 4210 806 4265 ope
836 4196 1090 4251 nitimur?
1130 4196 1257 4266 qttid
1295 4195 1617 4251 laboriosam
1650 4197 1811 4251 vitam
1855 4197 2045 4268 deligi-

468 4300 606 4350 mus,
630 4284 840 4340 Christo
864 4286 929 4339 ad
968 4287 1193 4341 otiosam
1220 4301 1317 4341 nos
1348 4287 1606 4342 vocante?
1634 4285 1761 4342 Volo
1784 4290 1947 4357 enim,
1968 4291 2044 4344 in-

470 4376 604 4443 quit,
635 4389 720 4427 vos
745 4375 851 4429 sine
877 4376 1217 4429 sollicitudine
1239 4392 1366 4430 esse.
1397 4375 1499 4444 Qui
1517 4378 1626 4431 sine
1644 4393 1801 4433 uxore
1823 4389 1914 4446 est,
1938 4378 2047 4435 Do-

469 4464 592 4517 mini
621 4480 700 4517 res
719 4476 861 4518 curat
891 4467 967 4535 (l.
995 4464 1113 4520 Car.
1144 4467 1195 4521 7.
1226 4466 1340 4537 52).

540 4556 773 4612 LXXIV.
812 4556 914 4613 Cur
936 4574 1051 4612 cum
1076 4559 1191 4613 velit
1219 4577 1310 4615 nos
1336 4563 1445 4616 sine
1469 4564 1801 4618 sollicitudine
1825 4565 2047 4634 esse,ju—

471 4647 582 4702 beat
605 4664 712 4702 esse
733 4647 993 4703 sollicitos.
1017 4679 1087 4688 —
1110 4649 1388 4719 Quomodo
1414 4652 1570 4722 igitur
1595 4668 1693 4709 nos
1718 4654 1832 4709 sine
1851 4655 2049 4710 sollici-

471 4737 653 4794 tudine
672 4752 792 4795 esse
808 4739 909 4805 vis,
932 4755 1065 4810 quos
1085 4740 1136 4795 in
1164 4742 1319 4797 aliam
1342 4743 1532 4799 iterum
1558 4760 1739 4800 curam
1758 4747 2048 4816 conjicias?

470 4834 602 4899 Quia
618 4838 793 4893 hocne
808 4852 995 4895 curare
1005 4839 1216 4908 quidem
1228 4850 1330 4906 est,
1345 4842 1785 4912 quemadmodum
1805 4860 1902 4899 nec
1916 4843 2051 4898 affli-

470 4928 599 4982 ctari
630 4940 846 5001 propter
870 4931 1138 4989 Christum
1169 4933 1442 4999 afllictari;
1474 4951 1578 4990 non
1610 4947 1807 4992 mutata
1834 4938 2047 5009 quidem

468 5034 646 5075 rerum
668 5032 876 5090 natura,
899 5024 994 5080 sed
1016 5040 1201 5081 eorum
1225 5027 1313 5097 qui
1338 5041 1401 5082 ea
1425 5042 1544 5082 cum
1567 5028 1834 5098 voluptate
1848 5030 2051 5100 patian-

470 5123 561 5169 tur
587 5115 762 5171 studio
789 5117 872 5171 vel
903 5133 1079 5173 rerum
1119 5129 1362 5174 naturam
1396 5120 1661 5176 vincente.
1702 5122 1830 5175 Nam
1858 5122 1948 5192 qui
1985 5137 2048 5177 ea

470 5214 656 5273 curet,
685 5209 874 5279 quibus
904 5226 1008 5266 non
1040 5211 1252 5283 longum
1286 5224 1493 5284 tempus
1524 5214 1775 5269 fruiturus
1804 5216 1908 5281 sit,
1943 5216 2051 5272 imo

470 5312 613 5368 empe
644 5315 741 5355 nec
767 5303 1066 5372 minimum,
1095 5316 1283 5361 curare
1323 5307 1515 5360 merito
1540 5306 1778 5373 dicetur;
1809 5310 1899 5378 qui
1924 5321 2051 5364 vero

470 5404 500 5445 e
527 5392 672 5446 curis
710 5394 967 5463 majorem
996 5395 1222 5451 fructum
1267 5407 1517 5468 capturus
1546 5400 1645 5463 sit,
1676 5400 1820 5455 omni
1848 5401 2052 5457 ratione

471 5482 608 5538 inter
624 5500 716 5541 eos
737 5487 825 5556 qui
847 5488 962 5544 sine
980 5489 1332 5545 sollicitudine
1352 5499 1477 5545 sunt
1499 5493 1879 5548 numerabitur.
1910 5495 2053 5549 Prses

468 5584 613 5633 terea
641 5588 815 5637 autem
846 5582 1118 5652 utriusque
1144 5590 1287 5639 cura:
1323 5595 1524 5639 tantum
1550 5596 1634 5641 est
1656 5586 1961 5654 discrimen,
1996 5598 2052 5643 ut

470 5666 587 5725 haec
613 5686 734 5726 cum
764 5673 851 5727 illa
891 5685 1196 5744 comparata
1238 5693 1305 5732 nc
1347 5693 1471 5733 cura
1501 5680 1713 5749 quidem
1757 5680 2047 5747 habeatur;

470 5759 605 5817 adeo
632 5762 717 5817 illa
744 5771 798 5820 et
822 5764 989 5821 levior
1009 5775 1111 5836 est,
1135 5777 1186 5824 et
1213 5768 1391 5825 multis
1415 5771 1651 5841 partibus
1672 5771 1893 5829 facilior.
1921 5773 2049 5842 Quae

1151 316 1208 373 δ.
1250 315 1527 373 JOANNIS
1556 306 2032 370 CHRYSOSTOM
2071 308 2385 367 ARCHIEP.
2426 307 2957 367 CONSTANTINOP.

3588 295 3689 354 588

2138 438 2234 479 nos
2254 429 2431 478 omnia
2455 425 2701 493 superius
2722 421 3071 476 ostendimus.
3088 418 3186 484 Qui
3206 419 3313 472 sine
3334 428 3489 471 utare
3512 424 3604 480 est,
3624 418 3719 469 sot-

2136 520 2303 573 licitus
2323 532 2392 573 est
2425 535 2537 588 qua:
2568 517 2771 571 Domini
2804 524 2955 577 sunt;
2993 513 3079 584 qui
3106 522 3274 565 atttem
3307 526 3419 563 cum
3449 524 3607 561 uxore
3626 518 3717 572 est,

2135 610 2382 664 sollicitus
2409 620 2481 664 est
2508 624 2620 679 qua:
2646 617 2761 661 sunt
2791 605 2985 659 mundi.
3018 606 3086 658 At
3118 603 3206 657 hic
3233 602 3375 664 abit,
3406 600 3493 654 ille
3524 613 3725 653 manet.

2136 705 2327 758 Annon
2351 702 2507 773 igitur
2527 702 2613 756 vel
2638 703 2739 756 hoc
2764 700 2935 753 solum
2956 697 3185 751 sufficiat
3208 696 3275 749 ad
3304 693 3621 763 virginitatis
3648 690 3730 745 di-

2135 796 2393 865 gnitatem
2419 790 2985 849 commonstrandam?
3013 790 3220 857 Quanto
3240 787 3380 842 enim
3406 786 3548 839 Deus
3576 800 3729 838 mun-

2138 887 2208 941 do
2239 894 2485 954 praestat,
2518 892 2664 939 tanto
2694 882 2809 938 haec
2853 882 2938 936 illa
2969 881 3143 951 potior
3168 892 3297 933 cura
3323 886 3424 932 est.
3467 878 3574 931 Cur
3597 890 3730 945 ergo

2138 976 2534 1031 matrimonium
2563 974 2837 1045 permittit,
2866 972 3006 1043 quod
3034 982 3086 1027 et
3112 972 3254 1027 curis
3284 985 3379 1024 nos
3408 970 3731 1038 obstringat,

2138 1075 2193 1122 et
2221 1082 2250 1121 a
2279 1066 2640 1136 spiritualibus
2667 1064 2936 1120 abducat?
2964 1062 3085 1118 Ideo
3114 1064 3255 1118 enim
3281 1103 3295 1126 ,
3330 1061 3499 1131 inquit
3524 1102 3538 1123 ,
3571 1059 3681 1113 dixi
3717 1076 3730 1112 :

2137 1160 2209 1217 Ut
2228 1161 2316 1229 qni
2343 1174 2535 1214 uxores
2566 1158 2764 1213 habent
2790 1156 3008 1226 perinde
3026 1159 3131 1211 sint
3155 1168 3219 1209 ac
3247 1153 3290 1207 si
3319 1168 3424 1207 non
3452 1151 3732 1213 haberent,

2140 1262 2198 1306 ut
2224 1251 2314 1321 qui
2348 1251 2457 1318 jam
2484 1249 2647 1304 vincti
2675 1258 2801 1303 sunt
2822 1257 2956 1314 ,aut
2986 1256 3105 1317 post
3135 1244 3399 1300 vinciendi
3428 1252 3588 1305 sunt,
3620 1242 3734 1295 alio

2139 1345 2387 1413 quopiam
2410 1342 2568 1396 modo
2584 1340 2851 1395 vinculum
2879 1340 3139 1394 relaxant.
3162 1336 3291 1392 Nam
3317 1336 3567 1406 quoniam
3586 1332 3731 1387 haud

2140 1435 2222 1491 fas
2240 1445 2324 1491 est
2346 1434 2509 1491 semel
2533 1432 2933 1503 circumjectum
2961 1443 3228 1501 rumpere.
3259 1426 3587 1482 tolerabilius
3611 1424 3736 1479 red-

2140 1527 2228 1583 de.
2254 1525 2528 1597 Siquidem
2557 1525 2703 1590 licet,
2733 1523 2779 1579 si
2808 1523 3054 1586 velimus,
3083 1533 3410 1590 supervacua
3439 1517 3618 1571 omnia
3643 1531 3736 1570 re-

2140 1620 2320 1677 cidere
2340 1661 2353 1685 ,
2385 1633 2484 1675 nec
2514 1628 2692 1675 nostra
2721 1618 2955 1687 ipsorum
2983 1613 3191 1684 ignavia
3220 1611 3322 1666 alia
3349 1610 3504 1666 nobis
3532 1608 3735 1664 addere

2143 1714 2208 1770 iis
2234 1713 2398 1779 curis,
2428 1726 2562 1783 quas
2590 1711 2667 1767 rei
2694 1719 2881 1764 natura
2911 1706 3098 1777 pariat,
3126 1704 3348 1773 majora.

2212 1807 2423 1865 LXXV.
2444 1806 2577 1874 Quid
2591 1806 2655 1862 sit
2672 1804 2932 1859 habentem
2952 1816 3158 1855 uxorem
3174 1814 3274 1852 non
3290 1797 3567 1850 habere.—-
3577 1793 3734 1860 Quod

2143 1904 2185 1958 si
2213 1902 2332 1973 quis
2352 1902 2511 1957 etiam
2532 1899 2731 1955 clarius
2757 1895 3055 1965 intelligere
3076 1891 3209 1957 vult,
3235 1889 3359 1961 quid
3382 1889 3470 1953 sit,
3496 1886 3734 1942 Uxorem

2147 1996 2430 2051 habentem
2457 1991 2677 2064 perinde
2699 2004 2819 2047 esse
2843 2002 2907 2043 ac
2936 1987 2979 2041 si
3010 1999 3115 2040 non
3137 1983 3379 2048 haberet,
3404 1981 3450 2036 is
3474 1979 3607 2034 mihi
3628 1993 3737 2032 non

2145 2087 2407 2143 habentes
2445 2094 2603 2154 atque
2631 2081 2922 2138 cruciﬁxus
2950 2077 3179 2147 cogitet,
3218 2072 3486 2143 quomodo
3514 2071 3737 2141 degant.

2144 2177 2422 2247 Quomodo
2450 2176 2610 2246 igitur
2634 2171 2866 2244 degunt?
2895 2168 3009 2225 Non
3040 2180 3263 2222 necesse
3293 2164 3489 2218 habent
3514 2162 3737 2216 ancilla-

2145 2287 2263 2327 rum
2301 2284 2513 2342 gregem
2555 2281 2834 2331 coemere,
2864 2276 2969 2318 non
3014 2274 3202 2315 aurum
3244 2273 3307 2312 ac
3345 2256 3594 2320 monilia,
3628 2268 3737 2308 non

2145 2364 2288 2420 aedes
2314 2360 2623 2432 magniﬁcas
2639 2366 2694 2413 ct
2722 2355 2944 2425 amplas,
2972 2368 3081 2409 non
3110 2359 3186 2405 tot
3211 2364 3273 2405 ac
3298 2356 3375 2403 tot
3403 2356 3560 2402 terra:
3581 2347 3739 2417 juge-

2145 2472 2234 2523 ra;
2267 2456 2361 2512 sed
2387 2456 2453 2509 iis
2473 2452 2720 2509 omnibus
2745 2447 2980 2504 dimissis
3006 2443 3258 2499 amictum
3285 2456 3449 2495 unum
3473 2447 3633 2507 atque
3658 2439 3740 2491 vi-

2144 2558 2286 2605 ctum
2314 2552 2617 2618 procurant.
2652 2542 2800 2596 Licet
2823 2547 2997 2594 autem
3018 2547 3251 2589 uxorem
3288 2530 3503 2586 habenti
3526 2529 3595 2583 ad
3616 2544 3738 2583 eam

2146 2656 2206 2698 se
2242 2637 2637 2711 philosophiam
2671 2633 2946 2689 reducere.
2974 2628 3106 2684 Nam
3146 2625 3286 2696 quod
3328 2638 3488 2693 supra
3520 2622 3625 2689 ait,
3653 2621 3741 2676 Ne

2147 2733 2447 2805 defraudato
2481 2730 2610 2783 alter
2633 2728 2850 2782 alterum
2877 2722 2925 2797 (ι
2950 2761 2961 2777 .
2995 2720 3115 2777 Cor.
3143 2720 3195 2774 7.
3227 2718 3318 2791 5),
3347 2717 3413 2772 de
3439 2717 3584 2771 coitu
3613 2716 3741 2769 solo

2146 2826 2345 2881 dictum
2375 2829 2457 2878 est
2485 2834 2501 2878 :
2530 2821 2582 2875 in
2608 2834 2677 2875 eo
2705 2818 2846 2874 enim
2874 2814 3101 2870 invicem
3126 2808 3533 2879 obsequijubet,
3563 2821 3741 2876 neque

2146 2920 2461 2975 alterutrum
2484 2915 2565 2971 sui
2589 2912 2865 2969 dominum
2894 2922 3014 2965 esse
3038 2908 3165 2963 sinit
3194 2921 3209 2958 :
3240 2906 3290 2959 in
3320 2903 3527 2972 reliquo
3555 2899 3732 2970 philo-

2148 3010 2351 3079 sophia:
2375 3007 2648 3073 exercitio,
2682 3002 2897 3065 Vestitu,
2930 3001 3091 3065 victu,
3123 3005 3281 3067 atque
3310 2994 3427 3049 aliis
3452 2991 3729 3053 omnibus,

2148 3102 2285 3156 alter
2304 3100 2455 3154 alteri
2478 3110 2582 3152 non
2611 3103 2693 3151 est
2712 3091 2996 3157 obnOxius,
3025 3088 3119 3144 sed
3140 3096 3195 3143 et
3219 3086 3347 3141 viris
3371 3084 3448 3139 fas
3467 3093 3548 3138 est
3565 3094 3739 3136 uxore

2149 3193 2311 3247 invita
2332 3190 2550 3247 delicias
2576 3198 2764 3243 omnes
2789 3198 2851 3240 ac
2874 3180 3327 3238 eircumtluentem
3349 3190 3595 3232 curarum
3619 3182 3736 3227 tur-

2150 3288 2271 3343 bam
2291 3284 2528 3350 amoliri;
2551 3289 2606 3337 et
2631 3279 2783 3335 uxori
2808 3275 3042 3333 vicissim
3070 3288 3176 3328 non
3202 3280 3284 3326 est
3311 3281 3549 3333 necesse,
3570 3268 3618 3322 si
3639 3281 3739 3320 no-

2151 3380 2227 3445 lit,
2249 3377 2408 3441 comi,
2432 3376 2641 3430 inanem
2670 3371 2835 3443 gloria
2845 3384 2895 3423 m
2921 3374 3155 3437 captare,
3177 3374 3499 3431 supervacua
3520 3371 3734 3412 curare.

2150 3470 2260 3525 Nec
2288 3467 2511 3537 injuria;
2540 3480 2660 3519 nam
2688 3460 2949 3531 cupiditas
2974 3455 3189 3527 quidem
3218 3453 3307 3507 illa
3334 3448 3589 3505 naturalis
3615 3456 3735 3512 est;

2150 3562 2327 3631 itaque
2350 3559 2398 3614 ei
2431 3554 2670 3612 nonnihil
2700 3551 3058 3608 condonatum
3100 3554 3217 3607 est,
3259 3557 3358 3598 nec
3400 3548 3573 3611 potest
3600 3540 3738 3593 alter

2149 3652 2370 3707 alterum
2399 3649 2665 3703 nolentem
2704 3641 3020 3699 defraudare
3045 3656 3061 3703 ;
3104 3638 3216 3692 btec
3246 3649 3373 3690 vero
3399 3632 3733 3693 deliciarum,

2151 3740 2461 3813 supervacui
2486 3739 2678 3805 cultus,
2715 3733 2911 3790 inutilis
2927 3745 3088 3796 curae,
3115 3743 3217 3783 non
3244 3742 3273 3781 a
3297 3736 3481 3779 natura
3512 3722 3730 3791 proficis

2152 3835 2333 3900 scitur,
2354 3833 2447 3887 sed
2465 3846 2528 3885 ex
2546 3828 2751 3900 ignavia
2771 3834 2825 3881 et
2863 3822 3049 3893 insigni
3068 3819 3301 3890 nequitia
3328 3823 3522 3871 manat.
3543 3813 3725 3881 Quare

2152 3942 2323 3998 neque
2345 3927 2395 3980 in
2425 3925 2528 3990 his,
2553 3932 2607 3977 ut
2634 3923 2687 3975 in
2710 3920 2833 3984 illis,
2857 3917 3110 3987 coniuges
3133 3914 3357 3967 invicem
3381 3908 3546 3964 teneri
3566 3907 3731 3977 cogit.

2153 4020 2264 4075 Hoc
2294 4018 2452 4088 igitur
2479 4023 2594 4081 est,
2627 4013 2856 4068 Urorem
2899 4008 3153 4063 habentes
3195 4003 3419 4074 perinde
3445 4010 3567 4056 esse
3595 4012 3659 4052 ac
3686 4011 3733 4051 SI

2153 4126 2259 4165 non
2298 4109 2588 4169 haberent,
2617 4114 2974 4174 supervacuas
3003 4098 3122 4151 illas
3148 4105 3360 4165 propter
3389 4106 3608 4147 uxorum
3648 4089 3733 4142 fu-

2151 4219 2271 4260 cum
2300 4216 2361 4257 ac
2395 4200 2673 4255 mollitiem
2715 4209 2871 4251 curas
2909 4209 3015 4248 non
3057 4191 3337 4246 admittere
3358 4229 3374 4254 ,
3404 4186 3499 4248 sed
3528 4194 3731 4239 tantum

2152 4310 2400 4353 curarum
2429 4292 2720 4347 auctarium
2748 4288 3019 4356 suscipere
3043 4326 3058 4350 ,
3087 4290 3339 4353 quantum
3368 4294 3462 4349 par
3484 4279 3552 4332 sit
3575 4278 3735 4332 unius

2153 4387 2341 4458 capitis
2366 4381 2749 4446 additam'ento,
2776 4387 2935 4448 atque
2960 4377 3077 4445 ejus
3102 4371 3463 4444 philosophice
3486 4384 3549 4423 ac
3570 4370 3735 4423 tenui-

2155 4492 2235 4537 tcr
2259 4479 2421 4534 vitam
2452 4474 2794 4531 instituentis.
2826 4471 2881 4526 Id
2910 4471 3050 4525 enim
3080 4482 3138 4523 se
3166 4467 3303 4521 velle
3326 4464 3606 4519 corollario
3634 4462 3733 4515 hoc

2153 4571 2446 4644 significat,
2483 4568 2545 4623 Et
2571 4566 2655 4637 qui
2692 4566 2813 4635 ﬂent
2850 4570 3104 4631 tamquam
3142 4575 3241 4612 non
3269 4558 3441 4627 ﬂentes
3472 4553 3651 4626 (Ibid.
3683 4568 3732 4605 ιν.

2153 4665 2277 4737 50),
2308 4672 2362 4720 et
2385 4662 2472 4733 qui
2502 4660 2553 4715 in
2586 4656 2800 4728 praediis
2829 4653 3082 4723 gaudent,
3110 4662 3174 4705 ac
3202 4649 3246 4703 si
3277 4662 3380 4702 non
3400 4645 3732 4717 gauderent:
3783 4650 3787 4653 ‘

2153 4765 2272 4813 nam
2293 4772 2388 4811 nec
2400 4755 2487 4825 qui
2507 4767 2607 4807 non
2621 4748 2869 4821 gaudent,
2888 4744 3083 4817 praedia
3100 4742 3389 4804 curabunt;
3409 4754 3505 4795 nec
3520 4740 3607 4809 qui
3628 4752 3733 4792 non

2153 4850 2283 4904 ﬂent
2300 4890 2313 4911 ,
2348 4854 2438 4900 aut
2466 4843 2696 4913 inopiam
2726 4841 2943 4895 horrere
2963 4880 2977 4905 ,
3004 4843 3095 4890 aut
3120 4834 3472 4904 frugalitatem
3494 4832 3731 4884 aversari

2154 4945 2423 5011 poterunt.
2452 4935 2563 4990 Hoc
2594 4948 2723 4989 vero
2761 4940 2843 4987 est
2874 4936 3095 4984 ux0rem
3135 4926 3331 4980 habere
3370 4938 3467 4977 nec
3498 4922 3693 4975 habere
3716 4960 3733 4987 ,

2155 5032 2352 5089 mundo
2378 5030 2454 5085 uti
2483 5043 2581 5084 nec
2603 5026 2766 5082 abuti.
2799 5024 2899 5091 Qui
2936 5039 3050 5075 cum
3074 5036 3231 5074 uxore
3258 5026 3329 5073 est
3353 5059 3367 5083 ,
3396 5016 3639 5071 sollicitus
3664 5025 3736 5069 est

2155 5141 2267 5197 qua:
2294 5133 2408 5179 sunt
2434 5120 2607 5175 mundi
2634 5117 2795 5188 (Ibid.
2838 5132 2886 5169 υ.
2911 5114 3037 5186 '55).
3071 5113 3250 5182 Itaque
3298 5126 3418 5165 cum
3457 5120 3509 5164 et
3555 5109 3641 5162 hic
3682 5116 3734 5162 et

2156 5218 2262 5274 illic
2288 5224 2521 5280 curetur,
2544 5222 2701 5283 atque
2725 5210 2811 5263 hic
2834 5208 2991 5262 etiam
3023 5216 3221 5261 temere
3243 5214 3296 5260 et
3318 5204 3528 5265 frustra,
3557 5204 3662 5255 imo
3683 5210 3735 5255 et

2155 5312 2378 5367 moIeSt‘e
2406 5319 2458 5364 et
2484 5308 2680 5362 misere
2712 5305 2865 5375 (nam
2909 5300 3297 5360 Tribulationem
3327 5296 3503 5370 [lbid.
3529 5302 3578 5349 υ.
3600 5294 3672 5350 ‘18
3697 5293 3729 5367 Ῑ.

2155 5405 2342 5475 ittquit,
2372 5402 2538 5457 carnis
2566 5398 2814 5453 habebunt
2843 5394 3135 5466 hujusmodi
3154 5395 3192 5464 ),
3224 5393 3348 5457 illic,
3381 5389 3518 5460 quod
3551 5390 3735 5459 ingens

2152 5493 2349 5552 bonum
2384 5495 2471 5561 sit,
2501 5504 2597 5547 cur
2626 5506 2729 5545 non
2760 5491 2900 5544 illam
2928 5489 3105 5559 potius
3143 5484 3486 5541 adsciscimus
3511 5494 3692 5534 curam
3718 5522 3732 5542 ,

2156 5602 2274 5658 qua:
2302 5599 2405 5640 non
2434 5585 2607 5638 solum
2639 5592 2715 5637 tot
2743 5596 2807 5636 ac
2836 5590 3009 5635 tantas
3036 5574 3495 5634 remunerationes
3522 5570 3733 5635 habeat,

2156 5678 2248 5735 sed
2276 5677 2375 5732 hac
2404 5686 2592 5731 natura
2631 5676 2791 5729 etiam
2828 5674 2995 5729 levior
3023 5671 3123 5727 sit?
3148 5668 3281 5738 Quid
3305 5667 3447 5723 enim
3474 5674 3629 5720 curat
3661 5666 3735 5718 in.

2157 5771 2361 5842 nupta?
2387 5786 2456 5825 an
2484 5784 2633 5840 opes,
2661 5784 2727 5823 an
2756 5782 2944 5823 vernas
2970 5809 2984 5834 ,
3013 5782 3082 5821 an
3104 5774 3435 5827 mcouomos,
3466 5775 3532 5815 an
3554 5774 3733 5830 agros,
