3898 6276
355 292 456 347 589

359 410 634 478 μαγείροις
679 404 968 477 ἐφέστηκε,
1003 405 1096 459 καὶ
1141 405 1423 474 ὑφάνταις,
1451 406 1544 459 καὶ
1571 407 1637 476 τῇ
1664 405 1824 475 λοιπῇ
1859 403 2023 474 θερα-

349 494 509 565 πείας
543 495 788 562 ’Δπαγεο
831 495 982 546 οὐδὲν
1037 493 1242 546 τούτων
1293 496 1371 557 εἰς
1418 493 1543 546 νοῦν
1589 493 1860 563 βάλλεται,
1904 490 2020 544 ἀλλ’

349 579 408 637 εν
440 583 711 654 φροντίζει
746 583 922 653 μόνον,
968 582 1067 654 τὴν
1106 581 1274 653 αὑτῆς
1306 582 1607 653 οἰκοδομεῖν
1633 593 1658 621 α
1687 581 1888 651 ψυχὴν,
1927 579 2018 631 τδν

353 670 476 724 ναὸν
524 673 729 724 ἐκεῖνον
783 671 873 723 τὸν
923 670 1074 738 ἆγιον
1121 672 1344 740 κοσμεῖν
1379 671 1478 724 οὑκ
1521 671 1579 722 ἐν
1629 669 1941 738 πλέγμασιν
1987 667 2022 739 ἢ

350 759 536 832 χρυσῷ
565 760 596 830 ἢ
632 757 1020 830 μαργαρίταις,
1052 758 1152 810 οὑκ
1185 757 1587 828 ἐπιτρίμμασιν
1618 757 1740 810 οὑδὲ
1777 757 1914 824 ὑπογ
1929 774 2023 827 ρα-

349 851 498 916 φαῖς,
545 849 604 900 οὑ
636 850 754 910 ταῖς
785 847 974 910 ἄλλαις
1005 844 1315 908 δυσκολίαις
1344 847 1438 898 καί.
1493 844 1842 916 μοχθηρίαις,
1887 845 2024 898 ἀλλά

346 939 414 1007 τῇ
449 935 720 1006 ἁγιωσύνῃ
752 938 818 1006 τῇ
867 935 1008 988 κατά
1057 933 1215 1004 σῶμα
1264 933 1357 987 καὶ
1406 933 1548 986 κατὰ
1580 931 1816 1002 πνεῦμα.
1861 933 1925 986 Ἠ
1957 931 2026 984 δὲ

349 1024 679 1094 γαμήσασα
706 1025 754 1086 ι),
784 1023 951 1094 φησὶ,
1005 1021 1261 1093 μεριμνᾷ
1302 1021 1427 1088 πῶς
1462 1020 1665 1090 ἁρέσει
1715 1019 1794 1085 τῷ
1827 1020 2022 1088 ἀνδρί.

357 1112 569 1183 Σφόδρα
607 1113 843 1174 συνετῶς
875 1111 974 1164 οὑκ
1024 1107 1186 1182 ἦλθεν
1229 1110 1322 1163 ἐπὶ
1371 1112 1468 1180 τὴν
1519 1109 1626 1162 τῶν
1682 1109 2024 1181 πραγμάτων

348 1200 527 1253 αὑτῶν
606 1200 874 1264 ἐξέτασιν,
927 1200 1047 1252 ούδέ
1093 1196 1244 1252 εἶπεν
1293 1201 1393 1251 ὅσα
1448 1198 1714 1268 πάσχουσι
1772 1199 2025 1265 γυναῖκες

350 1289 490 1360 ὑπὲρ
542 1288 641 1358 τῆς
675 1289 754 1351 εἰς
797 1287 923 1351 τοὺς
970 1287 1167 1359 ἀνδρας
1213 1286 1506 1357 ἀρεσκείας
1556 1285 1651 1338 καὶ
1683 1283 1760 1354 τῷ
1813 1283 2025 1354 σώματι

347 1377 445 1430 καὶ
483 1379 548 1447 τῇ
582 1377 762 1447 ψυχῇ,
807 1376 868 1428 τὸ
911 1377 1006 1446 μὲν
1053 1375 1438 1446 βασανίζουσαι
1472 1377 1568 1428 καὶ
1622 1373 1883 1426 κονιῶσαι
1931 1373 2025 1426 καὶ

348 1465 560 1535 ἑτέραις
601 1465 856 1518 κολάσεσι
895 1466 1345 1528 κατατείνουσαι,
1384 1465 1484 1533 τὴν
1527 1465 1583 1516 δὲ
1623 1461 2022 1532 ἀνελευθερίας,

347 1553 672 1617 κολακείας,
721 1553 1092 1624 ὑποκρίσεως,
1136 1553 1528 1624 μικροψυχίας,
1577 1551 1876 1622 φροντίδων
1924 1567 2022 1602 πε-

350 1641 548 1713 ριττῶν
578 1643 670 1694 καὶ
699 1643 972 1712 ἀνονήτων
1002 1640 1333 1713 πληροῦσαιο
1365 1639 1502 1692 ἀλλά
1532 1642 1632 1710 μιᾷ
1659 1640 1815 1710 ῥήσει
1848 1639 2024 1692 πάντα

346 1727 519 1782 ταῦτα
566 1727 910 1798 αἰνιξάμενος
937 1740 959 1768 ο
995 1729 1179 1799 ἀφῆκε
1229 1727 1306 1798 τῷ
1341 1727 1600 1781 συνειδότι
1654 1726 1762 1779 τῶν
1797 1726 2025 1779 ἀκουόν-

347 1832 456 1869 των
489 1817 626 1869 αὑτά
659 1817 1078 1884 ἀναλογίσασθαι
1099 1833 1111 1846 ο
1146 1816 1237 1869 καὶ
1267 1815 1444 1881 δείξας
1479 1815 1620 1869 οὑτω
1664 1814 1763 1884 τῆς
1815 1812 2023 1884 παρθε-

347 1903 464 1962 νίας
490 1905 589 1976 τὴν
623 1906 914 1976 ὑπεροχὴν,
943 1905 1036 1957 καὶ
1065 1904 1201 1976 πρὸς
1230 1904 1392 1957 αὑτὸν
1423 1890 1560 1974 ἄρας
1604 1902 1773 1972 αὑτὴν
1815 1902 1905 1954 τὸν
1933 1903 2024 1953 οὑ-

350 1994 530 2064 ρανδν,
563 1993 724 2046 πάλιν
767 1992 1119 2064 μετατίθησιν
1167 1993 1261 2044 ἐπὶ
1299 1991 1399 2062 τὴν
1437 1990 1532 2043 τοῦ
1582 1990 1762 2060 γάμου
1811 1987 2024 2058 συγχώ-

351 2098 505 2150 ρησιν
533 2082 626 2135 τὸν
656 2081 834 2149 λόγον,
869 2079 1143 2150 πανταχοῦ
1176 2079 1430 2142 δεδοικὼς
1471 2079 1546 2150 μή
1581 2095 1665 2142 τις
1693 2077 1752 2130 τὸ
1788 2079 2026 2148 πρᾶγμα

347 2168 627 2239 ἐπίταγμα
656 2164 796 2220 εἶναι
822 2166 1040 2240 νομίζῃ.
1069 2166 1270 2237 Διόπερ
1297 2166 1418 2218 οὑδέ
1457 2163 1702 2234 ἠρκέσθη
1730 2166 1850 2227 ταῖς
1890 2180 2024 2235 προ-

347 2255 534 2326 τέραις
569 2254 974 2326 παραινέσεσιν,
1020 2253 1134 2306 ἀλλ’
1175 2254 1382 2306 εἰπών·
1437 2253 1758 2322 Ἐπιταγὴν
1795 2250 2023 2320 Κυρίου

347 2349 459 2401 οὐκ
491 2347 638 2415 ἔχω’
672 2347 786 2411 καὶ,
830 2346 964 2399 Ἐὰν
997 2345 1156 2416 γήμῃ
1193 2345 1231 2412 ἡ
1269 2344 1590 2413 παρθένος,
1627 2347 1738 2412 οὐχ
1775 2344 2020 2413 ἥμαρτε,

349 2437 512 2491 πάλιν
535 2436 770 2490 ἐνταῦθά
800 2451 984 2507 φησιν,
1007 2439 1128 2506 Οὐχ
1148 2437 1249 2490 ἵνα
1267 2437 1388 2504 ,βρό
1390 2453 1504 2505 χον
1519 2436 1660 2504 ὑμῖν
1679 2435 1966 2491 ἐπιϐάλω.

417 2526 554 2591 OG”.
601 2525 771 2596 ’Υπὲρ
798 2519 858 2578 οὑ
889 2525 982 2577 καὶ
1005 2524 1387 2596 διαπορήσειεν
1409 2524 1474 2578 ἀν
1508 2542 1592 2587 τις
1621 2525 1876 2588 εἰκότως,
1907 2525 2023 2589 πῶς

347 2612 606 2684 ἀνωτέρω
639 2611 792 2666 λύσιν
816 2612 1030 2683 δεσμῶν
1067 2612 1128 2666 τὸ
1167 2613 1400 2684 πρᾶγμα
1431 2613 1632 2678 καλῶν,
1668 2614 1763 2668 καὶ
1794 2613 1929 2682 πρὸς
1960 2613 2022 2666 τὸ

351 2699 628 2772 συμφέρον
651 2703 785 2771 ἡμῖν
808 2700 939 2752 αὑτὸ
965 2699 1356 2771 συμϐουλεύειν
1386 2700 1582 2768 λέγων,
1611 2701 1704 2754 καὶ
1732 2701 1819 2754 ἵνα
1844 2700 2022 2769 θλῖψιν

351 2789 424 2858 μὴ
466 2788 698 2859 ἔχωμεν,
732 2789 821 2840 καὶ
861 2788 945 2842 ἵνα
979 2787 1275 2858 ἀμέριμνοι
1304 2781 1476 2858 ὦμεν,
1524 2790 1618 2841 καὶ
1648 2789 1836 2861 ἐπειδὴ
1869 2787 2021 2860 [529]

347 2876 588 2944 φείδεται
636 2877 812 2946 ἡμῶν,
865 2876 957 2928 καὶ
1011 2876 1099 2928 διὰ
1151 2875 1356 2928 τούτων
1408 2877 1666 2929 ἀπάντων
1713 2877 1926 2940 δεικνὺς
1964 2876 2023 2929 τὸ

345 2963 545 3031 κοῦφον
579 2963 740 3016 αὑτοῦ
787 2965 880 3016 καὶ
932 2963 1188 3033 φορητὸν,
1239 2962 1474 3017 ἐνταῦθά
1525 2979 1716 3034 φησιν·
1759 2965 1880 3031 Οὐχ
1923 2964 2022 3018 ἵνα

339 3054 576 3122 ,βρᾴχον
609 3051 750 3120 ὑμῖν
783 3051 1078 3114 ἐπιϐά.ἰω;
1111 3052 1174 3104 Τί
1210 3047 1303 3104 οὖν
1341 3054 1524 3115 ὲστιν;
1557 3051 1632 3103 Οὑ
1676 3051 1774 3121 τὴν
1816 3051 2022 3122 παρθε-

345 3144 466 3196 νίαν
503 3141 693 3213 βρόχον
744 3141 1030 3195 ἐκάλεσεν·
1067 3143 1280 3210 ἄπαγε’
1323 3141 1459 3194 ἀλλά
1493 3141 1553 3194 τὸ
1596 3140 1734 3211 μετὰ
1769 3142 1890 3212 βίας
1930 3143 2024 3195 καὶ

345 3231 592 3300 ἀνάγκης
644 3231 917 3301 αἱρεῖσθαι
967 3231 1125 3284 τοῦτο
1174 3231 1236 3284 τὸ
1283 3231 1468 3284 καλόν.
1520 3232 1630 3285 Καὶ
1692 3233 1804 3303 γάρ
1851 3233 2024 3298 οὕτως

345 3318 482 3389 ἔχει.
531 3319 645 3371 Πᾶν
675 3319 813 3389 ὅπερ
862 3319 928 3371 ἂν
965 3318 1281 3390 βιαζόμενος
1310 3321 1402 3371 καὶ
1439 3320 1576 3391 μετά
1624 3319 1718 3372 τοῦ
1769 3322 1845 3392 μὴ
1894 3322 2018 3392 βούο

346 3405 536 3459 λεσθαι
567 3407 924 3477 καταδέχηταί
957 3425 1062 3470 τις,
1105 3408 1207 3461 κᾶν
1251 3409 1456 3479 σφόδρα
1492 3409 1691 3479 κοῦφον
1717 3405 1772 3483 ᾗ,
1807 3412 2022 3465 πάντων

347 3495 748 3564 ἀφορητότερον
801 3496 1029 3564 γίνεται,
1066 3497 1159 3549 καὶ
1210 3497 1446 3567 ἀγχόνης
1495 3499 1876 3571 χαλεπώτερον
1924 3500 2022 3571 τὴν

344 3583 624 3654 ἡμετέραν
657 3583 948 3652 ἀποπνίγει
991 3584 1190 3655 ψυχήν,
1220 3585 1316 3638 Διά
1351 3587 1508 3639 τοῦτο
1549 3586 1722 3650 εἶπεν,
1754 3591 1877 3658 Οὐχ
1921 3589 2023 3642 ἵνα

341 3672 576 3740 ,βρόχον
609 3671 750 3740 ὑμῖν
791 3670 1079 3725 ἐπιϐάλωο
1111 3673 1268 3726 τοῦτό
1293 3675 1468 3727 ἐστιν’
1507 3675 1757 3730 ’Ἂπαντα
1787 3677 1853 3730 τά
1883 3677 2023 3730 καλὰ

347 3760 443 3830 τῆς
467 3759 764 3830 παρθενίας
795 3755 949 3813 εἷπον
980 3762 1075 3814 καὶ
1103 3761 1385 3828 ἀπέδειξα,
1405 3763 1501 3818 καὶ
1521 3765 1658 3834 μετά
1671 3766 1842 3819 ταῦτα
1872 3767 2022 3837 ὅμως

348 3848 562 3902 ἅπαντα
603 3849 701 3920 τὴν
758 3850 968 3921 αἵρεσιν
1014 3851 1142 3920 ὑμῖν
1188 3851 1469 3922 ἐπιτρέπω
1514 3853 1609 3906 τοῦ
1659 3855 2014 3926 πράγματος,

345 3937 468 4006 ούχὶ
495 3936 570 4008 μὴ
611 3936 968 4007 βουλομένους
1017 3938 1162 3990 ’έλκω
1191 3940 1326 4010 πρὸς
1357 3939 1453 4010 τὴν
1480 3942 1701 4013 ἀρετήν.
1745 3943 1878 3996 Οὑδὲ
1913 3943 2022 4015 γὰρ

348 4025 491 4094 ὑμᾶς
513 4025 694 4092 θλῖψαι
725 4024 1048 4094 βουλόμενος
1081 4026 1254 4078 ταῦτα
1291 4029 1707 4093 συνεϐούλευσα,
1733 4031 1846 4084 ἀλλ’
1875 4029 2016 4084 ὥστε

351 4113 426 4183 μὴ
448 4113 547 4182 τὴν
590 4112 901 4182 εὐσχήμονα
941 4113 1262 4184 προσεδρίαν
1299 4115 1404 4168 ὑπὸ
1431 4116 1540 4170 τῶν
1567 4118 1833 4188 βιωτικῶν
1864 4121 2022 4174 ἐκκο-

350 4200 520 4268 πῆναι
564 4199 925 4269 πραγμάτων.
977 4201 1048 4251 Σὺ
1082 4201 1139 4254 δέ
1176 4220 1264 4272 μοι
1299 4203 1398 4258 θέα
1435 4205 1716 4259 κάνταῦθα
1753 4209 1845 4261 τοῦ
1881 4209 2020 4262 Παύ-

347 4287 440 4339 λου
483 4286 581 4356 τὴν
614 4286 850 4350 σύνεσιν,
886 4287 1002 4351 πῶς
1046 4293 1165 4354 ταῖς
1199 4294 1562 4364 παραιτήσεσι
1611 4295 1775 4350 πάλιν
1819 4299 2020 4369 παραί-

348 4385 496 4420 νεσιν
543 4369 901 4440 ἐπεισήγαγε,
937 4372 1030 4424 καὶ
1077 4371 1166 4426 διὰ
1209 4375 1307 4445 τῆς
1341 4379 1738 4448 συγχωρήσεως
1778 4380 2014 4450 συμϐου-

349 4451 466 4522 λήν.
498 4451 589 4521 Τῷ
624 4452 732 4522 γὰρ
778 4457 970 4519 εἰπεῖν,
1000 4459 1120 4510 Οὐκ
1157 4458 1482 4528 ἀναγκάζω,
1523 4461 1684 4515 ἀλλὰ
1725 4463 2016 4531 παραινῶ,

351 4536 443 4588 καὶ
477 4535 824 4606 προσθεῖναι,
861 4538 950 4591 διὰ
999 4541 1066 4594 Τὸ
1112 4541 1426 4612 εὔσχημον
1455 4545 1551 4598 καὶ
1587 4547 2017 4616 εὐπρόσεδροι·,

349 4618 643 4702 ἕδειξετῆς
683 4621 978 4691 παρθενίας
1005 4625 1064 4677 τὸ
1096 4625 1424 4697 θαυμαστὸν,
1458 4631 1549 4682 καὶ
1578 4630 1637 4683 τὸ
1664 4630 1850 4702 κέρδος
1895 4633 2018 4686 ὅσον

347 4702 482 4786 ἡμῖν
501 4701 577 4786 ηέν
608 4705 672 4786 τῇ
712 4703 852 4786 κατά
896 4706 1027 4760 Θεὸν
1065 4709 1158 4762 ἀπ’
1188 4711 1359 4782 αὐτῆς
1391 4713 1599 4781 γίνεται
1641 4701 1904 4786 πολιτεία.
1939 4717 2016 4770 Οὑ

351 4780 461 4847 γὰρ
499 4779 577 4834 ένι
605 4783 714 4873 ⁶τὴν
762 4784 1039 4873 βιωτικαῖς
1090 4779 1548 4865 ἐμπεπλεγμένην
1596 4779 1874 4867 φροντίσι,
1923 4796 2018 4849 καί⁸

352 4868 629 4952 πανταχοῦ
687 4868 1133 4952 ⁸περιελκομένην
1198 4875 1554 4948 εὑπρόσεδρον
1600 4875 1628 4915 ἀ
1685 4873 1858 4940 εἶναι,
1920 4877 2018 4947 τῆς

354 4941 590 5029 σπρυδῆς
612 4945 709 5029 καὶ
741 4949 934 5020 σχολῆς
963 4941 1178 5024 ἀπάσης
1205 4957 1284 5019 εἰς
1306 4941 1481 5010 ⁷πολλά
1517 4954 1904 5029 μεριζομὲνηςς
1937 4941 2018 5020 είς

351 5020 520 5106 ἀνδρα
569 5024 729 5106 λέγω,
780 5030 874 5082 καὶ
924 5033 1101 5097 οἰκίας
1136 5020 1482 5106 ἐπιμέλειαν,
1517 5020 1629 5090 ’κάὶ
1677 5020 1785 5090 τῶν
1840 5020 2018 5091 ἀλλων

352 5101 628 5188 ἀπάχτων,
657 5105 798 5188 άπερ
831 5110 858 5161 ό
891 5113 1066 5184 γάμος
1098 5101 1454 5188 ἐπισύρεσθαι
1484 5117 1661 5170 εἴωθε.

421 5183 538 5277 οἵ.
560 5185 623 5237 Τί
654 5183 758 5277 οὖν.
784 5183 1109 5277 φησὶῃδταν
1130 5183 1275 5269 καὶή
1296 5199 1559 5270 παρθένος
1575 5197 1742 5251 πολλά
1760 5213 2017 5268 πραγμα-

349 5271 624 5357 τεύηται-,ι
663 5271 755 5357 καὶ
806 5275 1074 5357 μερίμνας
1120 5279 1216 5351 ἔχῃ
1269 5279 1565 5350 βιωτικάς;
1612 5279 1860 5345 Ἄπαγε,
1911 5278 2016 5343 ἔξω

348 5348 552 5433 ταύτην
581 5348 810 5418 ἑλκύσας
843 5356 935 5410 τοῦ
963 5359 1069 5413 τῶν
1097 5348 1382 5431 παρθένων
1413 5360 1575 5432 χοροῦ
1596 5375 1609 5389 ⁸
1639 5359 1700 5412 οὗ
1727 5359 1834 5430 γὰρ
1859 5359 2019 5430 ἀρκεῖ

343 5426 411 5518 ξδ
443 5426 861 5518 μῆᾒαξιηίίἧναι
893 5442 1116 5511 ποιῆσαι
1163 5426 1452 5512 παρθένον,
1483 5426 1617 5494 ἀλλά
1659 5426 1746 5494 δεῖ
1777 5426 1872 5495 καὶ
1897 5426 2016 5512 ’τῆς

344 5502 584 5598 ψξδχικῇς
611 5502 863 5598 ᾇγ-ιείαςο
897 5502 1119 5590 ἁγνείαν
1153 5523 1211 5576 δὲ
1247 5502 1398 5592 ⁸λέγω
1437 5502 1496 5575 οὑ
1539 5522 1600 5575 τὸ
1637 5525 1877 5595 πονηρᾶς

345 5592 579 5660 αἰσχρᾶς
607 5595 896 5668 ἐπιθυμίας
933 5601 1275 5674 ἀπηλλάχθαι
1313 5603 1472 5673 μόνον
1498 5603 1590 5656 καὶ
1623 5592 2013 5675 καλλωπισμά-

409 5677 435 5754 .a
461 5679 579 5745 ⁸θὸ-
606 5685 746 5747 μόνον
764 5696 848 5749 τῆς
868 5691 1014 5750 αὐτῆς
1037 5691 1318 5754 οἰκονομεῖν.

409 5740 434 5779 ι’
461 5740 578 5810 [Ir-:5.
607 5740 885 5810 γαμηθεισα.

407 5810 423 5874 ‘_
457 5807 576 5874 Ἰξιᾜ.
607 5807 937 5874 ἐνδειξάμενος.

368 5865 424 5943 ιι¹
455 5870 570 5932 Hea.
595 5865 824 5941 πολιτεία,
848 5880 901 5926 ού
927 5875 1170 5940 πανταχοῦ
1197 5877 1557 5940 περιελκομένης
1601 5877 1678 5926 διὰ
1709 5893 1763 5924 το
1791 5878 1995 5942 ,εὐπρόσ-

335 5949 487 5992 εορυν,

1154 289 1213 345 S.
1248 288 1531 345 JOANNIS
1567 285 2053 344 CHRYSOSTOMI
2087 287 2405 345 AHCHIEP.
2444 290 2992 351 CONS’I‘ANTINOP.
3697 292 3781 344 590

2127 435 2235 470 των
2265 419 2360 472 καὶ
2402 422 2745 494 περιεργίας,
2775 423 2911 477 ἀλλά
2939 423 3032 477 καὶ
3063 424 3343 495 φροντίδος
3377 418 3516 476 εἶναι
3547 421 3777 492 καθαράν

2129 499 2425 573 βιωτικῆς·
2461 505 2527 559 ἂν
2565 506 2623 559 δὲ
2669 506 2744 579 μὴ
2784 507 2946 561 τοῦτο
2984 505 3042 582 ᾗ,
3069 510 3123 562 τί
3150 507 3210 561 τὸ
3246 507 3437 576 ὄφελος
3479 505 3784 577 σωματικῆς

2129 588 2534 659 καθαρότητος;
2583 593 2795 664 Ὠσπερ
2837 593 2948 663 γάρ
2999 591 3327 665 στρατιώτου
3375 593 3530 646 οὐδὲν
3576 592 3783 661 αἰσχρό-

2125 688 2281 742 τερον
2311 676 2505 742 γένοιτ’
2535 675 2601 729 ἂν
2632 677 2700 731 τά
2726 676 2866 730 ὅπλα
2895 677 3147 746 ῥίψαντος
3181 677 3274 731 καὶ
3315 676 3633 748 καπηλείοις
3678 693 3783 746 σχο-

2125 755 2401 824 λάζοντος,
2449 760 2623 823 οὑτως
2665 761 2786 814 οὐδὲ
2827 761 3115 829 παρθένων
3155 762 3629 834 ἀσχημονέστερον
3678 760 3786 829 βιω-

2125 845 2306 906 τικαῖς
2336 844 2697 915 ἐνδεδεμένων
2725 847 2993 917 φροντίσι.
3027 847 3135 899 Καὶ
3169 846 3279 918 γάρ
3312 848 3368 899 αἰ
3405 846 3566 899 πέντε
3593 848 3785 899 ἐκεῖναι

2127 927 2220 978 καὶ
2253 925 2542 996 λαμπάδας
2582 924 2725 998 εἶχον
2770 929 2862 981 καὶ
2913 928 3210 999 παρθενίαν
3253 929 3522 1000 ἤσκησαν,
3564 928 3681 981 ἀλλ’
3713 930 3789 980 οὑ-

2125 1007 2274 1072 δενὸς
2305 1010 2510 1063 τούτων
2553 1011 2858 1077 ἀπώναντο,
2885 1011 3022 1066 ἀλλά
3051 1011 3159 1065 τῶν
3189 1011 3370 1083 θυρῶν
3416 1011 3788 1065 ἀποκλεισθεί-

2130 1093 2237 1146 σῶν
2266 1095 2455 1164 έμενον
2486 1096 2591 1161 ἔξω
2630 1099 2723 1150 καὶ
2760 1096 3073 1150 ἀπώλλυντο
3099 1107 3146 1151 ο.
3180 1098 3289 1151 Καὶ
3317 1096 3426 1168 γὰρ
3461 1098 3493 1167 ἠ
3524 1096 3786 1168 παρθενία

2126 1177 2213 1231 διὰ
2239 1178 2394 1231 τοῦτο
2419 1179 2601 1244 καλὸν,
2622 1181 2704 1233 ὅτι
2735 1182 2912 1234 πᾶσαν
2944 1182 3201 1234 ἐκκόπτει
3227 1180 3501 1250 φροντίδος
3543 1179 3790 1233 ὑπόθεσιν

2129 1262 2409 1332 περιττῆς,
2437 1263 2530 1315 κιιί⁵
2562 1265 2741 1318 πᾶσαν
2769 1265 2964 1336 σχολὴν
2997 1268 3108 1328 τοῖς
3134 1265 3274 1318 κατὰ
3309 1264 3441 1316 Θεὸν
3475 1264 3788 1335 ἀνατίθησιν

2127 1344 2341 1414 ἔργοιςο
2389 1345 2465 1409 ὡς
2508 1347 2573 1400 ἂν
2614 1348 2687 1419 μὴ
2726 1349 2882 1402 τοῦτο
2921 1349 3062 1419 ἔχοι,
3107 1348 3238 1402 πολὺ
3276 1347 3370 1400 τοῦ
3412 1348 3594 1418 γάμου
3639 1347 3790 1401 πάλιν

2130 1433 2366 1487 ἐλάττων
2395 1435 2622 1504 γίνεται,
2651 1437 2890 1500 ἀκάνθας
2923 1439 2977 1490 ἐν
3007 1440 3070 1509 τῇ
3106 1438 3249 1508 ψυχῇ
3282 1437 3653 1507 περιφέρουσα
3707 1435 3791 1490 καὶ

2126 1519 2218 1573 τὸν
2245 1517 2486 1592 καθαρὸν
2516 1521 2612 1574 καὶ
2639 1522 2885 1593 οὐράνιον
2905 1518 3292 1592 ’συμπνίγουσα
3324 1521 3548 1591 σπόρον.

2198 1608 2322 1661 OH'.
2351 1609 2421 1662 El
2439 1606 2506 1660 δέ
2525 1624 2614 1673 τις
2633 1606 3024 1676 ἀσχημονεῖν,
3045 1625 3118 1676 φη
3128 1607 3228 1670 σἰν,
3247 1605 3342 1658 ἐπὶ
3368 1605 3484 1673 τὴν
3498 1603 3792 1674 παρθένον

2127 1691 2312 1744 αὑτοῦ
2350 1689 2588 1759 νομίζει,
2617 1690 2724 1744 ἐὰν
2748 1685 2788 1760 ᾖ
2817 1689 3179 1758 ὑπέρακμος,
3212 1688 3310 1742 καί
3349 1687 3537 1754 οὕτως
3570 1689 3792 1756 ὀφείλει

2126 1777 2414 1844 γίνεσθαι,
2447 1774 2479 1827 ὃ
2518 1773 2676 1828 θέλει
2719 1775 2977 1838 ποιείτω,
3035 1774 3148 1842 οὐχ
3199 1771 3541 1842 ἁμαρτάνει,
3596 1772 3792 1842 γαμεί-

2127 1876 2347 1915 τωσαν.
2383 1860 2447 1912 Τί
2485 1858 2684 1928 λέγεις,
2715 1861 2776 1910 Ὃ
2811 1858 2969 1912 θέλει
3017 1857 3286 1911 ποιείτω·
3323 1857 3418 1910 καί.
3450 1858 3512 1909 οὑ
3561 1856 3790 1928 διορθοῖς

2125 1943 2223 2014 τὴν
2260 1943 2606 2014 ἐσφαλμένην
2639 1941 2884 2013 γνώμην,
2924 1941 3038 1995 ἀλλ’
3077 1940 3396 2013 ἐπιτρέπεις
3435 1943 3665 2011 γαμεῖν;
3700 1941 3793 1992 Διά

2124 2027 2178 2080 τί
2207 2028 2316 2098 γάρ
2348 2027 2448 2080 οὑκ
2481 2024 2659 2091 εἶπες⁶
2704 2027 2765 2079 Et
2803 2025 2860 2078 δὲ
2905 2026 3236 2096 ἀσχημονεῖν
3267 2025 3360 2078 ἐπὶ
3392 2024 3490 2095 τὴν
3529 2024 3791 2095 παρθένον

2125 2109 2288 2162 αὑτοῦ
2331 2110 2562 2180 νομίζει,
2610 2109 2791 2173 ἄθλιός
2826 2111 2942 2162 ἐστι
2993 2109 3089 2161 καὶ
3135 2108 3512 2180 ταλαίπωρος,
3562 2111 3792 2178 πρᾶγμα

2124 2193 2267 2247 οὕτω
2292 2194 2602 2265 θαυμαστὸν
2630 2193 2988 2247 ἐπονείδιστον
3019 2189 3158 2246 εἶναι
3194 2194 3460 2264 νομίζωνς
3493 2194 3581 2247 διὰ
3621 2195 3672 2248 τί
3721 2195 3791 2265 μή

2127 2277 2555 2341 συνεϐούλευσας
2601 2277 2803 2347 ταύτης
2835 2277 3216 2346 ἀπαλλαγέντα
3260 2277 3360 2348 τῆς
3406 2278 3662 2347 ὑποψίας,
3693 2280 3794 2332 άπ-

2124 2364 2350 2430 αγαγεῖν
2370 2361 2464 2414 τοῦ
2491 2361 2670 2432 γάμου
2697 2363 2794 2434 τὴν
2822 2362 2986 2416 αὑτοῦ
3008 2361 3312 2434 θυγατέρας
3334 2363 3476 2425 Ὅτι,
3506 2365 3656 2433 φησὶ,
3688 2364 3793 2416 τῶν

2127 2444 2330 2516 σφόδρα
2354 2443 2597 2498 ἀσθενῶν
2623 2445 2718 2497 καὶ
2747 2446 2919 2515 χαμαὶ
2946 2446 3262 2517 συρομένων
3285 2442 3425 2517 ἦσαν
3461 2449 3515 2499 αἱ
3545 2447 3792 2501 τοιαῦται

2122 2528 2318 2600 ψυχαί·
2357 2529 2456 2592 τὰς
2484 2529 2540 2582 δὲ
2576 2528 2718 2582 οὕτω
2754 2530 3103 2601 διακειμένας
3134 2529 3286 2602 [330]
3312 2531 3412 2584 οὑκ
3437 2530 3564 2600 ἐνῆν
3598 2531 3793 2604 ἀθρόον

2124 2616 2352 2683 ἀγαγεῖν
2383 2616 2477 2667 ἐπὶ
2515 2615 2641 2678 τοὺς
2679 2615 2820 2686 ὑπὲρ
2862 2614 2962 2685 τῆς
3001 2613 3296 2685 παρθενίας
3337 2613 3548 2682 λόγους.
3589 2615 3646 2668 '0
3683 2616 3792 2685 γάρ

2124 2699 2264 2752 οὑτω
2293 2698 2429 2771 πρὸς
2459 2691 2527 2751 τά
2571 2698 2665 2752 τοῦ
2717 2699 2922 2768 κόσμου
2958 2698 3261 2769 πράγματα
3307 2697 3660 2770 ἐπτοημένος,
3698 2700 3790 2752 καὶ

2124 2783 2214 2836 τὸν
2247 2784 2491 2854 παρόντα
2532 2782 2645 2853 βίον
2679 2783 2996 2854 θαυμάζων,
3025 2777 3099 2848 ὡς
3151 2783 3244 2836 καὶ
3280 2783 3416 2852 μετά
3453 2782 3550 2853 τὴν
3598 2785 3792 2835 τοσαύ-

2123 2883 2223 2935 την
2274 2867 2594 2938 παραίνεσιν
2637 2868 2897 2938 αἰσχύνης
2942 2867 3090 2932 ἀξιον
3125 2860 3266 2920 εἶναι
3315 2866 3575 2936 νομίζειν,
3620 2866 3648 2918 ὃ
3681 2868 3790 2920 τῶν

2124 2949 2366 3021 οὐρανῶν
2417 2950 2565 3015 ἄξιόν
2604 2953 2720 3004 ἐστι
2763 2952 2856 3004 καί⁵
2900 2951 2996 3022 τῆς
3036 2949 3337 3021 ἀγγελικῆς
3390 2949 3659 3014 πολιτείας
3695 2953 3788 3018 ἐγ-

2124 3035 2245 3101 γὺς,
2276 3035 2393 3098 πῶς
2429 3035 2493 3088 ἂν
2523 3035 2784 3106 ἠνέσχετο
2826 3035 3133 3106 συμϐουλῆς
3171 3035 3250 3098 είς
3294 3033 3453 3087 τοῦτο
3489 3033 3789 3105 ἐναγούσης

2125 3119 2322 3184 αὑτόν;
2369 3119 2480 3172 Καὶ
2519 3119 2570 3171 τί
2609 3119 2942 3189 θαυμαστὸν,
2987 3122 3034 3172 εἰ
3076 3119 3168 3172 ἐπὶ
3216 3118 3541 3189 πράγματος
3595 3135 3791 3187 συγκε-

2125 3201 2448 3274 χωρημένου
2485 3201 2645 3254 τοῦτο
2671 3205 2699 3255 ό
2747 3201 2954 3264 Παῦλος
2990 3201 3262 3270 ἐποίησεν,
3303 3201 3436 3254 ὅπου
3467 3218 3530 3268 γε
3569 3201 3661 3254 ἐπὶ
3697 3219 3785 3255 κει

2126 3286 2440 3356 κωλυμένου
2484 3285 2576 3337 καὶ
2622 3285 2936 3357 παρανόμου
2967 3285 3026 3336 τὸ
3072 3285 3203 3337 αὑτὸ
3234 3283 3396 3337 πάλιν
3447 3287 3624 3348 ποιεῖς
3666 3281 3791 3337 Οἷὸν

2124 3389 2176 3425 τι
2221 3371 2388 3440 λέγω·
2426 3372 2488 3423 τδ
2535 3371 2634 3440 τῆς
2675 3369 2784 3422 τῶν
2835 3369 3139 3440 βρωμάτων
3193 3370 3630 3440 παρατηρήσεως
3673 3368 3791 3439 εχε-

2125 3454 2279 3518 σθαι,
2320 3455 2437 3508 καὶ,
2465 3453 2622 3506 τοῦτο
2668 3453 2766 3523 μὲν
2816 3453 3110 3522 ἐγκρίνειν,
3159 3454 3334 3506 ἐκεῖνο
3376 3453 3433 3506 δὲ
3485 3452 3788 3520 ἐκϐάλλειν,

2136 3539 2432 3608 Ἰουδαϊκῆς
2482 3537 2766 3600 ἀσθενείας
2817 3533 2912 3608 ἦν·
2951 3537 3066 3590 ἀλλ’
3096 3538 3242 3607 ὅμως
3289 3532 3429 3608 ἦσαν
3462 3537 3613 3608 παρά
3655 3539 3790 3590 Ῥω-

2127 3625 2308 3696 μαίοις
2353 3627 2401 3678 οἰ
2432 3624 2634 3696 ταύτην
2669 3624 2884 3694 ἔχοντες
2931 3624 3030 3694 τὴν
3063 3623 3344 3678 ἀσθένειαν
3365 3639 3377 3652 '
3407 3624 3500 3676 καὶ
3527 3623 3586 3676 οὑ
3631 3623 3790 3693 μόνον

2122 3709 2299 3762 αὑτῶν
2346 3709 2407 3762 οὑ
2461 3709 2808 3780 κατηγόρησε
2860 3706 3000 3778 μετά
3055 3707 3448 3779 σφοδρότητος,
3499 3705 3638 3760 ἀλλά
3694 3707 3790 3760 καὶ

2122 3795 2309 3866 ἔτερόν
2351 3811 2402 3846 τι
2434 3793 2595 3845 πλέον
2643 3791 2830 3844 τούτου
2867 3793 3029 3845 ποιεῖ.
3068 3792 3209 3855 Τοὺς
3238 3791 3347 3860 γὰρ
3377 3790 3790 3861 ἁμαρτάνοντας

2123 3880 2282 3947 ἀφεὶς
2317 3880 2428 3940 τοῖς
2451 3874 2787 3947 ἐπιχειροῦσι
2821 3874 3050 3928 κωλύειν
3077 3875 3269 3937 αὐτοὺς
3305 3874 3552 3942 ἐπιτιμᾷ,
3581 3873 3785 3940 λέγων-

2123 3963 2207 4016 Σὺ
2250 3959 2320 4014 δὲ
2362 3961 2417 4012 τί
2450 3960 2672 4026 κρίνεις
2726 3957 2835 4011 τὸν
2863 3956 3131 4026 ἀδελφόν
3163 3972 3310 4019 σου;
3355 3956 3492 4007 Ἀλλ’
3542 3956 3661 4028 οὐχ,
3701 3957 3789 4009 ὅτε

2123 4041 2522 4098 Κολοσσαεῦσιν
2573 4039 2891 4101 ἐπέστειλε,
2936 4039 3094 4092 τοῦτο
3142 4038 3418 4108 ἐποίησεν,
3463 4036 3598 4090 άλλά
3653 4040 3790 4107 μετά

2125 4124 2327 4194 πολλῆς
2357 4122 2606 4187 ἐξουσίας
2634 4122 2728 4174 καὶ
2761 4120 3100 4173 καθάπτεται
3131 4116 3328 4181 αὑτῶν,
3363 4117 3455 4170 καὶ
3489 4117 3784 4185 φιλοσοφεῖ,

2122 4204 2324 4272 λέγων⁹
2369 4201 2464 4270 Μὴ
2498 4201 2612 4255 οὖν
2660 4218 2751 4266 τις
2792 4198 2948 4268 ὑμᾶς
2991 4196 3236 4266 κρινέτω
3274 4196 3346 4249 ἐν
3387 4196 3611 4264 βρώσει
3654 4197 3691 4263 ἢ
3721 4199 3790 4250 ἐν

2121 4287 2298 4339 πόσει
2316 4299 2329 4312 ·
2365 4282 2460 4334 καὶ
2492 4281 2653 4334 πάλιν
2673 4297 2686 4311 ο
2718 4282 2786 4334 El
2813 4277 3140 4333 ἀπεθάνετε
3169 4278 3237 4330 ἐν
3264 4275 3497 4345 Χριστῷ
3528 4276 3649 4330 ἀπὸ
3675 4279 3791 4331 τῶν

2120 4363 2437 4431 στοιχείων
2467 4361 2572 4414 τοῦ
2607 4361 2859 4428 κόσμου,
2888 4359 2946 4411 τί
2988 4357 3068 4422 ὡς
3109 4354 3320 4422 ζῶντες
3348 4357 3418 4409 ἐν
3457 4357 3665 4426 κόσμῳ
3691 4359 3790 4412 δο-

2121 4441 2501 4514 τματίζεσθε;
2539 4439 2635 4507 Μὴ
2681 4439 2839 4507 ἅψῃ,
2875 4437 3034 4506 μηδέ
3084 4437 3297 4505 γεύσῃ,
3329 4435 3487 4505 μηδὲ
3531 4438 3722 4507 θίγῃς,
3754 4439 3791 4493 ᾶ

2118 4527 2249 4579 ἐστι
2298 4522 2496 4576 πάντα
2551 4523 2638 4588 είς
2691 4521 2920 4588 φθορὰν
2963 4516 3036 4586 τῇ
3079 4516 3435 4586 ἀποχρήσει.
3483 4518 3546 4570 Τί
3591 4519 3788 4589 δήποτε

2120 4601 2212 4659 οῦν
2241 4604 2398 4658 τοῦτο
2448 4605 2626 4667 ποιεῖς
2661 4602 2785 4653 Ὅτι
2831 4600 3030 4652 ἐκεῖνοι
3072 4598 3168 4666 μὲν
3200 4593 3342 4668 ἦσαν
3384 4599 3613 4668 ἰσχυροὶ,
3656 4600 3789 4652 Ῥωο

2124 4690 2273 4758 μαῖοι
2318 4686 2375 4739 δὲ
2420 4683 2622 4753 πολλῆς
2666 4681 2746 4734 ἐτι
2793 4680 2894 4750 τῆς
2939 4678 3398 4748 συγκαταὸάσεως
3430 4680 3656 4738 ἐδέοντο,
3698 4679 3789 4732 καὶ

2120 4765 2410 4837 περιέμενε
2441 4765 2705 4834 πρότερον
2730 4761 2828 4832 τὴν
2853 4760 3034 4813 πίστιν
3062 4761 3120 4812 ἐν
3145 4762 3264 4822 ταῖς
3291 4758 3514 4811 ἐκείνων
3544 4758 3789 4828 παγῆναι

2118 4845 2346 4916 ψυχαῖς,
2393 4841 2646 4906 δεδοικὼς
2686 4841 2759 4913 μὴ
2796 4841 2903 4912 πρὸ
2953 4839 3147 4910 καιροῦ
3191 4839 3286 4892 τοῦ
3336 4838 3545 4900 δέοντος
3572 4837 3788 4916 θᾶττον

2119 4915 2225 4977 ἐπὶ
2257 4925 2319 4977 τὸ
2370 4924 2441 4976 τὰ
2491 4921 2708 4988 ζιζάνια
2759 4922 3073 4976 ἀνασπάσαι
3118 4919 3306 4983 ἐλθὼν,
3355 4915 3627 4989 πρόρριζα
3677 4918 3790 4989 μετ’

2118 5004 2298 5058 αὑτῶν
2353 5003 2744 5076 συνανασπάσῃ
2804 5003 2896 5056 καὶ
2944 5000 3013 5054 τά
3051 5001 3152 5071 τῆς
3203 4997 3389 5067 ὑγιοῦς
3440 4997 3789 5060 διδασκαλίας

2120 5084 2282 5154 φυτά.
2322 5083 2420 5136 Διά
2452 5083 2609 5137 τοῦτο
2637 5082 2759 5136 οῦτε
2793 5083 3130 5136 καθικνεῖται
3159 5078 3337 5132 αὐτῶν
3371 5076 3636 5146 σφοδρῶς,
3666 5077 3788 5154 οὔτε

2118 5153 2544 5235 ἀνεπιτιμήτους
2585 5162 2832 5234 ἀφίησιν,
2877 5161 3011 5214 ἀλλά
3058 5160 3392 5213 καθάπτεται
3428 5157 3548 5228 μὲν,
3592 5153 3790 5210 ἀνυπό-

2121 5263 2268 5309 πτως
2296 5247 2353 5299 δέ
2389 5248 2482 5300 καὶ
2509 5246 2900 5308 λανθανόντως,
2937 5243 3030 5298 καὶ
3064 5245 3120 5296 ἐν
3153 5244 3216 5312 τῇ
3249 5240 3356 5294 τῶν
3384 5239 3586 5310 ἐτέρων
3616 5240 3793 5292 ἐπιτι-

2123 5328 2305 5397 μήσει.
2340 5325 2431 5396 Τῷ
2475 5325 2584 5396 γὰρ
2622 5325 2823 5393 λέγειν,
2856 5323 2941 5389 Τῷ
2984 5322 3110 5388 ίόίῳ
3146 5321 3329 5389 κυρίῳ
3367 5319 3575 5385 στήκει
3628 5319 3668 5388 ἢ
3693 5320 3791 5371 πί-

2119 5423 2271 5468 πτει,
2301 5407 2449 5460 δοκεῖ
2479 5406 2578 5476 μὲν
2607 5404 2982 5476 ἐπιστομίζειν
3014 5403 3104 5456 τὸν
3141 5401 3537 5471 ἐπιπλήττοντα
3571 5397 3790 5468 ἐκείνῳ,

2118 5487 2177 5541 τὸ
2209 5487 2264 5541 δὲ
2303 5486 2501 5559 ἀληθὲς
2545 5485 2644 5557 τὴν
2689 5485 2880 5539 τούτου
2913 5484 3098 5538 δάκνει
3136 5482 3335 5554 ψυχὴν,
3377 5479 3656 5552 ἐμφαίνων
3709 5480 3791 5532 δτι

2116 5567 2177 5621 τὸ
2205 5568 2272 5621 τὰ
2303 5566 2527 5620 τοιαῦτα
2569 5566 2844 5638 αἱρεῖσθαι
2873 5567 2934 5618 οὑ
2965 5563 3077 5618 τῶν
3109 5563 3341 5634 βεϐαίων
3370 5560 3490 5613 ούδέ
3530 5559 3646 5612 τῶν
3689 5576 3792 5638 πα-

2117 5648 2248 5716 γίως
2295 5647 2546 5701 ἑστώτων
2589 5637 2759 5710 ἐστὶν,
2799 5644 2936 5700 ἀλλά
2973 5646 3082 5698 τῶν
3114 5644 3195 5696 ἔτι
3241 5640 3642 5707 σαλευομένων,
3679 5637 3792 5716 τῶν

2115 5715 2162 5782 εἰ
2211 5729 2285 5801 μὴ
2333 5729 2516 5781 σταῖεν
2548 5729 2641 5782 καὶ
2687 5729 2873 5780 πεσεῖν
2905 5722 3359 5801 κινδυνευόντων,
3387 5717 3698 5801 ΔΤὸν-αὑτὸν
3727 5715 3793 5787 δὴ

2115 5794 2389 5864 κάνταῦθα
2429 5810 2687 5878 φυλάττει
2745 5808 2930 5877 νόμον,
2975 5804 3061 5859 διὰ
3114 5803 3206 5874 τὴν
3246 5797 3446 5869 πολλὴν
3494 5794 3787 5850 ἀσθένειαν

2179 5947 2202 5976 ε
2226 5934 2345 5992 Rea.
2379 5935 2645 5984 ἀπώλοντο.
