3844 6250
110 316 202 371 589

110 440 170 479 an
188 424 431 494 reliqua?
451 441 520 481 an
542 428 759 500 ecquis,
785 429 1110 492 textoribus,
1134 439 1333 485 caetero
1353 430 1579 484 servitio
1600 428 1680 482 in-

103 519 244 573 stat?
276 518 494 575 Minime
511 522 750 592 gentium
774 540 789 589 ;
814 526 945 593 quin
967 522 1102 577 nihil
1130 522 1323 577 horum
1343 522 1424 576 vel
1449 522 1671 592 cogitat,

99 612 185 668 sed
212 628 376 667 unum
405 613 457 666 id
483 614 716 679 laborat,
751 623 809 669 ut
842 616 1079 669 animam
1113 630 1269 669 suam
1297 622 1507 669 tantum
1539 613 1674 667 tedi-

100 704 237 765 licet,
261 712 313 758 et
349 706 608 774 templum
640 706 774 760 illud
808 714 1057 762 sanctum
1109 708 1185 775 (1.
1215 705 1337 761 Cor.
1364 708 1423 760 5.
1449 705 1535 775 l7)
1567 720 1675 759 non

97 795 502 861 rincinnis,aut
534 811 687 859 auro,
708 805 801 850 aut
837 798 1290 868 margaritis,nou
1326 797 1550 860 intritis,
1587 812 1682 858 aut

98 887 402 955 pigmentis,
423 902 531 941 non
547 888 597 942 id
616 904 786 959 genus
808 890 1073 945 molestiis
1092 899 1145 945 et
1165 890 1423 945 atrumnis
1441 890 1515 959 (1.
1536 887 1673 943 Tim.

98 978 147 1033 2.
171 977 240 1046 9)
264 979 360 1034 sed
383 981 548 1034 animi
568 994 731 1052 atque
749 983 997 1051 corporis
1022 983 1389 1038 sanctimonia
1420 990 1671 1038 exornet.

100 1076 163 1127 At
183 1071 383 1142 Nupta,
400 1073 587 1143 inquit,
611 1082 752 1126 curat
776 1083 830 1125 ut
854 1073 960 1126 viro
987 1073 1181 1141 placeat
1230 1074 1305 1144 (1.
1326 1069 1445 1126 Cor.
1470 1072 1521 1125 7.
1548 1074 1613 1126 51
1634 1073 1675 1141 ).

100 1166 391 1221 Admodum
420 1166 689 1237 sapienter
713 1166 777 1219 ad
811 1166 1043 1235 ipsarum
1087 1182 1265 1221 rerum
1308 1181 1530 1221 examen
1572 1181 1675 1219 non

100 1258 386 1323 descendit,
415 1274 587 1328 neque
611 1274 671 1312 ea
699 1259 1155 1323 commemoravit,
1185 1274 1303 1327 qua:
1327 1265 1387 1311 ut
1412 1258 1541 1311 viris
1568 1257 1679 1326 pla-

100 1360 246 1405 ceant
272 1360 327 1405 et
350 1366 574 1421 corpore
599 1358 654 1405 et
676 1350 854 1419 animo
880 1351 1166 1419 patiuntur,
1194 1348 1322 1404 illud
1345 1358 1673 1418 torquentes,

100 1442 411 1506 oblinentes,
424 1451 582 1512 atque
596 1443 714 1496 aliis
732 1444 883 1497 malis
904 1443 1239 1509 mulctantes,
1256 1442 1398 1497 hunc
1415 1442 1679 1495 illiberali-

101 1532 910 1599 tate,adulatione,simulatione,
928 1533 1218 1596 simultate,
1234 1533 1427 1601 ineptis
1443 1542 1497 1587 et
1513 1532 1676 1587 inuti-

100 1627 225 1680 libus
248 1626 393 1681 curis
419 1627 734 1696 implentes;
764 1627 859 1683 sed
888 1642 991 1680 uno
1013 1625 1180 1680 verbo
1201 1626 1318 1681 hinc
1342 1626 1518 1680 omnia
1545 1625 1675 1680 sub-

98 1718 330 1773 indicans
360 1719 700 1787 recogitanda
726 1720 1026 1773 auditorum
1051 1719 1391 1773 conscientia:
1426 1718 1674 1788 reliquit;

95 1818 245 1878 atque
263 1809 336 1863 ita
348 1809 662 1879 virginitatis
688 1808 1046 1879 pnestantiam
1068 1809 1364 1871 declarans,
1383 1808 1450 1863 ad
1466 1811 1680 1863 caslum-

95 1915 190 1970 que
204 1915 323 1954 eam
342 1901 552 1965 tollens,
571 1917 779 1956 rursum
804 1916 1105 1957 sermonem
1128 1902 1193 1955 ad
1212 1901 1531 1955 matrimonii
1553 1917 1676 1971 per-

95 1994 398 2049 missionem
422 1994 657 2059 confert;
690 1995 883 2064 ubique
912 1995 1194 2060 sollicitus,
1220 2010 1285 2047 ne
1308 1993 1359 2047 id
1392 1994 1672 2063 quisquam

94 2095 410 2155 pmceptum
437 2101 557 2141 esse
596 2086 959 2141 arbitraretur.
991 2085 1348 2154 Quamobrem
1387 2099 1487 2139 nec
1514 2100 1676 2153 supe-

93 2178 319 2232 rioribus
344 2176 800 2231 cohortationibus
824 2187 1125 2243 contentus,
1156 2192 1275 2230 cum
1302 2177 1543 2242 dixisset,
1573 2175 1678 2229 Do-

91 2270 211 2323 mini
231 2280 538 2340 prwceptum
556 2286 654 2323 non
676 2270 863 2333 habeo;
884 2278 956 2333 et,
982 2270 1044 2324 Si
1064 2271 1232 2338 nupsit
1254 2271 1414 2339 virgo,
1439 2287 1538 2323 non
1563 2286 1678 2338 pec—

90 2363 213 2415 cavit
241 2364 474 2416 :iterum
504 2362 590 2416 hic
624 2364 729 2427 ait,
762 2360 883 2416 Non
923 2370 978 2416 ut
1016 2362 1248 2431 laqueum
1287 2362 1421 2416 vobis
1450 2362 1677 2429 iniiciam

91 2452 256 2521 (Ibid.
286 2470 335 2507 υ.
358 2454 447 2509 25.
468 2454 558 2509 es.
593 2455 659 2509 35
680 2455 719 2525 ).

157 2545 393 2599 LXXVI.
455 2544 578 2599 Non
616 2546 986 2616 virginitatem,
1035 2544 1124 2598 sed
1170 2554 1392 2598 nostram
1444 2543 1678 2597 inertiam

88 2652 191 2689 esse
226 2637 486 2705 laqueum.
510 2668 582 2677 —
610 2636 667 2691 In
698 2652 803 2707 quo
845 2638 1035 2690 merito
1064 2636 1164 2690 hoc
1191 2636 1344 2689 alicui
1371 2635 1676 2704 scrupulum

90 2740 320 2794 moveat,
351 2746 456 2800 quo
478 2739 631 2801 pacto
657 2730 743 2800 qui
772 2746 884 2785 rem
912 2744 1071 2798 supra
1102 2729 1431 2783 vinculorum
1459 2728 1679 2782 solutio-

89 2838 206 2875 nem
234 2832 430 2887 vocet,
461 2833 516 2876 et
543 2821 609 2876 ad
649 2822 929 2877 utilitatem
974 2832 1208 2876 nostram
1252 2836 1367 2875 eam
1399 2820 1679 2875 consulere

87 2912 242 2976 dicat,
279 2928 349 2967 ne
380 2914 621 2972 miserias
648 2912 956 2976 habeamus,
986 2920 1042 2966 ut
1067 2912 1183 2966 sine
1216 2911 1571 2966 sollicitudine
1599 2912 1677 2967 si-

89 3020 201 3059 mus
223 3046 239 3071 ,
272 3016 328 3059 et
357 3006 498 3075 quod
529 3005 681 3060 nobis
708 3015 985 3075 parceret,
1016 3015 1174 3075 atque
1205 3004 1269 3059 iis
1294 3006 1539 3059 omnibus
1564 3005 1679 3074 ejus

86 3098 355 3151 levitatem
391 3113 453 3152 ac
479 3097 783 3152 facilitatem
815 3105 996 3164 notet,
1030 3096 1115 3151 hic
1150 3096 1326 3163 dicat,
1362 3095 1481 3151 Non
1514 3105 1569 3150 ut
1598 3098 1678 3151 la-

85 3207 267 3259 queum
283 3190 422 3243 vobis
438 3190 659 3261 injiciam
678 3188 849 3257 (Ibid.
878 3205 925 3243 v.
949 3191 1015 3246 55
1033 3190 1089 3262 )?
1109 3190 1242 3256 Quid
1264 3190 1545 3260 igiturest?
1562 3190 1677 3246 Non

88 3284 445 3352 virginitatem
474 3299 486 3334 :
519 3297 684 3352 apage
717 3300 729 3335 :
762 3283 855 3337 sed
886 3282 933 3335 vi
960 3291 1013 3337 et
1042 3284 1314 3337 coactione
1343 3282 1539 3337 bonum
1571 3284 1674 3338 hoc

84 3374 371 3442 amplecti,
414 3372 464 3427 id
512 3373 755 3442 laqueum
783 3383 957 3427 vocat.
1000 3372 1130 3427 Nam
1172 3374 1239 3427 ita
1270 3388 1329 3428 se
1359 3390 1444 3428 res
1473 3372 1673 3429 habet:

84 3464 345 3534 quidquid
369 3464 675 3533 compulsus
712 3474 766 3518 et
805 3464 998 3519 invitus
1021 3463 1279 3533 suscipias
1297 3505 1313 3529 ,
1340 3465 1678 3535 quantumvis

83 3557 200 3610 leve
212 3557 306 3622 sit,
327 3555 690 3611 difficillimum
708 3556 967 3620 redditur,
986 3558 1132 3611 etvel
1155 3568 1296 3612 reste
1307 3556 1519 3626 gravius
1535 3572 1678 3611 men-

84 3658 189 3703 tem
210 3648 527 3718 strangulat.
558 3646 681 3701 ldeo
704 3647 796 3713 ait,
816 3646 934 3699 Non
950 3657 1002 3699 ut
1024 3647 1254 3717 laqueum
1277 3647 1411 3701 vobis
1430 3648 1677 3716 injiciam.

83 3738 136 3793 ld
164 3749 247 3793 est
268 3781 284 3807 ,
318 3738 633 3809 virginitatis
662 3738 799 3793 bona
829 3738 1005 3793 omnia
1051 3739 1299 3807 preposui
1332 3748 1383 3792 et
1409 3738 1673 3806 explicui,

82 3842 240 3900 atque
283 3831 496 3885 interim
538 3839 657 3900 post
694 3830 809 3884 hcce
851 3831 1027 3885 omnia
1068 3831 1338 3899 optionem
1368 3830 1518 3885 vobis
1560 3846 1676 3899 pcr-

81 3923 257 3986 mitto,
286 3938 393 3976 non
422 3924 613 3977 invitos
638 3923 702 3976 ad
732 3923 975 3977 virtutem
1005 3923 1185 3986 traho;
1216 3939 1388 3991 neque
1415 3923 1554 3976 enim
1582 3938 1676 3976 vos

81 4019 346 4074 afﬂictare
375 4019 560 4074 volens
598 4018 712 4073 hare
749 4018 987 4074 consului
1013 4060 1028 4085 ,
1064 4019 1154 4073 scd
1187 4035 1255 4074 ne
1283 4020 1502 4074 honesta
1539 4020 1674 4073 assi-

81 4109 255 4164 duitas
300 4110 544 4164 humanis
574 4112 731 4164 rebus
774 4110 1063 4180 frangatur.
1096 4110 1296 4165 Videtis
1335 4121 1513 4164 autem
1546 4111 1675 4165 mihi

78 4210 132 4255 et
162 4201 249 4257 hic
300 4202 449 4256 Pauli
481 4202 808 4271 prudentiam
830 4243 845 4269 ,
872 4212 930 4257 ut
969 4203 1431 4272 deprecationibus
1466 4219 1673 4257 rursum

78 4291 511 4347 exhortationem
555 4293 747 4359 addat,
781 4295 1196 4369 acipermittens
1238 4295 1498 4350 consulat.
1545 4295 1675 4350 Nam

78 4386 169 4454 qui
201 4386 370 4450 dicit,
407 4383 524 4439 Non
547 4402 670 4456 cogo
693 4428 708 4451 ,
739 4388 826 4440 sed
853 4386 1061 4450 hortor;
1089 4402 1150 4440 ac
1184 4387 1424 4453 subjicit',
1456 4388 1678 4456 Propter

78 4476 393 4530 honestatem
433 4487 479 4529 et
516 4477 854 4531 assiduitatem
894 4477 1068 4547 (Ibid.
1128 4495 1175 4532 υ.
1220 4478 1324 4551 55)
1368 4479 1677 4549 virginitatis

76 4567 551 4622 admirabilitatem
577 4578 733 4638 atque
761 4568 1019 4636 fructum,
1048 4571 1135 4640 qui
1174 4586 1240 4626 ex
1260 4586 1322 4625 ea
1351 4572 1418 4626 ad
1444 4572 1674 4627 divinam

77 4659 239 4713 vitam
260 4670 464 4725 manat,
484 4661 732 4715 ostendit.
759 4661 938 4730 Neque
959 4662 1099 4715 enim
1116 4670 1286 4728 potest
1300 4679 1415 4733 qua:
1434 4664 1676 4721 humanis

76 4752 222 4806 curis
244 4752 570 4821 implicatur,
595 4761 649 4807 et
674 4753 775 4807 huc
802 4754 925 4808 illuc
944 4753 1277 4820 distrahitur,
1300 4755 1510 4809 assidua
1532 4770 1673 4821 esse,

75 4844 259 4899 studio
292 4846 439 4899 omni
467 4854 624 4915 atque
648 4845 757 4899 otio
784 4845 837 4898 in
866 4847 1024 4900 multa
1061 4846 1361 4914 distributo,
1395 4848 1443 4900 in
1478 4848 1672 4915 virum,

76 4952 139 4991 ac
166 4937 389 4990 familia:
422 4954 604 4992 curam
625 4978 641 5005 ,
672 4938 880 5008 aliaque
916 4948 1103 4995 cuncta
1134 4956 1250 5010 quae
1280 4943 1674 4998 matrimonium

73 5027 364 5081 attrahere
388 5028 545 5083 solet.

147 5118 418 5173 LXXVII.
456 5118 583 5186 Quae
611 5119 672 5172 de
696 5121 903 5176 terrenis
942 5121 1086 5177 rebus
1129 5122 1345 5177 sollicita
1369 5124 1431 5177 sit
1456 5165 1469 5189 ,
1511 5125 1668 5194 virgi-

74 5228 183 5263 nem
200 5228 306 5264 non
325 5210 669 5278 esse.——Quid
691 5226 832 5275 vero,
850 5213 1035 5282 inquit,
1051 5214 1093 5268 si
1107 5222 1161 5268 et
1178 5214 1322 5284 virgo
1335 5214 1399 5268 de
1413 5214 1591 5271 multis
1609 5215 1676 5270 la-

72 5305 248 5375 boret,
264 5316 428 5375 atque
446 5305 675 5359 humana
696 5306 880 5361 curet?
899 5309 1104 5376 Apage:
1128 5308 1215 5377 qui
1233 5308 1491 5378 virginum
1511 5308 1675 5363 choro

72 5416 188 5453 eam
207 5399 499 5453 exemeris.
514 5398 785 5464 Siquidem
803 5398 867 5453 ad
890 5400 1142 5468 virginem
1162 5400 1511 5468 praestandam
1533 5399 1673 5455 haud

76 5492 206 5547 satis
247 5502 338 5547 est
363 5507 469 5545 non
517 5492 799 5561 nupsisse,
846 5492 939 5547 sed
981 5493 1142 5546 animi
1173 5508 1382 5563 quoque
1431 5493 1673 5547 castitate

69 5600 204 5653 opus
252 5594 381 5650 est;
426 5585 725 5640 castitatem
763 5594 936 5640 autem
970 5585 1239 5656 intelligo,
1283 5601 1387 5639 non
1420 5585 1557 5641 fmda
1604 5600 1673 5641 ac

70 5674 343 5745 ﬂagitiosa
375 5676 545 5729 solum
574 5674 795 5730 libidine
816 5715 831 5740 ,
861 5684 1080 5741 ornatu,
1113 5677 1420 5732 curiositate
1444 5692 1668 5743 vacare;

70 5766 162 5821 scd
202 5767 335 5821 vita:
367 5767 523 5821 etiam
552 5768 693 5821 curis
724 5766 951 5822 solutam
992 5781 1111 5823 esse
1141 5782 1201 5823 ac
1230 5767 1453 5824 liberam
1480 5786 1492 5823 :
1526 5768 1669 5839 quod

1474 317 1561 372 DE
1605 315 2058 375 VIRGINITATE.

3264 333 3369 387 590

1785 429 1837 482 ni
1862 429 1965 491 sit,
1993 442 2243 497 quorsum
2273 433 2511 502 corporis
2549 434 2885 490 castitatem?
2909 435 3038 491 Nam
3076 449 3130 491 ut
3157 440 3322 497 milite
3342 483 3358 507 ,

1780 519 1868 589 qui
1890 519 2109 590 abjectis
2133 522 2297 576 armis
2322 522 2373 577 in
2402 524 2610 593 p0pinis
2631 535 2939 595 occupetur,
2980 528 3107 582 nihil
3135 532 3361 600 turpius:

1782 610 1851 664 ita
1900 626 1998 665 nec
2042 612 2247 682 virgine
2280 612 2401 668 vita:
2444 616 2586 671 curis
2612 617 2868 672 obstricta
2893 618 3181 689 quidquam
3214 623 3365 677 inho-

1782 703 2003 757 nestius.
2048 704 2256 759 Etenim
2301 706 2533 778 quinque
2577 708 2683 763 illa:
2711 718 2764 764 et
2812 710 3057 766 lucernas
3097 712 3364 769 habebant

1782 793 1801 858 (
1828 795 2014 851 Matth.
2043 796 2113 852 25
2137 797 2157 869 )
2184 840 2197 863 ,
2240 807 2297 853 et
2322 800 2679 869 virginitatem
2723 817 3103 861 exercuerant:
3136 824 3361 878 quorum

1782 887 1907 942 nihil
1931 890 2010 945 eis
2030 891 2243 959 profuit,
2273 892 2367 947 sed
2389 894 2582 949 clausis
2601 894 2803 951 foribus
2818 899 3047 955 exclusce
3072 904 3341 971 perierunt

1779 978 1983 1050 Quippe
2004 984 2073 1036 ob
2099 982 2150 1037 id
2171 996 2427 1052 priestans
2447 994 2529 1041 est
2551 987 2843 1057 virginitas,
2870 990 3008 1060 quod
3030 1007 3241 1048 omnem
3269 1011 3330 1048 su

1782 1087 2054 1140 pervacuas
2069 1090 2211 1130 cura:
2227 1091 2410 1131 ansam
2435 1079 2715 1147 przecedat,
2737 1081 2898 1135 otium
2915 1099 3071 1137 omne
3088 1095 3245 1154 atque
3257 1096 3343 1141 stu

1780 1163 1924 1218 dium
1957 1165 2151 1220 divinis
2178 1169 2428 1237 operibus
2457 1185 2815 1227 consecrans:
2846 1174 2986 1243 quod
3014 1176 3113 1229 nisi
3146 1176 3358 1243 habeat,

1779 1256 2118 1309 matrimonio
2146 1257 2301 1327 longe
2326 1258 2560 1314 deterior
2593 1270 2674 1316 est
2695 1302 2708 1325 ,
2752 1263 2929 1331 spinas
2958 1264 3008 1318 in
3051 1267 3228 1321 animo
3253 1268 3332 1322 cir

1778 1345 2103 1413 cumferens,
2130 1357 2182 1402 et
2207 1349 2498 1417 legitimum
2529 1367 2592 1407 ac
2620 1354 2833 1409 ca-leste
2861 1371 3042 1411 semen
3074 1360 3339 1415 suffocatis

1850 1439 2128 1495 LXXVIII.
2156 1439 2258 1497 Cur
2281 1460 2381 1497 non
2423 1446 2605 1499 acriter
2632 1462 2745 1499 eum
2793 1458 2969 1518 carpat
2992 1492 3007 1514 ,
3064 1452 3149 1520 qui
3175 1453 3225 1506 in
3254 1454 3357 1505 vir-

1778 1530 1893 1599 gine
1909 1546 2002 1583 sua
2021 1531 2311 1585 indecorum
2330 1550 2384 1587 se
2402 1551 2507 1589 esse
2527 1545 2687 1607 putat.
2703 1568 2773 1577 —
2796 1539 2855 1592 Si
2876 1542 2985 1606 quis
3008 1551 3196 1607 autem,
3243 1543 3317 1596 ait
3342 1585 3357 1609 ,

1784 1630 1982 1691 turpem
2013 1639 2066 1676 se
2089 1622 2248 1677 videri
2275 1626 2524 1679 existimat
2566 1645 2718 1698 super
2753 1631 2943 1701 virgine
2968 1649 3061 1685 sua
3082 1673 3095 1696 ,
3129 1634 3265 1701 quod
3298 1636 3362 1689 sit

1778 1714 2126 1781 superadulta,
2154 1728 2305 1787 atque
2327 1720 2397 1771 ita
2420 1720 2714 1788 faciendun:
2743 1733 2833 1787 est,
2863 1726 2996 1793 quod
3027 1727 3152 1780 volet
3179 1729 3355 1798 faciat,

1780 1820 1882 1857 non
1921 1818 2122 1873 pereat:
2148 1808 2336 1862 nubant
2360 1810 2376 1879 (
2401 1812 2425 1865 1
2458 1809 2577 1865 Cor.
2603 1813 2655 1866 7.
2684 1813 2752 1869 56
2774 1814 2811 1883 ).
2856 1815 3030 1883 Itane,
3062 1818 3208 1883 Quod
3235 1820 3363 1874 volat

1780 1897 1977 1966 faciat?
2015 1915 2111 1954 nec
2136 1900 2320 1955 falsam
2364 1905 2808 1961 existimationem
2850 1909 3071 1979 corrigis
3096 1952 3109 1974 ,
3142 1911 3235 1965 sed
3265 1928 3361 1967 uu-

1779 1988 1908 2044 bere
1950 1992 2253 2059 permittis?
2293 1992 2398 2048 Cur
2419 1997 2559 2050 enim
2594 2013 2698 2052 non
2727 1999 2935 2064 dixisti,
2964 2004 3115 2067 Quod
3160 2005 3205 2058 si
3238 2008 3359 2074 quis

1780 2081 1831 2135 in
1863 2083 2065 2151 virgine
2092 2099 2186 2138 sua
2220 2085 2524 2140 indecorum
2550 2104 2668 2143 esse
2696 2098 2875 2157 putat,
2907 2092 3067 2145 miser
3095 2104 3148 2147 et
3183 2094 3361 2149 infelix

1779 2184 1895 2237 est,
1931 2191 2039 2228 rem
2076 2185 2179 2230 tam
2219 2178 2585 2234 admirandam
2629 2180 2878 2237 infamem
2925 2183 3242 2239 arbitratus?
3271 2202 3364 2241 cur

1779 2282 1885 2322 non
1915 2269 2251 2334 consuluisti,
2280 2271 2529 2339 opinione
2553 2287 2614 2327 ea
2644 2272 2883 2338 dimissa,
2922 2276 3079 2329 filiam
3108 2292 3137 2329 a
3169 2279 3355 2331 matri-

1782 2359 1959 2413 monio
1987 2361 2205 2415 arcere?
2234 2362 2365 2428 Quia
2391 2404 2405 2426 ,
2439 2363 2678 2431 inquiet,
2709 2365 2898 2419 anima:
2927 2366 3029 2420 illre
3072 2367 3358 2423 admodum

1780 2452 2004 2507 infirma:
2029 2462 2082 2507 et
2113 2454 2254 2508 humi
2284 2465 2533 2523 repentes
2561 2466 2712 2511 erant
2731 2498 2745 2521 ,
2799 2458 3006 2528 illasque
3048 2461 3127 2515 sic
3154 2461 3358 2516 affecta:

1780 2543 1956 2597 statim
1998 2543 2063 2597 ad
2095 2544 2408 2614 virginitatis
2442 2562 2720 2601 sermones
2747 2547 2938 2602 adduci
2966 2564 3068 2603 non
3100 2560 3365 2620 potirant.

1781 2634 1911 2689 Nam
1940 2637 2026 2705 qui
2055 2636 2123 2690 ad
2153 2637 2332 2691 mundi
2380 2652 2466 2692 res
2511 2648 2615 2691 tam
2646 2648 2729 2692 est
2778 2642 3037 2693 attonitus
3062 2681 3077 2706 ,
3126 2652 3181 2696 et
3206 2642 3364 2710 hujus

1781 2728 1902 2781 vita:
1933 2728 2196 2791 laudator,
2232 2738 2289 2781 ut
2321 2739 2441 2798 post
2470 2738 2671 2783 tantam
2717 2731 3150 2786 exhortationem
3178 2776 3191 2799 ,
3221 2734 3363 2802 quod

1781 2819 1914 2873 czelo
1958 2818 2173 2887 dignum
2203 2828 2286 2874 est
2309 2830 2361 2873 et
2390 2821 2614 2888 angelici
2664 2821 2883 2875 instituti
2931 2823 3088 2877 aliine
3113 2865 3127 2887 ,
3171 2824 3365 2891 probro

1785 2908 2075 2973 habuisset,
2107 2910 2387 2964 consilium
2407 2926 2470 2964 eo
2500 2910 2753 2966 inducens
2773 2913 2861 2981 qui
2889 2914 3132 2967 tulisset?
3158 2915 3219 2968 Et
3240 2916 3363 2983 quid

1783 3000 1997 3065 mirum,
2030 3002 2073 3055 si
2107 3002 2157 3055 id
2192 3002 2244 3055 in
2277 3018 2336 3056 re
2358 3016 2609 3057 concessa
2637 3003 2832 3057 Paulus
2861 3004 3004 3070 fecit,
3035 3007 3121 3075 qui
3147 3007 3281 3061 idem
3313 3008 3363 3062 iu

1782 3093 1942 3147 vetita
1970 3102 2023 3147 et
2060 3093 2329 3163 illegitima
2370 3093 2560 3149 faciat?
2609 3095 2849 3165 Exempli
2881 3111 3036 3150 causa
3074 3115 3085 3150 :
3117 3098 3359 3154 ciborum

1781 3184 2045 3239 delectum
2078 3185 2295 3249 habere,
2325 3194 2375 3239 et
2402 3187 2533 3240 alios
2563 3187 2806 3255 probare,
2835 3188 2965 3242 alios
2998 3190 3237 3257 rejicerc,
3268 3191 3361 3245 Ju-

1780 3277 1945 3332 daiea:
1973 3278 2350 3332 imbecillitatis
2375 3288 2523 3343 erat;
2552 3280 2765 3348 quidam
2798 3291 2968 3335 tamen
3004 3283 3141 3351 apud
3172 3283 3365 3339 Roma-

1782 3384 1879 3422 nos
1904 3384 1967 3423 ea
1998 3368 2361 3426 imbecillitate
2401 3370 2749 3426 laborabant:
2793 3389 2925 3442 quos
2972 3375 3104 3428 adeo
3149 3392 3251 3430 non
3282 3378 3364 3430 in-

1780 3460 1942 3513 cessit
1984 3459 2363 3525 vehementer,
2412 3472 2469 3515 ut
2491 3462 2631 3516 aliud
2693 3464 2939 3532 quiddam
2991 3467 3160 3535 majus
3203 3469 3362 3522 etiam

1782 3551 1977 3618 faciat;
2016 3554 2228 3607 omissis
2254 3553 2394 3607 enim
2437 3555 2500 3607 iis
2530 3555 2618 3623 qui
2646 3568 2970 3624 peccassent,
3002 3560 3089 3627 qui
3116 3575 3208 3613 eos
3241 3577 3366 3629 pro-

1787 3643 1974 3698 hibere
1995 3643 2194 3699 vellent
2221 3644 2466 3713 objurgat
2492 3645 2576 3699 his
2597 3647 2803 3709 verbis,
2835 3646 2914 3699 Tu
2938 3658 3102 3701 autem
3126 3650 3249 3718 quid
3268 3652 3364 3719 ju-

1779 3735 1919 3790 dicas
1944 3739 2153 3807 fratrem
2179 3745 2318 3788 tuum
2349 3734 2532 3807 (Rom.
2568 3737 2653 3791 M.
2686 3737 2791 3808 10)
2815 3738 2838 3791 ?
2864 3739 2930 3791 At
2952 3755 3054 3793 non
3076 3740 3361 3796 Colossen-

1779 3830 1927 3884 sibns
1971 3830 2211 3884 scribens
2240 3830 2377 3883 idem
2427 3829 2587 3893 facit,
2636 3829 2730 3885 sed
2759 3846 2944 3901 magna
2972 3834 3287 3888 auctoritate
3311 3845 3366 3889 et

1780 3937 1872 3976 eos
1902 3922 2103 3991 carpit,
2151 3930 2203 3973 et
2236 3920 2634 3990 philosophatur
2659 3921 2841 3977 dicens
2871 3940 2883 3975 :
2930 3922 3093 3977 Nemo
3122 3942 3239 3995 ergo
3280 3942 3367 3981 vos

1769 4016 1967 4081 judicet
2008 4016 2060 4069 in
2104 4015 2213 4068 cibo
2242 4024 2389 4081 atque
2417 4023 2537 4084 potu
2580 4014 2731 4083 (Col.
2771 4015 2824 4069 2.
2869 4016 2993 4086 16).
3040 4017 3105 4071 Et
3132 4033 3363 4075 rursum:

1781 4110 1843 4164 Si
1868 4126 1988 4180 ergo
2014 4110 2199 4163 mortui
2224 4110 2340 4163 estis
2382 4126 2497 4162 cum
2523 4108 2721 4164 Christo
2765 4111 2829 4164 ab
2857 4112 3110 4165 elementis
3154 4114 3354 4177 mundi,

1778 4201 1899 4271 quid
1925 4211 2176 4271 tamquam
2198 4201 2408 4255 viventes
2434 4202 2484 4253 in
2509 4201 2696 4255 mundo
2721 4203 3021 4257 decernitis?
3045 4202 3125 4256 Ne
3153 4206 3363 4273 tangito,

1780 4310 1877 4347 neu
1920 4303 2141 4363 gustato,
2187 4310 2283 4346 neu
2326 4302 2630 4346 attrectato:
2673 4309 2786 4363 qua:
2814 4295 2985 4346 omnia
3026 4312 3120 4348 usu
3154 4307 3362 4364 pereunt

1781 4383 1958 4456 (Ibid.
1990 4400 2039 4439 υ.
2068 4384 2158 4439 20.
2191 4384 2281 4437 21.
2322 4384 2392 4437 Q2
2419 4386 2455 4453 ).
2499 4384 2603 4437 Cur
2634 4384 2788 4451 igitur
2832 4383 2883 4437 id
2932 4383 3093 4438 facit?
3128 4386 3277 4452 Quod
3310 4386 3361 4442 Ιιί

1780 4478 2077 4533 confirmati
2104 4487 2319 4532 essent:
2354 4477 2575 4531 Romani
2600 4476 2774 4531 adhuc
2804 4493 2988 4546 magna
3039 4478 3360 4549 indulgentia

1780 4582 1916 4637 opus
1946 4568 2222 4633 haberent,
2250 4576 2304 4622 et
2327 4577 2633 4636 expectaret
2661 4567 2770 4631 ille,
2799 4567 2923 4621 dum
2953 4568 3082 4623 tidcs
3105 4569 3154 4622 in
3178 4586 3361 4623 eorum

1783 4661 1930 4730 prius
1959 4659 2151 4713 animis
2181 4659 2652 4714 constabiliretur:
2683 4659 2886 4713 veritus
2912 4673 2977 4713 ne
3006 4670 3128 4714 ante
3156 4669 3364 4729 tempus

1780 4760 1835 4808 ct
1858 4768 2009 4821 mquo
2030 4751 2182 4806 citius
2203 4750 2400 4804 zizania
2419 4750 2675 4805 revellere
2696 4763 2974 4820 aggressus
2997 4749 3016 4823 (
3036 4750 3218 4803 Matth.
3247 4752 3361 4820 15),

1780 4861 1899 4900 cum
1945 4846 2004 4899 iis
2034 4860 2176 4899 same
2206 4844 2463 4899 doctrina:
2491 4844 2687 4913 stirpes
2717 4858 2820 4897 una
2862 4842 3021 4897 etiam
3048 4844 3349 4898 revelleret.

1779 4937 1959 5008 Itaque
1982 4953 2079 4992 nec
2101 4938 2292 4992 acriter
2321 4936 2553 5000 incessit,
2579 4950 2677 4990 nec
2698 4933 3099 5004 irreprehensos
3122 4935 3361 5002 dimittit,

1778 5031 1870 5086 sed
1892 5031 2026 5085 clam
2053 5038 2107 5084 et
2128 5044 2223 5083 nec
2244 5029 2516 5098 epinantes
2545 5028 2595 5081 in
2621 5027 2738 5081 aliis
2762 5026 3081 5096 castigandis
3106 5027 3361 5096 perstrin-

1778 5124 1872 5194 git.
1896 5122 2026 5177 Nam
2058 5122 2145 5192 qui
2173 5122 2333 5184 dicat,
2364 5120 2471 5174 Suo
2502 5119 2703 5172 domino
2730 5127 2851 5179 stat,
2877 5126 2964 5169 aut
2992 5117 3129 5171 cadit
3158 5117 3175 5187 (
3196 5116 3352 5171 Rom.

1781 5216 1867 5269 M.
1911 5215 2006 5282 4),
2053 5214 2138 5268 ille
2175 5209 2465 5280 increpanti
2512 5208 2779 5263 silentium
2820 5208 3091 5276 imponere
3129 5206 3360 5275 videtur,

1777 5306 1873 5361 sed
1894 5322 2075 5360 revera
2096 5302 2348 5373 increpati
2378 5301 2514 5356 illius
2531 5300 2762 5354 animum
2780 5299 3021 5354 vellicat:
3052 5298 3361 5366 ostendens,

1779 5397 1844 5451 iis
1870 5397 2024 5451 rebus
2046 5395 2163 5449 duci
2188 5409 2292 5448 non
2319 5392 2581 5447 stabilium
2608 5404 2729 5444 esse
2753 5398 2806 5444 et
2824 5389 3041 5445 ﬁrmiter
3063 5391 3358 5445 consisten-

1780 5488 1931 5545 tium.
1959 5486 2050 5541 scd
2076 5486 2164 5554 qui
2191 5485 2361 5539 adhuc
2386 5483 2632 5548 titubent,
2661 5483 2977 5552 quibusque,
3004 5483 3055 5535 ni
3083 5492 3241 5548 stent,
3270 5499 3360 5552 po-

1778 5583 2003 5636 riculum
2037 5586 2106 5635 sit
2140 5595 2206 5633 ne
2238 5586 2448 5633 eaeam.
2482 5575 2733 5630 Eamdem
2765 5575 2930 5645 legem
2975 5585 3026 5629 et
3057 5576 3142 5629 hic
3185 5584 3359 5629 servat

1778 5685 1995 5747 propter
2022 5673 2280 5741 insignem
2330 5669 2750 5725 imbecillitatem
2794 5682 2979 5723 eorum
3027 5667 3219 5737 quibus
3257 5683 3356 5736 pu-

1779 5765 2012 5824 dendum
2062 5771 2250 5822 esset:
2292 5776 2461 5833 nequc
2488 5761 2629 5817 cnim
2676 5768 2858 5830 aperte
2903 5774 3022 5813 cum
3071 5758 3219 5826 petit,
3262 5755 3357 5813 sed
