3898 6254
428 354 526 410 591

428 458 693 517 laudando
722 472 788 513 eo
811 455 899 526 qui
929 466 1077 510 suam
1104 452 1360 522 virginem
1381 460 1562 507 servet
1585 450 1798 521 egregie
1820 448 2014 504 verbe-

428 564 529 610 rat.
572 551 703 608 Nam
735 550 860 620 quid
905 548 1022 603 ait?
1061 546 1166 601 Sed
1192 545 1278 616 qui
1315 554 1412 598 stat
1440 544 1614 613 ﬁrmus
1657 543 1710 596 in
1734 542 1883 595 corde
1923 556 2015 594 suo

429 648 528 715 (t.
559 643 673 699 Cor.
726 643 780 697 7.
821 641 892 696 57
918 642 936 711 )
962 659 976 694 :
1003 637 1143 710 quod
1180 637 1245 692 ad
1271 635 1664 691 distinctionem
1685 633 1888 689 dictum
1934 640 2018 688 est

430 739 567 808 ejus,
594 738 685 806 qui
711 735 897 790 leviter
917 743 970 789 et
991 733 1144 788 facile
1169 731 1418 801 jactetur,
1448 743 1622 798 neque
1639 725 1813 781 adhuc
1834 725 2018 780 ﬁrmus

435 829 731 900 gradiatur,
757 841 857 882 nec
877 825 1100 880 viriliter
1125 833 1251 878 stet.
1286 821 1486 877 Deinde
1514 822 1635 892 quia
1664 819 1868 875 sciebat
1895 831 2016 872 ora-

432 921 633 975 tionem
683 932 800 974 eam
847 917 978 972 satis
1012 930 1153 980 esse,
1205 922 1263 968 ut
1297 913 1414 984 ejus
1451 914 1682 966 animam
1727 919 2014 981 punget-et,

431 1012 553 1067 vide
583 1023 640 1066 ut
667 1025 784 1067 eam
811 1024 1022 1064 rursum
1052 1007 1320 1069 obuubat,
1349 1018 1563 1059 causam
1593 1002 1731 1058 haud
1759 1017 1890 1058 sane
1932 1017 2021 1057 re.

434 1101 792 1174 prehensione
827 1099 1042 1170 dignam
1069 1096 1358 1153 aﬂerendo.
1392 1095 1473 1151 Eo
1499 1094 1641 1150 enim
1685 1092 1828 1148 dicto
1851 1131 1868 1158 ,
1914 1091 2021 1147 Sed

435 1197 518 1268 qui
547 1203 644 1249 stat
667 1194 846 1264 ﬁrmus
869 1193 921 1246 in
947 1191 1098 1246 corde
1122 1206 1236 1254 suo,
1277 1188 1461 1254 addit,
1493 1185 1615 1242 Non
1636 1185 1829 1240 habens
1855 1199 2024 1239 neces-

431 1293 627 1343 sitatem
650 1328 666 1351 ,
697 1293 990 1356 potestatem
1027 1292 1196 1337 autem
1237 1281 1446 1335 habens.
1495 1279 1655 1350 Atqui
1692 1291 2023 1346 consequens

432 1389 549 1435 erat
579 1387 636 1432 ut
658 1379 882 1443 diceret,
913 1375 1017 1431 Sed
1046 1375 1136 1445 qui
1166 1383 1418 1430 constans
1441 1381 1523 1427 est
1545 1412 1561 1437 ,
1594 1386 1764 1442 neque
1795 1370 1844 1424 id
1875 1369 2024 1424 inde-

436 1486 622 1526 corum
664 1484 784 1524 esse
827 1477 997 1538 putat.
1044 1465 1241 1522 Verum
1289 1465 1338 1520 id
1385 1465 1630 1519 acerbius
1656 1471 1791 1518 erat.
1842 1462 2024 1533 Itaque

441 1561 584 1616 aliud
611 1560 918 1625 substituit,
948 1574 1069 1614 eum
1097 1559 1380 1613 consolans
1405 1565 1566 1626 atque
1592 1555 1659 1610 ad
1687 1555 1824 1610 hanc
1849 1556 2025 1625 potius

441 1667 658 1709 causam
690 1652 878 1708 venire
903 1665 1112 1721 passus.
1138 1647 1412 1719 Siquidem
1441 1648 1616 1701 minus
1646 1645 1919 1716 indignum
1943 1654 2026 1701 est

439 1754 704 1807 coactum,
749 1757 909 1812 quam
938 1740 1186 1796 dedecori
1230 1739 1516 1794 habentem
1563 1737 1614 1792 id
1660 1747 1862 1792 vetare.
1890 1735 2024 1791 Nam

439 1834 572 1889 illud
614 1833 863 1889 imbecilli
891 1842 945 1888 et
974 1831 1153 1886 miseri
1181 1831 1343 1885 animi
1373 1839 1488 1894 est;
1523 1829 1624 1884 hoc
1653 1829 1810 1885 etiam
1837 1827 2026 1898 depra-

438 1928 586 1995 vati,
619 1941 718 1982 nec
745 1941 924 1982 rerum
971 1934 1219 1980 naturam
1260 1933 1406 1979 recte
1433 1923 1741 1978 discernere
1786 1922 2023 1976 scientis.

435 2021 542 2078 Sed
567 2020 803 2076 nondum
834 2019 948 2075 hinc
976 2017 1186 2074 dicendi
1216 2025 1331 2072 erat
1353 2017 1500 2072 locus
1536 2035 1548 2070 :
1580 2015 1776 2071 etenim
1801 2029 1900 2069 nec
1930 2029 2022 2068 ne-

433 2116 684 2168 cessitate
712 2111 1050 2167 incumbente
1089 2109 1167 2165 fas
1193 2122 1314 2164 esse
1338 2123 1482 2173 eam,
1512 2123 1632 2177 quae
1657 2107 1806 2177 virgo
1831 2106 2026 2176 degere

439 2205 746 2269 instituerit,
783 2218 993 2268 arcere,
1029 2202 1124 2257 sed
1152 2201 1408 2256 adversus
1433 2199 1632 2260 omnia,
1664 2215 1783 2268 qua:
1812 2198 2028 2267 praecla-

442 2312 562 2351 rum
601 2298 702 2351 hoc
723 2295 954 2350 studium
983 2293 1274 2365 impediant
1295 2334 1310 2358 ,
1340 2291 1548 2346 fortiter
1576 2290 1850 2346 nitendum
1877 2305 2025 2354 esse,

438 2391 558 2446 audi
586 2389 709 2460 quid
747 2387 992 2444 Christus
1033 2393 1286 2441 censeat:
1321 2384 1422 2450 Qui
1459 2391 1654 2453 patrem
1698 2392 1785 2435 aut
1823 2390 2030 2434 matrem

435 2493 573 2537 amat
611 2498 767 2552 supra
793 2496 872 2534 me
894 2521 910 2543 ,
955 2495 1058 2533 non
1095 2487 1165 2532 est
1190 2494 1267 2531 me
1293 2476 1476 2546 dignus
1510 2475 1529 2546 (
1552 2475 1746 2528 Matth.
1778 2474 1864 2529 10.
1894 2473 1963 2528 37
1989 2475 2028 2542 ).

433 2578 640 2646 Quippe
666 2575 752 2629 ubi
778 2572 904 2644 quid
934 2572 1042 2628 Deo
1069 2581 1344 2641 acceptum
1384 2568 1770 2640 persequimur,
1792 2566 2032 2636 quisquis

436 2668 718 2740 prohibet,
744 2681 838 2721 seu
862 2672 1043 2734 pater,
1086 2678 1180 2718 seu
1209 2670 1409 2727 mater,
1438 2675 1532 2714 seu
1563 2659 1882 2729 quicumque
1920 2658 2018 2722 sit,

437 2760 605 2817 hostis
633 2770 791 2828 atque
821 2757 1068 2812 inimicus
1095 2765 1176 2810 est
1201 2752 1496 2809 habendus.
1529 2751 1633 2807 Sed
1665 2749 1780 2804 haec
1806 2749 2028 2813 Paulus.

439 2856 528 2926 qui
561 2855 862 2908 auditorum
891 2849 1342 2920 imperieetionem
1372 2845 1545 2901 adhuc
1569 2845 1872 2908 sustineret,
1904 2843 2035 2897 scri-

442 2950 541 3012 hit,
572 2947 814 3016 inquiens
839 2962 851 2996 :
881 2942 987 2998 Sed
1009 2942 1094 3013 qui
1113 2950 1209 2995 stat
1231 2941 1409 3009 ﬁrmus
1433 2955 1534 2992 tton
1559 2937 1747 2991 habens
1766 2937 2036 2990 necessita-

437 3052 555 3095 tem.
599 3039 782 3109 Neque
823 3036 908 3090 hic
945 3035 1125 3097 stetit,
1157 3033 1289 3094 etsi,
1325 3049 1425 3085 non
1452 3030 1638 3084 habens
1669 3031 2031 3097 necessitatem,

439 3142 515 3196 et,
545 3139 839 3203 potestatem
866 3127 1071 3190 habens,
1099 3124 1239 3180 idem
1267 3123 1404 3179 sint:
1431 3122 1524 3178 sed
1554 3123 1834 3177 sententiae
1861 3122 2029 3191 proli-

435 3225 623 3287 xitate,
647 3237 708 3276 ac
731 3219 1139 3291 permissionum
1165 3215 1496 3279 assiduitate,
1521 3214 1741 3269 fractam
1765 3225 1818 3269 et
1839 3214 2032 3270 exilem

437 3323 668 3368 mentem
697 3311 929 3372 solatur;
961 3318 1146 3378 postea
1181 3317 1244 3363 et
1269 3307 1492 3361 alteram
1536 3305 1741 3359 addens
1771 3319 1984 3359 causam
2016 3347 2031 3370 ,

443 3405 547 3473 Qui
575 3405 626 3457 in
667 3401 818 3456 corde
863 3417 954 3455 suo
981 3400 1172 3453 statuit.
1200 3397 1382 3466 Neque
1420 3397 1561 3452 enim
1591 3395 1782 3451 sufﬁcit
1810 3397 2033 3451 liberum

438 3512 559 3552 esse
582 3538 596 3558 .
629 3509 798 3564 neque
825 3494 949 3549 hinc
972 3493 1146 3547 solum
1193 3493 1251 3546 fit
1293 3491 1554 3546 obnoxius
1580 3531 1596 3556 ,
1626 3489 1721 3546 sed
1758 3491 1841 3545 ubi
1877 3491 2036 3561 eligat

439 3599 598 3658 atque
616 3593 832 3652 statuat,
862 3595 968 3638 tum
1001 3599 1131 3639 vero
1155 3592 1300 3638 recte
1325 3581 1470 3638 facit.
1499 3583 1699 3640 Deinde
1726 3599 1793 3638 ne
1821 3593 2037 3655 prepter

438 3679 706 3749 ingentem
730 3675 1108 3745 indulgentiam
1139 3673 1269 3728 nihil
1305 3674 1566 3730 interesse
1609 3673 1888 3738 crederes,
1920 3673 2022 3728 ite-

439 3786 556 3825 rum
584 3769 869 3824 discrimeu
897 3768 1034 3832 edit,
1070 3767 1254 3821 timide
1285 3767 1374 3821 ille
1401 3768 1636 3837 quidem,
1665 3767 1758 3822 sed
1799 3768 1907 3822 edit
1953 3777 2034 3822 ta-

439 3877 561 3915 men
591 3860 672 3914 his
696 3859 904 3914 verbis:
935 3858 1117 3927 Itaque
1142 3866 1191 3912 et
1219 3859 1306 3929 qui
1335 3859 1656 3912 matrimonio
1675 3857 1885 3928 jungit,
1916 3857 2039 3912 bene

441 3956 586 4026 facit,
613 3965 661 4009 et
681 3954 764 4024 qui
787 3970 886 4008 non
886 3953 1062 4023 jungit
1080 3952 1256 4004 melius
1289 3951 1410 4020 facit
1437 3948 1527 4023 (i.
1553 3949 1671 4005 Cor.
1692 3953 1746 4004 7.
1775 3950 1843 4006 58
1866 3951 1905 4021 ).
1929 3950 2038 4006 Cie.

441 4057 612 4102 terum
642 4054 841 4114 quanto
879 4044 982 4099 hoc
1011 4045 1203 4098 melius
1225 4043 1314 4108 sit,
1351 4043 1438 4097 hic
1463 4059 1566 4095 non
1591 4042 1822 4111 explicat
1842 4042 2029 4097 eadem

441 4141 508 4194 de
534 4154 727 4192 causa:
755 4137 896 4206 quod
927 4137 970 4190 si
1001 4136 1142 4191 scire
1182 4137 1285 4202 vis,
1317 4135 1442 4190 audi
1473 4135 1738 4190 dicentem
1765 4135 2034 4192 Christum

444 4230 554 4284 Nec
579 4230 788 4288 ducunt.
818 4244 906 4282 nec
934 4227 1206 4291 ducuntur,
1230 4227 1319 4280 sed
1345 4236 1463 4279 sunt
1487 4227 1616 4280 sicut
1640 4226 1807 4297 angeli
1830 4227 1882 4280 in
1913 4228 2038 4283 caelo

448 4322 466 4388 (
493 4320 678 4373 Matth.
706 4317 800 4372 ἓξ.
829 4319 898 4374 50
916 4316 957 4387 ).
1003 4317 1192 4372 Vidisti
1219 4317 1506 4371 discrimen
1532 4357 1548 4382 ,
1602 4332 1709 4387 quo
1755 4319 2034 4388 virginitas

443 4413 720 4468 mortalem
751 4421 969 4483 repente
991 4411 1207 4475 attollit,
1240 4411 1398 4465 modo
1424 4427 1548 4466 vera
1575 4412 1644 4465 sit
1671 4412 1938 4481 virginitas
1958 4413 1984 4466 ἳ

514 4503 750 4560 LXXIX.
787 4504 945 4559 Nulla
971 4521 1024 4557 rc
1051 4504 1338 4574 inferiorem
1366 4504 1521 4574 fuisse
1553 4503 1757 4574 Angelis
1786 4503 1952 4557 Eliam
1980 4514 2033 4559 et

443 4598 529 4668 qui
554 4598 662 4667 ejus
689 4596 895 4659 similes,
927 4595 1077 4665 idque
1103 4594 1403 4664 virginitatis
1443 4596 1698 4663 bene/icio.
1723 4627 1794 4636 ——
1821 4595 2032 4650 Etenim

444 4707 546 4760 qua
586 4704 644 4744 re
677 4688 744 4742 ab
776 4687 977 4757 angelis
1013 4685 1325 4740 differebant
1362 4685 1540 4751 Elias,
1584 4687 1842 4752 Eliswns,
1873 4687 2036 4741 Joan-

447 4798 564 4846 nes,
587 4779 822 4850 germani
851 4778 902 4832 hi
928 4777 1241 4848 virginitatis
1265 4777 1566 4831 amatores?
1591 4777 1743 4832 Nulla
1771 4777 1868 4831 nisi
1891 4776 2034 4846 quod

449 4874 654 4928 mortali
677 4881 862 4928 natura
887 4879 1040 4927 erant
1059 4869 1295 4925 obstricti
1322 4889 1335 4926 :
1359 4879 1549 4925 czctera
1577 4871 1619 4926 si
1647 4871 1766 4937 quis
1788 4879 2034 4925 accurate

450 4967 698 5038 iuquirat,
722 4965 887 5020 nihilo
909 4965 972 5020 iis
991 4964 1223 5020 deterius
1243 4963 1459 5020 affectos
1480 4964 1730 5026 inveniet,
1753 4974 1910 5033 atque
1931 4963 2036 5018 hoc

451 5063 652 5130 ipsum,
687 5073 792 5128 quo
829 5057 1106 5112 inferiores
1145 5055 1490 5118 videbantur,
1516 5056 1670 5109 valde.
1711 5055 1776 5109 ad
1823 5053 2032 5109 laudem

450 5151 592 5206 facit.
636 5149 764 5205 Nam
791 5150 842 5202 in
881 5158 1016 5202 terra
1042 5147 1323 5218 degentes,
1350 5161 1412 5201 ac
1443 5147 1678 5201 mortalis
1707 5155 1907 5200 natum
1935 5160 2034 5200 ne-

448 5245 681 5300 cessitati
704 5240 986 5311 subjectos,
1011 5241 1074 5293 ad
1106 5256 1222 5295 eam
1249 5241 1494 5294 virtutem
1523 5238 1749 5291 evadere
1775 5237 2030 5306 potuisse,

450 5337 568 5392 vide
611 5345 821 5406 quanta:
864 5333 1218 5397 fortitudinis,
1255 5342 1464 5403 quanta:
1505 5329 1851 5400 philosophirc
1895 5339 2030 5384 erat.

451 5430 520 5483 At
547 5424 898 5498 virginitatem
938 5440 1030 5481 cos
1071 5424 1202 5479 tales
1240 5437 1612 5493 comparasse,
1660 5420 1780 5475 hinc
1825 5422 2033 5491 perspi-

449 5536 609 5576 cuum
637 5528 738 5575 est.
764 5518 820 5574 Si
851 5518 991 5574 enim
1020 5518 1273 5587 conjuges
1299 5525 1456 5586 atque
1485 5515 1678 5570 liberos
1707 5515 2032 5581 habuissent,

453 5629 558 5668 non
590 5621 695 5668 tam
729 5611 880 5667 facile
909 5611 1118 5668 deserta
1146 5609 1500 5676 habitassent,
1531 5623 1630 5662 nec
1656 5605 1798 5663 :cdes
1826 5617 1878 5662 ct
1906 5609 2034 5663 reli-

453 5721 612 5778 quum
638 5706 756 5760 vita:
784 5713 1090 5774 apparatum
1122 5700 1500 5770 neglexissent.
1525 5696 1675 5753 Nunc
1701 5698 1764 5752 iis
1789 5698 2038 5754 omnibus

455 5799 676 5854 vinculis
717 5797 905 5862 soluti,
938 5797 991 5851 in
1021 5805 1158 5851 terra
1191 5793 1328 5848 velut
1368 5792 1420 5847 in
1459 5793 1588 5850 c.1310
1614 5791 1868 5863 degentes
1905 5807 2030 5862 age-

1169 338 1227 396 S.
1265 338 1544 396 JOANNIS
1576 334 2053 394 CHRYSOSTOMI
2081 333 2394 391 ARCHIEP.
2419 333 2958 391 CONSTANTINOP.

3599 342 3705 398 59?.

2124 448 2272 516 bant,
2299 465 2403 504 non
2431 450 2738 520 parietibus,
2761 467 2870 538 non
2893 459 3053 518 tecto,
3076 468 3184 507 non
3211 462 3346 522 toro,
3371 471 3478 511 non
3503 473 3711 527 mensa,

2126 557 2230 596 non
2270 542 2374 596 alio
2419 542 2470 597 id
2510 558 2677 614 genus
2716 545 2824 599 ullo
2866 545 3202 617 indigentes:
3230 550 3354 620 quin
3393 552 3584 606 caelum
3615 567 3713 620 pro

2128 641 2288 700 tecto,
2316 633 2533 688 humum
2563 651 2660 705 pro
2690 646 2825 702 toro,
2853 637 3189 694 solitudinem
3218 655 3315 711 pro
3336 657 3517 698 mensa
3549 643 3713 699 habe-

2073 783 2081 789 _
2125 727 2284 791 bant,
2315 743 2377 782 ac
2402 744 2520 798 qua:
2556 744 2644 784 res
2678 730 2797 784 aliis
2833 731 2983 795 famis
3019 747 3176 787 causa
3212 734 3480 802 videatur,
3516 737 3715 794 deserti

2127 821 2410 884 sterilitas,
2437 837 2496 876 ea
2526 823 2722 878 sanctis
2752 823 2856 879 illis
2880 825 3253 882 abundantiam
3281 830 3567 898 praestabat
3595 849 3608 884 :
3640 835 3716 886 si-

2126 910 2339 980 quidem
2366 927 2465 967 nec
2491 913 2709 980 vitibus,
2743 929 2840 969 nec
2861 917 3212 972 torcularibus
3233 918 3274 986 ⁸,
3306 935 3406 974 nec
3436 919 3679 992 frugibus
3699 963 3715 986 ,

2128 1019 2228 1060 nec
2255 1019 2430 1060 messe
2457 1021 2591 1076 Opus
2620 1007 2904 1072 habebant,
2929 1010 3020 1065 sed
3052 1011 3268 1067 uberem
3298 1027 3361 1068 ac
3380 1013 3590 1070 dulcem
3622 1031 3721 1086 po-

2127 1105 2238 1152 tum
2274 1097 2482 1161 fontes,
2513 1108 2696 1170 stagna
2737 1109 2791 1155 et
2832 1099 2977 1156 ﬂuvii
3021 1103 3446 1174 suppeditabant.
3480 1107 3717 1163 Mensam

2129 1190 2219 1243 uni
2246 1190 2465 1260 angelus
2493 1191 2698 1260 paravit
2741 1192 3027 1248 inauditam
3053 1235 3069 1260 ,
3101 1195 3413 1252 insolentem
3434 1239 3449 1264 ,
3484 1197 3718 1253 humana

2128 1281 2512 1336 consuetudine
2541 1282 2796 1353 majorem
2827 1301 2841 1336 :
2869 1283 3014 1340 Unus
3041 1287 3214 1351 enim,
3249 1287 3446 1358 inquit,
3476 1291 3625 1358 panis
3651 1292 3722 1343 ad

2129 1372 2469 1443 quadraginta
2490 1372 2683 1426 dierum
2721 1374 2944 1427 inediam
2974 1376 3152 1446 sumsit
3193 1377 3212 1449 (
3228 1379 3261 1433 5
3295 1377 3422 1450 Reg.
3465 1366 3555 1436 i9.
3585 1380 3644 1437 6.
3675 1394 3722 1436 et

2133 1454 2453 1512 8.\.Alterum
2478 1454 2718 1524 Spiritus
2733 1457 2908 1527 gratia
2925 1472 3068 1526 saepe
3086 1459 3318 1516 miriﬁce
3335 1463 3503 1531 pavit,
3538 1481 3723 1536 neque

2126 1561 2252 1604 eum
2279 1549 2478 1612 solum,
2503 1549 2596 1604 sed
2621 1549 2759 1606 alios
2789 1550 2952 1606 etiam
2970 1551 3092 1621 ejus
3115 1567 3284 1608 causa
3314 1555 3476 1624 (Vide
3508 1559 3560 1612 4.
3585 1559 3714 1630 Reg.

2126 1644 2178 1698 ι.
2197 1637 2828 1706 40).Ca:terum.loannes
2846 1646 2969 1717 plus
3008 1661 3171 1716 quam
3211 1650 3466 1718 propheta
3487 1653 3712 1724 (Matth.

2132 1735 2246 1808 ii),
2274 1750 2380 1805 quo
2410 1736 2586 1792 nullus
2618 1737 2670 1790 in
2715 1739 3028 1793 feminarum
3070 1741 3206 1794 natis
3246 1740 3414 1808 major
3455 1743 3722 1802 surrexit,

2132 1842 2231 1883 nec
2265 1827 2482 1883 humani
2519 1830 2622 1885 cibi
2660 1831 2880 1901 indiguit
2913 1850 2926 1884 :
2955 1833 3043 1902 qui
3083 1847 3186 1886 non
3218 1831 3518 1900 frumento,
3559 1835 3721 1898 vino,

2132 1921 2280 1986 oleo,
2321 1921 2412 1976 sed
2454 1921 2671 1977 locustis
2708 1923 3064 1995 sylvestrique
3092 1926 3246 1980 melle
3281 1927 3518 1997 corporis
3560 1929 3726 1982 vitam

2132 2023 2473 2069 sustentaret.
2501 2015 2576 2068 En
2599 2025 2880 2072 terrestres
2899 2018 3136 2088 angelos,
3157 2033 3227 2074 en
3247 2019 3561 2090 virginitatis
3579 2021 3687 2076 vim
3710 2041 3726 2076 :

2133 2105 2392 2161 efﬁciebat
2405 2116 2458 2160 ut
2475 2106 2716 2164 homines
2729 2125 2889 2165 carne
2907 2120 3062 2181 atque
3078 2112 3332 2182 sanguine
3347 2117 3726 2185 coagmentati,

2136 2197 2284 2253 humi
2310 2201 2628 2270 gradientes,
2657 2204 2894 2257 mortalis
2925 2217 3128 2261 naturte
3157 2209 3456 2263 necessitati
3481 2211 3726 2274 obnoxii,

2135 2300 2402 2360 tamquam
2443 2293 2776 2362 incorporei,
2818 2303 3086 2366 tamquam
3128 2298 3315 2352 caalum
3359 2298 3468 2370 jam
3506 2301 3725 2372 adepti,

2136 2390 2405 2452 tamquam
2436 2383 2884 2440 immortalitatem
2911 2389 3257 2458 consequuti,
3285 2399 3473 2445 cuneta
3503 2402 3726 2461 pnestao

2136 2483 2272 2529 rent.

2207 2567 2422 2623 LXXX.
2467 2569 2604 2634 Quid
2645 2572 2712 2625 sit
2752 2572 2985 2627 honestas
3025 2583 3072 2626 et
3109 2575 3379 2632 assiduitas
3419 2577 3624 2632 decora.
3653 2610 3725 2622 —

2136 2659 2342 2730 Quippe
2370 2671 2521 2716 erant
2558 2664 2620 2718 iis
2659 2672 2845 2720 cuncta
2877 2679 3200 2735 supervacua
3223 2709 3238 2733 ,
3273 2683 3376 2722 non
3409 2669 3522 2724 lucc
3545 2669 3724 2725 solum

2137 2767 2256 2821 qua:
2284 2767 2413 2808 vere
2439 2767 2763 2822 supervacua
2803 2765 2961 2822 sunt,
2989 2756 3225 2822 delicize,
3257 2773 3414 2830 opes,
3454 2762 3686 2829 potentia
3706 2805 3724 2829 ,

2137 2844 2302 2913 gloria
2325 2888 2339 2910 ,
2390 2856 2445 2901 et
2473 2847 2672 2915 reliqua
2701 2849 3030 2903 somniorum
3060 2851 3084 2881 ³
3113 2850 3334 2904 istorum
3374 2853 3540 2906 series
3561 2895 3576 2916 ,
3625 2853 3726 2908 sed

2138 2937 2298 2992 etiam
2325 2954 2440 3008 quae
2465 2942 2762 2997 necessaria
2788 2941 3055 3010 videntur,
3082 2943 3246 3010 mdes,
3270 2944 3449 3012 urbes,
3477 2947 3724 3002 artiﬁcia.

2142 3028 2252 3084 Hoc
2275 3038 2356 3084 est
2389 3031 2622 3086 honestas
2648 3043 2695 3086 et
2720 3033 2904 3089 decora
2939 3036 3210 3090 assiduitas
3230 3079 3244 3101 ,
3280 3037 3381 3091 hoc
3411 3037 3727 3108 virginitatis

2141 3122 2326 3177 virtus.
2358 3123 2489 3178 Nam
2521 3125 2710 3180 mirum
2740 3127 2950 3197 quidem
2980 3137 3034 3183 et
3063 3128 3242 3185 multis
3267 3132 3478 3185 coronis
3505 3131 3726 3200 dignum

2139 3221 2251 3277 est,
2282 3212 2558 3269 libidinum
2587 3217 2843 3271 insaniam
2878 3219 3154 3288 frangere,
3185 3234 3250 3276 ac
3288 3219 3543 3276 furentem
3571 3233 3726 3277 natu-

2140 3319 2252 3358 ram
2281 3320 2530 3361 coercere
2559 3326 2571 3361 :
2602 3308 2698 3362 sed
2740 3319 2848 3364 tum
2889 3326 3015 3366 vere
3044 3312 3234 3366 mirum
3257 3353 3271 3378 ,
3300 3328 3418 3367 cum
3460 3313 3724 3384 ejusmodi

2140 3395 2298 3449 etiam
2324 3396 2426 3450 vita
2452 3398 2694 3463 accedit;
2723 3401 2945 3455 seorsim
2971 3411 3148 3456 autem
3176 3412 3231 3458 et
3256 3419 3350 3473 per
3373 3418 3430 3460 se
3454 3405 3591 3460 exile
3618 3416 3723 3469 est,

2143 3500 2310 3556 neque
2345 3503 2412 3542 eo
2453 3489 2705 3558 praeditos
2748 3505 2967 3546 servare
3004 3502 3198 3563 potest.
3244 3498 3412 3565 Atque
3451 3496 3534 3551 hic
3569 3498 3726 3552 nobis

2142 3591 2301 3636 testes
2331 3583 2436 3635 sint
2465 3593 2722 3653 quotquot
2762 3583 3021 3655 hodieque
3059 3588 3407 3657 virginitatem
3437 3602 3722 3655 exercent,

2139 3688 2257 3742 quze
2281 3682 2481 3728 tantum
2508 3675 2700 3731 absunt
2721 3675 2788 3730 ab
2810 3676 2923 3733 Elia
2947 3687 2999 3732 et
3019 3677 3214 3734 Elisazo
3237 3690 3290 3735 et
3313 3680 3533 3744 Joanne,
3557 3697 3725 3751 quan-

2141 3775 2250 3820 tum
2283 3777 2420 3821 terra
2451 3783 2477 3820 a
2515 3768 2666 3823 cmlo.
2698 3769 2763 3825 Ut
2795 3771 2934 3825 enim
2957 3813 2971 3836 ,
3003 3773 3045 3827 si
3088 3773 3391 3828 honestatem
3416 3784 3462 3828 et
3490 3775 3725 3830 decoram

2140 3858 2488 3912 assiduitatem
2525 3860 2754 3930 eripias,
2794 3861 3110 3932 virginitatis
3153 3879 3344 3920 nervos
3387 3866 3674 3921 suceideris
3708 3886 3721 3921 :

2142 3951 2210 4005 ita
2238 3952 2281 4004 si
2311 3967 2428 4006 eam
2454 3967 2573 4006 cum
2599 3954 2705 4008 vita
2732 3969 2890 4024 quam
2921 3955 3119 4025 optima
3149 3956 3457 4028 conjungas,
3489 3959 3724 4014 radicem

2140 4056 2202 4096 ac
2230 4040 2428 4097 fontem
2459 4043 2720 4098 bonorum
2749 4054 2918 4100 tenes.
2945 4045 3075 4100 Nam
3105 4049 3548 4117 quemadmodum
3575 4051 3722 4105 radi-

2140 4147 2254 4188 cem
2301 4144 2436 4188 terra
2484 4136 2690 4206 pinguis
2733 4152 2797 4192 ac
2834 4136 3056 4205 fertilis,
3095 4140 3172 4195 sic
3205 4141 3308 4195 vita
3339 4157 3494 4212 quam
3521 4143 3722 4213 optima

2141 4223 2456 4293 virginitatis
2479 4225 2678 4281 fruetus
2709 4229 2910 4284 nutrire
2937 4231 3082 4284 novit
3112 4247 3125 4284 :
3155 4230 3263 4284 imo
3287 4240 3341 4285 et
3363 4231 3508 4285 radix
3537 4242 3590 4288 et
3615 4232 3727 4286 fru-

2139 4324 2256 4370 etus
2275 4315 2590 4386 virginitatis
2616 4319 2720 4373 vita
2747 4320 2998 4375 crucifixa
3020 4330 3120 4376 est.
3144 4321 3269 4377 Haec
3297 4338 3582 4392 generosos
3605 4326 3726 4379 illos

2141 4407 2203 4461 ad
2231 4409 2526 4466 mirabilem
2553 4426 2766 4466 cursum
2795 4413 3028 4475 inunxit,
3063 4415 3285 4470 vinculis
3309 4417 3553 4470 omnibus
3591 4420 3726 4473 reci-

2139 4502 2246 4569 sis,
2277 4501 2458 4557 liberis
2485 4518 2546 4558 ac
2585 4505 2885 4573 pernicibus
2919 4506 3142 4574 pedibus
3170 4517 3433 4578 tamquam
3465 4511 3635 4564 alatos
3669 4513 3720 4565 in

2139 4595 2328 4649 cwlum
2351 4595 2652 4650 evolaturos
2677 4596 2965 4653 dimittens.
2993 4596 3095 4654 Ubi
3121 4598 3262 4654 enim
3291 4615 3388 4654 nec
3408 4601 3588 4655 uxoris
3613 4611 3725 4655 stu-

2139 4683 2284 4737 dium
2306 4724 2321 4748 ,
2349 4699 2450 4739 nec
2478 4685 2762 4740 liberorum
2790 4701 2915 4740 cura
2943 4687 3044 4748 sit,
3074 4687 3342 4756 perfacilis
3365 4696 3446 4744 est
3469 4699 3680 4759 egestas
3710 4709 3722 4743 :

2138 4785 2348 4845 egestas
2373 4784 2554 4830 autem
2579 4791 2678 4831 nos
2705 4777 2838 4831 cado
2868 4778 3066 4831 vicinos
3097 4787 3310 4848 przcstat
3328 4820 3342 4843 ,
3373 4795 3477 4833 non
3504 4783 3725 4834 terrori-

2140 4871 2240 4923 bus
2279 4869 2449 4922 solum
2491 4877 2545 4923 et
2587 4869 2729 4923 curis
2769 4885 2831 4924 ac
2872 4871 3148 4938 periculis,
3182 4871 3276 4926 sed
3316 4871 3529 4942 reliquis
3564 4874 3723 4927 etiam

2141 4962 2387 5016 omnibus
2415 4963 2673 5019 molestiis
2698 4965 2950 5019 liberans.

2210 5055 2446 5111 LXXXI.
2473 5056 2728 5123 Quantum
2757 5057 2938 5111 bonum
2965 5059 3028 5111 sit
3051 5069 3261 5130 egestas.
3284 5089 3355 5101 —
3375 5061 3503 5115 Nam
3532 5063 3621 5133 qui
3649 5065 3726 5118 ni-

2142 5147 2216 5202 hil
2248 5149 2424 5212 habet,
2455 5165 2552 5202 ceu
2579 5150 2756 5202 omnia
2790 5159 2975 5203 tenens
2997 5153 3171 5204 omnia
3201 5154 3511 5214 contemnit,
3535 5165 3587 5208 et
3614 5171 3723 5208 nta-

2140 5254 2238 5310 gna
2270 5240 2514 5295 libertate
2542 5240 2799 5296 adversus
2838 5243 3177 5312 magistratus
3200 5287 3214 5309 ,
3251 5245 3536 5314 primates,
3567 5255 3725 5317 atque

2143 5333 2310 5401 ipsum
2335 5331 2634 5386 diademate
2654 5341 2900 5387 ornatum
2931 5335 3112 5388 utitur.
3140 5334 3240 5403 Qui
3260 5351 3390 5406 opes
3409 5340 3721 5404 contemnit,

2141 5425 2337 5478 sensim
2379 5438 2693 5495 progressus
2735 5423 2888 5480 facile
2933 5434 3156 5481 mortem
3192 5427 3348 5481 etiam
3379 5437 3722 5486 contemnet:

2141 5526 2298 5587 atque
2326 5517 2408 5572 his
2431 5517 2691 5572 excelsior
2714 5533 2900 5573 omnes
2927 5519 3188 5588 intrepide
3213 5522 3527 5590 alloquetur,
3558 5525 3700 5578 nemi

2143 5623 2262 5664 netu
2293 5624 2491 5680 pavens
2525 5623 2590 5664 ac
2626 5609 2936 5665 formidans.
2967 5612 3036 5666 At
3069 5613 3157 5682 qui
3188 5613 3373 5682 opibus
3403 5626 3691 5686 occupetur
3711 5659 3724 5686 ,

2205 5739 2221 5770 ⁸
2257 5737 2329 5786 sic
2346 5736 2484 5799 juxta
2502 5736 2640 5799 savii.
2667 5742 2717 5784 In
2738 5742 2808 5795 8.,
2832 5733 3011 5798 pratis,
3041 5751 3127 5798 pro
3143 5772 3156 5795 ,
3183 5736 3518 5799 torcularibus.
3566 5747 3624 5791 u.

2207 5799 2230 5832 ³
2262 5796 2368 5860 Pro,
2390 5798 2698 5859 somniorum,
2723 5796 2840 5862 Reg.
2867 5796 3346 5861 babet,‘mortalium.
