3898 6240
64 372 145 425 se):
1498 359 1593 415 DE
1632 357 2101 415 VIRGINITATE.

58 489 149 540 τῶν
202 478 686 554 ιπαισχυνομένων
726 477 805 548 τῷ
840 477 1149 548 πράγματι.
1186 476 1261 529 Οὐ
1308 475 1418 547 γάρ
1466 474 1718 545 φανερῶς

60 578 179 646 πρὸς
202 574 361 626 αὐτὸν
409 567 781 626 ἀποτείνεται.
809 566 928 645 ἀλλ’
956 567 1015 617 ἐν
1041 567 1156 628 τοῖς
1199 564 1443 627 ἐπαίνοις
1490 562 1582 615 τοῦ
1618 563 1718 633 τὴν

60 644 206 717 αὐτοῦ
230 658 619 731 διατηροῦντος
647 654 917 743 παρθένον
942 653 1158 706 δίδωσιν
1186 652 1335 722 αὐτῷ
1364 651 1597 721 σφοδράν
1622 653 1721 722 τὴν

59 752 271 821 πληγήν.
306 748 373 801 Τί
403 747 513 817 γάρ
535 761 703 815 φησιν
718 738 750 808 ;’
767 744 863 807 ’ος
892 741 963 795 δὲ
992 741 1253 809 ἕστηκεν
1284 740 1518 809 ἑδραῖος
1547 741 1617 793 ἐν
1644 738 1723 809 τῇ

59 838 254 906 καρδίᾳ
291 835 507 891 αὐτοῦ.
546 830 721 885 Τοῦτο
760 830 817 883 δὲ
853 830 988 900 πρὸς
1046 828 1452 898 ἀντιδιαστολὴν
1504 829 1718 897 εἴρηται

58 930 137 981 τοῦ
167 926 403 987 εὐκόλως
438 922 534 976 καὶ
562 918 804 990 εὐχερῶς
842 919 1305 990 περιφερομένου,
1336 917 1432 970 καὶ
1463 916 1719 969 οὐδέποτε

61 1015 234 1083 βέὅαια
286 1008 530 1081 βαδίζειν
584 1008 817 1069 εἰδότος,
868 1005 991 1058 οὐδὲ
1043 1005 1267 1058 ἑστάναι
1322 1002 1462 1073 μετά
1518 1001 1719 1071 πολλῆς

59 1104 143 1171 τῆς
159 1098 427 1171 ἀνδρείας.
456 1091 594 1150 Εἶτα
614 1095 801 1165 ἐπειδὴ
834 1094 1072 1148 συνεῖδεν
1096 1093 1278 1146 ίκανὺν
1302 1092 1431 1145 ὄντα
1452 1090 1544 1143 τὸν
1561 1091 1720 1159 λόγον

58 1191 223 1241 δακεῖν
263 1187 366 1257 τὴν
407 1184 621 1237 ἐκείνου
667 1183 849 1252 ψυχὴν
870 1221 885 1244 ,
914 1182 1016 1253 δρα
1047 1181 1164 1244 πῶς
1206 1178 1369 1232 αὐτὸν
1398 1179 1720 1231 συνεσκίασε

60 1279 222 1339 πάλιν,
248 1274 434 1328 αἰτίαν
474 1269 780 1341 ἐπαγαγὼν
821 1271 881 1323 οὐ
932 1269 1139 1339 σφόδρα
1167 1266 1499 1337 κατηγορίας
1541 1265 1716 1331 ἀξίαν.

60 1364 223 1418 Εἰπὼν
251 1363 385 1433 γάρ,
418 1363 517 1426 Ὃς
537 1358 606 1412 δὲ
642 1358 900 1425 ἕστηκεν
929 1355 1162 1425 ἑδραῖος
1194 1355 1263 1408 ἐν
1288 1352 1361 1422 τῇ
1390 1352 1601 1422 καρδίᾳ
1621 1355 1721 1406 αὐ-

61 1454 169 1515 τοῦ,
232 1449 537 1523 προσέθηκε
563 1488 579 1511 ,
618 1447 717 1515 Μὴ
749 1446 908 1516 ἔχων
951 1444 1261 1513 ἀνάγκην,
1312 1440 1605 1507 ἐξουσίαν
1653 1439 1722 1492 δὲ

60 1545 216 1611 ἔχων.
234 1540 431 1595 Καίτοι
447 1537 743 1593 ἀκόλουθον
757 1531 825 1607 ῆν
842 1536 1037 1588 είπεῖνα
1051 1534 1146 1597 Ὃς
1165 1532 1222 1584 δὲ
1237 1531 1467 1602 ἕστηκεν
1485 1529 1718 1601 ἑδραῖος,

60 1630 141 1683 καὶ
188 1631 259 1699 μὴ
312 1627 527 1699 νομίζει
576 1625 636 1679 16
665 1625 898 1695 πρᾶγμα
940 1619 1328 1691 ἀσχημοσύνην
1382 1614 1554 1671 εἷναι·
1587 1616 1722 1670 ἀλλά

57 1717 198 1771 τοῦτο
221 1713 672 1787 πληκτικάηερον
696 1708 761 1783 ἦν
785 1730 798 1742 ·
832 1711 914 1765 διὸ
956 1710 1143 1781 ἕτερον
1187 1709 1308 1762 ἀντὶ
1336 1706 1528 1761 τούτου
1555 1722 1722 1778 προσ-

60 1808 205 1876 έθηκε
237 1801 734 1874 παραμυθούμενος
781 1799 979 1861 αὐτὸν,
1023 1798 1118 1850 καὶ
1164 1795 1339 1857 διδοὺς
1385 1792 1584 1864 μᾶλλον
1630 1792 1723 1845 ἐπὶ

60 1894 241 1961 ταύτην
265 1891 442 1944 ἐλθεῖν
472 1890 574 1959 τὴν
599 1887 798 1941 αἰτίαν.
826 1888 900 1940 Οὐ
928 1884 1037 1956 γάρ
1053 1882 1193 1937 οὑτω
1220 1883 1393 1937 δεινὸν
1413 1882 1472 1936 16
1488 1883 1721 1951 πρᾶγμα

60 1983 111 2034 δι’
142 1982 386 2049 ἀνάγκην
414 1976 670 2040 κωλύειν,
708 1976 781 2038 ὼς
824 1975 889 2027 δι’
940 1972 1227 2044 αἰσχύνην.
1264 1969 1433 2025 Τοῦτο
1474 1972 1571 2042 μὲν
1613 1971 1719 2042 γὰρ

58 2070 215 2140 ᾲναχῆς
260 2071 412 2121 ἐστιν
458 2066 723 2135 ἀνάνδρου
770 2065 861 2117 καὶ
912 2061 1283 2133 ταλαιπώρου,
1328 2062 1505 2113 ἐκεῖνο
1536 2059 1592 2112 δὲ
1627 2058 1721 2113 καὶ

58 2155 499 2230 ἂεστραμμένης,
524 2156 621 2208 καὶ
655 2153 773 2205 οὐδὲ
795 2153 895 2222 τὴν
921 2150 1029 2204 τῶν
1058 2148 1397 2221 πραγμάτων
1415 2147 1577 2217 φύσιν
1607 2149 1723 2200 ὲπι-

63 2248 317 2317 παμένης
365 2242 577 2315 κρίνειν
607 2241 802 2311 ὀρθῶς.
832 2237 990 2291 ’Λλλά
1018 2238 1219 2290 τούτων
1240 2234 1392 2288 οῦπω
1417 2232 1523 2286 τῶν
1548 2234 1721 2302 λόγων

58 2332 110 2401 ἦν
132 2338 158 2388 ὁ
188 2335 383 2406 καιρός
406 2350 419 2363 ·
457 2332 583 2384 ἐπεὶ
792 2328 874 2381 ὅτι
909 2345 973 2397 γε
1002 2327 1124 2380 οὐδὲ
1167 2324 1523 2395 ἐπικειμένης
1562 2323 1722 2393 θέμις

58 2424 138 2493 τὴν
165 2419 563 2495 πφηρημένην
596 2415 951 2489 παρθενεύειν
1002 2414 1347 2475 κωλύεσθαι,
1399 2411 1536 2465 ἀλλὰ
1585 2411 1721 2481 πρὸς

58 2512 217 2563 πάντα
236 2508 497 2562 ἵστασθαι
524 2506 630 2577 χρὴ
656 2504 919 2573 γενναίως
948 2502 1017 2556 τά
1041 2501 1400 2555 διακόπτοντα
1424 2499 1522 2570 τὴν
1552 2498 1721 2570 καλὴν

55 2598 241 2667 ταύτην
271 2594 471 2667 ὁρμὴν,
500 2594 732 2647 ἄκουσον
766 2590 819 2643 τί
865 2606 1026 2661 φησιν
1058 2591 1085 2642 6
1125 2589 1359 2658 Χριστός
1381 2603 1392 2617 °
1443 2588 1497 2638 Ὀ
1528 2582 1723 2654 φιλῶν

55 2679 318 2749 ποτέρανῆ
337 2678 568 2747 μητέρα
594 2676 748 2743 ὑπὲρ
768 2674 893 2743 ἐμὲ,
920 2675 1031 2727 οὐκ
1052 2671 1183 2725 ἔστι
1205 2689 1325 2739 μου
1341 2670 1529 2735 ἄξιος.
1552 2668 1722 2722 Ὅταν

56 2771 148 2838 γὰρ
172 2787 224 2821 τι
253 2767 533 2839 μετίωμεν
560 2761 763 2833 τῶντῷ
779 2760 898 2832 Θεῷ
923 2759 1244 2821 δοκούντων,
1275 2758 1419 2819 ἄπας
1448 2760 1475 2810 6
1495 2757 1721 2810 κωλύων

56 2857 228 2927 ἐχθρὸς
256 2857 402 2910 ἔστω
449 2854 542 2907 καὶ
583 2850 874 2920 πολέμιος,
920 2847 1024 2901 κᾶν
1058 2846 1240 2918 πατὴρ
1272 2843 1330 2920 ᾗ,
1367 2845 1468 2898 κᾶν
1506 2846 1719 2915 μήτηρ,

55 2947 143 2997 κᾶν
192 2942 471 2999 ὁστισοῦν.
540 2939 680 2993 Ἀλλ’
714 2940 743 2991 6
792 2935 1002 2998 Παῦλος
1058 2934 1137 2987 ἔτι
1186 2933 1563 2998 διαϐαστάζων
1612 2932 1721 2986 τῶν

54 3033 346 3086 ἀκουόντων
362 3031 425 3085 16
444 3028 653 3092 ἀτελὲς,
672 3025 843 3080 ταῦτα
854 3026 1084 3095 ἔγραφε,
1110 3023 1284 3091 λέγων
1298 3039 1311 3053 ο
1339 3025 1437 3088 ’ος
1459 3022 1527 3075 δὲ
1547 3022 1723 3090 ἕστη-

53 3137 144 3171 κεν
164 3119 404 3188 ἑδραῖος
426 3116 512 3187 μὴ
542 3116 699 3186 ἔχων
726 3113 998 3183 ἀνάγκην
1018 3130 1032 3144 σ
1070 3112 1165 3165 καὶ
1199 3111 1321 3165 οὐδὲ
1349 3111 1510 3182 μέχρι
1532 3110 1721 3163 τούτου

54 3207 131 3259 τὶν
155 3208 318 3275 λόγον
353 3206 553 3277 ἔστησε
574 3220 587 3233 ο
630 3203 808 3258 καίτοι
862 3218 927 3271 γε
974 3200 1069 3264 16,
1101 3198 1197 3269 Μὴ
1227 3200 1385 3269 ἔχων
1425 3199 1719 3268 ἀνάγκην,

54 3298 154 3358 καὶ,
206 3295 536 3360 Έξουσίαν
578 3292 769 3361 ἔχων,
815 3290 1009 3344 ταυτόν
1057 3290 1238 3341 ἐστιν·
1275 3285 1412 3340 ἀλλά
1445 3286 1521 3358 τῷ
1558 3288 1723 3357 μήκει

52 3382 129 3433 τοῦ
158 3382 322 3451 λόγου
347 3383 445 3435 καὶ
466 3381 535 3451 τῇ
563 3378 818 3449 συνεχείᾳ
846 3377 953 3430 τῶν
976 3376 1376 3448 συγχωρήσεων
1409 3375 1506 3447 τὴν
1528 3372 1721 3447 εὐτελῆ

53 3472 132 3523 καὶ
165 3470 373 3543 μικρὰν
426 3467 838 3539 παραμυθεῖται
880 3464 1140 3531 διάνοιαν,
1190 3463 1328 3535 μετά
1375 3464 1579 3517 τούτων
1628 3463 1723 3518 καὶ

53 3556 229 3627 ἑτέραν
254 3557 443 3610 αίτίαν
468 3555 728 3627 προσθεὶς
761 3553 843 3618 τὸ,
874 3554 970 3619 Ὃς
1000 3550 1275 3621 κέκρικεν
1302 3551 1372 3605 έν
1393 3549 1469 3620 τῇ
1508 3552 1722 3621 καρδίᾳ

52 3644 239 3699 αὑτοῦ.
266 3644 345 3699 Οὐ
380 3645 492 3715 γὰρ
521 3645 681 3715 ἀρκεῖ
717 3643 777 3694 16
807 3641 1088 3713 ἐλεύθερον
1117 3636 1256 3693 εἶναι
1277 3680 1292 3703 ,
1323 3640 1442 3693 οὐδέ
1466 3641 1574 3693 ἀπὸ
1598 3640 1720 3693 τού-

52 3750 129 3785 του
159 3735 328 3804 μόνον
366 3732 669 3795 ὑπεύθυνός
688 3743 712 3772 ι
734 3733 902 3795 ἐστιν,
920 3730 1037 3784 ἀλλ’
1051 3731 1178 3783 ὅταν
1200 3730 1388 3801 ἕληται
1416 3728 1509 3783 καὶ
1533 3728 1716 3801 κρίνῃ,

51 3822 155 3875 τότε
177 3820 367 3884 καλῶς
406 3821 572 3873 ποιεῖ.
606 3814 739 3872 Εἶτα
771 3819 859 3873 ἵνα
903 3818 978 3890 μὴ
1011 3818 1239 3890 νομίσῃς
1267 3817 1356 3870 διὰ
1384 3818 1485 3889 τὴν
1518 3817 1717 3887 πολλὴν

54 3909 453 3979 πγκατάῦασιν
473 3907 638 3980 μηδὲν
669 3904 882 3961 εἶναιτὸ
906 3906 1088 3977 μέσον,
1106 3906 1286 3977 τίθησι
1316 3905 1479 3959 πάλιν
1496 3905 1593 3978 τήν
1607 3906 1720 3959 δια-

54 4001 210 4071 φορὰν
243 4000 366 4071 μεθ’
387 3997 693 4067 ὑποστολῆς
714 3996 831 4068 μὲν,
848 3994 1029 4066 τίθησι
1056 3996 1099 4049 δ’
1123 3996 1293 4066 ὅμως,
1311 3994 1485 4063 λέγων
1504 4014 1515 4025 ·
1535 3996 1719 4048 Ὥστε

53 4090 133 4140 καὶ
168 4092 201 4143 ὀ
229 4085 567 4157 ὲκγαμίᾰυν
615 4084 817 4150 καλῶς
868 4083 1042 4147 ποιεῖ,
1093 4086 1125 4138 ό
1170 4082 1237 4136 δὲ
1268 4082 1354 4153 μὴ
1392 4081 1720 4153 ἐκγαμίζων

52 4175 329 4243 κρεῖσσον
344 4160 530 4227 ἓτοιεῖ.
582 4172 720 4225 Ἀλλ’
743 4171 975 4225 ἐνταῦθα
1009 4170 1108 4241 μὲν
1134 4171 1257 4224 ὅσον
1281 4171 1341 4223 τὸ
1357 4173 1603 4242 κρεῖττον
1617 4172 1718 4224 οὐκ

50 4264 199 4331 ἔδειξε
228 4263 323 4316 διὰ
348 4262 449 4334 τὴν
484 4261 657 4332 αὐτὴν
684 4259 845 4313 πάλιν
873 4260 1084 4314 αίτίανν
1126 4260 1191 4313 σὺ
1215 4260 1271 4312 δὲ
1315 4261 1362 4313 εί
1408 4258 1582 4323 θέλεις
1614 4276 1718 4330 μα-

50 4352 167 4415 θεῖν,
202 4354 443 4407 ἄκουσον
470 4349 567 4403 τοῦ
623 4348 855 4418 Χριστοῦ
906 4349 1190 4416 λέγοντος’
1223 4349 1371 4401 Οὔτε
1398 4347 1715 4418 γαμοῦσιν,

48 4442 171 4493 τίετε
198 4437 552 4510 γαμίζονται
571 4478 585 4503 ,
620 4437 759 4491 ἀλλ’
792 4436 951 4490 εἰσὶν
976 4436 1056 4503 ὡς
1078 4435 1322 4505 ἄγγελοι
1361 4435 1431 4489 ἐν
1460 4435 1714 4505 οὐρανῷ.

50 4526 184 4593 Εἶδες
214 4530 279 4583 τὸ
312 4528 500 4599 μέσον,
531 4525 634 4579 ποῦ
655 4526 747 4579 τὸν
768 4524 959 4596 θνητὸν
985 4527 1017 4595 ή
1042 4523 1309 4595 παρθενία
1335 4523 1529 4595 ἀθρόον
1551 4524 1715 4596 αἴρει,

48 4620 158 4671 ὅταν
181 4619 358 4681 ὅντως
458 4615 761 4687 παρθενία;

106 4709 224 4763 08’.
242 4709 312 4762 Τί
331 4709 442 4780 γάρ
462 4706 573 4759 τῶν
596 4705 847 4774 ἀγγέλων
872 4705 1118 4775 ἀπεῖχον,
1136 4705 1257 4758 είπέ
1283 4722 1393 4775 μοι,
1412 4707 1440 4758 6
1470 4703 1672 4769 Ἠλίας,
1687 4704 1716 4757 6

56 4796 372 4860 Ἐλισσαῖος.
402 4798 433 4849 6
477 4795 751 4864 Ἰωάννης,
786 4788 930 4848 οὑτοι
954 4794 1003 4845 οί
1031 4795 1241 4863 γνήσιοι
1282 4796 1381 4862 τῆς
1422 4793 1718 4863 παρθενίας

49 4885 296 4953 ὲρασταί;
332 4882 501 4937 Οὐδὲν
535 4880 707 4952 ἀλλ’ἢ
740 4882 864 4934 ὅσον
897 4879 1065 4952 θνητῇ
1101 4879 1485 4951 προσεδέδεντο
1519 4879 1714 4949 φύσει·

48 4974 105 5023 τὰ
129 4973 184 5025 δὲ
218 4973 360 5027 ἄλλα
385 4974 440 5024 εἴ
465 4988 550 5033 τις
580 4969 825 5041 ἀκριϐῶς
849 4969 1178 5034 ἐξετάσειεν,
1198 4968 1348 5022 οὐδὲν
1372 4972 1550 5041 χεῖρον
1572 4968 1719 5023 ἐκεί-

50 5078 139 5112 ’συθ
173 5061 400 5134 εὑρήσει
433 5058 843 5128 διακειμένους·
879 5058 1152 5112 καὶτοῦτο
1173 5057 1231 5111 δὲ
1264 5058 1396 5111 αὐτὸ
1427 5057 1488 5110 16
1527 5057 1717 5111 δοκοῦν

50 5150 322 5223 ἐλάττωμα
350 5147 512 5212 εἶναι,
546 5149 689 5220 μέγα
716 5148 795 5212 εἰς
821 5147 1095 5219 ἐγκωμίου
1133 5147 1289 5217 λόγον
1336 5147 1473 5201 ὲστί.
1510 5147 1583 5200 Τὸ
1609 5147 1715 5220 γὰρ

49 5238 140 5308 γῆν
162 5239 471 5305 οἰκοῦντας,
511 5238 606 5290 καὶ
633 5238 701 5308 τῇ
729 5237 827 5307 τῆς
848 5235 1051 5307 θνητῆς
1080 5234 1294 5311 φύσεως
1324 5236 1716 5305 ὑποκειμένους

46 5329 269 5403 ἀνάγκῃ,
299 5327 601 5399 δυνηθῆναι
628 5326 832 5396 φθάσαι
855 5326 991 5397 πρὸς
1011 5326 1227 5396 ἐκείνην
1249 5326 1348 5394 τὴν
1372 5326 1592 5396 ἀρετὴν,
1616 5326 1717 5396 ὅρα

48 5419 207 5487 πόσης
236 5416 521 5489 ἀνδρείας,
548 5417 723 5487 πόσης
756 5414 1073 5484 φιλοσοφίας
1102 5410 1191 5485 ἦν.
1219 5414 1343 5467 Ὅτι
1367 5413 1424 5467 δὲ
1453 5413 1650 5478 αὐτοὺς
1681 5417 1716 5485 ἡ

48 5508 303 5576 παρθενία
332 5505 614 5569 τοιούτους
640 5504 888 5575 ἐποίησε,
924 5503 1082 5575 δῆλον
1121 5502 1332 5556 ἐκεῖθεν
1352 5520 1365 5533 ·
1396 5503 1445 5555 εί
1480 5502 1587 5576 γὰρ
1619 5520 1717 5572 γυ-

48 5600 193 5650 ναίκα
243 5592 395 5666 εἶχον
451 5595 547 5650 καὶ
578 5595 796 5660 παῖδας,
830 5594 933 5647 οὐκ
960 5593 1028 5647 ἂν
1078 5592 1318 5656 εὐκόλως
1350 5591 1449 5663 τὴν
1480 5593 1716 5663 ἐρημίαν

45 5688 384 5757 ιξικησανρύκ
397 5686 464 5740 ἂν
486 5686 666 5749 οἰκίας
682 5683 1120 5754 κατεφρόνησαν,
1132 5682 1233 5735 οὐκ
1248 5681 1314 5735 ἂν
1328 5682 1425 5753 τῆς
1441 5680 1608 5753 ἄλλης
1622 5683 1714 5736 τοῦ

52 5780 146 5843 βίον
182 5775 569 5844 κατασκευῆςο
607 5774 703 5829 νῦν
753 5774 809 5826 δὲ
855 5773 1073 5827 πάντων
1108 5770 1313 5824 τούτων
1353 5771 1715 5836 ἀπολυθέντες

3389 361 3496 419 592

1825 474 1923 546 τῆς
1951 475 2057 543 γῆς
2076 490 2088 502 ·
2120 475 2181 527 οὐ
2203 475 2396 545 τοίχων
2421 475 2651 539 ἐδέοντο,
2682 475 2785 529 οὐκ
2827 475 3029 546 ὀροφῆς
3051 516 3066 539 ,
3095 476 3157 529 οὐ
3197 476 3400 548 κλίνης,
3434 480 3497 532 οὐ

1824 562 2125 634 τραπέζης,
2163 565 2263 617 οὐκ
2284 564 2441 617 ἄλλου
2463 564 2572 617 τῶν
2606 564 2863 618 τοιούτων
2898 565 3064 629 τινὸς,
3113 564 3228 618 ἀλλ’
3251 566 3374 619 ἀντὶ
3401 567 3500 637 μὲν

1830 652 2029 721 στέγης
2053 646 2199 720 εἶχον
2225 651 2318 704 τὸν
2338 652 2586 723 οὐρανὸν,
2613 652 2733 727 ἀντὶ
2762 652 2819 705 δὲ
2846 651 3033 724 κλίνης
3080 653 3178 725 τὴν
3210 652 3313 723 γῆν
3333 695 3348 718 ,
3380 656 3502 708 ἀντὶ⁵

1823 738 1880 792 δὲ
1933 737 2216 810 τραπέζης
2269 740 2369 810 τὴν
2392 739 2662 811 ἐρημίαν
2695 741 2787 793 καὶ
2833 744 3068 811 πρᾶγμα
3105 743 3134 795 ὂ
3179 747 3291 806 τοῖς
3319 742 3502 806 ἄλλοις

1824 826 1997 879 αἴτιον
2026 823 2164 880 εῖναι
2192 828 2352 898 λιμοῦ
2380 828 2547 893 δοκεῖ,
2578 828 2678 898 τῆς
2720 829 2956 899 ἐρημίας
2981 834 3013 900 ή
3043 831 3315 902 ἀκαρπία,
3345 830 3503 885 τοῦτο

1823 916 1952 979 τοὺς
1984 916 2172 983 ἁγίους
2192 914 2434 980 ἐκείνους
2463 918 2520 971 ὲν
2542 916 2774 988 ἀφθονίᾳ
2799 917 3050 989 καθίστη.
3082 919 3155 971 Οὐ
3188 918 3297 989 γὰρ
3323 920 3503 990 ἀμπέ-

1825 1002 1933 1056 λων
1978 1004 2162 1067 αὐτοῖς
2207 1004 2445 1075 ἐδέησεν,
2478 1004 2599 1056 οὐδὲ
2637 1004 2814 1075 ληνῶν
2864 1006 2891 1044 ι)
2917 1044 2931 1068 ,
2966 1006 3087 1058 οὐδὲ
3140 1006 3328 1077 ληῖων,
3381 1008 3501 1061 οὐδὲ

1828 1090 2073 1162 ἀμητοῦ·
2115 1089 2249 1143 ἀλλά
2280 1090 2339 1143 τὸ
2374 1091 2473 1161 μὲν
2524 1092 2686 1146 ποτὸν
2732 1092 2915 1155 αὐτοῖς
2963 1094 3193 1163 ἄφθονον
3242 1097 3501 1166 παρεῖχον

1827 1179 1923 1233 καὶ
1956 1179 2052 1249 ήδὺ
2088 1179 2263 1249 πηγαί⁵
2297 1180 2391 1231 καὶ
2419 1181 2655 1250 ποταμοὶ
2678 1181 2773 1234 καὶ
2792 1180 2999 1251 λίμναι,
3032 1181 3308 1252 τράπεζαν
3337 1184 3393 1236 δὲ
3424 1183 3501 1253 τῷ

1831 1267 1928 1337 μὲν
1960 1266 2189 1335 ἅγγελος
2223 1267 2595 1333 κατεσκεύαζε
2622 1268 2947 1340 θαυμαστήν
2985 1288 3105 1323 τινα
3129 1272 3223 1324 καὶ
3262 1272 3500 1342 παράδο-

1830 1354 1939 1420 ξον,
1975 1356 2069 1409 καὶ
2095 1355 2314 1426 μείζονα
2342 1354 2374 1425 ἢ
2406 1358 2525 1408 κατ’
2559 1356 2907 1428 ἀνθρωπίνην
2937 1358 3230 1428 συνήθειαν
3256 1376 3268 1389 ·
3304 1361 3364 1411 '0
3396 1359 3501 1428 γὰρ

1826 1438 1915 1508 εἷς
1935 1442 2133 1510 ἄρτος,
2163 1445 2315 1514 φησὶ,
2349 1445 2501 1512 πρὸς
2526 1445 2979 1513 τεσσαράκοντα
3007 1445 3241 1515 ἡμερῶν
3262 1448 3503 1501 ἀσιτίαν

1826 1531 2049 1601 ἤρκεσε
2072 1550 2085 1562 ο
2114 1533 2203 1585 16v
2238 1533 2345 1602 δὲή
2378 1532 2471 1585 τοῦ
2501 1533 2817 1604 Πνεύματος
2844 1536 3003 1605 χάρις
3035 1534 3293 1598 πολλάκις
3313 1535 3501 1607 ἔτρεφε

1828 1620 2343 1694 θαυματουργοῦσαν,
2367 1621 2460 1674 καὶ
2477 1622 2575 1674 οὐκ
2599 1622 2759 1675 αὐτὸν
2784 1622 2962 1692 μόνον,
2983 1622 3115 1676 άλλά
3146 1624 3238 1676 καὶ
3265 1623 3330 1676 δι’
3356 1623 3500 1676 ὲκεί-

1828 1729 1918 1765 νου
1942 1710 2183 1782 ἐτέρους.
2234 1712 2292 1763 Ὀ
2324 1710 2379 1763 δὲ
2413 1712 2694 1781 προφήτου
2731 1709 2891 1763 πλέον
2926 1711 3196 1782 Ἰωάννης,
3221 1705 3280 1765 οὗ
3303 1710 3501 1781 μείζων

1827 1800 1885 1853 ἐν
1923 1800 2201 1869 γεννητοῖς
2231 1796 2381 1869 [552]
2426 1797 2699 1867 γυναικῶν
2749 1798 2848 1849 οὐκ
2893 1797 3216 1868 ἐγήγερται,
3251 1798 3370 1851 οὐδὲ
3417 1798 3504 1851 ἀν-

1829 1886 2105 1957 θρωπίνης
2138 1886 2328 1957 ἐδεήθη
2380 1886 2619 1958 τροφῆς·
2653 1886 2713 1939 οὐ
2752 1885 2858 1957 γὰρ
2894 1889 3038 1949 σῖτος
3070 1887 3163 1938 καὶ
3213 1879 3354 1947 οἶνος
3408 1887 3501 1940 καὶ

1828 1974 2025 2037 ἔλαιον,
2062 1973 2177 2028 ἀλλ’
2213 1973 2430 2044 ἀκρίδες
2472 1974 2566 2027 καὶ
2597 1972 2720 2043 μέλι
2771 1972 2961 2044 ἄγριον
2996 1972 3092 2044 τὴν
3126 1972 3219 2025 τοῦ
3246 1972 3497 2043 σώματος

1828 2061 1993 2116 αὐτοῦ
2032 2062 2350 2133 διεκράτουν
2397 2060 2563 2133 ζωήν.
2618 2056 2771 2124 Εἶδες
2802 2061 3067 2129 ἀγγέλους
3099 2062 3190 2113 ἐπὶ
3231 2062 3327 2131 τῆς
3358 2060 3498 2130 γῆς;

1828 2145 1967 2214 εἶδες
2000 2149 2299 2221 παρθενίας
2349 2148 2538 2218 ίσχύν;
2568 2149 2707 2211 Τοὺς
2740 2148 2933 2218 αἵματι
2974 2149 3067 2201 καὶ
3100 2148 3263 2220 σαρκὶ
3294 2166 3503 2219 συμπεο

1827 2239 2162 2309 πλεγμένους
2189 2278 2201 2302 ,
2237 2239 2362 2302 τοὺς
2392 2238 2566 2307 χαμαὶ
2592 2238 2941 2308 ἐρχομένους,
2986 2238 3111 2301 τοὺς
3144 2238 3357 2308 ἀνάγκη
3395 2236 3499 2306 φύ-

1830 2344 1966 2390 σεως
2005 2326 2400 2394 ὑποκειμένους
2430 2324 2651 2396 θνητῆς,
2679 2325 2755 2389 ὼς
2794 2325 3145 2396 ἀσωμάτους,
3174 2325 3249 2389 ὡς
3291 2324 3378 2377 16v
3416 2326 3504 2378 οὐ-

1828 2415 1988 2489 ρανὸν
2023 2414 2121 2487 ήδη
2151 2413 2429 2484 λαχόντας,
2464 2414 2539 2475 ὡς
2558 2412 2859 2467 ἀθανασίαν
2897 2412 3503 2485 μετειληφότας,οῦτως

1827 2504 2044 2557 ἅπαντα
2068 2505 2243 2556 ποιεῖν
2276 2500 2674 2572 παρεσκεύασε.

1898 2593 1978 2647 II'.
2004 2593 2193 2647 Πάντα
2217 2592 2325 2663 γάρ
2354 2590 2582 2653 ἐκείνοις
2597 2586 2665 2662 ῆν
2697 2591 2945 2661 περιττὰ,
2969 2592 3030 2645 οὐ
3053 2590 3223 2645 ταῦτα
3252 2592 3410 2663 μόνον
3440 2588 3508 2642 τὰ

1826 2682 1995 2745 ὄντως
2026 2681 2157 2733 ὄντα
2179 2697 2245 2731 πε
2255 2677 2428 2749 ριττά,
2462 2678 2665 2750 τρυφὴ,
2691 2680 2783 2731 καὶ
2808 2678 3054 2743 πλοῦτος,
3078 2680 3172 2732 καὶ
3195 2679 3501 2743 δυναστεία,

1826 2771 1921 2825 καὶ
1954 2770 2101 2836 δόξα,
2138 2768 2232 2821 καὶ
2267 2768 2295 2820 6
2332 2767 2514 2830 λοιπὸς
2538 2766 2647 2820 τῶν
2679 2767 2902 2838 ὀνείρων
2931 2766 3133 2820 τούτων
3167 2768 3191 2807 b
3226 2768 3465 2839 ὁρμαθός
3486 2787 3500 2801 ο

1826 2859 1961 2913 ἀλλά
2001 2856 2093 2911 καὶ
2120 2854 2188 2909 τὰ
2225 2852 2484 2908 δοκοῦντα
2513 2848 2650 2906 εἶναι
2690 2855 2985 2922 ἀναγκαῖα,
3034 2854 3231 2918 οίκίαι,
3270 2856 3362 2907 καὶ
3408 2855 3505 2908 πό.

1827 2946 1957 3011 λεις,
1990 2947 2086 2999 καὶ
2109 2943 2293 3014 τέχναι
2309 2958 2321 2971 ·
2351 2941 2509 2995 τοῦτό
2533 2943 2679 2995 ἐστιν
2697 2942 3117 3011 τδ,Εὔσχημον
3136 2941 3233 2997 καί
3251 2944 3505 3011 εὐπρόσ-

1826 3034 2003 3104 εδρον
2062 3027 2224 3097 εἶναι,
2272 3031 2429 3085 τοῦτο
2464 3030 2758 3102 παρθενίας
2791 3031 2980 3102 ἀρετή.
3027 3029 3350 3101 Θαυμαστὸν
3405 3029 3503 3100 μὲν

1826 3124 1935 3195 γὰρ
1965 3122 2060 3175 καὶ
2090 3118 2299 3175 πολλῶν
2332 3120 2611 3188 στεφάνων
2654 3118 2802 3184 ἄξιον
2849 3120 2941 3172 καὶ
2974 3118 3033 3172 16
3053 3119 3150 3189 τῆς
3180 3117 3286 3171 τῶν
3314 3118 3503 3171 ἐπιθυ-

1832 3210 1972 3283 μιῶν
2001 3208 2379 3281 περιγενέσθαι
2407 3207 2627 3277 λύττης,
2661 3208 2755 3260 καὶ
2781 3207 3110 3277 μαινομένην
3137 3206 3389 3277 κατέχειν
3406 3206 3504 3278 τὴν

1828 3298 2009 3369 φύσιν,
2033 3297 2168 3352 ἀλλά
2191 3296 2311 3350 τότε
2341 3295 2511 3358 ὅντως
2544 3294 2754 3363 γίνεται
2782 3293 3091 3365 θαυμαστὸν
3114 3334 3129 3359 ,
3165 3294 3290 3347 ὅταν
3323 3295 3351 3347 6
3392 3313 3503 3347 τοι·

1826 3386 1980 3451 οὗτος
2012 3385 2125 3457 βίος
2150 3386 2326 3456 προσῇ
2350 3402 2363 3416 ο
2392 3382 2523 3437 αὐτὸ
2568 3382 2623 3436 δὲ
2648 3382 2768 3435 καθ’
2795 3382 2955 3435 ἐαυτὸ
2996 3381 3240 3445 ἀσθενὲς,
3284 3383 3379 3437 καὶ
3407 3384 3503 3455 οὐχ

1831 3475 2016 3530 ἱκανὸν
2040 3474 2212 3527 σῶσαι
2237 3473 2364 3535 τοὺς
2398 3470 2637 3541 ἔχοντας.
2675 3469 2788 3523 Καὶ
2812 3472 3221 3541 μαρτυρήσειαν
3256 3471 3323 3525 ἂν
3372 3473 3503 3543 ἡμῖν

1825 3565 1949 3617 ὅσαι
1981 3561 2278 3633 παρθενίαν
2314 3560 2412 3631 μὲν
2434 3557 2658 3611 ἀσκοῦσι
2698 3556 2792 3611 καὶ
2832 3557 2955 3611 νῦν*
2998 3558 3255 3612 τοσοῦτον
3284 3558 3340 3612 δὲ
3370 3561 3505 3613 ἀπο-

1826 3651 2036 3705 δέουσιν
2065 3648 2247 3703 Ἡλίου
2272 3646 2365 3701 καὶ
2411 3645 2713 3700 Ἐλισσαίου
2760 3646 2853 3698 καὶ
2913 3645 3181 3709 Ἰωάννου,
3218 3647 3399 3716 ὄσονή
3433 3649 3503 3719 γῆ

1826 3740 1918 3794 τοῦ
1946 3737 2199 3811 οὐρανοῦ.
2234 3736 2444 3805 Ὥσπερ
2480 3733 2589 3802 γὰρ
2616 3733 2675 3785 τὸ
2704 3732 3036 3800 Εὐσχημον
3080 3733 3181 3786 καὶ
3241 3735 3503 3802 εὐπρόσ-

1824 3830 2003 3898 εδρον
2036 3826 2102 3882 ἂν
2127 3824 2408 3897 περιέλῃς,
2436 3820 2574 3876 αὐτά
2591 3819 2658 3873 τὰ
2677 3818 2841 3890 νεῦρα
2866 3820 2963 3889 τῆς
2994 3819 3292 3892 παρθενίας
3324 3822 3503 3886 ἐξέκο-

1823 3918 1951 3987 ψας,
1985 3915 2155 3978 οὓτως
2178 3914 2305 3967 ὅταν
2331 3908 2499 3979 αὐτήν
2558 3907 2696 3978 μετά
2729 3906 3004 3971 πολιτείας
3054 3907 3185 3979 ἔχῃς
3223 3910 3454 3980 ἀρίστης
3482 3950 3497 3973 ,

1824 4008 1920 4076 τὴν
1946 4001 2103 4073 ῥίζαν
2136 3999 2230 4053 καὶ
2258 3998 2355 4069 τὴν
2374 3996 2632 4050 ὑπόθεσιν
2656 3993 2799 4064 ἔχεις
2832 3994 2939 4048 τῶν
2994 3995 3195 4049 καλῶν.
3233 3995 3502 4069 Καθάπερ

1824 4093 1934 4162 γὰρ
1967 4089 2124 4163 ῥίζαν
2146 4087 2173 4127 d
2211 4089 2281 4157 γῆ
2313 4084 2520 4157 λιπαρά
2548 4085 2640 4137 καὶ
2664 4082 2908 4153 γόνιμος,
2938 4082 3111 4146 οὑτως
3136 4079 3276 4137 οἶδεν
3304 4084 3501 4157 ἀρίστη

1824 4179 2068 4233 πολιτεία
2095 4176 2317 4248 τρέφειν
2342 4173 2471 4237 τοὺς
2496 4172 2594 4242 τῆς
2634 4170 2935 4243 παρθενίας
2977 4170 3223 4242 καρπούς
3248 4189 3262 4204 ’
3303 4170 3503 4242 μᾶλλον

1824 4272 1879 4325 δὲ
1901 4271 1995 4323 καὶ
2030 4266 2154 4341 ῥίζα
2184 4266 2278 4319 καὶ
2307 4263 2517 4336 καρπὸς
2547 4260 2845 4333 παρθενίας
2885 4261 2914 4312 6
2944 4258 3355 4328 ἐσταυρωμένος
3389 4258 3501 4328 βίος

1826 4360 1996 4413 ἐστίν.
2030 4355 2180 4426 Λύτη
2200 4354 2327 4417 τοὺς
2346 4352 2625 4421 γενναίους
2647 4348 2885 4410 ἐκείνους
2917 4346 3054 4417 πρὸς
3078 4346 3170 4398 τὸν
3194 4344 3502 4416 θαυμαστὸν

1823 4448 2011 4520 ῆλειψε
2037 4444 2256 4516 δρόμον,
2292 4441 2469 4495 πάντα
2501 4439 2598 4510 μὲν
2628 4436 2808 4491 αὐτῶν
2840 4435 2907 4489 τά
2927 4434 3103 4504 δεσμά
3135 4434 3498 4505 περικόψασα,

1823 4536 1953 4591 ποσὶ
1975 4537 2031 4589 δὲ
2060 4532 2302 4595 εὐλύτοις
2331 4531 2425 4583 καὶ
2454 4527 2679 4597 κούφοις
2728 4524 2979 4595 καθάπερ
3020 4524 3258 4593 πτηνοὺς
3298 4523 3500 4592 ἀφεῖσα

1826 4625 2088 4680 πέτεσθαι
2148 4622 2282 4694 πρὸς
2328 4620 2419 4673 τὸν
2452 4618 2698 4689 οὐρανόν.
2738 4616 2911 4669 Ὅπου
2942 4613 3051 4685 γάρ
3088 4611 3210 4666 οὔτε
3241 4612 3499 4680 γυναικὸς

1824 4715 2108 4789 θεραπεία,
2143 4713 2267 4767 οὐτε
2290 4712 2496 4766 παίδων
2523 4710 2832 4781 ἐπιμέλεια,
2864 4706 3034 4778 πολλή
3063 4707 3160 4777 τῆς
3184 4706 3501 4776 ἀκτημοσύ-

1823 4823 1919 4877 νης
1946 4806 1979 4876 ὴ
2007 4802 2224 4857 εὐκολία
2250 4818 2263 4833 ο
2288 4799 2644 4872 ἀκτημοσύνη
2676 4797 2732 4852 δὲ
2752 4797 2918 4865 ἐγγὺς
2943 4792 3080 4849 εἶναι
3105 4796 3249 4847 ποιεῖ
3270 4794 3378 4846 τῶν
3408 4795 3499 4847 06-

1824 4892 2025 4967 ρανῶν,
2053 4891 2114 4944 οὐ
2144 4889 2324 4960 φόϐων
2358 4888 2542 4960 μόνον,
2575 4887 2699 4940 οὐδὲ
2736 4884 3050 4957 φροντίδων,
3071 4883 3191 4936 οὐδὲ
3213 4882 3496 4945 κινδύνων,

1822 4982 1959 5035 ἀλλά
1997 4980 2090 5033 καὶ
2113 4981 2212 5050 τῆς
2238 4978 2403 5047 ἄλλης
2425 4976 2713 5038 δυσκολίας
2741 4975 2887 5045 ἡμᾶς
2917 4970 3352 5027 ἀπαλλάττουσα.

1893 5072 2021 5123 ΠΑ’.
2040 5070 2095 5122 '0
2118 5069 2213 5139 μὲν
2229 5066 2337 5137 γὰρ
2354 5065 2516 5136 μηδὲν
2534 5063 2671 5133 ἔχων
2686 5063 2759 5123 ὡς
2775 5061 2843 5113 τά
2860 5061 3034 5113 πάντα
3052 5058 3313 5126 κατέχων,
3327 5056 3496 5120 οὕτως

1823 5161 2081 5214 ἁπάντων
2122 5156 2471 5225 καταφρονεῖ,
2496 5152 2590 5204 καὶ
2612 5147 2894 5219 παρρησίᾳ
2921 5145 3185 5216 κέχρηται
3217 5144 3382 5217 πολλῇ
3403 5146 3497 5198 καὶ

1824 5249 1960 5321 πρὸς
1984 5249 2251 5319 ἄρχοντας
2278 5244 2371 5298 καὶ
2402 5240 2537 5312 πρὸς
2558 5238 2824 5298 δυνάστας
2855 5235 2950 5287 καὶ
2976 5234 3113 5305 πρὸς
3133 5232 3294 5288 αὐτὸν
3317 5236 3408 5288 16v
3436 5234 3498 5287 16

1821 5338 2060 5407 διάδημα
2104 5332 2506 5405 περικείμενον.
2553 5329 2611 5381 '0
2650 5324 2949 5398 χρημάτων
3000 5322 3357 5393 καταφρονῶν
3394 5323 3499 5394 ὁδῷ

1822 5426 2131 5497 προὸαίνων
2151 5423 2243 5475 καὶ
2265 5419 2497 5473 θανάτου
2527 5415 2929 5488 καταφρονήσει
2959 5412 3153 5485 ῥᾳδίως
3170 5429 3183 5443 ·
3208 5411 3412 5465 τούτων
3441 5412 3499 5467 δὲ

1821 5515 2110 5584 γενόμενος
2150 5511 2409 5581 ἀνωτέρω
2446 5509 2578 5561 πᾶσι
2641 5504 2778 5577 μετά
2807 5502 3117 5575 παρρησίας
3171 5500 3494 5566 διαλέξεται,

1820 5605 2011 5658 οὐδένα
2033 5601 2287 5663 δεδοικὼς
2316 5598 2438 5652 οὐδέ
2466 5596 2705 5669 τρέμων.
2745 5594 2802 5649 Ὁ
2829 5594 2885 5647 δὲ
2906 5593 3034 5664 περὶ
3058 5592 3314 5662 χρήματα
3339 5591 3500 5659 ἠσχο-

1820 5695 2053 5766 λημένος
2081 5693 2143 5746 οὐ
2174 5690 2473 5762 χρημάτων
2492 5687 2610 5741 ἐστὶ
2644 5687 2802 5757 μόνον
2829 5682 3032 5745 δοῦλος,
3062 5680 3197 5735 ἀλλὰ
3216 5678 3311 5733 κει)¹
3341 5677 3500 5747 δόξης

1822 5786 1915 5837 καὶ
1944 5782 2109 5853 τιμῆς
2138 5781 2233 5834 καὶ
2259 5780 2358 5849 τῆς
2385 5776 2665 5848 παρούσης
2708 5774 2854 5843 ζωῆς
2877 5813 2891 5836 ,
2924 5772 3017 5824 καὶ
3060 5768 3275 5821 πάντων
3312 5768 3498 5831 ἁπλῶς

48 5865 139 5917 τῶν
174 5865 391 5937 δεσμῶν
418 5903 435 5931 ,
468 5863 547 5928 ὡς
581 5864 639 5918 ἐν
668 5862 917 5935 οὐρανοῖς
947 5862 1099 5926 ὄντες
1131 5860 1274 5915 οὑτω
1307 5860 1575 5933 διέτριϐον
1624 5863 1715 5916 ἐπὶ
1752 5850 1787 5905 Ῥ
1885 5869 1913 5907 b
1938 5850 2091 5937 ξανὶιν.
2120 5870 2229 5937 οὑδέ
2261 5869 2431 5937 ληνῶν.
2462 5862 2627 5937 Mona.
2654 5863 2764 5912 οὐδὲ
2783 5862 3043 5924 λειμώνων.
3071 5857 3207 5907 Emr.

98 6020 113 6041 ⁸
136 6008 252 6071 Βρε.
275 6010 419 6071 μόνον
444 6006 696 6069 ἐλεύθερος.

1887 5936 1909 5965 ε
1941 5934 2064 5991 ηερ.
2090 5932 2184 5978 τῶν
2212 5932 2389 5986 θνητῶν
2412 5928 2609 5991 τούτων.

1794 6006 1807 6013 “
1891 5995 1915 6034 ἀ
1940 5981 2164 6054 εἰς’ίὶρς.
2194 5998 2245 6041 et
2270 5981 2420 6039 Snvil.
2448 5990 2505 6038 AI
2539 5988 2748 6038 Planlin.
2778 5990 2827 6033 cl
2855 5982 3028 6032 More].
3055 5981 3174 6043 ᾆίζα.
