  <div class='ocr_page' id='page_1' title='image "/cluster/home/n/w/nwhite01/storage/ocr_20150623/48/hvd.32044014784250/075.png"; bbox 0 0 3844 6242; ppageno 0'>
   <div class='ocr_carea' id='block_1_1' title="bbox 393 361 498 420">
    <p class='ocr_par' dir='ltr' id='par_1_1' title="bbox 393 361 498 420">
     <span class='ocr_line' id='line_1_1' title="bbox 393 361 498 420; baseline -0.038 -1"><span class='ocrx_word' id='word_1_1' title='bbox 393 361 498 420; x_wconf 77' lang='grc'>595</span> 
     </span>
    </p>
   </div>
   <div class='ocr_carea' id='block_1_2' title="bbox 387 465 2058 544">
    <p class='ocr_par' dir='ltr' id='par_1_2' title="bbox 387 465 2058 544">
     <span class='ocr_line' id='line_1_2' title="bbox 387 465 2058 544; baseline -0.008 -12"><span class='ocrx_word' id='word_1_2' title='bbox 387 478 562 532; x_wconf 68' lang='grc' dir='ltr'>εἰπεῖν</span> <span class='ocrx_word' id='word_1_3' title='bbox 581 474 688 530; x_wconf 86' lang='grc' dir='ltr'>τῶν</span> <span class='ocrx_word' id='word_1_4' title='bbox 713 473 1001 544; x_wconf 84' lang='grc' dir='ltr'>βιωτικῶν.</span> <span class='ocrx_word' id='word_1_5' title='bbox 1025 472 1125 526; x_wconf 78' lang='grc' dir='ltr'>Διά</span> <span class='ocrx_word' id='word_1_6' title='bbox 1155 473 1311 526; x_wconf 88' lang='grc' dir='ltr'>τοῦτο</span> <span class='ocrx_word' id='word_1_7' title='bbox 1350 472 1508 541; x_wconf 78' lang='grc' dir='ltr'>ῥίζαν</span> <span class='ocrx_word' id='word_1_8' title='bbox 1543 469 1708 540; x_wconf 72' lang='grc' dir='ltr'>αὐτὴν</span> <span class='ocrx_word' id='word_1_9' title='bbox 1738 469 1844 523; x_wconf 89' lang='grc' dir='ltr'>τῶν</span> <span class='ocrx_word' id='word_1_10' title='bbox 1871 465 2058 522; x_wconf 81' lang='grc' dir='ltr'>κακῶν</span> 
     </span>
    </p>
   </div>
   <div class='ocr_carea' id='block_1_3' title="bbox 388 554 2067 628">
    <p class='ocr_par' dir='ltr' id='par_1_3' title="bbox 388 554 2067 628">
     <span class='ocr_line' id='line_1_3' title="bbox 388 554 2067 628; baseline -0.006 -12"><span class='ocrx_word' id='word_1_11' title='bbox 388 565 608 618; x_wconf 87' lang='grc' dir='ltr'>πάντων</span> <span class='ocrx_word' id='word_1_12' title='bbox 635 565 663 616; x_wconf 89' lang='grc' dir='ltr'>ὁ</span> <span class='ocrx_word' id='word_1_13' title='bbox 689 561 899 624; x_wconf 81' lang='grc' dir='ltr'>Παῦλος</span> <span class='ocrx_word' id='word_1_14' title='bbox 944 560 1224 613; x_wconf 85' lang='grc' dir='ltr'>ἐκάλεσεν.</span> <span class='ocrx_word' id='word_1_15' title='bbox 1275 559 1435 611; x_wconf 86' lang='grc' dir='ltr'>Ἀλλά</span> <span class='ocrx_word' id='word_1_16' title='bbox 1475 559 1678 628; x_wconf 86' lang='grc' dir='ltr'>ταύτην</span> <span class='ocrx_word' id='word_1_17' title='bbox 1713 555 1872 626; x_wconf 86' lang='grc' dir='ltr'>ἱκανὴ</span> <span class='ocrx_word' id='word_1_18' title='bbox 1903 554 2067 624; x_wconf 68' lang='grc' dir='ltr'>ξηρᾶρ</span> 
     </span>
    </p>
   </div>
   <div class='ocr_carea' id='block_1_4' title="bbox 387 640 2066 722">
    <p class='ocr_par' dir='ltr' id='par_1_4' title="bbox 387 640 2066 722">
     <span class='ocr_line' id='line_1_4' title="bbox 387 640 2066 722; baseline -0.009 -16"><span class='ocrx_word' id='word_1_19' title='bbox 387 669 478 706; x_wconf 89' lang='grc' dir='ltr'>ναι</span> <span class='ocrx_word' id='word_1_20' title='bbox 511 651 608 722; x_wconf 84' lang='grc' dir='ltr'>τὴν</span> <span class='ocrx_word' id='word_1_21' title='bbox 633 649 788 719; x_wconf 79' lang='grc' dir='ltr'>ῥίζαν</span> <span class='ocrx_word' id='word_1_22' title='bbox 813 647 1154 722; x_wconf 14' lang='grc' dir='ltr'>ήνπαρθενία,</span> <span class='ocrx_word' id='word_1_23' title='bbox 1186 647 1278 699; x_wconf 71' lang='grc' dir='ltr'>καὶ</span> <span class='ocrx_word' id='word_1_24' title='bbox 1300 646 1494 714; x_wconf 83' lang='grc' dir='ltr'>ἑτέραν</span> <span class='ocrx_word' id='word_1_25' title='bbox 1521 647 1652 714; x_wconf 81' lang='grc' dir='ltr'>ἡμῖν</span> <span class='ocrx_word' id='word_1_26' title='bbox 1678 642 1914 696; x_wconf 86' lang='grc' dir='ltr'>ἐνθεῖναι</span> <span class='ocrx_word' id='word_1_27' title='bbox 1968 640 2066 710; x_wconf 82' lang='grc' dir='ltr'>τὴν</span> 
     </span>
    </p>
   </div>
   <div class='ocr_carea' id='block_1_5' title="bbox 389 721 2063 811">
    <p class='ocr_par' dir='ltr' id='par_1_5' title="bbox 389 721 2063 811">
     <span class='ocr_line' id='line_1_5' title="bbox 389 721 2063 811; baseline -0.008 -19"><span class='ocrx_word' id='word_1_28' title='bbox 389 721 642 811; x_wconf 89' lang='grc' dir='ltr'>ἀρίστην,</span> <span class='ocrx_word' id='word_1_29' title='bbox 665 737 761 808; x_wconf 82' lang='grc' dir='ltr'>τὴν</span> <span class='ocrx_word' id='word_1_30' title='bbox 782 721 997 790; x_wconf 72' lang='grc' dir='ltr'>ἅπαντα</span> <span class='ocrx_word' id='word_1_31' title='bbox 1027 734 1438 804; x_wconf 82' lang='grc' dir='ltr'>βλαστάνουσαν</span> <span class='ocrx_word' id='word_1_32' title='bbox 1454 731 1520 783; x_wconf 84' lang='grc' dir='ltr'>τά</span> <span class='ocrx_word' id='word_1_33' title='bbox 1542 729 1701 791; x_wconf 79' lang='grc' dir='ltr'>καλὰ,</span> <span class='ocrx_word' id='word_1_34' title='bbox 1732 726 2063 798; x_wconf 88' lang='grc' dir='ltr'>ἐλευθερίαν,</span> 
     </span>
    </p>
   </div>
   <div class='ocr_carea' id='block_1_6' title="bbox 391 814 2066 900">
    <p class='ocr_par' dir='ltr' id='par_1_6' title="bbox 391 814 2066 900">
     <span class='ocr_line' id='line_1_6' title="bbox 391 814 2066 900; baseline -0.01 -17"><span class='ocrx_word' id='word_1_35' title='bbox 391 829 724 900; x_wconf 70' lang='grc' dir='ltr'>παρρησίαν,</span> <span class='ocrx_word' id='word_1_36' title='bbox 759 825 1008 898; x_wconf 79' lang='grc' dir='ltr'>ἀνδρείαν</span> <span class='ocrx_word' id='word_1_37' title='bbox 1029 865 1043 888; x_wconf 92' lang='grc'>,</span> <span class='ocrx_word' id='word_1_38' title='bbox 1077 823 1236 894; x_wconf 81' lang='grc' dir='ltr'>ζῆλον</span> <span class='ocrx_word' id='word_1_39' title='bbox 1280 820 1695 891; x_wconf 87' lang='grc' dir='ltr'>πεπυρωμένον,</span> <span class='ocrx_word' id='word_1_40' title='bbox 1740 818 1925 889; x_wconf 75' lang='grc' dir='ltr'>ἔρωτα</span> <span class='ocrx_word' id='word_1_41' title='bbox 1957 814 2066 868; x_wconf 90' lang='grc' dir='ltr'>τῶν</span> 
     </span>
    </p>
   </div>
   <div class='ocr_carea' id='block_1_7' title="bbox 391 905 2066 986">
    <p class='ocr_par' dir='ltr' id='par_1_7' title="bbox 391 905 2066 986">
     <span class='ocr_line' id='line_1_7' title="bbox 391 905 2066 986; baseline -0.008 -17"><span class='ocrx_word' id='word_1_42' title='bbox 391 916 657 986; x_wconf 69' lang='grc' dir='ltr'>οὐρανίων</span> <span class='ocrx_word' id='word_1_43' title='bbox 681 915 883 986; x_wconf 82' lang='grc' dir='ltr'>θερμὸν</span> <span class='ocrx_word' id='word_1_44' title='bbox 901 953 916 976; x_wconf 90' lang='grc'>,</span> <span class='ocrx_word' id='word_1_45' title='bbox 953 911 1254 982; x_wconf 63' lang='grc' dir='ltr'>ὑπεροψίαν</span> <span class='ocrx_word' id='word_1_46' title='bbox 1279 911 1495 963; x_wconf 85' lang='grc' dir='ltr'>πάντων</span> <span class='ocrx_word' id='word_1_47' title='bbox 1529 907 1636 961; x_wconf 89' lang='grc' dir='ltr'>τῶν</span> <span class='ocrx_word' id='word_1_48' title='bbox 1668 907 1760 960; x_wconf 76' lang='grc' dir='ltr'>ἐπὶ</span> <span class='ocrx_word' id='word_1_49' title='bbox 1800 906 1898 974; x_wconf 85' lang='grc' dir='ltr'>τῆς</span> <span class='ocrx_word' id='word_1_50' title='bbox 1926 905 2030 974; x_wconf 78' lang='grc' dir='ltr'>γῆς</span> <span class='ocrx_word' id='word_1_51' title='bbox 2054 919 2066 932; x_wconf 72' lang='grc' dir='ltr'><strong><em>ο</em></strong></span> 
     </span>
    </p>
   </div>
   <div class='ocr_carea' id='block_1_8' title="bbox 391 997 1823 1072">
    <p class='ocr_par' dir='ltr' id='par_1_8' title="bbox 391 997 1823 1072">
     <span class='ocr_line' id='line_1_8' title="bbox 391 997 1823 1072; baseline -0.008 -13"><span class='ocrx_word' id='word_1_52' title='bbox 391 1006 533 1058; x_wconf 80' lang='grc' dir='ltr'>οὕτω</span> <span class='ocrx_word' id='word_1_53' title='bbox 564 1005 624 1057; x_wconf 85' lang='grc' dir='ltr'>τὺ</span> <span class='ocrx_word' id='word_1_54' title='bbox 652 1004 985 1072; x_wconf 81' lang='grc' dir='ltr'>Εὔσχημον</span> <span class='ocrx_word' id='word_1_55' title='bbox 1023 999 1120 1054; x_wconf 79' lang='grc' dir='ltr'>καί</span> <span class='ocrx_word' id='word_1_56' title='bbox 1152 997 1566 1067; x_wconf 86' lang='grc' dir='ltr'>εὑπρόσεδρον</span> <span class='ocrx_word' id='word_1_57' title='bbox 1589 997 1823 1065; x_wconf 88' lang='grc' dir='ltr'>γίνεται.</span> 
     </span>
    </p>
   </div>
   <div class='ocr_carea' id='block_1_9' title="bbox 463 1116 2067 1193">
    <p class='ocr_par' dir='ltr' id='par_1_9' title="bbox 463 1116 2067 1193">
     <span class='ocr_line' id='line_1_9' title="bbox 463 1116 2067 1193; baseline -0.008 -11"><span class='ocrx_word' id='word_1_58' title='bbox 463 1125 591 1182; x_wconf 81' lang='lat'>118&#39;.</span> <span class='ocrx_word' id='word_1_59' title='bbox 609 1126 770 1180; x_wconf 85' lang='grc' dir='ltr'>Ἀλλά</span> <span class='ocrx_word' id='word_1_60' title='bbox 793 1127 877 1189; x_wconf 91' lang='grc' dir='ltr'>τίς</span> <span class='ocrx_word' id='word_1_61' title='bbox 902 1128 928 1178; x_wconf 98' lang='lat'>6</span> <span class='ocrx_word' id='word_1_62' title='bbox 950 1125 1110 1193; x_wconf 73' lang='grc' dir='ltr'>σοφὸς</span> <span class='ocrx_word' id='word_1_63' title='bbox 1138 1123 1245 1176; x_wconf 88' lang='grc' dir='ltr'>τῶν</span> <span class='ocrx_word' id='word_1_64' title='bbox 1265 1120 1473 1175; x_wconf 81' lang='grc' dir='ltr'>πολλῶν</span> <span class='ocrx_word' id='word_1_65' title='bbox 1497 1120 1680 1187; x_wconf 56' lang='grc' dir='ltr'>λόγος</span> <span class='ocrx_word' id='word_1_66' title='bbox 1722 1119 1778 1171; x_wconf 85' lang='lat'>&#39;0</span> <span class='ocrx_word' id='word_1_67' title='bbox 1802 1116 2067 1188; x_wconf 78' lang='grc' dir='ltr'>πατριάρο</span> 
     </span>
    </p>
   </div>
   <div class='ocr_carea' id='block_1_10' title="bbox 396 1206 2072 1287">
    <p class='ocr_par' dir='ltr' id='par_1_10' title="bbox 396 1206 2072 1287">
     <span class='ocr_line' id='line_1_10' title="bbox 396 1206 2072 1287; baseline -0.011 -15"><span class='ocrx_word' id='word_1_68' title='bbox 396 1234 518 1287; x_wconf 86' lang='grc' dir='ltr'>χης.</span> <span class='ocrx_word' id='word_1_69' title='bbox 538 1235 610 1287; x_wconf 88' lang='grc' dir='ltr'>φη</span> <span class='ocrx_word' id='word_1_70' title='bbox 619 1215 823 1281; x_wconf 77' lang='grc' dir='ltr'>σὶν,Ἀϐ</span> <span class='ocrx_word' id='word_1_71' title='bbox 829 1217 979 1286; x_wconf 88' lang='grc' dir='ltr'>ραάμ</span> <span class='ocrx_word' id='word_1_72' title='bbox 995 1215 1085 1267; x_wconf 77' lang='grc' dir='ltr'>καὶ</span> <span class='ocrx_word' id='word_1_73' title='bbox 1103 1215 1336 1281; x_wconf 90' lang='grc' dir='ltr'>γυναῖκα</span> <span class='ocrx_word' id='word_1_74' title='bbox 1350 1206 1484 1280; x_wconf 74' lang='grc' dir='ltr'>εἶχε,</span> <span class='ocrx_word' id='word_1_75' title='bbox 1504 1211 1595 1262; x_wconf 71' lang='grc' dir='ltr'>καὶ</span> <span class='ocrx_word' id='word_1_76' title='bbox 1612 1208 1821 1270; x_wconf 83' lang='grc' dir='ltr'>παῖδας.</span> <span class='ocrx_word' id='word_1_77' title='bbox 1838 1207 1931 1259; x_wconf 78' lang='grc' dir='ltr'>καὶ</span> <span class='ocrx_word' id='word_1_78' title='bbox 1945 1207 2072 1276; x_wconf 80' lang='grc' dir='ltr'>χρή-</span> 
     </span>
    </p>
   </div>
   <div class='ocr_carea' id='block_1_11' title="bbox 401 1296 2071 1378">
    <p class='ocr_par' dir='ltr' id='par_1_11' title="bbox 401 1296 2071 1378">
     <span class='ocr_line' id='line_1_11' title="bbox 401 1296 2071 1378; baseline -0.009 -18"><span class='ocrx_word' id='word_1_79' title='bbox 401 1325 564 1378; x_wconf 87' lang='grc' dir='ltr'>ματα,</span> <span class='ocrx_word' id='word_1_80' title='bbox 591 1307 683 1358; x_wconf 73' lang='grc' dir='ltr'>καὶ</span> <span class='ocrx_word' id='word_1_81' title='bbox 709 1304 955 1374; x_wconf 75' lang='grc' dir='ltr'>ποίμνια,</span> <span class='ocrx_word' id='word_1_82' title='bbox 975 1303 1068 1355; x_wconf 72' lang='grc' dir='ltr'>καὶ</span> <span class='ocrx_word' id='word_1_83' title='bbox 1099 1301 1365 1370; x_wconf 83' lang='grc' dir='ltr'>βουκόλια·</span> <span class='ocrx_word' id='word_1_84' title='bbox 1394 1301 1485 1353; x_wconf 71' lang='grc' dir='ltr'>καὶ</span> <span class='ocrx_word' id='word_1_85' title='bbox 1519 1297 1657 1369; x_wconf 81' lang='grc' dir='ltr'>μετά</span> <span class='ocrx_word' id='word_1_86' title='bbox 1684 1299 1860 1349; x_wconf 87' lang='grc' dir='ltr'>πάντα</span> <span class='ocrx_word' id='word_1_87' title='bbox 1887 1296 2071 1346; x_wconf 87' lang='grc' dir='ltr'>ἐκεῖνα</span> 
     </span>
    </p>
   </div>
   <div class='ocr_carea' id='block_1_12' title="bbox 410 1379 2071 1463">
    <p class='ocr_par' dir='ltr' id='par_1_12' title="bbox 410 1379 2071 1463">
     <span class='ocr_line' id='line_1_12' title="bbox 410 1379 2071 1463; baseline -0.009 -15"><span class='ocrx_word' id='word_1_88' title='bbox 410 1394 682 1463; x_wconf 80' lang='grc' dir='ltr'>Ἰωάννης,</span> <span class='ocrx_word' id='word_1_89' title='bbox 703 1393 728 1444; x_wconf 86' lang='grc' dir='ltr'><strong>ὃ</strong></span> <span class='ocrx_word' id='word_1_90' title='bbox 747 1408 806 1444; x_wconf 88' lang='grc' dir='ltr'>τε</span> <span class='ocrx_word' id='word_1_91' title='bbox 830 1389 1161 1459; x_wconf 79' lang='grc' dir='ltr'>Βαπτιστὴς,</span> <span class='ocrx_word' id='word_1_92' title='bbox 1187 1389 1214 1441; x_wconf 87' lang='grc' dir='ltr'>δ</span> <span class='ocrx_word' id='word_1_93' title='bbox 1236 1405 1295 1440; x_wconf 90' lang='grc' dir='ltr'>τε</span> <span class='ocrx_word' id='word_1_94' title='bbox 1320 1383 1744 1454; x_wconf 81' lang='grc' dir='ltr'>Εὑαγγελιστὴς,</span> <span class='ocrx_word' id='word_1_95' title='bbox 1762 1379 1911 1454; x_wconf 86' lang='grc'>[555]</span> <span class='ocrx_word' id='word_1_96' title='bbox 1930 1397 2071 1451; x_wconf 87' lang='grc' dir='ltr'>παρ-</span> 
     </span>
    </p>
   </div>
   <div class='ocr_carea' id='block_1_13' title="bbox 398 1469 2072 1552">
    <p class='ocr_par' dir='ltr' id='par_1_13' title="bbox 398 1469 2072 1552">
     <span class='ocr_line' id='line_1_13' title="bbox 398 1469 2072 1552; baseline -0.009 -16"><span class='ocrx_word' id='word_1_97' title='bbox 398 1480 542 1536; x_wconf 89' lang='grc' dir='ltr'>θένοι</span> <span class='ocrx_word' id='word_1_98' title='bbox 563 1481 860 1552; x_wconf 85' lang='grc' dir='ltr'>ἀμφότεροι</span> <span class='ocrx_word' id='word_1_99' title='bbox 882 1477 1258 1548; x_wconf 84' lang='grc' dir='ltr'>τυγχάνοντες,</span> <span class='ocrx_word' id='word_1_100' title='bbox 1285 1476 1376 1528; x_wconf 73' lang='grc' dir='ltr'>καὶ</span> <span class='ocrx_word' id='word_1_101' title='bbox 1394 1473 1603 1534; x_wconf 84' lang='grc' dir='ltr'>Παῦλος</span> <span class='ocrx_word' id='word_1_102' title='bbox 1633 1472 1728 1525; x_wconf 80' lang='grc' dir='ltr'>καὶ</span> <span class='ocrx_word' id='word_1_103' title='bbox 1759 1471 1961 1540; x_wconf 85' lang='grc' dir='ltr'>Πέτρος</span> <span class='ocrx_word' id='word_1_104' title='bbox 1979 1469 2072 1521; x_wconf 72' lang='grc' dir='ltr'>ἐπὶ</span> 
     </span>
    </p>
   </div>
   <div class='ocr_carea' id='block_1_14' title="bbox 396 1557 2073 1642">
    <p class='ocr_par' dir='ltr' id='par_1_14' title="bbox 396 1557 2073 1642">
     <span class='ocr_line' id='line_1_14' title="bbox 396 1557 2073 1642; baseline -0.01 -18"><span class='ocrx_word' id='word_1_105' title='bbox 396 1573 498 1642; x_wconf 82' lang='grc' dir='ltr'>τῆς</span> <span class='ocrx_word' id='word_1_106' title='bbox 528 1571 853 1641; x_wconf 76' lang='grc' dir='ltr'>ἐγκρατείας</span> <span class='ocrx_word' id='word_1_107' title='bbox 881 1565 1302 1637; x_wconf 76' lang='grc' dir='ltr'>διαλάμψαντες,</span> <span class='ocrx_word' id='word_1_108' title='bbox 1339 1563 1418 1625; x_wconf 83' lang='grc' dir='ltr'>είς</span> <span class='ocrx_word' id='word_1_109' title='bbox 1443 1561 1568 1624; x_wconf 76' lang='grc' dir='ltr'>τοὺς</span> <span class='ocrx_word' id='word_1_110' title='bbox 1600 1559 1808 1613; x_wconf 86' lang='grc' dir='ltr'>ἐκείνου</span> <span class='ocrx_word' id='word_1_111' title='bbox 1839 1557 2073 1620; x_wconf 83' lang='grc' dir='ltr'>κόλπους</span> 
     </span>
    </p>
   </div>
   <div class='ocr_carea' id='block_1_15' title="bbox 397 1643 2073 1732">
    <p class='ocr_par' dir='ltr' id='par_1_15' title="bbox 397 1643 2073 1732">
     <span class='ocr_line' id='line_1_15' title="bbox 397 1643 2073 1732; baseline -0.011 -18"><span class='ocrx_word' id='word_1_112' title='bbox 397 1660 650 1732; x_wconf 84' lang='grc' dir='ltr'>εῦχονται</span> <span class='ocrx_word' id='word_1_113' title='bbox 689 1657 885 1710; x_wconf 88' lang='grc' dir='ltr'>ἐλθεῖν.</span> <span class='ocrx_word' id='word_1_114' title='bbox 920 1657 1016 1719; x_wconf 86' lang='grc' dir='ltr'>Τίς</span> <span class='ocrx_word' id='word_1_115' title='bbox 1049 1653 1308 1707; x_wconf 86' lang='grc' dir='ltr'>σοιτοῦτο</span> <span class='ocrx_word' id='word_1_116' title='bbox 1334 1646 1504 1714; x_wconf 81' lang='grc' dir='ltr'>εἷπεν,</span> <span class='ocrx_word' id='word_1_117' title='bbox 1535 1643 1579 1702; x_wconf 81' lang='grc' dir='ltr'><strong>ὦ</strong></span> <span class='ocrx_word' id='word_1_118' title='bbox 1628 1647 1894 1719; x_wconf 79' lang='grc' dir='ltr'>βέλτιστε,</span> <span class='ocrx_word' id='word_1_119' title='bbox 1922 1648 2073 1708; x_wconf 89' lang='grc' dir='ltr'>ποῖος</span> 
     </span>
    </p>
   </div>
   <div class='ocr_carea' id='block_1_16' title="bbox 399 1734 2068 1820">
    <p class='ocr_par' dir='ltr' id='par_1_16' title="bbox 399 1734 2068 1820">
     <span class='ocr_line' id='line_1_16' title="bbox 399 1734 2068 1820; baseline -0.011 -16"><span class='ocrx_word' id='word_1_120' title='bbox 399 1749 706 1820; x_wconf 80' lang='grc' dir='ltr'>προφήτης,</span> <span class='ocrx_word' id='word_1_121' title='bbox 738 1747 820 1809; x_wconf 82' lang='grc' dir='ltr'>τίς</span> <span class='ocrx_word' id='word_1_122' title='bbox 841 1743 1267 1813; x_wconf 83' lang='grc' dir='ltr'>εὑαγγελιστής;</span> <span class='ocrx_word' id='word_1_123' title='bbox 1314 1739 1505 1802; x_wconf 81' lang='grc' dir='ltr'>Αὐτὸς.</span> <span class='ocrx_word' id='word_1_124' title='bbox 1548 1738 1733 1807; x_wconf 65' lang='grc' dir='ltr'>φησιν,</span> <span class='ocrx_word' id='word_1_125' title='bbox 1755 1738 1783 1789; x_wconf 90' lang='lat'>6</span> <span class='ocrx_word' id='word_1_126' title='bbox 1811 1734 2068 1807; x_wconf 85' lang='grc' dir='ltr'>Χριστός.</span> 
     </span>
    </p>
   </div>
   <div class='ocr_carea' id='block_1_17' title="bbox 398 1823 2072 1908">
    <p class='ocr_par' dir='ltr' id='par_1_17' title="bbox 398 1823 2072 1908">
     <span class='ocr_line' id='line_1_17' title="bbox 398 1823 2072 1908; baseline -0.01 -17"><span class='ocrx_word' id='word_1_127' title='bbox 398 1838 504 1891; x_wconf 82' lang='grc' dir='ltr'>Τὸν</span> <span class='ocrx_word' id='word_1_128' title='bbox 531 1836 639 1908; x_wconf 90' lang='grc' dir='ltr'>γάρ</span> <span class='ocrx_word' id='word_1_129' title='bbox 664 1835 1064 1904; x_wconf 81' lang='grc' dir='ltr'>ἑκατοντάρχην</span> <span class='ocrx_word' id='word_1_130' title='bbox 1103 1828 1224 1883; x_wconf 82' lang='grc' dir='ltr'>ἰδὼν</span> <span class='ocrx_word' id='word_1_131' title='bbox 1263 1826 1462 1898; x_wconf 85' lang='grc' dir='ltr'>πολλὴν</span> <span class='ocrx_word' id='word_1_132' title='bbox 1488 1825 1680 1896; x_wconf 75' lang='grc' dir='ltr'>ἔχοντα</span> <span class='ocrx_word' id='word_1_133' title='bbox 1721 1824 1923 1888; x_wconf 87' lang='grc' dir='ltr'>πίστιν,</span> <span class='ocrx_word' id='word_1_134' title='bbox 1957 1823 2072 1875; x_wconf 74' lang='grc' dir='ltr'>ξλε-</span> 
     </span>
    </p>
   </div>
   <div class='ocr_carea' id='block_1_18' title="bbox 395 1913 2067 1997">
    <p class='ocr_par' dir='ltr' id='par_1_18' title="bbox 395 1913 2067 1997">
     <span class='ocr_line' id='line_1_18' title="bbox 395 1913 2067 1997; baseline -0.01 -16"><span class='ocrx_word' id='word_1_135' title='bbox 395 1944 493 1997; x_wconf 85' lang='grc' dir='ltr'>γεν</span> <span class='ocrx_word' id='word_1_136' title='bbox 511 1943 524 1956; x_wconf 87' lang='grc'><strong>·</strong></span> <span class='ocrx_word' id='word_1_137' title='bbox 552 1927 675 1979; x_wconf 88' lang='grc' dir='ltr'>Ὅτι</span> <span class='ocrx_word' id='word_1_138' title='bbox 697 1924 913 1977; x_wconf 78' lang='grc' dir='ltr'>πολλοὶ</span> <span class='ocrx_word' id='word_1_139' title='bbox 942 1921 1058 1976; x_wconf 79' lang='grc' dir='ltr'>ἀπὸ</span> <span class='ocrx_word' id='word_1_140' title='bbox 1088 1916 1403 1975; x_wconf 78' lang='grc' dir='ltr'>ἀνατολῶν</span> <span class='ocrx_word' id='word_1_141' title='bbox 1425 1916 1521 1968; x_wconf 76' lang='grc' dir='ltr'>καὶ</span> <span class='ocrx_word' id='word_1_142' title='bbox 1548 1913 1798 1983; x_wconf 84' lang='grc' dir='ltr'>δυσμῶν</span> <span class='ocrx_word' id='word_1_143' title='bbox 1825 1913 2067 1980; x_wconf 80' lang='grc' dir='ltr'>ἥξουσι,</span> 
     </span>
    </p>
   </div>
   <div class='ocr_carea' id='block_1_19' title="bbox 397 2001 2072 2078">
    <p class='ocr_par' dir='ltr' id='par_1_19' title="bbox 397 2001 2072 2078">
     <span class='ocr_line' id='line_1_19' title="bbox 397 2001 2072 2078; baseline -0.01 -8"><span class='ocrx_word' id='word_1_144' title='bbox 397 2015 496 2069; x_wconf 78' lang='grc' dir='ltr'>καὶ</span> <span class='ocrx_word' id='word_1_145' title='bbox 539 2010 1051 2078; x_wconf 75' lang='grc' dir='ltr'>ἀνακλιθήσονται</span> <span class='ocrx_word' id='word_1_146' title='bbox 1091 2007 1242 2078; x_wconf 84' lang='grc' dir='ltr'>μετὰ</span> <span class='ocrx_word' id='word_1_147' title='bbox 1301 2003 1548 2074; x_wconf 78' lang='grc' dir='ltr'>Ἀϐραὰμ</span> <span class='ocrx_word' id='word_1_148' title='bbox 1587 2003 1683 2056; x_wconf 80' lang='grc' dir='ltr'>καὶ</span> <span class='ocrx_word' id='word_1_149' title='bbox 1725 2001 1933 2056; x_wconf 83' lang='grc' dir='ltr'>Ἰσαὰκ</span> <span class='ocrx_word' id='word_1_150' title='bbox 1976 2001 2072 2056; x_wconf 72' lang='grc' dir='ltr'>καὶ</span> 
     </span>
    </p>
   </div>
   <div class='ocr_carea' id='block_1_20' title="bbox 395 2088 2074 2168">
    <p class='ocr_par' dir='ltr' id='par_1_20' title="bbox 395 2088 2074 2168">
     <span class='ocr_line' id='line_1_20' title="bbox 395 2088 2074 2168; baseline -0.01 -10"><span class='ocrx_word' id='word_1_151' title='bbox 395 2101 617 2158; x_wconf 76' lang='grc' dir='ltr'>Ἰακώϐ.</span> <span class='ocrx_word' id='word_1_152' title='bbox 655 2101 764 2153; x_wconf 67' lang='grc' dir='ltr'>Καὶ</span> <span class='ocrx_word' id='word_1_153' title='bbox 801 2102 830 2152; x_wconf 89' lang='lat'>6</span> <span class='ocrx_word' id='word_1_154' title='bbox 852 2099 1098 2168; x_wconf 77' lang='grc' dir='ltr'>Λάζαρος</span> <span class='ocrx_word' id='word_1_155' title='bbox 1123 2096 1179 2148; x_wconf 84' lang='grc' dir='ltr'>δὲ</span> <span class='ocrx_word' id='word_1_156' title='bbox 1231 2095 1348 2166; x_wconf 84' lang='grc' dir='ltr'>μετ’</span> <span class='ocrx_word' id='word_1_157' title='bbox 1387 2092 1553 2147; x_wconf 87' lang='grc' dir='ltr'>αὑτοῦ</span> <span class='ocrx_word' id='word_1_158' title='bbox 1585 2092 1704 2144; x_wconf 85' lang='grc' dir='ltr'>τότε</span> <span class='ocrx_word' id='word_1_159' title='bbox 1729 2091 1921 2162; x_wconf 80' lang='grc' dir='ltr'>ὁρᾶται</span> <span class='ocrx_word' id='word_1_160' title='bbox 1968 2088 2074 2143; x_wconf 81' lang='grc' dir='ltr'>ὑπὸ</span> 
     </span>
    </p>
   </div>
   <div class='ocr_carea' id='block_1_21' title="bbox 397 2176 2073 2258">
    <p class='ocr_par' dir='ltr' id='par_1_21' title="bbox 397 2176 2073 2258">
     <span class='ocr_line' id='line_1_21' title="bbox 397 2176 2073 2258; baseline -0.01 -13"><span class='ocrx_word' id='word_1_161' title='bbox 397 2191 493 2245; x_wconf 86' lang='grc' dir='ltr'>τοῦ</span> <span class='ocrx_word' id='word_1_162' title='bbox 529 2189 782 2244; x_wconf 77' lang='grc' dir='ltr'>πλουσίου</span> <span class='ocrx_word' id='word_1_163' title='bbox 806 2185 1047 2258; x_wconf 86' lang='grc' dir='ltr'>τρυφῶν.</span> <span class='ocrx_word' id='word_1_164' title='bbox 1073 2184 1184 2237; x_wconf 70' lang='grc' dir='ltr'>Καὶ</span> <span class='ocrx_word' id='word_1_165' title='bbox 1208 2183 1260 2234; x_wconf 88' lang='grc' dir='ltr'>τί</span> <span class='ocrx_word' id='word_1_166' title='bbox 1289 2181 1448 2234; x_wconf 90' lang='grc' dir='ltr'>τοῦτο</span> <span class='ocrx_word' id='word_1_167' title='bbox 1485 2180 1620 2251; x_wconf 78' lang='grc' dir='ltr'>πρὸς</span> <span class='ocrx_word' id='word_1_168' title='bbox 1671 2178 1904 2242; x_wconf 82' lang='grc' dir='ltr'>Παῦλον,</span> <span class='ocrx_word' id='word_1_169' title='bbox 1936 2176 1990 2229; x_wconf 92' lang='grc' dir='ltr'>τί</span> <span class='ocrx_word' id='word_1_170' title='bbox 2017 2176 2073 2229; x_wconf 83' lang='grc' dir='ltr'>δὲ</span> 
     </span>
    </p>
   </div>
   <div class='ocr_carea' id='block_1_22' title="bbox 401 2269 2074 2354">
    <p class='ocr_par' dir='ltr' id='par_1_22' title="bbox 401 2269 2074 2354">
     <span class='ocr_line' id='line_1_22' title="bbox 401 2269 2074 2354; baseline -0.01 -18"><span class='ocrx_word' id='word_1_171' title='bbox 401 2282 537 2354; x_wconf 76' lang='grc' dir='ltr'>πρὸς</span> <span class='ocrx_word' id='word_1_172' title='bbox 562 2280 791 2350; x_wconf 85' lang='grc' dir='ltr'>Πέτρον.</span> <span class='ocrx_word' id='word_1_173' title='bbox 823 2279 876 2331; x_wconf 91' lang='grc' dir='ltr'>τί</span> <span class='ocrx_word' id='word_1_174' title='bbox 915 2277 972 2330; x_wconf 80' lang='grc' dir='ltr'>δὲ</span> <span class='ocrx_word' id='word_1_175' title='bbox 1004 2276 1138 2347; x_wconf 83' lang='grc' dir='ltr'>πρὸς</span> <span class='ocrx_word' id='word_1_176' title='bbox 1186 2276 1473 2344; x_wconf 79' lang='grc' dir='ltr'>Ἰωάννην;</span> <span class='ocrx_word' id='word_1_177' title='bbox 1502 2273 1576 2325; x_wconf 87' lang='grc' dir='ltr'>Οὐ</span> <span class='ocrx_word' id='word_1_178' title='bbox 1612 2270 1720 2340; x_wconf 87' lang='grc' dir='ltr'>γάρ</span> <span class='ocrx_word' id='word_1_179' title='bbox 1753 2270 1781 2320; x_wconf 93' lang='lat'>6</span> <span class='ocrx_word' id='word_1_180' title='bbox 1827 2269 2074 2340; x_wconf 77' lang='grc' dir='ltr'>Λάζαρος</span> 
     </span>
    </p>
   </div>
   <div class='ocr_carea' id='block_1_23' title="bbox 400 2357 2074 2436">
    <p class='ocr_par' dir='ltr' id='par_1_23' title="bbox 400 2357 2074 2436">
     <span class='ocr_line' id='line_1_23' title="bbox 400 2357 2074 2436; baseline -0.008 -11"><span class='ocrx_word' id='word_1_181' title='bbox 400 2371 615 2434; x_wconf 81' lang='grc' dir='ltr'>Παῦλος</span> <span class='ocrx_word' id='word_1_182' title='bbox 644 2369 738 2422; x_wconf 61' lang='grc' dir='ltr'>καὶ⁹</span> <span class='ocrx_word' id='word_1_183' title='bbox 775 2368 1027 2436; x_wconf 75' lang='grc' dir='ltr'>Ἰωάννης</span> <span class='ocrx_word' id='word_1_184' title='bbox 1043 2361 1131 2436; x_wconf 78' lang='grc' dir='ltr'>ἦν,</span> <span class='ocrx_word' id='word_1_185' title='bbox 1151 2364 1272 2416; x_wconf 83' lang='grc' dir='ltr'>οὑδὲ</span> <span class='ocrx_word' id='word_1_186' title='bbox 1300 2365 1347 2415; x_wconf 93' lang='grc' dir='ltr'>οἱ</span> <span class='ocrx_word' id='word_1_187' title='bbox 1367 2362 1551 2414; x_wconf 72' lang='grc' dir='ltr'>πολλοὶ</span> <span class='ocrx_word' id='word_1_188' title='bbox 1582 2363 1628 2413; x_wconf 87' lang='grc' dir='ltr'>οἱ</span> <span class='ocrx_word' id='word_1_189' title='bbox 1658 2359 1766 2412; x_wconf 82' lang='grc' dir='ltr'>ἀπὸ</span> <span class='ocrx_word' id='word_1_190' title='bbox 1799 2357 2074 2411; x_wconf 84' lang='grc' dir='ltr'>ἀνατολῶν</span> 
     </span>
    </p>
   </div>
   <div class='ocr_carea' id='block_1_24' title="bbox 399 2447 2075 2528">
    <p class='ocr_par' dir='ltr' id='par_1_24' title="bbox 399 2447 2075 2528">
     <span class='ocr_line' id='line_1_24' title="bbox 399 2447 2075 2528; baseline -0.008 -14"><span class='ocrx_word' id='word_1_191' title='bbox 399 2461 494 2514; x_wconf 71' lang='grc' dir='ltr'>καὶ</span> <span class='ocrx_word' id='word_1_192' title='bbox 522 2456 740 2528; x_wconf 86' lang='grc' dir='ltr'>δυσμῶν</span> <span class='ocrx_word' id='word_1_193' title='bbox 779 2457 807 2510; x_wconf 91' lang='lat'>6</span> <span class='ocrx_word' id='word_1_194' title='bbox 837 2454 944 2507; x_wconf 89' lang='grc' dir='ltr'>τῶν</span> <span class='ocrx_word' id='word_1_195' title='bbox 975 2451 1285 2506; x_wconf 78' lang='grc' dir='ltr'>ἀποστόλων</span> <span class='ocrx_word' id='word_1_196' title='bbox 1313 2447 1450 2522; x_wconf 79' lang='grc' dir='ltr'>ἦσαν</span> <span class='ocrx_word' id='word_1_197' title='bbox 1472 2448 1653 2520; x_wconf 85' lang='grc' dir='ltr'>χορός.</span> <span class='ocrx_word' id='word_1_198' title='bbox 1692 2448 1858 2500; x_wconf 85' lang='grc' dir='ltr'>Ὥστε</span> <span class='ocrx_word' id='word_1_199' title='bbox 1885 2464 2075 2519; x_wconf 84' lang='grc' dir='ltr'>περιτ-</span> 
     </span>
    </p>
   </div>
   <div class='ocr_carea' id='block_1_25' title="bbox 397 2535 2075 2617">
    <p class='ocr_par' dir='ltr' id='par_1_25' title="bbox 397 2535 2075 2617">
     <span class='ocr_line' id='line_1_25' title="bbox 397 2535 2075 2617; baseline -0.007 -16"><span class='ocrx_word' id='word_1_200' title='bbox 397 2548 491 2611; x_wconf 77' lang='grc' dir='ltr'>τὸς</span> <span class='ocrx_word' id='word_1_201' title='bbox 525 2547 652 2617; x_wconf 89' lang='grc' dir='ltr'>ὑμῖν</span> <span class='ocrx_word' id='word_1_202' title='bbox 694 2537 848 2606; x_wconf 74' lang='grc' dir='ltr'>οὗτος</span> <span class='ocrx_word' id='word_1_203' title='bbox 889 2542 918 2593; x_wconf 90' lang='lat'>6</span> <span class='ocrx_word' id='word_1_204' title='bbox 962 2541 1118 2608; x_wconf 84' lang='grc' dir='ltr'>λόγος</span> <span class='ocrx_word' id='word_1_205' title='bbox 1151 2540 1244 2592; x_wconf 77' lang='grc' dir='ltr'>καὶ</span> <span class='ocrx_word' id='word_1_206' title='bbox 1278 2539 1523 2608; x_wconf 83' lang='grc' dir='ltr'>μάταιος.</span> <span class='ocrx_word' id='word_1_207' title='bbox 1552 2537 1613 2588; x_wconf 86' lang='grc' dir='ltr'>Εἰ</span> <span class='ocrx_word' id='word_1_208' title='bbox 1655 2536 1712 2588; x_wconf 85' lang='grc' dir='ltr'>δὲ</span> <span class='ocrx_word' id='word_1_209' title='bbox 1737 2535 1908 2598; x_wconf 89' lang='grc' dir='ltr'>θέλεις</span> <span class='ocrx_word' id='word_1_210' title='bbox 1939 2536 2075 2600; x_wconf 82' lang='grc' dir='ltr'>ὅλως</span> 
     </span>
    </p>
   </div>
   <div class='ocr_carea' id='block_1_26' title="bbox 398 2623 2076 2694">
    <p class='ocr_par' dir='ltr' id='par_1_26' title="bbox 398 2623 2076 2694">
     <span class='ocr_line' id='line_1_26' title="bbox 398 2623 2076 2694; baseline -0.006 -5"><span class='ocrx_word' id='word_1_211' title='bbox 398 2634 626 2690; x_wconf 73' lang='grc' dir='ltr'>ἀκοῦσαι</span> <span class='ocrx_word' id='word_1_212' title='bbox 649 2633 715 2685; x_wconf 69' lang='grc' dir='ltr'>τὰ</span> <span class='ocrx_word' id='word_1_213' title='bbox 741 2632 845 2685; x_wconf 88' lang='grc' dir='ltr'>τῶν</span> <span class='ocrx_word' id='word_1_214' title='bbox 872 2630 1181 2684; x_wconf 78' lang='grc' dir='ltr'>ἀποστόλων</span> <span class='ocrx_word' id='word_1_215' title='bbox 1215 2627 1446 2686; x_wconf 77' lang='grc' dir='ltr'>ἔπαθλα,</span> <span class='ocrx_word' id='word_1_216' title='bbox 1465 2625 1698 2679; x_wconf 78' lang='grc' dir='ltr'>ἄκουσον</span> <span class='ocrx_word' id='word_1_217' title='bbox 1723 2623 1818 2676; x_wconf 90' lang='grc' dir='ltr'>τοῦ</span> <span class='ocrx_word' id='word_1_218' title='bbox 1854 2624 2076 2694; x_wconf 85' lang='grc' dir='ltr'>μέλλον-</span> 
     </span>
    </p>
   </div>
   <div class='ocr_carea' id='block_1_27' title="bbox 397 2711 2075 2785">
    <p class='ocr_par' dir='ltr' id='par_1_27' title="bbox 397 2711 2075 2785">
     <span class='ocr_line' id='line_1_27' title="bbox 397 2711 2075 2785; baseline -0.005 -10"><span class='ocrx_word' id='word_1_219' title='bbox 397 2739 488 2785; x_wconf 85' lang='grc' dir='ltr'>τος</span> <span class='ocrx_word' id='word_1_220' title='bbox 520 2721 660 2774; x_wconf 81' lang='grc' dir='ltr'>αὑτά</span> <span class='ocrx_word' id='word_1_221' title='bbox 694 2720 924 2779; x_wconf 82' lang='grc' dir='ltr'>διδόναι,</span> <span class='ocrx_word' id='word_1_222' title='bbox 958 2717 1209 2784; x_wconf 81' lang='grc' dir='ltr'>λέγοντος</span> <span class='ocrx_word' id='word_1_223' title='bbox 1233 2731 1246 2745; x_wconf 75' lang='grc' dir='ltr'><strong>ο</strong></span> <span class='ocrx_word' id='word_1_224' title='bbox 1294 2714 1632 2769; x_wconf 82' lang='grc' dir='ltr'>Καθίσεσθε</span> <span class='ocrx_word' id='word_1_225' title='bbox 1662 2711 1763 2766; x_wconf 80' lang='grc' dir='ltr'>ἐπὶ</span> <span class='ocrx_word' id='word_1_226' title='bbox 1787 2711 2017 2767; x_wconf 84' lang='grc' dir='ltr'>δώδεκα</span> <span class='ocrx_word' id='word_1_227' title='bbox 2047 2727 2075 2756; x_wconf 78' lang='grc' dir='ltr'>ει</span> 
     </span>
    </p>
   </div>
   <div class='ocr_carea' id='block_1_28' title="bbox 397 2801 2072 2878">
    <p class='ocr_par' dir='ltr' id='par_1_28' title="bbox 397 2801 2072 2878">
     <span class='ocr_line' id='line_1_28' title="bbox 397 2801 2072 2878; baseline -0.004 -14"><span class='ocrx_word' id='word_1_228' title='bbox 397 2811 650 2878; x_wconf 77' lang='grc' dir='ltr'>θρόνους</span> <span class='ocrx_word' id='word_1_229' title='bbox 680 2808 988 2876; x_wconf 77' lang='grc' dir='ltr'>κρίνοντες</span> <span class='ocrx_word' id='word_1_230' title='bbox 1017 2805 1123 2870; x_wconf 80' lang='grc' dir='ltr'>τὰς</span> <span class='ocrx_word' id='word_1_231' title='bbox 1147 2803 1376 2856; x_wconf 79' lang='grc' dir='ltr'>δώδεκα</span> <span class='ocrx_word' id='word_1_232' title='bbox 1406 2802 1607 2872; x_wconf 73' lang='grc' dir='ltr'>φυλὰς</span> <span class='ocrx_word' id='word_1_233' title='bbox 1646 2802 1752 2856; x_wconf 84' lang='grc' dir='ltr'>τοῦ</span> <span class='ocrx_word' id='word_1_234' title='bbox 1803 2801 2072 2872; x_wconf 78' lang='grc' dir='ltr'>Ἰσραήλ.</span> 
     </span>
    </p>
   </div>
   <div class='ocr_carea' id='block_1_29' title="bbox 397 2889 2071 2967">
    <p class='ocr_par' dir='ltr' id='par_1_29' title="bbox 397 2889 2071 2967">
     <span class='ocr_line' id='line_1_29' title="bbox 397 2889 2071 2967; baseline -0.005 -15"><span class='ocrx_word' id='word_1_235' title='bbox 397 2901 506 2952; x_wconf 77' lang='grc' dir='ltr'>Καὶ</span> <span class='ocrx_word' id='word_1_236' title='bbox 537 2896 771 2967; x_wconf 65' lang='grc' dir='ltr'>οὐδαμοῦ</span> <span class='ocrx_word' id='word_1_237' title='bbox 803 2893 1038 2949; x_wconf 85' lang='grc' dir='ltr'>ἐνταῦθα</span> <span class='ocrx_word' id='word_1_238' title='bbox 1075 2895 1103 2946; x_wconf 91' lang='lat'>6</span> <span class='ocrx_word' id='word_1_239' title='bbox 1134 2891 1405 2962; x_wconf 79' lang='grc' dir='ltr'>Ἀϐραὰμ,</span> <span class='ocrx_word' id='word_1_240' title='bbox 1447 2889 1572 2942; x_wconf 75' lang='grc' dir='ltr'>οὔτε</span> <span class='ocrx_word' id='word_1_241' title='bbox 1617 2891 1645 2941; x_wconf 93' lang='lat'>6</span> <span class='ocrx_word' id='word_1_242' title='bbox 1693 2889 1884 2943; x_wconf 81' lang='grc' dir='ltr'>τούτου</span> <span class='ocrx_word' id='word_1_243' title='bbox 1922 2894 2071 2956; x_wconf 90' lang='grc' dir='ltr'>παῖς,</span> 
     </span>
    </p>
   </div>
   <div class='ocr_carea' id='block_1_30' title="bbox 395 2979 2074 3050">
    <p class='ocr_par' dir='ltr' id='par_1_30' title="bbox 395 2979 2074 3050">
     <span class='ocr_line' id='line_1_30' title="bbox 395 2979 2074 3050; baseline -0.003 -11"><span class='ocrx_word' id='word_1_244' title='bbox 395 2987 514 3041; x_wconf 77' lang='lat'><em>0662-:</em></span> <span class='ocrx_word' id='word_1_245' title='bbox 549 2988 576 3037; x_wconf 93' lang='lat'>6</span> <span class='ocrx_word' id='word_1_246' title='bbox 598 2986 807 3038; x_wconf 89' lang='grc' dir='ltr'>ἐκείνου</span> <span class='ocrx_word' id='word_1_247' title='bbox 832 3023 846 3048; x_wconf 90' lang='grc'>,</span> <span class='ocrx_word' id='word_1_248' title='bbox 880 2982 1004 3035; x_wconf 84' lang='grc' dir='ltr'>οὑδέ</span> <span class='ocrx_word' id='word_1_249' title='bbox 1047 2981 1076 3032; x_wconf 88' lang='lat'>6</span> <span class='ocrx_word' id='word_1_250' title='bbox 1105 2979 1286 3050; x_wconf 87' lang='grc' dir='ltr'>λαχὼν</span> <span class='ocrx_word' id='word_1_251' title='bbox 1323 2980 1520 3042; x_wconf 81' lang='grc' dir='ltr'>αὑτοὺς</span> <span class='ocrx_word' id='word_1_252' title='bbox 1553 2979 1772 3047; x_wconf 84' lang='grc' dir='ltr'>κόλπος,</span> <span class='ocrx_word' id='word_1_253' title='bbox 1806 2979 1921 3034; x_wconf 84' lang='grc' dir='ltr'>ἀλλ’</span> <span class='ocrx_word' id='word_1_254' title='bbox 1950 2980 2074 3044; x_wconf 83' lang='grc' dir='ltr'>ἀξία</span> 
     </span>
    </p>
   </div>
   <div class='ocr_carea' id='block_1_31' title="bbox 397 3063 2077 3144">
    <p class='ocr_par' dir='ltr' id='par_1_31' title="bbox 397 3063 2077 3144">
     <span class='ocr_line' id='line_1_31' title="bbox 397 3063 2077 3144; baseline -0.004 -17"><span class='ocrx_word' id='word_1_255' title='bbox 397 3072 578 3144; x_wconf 87' lang='grc' dir='ltr'>πολλῷ</span> <span class='ocrx_word' id='word_1_256' title='bbox 609 3073 808 3144; x_wconf 78' lang='grc' dir='ltr'>μείζων</span> <span class='ocrx_word' id='word_1_257' title='bbox 832 3070 1047 3141; x_wconf 79' lang='grc' dir='ltr'>ἐκείνης</span> <span class='ocrx_word' id='word_1_258' title='bbox 1066 3085 1080 3098; x_wconf 77' lang='grc' dir='ltr'><strong>ο</strong></span> <span class='ocrx_word' id='word_1_259' title='bbox 1102 3071 1229 3131; x_wconf 76' lang='grc' dir='ltr'>τοὺς</span> <span class='ocrx_word' id='word_1_260' title='bbox 1248 3068 1356 3138; x_wconf 74' lang='grc' dir='ltr'>γάρ</span> <span class='ocrx_word' id='word_1_261' title='bbox 1373 3067 1596 3120; x_wconf 78' lang='grc' dir='ltr'>ἐκείνων</span> <span class='ocrx_word' id='word_1_262' title='bbox 1626 3063 1770 3122; x_wconf 80' lang='grc' dir='ltr'>οῦτοι</span> <span class='ocrx_word' id='word_1_263' title='bbox 1787 3069 2077 3122; x_wconf 88' lang='grc' dir='ltr'>καθεδοῦν-</span> 
     </span>
    </p>
   </div>
   <div class='ocr_carea' id='block_1_32' title="bbox 397 3155 2073 3230">
    <p class='ocr_par' dir='ltr' id='par_1_32' title="bbox 397 3155 2073 3230">
     <span class='ocr_line' id='line_1_32' title="bbox 397 3155 2073 3230; baseline -0.002 -14"><span class='ocrx_word' id='word_1_264' title='bbox 397 3179 488 3216; x_wconf 90' lang='grc' dir='ltr'>ται</span> <span class='ocrx_word' id='word_1_265' title='bbox 511 3160 822 3230; x_wconf 79' lang='grc' dir='ltr'>κρινοῦντες</span> <span class='ocrx_word' id='word_1_266' title='bbox 853 3158 1130 3226; x_wconf 85' lang='grc' dir='ltr'>ἐκγόνους.</span> <span class='ocrx_word' id='word_1_267' title='bbox 1166 3157 1240 3208; x_wconf 88' lang='lat'><em>06</em></span> <span class='ocrx_word' id='word_1_268' title='bbox 1269 3155 1448 3229; x_wconf 73' lang='grc' dir='ltr'>⁸ταύτῃ</span> <span class='ocrx_word' id='word_1_269' title='bbox 1476 3157 1534 3209; x_wconf 81' lang='grc' dir='ltr'>δὲ</span> <span class='ocrx_word' id='word_1_270' title='bbox 1573 3157 1734 3227; x_wconf 88' lang='grc' dir='ltr'>μόνον</span> <span class='ocrx_word' id='word_1_271' title='bbox 1775 3161 1806 3228; x_wconf 84' lang='grc' dir='ltr'>ἡ</span> <span class='ocrx_word' id='word_1_272' title='bbox 1840 3158 2073 3230; x_wconf 85' lang='grc' dir='ltr'>διαφορά</span> 
     </span>
    </p>
   </div>
   <div class='ocr_carea' id='block_1_33' title="bbox 397 3240 2068 3321">
    <p class='ocr_par' dir='ltr' id='par_1_33' title="bbox 397 3240 2068 3321">
     <span class='ocr_line' id='line_1_33' title="bbox 397 3240 2068 3321; baseline -0.002 -18"><span class='ocrx_word' id='word_1_273' title='bbox 397 3249 554 3321; x_wconf 80' lang='grc' dir='ltr'>δήλη,</span> <span class='ocrx_word' id='word_1_274' title='bbox 584 3248 697 3302; x_wconf 83' lang='grc' dir='ltr'>ἀλλ’</span> <span class='ocrx_word' id='word_1_275' title='bbox 725 3249 806 3300; x_wconf 87' lang='grc' dir='ltr'>ὅτι</span> <span class='ocrx_word' id='word_1_276' title='bbox 834 3240 908 3300; x_wconf 84' lang='grc' dir='ltr'>ὧν</span> <span class='ocrx_word' id='word_1_277' title='bbox 934 3246 1031 3316; x_wconf 73' lang='grc' dir='ltr'>μὲν</span> <span class='ocrx_word' id='word_1_278' title='bbox 1049 3247 1075 3298; x_wconf 94' lang='grc' dir='ltr'>ό</span> <span class='ocrx_word' id='word_1_279' title='bbox 1110 3244 1360 3316; x_wconf 85' lang='grc' dir='ltr'>’Λϐραάμ</span> <span class='ocrx_word' id='word_1_280' title='bbox 1389 3246 1544 3315; x_wconf 73' lang='grc' dir='ltr'>ἔτυχε</span> <span class='ocrx_word' id='word_1_281' title='bbox 1570 3245 1754 3298; x_wconf 77' lang='grc' dir='ltr'>πολλοὶ</span> <span class='ocrx_word' id='word_1_282' title='bbox 1769 3245 2068 3312; x_wconf 71' lang='grc' dir='ltr'>τεύξονταιο</span> 
     </span>
    </p>
   </div>
   <div class='ocr_carea' id='block_1_34' title="bbox 400 3333 2072 3406">
    <p class='ocr_par' dir='ltr' id='par_1_34' title="bbox 400 3333 2072 3406">
     <span class='ocr_line' id='line_1_34' title="bbox 400 3333 2072 3406; baseline -0.001 -14"><span class='ocrx_word' id='word_1_283' title='bbox 400 3337 624 3392; x_wconf 73' lang='grc' dir='ltr'>Πολλοὶ</span> <span class='ocrx_word' id='word_1_284' title='bbox 664 3337 774 3406; x_wconf 82' lang='grc' dir='ltr'>γὰρ</span> <span class='ocrx_word' id='word_1_285' title='bbox 818 3335 1195 3398; x_wconf 78' lang='grc' dir='ltr'>ἐλεύσονται,</span> <span class='ocrx_word' id='word_1_286' title='bbox 1251 3335 1435 3404; x_wconf 71' lang='grc' dir='ltr'>φησὶν,</span> <span class='ocrx_word' id='word_1_287' title='bbox 1469 3333 1586 3387; x_wconf 82' lang='grc' dir='ltr'>ἀπὸ</span> <span class='ocrx_word' id='word_1_288' title='bbox 1628 3335 1942 3388; x_wconf 86' lang='grc' dir='ltr'>ἀνατολῶν</span> <span class='ocrx_word' id='word_1_289' title='bbox 1973 3336 2072 3390; x_wconf 76' lang='grc' dir='ltr'>καὶ</span> 
     </span>
    </p>
   </div>
   <div class='ocr_carea' id='block_1_35' title="bbox 398 3421 2075 3495">
    <p class='ocr_par' dir='ltr' id='par_1_35' title="bbox 398 3421 2075 3495">
     <span class='ocr_line' id='line_1_35' title="bbox 398 3421 2075 3495; baseline -0.001 -15"><span class='ocrx_word' id='word_1_290' title='bbox 398 3424 666 3495; x_wconf 81' lang='grc' dir='ltr'>δυσμῶν,</span> <span class='ocrx_word' id='word_1_291' title='bbox 690 3426 787 3478; x_wconf 78' lang='grc' dir='ltr'>καὶ</span> <span class='ocrx_word' id='word_1_292' title='bbox 809 3421 1314 3491; x_wconf 70' lang='grc' dir='ltr'>ἀνακλιθήσονται</span> <span class='ocrx_word' id='word_1_293' title='bbox 1333 3423 1478 3488; x_wconf 79' lang='grc' dir='ltr'>μετὰ</span> <span class='ocrx_word' id='word_1_294' title='bbox 1497 3422 1744 3492; x_wconf 78' lang='grc' dir='ltr'>Ἀϐραὰμ</span> <span class='ocrx_word' id='word_1_295' title='bbox 1760 3423 1859 3476; x_wconf 75' lang='grc' dir='ltr'>καί</span> <span class='ocrx_word' id='word_1_296' title='bbox 1875 3424 2075 3479; x_wconf 82' lang='grc' dir='ltr'>Ἰσαὰκ</span> 
     </span>
    </p>
   </div>
   <div class='ocr_carea' id='block_1_36' title="bbox 399 3510 2076 3584">
    <p class='ocr_par' dir='ltr' id='par_1_36' title="bbox 399 3510 2076 3584">
     <span class='ocr_line' id='line_1_36' title="bbox 399 3510 2076 3584; baseline -0.002 -15"><span class='ocrx_word' id='word_1_297' title='bbox 399 3516 497 3568; x_wconf 79' lang='grc' dir='ltr'>καὶ</span> <span class='ocrx_word' id='word_1_298' title='bbox 519 3511 718 3568; x_wconf 83' lang='grc' dir='ltr'>Ἰακώϐ</span> <span class='ocrx_word' id='word_1_299' title='bbox 731 3529 746 3544; x_wconf 78' lang='grc' dir='ltr'><strong>ο</strong></span> <span class='ocrx_word' id='word_1_300' title='bbox 779 3512 885 3565; x_wconf 87' lang='grc' dir='ltr'>τῶν</span> <span class='ocrx_word' id='word_1_301' title='bbox 909 3512 965 3565; x_wconf 85' lang='grc' dir='ltr'>δὲ</span> <span class='ocrx_word' id='word_1_302' title='bbox 994 3510 1197 3583; x_wconf 83' lang='grc' dir='ltr'>θρόνων</span> <span class='ocrx_word' id='word_1_303' title='bbox 1222 3511 1443 3564; x_wconf 89' lang='grc' dir='ltr'>ἐκείνων</span> <span class='ocrx_word' id='word_1_304' title='bbox 1464 3510 1638 3574; x_wconf 75' lang='grc' dir='ltr'>οὐδεὶς</span> <span class='ocrx_word' id='word_1_305' title='bbox 1668 3511 1856 3584; x_wconf 74' lang='grc' dir='ltr'>ἕτερος</span> <span class='ocrx_word' id='word_1_306' title='bbox 1884 3514 2076 3584; x_wconf 83' lang='grc' dir='ltr'>ἐπιλή-</span> 
     </span>
    </p>
   </div>
   <div class='ocr_carea' id='block_1_37' title="bbox 397 3597 2073 3675">
    <p class='ocr_par' dir='ltr' id='par_1_37' title="bbox 397 3597 2073 3675">
     <span class='ocr_line' id='line_1_37' title="bbox 397 3597 2073 3675; baseline 0 -18"><span class='ocrx_word' id='word_1_307' title='bbox 397 3604 578 3675; x_wconf 85' lang='grc' dir='ltr'>ψεται,</span> <span class='ocrx_word' id='word_1_308' title='bbox 603 3602 741 3657; x_wconf 87' lang='grc' dir='ltr'>ἀλλά</span> <span class='ocrx_word' id='word_1_309' title='bbox 767 3601 925 3672; x_wconf 85' lang='grc' dir='ltr'>μόνος</span> <span class='ocrx_word' id='word_1_310' title='bbox 955 3599 982 3640; x_wconf 74' lang='grc' dir='ltr'>ι’</span> <span class='ocrx_word' id='word_1_311' title='bbox 1008 3601 1037 3653; x_wconf 93' lang='lat'>6</span> <span class='ocrx_word' id='word_1_312' title='bbox 1058 3599 1166 3653; x_wconf 87' lang='grc' dir='ltr'>τῶν</span> <span class='ocrx_word' id='word_1_313' title='bbox 1181 3598 1352 3668; x_wconf 85' lang='grc' dir='ltr'>ἁγίων</span> <span class='ocrx_word' id='word_1_314' title='bbox 1372 3598 1575 3652; x_wconf 87' lang='grc' dir='ltr'>τούτων</span> <span class='ocrx_word' id='word_1_315' title='bbox 1603 3601 1784 3672; x_wconf 89' lang='grc' dir='ltr'>χορός.</span> <span class='ocrx_word' id='word_1_316' title='bbox 1819 3602 1935 3655; x_wconf 79' lang='grc' dir='ltr'>Ἔτ’</span> <span class='ocrx_word' id='word_1_317' title='bbox 1960 3597 2073 3668; x_wconf 87' lang='grc' dir='ltr'>οῦν,</span> 
     </span>
    </p>
   </div>
   <div class='ocr_carea' id='block_1_38' title="bbox 399 3687 2072 3763">
    <p class='ocr_par' dir='ltr' id='par_1_38' title="bbox 399 3687 2072 3763">
     <span class='ocr_line' id='line_1_38' title="bbox 399 3687 2072 3763; baseline 0 -18"><span class='ocrx_word' id='word_1_318' title='bbox 399 3692 519 3746; x_wconf 81' lang='grc' dir='ltr'>εἰπέ</span> <span class='ocrx_word' id='word_1_319' title='bbox 544 3710 653 3763; x_wconf 89' lang='grc' dir='ltr'>μοι,</span> <span class='ocrx_word' id='word_1_320' title='bbox 678 3689 942 3761; x_wconf 82' lang='grc' dir='ltr'>ποιμνίων</span> <span class='ocrx_word' id='word_1_321' title='bbox 969 3687 1267 3760; x_wconf 89' lang='grc' dir='ltr'>μέμνησθε,</span> <span class='ocrx_word' id='word_1_322' title='bbox 1290 3690 1384 3742; x_wconf 72' lang='grc' dir='ltr'>καὶ</span> <span class='ocrx_word' id='word_1_323' title='bbox 1408 3687 1725 3759; x_wconf 87' lang='grc' dir='ltr'>βουκολίων,</span> <span class='ocrx_word' id='word_1_324' title='bbox 1751 3691 1845 3744; x_wconf 71' lang='grc' dir='ltr'>καὶ</span> <span class='ocrx_word' id='word_1_325' title='bbox 1857 3691 2072 3762; x_wconf 88' lang='grc' dir='ltr'>γάμων,</span> 
     </span>
    </p>
   </div>
   <div class='ocr_carea' id='block_1_39' title="bbox 398 3773 2076 3850">
    <p class='ocr_par' dir='ltr' id='par_1_39' title="bbox 398 3773 2076 3850">
     <span class='ocr_line' id='line_1_39' title="bbox 398 3773 2076 3850; baseline 0.002 -16"><span class='ocrx_word' id='word_1_326' title='bbox 398 3783 495 3834; x_wconf 79' lang='grc' dir='ltr'>καὶ</span> <span class='ocrx_word' id='word_1_327' title='bbox 518 3780 754 3846; x_wconf 89' lang='grc' dir='ltr'>παίδων;</span> <span class='ocrx_word' id='word_1_328' title='bbox 777 3779 840 3832; x_wconf 91' lang='grc' dir='ltr'>Τί</span> <span class='ocrx_word' id='word_1_329' title='bbox 877 3773 990 3842; x_wconf 78' lang='grc' dir='ltr'>οῦν,</span> <span class='ocrx_word' id='word_1_330' title='bbox 1028 3778 1215 3848; x_wconf 65' lang='grc' dir='ltr'>φησιν,</span> <span class='ocrx_word' id='word_1_331' title='bbox 1268 3778 1398 3848; x_wconf 76' lang='grc' dir='ltr'>ὅταν</span> <span class='ocrx_word' id='word_1_332' title='bbox 1445 3778 1555 3830; x_wconf 87' lang='grc' dir='ltr'>τῶν</span> <span class='ocrx_word' id='word_1_333' title='bbox 1584 3779 2076 3850; x_wconf 87' lang='grc' dir='ltr'>παρθενευσάντων</span> 
     </span>
    </p>
   </div>
   <div class='ocr_carea' id='block_1_40' title="bbox 399 3865 2074 3941">
    <p class='ocr_par' dir='ltr' id='par_1_40' title="bbox 399 3865 2074 3941">
     <span class='ocr_line' id='line_1_40' title="bbox 399 3865 2074 3941; baseline 0.001 -18"><span class='ocrx_word' id='word_1_334' title='bbox 399 3869 583 3923; x_wconf 77' lang='grc' dir='ltr'>πολλοὶ</span> <span class='ocrx_word' id='word_1_335' title='bbox 624 3869 762 3940; x_wconf 88' lang='grc' dir='ltr'>μετά</span> <span class='ocrx_word' id='word_1_336' title='bbox 804 3867 929 3931; x_wconf 79' lang='grc' dir='ltr'>τοὺς</span> <span class='ocrx_word' id='word_1_337' title='bbox 961 3865 1189 3931; x_wconf 82' lang='grc' dir='ltr'>πολλοὺς</span> <span class='ocrx_word' id='word_1_338' title='bbox 1242 3865 1476 3938; x_wconf 86' lang='grc' dir='ltr'>ἱδρῶτας</span> <span class='ocrx_word' id='word_1_339' title='bbox 1513 3865 1780 3937; x_wconf 71' lang='grc' dir='ltr'>εὔχωνται</span> <span class='ocrx_word' id='word_1_340' title='bbox 1827 3870 2074 3941; x_wconf 79' lang='grc' dir='ltr'>χωρῆσαι</span> 
     </span>
    </p>
   </div>
   <div class='ocr_carea' id='block_1_41' title="bbox 399 3953 2075 4030">
    <p class='ocr_par' dir='ltr' id='par_1_41' title="bbox 399 3953 2075 4030">
     <span class='ocr_line' id='line_1_41' title="bbox 399 3953 2075 4030; baseline 0.002 -22"><span class='ocrx_word' id='word_1_341' title='bbox 399 3957 542 4022; x_wconf 81' lang='grc' dir='ltr'>ἐκεῖ;</span> <span class='ocrx_word' id='word_1_342' title='bbox 589 3955 729 4026; x_wconf 88' lang='grc' dir='ltr'>Ἐγὼ</span> <span class='ocrx_word' id='word_1_343' title='bbox 754 3957 811 4009; x_wconf 79' lang='grc' dir='ltr'>δὲ</span> <span class='ocrx_word' id='word_1_344' title='bbox 834 3954 1025 4008; x_wconf 89' lang='grc' dir='ltr'>τούτου</span> <span class='ocrx_word' id='word_1_345' title='bbox 1056 3955 1238 4025; x_wconf 78' lang='grc' dir='ltr'>μεῖζον</span> <span class='ocrx_word' id='word_1_346' title='bbox 1274 3953 1406 4025; x_wconf 81' lang='grc' dir='ltr'>ἐρῶ,</span> <span class='ocrx_word' id='word_1_347' title='bbox 1437 3955 1519 4007; x_wconf 84' lang='grc' dir='ltr'>ὅτι</span> <span class='ocrx_word' id='word_1_348' title='bbox 1561 3955 1746 4010; x_wconf 75' lang='grc' dir='ltr'>πολλοὶ</span> <span class='ocrx_word' id='word_1_349' title='bbox 1790 3958 1899 4011; x_wconf 88' lang='grc' dir='ltr'>τῶν</span> <span class='ocrx_word' id='word_1_350' title='bbox 1933 3977 2075 4030; x_wconf 89' lang='grc' dir='ltr'>παρ-</span> 
     </span>
    </p>
   </div>
   <div class='ocr_carea' id='block_1_42' title="bbox 401 4042 2072 4114">
    <p class='ocr_par' dir='ltr' id='par_1_42' title="bbox 401 4042 2072 4114">
     <span class='ocr_line' id='line_1_42' title="bbox 401 4042 2072 4114; baseline 0.002 -16"><span class='ocrx_word' id='word_1_351' title='bbox 401 4044 770 4098; x_wconf 89' lang='grc' dir='ltr'>θενευσάντων</span> <span class='ocrx_word' id='word_1_352' title='bbox 813 4043 932 4096; x_wconf 85' lang='grc' dir='ltr'>οὑδέ</span> <span class='ocrx_word' id='word_1_353' title='bbox 973 4043 1199 4096; x_wconf 86' lang='grc' dir='ltr'>ἐκείνων</span> <span class='ocrx_word' id='word_1_354' title='bbox 1255 4042 1628 4109; x_wconf 79' lang='grc' dir='ltr'>ἐπιτεύξονται</span> <span class='ocrx_word' id='word_1_355' title='bbox 1671 4045 1780 4099; x_wconf 86' lang='grc' dir='ltr'>τῶν</span> <span class='ocrx_word' id='word_1_356' title='bbox 1833 4047 2072 4114; x_wconf 83' lang='grc' dir='ltr'>κόλπων,</span> 
     </span>
    </p>
   </div>
   <div class='ocr_carea' id='block_1_43' title="bbox 401 4130 2075 4204">
    <p class='ocr_par' dir='ltr' id='par_1_43' title="bbox 401 4130 2075 4204">
     <span class='ocr_line' id='line_1_43' title="bbox 401 4130 2075 4204; baseline 0.002 -18"><span class='ocrx_word' id='word_1_357' title='bbox 401 4133 522 4186; x_wconf 83' lang='grc' dir='ltr'>οὑδὲ</span> <span class='ocrx_word' id='word_1_358' title='bbox 546 4132 654 4185; x_wconf 90' lang='grc' dir='ltr'>τῶν</span> <span class='ocrx_word' id='word_1_359' title='bbox 676 4131 995 4196; x_wconf 87' lang='grc' dir='ltr'>ἐλαττόνων,</span> <span class='ocrx_word' id='word_1_360' title='bbox 1019 4130 1132 4183; x_wconf 84' lang='grc' dir='ltr'>ἀλλ’</span> <span class='ocrx_word' id='word_1_361' title='bbox 1161 4131 1240 4194; x_wconf 79' lang='grc' dir='ltr'>εἰς</span> <span class='ocrx_word' id='word_1_362' title='bbox 1263 4131 1362 4201; x_wconf 82' lang='grc' dir='ltr'>τὴν</span> <span class='ocrx_word' id='word_1_363' title='bbox 1383 4131 1604 4200; x_wconf 81' lang='grc' dir='ltr'>γέενναν</span> <span class='ocrx_word' id='word_1_364' title='bbox 1638 4135 1806 4204; x_wconf 77' lang='grc' dir='ltr'>αὐτὴν</span> <span class='ocrx_word' id='word_1_365' title='bbox 1839 4136 2075 4190; x_wconf 85' lang='grc' dir='ltr'>ἀπελεύ-</span> 
     </span>
    </p>
   </div>
   <div class='ocr_carea' id='block_1_44' title="bbox 403 4227 2073 4300">
    <p class='ocr_par' dir='ltr' id='par_1_44' title="bbox 403 4227 2073 4300">
     <span class='ocr_line' id='line_1_44' title="bbox 403 4227 2073 4300; baseline 0.004 -16"><span class='ocrx_word' id='word_1_366' title='bbox 403 4248 609 4284; x_wconf 85' lang='grc' dir='ltr'>σονται.</span> <span class='ocrx_word' id='word_1_367' title='bbox 657 4231 767 4283; x_wconf 68' lang='grc' dir='ltr'>Καὶ</span> <span class='ocrx_word' id='word_1_368' title='bbox 794 4229 1048 4300; x_wconf 83' lang='grc' dir='ltr'>δηλοῦσιν</span> <span class='ocrx_word' id='word_1_369' title='bbox 1074 4229 1130 4282; x_wconf 83' lang='grc' dir='ltr'>αἱ</span> <span class='ocrx_word' id='word_1_370' title='bbox 1165 4227 1259 4282; x_wconf 89' lang='grc' dir='ltr'>τοῦ</span> <span class='ocrx_word' id='word_1_371' title='bbox 1301 4229 1593 4300; x_wconf 82' lang='grc' dir='ltr'>νυμφῶνος</span> <span class='ocrx_word' id='word_1_372' title='bbox 1629 4232 2073 4290; x_wconf 89' lang='grc' dir='ltr'>ἀποκλεισθεῖσαι</span> 
     </span>
    </p>
   </div>
   <div class='ocr_carea' id='block_1_45' title="bbox 402 4323 2074 4401">
    <p class='ocr_par' dir='ltr' id='par_1_45' title="bbox 402 4323 2074 4401">
     <span class='ocr_line' id='line_1_45' title="bbox 402 4323 2074 4401; baseline 0.002 -19"><span class='ocrx_word' id='word_1_373' title='bbox 402 4327 684 4398; x_wconf 88' lang='grc' dir='ltr'>παρθένοι.</span> <span class='ocrx_word' id='word_1_374' title='bbox 738 4323 863 4400; x_wconf 66' lang='grc' dir='ltr'>Ἆρ’</span> <span class='ocrx_word' id='word_1_375' title='bbox 910 4323 1004 4380; x_wconf 77' lang='grc' dir='ltr'>οὑν</span> <span class='ocrx_word' id='word_1_376' title='bbox 1052 4325 1206 4398; x_wconf 88' lang='grc' dir='ltr'>παρά</span> <span class='ocrx_word' id='word_1_377' title='bbox 1236 4325 1394 4380; x_wconf 92' lang='grc' dir='ltr'>τοῦτο</span> <span class='ocrx_word' id='word_1_378' title='bbox 1422 4328 1522 4399; x_wconf 82' lang='grc' dir='ltr'>τῆς</span> <span class='ocrx_word' id='word_1_379' title='bbox 1575 4329 1874 4401; x_wconf 79' lang='grc' dir='ltr'>παρθενίας</span> <span class='ocrx_word' id='word_1_380' title='bbox 1904 4329 2018 4396; x_wconf 84' lang='grc' dir='ltr'>ίσος</span> <span class='ocrx_word' id='word_1_381' title='bbox 2045 4335 2074 4387; x_wconf 93' lang='lat'>6</span> 
     </span>
    </p>
   </div>
   <div class='ocr_carea' id='block_1_46' title="bbox 401 4426 2072 4501">
    <p class='ocr_par' dir='ltr' id='par_1_46' title="bbox 401 4426 2072 4501">
     <span class='ocr_line' id='line_1_46' title="bbox 401 4426 2072 4501; baseline 0.003 -21"><span class='ocrx_word' id='word_1_382' title='bbox 401 4427 653 4498; x_wconf 84' lang='grc' dir='ltr'>γάμος.ἢ</span> <span class='ocrx_word' id='word_1_383' title='bbox 681 4426 774 4481; x_wconf 81' lang='grc' dir='ltr'>καὶ</span> <span class='ocrx_word' id='word_1_384' title='bbox 806 4426 1042 4498; x_wconf 85' lang='grc' dir='ltr'>χείρων;</span> <span class='ocrx_word' id='word_1_385' title='bbox 1073 4426 1134 4480; x_wconf 85' lang='grc' dir='ltr'>τὸ</span> <span class='ocrx_word' id='word_1_386' title='bbox 1157 4426 1267 4499; x_wconf 84' lang='grc' dir='ltr'>γὰρ</span> <span class='ocrx_word' id='word_1_387' title='bbox 1302 4427 1606 4498; x_wconf 83' lang='grc' dir='ltr'>ὑπόδειγμα</span> <span class='ocrx_word' id='word_1_388' title='bbox 1635 4429 1696 4482; x_wconf 87' lang='grc' dir='ltr'>τὸ</span> <span class='ocrx_word' id='word_1_389' title='bbox 1723 4431 1813 4482; x_wconf 82' lang='grc' dir='ltr'>σὺν</span> <span class='ocrx_word' id='word_1_390' title='bbox 1835 4430 1929 4484; x_wconf 73' lang='grc' dir='ltr'>καὶ</span> <span class='ocrx_word' id='word_1_391' title='bbox 1957 4431 2072 4501; x_wconf 89' lang='grc' dir='ltr'>χεί-</span> 
     </span>
    </p>
   </div>
   <div class='ocr_carea' id='block_1_47' title="bbox 405 4525 2074 4602">
    <p class='ocr_par' dir='ltr' id='par_1_47' title="bbox 405 4525 2074 4602">
     <span class='ocr_line' id='line_1_47' title="bbox 405 4525 2074 4602; baseline 0.004 -24"><span class='ocrx_word' id='word_1_392' title='bbox 405 4541 533 4596; x_wconf 90' lang='grc' dir='ltr'>ρονα</span> <span class='ocrx_word' id='word_1_393' title='bbox 558 4525 725 4596; x_wconf 77' lang='grc' dir='ltr'>αὑτὴν</span> <span class='ocrx_word' id='word_1_394' title='bbox 753 4525 916 4579; x_wconf 56' lang='grc' dir='ltr'>ποιεῖμ</span> <span class='ocrx_word' id='word_1_395' title='bbox 950 4527 1013 4579; x_wconf 83' lang='grc' dir='ltr'><strong>Εἰ</strong></span> <span class='ocrx_word' id='word_1_396' title='bbox 1044 4525 1154 4597; x_wconf 85' lang='grc' dir='ltr'>γὰρ</span> <span class='ocrx_word' id='word_1_397' title='bbox 1183 4528 1211 4580; x_wconf 93' lang='lat'>6</span> <span class='ocrx_word' id='word_1_398' title='bbox 1241 4526 1340 4597; x_wconf 82' lang='grc' dir='ltr'>μὲν</span> <span class='ocrx_word' id='word_1_399' title='bbox 1361 4527 1694 4599; x_wconf 87' lang='grc' dir='ltr'>γεγαμηκὼς</span> <span class='ocrx_word' id='word_1_400' title='bbox 1733 4530 1986 4602; x_wconf 81' lang='grc' dir='ltr'>Ἀϐραὰμ</span> <span class='ocrx_word' id='word_1_401' title='bbox 2016 4533 2074 4585; x_wconf 89' lang='grc' dir='ltr'>ἐν</span> 
     </span>
    </p>
   </div>
   <div class='ocr_carea' id='block_1_48' title="bbox 401 4619 2074 4695">
    <p class='ocr_par' dir='ltr' id='par_1_48' title="bbox 401 4619 2074 4695">
     <span class='ocr_line' id='line_1_48' title="bbox 401 4619 2074 4695; baseline 0.002 -22"><span class='ocrx_word' id='word_1_402' title='bbox 401 4620 582 4674; x_wconf 90' lang='grc' dir='ltr'>ἀνέσει</span> <span class='ocrx_word' id='word_1_403' title='bbox 611 4621 704 4672; x_wconf 73' lang='grc' dir='ltr'>καὶ</span> <span class='ocrx_word' id='word_1_404' title='bbox 728 4621 928 4690; x_wconf 65' lang='grc' dir='ltr'>τρυφῇ,</span> <span class='ocrx_word' id='word_1_405' title='bbox 954 4621 1002 4672; x_wconf 78' lang='grc' dir='ltr'>οἱ</span> <span class='ocrx_word' id='word_1_406' title='bbox 1029 4620 1086 4672; x_wconf 79' lang='grc' dir='ltr'>δὲ</span> <span class='ocrx_word' id='word_1_407' title='bbox 1109 4619 1578 4691; x_wconf 89' lang='grc' dir='ltr'>παρθενεύσαντες</span> <span class='ocrx_word' id='word_1_408' title='bbox 1599 4623 1656 4674; x_wconf 84' lang='grc' dir='ltr'>ἐν</span> <span class='ocrx_word' id='word_1_409' title='bbox 1679 4623 1896 4695; x_wconf 81' lang='grc' dir='ltr'>γεέννῃ,</span> <span class='ocrx_word' id='word_1_410' title='bbox 1915 4623 2074 4678; x_wconf 89' lang='grc' dir='ltr'>τοῦτο</span> 
     </span>
    </p>
   </div>
   <div class='ocr_carea' id='block_1_49' title="bbox 400 4718 2073 4793">
    <p class='ocr_par' dir='ltr' id='par_1_49' title="bbox 400 4718 2073 4793">
     <span class='ocr_line' id='line_1_49' title="bbox 400 4718 2073 4793; baseline 0.004 -20"><span class='ocrx_word' id='word_1_411' title='bbox 400 4718 645 4773; x_wconf 85' lang='grc' dir='ltr'>λείπεται</span> <span class='ocrx_word' id='word_1_412' title='bbox 675 4719 815 4771; x_wconf 89' lang='grc' dir='ltr'>κατά</span> <span class='ocrx_word' id='word_1_413' title='bbox 838 4720 927 4772; x_wconf 78' lang='grc' dir='ltr'>τὸν</span> <span class='ocrx_word' id='word_1_414' title='bbox 945 4719 1208 4791; x_wconf 86' lang='grc' dir='ltr'>ὑμέτερον</span> <span class='ocrx_word' id='word_1_415' title='bbox 1231 4721 1566 4776; x_wconf 85' lang='grc' dir='ltr'>ὑποπτεῦσαι</span> <span class='ocrx_word' id='word_1_416' title='bbox 1597 4723 1774 4793; x_wconf 86' lang='grc' dir='ltr'>λόγον.</span> <span class='ocrx_word' id='word_1_417' title='bbox 1814 4725 1952 4778; x_wconf 83' lang='grc' dir='ltr'>Ἀλλ’</span> <span class='ocrx_word' id='word_1_418' title='bbox 1973 4727 2073 4779; x_wconf 84' lang='grc' dir='ltr'>οὑκ</span> 
     </span>
    </p>
   </div>
   <div class='ocr_carea' id='block_1_50' title="bbox 400 4812 2073 4886">
    <p class='ocr_par' dir='ltr' id='par_1_50' title="bbox 400 4812 2073 4886">
     <span class='ocr_line' id='line_1_50' title="bbox 400 4812 2073 4886; baseline 0.006 -22"><span class='ocrx_word' id='word_1_419' title='bbox 400 4812 520 4866; x_wconf 76' lang='grc' dir='ltr'>ἐστι</span> <span class='ocrx_word' id='word_1_420' title='bbox 549 4813 740 4876; x_wconf 88' lang='grc' dir='ltr'>ταῦτα,</span> <span class='ocrx_word' id='word_1_421' title='bbox 771 4814 869 4866; x_wconf 83' lang='grc' dir='ltr'>οὐκ</span> <span class='ocrx_word' id='word_1_422' title='bbox 894 4813 1064 4866; x_wconf 75' lang='grc' dir='ltr'>ἔστιν·</span> <span class='ocrx_word' id='word_1_423' title='bbox 1102 4814 1162 4866; x_wconf 86' lang='grc' dir='ltr'>οὑ</span> <span class='ocrx_word' id='word_1_424' title='bbox 1196 4814 1305 4886; x_wconf 80' lang='grc' dir='ltr'>γὰρ</span> <span class='ocrx_word' id='word_1_425' title='bbox 1337 4815 1496 4885; x_wconf 90' lang='grc' dir='ltr'>μόνον</span> <span class='ocrx_word' id='word_1_426' title='bbox 1529 4817 1629 4869; x_wconf 88' lang='grc' dir='ltr'>οὑκ</span> <span class='ocrx_word' id='word_1_427' title='bbox 1651 4819 1908 4884; x_wconf 89' lang='grc' dir='ltr'>ἐλάττων,</span> <span class='ocrx_word' id='word_1_428' title='bbox 1935 4819 2073 4874; x_wconf 76' lang='grc' dir='ltr'>ἀλλά</span> 
     </span>
    </p>
   </div>
   <div class='ocr_carea' id='block_1_51' title="bbox 400 4915 2070 4989">
    <p class='ocr_par' dir='ltr' id='par_1_51' title="bbox 400 4915 2070 4989">
     <span class='ocr_line' id='line_1_51' title="bbox 400 4915 2070 4989; baseline 0.004 -20"><span class='ocrx_word' id='word_1_429' title='bbox 400 4917 496 4970; x_wconf 71' lang='grc' dir='ltr'>καὶ</span> <span class='ocrx_word' id='word_1_430' title='bbox 550 4915 728 4986; x_wconf 80' lang='grc' dir='ltr'>πολλῷ</span> <span class='ocrx_word' id='word_1_431' title='bbox 755 4915 974 4987; x_wconf 81' lang='grc' dir='ltr'>βελτίων</span> <span class='ocrx_word' id='word_1_432' title='bbox 1020 4919 1053 4987; x_wconf 88' lang='grc' dir='ltr'>ἡ</span> <span class='ocrx_word' id='word_1_433' title='bbox 1101 4915 1368 4987; x_wconf 86' lang='grc' dir='ltr'>παρθενία</span> <span class='ocrx_word' id='word_1_434' title='bbox 1396 4916 1486 4969; x_wconf 87' lang='grc' dir='ltr'>τοῦ</span> <span class='ocrx_word' id='word_1_435' title='bbox 1526 4919 1728 4989; x_wconf 83' lang='grc' dir='ltr'>γάμου.</span> <span class='ocrx_word' id='word_1_436' title='bbox 1756 4920 1912 4987; x_wconf 87' lang='grc' dir='ltr'>Πῶς;</span> <span class='ocrx_word' id='word_1_437' title='bbox 1948 4922 2070 4975; x_wconf 83' lang='grc' dir='ltr'>Ὅτι</span> 
     </span>
    </p>
   </div>
   <div class='ocr_carea' id='block_1_52' title="bbox 397 5010 2068 5089">
    <p class='ocr_par' dir='ltr' id='par_1_52' title="bbox 397 5010 2068 5089">
     <span class='ocr_line' id='line_1_52' title="bbox 397 5010 2068 5089; baseline 0.003 -24"><span class='ocrx_word' id='word_1_438' title='bbox 397 5012 520 5066; x_wconf 71' lang='grc' dir='ltr'>οὔτε</span> <span class='ocrx_word' id='word_1_439' title='bbox 553 5014 643 5067; x_wconf 82' lang='grc' dir='ltr'>τὸν</span> <span class='ocrx_word' id='word_1_440' title='bbox 681 5012 931 5083; x_wconf 74' lang='grc' dir='ltr'>Ἀϐραὰμ</span> <span class='ocrx_word' id='word_1_441' title='bbox 949 5013 978 5064; x_wconf 89' lang='lat'>6</span> <span class='ocrx_word' id='word_1_442' title='bbox 994 5012 1170 5082; x_wconf 84' lang='grc' dir='ltr'>γάμος</span> <span class='ocrx_word' id='word_1_443' title='bbox 1192 5010 1430 5065; x_wconf 89' lang='grc' dir='ltr'>τοιοῦτον</span> <span class='ocrx_word' id='word_1_444' title='bbox 1449 5012 1721 5084; x_wconf 84' lang='grc' dir='ltr'>ἐποίησεν,</span> <span class='ocrx_word' id='word_1_445' title='bbox 1739 5014 1914 5086; x_wconf 78' lang='grc' dir='ltr'>οὕτεὴ</span> <span class='ocrx_word' id='word_1_446' title='bbox 1938 5034 2068 5089; x_wconf 88' lang='grc' dir='ltr'>παρ-</span> 
     </span>
    </p>
   </div>
   <div class='ocr_carea' id='block_1_53' title="bbox 399 5108 2070 5175">
    <p class='ocr_par' dir='ltr' id='par_1_53' title="bbox 399 5108 2070 5175">
     <span class='ocr_line' id='line_1_53' title="bbox 399 5108 2070 5175; baseline 0.003 -15"><span class='ocrx_word' id='word_1_447' title='bbox 399 5109 550 5162; x_wconf 81' lang='grc' dir='ltr'>θενία</span> <span class='ocrx_word' id='word_1_448' title='bbox 581 5111 678 5175; x_wconf 83' lang='grc' dir='ltr'>τὰς</span> <span class='ocrx_word' id='word_1_449' title='bbox 705 5110 894 5174; x_wconf 89' lang='grc' dir='ltr'>ἀθλίας</span> <span class='ocrx_word' id='word_1_450' title='bbox 922 5109 1136 5172; x_wconf 86' lang='grc' dir='ltr'>ἐκείνας</span> <span class='ocrx_word' id='word_1_451' title='bbox 1171 5108 1479 5162; x_wconf 83' lang='grc' dir='ltr'>ἀπώλεσεν·</span> <span class='ocrx_word' id='word_1_452' title='bbox 1517 5110 1655 5164; x_wconf 85' lang='grc' dir='ltr'>ἀλλὰ</span> <span class='ocrx_word' id='word_1_453' title='bbox 1707 5113 1797 5166; x_wconf 74' lang='grc' dir='ltr'>καὶ</span> <span class='ocrx_word' id='word_1_454' title='bbox 1834 5112 1924 5165; x_wconf 84' lang='grc' dir='ltr'>τὸν</span> <span class='ocrx_word' id='word_1_455' title='bbox 1965 5131 2070 5166; x_wconf 82' lang='grc' dir='ltr'>πα-</span> 
     </span>
    </p>
   </div>
   <div class='ocr_carea' id='block_1_54' title="bbox 397 5208 2066 5284">
    <p class='ocr_par' dir='ltr' id='par_1_54' title="bbox 397 5208 2066 5284">
     <span class='ocr_line' id='line_1_54' title="bbox 397 5208 2066 5284; baseline 0.004 -22"><span class='ocrx_word' id='word_1_456' title='bbox 397 5210 664 5281; x_wconf 86' lang='grc' dir='ltr'>τριάρχην</span> <span class='ocrx_word' id='word_1_457' title='bbox 694 5212 727 5280; x_wconf 84' lang='grc' dir='ltr'>ἡ</span> <span class='ocrx_word' id='word_1_458' title='bbox 762 5209 924 5281; x_wconf 80' lang='grc' dir='ltr'>λοιπὴ</span> <span class='ocrx_word' id='word_1_459' title='bbox 972 5209 1070 5279; x_wconf 82' lang='grc' dir='ltr'>τῆς</span> <span class='ocrx_word' id='word_1_460' title='bbox 1099 5208 1277 5280; x_wconf 78' lang='grc' dir='ltr'>ψυχῆς</span> <span class='ocrx_word' id='word_1_461' title='bbox 1305 5211 1474 5284; x_wconf 85' lang='grc' dir='ltr'>ἀρετὴ</span> <span class='ocrx_word' id='word_1_462' title='bbox 1500 5210 1752 5284; x_wconf 84' lang='grc' dir='ltr'>λαμπρὸν</span> <span class='ocrx_word' id='word_1_463' title='bbox 1797 5212 2066 5280; x_wconf 78' lang='grc' dir='ltr'>ἀπέδειξε,</span> 
     </span>
    </p>
   </div>
   <div class='ocr_carea' id='block_1_55' title="bbox 402 5306 2066 5381">
    <p class='ocr_par' dir='ltr' id='par_1_55' title="bbox 402 5306 2066 5381">
     <span class='ocr_line' id='line_1_55' title="bbox 402 5306 2066 5381; baseline 0.004 -22"><span class='ocrx_word' id='word_1_464' title='bbox 402 5307 496 5360; x_wconf 76' lang='grc' dir='ltr'>καὶ</span> <span class='ocrx_word' id='word_1_465' title='bbox 529 5307 728 5370; x_wconf 86' lang='grc' dir='ltr'>ταύτας</span> <span class='ocrx_word' id='word_1_466' title='bbox 753 5310 786 5379; x_wconf 83' lang='grc' dir='ltr'>ἡ</span> <span class='ocrx_word' id='word_1_467' title='bbox 822 5306 980 5378; x_wconf 79' lang='grc' dir='ltr'>λοιπὴ</span> <span class='ocrx_word' id='word_1_468' title='bbox 997 5306 1165 5360; x_wconf 84' lang='grc' dir='ltr'>κακία</span> <span class='ocrx_word' id='word_1_469' title='bbox 1184 5306 1278 5361; x_wconf 87' lang='grc' dir='ltr'>τοῦ</span> <span class='ocrx_word' id='word_1_470' title='bbox 1304 5306 1420 5377; x_wconf 89' lang='grc' dir='ltr'>βίου</span> <span class='ocrx_word' id='word_1_471' title='bbox 1455 5307 1532 5378; x_wconf 81' lang='grc' dir='ltr'>τῷ</span> <span class='ocrx_word' id='word_1_472' title='bbox 1563 5310 1696 5379; x_wconf 75' lang='grc' dir='ltr'>πυρὶ</span> <span class='ocrx_word' id='word_1_473' title='bbox 1729 5310 2066 5381; x_wconf 86' lang='grc' dir='ltr'>παρέδωκεν.</span> 
     </span>
    </p>
   </div>
   <div class='ocr_carea' id='block_1_56' title="bbox 412 5406 2069 5484">
    <p class='ocr_par' dir='ltr' id='par_1_56' title="bbox 412 5406 2069 5484">
     <span class='ocr_line' id='line_1_56' title="bbox 412 5406 2069 5484; baseline 0.004 -24"><span class='ocrx_word' id='word_1_474' title='bbox 412 5408 649 5472; x_wconf 84' lang='grc' dir='ltr'>Ἐκεῖνος</span> <span class='ocrx_word' id='word_1_475' title='bbox 697 5408 794 5478; x_wconf 82' lang='grc' dir='ltr'>μὲν</span> <span class='ocrx_word' id='word_1_476' title='bbox 840 5407 949 5480; x_wconf 78' lang='grc' dir='ltr'>γὰρ</span> <span class='ocrx_word' id='word_1_477' title='bbox 981 5408 1075 5462; x_wconf 76' lang='grc' dir='ltr'>καὶ</span> <span class='ocrx_word' id='word_1_478' title='bbox 1109 5408 1166 5461; x_wconf 87' lang='grc' dir='ltr'>ἐν</span> <span class='ocrx_word' id='word_1_479' title='bbox 1194 5408 1358 5480; x_wconf 86' lang='grc' dir='ltr'>γάμῳ</span> <span class='ocrx_word' id='word_1_480' title='bbox 1391 5406 1500 5474; x_wconf 80' lang='grc' dir='ltr'>ζῶν</span> <span class='ocrx_word' id='word_1_481' title='bbox 1538 5408 1838 5464; x_wconf 82' lang='grc' dir='ltr'>ἐσπούδασε</span> <span class='ocrx_word' id='word_1_482' title='bbox 1874 5413 1945 5466; x_wconf 87' lang='grc' dir='ltr'>τά</span> <span class='ocrx_word' id='word_1_483' title='bbox 1967 5414 2069 5484; x_wconf 80' lang='grc' dir='ltr'>τῆς</span> 
     </span>
    </p>
   </div>
   <div class='ocr_carea' id='block_1_57' title="bbox 399 5508 2065 5583">
    <p class='ocr_par' dir='ltr' id='par_1_57' title="bbox 399 5508 2065 5583">
     <span class='ocr_line' id='line_1_57' title="bbox 399 5508 2065 5583; baseline 0.005 -20"><span class='ocrx_word' id='word_1_484' title='bbox 399 5508 697 5581; x_wconf 82' lang='grc' dir='ltr'>παρθενίας</span> <span class='ocrx_word' id='word_1_485' title='bbox 745 5508 1087 5581; x_wconf 85' lang='grc' dir='ltr'>κατορθῶσαι</span> <span class='ocrx_word' id='word_1_486' title='bbox 1133 5509 1296 5575; x_wconf 82' lang='grc' dir='ltr'>καλὰ,</span> <span class='ocrx_word' id='word_1_487' title='bbox 1345 5510 1408 5564; x_wconf 80' lang='grc' dir='ltr'>τὸ</span> <span class='ocrx_word' id='word_1_488' title='bbox 1436 5511 1764 5582; x_wconf 84' lang='grc' dir='ltr'>Εὖσχημον</span> <span class='ocrx_word' id='word_1_489' title='bbox 1797 5514 1940 5583; x_wconf 88' lang='grc' dir='ltr'>λέγω</span> <span class='ocrx_word' id='word_1_490' title='bbox 1967 5518 2065 5572; x_wconf 81' lang='grc' dir='ltr'>καὶ</span> 
     </span>
    </p>
   </div>
   <div class='ocr_carea' id='block_1_58' title="bbox 460 5690 2063 5759">
    <p class='ocr_par' dir='ltr' id='par_1_58' title="bbox 460 5690 2063 5759">
     <span class='ocr_line' id='line_1_58' title="bbox 460 5690 2063 5759; baseline 0.004 -19"><span class='ocrx_word' id='word_1_491' title='bbox 460 5691 478 5714; x_wconf 86' lang='grc'><strong><em>⁸</em></strong></span> <span class='ocrx_word' id='word_1_492' title='bbox 502 5692 703 5759; x_wconf 37' lang='grc' dir='ltr'>Πρεηει</span> <span class='ocrx_word' id='word_1_493' title='bbox 737 5691 889 5759; x_wconf 46' lang='grc' dir='ltr'>εαξη.</span> <span class='ocrx_word' id='word_1_494' title='bbox 920 5690 978 5759; x_wconf 85' lang='lat' dir='ltr'>in_</span> <span class='ocrx_word' id='word_1_495' title='bbox 990 5705 1180 5759; x_wconf 4' lang='lat' dir='ltr'>m7aljg._:</span> <span class='ocrx_word' id='word_1_496' title='bbox 1219 5711 1242 5734; x_wconf 79' lang='grc' dir='ltr'>α</span> <span class='ocrx_word' id='word_1_497' title='bbox 1275 5691 1429 5759; x_wconf 73' lang='grc' dir='ltr'>Ὑμεῖς</span> <span class='ocrx_word' id='word_1_498' title='bbox 1455 5697 1513 5759; x_wconf 21' lang='grc' dir='ltr'>ὀἱ</span> <span class='ocrx_word' id='word_1_499' title='bbox 1537 5695 1941 5759; x_wconf 75' lang='grc' dir='ltr'>ἀκολουθήσαντές</span> <span class='ocrx_word' id='word_1_500' title='bbox 1965 5714 2063 5759; x_wconf 88' lang='grc' dir='ltr'>μοι,</span> 
     </span>
    </p>
   </div>
   <div class='ocr_carea' id='block_1_59' title="bbox 389 5751 2064 5819">
    <p class='ocr_par' dir='ltr' id='par_1_59' title="bbox 389 5751 2064 5819">
     <span class='ocr_line' id='line_1_59' title="bbox 389 5751 2064 5819; baseline 0.006 -21"><span class='ocrx_word' id='word_1_501' title='bbox 389 5751 699 5819; x_wconf 68' lang='grc' dir='ltr'>ϐτανκαθίσῃ</span> <span class='ocrx_word' id='word_1_502' title='bbox 726 5757 751 5802; x_wconf 90' lang='lat'>6</span> <span class='ocrx_word' id='word_1_503' title='bbox 773 5756 882 5819; x_wconf 59' lang='grc' dir='ltr'>Υἱός</span> <span class='ocrx_word' id='word_1_504' title='bbox 899 5753 984 5819; x_wconf 83' lang='grc' dir='ltr'>τοῦ</span> <span class='ocrx_word' id='word_1_505' title='bbox 999 5817 1007 5819; x_wconf 71' lang='lat'><strong><em>_</em></strong></span> <span class='ocrx_word' id='word_1_506' title='bbox 1022 5751 1264 5815; x_wconf 69' lang='grc' dir='ltr'>ἀνθρώπου</span> <span class='ocrx_word' id='word_1_507' title='bbox 1294 5751 1366 5804; x_wconf 80' lang='grc' dir='ltr'>ἐπὶ</span> <span class='ocrx_word' id='word_1_508' title='bbox 1387 5757 1548 5818; x_wconf 78' lang='grc' dir='ltr'>θρόνου</span> <span class='ocrx_word' id='word_1_509' title='bbox 1587 5757 1720 5812; x_wconf 78' lang='grc' dir='ltr'>δόξης</span> <span class='ocrx_word' id='word_1_510' title='bbox 1747 5751 1894 5809; x_wconf 71' lang='grc' dir='ltr'>αὑτοῦ</span> <span class='ocrx_word' id='word_1_511' title='bbox 1909 5751 2064 5819; x_wconf 43' lang='grc' dir='ltr'>,δέοιθ-ἰ</span> 
     </span>
    </p>
   </div>
   <div class='ocr_carea' id='block_1_60' title="bbox 396 5816 1085 5878">
    <p class='ocr_par' dir='ltr' id='par_1_60' title="bbox 396 5816 1085 5878">
     <span class='ocr_line' id='line_1_60' title="bbox 396 5816 1085 5878; baseline -0.003 -17"><span class='ocrx_word' id='word_1_512' title='bbox 396 5816 553 5878; x_wconf 71' lang='grc' dir='ltr'>ἰσεσθε</span> <span class='ocrx_word' id='word_1_513' title='bbox 577 5818 654 5863; x_wconf 84' lang='grc' dir='ltr'><strong>καί</strong></span> <span class='ocrx_word' id='word_1_514' title='bbox 676 5817 804 5878; x_wconf 79' lang='grc' dir='ltr'>ὑμεῖς</span> <span class='ocrx_word' id='word_1_515' title='bbox 825 5817 900 5863; x_wconf 60' lang='grc' dir='ltr'>ἐπὶ</span> <span class='ocrx_word' id='word_1_516' title='bbox 924 5817 1034 5862; x_wconf 63' lang='grc' dir='ltr'>δοὺδ.</span> <span class='ocrx_word' id='word_1_517' title='bbox 1064 5838 1085 5856; x_wconf 78' lang='grc' dir='ltr'>ν</span> 
     </span>
    </p>
   </div>
   <div class='ocr_carea' id='block_1_61' title="bbox 456 5876 992 5940">
    <p class='ocr_par' dir='ltr' id='par_1_61' title="bbox 456 5876 992 5940">
     <span class='ocr_line' id='line_1_61' title="bbox 456 5876 992 5940; baseline -0.007 -14"><span class='ocrx_word' id='word_1_518' title='bbox 456 5876 489 5919; x_wconf 69' lang='grc' dir='ltr'>δ</span> <span class='ocrx_word' id='word_1_519' title='bbox 509 5877 616 5940; x_wconf 70' lang='lat' dir='ltr'>Reg</span> <span class='ocrx_word' id='word_1_520' title='bbox 659 5876 759 5925; x_wconf 82' lang='grc' dir='ltr'>ἀλλ’</span> <span class='ocrx_word' id='word_1_521' title='bbox 784 5880 812 5934; x_wconf 83' lang='grc' dir='ltr'>ἢ</span> <span class='ocrx_word' id='word_1_522' title='bbox 840 5895 992 5938; x_wconf 56' lang='grc' dir='ltr'>μηνός.</span> 
     </span>
    </p>
   </div>
   <div class='ocr_carea' id='block_1_62' title="bbox 1163 345 3797 412">
    <p class='ocr_par' dir='ltr' id='par_1_62' title="bbox 1163 345 3797 412">
     <span class='ocr_line' id='line_1_62' title="bbox 1163 345 3797 412; baseline -0.001 0"><span class='ocrx_word' id='word_1_523' title='bbox 1163 357 1219 412; x_wconf 84' lang='grc'><strong>5.</strong></span> <span class='ocrx_word' id='word_1_524' title='bbox 1260 353 1546 411; x_wconf 79' lang='lat' dir='ltr'>JOANNIS</span> <span class='ocrx_word' id='word_1_525' title='bbox 1584 347 2076 410; x_wconf 75' lang='lat' dir='ltr'>CHRYSOSTOMI</span> <span class='ocrx_word' id='word_1_526' title='bbox 2114 345 2440 403; x_wconf 79' lang='lat' dir='ltr'>ARCHIEP.</span> <span class='ocrx_word' id='word_1_527' title='bbox 2481 346 3028 406; x_wconf 76' lang='lat' dir='ltr'>CONSTANTINOP.</span> <span class='ocrx_word' id='word_1_528' title='bbox 3728 352 3797 410; x_wconf 54' lang='grc' dir='ltr'>ιιι</span> 
     </span>
    </p>
   </div>
   <div class='ocr_carea' id='block_1_63' title="bbox 2167 459 3796 538">
    <p class='ocr_par' dir='ltr' id='par_1_63' title="bbox 2167 459 3796 538">
     <span class='ocr_line' id='line_1_63' title="bbox 2167 459 3796 538; baseline 0.004 -20"><span class='ocrx_word' id='word_1_529' title='bbox 2167 463 2575 534; x_wconf 82' lang='grc' dir='ltr'>εὐπρόσεδρον</span> <span class='ocrx_word' id='word_1_530' title='bbox 2596 482 2609 496; x_wconf 82' lang='grc'><em>’</em></span> <span class='ocrx_word' id='word_1_531' title='bbox 2635 459 2795 520; x_wconf 81' lang='grc' dir='ltr'>αῦται</span> <span class='ocrx_word' id='word_1_532' title='bbox 2810 467 2867 520; x_wconf 85' lang='grc' dir='ltr'>δὲ</span> <span class='ocrx_word' id='word_1_533' title='bbox 2892 467 2989 519; x_wconf 72' lang='grc' dir='ltr'>καὶ</span> <span class='ocrx_word' id='word_1_534' title='bbox 3015 464 3314 538; x_wconf 86' lang='grc' dir='ltr'>παρθενίαν</span> <span class='ocrx_word' id='word_1_535' title='bbox 3339 466 3630 536; x_wconf 74' lang='grc' dir='ltr'>ἑλόμεναι,</span> <span class='ocrx_word' id='word_1_536' title='bbox 3659 468 3722 532; x_wconf 66' lang='lat' dir='ltr'>si;</span> <span class='ocrx_word' id='word_1_537' title='bbox 3738 475 3796 524; x_wconf 68' lang='grc' dir='ltr'>τὸν</span> 
     </span>
    </p>
   </div>
   <div class='ocr_carea' id='block_1_64' title="bbox 2164 551 3800 627">
    <p class='ocr_par' dir='ltr' id='par_1_64' title="bbox 2164 551 3800 627">
     <span class='ocr_line' id='line_1_64' title="bbox 2164 551 3800 627; baseline 0.004 -23"><span class='ocrx_word' id='word_1_538' title='bbox 2164 551 2259 605; x_wconf 87' lang='grc' dir='ltr'>τοῦ</span> <span class='ocrx_word' id='word_1_539' title='bbox 2295 553 2412 623; x_wconf 90' lang='grc' dir='ltr'>βίου</span> <span class='ocrx_word' id='word_1_540' title='bbox 2464 554 2712 607; x_wconf 80' lang='grc' dir='ltr'>κλύδωνα</span> <span class='ocrx_word' id='word_1_541' title='bbox 2759 555 2850 608; x_wconf 70' lang='grc' dir='ltr'>καὶ</span> <span class='ocrx_word' id='word_1_542' title='bbox 2888 553 2986 618; x_wconf 80' lang='grc' dir='ltr'>τὰς</span> <span class='ocrx_word' id='word_1_543' title='bbox 3025 555 3084 607; x_wconf 87' lang='grc' dir='ltr'>ἐν</span> <span class='ocrx_word' id='word_1_544' title='bbox 3124 553 3205 624; x_wconf 83' lang='grc' dir='ltr'>τῷ</span> <span class='ocrx_word' id='word_1_545' title='bbox 3245 555 3409 625; x_wconf 78' lang='grc' dir='ltr'>γάμῳ</span> <span class='ocrx_word' id='word_1_546' title='bbox 3457 558 3800 627; x_wconf 69' lang='grc' dir='ltr'>πραγματείας</span> 
     </span>
    </p>
   </div>
   <div class='ocr_carea' id='block_1_65' title="bbox 2166 639 3800 714">
    <p class='ocr_par' dir='ltr' id='par_1_65' title="bbox 2166 639 3800 714">
     <span class='ocr_line' id='line_1_65' title="bbox 2166 639 3800 714; baseline 0.004 -21"><span class='ocrx_word' id='word_1_547' title='bbox 2166 641 2500 695; x_wconf 88' lang='grc' dir='ltr'>κατέπεσαν.</span> <span class='ocrx_word' id='word_1_548' title='bbox 2541 643 2606 695; x_wconf 88' lang='grc' dir='ltr'>Τί</span> <span class='ocrx_word' id='word_1_549' title='bbox 2649 639 2742 696; x_wconf 83' lang='grc' dir='ltr'>οὖν</span> <span class='ocrx_word' id='word_1_550' title='bbox 2779 642 3004 707; x_wconf 86' lang='grc' dir='ltr'>κωλύει,</span> <span class='ocrx_word' id='word_1_551' title='bbox 3030 643 3183 714; x_wconf 50' lang='grc' dir='ltr'>φησί,</span> <span class='ocrx_word' id='word_1_552' title='bbox 3221 643 3316 696; x_wconf 72' lang='grc' dir='ltr'>καὶ</span> <span class='ocrx_word' id='word_1_553' title='bbox 3339 643 3434 696; x_wconf 90' lang='grc' dir='ltr'>νῦν</span> <span class='ocrx_word' id='word_1_554' title='bbox 3464 645 3616 714; x_wconf 80' lang='grc' dir='ltr'>μετά</span> <span class='ocrx_word' id='word_1_555' title='bbox 3640 645 3717 698; x_wconf 82' lang='grc' dir='ltr'>τοῦ</span> <span class='ocrx_word' id='word_1_556' title='bbox 3740 651 3800 713; x_wconf 68' lang='grc' dir='ltr'>τά·</span> 
     </span>
    </p>
   </div>
   <div class='ocr_carea' id='block_1_66' title="bbox 2170 713 3800 802">
    <p class='ocr_par' dir='ltr' id='par_1_66' title="bbox 2170 713 3800 802">
     <span class='ocr_line' id='line_1_66' title="bbox 2170 713 3800 802; baseline 0.002 -20"><span class='ocrx_word' id='word_1_557' title='bbox 2170 745 2271 800; x_wconf 84' lang='grc' dir='ltr'>μου</span> <span class='ocrx_word' id='word_1_558' title='bbox 2307 731 2400 783; x_wconf 75' lang='grc' dir='ltr'>καὶ</span> <span class='ocrx_word' id='word_1_559' title='bbox 2428 730 2535 783; x_wconf 88' lang='grc' dir='ltr'>τῶν</span> <span class='ocrx_word' id='word_1_560' title='bbox 2568 732 2772 784; x_wconf 85' lang='grc' dir='ltr'>παίδων</span> <span class='ocrx_word' id='word_1_561' title='bbox 2799 732 2894 784; x_wconf 77' lang='grc' dir='ltr'>καὶ</span> <span class='ocrx_word' id='word_1_562' title='bbox 2934 731 3044 784; x_wconf 89' lang='grc' dir='ltr'>τῶν</span> <span class='ocrx_word' id='word_1_563' title='bbox 3083 713 3381 802; x_wconf 66' lang='grc' dir='ltr'>χρημάτων</span> <span class='ocrx_word' id='word_1_564' title='bbox 3413 713 3653 786; x_wconf 72' lang='grc' dir='ltr'>καὶτῶν</span> 
     </span>
    </p>
   </div>
   <div class='ocr_carea' id='block_1_67' title="bbox 2165 817 3801 889">
    <p class='ocr_par' dir='ltr' id='par_1_67' title="bbox 2165 817 3801 889">
     <span class='ocr_line' id='line_1_67' title="bbox 2165 817 3801 889; baseline 0.002 -19"><span class='ocrx_word' id='word_1_565' title='bbox 2165 817 2422 870; x_wconf 81' lang='grc' dir='ltr'>ἁπάντων</span> <span class='ocrx_word' id='word_1_566' title='bbox 2456 817 2518 871; x_wconf 81' lang='grc' dir='ltr'>τὸ</span> <span class='ocrx_word' id='word_1_567' title='bbox 2545 817 2972 886; x_wconf 83' lang='grc' dir='ltr'>Ε’ὺπρόσεδρον</span> <span class='ocrx_word' id='word_1_568' title='bbox 3021 817 3318 883; x_wconf 87' lang='grc' dir='ltr'>διασῶσαι;</span> <span class='ocrx_word' id='word_1_569' title='bbox 3367 817 3610 888; x_wconf 81' lang='grc' dir='ltr'>Πρῶτον</span> <span class='ocrx_word' id='word_1_570' title='bbox 3645 820 3724 889; x_wconf 77' lang='grc' dir='ltr'>μὲν</span> <span class='ocrx_word' id='word_1_571' title='bbox 3749 823 3801 873; x_wconf 74' lang='lat'><em>5::</em></span> 
     </span>
    </p>
   </div>
   <div class='ocr_carea' id='block_1_68' title="bbox 2166 905 3803 979">
    <p class='ocr_par' dir='ltr' id='par_1_68' title="bbox 2166 905 3803 979">
     <span class='ocr_line' id='line_1_68' title="bbox 2166 905 3803 979; baseline 0.002 -21"><span class='ocrx_word' id='word_1_572' title='bbox 2166 906 2343 970; x_wconf 75' lang='grc' dir='ltr'>οὐδεὶς</span> <span class='ocrx_word' id='word_1_573' title='bbox 2382 906 2525 961; x_wconf 83' lang='grc' dir='ltr'>κατὰ</span> <span class='ocrx_word' id='word_1_574' title='bbox 2561 907 2654 962; x_wconf 82' lang='grc' dir='ltr'>τὸν</span> <span class='ocrx_word' id='word_1_575' title='bbox 2701 907 2952 978; x_wconf 82' lang='grc' dir='ltr'>Ἀϐραάμ</span> <span class='ocrx_word' id='word_1_576' title='bbox 2985 906 3114 970; x_wconf 91' lang='grc' dir='ltr'>νῦν,</span> <span class='ocrx_word' id='word_1_577' title='bbox 3153 905 3271 960; x_wconf 84' lang='grc' dir='ltr'>ἀλλ’</span> <span class='ocrx_word' id='word_1_578' title='bbox 3301 906 3424 960; x_wconf 79' lang='grc' dir='ltr'>οὑδὲ</span> <span class='ocrx_word' id='word_1_579' title='bbox 3474 906 3631 960; x_wconf 83' lang='grc' dir='ltr'>κατά</span> <span class='ocrx_word' id='word_1_580' title='bbox 3661 910 3803 979; x_wconf 61' lang='grc' dir='ltr'>μικρὰν</span> 
     </span>
    </p>
   </div>
   <div class='ocr_carea' id='block_1_69' title="bbox 2169 993 3806 1066">
    <p class='ocr_par' dir='ltr' id='par_1_69' title="bbox 2169 993 3806 1066">
     <span class='ocr_line' id='line_1_69' title="bbox 2169 993 3806 1066; baseline 0.002 -20"><span class='ocrx_word' id='word_1_581' title='bbox 2169 993 2358 1063; x_wconf 87' lang='grc' dir='ltr'>ἐγγύς.</span> <span class='ocrx_word' id='word_1_582' title='bbox 2415 994 2524 1048; x_wconf 83' lang='grc' dir='ltr'>Καὶ</span> <span class='ocrx_word' id='word_1_583' title='bbox 2570 994 2680 1066; x_wconf 83' lang='grc' dir='ltr'>γὰρ</span> <span class='ocrx_word' id='word_1_584' title='bbox 2734 994 2846 1048; x_wconf 89' lang='grc' dir='ltr'>τῶν</span> <span class='ocrx_word' id='word_1_585' title='bbox 2900 993 3290 1066; x_wconf 88' lang='grc' dir='ltr'>ἀκτημοσύνην</span> <span class='ocrx_word' id='word_1_586' title='bbox 3339 993 3669 1049; x_wconf 85' lang='grc' dir='ltr'>ἀσκούντων</span> <span class='ocrx_word' id='word_1_587' title='bbox 3715 999 3806 1066; x_wconf 63' lang='grc' dir='ltr'>μῦ..</span> 
     </span>
    </p>
   </div>
   <div class='ocr_carea' id='block_1_70' title="bbox 2169 1082 3803 1156">
    <p class='ocr_par' dir='ltr' id='par_1_70' title="bbox 2169 1082 3803 1156">
     <span class='ocr_line' id='line_1_70' title="bbox 2169 1082 3803 1156; baseline 0 -20"><span class='ocrx_word' id='word_1_588' title='bbox 2169 1083 2259 1136; x_wconf 91' lang='grc' dir='ltr'>λον</span> <span class='ocrx_word' id='word_1_589' title='bbox 2293 1086 2500 1146; x_wconf 89' lang='grc' dir='ltr'>ἐκεῖνος</span> <span class='ocrx_word' id='word_1_590' title='bbox 2544 1100 2649 1154; x_wconf 91' lang='grc' dir='ltr'>χρη</span> <span class='ocrx_word' id='word_1_591' title='bbox 2660 1085 2845 1154; x_wconf 83' lang='grc' dir='ltr'>μάτων</span> <span class='ocrx_word' id='word_1_592' title='bbox 2890 1083 3288 1156; x_wconf 76' lang='grc' dir='ltr'>κατεφρόνησε,</span> <span class='ocrx_word' id='word_1_593' title='bbox 3339 1082 3606 1137; x_wconf 82' lang='grc' dir='ltr'>πλουτῶν</span> <span class='ocrx_word' id='word_1_594' title='bbox 3630 1088 3712 1138; x_wconf 77' lang='grc' dir='ltr'>καὶ</span> <span class='ocrx_word' id='word_1_595' title='bbox 3739 1103 3803 1153; x_wconf 55' lang='grc' dir='ltr'>γε.</span> 
     </span>
    </p>
   </div>
   <div class='ocr_carea' id='block_1_71' title="bbox 2169 1171 3806 1244">
    <p class='ocr_par' dir='ltr' id='par_1_71' title="bbox 2169 1171 3806 1244">
     <span class='ocr_line' id='line_1_71' title="bbox 2169 1171 3806 1244; baseline 0.002 -20"><span class='ocrx_word' id='word_1_596' title='bbox 2169 1175 2332 1226; x_wconf 85' lang='grc' dir='ltr'>ναῖκα</span> <span class='ocrx_word' id='word_1_597' title='bbox 2350 1173 2508 1242; x_wconf 82' lang='grc' dir='ltr'>έχων,</span> <span class='ocrx_word' id='word_1_598' title='bbox 2535 1174 2629 1226; x_wconf 77' lang='grc' dir='ltr'>καὶ</span> <span class='ocrx_word' id='word_1_599' title='bbox 2643 1172 2836 1242; x_wconf 82' lang='grc' dir='ltr'>ἡδονῆς</span> <span class='ocrx_word' id='word_1_600' title='bbox 2865 1171 3064 1242; x_wconf 81' lang='grc' dir='ltr'>μᾶλλον</span> <span class='ocrx_word' id='word_1_601' title='bbox 3085 1171 3196 1224; x_wconf 90' lang='grc' dir='ltr'>τῶν</span> <span class='ocrx_word' id='word_1_602' title='bbox 3218 1171 3674 1241; x_wconf 80' lang='grc' dir='ltr'>παρθενευόντων</span> <span class='ocrx_word' id='word_1_603' title='bbox 3695 1176 3806 1244; x_wconf 66' lang='grc' dir='ltr'>ἐκρί-</span> 
     </span>
    </p>
   </div>
   <div class='ocr_carea' id='block_1_72' title="bbox 2170 1254 3806 1333">
    <p class='ocr_par' dir='ltr' id='par_1_72' title="bbox 2170 1254 3806 1333">
     <span class='ocr_line' id='line_1_72' title="bbox 2170 1254 3806 1333; baseline 0.001 -20"><span class='ocrx_word' id='word_1_604' title='bbox 2170 1278 2272 1314; x_wconf 88' lang='grc' dir='ltr'>τει.</span> <span class='ocrx_word' id='word_1_605' title='bbox 2321 1254 2480 1313; x_wconf 74' lang='grc' dir='ltr'>Οὗτοι</span> <span class='ocrx_word' id='word_1_606' title='bbox 2520 1260 2620 1330; x_wconf 83' lang='grc' dir='ltr'>μὲν</span> <span class='ocrx_word' id='word_1_607' title='bbox 2663 1261 2773 1330; x_wconf 85' lang='grc' dir='ltr'>γὰρ</span> <span class='ocrx_word' id='word_1_608' title='bbox 2805 1260 2929 1314; x_wconf 84' lang='grc' dir='ltr'>καθ’</span> <span class='ocrx_word' id='word_1_609' title='bbox 2976 1260 3216 1330; x_wconf 83' lang='grc' dir='ltr'>ἑκάστην</span> <span class='ocrx_word' id='word_1_610' title='bbox 3249 1261 3356 1313; x_wconf 87' lang='lat'><em>67:6</em></span> <span class='ocrx_word' id='word_1_611' title='bbox 3399 1263 3506 1332; x_wconf 80' lang='grc' dir='ltr'>τῆς</span> <span class='ocrx_word' id='word_1_612' title='bbox 3561 1263 3806 1333; x_wconf 67' lang='grc' dir='ltr'>ἐπιθυμίας</span> 
     </span>
    </p>
   </div>
   <div class='ocr_carea' id='block_1_73' title="bbox 2171 1349 3805 1422">
    <p class='ocr_par' dir='ltr' id='par_1_73' title="bbox 2171 1349 3805 1422">
     <span class='ocr_line' id='line_1_73' title="bbox 2171 1349 3805 1422; baseline 0.002 -21"><span class='ocrx_word' id='word_1_613' title='bbox 2171 1351 2463 1418; x_wconf 84' lang='grc' dir='ltr'>φλέγονται</span> <span class='ocrx_word' id='word_1_614' title='bbox 2496 1351 2597 1420; x_wconf 84' lang='grc' dir='ltr'>τὴν</span> <span class='ocrx_word' id='word_1_615' title='bbox 2639 1349 2889 1422; x_wconf 77' lang='grc' dir='ltr'>ἡμέραν·</span> <span class='ocrx_word' id='word_1_616' title='bbox 2926 1350 3132 1414; x_wconf 80' lang='grc' dir='ltr'>ἐκεῖνος</span> <span class='ocrx_word' id='word_1_617' title='bbox 3181 1349 3237 1402; x_wconf 88' lang='grc' dir='ltr'>δὲ</span> <span class='ocrx_word' id='word_1_618' title='bbox 3282 1349 3424 1404; x_wconf 80' lang='grc' dir='ltr'>οὓτω</span> <span class='ocrx_word' id='word_1_619' title='bbox 3463 1350 3676 1421; x_wconf 83' lang='grc' dir='ltr'>ταύτην</span> <span class='ocrx_word' id='word_1_620' title='bbox 3717 1371 3805 1405; x_wconf 70' lang='grc' dir='ltr'>κατ-</span> 
     </span>
    </p>
   </div>
   <div class='ocr_carea' id='block_1_74' title="bbox 2172 1437 3803 1510">
    <p class='ocr_par' dir='ltr' id='par_1_74' title="bbox 2172 1437 3803 1510">
     <span class='ocr_line' id='line_1_74' title="bbox 2172 1437 3803 1510; baseline 0.002 -20"><span class='ocrx_word' id='word_1_621' title='bbox 2172 1437 2390 1491; x_wconf 88' lang='grc' dir='ltr'>εσϐέκει</span> <span class='ocrx_word' id='word_1_622' title='bbox 2413 1437 2509 1509; x_wconf 85' lang='grc' dir='ltr'>τὴν</span> <span class='ocrx_word' id='word_1_623' title='bbox 2543 1437 2734 1506; x_wconf 82' lang='grc' dir='ltr'>φλόγα,</span> <span class='ocrx_word' id='word_1_624' title='bbox 2767 1438 2862 1492; x_wconf 81' lang='grc' dir='ltr'>καὶ</span> <span class='ocrx_word' id='word_1_625' title='bbox 2886 1437 3117 1509; x_wconf 74' lang='grc' dir='ltr'>οὐδεμιᾷ</span> <span class='ocrx_word' id='word_1_626' title='bbox 3153 1438 3460 1493; x_wconf 82' lang='grc' dir='ltr'>συνεδέδετο</span> <span class='ocrx_word' id='word_1_627' title='bbox 3489 1441 3803 1510; x_wconf 63' lang='grc' dir='ltr'>προπαθείᾳ.</span> 
     </span>
    </p>
   </div>
   <div class='ocr_carea' id='block_1_75' title="bbox 2172 1525 3806 1598">
    <p class='ocr_par' dir='ltr' id='par_1_75' title="bbox 2172 1525 3806 1598">
     <span class='ocr_line' id='line_1_75' title="bbox 2172 1525 3806 1598; baseline 0.002 -20"><span class='ocrx_word' id='word_1_628' title='bbox 2172 1525 2246 1589; x_wconf 84' lang='grc' dir='ltr'>ὡς</span> <span class='ocrx_word' id='word_1_629' title='bbox 2277 1527 2349 1598; x_wconf 80' lang='grc' dir='ltr'>μὴ</span> <span class='ocrx_word' id='word_1_630' title='bbox 2386 1527 2543 1597; x_wconf 90' lang='grc' dir='ltr'>μόνον</span> <span class='ocrx_word' id='word_1_631' title='bbox 2562 1525 2710 1598; x_wconf 68' lang='grc'>[554]</span> <span class='ocrx_word' id='word_1_632' title='bbox 2741 1526 3079 1598; x_wconf 84' lang='grc' dir='ltr'>ἀποσχέσθαι</span> <span class='ocrx_word' id='word_1_633' title='bbox 3106 1526 3208 1597; x_wconf 84' lang='grc' dir='ltr'>τῆς</span> <span class='ocrx_word' id='word_1_634' title='bbox 3233 1527 3594 1592; x_wconf 78' lang='grc' dir='ltr'>παλλακίδος,</span> <span class='ocrx_word' id='word_1_635' title='bbox 3617 1530 3735 1582; x_wconf 70' lang='grc' dir='ltr'>ἀλλὰ</span> <span class='ocrx_word' id='word_1_636' title='bbox 3747 1535 3806 1583; x_wconf 72' lang='lat' dir='ltr'>n‘:</span> 
     </span>
    </p>
   </div>
   <div class='ocr_carea' id='block_1_76' title="bbox 2173 1613 3807 1687">
    <p class='ocr_par' dir='ltr' id='par_1_76' title="bbox 2173 1613 3807 1687">
     <span class='ocr_line' id='line_1_76' title="bbox 2173 1613 3807 1687; baseline 0.003 -22"><span class='ocrx_word' id='word_1_637' title='bbox 2173 1613 2418 1667; x_wconf 83' lang='grc' dir='ltr'>ἐκϐαλεῖν</span> <span class='ocrx_word' id='word_1_638' title='bbox 2444 1615 2616 1687; x_wconf 86' lang='grc' dir='ltr'>αὐτὴν</span> <span class='ocrx_word' id='word_1_639' title='bbox 2643 1616 2744 1685; x_wconf 79' lang='grc' dir='ltr'>τῆς</span> <span class='ocrx_word' id='word_1_640' title='bbox 2774 1615 2952 1679; x_wconf 87' lang='grc' dir='ltr'>οἰκίας</span> <span class='ocrx_word' id='word_1_641' title='bbox 2980 1617 3121 1687; x_wconf 82' lang='grc' dir='ltr'>ὑπὲρ</span> <span class='ocrx_word' id='word_1_642' title='bbox 3141 1614 3236 1670; x_wconf 89' lang='grc' dir='ltr'>τοῦ</span> <span class='ocrx_word' id='word_1_643' title='bbox 3267 1617 3452 1687; x_wconf 85' lang='grc' dir='ltr'>μάχης</span> <span class='ocrx_word' id='word_1_644' title='bbox 3484 1619 3588 1668; x_wconf 64' lang='grc' dir='ltr'>καὶ⁵</span> <span class='ocrx_word' id='word_1_645' title='bbox 3626 1619 3807 1682; x_wconf 68' lang='grc' dir='ltr'>στάσεως</span> 
     </span>
    </p>
   </div>
   <div class='ocr_carea' id='block_1_77' title="bbox 2173 1702 3808 1774">
    <p class='ocr_par' dir='ltr' id='par_1_77' title="bbox 2173 1702 3808 1774">
     <span class='ocr_line' id='line_1_77' title="bbox 2173 1702 3808 1774; baseline 0.004 -22"><span class='ocrx_word' id='word_1_646' title='bbox 2173 1703 2356 1756; x_wconf 84' lang='grc' dir='ltr'>πᾶσαν</span> <span class='ocrx_word' id='word_1_647' title='bbox 2384 1702 2640 1756; x_wconf 87' lang='grc' dir='ltr'>ὑπόθεσιν</span> <span class='ocrx_word' id='word_1_648' title='bbox 2658 1703 2867 1758; x_wconf 80' lang='grc' dir='ltr'>ἀνελεῖν</span> <span class='ocrx_word' id='word_1_649' title='bbox 2888 1721 2902 1735; x_wconf 87' lang='grc'><strong>·</strong></span> <span class='ocrx_word' id='word_1_650' title='bbox 2931 1702 3028 1757; x_wconf 92' lang='grc' dir='ltr'>νῦν</span> <span class='ocrx_word' id='word_1_651' title='bbox 3052 1704 3110 1758; x_wconf 79' lang='grc' dir='ltr'>δὲ</span> <span class='ocrx_word' id='word_1_652' title='bbox 3125 1703 3186 1758; x_wconf 87' lang='lat'>06</span> <span class='ocrx_word' id='word_1_653' title='bbox 3207 1705 3413 1774; x_wconf 86' lang='grc' dir='ltr'>σφόδρα</span> <span class='ocrx_word' id='word_1_654' title='bbox 3445 1704 3678 1758; x_wconf 83' lang='grc' dir='ltr'>εῦκολον</span> <span class='ocrx_word' id='word_1_655' title='bbox 3699 1705 3808 1759; x_wconf 61' lang='grc' dir='ltr'>τοῦτ’</span> 
     </span>
    </p>
   </div>
   <div class='ocr_carea' id='block_1_78' title="bbox 2173 1792 2375 1864">
    <p class='ocr_par' dir='ltr' id='par_1_78' title="bbox 2173 1792 2375 1864">
     <span class='ocr_line' id='line_1_78' title="bbox 2173 1792 2375 1864; baseline 0.02 -23"><span class='ocrx_word' id='word_1_656' title='bbox 2173 1792 2375 1864; x_wconf 88' lang='grc' dir='ltr'>εὑρεῖν.</span> 
     </span>
    </p>
   </div>
   <div class='ocr_carea' id='block_1_79' title="bbox 2245 1913 3806 1988">
    <p class='ocr_par' dir='ltr' id='par_1_79' title="bbox 2245 1913 3806 1988">
     <span class='ocr_line' id='line_1_79' title="bbox 2245 1913 3806 1988; baseline 0.001 -19"><span class='ocrx_word' id='word_1_657' title='bbox 2245 1915 2371 1969; x_wconf 80' lang='lat' dir='ltr'>III&quot;.</span> <span class='ocrx_word' id='word_1_658' title='bbox 2392 1914 2502 1967; x_wconf 75' lang='grc' dir='ltr'>Καὶ</span> <span class='ocrx_word' id='word_1_659' title='bbox 2519 1914 2686 1985; x_wconf 73' lang='grc' dir='ltr'>χωρὶς</span> <span class='ocrx_word' id='word_1_660' title='bbox 2709 1913 2915 1969; x_wconf 89' lang='grc' dir='ltr'>τούτων</span> <span class='ocrx_word' id='word_1_661' title='bbox 2932 1915 3011 1981; x_wconf 83' lang='grc' dir='ltr'>δὲ,</span> <span class='ocrx_word' id='word_1_662' title='bbox 3041 1916 3181 1987; x_wconf 83' lang='grc' dir='ltr'>ὅπερ</span> <span class='ocrx_word' id='word_1_663' title='bbox 3205 1916 3299 1970; x_wconf 73' lang='grc' dir='ltr'>καὶ</span> <span class='ocrx_word' id='word_1_664' title='bbox 3325 1916 3642 1988; x_wconf 82' lang='grc' dir='ltr'>ἀρχόμενος</span> <span class='ocrx_word' id='word_1_665' title='bbox 3656 1919 3806 1987; x_wconf 62' lang='grc' dir='ltr'>ἔλεγεν,</span> 
     </span>
    </p>
   </div>
   <div class='ocr_carea' id='block_1_80' title="bbox 2172 2003 3807 2078">
    <p class='ocr_par' dir='ltr' id='par_1_80' title="bbox 2172 2003 3807 2078">
     <span class='ocr_line' id='line_1_80' title="bbox 2172 2003 3807 2078; baseline 0.002 -20"><span class='ocrx_word' id='word_1_666' title='bbox 2172 2004 2331 2058; x_wconf 88' lang='grc' dir='ltr'>τοῦτο</span> <span class='ocrx_word' id='word_1_667' title='bbox 2369 2005 2463 2058; x_wconf 75' lang='grc' dir='ltr'>καὶ</span> <span class='ocrx_word' id='word_1_668' title='bbox 2487 2004 2582 2058; x_wconf 89' lang='grc' dir='ltr'>νῦν</span> <span class='ocrx_word' id='word_1_669' title='bbox 2606 2003 2735 2076; x_wconf 84' lang='grc' dir='ltr'>ἐρῶ,</span> <span class='ocrx_word' id='word_1_670' title='bbox 2763 2006 2845 2057; x_wconf 87' lang='grc' dir='ltr'>δτι</span> <span class='ocrx_word' id='word_1_671' title='bbox 2880 2007 2942 2058; x_wconf 89' lang='lat'>06</span> <span class='ocrx_word' id='word_1_672' title='bbox 2976 2005 3038 2058; x_wconf 78' lang='grc' dir='ltr'>τὸ</span> <span class='ocrx_word' id='word_1_673' title='bbox 3069 2004 3201 2058; x_wconf 79' lang='grc' dir='ltr'>αὑτὸ</span> <span class='ocrx_word' id='word_1_674' title='bbox 3235 2006 3332 2075; x_wconf 82' lang='grc' dir='ltr'>τῆς</span> <span class='ocrx_word' id='word_1_675' title='bbox 3361 2006 3572 2078; x_wconf 84' lang='grc' dir='ltr'>ἀρετῆς</span> <span class='ocrx_word' id='word_1_676' title='bbox 3603 2008 3807 2061; x_wconf 64' lang='lat'><em>67:31:55-</em></span> 
     </span>
    </p>
   </div>
   <div class='ocr_carea' id='block_1_81' title="bbox 2177 2092 3806 2165">
    <p class='ocr_par' dir='ltr' id='par_1_81' title="bbox 2177 2092 3806 2165">
     <span class='ocr_line' id='line_1_81' title="bbox 2177 2092 3806 2165; baseline 0.001 -19"><span class='ocrx_word' id='word_1_677' title='bbox 2177 2094 2316 2164; x_wconf 89' lang='grc' dir='ltr'>μεθα</span> <span class='ocrx_word' id='word_1_678' title='bbox 2353 2094 2548 2164; x_wconf 84' lang='grc' dir='ltr'>μέτρον</span> <span class='ocrx_word' id='word_1_679' title='bbox 2580 2093 2744 2164; x_wconf 89' lang='grc' dir='ltr'>ἡμεῖς</span> <span class='ocrx_word' id='word_1_680' title='bbox 2773 2110 2833 2145; x_wconf 87' lang='grc' dir='ltr'>τε</span> <span class='ocrx_word' id='word_1_681' title='bbox 2865 2093 3127 2147; x_wconf 88' lang='grc' dir='ltr'>κάκεῖνοι.</span> <span class='ocrx_word' id='word_1_682' title='bbox 3185 2092 3300 2148; x_wconf 86' lang='grc' dir='ltr'>Νῦν</span> <span class='ocrx_word' id='word_1_683' title='bbox 3345 2094 3447 2165; x_wconf 80' lang='grc' dir='ltr'>μὲν</span> <span class='ocrx_word' id='word_1_684' title='bbox 3482 2093 3599 2165; x_wconf 80' lang='grc' dir='ltr'>γὰρ</span> <span class='ocrx_word' id='word_1_685' title='bbox 3630 2096 3806 2148; x_wconf 75' lang='grc' dir='ltr'>οὑκέττι</span> 
     </span>
    </p>
   </div>
   <div class='ocr_carea' id='block_1_82' title="bbox 2173 2178 3805 2255">
    <p class='ocr_par' dir='ltr' id='par_1_82' title="bbox 2173 2178 3805 2255">
     <span class='ocr_line' id='line_1_82' title="bbox 2173 2178 3805 2255; baseline 0.002 -20"><span class='ocrx_word' id='word_1_686' title='bbox 2173 2182 2373 2236; x_wconf 87' lang='grc' dir='ltr'>τέλειον</span> <span class='ocrx_word' id='word_1_687' title='bbox 2396 2178 2534 2236; x_wconf 76' lang='grc' dir='ltr'>εἶναι</span> <span class='ocrx_word' id='word_1_688' title='bbox 2561 2183 2636 2253; x_wconf 83' lang='grc' dir='ltr'>μὴ</span> <span class='ocrx_word' id='word_1_689' title='bbox 2687 2181 2865 2235; x_wconf 91' lang='grc' dir='ltr'>πάντα</span> <span class='ocrx_word' id='word_1_690' title='bbox 2903 2182 3251 2252; x_wconf 86' lang='grc' dir='ltr'>πωλήσαντα,</span> <span class='ocrx_word' id='word_1_691' title='bbox 3286 2183 3360 2255; x_wconf 82' lang='grc' dir='ltr'>μὴ</span> <span class='ocrx_word' id='word_1_692' title='bbox 3387 2184 3564 2237; x_wconf 71' lang='grc' dir='ltr'>πᾶσιν</span> <span class='ocrx_word' id='word_1_693' title='bbox 3583 2185 3805 2250; x_wconf 65' lang='grc' dir='ltr'>ἀππαξέα</span> 
     </span>
    </p>
   </div>
   <div class='ocr_carea' id='block_1_83' title="bbox 2177 2269 3808 2344">
    <p class='ocr_par' dir='ltr' id='par_1_83' title="bbox 2177 2269 3808 2344">
     <span class='ocr_line' id='line_1_83' title="bbox 2177 2269 3808 2344; baseline 0.002 -20"><span class='ocrx_word' id='word_1_694' title='bbox 2177 2289 2358 2342; x_wconf 90' lang='grc' dir='ltr'>μενον,</span> <span class='ocrx_word' id='word_1_695' title='bbox 2394 2272 2455 2324; x_wconf 86' lang='grc' dir='ltr'>οὑ</span> <span class='ocrx_word' id='word_1_696' title='bbox 2485 2273 2728 2341; x_wconf 86' lang='grc' dir='ltr'>χρήμασι</span> <span class='ocrx_word' id='word_1_697' title='bbox 2761 2269 2906 2338; x_wconf 88' lang='grc' dir='ltr'>λέγω</span> <span class='ocrx_word' id='word_1_698' title='bbox 2949 2271 3109 2340; x_wconf 87' lang='grc' dir='ltr'>μόνον</span> <span class='ocrx_word' id='word_1_699' title='bbox 3138 2270 3233 2323; x_wconf 71' lang='grc' dir='ltr'>καὶ</span> <span class='ocrx_word' id='word_1_700' title='bbox 3261 2271 3430 2344; x_wconf 68' lang='grc' dir='ltr'>οἰκία,</span> <span class='ocrx_word' id='word_1_701' title='bbox 3472 2271 3618 2326; x_wconf 85' lang='grc' dir='ltr'>ἀλλά</span> <span class='ocrx_word' id='word_1_702' title='bbox 3656 2277 3735 2327; x_wconf 77' lang='grc' dir='ltr'>καὶ</span> <span class='ocrx_word' id='word_1_703' title='bbox 3769 2279 3808 2343; x_wconf 63' lang='grc' dir='ltr'>τῇ</span> 
     </span>
    </p>
   </div>
   <div class='ocr_carea' id='block_1_84' title="bbox 2173 2357 3808 2432">
    <p class='ocr_par' dir='ltr' id='par_1_84' title="bbox 2173 2357 3808 2432">
     <span class='ocr_line' id='line_1_84' title="bbox 2173 2357 3808 2432; baseline -0.006 -20"><span class='ocrx_word' id='word_1_704' title='bbox 2173 2359 2316 2432; x_wconf 77' lang='grc' dir='ltr'>ψυχῇ</span> <span class='ocrx_word' id='word_1_705' title='bbox 2346 2363 2412 2431; x_wconf 80' lang='grc' dir='ltr'>τῇ</span> <span class='ocrx_word' id='word_1_706' title='bbox 2436 2359 2648 2413; x_wconf 80' lang='grc' dir='ltr'>ἑαυτοῦ⁶</span> <span class='ocrx_word' id='word_1_707' title='bbox 2677 2359 2799 2412; x_wconf 88' lang='grc' dir='ltr'>τότε</span> <span class='ocrx_word' id='word_1_708' title='bbox 2825 2359 2883 2411; x_wconf 84' lang='grc' dir='ltr'>δὲ</span> <span class='ocrx_word' id='word_1_709' title='bbox 2926 2357 3078 2412; x_wconf 81' lang='grc' dir='ltr'>οῦπω</span> <span class='ocrx_word' id='word_1_710' title='bbox 3114 2359 3383 2430; x_wconf 80' lang='grc' dir='ltr'>τοσαύτης</span> <span class='ocrx_word' id='word_1_711' title='bbox 3411 2361 3702 2432; x_wconf 70' lang='grc' dir='ltr'>ἀκριϐείας</span> <span class='ocrx_word' id='word_1_712' title='bbox 3727 2365 3808 2414; x_wconf 65' lang='grc' dir='ltr'>ἐπέ.</span> 
     </span>
    </p>
   </div>
   <div class='ocr_carea' id='block_1_85' title="bbox 2172 2443 3808 2521">
    <p class='ocr_par' dir='ltr' id='par_1_85' title="bbox 2172 2443 3808 2521">
     <span class='ocr_line' id='line_1_85' title="bbox 2172 2443 3808 2521; baseline 0.001 -19"><span class='ocrx_word' id='word_1_713' title='bbox 2172 2449 2336 2516; x_wconf 80' lang='grc' dir='ltr'>δειξις</span> <span class='ocrx_word' id='word_1_714' title='bbox 2381 2445 2469 2521; x_wconf 76' lang='grc' dir='ltr'>ἦν.</span> <span class='ocrx_word' id='word_1_715' title='bbox 2499 2448 2564 2500; x_wconf 91' lang='grc' dir='ltr'>Τί</span> <span class='ocrx_word' id='word_1_716' title='bbox 2589 2443 2716 2514; x_wconf 84' lang='grc' dir='ltr'>οῦν;</span> <span class='ocrx_word' id='word_1_717' title='bbox 2769 2447 3159 2518; x_wconf 87' lang='grc' dir='ltr'>ἀκριϐέστερον</span> <span class='ocrx_word' id='word_1_718' title='bbox 3209 2451 3393 2518; x_wconf 90' lang='grc' dir='ltr'>ἡμεῖς,</span> <span class='ocrx_word' id='word_1_719' title='bbox 3439 2450 3607 2521; x_wconf 75' lang='grc' dir='ltr'>φησὶ,</span> <span class='ocrx_word' id='word_1_720' title='bbox 3639 2450 3808 2504; x_wconf 66' lang='lat'>105::-</span> 
     </span>
    </p>
   </div>
   <div class='ocr_carea' id='block_1_86' title="bbox 2171 2535 3808 2610">
    <p class='ocr_par' dir='ltr' id='par_1_86' title="bbox 2171 2535 3808 2610">
     <span class='ocr_line' id='line_1_86' title="bbox 2171 2535 3808 2610; baseline 0.001 -19"><span class='ocrx_word' id='word_1_721' title='bbox 2171 2538 2434 2610; x_wconf 88' lang='grc' dir='ltr'>τριάρχου</span> <span class='ocrx_word' id='word_1_722' title='bbox 2471 2536 2690 2608; x_wconf 90' lang='grc' dir='ltr'>βιοῦμεν</span> <span class='ocrx_word' id='word_1_723' title='bbox 2717 2535 2844 2602; x_wconf 87' lang='grc' dir='ltr'>νῦν;</span> <span class='ocrx_word' id='word_1_724' title='bbox 2875 2535 3193 2606; x_wconf 77' lang='grc' dir='ltr'>Ὠφείλομεν</span> <span class='ocrx_word' id='word_1_725' title='bbox 3224 2536 3344 2608; x_wconf 79' lang='grc' dir='ltr'>μὲν,</span> <span class='ocrx_word' id='word_1_726' title='bbox 3378 2539 3477 2592; x_wconf 68' lang='grc' dir='ltr'>καὶ</span> <span class='ocrx_word' id='word_1_727' title='bbox 3498 2539 3662 2592; x_wconf 74' lang='grc' dir='ltr'>τοῦτο</span> <span class='ocrx_word' id='word_1_728' title='bbox 3687 2541 3808 2592; x_wconf 76' lang='grc' dir='ltr'>ἐπιτε-</span> 
     </span>
    </p>
   </div>
   <div class='ocr_carea' id='block_1_87' title="bbox 2173 2623 3806 2697">
    <p class='ocr_par' dir='ltr' id='par_1_87' title="bbox 2173 2623 3806 2697">
     <span class='ocr_line' id='line_1_87' title="bbox 2173 2623 3806 2697; baseline -0.001 -17"><span class='ocrx_word' id='word_1_729' title='bbox 2173 2626 2444 2696; x_wconf 85' lang='grc' dir='ltr'>τάγμεθα,</span> <span class='ocrx_word' id='word_1_730' title='bbox 2479 2625 2539 2677; x_wconf 91' lang='lat'>06</span> <span class='ocrx_word' id='word_1_731' title='bbox 2568 2623 2787 2697; x_wconf 89' lang='grc' dir='ltr'>βιοῦμεν</span> <span class='ocrx_word' id='word_1_732' title='bbox 2812 2624 2889 2677; x_wconf 85' lang='grc' dir='ltr'>δέ·</span> <span class='ocrx_word' id='word_1_733' title='bbox 2922 2625 3017 2678; x_wconf 77' lang='grc' dir='ltr'>καὶ</span> <span class='ocrx_word' id='word_1_734' title='bbox 3054 2624 3141 2677; x_wconf 86' lang='grc' dir='ltr'>διὰ</span> <span class='ocrx_word' id='word_1_735' title='bbox 3167 2625 3327 2678; x_wconf 88' lang='grc' dir='ltr'>τοῦτο</span> <span class='ocrx_word' id='word_1_736' title='bbox 3359 2625 3500 2679; x_wconf 78' lang='grc' dir='ltr'>πολὺ</span> <span class='ocrx_word' id='word_1_737' title='bbox 3533 2627 3628 2679; x_wconf 76' lang='grc' dir='ltr'>τοῦ</span> <span class='ocrx_word' id='word_1_738' title='bbox 3651 2629 3806 2681; x_wconf 62' lang='grc' dir='ltr'>δικαέτε</span> 
     </span>
    </p>
   </div>
   <div class='ocr_carea' id='block_1_88' title="bbox 2173 2711 3808 2786">
    <p class='ocr_par' dir='ltr' id='par_1_88' title="bbox 2173 2711 3808 2786">
     <span class='ocr_line' id='line_1_88' title="bbox 2173 2711 3808 2786; baseline -0.001 -18"><span class='ocrx_word' id='word_1_739' title='bbox 2173 2715 2470 2785; x_wconf 87' lang='grc' dir='ltr'>λειπόμεθα</span> <span class='ocrx_word' id='word_1_740' title='bbox 2497 2725 2546 2754; x_wconf 69' lang='grc' dir='ltr'><strong>⁸ο</strong></span> <span class='ocrx_word' id='word_1_741' title='bbox 2568 2712 2689 2766; x_wconf 54' lang='grc' dir='ltr'>ἐπεὶ¹</span> <span class='ocrx_word' id='word_1_742' title='bbox 2723 2714 2806 2766; x_wconf 84' lang='grc' dir='ltr'>ὅτι</span> <span class='ocrx_word' id='word_1_743' title='bbox 2829 2729 2892 2781; x_wconf 89' lang='grc' dir='ltr'>γε</span> <span class='ocrx_word' id='word_1_744' title='bbox 2918 2711 3140 2783; x_wconf 77' lang='grc' dir='ltr'>μείζονα</span> <span class='ocrx_word' id='word_1_745' title='bbox 3162 2714 3292 2784; x_wconf 85' lang='grc' dir='ltr'>ἡμῖν</span> <span class='ocrx_word' id='word_1_746' title='bbox 3310 2712 3382 2766; x_wconf 83' lang='grc' dir='ltr'>τά</span> <span class='ocrx_word' id='word_1_747' title='bbox 3410 2715 3709 2786; x_wconf 79' lang='grc' dir='ltr'>σκάμματα</span> <span class='ocrx_word' id='word_1_748' title='bbox 3725 2725 3808 2786; x_wconf 68' lang='grc' dir='ltr'>πρι-</span> 
     </span>
    </p>
   </div>
   <div class='ocr_carea' id='block_1_89' title="bbox 2175 2800 3806 2872">
    <p class='ocr_par' dir='ltr' id='par_1_89' title="bbox 2175 2800 3806 2872">
     <span class='ocr_line' id='line_1_89' title="bbox 2175 2800 3806 2872; baseline -0.002 -14"><span class='ocrx_word' id='word_1_749' title='bbox 2175 2822 2371 2865; x_wconf 85' lang='grc' dir='ltr'>κειται.</span> <span class='ocrx_word' id='word_1_750' title='bbox 2433 2802 2595 2857; x_wconf 85' lang='grc' dir='ltr'>παντί</span> <span class='ocrx_word' id='word_1_751' title='bbox 2639 2819 2739 2854; x_wconf 90' lang='grc' dir='ltr'>που</span> <span class='ocrx_word' id='word_1_752' title='bbox 2787 2801 2945 2872; x_wconf 84' lang='grc' dir='ltr'>δῆλόν</span> <span class='ocrx_word' id='word_1_753' title='bbox 2984 2802 3120 2854; x_wconf 86' lang='grc' dir='ltr'>ἐστι.</span> <span class='ocrx_word' id='word_1_754' title='bbox 3154 2800 3255 2853; x_wconf 88' lang='grc' dir='ltr'>Διά</span> <span class='ocrx_word' id='word_1_755' title='bbox 3291 2801 3450 2854; x_wconf 89' lang='grc' dir='ltr'>τοῦτο</span> <span class='ocrx_word' id='word_1_756' title='bbox 3484 2806 3581 2856; x_wconf 80' lang='grc' dir='ltr'>καὶ</span> <span class='ocrx_word' id='word_1_757' title='bbox 3613 2805 3696 2856; x_wconf 69' lang='grc' dir='ltr'>τὸν</span> <span class='ocrx_word' id='word_1_758' title='bbox 3727 2806 3806 2857; x_wconf 61' lang='lat' dir='ltr'>Nai-3</span> 
     </span>
    </p>
   </div>
   <div class='ocr_carea' id='block_1_90' title="bbox 2175 2887 3808 2964">
    <p class='ocr_par' dir='ltr' id='par_1_90' title="bbox 2175 2887 3808 2964">
     <span class='ocr_line' id='line_1_90' title="bbox 2175 2887 3808 2964; baseline -0.001 -18"><span class='ocrx_word' id='word_1_759' title='bbox 2175 2893 2528 2964; x_wconf 79' lang='grc' dir='ltr'>θαυμάζουσα</span> <span class='ocrx_word' id='word_1_760' title='bbox 2557 2893 2590 2963; x_wconf 85' lang='grc' dir='ltr'>ἡ</span> <span class='ocrx_word' id='word_1_761' title='bbox 2618 2891 2808 2963; x_wconf 82' lang='grc' dir='ltr'>Γραφὴ</span> <span class='ocrx_word' id='word_1_762' title='bbox 2837 2890 2935 2960; x_wconf 80' lang='grc' dir='ltr'>οὑχ</span> <span class='ocrx_word' id='word_1_763' title='bbox 2971 2887 3157 2953; x_wconf 89' lang='grc' dir='ltr'>ἀπλῶς</span> <span class='ocrx_word' id='word_1_764' title='bbox 3185 2888 3344 2943; x_wconf 78' lang='grc' dir='ltr'>τοῦτο</span> <span class='ocrx_word' id='word_1_765' title='bbox 3372 2895 3542 2956; x_wconf 83' lang='grc' dir='ltr'>ποιεῖ,</span> <span class='ocrx_word' id='word_1_766' title='bbox 3571 2893 3702 2945; x_wconf 78' lang='grc' dir='ltr'>ἀλλά</span> <span class='ocrx_word' id='word_1_767' title='bbox 3717 2895 3808 2961; x_wconf 59' lang='grc' dir='ltr'>μετέ</span> 
     </span>
    </p>
   </div>
   <div class='ocr_carea' id='block_1_91' title="bbox 2175 2977 3807 3054">
    <p class='ocr_par' dir='ltr' id='par_1_91' title="bbox 2175 2977 3807 3054">
     <span class='ocr_line' id='line_1_91' title="bbox 2175 2977 3807 3054; baseline -0.002 -19"><span class='ocrx_word' id='word_1_768' title='bbox 2175 2982 2494 3054; x_wconf 85' lang='grc' dir='ltr'>προσθήκης</span> <span class='ocrx_word' id='word_1_769' title='bbox 2524 2980 2687 3043; x_wconf 90' lang='grc' dir='ltr'>τινός.</span> <span class='ocrx_word' id='word_1_770' title='bbox 2718 2978 2845 3033; x_wconf 84' lang='grc' dir='ltr'>Νῶε</span> <span class='ocrx_word' id='word_1_771' title='bbox 2864 2977 2994 3050; x_wconf 78' lang='grc' dir='ltr'>γὰρ,</span> <span class='ocrx_word' id='word_1_772' title='bbox 3029 2979 3184 3050; x_wconf 80' lang='grc' dir='ltr'>φησὶ,</span> <span class='ocrx_word' id='word_1_773' title='bbox 3233 2978 3490 3045; x_wconf 79' lang='grc' dir='ltr'>δίκαιος,</span> <span class='ocrx_word' id='word_1_774' title='bbox 3520 2982 3735 3046; x_wconf 77' lang='grc' dir='ltr'>τέ.ίειες</span> <span class='ocrx_word' id='word_1_775' title='bbox 3756 2983 3807 3031; x_wconf 65' lang='grc' dir='ltr'>ἐι·</span> 
     </span>
    </p>
   </div>
   <div class='ocr_carea' id='block_1_92' title="bbox 2173 3065 3808 3140">
    <p class='ocr_par' dir='ltr' id='par_1_92' title="bbox 2173 3065 3808 3140">
     <span class='ocr_line' id='line_1_92' title="bbox 2173 3065 3808 3140; baseline -0.012 1"><span class='ocrx_word' id='word_1_776' title='bbox 2173 3072 2244 3124; x_wconf 74' lang='grc' dir='ltr'>έν</span> <span class='ocrx_word' id='word_1_777' title='bbox 2263 3069 2337 3140; x_wconf 67' lang='grc' dir='ltr'>τῇ</span> <span class='ocrx_word' id='word_1_778' title='bbox 2371 3066 2546 3140; x_wconf 76' lang='grc' dir='ltr'>γενεᾷ</span> <span class='ocrx_word' id='word_1_779' title='bbox 2564 3068 2770 3132; x_wconf 77' lang='grc' dir='ltr'>αὐτοῦ.</span> <span class='ocrx_word' id='word_1_780' title='bbox 2796 3065 2876 3132; x_wconf 83' lang='grc' dir='ltr'>τῷ</span> <span class='ocrx_word' id='word_1_781' title='bbox 2908 3067 3030 3134; x_wconf 84' lang='grc' dir='ltr'>Θεῷ</span> <span class='ocrx_word' id='word_1_782' title='bbox 3062 3068 3498 3136; x_wconf 85' lang='grc' dir='ltr'>εὐηρέστησεν.</span> <span class='ocrx_word' id='word_1_783' title='bbox 3533 3070 3646 3139; x_wconf 71' lang='grc' dir='ltr'>Οῦχ</span> <span class='ocrx_word' id='word_1_784' title='bbox 3678 3073 3808 3132; x_wconf 64' lang='grc' dir='ltr'>ἀτελὲς</span> 
     </span>
    </p>
   </div>
   <div class='ocr_carea' id='block_1_93' title="bbox 2174 3155 3807 3230">
    <p class='ocr_par' dir='ltr' id='par_1_93' title="bbox 2174 3155 3807 3230">
     <span class='ocr_line' id='line_1_93' title="bbox 2174 3155 3807 3230; baseline -0.002 -18"><span class='ocrx_word' id='word_1_785' title='bbox 2174 3160 2398 3223; x_wconf 88' lang='grc' dir='ltr'>τέλειος,</span> <span class='ocrx_word' id='word_1_786' title='bbox 2440 3159 2553 3212; x_wconf 84' lang='grc' dir='ltr'>ἀλλ’</span> <span class='ocrx_word' id='word_1_787' title='bbox 2580 3159 2636 3210; x_wconf 86' lang='grc' dir='ltr'>ἐν</span> <span class='ocrx_word' id='word_1_788' title='bbox 2658 3155 2735 3225; x_wconf 85' lang='grc' dir='ltr'>τῷ</span> <span class='ocrx_word' id='word_1_789' title='bbox 2771 3156 2891 3209; x_wconf 84' lang='grc' dir='ltr'>τότε</span> <span class='ocrx_word' id='word_1_790' title='bbox 2928 3155 3124 3227; x_wconf 67' lang='grc' dir='ltr'>καιριξν</span> <span class='ocrx_word' id='word_1_791' title='bbox 3171 3155 3357 3210; x_wconf 70' lang='grc' dir='ltr'>πολλοὶ</span> <span class='ocrx_word' id='word_1_792' title='bbox 3388 3156 3501 3230; x_wconf 71' lang='grc' dir='ltr'>γὰρ</span> <span class='ocrx_word' id='word_1_793' title='bbox 3524 3159 3807 3230; x_wconf 47' lang='grc' dir='ltr'>τελειότητα</span> 
     </span>
    </p>
   </div>
   <div class='ocr_carea' id='block_1_94' title="bbox 2173 3244 3810 3318">
    <p class='ocr_par' dir='ltr' id='par_1_94' title="bbox 2173 3244 3810 3318">
     <span class='ocr_line' id='line_1_94' title="bbox 2173 3244 3810 3318; baseline -0.001 -18"><span class='ocrx_word' id='word_1_794' title='bbox 2173 3248 2364 3318; x_wconf 91' lang='grc' dir='ltr'>τρόποι</span> <span class='ocrx_word' id='word_1_795' title='bbox 2397 3246 2536 3301; x_wconf 83' lang='grc' dir='ltr'>κατὰ</span> <span class='ocrx_word' id='word_1_796' title='bbox 2557 3244 2846 3317; x_wconf 88' lang='grc' dir='ltr'>διαφόρους</span> <span class='ocrx_word' id='word_1_797' title='bbox 2870 3244 3427 3314; x_wconf 85' lang='grc' dir='ltr'>ὠρισμένοικαιρούς·</span> <span class='ocrx_word' id='word_1_798' title='bbox 3457 3248 3555 3299; x_wconf 84' lang='grc' dir='ltr'>καὶ</span> <span class='ocrx_word' id='word_1_799' title='bbox 3595 3247 3698 3300; x_wconf 78' lang='grc' dir='ltr'>Τοῦ</span> <span class='ocrx_word' id='word_1_800' title='bbox 3717 3252 3810 3314; x_wconf 63' lang='lat'>1;?-</span> 
     </span>
    </p>
   </div>
   <div class='ocr_carea' id='block_1_95' title="bbox 2173 3332 3810 3404">
    <p class='ocr_par' dir='ltr' id='par_1_95' title="bbox 2173 3332 3810 3404">
     <span class='ocr_line' id='line_1_95' title="bbox 2173 3332 3810 3404; baseline -0.002 -16"><span class='ocrx_word' id='word_1_801' title='bbox 2173 3353 2285 3390; x_wconf 88' lang='grc' dir='ltr'>νου</span> <span class='ocrx_word' id='word_1_802' title='bbox 2314 3335 2760 3404; x_wconf 79' lang='grc' dir='ltr'>προκόπτοντος</span> <span class='ocrx_word' id='word_1_803' title='bbox 2794 3333 2862 3386; x_wconf 84' lang='grc' dir='ltr'>τὸ</span> <span class='ocrx_word' id='word_1_804' title='bbox 2899 3333 3045 3386; x_wconf 83' lang='grc' dir='ltr'>ποτὲ</span> <span class='ocrx_word' id='word_1_805' title='bbox 3077 3332 3312 3386; x_wconf 74' lang='grc' dir='ltr'>τέλειον</span> <span class='ocrx_word' id='word_1_806' title='bbox 3346 3335 3565 3401; x_wconf 72' lang='grc' dir='ltr'>ἀτελὲς</span> <span class='ocrx_word' id='word_1_807' title='bbox 3603 3337 3810 3403; x_wconf 55' lang='lat' dir='ltr'>fama</span> 
     </span>
    </p>
   </div>
   <div class='ocr_carea' id='block_1_96' title="bbox 2175 3417 3808 3494">
    <p class='ocr_par' dir='ltr' id='par_1_96' title="bbox 2175 3417 3808 3494">
     <span class='ocr_line' id='line_1_96' title="bbox 2175 3417 3808 3494; baseline -0.004 -15"><span class='ocrx_word' id='word_1_808' title='bbox 2175 3425 2419 3494; x_wconf 68' lang='grc' dir='ltr'>γίνεται.</span> <span class='ocrx_word' id='word_1_809' title='bbox 2447 3418 2570 3476; x_wconf 78' lang='grc' dir='ltr'>Οἷόν</span> <span class='ocrx_word' id='word_1_810' title='bbox 2601 3441 2653 3476; x_wconf 86' lang='grc' dir='ltr'>τι</span> <span class='ocrx_word' id='word_1_811' title='bbox 2678 3422 2841 3490; x_wconf 89' lang='grc' dir='ltr'>λέγω·</span> <span class='ocrx_word' id='word_1_812' title='bbox 2868 3421 3082 3485; x_wconf 87' lang='grc' dir='ltr'>Τέλειος</span> <span class='ocrx_word' id='word_1_813' title='bbox 3103 3417 3170 3492; x_wconf 76' lang='grc' dir='ltr'>ἦν</span> <span class='ocrx_word' id='word_1_814' title='bbox 3188 3439 3319 3476; x_wconf 87' lang='grc' dir='ltr'>ποτε</span> <span class='ocrx_word' id='word_1_815' title='bbox 3347 3425 3376 3477; x_wconf 88' lang='lat'>6</span> <span class='ocrx_word' id='word_1_816' title='bbox 3409 3425 3553 3477; x_wconf 81' lang='grc' dir='ltr'>κατά</span> <span class='ocrx_word' id='word_1_817' title='bbox 3586 3427 3675 3478; x_wconf 77' lang='grc' dir='ltr'>τόν</span> <span class='ocrx_word' id='word_1_818' title='bbox 3694 3427 3808 3494; x_wconf 54' lang='grc' dir='ltr'>νέμει</span> 
     </span>
    </p>
   </div>
   <div class='ocr_carea' id='block_1_97' title="bbox 2177 3509 3805 3582">
    <p class='ocr_par' dir='ltr' id='par_1_97' title="bbox 2177 3509 3805 3582">
     <span class='ocr_line' id='line_1_97' title="bbox 2177 3509 3805 3582; baseline -0.001 -17"><span class='ocrx_word' id='word_1_819' title='bbox 2177 3512 2326 3582; x_wconf 74' lang='grc' dir='ltr'>βιῶψ</span> <span class='ocrx_word' id='word_1_820' title='bbox 2373 3512 2436 3564; x_wconf 86' lang='lat'>&#39;0</span> <span class='ocrx_word' id='word_1_821' title='bbox 2458 3511 2721 3577; x_wconf 82' lang='grc' dir='ltr'>ποιήσας</span> <span class='ocrx_word' id='word_1_822' title='bbox 2749 3509 2859 3580; x_wconf 79' lang='grc' dir='ltr'>γὰρ</span> <span class='ocrx_word' id='word_1_823' title='bbox 2888 3510 3060 3575; x_wconf 87' lang='grc' dir='ltr'>αὐτὰ,</span> <span class='ocrx_word' id='word_1_824' title='bbox 3092 3511 3245 3582; x_wconf 79' lang='grc' dir='ltr'>φησὶ,</span> <span class='ocrx_word' id='word_1_825' title='bbox 3276 3509 3520 3579; x_wconf 77' lang='grc' dir='ltr'>ζήσεται</span> <span class='ocrx_word' id='word_1_826' title='bbox 3536 3513 3607 3566; x_wconf 83' lang='grc' dir='ltr'>ἐν</span> <span class='ocrx_word' id='word_1_827' title='bbox 3632 3513 3805 3574; x_wconf 66' lang='grc' dir='ltr'>αἰτεῖς·</span> 
     </span>
    </p>
   </div>
   <div class='ocr_carea' id='block_1_98' title="bbox 2176 3599 3806 3672">
    <p class='ocr_par' dir='ltr' id='par_1_98' title="bbox 2176 3599 3806 3672">
     <span class='ocr_line' id='line_1_98' title="bbox 2176 3599 3806 3672; baseline -0.002 -16"><span class='ocrx_word' id='word_1_828' title='bbox 2176 3603 2289 3656; x_wconf 75' lang='grc' dir='ltr'>ἀλλ’</span> <span class='ocrx_word' id='word_1_829' title='bbox 2317 3601 2486 3655; x_wconf 86' lang='grc' dir='ltr'>ἐλθὼν</span> <span class='ocrx_word' id='word_1_830' title='bbox 2518 3604 2545 3655; x_wconf 93' lang='lat'>6</span> <span class='ocrx_word' id='word_1_831' title='bbox 2582 3601 2816 3672; x_wconf 83' lang='grc' dir='ltr'>Χριστὸς</span> <span class='ocrx_word' id='word_1_832' title='bbox 2847 3599 3005 3656; x_wconf 88' lang='grc' dir='ltr'>τοῦτο</span> <span class='ocrx_word' id='word_1_833' title='bbox 3055 3599 3114 3652; x_wconf 85' lang='grc' dir='ltr'>τὸ</span> <span class='ocrx_word' id='word_1_834' title='bbox 3161 3599 3364 3653; x_wconf 87' lang='grc' dir='ltr'>τέλειον</span> <span class='ocrx_word' id='word_1_835' title='bbox 3411 3600 3616 3668; x_wconf 75' lang='grc' dir='ltr'>ἔδειξεν</span> <span class='ocrx_word' id='word_1_836' title='bbox 3647 3604 3806 3661; x_wconf 70' lang='grc' dir='ltr'>ατεὶες.</span> 
     </span>
    </p>
   </div>
   <div class='ocr_carea' id='block_1_99' title="bbox 2188 3687 3810 3762">
    <p class='ocr_par' dir='ltr' id='par_1_99' title="bbox 2188 3687 3810 3762">
     <span class='ocr_line' id='line_1_99' title="bbox 2188 3687 3810 3762; baseline -0.002 -17"><span class='ocrx_word' id='word_1_837' title='bbox 2188 3690 2331 3745; x_wconf 84' lang='grc' dir='ltr'>Ἐὰν</span> <span class='ocrx_word' id='word_1_838' title='bbox 2355 3690 2464 3762; x_wconf 82' lang='grc' dir='ltr'>γὰρ</span> <span class='ocrx_word' id='word_1_839' title='bbox 2487 3689 2574 3759; x_wconf 83' lang='grc' dir='ltr'>μὴ</span> <span class='ocrx_word' id='word_1_840' title='bbox 2597 3689 2997 3757; x_wconf 82' lang='grc' dir='ltr'>περισσεύσῃ,</span> <span class='ocrx_word' id='word_1_841' title='bbox 3037 3687 3220 3757; x_wconf 73' lang='grc' dir='ltr'>φησὶν,</span> <span class='ocrx_word' id='word_1_842' title='bbox 3251 3687 3288 3755; x_wconf 78' lang='grc' dir='ltr'><strong><em>ἠ</em></strong></span> <span class='ocrx_word' id='word_1_843' title='bbox 3313 3687 3669 3758; x_wconf 80' lang='grc' dir='ltr'>δικαιοσύνη</span> <span class='ocrx_word' id='word_1_844' title='bbox 3694 3690 3810 3759; x_wconf 61' lang='grc' dir='ltr'>ὐμῷτ</span> 
     </span>
    </p>
   </div>
   <div class='ocr_carea' id='block_1_100' title="bbox 2175 3775 3809 3849">
    <p class='ocr_par' dir='ltr' id='par_1_100' title="bbox 2175 3775 3809 3849">
     <span class='ocr_line' id='line_1_100' title="bbox 2175 3775 3809 3849; baseline -0.001 -15"><span class='ocrx_word' id='word_1_845' title='bbox 2175 3779 2388 3836; x_wconf 76' lang='grc' dir='ltr'>πλεῖον</span> <span class='ocrx_word' id='word_1_846' title='bbox 2412 3777 2530 3833; x_wconf 81' lang='grc' dir='ltr'>τῶν</span> <span class='ocrx_word' id='word_1_847' title='bbox 2561 3778 2944 3848; x_wconf 71' lang='grc' dir='ltr'>γραμματέων</span> <span class='ocrx_word' id='word_1_848' title='bbox 2968 3775 3066 3830; x_wconf 80' lang='grc' dir='ltr'>καὶ</span> <span class='ocrx_word' id='word_1_849' title='bbox 3083 3777 3441 3845; x_wconf 81' lang='grc' dir='ltr'>Φαρισαίων,</span> <span class='ocrx_word' id='word_1_850' title='bbox 3459 3781 3534 3832; x_wconf 82' lang='grc' dir='ltr'>οὐ</span> <span class='ocrx_word' id='word_1_851' title='bbox 3546 3779 3637 3849; x_wconf 74' lang='grc' dir='ltr'>μὴ</span> <span class='ocrx_word' id='word_1_852' title='bbox 3661 3780 3809 3832; x_wconf 58' lang='lat' dir='ltr'>sicil-</span> 
     </span>
    </p>
   </div>
   <div class='ocr_carea' id='block_1_101' title="bbox 2175 3862 3809 3936">
    <p class='ocr_par' dir='ltr' id='par_1_101' title="bbox 2175 3862 3809 3936">
     <span class='ocr_line' id='line_1_101' title="bbox 2175 3862 3809 3936; baseline -0.006 -13"><span class='ocrx_word' id='word_1_853' title='bbox 2175 3871 2314 3936; x_wconf 87' lang='grc' dir='ltr'>θητε</span> <span class='ocrx_word' id='word_1_854' title='bbox 2336 3869 2423 3933; x_wconf 81' lang='grc' dir='ltr'>είς</span> <span class='ocrx_word' id='word_1_855' title='bbox 2446 3865 2560 3933; x_wconf 81' lang='grc' dir='ltr'>τὴν</span> <span class='ocrx_word' id='word_1_856' title='bbox 2581 3865 2911 3930; x_wconf 76' lang='grc' dir='ltr'>,ϐασιλείαν</span> <span class='ocrx_word' id='word_1_857' title='bbox 2946 3862 3067 3918; x_wconf 84' lang='grc' dir='ltr'>τῶν</span> <span class='ocrx_word' id='word_1_858' title='bbox 3095 3863 3387 3933; x_wconf 84' lang='grc' dir='ltr'>οὐρανῶν.</span> <span class='ocrx_word' id='word_1_859' title='bbox 3406 3865 3544 3918; x_wconf 86' lang='grc' dir='ltr'>Τότε</span> <span class='ocrx_word' id='word_1_860' title='bbox 3573 3867 3809 3934; x_wconf 73' lang='grc' dir='ltr'>φόνος</span> 
     </span>
    </p>
   </div>
   <div class='ocr_carea' id='block_1_102' title="bbox 2175 3952 3808 4028">
    <p class='ocr_par' dir='ltr' id='par_1_102' title="bbox 2175 3952 3808 4028">
     <span class='ocr_line' id='line_1_102' title="bbox 2175 3952 3808 4028; baseline -0.002 -18"><span class='ocrx_word' id='word_1_861' title='bbox 2175 3975 2260 4010; x_wconf 91' lang='grc' dir='ltr'>κει</span> <span class='ocrx_word' id='word_1_862' title='bbox 2291 3957 2451 4028; x_wconf 91' lang='grc' dir='ltr'>μόνον</span> <span class='ocrx_word' id='word_1_863' title='bbox 2472 3952 2610 4010; x_wconf 77' lang='grc' dir='ltr'>εῖναι</span> <span class='ocrx_word' id='word_1_864' title='bbox 2639 3954 2829 4017; x_wconf 84' lang='grc' dir='ltr'>δεινὸν,</span> <span class='ocrx_word' id='word_1_865' title='bbox 2863 3952 2960 4007; x_wconf 90' lang='grc' dir='ltr'>νῦν</span> <span class='ocrx_word' id='word_1_866' title='bbox 2987 3953 3150 4007; x_wconf 77' lang='grc' dir='ltr'>δὲκαὶ</span> <span class='ocrx_word' id='word_1_867' title='bbox 3176 3954 3314 4026; x_wconf 80' lang='grc' dir='ltr'>όργὴ</span> <span class='ocrx_word' id='word_1_868' title='bbox 3343 3955 3438 4008; x_wconf 75' lang='grc' dir='ltr'>καὶ</span> <span class='ocrx_word' id='word_1_869' title='bbox 3454 3954 3690 4026; x_wconf 80' lang='grc' dir='ltr'>λοιδορία</span> 
     </span>
    </p>
   </div>
   <div class='ocr_carea' id='block_1_103' title="bbox 2174 4041 3809 4118">
    <p class='ocr_par' dir='ltr' id='par_1_103' title="bbox 2174 4041 3809 4118">
     <span class='ocr_line' id='line_1_103' title="bbox 2174 4041 3809 4118; baseline -0.003 -19"><span class='ocrx_word' id='word_1_870' title='bbox 2174 4049 2239 4118; x_wconf 80' lang='grc' dir='ltr'>τῇ</span> <span class='ocrx_word' id='word_1_871' title='bbox 2279 4046 2472 4117; x_wconf 84' lang='grc' dir='ltr'>γεέννῃ</span> <span class='ocrx_word' id='word_1_872' title='bbox 2511 4043 2878 4116; x_wconf 79' lang='grc' dir='ltr'>παραπέμψαι</span> <span class='ocrx_word' id='word_1_873' title='bbox 2910 4041 3110 4096; x_wconf 84' lang='grc' dir='ltr'>δύναιτ’</span> <span class='ocrx_word' id='word_1_874' title='bbox 3143 4043 3228 4098; x_wconf 81' lang='grc' dir='ltr'>ἄν·</span> <span class='ocrx_word' id='word_1_875' title='bbox 3258 4043 3380 4096; x_wconf 83' lang='grc' dir='ltr'>τότε</span> <span class='ocrx_word' id='word_1_876' title='bbox 3416 4046 3635 4115; x_wconf 82' lang='grc' dir='ltr'>μοιχεία</span> <span class='ocrx_word' id='word_1_877' title='bbox 3662 4045 3809 4097; x_wconf 58' lang='grc' dir='ltr'>ἐκολά-</span> 
     </span>
    </p>
   </div>
   <div class='ocr_carea' id='block_1_104' title="bbox 2175 4132 3819 4206">
    <p class='ocr_par' dir='ltr' id='par_1_104' title="bbox 2175 4132 3819 4206">
     <span class='ocr_line' id='line_1_104' title="bbox 2175 4132 3819 4206; baseline -0.001 -18"><span class='ocrx_word' id='word_1_878' title='bbox 2175 4135 2296 4200; x_wconf 85' lang='grc' dir='ltr'>ζετο</span> <span class='ocrx_word' id='word_1_879' title='bbox 2332 4135 2512 4206; x_wconf 88' lang='grc' dir='ltr'>μόνον,</span> <span class='ocrx_word' id='word_1_880' title='bbox 2537 4133 2630 4188; x_wconf 87' lang='grc' dir='ltr'>νῦν</span> <span class='ocrx_word' id='word_1_881' title='bbox 2657 4135 2714 4188; x_wconf 78' lang='grc' dir='ltr'>δὲ</span> <span class='ocrx_word' id='word_1_882' title='bbox 2744 4134 2840 4188; x_wconf 73' lang='grc' dir='ltr'>καὶ</span> <span class='ocrx_word' id='word_1_883' title='bbox 2862 4132 2923 4186; x_wconf 84' lang='grc' dir='ltr'>τὸ</span> <span class='ocrx_word' id='word_1_884' title='bbox 2942 4133 3262 4196; x_wconf 86' lang='grc' dir='ltr'>ἀκολάστοις</span> <span class='ocrx_word' id='word_1_885' title='bbox 3281 4133 3582 4205; x_wconf 80' lang='grc' dir='ltr'>ὀφθαλμοῖς</span> <span class='ocrx_word' id='word_1_886' title='bbox 3619 4138 3819 4202; x_wconf 55' lang='grc' dir='ltr'>γυναῖκα</span> 
     </span>
    </p>
   </div>
   <div class='ocr_carea' id='block_1_105' title="bbox 2177 4221 3808 4294">
    <p class='ocr_par' dir='ltr' id='par_1_105' title="bbox 2177 4221 3808 4294">
     <span class='ocr_line' id='line_1_105' title="bbox 2177 4221 3808 4294; baseline -0.001 -18"><span class='ocrx_word' id='word_1_887' title='bbox 2177 4225 2306 4276; x_wconf 78' lang='grc' dir='ltr'>ἰδεῖν</span> <span class='ocrx_word' id='word_1_888' title='bbox 2354 4224 2455 4277; x_wconf 87' lang='grc' dir='ltr'>οὑκ</span> <span class='ocrx_word' id='word_1_889' title='bbox 2484 4221 2826 4294; x_wconf 86' lang='grc' dir='ltr'>ἀπήλλακται</span> <span class='ocrx_word' id='word_1_890' title='bbox 2872 4222 3166 4293; x_wconf 87' lang='grc' dir='ltr'>τιμωρίας·</span> <span class='ocrx_word' id='word_1_891' title='bbox 3195 4221 3315 4275; x_wconf 88' lang='grc' dir='ltr'>τότε</span> <span class='ocrx_word' id='word_1_892' title='bbox 3356 4224 3390 4294; x_wconf 92' lang='grc' dir='ltr'>ἡ</span> <span class='ocrx_word' id='word_1_893' title='bbox 3428 4224 3685 4294; x_wconf 79' lang='grc' dir='ltr'>ἐπιορκία</span> 
     </span>
    </p>
   </div>
   <div class='ocr_carea' id='block_1_106' title="bbox 2173 4308 3810 4384">
    <p class='ocr_par' dir='ltr' id='par_1_106' title="bbox 2173 4308 3810 4384">
     <span class='ocr_line' id='line_1_106' title="bbox 2173 4308 3810 4384; baseline 0 -21"><span class='ocrx_word' id='word_1_894' title='bbox 2173 4308 2242 4384; x_wconf 82' lang='grc' dir='ltr'>ἦν</span> <span class='ocrx_word' id='word_1_895' title='bbox 2265 4314 2329 4365; x_wconf 88' lang='grc' dir='ltr'>ἐκ</span> <span class='ocrx_word' id='word_1_896' title='bbox 2357 4311 2449 4364; x_wconf 89' lang='grc' dir='ltr'>τοῦ</span> <span class='ocrx_word' id='word_1_897' title='bbox 2477 4312 2620 4382; x_wconf 71' lang='grc' dir='ltr'>Πιονη</span> <span class='ocrx_word' id='word_1_898' title='bbox 2631 4310 2744 4381; x_wconf 90' lang='grc' dir='ltr'>ροῦ,</span> <span class='ocrx_word' id='word_1_899' title='bbox 2764 4309 2859 4363; x_wconf 90' lang='grc' dir='ltr'>νῦν</span> <span class='ocrx_word' id='word_1_900' title='bbox 2885 4309 2943 4362; x_wconf 81' lang='grc' dir='ltr'>δὲ</span> <span class='ocrx_word' id='word_1_901' title='bbox 2964 4312 3058 4364; x_wconf 72' lang='grc' dir='ltr'>καὶ</span> <span class='ocrx_word' id='word_1_902' title='bbox 3087 4311 3148 4364; x_wconf 85' lang='grc' dir='ltr'>τὸ</span> <span class='ocrx_word' id='word_1_903' title='bbox 3169 4311 3389 4380; x_wconf 81' lang='grc' dir='ltr'>ὀμόσαι’</span> <span class='ocrx_word' id='word_1_904' title='bbox 3425 4311 3500 4366; x_wconf 86' lang='grc' dir='ltr'>Τὸ</span> <span class='ocrx_word' id='word_1_905' title='bbox 3523 4312 3810 4384; x_wconf 48' lang='lat'>7379.1177-</span> 
     </span>
    </p>
   </div>
   <div class='ocr_carea' id='block_1_107' title="bbox 2174 4399 3806 4471">
    <p class='ocr_par' dir='ltr' id='par_1_107' title="bbox 2174 4399 3806 4471">
     <span class='ocr_line' id='line_1_107' title="bbox 2174 4399 3806 4471; baseline -0.005 -16"><span class='ocrx_word' id='word_1_906' title='bbox 2174 4403 2311 4466; x_wconf 85' lang='grc' dir='ltr'>σὸν,</span> <span class='ocrx_word' id='word_1_907' title='bbox 2331 4402 2486 4471; x_wconf 73' lang='grc' dir='ltr'>φησὶ,</span> <span class='ocrx_word' id='word_1_908' title='bbox 2517 4400 2742 4453; x_wconf 83' lang='grc' dir='ltr'>τούτων</span> <span class='ocrx_word' id='word_1_909' title='bbox 2760 4399 2829 4452; x_wconf 82' lang='grc' dir='ltr'>ἐκ</span> <span class='ocrx_word' id='word_1_910' title='bbox 2857 4399 2962 4452; x_wconf 88' lang='grc' dir='ltr'>τοῦ</span> <span class='ocrx_word' id='word_1_911' title='bbox 2976 4399 3248 4467; x_wconf 80' lang='grc' dir='ltr'>Πονηροῦ</span> <span class='ocrx_word' id='word_1_912' title='bbox 3274 4399 3464 4454; x_wconf 86' lang='grc' dir='ltr'>ἐστιν.</span> <span class='ocrx_word' id='word_1_913' title='bbox 3494 4402 3660 4456; x_wconf 76' lang='grc' dir='ltr'>Οὐδὲν</span> 
     </span>
    </p>
   </div>
   <div class='ocr_carea' id='block_1_108' title="bbox 2175 4486 3819 4560">
    <p class='ocr_par' dir='ltr' id='par_1_108' title="bbox 2175 4486 3819 4560">
     <span class='ocr_line' id='line_1_108' title="bbox 2175 4486 3819 4560; baseline 0 -18"><span class='ocrx_word' id='word_1_914' title='bbox 2175 4487 2479 4560; x_wconf 82' lang='grc' dir='ltr'>ἀπῃτοῦντο</span> <span class='ocrx_word' id='word_1_915' title='bbox 2508 4487 2557 4538; x_wconf 72' lang='grc' dir='ltr'>οἱ</span> <span class='ocrx_word' id='word_1_916' title='bbox 2591 4486 2731 4550; x_wconf 90' lang='grc' dir='ltr'>τότε,</span> <span class='ocrx_word' id='word_1_917' title='bbox 2773 4486 2806 4557; x_wconf 81' lang='grc' dir='ltr'>ἢ</span> <span class='ocrx_word' id='word_1_918' title='bbox 2837 4486 2898 4538; x_wconf 86' lang='grc' dir='ltr'>τὸ</span> <span class='ocrx_word' id='word_1_919' title='bbox 2935 4487 3060 4548; x_wconf 82' lang='grc' dir='ltr'>τοὺς</span> <span class='ocrx_word' id='word_1_920' title='bbox 3090 4486 3380 4555; x_wconf 87' lang='grc' dir='ltr'>φιλοῦντας</span> <span class='ocrx_word' id='word_1_921' title='bbox 3405 4489 3643 4558; x_wconf 78' lang='grc' dir='ltr'>ἀγαπᾷν·</span> <span class='ocrx_word' id='word_1_922' title='bbox 3683 4489 3819 4542; x_wconf 45' lang='grc' dir='ltr'>νὶνῑέη</span> 
     </span>
    </p>
   </div>
   <div class='ocr_carea' id='block_1_109' title="bbox 2172 4573 3808 4644">
    <p class='ocr_par' dir='ltr' id='par_1_109' title="bbox 2172 4573 3808 4644">
     <span class='ocr_line' id='line_1_109' title="bbox 2172 4573 3808 4644; baseline -0.001 -16"><span class='ocrx_word' id='word_1_923' title='bbox 2172 4577 2233 4628; x_wconf 84' lang='grc' dir='ltr'>τὸ</span> <span class='ocrx_word' id='word_1_924' title='bbox 2264 4576 2406 4644; x_wconf 87' lang='grc' dir='ltr'>μέγα</span> <span class='ocrx_word' id='word_1_925' title='bbox 2422 4573 2580 4628; x_wconf 89' lang='grc' dir='ltr'>τοῦτο</span> <span class='ocrx_word' id='word_1_926' title='bbox 2608 4574 2703 4627; x_wconf 76' lang='grc' dir='ltr'>καὶ</span> <span class='ocrx_word' id='word_1_927' title='bbox 2729 4573 3041 4644; x_wconf 81' lang='grc' dir='ltr'>θαυμαστὸν</span> <span class='ocrx_word' id='word_1_928' title='bbox 3068 4573 3241 4638; x_wconf 86' lang='grc' dir='ltr'>οῦτως</span> <span class='ocrx_word' id='word_1_929' title='bbox 3258 4575 3407 4627; x_wconf 71' lang='grc' dir='ltr'>ἐστὶν</span> <span class='ocrx_word' id='word_1_930' title='bbox 3431 4575 3639 4637; x_wconf 82' lang='grc' dir='ltr'>ἀτελὲς,</span> 
     </span>
    </p>
   </div>
   <div class='ocr_carea' id='block_1_110' title="bbox 2177 4667 3806 4742">
    <p class='ocr_par' dir='ltr' id='par_1_110' title="bbox 2177 4667 3806 4742">
     <span class='ocr_line' id='line_1_110' title="bbox 2177 4667 3806 4742; baseline -0.002 -19"><span class='ocrx_word' id='word_1_931' title='bbox 2177 4669 2312 4742; x_wconf 85' lang='grc' dir='ltr'>μετά</span> <span class='ocrx_word' id='word_1_932' title='bbox 2345 4669 2442 4739; x_wconf 68' lang='grc' dir='ltr'>τὴν</span> <span class='ocrx_word' id='word_1_933' title='bbox 2467 4667 2804 4740; x_wconf 89' lang='grc' dir='ltr'>κατόρθωσιν</span> <span class='ocrx_word' id='word_1_934' title='bbox 2826 4669 2990 4721; x_wconf 84' lang='grc' dir='ltr'>αὑτοῦ</span> <span class='ocrx_word' id='word_1_935' title='bbox 3019 4669 3185 4738; x_wconf 84' lang='grc' dir='ltr'>μηδὲν</span> <span class='ocrx_word' id='word_1_936' title='bbox 3212 4670 3374 4723; x_wconf 86' lang='grc' dir='ltr'>πλέον</span> <span class='ocrx_word' id='word_1_937' title='bbox 3402 4671 3545 4741; x_wconf 78' lang='grc' dir='ltr'>ἡμᾶς</span> <span class='ocrx_word' id='word_1_938' title='bbox 3571 4671 3718 4739; x_wconf 77' lang='grc' dir='ltr'>ἔχειν</span> 
     </span>
    </p>
   </div>
   <div class='ocr_carea' id='block_1_111' title="bbox 2171 4765 2439 4819">
    <p class='ocr_par' dir='ltr' id='par_1_111' title="bbox 2171 4765 2439 4819">
     <span class='ocr_line' id='line_1_111' title="bbox 2171 4765 2439 4819; baseline -0.007 0"><span class='ocrx_word' id='word_1_939' title='bbox 2171 4765 2439 4819; x_wconf 89' lang='grc' dir='ltr'>τελωνῶν.</span> 
     </span>
    </p>
   </div>
   <div class='ocr_carea' id='block_1_112' title="bbox 2227 4877 3806 4956">
    <p class='ocr_par' dir='ltr' id='par_1_112' title="bbox 2227 4877 3806 4956">
     <span class='ocr_line' id='line_1_112' title="bbox 2227 4877 3806 4956; baseline -0.002 -18"><span class='ocrx_word' id='word_1_940' title='bbox 2227 4882 2346 4939; x_wconf 57' lang='grc' dir='ltr'>ΠΔἏ</span> <span class='ocrx_word' id='word_1_941' title='bbox 2365 4882 2429 4936; x_wconf 87' lang='grc' dir='ltr'>Τί</span> <span class='ocrx_word' id='word_1_942' title='bbox 2443 4883 2643 4954; x_wconf 84' lang='grc' dir='ltr'>δήποτε</span> <span class='ocrx_word' id='word_1_943' title='bbox 2659 4877 2752 4936; x_wconf 89' lang='grc' dir='ltr'>οῦν</span> <span class='ocrx_word' id='word_1_944' title='bbox 2765 4881 2872 4935; x_wconf 89' lang='grc' dir='ltr'>τῶν</span> <span class='ocrx_word' id='word_1_945' title='bbox 2885 4881 3064 4936; x_wconf 88' lang='grc' dir='ltr'>αὑτῶν</span> <span class='ocrx_word' id='word_1_946' title='bbox 3085 4883 3523 4955; x_wconf 82' lang='grc' dir='ltr'>κατορθωμάτων</span> <span class='ocrx_word' id='word_1_947' title='bbox 3536 4886 3635 4956; x_wconf 81' lang='grc' dir='ltr'>οὑχ</span> <span class='ocrx_word' id='word_1_948' title='bbox 3646 4888 3671 4937; x_wconf 79' lang='lat'>6</span> <span class='ocrx_word' id='word_1_949' title='bbox 3687 4884 3806 4943; x_wconf 67' lang='grc' dir='ltr'>αὑτές</span> 
     </span>
    </p>
   </div>
   <div class='ocr_carea' id='block_1_113' title="bbox 2171 4983 3805 5057">
    <p class='ocr_par' dir='ltr' id='par_1_113' title="bbox 2171 4983 3805 5057">
     <span class='ocr_line' id='line_1_113' title="bbox 2171 4983 3805 5057; baseline -0.004 -18"><span class='ocrx_word' id='word_1_950' title='bbox 2171 4989 2344 5040; x_wconf 89' lang='grc' dir='ltr'>κεῖται</span> <span class='ocrx_word' id='word_1_951' title='bbox 2377 4985 2566 5055; x_wconf 73' lang='grc' dir='ltr'>μισθὸς</span> <span class='ocrx_word' id='word_1_952' title='bbox 2598 4985 2729 5056; x_wconf 81' lang='grc' dir='ltr'>ἡμῖν</span> <span class='ocrx_word' id='word_1_953' title='bbox 2751 4983 2846 5036; x_wconf 63' lang='grc' dir='ltr'>κα)⁸</span> <span class='ocrx_word' id='word_1_954' title='bbox 2875 4985 2988 5048; x_wconf 88' lang='grc' dir='ltr'>τοῖς</span> <span class='ocrx_word' id='word_1_955' title='bbox 3021 4985 3079 5038; x_wconf 81' lang='grc' dir='ltr'>ἐν</span> <span class='ocrx_word' id='word_1_956' title='bbox 3112 4987 3176 5056; x_wconf 80' lang='grc' dir='ltr'>τῇ</span> <span class='ocrx_word' id='word_1_957' title='bbox 3207 4985 3440 5057; x_wconf 81' lang='grc' dir='ltr'>Παλαιᾷ,</span> <span class='ocrx_word' id='word_1_958' title='bbox 3467 4987 3598 5040; x_wconf 83' lang='grc' dir='ltr'>ἀλλά</span> <span class='ocrx_word' id='word_1_959' title='bbox 3623 4988 3805 5057; x_wconf 69' lang='grc' dir='ltr'>μεξξςιι</span> 
     </span>
    </p>
   </div>
   <div class='ocr_carea' id='block_1_114' title="bbox 2173 5083 3802 5156">
    <p class='ocr_par' dir='ltr' id='par_1_114' title="bbox 2173 5083 3802 5156">
     <span class='ocr_line' id='line_1_114' title="bbox 2173 5083 3802 5156; baseline -0.004 -18"><span class='ocrx_word' id='word_1_960' title='bbox 2173 5084 2573 5139; x_wconf 76' lang='grc' dir='ltr'>ἐπιδείκνυσθαι</span> <span class='ocrx_word' id='word_1_961' title='bbox 2611 5084 2692 5137; x_wconf 87' lang='grc' dir='ltr'>δεῖ</span> <span class='ocrx_word' id='word_1_962' title='bbox 2731 5083 2829 5154; x_wconf 82' lang='grc' dir='ltr'>τὴν</span> <span class='ocrx_word' id='word_1_963' title='bbox 2857 5083 3080 5154; x_wconf 80' lang='grc' dir='ltr'>ἀρετὴν,</span> <span class='ocrx_word' id='word_1_964' title='bbox 3118 5085 3165 5137; x_wconf 82' lang='grc' dir='ltr'>εἰ</span> <span class='ocrx_word' id='word_1_965' title='bbox 3203 5083 3492 5156; x_wconf 86' lang='grc' dir='ltr'>μέλλοιμεν</span> <span class='ocrx_word' id='word_1_966' title='bbox 3524 5085 3631 5138; x_wconf 83' lang='grc' dir='ltr'>τῶν</span> <span class='ocrx_word' id='word_1_967' title='bbox 3667 5084 3802 5138; x_wconf 53' lang='lat' dir='ltr'>alti-7</span> 
     </span>
    </p>
   </div>
   <div class='ocr_carea' id='block_1_115' title="bbox 2170 5183 3802 5255">
    <p class='ocr_par' dir='ltr' id='par_1_115' title="bbox 2170 5183 3802 5255">
     <span class='ocr_line' id='line_1_115' title="bbox 2170 5183 3802 5255; baseline -0.002 -18"><span class='ocrx_word' id='word_1_968' title='bbox 2170 5184 2400 5248; x_wconf 83' lang='grc' dir='ltr'>ἐκείνοις</span> <span class='ocrx_word' id='word_1_969' title='bbox 2428 5183 2747 5254; x_wconf 87' lang='grc' dir='ltr'>τυγχάνειν;</span> <span class='ocrx_word' id='word_1_970' title='bbox 2785 5183 2906 5236; x_wconf 81' lang='grc' dir='ltr'>’Ὅτι</span> <span class='ocrx_word' id='word_1_971' title='bbox 2937 5183 3106 5254; x_wconf 78' lang='grc' dir='ltr'>πολλὴ</span> <span class='ocrx_word' id='word_1_972' title='bbox 3137 5183 3283 5255; x_wconf 80' lang='grc' dir='ltr'>ἡτοῦ</span> <span class='ocrx_word' id='word_1_973' title='bbox 3317 5184 3632 5255; x_wconf 83' lang='grc' dir='ltr'>Πνεύματος</span> <span class='ocrx_word' id='word_1_974' title='bbox 3683 5184 3802 5254; x_wconf 65' lang='grc' dir='ltr'>χάρις</span> 
     </span>
    </p>
   </div>
   <div class='ocr_carea' id='block_1_116' title="bbox 2170 5279 3819 5352">
    <p class='ocr_par' dir='ltr' id='par_1_116' title="bbox 2170 5279 3819 5352">
     <span class='ocr_line' id='line_1_116' title="bbox 2170 5279 3819 5352; baseline 0.002 -20"><span class='ocrx_word' id='word_1_975' title='bbox 2170 5280 2462 5351; x_wconf 86' lang='grc' dir='ltr'>ἐκκέχυται</span> <span class='ocrx_word' id='word_1_976' title='bbox 2495 5279 2611 5341; x_wconf 90' lang='grc' dir='ltr'>νῦν.</span> <span class='ocrx_word' id='word_1_977' title='bbox 2641 5279 2736 5332; x_wconf 74' lang='grc' dir='ltr'>καὶ</span> <span class='ocrx_word' id='word_1_978' title='bbox 2772 5279 2983 5352; x_wconf 87' lang='grc' dir='ltr'>μεγάλη</span> <span class='ocrx_word' id='word_1_979' title='bbox 3012 5280 3109 5351; x_wconf 82' lang='grc' dir='ltr'>τῆς</span> <span class='ocrx_word' id='word_1_980' title='bbox 3153 5279 3248 5334; x_wconf 88' lang='grc' dir='ltr'>τοῦ</span> <span class='ocrx_word' id='word_1_981' title='bbox 3274 5280 3509 5352; x_wconf 85' lang='grc' dir='ltr'>Χριστοῦ</span> <span class='ocrx_word' id='word_1_982' title='bbox 3543 5281 3819 5351; x_wconf 24' lang='grc' dir='ltr'>παραδὺς,</span> 
     </span>
    </p>
   </div>
   <div class='ocr_carea' id='block_1_117' title="bbox 2170 5383 3819 5456">
    <p class='ocr_par' dir='ltr' id='par_1_117' title="bbox 2170 5383 3819 5456">
     <span class='ocr_line' id='line_1_117' title="bbox 2170 5383 3819 5456; baseline -0.005 -13"><span class='ocrx_word' id='word_1_983' title='bbox 2170 5385 2204 5455; x_wconf 84' lang='grc' dir='ltr'>ὴ</span> <span class='ocrx_word' id='word_1_984' title='bbox 2224 5383 2423 5455; x_wconf 81' lang='grc' dir='ltr'>δωρεά·</span> <span class='ocrx_word' id='word_1_985' title='bbox 2455 5383 2651 5455; x_wconf 85' lang='grc' dir='ltr'>ἄνδρας</span> <span class='ocrx_word' id='word_1_986' title='bbox 2692 5383 2800 5454; x_wconf 84' lang='grc' dir='ltr'>γὰρ</span> <span class='ocrx_word' id='word_1_987' title='bbox 2830 5383 2969 5456; x_wconf 83' lang='grc' dir='ltr'>αῦτη</span> <span class='ocrx_word' id='word_1_988' title='bbox 3003 5383 3239 5448; x_wconf 90' lang='grc' dir='ltr'>τελείους</span> <span class='ocrx_word' id='word_1_989' title='bbox 3271 5386 3393 5438; x_wconf 82' lang='grc' dir='ltr'>ἀντὶ</span> <span class='ocrx_word' id='word_1_990' title='bbox 3420 5385 3625 5453; x_wconf 78' lang='grc' dir='ltr'>νηπίων</span> <span class='ocrx_word' id='word_1_991' title='bbox 3654 5385 3819 5448; x_wconf 57' lang='grc' dir='ltr'>ἐπείη-η</span> 
     </span>
    </p>
   </div>
   <div class='ocr_carea' id='block_1_118' title="bbox 2171 5479 3819 5558">
    <p class='ocr_par' dir='ltr' id='par_1_118' title="bbox 2171 5479 3819 5558">
     <span class='ocr_line' id='line_1_118' title="bbox 2171 5479 3819 5558; baseline -0.001 -22"><span class='ocrx_word' id='word_1_992' title='bbox 2171 5501 2282 5538; x_wconf 89' lang='grc' dir='ltr'>σεν.</span> <span class='ocrx_word' id='word_1_993' title='bbox 2305 5485 2516 5556; x_wconf 83' lang='grc' dir='ltr'>Ὥσπερ</span> <span class='ocrx_word' id='word_1_994' title='bbox 2538 5479 2630 5538; x_wconf 82' lang='grc' dir='ltr'>οὖν</span> <span class='ocrx_word' id='word_1_995' title='bbox 2656 5485 2815 5555; x_wconf 81' lang='grc' dir='ltr'>ἡμεῖς</span> <span class='ocrx_word' id='word_1_996' title='bbox 2836 5486 2963 5550; x_wconf 79' lang='grc' dir='ltr'>τοὺς</span> <span class='ocrx_word' id='word_1_997' title='bbox 2993 5485 3190 5549; x_wconf 88' lang='grc' dir='ltr'>παῖδας</span> <span class='ocrx_word' id='word_1_998' title='bbox 3210 5487 3336 5550; x_wconf 83' lang='grc' dir='ltr'>τοὺς</span> <span class='ocrx_word' id='word_1_999' title='bbox 3363 5485 3680 5558; x_wconf 73' lang='grc' dir='ltr'>ἡμετέρους,</span> <span class='ocrx_word' id='word_1_1000' title='bbox 3709 5486 3819 5537; x_wconf 35' lang='grc' dir='ltr'>ἐστι]</span> 
     </span>
    </p>
   </div>
   <div class='ocr_carea' id='block_1_119' title="bbox 2169 5586 3819 5660">
    <p class='ocr_par' dir='ltr' id='par_1_119' title="bbox 2169 5586 3819 5660">
     <span class='ocr_line' id='line_1_119' title="bbox 2169 5586 3819 5660; baseline 0 -21"><span class='ocrx_word' id='word_1_1001' title='bbox 2169 5586 2440 5657; x_wconf 85' lang='grc' dir='ltr'>ἡϐήσωσι,</span> <span class='ocrx_word' id='word_1_1002' title='bbox 2473 5586 2654 5658; x_wconf 87' lang='grc' dir='ltr'>πολλῷ</span> <span class='ocrx_word' id='word_1_1003' title='bbox 2674 5588 2895 5658; x_wconf 76' lang='grc' dir='ltr'>μείζονα</span> <span class='ocrx_word' id='word_1_1004' title='bbox 2923 5588 3264 5660; x_wconf 87' lang='grc' dir='ltr'>ἀπαιτοῦμεν</span> <span class='ocrx_word' id='word_1_1005' title='bbox 3317 5588 3388 5643; x_wconf 80' lang='grc' dir='ltr'>τὰ</span> <span class='ocrx_word' id='word_1_1006' title='bbox 3418 5587 3819 5659; x_wconf 59' lang='grc' dir='ltr'>κατορθώματα-³</span> 
     </span>
    </p>
   </div>
   <div class='ocr_carea' id='block_1_120' title="bbox 2169 5690 3798 5765">
    <p class='ocr_par' dir='ltr' id='par_1_120' title="bbox 2169 5690 3798 5765">
     <span class='ocr_line' id='line_1_120' title="bbox 2169 5690 3798 5765; baseline 0 -22"><span class='ocrx_word' id='word_1_1007' title='bbox 2169 5691 2262 5745; x_wconf 78' lang='grc' dir='ltr'>καὶ</span> <span class='ocrx_word' id='word_1_1008' title='bbox 2295 5690 2332 5745; x_wconf 83' lang='grc' dir='ltr'>δι</span> <span class='ocrx_word' id='word_1_1009' title='bbox 2365 5691 2654 5755; x_wconf 84' lang='grc' dir='ltr'>ποιοῦντας</span> <span class='ocrx_word' id='word_1_1010' title='bbox 2679 5692 2944 5764; x_wconf 86' lang='grc' dir='ltr'>πρότερον</span> <span class='ocrx_word' id='word_1_1011' title='bbox 2981 5693 3286 5765; x_wconf 78' lang='grc' dir='ltr'>ἐπῃνοῦμεν</span> <span class='ocrx_word' id='word_1_1012' title='bbox 3317 5693 3456 5748; x_wconf 83' lang='grc' dir='ltr'>κατά</span> <span class='ocrx_word' id='word_1_1013' title='bbox 3486 5692 3574 5763; x_wconf 74' lang='grc' dir='ltr'>τὴν</span> <span class='ocrx_word' id='word_1_1014' title='bbox 3613 5691 3798 5762; x_wconf 50' lang='lat' dir='ltr'>7296‘qu</span> 
     </span>
    </p>
   </div>
   <div class='ocr_carea' id='block_1_121' title="bbox 2229 5889 2767 5956">
    <p class='ocr_par' dir='ltr' id='par_1_121' title="bbox 2229 5889 2767 5956">
     <span class='ocr_line' id='line_1_121' title="bbox 2229 5889 2767 5956; baseline 0.006 -16"><span class='ocrx_word' id='word_1_1015' title='bbox 2229 5893 2254 5920; x_wconf 67' lang='grc' dir='ltr'>θ</span> <span class='ocrx_word' id='word_1_1016' title='bbox 2279 5889 2376 5941; x_wconf 73' lang='lat' dir='ltr'><strong>Alli</strong></span> <span class='ocrx_word' id='word_1_1017' title='bbox 2403 5892 2767 5956; x_wconf 80' lang='grc' dir='ltr'>ἀπολειπόμεθα.</span> 
     </span>
    </p>
   </div>
  </div>
