3844 6292
99 397 185 456 595
1411 383 1499 439 DE.
1542 380 1999 437 VIRGINITATE.

95 530 184 569 non
207 527 362 583 opum
390 518 595 566 tantum
626 507 947 578 mancipium
977 513 1091 569 est,
1122 504 1216 560 sed
1253 503 1412 558 etiam
1441 501 1654 574 gloriae,

97 607 321 667 honoris.
354 602 633 674 praesentis
658 602 808 663 vitze,
837 607 995 668 atque
1022 606 1082 652 ut
1113 595 1280 651 semel
1307 595 1510 658 dicam,
1541 609 1662 648 om-

96 703 221 756 nium
240 713 358 768 qua:
382 696 448 750 ad
469 696 629 749 vitam
656 693 941 764 pertinent.
967 690 1148 760 Itaque
1171 690 1446 744 avaritiam
1472 688 1661 742 Paulus

93 793 330 850 malorum
373 792 610 846 omnium
647 788 877 842 radicem
907 787 1043 840 dixit
1068 787 1118 849 (1
1153 784 1283 838 Tim.
1313 787 1366 840 6.
1412 785 1521 852 l0).
1554 782 1661 839 Ve-

94 901 191 940 rum
217 893 269 937 et
298 883 434 937 hanc
459 881 691 936 radicem
721 878 996 948 virginitas
1023 878 1162 948 potis
1187 886 1270 932 est
1295 879 1583 941 exsiccare,
1610 887 1664 932 et

91 978 230 1032 aliam
261 975 513 1044 optimam
544 973 698 1027 nobis
729 971 912 1025 indere
935 1012 950 1036 ,
981 969 1121 1024 unde
1151 969 1289 1024 bona
1319 969 1497 1023 omnia
1542 968 1662 1037 pul-

92 1073 262 1134 lulent,
285 1069 522 1131 libertas,
555 1065 765 1126 liducia,
790 1063 1064 1129 fortitudo,
1095 1062 1240 1116 zelus
1267 1061 1479 1126 ardens,
1509 1060 1668 1114 cude-

89 1165 232 1218 stium
265 1162 474 1224 fervens
510 1173 695 1220 amor,
725 1157 1056 1211 terrestrium
1093 1155 1331 1209 omnium
1358 1155 1662 1224 despectus.

91 1256 157 1309 Ita
180 1252 409 1305 honestas
437 1259 481 1304 et
511 1250 693 1303 decora
721 1247 992 1302 assiduitas
1023 1257 1256 1315 paratur.

153 1343 408 1400 LXXXII.
449 1341 636 1397 Contra
671 1357 755 1395 eos
797 1340 884 1410 qui
927 1340 1100 1392 dicunt
1145 1348 1320 1408 optare
1358 1339 1572 1408 virgines
1614 1337 1667 1391 in

91 1437 356 1494 Abrahami
399 1437 565 1491 sinum
594 1435 779 1488 venire.
807 1462 881 1474 -
906 1433 1010 1487 Sed
1041 1448 1158 1502 quae.
1197 1441 1279 1486 est
1317 1432 1432 1486 ha'c
1471 1432 1662 1486 multo.

90 1549 196 1588 rum
232 1530 445 1600 sapiens
483 1527 687 1582 oratio?
717 1525 1054 1590 Patriarcha,
1085 1525 1290 1593 inquit.
1324 1523 1589 1578 Abraham
1617 1535 1671 1578 et

90 1638 303 1679 uxorem
331 1621 512 1675 habuit
531 1662 544 1685 ,
575 1629 628 1673 et
653 1619 851 1674 liberos
871 1659 886 1684 ,
910 1628 965 1673 et
986 1631 1148 1688 opes,
1173 1627 1227 1671 et
1251 1631 1469 1686 greges,
1499 1624 1553 1671 et
1579 1631 1669 1670 ar-

92 1725 258 1771 menta
289 1732 303 1767 :
332 1728 394 1768 ac
425 1722 540 1782 post
567 1727 630 1766 ea
657 1711 834 1765 omnia
859 1709 1092 1764 Joannes
1121 1717 1230 1763 tum
1269 1708 1525 1778 Baptista,
1558 1718 1670 1763 tum

91 1804 417 1874 Evangelista
442 1845 456 1866 ,
495 1811 721 1871 uterque
755 1801 903 1870 virgo
923 1842 938 1862 ,
977 1807 1033 1854 et
1078 1800 1272 1854 Paulus
1299 1809 1456 1869 atque
1485 1799 1673 1853 Petrus

87 1894 406 1951 continentia
440 1894 702 1957 illustres,
734 1892 787 1945 in
813 1893 929 1962 ejus
955 1891 1128 1946 sinum
1160 1891 1342 1946 venire
1371 1900 1574 1960 optant.
1608 1890 1674 1945 Et

87 1987 201 2055 quis
242 1996 421 2039 autem
465 1985 556 2038 tibi
605 1983 654 2037 id
695 1983 860 2048 dixit,
906 1983 1046 2037 bone
1075 1983 1335 2053 vir?quis
1375 1982 1675 2053 propheta?

86 2080 200 2147 quis
223 2077 588 2146 evangelista?
617 2076 731 2146 Ipse
753 2118 766 2140 ,
801 2075 1003 2145 inquit,
1034 2074 1295 2130 Christus.
1328 2074 1458 2129 Nam
1486 2083 1674 2130 centu-

85 2173 288 2227 rionem
328 2169 516 2224 videns
555 2184 763 2224 summa
804 2167 997 2223 ﬁducia
1034 2168 1312 2237 prmditum
1333 2209 1348 2233 ,
1377 2169 1450 2222 ait
1478 2185 1492 2222 :
1524 2167 1678 2221 Multi

84 2268 143 2319 ab
171 2262 379 2319 Oriente
401 2272 448 2315 et
472 2260 745 2316 Occidente
767 2261 982 2324 venient,
1005 2269 1052 2314 et
1075 2264 1361 2314 recumbent
1383 2277 1495 2312 cum
1518 2259 1681 2313 Abra-

83 2357 200 2409 ham
229 2364 278 2408 et
311 2352 462 2407 Isaac
485 2361 532 2406 et
560 2350 720 2405 Jacob
751 2349 974 2424 (Matth.
1020 2350 1073 2404 8.
1115 2350 1176 2404 Il
1201 2350 1241 2420 ).
1283 2350 1417 2418 Quin
1445 2349 1679 2406 Lazarus

78 2451 198 2528 cum
242 2453 312 2492 eo
353 2450 467 2492 tum
509 2440 775 2500 delicians
807 2459 838 2498 a
868 2445 1036 2501 divite
1069 2446 1287 2504 videtur
1342 2449 1494 2521 (Luc.
1533 2450 1675 2528 I61.-

72 2526 213 2592 Quid
237 2529 344 2583 hoc
363 2532 429 2584 ad
447 2529 706 2588 Paulum?
723 2537 854 2603 quid
873 2537 940 2592 ad
958 2536 1222 2594 Petrum?
1247 2543 1378 2607 quid
1403 2543 1467 2595 ad
1498 2526 1658 2598 Joan-

81 2632 203 2670 nem
225 2616 250 2668 ἲ
297 2631 471 2685 neque
505 2617 647 2669 enim
693 2625 785 2670 aut
825 2616 1058 2670 Lazarus
1080 2657 1095 2683 ,
1138 2617 1333 2672 Paulus
1359 2633 1422 2672 ac
1446 2618 1680 2674 Joannes

77 2718 196 2762 erat
224 2749 242 2773 ,
275 2717 366 2761 aut
408 2707 560 2762 multi
587 2708 661 2762 illi
687 2708 755 2762 ab
779 2707 996 2764 Oriente
1024 2718 1077 2762 et
1105 2709 1394 2765 Occidente
1416 2753 1430 2776 ,
1461 2720 1679 2781 aposto-

75 2800 255 2854 lorum
287 2800 489 2855 chorus
516 2810 692 2856 erant.
719 2800 898 2870 Itaque
927 2801 1040 2855 haec
1065 2802 1217 2855 vobis
1243 2817 1392 2856 cassa
1423 2811 1479 2858 et
1507 2802 1679 2858 inanis

74 2902 161 2948 est
187 2894 389 2948 oratio.
420 2893 572 2960 Quod
601 2894 646 2949 si
673 2895 1033 2965 apostolorum
1064 2896 1278 2965 prmmia
1311 2897 1466 2966 plane
1494 2898 1680 2952 audire

71 2985 192 3049 vis,
241 3001 310 3040 ea
374 2985 708 3040 distributuri
777 2986 1094 3041 sententiam
1152 2989 1382 3056 accipe:
1432 2987 1698 3067 Sedebitisi

66 3094 230 3146 super
279 3079 490 3132 thronos
535 3079 838 3146 duodecim,
877 3080 1171 3150 judicantes
1217 3081 1475 3134 duodecim
1523 3082 1681 3137 tribus

65 3168 277 3224 Israel'
311 3169 530 3240 (Matth.
561 3170 650 3226 I9.
680 3170 813 3239 28).
854 3171 1122 3242 Nusquam
1156 3173 1243 3228 hic
1268 3183 1356 3227 aut
1384 3173 1675 3242 Abraham,

67 3273 161 3316 aut
186 3263 317 3331 ejus
346 3272 521 3329 natus,
548 3273 639 3318 aut
665 3279 851 3334 nepos,
884 3273 974 3319 aut
995 3265 1084 3335 qui
1106 3279 1198 3320 eos
1219 3266 1481 3336 acceperit
1507 3267 1675 3333 sinus,

63 3357 163 3410 sed
210 3355 454 3426 dignitas
500 3357 655 3426 longe
700 3356 796 3412 hac
842 3357 1165 3412 sublimior:
1204 3374 1324 3413 nam
1374 3358 1425 3413 hi
1468 3359 1676 3413 illorum

63 3455 326 3514 posteros
373 3447 661 3516 judicaturi
715 3447 994 3503 scdebunt.
1048 3449 1228 3519 Neque
1277 3449 1362 3504 hic
1403 3450 1674 3504 dumtaxat

59 3538 302 3594 evidens
329 3539 617 3593 discrimen
646 3549 754 3604 est,
790 3539 884 3594 sed
917 3541 1057 3611 quod
1085 3556 1204 3610 qua:
1233 3540 1566 3596 Abrahamus
1594 3550 1676 3596 est

59 3629 309 3700 adeptus
340 3631 494 3685 multi
526 3631 936 3689 nanciscentur:
970 3630 1120 3685 Multi
1151 3631 1292 3686 enim
1317 3673 1332 3696 ,
1376 3632 1577 3702 inquit,
1617 3630 1678 3685 ab

58 3719 294 3777 Oriente
329 3733 380 3778 et
414 3722 684 3778 Occidente
703 3724 896 3778 venient
918 3726 960 3789 ’,
1001 3735 1046 3778 et
1081 3725 1365 3779 recumbent
1385 3741 1498 3777 cum
1520 3725 1678 3778 Abra-

59 3813 182 3867 (iam
222 3823 275 3868 et
319 3812 471 3866 Isaac
509 3823 556 3867 ει
598 3812 758 3868 Iacob
796 3807 1011 3877 (Matth.
1029 3811 1217 3883 8.“).
1246 3816 1468 3868 thronos
1500 3823 1675 3868 autem

53 3907 206 3966 illos.
249 3907 362 3959 nisi
395 3915 699 3960 sanctorum
731 3905 919 3960 horum
949 3905 1163 3968 chorus,
1194 3905 1471 3974 occupabit
1498 3919 1676 3958 nemo.

54 3997 126 4052 Et
149 3997 352 4051 adhuc
376 4011 586 4066 greges,
615 4005 879 4062 armenta,
913 3996 1270 4062 matrimonia,
1304 3996 1499 4050 liberos
1528 4010 1676 4049 com-

47 4089 432 4145 memoratis?
477 4088 615 4156 Quid
659 4089 851 4159 igitur,
893 4088 1091 4158 inquit,
1136 4089 1179 4142 si
1221 4088 1483 4157 virginum
1528 4086 1677 4140 multi

48 4190 181 4250 post
209 4195 425 4251 graves
464 4179 686 4234 sudores
712 4195 778 4234 eo
808 4178 988 4234 venire
1022 4180 1246 4249 Optant?
1273 4178 1385 4247 Ego
1407 4194 1532 4234 vero
1562 4193 1676 4233 ma-

41 4275 134 4345 jus
167 4275 359 4328 etiam
389 4272 640 4343 quiddam
671 4272 842 4328 dicam
864 4313 882 4339 ,
911 4273 1175 4343 virginum
1216 4272 1411 4326 multos
1451 4286 1551 4327 nec
1584 4285 1680 4326 eos

42 4366 288 4436 quidem
326 4365 482 4420 sinus
501 4407 516 4429 ,
546 4379 645 4420 nec
672 4365 874 4418 minora
903 4371 1351 4434 consequuturos,
1383 4361 1476 4417 sed
1505 4363 1555 4416 in
1588 4379 1678 4431 ge-

39 4458 310 4514 hennam
343 4456 678 4512 discessuros
703 4473 716 4509 :
740 4466 899 4525 atque
925 4455 977 4510 id
1003 4455 1231 4524 virgines
1251 4453 1538 4508 ostendunt
1564 4455 1678 4507 tha-

39 4551 199 4606 lamo
226 4549 507 4606 exclusa.
536 4548 678 4619 Ergo
708 4548 832 4604 hinc
856 4547 1140 4616 virginitati
1179 4561 1273 4615 par
1297 4553 1379 4600 est
1408 4545 1677 4598 matrimo-

36 4644 204 4698 nium
233 4684 252 4709 ,
311 4642 430 4695 imo
477 4640 594 4694 lucc
639 4640 798 4694 etiam
846 4637 1079 4692 deterior
1111 4654 1123 4690 :
1151 4636 1452 4705 exemplum
1487 4635 1679 4705 quippe

35 4746 202 4790 tuum
236 4735 352 4789 illo
376 4732 696 4787 deteriorem
729 4729 869 4785 facit.
899 4728 1028 4783 Nam
1060 4729 1102 4784 si
1131 4728 1395 4782 Abraham
1427 4727 1680 4796 conjnga-

32 4840 128 4884 tus
155 4829 219 4883 in
253 4825 468 4893 requie
493 4833 547 4879 et
570 4823 772 4878 deliciis
793 4830 893 4887 est,
916 4822 1149 4891 virgines
1173 4821 1223 4874 in
1247 4820 1507 4890 gehenna,
1537 4819 1586 4873 id
1613 4835 1678 4873 ex

34 4925 320 4980 oratione
352 4929 532 4974 vestra
560 4916 962 4987 conjectandum
985 4914 1321 4983 relinquitur.
1348 4911 1452 4968 Sed
1479 4929 1582 4965 non
1609 4912 1678 4966 ita

31 5024 142 5082 est,
173 5015 435 5083 inquam
465 5029 477 5064 :
507 5009 634 5078 quin
661 5009 796 5063 adeo
824 5006 1159 5061 matrimonio
1181 5004 1414 5059 deterior
1441 5019 1546 5058 non
1575 5012 1676 5068 est,

31 5117 93 5162 ut
136 5107 331 5174 longe
369 5103 530 5157 etiam
570 5102 908 5170 prmstantior
936 5098 1020 5153 sit.
1055 5095 1373 5162 Quomodo?
1402 5094 1550 5160 Quod
1584 5109 1680 5148 nec

31 5199 349 5259 Abraham
397 5195 793 5249 matrimonium
831 5192 990 5247 talem
1024 5189 1302 5261 prmstitit,
1334 5203 1432 5243 nec
1461 5187 1680 5241 miseras

31 5297 157 5352 illas
199 5289 516 5360 virginitas
560 5285 822 5356 perdidit;
862 5285 957 5340 sed
993 5293 1047 5338 et
1083 5281 1438 5352 patriarcham
1481 5279 1678 5348 reliqua

31 5386 244 5442 mimae
293 5382 486 5435 virtus
521 5379 778 5434 illustrem
809 5374 1072 5440 reddidit,
1103 5382 1156 5427 et
1196 5371 1290 5425 has
1327 5369 1529 5440 reliqua
1561 5368 1680 5422 vita:

31 5477 298 5552 nequitia
361 5471 478 5544 igni
523 5470 758 5526 tradidit.
802 5466 1073 5538 Siquidem
1116 5465 1204 5520 ille
1245 5463 1300 5518 in
1344 5461 1681 5517 matrimonio

90 5638 110 5668 ι
153 5642 299 5696 nee:
350 5633 416 5677 et
436 5623 586 5696 .savil-
623 5625 672 5696 in
691 5623 937 5696 margine
950 5628 989 5670 0
1025 5631 1125 5696 res:
1139 5616 1333 5696 Hune
1354 5613 1678 5696 Αεξῆίηίῖείἐξν

31 5677 339 5760 VMa—oui?!
368 5687 493 5760 solio
513 5686 685 5760 gloria:
720 5677 870 5760 ξ’ίίῇλδ
897 5677 1681 5760 ’imi'd‘ffifiiblﬁ-$58933?”

31 5738 394 5824 Fabios
414 5738 987 5824 duodecim,_judicantes
1007 5738 1436 5824 duodecifittribqs
1443 5738 1625 5824 ‘tsr‘a‘qln.

93 5800 604 5880 δ’ξῖἱιῖἧῂρορὴονα,
631 5800 840 5873 est'ejus
860 5821 1010 5872 quem
1047 5820 1111 5857 ex
1148 5803 1355 5853 adverso
1391 5800 1676 5865 loquentem

31 5885 355 5938 induxerat.

3248 386 3354 443 5M

1771 499 1992 570 degens,
2022 498 2339 570 virginitatis
2377 499 2532 555 bonis
2560 497 2800 570 periungi
2829 498 3050 564 studuit,
3086 502 3356 566 l-onestate,

1770 595 1982 663 inquam
2005 632 2022 659 ,
2056 601 2112 648 et
2145 592 2332 648 decora
2372 593 2672 648 assiduitate
2700 610 2720 648 :
2748 594 2832 648 ha:
2856 594 3211 666 virginitatem
3239 612 3357 650 am-

1769 685 1939 754 plexa:
1958 726 1973 752 ,
2006 685 2059 740 in
2087 684 2211 738 vitae
2251 685 2513 755 procellas
2536 694 2590 740 et
2629 687 2950 742 matrimonii
2981 690 3192 759 negotia
3222 689 3360 745 reci—

1769 777 1980 832 derunt.
2009 777 2144 846 Quid
2171 777 2348 848 igitur,
2373 777 2563 848 inquit,
2586 787 2640 833 et
2665 794 2807 834 nunc
2831 788 2975 835 vetat
3003 781 3275 848 maritum,
3299 797 3361 836 ac

1770 871 1953 926 liberis
1971 912 1985 936 ,
2012 870 2234 941 opibus,
2262 872 2575 942 ceterisque
2603 871 2850 928 omnibus
2887 873 3200 929 instructum
3221 916 3238 942 ,
3271 875 3356 927 de-

1769 979 1940 1017 coram
1973 963 2321 1017 assiduitatem
2363 963 2536 1020 tueri?
2575 963 2811 1019 Primum
2844 965 2984 1035 quod
3024 981 3184 1022 nemo
3223 983 3361 1021 nunc

1771 1071 1868 1125 par
1892 1065 1973 1111 est
2003 1056 2337 1121 Abrahamo,
2377 1057 2472 1112 sed
2513 1072 2612 1112 nec
2653 1072 2820 1128 parvo
2859 1058 3140 1113 intervallo
3179 1060 3360 1129 proxi-

1772 1163 1909 1204 mus.
1933 1147 2065 1202 Nam
2099 1148 2216 1214 ille,
2243 1149 2331 1218 qui
2361 1158 2413 1203 et
2438 1163 2570 1217 opes
2597 1160 2651 1204 et
2675 1165 2895 1204 uxorem
2923 1149 3173 1216 haberet,
3203 1151 3361 1206 etiam

1773 1241 1940 1311 magis
1971 1257 2128 1310 quam
2164 1241 2253 1310 qui
2292 1241 2522 1311 inopiam
2563 1241 2912 1311 profiteantur
2948 1243 3198 1312 pecunias
3237 1258 3365 1299 con-

1775 1335 2006 1403 tempsit.
2031 1343 2085 1389 et
2103 1335 2427 1403 voluptatem
2451 1334 2640 1390 fortius
2663 1351 2822 1406 quam
2845 1337 3077 1407 virgines
3104 1337 3362 1394 cohibuit.

1775 1424 1837 1478 lli
1878 1427 2018 1479 enim
2057 1427 2294 1495 quotidie
2336 1426 2640 1482 libidinibus
2679 1428 2906 1494 ardent;
2947 1429 3037 1485 ille
3073 1429 3208 1486 adeo
3246 1447 3366 1487 eam

1775 1517 2041 1571 ﬂammam
2069 1519 2417 1583 exstinxerat,
2451 1534 2622 1586 neque
2643 1519 2748 1574 ulla
2775 1519 3059 1589 cupiditate
3081 1521 3366 1578 obstrictus

1777 1610 2072 1674 tenebatur,
2101 1618 2158 1662 ut
2187 1624 2292 1663 non
2319 1611 2490 1664 solum
2525 1611 2714 1680 pellice
2739 1611 3054 1680 abstineret,
3086 1613 3180 1669 sed
3207 1615 3364 1669 etiam

1777 1703 1937 1757 domo
1964 1717 2080 1757 eam
2118 1703 2372 1771 pelleret,
2410 1719 2514 1774 quo
2554 1704 2660 1758 litis
2699 1719 2760 1758 ac
2795 1705 3000 1760 dissidii
3031 1707 3364 1763 occasionem

1777 1811 1992 1850 omnem
2025 1796 2252 1850 tolleret.
2281 1795 2431 1864 Quod
2469 1797 2714 1866 equidem
2753 1812 2894 1852 nunc
2927 1797 3067 1852 haud
3096 1796 3249 1855 facile
3280 1816 3369 1855 re-

1781 1889 1955 1958 perire
1981 1897 2080 1943 cst.

1849 1981 2133 2037 LXXXIII.
2168 1980 2287 2034 Non
2319 1983 2546 2036 eumdem
2571 1983 2768 2036 virtutis
2794 1983 3000 2037 modum
3031 1984 3171 2038 nobis
3193 1993 3241 2038 et
3267 2000 3366 2036 an-

1781 2076 1931 2143 tiquis
1958 2075 2269 2144 propositum
2298 2091 2419 2128 esse.
2439 2105 2509 2114 -
2531 2075 2794 2129 Prmtcrea
2816 2086 3016 2142 autem,
3042 2076 3180 2144 quod
3216 2075 3368 2129 initio

1781 2169 2019 2223 dicebam
2043 2210 2055 2229 ,
2086 2176 2140 2221 et
2171 2182 2310 2220 nunc
2336 2177 2574 2237 repetam
2598 2207 2614 2231 ,
2646 2182 2752 2220 non
2784 2168 3030 2221 ennulem
3059 2182 3087 2220 a
3115 2167 3267 2221 nobis
3293 2178 3374 2220 at-

1782 2275 1886 2330 que
1928 2259 1996 2314 ab
2042 2259 2128 2313 illa
2175 2258 2385 2312 virtutis
2434 2258 2649 2312 modum
2697 2258 2854 2327 exigi.
2901 2258 3176 2328 Siquidem
3232 2275 3373 2313 nunc

1783 2351 2074 2422 perfectum
2099 2367 2218 2404 esse
2248 2366 2351 2402 non
2386 2349 2531 2408 licet,
2566 2349 2664 2403 nisi
2696 2349 2946 2404 omnibus
2976 2349 3234 2416 venditis,
3267 2351 3370 2405 nisi

1789 2440 2044 2496 omnibus
2063 2437 2244 2490 valere
2263 2433 2431 2503 jussis
2457 2430 2679 2490 (Matth.
2704 2431 2788 2501 l9)
2809 2449 2915 2486 non
2938 2435 3134 2502 opibus
3158 2443 3370 2490 tantum

1790 2541 1844 2590 et
1865 2531 2096 2592 aedibus,
2121 2527 2215 2580 sed
2243 2526 2422 2579 anima
2451 2523 2613 2577 etiam
2638 2539 2736 2577 sua
2761 2543 2772 2578 :
2797 2533 2910 2578 tum
2937 2528 3175 2582 nondum
3206 2539 3370 2584 tanta:

1791 2620 2158 2680 accurationis
2182 2617 2458 2686 specimen
2485 2623 2620 2668 erat.
2649 2615 2789 2681 Quid
2818 2618 3025 2686 igitur?
3048 2619 3260 2688 inquit;
3288 2637 3372 2674 ac-

1792 2712 2037 2769 curatius
2078 2723 2222 2762 nunc
2257 2721 2418 2776 quam
2455 2706 2760 2774 patriarcha
2821 2708 3096 2762 vivimtts?
3137 2710 3372 2767 Debere-

1785 2819 1901 2858 mus
1929 2812 2111 2866 certe,
2144 2813 2303 2872 atque
2350 2801 2401 2855 id
2440 2801 2714 2872 jubemur,
2745 2802 2837 2857 sed
2871 2819 2977 2856 non
3016 2815 3368 2874 praestamus:

1785 2896 2010 2966 ideoque
2037 2895 2194 2965 longe
2219 2911 2246 2949 a
2269 2896 2417 2964 justo
2451 2896 2824 2965 relinquimur.
2855 2895 2988 2950 Nam
3017 2897 3142 2966 quin
3173 2897 3370 2966 majora

1784 2990 1937 3043 nobis
1982 2988 2274 3042 certamina
2321 2987 2587 3057 pr0posita
2631 2988 2735 3041 sint
2764 3029 2776 3051 ,
2825 2988 2958 3042 nulli
3002 2989 3219 3043 dubimn
3267 3000 3369 3043 est.

1782 3082 1964 3154 Itaque
1993 3082 2106 3137 Noe
2133 3082 2355 3136 laudans
2378 3080 2653 3150 Scriptura
2676 3123 2690 3148 ,
2724 3098 2829 3136 non
2861 3081 3175 3152 simpliciter
3209 3081 3260 3136 id
3296 3079 3370 3135 fa-

1783 3177 1894 3239 cit,
1936 3174 2031 3230 sed
2071 3190 2192 3229 cum
2232 3174 2595 3228 additamento
2638 3173 2906 3244 quodam:
2938 3189 3058 3227 nam
3101 3174 3174 3227 ait
3209 3193 3222 3229 :
3260 3172 3370 3226 Nec

1777 3270 1966 3341 justus,
1996 3270 2243 3338 perfectus
2268 3268 2320 3320 in
2348 3267 2672 3338 generatione
2708 3283 2803 3320 sua
2825 3307 2840 3332 ,
2874 3265 2978 3321 Deo
3008 3267 3196 3339 placuit
3219 3265 3369 3338 (Gen.

1786 3361 1842 3417 6.
1869 3359 1925 3433 9)
1951 3377 1967 3414 :
1991 3375 2094 3414 non
2124 3359 2439 3429 simpliciter
2477 3358 2745 3428 perlectus
2765 3399 2778 3422 ,
2807 3357 2901 3414 sed
2942 3357 2994 3412 in
3024 3359 3370 3429 generatione

1783 3471 1898 3510 sua.
1929 3453 2072 3508 Multi
2101 3453 2243 3507 enim
2274 3460 2398 3505 sunt
2427 3450 2771 3520 perfectionis
2820 3451 2965 3505 modi
2990 3492 3004 3515 ,
3051 3450 3168 3505 aliis
3210 3461 3370 3521 atque

1783 3547 1903 3600 aliis
1933 3545 2260 3613 temporibus
2279 3543 2481 3597 ἀιιῐίιιὶῑί
2509 3559 2522 3595 :
2549 3558 2610 3596 ac
2636 3541 2784 3608 Quod
2800 3541 3074 3610 aliquando
3098 3545 3371 3610 perfectum

1785 3637 1906 3707 fuit,
1933 3634 2176 3702 temporis
2196 3646 2468 3704 progressu
2490 3633 2546 3699 ﬁt
2573 3631 2951 3700 imperfectum.
2977 3627 3138 3681 Verbi
3162 3628 3359 3697 gratia:

1787 3725 2075 3797 aliquando
2108 3723 2383 3794 perfectus
2415 3731 2532 3776 erat
2565 3720 2657 3789 qui
2698 3721 2870 3790 legem
2914 3719 3313 3788 exsequebatur
3345 3736 3358 3771 :

1787 3820 1928 3875 Nam
1949 3819 2059 3872 hate
2073 3819 2161 3888 qui
2185 3817 2366 3887 faciat,
2397 3814 2588 3884 inquit,
2621 3829 2713 3882 per
2739 3829 2799 3866 ea
2829 3813 3058 3865 victurus
3078 3821 3150 3864 est
3173 3811 3357 3880 (Leuit.

1784 3915 1872 3970 l8.
1901 3912 1954 3984 5)
1991 3931 2004 3967 :
2041 3919 2096 3966 at
2119 3909 2367 3966 Christus
2388 3917 2610 3962 exortus
2642 3905 2939 3976 perfectum
2972 3905 3074 3958 hoc
3102 3903 3361 3973 imperfe-

1783 4018 1925 4064 ctum
1952 4005 2205 4061 ostendit.
2237 4001 2356 4058 Nisi
2381 4001 2522 4057 enim
2545 4043 2560 4068 ,
2595 4001 2794 4070 inquit,
2822 3999 3149 4054 abundaverit
3166 3999 3372 4069 justitia

1783 4109 1946 4156 vestra
1977 4099 2090 4169 plus
2114 4114 2266 4168 quam
2293 4095 2572 4149 scribarum
2593 4103 2641 4148 et
2662 4092 3062 4159 Pharisteorum,
3085 4107 3186 4144 non
3213 4090 3372 4144 intra-

1783 4194 1897 4248 bitis
1927 4192 1979 4245 in
2000 4206 2210 4260 regnum
2229 4189 2466 4242 caelorum
2488 4184 2714 4259 (Matth.
2737 4183 2791 4240 5.
2815 4182 2887 4238 20
2974 4181 3109 4238 Tum
3142 4181 3368 4235 homici-

1784 4285 1930 4340 dium
1961 4283 2134 4338 solum
2159 4290 2310 4335 atrox
2333 4278 2643 4342 videbatur;
2686 4290 2828 4330 nunc
2860 4274 2945 4328 vel
2987 4273 3061 4327 ira
3092 4273 3372 4328 dumtaxat

1784 4394 1847 4433 ac
1870 4376 2168 4432 convicium
2197 4374 2261 4429 ad
2287 4372 2588 4442 gehennam
2621 4383 2810 4438 rapere
2839 4377 2999 4437 queat
3023 4384 3035 4418 :
3065 4376 3176 4420 tum
3213 4365 3365 4419 adul-

1788 4473 1974 4528 terium
2008 4469 2178 4524 solum
2207 4466 2570 4536 plectebatur;
2603 4476 2741 4515 nunc
2768 4460 2851 4514 vel
2886 4458 3163 4528 ﬂagitiosis
3202 4456 3368 4511 oculis

1787 4565 2061 4620 mulierem
2096 4561 2355 4629 aspicere,
2395 4571 2502 4610 non
2531 4554 2683 4607 abest
2711 4568 2739 4606 a
2767 4550 3028 4618 supplicio
3059 4567 3071 4603 :
3105 4558 3217 4604 tum
3243 4563 3365 4618 per-

1781 4659 1980 4728 jurium
1999 4655 2168 4710 solum
2190 4667 2220 4705 a
2243 4651 2380 4704 man
2401 4657 2547 4711 erat;
2574 4661 2712 4700 nunc
2729 4645 2810 4700 vel
2833 4645 3014 4714 jurare
3039 4659 3054 4699 :
3079 4641 3216 4698 Nam
3233 4642 3366 4713 quod

1787 4759 1966 4823 printer
1983 4753 2087 4801 haec
2103 4754 2195 4802 est.
2216 4742 2402 4811 inquit,
2423 4757 2454 4792 α
2473 4738 2608 4792 malo
2627 4747 2696 4792 est
2715 4736 2818 4811 (Ib.
2843 4752 2894 4793 υ.
2921 4735 3034 4806 57).
3050 4735 3130 4789 Ab
3155 4736 3219 4789 iis
3239 4733 3369 4789 nihil

1787 4842 2011 4912 amplius
2041 4836 2428 4914 requirebatur,
2461 4846 2618 4901 quam
2649 4843 2829 4882 amare
2875 4843 2967 4882 eos
3007 4828 3094 4895 qui
3126 4842 3182 4879 se
3221 4841 3370 4877 ama-

1786 4945 1942 4992 rent:
1975 4946 2114 4986 nunc
2141 4941 2386 4997 magnum
2423 4924 2526 4978 hoc
2552 4930 2606 4978 et
2643 4920 2955 4991 praeclarum
3004 4926 3109 4972 tam
3139 4926 3224 4972 est
3267 4916 3362 4971 im-

1786 5029 2099 5102 perfectum,
2128 5032 2187 5078 ut
2217 5037 2281 5077 eo
2311 5018 2572 5090 perfuncti
2607 5015 2772 5070 nihilo
2813 5011 3108 5084 publicanis
3151 5018 3364 5078 praeste-

1787 5141 1926 5180 lllllS.

1861 5209 2142 5268 LXXXIV.
2177 5208 2232 5263 Μ
2235 5207 2361 5263 erito
2383 5203 2671 5259 earumdem
2695 5207 2824 5252 recte
2845 5197 3093 5266 factorum
3115 5209 3214 5247 non
3237 5191 3370 5246 idem

1789 5305 2049 5376 prarmium
2077 5301 2220 5354 nobis
2241 5309 2286 5352 et
2313 5296 2533 5367 antiquis
2565 5291 2876 5363 preposition
2903 5303 3028 5342 esse.
3051 5285 3244 5339 —Cur
3273 5285 3369 5350 igi-

1791 5409 1874 5451 tur
1906 5411 2010 5450 non
2044 5393 2182 5448 idem
2213 5392 2485 5461 prmminm
2515 5385 2700 5441 iisdem
2729 5392 2875 5438 recte
2904 5379 3079 5443 factis,
3103 5389 3154 5433 et
3177 5377 3371 5431 nostris

1787 5498 1841 5546 et
1869 5489 2205 5556 antiquorum
2228 5524 2244 5549 ,
2273 5480 2603 5553 propositum
2635 5487 2745 5541 est,
2790 5472 2885 5529 sed
2925 5475 3180 5540 majorem
3208 5470 3373 5523 virtu-

1790 5592 1896 5638 tem
1921 5579 2266 5636 exhiheamns
2298 5587 2515 5630 necesse
2543 5579 2659 5631 est,
2691 5568 2734 5625 si
2763 5565 2947 5622 eadem
2977 5580 3095 5634 qum
3137 5561 3210 5615 illi
3247 5574 3372 5614 con-

1790 5669 2117 5744 sequemur?
2145 5667 2276 5735 Quia
2308 5681 2449 5719 nnnc
2493 5665 2680 5734 ingens
2723 5657 2953 5729 Spiritus
2991 5657 3159 5726 gratia
3206 5650 3371 5744 effusa

1791 5742 1908 5830 est“,
1959 5771 2014 5816 et
2069 5772 2318 5828 maguum
2364 5755 2624 5810 advcnms
2661 5749 2857 5808 Christi
2902 5742 3371 5802 munus:adultos

1792 5855 1987 5926 quippe
2012 5865 2108 5923 pro
2135 5848 2423 5905 infantibus
2449 5845 2698 5902 reddidit.
2723 5841 2904 5912 Itaque
2924 5832 3370 5910 quemadmodum
