3898 6246
495 374 602 429 595

489 494 588 536 nos
611 493 640 533 a
673 473 849 547 pueris
872 471 1070 528 nostris
1095 466 1383 538 puberibus
1411 463 1671 533 majorem
1692 461 1940 516 virtutem
1966 472 2062 527 po-

492 571 776 631 stulamus,
805 575 859 622 et
883 578 1000 634 quas
1039 561 1089 616 in
1121 560 1288 629 prima
1331 564 1490 611 astate
1528 554 1786 608 facientes
1825 549 2070 604 laudaba-

497 674 633 722 mus,
661 656 844 712 eadem
873 655 916 707 si
949 653 1046 706 viri
1073 648 1247 705 eifecti
1277 652 1529 716 praestent
1556 658 1664 698 non
1707 655 1858 710 aeque
1899 638 2072 694 admi-

497 763 696 813 ramur,
724 743 818 799 sed
847 743 955 808 alia
978 741 1144 794 multo
1172 739 1234 791 iis
1255 735 1494 808 graviora
1513 733 1674 788 edere
1694 731 1940 801 iubemus
1963 745 1976 782 :
2001 727 2073 782 ita

497 850 550 894 et
593 838 658 892 ab
698 838 926 891 humana
973 840 1157 886 natura
1198 829 1336 882 Deus
1379 826 1553 895 primo
1591 836 1801 892 quoque
1833 828 2074 888 tempore

499 930 691 987 eximia
712 928 953 1000 quaedam
983 925 1219 978 facinora
1246 936 1349 976 non
1374 917 1640 988 exigebat,
1669 924 1726 969 ut
1755 929 1872 982 qum
1897 911 2072 979 pueri.

507 1027 608 1079 lius
631 1023 817 1078 affecta
845 1027 987 1075 esset
1011 1035 1024 1070 :
1046 1025 1101 1072 at
1125 1014 1211 1069 ubi
1242 1011 1546 1083 prophetas,
1569 1007 1837 1077 apostolos
1856 1003 2074 1068 audivit,

503 1116 731 1186 Spiritus
759 1112 982 1183 gratiam
1011 1113 1337 1176 consequuta
1363 1113 1464 1166 est,
1498 1099 1708 1154 virtutis
1737 1097 1785 1152 ci
1812 1095 2076 1164 magnitu-

506 1209 683 1262 dinem
712 1204 858 1259 auxit
880 1221 893 1258 :
919 1216 1019 1256 nec
1049 1199 1260 1268 injuria.
1284 1195 1415 1249 Nam
1456 1200 1508 1247 et
1536 1188 1832 1245 mercedem
1861 1185 2083 1255 amplio—

509 1315 620 1354 rem
655 1305 708 1353 et
735 1293 950 1365 prmmia
977 1290 1140 1344 multo
1164 1287 1449 1342 illustriora
1479 1296 1619 1336 nunc
1646 1277 1918 1348 proposuit
1941 1295 1952 1329 :
1978 1291 2081 1328 non

509 1389 651 1443 cnim
675 1385 900 1454 amplius
930 1394 1068 1436 terra
1093 1395 1155 1435 ac
1180 1389 1408 1438 terrena,
1433 1373 1525 1428 sed
1547 1373 1756 1433 cadum,
1786 1377 1840 1422 ct
1865 1383 1982 1437 quae
2004 1366 2086 1419 ἰιι-

520 1477 863 1548 telligeutiam
893 1481 1144 1543 superent
1162 1471 1299 1525 bona
1328 1465 1628 1536 perfunctos
1653 1466 1980 1531 exspectant.
2005 1458 2085 1510 An

515 1586 622 1625 non
654 1570 812 1638 igitur
837 1564 1121 1621 absurdum
1154 1562 1240 1626 sit,
1269 1559 1478 1613 adultos
1507 1555 1680 1608 adhuc
1709 1553 1762 1606 in
1791 1551 1974 1604 eadem
2011 1548 2088 1602 in-

519 1663 680 1717 fantia
705 1658 1026 1730 persistere?
1049 1655 1180 1711 Nam
1203 1653 1432 1708 humana
1460 1659 1567 1703 tum
1596 1655 1783 1701 natura
1805 1644 2090 1698 adversum

522 1773 579 1811 se
610 1755 928 1809 factionibus
968 1748 1134 1804 divisa
1163 1755 1314 1813 erat,
1345 1744 1482 1800 bello
1512 1741 1706 1795 ardens
1741 1736 2089 1792 internecino.

520 1850 693 1917 Atque
721 1847 770 1899 id
798 1844 1107 1899 describens
1137 1839 1332 1895 Paulus
1361 1838 1456 1900 ait,
1489 1834 1655 1888 Aliam
1691 1830 1832 1884 video
1857 1828 2014 1897 legem
2038 1826 2092 1879 in

519 1938 750 1993 membris
776 1935 897 1988 meis
915 1975 931 2000 ,
958 1939 1319 2001 repugnantem
1348 1927 1444 1995 legi
1470 1924 1646 1976 mentis
1672 1934 1823 1984 metu,
1853 1926 1899 1971 et
1925 1915 2090 1986 capti-

520 2039 718 2083 vantem
761 2043 840 2080 me
883 2024 980 2094 legi
1021 2019 1240 2091 peccati,
1285 2033 1397 2083 qna!
1424 2016 1504 2069 lea:
1529 2021 1600 2066 est
1636 2015 1688 2065 in
1716 2008 1946 2062 membris
1975 2003 2098 2058 meis

523 2122 713 2190 (Rom.
743 2119 795 2172 7.
823 2114 945 2186 2'5).
975 2116 1038 2168 At
1065 2111 1345 2167 nuuclimc
1374 2122 1478 2160 non
1504 2112 1647 2158 sunt.
1675 2100 1814 2155 Nam
1838 2096 1971 2168 quod
1995 2098 2098 2151 im-

527 2211 760 2276 possibile
801 2217 906 2261 erat
954 2206 1083 2274 legi,
1133 2204 1185 2256 in
1227 2217 1323 2272 quo
1363 2196 1714 2266 in/irmabatur
1747 2210 1834 2262 per
1871 2205 2096 2252 carnem,

527 2304 665 2358 Deus
695 2300 886 2353 Filium
909 2313 1055 2351 suum
1083 2295 1280 2348 mittens
1308 2293 1360 2344 in
1386 2288 1763 2352 similitudinem
1791 2283 1957 2338 carnis
1980 2297 2099 2352 pec-

534 2395 654 2456 cati,
685 2401 729 2446 et
759 2392 820 2443 de
847 2397 1048 2459 peccato
1071 2383 1327 2437 damnavit
1358 2389 1614 2450 peccatum
1642 2377 1692 2429 in
1723 2390 1873 2428 carne
1906 2373 1925 2443 (
1951 2372 2099 2425 Rom.

531 2487 584 2541 8.
614 2487 692 2552 ὖ).
727 2484 799 2537 De
828 2482 998 2550 iisque
1037 2477 1237 2547 gratias
1271 2487 1434 2544 agens
1466 2470 1661 2526 Paulus
1688 2466 1895 2522 diccbat
1919 2483 1931 2518 :
1959 2463 2103 2534 Infe-

533 2579 606 2632 lix
628 2591 717 2646 ego
743 2574 907 2634 homo,
933 2571 1040 2638 quis
1062 2583 1138 2621 me
1157 2564 1382 2621 liberabit
1407 2562 1469 2616 de
1494 2576 1705 2625 corpore
1726 2558 1896 2612 mortis
1929 2554 2106 2622 huius?

535 2645 782 2739 AgoiDeo
825 2663 1010 2735 gratias
1047 2676 1133 2728 per
1167 2657 1344 2710 Jesum
1380 2653 1634 2708 Christum
1669 2649 1862 2724 (Rom.
1891 2649 1943 2702 7.
1979 2645 2102 2717 24).

541 2760 721 2827 Itaque
765 2754 955 2810 merito
987 2749 1253 2820 punimur,
1299 2744 1456 2800 soluti
1501 2743 1829 2797 tantumdem
1870 2753 2106 2801 currere,

548 2859 804 2920 quantum
850 2841 1122 2914 impediti,
1153 2840 1412 2892 nolentes.
1439 2835 1767 2903 Quamquam
1797 2840 1854 2884 ut
1882 2838 2111 2883 tantum-

542 2943 660 2994 dem
692 2938 973 3007 possimus,
1000 2947 1099 2987 nec
1126 2931 1201 2984 sic
1229 2943 1385 3000 pinna
1415 2926 1668 2980 solvimur
1696 2941 1709 2976 :
1743 2938 1863 2977 nam
1893 2922 1980 2991 qui
2007 2921 2109 2974 alta

545 3045 675 3102 pace
703 3028 924 3092 fruatur,
953 3026 1109 3094 longe
1139 3021 1311 3090 majus
1349 3028 1402 3072 ct
1441 3017 1693 3071 illustrius
1721 3025 1977 3084 tropaxum
2007 3014 2112 3068 eri-

546 3139 668 3193 gere
713 3135 810 3189 par
853 3125 961 3181 est,
994 3130 1149 3186 quam
1183 3113 1270 3184 qui
1300 3109 1584 3166 admodum
1617 3109 1754 3164 bello
1784 3110 2072 3178 preniatur.

1193 354 1250 411 S.
1289 350 1568 409 JOANNIS
1604 343 2076 405 CHRYSOSTOMI
2117 341 2435 400 ARCHIEP.
2476 337 3008 396 CONS'I'ANTINOP.

3643 339 3736 396 596

2179 454 2332 523 Quod
2355 454 2401 510 si
2425 455 2477 509 in
2501 452 2711 523 Opibus,
2737 452 2959 518 deliciis,
2979 451 3262 521 coniugum
3286 451 3484 517 studio,
3508 456 3739 522 negotio-

2175 563 2294 602 rum
2323 562 2447 602 cura
2468 545 2682 601 assidue
2701 560 3001 612 versamur,
3024 545 3298 614 ecquando
3319 546 3414 599 viri
3437 545 3738 610 evademus,

2177 639 2366 709 spiritu
2391 639 2650 702 vivemus,
2671 636 2879 692 Domini
2901 651 2988 691 res
3007 635 3350 691 curabimus?
3369 639 3446 690 An
3471 647 3738 706 postquam

2181 731 2304 784 hinc
2331 731 2612 799 migratum
2639 727 2773 782 erit?
2808 728 2880 781 At
2905 741 3009 781 non
3053 727 3105 781 id
3137 726 3378 780 laborum
3407 743 3469 781 ac
3502 730 3747 782 certami-

2181 821 2284 887 nis,
2308 819 2400 874 sed
2431 819 2772 889 praemiorum
2809 825 2864 872 et
2889 832 3166 887 poenarum
3211 825 3420 885 tempus
3465 819 3588 872 erit.
3621 818 3744 872 Tum

2181 928 2281 968 nec
2309 913 2495 982 virgini
2526 912 2704 966 oleum
2745 911 2799 964 in
2842 909 3074 964 lucernis
3119 924 3222 963 non
3267 909 3482 964 habenti
3525 911 3596 964 ab
3639 910 3745 965 aliis

2182 1019 2391 1060 sumere
2413 1003 2611 1069 licebit,
2637 1002 2731 1057 sed
2756 1016 2816 1056 ea
2848 1000 2976 1055 foris
2999 1001 3234 1055 manebit
3256 999 3466 1071 (Matth.
3489 1000 3582 1069 25)
3612 1018 3624 1054 :
3652 1016 3740 1055 nec

2185 1096 2271 1164 qui
2303 1095 2529 1149 sordidis
2557 1093 2772 1150 indutus
2795 1091 3000 1157 adstet,
3035 1105 3281 1161 egressus
3321 1099 3527 1145 mutare
3548 1103 3744 1145 ves:etn

2186 1173 2406 1244 poterit,
2424 1173 2519 1227 sed
2531 1182 2600 1225 ad
2614 1174 2872 1242 gehennae
2885 1172 3062 1240 ignem
3079 1171 3380 1242 abripietur
3398 1173 3622 1241 (Matth.
3639 1177 3750 1246 22):

2185 1278 2288 1320 nec
2312 1265 2356 1320 si
2379 1263 2464 1318 vel
2487 1263 2855 1318 Abrahamum
2874 1263 3124 1332 imploret
3145 1261 3296 1333 (Luc.
3322 1263 3432 1334 16.)
3455 1266 3748 1338 quidquam

2182 1365 2296 1409 tum
2316 1353 2580 1424 proficiet.
2604 1353 2813 1423 Quippe
2829 1362 2946 1407 orta
2959 1353 3073 1422 jam
3091 1353 3178 1408 die
3195 1356 3433 1424 propria,
3459 1358 3643 1425 posito
3665 1359 3753 1412 tri-

2183 1447 2368 1501 bunali
2396 1486 2411 1510 ,
2451 1445 2673 1500 sedente
2700 1445 2918 1515 judice,
2948 1451 3003 1499 et
3040 1455 3293 1502 manante
3329 1449 3484 1516 quasi
3521 1451 3751 1519 quodam

2185 1544 2326 1616 ignis
2344 1543 2510 1599 ﬂuvio
2534 1542 2717 1614 (Dan.
2747 1542 2777 1595 7
2801 1542 2911 1612 l0),
2933 1543 3116 1600 habita
3144 1545 3420 1599 actionum
3445 1556 3752 1602 nostrarum

2184 1640 2509 1711 quastione,
2542 1654 2651 1692 non
2677 1638 2789 1707 jam
2824 1637 3024 1709 ﬂagitia
3047 1637 3230 1693 eluere
3257 1639 3522 1702 sinemur,
3561 1642 3659 1697 sed
3694 1643 3755 1696 ad

2187 1732 2535 1802 supplicium,
2567 1731 2636 1785 iis
2675 1729 2918 1784 debitum
2949 1729 3182 1785 velimus
3216 1731 3454 1787 nolimus
3492 1734 3758 1790 trahimur

2189 1826 2374 1889 modo,
2413 1825 2614 1880 nullius
2640 1832 2754 1878 tum
2777 1824 3032 1894 precibus
3054 1824 3323 1879 liberandi
3348 1843 3363 1892 ;
3389 1826 3486 1880 sed
3516 1828 3759 1896 quamvis

2190 1917 2316 1988 quis
2333 1917 2451 1988 pari
2478 1916 2677 1972 ﬁducia
2700 1917 2770 1971 sit
2794 1931 2918 1970 cum
2943 1917 3153 1986 magnis
3176 1923 3230 1971 et
3250 1916 3590 1974 admirandis
3616 1922 3759 1983 viris,

2202 2007 2598 2079 quamvisNoe.
2614 2005 2737 2071 Job,
2755 2007 2943 2061 Daniel
2965 2006 3302 2078 sit(Respicit
3316 2010 3384 2063 ad
3407 2009 3596 2064 Ezech.
3619 2028 3665 2064 c.
3683 2013 3760 2068 ﬂ.

2193 2118 2244 2157 υ.
2269 2101 2378 2172 14),
2394 2101 2606 2156 etiamsi
2628 2116 2728 2172 pro
2752 2100 2938 2156 liberis
2955 2115 3018 2154 ac
3037 2101 3252 2156 filiabus
3269 2101 3616 2172 deprecetur,
3641 2105 3764 2159 nihil

2197 2202 2342 2266 agat,
2375 2195 2470 2249 sed
2494 2209 2721 2250 necesse
2745 2195 2850 2248 erit
2877 2203 3192 2263 peccatores
3219 2195 3554 2252 immortales
3585 2212 3767 2266 poenas

2196 2287 2524 2359 expendere,
2545 2296 2603 2342 ut
2619 2290 2710 2358 qui
2733 2297 2876 2344 recte
2892 2287 3158 2351 fecerunt,
3177 2287 3437 2342 honoi'em
3463 2289 3624 2343 inire.
3645 2287 3765 2345 Nam

2199 2396 2377 2452 neque
2398 2380 2485 2436 his
2497 2395 2674 2450 neque
2690 2379 2796 2434 illis
2815 2378 2974 2433 tinem
2989 2376 3107 2434 fore
3125 2377 3372 2434 Christus
3387 2378 3704 2444 declaravit,
3719 2387 3770 2432 ut

2200 2475 2390 2539 vitam,
2419 2475 2500 2528 sic
2524 2472 2852 2543 supplicium
2889 2480 3153 2527 aeternum
3174 2486 3296 2526 esse
3315 2470 3505 2526 dicens
3537 2489 3552 2527 :
3595 2472 3689 2541 qui
3725 2480 3772 2527 et

2203 2566 2416 2621 dextris
2439 2563 2782 2626 collaudatis,
2803 2572 2855 2618 el
2879 2563 3123 2618 sinistris
3145 2563 3434 2629 damnatis,
3463 2565 3532 2616 ita
3554 2565 3770 2618 subdit:

2203 2657 2437 2713 Abibunt
2459 2657 2513 2710 Ιιί
2529 2657 2582 2710 in
2603 2672 2810 2724 paruam
2830 2655 3220 2721 sempiternam,
3237 2655 3375 2724 justi
3399 2671 3514 2708 vero
3539 2655 3594 2707 in
3622 2657 3774 2709 vitam

2202 2753 2572 2820 sempiternam
2591 2748 2810 2818 (Matth.
2826 2749 2916 2803 25.
2937 2747 3046 2818 46).
3065 2747 3252 2817 Itaque
3263 2747 3354 2800 hic
3365 2748 3512 2803 serio
3531 2748 3773 2802 laboran-

2203 2844 2332 2898 dum
2347 2851 2451 2906 est,
2473 2849 2525 2896 et
2549 2841 2644 2911 qui
2657 2857 2878 2896 uxorem
2898 2841 3115 2906 habeat,
3135 2839 3183 2894 ei
3204 2839 3428 2910 perinde
3441 2839 3708 2909 agendum
3722 2853 3779 2894 ac

2206 2935 2251 2989 si
2269 2949 2378 2988 non
2401 2933 2660 2988 haberet:
2687 2941 2741 2989 et
2762 2933 2855 3003 qui
2883 2948 3009 2988 vere
3033 2948 3140 2986 non
3166 2931 3385 2996 habeat,
3411 2932 3461 2986 ei
3479 2948 3604 2985 cum
3627 2932 3777 3000 virgi-

2207 3029 2376 3082 nitate
2399 3027 2621 3096 reliquae
2643 3026 2807 3080 etiam
2826 3040 3018 3080 omnes
3039 3025 3273 3080 virtutes
3295 3025 3615 3080 exercendae
3639 3033 3776 3089 sum,

2209 3134 2277 3175 ne
2303 3127 2426 3189 post
2441 3119 2727 3175 decessum
2749 3133 2813 3174 cx
2831 3117 2935 3173 hac
2959 3118 3068 3174 vita
3086 3117 3366 3173 incassum
3395 3118 3770 3174 lamentemur.
