3898 6302
510 626 780 636 υ--α-ιημ-
812 629 912 634 ι›ην--
949 625 1266 634 ~—-————-—~o~
1294 626 1384 632 u-n—
1501 625 1576 631 ----

1204 398 1261 451 S.
1302 396 1585 454 JOANNIS
1615 394 2102 453 CHRYSOSTOMI
2142 392 2460 450 ARCHIEP.
2500 394 3048 460 CONS'I'ANTINOP.

3637 393 3743 450 598

3215 618 3310 625 --.-
3333 617 3727 626 ..-ιη-...-

958 839 1036 900 1N
1075 837 1283 900 DUOS
1327 838 1787 914 SEQUENTES
1825 841 1932 900 AD
1981 839 2294 902 VIDUAM
2342 838 2748 902 JUNIOREM
2795 834 3267 898 TRACTATUS

1766 1116 2486 1232 MONITUM.

1812 1383 2434 1411 ψ

560 1569 708 1644 [356]
760 1566 905 1625 inter
946 1566 1393 1639 prastanlissinta
1447 1563 1505 1619 S.
1579 1562 1821 1618 doctoris
1881 1561 2062 1616 nostri

491 1663 757 1734 opuscula
784 1659 1202 1718 commemorari
1237 1659 1434 1714 debent
1469 1657 1522 1712 hi
1550 1658 1660 1711 duo
1688 1671 1781 1712 seu
1807 1653 1929 1709 libri
1965 1668 2061 1707 seu

491 1761 1024 1824 tractatus,quorum
1049 1751 1199 1821 prior
1222 1758 1414 1821 praeter
1439 1748 1807 1819 pulcherrima
1833 1745 2060 1812 monita,

489 1847 892 1918 lectissimaque
922 1846 1314 1902 consolationis
1343 1846 1526 1905 verba.
1569 1857 1677 1897 non
1706 1856 1882 1912 pauca
1936 1856 2060 1896 car-

487 1941 618 2010 ptim
651 1938 836 2008 refert,
899 1947 1014 1992 tum
1071 1938 1137 1992 ad
1195 1935 1569 2007 Chrysostomi
1597 1935 1788 1998 vitam,
1837 1941 1953 1988 tum
1989 1933 2059 1988 ad

486 2029 770 2086 historiam
801 2027 947 2084 illius
984 2026 1245 2097 temporis
1292 2036 1622 2095 opportuna.
1682 2023 1757 2079 De
1815 2023 2060 2080 secundo

485 2130 666 2176 autem
693 2121 834 2176 libro
870 2119 1014 2174 infra
1045 2118 1383 2174 tractabitur.
1418 2116 1539 2184 Quo
1572 2127 1818 2186 tempore
1850 2116 2061 2185 primus

486 2213 726 2282 scriptus
761 2209 948 2276 fuerit,
976 2225 1042 2266 ex
1071 2211 1189 2280 ipsa
1224 2208 1463 2265 auctoris
1491 2206 1804 2262 narratione
1826 2205 2059 2276 diligen-

486 2314 568 2357 ter
601 2303 882 2374 explorata
947 2303 1217 2376 expiscari
1243 2314 1327 2358 sat
1379 2300 1664 2358 commode
1718 2315 2056 2372 possumus;

487 2397 580 2450 sed
608 2404 901 2468 antequam
927 2396 1050 2467 ejus
1084 2397 1246 2452 verba
1302 2398 1642 2452 adducamus
1700 2395 1752 2449 in
1791 2395 2056 2460 medium,

488 2488 734 2556 quaedam
766 2487 834 2543 de
859 2496 1182 2560 argumento
1212 2487 1464 2557 opusculi
1493 2486 1824 2556 praalibanda
1852 2493 2001 2541 sunt.

554 2581 874 2644 Therasius,
900 2582 984 2636 vir
1008 2581 1148 2636 inter
1191 2581 1483 2651 primarius
1514 2580 1600 2636 sui
1633 2579 1895 2650 temporis
1924 2594 2057 2634 con-

483 2675 722 2742 spicuus,
756 2689 952 2745 genere
979 2672 1441 2744 facultatibusque
1463 2673 1713 2744 insignis,
1741 2688 1905 2743 quem
1928 2687 2055 2743 spes

480 2774 600 2819 erat
626 2765 692 2820 ad
727 2764 1078 2836 praefecturas
1110 2774 1499 2837 perventurum
1522 2780 1664 2828 esse,
1699 2765 1766 2820 ad
1796 2765 1914 2820 haec
1935 2779 2056 2834 pro-

483 2858 670 2924 bitate,
713 2859 999 2924 modestia,
1037 2859 1234 2929 pietate
1297 2867 1549 2925 ornatus,
1602 2859 1656 2912 in
1694 2858 1870 2914 aetatis
1920 2857 2055 2912 ﬂore

483 2948 625 3005 diem
682 2951 816 3005 obiit
885 2961 1212 3016 extremum,
1266 2958 1553 3020 postquam
1603 2965 1779 3004 annos
1837 2958 2051 3004 tantum

481 3043 724 3113 quinque
748 3058 874 3098 cum
906 3058 1078 3098 uxore
1101 3053 1303 3114 egerat.
1337 3042 1510 3109 Quam
1555 3051 1614 3097 ut
1651 3042 2049 3108 consolaretur,

480 3134 627 3189 hunc
660 3135 860 3189 librum
902 3134 1072 3189 edidit
1102 3134 1572 3206 Chrysostomus:
1631 3143 1686 3190 et
1723 3133 1902 3204 primo
1953 3133 2052 3190 Dei

475 3225 804 3296 singularem
831 3226 1009 3282 viduis
1036 3227 1334 3283 exhibilam
1373 3242 1560 3283 curam
1595 3227 1665 3281 ob
1693 3228 1884 3282 oculos
1941 3241 2042 3296 po-

476 3317 575 3379 nit,
601 3319 802 3387 quibus
828 3321 992 3373 ctiam
1018 3319 1121 3374 viri
1163 3319 1283 3374 loco
1309 3335 1429 3375 esse
1459 3319 1652 3389 probat
1678 3337 1690 3373 :
1721 3318 1851 3374 hinc
1883 3319 2050 3374 hone-

475 3419 573 3464 stac
603 3409 882 3466 viduitatis
904 3411 1223 3483 dignitatem
1262 3427 1326 3467 ex
1361 3410 1512 3466 Pauli
1562 3412 1743 3468 verbis
1777 3411 2044 3482 deprendi-

475 3512 582 3567 cat,
611 3503 786 3572 deque
812 3504 1106 3573 proborum
1161 3506 1314 3560 obitu
1379 3505 1722 3576 gaudendum
1789 3519 1912 3561 esse
1962 3503 2050 3560 de-

474 3605 782 3651 monstrat:
816 3607 1004 3667 postea
1051 3597 1307 3653 humana:
1353 3598 1480 3653 vita:
1529 3597 1927 3652 volubilitatem
1991 3605 2050 3652 ut

476 3688 749 3754 ostendat,
784 3689 1093 3758 exemplum
1131 3688 1286 3744 aﬂ’ert
1333 3688 1698 3760 quorumdam
1751 3687 2046 3758 insignium

472 3777 738 3843 virorum,
771 3781 863 3849 qui
900 3780 967 3834 ad
1011 3780 1273 3852 majorem
1325 3779 1494 3836 evecti
1529 3779 1872 3849 dignitatem,
1907 3794 2047 3849 pra:-

475 3870 625 3940 cipiti
687 3872 1042 3942 violentaque
1089 3881 1267 3928 morte
1330 3871 1529 3929 sublati
1605 3879 1751 3925 sunt.
1817 3868 1922 3924 Nec
1981 3869 2048 3926 iis

472 3959 743 4015 beatiores
790 3977 912 4016 esse
945 3961 1021 4015 ait
1080 3962 1462 4032 imperatores,
1520 3961 1613 4015 sed
1671 3975 1782 4030 quo
1837 3960 2046 4030 majore

471 4050 691 4107 fortuna
747 4054 1076 4115 evehuntur,
1133 4069 1197 4108 eo
1261 4053 1602 4124 gravioribus
1645 4053 2045 4108 calamitatibus

472 4145 682 4212 impeli.
725 4147 892 4214 Atque
923 4155 978 4199 ut
1007 4155 1179 4199 vetera
1226 4147 1557 4211 omittamus,
1608 4145 1807 4215 inquit,
1863 4162 1928 4200 ex
1976 4146 2042 4200 iis

473 4236 715 4290 erunibus
744 4252 833 4306 qut
861 4253 968 4290 sevo
997 4247 1177 4292 nostro
1207 4240 1554 4308 imperarunt,
1603 4240 1816 4311 fuerunt
1867 4251 2044 4295 autem

472 4342 676 4391 novent,
709 4327 813 4378 duo
840 4327 1012 4380 solum
1042 4331 1306 4382 contmuni
1339 4343 1505 4385 morte
1531 4335 1690 4385 vitam
1721 4333 2042 4388 clauserunt.

476 4417 814 4488 Reliquorum
850 4429 1025 4472 autem
1054 4420 1140 4472 hic
1169 4420 1378 4490 quidem
1414 4439 1446 4476 a
1483 4432 1730 4493 tyranno,
1783 4424 1872 4478 ille
1925 4441 2044 4480 vero

473 4513 527 4561 in
557 4509 712 4571 bello,
746 4510 886 4563 alius
915 4511 1321 4566 domesticorum
1352 4516 1628 4569 custodum
1654 4517 1885 4582 insidiis,
1903 4516 2042 4571 alius

477 4611 654 4654 autem
688 4603 751 4655 ab
782 4603 874 4656 illo
903 4603 1035 4672 ipso,
1068 4607 1156 4673 qui
1183 4622 1432 4660 coronam
1462 4625 1524 4661 ac
1553 4624 1842 4678 purpuram
1872 4611 2042 4679 impo-

471 4704 673 4755 suerat,
729 4695 1040 4763 interfectus
1074 4698 1336 4751 occubuit.
1398 4697 1598 4755 Uxores
1646 4717 1804 4770 porro
1860 4718 2042 4756 eorum

468 4787 687 4853 partim,
722 4796 778 4837 ut
814 4799 1058 4852 narrant,
1103 4806 1290 4843 veneno
1315 4791 1652 4855 interierunt,
1683 4794 1880 4862 partim
1915 4810 2045 4848 moe-

475 4895 608 4930 rore.
640 4877 841 4932 Earum
871 4897 1009 4945 vero,
1036 4898 1151 4952 qut?
1174 4884 1346 4936 adhuc
1370 4887 1672 4955 superstites
1702 4897 1846 4952 sunt,
1871 4889 2042 4939 altera

467 4968 675 5038 quidem
703 4970 874 5038 [ilium
914 4971 1107 5025 habens
1137 4973 1398 5042 pupillum
1435 4977 1604 5029 tremit
1636 4993 1699 5029 ac
1739 4979 1919 5029 ntetuit
1978 4993 2041 5030 ne

467 5061 583 5128 quis
611 5076 814 5122 eorum,
850 5066 940 5132 qui
970 5065 1252 5133 imperant,
1299 5076 1438 5120 metu
1487 5067 1787 5134 futurorum
1810 5085 1926 5122 eum
1977 5069 2040 5121 de

469 5154 644 5207 medio
672 5154 866 5218 tollat;
892 5155 1061 5210 altera
1094 5173 1210 5211 vero
1241 5161 1328 5212 vix
1357 5159 1642 5212 multorum
1699 5161 1936 5225 precibus
1969 5164 2034 5212 ab

467 5245 656 5298 exsilio
685 5247 868 5309 rediit,
894 5265 996 5316 quo
1022 5260 1178 5304 antea
1204 5250 1268 5304 ab
1299 5267 1377 5316 eo,
1397 5253 1486 5321 qui
1513 5268 1686 5305 rerum
1717 5251 2036 5322 potiebatur,

468 5337 632 5390 missa
657 5347 788 5392 erat.
823 5339 976 5405 Quod
1007 5343 1076 5394 ad
1108 5358 1288 5396 eorum
1339 5354 1536 5406 autem,
1571 5345 1660 5413 qui
1701 5359 1839 5396 nunc
1872 5345 2038 5412 impe-

467 5438 609 5492 rant,
649 5446 861 5496 uxores,
891 5433 1061 5488 altera
1089 5451 1155 5489 ea:
1182 5437 1421 5506 pristinis
1449 5436 1844 5490 calamitatibus
1874 5437 2038 5504 respi-

467 5537 615 5588 rans,
649 5523 904 5594 voluptati
927 5542 1172 5596 magnum
1206 5527 1355 5581 habet
1407 5529 1639 5583 dolorem
1697 5529 1985 5582 admistum
2018 5565 2033 5591 ,

466 5629 527 5668 ea
557 5615 698 5684 quod
733 5618 822 5687 qui
854 5634 1029 5671 rerum
1064 5621 1267 5688 potitur
1301 5625 1458 5674 nimis
1479 5621 1686 5689 juvenis
1720 5619 2036 5689 acinexper—

467 5713 552 5759 tus
580 5708 673 5770 sit,
705 5707 997 5780 multosque
1018 5710 1207 5764 habeat
1239 5714 1467 5782 undique
1487 5712 1833 5766 insidiantes:
1867 5711 2037 5764 altera

468 5814 587 5851 vero
622 5802 810 5854 timore
837 5802 1147 5856 exanimata
1179 5804 1268 5868 iis,
1299 5805 1390 5874 qui
1430 5805 1601 5872 capite
1623 5805 1860 5856 damnati
1891 5813 2035 5869 sunt,

475 5892 799 5945 miseriorem
833 5894 992 5950 vitam
1036 5893 1200 5960 ducit,
1231 5910 1288 5948 eo
1337 5894 1474 5963 quod
1528 5895 1608 5949 vir
1658 5895 1821 5962 ipsius
1873 5896 1936 5948 ab
1975 5910 2035 5950 eo

2171 1574 2421 1631 tempore,
2449 1575 2550 1634 quo
2583 1562 2832 1618 diadema
2857 1565 3106 1634 suscepit,
3133 1582 3292 1636 usque
3322 1565 3391 1620 ad
3435 1564 3736 1623 hodiernum

2167 1655 2307 1708 diem
2345 1657 2398 1709 in
2421 1656 2555 1710 bello
2587 1667 2634 1710 et
2675 1657 2874 1726 prwliis
2929 1667 3183 1722 versetur,
3231 1662 3646 1732 verecundiaque
3685 1671 3733 1715 et

2165 1745 2398 1815 probris,
2439 1747 2627 1813 quibus
2676 1747 2906 1818 undique
2965 1749 3216 1819 aﬂicitur,
3251 1752 3418 1821 magis
3460 1768 3619 1822 quam
3677 1769 3740 1806 ea:

2171 1836 2596 1907 calamitatibus,
2657 1841 2916 1894 tabescat.
2978 1840 3180 1896 Deinde
3233 1852 3522 1911 postquam
3572 1845 3740 1899 multa

2167 1928 2498 2000 interposuit
2526 1929 2594 1986 de
2646 1931 2897 1988 barbaris
2927 1947 3022 1987 seu
3055 1931 3271 1997 Gothis,
3320 1933 3605 2004 imperium
3639 1935 3742 1990 Ro-

2164 2036 2389 2077 manum
2429 2024 2814 2079 invadentibus
2841 2024 3359 2095 insultantibusque,
3385 2026 3557 2081 multa
3590 2043 3732 2098 quo-

2163 2130 2269 2186 que
2297 2124 2480 2186 strage
2533 2128 2728 2172 cuncta
2787 2118 3145 2188 replentibus,
3211 2120 3291 2174 sic
3343 2121 3733 2190 prosequitur:

2163 2206 2369 2278 Ecquid
2399 2225 2518 2264 vero
2544 2211 2759 2277 mirum,
2799 2212 2848 2264 si
2879 2211 3032 2266 multi
3057 2228 3123 2266 ea:
3176 2211 3394 2266 ducibus
3427 2211 3522 2265 hoc
3581 2215 3736 2266 modo

2160 2300 2499 2364 interierunt,
2551 2301 2763 2371 quando
2795 2311 2845 2354 et
2903 2303 3190 2372 imperator
3221 2304 3330 2374 ipse
3359 2304 3412 2358 in
3462 2305 3576 2358 vico
3607 2321 3736 2374 quo-

2159 2390 2283 2444 dam
2307 2407 2426 2444 cum
2451 2394 2635 2461 paucis
2662 2392 2919 2446 militibus
2947 2393 3244 2460 conclusus,
3276 2395 3418 2448 exire
3447 2394 3653 2464 quidem
3681 2406 3734 2449 et

2158 2499 2269 2538 sese
2298 2484 2664 2538 invadentibus
2697 2501 2952 2554 apponere
3011 2485 3222 2539 minime
3278 2502 3439 2539 ausus
3484 2495 3584 2551 est,
3639 2489 3733 2539 sed

2163 2575 2311 2631 intus
2371 2593 2584 2632 manens
2644 2594 2863 2631 accenso
2915 2579 2981 2632 ab
3039 2579 3149 2634 illis
3189 2581 3308 2651 igne
3333 2595 3440 2632 una
3477 2596 3596 2633 cum
3662 2581 3734 2634 iis

2158 2667 2419 2732 omnibus,
2453 2685 2583 2738 quas
2617 2684 2790 2722 secum
2839 2669 3084 2734 habebat,
3142 2669 3439 2724 combustus
3470 2680 3585 2734 est;
3638 2686 3734 2723 nec

2156 2758 2286 2812 uiris
2313 2759 2508 2823 solum,
2537 2760 2632 2814 sed
2661 2761 2821 2815 etiam
2848 2763 2994 2831 equis
3038 2771 3089 2815 et
3124 2761 3362 2815 trabibus
3401 2771 3452 2816 et
3487 2763 3654 2816 muris
3681 2774 3734 2816 et

2155 2851 2400 2905 Jmnibus
2452 2853 2508 2906 in
2565 2869 2730 2907 unum
2780 2863 2940 2925 atque
2967 2855 3209 2910 eumdem
3268 2856 3495 2910 cinerem
3527 2854 3731 2909 abeun-

2157 2946 2298 3002 tibus
2323 2947 2348 3000 ?

2223 3037 2282 3091 In
2318 3037 2470 3092 hisce
2508 3037 2799 3107 postremis
2825 3036 3202 3109 Chrysostomi
3248 3039 3408 3096 dictis
3460 3041 3730 3097 miseran-

2154 3130 2282 3186 dam
2318 3128 2566 3186 Valentis
2595 3129 2941 3200 imperatoris
2979 3145 3162 3186 necem
3198 3131 3428 3188 describi
3459 3135 3728 3204 liquidum

2152 3231 2256 3277 ost.
2289 3221 2500 3277 Accidit
2530 3221 2622 3276 illa
2661 3237 2806 3277 anno
2861 3221 2987 3288 378,
3035 3238 3069 3276 v
3126 3221 3250 3279 Idus
3282 3224 3531 3296 Augusti,
3563 3237 3731 3298 atque

2153 3314 2292 3371 adeo
2329 3325 2451 3386 post
2477 3316 2582 3372 hoc
2624 3326 2841 3387 tempus
2893 3317 3094 3373 emissa
3121 3317 3223 3372 fuit
3251 3317 3367 3373 haec
3405 3321 3472 3372 ad
3508 3321 3724 3374 vittatam

2145 3408 2416 3478 juniorem
2455 3409 2770 3478 para-nesis.
2811 3407 2880 3464 Ut
2907 3424 3072 3479 porro
3117 3425 3181 3466 ex
3209 3409 3346 3467 aliis‘
3376 3411 3498 3481 ejus
3541 3414 3727 3469 verbis

2153 3501 2282 3556 editi
2313 3501 2562 3570 upusculi
2585 3517 2789 3556 annuat
2823 3502 3082 3558 subtilius
3108 3504 3476 3574 exploremus,
3507 3507 3726 3576 singula

2154 3594 2347 3650 ordine
2378 3607 2774 3664 persequamur
2806 3603 3040 3665 oportet.
3068 3594 3154 3650 Ea:
3180 3613 3384 3663 novem,
3411 3599 3608 3669 inquit,
3633 3605 3728 3672 qui

2150 3691 2333 3738 nostro
2359 3699 2466 3738 antu
2493 3684 2842 3754 imperarunt,
2869 3684 2962 3737 ἐπὶ
3002 3685 3103 3756 τῆς
3147 3691 3344 3756 γενεᾶς
3381 3691 3481 3759 τῆς
3524 3694 3730 3762 ἡμετέ-

2151 3793 2279 3848 ρας,
2307 3777 2412 3830 duo
2442 3774 2544 3830 soli
2578 3777 2845 3831 communi
2885 3788 3054 3833 morte
3086 3780 3247 3834 vitam
3293 3782 3618 3839 clauserunt.
3656 3785 3726 3840 lli

2147 3882 2342 3922 novem
2384 3867 2746 3937 imperatores
2767 3882 2890 3923 esse
2947 3869 3222 3934 videntur,
3256 3871 3635 3938 Constantius,
3671 3888 3727 3931 et

2146 3958 2243 4012 lilii
2273 3957 2395 4028 ejus
2427 3957 2839 4022 Constantinus,
2894 3957 3251 4018 Constantius
3301 3972 3356 4018 et
3411 3965 3722 4023 Constans:

2135 4060 2443 4120 posteaque
2475 4049 2685 4116 Gallus,
2715 4052 2808 4120 qui
2873 4052 3001 4106 licet
3050 4053 3230 4108 Cmsar
3279 4064 3488 4110 tantum
3531 4059 3723 4126 fuerit,

2147 4143 2238 4198 hic
2274 4151 2452 4197 tamen
2505 4156 2843 4198 memoratur
2881 4145 3185 4201 trucidatus
3235 4147 3303 4202 ab
3351 4164 3441 4211 eo,
3484 4151 3578 4219 qui
3621 4153 3724 4220 ipsi

2145 4250 2438 4304 purpuram
2503 4236 2846 4305 imposuerat,
2876 4253 3070 4307 nempe
3112 4238 3470 4304 Constantio;
3531 4255 3724 4299 sextus

2144 4324 2418 4391 Julianus,
2445 4327 2706 4396 septimus
2756 4326 3043 4393 Juvianus,
3108 4341 3335 4387 octavus
3388 4331 3728 4391 Valentinia-

2147 4431 2251 4471 nus
2300 4417 2341 4480 l,
2397 4434 2576 4474 nonus
2633 4416 2850 4475 Valens.
2914 4419 3045 4476 Nam
3099 4424 3243 4491 quod
3294 4423 3721 4482 Constantinum

2143 4507 2289 4562 dicat
2323 4518 2596 4562 mortuum
2629 4509 2720 4560 ἐπὶ
2762 4509 2861 4578 τῆς
2903 4511 3094 4578 γενεᾶς
3138 4513 3236 4582 τῆς
3272 4514 3566 4585 ἡμετέρας,
3605 4534 3718 4571 (ιύο

2146 4610 2346 4668 nostro,
2381 4601 2464 4655 vel
2490 4603 2557 4654 ad
2583 4602 2840 4665 litteram,
2876 4605 3208 4672 generatione
3252 4619 3456 4672 nostra,
3499 4611 3726 4666 etiamsi

2147 4694 2192 4748 is
2221 4704 2347 4748 ante
2371 4691 2747 4763 Cbrysostumi
2775 4703 2957 4748 ortum
3009 4695 3235 4760 abierit,
3293 4699 3429 4752 nihil
3490 4703 3721 4757 mirum.

2145 4784 2358 4839 Etenim
2394 4793 2752 4854 przrterquam
2781 4785 2926 4855 quod
2951 4787 3004 4840 in
3051 4803 3204 4841 more
3233 4798 3317 4843 est
3364 4804 3425 4843 ea
3457 4807 3574 4846 :evo
3627 4811 3727 4848 no-

2147 4887 2260 4932 stro
2287 4879 2468 4932 dicere
2509 4877 2673 4940 faeta,
2703 4895 2825 4948 qua:
2863 4891 3079 4949 patrum
3123 4891 3436 4938 nostrorum
3471 4897 3726 4956 tempore

2145 4967 2508 5038 contigerunt,
2556 4967 2606 5021 id
2641 4969 2783 5038 apud
2855 4970 3032 5040 ipsum
3065 4971 3512 5043 Chrysostomum
3547 4981 3728 5033 usita-

2145 5068 2260 5112 tum
2315 5061 2637 5128 reperimus,
2691 5062 2784 5130 qui
2837 5063 3057 5116 humilia
3110 5081 3178 5118 xv
3211 5068 3279 5120 ad
3339 5067 3726 5140 Philippeum

2143 5152 2276 5207 dicit
2313 5151 2528 5208 Fausta:
2552 5156 2740 5210 uxoris
2761 5153 3106 5210 Constantini
3134 5173 3317 5213 necem
3343 5175 3444 5215 suo
3471 5170 3726 5232 tempore

2143 5246 2458 5316 contigisse,
2496 5246 2717 5299 ἐπὶτῶν
2738 5248 2943 5319 χρόνων
2967 5249 3074 5301 τῶν
3095 5251 3395 5323 ἡμετέρων.
3420 5251 3498 5306 Ex
3535 5255 3604 5309 iis
3627 5257 3729 5310 itas

2143 5354 2252 5408 que
2281 5354 2473 5395 novem
2503 5341 2924 5409 imperatoribus
2957 5341 3108 5413 [337]
3134 5344 3243 5398 duo
3297 5346 3396 5399 soli
3427 5354 3727 5404 communi

2147 5441 2320 5485 morte
2352 5433 2518 5486 vitam
2554 5432 2891 5497 clauserunt,
2919 5434 3169 5489 videlicet
3215 5435 3613 5495 Constantinus
3673 5452 3732 5496 et

2145 5522 2501 5579 Constantius
2547 5524 2668 5594 ejus
2699 5524 2863 5579 ﬁlius.
2905 5525 2985 5579 Ex
3037 5526 3258 5595 reliquis
3315 5543 3444 5584 vero
3491 5531 3640 5586 alius
3696 5549 3728 5586 a

2143 5625 2375 5688 tyranno
2402 5618 2618 5673 occisus
2646 5627 2748 5683 est,
2780 5634 2974 5688 nempe
3005 5617 3278 5676 Constans
3299 5635 3330 5675 a
3362 5619 3684 5691 Magnentio
3711 5642 3726 5688 ;

2144 5713 2285 5766 alius
2319 5712 2372 5766 in
2407 5712 2547 5767 bello
2577 5714 2757 5783 periit,
2791 5713 3051 5768 nimirum
3078 5714 3470 5770 Constantinus
3492 5716 3726 5786 junior;

2143 5803 2285 5858 alius
2317 5803 2740 5859 domesticorum
2785 5806 3074 5860 custodum
3112 5806 3366 5860 insidiis:
3416 5808 3464 5862 is
3510 5818 3596 5862 est
3626 5807 3730 5862 Jo-

2141 5894 2502 5964 vianus,-qui,
2533 5905 2588 5951 ut
2624 5894 2789 5954 refert
2847 5896 3078 5965 Suidas,
3115 5906 3384 5952 venenato
3435 5897 3556 5954 cibo
3622 5914 3728 5953 ex-
