  <div class='ocr_page' id='page_1' title='image "/cluster/home/n/w/nwhite01/storage/ocr_20150623/48/hvd.32044014784250/080.png"; bbox 0 0 3898 6296; ppageno 0'>
   <div class='ocr_carea' id='block_1_1' title="bbox 132 413 2396 475">
    <p class='ocr_par' dir='ltr' id='par_1_1' title="bbox 132 413 2396 475">
     <span class='ocr_line' id='line_1_1' title="bbox 132 413 2396 475; baseline -0.002 -2"><span class='ocrx_word' id='word_1_1' title='bbox 132 419 245 475; x_wconf 73' lang='grc'><strong>597⁸</strong></span> <span class='ocrx_word' id='word_1_2' title='bbox 1128 414 1219 469; x_wconf 80' lang='lat' dir='ltr'><strong>AD</strong></span> <span class='ocrx_word' id='word_1_3' title='bbox 1256 414 1521 473; x_wconf 76' lang='lat' dir='ltr'><strong>VlDUAM</strong></span> <span class='ocrx_word' id='word_1_4' title='bbox 1553 413 1925 471; x_wconf 72' lang='lat' dir='ltr'><strong>JUNlOREM.</strong></span> <span class='ocrx_word' id='word_1_5' title='bbox 1955 443 2025 455; x_wconf 89' lang='lat'><strong><em>—</em></strong></span> <span class='ocrx_word' id='word_1_6' title='bbox 2058 413 2396 473; x_wconf 74' lang='lat' dir='ltr'><strong>MONITUM.</strong></span> 
     </span>
    </p>
   </div>
   <div class='ocr_carea' id='block_1_2' title="bbox 132 531 1709 605">
    <p class='ocr_par' dir='ltr' id='par_1_2' title="bbox 132 531 1709 605">
     <span class='ocr_line' id='line_1_2' title="bbox 132 531 1709 605; baseline -0.005 -12"><span class='ocrx_word' id='word_1_7' title='bbox 132 538 361 593; x_wconf 83' lang='lat' dir='ltr'><strong>stinctus</strong></span> <span class='ocrx_word' id='word_1_8' title='bbox 389 541 496 598; x_wconf 86' lang='lat' dir='ltr'><strong>est,</strong></span> <span class='ocrx_word' id='word_1_9' title='bbox 543 533 765 605; x_wconf 77' lang='grc' dir='ltr'>μύκητα</span> <span class='ocrx_word' id='word_1_10' title='bbox 807 531 1273 602; x_wconf 79' lang='grc' dir='ltr'><strong>πεφαρμαγμένον</strong></span> <span class='ocrx_word' id='word_1_11' title='bbox 1316 531 1523 601; x_wconf 82' lang='grc' dir='ltr'>φαγών,</span> <span class='ocrx_word' id='word_1_12' title='bbox 1566 532 1709 600; x_wconf 84' lang='lat' dir='ltr'><strong>quod</strong></span> 
     </span>
    </p>
   </div>
   <div class='ocr_carea' id='block_1_3' title="bbox 132 624 1709 700">
    <p class='ocr_par' dir='ltr' id='par_1_3' title="bbox 132 624 1709 700">
     <span class='ocr_line' id='line_1_3' title="bbox 132 624 1709 700; baseline -0.007 -15"><span class='ocrx_word' id='word_1_13' title='bbox 132 631 239 700; x_wconf 89' lang='lat' dir='ltr'><strong>ipse</strong></span> <span class='ocrx_word' id='word_1_14' title='bbox 266 626 705 699; x_wconf 81' lang='lat' dir='ltr'><strong>Chrysostomus</strong></span> <span class='ocrx_word' id='word_1_15' title='bbox 740 625 1033 679; x_wconf 72' lang='lat' dir='ltr'><strong>conitirmat</strong></span> <span class='ocrx_word' id='word_1_16' title='bbox 1077 625 1228 679; x_wconf 89' lang='lat' dir='ltr'><strong>hom.</strong></span> <span class='ocrx_word' id='word_1_17' title='bbox 1289 641 1357 679; x_wconf 79' lang='lat' dir='ltr'><strong>xv</strong></span> <span class='ocrx_word' id='word_1_18' title='bbox 1405 624 1471 679; x_wconf 88' lang='lat' dir='ltr'><strong>ad</strong></span> <span class='ocrx_word' id='word_1_19' title='bbox 1507 624 1709 692; x_wconf 85' lang='lat' dir='ltr'><strong>Philip-</strong></span> 
     </span>
    </p>
   </div>
   <div class='ocr_carea' id='block_1_4' title="bbox 134 716 1711 791">
    <p class='ocr_par' dir='ltr' id='par_1_4' title="bbox 134 716 1711 791">
     <span class='ocr_line' id='line_1_4' title="bbox 134 716 1711 791; baseline -0.003 -17"><span class='ocrx_word' id='word_1_20' title='bbox 134 735 340 791; x_wconf 81' lang='lat' dir='ltr'><strong>penses,</strong></span> <span class='ocrx_word' id='word_1_21' title='bbox 402 717 511 771; x_wconf 73' lang='grc' dir='ltr'><strong>ὑπὸ</strong></span> <span class='ocrx_word' id='word_1_22' title='bbox 542 716 883 790; x_wconf 79' lang='grc' dir='ltr'><strong>δηλητηρίων</strong></span> <span class='ocrx_word' id='word_1_23' title='bbox 908 716 1149 787; x_wconf 82' lang='grc' dir='ltr'><strong>ἀνῄρητο</strong></span> <span class='ocrx_word' id='word_1_24' title='bbox 1180 717 1508 788; x_wconf 82' lang='grc' dir='ltr'><strong>φαρμάκων.</strong></span> <span class='ocrx_word' id='word_1_25' title='bbox 1558 717 1711 769; x_wconf 79' lang='lat' dir='ltr'><strong>Alius</strong></span> 
     </span>
    </p>
   </div>
   <div class='ocr_carea' id='block_1_5' title="bbox 134 809 1713 882">
    <p class='ocr_par' dir='ltr' id='par_1_5' title="bbox 134 809 1713 882">
     <span class='ocr_line' id='line_1_5' title="bbox 134 809 1713 882; baseline -0.003 -15"><span class='ocrx_word' id='word_1_26' title='bbox 134 814 197 868; x_wconf 88' lang='lat' dir='ltr'><strong>ab</strong></span> <span class='ocrx_word' id='word_1_27' title='bbox 242 813 338 867; x_wconf 74' lang='lat' dir='ltr'><strong>illo</strong></span> <span class='ocrx_word' id='word_1_28' title='bbox 366 812 515 882; x_wconf 87' lang='lat' dir='ltr'><strong>ipso,</strong></span> <span class='ocrx_word' id='word_1_29' title='bbox 571 812 666 881; x_wconf 85' lang='lat' dir='ltr'><strong>qui</strong></span> <span class='ocrx_word' id='word_1_30' title='bbox 733 825 1032 879; x_wconf 78' lang='lat' dir='ltr'><strong>purpuram</strong></span> <span class='ocrx_word' id='word_1_31' title='bbox 1089 809 1447 878; x_wconf 75' lang='lat' dir='ltr'><strong>imposuerat,</strong></span> <span class='ocrx_word' id='word_1_32' title='bbox 1504 809 1713 863; x_wconf 82' lang='lat' dir='ltr'><strong>scilicet</strong></span> 
     </span>
    </p>
   </div>
   <div class='ocr_carea' id='block_1_6' title="bbox 132 898 1713 971">
    <p class='ocr_par' dir='ltr' id='par_1_6' title="bbox 132 898 1713 971">
     <span class='ocr_line' id='line_1_6' title="bbox 132 898 1713 971; baseline -0.004 -12"><span class='ocrx_word' id='word_1_33' title='bbox 132 906 314 961; x_wconf 87' lang='lat' dir='ltr'><strong>Gallus</strong></span> <span class='ocrx_word' id='word_1_34' title='bbox 345 906 535 959; x_wconf 67' lang='lat' dir='ltr'><strong>Caesar</strong></span> <span class='ocrx_word' id='word_1_35' title='bbox 582 919 613 956; x_wconf 89' lang='lat' dir='ltr'><strong>a</strong></span> <span class='ocrx_word' id='word_1_36' title='bbox 670 900 1013 956; x_wconf 86' lang='lat' dir='ltr'><strong>Constantio.</strong></span> <span class='ocrx_word' id='word_1_37' title='bbox 1068 898 1342 955; x_wconf 83' lang='lat' dir='ltr'><strong>Hactenus</strong></span> <span class='ocrx_word' id='word_1_38' title='bbox 1387 898 1713 971; x_wconf 80' lang='lat' dir='ltr'><strong>Chrysosto-</strong></span> 
     </span>
    </p>
   </div>
   <div class='ocr_carea' id='block_1_7' title="bbox 131 990 1712 1064">
    <p class='ocr_par' dir='ltr' id='par_1_7' title="bbox 131 990 1712 1064">
     <span class='ocr_line' id='line_1_7' title="bbox 131 990 1712 1064; baseline -0.002 -16"><span class='ocrx_word' id='word_1_39' title='bbox 131 1010 270 1058; x_wconf 88' lang='lat' dir='ltr'><strong>mus,</strong></span> <span class='ocrx_word' id='word_1_40' title='bbox 312 994 409 1064; x_wconf 89' lang='lat' dir='ltr'><strong>qui</strong></span> <span class='ocrx_word' id='word_1_41' title='bbox 452 993 508 1047; x_wconf 91' lang='lat' dir='ltr'><strong>in</strong></span> <span class='ocrx_word' id='word_1_42' title='bbox 546 992 867 1047; x_wconf 89' lang='lat' dir='ltr'><strong>recensione</strong></span> <span class='ocrx_word' id='word_1_43' title='bbox 916 992 1258 1061; x_wconf 84' lang='lat' dir='ltr'><strong>reliquorum</strong></span> <span class='ocrx_word' id='word_1_44' title='bbox 1294 990 1459 1045; x_wconf 90' lang='lat' dir='ltr'><strong>trium</strong></span> <span class='ocrx_word' id='word_1_45' title='bbox 1510 990 1712 1046; x_wconf 85' lang='lat' dir='ltr'><strong>violen-</strong></span> 
     </span>
    </p>
   </div>
   <div class='ocr_carea' id='block_1_8' title="bbox 129 1081 1711 1153">
    <p class='ocr_par' dir='ltr' id='par_1_8' title="bbox 129 1081 1711 1153">
     <span class='ocr_line' id='line_1_8' title="bbox 129 1081 1711 1153; baseline -0.003 -12"><span class='ocrx_word' id='word_1_46' title='bbox 129 1097 234 1141; x_wconf 97' lang='lat' dir='ltr'><strong>tam</strong></span> <span class='ocrx_word' id='word_1_47' title='bbox 266 1096 508 1141; x_wconf 90' lang='lat' dir='ltr'><strong>mortem</strong></span> <span class='ocrx_word' id='word_1_48' title='bbox 544 1093 708 1148; x_wconf 90' lang='lat' dir='ltr'><strong>tacet,</strong></span> <span class='ocrx_word' id='word_1_49' title='bbox 743 1082 945 1139; x_wconf 81' lang='lat' dir='ltr'><strong>Juliani</strong></span> <span class='ocrx_word' id='word_1_50' title='bbox 977 1098 1193 1152; x_wconf 85' lang='lat' dir='ltr'><strong>nempe,</strong></span> <span class='ocrx_word' id='word_1_51' title='bbox 1220 1083 1313 1153; x_wconf 90' lang='lat' dir='ltr'><strong>qui</strong></span> <span class='ocrx_word' id='word_1_52' title='bbox 1351 1098 1476 1137; x_wconf 92' lang='lat' dir='ltr'><strong>cum</strong></span> <span class='ocrx_word' id='word_1_53' title='bbox 1529 1081 1711 1138; x_wconf 88' lang='lat' dir='ltr'><strong>Persis</strong></span> 
     </span>
    </p>
   </div>
   <div class='ocr_carea' id='block_1_9' title="bbox 128 1174 1707 1253">
    <p class='ocr_par' dir='ltr' id='par_1_9' title="bbox 128 1174 1707 1253">
     <span class='ocr_line' id='line_1_9' title="bbox 128 1174 1707 1253; baseline -0.003 -19"><span class='ocrx_word' id='word_1_54' title='bbox 128 1194 378 1253; x_wconf 75' lang='lat' dir='ltr'><strong>pugnans</strong></span> <span class='ocrx_word' id='word_1_55' title='bbox 406 1177 627 1234; x_wconf 87' lang='lat' dir='ltr'><strong>occisus</strong></span> <span class='ocrx_word' id='word_1_56' title='bbox 656 1184 740 1231; x_wconf 91' lang='lat' dir='ltr'><strong>est</strong></span> <span class='ocrx_word' id='word_1_57' title='bbox 768 1193 784 1241; x_wconf 87' lang='lat'><strong>;</strong></span> <span class='ocrx_word' id='word_1_58' title='bbox 817 1175 1183 1230; x_wconf 69' lang='lat' dir='ltr'><strong>Valentiniani</strong></span> <span class='ocrx_word' id='word_1_59' title='bbox 1219 1175 1416 1246; x_wconf 88' lang='lat' dir='ltr'><strong>primi,</strong></span> <span class='ocrx_word' id='word_1_60' title='bbox 1449 1174 1543 1245; x_wconf 88' lang='lat' dir='ltr'><strong>qui</strong></span> <span class='ocrx_word' id='word_1_61' title='bbox 1583 1190 1707 1230; x_wconf 92' lang='lat' dir='ltr'><strong>cum</strong></span> 
     </span>
    </p>
   </div>
   <div class='ocr_carea' id='block_1_10' title="bbox 124 1267 1711 1341">
    <p class='ocr_par' dir='ltr' id='par_1_10' title="bbox 124 1267 1711 1341">
     <span class='ocr_line' id='line_1_10' title="bbox 124 1267 1711 1341; baseline -0.004 -13"><span class='ocrx_word' id='word_1_62' title='bbox 124 1274 452 1341; x_wconf 83' lang='lat' dir='ltr'><strong>Quadorum</strong></span> <span class='ocrx_word' id='word_1_63' title='bbox 523 1270 716 1340; x_wconf 76' lang='lat' dir='ltr'><strong>legalis</strong></span> <span class='ocrx_word' id='word_1_64' title='bbox 773 1269 1132 1338; x_wconf 89' lang='lat' dir='ltr'><strong>responderet</strong></span> <span class='ocrx_word' id='word_1_65' title='bbox 1188 1268 1382 1332; x_wconf 90' lang='lat' dir='ltr'><strong>iratus,</strong></span> <span class='ocrx_word' id='word_1_66' title='bbox 1444 1267 1711 1337; x_wconf 84' lang='lat' dir='ltr'><strong>proﬂuvio</strong></span> 
     </span>
    </p>
   </div>
   <div class='ocr_carea' id='block_1_11' title="bbox 128 1359 1708 1436">
    <p class='ocr_par' dir='ltr' id='par_1_11' title="bbox 128 1359 1708 1436">
     <span class='ocr_line' id='line_1_11' title="bbox 128 1359 1708 1436; baseline -0.004 -14"><span class='ocrx_word' id='word_1_67' title='bbox 128 1365 415 1436; x_wconf 77' lang='lat' dir='ltr'><strong>sanguinis</strong></span> <span class='ocrx_word' id='word_1_68' title='bbox 442 1362 743 1420; x_wconf 78' lang='lat' dir='ltr'><strong>suffocatus</strong></span> <span class='ocrx_word' id='word_1_69' title='bbox 768 1361 1062 1431; x_wconf 88' lang='lat' dir='ltr'><strong>derepente</strong></span> <span class='ocrx_word' id='word_1_70' title='bbox 1093 1360 1323 1425; x_wconf 86' lang='lat' dir='ltr'><strong>interiit,</strong></span> <span class='ocrx_word' id='word_1_71' title='bbox 1359 1370 1414 1415; x_wconf 89' lang='lat' dir='ltr'><strong>et</strong></span> <span class='ocrx_word' id='word_1_72' title='bbox 1448 1359 1708 1424; x_wconf 75' lang='lat' dir='ltr'><strong>Valentis,</strong></span> 
     </span>
    </p>
   </div>
   <div class='ocr_carea' id='block_1_12' title="bbox 126 1453 1424 1531">
    <p class='ocr_par' dir='ltr' id='par_1_12' title="bbox 126 1453 1424 1531">
     <span class='ocr_line' id='line_1_12' title="bbox 126 1453 1424 1531; baseline -0.007 -16"><span class='ocrx_word' id='word_1_73' title='bbox 126 1476 283 1531; x_wconf 85' lang='lat' dir='ltr'><strong>quem</strong></span> <span class='ocrx_word' id='word_1_74' title='bbox 316 1468 513 1529; x_wconf 86' lang='lat' dir='ltr'><strong>postea</strong></span> <span class='ocrx_word' id='word_1_75' title='bbox 546 1464 733 1511; x_wconf 88' lang='lat' dir='ltr'><strong>narrat</strong></span> <span class='ocrx_word' id='word_1_76' title='bbox 763 1471 791 1508; x_wconf 88' lang='lat' dir='ltr'><strong>a</strong></span> <span class='ocrx_word' id='word_1_77' title='bbox 832 1453 1028 1510; x_wconf 83' lang='lat' dir='ltr'><strong>Gothis</strong></span> <span class='ocrx_word' id='word_1_78' title='bbox 1056 1454 1424 1509; x_wconf 90' lang='lat' dir='ltr'><strong>combustum.</strong></span> 
     </span>
    </p>
   </div>
   <div class='ocr_carea' id='block_1_13' title="bbox 191 1546 1712 1622">
    <p class='ocr_par' dir='ltr' id='par_1_13' title="bbox 191 1546 1712 1622">
     <span class='ocr_line' id='line_1_13' title="bbox 191 1546 1712 1622; baseline -0.005 -15"><span class='ocrx_word' id='word_1_79' title='bbox 191 1552 354 1619; x_wconf 85' lang='lat' dir='ltr'><strong>Quod</strong></span> <span class='ocrx_word' id='word_1_80' title='bbox 403 1558 619 1622; x_wconf 80' lang='lat' dir='ltr'><strong>spectat</strong></span> <span class='ocrx_word' id='word_1_81' title='bbox 656 1558 838 1604; x_wconf 86' lang='lat' dir='ltr'><strong>autem</strong></span> <span class='ocrx_word' id='word_1_82' title='bbox 893 1548 962 1604; x_wconf 87' lang='lat' dir='ltr'><strong>ad</strong></span> <span class='ocrx_word' id='word_1_83' title='bbox 994 1546 1375 1603; x_wconf 78' lang='lat' dir='ltr'><strong>defunctorum</strong></span> <span class='ocrx_word' id='word_1_84' title='bbox 1416 1546 1712 1617; x_wconf 77' lang='lat' dir='ltr'><strong>imperato-</strong></span> 
     </span>
    </p>
   </div>
   <div class='ocr_carea' id='block_1_14' title="bbox 125 1639 1713 1715">
    <p class='ocr_par' dir='ltr' id='par_1_14' title="bbox 125 1639 1713 1715">
     <span class='ocr_line' id='line_1_14' title="bbox 125 1639 1713 1715; baseline -0.005 -13"><span class='ocrx_word' id='word_1_85' title='bbox 125 1664 241 1703; x_wconf 83' lang='lat' dir='ltr'><strong>rum</strong></span> <span class='ocrx_word' id='word_1_86' title='bbox 269 1660 501 1711; x_wconf 75' lang='lat' dir='ltr'><strong>uxores,</strong></span> <span class='ocrx_word' id='word_1_87' title='bbox 528 1658 670 1715; x_wconf 89' lang='lat' dir='ltr'><strong>quas</strong></span> <span class='ocrx_word' id='word_1_88' title='bbox 706 1643 908 1713; x_wconf 86' lang='lat' dir='ltr'><strong>partim</strong></span> <span class='ocrx_word' id='word_1_89' title='bbox 946 1656 1184 1706; x_wconf 89' lang='lat' dir='ltr'><strong>veneno,</strong></span> <span class='ocrx_word' id='word_1_90' title='bbox 1221 1639 1417 1711; x_wconf 87' lang='lat' dir='ltr'><strong>partim</strong></span> <span class='ocrx_word' id='word_1_91' title='bbox 1473 1653 1713 1695; x_wconf 65' lang='lat' dir='ltr'><strong>maerore</strong></span> 
     </span>
    </p>
   </div>
   <div class='ocr_carea' id='block_1_15' title="bbox 125 1730 1712 1799">
    <p class='ocr_par' dir='ltr' id='par_1_15' title="bbox 125 1730 1712 1799">
     <span class='ocr_line' id='line_1_15' title="bbox 125 1730 1712 1799; baseline -0.006 -5"><span class='ocrx_word' id='word_1_92' title='bbox 125 1740 432 1795; x_wconf 75' lang='lat' dir='ltr'><strong>exstinctas</strong></span> <span class='ocrx_word' id='word_1_93' title='bbox 457 1736 616 1799; x_wconf 90' lang='lat' dir='ltr'><strong>dicit,</strong></span> <span class='ocrx_word' id='word_1_94' title='bbox 656 1734 861 1789; x_wconf 88' lang='lat' dir='ltr'><strong>nullam</strong></span> <span class='ocrx_word' id='word_1_95' title='bbox 902 1733 1004 1789; x_wconf 90' lang='lat' dir='ltr'><strong>hac</strong></span> <span class='ocrx_word' id='word_1_96' title='bbox 1038 1733 1093 1788; x_wconf 93' lang='lat' dir='ltr'><strong>in</strong></span> <span class='ocrx_word' id='word_1_97' title='bbox 1131 1747 1190 1789; x_wconf 88' lang='lat' dir='ltr'><strong>re</strong></span> <span class='ocrx_word' id='word_1_98' title='bbox 1247 1731 1497 1787; x_wconf 86' lang='lat' dir='ltr'><strong>historici</strong></span> <span class='ocrx_word' id='word_1_99' title='bbox 1552 1730 1712 1786; x_wconf 91' lang='lat' dir='ltr'><strong>nobis</strong></span> 
     </span>
    </p>
   </div>
   <div class='ocr_carea' id='block_1_16' title="bbox 126 1823 1713 1893">
    <p class='ocr_par' dir='ltr' id='par_1_16' title="bbox 126 1823 1713 1893">
     <span class='ocr_line' id='line_1_16' title="bbox 126 1823 1713 1893; baseline -0.006 -7"><span class='ocrx_word' id='word_1_100' title='bbox 126 1831 307 1886; x_wconf 89' lang='lat' dir='ltr'><strong>lucem</strong></span> <span class='ocrx_word' id='word_1_101' title='bbox 342 1827 683 1883; x_wconf 86' lang='lat' dir='ltr'><strong>ministrant.</strong></span> <span class='ocrx_word' id='word_1_102' title='bbox 736 1823 816 1879; x_wconf 79' lang='lat' dir='ltr'><strong>Ex</strong></span> <span class='ocrx_word' id='word_1_103' title='bbox 863 1824 1079 1879; x_wconf 89' lang='lat' dir='ltr'><strong>duabus</strong></span> <span class='ocrx_word' id='word_1_104' title='bbox 1114 1832 1294 1879; x_wconf 89' lang='lat' dir='ltr'><strong>autem</strong></span> <span class='ocrx_word' id='word_1_105' title='bbox 1332 1838 1455 1893; x_wconf 71' lang='lat' dir='ltr'><strong>quae</strong></span> <span class='ocrx_word' id='word_1_106' title='bbox 1515 1837 1713 1892; x_wconf 87' lang='lat' dir='ltr'><strong>super-</strong></span> 
     </span>
    </p>
   </div>
   <div class='ocr_carea' id='block_1_17' title="bbox 125 1914 1714 1991">
    <p class='ocr_par' dir='ltr' id='par_1_17' title="bbox 125 1914 1714 1991">
     <span class='ocr_line' id='line_1_17' title="bbox 125 1914 1714 1991; baseline -0.007 -11"><span class='ocrx_word' id='word_1_107' title='bbox 125 1926 279 1982; x_wconf 86' lang='lat' dir='ltr'><strong>stites</strong></span> <span class='ocrx_word' id='word_1_108' title='bbox 305 1928 492 1988; x_wconf 87' lang='lat' dir='ltr'><strong>erant,</strong></span> <span class='ocrx_word' id='word_1_109' title='bbox 526 1934 649 1991; x_wconf 69' lang='lat' dir='ltr'><strong>qua:</strong></span> <span class='ocrx_word' id='word_1_110' title='bbox 682 1918 888 1989; x_wconf 87' lang='lat' dir='ltr'><strong>pupillo</strong></span> <span class='ocrx_word' id='word_1_111' title='bbox 933 1917 1046 1972; x_wconf 82' lang='lat' dir='ltr'><strong>filio</strong></span> <span class='ocrx_word' id='word_1_112' title='bbox 1075 1917 1302 1972; x_wconf 85' lang='lat' dir='ltr'><strong>timebat</strong></span> <span class='ocrx_word' id='word_1_113' title='bbox 1328 1931 1395 1972; x_wconf 90' lang='lat' dir='ltr'><strong>ne</strong></span> <span class='ocrx_word' id='word_1_114' title='bbox 1436 1915 1562 1987; x_wconf 88' lang='lat' dir='ltr'><strong>quis</strong></span> <span class='ocrx_word' id='word_1_115' title='bbox 1608 1914 1714 1969; x_wconf 87' lang='lat' dir='ltr'><strong>im-</strong></span> 
     </span>
    </p>
   </div>
   <div class='ocr_carea' id='block_1_18' title="bbox 125 2008 1709 2089">
    <p class='ocr_par' dir='ltr' id='par_1_18' title="bbox 125 2008 1709 2089">
     <span class='ocr_line' id='line_1_18' title="bbox 125 2008 1709 2089; baseline -0.007 -16"><span class='ocrx_word' id='word_1_116' title='bbox 125 2026 448 2089; x_wconf 86' lang='lat' dir='ltr'><strong>peratorum</strong></span> <span class='ocrx_word' id='word_1_117' title='bbox 471 2028 600 2069; x_wconf 90' lang='lat' dir='ltr'><strong>eum</strong></span> <span class='ocrx_word' id='word_1_118' title='bbox 632 2022 781 2068; x_wconf 89' lang='lat' dir='ltr'><strong>metu</strong></span> <span class='ocrx_word' id='word_1_119' title='bbox 818 2010 1134 2067; x_wconf 90' lang='lat' dir='ltr'><strong>futurorum</strong></span> <span class='ocrx_word' id='word_1_120' title='bbox 1170 2008 1238 2066; x_wconf 87' lang='lat' dir='ltr'><strong>de</strong></span> <span class='ocrx_word' id='word_1_121' title='bbox 1270 2009 1451 2064; x_wconf 91' lang='lat' dir='ltr'><strong>medio</strong></span> <span class='ocrx_word' id='word_1_122' title='bbox 1476 2008 1709 2072; x_wconf 90' lang='lat' dir='ltr'><strong>tolleret,</strong></span> 
     </span>
    </p>
   </div>
   <div class='ocr_carea' id='block_1_19' title="bbox 126 2097 1714 2170">
    <p class='ocr_par' dir='ltr' id='par_1_19' title="bbox 126 2097 1714 2170">
     <span class='ocr_line' id='line_1_19' title="bbox 126 2097 1714 2170; baseline -0.007 -6"><span class='ocrx_word' id='word_1_123' title='bbox 126 2110 342 2164; x_wconf 83' lang='lat' dir='ltr'><strong>videtur</strong></span> <span class='ocrx_word' id='word_1_124' title='bbox 376 2104 609 2160; x_wconf 88' lang='lat' dir='ltr'><strong>omnino</strong></span> <span class='ocrx_word' id='word_1_125' title='bbox 638 2117 761 2159; x_wconf 88' lang='lat' dir='ltr'><strong>esse</strong></span> <span class='ocrx_word' id='word_1_126' title='bbox 799 2118 940 2157; x_wconf 81' lang='lat' dir='ltr'><strong>uxor</strong></span> <span class='ocrx_word' id='word_1_127' title='bbox 966 2099 1203 2164; x_wconf 68' lang='lat' dir='ltr'><strong>Ioviani,</strong></span> <span class='ocrx_word' id='word_1_128' title='bbox 1233 2099 1390 2170; x_wconf 86' lang='lat' dir='ltr'><strong>cujus</strong></span> <span class='ocrx_word' id='word_1_129' title='bbox 1428 2099 1538 2153; x_wconf 83' lang='lat' dir='ltr'><strong>filio</strong></span> <span class='ocrx_word' id='word_1_130' title='bbox 1575 2097 1714 2153; x_wconf 72' lang='lat' dir='ltr'><strong>Var-</strong></span> 
     </span>
    </p>
   </div>
   <div class='ocr_carea' id='block_1_20' title="bbox 128 2189 1715 2268">
    <p class='ocr_par' dir='ltr' id='par_1_20' title="bbox 128 2189 1715 2268">
     <span class='ocr_line' id='line_1_20' title="bbox 128 2189 1715 2268; baseline -0.009 -11"><span class='ocrx_word' id='word_1_131' title='bbox 128 2202 368 2257; x_wconf 88' lang='lat' dir='ltr'><strong>roniano</strong></span> <span class='ocrx_word' id='word_1_132' title='bbox 399 2197 516 2268; x_wconf 87' lang='lat' dir='ltr'><strong>jam</strong></span> <span class='ocrx_word' id='word_1_133' title='bbox 553 2195 749 2251; x_wconf 90' lang='lat' dir='ltr'><strong>oculus</strong></span> <span class='ocrx_word' id='word_1_134' title='bbox 776 2193 912 2249; x_wconf 87' lang='lat' dir='ltr'><strong>alter</strong></span> <span class='ocrx_word' id='word_1_135' title='bbox 952 2190 1186 2248; x_wconf 79' lang='lat' dir='ltr'><strong>effossus</strong></span> <span class='ocrx_word' id='word_1_136' title='bbox 1211 2190 1410 2255; x_wconf 79' lang='lat' dir='ltr'><strong>fuerat,</strong></span> <span class='ocrx_word' id='word_1_137' title='bbox 1444 2204 1513 2245; x_wconf 92' lang='lat' dir='ltr'><strong>ne</strong></span> <span class='ocrx_word' id='word_1_138' title='bbox 1562 2189 1715 2244; x_wconf 89' lang='lat' dir='ltr'><strong>vide-</strong></span> 
     </span>
    </p>
   </div>
   <div class='ocr_carea' id='block_1_21' title="bbox 127 2287 1715 2363">
    <p class='ocr_par' dir='ltr' id='par_1_21' title="bbox 127 2287 1715 2363">
     <span class='ocr_line' id='line_1_21' title="bbox 127 2287 1715 2363; baseline -0.006 -14"><span class='ocrx_word' id='word_1_139' title='bbox 127 2296 249 2350; x_wconf 80' lang='lat' dir='ltr'><strong>licet</strong></span> <span class='ocrx_word' id='word_1_140' title='bbox 309 2301 608 2363; x_wconf 75' lang='lat' dir='ltr'><strong>paternum</strong></span> <span class='ocrx_word' id='word_1_141' title='bbox 672 2289 963 2359; x_wconf 90' lang='lat' dir='ltr'><strong>imperium</strong></span> <span class='ocrx_word' id='word_1_142' title='bbox 1028 2287 1345 2352; x_wconf 79' lang='lat' dir='ltr'><strong>ali&#39;ectaret,</strong></span> <span class='ocrx_word' id='word_1_143' title='bbox 1425 2295 1591 2356; x_wconf 88' lang='lat' dir='ltr'><strong>atque</strong></span> <span class='ocrx_word' id='word_1_144' title='bbox 1648 2301 1715 2341; x_wconf 91' lang='lat' dir='ltr'><strong>eo</strong></span> 
     </span>
    </p>
   </div>
   <div class='ocr_carea' id='block_1_22' title="bbox 128 2381 1713 2459">
    <p class='ocr_par' dir='ltr' id='par_1_22' title="bbox 128 2381 1713 2459">
     <span class='ocr_line' id='line_1_22' title="bbox 128 2381 1713 2459; baseline -0.007 -15"><span class='ocrx_word' id='word_1_145' title='bbox 128 2395 342 2459; x_wconf 86' lang='lat' dir='ltr'><strong>spectat</strong></span> <span class='ocrx_word' id='word_1_146' title='bbox 372 2384 511 2440; x_wconf 89' lang='lat' dir='ltr'><strong>illud</strong></span> <span class='ocrx_word' id='word_1_147' title='bbox 535 2383 686 2455; x_wconf 75' lang='grc' dir='ltr'>φόϐῳ</span> <span class='ocrx_word' id='word_1_148' title='bbox 710 2382 818 2437; x_wconf 83' lang='grc' dir='ltr'>τῶν</span> <span class='ocrx_word' id='word_1_149' title='bbox 847 2381 1171 2454; x_wconf 76' lang='grc' dir='ltr'>μελλόντων,</span> <span class='ocrx_word' id='word_1_150' title='bbox 1202 2389 1340 2435; x_wconf 87' lang='lat' dir='ltr'><strong>metu</strong></span> <span class='ocrx_word' id='word_1_151' title='bbox 1381 2381 1713 2450; x_wconf 83' lang='lat' dir='ltr'><strong>futurorum,</strong></span> 
     </span>
    </p>
   </div>
   <div class='ocr_carea' id='block_1_23' title="bbox 128 2472 1711 2547">
    <p class='ocr_par' dir='ltr' id='par_1_23' title="bbox 128 2472 1711 2547">
     <span class='ocr_line' id='line_1_23' title="bbox 128 2472 1711 2547; baseline -0.006 -11"><span class='ocrx_word' id='word_1_152' title='bbox 128 2496 195 2536; x_wconf 86' lang='lat' dir='ltr'><strong>ne</strong></span> <span class='ocrx_word' id='word_1_153' title='bbox 217 2478 441 2537; x_wconf 82' lang='lat' dir='ltr'><strong>scilicet</strong></span> <span class='ocrx_word' id='word_1_154' title='bbox 471 2485 700 2547; x_wconf 91' lang='lat' dir='ltr'><strong>paterno</strong></span> <span class='ocrx_word' id='word_1_155' title='bbox 718 2474 842 2545; x_wconf 88' lang='lat' dir='ltr'><strong>jure</strong></span> <span class='ocrx_word' id='word_1_156' title='bbox 870 2474 1167 2545; x_wconf 90' lang='lat' dir='ltr'><strong>imperator</strong></span> <span class='ocrx_word' id='word_1_157' title='bbox 1191 2472 1481 2528; x_wconf 85' lang='lat' dir='ltr'><strong>acclamari</strong></span> <span class='ocrx_word' id='word_1_158' title='bbox 1507 2482 1711 2542; x_wconf 85' lang='lat' dir='ltr'><strong>posset.</strong></span> 
     </span>
    </p>
   </div>
   <div class='ocr_carea' id='block_1_24' title="bbox 129 2562 1717 2643">
    <p class='ocr_par' dir='ltr' id='par_1_24' title="bbox 129 2562 1717 2643">
     <span class='ocr_line' id='line_1_24' title="bbox 129 2562 1717 2643; baseline -0.007 -15"><span class='ocrx_word' id='word_1_159' title='bbox 129 2573 255 2629; x_wconf 70' lang='lat' dir='ltr'><strong>Hau:</strong></span> <span class='ocrx_word' id='word_1_160' title='bbox 286 2571 497 2643; x_wconf 87' lang='lat' dir='ltr'><strong>quippe</strong></span> <span class='ocrx_word' id='word_1_161' title='bbox 518 2568 589 2626; x_wconf 91' lang='lat' dir='ltr'><strong>ad</strong></span> <span class='ocrx_word' id='word_1_162' title='bbox 616 2566 889 2624; x_wconf 82' lang='lat' dir='ltr'><strong>Justinam</strong></span> <span class='ocrx_word' id='word_1_163' title='bbox 926 2577 979 2621; x_wconf 91' lang='lat' dir='ltr'><strong>et</strong></span> <span class='ocrx_word' id='word_1_164' title='bbox 1006 2565 1178 2621; x_wconf 83' lang='lat' dir='ltr'><strong>tilium</strong></span> <span class='ocrx_word' id='word_1_165' title='bbox 1218 2565 1339 2635; x_wconf 85' lang='lat' dir='ltr'><strong>ejus</strong></span> <span class='ocrx_word' id='word_1_166' title='bbox 1382 2562 1717 2619; x_wconf 82' lang='lat' dir='ltr'><strong>Valentinia-</strong></span> 
     </span>
    </p>
   </div>
   <div class='ocr_carea' id='block_1_25' title="bbox 127 2654 1715 2733">
    <p class='ocr_par' dir='ltr' id='par_1_25' title="bbox 127 2654 1715 2733">
     <span class='ocr_line' id='line_1_25' title="bbox 127 2654 1715 2733; baseline -0.006 -13"><span class='ocrx_word' id='word_1_167' title='bbox 127 2680 262 2720; x_wconf 88' lang='lat' dir='ltr'><strong>num</strong></span> <span class='ocrx_word' id='word_1_168' title='bbox 292 2661 572 2733; x_wconf 86' lang='lat' dir='ltr'><strong>qnadrare</strong></span> <span class='ocrx_word' id='word_1_169' title='bbox 599 2676 710 2715; x_wconf 93' lang='lat' dir='ltr'><strong>non</strong></span> <span class='ocrx_word' id='word_1_170' title='bbox 760 2667 1014 2730; x_wconf 87' lang='lat' dir='ltr'><strong>possunt,</strong></span> <span class='ocrx_word' id='word_1_171' title='bbox 1060 2657 1262 2727; x_wconf 88' lang='lat' dir='ltr'><strong>quippe</strong></span> <span class='ocrx_word' id='word_1_172' title='bbox 1293 2655 1413 2726; x_wconf 92' lang='lat' dir='ltr'><strong>qui,</strong></span> <span class='ocrx_word' id='word_1_173' title='bbox 1469 2654 1598 2711; x_wconf 88' lang='lat' dir='ltr'><strong>licet</strong></span> <span class='ocrx_word' id='word_1_174' title='bbox 1630 2664 1715 2711; x_wconf 88' lang='lat' dir='ltr'><strong>te-</strong></span> 
     </span>
    </p>
   </div>
   <div class='ocr_carea' id='block_1_26' title="bbox 128 2747 1717 2824">
    <p class='ocr_par' dir='ltr' id='par_1_26' title="bbox 128 2747 1717 2824">
     <span class='ocr_line' id='line_1_26' title="bbox 128 2747 1717 2824; baseline -0.006 -11"><span class='ocrx_word' id='word_1_175' title='bbox 128 2757 333 2823; x_wconf 82' lang='lat' dir='ltr'><strong>neltus,</strong></span> <span class='ocrx_word' id='word_1_176' title='bbox 386 2754 689 2824; x_wconf 86' lang='lat' dir='ltr'><strong>imperator</strong></span> <span class='ocrx_word' id='word_1_177' title='bbox 746 2751 1082 2806; x_wconf 89' lang='lat' dir='ltr'><strong>acclamatus</strong></span> <span class='ocrx_word' id='word_1_178' title='bbox 1124 2749 1237 2820; x_wconf 90' lang='lat' dir='ltr'><strong>jam</strong></span> <span class='ocrx_word' id='word_1_179' title='bbox 1295 2747 1496 2813; x_wconf 83' lang='lat' dir='ltr'><strong>fuerat,</strong></span> <span class='ocrx_word' id='word_1_180' title='bbox 1542 2757 1596 2804; x_wconf 87' lang='lat' dir='ltr'><strong>et</strong></span> <span class='ocrx_word' id='word_1_181' title='bbox 1650 2764 1717 2803; x_wconf 78' lang='lat' dir='ltr'><strong>ex</strong></span> 
     </span>
    </p>
   </div>
   <div class='ocr_carea' id='block_1_27' title="bbox 128 2843 1715 2919">
    <p class='ocr_par' dir='ltr' id='par_1_27' title="bbox 128 2843 1715 2919">
     <span class='ocr_line' id='line_1_27' title="bbox 128 2843 1715 2919; baseline -0.004 -13"><span class='ocrx_word' id='word_1_182' title='bbox 128 2850 341 2907; x_wconf 78' lang='lat' dir='ltr'><strong>familia</strong></span> <span class='ocrx_word' id='word_1_183' title='bbox 398 2845 755 2919; x_wconf 89' lang='lat' dir='ltr'><strong>imperatoria</strong></span> <span class='ocrx_word' id='word_1_184' title='bbox 808 2854 940 2900; x_wconf 90' lang='lat' dir='ltr'><strong>tunc</strong></span> <span class='ocrx_word' id='word_1_185' title='bbox 991 2844 1294 2915; x_wconf 89' lang='lat' dir='ltr'><strong>imperante</strong></span> <span class='ocrx_word' id='word_1_186' title='bbox 1332 2853 1469 2899; x_wconf 88' lang='lat' dir='ltr'><strong>erat.</strong></span> <span class='ocrx_word' id='word_1_187' title='bbox 1529 2843 1715 2899; x_wconf 79' lang='lat' dir='ltr'><strong>Altera</strong></span> 
     </span>
    </p>
   </div>
   <div class='ocr_carea' id='block_1_28' title="bbox 131 2939 1716 3013">
    <p class='ocr_par' dir='ltr' id='par_1_28' title="bbox 131 2939 1716 3013">
     <span class='ocr_line' id='line_1_28' title="bbox 131 2939 1716 3013; baseline -0.003 -13"><span class='ocrx_word' id='word_1_188' title='bbox 131 2961 264 3002; x_wconf 82' lang='lat' dir='ltr'><strong>vero</strong></span> <span class='ocrx_word' id='word_1_189' title='bbox 318 2941 672 3013; x_wconf 88' lang='lat' dir='ltr'><strong>imperatoris</strong></span> <span class='ocrx_word' id='word_1_190' title='bbox 719 2940 1007 3010; x_wconf 78' lang='lat' dir='ltr'><strong>cujusdam</strong></span> <span class='ocrx_word' id='word_1_191' title='bbox 1064 2939 1306 2995; x_wconf 87' lang='lat' dir='ltr'><strong>defuncti</strong></span> <span class='ocrx_word' id='word_1_192' title='bbox 1365 2954 1543 3005; x_wconf 79' lang='lat' dir='ltr'><strong>uxor,</strong></span> <span class='ocrx_word' id='word_1_193' title='bbox 1592 2955 1716 3007; x_wconf 71' lang='lat' dir='ltr'><strong>quae</strong></span> 
     </span>
    </p>
   </div>
   <div class='ocr_carea' id='block_1_29' title="bbox 129 3031 1713 3104">
    <p class='ocr_par' dir='ltr' id='par_1_29' title="bbox 129 3031 1713 3104">
     <span class='ocr_line' id='line_1_29' title="bbox 129 3031 1713 3104; baseline -0.004 -11"><span class='ocrx_word' id='word_1_194' title='bbox 129 3041 219 3093; x_wconf 76' lang='lat' dir='ltr'><strong>vix</strong></span> <span class='ocrx_word' id='word_1_195' title='bbox 247 3037 556 3093; x_wconf 90' lang='lat' dir='ltr'><strong>multorum</strong></span> <span class='ocrx_word' id='word_1_196' title='bbox 582 3032 837 3104; x_wconf 86' lang='lat' dir='ltr'><strong>precibus</strong></span> <span class='ocrx_word' id='word_1_197' title='bbox 857 3032 927 3086; x_wconf 90' lang='lat' dir='ltr'><strong>ab</strong></span> <span class='ocrx_word' id='word_1_198' title='bbox 953 3031 1149 3088; x_wconf 79' lang='lat' dir='ltr'><strong>exsilio</strong></span> <span class='ocrx_word' id='word_1_199' title='bbox 1172 3031 1429 3099; x_wconf 88' lang='lat' dir='ltr'><strong>redierat,</strong></span> <span class='ocrx_word' id='word_1_200' title='bbox 1462 3047 1713 3102; x_wconf 61' lang='lat' dir='ltr'><strong>quaenam</strong></span> 
     </span>
    </p>
   </div>
   <div class='ocr_carea' id='block_1_30' title="bbox 129 3125 1720 3200">
    <p class='ocr_par' dir='ltr' id='par_1_30' title="bbox 129 3125 1720 3200">
     <span class='ocr_line' id='line_1_30' title="bbox 129 3125 1720 3200; baseline -0.008 -9"><span class='ocrx_word' id='word_1_201' title='bbox 129 3137 224 3200; x_wconf 86' lang='lat' dir='ltr'><strong>sit,</strong></span> <span class='ocrx_word' id='word_1_202' title='bbox 249 3133 403 3190; x_wconf 84' lang='lat' dir='ltr'><strong>haud</strong></span> <span class='ocrx_word' id='word_1_203' title='bbox 434 3132 512 3187; x_wconf 90' lang='lat' dir='ltr'><strong>ita</strong></span> <span class='ocrx_word' id='word_1_204' title='bbox 550 3129 709 3186; x_wconf 88' lang='lat' dir='ltr'><strong>facile</strong></span> <span class='ocrx_word' id='word_1_205' title='bbox 751 3128 919 3184; x_wconf 85' lang='lat' dir='ltr'><strong>statui</strong></span> <span class='ocrx_word' id='word_1_206' title='bbox 954 3137 1151 3198; x_wconf 88' lang='lat' dir='ltr'><strong>potest,</strong></span> <span class='ocrx_word' id='word_1_207' title='bbox 1192 3142 1262 3181; x_wconf 91' lang='lat' dir='ltr'><strong>an</strong></span> <span class='ocrx_word' id='word_1_208' title='bbox 1288 3125 1533 3181; x_wconf 81' lang='lat' dir='ltr'><strong>Valentis</strong></span> <span class='ocrx_word' id='word_1_209' title='bbox 1580 3140 1720 3180; x_wconf 80' lang='lat' dir='ltr'><strong>uxor</strong></span> 
     </span>
    </p>
   </div>
   <div class='ocr_carea' id='block_1_31' title="bbox 132 3216 1719 3294">
    <p class='ocr_par' dir='ltr' id='par_1_31' title="bbox 132 3216 1719 3294">
     <span class='ocr_line' id='line_1_31' title="bbox 132 3216 1719 3294; baseline -0.008 -11"><span class='ocrx_word' id='word_1_210' title='bbox 132 3227 443 3289; x_wconf 88' lang='lat' dir='ltr'><strong>Dominica,</strong></span> <span class='ocrx_word' id='word_1_211' title='bbox 475 3238 545 3278; x_wconf 87' lang='lat' dir='ltr'><strong>an</strong></span> <span class='ocrx_word' id='word_1_212' title='bbox 596 3222 779 3294; x_wconf 87' lang='lat' dir='ltr'><strong>potius</strong></span> <span class='ocrx_word' id='word_1_213' title='bbox 836 3222 1038 3277; x_wconf 76' lang='lat' dir='ltr'><strong>Severa</strong></span> <span class='ocrx_word' id='word_1_214' title='bbox 1071 3220 1221 3291; x_wconf 91' lang='lat' dir='ltr'><strong>prior</strong></span> <span class='ocrx_word' id='word_1_215' title='bbox 1280 3218 1655 3275; x_wconf 83' lang='lat' dir='ltr'><strong>Valentiniani</strong></span> <span class='ocrx_word' id='word_1_216' title='bbox 1696 3216 1719 3271; x_wconf 87' lang='grc' dir='ltr'>ι</span> 
     </span>
    </p>
   </div>
   <div class='ocr_carea' id='block_1_32' title="bbox 130 3313 1718 3386">
    <p class='ocr_par' dir='ltr' id='par_1_32' title="bbox 130 3313 1718 3386">
     <span class='ocr_line' id='line_1_32' title="bbox 130 3313 1718 3386; baseline -0.006 -11"><span class='ocrx_word' id='word_1_217' title='bbox 130 3336 291 3385; x_wconf 78' lang='lat' dir='ltr'><strong>uxor,</strong></span> <span class='ocrx_word' id='word_1_218' title='bbox 338 3318 410 3373; x_wconf 87' lang='lat' dir='ltr'><strong>ab</strong></span> <span class='ocrx_word' id='word_1_219' title='bbox 440 3316 537 3371; x_wconf 92' lang='lat' dir='ltr'><strong>illo</strong></span> <span class='ocrx_word' id='word_1_220' title='bbox 568 3313 851 3386; x_wconf 87' lang='lat' dir='ltr'><strong>repudiata</strong></span> <span class='ocrx_word' id='word_1_221' title='bbox 878 3322 933 3370; x_wconf 89' lang='lat' dir='ltr'><strong>et</strong></span> <span class='ocrx_word' id='word_1_222' title='bbox 968 3313 1021 3367; x_wconf 93' lang='lat' dir='ltr'><strong>in</strong></span> <span class='ocrx_word' id='word_1_223' title='bbox 1057 3313 1311 3367; x_wconf 74' lang='lat' dir='ltr'><strong>exsilium</strong></span> <span class='ocrx_word' id='word_1_224' title='bbox 1350 3313 1516 3369; x_wconf 82' lang='lat' dir='ltr'><strong>missa</strong></span> <span class='ocrx_word' id='word_1_225' title='bbox 1541 3355 1556 3379; x_wconf 93' lang='lat'><strong>,</strong></span> <span class='ocrx_word' id='word_1_226' title='bbox 1592 3327 1718 3384; x_wconf 67' lang='lat' dir='ltr'><strong>quae</strong></span> 
     </span>
    </p>
   </div>
   <div class='ocr_carea' id='block_1_33' title="bbox 126 3402 1714 3465">
    <p class='ocr_par' dir='ltr' id='par_1_33' title="bbox 126 3402 1714 3465">
     <span class='ocr_line' id='line_1_33' title="bbox 126 3402 1714 3465; baseline -0.004 0"><span class='ocrx_word' id='word_1_227' title='bbox 126 3410 393 3465; x_wconf 86' lang='lat' dir='ltr'><strong>defuncto</strong></span> <span class='ocrx_word' id='word_1_228' title='bbox 438 3405 825 3463; x_wconf 85' lang='lat' dir='ltr'><strong>Valentiniano</strong></span> <span class='ocrx_word' id='word_1_229' title='bbox 847 3405 917 3460; x_wconf 88' lang='lat' dir='ltr'><strong>ab</strong></span> <span class='ocrx_word' id='word_1_230' title='bbox 948 3403 1143 3461; x_wconf 80' lang='lat' dir='ltr'><strong>exsilio</strong></span> <span class='ocrx_word' id='word_1_231' title='bbox 1193 3404 1438 3460; x_wconf 88' lang='lat' dir='ltr'><strong>redierit.</strong></span> <span class='ocrx_word' id='word_1_232' title='bbox 1470 3402 1609 3459; x_wconf 81' lang='lat' dir='ltr'><strong>Hine</strong></span> <span class='ocrx_word' id='word_1_233' title='bbox 1645 3404 1714 3459; x_wconf 90' lang='lat' dir='ltr'><strong>ad</strong></span> 
     </span>
    </p>
   </div>
   <div class='ocr_carea' id='block_1_34' title="bbox 129 3498 1714 3570">
    <p class='ocr_par' dir='ltr' id='par_1_34' title="bbox 129 3498 1714 3570">
     <span class='ocr_line' id='line_1_34' title="bbox 129 3498 1714 3570; baseline -0.004 -11"><span class='ocrx_word' id='word_1_234' title='bbox 129 3517 337 3559; x_wconf 77' lang='lat' dir='ltr'><strong>uxores</strong></span> <span class='ocrx_word' id='word_1_235' title='bbox 365 3511 502 3556; x_wconf 88' lang='lat' dir='ltr'><strong>tunc</strong></span> <span class='ocrx_word' id='word_1_236' title='bbox 529 3498 919 3570; x_wconf 86' lang='lat' dir='ltr'><strong>imperantium</strong></span> <span class='ocrx_word' id='word_1_237' title='bbox 950 3498 1317 3570; x_wconf 86' lang='lat' dir='ltr'><strong>progreditur,</strong></span> <span class='ocrx_word' id='word_1_238' title='bbox 1348 3514 1581 3569; x_wconf 88' lang='lat' dir='ltr'><strong>quarum</strong></span> <span class='ocrx_word' id='word_1_239' title='bbox 1607 3498 1714 3553; x_wconf 90' lang='lat' dir='ltr'><strong>alia</strong></span> 
     </span>
    </p>
   </div>
   <div class='ocr_carea' id='block_1_35' title="bbox 126 3590 1716 3664">
    <p class='ocr_par' dir='ltr' id='par_1_35' title="bbox 126 3590 1716 3664">
     <span class='ocr_line' id='line_1_35' title="bbox 126 3590 1716 3664; baseline -0.003 -14"><span class='ocrx_word' id='word_1_240' title='bbox 126 3612 193 3650; x_wconf 74' lang='lat' dir='ltr'><strong>ex</strong></span> <span class='ocrx_word' id='word_1_241' title='bbox 256 3592 513 3664; x_wconf 82' lang='lat' dir='ltr'><strong>pristinis</strong></span> <span class='ocrx_word' id='word_1_242' title='bbox 586 3591 995 3648; x_wconf 86' lang='lat' dir='ltr'><strong>calamitatibus</strong></span> <span class='ocrx_word' id='word_1_243' title='bbox 1066 3590 1386 3661; x_wconf 89' lang='lat' dir='ltr'><strong>respirans,</strong></span> <span class='ocrx_word' id='word_1_244' title='bbox 1449 3590 1716 3645; x_wconf 81' lang='lat' dir='ltr'><strong>maerendi</strong></span> 
     </span>
    </p>
   </div>
   <div class='ocr_carea' id='block_1_36' title="bbox 128 3682 1717 3755">
    <p class='ocr_par' dir='ltr' id='par_1_36' title="bbox 128 3682 1717 3755">
     <span class='ocr_line' id='line_1_36' title="bbox 128 3682 1717 3755; baseline -0.003 -13"><span class='ocrx_word' id='word_1_245' title='bbox 128 3701 360 3742; x_wconf 85' lang='lat' dir='ltr'><strong>causam</strong></span> <span class='ocrx_word' id='word_1_246' title='bbox 396 3683 594 3740; x_wconf 88' lang='lat' dir='ltr'><strong>habuit</strong></span> <span class='ocrx_word' id='word_1_247' title='bbox 632 3683 781 3754; x_wconf 87' lang='lat' dir='ltr'><strong>quod</strong></span> <span class='ocrx_word' id='word_1_248' title='bbox 813 3685 1014 3755; x_wconf 83' lang='lat' dir='ltr'><strong>conqu</strong></span> <span class='ocrx_word' id='word_1_249' title='bbox 1048 3682 1169 3754; x_wconf 88' lang='lat' dir='ltr'><strong>ejus</strong></span> <span class='ocrx_word' id='word_1_250' title='bbox 1198 3684 1385 3755; x_wconf 89' lang='lat' dir='ltr'><strong>junior</strong></span> <span class='ocrx_word' id='word_1_251' title='bbox 1417 3694 1583 3755; x_wconf 86' lang='lat' dir='ltr'><strong>atque</strong></span> <span class='ocrx_word' id='word_1_252' title='bbox 1637 3684 1717 3739; x_wconf 87' lang='lat' dir='ltr'><strong>in-</strong></span> 
     </span>
    </p>
   </div>
   <div class='ocr_carea' id='block_1_37' title="bbox 127 3775 1715 3849">
    <p class='ocr_par' dir='ltr' id='par_1_37' title="bbox 127 3775 1715 3849">
     <span class='ocr_line' id='line_1_37' title="bbox 127 3775 1715 3849; baseline -0.001 -17"><span class='ocrx_word' id='word_1_253' title='bbox 127 3787 395 3849; x_wconf 73' lang='lat' dir='ltr'><strong>expertus</strong></span> <span class='ocrx_word' id='word_1_254' title='bbox 428 3786 615 3832; x_wconf 86' lang='lat' dir='ltr'><strong>esset:</strong></span> <span class='ocrx_word' id='word_1_255' title='bbox 652 3776 769 3831; x_wconf 69' lang='lat' dir='ltr'><strong>haec</strong></span> <span class='ocrx_word' id='word_1_256' title='bbox 793 3775 1011 3832; x_wconf 89' lang='lat' dir='ltr'><strong>videtur</strong></span> <span class='ocrx_word' id='word_1_257' title='bbox 1039 3791 1162 3833; x_wconf 80' lang='lat' dir='ltr'><strong>esse</strong></span> <span class='ocrx_word' id='word_1_258' title='bbox 1199 3776 1518 3833; x_wconf 85' lang='lat' dir='ltr'><strong>Constantia</strong></span> <span class='ocrx_word' id='word_1_259' title='bbox 1574 3776 1715 3832; x_wconf 86' lang='lat' dir='ltr'><strong>Gou-</strong></span> 
     </span>
    </p>
   </div>
   <div class='ocr_carea' id='block_1_38' title="bbox 129 3869 1717 3941">
    <p class='ocr_par' dir='ltr' id='par_1_38' title="bbox 129 3869 1717 3941">
     <span class='ocr_line' id='line_1_38' title="bbox 129 3869 1717 3941; baseline -0.003 -13"><span class='ocrx_word' id='word_1_260' title='bbox 129 3873 321 3929; x_wconf 85' lang='lat' dir='ltr'><strong>stantii</strong></span> <span class='ocrx_word' id='word_1_261' title='bbox 364 3871 499 3935; x_wconf 84' lang='lat' dir='ltr'><strong>tilia,</strong></span> <span class='ocrx_word' id='word_1_262' title='bbox 522 3870 682 3941; x_wconf 81' lang='lat' dir='ltr'><strong>cujus</strong></span> <span class='ocrx_word' id='word_1_263' title='bbox 725 3869 929 3941; x_wconf 79' lang='lat' dir='ltr'><strong>conjux</strong></span> <span class='ocrx_word' id='word_1_264' title='bbox 978 3869 1275 3926; x_wconf 86' lang='lat' dir='ltr'><strong>Gratianus</strong></span> <span class='ocrx_word' id='word_1_265' title='bbox 1300 3869 1388 3924; x_wconf 79' lang='lat' dir='ltr'><strong>vix</strong></span> <span class='ocrx_word' id='word_1_266' title='bbox 1449 3884 1717 3925; x_wconf 87' lang='lat' dir='ltr'><strong>annorum</strong></span> 
     </span>
    </p>
   </div>
   <div class='ocr_carea' id='block_1_39' title="bbox 129 3961 1717 4035">
    <p class='ocr_par' dir='ltr' id='par_1_39' title="bbox 129 3961 1717 4035">
     <span class='ocr_line' id='line_1_39' title="bbox 129 3961 1717 4035; baseline -0.001 -18"><span class='ocrx_word' id='word_1_267' title='bbox 129 3966 323 4035; x_wconf 69' lang='lat' dir='ltr'><strong>viginti</strong></span> <span class='ocrx_word' id='word_1_268' title='bbox 357 3974 489 4020; x_wconf 88' lang='lat' dir='ltr'><strong>tunc</strong></span> <span class='ocrx_word' id='word_1_269' title='bbox 515 3972 634 4018; x_wconf 88' lang='lat' dir='ltr'><strong>erat</strong></span> <span class='ocrx_word' id='word_1_270' title='bbox 657 3963 878 4031; x_wconf 37' lang='lat' dir='ltr'><strong>;,altera</strong></span> <span class='ocrx_word' id='word_1_271' title='bbox 907 3977 1063 4027; x_wconf 82' lang='lat' dir='ltr'><strong>vero,</strong></span> <span class='ocrx_word' id='word_1_272' title='bbox 1092 3978 1214 4031; x_wconf 69' lang='lat' dir='ltr'><strong>quae</strong></span> <span class='ocrx_word' id='word_1_273' title='bbox 1239 3961 1459 4032; x_wconf 89' lang='lat' dir='ltr'><strong>conjugi</strong></span> <span class='ocrx_word' id='word_1_274' title='bbox 1507 3971 1717 4017; x_wconf 91' lang='lat' dir='ltr'><strong>metue-</strong></span> 
     </span>
    </p>
   </div>
   <div class='ocr_carea' id='block_1_40' title="bbox 139 4055 1718 4129">
    <p class='ocr_par' dir='ltr' id='par_1_40' title="bbox 139 4055 1718 4129">
     <span class='ocr_line' id='line_1_40' title="bbox 139 4055 1718 4129; baseline -0.001 -17"><span class='ocrx_word' id='word_1_275' title='bbox 139 4061 264 4125; x_wconf 77' lang='lat' dir='ltr'><strong>bat,</strong></span> <span class='ocrx_word' id='word_1_276' title='bbox 318 4057 567 4129; x_wconf 83' lang='lat' dir='ltr'><strong>quotidie</strong></span> <span class='ocrx_word' id='word_1_277' title='bbox 623 4055 675 4111; x_wconf 93' lang='lat' dir='ltr'><strong>in</strong></span> <span class='ocrx_word' id='word_1_278' title='bbox 730 4056 886 4111; x_wconf 82' lang='lat' dir='ltr'><strong>bellis</strong></span> <span class='ocrx_word' id='word_1_279' title='bbox 934 4064 1099 4127; x_wconf 86' lang='lat' dir='ltr'><strong>atque</strong></span> <span class='ocrx_word' id='word_1_280' title='bbox 1149 4055 1407 4125; x_wconf 83' lang='lat' dir='ltr'><strong>periculis</strong></span> <span class='ocrx_word' id='word_1_281' title='bbox 1452 4055 1718 4121; x_wconf 85' lang='lat' dir='ltr'><strong>versanti,</strong></span> 
     </span>
    </p>
   </div>
   <div class='ocr_carea' id='block_1_41' title="bbox 131 4146 1720 4218">
    <p class='ocr_par' dir='ltr' id='par_1_41' title="bbox 131 4146 1720 4218">
     <span class='ocr_line' id='line_1_41' title="bbox 131 4146 1720 4218; baseline -0.001 -14"><span class='ocrx_word' id='word_1_282' title='bbox 131 4150 361 4206; x_wconf 70' lang='lat' dir='ltr'><strong>Flacilla</strong></span> <span class='ocrx_word' id='word_1_283' title='bbox 406 4149 555 4205; x_wconf 87' lang='lat' dir='ltr'><strong>haud</strong></span> <span class='ocrx_word' id='word_1_284' title='bbox 602 4148 769 4205; x_wconf 89' lang='lat' dir='ltr'><strong>dubie</strong></span> <span class='ocrx_word' id='word_1_285' title='bbox 829 4158 969 4212; x_wconf 89' lang='lat' dir='ltr'><strong>erat,</strong></span> <span class='ocrx_word' id='word_1_286' title='bbox 1022 4163 1161 4204; x_wconf 79' lang='lat' dir='ltr'><strong>uxor</strong></span> <span class='ocrx_word' id='word_1_287' title='bbox 1206 4146 1499 4204; x_wconf 87' lang='lat' dir='ltr'><strong>Theodosii</strong></span> <span class='ocrx_word' id='word_1_288' title='bbox 1546 4148 1720 4218; x_wconf 86' lang='lat' dir='ltr'><strong>impe-</strong></span> 
     </span>
    </p>
   </div>
   <div class='ocr_carea' id='block_1_42' title="bbox 134 4244 361 4299">
    <p class='ocr_par' dir='ltr' id='par_1_42' title="bbox 134 4244 361 4299">
     <span class='ocr_line' id='line_1_42' title="bbox 134 4244 361 4299; baseline 0 0"><span class='ocrx_word' id='word_1_289' title='bbox 134 4244 361 4299; x_wconf 83' lang='lat' dir='ltr'><strong>ratoris.</strong></span> 
     </span>
    </p>
   </div>
   <div class='ocr_carea' id='block_1_43' title="bbox 210 4331 1723 4404">
    <p class='ocr_par' dir='ltr' id='par_1_43' title="bbox 210 4331 1723 4404">
     <span class='ocr_line' id='line_1_43' title="bbox 210 4331 1723 4404; baseline -0.005 -11"><span class='ocrx_word' id='word_1_290' title='bbox 210 4336 338 4393; x_wconf 83' lang='lat' dir='ltr'><strong>Jam</strong></span> <span class='ocrx_word' id='word_1_291' title='bbox 375 4346 438 4392; x_wconf 90' lang='lat' dir='ltr'><strong>ut</strong></span> <span class='ocrx_word' id='word_1_292' title='bbox 468 4336 747 4392; x_wconf 89' lang='lat' dir='ltr'><strong>calculum</strong></span> <span class='ocrx_word' id='word_1_293' title='bbox 784 4349 1077 4404; x_wconf 88' lang='lat' dir='ltr'><strong>ponamus,</strong></span> <span class='ocrx_word' id='word_1_294' title='bbox 1109 4350 1138 4387; x_wconf 88' lang='lat' dir='ltr'><strong>a</strong></span> <span class='ocrx_word' id='word_1_295' title='bbox 1181 4347 1312 4388; x_wconf 85' lang='lat' dir='ltr'><strong>nece</strong></span> <span class='ocrx_word' id='word_1_296' title='bbox 1346 4331 1588 4388; x_wconf 82' lang='lat' dir='ltr'><strong>Valentis</strong></span> <span class='ocrx_word' id='word_1_297' title='bbox 1624 4348 1723 4388; x_wconf 78' lang='lat' dir='ltr'><strong>ex-</strong></span> 
     </span>
    </p>
   </div>
   <div class='ocr_carea' id='block_1_44' title="bbox 126 4424 1726 4497">
    <p class='ocr_par' dir='ltr' id='par_1_44' title="bbox 126 4424 1726 4497">
     <span class='ocr_line' id='line_1_44' title="bbox 126 4424 1726 4497; baseline -0.003 -12"><span class='ocrx_word' id='word_1_298' title='bbox 126 4433 349 4486; x_wconf 88' lang='lat' dir='ltr'><strong>ordium</strong></span> <span class='ocrx_word' id='word_1_299' title='bbox 378 4430 697 4486; x_wconf 88' lang='lat' dir='ltr'><strong>ducendum</strong></span> <span class='ocrx_word' id='word_1_300' title='bbox 720 4437 837 4495; x_wconf 89' lang='lat' dir='ltr'><strong>est;</strong></span> <span class='ocrx_word' id='word_1_301' title='bbox 863 4443 929 4484; x_wconf 87' lang='lat' dir='ltr'><strong>ea</strong></span> <span class='ocrx_word' id='word_1_302' title='bbox 956 4425 1185 4497; x_wconf 76' lang='lat' dir='ltr'><strong>contigit</strong></span> <span class='ocrx_word' id='word_1_303' title='bbox 1205 4441 1349 4480; x_wconf 87' lang='lat' dir='ltr'><strong>anno</strong></span> <span class='ocrx_word' id='word_1_304' title='bbox 1379 4424 1506 4487; x_wconf 76' lang='lat'><strong>378,</strong></span> <span class='ocrx_word' id='word_1_305' title='bbox 1536 4440 1726 4481; x_wconf 85' lang='lat' dir='ltr'><strong>mense</strong></span> 
     </span>
    </p>
   </div>
   <div class='ocr_carea' id='block_1_45' title="bbox 131 4516 1723 4597">
    <p class='ocr_par' dir='ltr' id='par_1_45' title="bbox 131 4516 1723 4597">
     <span class='ocr_line' id='line_1_45' title="bbox 131 4516 1723 4597; baseline -0.003 -19"><span class='ocrx_word' id='word_1_306' title='bbox 131 4527 405 4597; x_wconf 74' lang='lat' dir='ltr'><strong>Augusto.</strong></span> <span class='ocrx_word' id='word_1_307' title='bbox 449 4521 764 4591; x_wconf 83' lang='lat' dir='ltr'><strong>Insequenti</strong></span> <span class='ocrx_word' id='word_1_308' title='bbox 807 4534 955 4575; x_wconf 88' lang='lat' dir='ltr'><strong>anno</strong></span> <span class='ocrx_word' id='word_1_309' title='bbox 986 4518 1127 4584; x_wconf 76' lang='lat'><strong>379,</strong></span> <span class='ocrx_word' id='word_1_310' title='bbox 1173 4532 1360 4574; x_wconf 88' lang='lat' dir='ltr'><strong>mense</strong></span> <span class='ocrx_word' id='word_1_311' title='bbox 1400 4516 1723 4581; x_wconf 86' lang='lat' dir='ltr'><strong>Februario,</strong></span> 
     </span>
    </p>
   </div>
   <div class='ocr_carea' id='block_1_46' title="bbox 134 4612 1724 4684">
    <p class='ocr_par' dir='ltr' id='par_1_46' title="bbox 134 4612 1724 4684">
     <span class='ocr_line' id='line_1_46' title="bbox 134 4612 1724 4684; baseline -0.004 -12"><span class='ocrx_word' id='word_1_312' title='bbox 134 4617 487 4674; x_wconf 82' lang='lat' dir='ltr'><strong>Theodosius</strong></span> <span class='ocrx_word' id='word_1_313' title='bbox 522 4632 551 4669; x_wconf 87' lang='lat' dir='ltr'><strong>a</strong></span> <span class='ocrx_word' id='word_1_314' title='bbox 582 4613 848 4670; x_wconf 86' lang='lat' dir='ltr'><strong>Gratiano</strong></span> <span class='ocrx_word' id='word_1_315' title='bbox 885 4614 1182 4684; x_wconf 88' lang='lat' dir='ltr'><strong>imperator</strong></span> <span class='ocrx_word' id='word_1_316' title='bbox 1220 4612 1593 4682; x_wconf 88' lang='lat' dir='ltr'><strong>proclamatus</strong></span> <span class='ocrx_word' id='word_1_317' title='bbox 1620 4620 1724 4676; x_wconf 87' lang='lat' dir='ltr'><strong>est,</strong></span> 
     </span>
    </p>
   </div>
   <div class='ocr_carea' id='block_1_47' title="bbox 130 4704 1725 4783">
    <p class='ocr_par' dir='ltr' id='par_1_47' title="bbox 130 4704 1725 4783">
     <span class='ocr_line' id='line_1_47' title="bbox 130 4704 1725 4783; baseline -0.006 -15"><span class='ocrx_word' id='word_1_318' title='bbox 130 4727 294 4783; x_wconf 85' lang='lat' dir='ltr'><strong>atque</strong></span> <span class='ocrx_word' id='word_1_319' title='bbox 320 4710 526 4768; x_wconf 71' lang='lat' dir='ltr'><strong>exinde</strong></span> <span class='ocrx_word' id='word_1_320' title='bbox 558 4722 683 4765; x_wconf 90' lang='lat' dir='ltr'><strong>cum</strong></span> <span class='ocrx_word' id='word_1_321' title='bbox 721 4706 914 4764; x_wconf 85' lang='lat' dir='ltr'><strong>Gothis</strong></span> <span class='ocrx_word' id='word_1_322' title='bbox 946 4723 1089 4777; x_wconf 75' lang='lat' dir='ltr'><strong>saepe</strong></span> <span class='ocrx_word' id='word_1_323' title='bbox 1116 4705 1394 4771; x_wconf 77' lang='lat' dir='ltr'><strong>conﬂixit,</strong></span> <span class='ocrx_word' id='word_1_324' title='bbox 1432 4719 1607 4778; x_wconf 82' lang='lat' dir='ltr'><strong>usque</strong></span> <span class='ocrx_word' id='word_1_325' title='bbox 1658 4704 1725 4759; x_wconf 90' lang='lat' dir='ltr'><strong>ad</strong></span> 
     </span>
    </p>
   </div>
   <div class='ocr_carea' id='block_1_48' title="bbox 3266 424 3389 480">
    <p class='ocr_par' dir='ltr' id='par_1_48' title="bbox 3266 424 3389 480">
     <span class='ocr_line' id='line_1_48' title="bbox 3266 424 3389 480; baseline 0.008 -1"><span class='ocrx_word' id='word_1_326' title='bbox 3266 424 3389 480; x_wconf 61' lang='lat'><strong>598&#39;</strong></span> 
     </span>
    </p>
   </div>
   <div class='ocr_carea' id='block_1_49' title="bbox 1815 533 3381 603">
    <p class='ocr_par' dir='ltr' id='par_1_49' title="bbox 1815 533 3381 603">
     <span class='ocr_line' id='line_1_49' title="bbox 1815 533 3381 603; baseline 0.006 -16"><span class='ocrx_word' id='word_1_327' title='bbox 1815 551 2015 589; x_wconf 85' lang='lat' dir='ltr'><strong>annum</strong></span> <span class='ocrx_word' id='word_1_328' title='bbox 2052 535 2177 597; x_wconf 69' lang='lat'><strong>382,</strong></span> <span class='ocrx_word' id='word_1_329' title='bbox 2226 549 2335 603; x_wconf 75' lang='lat' dir='ltr'><strong>quo</strong></span> <span class='ocrx_word' id='word_1_330' title='bbox 2390 533 2589 588; x_wconf 75' lang='lat' dir='ltr'><strong>attritas</strong></span> <span class='ocrx_word' id='word_1_331' title='bbox 2643 550 2732 589; x_wconf 89' lang='lat' dir='ltr'><strong>res</strong></span> <span class='ocrx_word' id='word_1_332' title='bbox 2788 534 3093 591; x_wconf 89' lang='lat' dir='ltr'><strong>Gothorum</strong></span> <span class='ocrx_word' id='word_1_333' title='bbox 3142 538 3381 596; x_wconf 87' lang='lat' dir='ltr'><strong>fuerunt.</strong></span> 
     </span>
    </p>
   </div>
   <div class='ocr_carea' id='block_1_50' title="bbox 1815 626 3391 698">
    <p class='ocr_par' dir='ltr' id='par_1_50' title="bbox 1815 626 3391 698">
     <span class='ocr_line' id='line_1_50' title="bbox 1815 626 3391 698; baseline 0.005 -18"><span class='ocrx_word' id='word_1_334' title='bbox 1815 626 1951 681; x_wconf 89' lang='lat' dir='ltr'><strong>Dum</strong></span> <span class='ocrx_word' id='word_1_335' title='bbox 1989 629 2102 683; x_wconf 73' lang='lat' dir='ltr'><strong>haec</strong></span> <span class='ocrx_word' id='word_1_336' title='bbox 2143 644 2272 683; x_wconf 89' lang='lat' dir='ltr'><strong>vero</strong></span> <span class='ocrx_word' id='word_1_337' title='bbox 2303 628 2567 683; x_wconf 86' lang='lat' dir='ltr'><strong>scriberet</strong></span> <span class='ocrx_word' id='word_1_338' title='bbox 2610 627 3057 698; x_wconf 88' lang='lat' dir='ltr'><strong>Chrysostomus,</strong></span> <span class='ocrx_word' id='word_1_339' title='bbox 3092 630 3255 686; x_wconf 83' lang='lat' dir='ltr'><strong>Gethi</strong></span> <span class='ocrx_word' id='word_1_340' title='bbox 3295 636 3391 688; x_wconf 87' lang='lat' dir='ltr'><strong>ad-</strong></span> 
     </span>
    </p>
   </div>
   <div class='ocr_carea' id='block_1_51' title="bbox 1814 720 3391 793">
    <p class='ocr_par' dir='ltr' id='par_1_51' title="bbox 1814 720 3391 793">
     <span class='ocr_line' id='line_1_51' title="bbox 1814 720 3391 793; baseline 0.004 -18"><span class='ocrx_word' id='word_1_341' title='bbox 1814 720 1922 776; x_wconf 88' lang='lat' dir='ltr'><strong>huc</strong></span> <span class='ocrx_word' id='word_1_342' title='bbox 1955 720 2310 786; x_wconf 85' lang='lat' dir='ltr'><strong>ferociebant,</strong></span> <span class='ocrx_word' id='word_1_343' title='bbox 2350 722 2721 793; x_wconf 88' lang='lat' dir='ltr'><strong>Romanisque</strong></span> <span class='ocrx_word' id='word_1_344' title='bbox 2747 722 3088 780; x_wconf 87' lang='lat' dir='ltr'><strong>formidolosi</strong></span> <span class='ocrx_word' id='word_1_345' title='bbox 3121 736 3298 791; x_wconf 86' lang='lat' dir='ltr'><strong>erant,</strong></span> <span class='ocrx_word' id='word_1_346' title='bbox 3332 739 3391 782; x_wconf 92' lang='lat' dir='ltr'><strong>ut</strong></span> 
     </span>
    </p>
   </div>
   <div class='ocr_carea' id='block_1_52' title="bbox 1813 812 3394 884">
    <p class='ocr_par' dir='ltr' id='par_1_52' title="bbox 1813 812 3394 884">
     <span class='ocr_line' id='line_1_52' title="bbox 1813 812 3394 884; baseline 0.003 -17"><span class='ocrx_word' id='word_1_347' title='bbox 1813 814 1903 868; x_wconf 84' lang='lat' dir='ltr'><strong>ille</strong></span> <span class='ocrx_word' id='word_1_348' title='bbox 1927 814 2023 876; x_wconf 86' lang='lat' dir='ltr'><strong>ait,</strong></span> <span class='ocrx_word' id='word_1_349' title='bbox 2059 812 2512 884; x_wconf 84' lang='lat' dir='ltr'><strong>Theodosiusque</strong></span> <span class='ocrx_word' id='word_1_350' title='bbox 2552 815 2608 867; x_wconf 89' lang='lat' dir='ltr'><strong>in</strong></span> <span class='ocrx_word' id='word_1_351' title='bbox 2652 814 2786 869; x_wconf 80' lang='lat' dir='ltr'><strong>bello</strong></span> <span class='ocrx_word' id='word_1_352' title='bbox 2816 826 2863 869; x_wconf 88' lang='lat' dir='ltr'><strong>et</strong></span> <span class='ocrx_word' id='word_1_353' title='bbox 2912 818 3113 884; x_wconf 73' lang='lat' dir='ltr'><strong>prwliis</strong></span> <span class='ocrx_word' id='word_1_354' title='bbox 3148 817 3394 872; x_wconf 85' lang='lat' dir='ltr'><strong>versaba—</strong></span> 
     </span>
    </p>
   </div>
   <div class='ocr_carea' id='block_1_53' title="bbox 1815 904 3389 977">
    <p class='ocr_par' dir='ltr' id='par_1_53' title="bbox 1815 904 3389 977">
     <span class='ocr_line' id='line_1_53' title="bbox 1815 904 3389 977; baseline 0.003 -17"><span class='ocrx_word' id='word_1_355' title='bbox 1815 915 1926 960; x_wconf 84' lang='lat' dir='ltr'><strong>tur.</strong></span> <span class='ocrx_word' id='word_1_356' title='bbox 1959 904 2085 961; x_wconf 64' lang='lat' dir='ltr'><strong>Haec</strong></span> <span class='ocrx_word' id='word_1_357' title='bbox 2112 905 2287 974; x_wconf 83' lang='lat' dir='ltr'><strong>probe</strong></span> <span class='ocrx_word' id='word_1_358' title='bbox 2316 914 2626 973; x_wconf 89' lang='lat' dir='ltr'><strong>competere</strong></span> <span class='ocrx_word' id='word_1_359' title='bbox 2654 916 2888 975; x_wconf 90' lang='lat' dir='ltr'><strong>possunt</strong></span> <span class='ocrx_word' id='word_1_360' title='bbox 2934 908 2986 961; x_wconf 92' lang='lat' dir='ltr'><strong>in</strong></span> <span class='ocrx_word' id='word_1_361' title='bbox 3018 923 3223 963; x_wconf 89' lang='lat' dir='ltr'><strong>annum</strong></span> <span class='ocrx_word' id='word_1_362' title='bbox 3260 909 3389 977; x_wconf 76' lang='lat'><strong>380,</strong></span> 
     </span>
    </p>
   </div>
   <div class='ocr_carea' id='block_1_54' title="bbox 1813 996 3393 1068">
    <p class='ocr_par' dir='ltr' id='par_1_54' title="bbox 1813 996 3393 1068">
     <span class='ocr_line' id='line_1_54' title="bbox 1813 996 3393 1068; baseline 0.004 -18"><span class='ocrx_word' id='word_1_363' title='bbox 1813 1012 1923 1068; x_wconf 84' lang='lat' dir='ltr'><strong>quo</strong></span> <span class='ocrx_word' id='word_1_364' title='bbox 1954 1006 2199 1052; x_wconf 73' lang='lat' dir='ltr'><strong>vertente</strong></span> <span class='ocrx_word' id='word_1_365' title='bbox 2232 996 2452 1051; x_wconf 89' lang='lat' dir='ltr'><strong>circiter</strong></span> <span class='ocrx_word' id='word_1_366' title='bbox 2484 1013 2550 1050; x_wconf 83' lang='lat' dir='ltr'><strong>ex</strong></span> <span class='ocrx_word' id='word_1_367' title='bbox 2583 996 2864 1066; x_wconf 89' lang='lat' dir='ltr'><strong>spelunca,</strong></span> <span class='ocrx_word' id='word_1_368' title='bbox 2902 998 2995 1052; x_wconf 89' lang='lat' dir='ltr'><strong>ubi</strong></span> <span class='ocrx_word' id='word_1_369' title='bbox 3028 1000 3251 1054; x_wconf 87' lang='lat' dir='ltr'><strong>biennio</strong></span> <span class='ocrx_word' id='word_1_370' title='bbox 3296 1000 3393 1056; x_wconf 89' lang='lat' dir='ltr'><strong>de-</strong></span> 
     </span>
    </p>
   </div>
   <div class='ocr_carea' id='block_1_55' title="bbox 1813 1088 3389 1161">
    <p class='ocr_par' dir='ltr' id='par_1_55' title="bbox 1813 1088 3389 1161">
     <span class='ocr_line' id='line_1_55' title="bbox 1813 1088 3389 1161; baseline 0.003 -18"><span class='ocrx_word' id='word_1_371' title='bbox 1813 1089 2054 1154; x_wconf 90' lang='lat' dir='ltr'><strong>lituerat,</strong></span> <span class='ocrx_word' id='word_1_372' title='bbox 2084 1088 2428 1143; x_wconf 85' lang='lat' dir='ltr'><strong>Antiochiam</strong></span> <span class='ocrx_word' id='word_1_373' title='bbox 2476 1089 2637 1144; x_wconf 88' lang='lat' dir='ltr'><strong>rediit</strong></span> <span class='ocrx_word' id='word_1_374' title='bbox 2683 1088 3153 1161; x_wconf 80' lang='lat' dir='ltr'><strong>Chrysostomus,</strong></span> <span class='ocrx_word' id='word_1_375' title='bbox 3188 1094 3271 1148; x_wconf 90' lang='lat' dir='ltr'><strong>vel</strong></span> <span class='ocrx_word' id='word_1_376' title='bbox 3333 1094 3389 1148; x_wconf 93' lang='lat' dir='ltr'><strong>in</strong></span> 
     </span>
    </p>
   </div>
   <div class='ocr_carea' id='block_1_56' title="bbox 1813 1179 3395 1254">
    <p class='ocr_par' dir='ltr' id='par_1_56' title="bbox 1813 1179 3395 1254">
     <span class='ocr_line' id='line_1_56' title="bbox 1813 1179 3395 1254; baseline 0.004 -18"><span class='ocrx_word' id='word_1_377' title='bbox 1813 1190 2135 1250; x_wconf 85' lang='lat' dir='ltr'><strong>sequentem</strong></span> <span class='ocrx_word' id='word_1_378' title='bbox 2193 1179 2319 1235; x_wconf 80' lang='grc'><strong>381.</strong></span> <span class='ocrx_word' id='word_1_379' title='bbox 2392 1180 2552 1237; x_wconf 85' lang='lat' dir='ltr'><strong>Certe</strong></span> <span class='ocrx_word' id='word_1_380' title='bbox 2616 1196 2808 1238; x_wconf 89' lang='lat' dir='ltr'><strong>omnes</strong></span> <span class='ocrx_word' id='word_1_381' title='bbox 2881 1198 3046 1254; x_wconf 91' lang='lat' dir='ltr'><strong>supra</strong></span> <span class='ocrx_word' id='word_1_382' title='bbox 3107 1185 3395 1243; x_wconf 71' lang='lat' dir='ltr'><strong>recensita:</strong></span> 
     </span>
    </p>
   </div>
   <div class='ocr_carea' id='block_1_57' title="bbox 1814 1272 3390 1344">
    <p class='ocr_par' dir='ltr' id='par_1_57' title="bbox 1814 1272 3390 1344">
     <span class='ocr_line' id='line_1_57' title="bbox 1814 1272 3390 1344; baseline 0.004 -18"><span class='ocrx_word' id='word_1_383' title='bbox 1814 1282 1957 1327; x_wconf 69' lang='lat' dir='ltr'><strong>nota:</strong></span> <span class='ocrx_word' id='word_1_384' title='bbox 1994 1272 2060 1327; x_wconf 89' lang='lat' dir='ltr'><strong>ad</strong></span> <span class='ocrx_word' id='word_1_385' title='bbox 2119 1273 2225 1329; x_wconf 91' lang='lat' dir='ltr'><strong>hoc</strong></span> <span class='ocrx_word' id='word_1_386' title='bbox 2276 1280 2495 1344; x_wconf 88' lang='lat' dir='ltr'><strong>tempus</strong></span> <span class='ocrx_word' id='word_1_387' title='bbox 2538 1273 2744 1344; x_wconf 91' lang='lat' dir='ltr'><strong>optime</strong></span> <span class='ocrx_word' id='word_1_388' title='bbox 2783 1274 3076 1344; x_wconf 88' lang='lat' dir='ltr'><strong>quadrant,</strong></span> <span class='ocrx_word' id='word_1_389' title='bbox 3108 1276 3180 1332; x_wconf 88' lang='lat' dir='ltr'><strong>ad</strong></span> <span class='ocrx_word' id='word_1_390' title='bbox 3239 1277 3390 1333; x_wconf 89' lang='lat' dir='ltr'><strong>aliud</strong></span> 
     </span>
    </p>
   </div>
   <div class='ocr_carea' id='block_1_58' title="bbox 1816 1365 2215 1420">
    <p class='ocr_par' dir='ltr' id='par_1_58' title="bbox 1816 1365 2215 1420">
     <span class='ocr_line' id='line_1_58' title="bbox 1816 1365 2215 1420; baseline 0.008 -3"><span class='ocrx_word' id='word_1_391' title='bbox 1816 1380 1945 1418; x_wconf 87' lang='lat' dir='ltr'><strong>vero</strong></span> <span class='ocrx_word' id='word_1_392' title='bbox 1971 1365 2215 1420; x_wconf 90' lang='lat' dir='ltr'><strong>minime.</strong></span> 
     </span>
    </p>
   </div>
   <div class='ocr_carea' id='block_1_59' title="bbox 1886 1458 3393 1534">
    <p class='ocr_par' dir='ltr' id='par_1_59' title="bbox 1886 1458 3393 1534">
     <span class='ocr_line' id='line_1_59' title="bbox 1886 1458 3393 1534; baseline 0.004 -21"><span class='ocrx_word' id='word_1_393' title='bbox 1886 1458 2075 1514; x_wconf 81' lang='lat' dir='ltr'><strong>Restat</strong></span> <span class='ocrx_word' id='word_1_394' title='bbox 2107 1468 2166 1515; x_wconf 93' lang='lat' dir='ltr'><strong>ut</strong></span> <span class='ocrx_word' id='word_1_395' title='bbox 2195 1460 2262 1515; x_wconf 92' lang='lat' dir='ltr'><strong>de</strong></span> <span class='ocrx_word' id='word_1_396' title='bbox 2283 1460 2529 1530; x_wconf 86' lang='lat' dir='ltr'><strong>sequenti</strong></span> <span class='ocrx_word' id='word_1_397' title='bbox 2551 1461 2619 1513; x_wconf 86' lang='lat' dir='ltr'><strong>ad</strong></span> <span class='ocrx_word' id='word_1_398' title='bbox 2644 1460 2851 1515; x_wconf 79' lang='lat' dir='ltr'><strong>viduam</strong></span> <span class='ocrx_word' id='word_1_399' title='bbox 2880 1471 3115 1517; x_wconf 84' lang='lat' dir='ltr'><strong>tractatu</strong></span> <span class='ocrx_word' id='word_1_400' title='bbox 3142 1479 3393 1534; x_wconf 81' lang='lat' dir='ltr'><strong>agamus.</strong></span> 
     </span>
    </p>
   </div>
   <div class='ocr_carea' id='block_1_60' title="bbox 1816 1550 3397 1627">
    <p class='ocr_par' dir='ltr' id='par_1_60' title="bbox 1816 1550 3397 1627">
     <span class='ocr_line' id='line_1_60' title="bbox 1816 1550 3397 1627; baseline 0.003 -20"><span class='ocrx_word' id='word_1_401' title='bbox 1816 1550 1873 1607; x_wconf 93' lang='lat' dir='ltr'><strong>Si</strong></span> <span class='ocrx_word' id='word_1_402' title='bbox 1904 1552 2062 1607; x_wconf 88' lang='lat' dir='ltr'><strong>titulo</strong></span> <span class='ocrx_word' id='word_1_403' title='bbox 2090 1553 2223 1608; x_wconf 84' lang='lat' dir='ltr'><strong>ﬁdes</strong></span> <span class='ocrx_word' id='word_1_404' title='bbox 2248 1553 2536 1620; x_wconf 86' lang='lat' dir='ltr'><strong>habeatur,</strong></span> <span class='ocrx_word' id='word_1_405' title='bbox 2559 1554 2628 1608; x_wconf 83' lang='lat' dir='ltr'><strong>ad</strong></span> <span class='ocrx_word' id='word_1_406' title='bbox 2653 1556 2901 1610; x_wconf 88' lang='lat' dir='ltr'><strong>eamdem</strong></span> <span class='ocrx_word' id='word_1_407' title='bbox 2926 1556 3168 1622; x_wconf 84' lang='lat' dir='ltr'><strong>viduam,</strong></span> <span class='ocrx_word' id='word_1_408' title='bbox 3199 1572 3397 1627; x_wconf 88' lang='lat' dir='ltr'><strong>nempe</strong></span> 
     </span>
    </p>
   </div>
   <div class='ocr_carea' id='block_1_61' title="bbox 1817 1641 3391 1717">
    <p class='ocr_par' dir='ltr' id='par_1_61' title="bbox 1817 1641 3391 1717">
     <span class='ocr_line' id='line_1_61' title="bbox 1817 1641 3391 1717; baseline 0.004 -21"><span class='ocrx_word' id='word_1_409' title='bbox 1817 1641 2071 1698; x_wconf 91' lang='lat' dir='ltr'><strong>Therasii</strong></span> <span class='ocrx_word' id='word_1_410' title='bbox 2098 1658 2347 1708; x_wconf 80' lang='lat' dir='ltr'><strong>uxorem,</strong></span> <span class='ocrx_word' id='word_1_411' title='bbox 2386 1642 2535 1698; x_wconf 87' lang='lat' dir='ltr'><strong>hunc</strong></span> <span class='ocrx_word' id='word_1_412' title='bbox 2572 1644 2733 1698; x_wconf 87' lang='lat' dir='ltr'><strong>etiam</strong></span> <span class='ocrx_word' id='word_1_413' title='bbox 2760 1646 2910 1700; x_wconf 88' lang='lat' dir='ltr'><strong>misit</strong></span> <span class='ocrx_word' id='word_1_414' title='bbox 2937 1646 3391 1717; x_wconf 80' lang='lat' dir='ltr'><strong>Chrysostomus:</strong></span> 
     </span>
    </p>
   </div>
   <div class='ocr_carea' id='block_1_62' title="bbox 1818 1735 3394 1807">
    <p class='ocr_par' dir='ltr' id='par_1_62' title="bbox 1818 1735 3394 1807">
     <span class='ocr_line' id='line_1_62' title="bbox 1818 1735 3394 1807; baseline 0.003 -16"><span class='ocrx_word' id='word_1_415' title='bbox 1818 1735 1899 1791; x_wconf 91' lang='lat' dir='ltr'><strong>sic</strong></span> <span class='ocrx_word' id='word_1_416' title='bbox 1939 1736 2139 1805; x_wconf 89' lang='lat' dir='ltr'><strong>quippe</strong></span> <span class='ocrx_word' id='word_1_417' title='bbox 2194 1735 2390 1807; x_wconf 78' lang='lat' dir='ltr'><strong>legitur</strong></span> <span class='ocrx_word' id='word_1_418' title='bbox 2448 1736 2502 1790; x_wconf 90' lang='lat' dir='ltr'><strong>in</strong></span> <span class='ocrx_word' id='word_1_419' title='bbox 2553 1737 2811 1792; x_wconf 87' lang='lat' dir='ltr'><strong>omnibus</strong></span> <span class='ocrx_word' id='word_1_420' title='bbox 2863 1753 2987 1793; x_wconf 86' lang='lat' dir='ltr'><strong>cum</strong></span> <span class='ocrx_word' id='word_1_421' title='bbox 3033 1739 3218 1804; x_wconf 88' lang='lat' dir='ltr'><strong>editis,</strong></span> <span class='ocrx_word' id='word_1_422' title='bbox 3282 1750 3394 1795; x_wconf 87' lang='lat' dir='ltr'><strong>tum</strong></span> 
     </span>
    </p>
   </div>
   <div class='ocr_carea' id='block_1_63' title="bbox 1818 1827 3395 1902">
    <p class='ocr_par' dir='ltr' id='par_1_63' title="bbox 1818 1827 3395 1902">
     <span class='ocr_line' id='line_1_63' title="bbox 1818 1827 3395 1902; baseline 0.001 -20"><span class='ocrx_word' id='word_1_423' title='bbox 1818 1827 2238 1897; x_wconf 87' lang='lat' dir='ltr'><strong>manuscriptis,</strong></span> <span class='ocrx_word' id='word_1_424' title='bbox 2297 1827 2405 1880; x_wconf 80' lang='grc' dir='ltr'><strong>Τοῦ</strong></span> <span class='ocrx_word' id='word_1_425' title='bbox 2466 1828 2631 1881; x_wconf 78' lang='grc' dir='ltr'><strong>αὐτοῦ</strong></span> <span class='ocrx_word' id='word_1_426' title='bbox 2692 1829 2829 1901; x_wconf 69' lang='grc' dir='ltr'><strong>πρὸς</strong></span> <span class='ocrx_word' id='word_1_427' title='bbox 2876 1830 2973 1901; x_wconf 80' lang='grc' dir='ltr'><strong>τὴν</strong></span> <span class='ocrx_word' id='word_1_428' title='bbox 3029 1830 3200 1901; x_wconf 79' lang='grc' dir='ltr'>αὐτὴν</span> <span class='ocrx_word' id='word_1_429' title='bbox 3262 1832 3395 1902; x_wconf 69' lang='grc' dir='ltr'><strong>περὶ</strong></span> 
     </span>
    </p>
   </div>
   <div class='ocr_carea' id='block_1_64' title="bbox 1820 1919 3393 1991">
    <p class='ocr_par' dir='ltr' id='par_1_64' title="bbox 1820 1919 3393 1991">
     <span class='ocr_line' id='line_1_64' title="bbox 1820 1919 3393 1991; baseline 0.003 -20"><span class='ocrx_word' id='word_1_430' title='bbox 1820 1919 2164 1991; x_wconf 83' lang='grc' dir='ltr'>μονανδρίας,</span> <span class='ocrx_word' id='word_1_431' title='bbox 2207 1920 2439 1989; x_wconf 81' lang='lat' dir='ltr'><strong>ejusdem</strong></span> <span class='ocrx_word' id='word_1_432' title='bbox 2478 1920 2550 1973; x_wconf 89' lang='lat' dir='ltr'><strong>ad</strong></span> <span class='ocrx_word' id='word_1_433' title='bbox 2600 1921 2837 1975; x_wconf 83' lang='lat' dir='ltr'><strong>eamdem</strong></span> <span class='ocrx_word' id='word_1_434' title='bbox 2883 1922 2948 1975; x_wconf 88' lang='lat' dir='ltr'><strong>de</strong></span> <span class='ocrx_word' id='word_1_435' title='bbox 2998 1937 3100 1975; x_wconf 89' lang='lat' dir='ltr'><strong>non</strong></span> <span class='ocrx_word' id='word_1_436' title='bbox 3150 1923 3393 1976; x_wconf 81' lang='lat' dir='ltr'><strong>iterando</strong></span> 
     </span>
    </p>
   </div>
   <div class='ocr_carea' id='block_1_65' title="bbox 1815 2010 3392 2083">
    <p class='ocr_par' dir='ltr' id='par_1_65' title="bbox 1815 2010 3392 2083">
     <span class='ocr_line' id='line_1_65' title="bbox 1815 2010 3392 2083; baseline -0.001 -15"><span class='ocrx_word' id='word_1_437' title='bbox 1815 2012 2087 2083; x_wconf 78' lang='lat' dir='ltr'><strong>conjugio.</strong></span> <span class='ocrx_word' id='word_1_438' title='bbox 2121 2010 2261 2068; x_wconf 88' lang='lat' dir='ltr'><strong>lluic</strong></span> <span class='ocrx_word' id='word_1_439' title='bbox 2284 2027 2505 2083; x_wconf 89' lang='lat' dir='ltr'><strong>quoque</strong></span> <span class='ocrx_word' id='word_1_440' title='bbox 2532 2013 2819 2069; x_wconf 70' lang='lat' dir='ltr'><strong>sententiae</strong></span> <span class='ocrx_word' id='word_1_441' title='bbox 2850 2012 3033 2069; x_wconf 89' lang='lat' dir='ltr'><strong>favere</strong></span> <span class='ocrx_word' id='word_1_442' title='bbox 3059 2014 3275 2069; x_wconf 84' lang='lat' dir='ltr'><strong>videtur</strong></span> <span class='ocrx_word' id='word_1_443' title='bbox 3303 2028 3392 2069; x_wconf 90' lang='lat' dir='ltr'><strong>ar-</strong></span> 
     </span>
    </p>
   </div>
   <div class='ocr_carea' id='block_1_66' title="bbox 1818 2105 3396 2179">
    <p class='ocr_par' dir='ltr' id='par_1_66' title="bbox 1818 2105 3396 2179">
     <span class='ocr_line' id='line_1_66' title="bbox 1818 2105 3396 2179; baseline 0.003 -20"><span class='ocrx_word' id='word_1_444' title='bbox 1818 2105 2059 2175; x_wconf 84' lang='lat' dir='ltr'><strong>gumenti</strong></span> <span class='ocrx_word' id='word_1_445' title='bbox 2083 2120 2255 2177; x_wconf 87' lang='lat' dir='ltr'><strong>genus</strong></span> <span class='ocrx_word' id='word_1_446' title='bbox 2283 2123 2296 2160; x_wconf 91' lang='lat'><strong>:</strong></span> <span class='ocrx_word' id='word_1_447' title='bbox 2328 2121 2453 2160; x_wconf 92' lang='lat' dir='ltr'><strong>nam</strong></span> <span class='ocrx_word' id='word_1_448' title='bbox 2485 2105 2794 2176; x_wconf 91' lang='lat' dir='ltr'><strong>dejuniore</strong></span> <span class='ocrx_word' id='word_1_449' title='bbox 2825 2107 2985 2162; x_wconf 89' lang='lat' dir='ltr'><strong>vidua</strong></span> <span class='ocrx_word' id='word_1_450' title='bbox 3018 2106 3218 2179; x_wconf 84' lang='lat' dir='ltr'><strong>agitur,</strong></span> <span class='ocrx_word' id='word_1_451' title='bbox 3272 2123 3396 2179; x_wconf 81' lang='lat' dir='ltr'><strong>quae</strong></span> 
     </span>
    </p>
   </div>
   <div class='ocr_carea' id='block_1_67' title="bbox 1819 2198 3395 2271">
    <p class='ocr_par' dir='ltr' id='par_1_67' title="bbox 1819 2198 3395 2271">
     <span class='ocr_line' id='line_1_67' title="bbox 1819 2198 3395 2271; baseline 0.003 -19"><span class='ocrx_word' id='word_1_452' title='bbox 1819 2198 1990 2253; x_wconf 90' lang='lat' dir='ltr'><strong>semel</strong></span> <span class='ocrx_word' id='word_1_453' title='bbox 2016 2199 2282 2269; x_wconf 87' lang='lat' dir='ltr'><strong>nupserit.</strong></span> <span class='ocrx_word' id='word_1_454' title='bbox 2318 2214 2439 2270; x_wconf 83' lang='lat' dir='ltr'><strong>quae</strong></span> <span class='ocrx_word' id='word_1_455' title='bbox 2483 2199 2644 2254; x_wconf 88' lang='lat' dir='ltr'><strong>ambo</strong></span> <span class='ocrx_word' id='word_1_456' title='bbox 2675 2199 2930 2254; x_wconf 83' lang='lat' dir='ltr'><strong>Therasii</strong></span> <span class='ocrx_word' id='word_1_457' title='bbox 2966 2200 3123 2256; x_wconf 80' lang='lat' dir='ltr'><strong>uxori</strong></span> <span class='ocrx_word' id='word_1_458' title='bbox 3173 2216 3395 2271; x_wconf 87' lang='lat' dir='ltr'><strong>compe-</strong></span> 
     </span>
    </p>
   </div>
   <div class='ocr_carea' id='block_1_68' title="bbox 1818 2289 3392 2363">
    <p class='ocr_par' dir='ltr' id='par_1_68' title="bbox 1818 2289 3392 2363">
     <span class='ocr_line' id='line_1_68' title="bbox 1818 2289 3392 2363; baseline 0.003 -18"><span class='ocrx_word' id='word_1_459' title='bbox 1818 2300 1961 2345; x_wconf 89' lang='lat' dir='ltr'><strong>tunt.</strong></span> <span class='ocrx_word' id='word_1_460' title='bbox 2006 2289 2205 2345; x_wconf 89' lang='lat' dir='ltr'><strong>Verum</strong></span> <span class='ocrx_word' id='word_1_461' title='bbox 2241 2292 2329 2346; x_wconf 89' lang='lat' dir='ltr'><strong>hic</strong></span> <span class='ocrx_word' id='word_1_462' title='bbox 2388 2308 2494 2347; x_wconf 83' lang='lat' dir='ltr'><strong>non</strong></span> <span class='ocrx_word' id='word_1_463' title='bbox 2548 2293 2769 2346; x_wconf 86' lang='lat' dir='ltr'><strong>viduam</strong></span> <span class='ocrx_word' id='word_1_464' title='bbox 2828 2292 3066 2363; x_wconf 88' lang='lat' dir='ltr'><strong>aliquam</strong></span> <span class='ocrx_word' id='word_1_465' title='bbox 3116 2292 3392 2362; x_wconf 86' lang='lat' dir='ltr'><strong>juniorem</strong></span> 
     </span>
    </p>
   </div>
   <div class='ocr_carea' id='block_1_69' title="bbox 1818 2384 3397 2453">
    <p class='ocr_par' dir='ltr' id='par_1_69' title="bbox 1818 2384 3397 2453">
     <span class='ocr_line' id='line_1_69' title="bbox 1818 2384 3397 2453; baseline 0.002 -15"><span class='ocrx_word' id='word_1_466' title='bbox 1818 2384 2138 2453; x_wconf 88' lang='lat' dir='ltr'><strong>alloquitur,</strong></span> <span class='ocrx_word' id='word_1_467' title='bbox 2192 2385 2285 2440; x_wconf 90' lang='lat' dir='ltr'><strong>sed</strong></span> <span class='ocrx_word' id='word_1_468' title='bbox 2325 2399 2516 2440; x_wconf 91' lang='lat' dir='ltr'><strong>omnes</strong></span> <span class='ocrx_word' id='word_1_469' title='bbox 2556 2385 2722 2440; x_wconf 90' lang='lat' dir='ltr'><strong>simul</strong></span> <span class='ocrx_word' id='word_1_470' title='bbox 2779 2385 2973 2441; x_wconf 81' lang='lat' dir='ltr'><strong>viduas</strong></span> <span class='ocrx_word' id='word_1_471' title='bbox 3015 2386 3397 2441; x_wconf 86' lang='lat' dir='ltr'><strong>concionantis</strong></span> 
     </span>
    </p>
   </div>
   <div class='ocr_carea' id='block_1_70' title="bbox 1819 2477 3401 2548">
    <p class='ocr_par' dir='ltr' id='par_1_70' title="bbox 1819 2477 3401 2548">
     <span class='ocr_line' id='line_1_70' title="bbox 1819 2477 3401 2548; baseline 0.002 -17"><span class='ocrx_word' id='word_1_472' title='bbox 1819 2493 1973 2533; x_wconf 89' lang='lat' dir='ltr'><strong>more</strong></span> <span class='ocrx_word' id='word_1_473' title='bbox 2026 2493 2136 2532; x_wconf 92' lang='lat' dir='ltr'><strong>non</strong></span> <span class='ocrx_word' id='word_1_474' title='bbox 2187 2477 2417 2532; x_wconf 88' lang='lat' dir='ltr'><strong>iterandi</strong></span> <span class='ocrx_word' id='word_1_475' title='bbox 2476 2478 2718 2548; x_wconf 83' lang='lat' dir='ltr'><strong>conjugii</strong></span> <span class='ocrx_word' id='word_1_476' title='bbox 2774 2493 2972 2534; x_wconf 85' lang='lat' dir='ltr'><strong>causas</strong></span> <span class='ocrx_word' id='word_1_477' title='bbox 3029 2478 3223 2534; x_wconf 86' lang='lat' dir='ltr'><strong>docet:</strong></span> <span class='ocrx_word' id='word_1_478' title='bbox 3272 2480 3401 2534; x_wconf 85' lang='lat' dir='ltr'><strong>licet</strong></span> 
     </span>
    </p>
   </div>
   <div class='ocr_carea' id='block_1_71' title="bbox 1818 2569 3398 2640">
    <p class='ocr_par' dir='ltr' id='par_1_71' title="bbox 1818 2569 3398 2640">
     <span class='ocr_line' id='line_1_71' title="bbox 1818 2569 3398 2640; baseline 0.003 -17"><span class='ocrx_word' id='word_1_479' title='bbox 1818 2569 1964 2623; x_wconf 89' lang='lat' dir='ltr'><strong>enim</strong></span> <span class='ocrx_word' id='word_1_480' title='bbox 1998 2570 2250 2623; x_wconf 62' lang='lat' dir='ltr'><strong>secundat</strong></span> <span class='ocrx_word' id='word_1_481' title='bbox 2282 2569 2485 2639; x_wconf 67' lang='lat' dir='ltr'><strong>nuptiae</strong></span> <span class='ocrx_word' id='word_1_482' title='bbox 2507 2570 2792 2640; x_wconf 78' lang='lat' dir='ltr'><strong>culpanda:</strong></span> <span class='ocrx_word' id='word_1_483' title='bbox 2825 2586 2932 2626; x_wconf 91' lang='lat' dir='ltr'><strong>non</strong></span> <span class='ocrx_word' id='word_1_484' title='bbox 2968 2572 3100 2637; x_wconf 89' lang='lat' dir='ltr'><strong>sint,</strong></span> <span class='ocrx_word' id='word_1_485' title='bbox 3128 2588 3237 2627; x_wconf 90' lang='lat' dir='ltr'><strong>non</strong></span> <span class='ocrx_word' id='word_1_486' title='bbox 3265 2583 3398 2627; x_wconf 90' lang='lat' dir='ltr'><strong>sunt</strong></span> 
     </span>
    </p>
   </div>
   <div class='ocr_carea' id='block_1_72' title="bbox 1818 2658 3395 2730">
    <p class='ocr_par' dir='ltr' id='par_1_72' title="bbox 1818 2658 3395 2730">
     <span class='ocr_line' id='line_1_72' title="bbox 1818 2658 3395 2730; baseline 0.004 -20"><span class='ocrx_word' id='word_1_487' title='bbox 1818 2666 2000 2711; x_wconf 84' lang='lat' dir='ltr'><strong>tamen</strong></span> <span class='ocrx_word' id='word_1_488' title='bbox 2037 2658 2194 2713; x_wconf 86' lang='lat' dir='ltr'><strong>laude</strong></span> <span class='ocrx_word' id='word_1_489' title='bbox 2233 2658 2431 2730; x_wconf 66' lang='lat' dir='ltr'><strong>dignm,</strong></span> <span class='ocrx_word' id='word_1_490' title='bbox 2490 2675 2556 2715; x_wconf 92' lang='lat' dir='ltr'><strong>ac</strong></span> <span class='ocrx_word' id='word_1_491' title='bbox 2614 2660 2933 2715; x_wconf 87' lang='lat' dir='ltr'><strong>nonnullam</strong></span> <span class='ocrx_word' id='word_1_492' title='bbox 2981 2661 3395 2718; x_wconf 75' lang='lat' dir='ltr'><strong>incontinentiae</strong></span> 
     </span>
    </p>
   </div>
   <div class='ocr_carea' id='block_1_73' title="bbox 1821 2750 3400 2820">
    <p class='ocr_par' dir='ltr' id='par_1_73' title="bbox 1821 2750 3400 2820">
     <span class='ocr_line' id='line_1_73' title="bbox 1821 2750 3400 2820; baseline 0.002 -17"><span class='ocrx_word' id='word_1_493' title='bbox 1821 2761 2006 2804; x_wconf 89' lang='lat' dir='ltr'><strong>notam</strong></span> <span class='ocrx_word' id='word_1_494' title='bbox 2038 2766 2148 2820; x_wconf 65' lang='lat' dir='ltr'><strong>prae</strong></span> <span class='ocrx_word' id='word_1_495' title='bbox 2175 2766 2235 2806; x_wconf 88' lang='lat' dir='ltr'><strong>se</strong></span> <span class='ocrx_word' id='word_1_496' title='bbox 2287 2750 2492 2807; x_wconf 85' lang='lat' dir='ltr'><strong>ferunt.</strong></span> <span class='ocrx_word' id='word_1_497' title='bbox 2528 2751 2846 2807; x_wconf 89' lang='lat' dir='ltr'><strong>Orationem</strong></span> <span class='ocrx_word' id='word_1_498' title='bbox 2898 2768 3025 2807; x_wconf 88' lang='lat' dir='ltr'><strong>vero</strong></span> <span class='ocrx_word' id='word_1_499' title='bbox 3061 2752 3287 2815; x_wconf 89' lang='lat' dir='ltr'><strong>claudit,</strong></span> <span class='ocrx_word' id='word_1_500' title='bbox 3341 2764 3400 2806; x_wconf 87' lang='lat' dir='ltr'><strong>ut</strong></span> 
     </span>
    </p>
   </div>
   <div class='ocr_carea' id='block_1_74' title="bbox 1821 2842 3397 2915">
    <p class='ocr_par' dir='ltr' id='par_1_74' title="bbox 1821 2842 3397 2915">
     <span class='ocr_line' id='line_1_74' title="bbox 1821 2842 3397 2915; baseline 0.001 -19"><span class='ocrx_word' id='word_1_501' title='bbox 1821 2843 1875 2897; x_wconf 90' lang='lat' dir='ltr'><strong>in</strong></span> <span class='ocrx_word' id='word_1_502' title='bbox 1914 2842 2153 2899; x_wconf 88' lang='lat' dir='ltr'><strong>homiliis</strong></span> <span class='ocrx_word' id='word_1_503' title='bbox 2181 2844 2360 2899; x_wconf 82' lang='lat' dir='ltr'><strong>solet:</strong></span> <span class='ocrx_word' id='word_1_504' title='bbox 2401 2843 2551 2911; x_wconf 69' lang='lat' dir='ltr'><strong>Haec,</strong></span> <span class='ocrx_word' id='word_1_505' title='bbox 2592 2845 2791 2915; x_wconf 89' lang='lat' dir='ltr'><strong>inquit,</strong></span> <span class='ocrx_word' id='word_1_506' title='bbox 2822 2861 2925 2899; x_wconf 86' lang='lat' dir='ltr'><strong>non</strong></span> <span class='ocrx_word' id='word_1_507' title='bbox 2956 2861 3059 2913; x_wconf 87' lang='lat' dir='ltr'><strong>quo</strong></span> <span class='ocrx_word' id='word_1_508' title='bbox 3100 2846 3397 2899; x_wconf 80' lang='lat' dir='ltr'><strong>necessaria</strong></span> 
     </span>
    </p>
   </div>
   <div class='ocr_carea' id='block_1_75' title="bbox 1816 2936 3404 3009">
    <p class='ocr_par' dir='ltr' id='par_1_75' title="bbox 1816 2936 3404 3009">
     <span class='ocr_line' id='line_1_75' title="bbox 1816 2936 3404 3009; baseline 0.001 -20"><span class='ocrx_word' id='word_1_509' title='bbox 1816 2936 2208 3006; x_wconf 70' lang='lat' dir='ltr'><strong>iudicaremus,</strong></span> <span class='ocrx_word' id='word_1_510' title='bbox 2249 2936 2549 3005; x_wconf 78' lang='lat' dir='ltr'><strong>attulimus,</strong></span> <span class='ocrx_word' id='word_1_511' title='bbox 2590 2949 2687 2992; x_wconf 88' lang='lat' dir='ltr'><strong>aut</strong></span> <span class='ocrx_word' id='word_1_512' title='bbox 2740 2954 2841 3009; x_wconf 81' lang='lat' dir='ltr'><strong>quo</strong></span> <span class='ocrx_word' id='word_1_513' title='bbox 2880 2938 3026 3002; x_wconf 80' lang='lat' dir='ltr'><strong>illas,</strong></span> <span class='ocrx_word' id='word_1_514' title='bbox 3076 2953 3195 3008; x_wconf 65' lang='lat' dir='ltr'><strong>qua!</strong></span> <span class='ocrx_word' id='word_1_515' title='bbox 3232 2939 3286 2991; x_wconf 91' lang='lat' dir='ltr'><strong>in</strong></span> <span class='ocrx_word' id='word_1_516' title='bbox 3325 2938 3404 2991; x_wconf 77' lang='lat' dir='ltr'><strong>vi-</strong></span> 
     </span>
    </p>
   </div>
   <div class='ocr_carea' id='block_1_76' title="bbox 1821 3030 3404 3100">
    <p class='ocr_par' dir='ltr' id='par_1_76' title="bbox 1821 3030 3404 3100">
     <span class='ocr_line' id='line_1_76' title="bbox 1821 3030 3404 3100; baseline 0.001 -17"><span class='ocrx_word' id='word_1_517' title='bbox 1821 3030 2030 3084; x_wconf 78' lang='lat' dir='ltr'><strong>duitate</strong></span> <span class='ocrx_word' id='word_1_518' title='bbox 2065 3046 2372 3100; x_wconf 83' lang='lat' dir='ltr'><strong>permanere</strong></span> <span class='ocrx_word' id='word_1_519' title='bbox 2401 3031 2607 3095; x_wconf 83' lang='lat' dir='ltr'><strong>nolunt,</strong></span> <span class='ocrx_word' id='word_1_520' title='bbox 2654 3032 3144 3097; x_wconf 86' lang='lat' dir='ltr'><strong>condemnaremus,</strong></span> <span class='ocrx_word' id='word_1_521' title='bbox 3179 3032 3269 3086; x_wconf 83' lang='lat' dir='ltr'><strong>sed</strong></span> <span class='ocrx_word' id='word_1_522' title='bbox 3307 3032 3404 3086; x_wconf 84' lang='lat' dir='ltr'><strong>hoc</strong></span> 
     </span>
    </p>
   </div>
   <div class='ocr_carea' id='block_1_77' title="bbox 1824 3122 3401 3196">
    <p class='ocr_par' dir='ltr' id='par_1_77' title="bbox 1824 3122 3401 3196">
     <span class='ocr_line' id='line_1_77' title="bbox 1824 3122 3401 3196; baseline 0.003 -20"><span class='ocrx_word' id='word_1_523' title='bbox 1824 3139 1987 3177; x_wconf 86' lang='lat' dir='ltr'><strong>unum</strong></span> <span class='ocrx_word' id='word_1_524' title='bbox 2024 3122 2388 3178; x_wconf 84' lang='lat' dir='ltr'><strong>cohortatione</strong></span> <span class='ocrx_word' id='word_1_525' title='bbox 2447 3125 2908 3196; x_wconf 85' lang='lat' dir='ltr'><strong>admonitioneque</strong></span> <span class='ocrx_word' id='word_1_526' title='bbox 2945 3136 3129 3181; x_wconf 87' lang='lat' dir='ltr'><strong>nostra</strong></span> <span class='ocrx_word' id='word_1_527' title='bbox 3170 3135 3401 3195; x_wconf 77' lang='lat' dir='ltr'><strong>agentes.</strong></span> 
     </span>
    </p>
   </div>
   <div class='ocr_carea' id='block_1_78' title="bbox 1825 3219 3405 3289">
    <p class='ocr_par' dir='ltr' id='par_1_78' title="bbox 1825 3219 3405 3289">
     <span class='ocr_line' id='line_1_78' title="bbox 1825 3219 3405 3289; baseline 0.002 -19"><span class='ocrx_word' id='word_1_528' title='bbox 1825 3226 1883 3270; x_wconf 86' lang='lat' dir='ltr'><strong>ut</strong></span> <span class='ocrx_word' id='word_1_529' title='bbox 1912 3234 1975 3271; x_wconf 87' lang='lat' dir='ltr'><strong>ne</strong></span> <span class='ocrx_word' id='word_1_530' title='bbox 2015 3226 2170 3271; x_wconf 71' lang='lat' dir='ltr'><strong>terra</strong></span> <span class='ocrx_word' id='word_1_531' title='bbox 2196 3228 2445 3287; x_wconf 85' lang='lat' dir='ltr'><strong>perpetuo</strong></span> <span class='ocrx_word' id='word_1_532' title='bbox 2472 3219 2642 3289; x_wconf 69' lang='lat' dir='ltr'><strong>afﬁxa:</strong></span> <span class='ocrx_word' id='word_1_533' title='bbox 2672 3219 2868 3274; x_wconf 76' lang='lat' dir='ltr'><strong>luerere</strong></span> <span class='ocrx_word' id='word_1_534' title='bbox 2904 3220 3084 3283; x_wconf 78' lang='lat' dir='ltr'><strong>uelint,</strong></span> <span class='ocrx_word' id='word_1_535' title='bbox 3123 3222 3215 3276; x_wconf 86' lang='lat' dir='ltr'><strong>sed</strong></span> <span class='ocrx_word' id='word_1_536' title='bbox 3245 3220 3405 3276; x_wconf 80' lang='lat' dir='ltr'><strong>semet</strong></span> 
     </span>
    </p>
   </div>
   <div class='ocr_carea' id='block_1_79' title="bbox 1824 3308 3405 3381">
    <p class='ocr_par' dir='ltr' id='par_1_79' title="bbox 1824 3308 3405 3381">
     <span class='ocr_line' id='line_1_79' title="bbox 1824 3308 3405 3381; baseline 0.001 -18"><span class='ocrx_word' id='word_1_537' title='bbox 1824 3310 2015 3363; x_wconf 70' lang='lat' dir='ltr'><strong>soluta</strong></span> <span class='ocrx_word' id='word_1_538' title='bbox 2065 3310 2120 3361; x_wconf 87' lang='lat' dir='ltr'><strong>in</strong></span> <span class='ocrx_word' id='word_1_539' title='bbox 2183 3308 2425 3363; x_wconf 84' lang='lat' dir='ltr'><strong>libertate</strong></span> <span class='ocrx_word' id='word_1_540' title='bbox 2465 3320 2730 3377; x_wconf 77' lang='lat' dir='ltr'><strong>maneant,</strong></span> <span class='ocrx_word' id='word_1_541' title='bbox 2771 3313 2841 3364; x_wconf 84' lang='lat' dir='ltr'><strong>ad</strong></span> <span class='ocrx_word' id='word_1_542' title='bbox 2905 3312 3092 3366; x_wconf 70' lang='lat' dir='ltr'><strong>caelum</strong></span> <span class='ocrx_word' id='word_1_543' title='bbox 3150 3313 3405 3381; x_wconf 82' lang='lat' dir='ltr'><strong>aspireut,</strong></span> 
     </span>
    </p>
   </div>
   <div class='ocr_carea' id='block_1_80' title="bbox 1823 3400 3408 3474">
    <p class='ocr_par' dir='ltr' id='par_1_80' title="bbox 1823 3400 3408 3474">
     <span class='ocr_line' id='line_1_80' title="bbox 1823 3400 3408 3474; baseline 0.001 -19"><span class='ocrx_word' id='word_1_544' title='bbox 1823 3400 2091 3456; x_wconf 77' lang='lat' dir='ltr'><strong>ctelestem</strong></span> <span class='ocrx_word' id='word_1_545' title='bbox 2148 3400 2352 3455; x_wconf 76' lang='lat' dir='ltr'><strong>vivendi</strong></span> <span class='ocrx_word' id='word_1_546' title='bbox 2406 3402 2663 3456; x_wconf 73' lang='lat' dir='ltr'><strong>rationem</strong></span> <span class='ocrx_word' id='word_1_547' title='bbox 2713 3402 3041 3471; x_wconf 84' lang='lat' dir='ltr'><strong>adhibeant,</strong></span> <span class='ocrx_word' id='word_1_548' title='bbox 3100 3420 3163 3458; x_wconf 85' lang='lat' dir='ltr'><strong>ac</strong></span> <span class='ocrx_word' id='word_1_549' title='bbox 3200 3404 3408 3474; x_wconf 70' lang='lat' dir='ltr'><strong>juncta:</strong></span> 
     </span>
    </p>
   </div>
   <div class='ocr_carea' id='block_1_81' title="bbox 1824 3493 3403 3566">
    <p class='ocr_par' dir='ltr' id='par_1_81' title="bbox 1824 3493 3403 3566">
     <span class='ocr_line' id='line_1_81' title="bbox 1824 3493 3403 3566; baseline 0 -16"><span class='ocrx_word' id='word_1_550' title='bbox 1824 3493 2035 3551; x_wconf 63' lang='lat' dir='ltr'><strong>Christo</strong></span> <span class='ocrx_word' id='word_1_551' title='bbox 2063 3510 2126 3548; x_wconf 89' lang='lat' dir='ltr'><strong>ea</strong></span> <span class='ocrx_word' id='word_1_552' title='bbox 2155 3495 2337 3548; x_wconf 85' lang='lat' dir='ltr'><strong>omnia</strong></span> <span class='ocrx_word' id='word_1_553' title='bbox 2372 3504 2645 3564; x_wconf 72' lang='lat' dir='ltr'><strong>prcestent,</strong></span> <span class='ocrx_word' id='word_1_554' title='bbox 2675 3511 2793 3565; x_wconf 75' lang='lat' dir='ltr'><strong>qua:</strong></span> <span class='ocrx_word' id='word_1_555' title='bbox 2820 3495 2888 3550; x_wconf 67' lang='lat' dir='ltr'><strong>iis</strong></span> <span class='ocrx_word' id='word_1_556' title='bbox 2916 3497 3251 3561; x_wconf 84' lang='lat' dir='ltr'><strong>conveniunt,</strong></span> <span class='ocrx_word' id='word_1_557' title='bbox 3282 3512 3403 3566; x_wconf 64' lang='lat' dir='ltr'><strong>quae</strong></span> 
     </span>
    </p>
   </div>
   <div class='ocr_carea' id='block_1_82' title="bbox 1824 3588 3408 3659">
    <p class='ocr_par' dir='ltr' id='par_1_82' title="bbox 1824 3588 3408 3659">
     <span class='ocr_line' id='line_1_82' title="bbox 1824 3588 3408 3659; baseline -0.001 -17"><span class='ocrx_word' id='word_1_558' title='bbox 1824 3596 2033 3642; x_wconf 88' lang='lat' dir='ltr'><strong>tantum</strong></span> <span class='ocrx_word' id='word_1_559' title='bbox 2065 3598 2235 3643; x_wconf 71' lang='lat' dir='ltr'><strong>nacta</strong></span> <span class='ocrx_word' id='word_1_560' title='bbox 2263 3596 2384 3641; x_wconf 76' lang='lat' dir='ltr'><strong>sunt</strong></span> <span class='ocrx_word' id='word_1_561' title='bbox 2411 3604 2661 3657; x_wconf 84' lang='lat' dir='ltr'><strong>sponsum</strong></span> <span class='ocrx_word' id='word_1_562' title='bbox 2690 3604 2708 3641; x_wconf 88' lang='lat'><strong><em>:</em></strong></span> <span class='ocrx_word' id='word_1_563' title='bbox 2742 3588 2995 3659; x_wconf 87' lang='lat' dir='ltr'><strong>quoniam</strong></span> <span class='ocrx_word' id='word_1_564' title='bbox 3033 3589 3205 3658; x_wconf 78' lang='lat' dir='ltr'><strong>ipsum</strong></span> <span class='ocrx_word' id='word_1_565' title='bbox 3260 3588 3408 3643; x_wconf 86' lang='lat' dir='ltr'><strong>decet</strong></span> 
     </span>
    </p>
   </div>
   <div class='ocr_carea' id='block_1_83' title="bbox 1822 3679 3396 3753">
    <p class='ocr_par' dir='ltr' id='par_1_83' title="bbox 1822 3679 3396 3753">
     <span class='ocr_line' id='line_1_83' title="bbox 1822 3679 3396 3753; baseline 0.001 -18"><span class='ocrx_word' id='word_1_566' title='bbox 1822 3682 1993 3736; x_wconf 89' lang='lat' dir='ltr'><strong>omnis</strong></span> <span class='ocrx_word' id='word_1_567' title='bbox 2032 3681 2227 3753; x_wconf 88' lang='lat' dir='ltr'><strong>gloria,</strong></span> <span class='ocrx_word' id='word_1_568' title='bbox 2259 3681 2449 3747; x_wconf 82' lang='lat' dir='ltr'><strong>honor,</strong></span> <span class='ocrx_word' id='word_1_569' title='bbox 2479 3690 2588 3736; x_wconf 87' lang='lat' dir='ltr'><strong>etc.</strong></span> <span class='ocrx_word' id='word_1_570' title='bbox 2620 3679 2747 3737; x_wconf 80' lang='lat' dir='ltr'><strong>Haec</strong></span> <span class='ocrx_word' id='word_1_571' title='bbox 2793 3681 3076 3738; x_wconf 86' lang='lat' dir='ltr'><strong>eoncionis</strong></span> <span class='ocrx_word' id='word_1_572' title='bbox 3121 3682 3396 3753; x_wconf 78' lang='lat' dir='ltr'><strong>epilogum</strong></span> 
     </span>
    </p>
   </div>
   <div class='ocr_carea' id='block_1_84' title="bbox 1822 3772 3405 3845">
    <p class='ocr_par' dir='ltr' id='par_1_84' title="bbox 1822 3772 3405 3845">
     <span class='ocr_line' id='line_1_84' title="bbox 1822 3772 3405 3845; baseline -0.002 -15"><span class='ocrx_word' id='word_1_573' title='bbox 1822 3789 1944 3830; x_wconf 86' lang='lat' dir='ltr'><strong>esse</strong></span> <span class='ocrx_word' id='word_1_574' title='bbox 1979 3789 2139 3829; x_wconf 90' lang='lat' dir='ltr'><strong>nemo</strong></span> <span class='ocrx_word' id='word_1_575' title='bbox 2162 3787 2273 3828; x_wconf 93' lang='lat' dir='ltr'><strong>non</strong></span> <span class='ocrx_word' id='word_1_576' title='bbox 2302 3773 2470 3829; x_wconf 87' lang='lat' dir='ltr'><strong>videt.</strong></span> <span class='ocrx_word' id='word_1_577' title='bbox 2501 3772 2683 3840; x_wconf 85' lang='lat' dir='ltr'><strong>Quare</strong></span> <span class='ocrx_word' id='word_1_578' title='bbox 2710 3774 2791 3828; x_wconf 84' lang='lat' dir='ltr'><strong>vel</strong></span> <span class='ocrx_word' id='word_1_579' title='bbox 2818 3775 2873 3828; x_wconf 93' lang='lat' dir='ltr'><strong>in</strong></span> <span class='ocrx_word' id='word_1_580' title='bbox 2906 3773 3067 3829; x_wconf 88' lang='lat' dir='ltr'><strong>titulo</strong></span> <span class='ocrx_word' id='word_1_581' title='bbox 3100 3773 3230 3828; x_wconf 91' lang='lat' dir='ltr'><strong>illud</strong></span> <span class='ocrx_word' id='word_1_582' title='bbox 3265 3775 3405 3845; x_wconf 82' lang='grc' dir='ltr'><strong>πρὸς</strong></span> 
     </span>
    </p>
   </div>
   <div class='ocr_carea' id='block_1_85' title="bbox 1824 3864 3407 3940">
    <p class='ocr_par' dir='ltr' id='par_1_85' title="bbox 1824 3864 3407 3940">
     <span class='ocr_line' id='line_1_85' title="bbox 1824 3864 3407 3940; baseline 0 -19"><span class='ocrx_word' id='word_1_583' title='bbox 1824 3867 1922 3940; x_wconf 77' lang='grc' dir='ltr'><strong>τὴν</strong></span> <span class='ocrx_word' id='word_1_584' title='bbox 1967 3867 2137 3938; x_wconf 83' lang='grc' dir='ltr'>αὑτήν</span> <span class='ocrx_word' id='word_1_585' title='bbox 2162 3906 2178 3933; x_wconf 84' lang='grc'><em>,</em></span> <span class='ocrx_word' id='word_1_586' title='bbox 2209 3866 2279 3921; x_wconf 85' lang='lat' dir='ltr'><strong>ad</strong></span> <span class='ocrx_word' id='word_1_587' title='bbox 2315 3866 2575 3931; x_wconf 86' lang='lat' dir='ltr'><strong>eamdem,</strong></span> <span class='ocrx_word' id='word_1_588' title='bbox 2604 3881 2636 3921; x_wconf 88' lang='lat' dir='ltr'><strong>a</strong></span> <span class='ocrx_word' id='word_1_589' title='bbox 2674 3864 2898 3920; x_wconf 90' lang='lat' dir='ltr'><strong>librario</strong></span> <span class='ocrx_word' id='word_1_590' title='bbox 2930 3865 3167 3936; x_wconf 88' lang='lat' dir='ltr'><strong>quodam</strong></span> <span class='ocrx_word' id='word_1_591' title='bbox 3204 3874 3407 3921; x_wconf 87' lang='lat' dir='ltr'><strong>temere</strong></span> 
     </span>
    </p>
   </div>
   <div class='ocr_carea' id='block_1_86' title="bbox 1829 3956 3404 4031">
    <p class='ocr_par' dir='ltr' id='par_1_86' title="bbox 1829 3956 3404 4031">
     <span class='ocr_line' id='line_1_86' title="bbox 1829 3956 3404 4031; baseline -0.001 -17"><span class='ocrx_word' id='word_1_592' title='bbox 1829 3960 2100 4031; x_wconf 89' lang='lat' dir='ltr'><strong>adjectum</strong></span> <span class='ocrx_word' id='word_1_593' title='bbox 2129 3968 2249 4016; x_wconf 89' lang='lat' dir='ltr'><strong>est:</strong></span> <span class='ocrx_word' id='word_1_594' title='bbox 2283 3958 2367 4014; x_wconf 87' lang='lat' dir='ltr'><strong>vel</strong></span> <span class='ocrx_word' id='word_1_595' title='bbox 2409 3957 2455 4014; x_wconf 91' lang='lat' dir='ltr'><strong>si</strong></span> <span class='ocrx_word' id='word_1_596' title='bbox 2505 3973 2626 4013; x_wconf 88' lang='lat' dir='ltr'><strong>eam</strong></span> <span class='ocrx_word' id='word_1_597' title='bbox 2674 3958 2979 4013; x_wconf 85' lang='lat' dir='ltr'><strong>orationem</strong></span> <span class='ocrx_word' id='word_1_598' title='bbox 3037 3958 3106 4014; x_wconf 91' lang='lat' dir='ltr'><strong>ad</strong></span> <span class='ocrx_word' id='word_1_599' title='bbox 3154 3956 3404 4015; x_wconf 87' lang='lat' dir='ltr'><strong>Therasii</strong></span> 
     </span>
    </p>
   </div>
   <div class='ocr_carea' id='block_1_87' title="bbox 1826 4050 3402 4123">
    <p class='ocr_par' dir='ltr' id='par_1_87' title="bbox 1826 4050 3402 4123">
     <span class='ocr_line' id='line_1_87' title="bbox 1826 4050 3402 4123; baseline -0.003 -11"><span class='ocrx_word' id='word_1_600' title='bbox 1826 4068 2052 4113; x_wconf 81' lang='lat' dir='ltr'><strong>uxorem</strong></span> <span class='ocrx_word' id='word_1_601' title='bbox 2083 4067 2209 4108; x_wconf 89' lang='lat' dir='ltr'><strong>vere</strong></span> <span class='ocrx_word' id='word_1_602' title='bbox 2241 4051 2453 4108; x_wconf 84' lang='lat' dir='ltr'><strong>miserit</strong></span> <span class='ocrx_word' id='word_1_603' title='bbox 2501 4050 2929 4123; x_wconf 85' lang='lat' dir='ltr'><strong>Chrysostomus</strong></span> <span class='ocrx_word' id='word_1_604' title='bbox 2952 4092 2968 4119; x_wconf 91' lang='lat'><strong>,</strong></span> <span class='ocrx_word' id='word_1_605' title='bbox 3006 4051 3180 4123; x_wconf 91' lang='lat' dir='ltr'><strong>ipsam</strong></span> <span class='ocrx_word' id='word_1_606' title='bbox 3216 4061 3402 4123; x_wconf 87' lang='lat' dir='ltr'><strong>postea</strong></span> 
     </span>
    </p>
   </div>
   <div class='ocr_carea' id='block_1_88' title="bbox 1830 4143 3405 4203">
    <p class='ocr_par' dir='ltr' id='par_1_88' title="bbox 1830 4143 3405 4203">
     <span class='ocr_line' id='line_1_88' title="bbox 1830 4143 3405 4203; baseline -0.002 -1"><span class='ocrx_word' id='word_1_607' title='bbox 1830 4147 2065 4203; x_wconf 71' lang='lat' dir='ltr'><strong>homilia:</strong></span> <span class='ocrx_word' id='word_1_608' title='bbox 2092 4161 2243 4203; x_wconf 92' lang='lat' dir='ltr'><strong>more</strong></span> <span class='ocrx_word' id='word_1_609' title='bbox 2269 4145 2656 4202; x_wconf 89' lang='lat' dir='ltr'><strong>concinnatam</strong></span> <span class='ocrx_word' id='word_1_610' title='bbox 2688 4145 2744 4200; x_wconf 91' lang='lat' dir='ltr'><strong>in</strong></span> <span class='ocrx_word' id='word_1_611' title='bbox 2787 4154 2933 4202; x_wconf 66' lang='lat' dir='ltr'><strong>coetu</strong></span> <span class='ocrx_word' id='word_1_612' title='bbox 2967 4145 3295 4202; x_wconf 82' lang='lat' dir='ltr'><strong>recitaverit.</strong></span> <span class='ocrx_word' id='word_1_613' title='bbox 3332 4143 3405 4201; x_wconf 88' lang='lat' dir='ltr'><strong>Ut</strong></span> 
     </span>
    </p>
   </div>
   <div class='ocr_carea' id='block_1_89' title="bbox 1826 4238 3407 4311">
    <p class='ocr_par' dir='ltr' id='par_1_89' title="bbox 1826 4238 3407 4311">
     <span class='ocr_line' id='line_1_89' title="bbox 1826 4238 3407 4311; baseline -0.003 -14"><span class='ocrx_word' id='word_1_614' title='bbox 1826 4250 1888 4297; x_wconf 93' lang='lat' dir='ltr'><strong>ut</strong></span> <span class='ocrx_word' id='word_1_615' title='bbox 1912 4254 2038 4294; x_wconf 89' lang='lat' dir='ltr'><strong>vero</strong></span> <span class='ocrx_word' id='word_1_616' title='bbox 2067 4240 2159 4307; x_wconf 85' lang='lat' dir='ltr'><strong>sit,</strong></span> <span class='ocrx_word' id='word_1_617' title='bbox 2210 4247 2513 4311; x_wconf 89' lang='lat' dir='ltr'><strong>opportune</strong></span> <span class='ocrx_word' id='word_1_618' title='bbox 2554 4238 2777 4309; x_wconf 89' lang='lat' dir='ltr'><strong>ponitur</strong></span> <span class='ocrx_word' id='word_1_619' title='bbox 2837 4246 2960 4308; x_wconf 72' lang='lat' dir='ltr'><strong>post</strong></span> <span class='ocrx_word' id='word_1_620' title='bbox 3001 4239 3307 4294; x_wconf 85' lang='lat' dir='ltr'><strong>orationem</strong></span> <span class='ocrx_word' id='word_1_621' title='bbox 3339 4239 3407 4293; x_wconf 91' lang='lat' dir='ltr'><strong>ad</strong></span> 
     </span>
    </p>
   </div>
   <div class='ocr_carea' id='block_1_90' title="bbox 1826 4330 3401 4402">
    <p class='ocr_par' dir='ltr' id='par_1_90' title="bbox 1826 4330 3401 4402">
     <span class='ocr_line' id='line_1_90' title="bbox 1826 4330 3401 4402; baseline 0 -15"><span class='ocrx_word' id='word_1_622' title='bbox 1826 4330 2075 4388; x_wconf 82' lang='lat' dir='ltr'><strong>Therasii</strong></span> <span class='ocrx_word' id='word_1_623' title='bbox 2110 4345 2357 4394; x_wconf 79' lang='lat' dir='ltr'><strong>uxorem,</strong></span> <span class='ocrx_word' id='word_1_624' title='bbox 2388 4330 2517 4400; x_wconf 84' lang='lat' dir='ltr'><strong>quia</strong></span> <span class='ocrx_word' id='word_1_625' title='bbox 2548 4339 2633 4386; x_wconf 88' lang='lat' dir='ltr'><strong>est</strong></span> <span class='ocrx_word' id='word_1_626' title='bbox 2664 4330 2910 4400; x_wconf 87' lang='lat' dir='ltr'><strong>ejusdem</strong></span> <span class='ocrx_word' id='word_1_627' title='bbox 2937 4332 3268 4402; x_wconf 89' lang='lat' dir='ltr'><strong>argumenti,</strong></span> <span class='ocrx_word' id='word_1_628' title='bbox 3298 4346 3401 4387; x_wconf 89' lang='lat' dir='ltr'><strong>nec</strong></span> 
     </span>
    </p>
   </div>
   <div class='ocr_carea' id='block_1_91' title="bbox 1828 4416 2965 4480">
    <p class='ocr_par' dir='ltr' id='par_1_91' title="bbox 1828 4416 2965 4480">
     <span class='ocr_line' id='line_1_91' title="bbox 1828 4416 2965 4480; baseline -0.005 0"><span class='ocrx_word' id='word_1_629' title='bbox 1828 4424 2016 4480; x_wconf 91' lang='lat' dir='ltr'><strong>debuit</strong></span> <span class='ocrx_word' id='word_1_630' title='bbox 2042 4423 2252 4480; x_wconf 87' lang='lat' dir='ltr'><strong>moveri</strong></span> <span class='ocrx_word' id='word_1_631' title='bbox 2277 4423 2417 4478; x_wconf 93' lang='lat' dir='ltr'><strong>loco.</strong></span> <span class='ocrx_word' id='word_1_632' title='bbox 2958 4416 2965 4421; x_wconf 83' lang='grc'><strong>’</strong></span> 
     </span>
    </p>
   </div>
   <div class='ocr_carea' id='block_1_92' title="bbox 1902 4515 3411 4586">
    <p class='ocr_par' dir='ltr' id='par_1_92' title="bbox 1902 4515 3411 4586">
     <span class='ocr_line' id='line_1_92' title="bbox 1902 4515 3411 4586; baseline -0.001 -15"><span class='ocrx_word' id='word_1_633' title='bbox 1902 4516 2159 4572; x_wconf 90' lang='lat' dir='ltr'><strong>Flaminii</strong></span> <span class='ocrx_word' id='word_1_634' title='bbox 2197 4515 2399 4572; x_wconf 83' lang='lat' dir='ltr'><strong>Nobilii</strong></span> <span class='ocrx_word' id='word_1_635' title='bbox 2441 4516 2968 4586; x_wconf 88' lang='lat' dir='ltr'><strong>interpretationem,</strong></span> <span class='ocrx_word' id='word_1_636' title='bbox 3028 4524 3215 4586; x_wconf 88' lang='lat' dir='ltr'><strong>utpote</strong></span> <span class='ocrx_word' id='word_1_637' title='bbox 3247 4530 3411 4571; x_wconf 83' lang='lat' dir='ltr'><strong>accu-</strong></span> 
     </span>
    </p>
   </div>
   <div class='ocr_carea' id='block_1_93' title="bbox 1830 4610 3411 4681">
    <p class='ocr_par' dir='ltr' id='par_1_93' title="bbox 1830 4610 3411 4681">
     <span class='ocr_line' id='line_1_93' title="bbox 1830 4610 3411 4681; baseline 0.001 -16"><span class='ocrx_word' id='word_1_638' title='bbox 1830 4619 2005 4665; x_wconf 89' lang='lat' dir='ltr'><strong>ratam</strong></span> <span class='ocrx_word' id='word_1_639' title='bbox 2060 4626 2160 4667; x_wconf 88' lang='lat' dir='ltr'><strong>nec</strong></span> <span class='ocrx_word' id='word_1_640' title='bbox 2202 4610 2597 4681; x_wconf 86' lang='lat' dir='ltr'><strong>inelegantem,</strong></span> <span class='ocrx_word' id='word_1_641' title='bbox 2644 4610 2853 4681; x_wconf 90' lang='lat' dir='ltr'><strong>aliquot</strong></span> <span class='ocrx_word' id='word_1_642' title='bbox 2910 4619 3093 4666; x_wconf 89' lang='lat' dir='ltr'><strong>tamen</strong></span> <span class='ocrx_word' id='word_1_643' title='bbox 3158 4610 3213 4665; x_wconf 91' lang='lat' dir='ltr'><strong>in</strong></span> <span class='ocrx_word' id='word_1_644' title='bbox 3273 4610 3411 4668; x_wconf 87' lang='lat' dir='ltr'><strong>locis</strong></span> 
     </span>
    </p>
   </div>
   <div class='ocr_carea' id='block_1_94' title="bbox 1833 4702 3265 4775">
    <p class='ocr_par' dir='ltr' id='par_1_94' title="bbox 1833 4702 3265 4775">
     <span class='ocr_line' id='line_1_94' title="bbox 1833 4702 3265 4775; baseline -0.001 -16"><span class='ocrx_word' id='word_1_645' title='bbox 1833 4703 2198 4770; x_wconf 87' lang='lat' dir='ltr'><strong>emendatam,</strong></span> <span class='ocrx_word' id='word_1_646' title='bbox 2224 4718 2255 4759; x_wconf 88' lang='lat' dir='ltr'><strong>e</strong></span> <span class='ocrx_word' id='word_1_647' title='bbox 2284 4702 2506 4773; x_wconf 83' lang='lat' dir='ltr'><strong>regione</strong></span> <span class='ocrx_word' id='word_1_648' title='bbox 2538 4702 2713 4761; x_wconf 69' lang='lat' dir='ltr'><strong>Graeci</strong></span> <span class='ocrx_word' id='word_1_649' title='bbox 2746 4713 2927 4761; x_wconf 74' lang='lat' dir='ltr'><strong>textus</strong></span> <span class='ocrx_word' id='word_1_650' title='bbox 2953 4703 3265 4775; x_wconf 91' lang='lat' dir='ltr'><strong>posuimus.</strong></span> 
     </span>
    </p>
   </div>
  </div>
