3898 6258
413 478 516 532 ὅθί)

811 601 1211 618 ...η-..μ’-

507 612 808 626 ..ρ--ν-ι

1108 463 1165 514 s.
1195 417 1479 513 massis
1516 436 2001 502 cnnvsosrout
2041 427 2358 486 mentiar.
2399 407 2952 478 cotvs'rAN'rtNor.

1217 563 2453 609 _________________.___._————

3560 381 3671 436 (ἷῡο

2725 524 3653 568 Μ

2462 554 2720 574 -ἐαι

1097 945 1300 1070 ΑΙ)
1424 923 2050 1068 VIDUAM
2172 899 3023 1042 JUNIOBEM.

515 1635 566 1688 1.
608 1630 834 1684 Gravem
865 1632 916 1676 te
943 1618 1154 1690 quidem
1186 1611 1443 1678 accipisse
1471 1604 1678 1674 plagam
1707 1637 1720 1662 ,
1763 1603 1920 1662 atque
1953 1591 2020 1638 ad

446 1722 674 1779 maxime
700 1715 909 1770 vitalem
940 1718 1142 1782 partem
1178 1702 1412 1773 jaculnm
1455 1704 1684 1763 superne
1727 1683 2021 1738 immissum

448 1812 750 1887 pervenisse
778 1819 962 1861 omnes
987 1815 1115 1855 sane
1147 1795 1236 1852 tibi
1267 1785 1653 1846 consenserint,
1681 1793 1743 1833 ac
1771 1785 1928 1830 nemo
1958 1782 2026 1822 ne

1295 1886 1299 1887 '
1444 1880 1456 1887 ‘
1484 1881 1492 1887 ‘
1635 1885 1642 1887 -
1736 1885 1746 1887 ς
1765 1886 1784 1887 η
1799 1863 2002 1887 ι-.-.Ιξυιι

450 1863 867 1974 iis-quidem,
896 1895 983 1966 qui
1011 1889 1168 1947 valde
1197 1880 1496 1957 philosophi
1528 1885 1672 1939 sunt,
1693 1863 2028 1926 contradixe-

451 2001 520 2055 rit
549 2017 561 2053 :
595 2010 777 2052 verum
801 1990 1055 2060 quoniam
1087 1980 1226 2036 male
1254 1982 1502 2042 acceptos
1530 1982 1634 2022 non
1686 1963 1740 2017 in
1787 1959 1928 2012 luctu
1969 1966 2033 2005 ac

457 2087 704 2160 lacrymis
731 2097 890 2138 omne
917 2091 1070 2133 suum
1102 2083 1309 2139 tempus
1337 2072 1652 2120 consumere
1680 2055 1908 2123 oportet,
1939 2042 2032 2098 sed

1391 2158 1398 2160 _
1781 2140 2032 2160 quin“

457 2140 729 2237 vulnerum
755 2187 963 2246 quoque
988 2163 1243 2223 curationi
1269 2158 1551 2230 plurimum
1574 2161 1750 2220 opera:
1774 2140 2036 2207 studiique

460 2287 676 2335 navare,
705 2286 794 2330 ne,
823 2266 866 2321 si
893 2262 1138 2330 despecta
1167 2253 1380 2311 fuerint,
1415 2245 1669 2315 majorem
1699 2236 1940 2307 ipsismet
1961 2229 2038 2283 la-

461 2364 658 2436 crymis
687 2359 909 2412 aﬂ’erant
945 2352 1154 2423 plagam
1185 2388 1198 2411 ,
1235 2352 1392 2412 atque
1431 2340 1545 2407 ipso
1575 2334 1717 2387 luctu
1749 2324 2038 2380 vehemen-

947 2415 965 2423 -
1040 2415 1061 2419 -

466 2461 650 2514 liorem
693 2452 954 2508 ﬂammam
983 2443 1212 2500 excitent
1244 2456 1256 2490 :
1290 2447 1498 2503 aequum
1532 2425 1769 2497 profecto
1798 2415 1958 2473 fuerit
1988 2421 2040 2467 te

467 2563 584 2604 eam
615 2559 732 2615 quae
761 2557 856 2610 per
881 2549 1154 2592 sermones
1179 2527 1460 2584 adhibetur
1489 2514 1905 2575 consolationem
1938 2519 2043 2560 non

467 2636 764 2707 repudiare,
797 2646 858 2685 ac
887 2629 1236 2697 lacrymarum
1276 2615 1464 2672 ﬂuvios
1495 2619 1773 2680 parumper
1795 2612 2048 2656 coercen—

472 2742 575 2784 tcm
613 2725 679 2780 ad
705 2725 864 2778 breve
893 2717 1078 2774 saltem
1109 2721 1319 2779 tempus
1349 2706 1412 2760 iis
1439 2701 1598 2758 etiam
1617 2741 1632 2762 ,
1660 2695 1750 2765 qui
1780 2703 1831 2746 te
1857 2702 2049 2745 conso-

472 2819 566 2874 lari
602 2812 978 2887 aggrediuntur
1002 2849 1015 2871 ,
1049 2815 1101 2860 te
1141 2803 1313 2872 ipsam
1353 2797 1504 2850 dare.
1549 2790 1673 2844 llaec
1715 2783 1855 2838 enim
1892 2791 2051 2834 causa

472 2921 551 2965 est
570 2952 584 2974 ,
615 2924 709 2962 cur
735 2915 790 2961 et
823 2916 919 2957 nos
949 2915 1054 2955 non
1084 2898 1136 2951 in
1163 2895 1279 2965 ipso
1308 2891 1482 2944 luctus
1522 2883 1703 2954 vigore
1726 2919 1741 2944 ,
1773 2887 1947 2945 neque
1976 2871 2051 2926 si-

475 3003 581 3059 mul
609 3017 671 3056 ac
701 2999 896 3054 l‘ulmen
940 2990 1156 3056 decidit,
1180 2983 1604 3043 obturbaremus,
1631 2972 1722 3028 sed
1745 2971 2052 3024 cunctantes

479 3109 588 3154 toto
618 3099 718 3151 hoc
748 3087 1066 3150 intermedio
1095 3077 1334 3152 tempore
1354 3120 1368 3142 ,
1397 3092 1459 3131 ac
1493 3070 1867 3146 permittentes
1895 3072 1944 3114 te
1971 3074 2055 3111 sa-

481 3191 594 3246 tiari
625 3189 770 3250 ﬂetu,
803 3179 1013 3253 quando
1035 3177 1142 3248 jam
1170 3150 1448 3240 alcaligine
1473 3163 1558 3218 illa
1584 3155 1850 3230 paululum
1876 3150 2058 3206 oculos

480 3279 725 3333 attollere
744 3315 757 3338 ,
786 3283 945 3342 atque
974 3246 1128 3323 aures
1156 3263 1242 3327 iis,
1282 3257 1374 3330 qui
1404 3265 1453 3310 te
1477 3246 1742 3308 consolari
1771 3246 2057 3299 tentarent,

485 3368 722 3439 praebere
769 3332 1022 3433 potuisti,
1055 3366 1179 3411 tunc
1221 3350 1320 3422 ipsi
1358 3357 1568 3417 quoque
1603 3347 1724 3411 post
1748 3332 2060 3390 ancillarum

485 3473 756 3514 sermones
782 3460 962 3509 nostra
983 3449 1411 3520 adjungeremus.
1440 3436 1570 3493 Nam
1594 3447 1714 3488 cum
1735 3426 1906 3483 adhuc
1933 3433 2060 3477 ten;-

486 3559 662 3621 pestas
691 3559 878 3616 magna
916 3551 998 3598 est
1020 3513 1342 3607 ,vetilnctus
1382 3530 1551 3600 viget,
1581 3522 1668 3594 qui
1705 3519 1944 3574 dolorem
1974 3513 2065 3566 de-

489 3655 687 3712 ponere
736 3636 920 3692 suadet
951 3675 971 3697 ,_
1011 3633 1056 3686 is
1096 3627 1349 3697 ejulatum
1395 3619 1561 3690 magis
1613 3614 1907 3684 provocat,
1937 3603 2066 3658 nihil

489 3703 628 3786 aliud
653 3729 786 3783 lucri
812 3732 1108 3796 reportans,
1137 3732 1294 3788 quam
1317 3713 1520 3776 odium,
1547 3706 1874 3771 multamque
1902 3703 2072 3752 mate-

490 3825 622 3880 riem
647 3783 905 3890 ejusmodi
933 3783 1172 3869 oratione
1203 3804 1508 3875 suppeditat
1540 3796 1684 3868 igni,
1714 3789 1974 3858 simulque
2003 3783 2070 3839 de

491 3932 550 3972 se
574 3925 623 3970 et
652 3910 848 3967 inimici
893 3916 946 3962 et
984 3903 1125 3959 stulti
1167 3897 1396 3953 hominis
1422 3892 1577 3947 'alTert
1604 3885 1908 3956 opinionem
1939 3895 1951 3930 :
1982 3891 2072 3930 ve-

494 4022 609 4062 rum
637 4001 846 4074 quando
876 3999 979 4068 iam
1003 4003 1161 4050 aestus
1187 3991 1276 4044 ille
1303 3983 1545 4042 desidere
1571 3977 1761 4047 cmpit,
1790 3988 1852 4027 ac
1874 3969 2074 4023 violen-

497 4099 619 4151 liam
649 4095 900 4148 ﬂuctumn
929 4084 1133 4141 sedavit
1159 4083 1298 4135 Deus
1317 4120 1329 4140 .
1357 4075 1509 4130 facile
1529 4066 1782 4124 orationis
1803 4062 1916 4118 vela
1943 4074 2077 4129 pan-

499 4189 704 4240 demus.
729 4184 856 4237 Nam
884 4175 1137 4233 mediocri
1169 4171 1384 4242 quidem
1413 4170 1724 4232 tempestate
1743 4154 1942 4228 poterit
1967 4151 2076 4205 fur-

501 4286 642 4330 tasse
685 4289 772 4328 ars
813 4285 964 4325 suum
1001 4265 1234 4321 ofﬁcium
1276 4260 1448 4314 facere
1491 4274 1504 4309 :
1541 4262 1595 4307 at
1637 4266 1758 4306 eum
1795 4252 2078 4303 ventorum

503 4369 732 4436 impetus
757 4360 988 4415 invictus
1013 4356 1199 4416 fertur,
1231 4349 1358 4404 nihil
1388 4347 1487 4400 loci
1517 4354 1597 4396 est
1624 4338 1845 4409 peritiae.
1869 4335 1963 4390 His
1988 4332 2082 4387 ad-

505 4457 645 4513 ducti
681 4455 855 4509 causis
891 4459 1001 4505 toto
1039 4445 1310 4516 superiore
1339 4451 1576 4506 tempore
1604 4435 1874 4492 siluimus,
1909 4441 1970 4480 ac
1993 4425 2081 4480 vix

509 4565 647 4603 nunc
667 4547 909 4601 emittere
931 4554 1113 4593 vocem
1137 4531 1367 4605 aggressi
1388 4543 1591 4582 sumus.
1613 4521 1919 4578 Audivimus
1938 4515 2080 4571 enim

510 4657 538 4694 a
570 4648 754 4708 patruo
783 4644 872 4689 tuo
891 4676 904 4700 ,
934 4627 1304 4686 conﬁdendum
1337 4620 1556 4692 posthac
1580 4631 1700 4671 esse
1733 4631 1744 4667 :
1779 4625 1900 4666 nam
1930 4617 1983 4664 ct
2007 4607 2084 4661 fa-

510 4733 696 4790 mulas,
725 4743 840 4798 quae
869 4724 1023 4796 paulo
1049 4718 1415 4775 honoratiores
1435 4713 1559 4776 sint,
1586 4707 1782 4762 audere
1803 4704 1870 4759 de
1896 4701 1978 4756 his
2002 4714 2088 4754 re-

511 4825 608 4878 lms
640 4820 872 4892 prolixos
901 4815 1093 4868 inferre
1124 4821 1399 4865 sermones
1422 4847 1436 4870 ,
1471 4805 1578 4857 imo
1602 4811 1849 4857 externas
1875 4805 2086 4863 quoque

513 4915 781 4975 mulieres,
810 4917 968 4978 atque
997 4920 1088 4960 eas
1117 4917 1233 4972 qua:
1257 4911 1344 4954 aut
1373 4911 1568 4968 genere
1596 4893 1686 4947 tibi
1711 4896 1968 4958 cognatm,
1999 4891 2090 4936 aut

513 5007 613 5060 alia
656 5003 841 5074 quavis
891 4998 1095 5054 ratione
1144 4992 1208 5047 ad
1267 4991 1369 5045 hoc
1407 5003 1599 5043 munus
1635 4979 1936 5036 obeundum
1983 4975 2092 5026 sint

517 5099 737 5150 idoncze.
763 5090 912 5160 Quod
925 5090 969 5144 si
987 5089 1192 5143 illarum
1221 5095 1495 5139 sermones
1517 5074 1772 5139 admittis,
1793 5069 1942 5123 valde
1963 5082 2093 5118 enn-

518 5192 726 5243 tidimus
752 5203 812 5239 ae
840 5200 933 5252 pro
954 5191 1100 5237 certo
1126 5178 1380 5232 habemus
1402 5173 1514 5227 fore
1534 5181 1588 5224 ιιι
1612 5177 1821 5221 nostros
1843 5176 1944 5215 non
1965 5172 2093 5212 con-

520 5294 744 5344 temnas,
777 5279 869 5334 sed
898 5277 1128 5346 quietem
1158 5288 1220 5326 ac
1251 5267 1708 5338 tranquillitatem,
1741 5254 1911 5328 quoad
1942 5250 2122 5322 petc-'

520 5381 613 5439 ris,
643 5373 770 5442 ipsis
816 5345 1090 5424 audiendis
1139 5361 1413 5417 adhibeas.
1459 5356 1601 5410 Sane
1641 5345 1912 5404 ntuliisbris
1939 5357 2097 5396 sexus

522 5465 802 5535 proclivior
819 5456 1206 5532 quodammodo
1226 5454 1293 5508 ad
1308 5445 1708 5520 concipiendum
1725 5441 1963 5496 dolorem
1984 5445 2096 5489 est:

521 5568 575 5611 at
595 5572 712 5611 cum
738 5564 992 5625 prmtcrea
1015 5551 1265 5619 juventus
1286 5543 1452 5603 adest,
1480 5549 1531 5593 et
1550 5535 1773 5590 viduitas
1795 5533 2098 5587 immatura,

524 5657 578 5702 et
603 5647 777 5701 nullus
803 5645 1129 5713 negotiorum
1160 5653 1303 5698 usus,
1331 5644 1384 5688 et
1409 5645 1654 5686 curarum
1690 5638 1876 5690 magna
1909 5619 2098 5682 moles,

526 5749 683 5807 atque
712 5750 868 5790 omne
905 5733 1186 5804 pristinum
1213 5738 1422 5796 tempus
1451 5724 1500 5778 in
1527 5720 1730 5776 deliciis
1753 5760 1767 5781 ,
1799 5715 2059 5770 hilaritate
2085 5753 2100 5777 ,

528 5829 720 5884 divitiis
747 5829 1069 5896 insumptum
1094 5832 1194 5890 est,
1216 5819 1394 5875 multis
1418 5815 1652 5887 partibus
1673 5809 1842 5880 major
1864 5805 2102 5863 redditur

2136 1576 2443 1640 calamitas,
2472 1581 2561 1638 ut,
2593 1568 2695 1626 nisi
2724 1576 3010 1638 supernum
3040 1556 3176 1614 adsit
3201 1556 3473 1622 auxilium,
3505 1556 3720 1624 pericu-

2132 1670 2240 1724 lum
2266 1669 2335 1721 sit
2360 1681 2427 1720 ne
2447 1680 2476 1718 a
2502 1661 2878 1732 qualicumque
2903 1655 3138 1709 irruente
3162 1647 3482 1718 cogitatione
3501 1643 3722 1714 dejieia-

2134 1768 2255 1814 tur:
2287 1756 2428 1830 quod
2454 1753 2697 1826 equidem
2735 1749 2815 1803 vel
2848 1745 3168 1818 przecipuutn
3207 1755 3269 1796 ac
3310 1738 3599 1792 maximum
3635 1737 3722 1788 di-

2136 1854 2271 1907 vina:
2297 1865 2420 1920 erga
2452 1858 2501 1902 te
2526 1861 2666 1901 cura:
2697 1841 2947 1897 indicium
2975 1833 3294 1891 censueritn.
3326 1830 3454 1884 Nam
3471 1829 3616 1898 quod
3647 1834 3727 1881 tot

2141 1955 2360 2018 repente
2389 1936 2826 1997 concurrentibus
2855 1930 3007 1985 malis
3033 1943 3137 1982 non
3169 1933 3222 1980 te
3250 1921 3505 1994 :rgritudo
3527 1920 3724 1973 absor-

2145 2010 2320 2093 bnerit
2343 2077 2358 2100 ,
2399 2047 2498 2088 nec
2536 2029 2602 2084 de
2645 2023 2872 2081 naturali
2912 2017 3106 2074 mentis
3131 2023 3270 2070 statu
3300 2013 3373 2068 sis
3403 2010 3685 2066 deturbata
3713 2053 3730 2072 ,

2143 2143 2248 2190 non
2286 2126 2338 2182 id
2366 2115 2586 2179 humani
2612 2117 2834 2186 alicujus
2860 2108 3036 2167 auxilii
3064 2107 3182 2173 fuit,
3211 2104 3304 2159 sed
3330 2101 3730 2170 Omnipotentis

2145 2219 2286 2273 illius
2309 2228 2519 2277 manus,
2537 2209 2632 2266 sed
2659 2203 3019 2274 intelligentia:
3041 2197 3182 2252 illius
3203 2196 3353 2263 cujus
3379 2205 3482 2247 non
3511 2200 3594 2244 est
3624 2205 3730 2243 nu-

2149 2323 2326 2363 merus
2350 2347 2364 2369 ,
2394 2302 2491 2359 sed
2521 2295 2817 2371 prudentia:
2847 2292 2990 2346 illius
3014 2303 3132 2358 qua:
3165 2281 3464 2353 investigari
3490 2296 3599 2335 non
3631 2293 3732 2348 po-

2151 2408 2290 2466 test,
2317 2395 2411 2451 sed
2432 2393 2605 2450 Patris
2628 2381 3111 2444 misericordiarum
3137 2419 3152 2443 ,
3186 2390 3250 2432 ac
3289 2374 3385 2429 Dei
3419 2372 3581 2426 totius
3603 2385 3733 2424 con-

2149 2489 2441 2548 solationis.
2485 2485 2608 2555 Ipse
2647 2481 2812 2545 enim,
2836 2475 3008 2546 inquit
3035 2515 3049 2536 ,
3089 2469 3356 2525 uerberauit
3385 2484 3474 2521 no:
3498 2507 3512 2529 ,
3549 2475 3599 2518 et
3626 2464 3738 2534 ipse

2151 2586 2344 2640 sanabit
2379 2596 2502 2645 nos;
2546 2573 2826 2649 percutiet,
2855 2579 2900 2622 et
2931 2564 3124 2620 curabit
3166 2571 3211 2616 et
3252 2575 3402 2615 sanas
3445 2557 3598 2629 faciet
3641 2573 3735 2609 nos

2154 2677 2329 2745 (Osee
2373 2673 2431 2727 6.
2457 2669 2493 2723 ‘2
2521 2671 2558 2738 ).

2243 2764 2417 2818 l’iduis
2445 2761 2581 2814 Deus
2609 2758 2701 2812 uiri
2731 2757 2838 2810 loco
2869 2761 2959 2807 est.
2990 2779 3057 2790 ——
3089 2744 3348 2814 Quamdiu
3378 2743 3517 2798 enim
3560 2751 3739 2796 tecum

2158 2877 2260 2912 una
2293 2857 2503 2911 vivebat
2542 2853 2726 2908 beatus
2769 2847 2858 2900 ille
2886 2846 2986 2910 vir,
3019 2840 3264 2909 cupiebas
3286 2835 3499 2908 quidem
3532 2832 3743 2889 fructus

2159 2948 2396 3005 honoris.
2420 2961 2582 3005 curaa,
2614 2941 2771 2996 studii
2797 2955 2811 3004 ς
2839 2936 3085 3006 capiebas
3107 2940 3306 2996 autem,
3329 2927 3511 2998 quales
3536 2940 3604 2980 ex
3637 2924 3739 2980 ho~

2161 3045 2302 3097 mine
2331 3054 2522 3109 capere
2553 3051 2646 3104 par
2671 3039 2786 3087 erat
2817 3046 2833 3083 :
2861 3026 3110 3098 quoniam
3135 3039 3264 3077 vero
3289 3021 3434 3074 illum
3461 3018 3527 3072 ad
3555 3033 3616 3072 se
3644 3033 3741 3071 vo-

2161 3136 2300 3190 cavit
2332 3134 2467 3186 Deus
2492 3171 2507 3194 ,
2553 3130 2666 3197 ipse
2708 3137 2849 3177 nunc
2892 3119 3032 3173 illius
3071 3116 3188 3170 loco
3222 3129 3280 3168 se
3308 3111 3401 3166 tibi
3426 3109 3742 3164 substituit.

2165 3226 2346 3296 Neque
2381 3223 2483 3276 hoc
2516 3231 2693 3272 meum
2722 3221 2802 3268 cst
2830 3253 2845 3277 ,
2880 3208 2974 3265 sed
3015 3206 3154 3263 beati
3187 3204 3459 3274 prophetae
3492 3199 3705 3254 Davidis
3732 3240 3746 3262 ,

2165 3291 2350 3388 quivita
2377 3313 2565 3381 inquit,
2596 3305 2857 3376 Pupillum
2884 3311 2928 3356 et
2944 3300 3146 3355 viduam
3169 3295 3403 3364 suscipiet
3421 3291 3589 3363 (Psal.
3620 3291 3748 3346 145.

2167 3379 2200 3464 ti
2225 3409 2279 3478 );
2308 3415 2361 3461 et
2379 3379 2502 3458 alibi
2533 3402 2704 3470 ipsum
2729 3401 2883 3449 vocat
2905 3401 3104 3461 patrem
3128 3379 3447 3459 pupillorum
3477 3423 3492 3448 ,
3527 3393 3579 3436 et
3610 3381 3753 3450 judi-

2169 3473 2285 3554 ce'm
2347 3495 2622 3550 viduarum
2647 3485 2819 3559 (Psal.
2860 3484 2948 3538 67.
2971 3481 3046 3552 6),
3085 3478 3408 3545 omninoque
3451 3473 3551 3527 hoc
3574 3473 3754 3526 horni-

2172 3606 2296 3646 num
2322 3601 2490 3658 genus
2521 3595 2725 3652 maguze
2755 3576 2853 3648 ipsi
2879 3589 3019 3630 cura:
3045 3585 3166 3626 esse
3192 3567 3418 3623 videbis.

2240 3683 2295 3737 2.
2334 3681 2596 3735 Cteterum
2628 3688 2698 3729 ne
2719 3673 2820 3726 hoc
2845 3682 3039 3723 nomen
3070 3661 3280 3719 assidue
3306 3666 3611 3728 usurpatum
3642 3659 3758 3710 ani-

2176 3789 2320 3829 mum
2348 3771 2442 3826 tibi
2469 3766 2703 3838 dejiciat,
2735 3777 2796 3815 ac
2823 3759 3082 3815 rationem
3113 3753 3383 3823 perturbet
3406 3749 3669 3818 reputanti
3703 3750 3756 3801 in

2177 3867 2293 3936 ipso
2312 3862 2483 3918 aetatis
2509 3858 2639 3912 ﬂore
2664 3853 2788 3909 illud
2831 3861 2883 3905 te
2907 3849 3150 3909 subiisse,
3173 3844 3239 3898 de
3261 3844 3360 3896 hoc
3380 3839 3507 3896 mihi
3528 3840 3760 3909 primum

2177 3951 2543 4012 disserendum
2571 3943 2840 4019 proposui,
2863 3950 3021 4009 atque
3045 3933 3449 3995 ostendendum,
3473 3946 3579 3985 non
3608 3931 3755 3984 cala-

2179 4047 2377 4104 mitatis
2405 4059 2599 4099 nomen
2627 4055 2744 4096 esse
2777 4049 2968 4091 nomen
2992 4030 3282 4093 viduitatis,
3314 4026 3407 4082 sed
3437 4027 3673 4088 honoris,
3709 4034 3765 4078 et

2183 4139 2401 4196 honoris
2421 4133 2638 4206 quidem
2662 4129 2894 4184 maximi.
2924 4125 3105 4194 Neque
3122 4121 3260 4174 enim
3288 4129 3341 4172 tu
3361 4117 3499 4171 mihi-
3510 4117 3653 4186 vulgi
3677 4117 3761 4169 de-

2185 4238 2458 4303 pravatam
2485 4223 2787 4294 opinionem
2807 4219 2859 4272 in
2887 4213 3246 4272 testimonium
3268 4210 3477 4273 alteras,
3501 4208 3594 4262 sed
3623 4208 3761 4262 beati

2185 4300 2357 4388 Pauli,
2382 4321 2464 4376 vel
2485 4319 2657 4388 potius
2673 4312 2867 4372 Christi
2885 4311 3155 4364 decretum
3175 4319 3237 4359 ac
3262 4304 3452 4374 leg'em.
3467 4300 3600 4368 Quae
3617 4303 3759 4354 enim

2188 4417 2275 4472 ille
2295 4413 2627 4485 loquebatur,
2653 4407 2767 4460 hare
2791 4418 2884 4474 per
2909 4403 3078 4472 ipsum
3104 4393 3477 4468 pronuntiabat
3495 4391 3760 4453 Christus,

2187 4502 2640 4578 quemadmodum"
2659 4509 2712 4554 et
2734 4497 2846 4567 ipse
2870 4491 3020 4554 dixit,
3038 4490 3117 4544 An
3147 4487 3538 4559 experimentum
3549 4485 3771 4552 (μία-τίμὴ

2188 4573 2298 4669 ejus
2311 4597 2462 4669 quiin
2478 4610 2556 4648 me
2569 4592 2787 4662 loquitur
2801 4585 2990 4642 Christi
3006 4582 3078 4650 (2.
3097 4578 3215 4634 Cor.
3237 4579 3323 4633 15.
3338 4576 3421 4646 5)?
3445 4573 3582 4642 Quid
3610 4575 3768 4644 igitur

2192 4691 2400 4762 inquit?
2435 4687 2602 4743 Vidua
2622 4683 2835 4752 eligatur
2873 4693 2977 4734 non
3013 4675 3173 4728 minus
3198 4669 3458 4740 sexaginta
3497 4682 3767 4729 annorum,

2193 4796 2246 4841 et
2266 4757 2473 4848 rursus,
2501 4773 2924 4833 Adolescentiores
2961 4777 3125 4821 autem
3146 4763 3321 4819 uiduus
3341 4760 3503 4813 devita
3531 4759 3604 4828 (Ι.
3635 4757 3773 4810 Tim.

2196 4881 2248 4935 5.
2291 4877 2345 4932 9.
2377 4875 2437 4930 11
2473 4873 2521 4942 ),
2547 4879 2774 4937 utroque
2806 4867 2904 4917 hoc
2927 4866 3196 4932 prtecepto
3223 4854 3302 4911 rei
3329 4852 3482 4908 nobis
3507 4851 3772 4919 magnitu-

2197 4972 2374 5025 dinem
2406 4965 2664 5020 iudieans.
2697 4958 2827 5014 Nam
2854 4955 2922 5010 de
2945 4951 3206 5023 episcopis
3227 4947 3440 5018 quidem
3463 4944 3774 5014 prmcipiens

2203 5061 2383 5118 nullihi
2412 5069 2691 5112 numerum
2713 5064 2970 5104 annorum
2993 5043 3198 5106 statuit,
3227 5040 3312 5093 hic
3332 5045 3508 5092 autem
3532 5048 3775 5104 magnam

2201 5153 2414 5210 adhibet
2435 5145 2847 5204 accurationem.
2865 5127 3000 5208 Quid
3023 5135 3130 5191 ita?
3151 5132 3266 5189 Non
3288 5128 3428 5201 quod
3451 5126 3678 5182 viduitas
3700 5139 3781 5178 sa-

2201 5247 2438 5304 cerdotio
2454 5241 2622 5311 major
2638 5239 2724 5302 sit,
2739 5235 2830 5290 sed
2849 5231 3099 5301 quoniam
3117 5227 3373 5296 majorem
3390 5223 3516 5292 ipsa:
3532 5235 3691 5290 quam
3711 5219 3782 5273 illi

2201 5341 2435 5397 laborem
2451 5333 2733 5394 sustinent,
2753 5325 2930 5381 multis
2946 5322 3176 5391 undique
3191 5316 3416 5388 negotiis
3429 5314 3544 5369 illas
3560 5313 3782 5368 circum-

2203 5428 2535 5487 venientibus
2553 5420 2775 5493 publicis
2791 5427 2845 5474 et
2866 5414 3100 5487 privatis.
3117 5410 3328 5466 Etenim
3344 5404 3779 5477 quemadmodum

2207 5524 2390 5580 civitas
2413 5512 2674 5572 inmitibus
2695 5525 2800 5566 non
2830 5504 3152 5562 circumdata
3180 5509 3324 5572 patet
3343 5497 3582 5567 exposita
3613 5495 3784 5550 omni-

2212 5631 2331 5677 bus,
2373 5611 2693 5681 quicumque
2719 5601 2950 5670 diripere
2973 5612 3090 5652 eam
3120 5591 3419 5650 voluerint:
3444 5589 3512 5642 ita
3539 5597 3596 5643 et
3616 5585 3783 5657 puella

2213 5722 2266 5760 m
2295 5677 2550 5758 viduitate
2574 5705 2784 5751 aetatem
2810 5691 3008 5760 degens
3035 5685 3231 5742 multos
3261 5681 3419 5736 habet
3443 5679 3531 5749 qui
3563 5677 3788 5745 lllldiqtm

2213 5797 2551 5862 insidientur,
2583 5805 2688 5845 non
2719 5785 2890 5842 solum
2919 5797 3012 5838 eos
3039 5780 3124 5852 qui
3159 5775 3397 5851 pecuniis
3436 5773 3672 5827 animum
3703 5767 3787 5822 ad-
