3844 6256
83 260 188 317 599

1410 272 1501 325 AD
1533 271 1797 328 VIDUAH
1839 269 2205 326 JUNIOREM.

3424 266 3530 323 609

479 639 738 766 ΕΙΣ
821 631 1690 768 ΝΕΩΤΕΡΑΝ
1766 626 3112 777 ΧΗΡΕΥΣΑΣΑΝ³ί⁵⁵ῗ1

139 1131 214 1180 α’.
242 1127 367 1180 Ὀτι
401 1125 497 1196 μὲν
519 1123 760 1195 χαλεπὴν
782 1123 969 1187 ἔλαϐες
983 1123 1080 1194 τὴν
1114 1123 1347 1193 πληγὴν,
1368 1125 1460 1176 καὶ
1477 1127 1534 1177 ἐν
1562 1129 1759 1200 καιρίῳ

66 1224 126 1278 τὸ
154 1224 415 1294 πεμφθὲν
445 1222 537 1276 καὶ⁵
565 1221 772 1279 ἀνωθεν
806 1218 970 1286 ἐδέξω
998 1221 1060 1273 τὸ
1102 1220 1272 1291 βέλος,
1310 1221 1548 1287 ἅπαντες
1577 1224 1642 1278 ἀν
1674 1240 1756 1276 σοι

67 1321 607 1392 συνομολογήσαιεν,
643 1319 739 1372 καὶ
795 1319 917 1372 οὐδὲ
949 1317 1057 1371 τῶν
1091 1316 1297 1390 σφόδρα
1330 1316 1758 1390 φιλοσοφούντων

63 1418 246 1482 οὐδεὶς
275 1419 518 1490 ἀντερεῖ·
551 1415 673 1469 ἐπεὶ
691 1415 748 1469 δὲ
779 1417 904 1479 τοὺς
921 1414 1323 1487 πληττομένους
1338 1417 1437 1470 οὐκ
1456 1419 1535 1482 είς
1563 1419 1759 1486 πένθος

61 1518 159 1570 καὶ
186 1515 410 1586 δάκρυα
442 1513 532 1566 τὸν
568 1512 782 1566 ἅπαντα
814 1511 1003 1584 χρόνον
1028 1511 1340 1567 ἀναλίσκειν
1379 1513 1477 1579 δεῖ,
1503 1515 1640 1570 ἀλλά
1665 1519 1758 1572 καὶ

61 1614 160 1684 τῆς
185 1612 496 1684 θεραπείας
523 1609 632 1664 τῶν
654 1607 984 1680 τραυμάτων
999 1608 1198 1680 πολλὴν
1213 1611 1484 1664 ποιεῖσθαι
1511 1612 1608 1684 τὴν
1626 1615 1758 1686 πρό-

59 1710 392 1777 νοιαν,ῶστε
421 1707 495 1780 μὴ
513 1705 857 1780 παροφθέντα
883 1705 912 1745 ιι
941 1703 1162 1776 μείζονα
1183 1710 1295 1771 τοῖς
1316 1707 1544 1780 δάκρυσι
1574 1727 1756 1782 παρα-

62 1812 215 1879 σχεῖν
264 1807 370 1879 τὴν
428 1805 680 1877 πληγὴν,
737 1803 834 1856 καὶ
883 1803 983 1874 τῆς
1041 1802 1233 1873 ὀδύνης
1280 1804 1608 1878 σφοδοτέραν
1660 1807 1756 1878 τὴν

61 1906 250 1976 φλόγα
282 1901 645 1976 ἐργάσασθαι,
671 1898 833 1954 καλὸν
849 1900 945 1953 καὶ
972 1901 1071 1971 τῆς
1085 1899 1172 1953 διὰ
1198 1901 1305 1955 τῶν
1328 1901 1502 1971 λόγων
1523 1904 1755 1975 ἀνασχέ-

60 2000 188 2054 σθαι
219 1998 649 2070 παρακλήσεως,
692 1995 785 2048 καὶ
816 1993 942 2057 τοὺς
983 1995 1241 2066 κρουνοὺς
1272 1997 1466 2068 μικρὸν
1491 1997 1756 2069 ἀνασχοῦ-

58 2116 161 2152 σαν
198 2097 318 2150 τῶν
347 2093 596 2166 δακρύων
629 2091 819 2164 χρόνον
879 2088 1008 2160 γοῦν
1065 2091 1268 2162 βραχὺν
1306 2093 1398 2144 καὶ
1429 2096 1543 2157 τοῖς
1581 2111 1756 2165 παρα-

61 2193 366 2265 μυθεῖσθαί
406 2209 465 2244 σε
497 2174 848 2260 ’ἐπιχειροῦσι
897 2188 1199 2257 παρασχεῖν
1233 2188 1487 2259 σεαυτήν.
1517 2188 1615 2242 Διά
1644 2189 1753 2262 γάρ

56 2309 140 2345 τοι
198 2289 372 2343 τοῦτο
423 2287 520 2342 καὶ
564 2287 729 2358 ἡμεῖς
776 2283 838 2336 οὐ
883 2285 1012 2354 παρ’
1053 2283 1226 2354 αὐτὴν
1273 2283 1366 2336 τοῦ
1397 2284 1625 2349 πένθους
1655 2287 1754 2358 τὴν

56 2389 277 2461 ἀκμὴν,
310 2385 421 2440 οὐδ’
446 2387 562 2455 ἀμα
594 2382 672 2454 τῷ
701 2379 1086 2452 κατενεχθῆναι
1119 2381 1211 2434 τὸν
1239 2382 1481 2452 σκηπτὸν
1510 2382 1754 2455 ἠνωχλή-

56 2503 267 2559 σαμενο
322 2484 440 2539 ἀλλ’
465 2481 852 2552 ἀναμείναντες
883 2479 977 2532 τὸν
1030 2480 1087 2532 ἐν
1125 2478 1276 2551 μέσῳ
1305 2481 1515 2535 τουτονὶ
1541 2482 1750 2552 χρόνον,

52 2584 153 2637 καὶ
203 2580 672 2652 συγχωρήσαντες
716 2573 1094 2647 ἐμπλησθῆναι
1132 2591 1191 2628 σε
1220 2574 1327 2628 τῶν
1357 2575 1631 2648 ὀδυρμῶν,
1665 2577 1752 2630 ὅτε

52 2681 254 2733 λοιπὸν
286 2677 388 2731 καὶ
401 2673 684 2744 διαϐλέψαι
705 2672 900 2743 μικρὸν
927 2671 1032 2726 ἀπὸ
1051 2671 1148 2744 τῆς
1175 2671 1374 2743 ἀχλύος
1404 2673 1639 2744 ἐκείνης,
1660 2674 1754 2728 καὶ

50 2780 151 2842 τὰς
181 2777 369 2839 ἀκοὰς
405 2772 728 2845 παρανοῖξαι
753 2770 1036 2842 δεδύνησαι
1067 2772 1178 2834 τοῖς
1197 2787 1255 2823 σε
1285 2753 1619 2841 παρακαλεῖν
1637 2790 1753 2825 πει-

53 2875 366 2947 ρωμένοις,
390 2871 510 2924 τότε
535 2870 627 2922 καὶ
651 2868 804 2923 αὐτοὶ
835 2867 971 2939 μετά
985 2869 1108 2931 τοὺς
1123 2866 1232 2922 τῶν
1251 2867 1647 2938 θεραπαινίδων
1667 2869 1752 2922 λό-

51 2989 190 3041 γους
224 2971 332 3023 καὶ
358 2967 428 3020 τὰ
459 2966 587 3036 παρ’
622 2963 829 3018 ἑαυτῶν
859 2963 1342 3035 προστεθείκαμεν.
1374 2965 1491 3017 Ἔτι
1520 2965 1616 3036 μὲν
1644 2965 1756 3038 γάρ

45 3068 147 3121 τοῦ
186 3063 472 3136 χειμῶνος
509 3061 664 3124 ὄντος
692 3057 953 3131 σφοδροῦ,
1020 3059 1114 3113 καὶ
1162 3057 1356 3112 πολλοῦ
1399 3058 1493 3112 τοῦ
1524 3059 1753 3126 πένθους

48 3165 349 3225 πνέοντος,
375 3162 403 3214 6
426 3157 759 3230 παρακαλῶν
793 3156 1130 3227 ἀποσχέσθαι
1153 3157 1252 3228 τῆς
1289 3156 1465 3227 λύπης
1498 3157 1656 3212 πλέον
1687 3159 1752 3213 ἂν

47 3259 365 3334 παρώξυνε
404 3257 541 3328 πρὸς
581 3255 680 3318 τὰς
715 3254 980 3325 οἰμωγὰς,
1013 3254 1107 3308 καὶ
1135 3253 1196 3306 τὺ
1225 3253 1520 3326 μισηθῆναι
1554 3255 1752 3327 κερδά-

46 3377 151 3422 νας
189 3358 370 3429 μόνον
399 3353 533 3424 ὓλην
564 3352 629 3406 ἂν
648 3351 847 3422 πολλὴν
875 3353 988 3414 τοῖς
1018 3352 1279 3414 τοιούτοις
1309 3349 1486 3419 λόγοις
1513 3351 1752 3421 παρέσχε

44 3456 126 3527 τῷ
170 3454 322 3526 πυρὶ
359 3450 493 3522 μετά
513 3449 605 3503 τοῦ
633 3449 726 3502 καὶ
755 3446 950 3519 ἐχθροῦ
984 3448 1078 3501 καὶ
1107 3447 1332 3519 ἀνοήτου
1363 3446 1520 3511 δόξαν
1545 3447 1749 3500 λαϐεῖν’

43 3553 256 3626 ἐπειδὴ
281 3550 346 3604 δὲ
374 3547 556 3602 λοιπὸν
590 3546 792 3618 ἧρξατο
815 3544 1006 3616 λήγειν
1033 3544 1066 3614 ἠ
1100 3542 1258 3614 ζάλη,
1292 3542 1387 3595 καὶ
1412 3543 1472 3595 τὸ
1510 3543 1619 3596 τῶν
1658 3562 1754 3596 xu-

45 3651 254 3721 μάτων
283 3646 481 3716 ἄγριον
525 3641 917 3713 κατεστόρεσεν
951 3642 979 3692 6
1002 3640 1155 3703 Θεὸς,
1209 3639 1446 3703 εὐκόλως
1474 3638 1568 3692 τοῦ
1594 3639 1752 3708 λόγου

40 3749 113 3804 τὰ
150 3747 320 3802 ἱστία
370 3742 784 3813 ἀναπετάσομεν
824 3752 870 3794 ε.
916 3741 1003 3793 Ἐν
1035 3740 1332 3810 συμμέτρῳ
1364 3739 1462 3809 μὲν
1496 3739 1600 3812 γὰρ
1643 3756 1754 3810 χει-

51 3849 209 3920 μῶνι
261 3845 561 3914 δυνήσεται
603 3839 732 3904 ἴσως
763 3841 797 3911 ἠ
826 3839 988 3910 τέχνη
1020 3839 1242 3908 ποιῆσαι
1271 3837 1333 3890 τὸ
1374 3837 1592 3907 ἐαυτῆςο
1626 3839 1753 3891 ὅταν

38 3948 100 4000 δὲ
132 3945 372 4015 ἄμαχος
458 3940 566 3993 τῶν
589 3937 914 4008 πνευμάτων
946 3938 979 4007 ἡ
1010 3935 1306 4008 προσϐολὴ,
1333 3935 1430 4006 τῆς
1461 3935 1753 4006 ἐμπειρίας

37 4043 254 4113 ὖφελος
308 4038 488 4093 οὐδέν.
521 4035 621 4090 Διά
650 4035 823 4089 ταῦτα
870 4033 1049 4088 πάντα
1096 4033 1188 4086 τὸν
1220 4033 1530 4105 ἔμπροσθεν
1561 4034 1753 4105 χρόνον

41 4142 424 4212 σιγήσαντες,
455 4133 605 4206 μόλις
631 4134 726 4187 καὶ
755 4131 850 4186 νῦν
881 4133 1317 4203 ἐπεχειρήσαμεν
1349 4131 1508 4203 ῥῆξαι
1543 4130 1748 4203 φωνὴν,

37 4235 252 4305 ἐπειδὴ
315 4231 474 4302 παρὰ
499 4229 593 4283 τοῦ
632 4229 775 4283 θείου
811 4229 1123 4300 ἠκούσαμεν
1153 4228 1247 4282 τοῦ
1288 4229 1404 4295 σοῦ,
1453 4230 1534 4283 ὅτι
1565 4229 1751 4283 λοιπὸν

40 4331 154 4402 χρὴ
174 4329 448 4399 θαρρεῖν·
469 4325 563 4379 καὶ
584 4324 693 4395 γὰρ
731 4324 826 4378 καὶ
857 4323 964 4377 τῶν
991 4323 1383 4395 θεραπαινίδων
1411 4323 1510 4389 τάς
1540 4326 1598 4377 ἐν
1616 4327 1750 4396 τιμῇ

37 4423 423 4495 κατατολμᾷν
440 4421 580 4492 ὑπὲρ
593 4420 797 4476 τούτων
825 4423 1069 4493 μακροὺς
1093 4422 1398 4476 ἀποτείνειν
1421 4421 1630 4492 λόγους,
1655 4425 1752 4487 τάς

31 4542 94 4577 τε
115 4522 346 4588 ἔξωθεν
367 4521 651 4590 γυναῖκας,
681 4518 776 4571 καὶ
811 4515 912 4580 τὰς
932 4517 1081 4587 γένει
1111 4516 1516 4589 προσηκούσας,
1541 4518 1752 4583 καὶτὰς

30 4612 226 4681 ἄλλως
269 4632 398 4678 πως
428 4613 748 4685 ἐπιτηδείως
777 4614 1026 4684 ἐχούσας.
1055 4613 1180 4668 Ὅτι
1208 4613 1264 4668 δὲ
1299 4615 1424 4678 τοὺς
1454 4615 1583 4688 παρ’
1610 4615 1751 4668 ἐκεί-

31 4734 148 4768 κων
184 4711 476 4784 δεχομένη
509 4709 701 4778 λόγους
736 4709 836 4763 οὐκ
871 4710 1157 4781 ἀτιμάσεις
1200 4711 1325 4774 τοὺς
1377 4710 1509 4782 παρ’
1564 4711 1744 4782 ἡμῶν,

29 4809 180 4864 ἀλλά
210 4809 319 4862 καὶ
351 4806 584 4879 ἡσυχίαν
628 4805 722 4858 καὶ
760 4805 1060 4878 ἀταραξίαν
1096 4806 1354 4879 παρέξεις
1381 4807 1563 4870 αὐτοῖς
1607 4807 1750 4860 κατὰ

30 4905 313 4976 δύναμιν,
377 4899 580 4972 σφῶρα
617 4899 928 4972 θαρροῦμεν
979 4901 1073 4954 καὶ
1119 4901 1585 4973 πεπιστεύκαμεν.
1638 4902 1748 4956 Καὶ

29 4999 220 5062 illo);
251 4997 366 5068 μὲν
395 4989 489 5048 οὖν
514 4993 576 5047 τὸ
601 4996 908 5063 γυναικεῖον
933 4993 1090 5064 γένος
1128 4995 1588 5070 ἐπιρρεπέστερόν
1628 4997 1746 5062 πὼς

29 5099 154 5152 ἐστι
187 5093 350 5165 πρὸς
389 5089 754 5171 συμπάθειαν;
792 5091 1012 5146 ὃτανδέ
1042 5091 1134 5145 καὶ
1166 5093 1354 5165 νεότης
1395 5096 1596 5165 προσῇ,
1649 5095 1746 5147 καὶ

27 5193 248 5263 χηρεία
279 5189 485 5257 ἄωρος,
523 5187 617 5242 καὶ
654 5187 996 5259 πραγμάτων
1021 5189 1269 5260 ἀπειρία,
1305 5178 1420 5244 καί.¹
1444 5189 1744 5262 φροντίδων

27 5288 196 5359 ὄχλος
239 5283 444 5349 πολὺς,
477 5283 570 5336 καὶ
613 5282 674 5337 τὸ
701 5284 758 5336 ἐν
783 5286 961 5356 τρυφῇ
989 5285 1083 5338 καὶ
1114 5283 1351 5356 εὐθυμία
1381 5286 1478 5339 καὶ
1521 5285 1740 5356 πλούτῳ

90 5482 111 5507 ⁸
137 5481 356 5533 Collala
379 5491 488 5528 cum
510 5479 682 5528 codice
700 5478 984 5530 Colberlino
1000 5479 1093 5529 974
1112 5486 1163 5529 οι
1185 5493 1294 5529 cum
1315 5481 1434 5529 edit.
1458 5480 1609 5530 Savil.
1633 5482 1742 5533 Col-

21 5545 166 5596 bert.
222 5549 288 5592 et
339 5541 516 5608 Morel.
547 5541 746 5608 habent_
774 5542 1094 5608 χηρεύσασαν.
1142 5543 1356 5608 εδνὶιίυε
1379 5545 1446 5608 Ain
1486 5550 1626 5608 lexAtu
1649 5563 1740 5608 χτο

24 5608 311 5678 εεύοςυσαν,
335 5603 925 5678 ἱιιμιεςδηχηρεύσασαν.
953 5605 1108 5654 Paulo
1138 5612 1250 5666 post
1284 5605 1476 5654 initium
1497 5606 1578 5653 καί
1623 5603 1737 5656 alite

23 5665 222 5718 ἆνωθεν
254 5669 414 5714 deest
432 5668 481 5712 in
504 5665 720 5714 Colbel‘t.

88 5733 119 5772 ιι
147 5730 290 5782 Coib
301 5766 311 5774 .
351 5727 702 5790 παροφθέντων.

85 5796 111 5829 ³
144 5795 238 5845 Sic
271 5787 471 5848 Morel;
491 5787 638 5837 iCOlb.
667 5795 717 5836 et
743 5787 893 5838 Savil.
920 5789 1308 5855 ἀναπετάσωμεν.

1861 1130 1950 1183 τὸν
1976 1131 2284 1202 ἔμπροσθεν
2307 1133 2522 1187 ἅπαντα
2557 1135 2856 1205 τετράφθαι
2888 1139 3096 1208 χρόνον,
3143 1142 3538 1196 πολλαπλάσιον

1861 1220 2065 1288 γίνεται
2097 1220 2158 1274 τὸ
2176 1219 2375 1287 δεινὸν,
2410 1220 2568 1293 κᾶνή
2607 1222 2764 1276 τοῦτο
2786 1224 3034 1278 παθοῦσα
3075 1227 3147 1297 μὴ
3195 1229 3291 1300 τῆς
3327 1230 3537 1285 ἀνωθεν

1861 1309 2008 1382 [559]
2020 1310 2159 1383 τύχῃ
2177 1312 2370 1383 ῥοπῆς,
2390 1313 2524 1367 καὶὸ
2550 1311 2728 1383 τυχὼν
2759 1314 2929 1385 αὐτὴν
2957 1315 3214 1387 λογισμὸς
3237 1318 3538 1372 καταλῦσαι

1858 1400 2206 1470 δυνήσεταιά,
2233 1402 2370 1476 ὅπερ
2398 1404 2616 1475 πρῶτον
2648 1404 2741 1458 καὶ
2768 1404 3024 1474 μέγιστον
3053 1407 3150 1477 τῆς
3184 1405 3384 1476 πολλῆς
3412 1408 3540 1478 περὶ

1862 1489 1919 1541 σὲ
1948 1489 2037 1542 τοῦ
2065 1488 2200 1544 Θεοῦ
2239 1491 2566 1563 κηδεμονίας
2583 1492 2803 1563 τίθεμαι
2827 1487 2966 1546 εἶναι
2994 1493 3314 1564 τεκμήριον.
3339 1494 3413 1547 Τὸ
3429 1494 3537 1564 γὰρ

1858 1577 2127 1631 τοσούτων
2162 1580 2570 1653 συνδραμόντων
2600 1580 2859 1650 ἐξαίφνης
2906 1581 3091 1635 κακῶν
3128 1581 3203 1654 μὴ
3232 1584 3540 1653 ἀποπνιγῆ-

1859 1683 1943 1719 ναι
1971 1669 2037 1738 τῇ
2079 1667 2224 1740 λύπῃ
2249 1707 2265 1732 ,
2303 1669 2436 1739 μηδὲ
2471 1668 2578 1723 τῶν
2620 1670 2760 1722 κατά
2802 1669 2964 1739 φύσιν
2992 1671 3250 1742 ἐκστῆναι
3303 1671 3536 1744 φρενῶν,

1858 1755 1956 1808 οὐκ
1978 1755 2326 1828 ἀνθρωπίνης
2356 1756 2498 1821 τινὸς
2531 1756 2782 1829 βοηθείας
2817 1753 2906 1829 ἦν,
2962 1758 3098 1813 ἀλλά
3122 1759 3224 1831 τῆς
3256 1760 3327 1815 τὰ
3359 1760 3538 1815 πάντα

1858 1843 2156 1914 δυναμένης
2181 1845 2380 1917 χειρὸς,
2412 1845 2513 1915 τῆς
2550 1847 2841 1911 συνέσεως,
2872 1842 2941 1918 ἧς
2969 1849 3071 1902 οὐκ
3095 1847 3244 1902 ἐστιν
3276 1848 3534 1920 ἀριθμὸς,

1857 1933 1954 2002 τῆς
1980 1936 2314 2004 φρονήσεως,
2334 1927 2403 2005 ἧς
2436 1935 2534 1989 οὐκ
2567 1934 2716 1989 ἐστιν
2739 1935 3038 2009 ἐξεύρεσις,
3070 1936 3165 1991 τοῦ
3185 1937 3400 2008 Πατρὸς
3428 1938 3536 1991 τῶν

1858 2022 2157 2092 οἰκτιρμῶν
2200 2023 2293 2076 καὶ
2327 2021 2462 2076 Θεοῦ
2517 2023 2701 2095 πάσης
2733 2025 3156 2096 παρακλήσεως.
3189 2025 3385 2094 Αὐτὸς
3427 2026 3535 2097 γὰρ

1856 2109 2150 2163 πέπαικεν
2183 2110 2361 2180 ἡμᾶς,
2421 2113 2577 2182 φησὶ.
2626 2115 2722 2166 καὶ
2775 2112 3004 2168 ἰάσεται
3038 2113 3216 2184 ἡμᾶς’
3265 2115 3534 2180 πατάξει,

1856 2197 2235 2267 καϊμοτώσει
2264 2197 2420 2268 ἡμᾶς
2449 2199 2549 2253 καὶ
2572 2200 2801 2269 ὑγιάσει
2825 2199 3000 2272 ἡμᾶς.

1929 2335 2074 2397 Ἕως
2118 2335 2216 2405 μὲν
2245 2335 2353 2406 γάρ
2401 2353 2483 2388 σοι
2547 2337 2711 2406 συνῆν
2743 2339 2771 2390 6
2816 2337 3082 2408 μακάριος
3131 2340 3338 2402 ἐκεῖνος
3374 2340 3534 2412 ἀνὴρ.

1857 2423 2130 2487 ἀπέλαυες
2163 2435 2186 2462 ε
2253 2425 2350 2494 μὲν
2402 2423 2572 2495 τιμῆς
2627 2425 2721 2478 καὶ
2775 2426 3054 2496 φροντίδος
3120 2427 3216 2482 καὶ
3266 2429 3533 2499 σπουδῆς,

1856 2511 2126 2574 ἀπέλαυες
2163 2510 2220 2564 δὲ
2260 2512 2376 2576 οἵας
2406 2511 2556 2583 παρά
2584 2511 2872 2584 ἀνθρώπου
2928 2515 3221 2570 ἀπολαύειν
3259 2517 3405 2582 εἰκὸς
3445 2513 3531 2589 ἦν·
3595 2518 3597 2520 ’

1856 2598 2041 2670 ἐπειδὴ
2069 2598 2126 2651 δὲ
2176 2602 2380 2653 ἐκεῖνον
2421 2599 2579 2652 ἔλαϐε
2626 2600 2762 2670 πρὸς
2793 2601 2981 2654 ἐαυτὸν
3008 2604 3036 2655 6
3062 2603 3214 2670 Θεὸς,
3245 2604 3360 2658 ἀντ’
3394 2607 3536 2660 ἐκεί-

1854 2703 1946 2739 νου
1999 2704 2080 2740 σοι
2135 2687 2357 2756 γέγονεν
2403 2688 2588 2752 αὐτός.
2640 2689 2748 2741 Καὶ
2796 2690 2896 2743 οὐκ
2947 2678 3078 2760 ἐμὸς
3119 2685 3274 2756 οὗτος
3300 2695 3329 2746 6
3356 2693 3535 2763 λόγος,

1855 2773 1992 2827 ἀλλά
2018 2774 2111 2828 τοῦ
2147 2776 2418 2848 μακαρίου
2473 2777 2752 2848 προφήτου
2779 2779 2960 2832 Δαυῖδ’
2997 2781 3128 2851 φησὶ
3156 2783 3283 2854 γάρ·
3323 2783 3537 2853 Ὀρφικ-

1854 2862 1966 2917 r67-
1998 2864 2095 2917 καὶ
2149 2862 2344 2933 χήραν
2370 2865 2766 2934 ἀναλήψεται.
2807 2868 2914 2921 Καὶ
2957 2869 3188 2940 ἀλλαχοῦ
3214 2872 3234 2909 ί
3277 2872 3332 2925 δὲ
3374 2874 3536 2927 αὐτὸν

1855 2950 2069 3022 πατέρα
2125 2952 2283 3004 καλεῖ
2316 2951 2426 3005 τῶν
2471 2952 2742 3024 ὀρφανῶν,
2799 2956 2893 3008 καὶ
2939 2956 3130 3028 κριτὴν
3163 2957 3270 3011 τῶν
3327 2959 3531 3031 χηρῶν*

1855 3037 1996 3090 οὕτω
2024 3038 2224 3110 πολλὴν
2257 3039 2396 3112 ὑπὲρ
2429 3040 2618 3093 τούτου
2640 3040 2730 3093 τοῦ
2763 3042 2951 3110 γένους
2980 3043 3249 3116 πολλαχοῦ
3280 3049 3537 3120 ποιούμε-

1854 3143 1943 3179 νον
1967 3126 2128 3180 αὐτὸν
2159 3126 2281 3196 ὄψει
2309 3127 2406 3198 τὴν
2433 3128 2688 3198 σπουδήν.

1928 3265 1992 3336 β’.
2023 3265 2140 3319 Ἵνα
2158 3266 2214 3320 δέ
2236 3267 2310 3338 μὴ
2329 3267 2569 3338 συνεχῶς
2585 3267 2740 3320 τοῦτο
2757 3268 3048 3340 λεγόμενον
3060 3271 3120 3324 τὸ
3137 3271 3306 3342 ὄνομα
3328 3276 3533 3352 στρέφῃ

1858 3369 1949 3405 σου
1991 3352 2088 3423 τὴν
2117 3353 2313 3425 ψυχὴν,
2346 3355 2439 3408 καὶ
2487 3357 2692 3428 συγχέῃ
2730 3373 2823 3410 σου
2854 3357 2946 3410 τὸν
2973 3357 3233 3430 λογισμὸν
3254 3403 3267 3426 ,
3298 3361 3356 3414 ἐν
3385 3363 3534 3434 αὐτῷ

1854 3441 1952 3512 τῆς
1972 3441 2188 3512 ἡλικίας
2222 3441 2300 3512 τῷ
2331 3442 2478 3496 ἄνθει
2513 3444 2758 3510 ἐπελθὸν,
2787 3445 2927 3516 ὑπὲρ
2957 3446 3147 3500 τούτου
3181 3449 3534 3520 διαλεχθῆναι

1858 3527 2115 3599 βούλομαι
2137 3529 2352 3601 πρῶτον
2381 3531 2474 3586 καὶ
2498 3531 2667 3597 δεῖξαι
2694 3534 2776 3586 ὅτι
2799 3535 2858 3586 οὐ
2888 3536 3343 3608 συμφορᾶς,ἀλλά
3365 3543 3535 3612 τιμῆς

1856 3617 2001 3670 ἐστιν
2031 3617 2199 3687 ὄνομα
2237 3616 2321 3689 [τὸ
2354 3618 2451 3689 τῆς
2478 3621 2706 3689 χηρείας
2745 3621 2960 3692 δνομαῙ,
2997 3624 3091 3676 καὶ
3113 3626 3275 3697 τιμῆς
3305 3627 3404 3698 τῆς
3437 3645 3535 3698 με-

1855 3705 2065 3776 γίστης.
2113 3705 2204 3778 Μὴ
2234 3706 2340 3777 γάρ
2372 3723 2460 3777 μοι
2497 3707 2596 3777 τὴν
2631 3707 2738 3762 τῶν
2776 3709 2986 3762 πολλῶν
3011 3711 3170 3776 δόξαν
3200 3714 3298 3786 τὴν
3327 3717 3532 3771 πεπλα-

1855 3810 1917 3864 νη
1927 3793 2094 3864 μένην
2123 3797 2202 3859 εἰς
2235 3795 2538 3867 μαρτυρίαν
2559 3795 2794 3868 ἀγάγῃς,
2810 3798 2948 3853 ἀλλά
2971 3798 3064 3852 τοῦ
3098 3802 3368 3872 μακαρίου
3389 3804 3532 3858 Παύ-

1854 3879 1966 3944 λου,
2016 3882 2218 3952 μᾶλλον
2263 3883 2319 3936 δέ
2349 3883 2445 3936 τοῦ
2490 3883 2726 3956 Χριστοῦ
2783 3887 2882 3957 τὴν
2912 3887 3254 3958 νομοθεσίαν.
3293 3892 3376 3945 -"A
3421 3892 3529 3966 γὰρ

1853 3970 2060 4035 ἐκεῖνος
2086 3971 2405 4040 ἐφθέγγετο,
2463 3972 2636 4026 ταῦτα
2663 3975 2690 4026 6
2744 3975 2980 4045 Χριστὸς
3025 3975 3202 4030 ἐλάλει
3230 3978 3300 4032 δι’
3335 3981 3526 4047 αὐτοῦ,

1855 4058 2036 4123 καθὼς
2058 4061 2152 4113 καί
2176 4060 2336 4123 αὐτὸς
2367 4060 2572 4128 ἔλεγεν,
2605 4063 2670 4115 El
2695 4064 2720 4102 ⁸
2761 4061 3018 4132 δοκιμὴν
3043 4064 3262 4134 ζητεῖτε
3307 4068 3412 4122 τοῦ
3459 4072 3532 4125 ἐν

1852 4145 1981 4215 ἐμοὶ
2008 4146 2347 4213 λαλοῦντος
2370 4145 2630 4215 Χριστοῦ
2660 4163 2678 4211 ;
2727 4149 2791 4201 Τί
2811 4147 2904 4203 οὗν
2937 4168 3070 4222 φησι
3099 4169 3113 4216 ;
3154 4153 3320 4223 Χήρα
3346 4173 3529 4211 κατα..

1851 4235 2117 4304 λεγέσθω
2137 4235 2224 4306 μὴ
2268 4235 2525 4290 ἔλαττον
2567 4234 2720 4291 ἐτῶν
2750 4237 3050 4304 ἐξήκοντα
3102 4243 3406 4310 γεγονυῖα·
3431 4247 3527 4302 καὶ

1853 4321 2034 4376 πάλιν·
2084 4321 2386 4391 Νεωτέρας
2417 4321 2486 4376 δὲ
2532 4322 2723 4392 χήρας
2761 4327 3070 4393 παρωτοῦθ
3103 4329 3171 4382 δι’
3203 4331 3530 4405 ἀμφοτέρων

1852 4407 1945 4462 τοῦ
1980 4409 2304 4481 πράγματος
2353 4411 2484 4482 ἡμῖν
2531 4413 2592 4464 τὸ
2617 4411 2846 4482 μέγεθος
2883 4415 3236 4486 παραστῆσαι
3269 4417 3530 4491 βουλόμε-

1851 4513 1958 4561 νος.
2001 4497 2110 4551 Καὶ
2154 4499 2284 4569 περὶ
2328 4499 2426 4569 μὲν
2472 4499 2785 4553 ἐπισκόπων
2818 4501 3232 4573 διαταττόμενος
3287 4507 3532 4581 οὐδαμοῦ

1851 4583 2064 4655 τίθησιν
2091 4585 2228 4639 ἐτῶν
2259 4585 2512 4658 ἀριθμὸν,
2566 4587 2801 4641 ἐνταῦθα
2829 4588 2886 4642 δέ
2913 4589 3116 4662 πολλὴν
3149 4596 3384 4648 ποιεῖται
3427 4597 3527 4669 τὴν

1851 4672 2153 4742 ἀκρίϐειαν.
2187 4674 2252 4727 Τί
2275 4675 2503 4745 δήποτε;
2539 4675 2650 4746 Οὐχ
2677 4676 2759 4730 ὅτι
2787 4679 2818 4746 ἠ
2845 4679 3040 4748 χηρεία
3071 4680 3275 4749 μείζων
3294 4683 3526 4755 ἱερωσύ-

1851 4777 1948 4831 νης
1974 4761 2141 4826 ἐστὶν,
2177 4761 2293 4816 ἀλλ’
2315 4763 2396 4816 ὅτι
2429 4762 2652 4834 μείζονα
2680 4757 2843 4818 αὗται
2883 4768 3044 4821 πόνον
3077 4768 3301 4822 ἐκείνων
3318 4769 3522 4842 ἔχουσι,

1852 4849 2204 4920 πραγμάτων
2243 4851 2414 4915 αὐτὰς
2467 4852 2680 4907 πολλῶν
2711 4853 3044 4925 πολλαχόθεν
3094 4860 3522 4930 περιρρεόντων,

1850 4937 2122 5008 δημοσίων
2150 4939 2245 4993 καὶ
2275 4939 2576 4995 ἰδιωτικῶν.
2607 4940 2874 5013 Καθάπερ
2903 4942 3012 5014 γὰρ
3041 4943 3195 5008 πόλις
3222 4946 3525 5017 ἀτείχιστος

1851 5027 1931 5089 είς
1965 5027 2128 5096 μέσον
2177 5028 2350 5083 ἅπασι
2381 5032 2496 5093 τοῖς
2527 5029 2869 5101 βουλομένοις
2900 5030 3168 5102 ἁρπάζειν
3215 5034 3521 5104 πρόκειται,

1851 5112 1992 5168 οὕτω
2024 5116 2118 5168 καὶ
2142 5116 2276 5188 κόρη
2307 5117 2502 5189 χηρείᾳ
2527 5117 2748 5182 συζῶσα
2777 5118 3008 5183 πολλοὺς
3041 5119 3156 5190 ἔχει
3183 5125 3525 5194 πανταχόθεν

1850 5203 1974 5266 τοὺς
2030 5204 2476 5269 ἐπιϐουλεύοντας
2501 5246 2517 5272 ,
2573 5207 2634 5260 οὐ
2666 5207 2794 5270 τοὺς
2831 5206 2940 5260 τῶν
2992 5208 3292 5280 χρημάτων
3351 5214 3524 5283 αὐτῆς

1850 5291 2172 5363 ἐφιεμένους
2206 5292 2384 5364 μόνον,
2426 5293 2561 5347 ἀλλά
2583 5293 2677 5347 καὶ
2699 5294 2825 5357 τοὺς
2850 5295 2950 5366 τὴν
2980 5297 3336 5370 σωφροσύνην
3358 5303 3523 5374 αὐτῆς

1917 5481 2198 5552 9SicACol_h.
2226 5485 2398 5535 Morel.
2427 5495 2482 5536 et
2503 5487 2654 5538 Savil.
2681 5490 2729 5539 in
2750 5501 2924 5552 ωσι-8.,
2949 5488 3096 5539 Savil.
3135 5492 3184 5540 in
3209 5495 3350 5539 textu
3373 5485 3524 5542 κατα-

1849 5543 2020 5592 κλύσαι
2044 5547 2154 5604 δυνή
2160 5564 2311 5596 σεται.

1860 5670 1886 5680 η
1915 5617 1936 5644 e
1960 5608 2218 5680 Sic_$avil.
2259 5609 2440 5660 metius
2481 5622 2627 5674 quam
2664 5612 2835 5664 Morel.
2865 5619 2916 5665 et
2940 5612 3077 5666 Colb.
3107 5615 3192 5676 qui
3214 5612 3400 5665 habent
3429 5615 3518 5666 ἀπ.

1847 5670 2020 5718 έλαυσε
2046 5669 2138 5720 bis.
2500 5669 2513 5674 ⁷

1917 5730 1935 5769 ἲ
1961 5733 2111 5780 Savil.
2135 5739 2188 5782 et
2209 5733 2344 5783 Colb.
2371 5736 2451 5782 καὶ
2475 5735 2632 5783 πάλιν.

1913 5797 1934 5831 ε
1965 5794 2115 5845 Savil.
2145 5803 2196 5844 et
2221 5794 2394 5846 Morel.
2418 5798 2477 5858 εἰ,
2497 5797 2634 5848 Colb.
2663 5789 2710 5857 ἦ.
