3844 6242
320 271 422 328 θοι

313 388 621 459 διαφθεῖραι
656 385 1003 449 σπεύδοντας.
1043 385 1154 438 Καὶ
1189 385 1250 437 οὑ
1271 383 1475 447 ταύτας
1505 381 1686 452 μόνον,
1717 381 1855 436 ἀλλά
1896 383 1991 435 καὶ

314 485 510 557 ἐτέρας
559 484 695 558 πρὸς
731 485 794 538 τὸ
813 486 998 537 πεσεῖν
1041 482 1212 552 αὐτὴν
1238 478 1495 550 ἀφορμὰς
1551 478 1993 551 προσγενομένας

315 582 643 654 εὑρήσομεν.
681 581 792 635 Καὶ
817 580 926 651 γάρ
974 577 1180 632 οἰκέται
1206 573 1697 647 καταφρονοῦντες,
1730 577 1824 630 καί
1851 577 1992 648 πρά-

318 696 503 749 γματα
535 677 899 750 ἀμελούμενα,
957 675 1052 730 καὶ
1077 675 1139 728 τὸ
1173 673 1370 746 μηκέτι
1399 676 1456 726 ἐν
1487 675 1556 745 τῇ
1591 673 1831 746 προτέρᾳ
1852 669 1992 728 εἶναι

316 777 470 847 τιμῇ,
500 774 595 828 καὶ
641 774 702 828 τὸ
730 773 829 838 τὰς
849 772 1116 845 ὁμήλικας
1142 769 1202 826 εὖ
1236 768 1582 843 πραττούσας
1608 771 1761 841 ὁρᾷν,
1794 769 1993 825 πολλά-

315 889 402 936 κις
428 872 485 925 δὲ
507 872 600 926 καί⁹
627 871 689 926 τὸ
718 871 932 944 τρυφῆς
962 868 1554 942 ἐπιθυμεῖν,δευτέροις
1577 866 1747 933 αύτάς
1771 869 1991 923 ἔπεισεν

310 970 568 1041 ὁμιλῆσαι
597 971 818 1041 γάμοις.

378 1065 503 1120 Εἰσὶ
544 1066 602 1120 δὲ
634 1065 690 1121 αἳ
725 1065 875 1138 νόμῳ
925 1067 1023 1137 μέν
1070 1065 1246 1138 γάμου
1287 1065 1388 1119 οὐκ
1440 1065 1682 1120 ἐθέλουσι
1735 1065 1993 1135 συγγενέ-

310 1163 432 1218 σθαι
471 1166 583 1228 τοῖς
615 1164 841 1236 ἀνδράσι
862 1204 877 1225 ,
902 1163 1078 1236 λάθρα
1109 1162 1165 1216 δέ
1195 1163 1288 1216 καί⁵
1329 1163 1467 1234 μετά
1507 1163 1600 1216 τοῦ
1635 1162 1986 1234 κρύπτεσθαι.

309 1260 462 1335 [340]
497 1260 670 1315 Τοῦτο
714 1261 770 1316 δέ
799 1260 1062 1325 ποιοῦσιν,
1108 1259 1197 1313 ἵνα
1236 1259 1306 1312 τὰ
1339 1259 1591 1331 ἐγκώμια
1629 1260 1728 1330 τῆς
1768 1260 1991 1331 χηρείας

309 1357 710 1432 καρπὼσωνται
735 1376 750 1391 ·
795 1357 968 1422 οὕτως
1010 1358 1108 1410 οὐκ
1161 1356 1541 1421 ἐπονείδιστον,
1588 1355 1724 1410 ἀλλά
1780 1357 1990 1426 θαυμα-

310 1459 435 1512 στὸν
466 1459 562 1512 καὶ
600 1459 765 1530 τιμῆς
802 1457 950 1525 ἀξιον
978 1457 1039 1510 τὸ
1073 1457 1304 1527 πρᾶγμα
1331 1455 1482 1526 παρά
1511 1455 1817 1527 ἀνθρώποις
1849 1451 1989 1508 εἶναι

307 1555 475 1620 δοκεῖ,
537 1556 600 1609 οὐ
629 1555 759 1626 παρ’
787 1556 918 1625 ήμῖν
959 1554 1116 1624 μόνον
1150 1556 1262 1614 τοῖς
1303 1555 1534 1616 πιστοῖς,
1578 1553 1713 1606 ἀλλά
1756 1552 1988 1614 καὶτοῖς

308 1652 558 1716 ἀπίστοις
611 1651 814 1713 αὐτοῖς.
873 1651 982 1703 Καὶ
1025 1647 1133 1718 γὰρ
1169 1647 1283 1718 ἐγώ
1329 1666 1456 1702 ποτε
1495 1649 1614 1713 νέος
1647 1648 1727 1702 ἔτι
1767 1647 1863 1714 ῶν,
1897 1648 1990 1704 τὸν

314 1750 573 1821 σοφιστὴν
595 1749 691 1803 τὸν
715 1745 855 1820 ἐμὸν
887 1746 1131 1820 (πάντων
1172 1747 1230 1801 δὲ
1258 1747 1469 1821 ἀνδρῶν
1496 1749 1990 1819 δεισιδαιμονέστε-

310 1866 404 1922 ρος
427 1851 632 1913 ἐκεῖνος
663 1843 756 1920 ἦν)
781 1842 898 1900 οῖδα
937 1847 1030 1900 ἐπὶ
1073 1845 1284 1900 πολλῶν
1327 1847 1426 1918 τὴν
1483 1847 1696 1919 μητέρα
1724 1847 1822 1919 τὴν
1851 1848 1989 1918 ἐμὴν

319 1948 687 2020 θαυμάζοντα.
713 1945 834 2001 Τῶν
858 1944 969 2016 γὰρ
1007 1944 1488 2016 παρακαθημένων
1523 1944 1672 2016 αὐτῷ
1722 1945 1990 1999 πυνθανό-

314 2060 472 2114 μενος
497 2050 538 2109 ⁸,
565 2037 656 2096 οἷα
685 2041 866 2108 εῖωθε,
896 2041 981 2105 τίς
999 2043 1116 2112 είην
1139 2039 1270 2110 ἐγὼ,
1301 2041 1395 2095 καί
1433 2059 1578 2104 τινος
1611 2042 1876 2108 εἰπόντος,
1908 2044 1990 2096 ὅτι

313 2141 492 2212 χήρας
526 2139 807 2209 γυναικὸς,
859 2136 1128 2209 ἐμάνθανε
1188 2139 1318 2208 παρ’
1371 2136 1505 2208 ἐμοῦ
1545 2138 1648 2209 τήν
1683 2155 1743 2191 τε
1773 2138 1989 2210 ἡλικίαν

313 2239 414 2310 τῆς
449 2237 658 2308 μητρὸς
686 2236 780 2290 καὶ
810 2237 908 2306 τῆς
961 2235 1189 2307 χηρείας
1217 2236 1308 2289 τὸν
1355 2236 1562 2306 χρόνον·
1594 2235 1668 2300 ὡς
1701 2237 1758 2291 δὲ
1813 2231 1985 2302 εἶπον,

313 2334 397 2386 ὅτι
419 2331 559 2385 ἐτῶν
591 2330 992 2404 τεσσαράκοντα
1017 2335 1270 2400 γεγονυῖα
1296 2332 1499 2384 εἴκοσιν
1522 2331 1634 2401 ἔχει
1669 2333 1874 2399 λοιπὸν,
1930 2333 1990 2400 ἐξ

315 2421 377 2483 οῦ
401 2427 494 2481 τὸν
532 2425 748 2497 πατέρα
779 2424 1022 2479 ἀπέϐαλε
1051 2425 1144 2479 τὸν
1171 2425 1304 2496 ἐμὸν
1323 2464 1339 2489 ,
1395 2426 1666 2498 ἐξεπλάγη
1687 2468 1702 2492 ,
1755 2427 1851 2481 καὶ
1891 2428 1986 2481 ἀν·

312 2524 506 2598 εϐόησε
536 2525 807 2596 μέγἀ,καὶ
831 2522 977 2594 πρὸς
999 2522 1126 2585 τοὺς
1155 2521 1427 2592 παρόντας
1458 2521 1600 2576 ίδὼν’
1635 2521 1828 2586 Βαϐαὶ,
1861 2523 1987 2595 ἔφη,

312 2617 423 2677 οΐαι
449 2622 598 2694 παρὰ
625 2623 967 2694 Χριστιανοῖς
1004 2619 1261 2688 γυναῖκές
1284 2620 1409 2673 εἰσι.
1457 2619 1724 2673 Τοσούτου
1749 2621 1809 2672 ού
1859 2623 1991 2692 παρ’

313 2704 444 2791 ῆμῖν
483 2718 662 2790 μόνον,
709 2717 845 2771 ἀλλά
883 2717 976 2770 καὶ
1006 2714 1161 2788 παρά
1201 2717 1314 2780 τοῖς
1370 2714 1567 2780 ἔξωθεν
1594 2717 1624 2756 Β
1653 2717 1714 2770 τὸ
1758 2719 1990 2789 πρᾶγμα

312 2813 572 2868 ἀπολαύει
601 2811 694 2866 τοῦ
729 2810 1002 2882 θαύματος
1025 2808 1236 2863 καὶτοῦ
1271 2809 1516 2865 ἐπαίνου.
1557 2811 1738 2882 ’Ἀπερ
1767 2811 1983 2867 ἅπαντα

315 2909 538 2963 συνιδὼν
564 2911 593 2962 ὁ
624 2909 892 2980 μακάριος
914 2906 1144 2970 Παῦλος,
1162 2905 1336 2975 ἔλεγε·
1355 2904 1522 2975 Χήρα
1548 2907 1988 2977 καταλεγέσθω,

315 3006 402 3077 μὴ
434 3005 688 3061 ἔλαττον
709 3003 859 3059 ἐτῶν
887 3003 1186 3070 ἑξήκοντα
1227 3002 1527 3073 γεγονυῖα.
1567 3003 1677 3056 Καὶ
1699 3002 1822 3057 οὐδὲ
1849 3003 1992 3074 μετὰ

311 3106 413 3176 τὴν
436 3103 704 3175 τοσαύτην
733 3102 842 3158 τῶν
879 3102 1086 3174 χρόνων
1114 3100 1422 3184 μαρτορίαν
1455 3099 1680 3170 ἀφίησιν
1709 3099 1878 3170 αὐτὴν
1909 3102 1990 3163 εἰς

313 3201 404 3254 τὸν
435 3198 588 3269 ἀγιον
608 3197 796 3252 τοῦτον
829 3195 1068 3266 ταγῆναι
1095 3193 1277 3265 χορὸν,
1331 3193 1467 3247 ἀλλά
1494 3194 1588 3248 καὶ
1620 3192 1784 3265 ἕτερα
1814 3210 1985 3264 προσ-

313 3289 495 3359 τίθησι
555 3287 750 3358 λέγων,
792 3287 890 3340 Ἐν
910 3285 1108 3355 ἐργυις
1142 3283 1387 3354 ἀγαθοῖς
1413 3284 1897 3354 μαρτιφουμένη.
1937 3287 1986 3338 εἰ

313 3383 847 3452 ἐτεκνοτρόφησεν,
899 3381 954 3433 εί
979 3376 1439 3446 ἐξενοδόχησεν,
1474 3380 1526 3432 εί
1562 3377 1747 3447 ἁγίων
1797 3378 1986 3444 πόδας

312 3479 547 3548 ἔνιψεν,
601 3479 654 3531 εί
681 3473 1053 3544 θλιϐομένοις
1099 3471 1462 3541 ἐπήρκεσεν,
1512 3475 1566 3528 εἰ
1616 3473 1796 3526 παντί
1835 3473 1987 3543 ἔργῳ

313 3569 512 3646 ἀγαθῷ
557 3570 1035 3639 ἐπηκολούθησε.
1068 3568 1244 3622 Βαδαὶ
1272 3569 1370 3640 τῆς
1417 3567 1738 3640 δοκιμασίας
1759 3569 1854 3622 καὶ
1889 3569 1987 3641 τῆς

315 3671 574 3743 βασάνου,
600 3667 732 3738 ὅσην
755 3665 910 3738 παρά
957 3665 1059 3736 τῆς
1092 3667 1268 3738 χήρας
1293 3667 1516 3720 ἀπαιτεῖ
1550 3665 1650 3737 τὴν
1670 3667 1871 3738 ἀρετὴν
1894 3668 1990 3721 καὶ

312 3755 428 3822 πῶς
451 3762 920 3836 ἀκριϐολογεῖταιι
949 3763 1051 3816 οὐκ
1079 3761 1146 3816 ἂν
1183 3761 1344 3816 τοῦτο
1367 3762 1620 3832 ποιήσας,
1662 3764 1710 3815 εἰ
1738 3762 1812 3835 μὴ
1847 3763 1986 3833 πρᾶ-

311 3873 429 3928 γμα
448 3857 628 3929 τίμιον
655 3857 752 3912 καὶ
789 3859 988 3930 σεμνὸν
1010 3857 1232 3928 ἔμελλεν
1252 3853 1604 3928 ἐμπιστεύειν
1638 3856 1799 3928 αὐτῇ.
1851 3857 1980 3924 Καὶ,

311 3953 614 4023 Νεωτέρας
645 3953 733 4019 δέ,
788 3956 952 4024 φησι,
971 3954 1160 4024 χήρας
1209 3954 1518 4023 παραιτοῦ.
1573 3950 1707 4008 Εἶτα
1751 3957 1846 4008 καὶ
1885 3956 1990 4028 τὴν

314 4049 491 4105 αἰτίαν
519 4049 893 4119 προστίθησιν
926 4050 1115 4103 Ὅταν
1140 4050 1250 4120 γὰρ
1289 4050 1856 4120 καταστρηνιάσωσι
1877 4051 1988 4105 τοῦ

314 4145 600 4213 Χριστοῦ,
627 4145 837 4214 γαμεῖν
895 4144 1165 4200 θέλουσι.
1213 4147 1312 4200 Διά
1348 4147 1537 4200 τούτου
1570 4148 1678 4218 γὰρ
1703 4149 1836 4219 ήμῖν
1886 4147 1983 4202 τοῦ

317 4243 560 4313 ῥήματος
592 4239 910 4304 αἰνίττεται,
968 4241 1056 4294 ὅτι
1080 4239 1137 4292 αί
1181 4241 1308 4304 τοὺς
1361 4241 1561 4311 ἄνδρας
1613 4241 1982 4296 ἀποϐαλοῦσαι

315 4339 430 4392 ἀντ’
483 4335 706 4390 ἐκείνων
735 4335 1094 4408 ἀρμόττονται
1145 4335 1224 4406 τῷ
1260 4336 1499 4407 Χριστῷ.
1533 4337 1674 4409 Ὅρα
1720 4337 1837 4401 πῶς
1871 4339 1982 4391 δει-

316 4433 448 4496 κνὺς
478 4443 502 4472 c
529 4431 629 4504 τὴν
663 4432 926 4505 ἁρμονίαν
955 4433 1159 4503 ταύτην
1210 4433 1376 4504 ῥᾴονα
1402 4427 1572 4486 οὖσαν
1619 4432 1717 4486 καὶ
1741 4434 1978 4504 ἐπιεικῆ,

315 4526 474 4581 τοῦτο
500 4527 702 4600 τίθησι·
724 4527 870 4596 λέγω
896 4527 954 4581 δὲ
987 4527 1068 4592 τὸ,
1083 4527 1271 4581 Ὅταν
1293 4527 1404 4597 γὰρ
1424 4528 1984 4597 καταστρηνιάσωσι

315 4623 421 4680 τοῦ
454 4623 734 4694 Χριστοῦ,
768 4624 977 4694 ταμεῖν
1002 4623 1267 4690 θέλουσι,
1301 4624 1550 4696 καθάπερ
1613 4626 1758 4690 τινὸς
1794 4627 1984 4699 ἀνδρὸς

315 4720 613 4785 ἐπιεικοῦς,
637 4722 732 4775 καὶ
755 4721 816 4774 ού
843 4720 958 4792 μετ’
987 4720 1235 4788 ἐξουσίας
1268 4721 1458 4784 αὑταῖς
1485 4721 1846 4793 κεχρημένου,
1867 4722 1981 4777 ἀλλ’

315 4818 517 4881 ἐῶντος
545 4818 606 4872 ἐν
632 4816 915 4888 ἐλευθερίᾳ
956 4817 1074 4888 ζῇν.
1108 4818 1217 4871 Καὶ
1267 4818 1388 4871 οὐδὲ
1439 4817 1600 4890 μέχρι
1647 4821 1853 4874 τούτων
1891 4822 1985 4876 τὸν

314 4913 470 4983 λόγον
494 4913 747 4985 ἔστησεν,
776 4913 911 4967 ἀλλά
937 4915 1029 4968 καὶ
1057 4913 1282 4986 ἑτέρωθι
1317 4913 1476 4968 πάλιν
1502 4915 1702 4987 πολλὴν
1723 4917 1862 4990 ὑπὲρ
1881 4919 1980 4972 αύ-

312 5008 414 5079 τῆς
439 5008 538 5080 τὴν
567 5009 822 5082 φροντίδα
859 5009 1149 5080 πεποίηται
1177 5009 1369 5078 λέγων’
1412 5011 1484 5066 Ἠ
1512 5011 1581 5066 δὲ
1608 5015 1984 5071 σπαταλῶσα

315 5103 474 5164 ὧσα
499 5107 803 5176 τέθνηκεν’
850 5109 890 5176 ἡ
936 5106 1004 5161 δὲ
1035 5106 1221 5172 ὄντως
1263 5107 1419 5178 χήρα
1467 5109 1566 5163 καί
1590 5111 1979 5180 μεμονωμένη

315 5199 581 5269 ἤλπισεν
605 5203 703 5258 ἐπὶ
733 5206 843 5258 τὸν
861 5203 1030 5269 Θεὸν,
1051 5203 1150 5257 καί
1197 5203 1522 5274 προσμένει
1549 5205 1679 5272 ταῖς
1725 5207 1981 5276 δεήσεσι

381 5357 408 5386 ⁸
434 5357 582 5408 SaVil.
605 5360 981 5422 πυνθανομένων,
1006 5357 1144 5410 Colb.
1165 5360 1527 5422 πυνθανόμενον,
1557 5360 1729 5411 Morel.
1753 5365 1979 5413 πυνθανό-

379 5436 676 5547 ἵξις-εαξη).
701 5480 921 5547 ειιλεονὶι.
943 5485 1101 5540 recte,
1137 5481 1307 5530 Morel.
1335 5494 1452 5532 vero
1474 5485 1586 5547 παρ’
1605 5486 1742 5546 ἡμῶν
1763 5503 1836 5547 μ.,
1860 5488 1981 5536 ἀλλὰ

315 5545 398 5592 καὶ
428 5544 539 5650 παρ’
558 5543 714 5592 αὐτῶν
739 5543 920 5596 ἔξωθεν.
1546 5543 1555 5547 ⁷
1644 5543 1651 5546 ⁷
1765 5543 1774 5547 ’
1826 5543 1831 5545 ⁷

380 5608 404 5636 ε
427 5604 494 5650 Co
516 5605 564 5650 ἰ).
607 5609 661 5650 et
680 5605 830 5650 Savil.
855 5605 925 5650 τῶ
948 5605 1156 5650 Χοιστῶ.
1193 5604 1312 5650 Εἶτα
1351 5605 1547 5650 δεικνύς-
1573 5607 1748 5650 More]-
1773 5610 1832 5650 τᾶ

380 5604 564 5685 εοεὶδ·
607 5605 830 5685 “ﬁ?”-
855 5605 925 5678 ῖῷ
947 5604 1548 5685 ξ.ρξςτέε;.ἱῖέτα..δειεκνιέςι
1573 5607 1757 5685 voti”:
1773 5610 1982 5685 ξίρι·

317 5653 593 5730 στῷίθορα
613 5668 714 5721 πῶς
734 5653 928 5721 δεικνύς.
958 5653 1065 5713 Μ’οι
1095 5653 1262 5714 Μαι-ει.
1308 5671 1361 5714 et
1399 5653 1548 5716 Saviii.’
1581 5653 1794 5719 Viinviéivld
1806 5653 1982 5737 Τρᾇοτνα

315 5727 481 5792 αἶσαν,
505 5729 649 5780 Savil.
677 5728 732 5778 in,
749 5740 899 5793 marg.
927 5730 1039 5792 ῥᾷον
1058 5726 1221 5784 οὖσαν,
1239 5725 1377 5778 Colb.
1398 5735 1546 5793 πρᾶον
1570 5731 1732 5782 οὖσαν.

1121 276 1179 332 S.
1217 260 1503 332 J'OANNIS
1538 273 2024 332 CHRYSOSTOMI
2066 272 2390 331 ABCHIEP.
2427 271 2983 331 CONSTANTINOP.

3676 273 3768 331 60!

2096 383 2346 450 καὶτοῖς
2376 383 2752 454 προσευχαῖς
2763 384 2988 454 ἡμέρας
3011 384 3108 439 καί
3145 388 3385 453 νυκτός.
3429 387 3549 440 Καὶ
3582 388 3765 458 K0921;-

2095 480 2230 545 θίοις
2245 481 2574 536 ἐπιστέλλων
2603 483 2755 556 φησί·
2771 483 3188 552 Μακαριωτέρα
3211 481 3278 538 δέ
3304 485 3484 538 ἐστιν
3494 483 3614 538 ἐὰν
3631 486 3767 541 οὕτω

2088 582 2290 650 μείνῃ.
2321 575 2474 644 Εἶδες
2509 580 2608 633 ὃσα
2633 575 2732 651 τῆς
2761 581 2989 652 χηρείας
3039 581 3109 635 τά
3154 581 3430 652 ἐγκώμια,
3461 580 3568 635 καὶ
3606 582 3762 640 ταῦτα

2093 678 2151 730 ἐν
2176 679 2241 748 τῇ
2272 677 2469 747 Καινῇ,
2483 677 2570 729 ὅτε
2602 676 2695 729 καὶ
2727 677 2790 731 τὸ
2817 677 2918 748 τῆς
2942 677 3238 750 παρθενίας
3271 678 3547 752 διέλαμψε
3583 679 3764 744 καλόνς

2092 771 2207 826 ἀλλ’
2239 773 2389 842 ὅμως
2412 773 2532 827 ούδέ
2561 772 2683 826 τότε
2713 772 2812 837 τὰς
2846 775 3216 846 μαρμαρυγὰς
3248 776 3424 847 αὐτῆς
3457 776 3768 847 ἀποκρὰζραι

2095 869 2315 941 ἴσχυσεν
2347 871 2381 940 ή
2402 869 2606 941 ταύτης
2637 869 2952 942 φαιδρότης,
3001 870 3139 926 ἀλλά
3168 871 3470 944 διαλάμπει
3509 874 3616 927 καὶ
3646 875 3769 930 οὕτω

2092 967 2190 1039 τὴν
2214 968 2420 1021 οἰκείαν
2477 967 2675 1038 ἔχουσα
2725 969 2947 1040 ἀρετήν.
2996 968 3166 1024 Ὅταν
3217 966 3311 1024 οὖν
3341 973 3770 1044 μνημονεύωμεν

2097 1065 2299 1138 μεταξὺ
2331 1066 2578 1138 χηρείας,
2613 1066 2688 1138 μὴ
2726 1068 3080 1139 καταπέσῃς,
3135 1067 3270 1138 μηδὲ
3293 1069 3498 1135 ὄνειδος
3529 1071 3600 1123 τὸ
3631 1070 3768 1145 [5H]

2093 1166 2325 1236 πρᾶγμα
2358 1163 2561 1236 νόμιζε·
2589 1167 2638 1219 εἰ
2659 1166 2768 1238 γάρ
2800 1165 2959 1219 τοῦτο
2990 1166 3369 1233 ἐπονείδιστον,
3421 1170 3617 1240 πολλῷ
3647 1173 3769 1241 μίλ-

2092 1263 2182 1315 λον
2206 1263 2239 1334 ή
2264 1261 2551 1336 παρθενία.
2602 1262 2744 1316 Ἀλλ’
2775 1262 2875 1316 οὐκ
2898 1263 3066 1330 ἐστιν,
3090 1265 3190 1318 οὐκ
3225 1264 3361 1330 ἐστι,
3407 1268 3486 1338 μή
3543 1267 3765 1335 γένοιτο.

2098 1361 2270 1414 Ὅπου
2307 1359 2416 1432 γὰρ
2447 1359 2548 1424 τὰς
2571 1359 2652 1413 ἐτι
2698 1361 2998 1432 περιόντων
3034 1361 3379 1434 ἀπεχομένας
3417 1365 3534 1418 τῶν
3569 1367 3769 1437 ἀνδρῶν

2093 1454 2443 1526 θαυμάζομεν
2473 1455 2709 1520 ἅπαντες
2733 1457 2826 1530 καὶ
2848 1456 3243 1529 ἀποδεχόμεθα.
3266 1459 3363 1523 τὰς
3383 1462 3480 1514 καὶ
3508 1463 3767 1516 ἀπελθόνο

2090 1571 2198 1608 των
2229 1553 2409 1608 αὐτῶν
2436 1554 2534 1628 τήν
2587 1555 2757 1626 αὐτὴν
2790 1555 2917 1626 περί
2955 1555 3153 1619 αὐτοὺς
3196 1557 3665 1629 ἐπιδεικνυμένας
3689 1559 3765 1613 εῦ-

2090 1667 2258 1716 νοιαν,
2327 1650 2444 1714 πῶς
2472 1652 2572 1705 οὐκ
2606 1651 2999 1723 ἐκπλήττεσθαι
3030 1652 3112 1705 δεῖ
3158 1654 3251 1706 καὶ
3294 1654 3586 1720 ἐπαινεῖν;
3636 1657 3768 1722 Ἕως

2095 1746 2192 1817 μὲν
2219 1741 2335 1814 οῦν,
2363 1747 2500 1820 ὅπερ
2525 1747 2681 1818 ἔφην,
2725 1748 2892 1820 συνῆς
2927 1749 3006 1820 τῷ
3059 1750 3315 1822 μακαρίῳ
3339 1751 3637 1823 Θηρασίῳ.
3689 1758 3767 1806 καὶ

2089 1844 2254 1916 τιμῆς
2305 1845 2398 1898 καὶ
2427 1845 2679 1917 προνοίας
2711 1845 3024 1910 ἀπέλαυσας
3052 1845 3100 1912 ἀ,
3143 1847 3260 1911 οἵας
3297 1849 3449 1920 παρὰ
3479 1848 3766 1920 ἀνθρώπου

2091 1941 2384 1996 ἀπολαύειν
2415 1941 2583 2008 εἰκόςο
2619 1941 2713 1996 νῦν
2740 1943 2798 1996 δέ
2818 1944 2898 2007 εἰς
2937 1943 3036 2016 τὴν
3060 1944 3270 1998 ἐκείνου
3299 1945 3457 2011 τάξιν
3493 1947 3654 2016 ἔχεις
3691 1949 3767 2002 τὸν

2092 2040 2345 2093 ἀπάντων
2376 2040 2655 2112 Δεσπότην
2697 2040 2852 2107 Θεὸν,
2882 2041 2941 2104 ὃς
2986 2041 3083 2095 καὶ
3126 2041 3292 2096 πάλαι
3335 2059 3432 2096 σου
3489 2047 3766 2116 προεστὼς

2094 2135 2352 2207 μειζόνως
2382 2138 2474 2191 καὶ
2507 2139 2645 2210 μετά
2680 2137 2920 2204 πλείονος
2951 2139 3109 2194 τοῦτο
3149 2141 3361 2211 ποιήσει
3402 2143 3506 2212 τῆς
3539 2144 3766 2210 σπουδῆς

2089 2232 2206 2289 νῦν·
2229 2237 2322 2292 καὶ
2361 2238 2456 2308 τῆς
2484 2236 2682 2310 πολλῆς
2711 2238 2876 2292 αὑτοῦ
2910 2240 3168 2311 προνοίας
3197 2240 3258 2293 ού
3289 2240 3488 2310 μικρὸν
3506 2280 3526 2305 ,
3588 2240 3765 2311 ῶσπερ

2094 2333 2265 2407 ἔφθην
2296 2333 2495 2398 είπὼν,
2555 2335 2852 2407 τεκμήριον
2883 2335 3083 2403 ἔδειξεν
3123 2338 3253 2408 ἡμῖν
3285 2336 3409 2408 ήδη,
3448 2339 3508 2390 ἐν
3532 2339 3763 2407 tacuit-.15

2089 2432 2304 2504 καμίνῳ
2334 2432 2626 2505 φροντίδων
2663 2432 2756 2486 καὶ
2786 2431 2961 2503 λύπης
2983 2432 3108 2504 ὑγιῆ
3137 2434 3232 2487 καὶ
3257 2434 3544 2504 ἀνέπαφόν
3578 2453 3640 2489 σε
3664 2436 3762 2489 6:1-

2090 2529 2349 2598 φυλάξας,
2381 2531 2474 2584 καὶ
2503 2530 2668 2602 μηδὲν
2692 2531 2850 2599 ἀφεὶς
2878 2529 2988 2584 τῶν
3012 2529 3326 2603 ἀϐουλήτων
3357 2531 3585 2585 παθεῖν.
3625 2533 3683 2585 '0
3715 2535 3762 2586 δὲ

2089 2626 2146 2677 ἐν
2169 2626 2408 2697 τοσούτῳ
2434 2625 2578 2697 σάλῳ
2602 2625 2770 2698 μηδὲν
2807 2628 3169 2698 συγχωρήσας
3212 2627 3464 2697 γίνεσθαι
3487 2630 3758 2697 ναυάγιον,

2090 2721 2270 2793 πολλῷ
2293 2721 2491 2795 μᾶλλον
2523 2723 2580 2776 ἐν
2615 2723 2825 2794 γαλήνῃ
2857 2724 3178 2796 διατηρήσει
3209 2725 3310 2796 τὴν
3345 2724 3446 2796 σὴν
3468 2726 3658 2798 ψυχὴν
3683 2731 3761 2780 καὶ

2090 2818 2298 2889 κούφην
2327 2819 2542 2890 ποιήσει
2562 2819 2660 2892 τὴν
2688 2819 2940 2891 χηρείαν,
2959 2819 3144 2874 καὶτὰ
3177 2823 3242 2875 ἐκ
3268 2821 3477 2892 ταύτης
3504 2822 3759 2876 δοκοῦντι

2090 2912 2227 2969 εἶναι
2251 2915 2420 2970 δεινά.
2572 2966 2576 2971 .

2157 3019 2226 3082 γ’.
2259 3014 2322 3066 Εἰ
2344 3013 2402 3068 δέ
2434 3031 2493 3067 σε
2517 3014 2578 3067 ού
2609 3013 2670 3067 τὸ
2698 3013 2797 3085 τῆς
2826 3013 3051 3084 χηρείας
3074 3012 3246 3084 ὄνομα
3277 3013 3518 3086 θορυϐεῖ,
3553 3014 3693 3069 ἀλλά
3713 3015 3762 3069 τὸ

2088 3107 2256 3182 ἄνδρα
2275 3109 2512 3164 τοιοῦτον
2523 3108 2835 3171 ἀποϐαλεῖν,
2855 3109 3198 3180 συνομολογῶ
3218 3110 3319 3180 μέν
3345 3127 3429 3163 σοι
3450 3111 3617 3178 κάγὼ
3639 3129 3758 3163 παν-

2085 3206 2252 3278 ταχοῦ
2275 3207 2379 3277 γῆς
2407 3205 2621 3276 ὀλίγους
2646 3204 2977 3276 γεγενῆσθαι
2997 3207 3272 3270 τοιούτους
3294 3206 3354 3259 ἐν
3385 3206 3629 3277 ἀνδράσι
3651 3207 3760 3277 βιω-

2086 3306 2258 3368 τικοῖς
2281 3303 2690 3374 φιλοστόργους,
2738 3304 3019 3369 ἐπιεικεῖς,
3077 3305 3388 3370 ταπεινοὺς,
3429 3303 3756 3367 ἀπλάστως,

2090 3401 2343 3464 συνετοὺς
2376 3411 2422 3468 ο,
2469 3401 2740 3465 εὐλαϐεῖς.
2775 3400 2914 3456 Ἀλλ’
2953 3402 3003 3454 εί
3044 3401 3142 3472 μὲν
3187 3400 3428 3455 διελύετο
3464 3404 3756 3466 παντελῶς,

2092 3499 2188 3551 καὶ
2225 3499 2305 3561 εἰς
2329 3497 2392 3551 τὸ
2427 3497 2591 3568 μηδὲν
2621 3497 2834 3570 ἔληγεν,
2860 3497 2967 3552 ἔδει
2990 3497 3335 3570 θορυϐεῖσθαι
3359 3501 3457 3552 καὶ
3473 3499 3688 3568 ἀλγεῖνο
3718 3503 3758 3553 εἰ

2086 3594 2144 3648 δὲ
2173 3596 2253 3658 εἰς
2282 3595 2373 3648 τὸν
2406 3592 2581 3647 εῦδιον
2615 3593 2951 3648 κατέπλευσε
3010 3593 3236 3665 λιμένα,
3281 3596 3537 3667 καὶπρὸς
3567 3598 3662 3650 τὸν
3685 3599 3758 3649 ὃν·

2085 3709 2194 3754 τως
2224 3689 2389 3745 αὑτοῦ
2422 3689 2648 3761 βασιλέα
2670 3690 3102 3762 ἀποδεδήμηκεν,
3144 3692 3204 3744 οὐ
3240 3692 3458 3744 πενθεῖν
3487 3694 3636 3764 ὑπὲρ
3659 3695 3758 3747 τού-

2085 3806 2216 3853 των,
2239 3787 2374 3841 ἀλλά
2405 3789 2498 3840 καὶ
2523 3787 2733 3859 χαίρειν
2767 3787 2867 3843 δεῖ.
2918 3788 2992 3841 Οὐ
3043 3788 3151 3860 γὰρ
3183 3787 3412 3853 θάνατος
3466 3793 3496 3845 ό
3534 3792 3756 3854 θάνατος

2087 3882 2260 3950 οὗτος,
2293 3884 2410 3940 ἀλλ’
2443 3883 2721 3956 ἀποδημία
2748 3885 2842 3939 καὶ
2877 3885 3207 3956 μετάστασίς
3229 3904 3314 3950 τις
3341 3888 3455 3940 ἀπὸ
3487 3889 3602 3940 τῶν
3653 3907 3754 3959 χει·

2089 3985 2257 4057 ρόνων
2281 3984 2375 4037 ἐπὶ
2404 3983 2472 4036 τὰ
2509 3982 2721 4054 βελτίω,
2776 3983 2883 4036 ἀπὸ
2909 3983 3006 4054 τῆς
3038 3983 3139 4056 γῆς
3181 3983 3317 4055 πρὸς
3369 3985 3466 4037 τὸν
3508 3987 3749 4058 οὐρανὸν,

2086 4084 2193 4140 ἀπὸ
2233 4081 2342 4136 τῶν
2370 4080 2670 4152 ἀνθρώπων
2695 4080 2829 4152 πρὸς
2853 4080 3117 4150 ἀγγέλους
3151 4081 3244 4134 καὶ
3264 4081 3648 4153 ἀρχαγγέλους
3669 4086 3750 4137 καὶ

2084 4184 2176 4237 τὸν
2207 4180 2316 4234 τῶν
2354 4179 2599 4249 ἀγγέλων
2628 4179 2722 4232 καὶ
2753 4178 3108 4250 ἀρχαγγέλων
3156 4179 3460 4251 Δεσπότην.
3500 4181 3750 4235 Ἐνταῦθα

2089 4281 2190 4352 μὲν
2218 4281 2327 4352 γάρ
2355 4278 2448 4333 ἐπὶ
2475 4277 2574 4347 τῆς
2598 4276 2701 4347 γῆς
2734 4275 3160 4346 στρατευόμενον
3195 4275 3406 4346 βασιλεῖ
3446 4279 3543 4331 καὶ
3583 4281 3746 4333 κινδύ-

2085 4395 2207 4440 νους
2227 4372 2295 4446 ἦν
2323 4374 2647 4447 προσδοκᾷν,
2691 4373 2784 4426 καὶ
2833 4371 3033 4436 πολλὰς
3066 4373 3215 4443 παρά
3263 4373 3373 4426 τῶν
3415 4375 3746 4444 φθονούντων

2083 4475 2182 4539 τάς
2228 4471 2538 4534 ἐπιϐουλάςο
2601 4471 2710 4541 ὅσῳ
2751 4468 2861 4541 γὰρ
2922 4469 3072 4539 αύτῷ
3111 4467 3180 4522 τὰ
3221 4469 3323 4539 τῆς
3355 4471 3746 4543 εὐδοκιμήσεως

2083 4569 2294 4641 ηῦξετο,
2313 4566 2550 4638 τοσούτῳ
2588 4566 2684 4620 καὶ
2719 4565 2788 4620 τὰ
2825 4565 2976 4636 παρά
3016 4565 3124 4619 τῶν
3149 4565 3362 4636 ἐχθρῶν
3399 4569 3741 4634 ὲπλεόναζεν·

2084 4669 2200 4721 ἐκεῖ
2229 4667 2285 4720 δὲ
2314 4664 2617 4720 ἀπελθόντα
2643 4663 2744 4717 ούκ
2788 4661 2932 4716 ἐστιν
2980 4662 3314 4716 ὑποπτεῦσαι
3348 4664 3562 4720 τούτων
3588 4669 3736 4721 οὐδέν.

2086 4766 2246 4818 Ὥστε
2273 4762 2491 4833 ὁσῳπερ
2522 4761 2587 4815 ἂν
2614 4759 2817 4836 πε-νθῇς
2845 4759 2925 4813 ὅτι
2958 4760 3192 4831 χρηστὸν
3213 4761 3342 4814 ὄντα
3375 4764 3476 4817 καὶ
3503 4765 3740 4836 ἐνάρετον

2082 4861 2274 4917 ἐλαϐεν
2395 4858 2547 4926 Θεὸς,
2576 4857 2816 4926 τοσούτῳ
2864 4856 3074 4929 χαίρειν
3115 4857 3198 4910 δεῖ
3248 4857 3332 4910 ὅτι
3371 4859 3522 4929 μετά
3557 4863 3739 4934 πολλῆς

2081 4961 2179 5030 τῆς
2207 4955 2504 5027 ἀσφαλείας
2544 4954 2638 5008 καὶ
2679 4953 2778 5024 τῆς
2806 4951 2964 5023 δόξης
2991 4953 3397 5026 ἀποδεδήμηκε,
3441 4958 3541 5010 καὶ
3571 4958 3668 5028 τῆς
3691 4961 3737 5010 ἐν

2081 5055 2160 5126 τῷ
2178 5053 2401 5123 παρόντι
2421 5052 2653 5122 κινδύνῳ
2669 5052 2912 5124 ταραχῆς
2933 5052 3286 5121 ἀπαλλαγεὶς,
3305 5053 3459 5107 ἐστὶν
3487 5056 3546 5108 ἐν
3567 5059 3736 5127 εἰρήνῃ

2081 5153 2176 5206 καὶ
2200 5150 2398 5222 ἡσυχίᾳ
2432 5150 2625 5221 πολλῇ.
2652 5149 2776 5213 Πῶς
2795 5148 2904 5221 γάρ
2933 5149 3032 5203 οὐκ
3062 5149 3262 5204 ἄτοπον
3282 5151 3375 5203 τὸν
3405 5153 3510 5222 μὲν
3529 5154 3735 5224 οὐρανὸν

2082 5249 2266 5319 πολλῷ
2290 5248 2482 5318 βελτίω
2502 5249 2598 5320 τῆς
2624 5247 2728 5318 γῆς
2752 5243 2887 5302 εἷναι
2909 5247 3220 5318 ὁμολογεῖν,
3248 5251 3376 5313 τοὺς
3396 5250 3456 5303 δὲ
3488 5253 3598 5305 ἀπὺ
3621 5252 3733 5305 ταύ-

2081 5365 2180 5419 της
2204 5348 2321 5400 ἐκεῖ
2352 5346 2722 5416 μεταστάντας
2748 5345 2960 5398 πενθεῖν
2982 5362 2996 5409 ;
3036 5345 3098 5398 Εί
3129 5346 3227 5416 μὲν
3249 5346 3359 5418 γάρ
3377 5347 3488 5401 τῶν
3513 5349 3733 5419 ala-19:3;

2085 5443 2422 5498 Βεὸιωκότων
2461 5445 2554 5499 καὶ
2591 5444 2742 5516 παρά
2794 5445 2856 5498 τὸ
2909 5445 2988 5516 τῷ
3024 5444 3144 5515 Θεῷ
3171 5444 3362 5499 δοκοῦν
3389 5451 3418 5502 ὁ
3483 5433 3730 5523 μακάριος

2141 5676 2166 5716 ἀ
2192 5674 2326 5738 (ἶοιὶ).
2358 5683 2411 5738 οι
2428 5674 2578 5726 εον-ἧι.
2605 5678 2853 5734 ἀπέλαυες.
2876 5678 3050 5728 Morel.
3072 5680 3364 5738 ἀπέλαυσας.

2151 5739 2170 5762 ⁸
2194 5738 2274 5788 Sic
2293 5737 2430 5788 Colb.
2459 5745 2511 5786 et
2530 5739 2638 5790 Sav.
2654 5739 2709 5788 In
2723 5739 2839 5790 Mor.
2861 5741 2983 5796 haec.
3003 5741 3291 5808 ἀπλάστους,
3303 5737 3728 5807 συνετούςω
