3844 6256
133 282 233 341 601

130 403 397 464 jecerunt.
428 395 521 452 sed
545 396 705 451 etiam
731 395 820 465 qui
842 394 1146 465 pudicitiam
1177 394 1341 465 ipsius
1369 392 1567 449 violare
1598 402 1714 448 stu-

129 486 283 542 dent.
312 487 492 556 Neque
518 500 644 540 vero
666 486 760 540 has
780 495 980 540 tantum
998 527 1014 552 ,
1040 485 1132 539 sed
1153 485 1313 539 etiam
1342 485 1472 539 alias
1502 485 1713 540 labendi

129 578 441 631 occasiones
482 577 535 630 in
574 576 740 645 ipsam
785 574 1057 629 incurrere
1094 575 1441 629 inveniemus.
1488 574 1619 628 Nam
1662 583 1717 630 et

127 664 544 720 domesticorum
567 674 915 734 contemptus,
942 673 992 718 et
1016 680 1099 718 res
1121 663 1392 733 neglectae,
1407 673 1460 719 et
1481 663 1714 733 pristina:

127 755 403 824 dignitatis
426 755 661 819 amissio,
690 754 966 823 mqualium
996 755 1337 823 prosperitas,
1369 768 1511 823 saepe
1536 762 1710 808 autem

125 858 188 899 et
212 846 524 901 deliciarum
546 843 802 913 cupiditas
818 858 883 899 eo
906 845 1045 914 ipsas
1064 844 1419 906 adduxerunt,
1440 854 1494 898 ut
1520 858 1711 898 secun-

123 938 213 992 dis
238 953 296 990 se
324 937 518 1004 nuptiis
544 936 821 1005 illigarent.

204 1026 540 1095 Praeceptoris
555 1025 754 1096 gentilis
770 1024 832 1077 de
850 1033 1007 1076 matre
1030 1023 1092 1078 S.
1121 1022 1378 1093 Chrysost.
1398 1024 1706 1093 judicium‘.

122 1147 203 1159 -—-
230 1118 342 1174 Nec
366 1132 495 1173 vero
517 1118 707 1171 desunt
734 1131 852 1186 quae
878 1116 1109 1186 legitimo
1130 1116 1342 1185 quidem
1376 1118 1711 1173 matrimonio

120 1213 262 1267 viris
282 1228 343 1267 se
355 1212 579 1281 jungere
603 1210 819 1263 minime
842 1208 1020 1272 velint,
1046 1208 1138 1262 sed
1159 1208 1369 1262 occulte
1392 1209 1621 1261 etclam.
1653 1209 1706 1263 Id

119 1313 309 1360 autem
340 1312 621 1375 propterea
649 1301 867 1365 faciunt,
886 1309 944 1355 ut
958 1302 1196 1356 encomia
1217 1300 1484 1355 viduitatis
1505 1301 1710 1356 lucren-

121 1407 220 1450 tur
250 1414 267 1451 :
298 1396 370 1450 ita
405 1410 511 1448 non
546 1392 846 1463 ignominiaa
870 1433 885 1457 ,
916 1391 1011 1446 sed
1036 1391 1399 1445 admirationis
1423 1399 1581 1461 atque
1609 1393 1707 1446 ho-

118 1486 279 1541 noris
299 1485 455 1555 plena
477 1499 565 1541 res
582 1483 697 1553 ipsa
721 1483 856 1552 apud
876 1482 1116 1537 homines
1135 1490 1236 1547 est,
1260 1497 1365 1536 non
1394 1484 1553 1537 modo
1576 1484 1706 1539 lide-

115 1578 241 1643 les,
271 1592 453 1632 verum
490 1576 649 1631 etiam
688 1574 926 1629 inﬁdeles
991 1574 1155 1644 ipsos.
1209 1573 1340 1628 Nam
1381 1585 1436 1629 et
1473 1590 1572 1646 ego
1610 1576 1711 1631 alia

110 1667 341 1739 quando
364 1682 485 1723 cum
513 1681 687 1721 essem
722 1665 922 1735 junior,
953 1663 1157 1719 doctori
1201 1680 1320 1719 meo
1351 1663 1502 1737 (erat
1528 1677 1704 1722 autem

111 1762 213 1816 ille
253 1760 491 1815 omnium
532 1758 805 1812 hominum
852 1757 1083 1811 maxime
1123 1756 1560 1827 superstitiosus)
1585 1759 1703 1812 ani-

108 1850 383 1907 madverti
412 1859 631 1904 matrem
658 1862 831 1903 meam
870 1847 924 1901 in
964 1847 1144 1902 multis
1173 1861 1414 1917 magnam
1444 1850 1703 1905 excitasse

108 1943 551 1998 admirationem.

196 2033 481 2089 Viduarum
506 2028 947 2102 dignitas.—Nam
973 2042 1091 2083 cum
1119 2043 1230 2095 eos,
1263 2032 1350 2098 qni
1376 2029 1474 2083 sihi
1500 2029 1702 2085 asside-

102 2123 269 2188 bant,
287 2136 437 2178 more
458 2136 556 2176 suo
577 2120 971 2190 interrogasset,
994 2119 1114 2188 quis
1129 2133 1193 2173 ac
1213 2119 1364 2188 cujus
1382 2134 1481 2189 ego
1501 2134 1695 2183 essem,

101 2232 171 2269 ac
203 2230 526 2284 responsum
552 2221 724 2278 esset,
756 2227 843 2268 me
878 2211 1047 2266 viduae
1076 2212 1314 2266 mulieris
1340 2227 1458 2267 esse
1489 2212 1651 2265 lilium
1676 2252 1692 2278 ,

97 2308 176 2363 de
220 2322 314 2362 tne
340 2305 581 2376 quaesivit
604 2313 811 2359 mtatem
840 2304 1025 2357 matris
1044 2344 1059 2369 ,
1089 2313 1144 2357 et
1172 2303 1439 2357 viduitatis
1466 2311 1692 2374 tempus.

93 2399 249 2453 Cum
278 2398 507 2469 primum
537 2411 665 2451 vero
693 2395 892 2449 audivit
928 2394 1271 2464 quadraginta
1305 2410 1472 2449 annos
1514 2405 1693 2449 natam

90 2505 257 2556 esse,
286 2488 597 2559 vigesimum
619 2501 743 2542 vero
766 2485 875 2556 jam
906 2500 1102 2539 annum
1131 2485 1234 2554 agi,
1267 2500 1331 2538 ex
1357 2501 1461 2555 quo
1494 2494 1690 2553 patrem

93 2596 296 2635 meum
337 2578 611 2645 amiserit,
647 2577 913 2645 obstupuit
955 2576 1109 2645 plane
1134 2616 1148 2638 ,
1185 2583 1343 2643 atque
1377 2574 1442 2627 ad
1470 2589 1564 2629 eos
1601 2576 1690 2643 qui

86 2673 339 2726 aderant
356 2683 661 2733 conversus,
683 2667 822 2721 clara
850 2680 977 2720 voce
997 2665 1315 2721 exclamavit
1334 2682 1348 2719 :
1367 2664 1542 2734 Papze,
1564 2680 1693 2734 qua-

89 2766 183 2821 les
216 2763 476 2818 mulieres
503 2759 640 2831 apud
665 2758 995 2814 Christianos
1020 2757 1177 2811 sunt!
1206 2756 1371 2811 Tanta
1398 2771 1501 2810 non
1531 2756 1690 2810 modo

82 2856 253 2927 apud
280 2868 402 2920 nos,
430 2851 523 2908 sed
544 2851 700 2906 etiam
720 2849 858 2920 apud
886 2848 1110 2919 gentiles
1125 2846 1392 2901 viduitatis
1410 2847 1523 2900 laus
1537 2855 1617 2900 est
1631 2854 1687 2901 et

87 2948 420 3003 admiratio.
440 2946 565 3014 Quze
576 2944 750 2997 omnia
768 2941 1110 2997 considerans
1128 2940 1307 2994 beatus
1321 2939 1514 2994 Paulus
1526 2937 1676 3004 dixit,

87 3042 283 3094 Vidua
309 3039 525 3109 eligatur
556 3052 655 3090 non
689 3034 854 3087 minus
881 3032 1138 3102 sexaginta
1161 3046 1408 3084 annorum
1431 3029 1449 3100 (
1475 3030 1526 3084 1.
1544 3028 1677 3083 Tim.

74 3136 138 3190 5.
172 3132 280 3202 9).
312 3130 499 3199 Neque
524 3142 652 3181 vero
680 3141 743 3180 ex
776 3127 876 3179 hoc
900 3124 1046 3185 solo,
1078 3122 1317 3190 quamvis
1343 3122 1487 3191 gravi
1517 3121 1687 3177 aetatis

76 3221 448 3284 testimonio,
472 3220 723 3274 continuo
751 3217 877 3270 sinit
904 3224 961 3269 ut
987 3214 1038 3269 in
1067 3228 1275 3268 sacrum
1308 3213 1445 3268 hunc
1472 3212 1684 3280 adlega-

76 3327 179 3370 tur
216 3313 451 3369 chorum
476 3327 490 3377 ;
522 3309 616 3365 sed
645 3309 748 3362 alia
774 3307 918 3362 addit
949 3307 1016 3360 ita
1045 3305 1281 3360 scribens
1315 3320 1329 3358 :
1363 3303 1429 3357 In
1456 3304 1684 3373 operibus

67 3407 244 3461 bonis
274 3402 612 3458 testimonium
638 3400 823 3453 habens
845 3440 860 3465 ,
886 3399 930 3452 si
958 3398 1091 3466 ﬁlios
1116 3396 1344 3450 educavit
1360 3436 1375 3460 ,
1401 3396 1444 3449 si
1470 3396 1685 3465 hospitio

67 3497 309 3569 ret-epit,
334 3496 379 3550 si
398 3504 682 3550 sancton
707 3491 854 3562 pedes
881 3491 1017 3555 lavit,
1041 3490 1084 3542 si
1106 3489 1468 3542 tribulationem
1489 3487 1687 3558 patien-

68 3594 231 3645 tibus
259 3587 678 3650 subministravit,
703 3586 747 3639 si
769 3600 913 3636 omne
932 3598 1057 3653 opus
1083 3580 1266 3634 bonum
1289 3580 1587 3649 subsequuta
1610 3588 1682 3633 est

70 3689 90 3751 (
132 3682 164 3735 1
174 3681 299 3736 bid.
331 3696 383 3732 υ.
416 3678 484 3733 10
505 3678 546 3745 ).
592 3676 636 3731 Ο
668 3674 992 3744 diligentiam
1028 3682 1184 3743 atque
1208 3673 1597 3726 accurationem
1628 3671 1681 3725 in

68 3769 430 3844 probando!
473 3776 724 3838 quantam
764 3781 793 3819 a
831 3764 985 3819 vidua
1028 3764 1247 3833 requirit
1290 3763 1539 3816 virtutem
1568 3802 1584 3827 ,
1623 3771 1679 3816 et

61 3878 265 3934 quam,
286 3859 555 3915 subtiliter
572 3857 747 3912 omnia
767 3855 1131 3926 persequitur!
1159 3853 1294 3907 hanc
1319 3867 1447 3908 sane
1465 3867 1679 3923 Operam

65 3972 195 4011 non
242 3961 579 4020 sumpturus,
609 3948 710 4003 nisi
750 3961 941 4001 munus
996 3944 1286 3999 honestatis
1327 3959 1391 3999 ac
1413 3943 1680 4014 dignitatis

62 4049 320 4117 plenum
352 4042 426 4097 illi
446 4039 827 4096 commissurus
842 4036 1046 4090 fuisset.
1066 4036 1134 4089 At
1153 4048 1280 4088 vero
1298 4047 1416 4089 cum
1437 4032 1679 4100 dixisset,

60 4132 538 4192 Adolescentiores
570 4139 736 4184 autem
772 4128 950 4181 viduas
985 4126 1151 4179 devita
1175 4166 1189 4190 ,
1229 4139 1440 4178 causam
1471 4138 1680 4193 quoque

57 4224 342 4296 atljungit
368 4240 383 4277 :
403 4220 529 4277 Cum
547 4221 675 4275 enim
696 4219 966 4273 luxuriatae
989 4216 1173 4285 fuerint
1191 4215 1244 4268 in
1263 4214 1479 4281 Christo,
1501 4215 1683 4269 nubere

56 4320 273 4373 volunt
302 4310 486 4385 (Ibid.
510 4328 559 4365 tt.
583 4310 642 4365 ll
762 4309 854 4363 llis
877 4308 1018 4362 enim
1049 4306 1222 4360 verbis
1251 4305 1379 4359 illud
1417 4305 1567 4360 nobis
1603 4305 1679 4358 si-

56 4410 357 4480 gniﬁcat,
388 4405 637 4460 mulieres
660 4418 779 4473 quae
806 4404 949 4456 viros
976 4400 1269 4454 amiserunt
1292 4399 1345 4453 in
1372 4398 1576 4453 illorum
1603 4399 1685 4453 lo-

53 4520 206 4559 cum
245 4498 428 4571 aptari
452 4507 507 4552 et
529 4496 676 4568 jungi
700 4494 929 4550 Christo.
952 4493 1069 4559 Quo
1088 4500 1262 4547 autem
1282 4490 1527 4546 ostendat
1544 4491 1684 4547 hanc

52 4590 533 4664 cnnjunctionem
561 4600 679 4641 esse
692 4599 907 4641 suavem
930 4599 995 4638 ac
1018 4583 1212 4647 lenem,
1232 4581 1352 4637 vide
1365 4581 1490 4651 quid
1506 4581 1646 4636 dicat
1664 4598 1679 4637 :
1700 4636 1705 4641 .

54 4697 213 4745 tum
259 4686 402 4739 enim
427 4680 699 4736 luxuriata:
724 4679 907 4750 fuerint
930 4678 985 4731 in
1009 4677 1206 4730 Christo
1230 4716 1245 4739 ,
1268 4677 1450 4729 nubere
1473 4675 1643 4729 uolunt
1662 4690 1683 4730 :

48 4776 241 4851 quasi
277 4773 353 4828 de
379 4772 492 4826 viro
515 4768 744 4840 quodam
784 4767 890 4822 leni
927 4782 990 4821 ac
1024 4766 1191 4835 probo
1216 4765 1467 4835 loquens,
1489 4766 1687 4835 quique

55 4887 184 4926 non
214 4866 339 4923 illis
352 4878 475 4919 cum
494 4861 715 4932 imperio
730 4868 927 4924 utatur,
945 4858 1036 4915 sed
1059 4858 1298 4914 libertate
1315 4857 1430 4911 illas
1448 4858 1542 4912 frui
1562 4873 1682 4927 per-

54 4967 298 5021 mittat.
329 4957 447 5014 Nec
473 4970 601 5011 vero
616 4956 873 5009 hactenus
902 4952 1193 5006 orationem
1216 4950 1523 5020 produxisse
1552 4950 1684 5004 satis

50 5058 325 5118 habuit;
369 5050 465 5106 sed
493 5058 549 5105 et
577 5046 787 5103 aliunde
814 5061 997 5101 rursus
1031 5059 1238 5113 magnae
1274 5045 1371 5098 sibi
1398 5043 1512 5097 illas
1538 5058 1679 5097 cum

48 5164 196 5207 esse
232 5140 569 5206 declaravit,
597 5139 670 5194 ita
696 5136 931 5192 scribens
965 5152 978 5187 :
1010 5133 1145 5188 Nam
1169 5149 1281 5200 qua:
1304 5134 1354 5185 in
1373 5133 1561 5185 deliciis
1586 5140 1678 5198 est,

47 5245 256 5297 rivens
287 5242 492 5288 mortua
519 5242 627 5285 est:
646 5244 758 5299 quat
779 5240 945 5281 autem
976 5242 1086 5281 vere
1105 5225 1254 5279 vidua
1277 5234 1349 5279 est
1375 5234 1419 5277 et
1437 5225 1678 5289 desolata,

46 5330 317 5407 ερενσυὶι
347 5327 405 5379 in
432 5322 594 5377 Deum
617 5363 633 5389 ,
670 5331 716 5375 et
740 5322 892 5374 instat
916 5317 1334 5373 obsecrationibus
1363 5326 1410 5370 et
1438 5315 1683 5369 orationi-

43 5405 153 5482 bus
191 5430 363 5477 nocte
394 5432 453 5468 ac
478 5415 560 5467 die
585 5411 757 5481 (Ibid.
783 5427 831 5465 υ.
850 5409 904 5466 6.
926 5408 1018 5475 5).
1048 5408 1115 5463 Et
1138 5406 1205 5462 ad
1229 5405 1527 5462 Corinthios
1552 5405 1684 5459 scri-

46 5523 207 5575 hens
237 5508 447 5580 inquit,
468 5504 670 5560 Beatior
682 5513 847 5557 autem
866 5502 980 5566 erit,
994 5504 1035 5556 si
1055 5501 1127 5555 sic
1146 5498 1470 5570 permanserit
1485 5497 1681 5567 (LCor.

129 5652 147 5680 ι
197 5652 313 5693 ttae
336 5639 407 5689 de
430 5651 487 5688 re
512 5635 623 5687 vide
645 5646 790 5704 supra
820 5633 970 5691 vitam
992 5635 1309 5697 (ιιι-γεοειοωί
1334 5643 1363 5682 a
1380 5633 1517 5681 nobis
1546 5631 1687 5680 ador-

50 5719 276 5763 natam.

1383 282 1473 338 AD
1510 280 1771 338 γιουΑΜ
1807 282 2169 348 ιυΝιοῐιεΜ.

3298 305 3397 367 ϐω

1829 399 1880 453 7.
1909 400 1980 456 ιο
2000 401 2042 472 ).
2072 399 2232 460 Vides
2260 416 2454 477 quanta
2498 409 2763 465 viduitatis
2788 424 3024 469 eneonna
3049 458 3060 477 .
3090 429 3247 488 atque
3285 421 3401 481 hac

1823 492 2034 561 quidem
2066 495 2119 549 in
2150 512 2284 550 nova
2314 498 2428 567 lege
2452 540 2466 563 ,
2506 501 2717 569 quando
2751 503 2859 572 jam
2898 507 3211 575 vtrginitatis
3236 511 3402 569 decus

1821 595 2159 672 summopere
2179 589 2432 643 emicuit?
2452 589 2825 649 Verumtamen
2853 611 3023 667 neque
3043 597 3199 669 hujus
3222 603 3399 672 splen-

1821 671 1919 764 dor
1945 675 2212 731 viduitatis
2241 679 2528 736 luminibus
2564 681 2780 739 oflicere
2819 689 2990 755 potuit
3014 727 3031 755 ,
3071 691 3164 745 sed
3193 671 3261 747 et?
3284 694 3395 764 ipsa

1821 763 1995 852 elucet
2030 764 2204 820 adhuc
2241 783 2388 822 suam
2421 769 2620 826 habens
2650 776 2919 834 virtutem.
2950 763 3396 852 Quotiescumque

1820 851 1978 921 igitur
2005 854 2142 910 inter
2160 856 2440 912 dicendum
2470 860 2734 916 viduitatis
2764 866 3084 921 mentionem
3115 851 3390 938 faciemus,

1819 957 1885 997 ne
1904 944 2084 998 animo
2110 947 2388 1015 concidas,
2422 964 2521 1005 nec
2544 965 2654 1004 rem
2684 961 2889 1021 turpem
2917 956 3194 1014 existimes
3222 978 3235 1014 :
3268 978 3389 1017 nam

1817 1036 1860 1089 si
1891 1037 2115 1092 viduitas
2150 1041 2350 1108 turpis,
2392 1043 2557 1096 multo
2586 1044 2790 1114 turpior
2819 1046 3107 1115 virginitas.
3140 1050 3243 1107 Sed
3282 1069 3391 1109 non

1815 1125 1885 1180 ita
1927 1141 1986 1181 se
2026 1142 2113 1182 res
2157 1127 2348 1193 habet;
2381 1130 2535 1185 absit.
2560 1131 2783 1198 Quando
2810 1134 2950 1190 enim
2977 1152 3086 1204 eas,
3118 1155 3235 1208 qua:
3259 1144 3387 1197 viris

1814 1218 1989 1274 adhuc
2013 1222 2382 1291 superstitibus
2410 1225 2791 1280 continentiam
2820 1238 3054 1296 servant,
3085 1246 3268 1287 omnes
3294 1236 3385 1289 ad-

1815 1310 2071 1365 miramur
2104 1321 2158 1367 et
2194 1314 2627 1371 commendamus
2648 1358 2662 1382 ,
2694 1331 2790 1371 cur
2826 1333 2931 1374 non
2970 1335 3090 1386 eas,
3118 1339 3236 1393 quae
3265 1337 3380 1397 pou

1812 1402 2046 1457 virorum
2067 1403 2268 1459 obitum
2289 1405 2530 1461 eamdem
2549 1407 2654 1462 illis
2672 1408 3093 1468 benevolentiam
3112 1428 3379 1485 praastant,

1814 1492 2058 1548 laudibus
2084 1502 2139 1549 et
2163 1494 2510 1553 admiratione
2548 1504 2966 1569 prosequamur?
2997 1504 3173 1559 Donec
3202 1506 3378 1575 igitur,

1811 1582 2255 1652 quemadmodum
2282 1583 2524 1641 dicebam
2553 1627 2569 1653 ,
2613 1601 2734 1642 cum
2774 1589 2931 1645 beato
2960 1591 3216 1648 Therasio
3241 1596 3381 1650 vive-

1810 1671 1904 1726 bas
1923 1715 1936 1738 ,
1968 1688 2089 1728 eum
2117 1674 2203 1729 ille
2234 1674 2326 1730 tibi
2356 1675 2613 1732 honorem
2639 1686 2954 1749 tuorumque
2978 1684 3377 1741 commodorum

1808 1763 2038 1818 studium
2056 1766 2314 1833 praestitit,
2336 1767 2629 1837 cujusmodi
2650 1783 2680 1823 a
2703 1770 2816 1825 viro
2832 1774 3185 1841 exspectanda
3204 1788 3374 1832 erant.

1806 1855 1958 1911 Nunc
2005 1865 2183 1911 autem
2239 1858 2379 1914 illius
2431 1859 2548 1915 loco
2599 1860 2762 1917 habes
2808 1863 3087 1920 Dominum
3140 1870 3374 1926 omnium

1808 1948 1972 2003 Deum
1997 1990 2011 2011 ,
2044 1949 2132 2018 qui
2167 1964 2287 2004 cum
2330 1958 2485 2006 antea
2514 1952 2607 2007 tibi
2647 1952 2815 2019 aﬂ'uit,
2845 1963 2953 2010 tum
2982 1973 3109 2012 vero
3144 1960 3194 2016 id
3238 1978 3376 2021 nunc

1805 2040 1975 2094 nutlto
2004 2039 2293 2110 impensius
2320 2056 2383 2097 ac
2410 2043 2728 2100 cumulatius
2770 2044 2945 2101 faciet.
2989 2049 3149 2119 Atqui
3197 2056 3372 2121 provi-

1771 2132 1994 2203 ,‘dentiae
2020 2133 2182 2204 ipsius
2208 2149 2312 2190 non
2334 2136 2632 2203 minimum,
2654 2138 3095 2206 quemadmodum
3117 2152 3272 2199 antea
3298 2147 3374 2200 di.

1800 2223 1985 2279 cebam
2015 2268 2030 2290 ,
2075 2225 2326 2281 indicium
2371 2229 2480 2297 jam
2526 2228 2677 2284 nobis
2713 2229 2861 2285 dedit
2899 2231 2951 2286 in
2989 2231 3089 2287 hoc
3125 2249 3375 2294 curarum

1798 2324 1955 2385 atque
1981 2316 2182 2373 doloris
2212 2318 2459 2374 incendio
2492 2320 2808 2376 incolumem
2855 2330 2906 2376 te
2950 2332 3206 2392 prazstans
3228 2367 3243 2390 ,
3277 2342 3373 2381 nec

1799 2408 2113 2477 permittens
2141 2417 2197 2463 ut
2229 2408 2514 2481 quidquam
2546 2410 2726 2465 damni
2760 2414 3033 2481 patereris.
3060 2416 3157 2483 Qui
3192 2426 3369 2471 autem

1800 2508 1940 2555 tanta
1973 2502 2301 2572 tempestatis
2326 2502 2375 2557 vi
2406 2503 2744 2559 incumbente
2764 2505 3092 2577 naufragium
3124 2508 3235 2563 ﬁeri
3267 2511 3369 2563 mi~

1798 2594 1940 2647 nime
1970 2592 2241 2663 permisit,
2276 2593 2442 2648 multo
2468 2595 2634 2665 magis
2662 2596 2945 2664 tranquillo
2975 2596 3084 2667 jam
3115 2599 3247 2653 mari
3273 2615 3368 2655 cu-

1796 2682 1993 2738 Stodiet
2029 2682 2259 2737 animam
2291 2691 2466 2749 tuam,
2511 2692 2567 2739 et
2606 2683 2777 2739 levem
2827 2684 3009 2739 reddet
3036 2687 3367 2759 viduitatem,

1795 2781 1953 2842 atque
1978 2787 2039 2827 ea
2069 2788 2185 2843 qu:e
2209 2788 2273 2827 ex
2303 2773 2414 2843 ipsa
2443 2773 2570 2828 oriri
2596 2773 2843 2829 videntur
2867 2776 3026 2830 mala.

1867 2864 1921 2919 5.
1953 2863 2179 2918 Therasii
2206 2864 2336 2919 laus.
2377 2895 2448 2907 —
2473 2865 2623 2933 Quod
2663 2866 2707 2921 si
2736 2881 2839 2921 non
2878 2867 3142 2922 viduitatis
3173 2885 3371 2926 nomen

1796 2963 1848 3010 te
1894 2955 2205 3021 discruciat,
2254 2955 2348 3011 sed
2396 2956 2517 3012 talis
2549 2957 2649 3012 viri
2677 2957 2901 3028 jactura,
2943 2974 3041 3029 ego
3078 2961 3235 3015 etiam
3272 2962 3365 3023 tlii

1794 3046 1952 3117 plane
1994 3046 2291 3113 assentior,
2333 3049 2385 3100 in
2429 3055 2543 3102 toto
2582 3056 2841 3102 terrarum
2888 3048 3018 3104 orbe
3056 3065 3253 3120 paucos
3298 3068 3365 3109 ex

1794 3139 1921 3193 viris
1959 3138 2301 3195 saacularibus
2338 3141 2601 3195 exstitisse
2631 3141 2728 3195 viri
2769 3142 2843 3195 tui
2871 3142 3072 3197 similes
3099 3153 3241 3198 tanta
3268 3144 3365 3200 hu-

1794 3231 2065 3293 manitate,
2080 3230 2361 3300 probitate,
2390 3230 2668 3297 modestia,
2686 3231 3007 3296 sinceritate,
3029 3233 3301 3303 prudentia
3320 3237 3359 3301 ¹,

1795 3321 1990 3390 pietate
2009 3321 2281 3391 praeditos.
2307 3321 2522 3388 Verum,
2542 3322 2586 3376 si
2613 3322 2824 3393 quidem
2846 3324 3055 3394 penitus
3077 3325 3369 3382 interiisset

1792 3419 1952 3482 atque
1981 3412 2033 3467 in
2079 3412 2299 3467 nihilum
2339 3413 2576 3479 abiisset,
2622 3417 2951 3470 moerendum
2990 3432 3051 3472 ac
3079 3418 3361 3474 dolendum

1793 3512 1941 3568 erat;
1965 3505 2045 3559 sin
2078 3516 2253 3561 autem
2287 3505 2354 3560 ad
2379 3507 2612 3575 quietum
2655 3507 3025 3579 placidumque
3051 3509 3256 3565 delatus
3280 3524 3369 3566 est

1793 3604 2025 3667 portum,
2071 3606 2229 3667 atque
2268 3596 2334 3651 ad
2360 3612 2518 3651 suum
2560 3613 2687 3652 vere
2730 3598 2925 3668 Regem
2968 3598 3232 3669 profectus
3259 3609 3359 3665 est,

1792 3688 1967 3743 nullus
1996 3689 2081 3743 hic
2101 3688 2370 3760 lacrymis,
2392 3688 2485 3742 sed
2506 3689 2697 3743 latitia:
2720 3690 2867 3744 locus
2889 3699 2989 3744 est.
3018 3689 3225 3745 Etenim
3248 3692 3366 3747 haec

1792 3793 1936 3832 mors
1965 3792 2068 3831 non
2095 3787 2177 3832 est
2202 3793 2363 3841 mors,
2389 3778 2480 3831 sed
2500 3777 2743 3847 migratio
2771 3792 2834 3831 ac
2862 3777 3112 3833 domicilii
3141 3783 3363 3834 mutatio

1790 3883 1821 3923 a
1847 3867 2197 3923 deterioribus
2229 3867 2296 3922 ad
2334 3866 2583 3932 meliora,
2612 3882 2642 3920 a
2678 3877 2815 3922 terra
2838 3866 2903 3921 ad
2928 3868 3134 3931 czelum,
3165 3870 3231 3923 ab
3262 3869 3362 3923 ho-

1792 3958 2022 4014 minibus
2050 3957 2114 4013 ad
2143 3958 2357 4027 angelos
2382 3968 2435 4012 et
2464 3957 2829 4027 archangelos,
2853 3967 3010 4027 atque
3034 3959 3167 4012 adeo
3189 3959 3363 4029 ipsum

1789 4049 2095 4119 angelorum
2156 4056 2209 4102 et
2255 4046 2691 4118 archangelorum
2738 4047 3040 4101 Dominum.
3092 4047 3222 4101 Nam
3277 4049 3362 4103 hic

1790 4140 2001 4209 quidem
2046 4138 2169 4193 dum
2216 4139 2268 4193 in
2312 4138 2466 4194 terris
2514 4137 2819 4205 Imperatori
2861 4137 3146 4203 militabat,
3197 4139 3357 4192 multa

1791 4239 1943 4286 erant
1962 4229 2315 4300 exspectanda
2357 4229 2693 4294 discrimina,
2725 4229 2902 4282 multa:
2943 4230 3010 4284 ab
3050 4229 3242 4283 invidis
3277 4230 3360 4283 in~

1789 4322 1958 4376 sidiaa.
1997 4321 2114 4389 Quo
2159 4322 2301 4375 enim
2346 4320 2514 4384 magis
2553 4318 2699 4374 illius
2740 4319 3061 4375 existimatio
3094 4329 3148 4375 et
3195 4320 3359 4389 gloria

1790 4414 2109 4484 augebatur,
2136 4427 2203 4467 eo
2244 4412 2422 4481 plures
2464 4410 2515 4464 in
2561 4411 2730 4479 ipsum
2773 4409 3137 4464 excitabantur
3183 4410 3363 4464 inimi-.

1792 4505 1949 4561 citize.
1981 4504 2092 4558 lllic
2118 4513 2294 4558 autem
2325 4500 2559 4572 profecto
2584 4500 2712 4554 nihil
2738 4500 2995 4569 ejusmodi
3022 4500 3358 4556 metuendum

1791 4603 1892 4651 est.
1921 4595 2279 4663 Quamobrem
2313 4601 2568 4664 quantum
2608 4592 2774 4661 luges,
2805 4602 2909 4645 tam
2933 4592 3270 4646 commodum
3298 4606 3368 4651 ac

1792 4686 1987 4742 bonum
2006 4685 2212 4755 jussum
2243 4698 2362 4739 esse
2390 4682 2456 4738 ad
2477 4682 2642 4737 Deum
2666 4681 2765 4748 ire,
2792 4688 2992 4735 tantum
3016 4681 3181 4735 lretari
3205 4695 3366 4751 oporo.

1791 4788 1868 4836 tet
1925 4777 2065 4851 quod
2092 4791 2280 4846 magna
2317 4788 2436 4830 cum
2464 4773 2749 4829 securitate
2773 4780 2828 4827 et
2863 4769 3029 4842 gloria
3060 4770 3357 4840 prolectus,

1791 4881 1848 4928 et
1873 4887 1902 4926 a
1931 4868 2283 4941 periculorum
2320 4880 2440 4937 qua:
2469 4864 2555 4918 hic
2598 4862 2942 4918 imminebant
2979 4861 3205 4916 tumultu
3228 4861 3362 4916 liber

1793 4963 1845 5019 in
1874 4977 2002 5031 pace
2022 4970 2074 5015 et
2103 4959 2281 5028 quiete
2316 4956 2479 5011 multa
2509 4955 2681 5025 degat.
2712 4954 2883 5020 Quam
2909 4952 3052 5007 enim
3074 4952 3363 5007 absurdum

1792 5062 1876 5109 est
1899 5052 2051 5107 fateri
2080 5049 2292 5119 quidem
2320 5047 2507 5102 caelum
2535 5055 2673 5102 terra
2713 5046 2870 5113 longe
2906 5043 3094 5098 melius
3122 5057 3241 5098 esse
3260 5084 3274 5107 ,
3301 5057 3365 5099 ac

1795 5155 1970 5199 tamen
1995 5157 2109 5208 eos,
2136 5141 2225 5211 qui
2254 5140 2377 5194 hinc
2400 5152 2466 5194 eo
2493 5143 2877 5201 commearunt,
2908 5135 3049 5189 luctu
3072 5136 3364 5203 prosequi?

1865 5234 1942 5288 De
1974 5233 2239 5305 proborum
2281 5232 2417 5286 obitu
2450 5227 2790 5301 gaudendum.
2817 5255 2889 5266 —
2918 5225 3048 5281 Nam
3092 5225 3136 5279 si
3180 5225 3366 5279 beatus

1796 5329 1896 5383 iste
1917 5342 1984 5382 ex
2011 5326 2221 5381 illorum
2252 5324 2520 5379 hominum
2550 5335 2768 5376 numero
2799 5318 3003 5383 luisset,
3023 5318 3113 5387 qui
3142 5316 3364 5385 turpiter

1793 5435 1858 5475 ac
1886 5420 1995 5475 Deo
2020 5418 2238 5473 minime
2264 5415 2467 5486 probati
2496 5414 2764 5476 vixerunt,
2798 5409 3031 5479 proiecto
3054 5422 3161 5462 non
3189 5406 3362 5460 solum

1795 5519 2034 5566 mortuus
2053 5550 2068 5575 ,
2095 5508 2189 5563 sed
2216 5508 2376 5563 etiam
2406 5506 2587 5560 vivens
2616 5503 2743 5558 ﬂetu
2783 5498 3181 5572 prosequendus
3205 5507 3320 5553 erat
3349 5514 3360 5550 :

1858 5627 1874 5658 ³
1910 5625 1984 5674 sic
2020 5621 2148 5671 Coll).
2185 5628 2237 5670 et
2285 5618 2454 5681 Savil.;
2487 5620 2534 5669 in
2570 5614 2733 5680 Morel,
2775 5614 2895 5674 haec,
2921 5616 3213 5672 sbventa“,
3247 5624 3358 5668 prta:

1804 5687 1984 5745 deﬂua.
2007 5685 2202 5740 desunt,
