3898 6252
405 346 509 401 €05

407 472 547 514 nunc
587 469 736 522 vero,
767 451 977 524 quando
1006 459 1059 506 et
1093 451 1207 521 ipse
1237 465 1372 504 unus
1420 465 1481 504 ex
1535 449 1628 503 Dei
1657 447 1840 501 amicis
1879 455 1981 510 est,

407 563 514 605 non
559 549 731 603 solum
778 544 1007 610 viventi,
1052 543 1146 597 sed
1189 542 1346 596 etiam
1387 554 1632 596 somnum
1671 556 1824 594 suunt
1863 539 1987 594 dor-

407 641 591 697 mienti
615 637 986 710 gratulandum
1015 644 1118 691 est.
1144 633 1348 688 Audisti
1374 647 1505 688 sane
1531 649 1593 688 ex
1623 633 1780 688 beato
1801 631 1983 698 Paulo,

407 732 704 788 faciendum
736 730 836 784 hoc
866 743 1004 789 esse,
1031 741 1152 782 eum
1181 726 1248 778 ita
1281 725 1504 788 diceret,
1537 723 1711 794 Longe
1736 722 1893 778 satius
1914 731 1986 776 est

407 825 634 890 dissolvi,
661 833 708 878 et
733 839 840 878 esse
867 839 980 874 cum
1015 821 1211 875 Christo
1250 818 1503 889 (Philipp.
1534 817 1584 870 l.
1617 812 1730 888 25).
1758 814 1827 868 At
1851 812 1988 868 forte

409 932 566 974 voces
607 917 749 971 illius
786 915 972 971 audire
1015 915 1166 984 cupis
1207 899 1404 983 tuoque
1450 925 1575 981 erga
1613 909 1760 964 illum
1805 921 1987 962 amore

410 1012 532 1079 frui,
561 1020 616 1066 et
640 1009 1078 1067 consuetudinem
1118 1006 1346 1078 requiris
1374 1015 1427 1060 et
1463 1003 1704 1074 gloriam,
1735 999 1986 1072 splendo-

409 1122 543 1171 rem,
571 1105 756 1170 decus,
783 1102 1160 1166 securitatem,
1188 1113 1308 1170 qua:
1345 1097 1413 1152 ab
1438 1095 1528 1148 illo
1557 1095 1608 1149 in
1639 1103 1690 1150 te
1721 1091 1986 1147 redunda-

410 1201 552 1263 bant,
581 1208 738 1268 atque
761 1197 876 1251 huic
895 1193 1071 1250 omnia
1098 1192 1319 1262 periisse
1345 1204 1486 1258 aegre
1513 1186 1640 1252 fers,
1663 1194 1718 1240 et
1735 1184 1888 1254 quasi
1915 1193 1991 1238 te-

411 1292 605 1346 nebras
633 1288 798 1346 menti
822 1296 925 1342 tute
949 1282 1149 1340 oﬂ‘nndi
1177 1281 1364 1338 sentis.
1391 1277 1586 1334 Verum
1617 1286 1760 1332 tuam
1778 1275 1988 1347 quidem

411 1397 536 1451 erga
584 1380 729 1433 illum
775 1375 1063 1434 amicitiam
1107 1385 1261 1446 aeque
1305 1370 1398 1424 tibi
1454 1382 1595 1423 nunc
1639 1375 1798 1436 atque
1835 1375 1990 1420 antea

411 1473 546 1527 tueri
577 1473 718 1527 licet.

481 1564 678 1622 Caritas
724 1571 773 1618 et
829 1576 986 1633 prope
1011 1569 1060 1613 et
1099 1559 1246 1629 longe
1291 1556 1480 1630 positos
1520 1553 1880 1624 complectitur.
1920 1580 1993 1591 --

411 1656 554 1713 Talis
579 1657 720 1712 enim
743 1665 824 1710 est
840 1653 1078 1708 caritatis
1107 1650 1370 1720 potentia;
1390 1663 1496 1703 non
1514 1646 1684 1701 solum
1705 1654 1992 1717 praesentes

411 1765 476 1806 ac
521 1750 810 1821 proximos,
862 1747 1057 1815 quique
1085 1743 1155 1799 ob
1195 1741 1382 1796 oculos
1417 1747 1733 1806 versantur,
1765 1735 1862 1792 sed
1899 1750 1994 1792 eos

410 1842 570 1897 etiam
613 1840 702 1910 qui
746 1839 902 1907 longe
946 1836 1142 1890 absunt
1178 1830 1584 1901 complectitur,
1630 1826 1990 1896 conglutinat,

408 1932 721 2002 conjungit:
769 1944 831 1984 ac
876 1941 1046 1998 neque
1098 1922 1355 1992 temporis
1396 1919 1784 1990 longinquitas,
1823 1931 1994 1986 neque

407 2026 646 2080 locorum
688 2021 988 2082 intervalla,
1027 2033 1198 2088 neque
1222 2014 1364 2070 aliud
1409 2013 1567 2084 hujus
1603 2010 1815 2081 generis
1842 2008 1994 2078 quid-

410 2133 569 2186 quam
598 2115 846 2184 frangere
871 2127 934 2166 ac
961 2109 1263 2166 discindere
1281 2106 1474 2162 animae
1493 2102 1778 2158 amicitiam
1801 2107 1992 2171 potest.

409 2207 561 2275 Quod
589 2206 634 2259 si
665 2217 902 2274 prazsens
931 2210 1252 2271 praesentem
1287 2197 1485 2254 intueri
1511 2194 1660 2266 cupis
1685 2193 1818 2263 (non
1851 2191 1992 2247 enim

413 2317 499 2354 me
523 2299 654 2366 fugit
681 2295 734 2350 id
766 2295 859 2350 tibi
907 2309 1028 2349 esse
1069 2292 1298 2352 maxime
1325 2290 1375 2344 in
1415 2287 1656 2360 optatis),
1683 2283 1889 2339 custodi
1919 2282 1994 2338 illi

410 2385 605 2440 lectum
634 2381 787 2436 alteri
817 2380 931 2434 viro
964 2378 1182 2434 minime
1211 2375 1474 2448 pervium,
1517 2370 1764 2428 incumbe
1793 2370 1846 2424 in
1876 2384 1994 2424 eam

411 2491 615 2537 curam,
640 2480 696 2528 ut
725 2471 909 2526 eadem
933 2470 985 2524 in
1016 2478 1065 2523 te
1087 2476 1244 2537 atque
1267 2465 1320 2521 in
1350 2465 1444 2520 illo
1466 2464 1586 2518 vitae
1618 2461 1849 2532 probitas
1878 2459 1993 2514 elu-

412 2577 552 2632 ceat,
579 2582 642 2620 ac
666 2565 783 2620 sine
818 2561 980 2619 dubio
1019 2560 1086 2615 ad
1116 2558 1360 2615 eumdem
1400 2571 1521 2612 cum
1564 2555 1680 2636 ipso
1714 2551 1994 2624 pervenies

410 2660 668 2722 chorum,
708 2663 866 2725 atque
907 2667 1009 2707 una
1055 2666 1176 2706 cum
1221 2664 1287 2704 eo
1329 2646 1593 2706 habitabis
1620 2661 1724 2700 non
1764 2644 1996 2713 quinque

411 2765 599 2814 atmos,
632 2745 1079 2820 quemadmodum
1107 2743 1214 2808 hic,
1243 2757 1350 2796 non
1374 2739 1585 2810 viginti,
1611 2753 1716 2792 non
1743 2745 1982 2796 centum,

411 2859 517 2900 non
551 2841 716 2906 mille,
744 2848 836 2894 aut
863 2837 942 2891 bis
977 2836 1144 2895 mille,
1177 2841 1269 2889 aut
1290 2832 1473 2886 decem
1505 2829 1691 2892 millia,
1713 2837 1802 2882 aut
1830 2825 1993 2880 multo

411 2935 611 3006 plures,
641 2930 736 2986 sed
775 2930 978 2984 inﬁnita
1006 2925 1221 2980 smeula.
1267 2923 1534 2994 Regiones
1575 2920 1718 2975 enim
1761 2919 1880 2974 illas
1906 2931 1994 2972 re-

410 3027 551 3098 quiei
579 3025 858 3094 deputatas
888 3034 995 3077 non
1034 3031 1306 3087 corporeae
1335 3014 1681 3085 cognationes
1699 3052 1714 3077 ,
1743 3009 1837 3066 sed
1877 3009 1996 3064 vine

412 3116 706 3174 similitudo
734 3111 1017 3170 obtinebit.
1046 3109 1176 3164 Nam
1204 3108 1248 3162 si
1274 3105 1461 3162 eadem
1500 3112 1744 3172 suscepta
1785 3099 1997 3155 vivendi
2046 3105 2049 3109 '

414 3208 552 3264 ratio
580 3206 842 3262 Lazarum
885 3201 1113 3256 Abrahae
1160 3199 1397 3274 ignotum
1425 3195 1476 3250 in
1518 3197 1692 3250 sinum
1731 3191 1872 3250 illius
1897 3192 1993 3246 ad-

413 3300 563 3356 duxit
607 3297 904 3364 multosque
947 3292 1073 3348 facit
1109 3291 1176 3344 ab
1205 3289 1423 3345 Oriente
1463 3296 1516 3342 et
1539 3285 1829 3342 Occidente
1873 3300 1993 3340 cum

415 3390 507 3445 illo
535 3387 849 3444 recumbere
868 3424 882 3448 ,
926 3381 1166 3454 profecto
1195 3389 1246 3435 te
1271 3393 1483 3450 quoque
1507 3392 1609 3432 una
1644 3391 1766 3431 cum
1795 3380 1995 3445 optimo

414 3479 672 3538 Therasio
697 3478 842 3532 locus
868 3473 1061 3545 quietis
1089 3472 1345 3540 excipiet,
1374 3470 1418 3524 si
1447 3467 1688 3525 eamdem
1719 3479 1880 3536 atque
1907 3467 1996 3522 ille

414 3576 594 3632 colere
635 3570 867 3626 volueris
903 3569 1096 3632 vitam,
1138 3575 1367 3634 tuncque
1407 3563 1581 3632 ipsum
1621 3576 1726 3618 non
1768 3575 1888 3615 cum
1933 3577 1996 3616 ea

414 3665 656 3736 corporis
699 3659 1127 3731 pulchritudine,
1155 3671 1259 3726 qua
1305 3655 1562 3726 praeditus
1606 3653 1736 3712 abiit
1759 3695 1774 3717 ,
1806 3654 1994 3710 iterum

417 3757 682 3827 recipies,
726 3753 821 3808 sed
856 3767 978 3807 cum
1024 3750 1132 3804 alio
1171 3749 1400 3819 quodam
1440 3745 1757 3816 splendore,
1803 3761 1867 3801 ac
1910 3761 1999 3800 ve-

417 3858 648 3915 nustate,
675 3861 794 3917 quae
823 3845 967 3915 ipsos
991 3842 1122 3902 solis
1146 3841 1326 3896 radios
1362 3839 1566 3909 fulgore
1598 3838 1790 3892 vincat.

491 3941 698 4008 Quanta
716 3939 779 3991 sit
795 3941 970 4007 futura
981 3932 1144 4004 gloria
1155 3947 1421 4000 corporum
1442 3932 1494 3986 in
1515 3929 1687 3984 beatis.
1705 3957 1776 3967 -—
1789 3927 1996 3982 Etenim

418 4035 523 4090 hoc
561 4030 774 4102 quidem
819 4040 1046 4095 corpus,
1080 4025 1241 4079 etiam
1285 4023 1331 4077 si
1356 4021 1423 4078 ad
1459 4035 1726 4077 summum
1761 4019 1997 4091 pulchri-

422 4126 620 4180 tudinis
643 4120 863 4192 gradum
896 4116 1230 4187 pervenerit,
1260 4113 1484 4186 mortale
1525 4122 1701 4170 tamen
1732 4121 1850 4176 est;
1881 4125 2001 4163 cor-

422 4230 551 4287 pora
578 4223 755 4268 autem
782 4226 988 4274 eorum,
1018 4209 1109 4278 qui
1149 4207 1257 4262 Deo
1286 4207 1590 4274 placuerunt
1609 4243 1628 4269 ,
1670 4213 1869 4258 tantam
1916 4203 1998 4257 in-

422 4310 590 4365 duent
613 4305 856 4377 gloriam,
889 4311 1140 4373 quantam
1169 4315 1235 4355 ne
1262 4300 1451 4358 intueri
1482 4298 1694 4367 quidem
1723 4298 1806 4352 his
1833 4298 1998 4354 oculis

421 4402 564 4456 licet.
611 4401 784 4468 Atque
831 4394 1018 4448 harum
1069 4391 1280 4464 quidem
1335 4406 1512 4448 rerum
1561 4391 1710 4464 signa
1759 4389 2000 4460 quadam

421 4503 580 4565 atque
600 4493 826 4548 obscura
856 4489 1078 4561 vestigia
1121 4497 1175 4542 et
1201 4488 1258 4543 in
1297 4487 1488 4542 Vetere
1534 4497 1590 4543 et
1631 4488 1682 4542 iu
1717 4487 1865 4544 Novo
1894 4487 1991 4544 Te-

421 4594 687 4642 stamento
713 4584 866 4640 nobis
895 4582 1126 4649 ostendit
1146 4581 1309 4638 Deus.
1332 4581 1462 4636 Nam
1481 4581 1586 4636 illic
1609 4581 1821 4650 quidem
1844 4581 2003 4638 Mosis

424 4680 588 4735 facies
615 4687 757 4733 tanta
788 4675 1022 4745 fulgebat
1049 4675 1239 4745 gloria,
1271 4685 1330 4727 ut
1354 4671 2002 4729 eamoculilsraelitarum

423 4771 566 4827 ferre
613 4770 829 4824 minime
873 4774 1118 4838 possent;
1167 4766 1219 4819 in
1260 4765 1407 4820 Novo
1436 4775 1610 4819 autem
1641 4768 1798 4834 longe
1836 4765 2004 4833 magis

423 4864 569 4919 fulsit
597 4860 791 4916 Christi
830 4859 1011 4914 facies.
1038 4859 1231 4927 Quer
1267 4859 1427 4928 igitur
1469 4874 1533 4913 ex
1577 4869 1662 4924 te,
1686 4859 1731 4912 si
1760 4859 1882 4928 quis
1909 4858 2001 4912 tibi

425 4954 690 5026 pollicitus
719 4961 862 5006 esset
890 4951 937 5004 ei
963 4965 1022 5006 se
1050 4951 1208 5006 totius
1236 4951 1382 5004 orbis
1411 4965 1635 5019 regnum
1659 4950 2000 5013 traditurum,

425 5047 520 5102 sed
547 5047 618 5100 oh
650 5047 784 5098 hanc
814 5059 1028 5098 causam
1067 5043 1316 5114 jussisset
1354 5042 1536 5114 viginti
1569 5043 1714 5112 ipsos
1750 5057 1921 5096 annos
1955 5050 2004 5095 te

424 5137 677 5193 secedere
696 5175 713 5200 ,
745 5143 902 5205 atque
940 5135 1004 5190 iis
1036 5138 1317 5189 transactis
1354 5133 1653 5189 diademate
1681 5147 1746 5187 ac
1772 5148 2003 5200 purpura

424 5240 670 5286 ornatum
709 5244 829 5285 eum
857 5229 950 5283 tibi
993 5228 1308 5283 traditurum
1353 5227 1719 5298 promisisset,
1763 5233 1921 5293 teque
1953 5227 2002 5276 in

425 5321 614 5378 eodem
661 5329 820 5389 atque
868 5319 1015 5374 illum
1069 5318 1288 5374 honoris
1339 5317 1507 5389 gradu
1555 5318 1936 5371 collocuturum
1989 5332 2000 5368 :

426 5425 604 5468 nonne
630 5410 986 5467 secessionem
1005 5411 1159 5466 istam
1181 5425 1336 5479 aequo
1363 5411 1545 5464 animo
1565 5418 1620 5464 et
1638 5423 1699 5462 ea
1725 5422 1827 5477 qua
1853 5407 2008 5462 decet

425 5504 750 5560 continentia
777 5504 1026 5560 tulisses?
1053 5519 1234 5559 nonne
1263 5517 1457 5556 munus
1483 5501 1793 5570 praeclarum
1814 5540 1831 5565 ,
1863 5515 2004 5554 rem-

425 5613 531 5666 que
576 5597 823 5652 omnibus
870 5598 1008 5652 votis
1055 5595 1340 5665 optandam
1393 5592 1688 5664 duxisses?
1739 5591 2006 5647 Patienter

426 5687 572 5742 feras
599 5688 756 5758 igitur
791 5700 845 5745 et
871 5705 1011 5742 nunc
1053 5703 1156 5740 non
1203 5685 1349 5754 regni
1380 5684 1608 5749 terreni,
1653 5682 1746 5738 sed
1777 5683 2008 5738 caelestis

426 5796 615 5848 causa;
648 5798 752 5837 non
799 5791 855 5836 ut
904 5790 1050 5835 veste
1102 5794 1297 5838 aurea,
1349 5776 1442 5831 sed
1474 5777 1871 5832 immortalitate
1921 5777 2002 5832 iti-

1152 335 1205 392 s.
1246 334 1523 391 mmsis
1560 289 2034 388 cnnrsosroin
2063 327 2379 385 ARCIUEP.
2420 327 2947 385 CONSTANTINOP.

3565 336 3666 388 (ibi

2094 445 2276 498 dutum
2306 445 2529 515 recipias
2549 453 2602 499 et
2626 445 2794 516 gloria
2820 487 2835 511 ,
2863 454 3114 516 quantum
3147 461 3260 509 eos,
3293 449 3380 516 qui
3423 449 3476 502 in
3519 453 3668 504 caelis

2091 539 2307 608 degunt,
2335 537 2528 594 habere
2557 549 2976 595 consentaneum
3006 548 3109 594 est.
3140 538 3294 607 Quod
3322 541 3364 594 si
3392 540 3544 596 valde
3575 541 3671 596 tibi

2095 628 2423 684 intoleranda
2475 631 2685 685 videtur
2753 632 3006 701 temporis
3060 630 3419 700 diuturnitas,
3478 635 3672 688 verisi-

2093 721 2217 778 mile
2245 731 2328 777 est
2367 722 2513 777 illum
2546 723 2639 778 tibi
2687 724 2952 779 interdum
2989 725 3041 778 in
3075 727 3298 780 somniis
3339 727 3572 790 adstare,
3619 738 3677 784 et

2093 829 2214 883 quae
2240 829 2591 873 consueverat
2621 828 2793 876 tecum
2831 820 3090 890 colloqui,
3119 830 3174 874 et
3211 831 3444 890 aptatam
3477 822 3673 897 faciem

2095 907 2398 963 ostendere.
2421 908 2475 963 id
2490 919 2540 964 te
2555 910 2673 965 loco
2694 911 3038 981 epistolarum
3064 912 3405 967 consoletur:
3432 915 3676 984 quinimo

2096 998 2146 1054 id
2173 1001 2414 1070 epistolis
2440 1002 2634 1057 clarius
2679 1014 2781 1058 est.
2832 1003 2888 1058 ln
2937 1005 3041 1058 illis
3069 1004 3210 1060 enim
3256 1005 3434 1060 literas
3467 1017 3676 1061 tantmn

2096 1107 2316 1147 cernere
2353 1093 2476 1147 licet
2505 1112 2518 1147 :
2551 1093 2638 1149 hic
2665 1110 2792 1149 vero
2831 1104 2886 1149 et
2910 1094 3132 1149 formam
3173 1096 3379 1161 vultus,
3411 1107 3464 1150 et
3508 1099 3678 1152 risum

2099 1185 2463 1254 tranquillum,
2504 1196 2560 1241 et
2604 1187 2846 1256 ﬁguram,
2886 1196 2941 1243 et
2973 1188 3261 1254 incessum,
3291 1197 3345 1244 et
3371 1206 3558 1244 sonum
3578 1207 3679 1244 an-

2097 1283 2234 1347 dire,
2259 1289 2315 1336 et
2340 1281 2566 1337 amicam
2597 1281 2742 1338 illam
2773 1297 2960 1338 vocem
2981 1297 3293 1352 agnoscere.

2167 1372 2220 1427 4.
2252 1371 2510 1440 Exemplis
2535 1374 2688 1428 variis
2729 1374 3048 1428 saecularium
3083 1375 3382 1446 dignitatum
3425 1375 3681 1430 instabili-

2099 1471 2248 1517 tatem
2285 1465 2482 1532 probat.
2509 1465 2860 1518 —-tla:tcrum
2892 1466 3141 1534 quoniam
3191 1466 3490 1522 securitatis
3533 1483 3680 1538 prm-

2098 1563 2244 1609 terea
2274 1555 2429 1621 ratio,
2455 1571 2575 1625 qua:
2604 1571 2670 1610 ex
2697 1556 2788 1610 illo
2821 1556 2912 1610 tibi
2950 1556 3169 1622 aderat,
3193 1566 3246 1612 te
3265 1557 3332 1614 ad
3357 1556 3540 1614 ﬂetum
3571 1560 3679 1612 im-

2099 1645 2266 1712 pellit,
2291 1643 2516 1700 fortasse
2536 1646 2702 1700 etiam
2722 1660 2844 1715 spes
2872 1646 2996 1710 illm,
3023 1663 3141 1716 qua:
3161 1663 3284 1703 sese
3300 1649 3679 1714 ostendebant,

2099 1735 2316 1804 majoris
2341 1734 2615 1804 dignitatis
2654 1744 2710 1791 et
2751 1737 3113 1806 atnplitudinis
3151 1737 3347 1808 (audivi
3385 1740 3527 1796 enim
3568 1741 3683 1794 cito

2098 1825 2329 1882 futurum
2358 1825 2541 1892 fuisse,
2573 1834 2630 1880 ut
2659 1827 2748 1881 ille
2787 1827 2852 1880 ad
2889 1828 3258 1896 praefectorum
3299 1829 3548 1886 thronum
3589 1846 3682 1884 as-

2099 1917 2354 1972 cenderet
2374 1959 2390 1983 ,
2420 1917 2576 1987 idque
2607 1918 2872 1987 praecipue
2900 1920 3136 1973 animum
3179 1929 3323 1974 tuum
3367 1923 3682 1982 excruciare

2098 2008 2248 2080 puto)
2271 2029 2283 2064 :
2307 2009 2427 2064 illos
2441 2010 2534 2064 tibi
2553 2020 2677 2064 ante
2701 2012 2882 2064 oculos
2903 2025 3058 2079 pone,
3083 2013 3169 2080 qui
3191 2027 3312 2066 cum
3333 2011 3398 2065 ad
3418 2014 3679 2081 majorem

2098 2116 2258 2171 quam
2279 2099 2366 2154 ille
2391 2099 2706 2170 dignitatem
2736 2103 2904 2156 evecti
2934 2112 3136 2168 essent,
3169 2103 3526 2156 miserrimum
3553 2105 3678 2158 vitae

2099 2192 2300 2247 exitum
2327 2191 2499 2246 sortiti
2541 2203 2684 2246 sunt.
2733 2190 3014 2246 Bevocaho
3042 2201 3219 2247 autem
3259 2193 3350 2247 tibi
3393 2193 3445 2247 in
3471 2209 3683 2248 memo-

2105 2285 2240 2340 riam
2267 2300 2289 2340 :.
2314 2283 2652 2340 Theodorum
2685 2284 2835 2339 illum
2867 2285 2886 2316 ί
2907 2299 2938 2339 e
2967 2284 3145 2340 Sicilia
3191 2284 3414 2340 fortasse
3449 2285 3681 2352 audisti;

2101 2391 2216 2436 erat
2245 2381 2389 2437 enim
2420 2381 2473 2436 in
2501 2382 2685 2450 primis
2713 2383 3053 2452 conspicuus.
3082 2382 3179 2437 Hic
3206 2392 3260 2438 et
3288 2384 3685 2454 pulchritudine

2100 2483 2154 2528 et
2206 2473 2574 2543 magnitudine
2609 2474 2853 2542 corporis
2893 2483 2948 2530 et
2984 2475 3296 2530 auctoritate
3331 2476 3468 2544 apud
3507 2476 3684 2546 lmpe-

2099 2573 2331 2619 ratorem
2360 2564 2612 2619 omnibus
2642 2574 2922 2633 prtesutns,
2959 2563 3050 2634 qui
3082 2579 3144 2620 ea
3173 2575 3380 2635 poterat
3407 2582 3526 2636 qua:
3557 2569 3684 2622 inti-

2101 2670 2307 2709 morum
2332 2655 2671 2710 familiarium
2692 2671 2872 2718 nemo,
2904 2671 3213 2725 prosperam
3248 2659 3390 2713 illam
3414 2659 3686 2714 fortunam

2102 2763 2207 2802 non
2238 2749 2514 2802 moderate
2543 2748 2686 2813 tulit,
2715 2748 2808 2803 sed
2838 2749 3117 2802 insidiatus
3155 2747 3461 2816 Imperatori
3491 2767 3553 2805 ac
3581 2754 3682 2806 de-

2100 2839 2415 2909 prehensus,
2430 2839 2542 2908 ipse
2553 2839 2766 2908 quidem
2783 2839 2934 2893 valde
2947 2841 3317 2895 miserabiliter
3329 2840 3682 2898 obtruncatus

2100 2939 2213 2994 est;
2241 2929 2406 2999 ipsius
2430 2941 2608 2984 autem
2638 2944 2790 2993 uxor,
2824 2945 2998 2998 neque
3023 2928 3357 2994 educatione,
3388 2947 3560 3002 neque
3583 2949 3682 3002 ge—

2100 3040 2259 3093 nere,
2299 3039 2471 3095 neque
2501 3025 2605 3079 ulla
2645 3025 2748 3079 alia
2785 3039 2846 3081 re
2887 3024 3148 3079 nobilitati
3193 3032 3296 3080 tum
3333 3028 3637 3082 concedens
3662 3067 3678 3081 .

2100 3117 2347 3172 omnibus
2365 3125 2584 3187 repente
2596 3118 2757 3172 rebus
2772 3117 2882 3171 suis
2893 3117 3116 3185 spoliata
3132 3131 3194 3171 ac
3206 3117 3446 3173 libertate
3458 3119 3682 3184 amissa,

2100 3209 2440 3264 cubiculariis
2463 3209 2672 3264 ancillis
2692 3217 3063 3276 annumerata,
3090 3224 3152 3263 ac
3177 3209 3319 3263 nulla
3349 3226 3454 3264 non
3485 3211 3682 3266 ancilla

2102 3302 2435 3355 miseriorem
2465 3301 2626 3354 vitam
2656 3313 2813 3368 agere
2838 3308 3021 3353 coacta
3059 3309 3158 3362 est,
3186 3297 3289 3354 hoc
3325 3316 3429 3354 uno
3456 3311 3688 3356 caeteras

2101 3391 2451 3454 antecellens,
2496 3391 2635 3460 quod
2672 3399 2892 3460 propter
2923 3405 3030 3445 non
3070 3390 3482 3459 comparabilem
3531 3392 3682 3446 cala-

2102 3483 2302 3538 mitatis
2329 3482 2745 3551 magnitudinem
2774 3481 3039 3550 lacrymas
3075 3496 3260 3536 eorum
3289 3482 3525 3537 omnium
3545 3523 3560 3546 ,
3589 3485 3688 3552 qni

2105 3577 2276 3646 ipsam
2318 3575 2652 3645 aspicerent,
2677 3573 2943 3629 eliciebat.
2985 3573 3173 3627 Fertur
3205 3574 3363 3628 etiam
3394 3577 3688 3630 Artemisia

2100 3668 2218 3722 viro
2240 3666 2562 3721 valdeelaro
2583 3674 2770 3735 nupta,
2791 3665 3044 3735 quoniam
3063 3673 3117 3721 et
3137 3665 3225 3721 ille
3246 3666 3582 3736 tyrannidem
3598 3668 3683 3721 af-

2103 3759 2334 3823 fectavit,
2377 3758 2430 3812 in
2455 3757 2697 3813 eamdem
2737 3757 2982 3811 incidisse
3021 3764 3380 3827 paupertatem
3407 3799 3420 3820 ,
3448 3773 3510 3814 ac
3543 3774 3685 3828 pnn-

2104 3860 2250 3906 terea
2273 3851 2441 3906 oculis
2462 3863 2584 3905 esse
2608 3859 2784 3918 capta.
2811 3851 2946 3908 Nam
3014 3851 3325 3924 magnitudo
3358 3853 3687 3922 aegritudinis

2103 3951 2158 3997 et
2185 3941 2539 4012 laerymarum
2564 3941 2645 3994 vis
2671 3939 2870 3994 lumina
2898 3939 3150 3994 exstinxit
3176 3957 3188 3992 :
3221 3949 3276 3994 at
3299 3956 3438 3996 nunc
3457 3942 3676 4011 quidem

2106 4033 2408 4089 hominibus
2429 4042 2549 4102 eget
2575 4032 2664 4102 qui
2689 4031 2973 4098 deducant,
3001 4040 3158 4102 atque
3185 4035 3251 4088 ad
3279 4035 3478 4090 alienas
3501 4047 3686 4105 portis

2104 4125 2390 4190 adducant,
2422 4135 2478 4180 ut
2495 4126 2597 4180 hoc
2622 4125 2781 4178 modo
2803 4126 3159 4180 necessarium
3182 4126 3281 4181 sibi
3307 4128 3502 4182 victum
3529 4144 3683 4183 eom-

2107 4231 2297 4288 parare
2333 4225 2512 4286 queat.
2559 4215 2669 4270 Nec
2711 4230 2839 4270 vero
2877 4217 2994 4269 aliae
3034 4214 3249 4270 humilia:
3275 4217 3461 4273 desunt
3501 4219 3683 4275 itidem

2106 4309 2327 4379 dejeette
2354 4323 2415 4362 ac
2443 4316 2720 4377 prostrata:
2752 4322 2887 4377 quas
2911 4322 3408 4374 commemorarem,
3440 4313 3538 4365 nisi
3563 4327 3687 4379 pro-

2103 4401 2325 4458 bitatem
2379 4414 2442 4454 ac
2497 4398 2828 4468 prudentiam
2879 4409 3019 4452 tuam
3064 4399 3228 4468 probe
3269 4415 3514 4465 nossem,
3564 4419 3688 4471 qua:

2107 4492 2324 4546 minime
2343 4506 2410 4545 ex
2428 4489 2617 4544 alienis
2643 4489 2793 4542 malis
2819 4489 3104 4543 calamitati
3134 4497 3236 4544 lu.e
3261 4491 3408 4558 cupis
3437 4492 3686 4547 solatium

2107 4583 2382 4638 adhibere.
2410 4581 2592 4650 Neque
2618 4595 2747 4634 vero
2773 4581 2887 4633 haec
2914 4579 3159 4649 exempla
3189 4580 3346 4634 aliain
3374 4581 3443 4634 oh
3468 4596 3688 4637 causam

2108 4673 2544 4738 commemoravi,
2573 4687 2732 4740 quam
2761 4680 2818 4724 Iit
2851 4671 3111 4740 intelligas
3146 4686 3232 4726 res
3275 4672 3532 4727 humanas
3556 4675 3692 4729 nihil

2109 4779 2248 4828 esse,
2279 4778 2507 4832 vet-eque
2541 4777 2574 4816 a
2608 4761 2868 4831 propheta
2904 4776 3025 4817 esse
3059 4761 3290 4828 dictum,
3326 4760 3502 4817 Outnis
3524 4764 3695 4834 gloria
3727 4791 3731 4795 -

2111 4856 2361 4920 hominis,
2407 4864 2464 4907 ut
2491 4855 2589 4924 ﬂos
2623 4855 2744 4924 fani
2768 4851 2920 4924 (1εαὶ.
2961 4853 3052 4908 40.
3099 4852 3178 4922 6).
3214 4854 3331 4921 Quo
3355 4855 3497 4908 enim
3533 4857 3695 4911 altius

2111 4949 2353 5002 evehitur
2389 4955 2549 5015 atque
2589 4945 2806 5011 critical,
2853 4961 2918 5000 eo
2964 4945 3221 5014 majorem
3268 4945 3407 5015 parit
3456 4947 3690 5011 ruinam,

2113 5056 2285 5110 neque
2329 5041 2392 5094 iis
2431 5040 2625 5101 solum,
2661 5039 2751 5108 qui
2775 5039 2874 5092 sub
2899 5039 3073 5094 alieno
3101 5038 3326 5107 imperio
3361 5039 3572 5104 vivunt,
3595 5042 3692 5094 sed

2114 5136 2271 5189 etiam
2303 5132 2717 5202 lmperatorihus
2745 5131 2892 5200 ipsis.
2917 5129 3098 5198 Neque
3125 5131 3264 5184 enim
3295 5130 3444 5184 facile
3468 5132 3586 5198 quis
3616 5133 3696 5184 in-

2175 5253 2192 5282 ¹
2229 5252 2377 5313 Hujus
2401 5249 2656 5313 Theodori,
2681 5249 2764 5310 qui
2799 5246 3034 5313 affectatae
3058 5245 3322 5313 tyrannidis
3349 5257 3513 5306 poenas
3537 5245 3695 5313 dedit,

2115 5307 2462 5368 Valentiniano,
2488 5307 2714 5366 Valente,—
2726 5320 2777 5359 et
2791 5309 3009 5358 Gratiano
3031 5307 3422 5369 lmperatorihus,
3437 5320 3559 5369 anno
3580 5307 3696 5356 571.

2114 5375 2358 5424 historiam
2397 5365 2550 5423 habes
2571 5387 2612 5434 αι
2633 5365 2697 5434 ud
2727 5373 3018 5434 Ammianum
3049 5365 3386 5434 Marcellinum,
3413 5367 3502 5434 lib.
3541 5375 3695 5434 uix,

2114 5439 2194 5485 ubi
2219 5435 2352 5484 illum
2376 5428 2630 5496 antiquitus
2652 5433 2786 5484 claro
2805 5445 2978 5496 genere
2991 5431 3041 5481 in
3056 5428 3219 5481 Galliis
3241 5431 3544 5496 nutamdicit.
3565 5431 3696 5496 Quo!

2113 5501 2153 5547 si
2181 5497 2311 5546 illum
2336 5512 2365 5546 e
2388 5491 2540 5546 sicilia
2561 5497 2677 5545 dicit
2698 5491 2825 5545 esse
2845 5496 3238 5557 (Lhrysostomus,
3261 5493 3306 5542 id
3329 5491 3590 5557 intelligas,
3619 5493 3697 5539 \'I'I

2114 5562 2241 5623 quod
2277 5562 2324 5609 in
2348 5559 2502 5623 Sicilia
2533 5558 2681 5623 sedes
2712 5551 2957 5623 habuerit,
2999 5551 3450 5623 vel‘przefecturam
3477 5551 3700 5623 aliquant

2115 5614 2346 5684 gesserit,
2372 5619 2620 5684 velquod,
2645 5627 2699 5684 ut
2720 5621 2942 5684 epinatur
2961 5614 3193 5684 Hernicus
3217 5615 3449 5684 )alesius,
3475 5617 3529 5684 in_
3547 5614 3700 5683 sicilia

2117 5678 2257 5733 iratus
2281 5698 2341 5730 ex
2367 5678 2525 5730 (mlliis
2546 5678 2782 5742 originem
2806 5681 3046 5729 imbuerit.
3076 5680 3190 5727 \ide
3215 5678 3370 5726 locum
3388 5678 3633 5742 Ammiaui,
3654 5684 3701 5724 et

2118 5754 2276 5794 notam
2298 5744 2486 5792 Valo-sii.
2532 5738 2777 5792 artémisia
2802 5756 2920 5790 vero
2951 5754 3168 5803 sequens
3201 5742 3338 5803 cujus
3371 5752 3491 5788 uxor
3535 5738 3703 5795 fuerit,

2120 5808 2328 5858 ttondqu
2350 5808 2466 5857 satis
2489 5813 2799 5873 perspectum
2820 5805 3069 5855 habemus.
