3898 6244
51 298 132 356 ωδ
708 370 710 372 _
1383 313 1472 367 AD
1513 311 1780 368 VIDUAM
1819 313 2181 372 JUNIOREM.

49 423 224 480 ἐκεῖνος
252 413 341 487 ῆν.
377 417 492 472 ἔδει
533 420 835 474 κόπτεσθαι
869 422 959 475 καὶ
993 422 1235 494 θρηνεῖν,
1285 425 1382 478 οὐκ
1415 425 1719 495 ἀπελθόντα

51 510 182 576 μόνον
200 547 214 566 ,
242 506 381 559 ἀλλά
407 507 514 560 καὶ
561 507 745 571 ζῶντα
769 510 994 562 ἐκεῖνον·
1020 511 1210 582 ἐπειδὴ
1242 512 1299 565 δὲ
1327 512 1435 565 τῶν
1459 512 1608 583 αὐτῷ
1638 515 1726 581 φί-

47 600 130 647 λων
151 596 240 648 καὶ
265 592 427 658 οὗτος
457 590 551 660 εἷς
607 597 902 668 ἐτύγχανεν
929 596 1026 661 ὣν,
1061 599 1126 651 οὐ
1152 599 1315 662 ζῶντι
1366 601 1547 670 μόνον,
1591 600 1726 654 ἀλλα

46 684 120 733 καὶ
137 679 454 751 κοιμηθέντι
484 683 821 753 συνήδεσθαι
855 686 977 755 χρή.
1017 685 1126 738 Καὶ
1147 686 1228 738 ὅτι
1245 685 1402 739 τοῦτο
1428 690 1602 739 ποιεῖν
1623 686 1722 748 δεῖ,

46 768 119 819 τού
159 767 436 836 μακαρίου
494 770 726 823 Παύλου
781 771 998 834 πάντως
1045 772 1285 841 ῆκουσας
1343 773 1615 840 λέγοντος·
1655 775 1723 828 Τὸ

46 854 319 910 ἀνανεῦσαι
341 855 448 908 καί
467 857 604 910 σὺν
630 856 863 926 Χριστῷ
875 855 1029 912 εἶναι
1054 857 1264 923 πολλῷ
1273 858 1518 928 μᾶλλον
1535 859 1726 929 κρεῖσ-

47 943 338 996 σσν.Ἀλλά
373 946 665 1016 ῥημάτων
692 947 821 1009 ῐσως
863 945 1048 1009 ποθείς
1079 945 1308 999 ἀκούσαι
1346 947 1458 1001 τῶν
1487 949 1720 1011 ἐκείνου,

49 1029 172 1102 [562]
207 1032 301 1084 καὶ
330 1032 532 1100 φιλίας
566 1033 878 1087 ἀπολαῦσαι
918 1033 1017 1100 τῆς
1048 1034 1183 1104 πρὸς
1223 1034 1408 1100 αὐτὸν,
1469 1036 1565 1089 καὶ
1594 1053 1720 1088 συν-

48 1119 207 1184 ήθειαν
234 1119 560 1190 ἐπιζητεῖς,
604 1123 702 1174 καὶ
728 1120 887 1187 δόξαν
910 1121 1010 1192 τὴν
1045 1120 1112 1174 δι’
1135 1123 1318 1186 αὐτὸν,
1354 1124 1448 1177 καὶ
1471 1123 1720 1195 λαμπρό-

44 1221 160 1275 τητα
183 1207 276 1258 καὶ
324 1210 510 1278 τιμὴν
561 1209 662 1262 καὶ
704 1209 1026 1278 ἀσφάλειαν,
1073 1211 1169 1263 καὶ
1211 1210 1386 1265 ταῦτά
1436 1229 1497 1264 τε
1547 1214 1724 1266 πάντα

47 1293 221 1363 φροῦδα
245 1295 537 1366 γενόμενα
566 1295 790 1368 θορυϐεῖ
817 1299 910 1349 καὶ
933 1300 1134 1350 σκοτοῖ.
1155 1297 1266 1374 Τὴν
1293 1299 1393 1369 μὲν
1420 1295 1513 1353 οὖν
1541 1299 1722 1370 φιλίαν

44 1384 121 1450 τὴν
142 1382 269 1452 πρὸς
316 1384 545 1438 ἐκεῖνον
588 1383 768 1449 ἒξεστί
795 1401 876 1436 σοι
910 1383 1204 1453 φυλάττειν
1244 1387 1339 1440 καὶ
1372 1385 1468 1440 νῦν
1498 1386 1718 1459 ὁμοίως,

44 1468 202 1539 ὡσπερ
231 1470 328 1523 καὶ
361 1469 677 1543 πρότερον.

99 1567 323 1636 Τοιαύτη
365 1568 491 1639 γὰρ
527 1570 568 1639 ή
611 1568 716 1639 τῆς
745 1569 965 1639 ἀγάπης
993 1567 1238 1640 δύναμις”
1270 1569 1330 1622 οὐ
1364 1570 1490 1632 τοὺς
1523 1569 1723 1640 παρόν-

44 1673 122 1718 τας
163 1656 322 1726 μόνον
373 1657 480 1711 καὶ
534 1657 767 1729 πλησίον
809 1659 972 1721 ὄντας
1009 1658 1168 1728 ἡμῶν
1190 1670 1216 1699 ³
1250 1658 1347 1713 καὶ
1392 1658 1719 1729 ὁρωμένους,

45 1745 157 1797 ἀλλά
187 1745 282 1798 καὶ
334 1747 476 1809 τοὺς
539 1745 766 1816 μακράν
816 1745 1136 1814 ἀφεστῶτας
1183 1744 1579 1818 περιλαμϐάνει
1627 1747 1722 1798 καὶ

45 1833 285 1904 συγκολλᾷ
336 1835 440 1887 καὶ
504 1833 726 1888 συνδεῖ·
761 1835 854 1887 καὶ
901 1833 1028 1886 οὔτε
1076 1834 1267 1904 χρόνου
1326 1833 1546 1905 πλῆθος,
1598 1833 1720 1888 οὒτε

41 1924 149 1976 ὁδῶν
188 1924 500 1994 διάστημα,
555 1923 684 1977 οὔτε
737 1924 863 1979 ἀλλο
897 1923 1005 1978 τῶν
1051 1923 1306 1978 τοιούτων
1347 1924 1497 1978 οὐδὲν
1544 1923 1721 1994 ψυχῆς

44 2012 196 2080 φιλίαν
223 2012 498 2082 διακόψαι
554 2011 764 2068 δύναιτ’
817 2012 885 2068 ἂν
935 2015 1030 2066 καὶ
1061 2013 1355 2083 διατεμεῖν.
1415 2014 1478 2066 Εἰ
1521 2013 1576 2066 δέ
1629 2013 1720 2066 καὶ

44 2104 305 2171 πρόσωπον
353 2101 538 2154 αὐτὸν
595 2101 773 2171 βούλει
821 2101 957 2173 πρὸς
1008 2102 1298 2172 πρόσωπον
1349 2102 1476 2154 ίδεῖν
1531 2101 1721 2170 (τοῦτο

42 2190 130 2259 γὰρ
171 2185 283 2241 οἶδα
339 2190 428 2242 ὅτι
498 2189 749 2260 μάλιστα
783 2189 1008 2260 ποθεῖς),
1055 2188 1375 2258 διαφύλαξόν
1430 2189 1576 2260 αὐτῷ
1624 2189 1720 2260 τὴν

43 2278 173 2345 εὐνὴν
196 2277 491 2344 ἀνέπαφον
522 2274 723 2344 ἀνδρὸς
771 2275 956 2344 ἐτέρου
980 2314 996 2336 .
1037 2276 1132 2329 καὶ
1187 2274 1300 2344 βίον
1348 2275 1720 2342 ἐπιδείξασθαι

46 2365 312 2416 σπούδασον
345 2363 472 2416 ἴσον
500 2363 732 2432 ἐκείνῳ,
773 2363 868 2416 καὶ
891 2364 1107 2426 πάντως
1138 2365 1219 2426 είς
1261 2362 1352 2416 τὸν
1391 2362 1555 2416 αὐτὸν
1611 2364 1721 2415 ἀπ-

43 2452 208 2523 εὶηςύσῃ
227 2451 394 2523 χορὸν
426 2452 459 2492 b
491 2449 678 2520 αὐτῷ,
699 2451 761 2504 ού
782 2450 941 2505 πέντε
970 2450 1064 2522 ἐτη
1096 2451 1347 2522 καθάπερ
1367 2449 1572 2512 ἐνθάδε,
1600 2449 1719 2502 οὐδέ

44 2542 184 2590 εἰκοσι
212 2540 308 2591 καὶ
347 2539 590 2602 ἑκατὸν,
623 2537 748 2590 οὐδέ
774 2536 919 2608 χίλια
947 2538 1042 2595 καὶ
1071 2537 1152 2600 δὶς
1182 2530 1446 2603 ττοσαῦτα,
1472 2536 1593 2590 οὐδὲ
1629 2537 1722 2607 μύ-

45 2644 114 2693 μα
138 2627 226 2679 καὶ
249 2625 534 2688 πολλάκις
578 2625 836 2688 τοσαῦτα,
859 2624 996 2679 ἀλλά
1019 2625 1144 2688 τοὺς
1180 2625 1443 2696 ἀπείρους
1473 2625 1567 2678 καὶ
1596 2625 1717 2676 ἀτε-

42 2713 300 2785 λευτήτους
315 2713 542 2776 αἰῶνας
579 2711 730 2782 αὐτῷ
754 2712 1315 2784 συνοικήσουσα.Τοὺς
1339 2713 1445 2782 γάρ
1470 2711 1567 2782 τῆς
1589 2713 1719 2765 ἀνα-

45 2802 263 2867 παύσεως
291 2801 514 2864 τόπους
537 2800 783 2862 ἐκείνους
813 2810 835 2838 ε
864 2799 964 2870 οὐχ
1010 2802 1064 2853 αἱ
1103 2799 1414 2868 συγγένειαι
1444 2801 1500 2852 αἱ
1535 2816 1719 2869 σωμα-

41 2891 180 2955 τικαὶ,
211 2891 328 2945 ἀλλ’
353 2893 389 2961 ή
417 2890 540 2944 τῶν
573 2887 706 2958 βίων
739 2888 920 2959 ἰσότης
975 2887 1330 2960 κληρονομεῖν
1361 2887 1624 2956 πέφυκεν.
1656 2888 1718 2942 Εἰ

41 2981 128 3050 γὰρ
147 2981 233 3034 καὶ
259 2980 358 3032 τὸν
390 2979 664 3047 Λάζαρον
701 2976 920 3044 ἀγνῶτα
947 2975 1077 3028 ὄντα
1107 2974 1186 3045 τῷ
1216 2971 1474 3046 Ἀϐραάμ
1495 2977 1572 3039 εἰς
1594 2975 1721 3039 τοὺς

40 3072 206 3132 αὐτοὺς
222 3066 381 3139 αὐτῷ
409 3068 663 3127 κόλπους
692 3065 886 3136 ἤγαγε,
927 3065 1020 3117 καὶ
1047 3063 1279 3126 πολλοὺς
1310 3063 1417 3117 ἀπὸ
1447 3063 1720 3117 ἀνατολῶν

41 3157 115 3208 καὶ
134 3157 356 3227 δυσμῶν
393 3153 527 3226 μετ’
551 3153 764 3208 ἐκείνου
813 3151 1170 3220 ἀνακλιθῆναι
1207 3151 1621 3221 παρασκευάζει
1660 3151 1720 3204 τὸ

40 3246 116 3313 τῆς
141 3246 428 3307 πολιτείας
451 3240 904 3312 ἀπαράλλακτον,
930 3239 1025 3294 καὶ
1060 3239 1117 3294 σὲ
1148 3237 1285 3309 μετὰ
1305 3238 1400 3291 τοῦ
1423 3239 1590 3293 καλοῦ
1618 3240 1720 3309 Θη-

42 3335 200 3401 ριτίου
254 3335 285 3386 ὁ
325 3334 438 3402 τῆς
472 3331 719 3392 ἀνέσεως
752 3329 1030 3393 ἐκδέξεται
1061 3327 1248 3390 τόπος,
1301 3325 1367 3380 ἂν
1392 3327 1586 3398 ἐκείνῳ
1627 3329 1718 3382 τὸν

39 3421 131 3490 βίον
160 3421 324 3494 θέλῃς
370 3416 767 3482 ἐπιδείξασθαι
795 3417 887 3470 τὸν
923 3416 1108 3470 αὐτόν’
1136 3415 1231 3467 καὶ
1259 3415 1382 3468 τότε
1405 3415 1567 3469 αὐτὸν
1618 3415 1719 3470 οὐκ

38 3512 83 3560 ἐν
121 3509 292 3579 τούτῳ
341 3508 434 3578 τῷ
503 3505 694 3561 κάλλει
730 3504 823 3559 τοῦ
871 3502 1143 3574 σώματος,
1182 3504 1320 3575 ὅπερ
1374 3502 1512 3574 έχων
1541 3504 1719 3574 ἀπῆλ-

39 3597 128 3661 θεν,
181 3598 455 3669 ἀπολήψῃ
507 3594 694 3657 πάλιν,
747 3592 860 3646 ἀλλ’
910 3594 969 3646 ἐν
1009 3591 1174 3664 ἑτέρᾳ.
1222 3592 1327 3646 τινὶ
1383 3595 1720 3664 μαρμαρυγῇ

37 3688 113 3739 καὶ
155 3687 498 3758 φαιδρότητι
539 3682 739 3754 μᾶλλον
788 3681 896 3735 τῶν
927 3679 1166 3752 ἡλιακῶν
1197 3680 1435 3734 ἀκτίνων
1466 3679 1718 3751 ἀπολαμ-

39 3791 210 3847 mum.

96 3875 257 3927 Τοῦτο
272 3875 392 3944 γὰρ
417 3870 492 3925 τὺ
517 3868 698 3940 σῶμα,
725 3867 828 3922 κᾶν
853 3867 909 3920 ἐν
928 3865 1053 3937 ὕψει
1068 3865 1239 3940 τρέχῃ
1261 3863 1460 3935 πολλῷ,
1479 3864 1718 3938 φθαρτὸν

37 3959 161 4030 ὅμως
198 3960 339 4016 ἐστί·
389 3957 470 4011 τὰ
507 3956 565 4010 δέ
591 3955 820 4025 σώματα
844 3952 954 4007 τῶν
1001 3951 1454 4023 εὐηρεστηκότων
1485 3950 1564 4021 τῷ
1597 3951 1717 4020 Θεῷ

36 4050 278 4119 τοσαύτην
298 4046 600 4101 ἐνδύσεται
619 4044 797 4108 δόξαν,
827 4042 960 4112 ὅσην
974 4040 1094 4094 οὐδέ
1119 4040 1246 4094 ἰδεῖν
1275 4040 1354 4092 ἐνι
1379 4039 1589 4102 τούτοις
1605 4042 1716 4102 τοῖς

36 4135 334 4207 ὀφθαλμοῖς.
375 4134 503 4189 Καὶ
524 4131 729 4186 τούτων
759 4132 890 4201 ἡμῖν
920 4129 1124 4200 σημεῖά
1145 4145 1266 4183 τινα
1299 4129 1394 4182 καὶ
1421 4127 1542 4199 ῐχνη
1571 4129 1716 4197 ἀμυ-

37 4223 118 4294 δρὰ
143 4227 235 4278 καὶ
263 4227 326 4276 ἐν
374 4226 450 4294 τῇ
500 4220 716 4290 Παλαιᾷ
761 4219 856 4272 καὶ
896 4219 954 4272 ἐν
985 4220 1051 4288 τῇ
1093 4217 1272 4287 Καινῇ
1311 4215 1530 4287 δοθῆναι
1574 4233 1716 4286 παρ-

38 4310 311 4364 εσκεύασεν
336 4311 368 4361 ὁ
397 4307 566 4371 Θεός.
586 4307 734 4358 Ἐκεῖ
761 4305 860 4375 μὲν
885 4306 993 4373 γάρ
1019 4303 1078 4356 τὸ
1105 4302 1395 4373 πρόσωπον
1428 4301 1524 4355 τοῦ
1560 4303 1716 4356 Μωῦ-

41 4398 156 4462 τέως
179 4399 432 4468 τοσαύτῃ
480 4393 866 4463 κατελάμπετο
915 4391 1042 4461 δόξῃ
1096 4390 1250 4456 τότε,
1303 4389 1379 4452 ὼς
1423 4389 1714 4460 ἀπρόσιτον

41 4483 157 4538 εἶναι
197 4490 314 4550 τοῖς
347 4485 470 4538 τῶν
499 4479 850 4551 Ἰσραηλιτῶν
883 4477 1198 4548 ὀφθαλμοῖς·
1238 4479 1296 4531 ἐν
1343 4477 1400 4531 δέ
1431 4479 1496 4549 τῇ
1534 4479 1710 4548 Καινῇ

42 4575 205 4628 τούτου
235 4571 432 4643 πολλῷ
494 4570 661 4622 πλέον
717 4565 989 4637 ἐξέλαμψε
1033 4564 1095 4618 τὸ
1131 4563 1224 4617 τοῦ
1280 4563 1539 4635 Χριστοῦ.
1576 4566 1713 4618 Εἰπέ

39 4663 130 4732 rip
164 4681 276 4734 μοι,
303 4665 356 4714 εἰ
382 4658 622 4731 βασιλέα
649 4674 734 4720 τις
757 4654 918 4708 αὐτὸν
950 4651 1315 4723 ἐπηγγέλλετο
1344 4651 1524 4724 πάσης
1557 4655 1713 4725 ποιῆ-

42 4765 114 4803 σει
135 4751 232 4821 τῆς
269 4750 404 4820 γῆς,
441 4743 568 4800 εἶτα
599 4744 734 4798 ἐτῶν
763 4744 933 4797 εἴκοσι
962 4741 1150 4812 χρόνον
1179 4739 1482 4812 ἀποστῆναί
1509 4757 1568 4793 σε
1596 4741 1715 4794 ἐκέ-

42 4837 206 4892 λευσεν
237 4839 387 4908 ὑπὲρ
420 4833 643 4895 τούτου,
674 4831 768 4884 καὶ
800 4830 936 4902 μετά
965 4825 1139 4881 ταῦτά
1179 4843 1262 4878 σοι
1305 4826 1444 4896 μετά
1471 4826 1564 4880 τοῦ
1593 4827 1711 4882 δια-

43 4924 90 4994 εί
100 4943 256 4994 ματος
280 4925 386 4978 καὶ
415 4922 525 4992 τῆς
552 4917 865 4990 ἀλουργίδος
912 4914 1212 4968 ἀποδώσειν
1252 4912 1416 4966 αὐτὸν
1442 4914 1713 4985 ἐπηγγέλ-

43 5011 161 5073 ὶετο,
196 5015 289 5065 καὶ
322 5009 505 5064 πάλιν
538 5007 618 5070 είς
673 5004 770 5075 τὴν
801 5003 825 5041 ἀ
871 5000 1038 5072 αὐτὴν
1081 4999 1264 5063 τάξειν
1302 4999 1494 5069 ἐκείνῳ
1523 5001 1707 5072 τιμὴν,

47 5093 134 5166 ἆρα
159 5101 257 5153 οὐκ
286 5099 355 5152 ἂν
387 5097 488 5150 τὸν
527 5093 806 5166 χωρισμὸν
843 5090 1032 5162 πράως
1058 5087 1287 5158 ἐνέγκῃς
1319 5088 1411 5139 καὶ
1444 5089 1580 5158 μετά
1605 5107 1710 5142 σω-

43 5199 293 5268 ςροσύνης
319 5198 432 5268 τῆς
460 5191 881 5266 προσηκούσης;
917 5184 1026 5260 ἆρα
1066 5185 1168 5240 οὐκ
1209 5183 1276 5238 ἂν
1303 5185 1606 5256 ἠσμένισας
1637 5188 1712 5259 τῷ

94 5423 113 5496 ς
293 5421 438 5496 ἡμῖν.
465 5417 599 5467 Infra
622 5414 775 5465 Savil.
814 5419 864 5462 et
892 5411 1030 5465 Colb.
1057 5412 1236 5474 χρόνων
1259 5413 1452 5470 πλῆθος.

84 5479 112 5519 δ
130 5485 277 5533 Saﬁl.
298 5485 493 5547 χῶρον.
1585 5534 1594 5544 ι
1665 5534 1674 5544 _

92 5552 110 5574 ε
138 5547 268 5596 συιδ.
302 5554 360 5594 et
384 5543 540 5619 ξενξι.
562 5541 614 5589 in
639 5543 782 5587 textu
806 5537 977 5592 τόπους
997 5535 1380 5594 ἐκείνης,Μοι·οι.
1409 5544 1460 5584 ει
1486 5534 1635 5584 Savll.
1663 5545 1710 5582 ιη

40 5618 382 5716 ωἶδέξῗῖῗέέἷ
745 5659 1076 5721 ἐπηγγέλλετο,
1102 5645 1354 5721 καίλπάλιν
1375 5661 1454 5721 κείς
1485 5661 1588 5716 τήν,
1615 5659 1712 5707 Mn-

43 5732 120 5776 rrl.
141 5731 282 5778 αὑτὸν
316 5731 475 5788 ἔλεγε,
499 5727 581 5774 καὶ
617 5719 1039 5788 πάλινᾼτούτονμεῖς
1058 5721 1169 5788 ἀν..
1191 5719 1310 5788 lpfra
1345 5720 1514 5770 Morel.
1543 5729 1594 5769 et
1623 5721 1708 5770 Sa-
1772 5772 1774 5775 ,

42 5795 113 5838 ﬁt.
129 5793 394 5850 ήσμὲνισας
414 5782 492 5850 ’τῷ
516 5789 676 5847 δώρῳ,
698 5782 830 5836 Colh.
854 5783 1110 5843 ἠσμένισας
1126 5782 1179 5828 τὸ
1202 5783 1366 5845 δῶρον.

3384 315 3516 379 σοι’

1827 427 2003 497 δώρῳ,
2038 430 2130 482 καὶ
2163 432 2394 502 πρᾶγμα
2444 433 2610 504 εὐχῆς
2634 435 2782 502 ἄξιον
2829 435 2968 491 εἶναι
2997 436 3287 508 ἐνόμισας
3319 436 3489 495 Τοῦτο

1825 525 2001 578 τοίνυν
2036 527 2267 598 ἀνάσχου
2299 530 2391 584 καὶ
2427 529 2541 594 νῦν,
2574 531 2671 602 οὐχ
2707 533 2845 605 ύπέρ
2879 533 3156 604 βασιλείας
3188 534 3288 606 τῆς
3333 537 3390 588 ἐν
3418 540 3484 607 τῇ

1826 621 1916 690 γῇ,
1952 621 2064 675 ἀλλ’
2092 623 2230 695 ὑπὲρ
2250 625 2349 695 τῆς
2379 627 2436 678 ἐν
2481 627 2745 697 οὐρανοῖς·
2777 629 2874 700 οὐχ
2898 630 2984 683 ἵνα
3018 630 3230 701 ἱμάτιον
3255 632 3488 702 χρυσοῦν

1825 715 2091 786 φοροῦντα
2122 720 2417 792 ἀπολάϐῃς,
2479 721 2591 774 ἀλλ’
2643 723 2728 775 ἵνα
2781 724 3078 780 ἀθανασίαν
3112 737 3136 766 ο
3168 727 3263 780 καὶ
3310 725 3485 790 δόξαν,

1824 811 1954 878 ὅσην
1997 813 2121 874 τοὺς
2149 813 2208 864 ἐν
2239 812 2488 883 οὐρανοῖς
2526 814 2814 883 διάγοντας
2851 817 2997 888 ἐχειν
3042 817 3388 891 εἰκός
3424 819 3488 872 El

1823 901 1880 955 δὲ
1911 903 2113 976 σφόδρα
2142 907 2428 978 ἀφορήτως
2478 908 2621 979 ἔχεις
2654 913 2792 983 πρὸς
2815 914 2877 966 τὸ
2895 913 2988 967 τοῦ
3023 915 3214 985 χρόνου
3257 915 3485 986 μακρὸν,

1824 998 1968 1062 εἰκὸς
1993 1001 2154 1054 αὐτὸν
2183 1003 2276 1056 καὶ
2323 1004 2392 1057 δι’
2414 1004 2707 1077 ὀνειράτων
2737 1009 3021 1081 ἐπιστῆναι
3081 1011 3163 1064 σοί
3191 1029 3345 1076 ποτε,
3394 1009 3488 1065 καὶ

1821 1095 2250 1165 διαλέγεσθαιτά
2285 1101 2342 1154 ἐν
2376 1103 2652 1176 συνηθείᾳ,
2687 1106 2780 1159 καὶ
2799 1106 2991 1174 δείξειν
3023 1107 3144 1177 ὄψιν
3177 1108 3275 1179 τὴν
3295 1107 3490 1160 ποθουο

1827 1193 2011 1264 μένην·
2041 1193 2198 1249 τοῦτό
2226 1215 2306 1251 σοι
2332 1200 2451 1254 ἀντὶ
2469 1202 2576 1255 τῶν
2620 1203 2916 1259 ἐπιστολῶν
2941 1203 3083 1258 ἐστω
3117 1204 3486 1278 παραμύθιον,

1827 1289 2023 1360 μᾶλλον
2047 1290 2105 1345 δέ
2127 1291 2284 1346 τοῦτο
2328 1297 2423 1349 καὶ
2469 1297 2763 1352 ἐπιστολῶν
2803 1303 3143 1373 τρανότερον.
3195 1302 3341 1354 Ἐκεῖ
3391 1299 3490 1370 μὲν

1822 1385 1930 1458 γάρ
1952 1387 2253 1459 γράμματα
2295 1392 2455 1462 μόνον
2477 1393 2624 1448 ἐστιν
2654 1395 2804 1461 ἰδεῖν,
2845 1397 3080 1452 ἐνταῦθα
3108 1398 3291 1452 δὲκαὶ
3316 1397 3488 1452 τύπον

1822 1483 1995 1552 ὅψεως
2019 1485 2114 1538 καὶ
2143 1486 2354 1555 γέλωτα
2375 1491 2622 1561 προσηνῆ
2658 1492 2752 1547 καὶ
2786 1493 2970 1565 σχῆμα
3002 1493 3098 1548 καὶ
3137 1493 3364 1564 βάδισιν,
3395 1493 3490 1547 καὶ

1823 1581 1961 1652 ἠχῆς
1981 1583 2232 1649 ἀκοῦσαι,
2264 1587 2359 1649 καὶ
2389 1587 2572 1659 φωνὴν
2597 1590 2895 1659 ἐπιγνῶναι
2927 1589 3028 1662 τὴν
3062 1590 3345 1660 φιλτάτην.

1893 1729 1953 1783 δ’.
1997 1731 2211 1804 Ἐπειδὴ
2240 1733 2295 1787 δέ
2317 1735 2410 1788 καὶ
2434 1735 2572 1807 ὑπὲρ
2599 1736 2896 1806 ἀσφαλείας
2912 1738 3149 1809 θρηνεῖς,
3176 1738 3244 1810 ῆν
3261 1737 3328 1791 δι’
3343 1738 3488 1791 ἐκεῖ-

1822 1843 1908 1880 νον
1940 1826 2106 1881 πάλαι
2132 1829 2416 1900 ἐκέκτησο,
2449 1833 2578 1896 ῐσως
2604 1832 2662 1886 δέ
2686 1835 2782 1888 καὶ
2811 1834 2901 1888 διὰ
2931 1834 2992 1888 τὸ
3031 1833 3250 1905 μείζους
3290 1835 3489 1905 ἐμφαί-

1821 1939 1932 1976 νειν
1964 1923 2183 1988 ἐλπίδας
2218 1927 2619 1999 εὐδοκιμήσεως
2640 1931 2758 1999 (καί
2781 1929 2890 2002 γὰρ
2917 1932 3116 2002 ῆκουον
3155 1929 3358 1995 εὐθέως
3395 1933 3488 1984 ἐπὶ

1821 2019 1912 2088 τὸν
1941 2019 2048 2075 τῶν
2073 2022 2332 2094 ὑπάρχων
2372 2024 2560 2093 θρόνον
2601 2023 2754 2096 ἥξειν
2783 2028 2971 2091 αὐτὸν,
3003 2028 3032 2081 δ
3081 2027 3316 2099 μάλιστα
3349 2029 3489 2081 πάν-

1819 2134 1946 2181 των,
1977 2114 2152 2189 οἶμαι,
2204 2120 2497 2196 συστρέφει
2535 2139 2628 2175 σου
2656 2123 2756 2193 τὴν
2783 2123 2961 2194 ψυχὴν
3006 2125 3102 2177 καὶ
3132 2126 3368 2195 συγχεῖ),
3399 2125 3488 2176 ἐν-

1820 2213 2010 2284 νόησον
2037 2216 2164 2279 τοὺς
2194 2217 2285 2269 ἐπὶ
2320 2219 2566 2287 μείζονος
2597 2218 2905 2290 ἀξιώματος
2943 2220 3100 2284 ὄντας
3135 2221 3366 2286 ἐκείνου,
3394 2223 3489 2274 καὶ

1818 2311 1909 2364 τὸν
1935 2310 2047 2381 βίον
2089 2312 2294 2386 σφόδρα
2327 2315 2574 2378 ἐλεεινῶς
2628 2316 3124 2389 καταστρέψαντας.
3164 2318 3490 2388 Ἀναμνήσω

1819 2406 1876 2460 δέ
1912 2423 2003 2460 σε’
2037 2407 2310 2480 Θεόδωρον
2354 2410 2481 2476 ἴσως
2536 2411 2752 2475 ἀκούεις
2791 2412 2884 2465 τὸν
2930 2413 3035 2466 ἀπὸ
3077 2413 3356 2478 Σικελίας·
3395 2416 3490 2468 καὶ

1819 2505 1926 2574 γάρ
1945 2503 2053 2558 τῶν
2084 2505 2288 2577 σφόδρα
2318 2507 2602 2579 ἐπισήμων
2630 2507 2921 2579 ἐτύγχανεν
2941 2507 3034 2562 ῶν·
3062 2503 3216 2573 οὗτος
3239 2511 3332 2563 καὶ
3360 2511 3492 2564 κάλ-

1819 2601 1898 2654 λει
1921 2603 2011 2655 καὶ
2043 2602 2261 2673 μεγέθει
2286 2602 2534 2674 σώματος
2561 2605 2654 2659 καὶ
2703 2606 2984 2677 παρρησίᾳ
3013 2608 3079 2677 τῇ
3119 2607 3256 2678 πρὸς
3283 2607 3373 2660 τὸν
3397 2608 3492 2677 βα-

1822 2685 1972 2754 σιλέα
2019 2701 2234 2756 πάντων
2282 2700 2522 2772 κρατῶν,
2553 2681 2660 2754 καῖ’
2697 2701 2993 2773 δυνάμενος
3029 2704 3131 2757 ὅσα
3177 2703 3288 2758 τῶν
3341 2703 3490 2758 ἔνδον

1823 2797 2202 2867 στρεφομένων
2252 2798 2448 2864 οὐδεὶς,
2479 2799 2580 2852 οὐκ
2609 2800 2807 2871 ἡνεγκε
2838 2799 2938 2871 τὴν
2959 2801 3267 2870 εὐπραγίαν
3297 2801 3490 2872 πράως

1819 2893 2066 2963 ἐκείνην,
2121 2894 2247 2950 ἀλλ’
2301 2895 2692 2960 ἐπιϐουλεύσας
2731 2891 2940 2966 βασιλεῖ
2972 2897 3067 2951 καὶ
3116 2897 3298 2963 ἀλοὺς,
3331 2898 3490 2960 αὐτὸς

1824 2989 1920 3058 μὲν
1947 2989 2234 3062 ἀπετμήθη
2277 2992 2480 3064 σφόδρα
2509 2992 2778 3057 ἐλεεινῶς,
2819 2996 2852 3064 ἡ
2885 2993 2943 3048 δὲ
2971 2993 3163 3046 τούτου
3187 2994 3345 3065 γυνὴ,
3398 2997 3489 3046 καὶ
3517 3044 3522 3051 .

1819 3085 2126 3155 ἀνατροφῆς
2157 3086 2250 3138 καὶ
2295 3087 2484 3155 γένους
2523 3088 2753 3142 καὶτῶν
2809 3089 2983 3144 ἄλλων
3008 3091 3276 3144 ,ἀπάντων
3339 3090 3490 3143 οὐδὲν

1818 3179 2035 3234 ἔλαττον
2067 3181 2267 3251 ἔχουσα
2299 3183 2398 3254 τῆς
2445 3185 2723 3252 εὐγενείας
2789 3187 2886 3256 τῆς
2914 3187 3033 3257 σῆς,
3067 3185 3282 3241 πάντων
3337 3188 3490 3256 ἄφνω

1820 3276 2163 3347 γυμνωθεῖσα
2189 3279 2298 3332 τῶν
2331 3281 2502 3352 αὐτῆς
2534 3281 2628 3334 καὶ
2662 3282 2760 3353 τῆς
2791 3282 3103 3356 ἐλευθερίας
3136 3284 3303 3354 αὐτῆς
3327 3284 3490 3337 ἐκπε-

1823 3363 1989 3428 σοῦσα
2018 3378 2135 3438 ταῖς
2163 3379 2460 3446 ταμιακαῖς
2507 3378 2710 3449 ἐρίθοις
2737 3379 3149 3450 ἐγκατελέγετο,
3187 3380 3282 3434 καὶ
3311 3380 3489 3450 πάσης

1820 3468 2195 3542 θεραπαινίδος
2218 3475 2561 3546 οἰκτρότερον
2593 3475 2692 3547 ζῇν
2719 3475 3062 3548 ἠναγκάζετο
3087 3471 3222 3548 βίον,
3238 3475 3488 3531 τοσοῦτον

1819 3567 2016 3645 ἔχουσα
2044 3567 2153 3622 τῶν
2193 3569 2369 3624 ἀλλων
2416 3571 2598 3636 πλέον,
2629 3573 2752 3627 ὅσον
2779 3573 2866 3628 διά
2898 3574 2997 3645 τὴν
3047 3575 3351 3648 ὑπερϐολὴν
3389 3575 3489 3646 τῆς

1822 3665 2104 3733 συμφορᾶς
2129 3664 2422 3737 ἐδακρύετο
2444 3667 2596 3737 παρά
2613 3668 2721 3721 τῶν
2743 3668 2994 3740 ὁρώντων
3013 3671 3269 3725 ἁπάντων
3291 3672 3485 3742 αὐτήν.

1791 3813 1796 3820 ,
1819 3760 2050 3828 Λέγεται
2077 3761 2135 3814 δὲ
2167 3763 2259 3816 καὶ
2282 3764 2600 3834 Ἀρτεμισία
2631 3765 2823 3836 ἀνδρὸς
2854 3768 3058 3838 σφόδρα
3084 3769 3374 3839 εὐδοκίμου
3398 3787 3490 3837 γε-

1817 3857 2017 3929 νομένη
2050 3858 2209 3930 γυνὴ,
2238 3859 2425 3932 ἐπειδὴ
2474 3862 2724 3926 κάκεῖνος
2770 3865 3084 3934 τυραννίδος
3116 3865 3484 3937 ἐπεθύμησεν,

1817 3954 1988 4020 οὕτως
2015 3957 2094 4020 εἰς
2113 3955 2318 4028 ταύτην
2341 3957 2440 4028 τὴν
2470 3959 2658 4013 πενίαν
2671 3959 2844 4015 ἐλθεῖν
2874 3963 2966 4016 καὶ
2994 3962 3092 4034 τὴν
3118 3965 3390 4039 πήρωσιν.
3413 3966 3488 4023 Τό

1817 4068 1876 4104 τε
1909 4051 2016 4124 γὰρ
2072 4053 2301 4124 μέγεθος
2348 4055 2446 4126 τῆς
2481 4056 2740 4128 ἀθυμίας,
2791 4058 2851 4112 τό
2893 4077 2952 4113 τε
3013 4061 3216 4132 πλῆθος
3251 4061 3360 4117 τῶν
3393 4064 3494 4123 δας

1818 4148 2000 4220 κρύων
2021 4148 2388 4223 ἑσϐεσεναύτῇ
2414 4153 2540 4217 τοὺς
2569 4135 2899 4225 ὀφθαλμούς
2930 4157 3025 4211 καὶ
3053 4157 3148 4213 νῦν
3188 4159 3298 4214 τῶν
3325 4177 3494 4233 χειρ-

1818 4248 2211 4319 αγωγησόντων
2247 4249 2415 4306 δεῖται
2473 4255 2567 4309 καὶ
2614 4253 2749 4326 πρὸς
2779 4255 2877 4318 τὰς
2907 4255 3109 4328 ἐτέρων
3137 4258 3373 4322 ἀξόντων
3394 4259 3489 4312 θύ-

1822 4363 1936 4417 ρας,
1973 4346 2059 4400 ῖνα
2083 4348 2180 4419 τῆς
2209 4349 2513 4418 ἀναγκαίας
2543 4351 2716 4416 οὕτως
2736 4353 2989 4421 εὐπορεῖν
3012 4353 3111 4425 ἔχῃ
3132 4355 3355 4427 τροφῆς.
3377 4358 3487 4412 Καὶ

1819 4443 2019 4507 πολλὰς
2045 4443 2111 4498 ἂν
2143 4445 2338 4517 ἐτέρας
2375 4441 2522 4518 εἶχον
2550 4447 2728 4512 οἰκίας
2746 4451 2923 4502 εἰπεῖν
2961 4449 3104 4503 οὕτω
3142 4454 3488 4524 κατενεχθεί-

1820 4557 1938 4604 σας,
1978 4542 2026 4593 εἰ
2059 4540 2132 4612 μὴ
2164 4542 2264 4613 τήν
2286 4559 2343 4594 τε
2377 4543 2663 4598 εὐλάϐειαν
2716 4546 2811 4599 καὶ
2847 4545 2945 4618 τὴν
2985 4547 3199 4600 σύνεσιν
3231 4549 3329 4620 τῆς
3383 4549 3488 4618 σῆς

1817 4638 2130 4709 ἠπιστάμην
2151 4639 2346 4710 ψυχῆς,
2392 4641 2492 4695 οὐκ
2519 4643 2580 4694 ἐκ
2610 4641 2716 4695 τῶν
2752 4643 3043 4716 ἀλλοτρίων
3066 4646 3251 4699 κακῶν
3272 4649 3370 4718 τῆς
3403 4650 3484 4700 οί--

1817 4734 1970 4799 κείας
2021 4738 2302 4808 συμφορᾶς
2338 4737 2692 4810 παραμυθίαν
2746 4739 3080 4814 βουλομένην
3117 4743 3317 4818 εὑρεῖν.
3374 4746 3488 4802 Καὶ

1815 4833 2017 4888 τούτων
2049 4835 2123 4901 δὲ,
2142 4826 2216 4888 ὧν
2248 4836 2544 4908 ἐμνήσθην,
2577 4837 2644 4890 δι’
2667 4838 2818 4892 οὐδὲν
2845 4841 3034 4911 ἕτερον
3067 4843 3340 4914 ἐμνήσθην
3364 4844 3483 4907 νῦν,

1817 4931 1928 4984 ἀλλ’
1962 4933 2047 4986 ἵνα
2075 4932 2251 5004 μάθῃς
2293 4934 2374 4987 ὅτι
2409 4936 2475 4988 τὰ
2496 4935 2810 5007 ἀνθρώπινα
2847 4937 2997 4990 οὐδέν
3019 4940 3131 4990 ἐστι
3162 4940 3486 5009 πράγματα.

1816 5031 1928 5083 ἀλλ’
1957 5031 2190 5102 ἀληθῶς,
2221 5031 2295 5096 ὡς
2317 5033 2346 5084 ὁ
2375 5034 2658 5103 προφήτης
2689 5035 2843 5104 φησὶ,
2878 5034 3052 5089 Πᾶσα
3090 5035 3239 5100 δόξα
3268 5037 3485 5104 ἀνθρώ»⁹

1814 5146 1931 5184 που
1951 5130 2030 5195 ὡς
2054 5130 2238 5197 ἄνθος
2262 5131 2503 5199 χόρτουε
2521 5132 2672 5202 ’Ὀσῳ
2692 5132 2802 5203 γὰρ
2829 5133 2896 5186 ἂν
2911 5133 3124 5204 ἐπαρθῇ
3146 5135 3241 5187 καὶ
3270 5135 3481 5208 λάμψη.

1817 5226 2049 5296 τοσούτῳ
2081 5227 2300 5297 μείζονα
2331 5228 2429 5298 τήν
2467 5227 2676 5282 πτῶσιν
2701 5229 3014 5300 ἐργάζεται,
3041 5231 3102 5282 οὐ
3146 5230 3216 5284 τά
3244 5231 3354 5286 τῶν
3383 5234 3484 5304 ἀρ-

1814 5322 2056 5393 χομένων
2103 5323 2281 5394 μόνον,
2321 5323 2455 5377 ἀλλά
2488 5325 2675 5380 καὶτὰ
2699 5326 2812 5382 τῶν
2861 5327 3252 5398 βασιλευόντων
3279 5331 3479 5387 αὐτῶν.

1815 5419 1947 5471 Ούδέ
1976 5419 2085 5490 γάρ
2139 5420 2205 5473 ἂν
2231 5420 2381 5491 εὖροι
2426 5438 2510 5485 τις
2562 5423 2742 5477 οίκίαν
2777 5424 3048 5497 ἰδιωτικὴν
3073 5430 3342 5483 τοσούτων
3379 5432 3476 5502 ἐμ.

1816 5513 2204 5585 πεπλησμένην
2236 5515 2548 5587 συμφορῶν,
2607 5518 2748 5572 ὅσων
2797 5519 2868 5574 τά
2910 5520 3155 5592 βασίλεια
3184 5523 3347 5594 γέμει
3373 5523 3484 5580 τῶν

1879 5720 1902 5745 °
1949 5718 2032 5792 Sig
2091 5719 2256 5780 (3011).;
2293 5720 2465 5773 Morel.
2522 5724 2810 5788 ἀφθαρσίαν,
2880 5729 3028 5780 Savil.
3087 5731 3345 5797 ἀφθαρσίαν
3401 5733 3488 5785 καὶ

1814 5781 2092 5828 ἀθανασίαν.
2565 5781 2572 5787 ’
2649 5781 2658 5788 ⁷
2801 5781 2809 5787 ’
3130 5781 3142 5796 ⁸
3213 5781 3222 5797 '
3295 5781 3318 5784 ν
3436 5781 3493 5804 ”·
