  <div class='ocr_page' id='page_1' title='image "/cluster/home/n/w/nwhite01/storage/ocr_20150623/48/hvd.32044014784250/088.png"; bbox 0 0 3898 6276; ppageno 0'>
   <div class='ocr_carea' id='block_1_1' title="bbox 110 358 198 415">
    <p class='ocr_par' dir='ltr' id='par_1_1' title="bbox 110 358 198 415">
     <span class='ocr_line' id='line_1_1' title="bbox 110 358 198 415; baseline 0 0"><span class='ocrx_word' id='word_1_1' title='bbox 110 358 198 415; x_wconf 81' lang='lat'><strong>605</strong></span> 
     </span>
    </p>
   </div>
   <div class='ocr_carea' id='block_1_2' title="bbox 111 456 1686 541">
    <p class='ocr_par' dir='ltr' id='par_1_2' title="bbox 111 456 1686 541">
     <span class='ocr_line' id='line_1_2' title="bbox 111 456 1686 541; baseline -0.011 -15"><span class='ocrx_word' id='word_1_2' title='bbox 111 476 269 529; x_wconf 80' lang='lat' dir='ltr'><strong>veniat</strong></span> <span class='ocrx_word' id='word_1_3' title='bbox 304 471 562 541; x_wconf 82' lang='lat' dir='ltr'><strong>privatam</strong></span> <span class='ocrx_word' id='word_1_4' title='bbox 587 467 808 523; x_wconf 88' lang='lat' dir='ltr'><strong>domum</strong></span> <span class='ocrx_word' id='word_1_5' title='bbox 828 480 977 536; x_wconf 76' lang='lat' dir='ltr'><strong>mque</strong></span> <span class='ocrx_word' id='word_1_6' title='bbox 998 461 1247 518; x_wconf 95' lang='lat' dir='ltr'><strong>refertam</strong></span> <span class='ocrx_word' id='word_1_7' title='bbox 1273 456 1686 521; x_wconf 89' lang='lat' dir='ltr'><strong>calamitatibus,</strong></span> 
     </span>
    </p>
   </div>
   <div class='ocr_carea' id='block_1_3' title="bbox 109 549 1694 636">
    <p class='ocr_par' dir='ltr' id='par_1_3' title="bbox 109 549 1694 636">
     <span class='ocr_line' id='line_1_3' title="bbox 109 549 1694 636; baseline -0.01 -17"><span class='ocrx_word' id='word_1_8' title='bbox 109 583 161 621; x_wconf 81' lang='lat' dir='ltr'><strong>ac</strong></span> <span class='ocrx_word' id='word_1_9' title='bbox 188 566 351 636; x_wconf 73' lang='lat' dir='ltr'><strong>regia:</strong></span> <span class='ocrx_word' id='word_1_10' title='bbox 399 564 555 619; x_wconf 88' lang='lat' dir='ltr'><strong>malis</strong></span> <span class='ocrx_word' id='word_1_11' title='bbox 582 559 903 617; x_wconf 75' lang='lat' dir='ltr'><strong>redundant.</strong></span> <span class='ocrx_word' id='word_1_12' title='bbox 946 557 1076 612; x_wconf 87' lang='lat' dir='ltr'><strong>Nam</strong></span> <span class='ocrx_word' id='word_1_13' title='bbox 1114 563 1168 610; x_wconf 91' lang='lat' dir='ltr'><strong>et</strong></span> <span class='ocrx_word' id='word_1_14' title='bbox 1195 551 1501 623; x_wconf 70' lang='lat' dir='ltr'><strong>orphanire,</strong></span> <span class='ocrx_word' id='word_1_15' title='bbox 1532 558 1586 604; x_wconf 89' lang='lat' dir='ltr'><strong>et</strong></span> <span class='ocrx_word' id='word_1_16' title='bbox 1615 549 1694 603; x_wconf 85' lang='lat' dir='ltr'><strong>vi—</strong></span> 
     </span>
    </p>
   </div>
   <div class='ocr_carea' id='block_1_4' title="bbox 110 638 1695 716">
    <p class='ocr_par' dir='ltr' id='par_1_4' title="bbox 110 638 1695 716">
     <span class='ocr_line' id='line_1_4' title="bbox 110 638 1695 716; baseline -0.012 -4"><span class='ocrx_word' id='word_1_17' title='bbox 110 660 326 712; x_wconf 84' lang='lat' dir='ltr'><strong>duitates</strong></span> <span class='ocrx_word' id='word_1_18' title='bbox 357 656 680 716; x_wconf 65' lang='lat' dir='ltr'><strong>immaturae,</strong></span> <span class='ocrx_word' id='word_1_19' title='bbox 712 662 765 708; x_wconf 91' lang='lat' dir='ltr'><strong>et</strong></span> <span class='ocrx_word' id='word_1_20' title='bbox 791 664 953 705; x_wconf 83' lang='lat' dir='ltr'><strong>neces</strong></span> <span class='ocrx_word' id='word_1_21' title='bbox 985 648 1267 709; x_wconf 62' lang='lat' dir='ltr'><strong>violentae,</strong></span> <span class='ocrx_word' id='word_1_22' title='bbox 1297 654 1455 713; x_wconf 88' lang='lat' dir='ltr'><strong>atque</strong></span> <span class='ocrx_word' id='word_1_23' title='bbox 1493 641 1558 695; x_wconf 87' lang='lat' dir='ltr'><strong>iis</strong></span> <span class='ocrx_word' id='word_1_24' title='bbox 1579 638 1695 709; x_wconf 90' lang='lat' dir='ltr'><strong>qui-</strong></span> 
     </span>
    </p>
   </div>
   <div class='ocr_carea' id='block_1_5' title="bbox 109 732 1696 817">
    <p class='ocr_par' dir='ltr' id='par_1_5' title="bbox 109 732 1696 817">
     <span class='ocr_line' id='line_1_5' title="bbox 109 732 1696 817; baseline -0.012 -12"><span class='ocrx_word' id='word_1_25' title='bbox 109 751 238 814; x_wconf 85' lang='lat' dir='ltr'><strong>dem,</strong></span> <span class='ocrx_word' id='word_1_26' title='bbox 277 764 400 817; x_wconf 72' lang='lat' dir='ltr'><strong>quaa</strong></span> <span class='ocrx_word' id='word_1_27' title='bbox 427 748 481 801; x_wconf 91' lang='lat' dir='ltr'><strong>in</strong></span> <span class='ocrx_word' id='word_1_28' title='bbox 513 743 789 815; x_wconf 72' lang='lat' dir='ltr'><strong>tragmdiis</strong></span> <span class='ocrx_word' id='word_1_29' title='bbox 823 750 1122 802; x_wconf 90' lang='lat' dir='ltr'><strong>narrantur,</strong></span> <span class='ocrx_word' id='word_1_30' title='bbox 1153 736 1320 791; x_wconf 90' lang='lat' dir='ltr'><strong>multo</strong></span> <span class='ocrx_word' id='word_1_31' title='bbox 1361 732 1696 790; x_wconf 82' lang='lat' dir='ltr'><strong>scelestiores</strong></span> 
     </span>
    </p>
   </div>
   <div class='ocr_carea' id='block_1_6' title="bbox 108 823 1694 903">
    <p class='ocr_par' dir='ltr' id='par_1_6' title="bbox 108 823 1694 903">
     <span class='ocr_line' id='line_1_6' title="bbox 108 823 1694 903; baseline -0.013 -7"><span class='ocrx_word' id='word_1_32' title='bbox 108 851 157 896; x_wconf 89' lang='lat' dir='ltr'><strong>et</strong></span> <span class='ocrx_word' id='word_1_33' title='bbox 194 840 503 894; x_wconf 81' lang='lat' dir='ltr'><strong>acerbiores</strong></span> <span class='ocrx_word' id='word_1_34' title='bbox 555 838 610 890; x_wconf 92' lang='lat' dir='ltr'><strong>in</strong></span> <span class='ocrx_word' id='word_1_35' title='bbox 662 834 767 890; x_wconf 88' lang='lat' dir='ltr'><strong>hoc</strong></span> <span class='ocrx_word' id='word_1_36' title='bbox 811 834 983 903; x_wconf 92' lang='lat' dir='ltr'><strong>ipsum</strong></span> <span class='ocrx_word' id='word_1_37' title='bbox 1034 830 1299 900; x_wconf 50' lang='lat' dir='ltr'><strong>praecipue</strong></span> <span class='ocrx_word' id='word_1_38' title='bbox 1345 826 1543 882; x_wconf 88' lang='lat' dir='ltr'><strong>cadunt</strong></span> <span class='ocrx_word' id='word_1_39' title='bbox 1592 823 1694 877; x_wconf 84' lang='lat' dir='ltr'><strong>im-</strong></span> 
     </span>
    </p>
   </div>
   <div class='ocr_carea' id='block_1_7' title="bbox 110 932 324 1003">
    <p class='ocr_par' dir='ltr' id='par_1_7' title="bbox 110 932 324 1003">
     <span class='ocr_line' id='line_1_7' title="bbox 110 932 324 1003; baseline 0 -18"><span class='ocrx_word' id='word_1_40' title='bbox 110 932 324 1003; x_wconf 84' lang='lat' dir='ltr'><strong>perium.</strong></span> 
     </span>
    </p>
   </div>
   <div class='ocr_carea' id='block_1_8' title="bbox 172 1008 1698 1088">
    <p class='ocr_par' dir='ltr' id='par_1_8' title="bbox 172 1008 1698 1088">
     <span class='ocr_line' id='line_1_8' title="bbox 172 1008 1698 1088; baseline -0.012 -11"><span class='ocrx_word' id='word_1_41' title='bbox 172 1023 549 1088; x_wconf 73' lang='lat' dir='ltr'><strong>Imperator-um</strong></span> <span class='ocrx_word' id='word_1_42' title='bbox 595 1018 738 1073; x_wconf 80' lang='lat' dir='ltr'><strong>illius</strong></span> <span class='ocrx_word' id='word_1_43' title='bbox 776 1017 869 1071; x_wconf 73' lang='lat' dir='ltr'><strong>tevi</strong></span> <span class='ocrx_word' id='word_1_44' title='bbox 898 1016 1121 1069; x_wconf 70' lang='lat' dir='ltr'><strong>maxima</strong></span> <span class='ocrx_word' id='word_1_45' title='bbox 1162 1027 1283 1080; x_wconf 78' lang='lat' dir='ltr'><strong>pars</strong></span> <span class='ocrx_word' id='word_1_46' title='bbox 1319 1008 1535 1064; x_wconf 80' lang='lat' dir='ltr'><strong>violenta</strong></span> <span class='ocrx_word' id='word_1_47' title='bbox 1576 1021 1698 1060; x_wconf 83' lang='lat' dir='ltr'><strong><em>nece</em></strong></span> 
     </span>
    </p>
   </div>
   <div class='ocr_carea' id='block_1_9' title="bbox 109 1097 1698 1180">
    <p class='ocr_par' dir='ltr' id='par_1_9' title="bbox 109 1097 1698 1180">
     <span class='ocr_line' id='line_1_9' title="bbox 109 1097 1698 1180; baseline -0.012 -11"><span class='ocrx_word' id='word_1_48' title='bbox 109 1115 277 1169; x_wconf 73' lang='lat' dir='ltr'><strong>sublati</strong></span> <span class='ocrx_word' id='word_1_49' title='bbox 304 1122 449 1167; x_wconf 74' lang='lat' dir='ltr'><strong>sunt.</strong></span> <span class='ocrx_word' id='word_1_50' title='bbox 477 1141 549 1150; x_wconf 91' lang='lat'><strong>—-</strong></span> <span class='ocrx_word' id='word_1_51' title='bbox 571 1112 777 1180; x_wconf 82' lang='lat' dir='ltr'><strong>Atque,</strong></span> <span class='ocrx_word' id='word_1_52' title='bbox 811 1117 865 1161; x_wconf 91' lang='lat' dir='ltr'><strong>ut</strong></span> <span class='ocrx_word' id='word_1_53' title='bbox 913 1114 1095 1160; x_wconf 80' lang='lat' dir='ltr'><strong>vetera</strong></span> <span class='ocrx_word' id='word_1_54' title='bbox 1124 1102 1433 1159; x_wconf 88' lang='lat' dir='ltr'><strong>omittamus</strong></span> <span class='ocrx_word' id='word_1_55' title='bbox 1456 1140 1470 1164; x_wconf 94' lang='lat'><strong>,</strong></span> <span class='ocrx_word' id='word_1_56' title='bbox 1520 1113 1587 1152; x_wconf 90' lang='lat' dir='ltr'><strong>ex</strong></span> <span class='ocrx_word' id='word_1_57' title='bbox 1633 1097 1698 1151; x_wconf 92' lang='lat' dir='ltr'><strong>iis</strong></span> 
     </span>
    </p>
   </div>
   <div class='ocr_carea' id='block_1_10' title="bbox 111 1191 1697 1274">
    <p class='ocr_par' dir='ltr' id='par_1_10' title="bbox 111 1191 1697 1274">
     <span class='ocr_line' id='line_1_10' title="bbox 111 1191 1697 1274; baseline -0.011 -15"><span class='ocrx_word' id='word_1_58' title='bbox 111 1206 367 1269; x_wconf 83' lang='lat' dir='ltr'><strong>omnibus,</strong></span> <span class='ocrx_word' id='word_1_59' title='bbox 396 1204 487 1274; x_wconf 92' lang='lat' dir='ltr'><strong>qui</strong></span> <span class='ocrx_word' id='word_1_60' title='bbox 510 1218 631 1258; x_wconf 67' lang='lat' dir='ltr'><strong>aevo</strong></span> <span class='ocrx_word' id='word_1_61' title='bbox 654 1210 839 1255; x_wconf 91' lang='lat' dir='ltr'><strong>nostro</strong></span> <span class='ocrx_word' id='word_1_62' title='bbox 862 1199 879 1230; x_wconf 84' lang='grc'>¹</span> <span class='ocrx_word' id='word_1_63' title='bbox 902 1198 1234 1266; x_wconf 83' lang='lat' dir='ltr'><strong>imperarunt</strong></span> <span class='ocrx_word' id='word_1_64' title='bbox 1262 1191 1499 1265; x_wconf 90' lang='lat' dir='ltr'><strong>(fuerunt</strong></span> <span class='ocrx_word' id='word_1_65' title='bbox 1518 1200 1697 1243; x_wconf 89' lang='lat' dir='ltr'><strong>autem</strong></span> 
     </span>
    </p>
   </div>
   <div class='ocr_carea' id='block_1_11' title="bbox 115 1283 1695 1367">
    <p class='ocr_par' dir='ltr' id='par_1_11' title="bbox 115 1283 1695 1367">
     <span class='ocr_line' id='line_1_11' title="bbox 115 1283 1695 1367; baseline -0.013 -14"><span class='ocrx_word' id='word_1_66' title='bbox 115 1297 315 1367; x_wconf 79' lang='lat' dir='ltr'><strong>novem)</strong></span> <span class='ocrx_word' id='word_1_67' title='bbox 352 1298 462 1351; x_wconf 90' lang='lat' dir='ltr'><strong>duo</strong></span> <span class='ocrx_word' id='word_1_68' title='bbox 487 1296 587 1349; x_wconf 74' lang='lat' dir='ltr'><strong>Soli</strong></span> <span class='ocrx_word' id='word_1_69' title='bbox 629 1290 901 1348; x_wconf 91' lang='lat' dir='ltr'><strong>communi</strong></span> <span class='ocrx_word' id='word_1_70' title='bbox 940 1297 1112 1344; x_wconf 90' lang='lat' dir='ltr'><strong>morte</strong></span> <span class='ocrx_word' id='word_1_71' title='bbox 1139 1286 1300 1339; x_wconf 89' lang='lat' dir='ltr'><strong>vitam</strong></span> <span class='ocrx_word' id='word_1_72' title='bbox 1340 1283 1648 1338; x_wconf 85' lang='lat' dir='ltr'><strong>clauserunt</strong></span> <span class='ocrx_word' id='word_1_73' title='bbox 1681 1296 1695 1332; x_wconf 89' lang='lat'><strong>:</strong></span> 
     </span>
    </p>
   </div>
   <div class='ocr_carea' id='block_1_12' title="bbox 114 1371 1699 1462">
    <p class='ocr_par' dir='ltr' id='par_1_12' title="bbox 114 1371 1699 1462">
     <span class='ocr_line' id='line_1_12' title="bbox 114 1371 1699 1462; baseline -0.015 -16"><span class='ocrx_word' id='word_1_74' title='bbox 114 1394 433 1462; x_wconf 85' lang='lat' dir='ltr'><strong>reliquorum</strong></span> <span class='ocrx_word' id='word_1_75' title='bbox 463 1398 641 1442; x_wconf 88' lang='lat' dir='ltr'><strong>autem</strong></span> <span class='ocrx_word' id='word_1_76' title='bbox 674 1384 761 1440; x_wconf 89' lang='lat' dir='ltr'><strong>hic</strong></span> <span class='ocrx_word' id='word_1_77' title='bbox 789 1382 1002 1455; x_wconf 84' lang='lat' dir='ltr'><strong>quidem</strong></span> <span class='ocrx_word' id='word_1_78' title='bbox 1030 1396 1058 1433; x_wconf 90' lang='lat' dir='ltr'><strong>a</strong></span> <span class='ocrx_word' id='word_1_79' title='bbox 1088 1390 1334 1452; x_wconf 82' lang='lat' dir='ltr'><strong>tyranno,</strong></span> <span class='ocrx_word' id='word_1_80' title='bbox 1364 1374 1452 1428; x_wconf 85' lang='lat' dir='ltr'><strong>ille</strong></span> <span class='ocrx_word' id='word_1_81' title='bbox 1476 1386 1607 1429; x_wconf 89' lang='lat' dir='ltr'><strong>vero</strong></span> <span class='ocrx_word' id='word_1_82' title='bbox 1632 1371 1699 1424; x_wconf 87' lang='lat' dir='ltr'><strong>in</strong></span> 
     </span>
    </p>
   </div>
   <div class='ocr_carea' id='block_1_13' title="bbox 116 1463 1701 1548">
    <p class='ocr_par' dir='ltr' id='par_1_13' title="bbox 116 1463 1701 1548">
     <span class='ocr_line' id='line_1_13' title="bbox 116 1463 1701 1548; baseline -0.013 -10"><span class='ocrx_word' id='word_1_83' title='bbox 116 1484 263 1548; x_wconf 89' lang='lat' dir='ltr'><strong>bello,</strong></span> <span class='ocrx_word' id='word_1_84' title='bbox 314 1481 458 1536; x_wconf 84' lang='lat' dir='ltr'><strong>alius</strong></span> <span class='ocrx_word' id='word_1_85' title='bbox 496 1477 916 1545; x_wconf 88' lang='lat' dir='ltr'><strong>domesticorum</strong></span> <span class='ocrx_word' id='word_1_86' title='bbox 960 1470 1240 1528; x_wconf 85' lang='lat' dir='ltr'><strong>custodum</strong></span> <span class='ocrx_word' id='word_1_87' title='bbox 1289 1465 1515 1526; x_wconf 88' lang='lat' dir='ltr'><strong>insidiis,</strong></span> <span class='ocrx_word' id='word_1_88' title='bbox 1565 1463 1701 1519; x_wconf 87' lang='lat' dir='ltr'><strong>alius</strong></span> 
     </span>
    </p>
   </div>
   <div class='ocr_carea' id='block_1_14' title="bbox 112 1557 1698 1639">
    <p class='ocr_par' dir='ltr' id='par_1_14' title="bbox 112 1557 1698 1639">
     <span class='ocr_line' id='line_1_14' title="bbox 112 1557 1698 1639; baseline -0.012 -12"><span class='ocrx_word' id='word_1_89' title='bbox 112 1586 277 1628; x_wconf 84' lang='lat' dir='ltr'><strong>autem</strong></span> <span class='ocrx_word' id='word_1_90' title='bbox 308 1572 382 1625; x_wconf 89' lang='lat' dir='ltr'><strong>ab</strong></span> <span class='ocrx_word' id='word_1_91' title='bbox 414 1570 506 1624; x_wconf 93' lang='lat' dir='ltr'><strong>illo</strong></span> <span class='ocrx_word' id='word_1_92' title='bbox 535 1571 670 1639; x_wconf 89' lang='lat' dir='ltr'><strong>ipso,</strong></span> <span class='ocrx_word' id='word_1_93' title='bbox 704 1567 791 1638; x_wconf 87' lang='lat' dir='ltr'><strong>qui</strong></span> <span class='ocrx_word' id='word_1_94' title='bbox 823 1579 1075 1622; x_wconf 87' lang='lat' dir='ltr'><strong>coronam</strong></span> <span class='ocrx_word' id='word_1_95' title='bbox 1113 1576 1177 1616; x_wconf 92' lang='lat' dir='ltr'><strong>ac</strong></span> <span class='ocrx_word' id='word_1_96' title='bbox 1208 1574 1493 1630; x_wconf 87' lang='lat' dir='ltr'><strong>purpuram</strong></span> <span class='ocrx_word' id='word_1_97' title='bbox 1524 1557 1698 1626; x_wconf 90' lang='lat' dir='ltr'><strong>impo-</strong></span> 
     </span>
    </p>
   </div>
   <div class='ocr_carea' id='block_1_15' title="bbox 112 1649 1700 1730">
    <p class='ocr_par' dir='ltr' id='par_1_15' title="bbox 112 1649 1700 1730">
     <span class='ocr_line' id='line_1_15' title="bbox 112 1649 1700 1730; baseline -0.011 -11"><span class='ocrx_word' id='word_1_98' title='bbox 112 1674 317 1730; x_wconf 76' lang='lat' dir='ltr'><strong>suerat,</strong></span> <span class='ocrx_word' id='word_1_99' title='bbox 370 1661 683 1716; x_wconf 76' lang='lat' dir='ltr'><strong>interfectus</strong></span> <span class='ocrx_word' id='word_1_100' title='bbox 730 1657 1013 1721; x_wconf 89' lang='lat' dir='ltr'><strong>occubuit;</strong></span> <span class='ocrx_word' id='word_1_101' title='bbox 1068 1668 1269 1709; x_wconf 88' lang='lat' dir='ltr'><strong>uxores</strong></span> <span class='ocrx_word' id='word_1_102' title='bbox 1316 1666 1443 1707; x_wconf 87' lang='lat' dir='ltr'><strong>vero</strong></span> <span class='ocrx_word' id='word_1_103' title='bbox 1489 1649 1700 1704; x_wconf 90' lang='lat' dir='ltr'><strong>illorum</strong></span> 
     </span>
    </p>
   </div>
   <div class='ocr_carea' id='block_1_16' title="bbox 111 1744 1700 1825">
    <p class='ocr_par' dir='ltr' id='par_1_16' title="bbox 111 1744 1700 1825">
     <span class='ocr_line' id='line_1_16' title="bbox 111 1744 1700 1825; baseline -0.009 -16"><span class='ocrx_word' id='word_1_104' title='bbox 111 1758 314 1825; x_wconf 79' lang='lat' dir='ltr'><strong>partim,</strong></span> <span class='ocrx_word' id='word_1_105' title='bbox 345 1764 404 1807; x_wconf 92' lang='lat' dir='ltr'><strong>ut</strong></span> <span class='ocrx_word' id='word_1_106' title='bbox 432 1754 625 1817; x_wconf 87' lang='lat' dir='ltr'><strong>ferunt,</strong></span> <span class='ocrx_word' id='word_1_107' title='bbox 650 1764 857 1806; x_wconf 89' lang='lat' dir='ltr'><strong>veneno</strong></span> <span class='ocrx_word' id='word_1_108' title='bbox 878 1748 1209 1810; x_wconf 88' lang='lat' dir='ltr'><strong>interierunt,</strong></span> <span class='ocrx_word' id='word_1_109' title='bbox 1236 1744 1425 1815; x_wconf 86' lang='lat' dir='ltr'><strong>partim</strong></span> <span class='ocrx_word' id='word_1_110' title='bbox 1449 1756 1700 1797; x_wconf 66' lang='lat' dir='ltr'><strong>maerore.</strong></span> 
     </span>
    </p>
   </div>
   <div class='ocr_carea' id='block_1_17' title="bbox 113 1832 1703 1912">
    <p class='ocr_par' dir='ltr' id='par_1_17' title="bbox 113 1832 1703 1912">
     <span class='ocr_line' id='line_1_17' title="bbox 113 1832 1703 1912; baseline -0.008 -12"><span class='ocrx_word' id='word_1_111' title='bbox 113 1849 294 1900; x_wconf 69' lang='lat' dir='ltr'><strong>[arum</strong></span> <span class='ocrx_word' id='word_1_112' title='bbox 317 1860 471 1907; x_wconf 83' lang='lat' dir='ltr'><strong>vero,</strong></span> <span class='ocrx_word' id='word_1_113' title='bbox 494 1860 611 1912; x_wconf 68' lang='lat' dir='ltr'><strong>qua:</strong></span> <span class='ocrx_word' id='word_1_114' title='bbox 628 1842 801 1896; x_wconf 84' lang='lat' dir='ltr'><strong>adhuc</strong></span> <span class='ocrx_word' id='word_1_115' title='bbox 813 1839 1124 1909; x_wconf 78' lang='lat' dir='ltr'><strong>superstites</strong></span> <span class='ocrx_word' id='word_1_116' title='bbox 1136 1845 1283 1899; x_wconf 92' lang='lat' dir='ltr'><strong>sunt,</strong></span> <span class='ocrx_word' id='word_1_117' title='bbox 1302 1836 1467 1889; x_wconf 86' lang='lat' dir='ltr'><strong>altera</strong></span> <span class='ocrx_word' id='word_1_118' title='bbox 1486 1832 1703 1902; x_wconf 86' lang='lat' dir='ltr'><strong>quidem</strong></span> 
     </span>
    </p>
   </div>
   <div class='ocr_carea' id='block_1_18' title="bbox 113 1924 1701 2004">
    <p class='ocr_par' dir='ltr' id='par_1_18' title="bbox 113 1924 1701 2004">
     <span class='ocr_line' id='line_1_18' title="bbox 113 1924 1701 2004; baseline -0.008 -16"><span class='ocrx_word' id='word_1_119' title='bbox 113 1938 267 1990; x_wconf 88' lang='lat' dir='ltr'><strong>lilium</strong></span> <span class='ocrx_word' id='word_1_120' title='bbox 282 1935 495 1990; x_wconf 86' lang='lat' dir='ltr'><strong>habens</strong></span> <span class='ocrx_word' id='word_1_121' title='bbox 518 1933 777 2004; x_wconf 92' lang='lat' dir='ltr'><strong>pupillum</strong></span> <span class='ocrx_word' id='word_1_122' title='bbox 801 1930 1054 1984; x_wconf 89' lang='lat' dir='ltr'><strong>tremitac</strong></span> <span class='ocrx_word' id='word_1_123' title='bbox 1075 1927 1280 1992; x_wconf 90' lang='lat' dir='ltr'><strong>metuit,</strong></span> <span class='ocrx_word' id='word_1_124' title='bbox 1302 1939 1369 1981; x_wconf 90' lang='lat' dir='ltr'><strong>ne</strong></span> <span class='ocrx_word' id='word_1_125' title='bbox 1381 1924 1501 1995; x_wconf 88' lang='lat' dir='ltr'><strong>quis</strong></span> <span class='ocrx_word' id='word_1_126' title='bbox 1516 1938 1701 1979; x_wconf 89' lang='lat' dir='ltr'><strong>eorum</strong></span> 
     </span>
    </p>
   </div>
   <div class='ocr_carea' id='block_1_19' title="bbox 110 2013 1704 2096">
    <p class='ocr_par' dir='ltr' id='par_1_19' title="bbox 110 2013 1704 2096">
     <span class='ocr_line' id='line_1_19' title="bbox 110 2013 1704 2096; baseline -0.006 -18"><span class='ocrx_word' id='word_1_127' title='bbox 110 2028 187 2096; x_wconf 85' lang='lat' dir='ltr'><strong>qui</strong></span> <span class='ocrx_word' id='word_1_128' title='bbox 214 2042 398 2081; x_wconf 90' lang='lat' dir='ltr'><strong>rerum</strong></span> <span class='ocrx_word' id='word_1_129' title='bbox 422 2027 731 2096; x_wconf 87' lang='lat' dir='ltr'><strong>potiuntur,</strong></span> <span class='ocrx_word' id='word_1_130' title='bbox 763 2032 909 2076; x_wconf 91' lang='lat' dir='ltr'><strong>metu</strong></span> <span class='ocrx_word' id='word_1_131' title='bbox 936 2018 1238 2074; x_wconf 87' lang='lat' dir='ltr'><strong>futurorum</strong></span> <span class='ocrx_word' id='word_1_132' title='bbox 1279 2031 1400 2072; x_wconf 90' lang='lat' dir='ltr'><strong>eum</strong></span> <span class='ocrx_word' id='word_1_133' title='bbox 1434 2015 1500 2070; x_wconf 89' lang='lat' dir='ltr'><strong>de</strong></span> <span class='ocrx_word' id='word_1_134' title='bbox 1527 2013 1704 2069; x_wconf 90' lang='lat' dir='ltr'><strong>medio</strong></span> 
     </span>
    </p>
   </div>
   <div class='ocr_carea' id='block_1_20' title="bbox 112 2106 1706 2181">
    <p class='ocr_par' dir='ltr' id='par_1_20' title="bbox 112 2106 1706 2181">
     <span class='ocr_line' id='line_1_20' title="bbox 112 2106 1706 2181; baseline -0.007 -12"><span class='ocrx_word' id='word_1_135' title='bbox 112 2119 273 2177; x_wconf 79' lang='lat' dir='ltr'><strong>tollat,</strong></span> <span class='ocrx_word' id='word_1_136' title='bbox 291 2118 463 2170; x_wconf 87' lang='lat' dir='ltr'><strong>altera</strong></span> <span class='ocrx_word' id='word_1_137' title='bbox 480 2128 611 2171; x_wconf 73' lang='grc' dir='ltr'><strong>νει-ο</strong></span> <span class='ocrx_word' id='word_1_138' title='bbox 638 2115 723 2167; x_wconf 84' lang='lat' dir='ltr'><strong>vix</strong></span> <span class='ocrx_word' id='word_1_139' title='bbox 756 2113 1044 2167; x_wconf 90' lang='lat' dir='ltr'><strong>multorum</strong></span> <span class='ocrx_word' id='word_1_140' title='bbox 1074 2109 1324 2181; x_wconf 89' lang='lat' dir='ltr'><strong>precibus</strong></span> <span class='ocrx_word' id='word_1_141' title='bbox 1335 2108 1401 2162; x_wconf 87' lang='lat' dir='ltr'><strong>ab</strong></span> <span class='ocrx_word' id='word_1_142' title='bbox 1417 2106 1606 2161; x_wconf 87' lang='lat' dir='ltr'><strong>exsilio</strong></span> <span class='ocrx_word' id='word_1_143' title='bbox 1622 2121 1706 2159; x_wconf 88' lang='lat' dir='ltr'><strong>re-</strong></span> 
     </span>
    </p>
   </div>
   <div class='ocr_carea' id='block_1_21' title="bbox 110 2196 1702 2277">
    <p class='ocr_par' dir='ltr' id='par_1_21' title="bbox 110 2196 1702 2277">
     <span class='ocr_line' id='line_1_21' title="bbox 110 2196 1702 2277; baseline -0.004 -20"><span class='ocrx_word' id='word_1_144' title='bbox 110 2208 218 2269; x_wconf 77' lang='lat' dir='ltr'><strong>diit,</strong></span> <span class='ocrx_word' id='word_1_145' title='bbox 243 2222 354 2277; x_wconf 86' lang='lat' dir='ltr'><strong>quo</strong></span> <span class='ocrx_word' id='word_1_146' title='bbox 374 2216 531 2259; x_wconf 81' lang='lat' dir='ltr'><strong>attica</strong></span> <span class='ocrx_word' id='word_1_147' title='bbox 548 2204 617 2258; x_wconf 90' lang='lat' dir='ltr'><strong>ab</strong></span> <span class='ocrx_word' id='word_1_148' title='bbox 639 2218 725 2268; x_wconf 90' lang='lat' dir='ltr'><strong>eo,</strong></span> <span class='ocrx_word' id='word_1_149' title='bbox 749 2203 837 2272; x_wconf 93' lang='lat' dir='ltr'><strong>qui</strong></span> <span class='ocrx_word' id='word_1_150' title='bbox 856 2217 1031 2256; x_wconf 90' lang='lat' dir='ltr'><strong>rerum</strong></span> <span class='ocrx_word' id='word_1_151' title='bbox 1052 2198 1371 2269; x_wconf 90' lang='lat' dir='ltr'><strong>potiebatur,</strong></span> <span class='ocrx_word' id='word_1_152' title='bbox 1386 2196 1548 2251; x_wconf 89' lang='lat' dir='ltr'><strong>missa</strong></span> <span class='ocrx_word' id='word_1_153' title='bbox 1566 2205 1702 2250; x_wconf 88' lang='lat' dir='ltr'><strong>erat.</strong></span> 
     </span>
    </p>
   </div>
   <div class='ocr_carea' id='block_1_22' title="bbox 110 2286 1705 2363">
    <p class='ocr_par' dir='ltr' id='par_1_22' title="bbox 110 2286 1705 2363">
     <span class='ocr_line' id='line_1_22' title="bbox 110 2286 1705 2363; baseline -0.007 -13"><span class='ocrx_word' id='word_1_154' title='bbox 110 2297 251 2363; x_wconf 82' lang='lat' dir='ltr'><strong>Quod</strong></span> <span class='ocrx_word' id='word_1_155' title='bbox 276 2295 345 2349; x_wconf 87' lang='lat' dir='ltr'><strong>ad</strong></span> <span class='ocrx_word' id='word_1_156' title='bbox 358 2302 733 2350; x_wconf 87' lang='lat' dir='ltr'><strong>eorutuautem</strong></span> <span class='ocrx_word' id='word_1_157' title='bbox 748 2291 837 2362; x_wconf 90' lang='lat' dir='ltr'><strong>qui</strong></span> <span class='ocrx_word' id='word_1_158' title='bbox 850 2291 1263 2359; x_wconf 89' lang='lat' dir='ltr'><strong>uuncimperant</strong></span> <span class='ocrx_word' id='word_1_159' title='bbox 1293 2302 1511 2351; x_wconf 83' lang='lat' dir='ltr'><strong>uxores,</strong></span> <span class='ocrx_word' id='word_1_160' title='bbox 1538 2286 1705 2340; x_wconf 89' lang='lat' dir='ltr'><strong>altera</strong></span> 
     </span>
    </p>
   </div>
   <div class='ocr_carea' id='block_1_23' title="bbox 111 2378 1703 2457">
    <p class='ocr_par' dir='ltr' id='par_1_23' title="bbox 111 2378 1703 2457">
     <span class='ocr_line' id='line_1_23' title="bbox 111 2378 1703 2457; baseline -0.008 -14"><span class='ocrx_word' id='word_1_161' title='bbox 111 2406 166 2443; x_wconf 81' lang='lat' dir='ltr'><strong>ex</strong></span> <span class='ocrx_word' id='word_1_162' title='bbox 200 2388 447 2457; x_wconf 81' lang='lat' dir='ltr'><strong>pristinis</strong></span> <span class='ocrx_word' id='word_1_163' title='bbox 467 2384 864 2443; x_wconf 82' lang='lat' dir='ltr'><strong>calamitatibus</strong></span> <span class='ocrx_word' id='word_1_164' title='bbox 882 2382 1152 2452; x_wconf 89' lang='lat' dir='ltr'><strong>respirans</strong></span> <span class='ocrx_word' id='word_1_165' title='bbox 1172 2378 1428 2449; x_wconf 85' lang='lat' dir='ltr'><strong>voluptati</strong></span> <span class='ocrx_word' id='word_1_166' title='bbox 1456 2394 1703 2448; x_wconf 88' lang='lat' dir='ltr'><strong>magnum</strong></span> 
     </span>
    </p>
   </div>
   <div class='ocr_carea' id='block_1_24' title="bbox 116 2472 1707 2543">
    <p class='ocr_par' dir='ltr' id='par_1_24' title="bbox 116 2472 1707 2543">
     <span class='ocr_line' id='line_1_24' title="bbox 116 2472 1707 2543; baseline -0.006 -9"><span class='ocrx_word' id='word_1_167' title='bbox 116 2482 269 2536; x_wconf 80' lang='lat' dir='ltr'><strong>habet</strong></span> <span class='ocrx_word' id='word_1_168' title='bbox 292 2480 543 2534; x_wconf 89' lang='lat' dir='ltr'><strong>dolorem</strong></span> <span class='ocrx_word' id='word_1_169' title='bbox 571 2476 858 2533; x_wconf 85' lang='lat' dir='ltr'><strong>adntistum</strong></span> <span class='ocrx_word' id='word_1_170' title='bbox 881 2516 895 2540; x_wconf 89' lang='lat'><strong>,</strong></span> <span class='ocrx_word' id='word_1_171' title='bbox 927 2490 992 2530; x_wconf 91' lang='lat' dir='ltr'><strong>eo</strong></span> <span class='ocrx_word' id='word_1_172' title='bbox 1017 2472 1156 2542; x_wconf 84' lang='lat' dir='ltr'><strong>quod</strong></span> <span class='ocrx_word' id='word_1_173' title='bbox 1183 2473 1272 2543; x_wconf 89' lang='lat' dir='ltr'><strong>qui</strong></span> <span class='ocrx_word' id='word_1_174' title='bbox 1304 2487 1483 2527; x_wconf 91' lang='lat' dir='ltr'><strong>rerum</strong></span> <span class='ocrx_word' id='word_1_175' title='bbox 1506 2472 1707 2540; x_wconf 89' lang='lat' dir='ltr'><strong>potitur</strong></span> 
     </span>
    </p>
   </div>
   <div class='ocr_carea' id='block_1_25' title="bbox 114 2564 1708 2643">
    <p class='ocr_par' dir='ltr' id='par_1_25' title="bbox 114 2564 1708 2643">
     <span class='ocr_line' id='line_1_25' title="bbox 114 2564 1708 2643; baseline -0.006 -15"><span class='ocrx_word' id='word_1_176' title='bbox 114 2574 269 2628; x_wconf 82' lang='lat' dir='ltr'><strong>nimis</strong></span> <span class='ocrx_word' id='word_1_177' title='bbox 311 2571 529 2643; x_wconf 86' lang='lat' dir='ltr'><strong>juvenis</strong></span> <span class='ocrx_word' id='word_1_178' title='bbox 563 2585 627 2625; x_wconf 89' lang='lat' dir='ltr'><strong>ac</strong></span> <span class='ocrx_word' id='word_1_179' title='bbox 670 2571 979 2639; x_wconf 80' lang='lat' dir='ltr'><strong>inexpertus</strong></span> <span class='ocrx_word' id='word_1_180' title='bbox 1022 2566 1122 2633; x_wconf 85' lang='lat' dir='ltr'><strong>sit,</strong></span> <span class='ocrx_word' id='word_1_181' title='bbox 1170 2565 1474 2634; x_wconf 90' lang='lat' dir='ltr'><strong>multosque</strong></span> <span class='ocrx_word' id='word_1_182' title='bbox 1515 2564 1708 2618; x_wconf 87' lang='lat' dir='ltr'><strong>haheat</strong></span> 
     </span>
    </p>
   </div>
   <div class='ocr_carea' id='block_1_26' title="bbox 113 2656 1705 2738">
    <p class='ocr_par' dir='ltr' id='par_1_26' title="bbox 113 2656 1705 2738">
     <span class='ocr_line' id='line_1_26' title="bbox 113 2656 1705 2738; baseline -0.008 -16"><span class='ocrx_word' id='word_1_183' title='bbox 113 2668 343 2738; x_wconf 89' lang='lat' dir='ltr'><strong>undique</strong></span> <span class='ocrx_word' id='word_1_184' title='bbox 394 2665 744 2725; x_wconf 89' lang='lat' dir='ltr'><strong>insidiantes;</strong></span> <span class='ocrx_word' id='word_1_185' title='bbox 796 2661 964 2716; x_wconf 89' lang='lat' dir='ltr'><strong>altera</strong></span> <span class='ocrx_word' id='word_1_186' title='bbox 999 2674 1128 2714; x_wconf 89' lang='lat' dir='ltr'><strong>vero</strong></span> <span class='ocrx_word' id='word_1_187' title='bbox 1171 2656 1362 2712; x_wconf 86' lang='lat' dir='ltr'><strong>timore</strong></span> <span class='ocrx_word' id='word_1_188' title='bbox 1405 2656 1705 2712; x_wconf 83' lang='lat' dir='ltr'><strong>exanimata</strong></span> 
     </span>
    </p>
   </div>
   <div class='ocr_carea' id='block_1_27' title="bbox 114 2750 1703 2833">
    <p class='ocr_par' dir='ltr' id='par_1_27' title="bbox 114 2750 1703 2833">
     <span class='ocr_line' id='line_1_27' title="bbox 114 2750 1703 2833; baseline -0.01 -16"><span class='ocrx_word' id='word_1_189' title='bbox 114 2765 193 2827; x_wconf 90' lang='lat' dir='ltr'><strong>iis,</strong></span> <span class='ocrx_word' id='word_1_190' title='bbox 227 2763 323 2833; x_wconf 89' lang='lat' dir='ltr'><strong>qui</strong></span> <span class='ocrx_word' id='word_1_191' title='bbox 350 2761 529 2830; x_wconf 87' lang='lat' dir='ltr'><strong>capite</strong></span> <span class='ocrx_word' id='word_1_192' title='bbox 555 2756 791 2813; x_wconf 88' lang='lat' dir='ltr'><strong>damnati</strong></span> <span class='ocrx_word' id='word_1_193' title='bbox 820 2764 965 2822; x_wconf 90' lang='lat' dir='ltr'><strong>sunt,</strong></span> <span class='ocrx_word' id='word_1_194' title='bbox 994 2754 1327 2808; x_wconf 82' lang='lat' dir='ltr'><strong>miseriorem</strong></span> <span class='ocrx_word' id='word_1_195' title='bbox 1356 2751 1515 2804; x_wconf 87' lang='lat' dir='ltr'><strong>vitam</strong></span> <span class='ocrx_word' id='word_1_196' title='bbox 1539 2750 1703 2813; x_wconf 90' lang='lat' dir='ltr'><strong>ducit,</strong></span> 
     </span>
    </p>
   </div>
   <div class='ocr_carea' id='block_1_28' title="bbox 112 2841 1709 2923">
    <p class='ocr_par' dir='ltr' id='par_1_28' title="bbox 112 2841 1709 2923">
     <span class='ocr_line' id='line_1_28' title="bbox 112 2841 1709 2923; baseline -0.01 -15"><span class='ocrx_word' id='word_1_197' title='bbox 112 2870 170 2908; x_wconf 85' lang='lat' dir='ltr'><strong>eo</strong></span> <span class='ocrx_word' id='word_1_198' title='bbox 196 2853 344 2923; x_wconf 85' lang='lat' dir='ltr'><strong>quod</strong></span> <span class='ocrx_word' id='word_1_199' title='bbox 381 2853 464 2906; x_wconf 92' lang='lat' dir='ltr'><strong>vir</strong></span> <span class='ocrx_word' id='word_1_200' title='bbox 490 2851 659 2920; x_wconf 84' lang='lat' dir='ltr'><strong>ipsius</strong></span> <span class='ocrx_word' id='word_1_201' title='bbox 685 2848 753 2903; x_wconf 92' lang='lat' dir='ltr'><strong>ab</strong></span> <span class='ocrx_word' id='word_1_202' title='bbox 778 2862 843 2903; x_wconf 92' lang='lat' dir='ltr'><strong>eo</strong></span> <span class='ocrx_word' id='word_1_203' title='bbox 878 2854 1135 2915; x_wconf 88' lang='lat' dir='ltr'><strong>tempore,</strong></span> <span class='ocrx_word' id='word_1_204' title='bbox 1167 2860 1274 2914; x_wconf 91' lang='lat' dir='ltr'><strong>quo</strong></span> <span class='ocrx_word' id='word_1_205' title='bbox 1312 2841 1555 2897; x_wconf 87' lang='lat' dir='ltr'><strong>diadema</strong></span> <span class='ocrx_word' id='word_1_206' title='bbox 1591 2855 1709 2894; x_wconf 91' lang='lat' dir='ltr'><strong>sus-</strong></span> 
     </span>
    </p>
   </div>
   <div class='ocr_carea' id='block_1_29' title="bbox 110 2930 1706 3012">
    <p class='ocr_par' dir='ltr' id='par_1_29' title="bbox 110 2930 1706 3012">
     <span class='ocr_line' id='line_1_29' title="bbox 110 2930 1706 3012; baseline -0.009 -13"><span class='ocrx_word' id='word_1_207' title='bbox 110 2946 269 3012; x_wconf 76' lang='lat' dir='ltr'><strong>cepit,</strong></span> <span class='ocrx_word' id='word_1_208' title='bbox 300 2957 473 3011; x_wconf 84' lang='lat' dir='ltr'><strong>usque</strong></span> <span class='ocrx_word' id='word_1_209' title='bbox 510 2940 575 2995; x_wconf 86' lang='lat' dir='ltr'><strong>ad</strong></span> <span class='ocrx_word' id='word_1_210' title='bbox 609 2938 926 2993; x_wconf 89' lang='lat' dir='ltr'><strong>hodiernum</strong></span> <span class='ocrx_word' id='word_1_211' title='bbox 961 2935 1103 2990; x_wconf 90' lang='lat' dir='ltr'><strong>diem</strong></span> <span class='ocrx_word' id='word_1_212' title='bbox 1147 2935 1199 2987; x_wconf 91' lang='lat' dir='ltr'><strong>in</strong></span> <span class='ocrx_word' id='word_1_213' title='bbox 1228 2933 1368 2987; x_wconf 89' lang='lat' dir='ltr'><strong>bello</strong></span> <span class='ocrx_word' id='word_1_214' title='bbox 1411 2940 1466 2986; x_wconf 88' lang='lat' dir='ltr'><strong>et</strong></span> <span class='ocrx_word' id='word_1_215' title='bbox 1506 2930 1706 3001; x_wconf 69' lang='lat' dir='ltr'><strong>pradiis</strong></span> 
     </span>
    </p>
   </div>
   <div class='ocr_carea' id='block_1_30' title="bbox 114 3023 1708 3099">
    <p class='ocr_par' dir='ltr' id='par_1_30' title="bbox 114 3023 1708 3099">
     <span class='ocr_line' id='line_1_30' title="bbox 114 3023 1708 3099; baseline -0.006 -12"><span class='ocrx_word' id='word_1_216' title='bbox 114 3046 395 3099; x_wconf 76' lang='lat' dir='ltr'><strong>versetur,</strong></span> <span class='ocrx_word' id='word_1_217' title='bbox 424 3030 852 3099; x_wconf 85' lang='lat' dir='ltr'><strong>verecundiaque</strong></span> <span class='ocrx_word' id='word_1_218' title='bbox 891 3036 945 3082; x_wconf 90' lang='lat' dir='ltr'><strong>et</strong></span> <span class='ocrx_word' id='word_1_219' title='bbox 973 3027 1211 3096; x_wconf 87' lang='lat' dir='ltr'><strong>probris,</strong></span> <span class='ocrx_word' id='word_1_220' title='bbox 1252 3024 1443 3094; x_wconf 84' lang='lat' dir='ltr'><strong>quibus</strong></span> <span class='ocrx_word' id='word_1_221' title='bbox 1474 3023 1708 3093; x_wconf 90' lang='lat' dir='ltr'><strong>undique</strong></span> 
     </span>
    </p>
   </div>
   <div class='ocr_carea' id='block_1_31' title="bbox 112 3114 1705 3194">
    <p class='ocr_par' dir='ltr' id='par_1_31' title="bbox 112 3114 1705 3194">
     <span class='ocr_line' id='line_1_31' title="bbox 112 3114 1705 3194; baseline -0.008 -12"><span class='ocrx_word' id='word_1_222' title='bbox 112 3127 367 3189; x_wconf 80' lang='lat' dir='ltr'><strong>afﬁcitur,</strong></span> <span class='ocrx_word' id='word_1_223' title='bbox 394 3125 564 3194; x_wconf 87' lang='lat' dir='ltr'><strong>magis</strong></span> <span class='ocrx_word' id='word_1_224' title='bbox 586 3136 742 3192; x_wconf 89' lang='lat' dir='ltr'><strong>quam</strong></span> <span class='ocrx_word' id='word_1_225' title='bbox 768 3137 832 3174; x_wconf 88' lang='lat' dir='ltr'><strong>ex</strong></span> <span class='ocrx_word' id='word_1_226' title='bbox 859 3118 1248 3173; x_wconf 83' lang='lat' dir='ltr'><strong>calamitatibus</strong></span> <span class='ocrx_word' id='word_1_227' title='bbox 1275 3116 1529 3170; x_wconf 89' lang='lat' dir='ltr'><strong>tabescat.</strong></span> <span class='ocrx_word' id='word_1_228' title='bbox 1551 3114 1705 3182; x_wconf 88' lang='lat' dir='ltr'><strong>Quod</strong></span> 
     </span>
    </p>
   </div>
   <div class='ocr_carea' id='block_1_32' title="bbox 112 3209 1706 3285">
    <p class='ocr_par' dir='ltr' id='par_1_32' title="bbox 112 3209 1706 3285">
     <span class='ocr_line' id='line_1_32' title="bbox 112 3209 1706 3285; baseline -0.009 -9"><span class='ocrx_word' id='word_1_229' title='bbox 112 3221 250 3275; x_wconf 82' lang='lat' dir='ltr'><strong>enim</strong></span> <span class='ocrx_word' id='word_1_230' title='bbox 296 3228 459 3274; x_wconf 88' lang='lat' dir='ltr'><strong>antea</strong></span> <span class='ocrx_word' id='word_1_231' title='bbox 496 3229 810 3285; x_wconf 87' lang='lat' dir='ltr'><strong>numquam,</strong></span> <span class='ocrx_word' id='word_1_232' title='bbox 840 3227 981 3267; x_wconf 91' lang='lat' dir='ltr'><strong>nunc</strong></span> <span class='ocrx_word' id='word_1_233' title='bbox 1005 3212 1202 3275; x_wconf 79' lang='lat' dir='ltr'><strong>evenit,</strong></span> <span class='ocrx_word' id='word_1_234' title='bbox 1240 3219 1295 3265; x_wconf 91' lang='lat' dir='ltr'><strong>ut</strong></span> <span class='ocrx_word' id='word_1_235' title='bbox 1336 3209 1547 3265; x_wconf 85' lang='lat' dir='ltr'><strong>barbari</strong></span> <span class='ocrx_word' id='word_1_236' title='bbox 1581 3225 1706 3278; x_wconf 92' lang='lat' dir='ltr'><strong>pro-</strong></span> 
     </span>
    </p>
   </div>
   <div class='ocr_carea' id='block_1_33' title="bbox 112 3300 1706 3382">
    <p class='ocr_par' dir='ltr' id='par_1_33' title="bbox 112 3300 1706 3382">
     <span class='ocr_line' id='line_1_33' title="bbox 112 3300 1706 3382; baseline -0.008 -16"><span class='ocrx_word' id='word_1_237' title='bbox 112 3314 282 3382; x_wconf 86' lang='lat' dir='ltr'><strong>priam</strong></span> <span class='ocrx_word' id='word_1_238' title='bbox 314 3310 685 3379; x_wconf 81' lang='lat' dir='ltr'><strong>relinquentes</strong></span> <span class='ocrx_word' id='word_1_239' title='bbox 714 3306 1006 3373; x_wconf 71' lang='lat' dir='ltr'><strong>regionem,</strong></span> <span class='ocrx_word' id='word_1_240' title='bbox 1034 3302 1197 3357; x_wconf 91' lang='lat' dir='ltr'><strong>multa</strong></span> <span class='ocrx_word' id='word_1_241' title='bbox 1227 3302 1519 3356; x_wconf 89' lang='lat' dir='ltr'><strong>stadiorum</strong></span> <span class='ocrx_word' id='word_1_242' title='bbox 1546 3300 1706 3354; x_wconf 86' lang='lat' dir='ltr'><strong>millia</strong></span> 
     </span>
    </p>
   </div>
   <div class='ocr_carea' id='block_1_34' title="bbox 112 3391 1707 3474">
    <p class='ocr_par' dir='ltr' id='par_1_34' title="bbox 112 3391 1707 3474">
     <span class='ocr_line' id='line_1_34' title="bbox 112 3391 1707 3474; baseline -0.009 -19"><span class='ocrx_word' id='word_1_243' title='bbox 112 3403 349 3474; x_wconf 77' lang='lat' dir='ltr'><strong>regionis</strong></span> <span class='ocrx_word' id='word_1_244' title='bbox 401 3407 599 3454; x_wconf 75' lang='lat' dir='ltr'><strong>nostra:</strong></span> <span class='ocrx_word' id='word_1_245' title='bbox 645 3395 1040 3466; x_wconf 88' lang='lat' dir='ltr'><strong>pereurreriut,</strong></span> <span class='ocrx_word' id='word_1_246' title='bbox 1066 3402 1122 3448; x_wconf 90' lang='lat' dir='ltr'><strong>et</strong></span> <span class='ocrx_word' id='word_1_247' title='bbox 1152 3392 1292 3463; x_wconf 86' lang='lat' dir='ltr'><strong>agris</strong></span> <span class='ocrx_word' id='word_1_248' title='bbox 1343 3391 1575 3447; x_wconf 85' lang='lat' dir='ltr'><strong>incensis</strong></span> <span class='ocrx_word' id='word_1_249' title='bbox 1613 3405 1707 3444; x_wconf 78' lang='lat' dir='ltr'><strong>ea-</strong></span> 
     </span>
    </p>
   </div>
   <div class='ocr_carea' id='block_1_35' title="bbox 110 3484 1706 3563">
    <p class='ocr_par' dir='ltr' id='par_1_35' title="bbox 110 3484 1706 3563">
     <span class='ocr_line' id='line_1_35' title="bbox 110 3484 1706 3563; baseline -0.004 -20"><span class='ocrx_word' id='word_1_250' title='bbox 110 3497 324 3563; x_wconf 70' lang='lat' dir='ltr'><strong>prisque</strong></span> <span class='ocrx_word' id='word_1_251' title='bbox 350 3489 574 3546; x_wconf 89' lang='lat' dir='ltr'><strong>urbibus</strong></span> <span class='ocrx_word' id='word_1_252' title='bbox 594 3488 811 3543; x_wconf 89' lang='lat' dir='ltr'><strong>domum</strong></span> <span class='ocrx_word' id='word_1_253' title='bbox 836 3484 1092 3542; x_wconf 91' lang='lat' dir='ltr'><strong>redeundi</strong></span> <span class='ocrx_word' id='word_1_254' title='bbox 1113 3500 1321 3539; x_wconf 91' lang='lat' dir='ltr'><strong>omnem</strong></span> <span class='ocrx_word' id='word_1_255' title='bbox 1336 3484 1706 3553; x_wconf 82' lang='lat' dir='ltr'><strong>cogitationem</strong></span> 
     </span>
    </p>
   </div>
   <div class='ocr_carea' id='block_1_36' title="bbox 111 3574 1707 3655">
    <p class='ocr_par' dir='ltr' id='par_1_36' title="bbox 111 3574 1707 3655">
     <span class='ocr_line' id='line_1_36' title="bbox 111 3574 1707 3655; baseline -0.005 -19"><span class='ocrx_word' id='word_1_256' title='bbox 111 3585 448 3655; x_wconf 63' lang='lat' dir='ltr'><strong>abjccrrint;</strong></span> <span class='ocrx_word' id='word_1_257' title='bbox 475 3597 539 3635; x_wconf 90' lang='lat' dir='ltr'><strong>ac</strong></span> <span class='ocrx_word' id='word_1_258' title='bbox 566 3579 785 3650; x_wconf 90' lang='lat' dir='ltr'><strong>perinde</strong></span> <span class='ocrx_word' id='word_1_259' title='bbox 824 3578 974 3648; x_wconf 88' lang='lat' dir='ltr'><strong>quasi</strong></span> <span class='ocrx_word' id='word_1_260' title='bbox 1020 3577 1244 3632; x_wconf 90' lang='lat' dir='ltr'><strong>choreas</strong></span> <span class='ocrx_word' id='word_1_261' title='bbox 1284 3574 1572 3641; x_wconf 88' lang='lat' dir='ltr'><strong>ducerent,</strong></span> <span class='ocrx_word' id='word_1_262' title='bbox 1602 3590 1707 3629; x_wconf 93' lang='lat' dir='ltr'><strong>non</strong></span> 
     </span>
    </p>
   </div>
   <div class='ocr_carea' id='block_1_37' title="bbox 114 3668 1711 3745">
    <p class='ocr_par' dir='ltr' id='par_1_37' title="bbox 114 3668 1711 3745">
     <span class='ocr_line' id='line_1_37' title="bbox 114 3668 1711 3745; baseline -0.007 -13"><span class='ocrx_word' id='word_1_263' title='bbox 114 3678 317 3732; x_wconf 85' lang='lat' dir='ltr'><strong>bellum</strong></span> <span class='ocrx_word' id='word_1_264' title='bbox 339 3685 612 3745; x_wconf 81' lang='lat' dir='ltr'><strong>gererent,</strong></span> <span class='ocrx_word' id='word_1_265' title='bbox 637 3674 707 3727; x_wconf 88' lang='lat' dir='ltr'><strong>ita</strong></span> <span class='ocrx_word' id='word_1_266' title='bbox 735 3683 949 3725; x_wconf 91' lang='lat' dir='ltr'><strong>nostros</strong></span> <span class='ocrx_word' id='word_1_267' title='bbox 968 3685 1154 3723; x_wconf 89' lang='lat' dir='ltr'><strong>omnes</strong></span> <span class='ocrx_word' id='word_1_268' title='bbox 1177 3668 1428 3732; x_wconf 84' lang='lat' dir='ltr'><strong>irrident;</strong></span> <span class='ocrx_word' id='word_1_269' title='bbox 1455 3677 1508 3723; x_wconf 93' lang='lat' dir='ltr'><strong>et</strong></span> <span class='ocrx_word' id='word_1_270' title='bbox 1523 3683 1711 3738; x_wconf 89' lang='lat' dir='ltr'><strong>quem-</strong></span> 
     </span>
    </p>
   </div>
   <div class='ocr_carea' id='block_1_38' title="bbox 111 3762 1707 3836">
    <p class='ocr_par' dir='ltr' id='par_1_38' title="bbox 111 3762 1707 3836">
     <span class='ocr_line' id='line_1_38' title="bbox 111 3762 1707 3836; baseline -0.004 -13"><span class='ocrx_word' id='word_1_271' title='bbox 111 3771 231 3824; x_wconf 86' lang='lat' dir='ltr'><strong>dam</strong></span> <span class='ocrx_word' id='word_1_272' title='bbox 262 3784 338 3824; x_wconf 89' lang='lat' dir='ltr'><strong>ex</strong></span> <span class='ocrx_word' id='word_1_273' title='bbox 364 3767 578 3822; x_wconf 91' lang='lat' dir='ltr'><strong>illorum</strong></span> <span class='ocrx_word' id='word_1_274' title='bbox 611 3764 826 3836; x_wconf 81' lang='lat' dir='ltr'><strong>regibus</strong></span> <span class='ocrx_word' id='word_1_275' title='bbox 852 3763 1052 3819; x_wconf 78' lang='lat' dir='ltr'><strong>dixisse</strong></span> <span class='ocrx_word' id='word_1_276' title='bbox 1087 3762 1281 3826; x_wconf 87' lang='lat' dir='ltr'><strong>ferunt,</strong></span> <span class='ocrx_word' id='word_1_277' title='bbox 1312 3763 1490 3817; x_wconf 90' lang='lat' dir='ltr'><strong>mirari</strong></span> <span class='ocrx_word' id='word_1_278' title='bbox 1521 3778 1580 3818; x_wconf 93' lang='lat' dir='ltr'><strong>se</strong></span> <span class='ocrx_word' id='word_1_279' title='bbox 1605 3763 1707 3817; x_wconf 89' lang='lat' dir='ltr'><strong>im-</strong></span> 
     </span>
    </p>
   </div>
   <div class='ocr_carea' id='block_1_39' title="bbox 116 3854 1709 3931">
    <p class='ocr_par' dir='ltr' id='par_1_39' title="bbox 116 3854 1709 3931">
     <span class='ocr_line' id='line_1_39' title="bbox 116 3854 1709 3931; baseline -0.003 -18"><span class='ocrx_word' id='word_1_280' title='bbox 116 3860 433 3931; x_wconf 86' lang='lat' dir='ltr'><strong>pudentiam</strong></span> <span class='ocrx_word' id='word_1_281' title='bbox 465 3866 770 3912; x_wconf 85' lang='lat' dir='ltr'><strong>nostrorum</strong></span> <span class='ocrx_word' id='word_1_282' title='bbox 798 3855 1047 3919; x_wconf 89' lang='lat' dir='ltr'><strong>militum,</strong></span> <span class='ocrx_word' id='word_1_283' title='bbox 1067 3854 1296 3924; x_wconf 90' lang='lat' dir='ltr'><strong>quicum</strong></span> <span class='ocrx_word' id='word_1_284' title='bbox 1322 3854 1525 3909; x_wconf 81' lang='lat' dir='ltr'><strong>facilius</strong></span> <span class='ocrx_word' id='word_1_285' title='bbox 1554 3870 1709 3924; x_wconf 90' lang='lat' dir='ltr'><strong>quam</strong></span> 
     </span>
    </p>
   </div>
   <div class='ocr_carea' id='block_1_40' title="bbox 112 3946 1711 4020">
    <p class='ocr_par' dir='ltr' id='par_1_40' title="bbox 112 3946 1711 4020">
     <span class='ocr_line' id='line_1_40' title="bbox 112 3946 1711 4020; baseline -0.003 -16"><span class='ocrx_word' id='word_1_286' title='bbox 112 3968 242 4007; x_wconf 84' lang='lat' dir='ltr'><strong>oves</strong></span> <span class='ocrx_word' id='word_1_287' title='bbox 262 3952 482 4005; x_wconf 83' lang='lat' dir='ltr'><strong>soleant</strong></span> <span class='ocrx_word' id='word_1_288' title='bbox 499 3948 750 4020; x_wconf 83' lang='lat' dir='ltr'><strong>jngulari,</strong></span> <span class='ocrx_word' id='word_1_289' title='bbox 779 3947 953 4002; x_wconf 90' lang='lat' dir='ltr'><strong>adhuc</strong></span> <span class='ocrx_word' id='word_1_290' title='bbox 972 3946 1246 4001; x_wconf 83' lang='lat' dir='ltr'><strong>victoriam</strong></span> <span class='ocrx_word' id='word_1_291' title='bbox 1276 3953 1515 4016; x_wconf 87' lang='lat' dir='ltr'><strong>sperent,</strong></span> <span class='ocrx_word' id='word_1_292' title='bbox 1539 3962 1711 4015; x_wconf 89' lang='lat' dir='ltr'><strong>neque</strong></span> 
     </span>
    </p>
   </div>
   <div class='ocr_carea' id='block_1_41' title="bbox 114 4037 1710 4112">
    <p class='ocr_par' dir='ltr' id='par_1_41' title="bbox 114 4037 1710 4112">
     <span class='ocr_line' id='line_1_41' title="bbox 114 4037 1710 4112; baseline -0.003 -15"><span class='ocrx_word' id='word_1_293' title='bbox 114 4060 177 4100; x_wconf 80' lang='lat' dir='ltr'><strong>cx</strong></span> <span class='ocrx_word' id='word_1_294' title='bbox 236 4059 341 4098; x_wconf 87' lang='lat' dir='ltr'><strong>sua</strong></span> <span class='ocrx_word' id='word_1_295' title='bbox 376 4043 599 4112; x_wconf 76' lang='lat' dir='ltr'><strong>regione</strong></span> <span class='ocrx_word' id='word_1_296' title='bbox 631 4041 792 4094; x_wconf 84' lang='lat' dir='ltr'><strong>velint</strong></span> <span class='ocrx_word' id='word_1_297' title='bbox 834 4038 1113 4095; x_wconf 89' lang='lat' dir='ltr'><strong>excedere.</strong></span> <span class='ocrx_word' id='word_1_298' title='bbox 1164 4038 1295 4093; x_wconf 86' lang='lat' dir='ltr'><strong>Nam</strong></span> <span class='ocrx_word' id='word_1_299' title='bbox 1340 4037 1455 4107; x_wconf 89' lang='lat' dir='ltr'><strong>ipse</strong></span> <span class='ocrx_word' id='word_1_300' title='bbox 1496 4038 1710 4108; x_wconf 90' lang='lat' dir='ltr'><strong>quidem</strong></span> 
     </span>
    </p>
   </div>
   <div class='ocr_carea' id='block_1_42' title="bbox 111 4130 1710 4199">
    <p class='ocr_par' dir='ltr' id='par_1_42' title="bbox 111 4130 1710 4199">
     <span class='ocr_line' id='line_1_42' title="bbox 111 4130 1710 4199; baseline -0.002 -13"><span class='ocrx_word' id='word_1_301' title='bbox 111 4135 269 4197; x_wconf 87' lang='lat' dir='ltr'><strong>dixit,</strong></span> <span class='ocrx_word' id='word_1_302' title='bbox 298 4148 426 4188; x_wconf 85' lang='lat' dir='ltr'><strong>sese</strong></span> <span class='ocrx_word' id='word_1_303' title='bbox 462 4132 566 4186; x_wconf 80' lang='lat' dir='ltr'><strong>illis</strong></span> <span class='ocrx_word' id='word_1_304' title='bbox 590 4130 859 4186; x_wconf 69' lang='lat' dir='ltr'><strong>cmdendis</strong></span> <span class='ocrx_word' id='word_1_305' title='bbox 880 4130 1125 4185; x_wconf 77' lang='lat' dir='ltr'><strong>satietate</strong></span> <span class='ocrx_word' id='word_1_306' title='bbox 1150 4144 1293 4199; x_wconf 81' lang='lat' dir='ltr'><strong>saepe</strong></span> <span class='ocrx_word' id='word_1_307' title='bbox 1320 4138 1530 4199; x_wconf 89' lang='lat' dir='ltr'><strong>captum</strong></span> <span class='ocrx_word' id='word_1_308' title='bbox 1570 4144 1710 4184; x_wconf 91' lang='lat' dir='ltr'><strong>esse.</strong></span> 
     </span>
    </p>
   </div>
   <div class='ocr_carea' id='block_1_43' title="bbox 113 4222 1711 4295">
    <p class='ocr_par' dir='ltr' id='par_1_43' title="bbox 113 4222 1711 4295">
     <span class='ocr_line' id='line_1_43' title="bbox 113 4222 1711 4295; baseline -0.003 -15"><span class='ocrx_word' id='word_1_309' title='bbox 113 4227 233 4292; x_wconf 83' lang='lat' dir='ltr'><strong>Quo</strong></span> <span class='ocrx_word' id='word_1_310' title='bbox 278 4226 446 4295; x_wconf 80' lang='lat' dir='ltr'><strong>igitur</strong></span> <span class='ocrx_word' id='word_1_311' title='bbox 470 4224 650 4277; x_wconf 91' lang='lat' dir='ltr'><strong>animo</strong></span> <span class='ocrx_word' id='word_1_312' title='bbox 677 4234 731 4277; x_wconf 89' lang='lat' dir='ltr'><strong>et</strong></span> <span class='ocrx_word' id='word_1_313' title='bbox 769 4222 1150 4292; x_wconf 90' lang='lat' dir='ltr'><strong>Imperatorem</strong></span> <span class='ocrx_word' id='word_1_314' title='bbox 1189 4230 1243 4275; x_wconf 91' lang='lat' dir='ltr'><strong>et</strong></span> <span class='ocrx_word' id='word_1_315' title='bbox 1288 4222 1452 4290; x_wconf 89' lang='lat' dir='ltr'><strong>ipsius</strong></span> <span class='ocrx_word' id='word_1_316' title='bbox 1491 4236 1711 4276; x_wconf 83' lang='lat' dir='ltr'><strong>uxorem</strong></span> 
     </span>
    </p>
   </div>
   <div class='ocr_carea' id='block_1_44' title="bbox 120 4312 1235 4369">
    <p class='ocr_par' dir='ltr' id='par_1_44' title="bbox 120 4312 1235 4369">
     <span class='ocr_line' id='line_1_44' title="bbox 120 4312 1235 4369; baseline -0.004 0"><span class='ocrx_word' id='word_1_317' title='bbox 120 4318 220 4369; x_wconf 82' lang='lat' dir='ltr'><strong>ista</strong></span> <span class='ocrx_word' id='word_1_318' title='bbox 256 4316 427 4369; x_wconf 77' lang='lat' dir='ltr'><strong>verba</strong></span> <span class='ocrx_word' id='word_1_319' title='bbox 456 4314 759 4369; x_wconf 87' lang='lat' dir='ltr'><strong>audientem</strong></span> <span class='ocrx_word' id='word_1_320' title='bbox 782 4314 1056 4369; x_wconf 77' lang='lat' dir='ltr'><strong>existimas</strong></span> <span class='ocrx_word' id='word_1_321' title='bbox 1076 4312 1235 4369; x_wconf 88' lang='lat' dir='ltr'><strong>esse?</strong></span> 
     </span>
    </p>
   </div>
   <div class='ocr_carea' id='block_1_45' title="bbox 185 4406 1712 4479">
    <p class='ocr_par' dir='ltr' id='par_1_45' title="bbox 185 4406 1712 4479">
     <span class='ocr_line' id='line_1_45' title="bbox 185 4406 1712 4479; baseline -0.003 -14"><span class='ocrx_word' id='word_1_322' title='bbox 185 4411 243 4465; x_wconf 83' lang='lat'><strong>5.</strong></span> <span class='ocrx_word' id='word_1_323' title='bbox 291 4409 363 4463; x_wconf 82' lang='lat' dir='ltr'><strong>Et</strong></span> <span class='ocrx_word' id='word_1_324' title='bbox 382 4409 636 4479; x_wconf 88' lang='lat' dir='ltr'><strong>quoniam</strong></span> <span class='ocrx_word' id='word_1_325' title='bbox 666 4408 821 4477; x_wconf 87' lang='lat' dir='ltr'><strong>hujus</strong></span> <span class='ocrx_word' id='word_1_326' title='bbox 844 4407 972 4463; x_wconf 90' lang='lat' dir='ltr'><strong>belli</strong></span> <span class='ocrx_word' id='word_1_327' title='bbox 1001 4409 1198 4461; x_wconf 87' lang='lat' dir='ltr'><strong>mentio</strong></span> <span class='ocrx_word' id='word_1_328' title='bbox 1231 4406 1433 4471; x_wconf 89' lang='lat' dir='ltr'><strong>incidit,</strong></span> <span class='ocrx_word' id='word_1_329' title='bbox 1465 4422 1712 4478; x_wconf 84' lang='lat' dir='ltr'><strong>magnum</strong></span> 
     </span>
    </p>
   </div>
   <div class='ocr_carea' id='block_1_46' title="bbox 116 4498 1715 4568">
    <p class='ocr_par' dir='ltr' id='par_1_46' title="bbox 116 4498 1715 4568">
     <span class='ocr_line' id='line_1_46' title="bbox 116 4498 1715 4568; baseline -0.002 -12"><span class='ocrx_word' id='word_1_330' title='bbox 116 4502 247 4556; x_wconf 87' lang='lat' dir='ltr'><strong>mihi</strong></span> <span class='ocrx_word' id='word_1_331' title='bbox 282 4499 570 4553; x_wconf 85' lang='lat' dir='ltr'><strong>viduarum</strong></span> <span class='ocrx_word' id='word_1_332' title='bbox 593 4514 782 4568; x_wconf 82' lang='lat' dir='ltr'><strong>agmen</strong></span> <span class='ocrx_word' id='word_1_333' title='bbox 824 4498 1077 4563; x_wconf 90' lang='lat' dir='ltr'><strong>occurrit,</strong></span> <span class='ocrx_word' id='word_1_334' title='bbox 1104 4512 1324 4568; x_wconf 88' lang='lat' dir='ltr'><strong>quarum</strong></span> <span class='ocrx_word' id='word_1_335' title='bbox 1353 4498 1470 4553; x_wconf 77' lang='lat' dir='ltr'><strong>alia:</strong></span> <span class='ocrx_word' id='word_1_336' title='bbox 1497 4498 1621 4553; x_wconf 87' lang='lat' dir='ltr'><strong>olim</strong></span> <span class='ocrx_word' id='word_1_337' title='bbox 1650 4515 1715 4553; x_wconf 91' lang='lat' dir='ltr'><strong>cx</strong></span> 
     </span>
    </p>
   </div>
   <div class='ocr_carea' id='block_1_47' title="bbox 117 4588 1712 4661">
    <p class='ocr_par' dir='ltr' id='par_1_47' title="bbox 117 4588 1712 4661">
     <span class='ocr_line' id='line_1_47' title="bbox 117 4588 1712 4661; baseline 0.001 -16"><span class='ocrx_word' id='word_1_338' title='bbox 117 4595 362 4647; x_wconf 78' lang='lat' dir='ltr'><strong>virorum</strong></span> <span class='ocrx_word' id='word_1_339' title='bbox 394 4589 610 4661; x_wconf 87' lang='lat' dir='ltr'><strong>quidem</strong></span> <span class='ocrx_word' id='word_1_340' title='bbox 639 4589 892 4660; x_wconf 86' lang='lat' dir='ltr'><strong>dignitate</strong></span> <span class='ocrx_word' id='word_1_341' title='bbox 919 4588 1203 4659; x_wconf 89' lang='lat' dir='ltr'><strong>plurimum</strong></span> <span class='ocrx_word' id='word_1_342' title='bbox 1233 4589 1532 4659; x_wconf 75' lang='lat' dir='ltr'><strong>Splendoris</strong></span> <span class='ocrx_word' id='word_1_343' title='bbox 1559 4606 1712 4647; x_wconf 86' lang='lat' dir='ltr'><strong>accc-</strong></span> 
     </span>
    </p>
   </div>
   <div class='ocr_carea' id='block_1_48' title="bbox 118 4680 1717 4755">
    <p class='ocr_par' dir='ltr' id='par_1_48' title="bbox 118 4680 1717 4755">
     <span class='ocr_line' id='line_1_48' title="bbox 118 4680 1717 4755; baseline -0.002 -16"><span class='ocrx_word' id='word_1_344' title='bbox 118 4696 341 4755; x_wconf 84' lang='lat' dir='ltr'><strong>pcnmt,</strong></span> <span class='ocrx_word' id='word_1_345' title='bbox 399 4696 543 4737; x_wconf 91' lang='lat' dir='ltr'><strong>nunc</strong></span> <span class='ocrx_word' id='word_1_346' title='bbox 596 4695 725 4735; x_wconf 92' lang='lat' dir='ltr'><strong>vero</strong></span> <span class='ocrx_word' id='word_1_347' title='bbox 750 4690 970 4749; x_wconf 90' lang='lat' dir='ltr'><strong>repente</strong></span> <span class='ocrx_word' id='word_1_348' title='bbox 995 4694 1184 4734; x_wconf 89' lang='lat' dir='ltr'><strong>omnes</strong></span> <span class='ocrx_word' id='word_1_349' title='bbox 1210 4680 1357 4750; x_wconf 83' lang='lat' dir='ltr'><strong>nigra</strong></span> <span class='ocrx_word' id='word_1_350' title='bbox 1387 4695 1449 4734; x_wconf 90' lang='lat' dir='ltr'><strong>ac</strong></span> <span class='ocrx_word' id='word_1_351' title='bbox 1476 4680 1717 4736; x_wconf 89' lang='lat' dir='ltr'><strong>luctuosa</strong></span> 
     </span>
    </p>
   </div>
   <div class='ocr_carea' id='block_1_49' title="bbox 116 4771 1719 4843">
    <p class='ocr_par' dir='ltr' id='par_1_49' title="bbox 116 4771 1719 4843">
     <span class='ocr_line' id='line_1_49' title="bbox 116 4771 1719 4843; baseline -0.002 -13"><span class='ocrx_word' id='word_1_352' title='bbox 116 4779 255 4831; x_wconf 65' lang='lat' dir='ltr'><strong>stola</strong></span> <span class='ocrx_word' id='word_1_353' title='bbox 286 4773 505 4827; x_wconf 74' lang='lat' dir='ltr'><strong>amicta:</strong></span> <span class='ocrx_word' id='word_1_354' title='bbox 525 4787 685 4826; x_wconf 89' lang='lat' dir='ltr'><strong>omne</strong></span> <span class='ocrx_word' id='word_1_355' title='bbox 709 4779 916 4839; x_wconf 85' lang='lat' dir='ltr'><strong>tempus</strong></span> <span class='ocrx_word' id='word_1_356' title='bbox 944 4772 993 4824; x_wconf 92' lang='lat' dir='ltr'><strong>in</strong></span> <span class='ocrx_word' id='word_1_357' title='bbox 1020 4771 1269 4842; x_wconf 79' lang='lat' dir='ltr'><strong>lacrymis</strong></span> <span class='ocrx_word' id='word_1_358' title='bbox 1292 4771 1511 4826; x_wconf 85' lang='lat' dir='ltr'><strong>ducunt.</strong></span> <span class='ocrx_word' id='word_1_359' title='bbox 1534 4771 1719 4843; x_wconf 81' lang='lat' dir='ltr'><strong>Neque</strong></span> 
     </span>
    </p>
   </div>
   <div class='ocr_carea' id='block_1_50' title="bbox 115 4862 1717 4935">
    <p class='ocr_par' dir='ltr' id='par_1_50' title="bbox 115 4862 1717 4935">
     <span class='ocr_line' id='line_1_50' title="bbox 115 4862 1717 4935; baseline 0.001 -16"><span class='ocrx_word' id='word_1_360' title='bbox 115 4869 220 4921; x_wconf 87' lang='lat' dir='ltr'><strong>illis</strong></span> <span class='ocrx_word' id='word_1_361' title='bbox 251 4867 363 4919; x_wconf 87' lang='lat' dir='ltr'><strong>hoc</strong></span> <span class='ocrx_word' id='word_1_362' title='bbox 390 4863 573 4917; x_wconf 88' lang='lat' dir='ltr'><strong>datum</strong></span> <span class='ocrx_word' id='word_1_363' title='bbox 600 4872 704 4927; x_wconf 90' lang='lat' dir='ltr'><strong>est,</strong></span> <span class='ocrx_word' id='word_1_364' title='bbox 746 4862 887 4932; x_wconf 89' lang='lat' dir='ltr'><strong>quod</strong></span> <span class='ocrx_word' id='word_1_365' title='bbox 953 4862 1216 4917; x_wconf 90' lang='lat' dir='ltr'><strong>honorato</strong></span> <span class='ocrx_word' id='word_1_366' title='bbox 1263 4873 1353 4918; x_wconf 88' lang='lat' dir='ltr'><strong>ttto</strong></span> <span class='ocrx_word' id='word_1_367' title='bbox 1401 4865 1579 4935; x_wconf 87' lang='lat' dir='ltr'><strong>capiti.</strong></span> <span class='ocrx_word' id='word_1_368' title='bbox 1637 4866 1717 4921; x_wconf 90' lang='lat' dir='ltr'><strong>Tu</strong></span> 
     </span>
    </p>
   </div>
   <div class='ocr_carea' id='block_1_51' title="bbox 116 4952 1716 5023">
    <p class='ocr_par' dir='ltr' id='par_1_51' title="bbox 116 4952 1716 5023">
     <span class='ocr_line' id='line_1_51' title="bbox 116 4952 1716 5023; baseline -0.001 -11"><span class='ocrx_word' id='word_1_369' title='bbox 116 4960 286 5023; x_wconf 79' lang='lat' dir='ltr'><strong>enim,</strong></span> <span class='ocrx_word' id='word_1_370' title='bbox 314 4972 351 5010; x_wconf 90' lang='grc' dir='ltr'>ο</span> <span class='ocrx_word' id='word_1_371' title='bbox 373 4952 782 5019; x_wconf 78' lang='lat' dir='ltr'><strong>admirabilis,et</strong></span> <span class='ocrx_word' id='word_1_372' title='bbox 814 4954 863 5006; x_wconf 91' lang='lat' dir='ltr'><strong>in</strong></span> <span class='ocrx_word' id='word_1_373' title='bbox 888 4953 1080 5007; x_wconf 91' lang='lat' dir='ltr'><strong>lectulo</strong></span> <span class='ocrx_word' id='word_1_374' title='bbox 1097 4954 1365 5022; x_wconf 88' lang='lat' dir='ltr'><strong>jacentem</strong></span> <span class='ocrx_word' id='word_1_375' title='bbox 1396 4956 1572 5010; x_wconf 83' lang='lat' dir='ltr'><strong>vidisti</strong></span> <span class='ocrx_word' id='word_1_376' title='bbox 1617 4957 1716 5011; x_wconf 87' lang='lat' dir='ltr'><strong>ho-</strong></span> 
     </span>
    </p>
   </div>
   <div class='ocr_carea' id='block_1_52' title="bbox 117 5045 1720 5117">
    <p class='ocr_par' dir='ltr' id='par_1_52' title="bbox 117 5045 1720 5117">
     <span class='ocr_line' id='line_1_52' title="bbox 117 5045 1720 5117; baseline 0 -13"><span class='ocrx_word' id='word_1_377' title='bbox 117 5061 338 5104; x_wconf 68' lang='lat' dir='ltr'><strong>nestum</strong></span> <span class='ocrx_word' id='word_1_378' title='bbox 364 5046 535 5111; x_wconf 86' lang='lat' dir='ltr'><strong>illum,</strong></span> <span class='ocrx_word' id='word_1_379' title='bbox 555 5055 607 5099; x_wconf 89' lang='lat' dir='ltr'><strong>et</strong></span> <span class='ocrx_word' id='word_1_380' title='bbox 630 5060 931 5116; x_wconf 73' lang='lat' dir='ltr'><strong>supremam</strong></span> <span class='ocrx_word' id='word_1_381' title='bbox 953 5045 1139 5098; x_wconf 79' lang='lat' dir='ltr'><strong>audisti</strong></span> <span class='ocrx_word' id='word_1_382' title='bbox 1165 5060 1369 5111; x_wconf 85' lang='lat' dir='ltr'><strong>vccetu,</strong></span> <span class='ocrx_word' id='word_1_383' title='bbox 1389 5060 1507 5102; x_wconf 82' lang='lat' dir='ltr'><strong>eum</strong></span> <span class='ocrx_word' id='word_1_384' title='bbox 1530 5049 1720 5117; x_wconf 89' lang='lat' dir='ltr'><strong>quibus</strong></span> 
     </span>
    </p>
   </div>
   <div class='ocr_carea' id='block_1_53' title="bbox 121 5136 1720 5195">
    <p class='ocr_par' dir='ltr' id='par_1_53' title="bbox 121 5136 1720 5195">
     <span class='ocr_line' id='line_1_53' title="bbox 121 5136 1720 5195; baseline 0 -2"><span class='ocrx_word' id='word_1_385' title='bbox 121 5142 300 5195; x_wconf 81' lang='lat' dir='ltr'><strong>modis</strong></span> <span class='ocrx_word' id='word_1_386' title='bbox 328 5153 421 5193; x_wconf 89' lang='lat' dir='ltr'><strong>res</strong></span> <span class='ocrx_word' id='word_1_387' title='bbox 454 5137 762 5191; x_wconf 73' lang='lat' dir='ltr'><strong>domesticae</strong></span> <span class='ocrx_word' id='word_1_388' title='bbox 792 5136 1226 5191; x_wconf 65' lang='lat' dir='ltr'><strong>administrandae</strong></span> <span class='ocrx_word' id='word_1_389' title='bbox 1252 5147 1434 5192; x_wconf 83' lang='lat' dir='ltr'><strong>essent</strong></span> <span class='ocrx_word' id='word_1_390' title='bbox 1462 5148 1513 5194; x_wconf 93' lang='lat' dir='ltr'><strong>te</strong></span> <span class='ocrx_word' id='word_1_391' title='bbox 1561 5140 1720 5195; x_wconf 89' lang='lat' dir='ltr'><strong>doce-</strong></span> 
     </span>
    </p>
   </div>
   <div class='ocr_carea' id='block_1_54' title="bbox 118 5227 1719 5303">
    <p class='ocr_par' dir='ltr' id='par_1_54' title="bbox 118 5227 1719 5303">
     <span class='ocr_line' id='line_1_54' title="bbox 118 5227 1719 5303; baseline -0.006 -18"><span class='ocrx_word' id='word_1_392' title='bbox 118 5241 223 5294; x_wconf 88' lang='lat' dir='ltr'><strong>ret,</strong></span> <span class='ocrx_word' id='word_1_393' title='bbox 253 5240 313 5286; x_wconf 87' lang='lat' dir='ltr'><strong>et</strong></span> <span class='ocrx_word' id='word_1_394' title='bbox 345 5236 671 5285; x_wconf 87' lang='lat' dir='ltr'><strong>testamento</strong></span> <span class='ocrx_word' id='word_1_395' title='bbox 699 5241 913 5280; x_wconf 91' lang='lat' dir='ltr'><strong>omnem</strong></span> <span class='ocrx_word' id='word_1_396' title='bbox 936 5227 1095 5282; x_wconf 86' lang='lat' dir='ltr'><strong>alieni</strong></span> <span class='ocrx_word' id='word_1_397' title='bbox 1120 5229 1495 5298; x_wconf 88' lang='lat' dir='ltr'><strong>appetentibus</strong></span> <span class='ocrx_word' id='word_1_398' title='bbox 1537 5245 1600 5286; x_wconf 91' lang='lat' dir='ltr'><strong>ac</strong></span> <span class='ocrx_word' id='word_1_399' title='bbox 1626 5247 1719 5303; x_wconf 78' lang='lat' dir='ltr'><strong>sy.</strong></span> 
     </span>
    </p>
   </div>
   <div class='ocr_carea' id='block_1_55' title="bbox 120 5319 1721 5396">
    <p class='ocr_par' dir='ltr' id='par_1_55' title="bbox 120 5319 1721 5396">
     <span class='ocr_line' id='line_1_55' title="bbox 120 5319 1721 5396; baseline 0 -17"><span class='ocrx_word' id='word_1_400' title='bbox 120 5324 415 5396; x_wconf 80' lang='lat' dir='ltr'><strong>cnphantis</strong></span> <span class='ocrx_word' id='word_1_401' title='bbox 444 5321 647 5375; x_wconf 89' lang='lat' dir='ltr'><strong>aditum</strong></span> <span class='ocrx_word' id='word_1_402' title='bbox 669 5320 992 5375; x_wconf 89' lang='lat' dir='ltr'><strong>obstrueret.</strong></span> <span class='ocrx_word' id='word_1_403' title='bbox 1012 5319 1161 5375; x_wconf 79' lang='lat' dir='ltr'><strong>Adde</strong></span> <span class='ocrx_word' id='word_1_404' title='bbox 1189 5321 1337 5389; x_wconf 92' lang='lat' dir='ltr'><strong>illud,</strong></span> <span class='ocrx_word' id='word_1_405' title='bbox 1362 5323 1502 5393; x_wconf 91' lang='lat' dir='ltr'><strong>quod</strong></span> <span class='ocrx_word' id='word_1_406' title='bbox 1522 5323 1721 5393; x_wconf 91' lang='lat' dir='ltr'><strong>jacenti</strong></span> 
     </span>
    </p>
   </div>
   <div class='ocr_carea' id='block_1_56' title="bbox 123 5410 1721 5483">
    <p class='ocr_par' dir='ltr' id='par_1_56' title="bbox 123 5410 1721 5483">
     <span class='ocr_line' id='line_1_56' title="bbox 123 5410 1721 5483; baseline -0.001 -12"><span class='ocrx_word' id='word_1_407' title='bbox 123 5428 350 5473; x_wconf 86' lang='lat' dir='ltr'><strong>mortuo</strong></span> <span class='ocrx_word' id='word_1_408' title='bbox 377 5428 526 5483; x_wconf 53' lang='lat' dir='ltr'><strong>sa‘pe</strong></span> <span class='ocrx_word' id='word_1_409' title='bbox 556 5410 864 5477; x_wconf 88' lang='lat' dir='ltr'><strong>incubuisti,</strong></span> <span class='ocrx_word' id='word_1_410' title='bbox 890 5420 945 5466; x_wconf 89' lang='lat' dir='ltr'><strong>et</strong></span> <span class='ocrx_word' id='word_1_411' title='bbox 965 5412 1199 5466; x_wconf 84' lang='lat' dir='ltr'><strong>suaviata</strong></span> <span class='ocrx_word' id='word_1_412' title='bbox 1230 5428 1289 5468; x_wconf 93' lang='lat' dir='ltr'><strong>es</strong></span> <span class='ocrx_word' id='word_1_413' title='bbox 1319 5414 1503 5469; x_wconf 83' lang='lat' dir='ltr'><strong>oculos</strong></span> <span class='ocrx_word' id='word_1_414' title='bbox 1530 5425 1585 5471; x_wconf 89' lang='lat' dir='ltr'><strong>et</strong></span> <span class='ocrx_word' id='word_1_415' title='bbox 1603 5431 1721 5470; x_wconf 83' lang='lat' dir='ltr'><strong>am-</strong></span> 
     </span>
    </p>
   </div>
   <div class='ocr_carea' id='block_1_57' title="bbox 120 5502 1719 5578">
    <p class='ocr_par' dir='ltr' id='par_1_57' title="bbox 120 5502 1719 5578">
     <span class='ocr_line' id='line_1_57' title="bbox 120 5502 1719 5578; baseline -0.002 -14"><span class='ocrx_word' id='word_1_416' title='bbox 120 5512 278 5578; x_wconf 77' lang='lat' dir='ltr'><strong>plexa</strong></span> <span class='ocrx_word' id='word_1_417' title='bbox 313 5521 375 5562; x_wconf 86' lang='lat' dir='ltr'><strong>es</strong></span> <span class='ocrx_word' id='word_1_418' title='bbox 397 5520 463 5559; x_wconf 84' lang='lat' dir='ltr'><strong>ac</strong></span> <span class='ocrx_word' id='word_1_419' title='bbox 496 5503 699 5568; x_wconf 85' lang='lat' dir='ltr'><strong>luxisti,</strong></span> <span class='ocrx_word' id='word_1_420' title='bbox 756 5502 1240 5574; x_wconf 89' lang='lat' dir='ltr'><strong>bonestissimoque</strong></span> <span class='ocrx_word' id='word_1_421' title='bbox 1285 5504 1474 5562; x_wconf 87' lang='lat' dir='ltr'><strong>funere</strong></span> <span class='ocrx_word' id='word_1_422' title='bbox 1522 5508 1719 5562; x_wconf 88' lang='lat' dir='ltr'><strong>elatum</strong></span> 
     </span>
    </p>
   </div>
   <div class='ocr_carea' id='block_1_58' title="bbox 125 5595 1725 5667">
    <p class='ocr_par' dir='ltr' id='par_1_58' title="bbox 125 5595 1725 5667">
     <span class='ocr_line' id='line_1_58' title="bbox 125 5595 1725 5667; baseline 0 -11"><span class='ocrx_word' id='word_1_423' title='bbox 125 5603 311 5658; x_wconf 76' lang='lat' dir='ltr'><strong>vidisti</strong></span> <span class='ocrx_word' id='word_1_424' title='bbox 340 5619 356 5655; x_wconf 86' lang='lat'>:</span> <span class='ocrx_word' id='word_1_425' title='bbox 388 5598 641 5654; x_wconf 87' lang='lat' dir='ltr'><strong>omnibus</strong></span> <span class='ocrx_word' id='word_1_426' title='bbox 680 5613 801 5667; x_wconf 76' lang='lat' dir='ltr'><strong>qure</strong></span> <span class='ocrx_word' id='word_1_427' title='bbox 822 5595 1046 5651; x_wconf 90' lang='lat' dir='ltr'><strong>decebat</strong></span> <span class='ocrx_word' id='word_1_428' title='bbox 1071 5612 1194 5667; x_wconf 83' lang='lat' dir='ltr'><strong>erga</strong></span> <span class='ocrx_word' id='word_1_429' title='bbox 1222 5598 1365 5652; x_wconf 91' lang='lat' dir='ltr'><strong>illum</strong></span> <span class='ocrx_word' id='word_1_430' title='bbox 1389 5598 1580 5654; x_wconf 85' lang='lat' dir='ltr'><strong>ol&#39;liciis</strong></span> <span class='ocrx_word' id='word_1_431' title='bbox 1608 5601 1725 5656; x_wconf 89' lang='lat' dir='ltr'><strong>fun-</strong></span> 
     </span>
    </p>
   </div>
   <div class='ocr_carea' id='block_1_59' title="bbox 128 5710 1723 5829">
    <p class='ocr_par' dir='ltr' id='par_1_59' title="bbox 128 5710 1723 5829">
     <span class='ocr_line' id='line_1_59' title="bbox 128 5710 1723 5829; baseline 0.011 -79"><span class='ocrx_word' id='word_1_432' title='bbox 128 5782 134 5787; x_wconf 24' lang='lat'><strong><em>.</em></strong></span> <span class='ocrx_word' id='word_1_433' title='bbox 186 5712 716 5829; x_wconf 68' lang='lat' dir='ltr'><strong>imperatoribus</strong></span> <span class='ocrx_word' id='word_1_434' title='bbox 737 5710 815 5761; x_wconf 85' lang='lat' dir='ltr'><strong>hic</strong></span> <span class='ocrx_word' id='word_1_435' title='bbox 838 5712 1117 5762; x_wconf 84' lang='lat' dir='ltr'><strong>memoratis</strong></span> <span class='ocrx_word' id='word_1_436' title='bbox 1140 5711 1249 5762; x_wconf 89' lang='lat' dir='ltr'><strong>vide</strong></span> <span class='ocrx_word' id='word_1_437' title='bbox 1275 5726 1352 5775; x_wconf 90' lang='lat' dir='ltr'><strong>ea,</strong></span> <span class='ocrx_word' id='word_1_438' title='bbox 1383 5728 1492 5779; x_wconf 74' lang='lat' dir='ltr'><strong>qua:</strong></span> <span class='ocrx_word' id='word_1_439' title='bbox 1515 5716 1723 5769; x_wconf 73' lang='lat' dir='ltr'><strong>diximus</strong></span> 
     </span>
     <span class='ocr_line' id='line_1_60' title="bbox 128 5791 399 5829; baseline 0.011 0"><span class='ocrx_word' id='word_1_440' title='bbox 128 5793 182 5829; x_wconf 75' lang='grc' dir='ltr'>ιι</span> <span class='ocrx_word' id='word_1_441' title='bbox 350 5791 399 5825; x_wconf 75' lang='grc' dir='ltr'><strong>ο.</strong></span> 
     </span>
    </p>
   </div>
   <div class='ocr_carea' id='block_1_60' title="bbox 125 5791 399 5831">
    <p class='ocr_par' dir='ltr' id='par_1_60' title="bbox 125 5791 399 5831">
     <span class='ocr_line' id='line_1_61' title="bbox 125 5791 399 5831; baseline -0.022 0"><span class='ocrx_word' id='word_1_442' title='bbox 125 5793 182 5831; x_wconf 73' lang='grc' dir='ltr'><strong>ιι</strong></span> <span class='ocrx_word' id='word_1_443' title='bbox 201 5791 399 5829; x_wconf 71' lang='lat' dir='ltr'><strong>mo.</strong></span> 
     </span>
    </p>
   </div>
   <div class='ocr_carea' id='block_1_61' title="bbox 1338 335 2123 398">
    <p class='ocr_par' dir='ltr' id='par_1_61' title="bbox 1338 335 2123 398">
     <span class='ocr_line' id='line_1_62' title="bbox 1338 335 2123 398; baseline -0.003 -1"><span class='ocrx_word' id='word_1_444' title='bbox 1338 340 1429 397; x_wconf 85' lang='lat' dir='ltr'><strong>AD</strong></span> <span class='ocrx_word' id='word_1_445' title='bbox 1468 335 1727 398; x_wconf 73' lang='lat' dir='ltr'><strong>VIDUAM</strong></span> <span class='ocrx_word' id='word_1_446' title='bbox 1765 335 2123 396; x_wconf 80' lang='lat' dir='ltr'><strong>JUNlOREM.</strong></span> 
     </span>
    </p>
   </div>
   <div class='ocr_carea' id='block_1_62' title="bbox 1797 450 3377 525">
    <p class='ocr_par' dir='ltr' id='par_1_62' title="bbox 1797 450 3377 525">
     <span class='ocr_line' id='line_1_63' title="bbox 1797 450 3377 525; baseline -0.001 -17"><span class='ocrx_word' id='word_1_447' title='bbox 1797 464 1880 509; x_wconf 90' lang='lat' dir='ltr'><strong>cta</strong></span> <span class='ocrx_word' id='word_1_448' title='bbox 1908 469 1989 522; x_wconf 90' lang='lat' dir='ltr'><strong>es,</strong></span> <span class='ocrx_word' id='word_1_449' title='bbox 2005 465 2058 511; x_wconf 89' lang='lat' dir='ltr'><strong>et</strong></span> <span class='ocrx_word' id='word_1_450' title='bbox 2074 455 2215 525; x_wconf 84' lang='lat' dir='ltr'><strong>justa</strong></span> <span class='ocrx_word' id='word_1_451' title='bbox 2239 452 2563 525; x_wconf 75' lang='lat' dir='ltr'><strong>persolvisti,</strong></span> <span class='ocrx_word' id='word_1_452' title='bbox 2589 461 2643 510; x_wconf 90' lang='lat' dir='ltr'><strong>et</strong></span> <span class='ocrx_word' id='word_1_453' title='bbox 2668 451 2733 508; x_wconf 84' lang='lat' dir='ltr'><strong>ad</strong></span> <span class='ocrx_word' id='word_1_454' title='bbox 2753 450 3092 523; x_wconf 87' lang='lat' dir='ltr'><strong>sepulchrum</strong></span> <span class='ocrx_word' id='word_1_455' title='bbox 3118 467 3262 521; x_wconf 62' lang='lat' dir='ltr'><strong>saepe</strong></span> <span class='ocrx_word' id='word_1_456' title='bbox 3285 468 3377 507; x_wconf 84' lang='lat' dir='ltr'><strong>ac-</strong></span> 
     </span>
    </p>
   </div>
   <div class='ocr_carea' id='block_1_63' title="bbox 1798 542 3380 601">
    <p class='ocr_par' dir='ltr' id='par_1_63' title="bbox 1798 542 3380 601">
     <span class='ocr_line' id='line_1_64' title="bbox 1798 542 3380 601; baseline -0.001 -1"><span class='ocrx_word' id='word_1_457' title='bbox 1798 546 1996 601; x_wconf 89' lang='lat' dir='ltr'><strong>cedens</strong></span> <span class='ocrx_word' id='word_1_458' title='bbox 2018 563 2122 600; x_wconf 88' lang='lat' dir='ltr'><strong>uou</strong></span> <span class='ocrx_word' id='word_1_459' title='bbox 2155 546 2433 601; x_wconf 86' lang='lat' dir='ltr'><strong>minimum</strong></span> <span class='ocrx_word' id='word_1_460' title='bbox 2454 545 2619 601; x_wconf 87' lang='lat' dir='ltr'><strong>habes</strong></span> <span class='ocrx_word' id='word_1_461' title='bbox 2645 545 2719 599; x_wconf 91' lang='lat' dir='ltr'><strong>ttti</strong></span> <span class='ocrx_word' id='word_1_462' title='bbox 2741 545 2944 600; x_wconf 90' lang='lat' dir='ltr'><strong>doloris</strong></span> <span class='ocrx_word' id='word_1_463' title='bbox 2966 543 3239 599; x_wconf 88' lang='lat' dir='ltr'><strong>solatium.</strong></span> <span class='ocrx_word' id='word_1_464' title='bbox 3272 542 3380 599; x_wconf 66' lang='lat' dir='ltr'><strong>Illae</strong></span> 
     </span>
    </p>
   </div>
   <div class='ocr_carea' id='block_1_64' title="bbox 1798 634 3378 707">
    <p class='ocr_par' dir='ltr' id='par_1_64' title="bbox 1798 634 3378 707">
     <span class='ocr_line' id='line_1_65' title="bbox 1798 634 3378 707; baseline -0.001 -18"><span class='ocrx_word' id='word_1_465' title='bbox 1798 651 1928 691; x_wconf 89' lang='lat' dir='ltr'><strong>vero</strong></span> <span class='ocrx_word' id='word_1_466' title='bbox 1954 636 2203 691; x_wconf 91' lang='lat' dir='ltr'><strong>omnibus</strong></span> <span class='ocrx_word' id='word_1_467' title='bbox 2221 636 2523 707; x_wconf 76' lang='lat' dir='ltr'><strong>huiusmodi</strong></span> <span class='ocrx_word' id='word_1_468' title='bbox 2551 636 2756 691; x_wconf 91' lang='lat' dir='ltr'><strong>solatiis</strong></span> <span class='ocrx_word' id='word_1_469' title='bbox 2785 646 2910 690; x_wconf 89' lang='lat' dir='ltr'><strong>sunt</strong></span> <span class='ocrx_word' id='word_1_470' title='bbox 2930 634 3224 701; x_wconf 67' lang='lat' dir='ltr'><strong>destitutae,</strong></span> <span class='ocrx_word' id='word_1_471' title='bbox 3256 649 3378 689; x_wconf 91' lang='lat' dir='ltr'><strong>cum</strong></span> 
     </span>
    </p>
   </div>
   <div class='ocr_carea' id='block_1_65' title="bbox 1796 728 3383 800">
    <p class='ocr_par' dir='ltr' id='par_1_65' title="bbox 1796 728 3383 800">
     <span class='ocr_line' id='line_1_66' title="bbox 1796 728 3383 800; baseline -0.003 -15"><span class='ocrx_word' id='word_1_472' title='bbox 1796 744 1986 785; x_wconf 90' lang='lat' dir='ltr'><strong>omnes</strong></span> <span class='ocrx_word' id='word_1_473' title='bbox 2009 729 2222 800; x_wconf 91' lang='lat' dir='ltr'><strong>quidem</strong></span> <span class='ocrx_word' id='word_1_474' title='bbox 2253 730 2318 784; x_wconf 90' lang='lat' dir='ltr'><strong>ad</strong></span> <span class='ocrx_word' id='word_1_475' title='bbox 2346 729 2539 784; x_wconf 90' lang='lat' dir='ltr'><strong>bellum</strong></span> <span class='ocrx_word' id='word_1_476' title='bbox 2569 729 2839 784; x_wconf 89' lang='lat' dir='ltr'><strong>misissent</strong></span> <span class='ocrx_word' id='word_1_477' title='bbox 2879 728 3021 783; x_wconf 89' lang='lat' dir='ltr'><strong>viros</strong></span> <span class='ocrx_word' id='word_1_478' title='bbox 3069 743 3195 782; x_wconf 90' lang='lat' dir='ltr'><strong>suos</strong></span> <span class='ocrx_word' id='word_1_479' title='bbox 3245 735 3383 781; x_wconf 84' lang='lat' dir='ltr'><strong>tam-</strong></span> 
     </span>
    </p>
   </div>
   <div class='ocr_carea' id='block_1_66' title="bbox 1798 818 3388 892">
    <p class='ocr_par' dir='ltr' id='par_1_66' title="bbox 1798 818 3388 892">
     <span class='ocr_line' id='line_1_67' title="bbox 1798 818 3388 892; baseline -0.002 -18"><span class='ocrx_word' id='word_1_480' title='bbox 1798 836 1957 890; x_wconf 87' lang='lat' dir='ltr'><strong>quam</strong></span> <span class='ocrx_word' id='word_1_481' title='bbox 1984 836 2170 876; x_wconf 89' lang='lat' dir='ltr'><strong>rursus</strong></span> <span class='ocrx_word' id='word_1_482' title='bbox 2193 822 2336 891; x_wconf 92' lang='lat' dir='ltr'><strong>ipsos</strong></span> <span class='ocrx_word' id='word_1_483' title='bbox 2353 830 2669 892; x_wconf 79' lang='lat' dir='ltr'><strong>recepturae,</strong></span> <span class='ocrx_word' id='word_1_484' title='bbox 2698 830 2752 874; x_wconf 91' lang='lat' dir='ltr'><strong>at</strong></span> <span class='ocrx_word' id='word_1_485' title='bbox 2778 835 2873 889; x_wconf 90' lang='lat' dir='ltr'><strong>pro</strong></span> <span class='ocrx_word' id='word_1_486' title='bbox 2902 820 3007 875; x_wconf 91' lang='lat' dir='ltr'><strong>illis</strong></span> <span class='ocrx_word' id='word_1_487' title='bbox 3035 819 3237 874; x_wconf 90' lang='lat' dir='ltr'><strong>tristem</strong></span> <span class='ocrx_word' id='word_1_488' title='bbox 3264 818 3388 872; x_wconf 86' lang='lat' dir='ltr'><strong>illo-</strong></span> 
     </span>
    </p>
   </div>
   <div class='ocr_carea' id='block_1_67' title="bbox 1801 910 3383 983">
    <p class='ocr_par' dir='ltr' id='par_1_67' title="bbox 1801 910 3383 983">
     <span class='ocr_line' id='line_1_68' title="bbox 1801 910 3383 983; baseline -0.003 -17"><span class='ocrx_word' id='word_1_489' title='bbox 1801 928 1915 966; x_wconf 89' lang='lat' dir='ltr'><strong>rum</strong></span> <span class='ocrx_word' id='word_1_490' title='bbox 1946 913 2134 967; x_wconf 90' lang='lat' dir='ltr'><strong>mortis</strong></span> <span class='ocrx_word' id='word_1_491' title='bbox 2149 914 2451 983; x_wconf 90' lang='lat' dir='ltr'><strong>acceperint</strong></span> <span class='ocrx_word' id='word_1_492' title='bbox 2480 911 2743 966; x_wconf 91' lang='lat' dir='ltr'><strong>nuntium.</strong></span> <span class='ocrx_word' id='word_1_493' title='bbox 2771 910 2884 965; x_wconf 86' lang='lat' dir='ltr'><strong>Non</strong></span> <span class='ocrx_word' id='word_1_494' title='bbox 2924 911 3066 965; x_wconf 90' lang='lat' dir='ltr'><strong>enim</strong></span> <span class='ocrx_word' id='word_1_495' title='bbox 3101 911 3383 980; x_wconf 83' lang='lat' dir='ltr'><strong>quisquam</strong></span> 
     </span>
    </p>
   </div>
   <div class='ocr_carea' id='block_1_68' title="bbox 1799 1004 3383 1075">
    <p class='ocr_par' dir='ltr' id='par_1_68' title="bbox 1799 1004 3383 1075">
     <span class='ocr_line' id='line_1_69' title="bbox 1799 1004 3383 1075; baseline -0.001 -18"><span class='ocrx_word' id='word_1_496' title='bbox 1799 1019 2026 1074; x_wconf 82' lang='lat' dir='ltr'><strong>corpora</strong></span> <span class='ocrx_word' id='word_1_497' title='bbox 2056 1005 2293 1075; x_wconf 89' lang='lat' dir='ltr'><strong>ipsorum</strong></span> <span class='ocrx_word' id='word_1_498' title='bbox 2324 1005 2572 1071; x_wconf 78' lang='lat' dir='ltr'><strong>aﬂ‘erens,</strong></span> <span class='ocrx_word' id='word_1_499' title='bbox 2600 1005 2694 1060; x_wconf 90' lang='lat' dir='ltr'><strong>sed</strong></span> <span class='ocrx_word' id='word_1_500' title='bbox 2725 1004 2887 1060; x_wconf 86' lang='lat' dir='ltr'><strong>verba</strong></span> <span class='ocrx_word' id='word_1_501' title='bbox 2933 1012 3136 1059; x_wconf 88' lang='lat' dir='ltr'><strong>tantum</strong></span> <span class='ocrx_word' id='word_1_502' title='bbox 3188 1007 3383 1059; x_wconf 90' lang='lat' dir='ltr'><strong>mortis</strong></span> 
     </span>
    </p>
   </div>
   <div class='ocr_carea' id='block_1_69' title="bbox 1799 1095 3386 1168">
    <p class='ocr_par' dir='ltr' id='par_1_69' title="bbox 1799 1095 3386 1168">
     <span class='ocr_line' id='line_1_70' title="bbox 1799 1095 3386 1168; baseline 0 -19"><span class='ocrx_word' id='word_1_503' title='bbox 1799 1109 1968 1165; x_wconf 80' lang='lat' dir='ltr'><strong>genus</strong></span> <span class='ocrx_word' id='word_1_504' title='bbox 1989 1098 2280 1163; x_wconf 87' lang='lat' dir='ltr'><strong>narrantia,</strong></span> <span class='ocrx_word' id='word_1_505' title='bbox 2316 1097 2381 1152; x_wconf 90' lang='lat' dir='ltr'><strong>ad</strong></span> <span class='ocrx_word' id='word_1_506' title='bbox 2413 1098 2555 1168; x_wconf 88' lang='lat' dir='ltr'><strong>ipsas</strong></span> <span class='ocrx_word' id='word_1_507' title='bbox 2572 1097 2749 1152; x_wconf 86' lang='lat' dir='ltr'><strong>rediit.</strong></span> <span class='ocrx_word' id='word_1_508' title='bbox 2780 1095 2975 1151; x_wconf 84' lang='lat' dir='ltr'><strong>Verum</strong></span> <span class='ocrx_word' id='word_1_509' title='bbox 3002 1104 3125 1149; x_wconf 91' lang='lat' dir='ltr'><strong>sunt</strong></span> <span class='ocrx_word' id='word_1_510' title='bbox 3149 1111 3266 1166; x_wconf 77' lang='lat' dir='ltr'><strong>qua:</strong></span> <span class='ocrx_word' id='word_1_511' title='bbox 3292 1110 3386 1149; x_wconf 77' lang='lat' dir='ltr'><strong>ne-</strong></span> 
     </span>
    </p>
   </div>
   <div class='ocr_carea' id='block_1_70' title="bbox 1801 1187 3381 1259">
    <p class='ocr_par' dir='ltr' id='par_1_70' title="bbox 1801 1187 3381 1259">
     <span class='ocr_line' id='line_1_71' title="bbox 1801 1187 3381 1259; baseline 0.002 -19"><span class='ocrx_word' id='word_1_512' title='bbox 1801 1202 1905 1256; x_wconf 89' lang='lat' dir='ltr'><strong>que</strong></span> <span class='ocrx_word' id='word_1_513' title='bbox 1939 1187 2039 1243; x_wconf 92' lang='lat' dir='ltr'><strong>hac</strong></span> <span class='ocrx_word' id='word_1_514' title='bbox 2061 1188 2172 1257; x_wconf 91' lang='lat' dir='ltr'><strong>ipsa</strong></span> <span class='ocrx_word' id='word_1_515' title='bbox 2198 1190 2502 1244; x_wconf 90' lang='lat' dir='ltr'><strong>narratione</strong></span> <span class='ocrx_word' id='word_1_516' title='bbox 2528 1189 2702 1259; x_wconf 66' lang='lat' dir='ltr'><strong>digna:</strong></span> <span class='ocrx_word' id='word_1_517' title='bbox 2730 1188 2928 1243; x_wconf 88' lang='lat' dir='ltr'><strong>fuerint</strong></span> <span class='ocrx_word' id='word_1_518' title='bbox 2957 1188 3174 1255; x_wconf 79' lang='lat' dir='ltr'><strong>habitze,</strong></span> <span class='ocrx_word' id='word_1_519' title='bbox 3204 1203 3381 1258; x_wconf 88' lang='lat' dir='ltr'><strong>neque</strong></span> 
     </span>
    </p>
   </div>
   <div class='ocr_carea' id='block_1_71' title="bbox 1802 1279 3387 1351">
    <p class='ocr_par' dir='ltr' id='par_1_71' title="bbox 1802 1279 3387 1351">
     <span class='ocr_line' id='line_1_72' title="bbox 1802 1279 3387 1351; baseline 0.002 -19"><span class='ocrx_word' id='word_1_520' title='bbox 1802 1279 2069 1347; x_wconf 82' lang='lat' dir='ltr'><strong>quomodo</strong></span> <span class='ocrx_word' id='word_1_521' title='bbox 2097 1280 2168 1335; x_wconf 90' lang='lat' dir='ltr'><strong>illi</strong></span> <span class='ocrx_word' id='word_1_522' title='bbox 2190 1280 2479 1337; x_wconf 88' lang='lat' dir='ltr'><strong>ceciderint</strong></span> <span class='ocrx_word' id='word_1_523' title='bbox 2507 1281 2686 1337; x_wconf 87' lang='lat' dir='ltr'><strong>doceri</strong></span> <span class='ocrx_word' id='word_1_524' title='bbox 2718 1283 3007 1351; x_wconf 88' lang='lat' dir='ltr'><strong>potuerint,</strong></span> <span class='ocrx_word' id='word_1_525' title='bbox 3035 1297 3156 1337; x_wconf 92' lang='lat' dir='ltr'><strong>cum</strong></span> <span class='ocrx_word' id='word_1_526' title='bbox 3185 1283 3241 1335; x_wconf 91' lang='lat' dir='ltr'><strong>in</strong></span> <span class='ocrx_word' id='word_1_527' title='bbox 3269 1298 3387 1336; x_wconf 90' lang='lat' dir='ltr'><strong>ma-</strong></span> 
     </span>
    </p>
   </div>
   <div class='ocr_carea' id='block_1_72' title="bbox 1800 1373 3245 1444">
    <p class='ocr_par' dir='ltr' id='par_1_72' title="bbox 1800 1373 3245 1444">
     <span class='ocr_line' id='line_1_73' title="bbox 1800 1373 3245 1444; baseline 0.004 -21"><span class='ocrx_word' id='word_1_528' title='bbox 1800 1384 1905 1439; x_wconf 90' lang='lat' dir='ltr'><strong>gno</strong></span> <span class='ocrx_word' id='word_1_529' title='bbox 1936 1385 2197 1427; x_wconf 68' lang='lat' dir='ltr'><strong>cursorum</strong></span> <span class='ocrx_word' id='word_1_530' title='bbox 2225 1388 2454 1429; x_wconf 84' lang='lat' dir='ltr'><strong>numero</strong></span> <span class='ocrx_word' id='word_1_531' title='bbox 2475 1373 2694 1444; x_wconf 91' lang='lat' dir='ltr'><strong>reliquis</strong></span> <span class='ocrx_word' id='word_1_532' title='bbox 2719 1382 2902 1429; x_wconf 91' lang='lat' dir='ltr'><strong>essent</strong></span> <span class='ocrx_word' id='word_1_533' title='bbox 2924 1375 3245 1429; x_wconf 89' lang='lat' dir='ltr'><strong>coacervati.</strong></span> 
     </span>
    </p>
   </div>
   <div class='ocr_carea' id='block_1_73' title="bbox 1892 1461 3388 1521">
    <p class='ocr_par' dir='ltr' id='par_1_73' title="bbox 1892 1461 3388 1521">
     <span class='ocr_line' id='line_1_74' title="bbox 1892 1461 3388 1521; baseline 0.005 -7"><span class='ocrx_word' id='word_1_534' title='bbox 1892 1461 2117 1517; x_wconf 80' lang='lat' dir='ltr'><strong>Valentis</strong></span> <span class='ocrx_word' id='word_1_535' title='bbox 2141 1465 2395 1518; x_wconf 82' lang='lat' dir='ltr'><strong>interitum</strong></span> <span class='ocrx_word' id='word_1_536' title='bbox 2420 1464 2583 1518; x_wconf 80' lang='lat' dir='ltr'><strong>innuit</strong></span> <span class='ocrx_word' id='word_1_537' title='bbox 2617 1482 2649 1518; x_wconf 90' lang='lat' dir='ltr'><strong>a</strong></span> <span class='ocrx_word' id='word_1_538' title='bbox 2689 1463 2868 1520; x_wconf 78' lang='lat' dir='ltr'><strong>Gothis</strong></span> <span class='ocrx_word' id='word_1_539' title='bbox 2906 1465 3167 1520; x_wconf 77' lang='lat' dir='ltr'><strong>combusti.</strong></span> <span class='ocrx_word' id='word_1_540' title='bbox 3191 1464 3388 1521; x_wconf 87' lang='lat' dir='ltr'><strong>—Ec-</strong></span> 
     </span>
    </p>
   </div>
   <div class='ocr_carea' id='block_1_74' title="bbox 1803 1558 3393 1628">
    <p class='ocr_par' dir='ltr' id='par_1_74' title="bbox 1803 1558 3393 1628">
     <span class='ocr_line' id='line_1_75' title="bbox 1803 1558 3393 1628; baseline 0.002 -17"><span class='ocrx_word' id='word_1_541' title='bbox 1803 1558 1929 1628; x_wconf 87' lang='lat' dir='ltr'><strong>quid</strong></span> <span class='ocrx_word' id='word_1_542' title='bbox 1959 1573 2087 1612; x_wconf 89' lang='lat' dir='ltr'><strong>vero</strong></span> <span class='ocrx_word' id='word_1_543' title='bbox 2127 1558 2341 1623; x_wconf 90' lang='lat' dir='ltr'><strong>mirttm,</strong></span> <span class='ocrx_word' id='word_1_544' title='bbox 2401 1559 2445 1612; x_wconf 91' lang='lat' dir='ltr'><strong>si</strong></span> <span class='ocrx_word' id='word_1_545' title='bbox 2496 1558 2646 1612; x_wconf 92' lang='lat' dir='ltr'><strong>multi</strong></span> <span class='ocrx_word' id='word_1_546' title='bbox 2697 1574 2763 1613; x_wconf 88' lang='lat' dir='ltr'><strong>ex</strong></span> <span class='ocrx_word' id='word_1_547' title='bbox 2816 1558 3036 1614; x_wconf 91' lang='lat' dir='ltr'><strong>ducibus</strong></span> <span class='ocrx_word' id='word_1_548' title='bbox 3089 1559 3190 1614; x_wconf 87' lang='lat' dir='ltr'><strong>hoc</strong></span> <span class='ocrx_word' id='word_1_549' title='bbox 3231 1559 3393 1614; x_wconf 90' lang='lat' dir='ltr'><strong>modo</strong></span> 
     </span>
    </p>
   </div>
   <div class='ocr_carea' id='block_1_75' title="bbox 1806 1647 3387 1720">
    <p class='ocr_par' dir='ltr' id='par_1_75' title="bbox 1806 1647 3387 1720">
     <span class='ocr_line' id='line_1_76' title="bbox 1806 1647 3387 1720; baseline 0.001 -16"><span class='ocrx_word' id='word_1_550' title='bbox 1806 1649 2141 1712; x_wconf 88' lang='lat' dir='ltr'><strong>interierunt,</strong></span> <span class='ocrx_word' id='word_1_551' title='bbox 2174 1648 2386 1717; x_wconf 88' lang='lat' dir='ltr'><strong>quando</strong></span> <span class='ocrx_word' id='word_1_552' title='bbox 2411 1657 2463 1703; x_wconf 90' lang='lat' dir='ltr'><strong>et</strong></span> <span class='ocrx_word' id='word_1_553' title='bbox 2491 1647 2788 1718; x_wconf 88' lang='lat' dir='ltr'><strong>Imperator</strong></span> <span class='ocrx_word' id='word_1_554' title='bbox 2808 1649 2920 1718; x_wconf 92' lang='lat' dir='ltr'><strong>ipse</strong></span> <span class='ocrx_word' id='word_1_555' title='bbox 2948 1651 3000 1703; x_wconf 93' lang='lat' dir='ltr'><strong>in</strong></span> <span class='ocrx_word' id='word_1_556' title='bbox 3025 1650 3141 1704; x_wconf 91' lang='lat' dir='ltr'><strong>vico</strong></span> <span class='ocrx_word' id='word_1_557' title='bbox 3156 1650 3387 1720; x_wconf 88' lang='lat' dir='ltr'><strong>quodam</strong></span> 
     </span>
    </p>
   </div>
   <div class='ocr_carea' id='block_1_76' title="bbox 1808 1739 3393 1812">
    <p class='ocr_par' dir='ltr' id='par_1_76' title="bbox 1808 1739 3393 1812">
     <span class='ocr_line' id='line_1_77' title="bbox 1808 1739 3393 1812; baseline 0 -17"><span class='ocrx_word' id='word_1_558' title='bbox 1808 1755 1929 1796; x_wconf 91' lang='lat' dir='ltr'><strong>cum</strong></span> <span class='ocrx_word' id='word_1_559' title='bbox 1954 1741 2136 1810; x_wconf 88' lang='lat' dir='ltr'><strong>paucis</strong></span> <span class='ocrx_word' id='word_1_560' title='bbox 2161 1739 2419 1795; x_wconf 90' lang='lat' dir='ltr'><strong>militibus</strong></span> <span class='ocrx_word' id='word_1_561' title='bbox 2443 1740 2730 1796; x_wconf 90' lang='lat' dir='ltr'><strong>conclusus</strong></span> <span class='ocrx_word' id='word_1_562' title='bbox 2757 1741 2903 1796; x_wconf 85' lang='lat' dir='ltr'><strong>exire</strong></span> <span class='ocrx_word' id='word_1_563' title='bbox 2930 1740 3143 1812; x_wconf 91' lang='lat' dir='ltr'><strong>quidem</strong></span> <span class='ocrx_word' id='word_1_564' title='bbox 3169 1749 3223 1795; x_wconf 89' lang='lat' dir='ltr'><strong>et</strong></span> <span class='ocrx_word' id='word_1_565' title='bbox 3272 1756 3393 1795; x_wconf 88' lang='lat' dir='ltr'><strong>sese</strong></span> 
     </span>
    </p>
   </div>
   <div class='ocr_carea' id='block_1_77' title="bbox 1809 1830 3393 1901">
    <p class='ocr_par' dir='ltr' id='par_1_77' title="bbox 1809 1830 3393 1901">
     <span class='ocr_line' id='line_1_78' title="bbox 1809 1830 3393 1901; baseline 0.001 -15"><span class='ocrx_word' id='word_1_566' title='bbox 1809 1830 2183 1886; x_wconf 88' lang='lat' dir='ltr'><strong>invadentibus</strong></span> <span class='ocrx_word' id='word_1_567' title='bbox 2221 1845 2495 1901; x_wconf 89' lang='lat' dir='ltr'><strong>opponere</strong></span> <span class='ocrx_word' id='word_1_568' title='bbox 2522 1831 2741 1886; x_wconf 91' lang='lat' dir='ltr'><strong>minime</strong></span> <span class='ocrx_word' id='word_1_569' title='bbox 2783 1847 2943 1887; x_wconf 88' lang='lat' dir='ltr'><strong>ausus</strong></span> <span class='ocrx_word' id='word_1_570' title='bbox 2971 1840 3073 1897; x_wconf 88' lang='lat' dir='ltr'><strong>est,</strong></span> <span class='ocrx_word' id='word_1_571' title='bbox 3123 1831 3216 1887; x_wconf 89' lang='lat' dir='ltr'><strong>sed</strong></span> <span class='ocrx_word' id='word_1_572' title='bbox 3248 1833 3393 1887; x_wconf 89' lang='lat' dir='ltr'><strong>intus</strong></span> 
     </span>
    </p>
   </div>
   <div class='ocr_carea' id='block_1_78' title="bbox 1809 1924 3390 1994">
    <p class='ocr_par' dir='ltr' id='par_1_78' title="bbox 1809 1924 3390 1994">
     <span class='ocr_line' id='line_1_79' title="bbox 1809 1924 3390 1994; baseline 0.001 -16"><span class='ocrx_word' id='word_1_573' title='bbox 1809 1938 2032 1978; x_wconf 88' lang='lat' dir='ltr'><strong>manens</strong></span> <span class='ocrx_word' id='word_1_574' title='bbox 2055 1938 2283 1979; x_wconf 88' lang='lat' dir='ltr'><strong>accenso</strong></span> <span class='ocrx_word' id='word_1_575' title='bbox 2307 1924 2499 1978; x_wconf 88' lang='lat' dir='ltr'><strong>abillis</strong></span> <span class='ocrx_word' id='word_1_576' title='bbox 2524 1924 2643 1994; x_wconf 85' lang='lat' dir='ltr'><strong>igne</strong></span> <span class='ocrx_word' id='word_1_577' title='bbox 2670 1940 2774 1979; x_wconf 93' lang='lat' dir='ltr'><strong>una</strong></span> <span class='ocrx_word' id='word_1_578' title='bbox 2826 1939 2948 1980; x_wconf 92' lang='lat' dir='ltr'><strong>cum</strong></span> <span class='ocrx_word' id='word_1_579' title='bbox 3002 1924 3066 1981; x_wconf 90' lang='lat' dir='ltr'><strong>iis</strong></span> <span class='ocrx_word' id='word_1_580' title='bbox 3118 1927 3390 1993; x_wconf 89' lang='lat' dir='ltr'><strong>omnibus,</strong></span> 
     </span>
    </p>
   </div>
   <div class='ocr_carea' id='block_1_79' title="bbox 1807 2014 3389 2085">
    <p class='ocr_par' dir='ltr' id='par_1_79' title="bbox 1807 2014 3389 2085">
     <span class='ocr_line' id='line_1_80' title="bbox 1807 2014 3389 2085; baseline 0.003 -16"><span class='ocrx_word' id='word_1_581' title='bbox 1807 2028 1944 2085; x_wconf 87' lang='lat' dir='ltr'><strong>quos</strong></span> <span class='ocrx_word' id='word_1_582' title='bbox 1975 2014 2155 2069; x_wconf 90' lang='lat' dir='ltr'><strong>secum</strong></span> <span class='ocrx_word' id='word_1_583' title='bbox 2185 2014 2433 2083; x_wconf 89' lang='lat' dir='ltr'><strong>habebat,</strong></span> <span class='ocrx_word' id='word_1_584' title='bbox 2455 2014 2769 2071; x_wconf 89' lang='lat' dir='ltr'><strong>combustus</strong></span> <span class='ocrx_word' id='word_1_585' title='bbox 2789 2026 2869 2072; x_wconf 88' lang='lat' dir='ltr'><strong>est</strong></span> <span class='ocrx_word' id='word_1_586' title='bbox 2888 2031 2903 2082; x_wconf 90' lang='lat'><strong>;</strong></span> <span class='ocrx_word' id='word_1_587' title='bbox 2923 2032 3021 2073; x_wconf 93' lang='lat' dir='ltr'><strong>nec</strong></span> <span class='ocrx_word' id='word_1_588' title='bbox 3040 2018 3164 2072; x_wconf 90' lang='lat' dir='ltr'><strong>viris</strong></span> <span class='ocrx_word' id='word_1_589' title='bbox 3195 2019 3389 2081; x_wconf 80' lang='lat' dir='ltr'><strong>Solum.</strong></span> 
     </span>
    </p>
   </div>
   <div class='ocr_carea' id='block_1_80' title="bbox 1810 2103 3394 2176">
    <p class='ocr_par' dir='ltr' id='par_1_80' title="bbox 1810 2103 3394 2176">
     <span class='ocr_line' id='line_1_81' title="bbox 1810 2103 3394 2176; baseline 0.005 -17"><span class='ocrx_word' id='word_1_590' title='bbox 1810 2103 1906 2160; x_wconf 89' lang='lat' dir='ltr'><strong>sed</strong></span> <span class='ocrx_word' id='word_1_591' title='bbox 1934 2106 2095 2160; x_wconf 90' lang='lat' dir='ltr'><strong>etiam</strong></span> <span class='ocrx_word' id='word_1_592' title='bbox 2119 2106 2292 2176; x_wconf 90' lang='lat' dir='ltr'><strong>equis,</strong></span> <span class='ocrx_word' id='word_1_593' title='bbox 2320 2114 2374 2161; x_wconf 92' lang='lat' dir='ltr'><strong>et</strong></span> <span class='ocrx_word' id='word_1_594' title='bbox 2396 2106 2655 2175; x_wconf 86' lang='lat' dir='ltr'><strong>trabibus,</strong></span> <span class='ocrx_word' id='word_1_595' title='bbox 2702 2117 2757 2163; x_wconf 90' lang='lat' dir='ltr'><strong>et</strong></span> <span class='ocrx_word' id='word_1_596' title='bbox 2777 2108 2966 2175; x_wconf 90' lang='lat' dir='ltr'><strong>muris,</strong></span> <span class='ocrx_word' id='word_1_597' title='bbox 2995 2117 3049 2163; x_wconf 92' lang='lat' dir='ltr'><strong>et</strong></span> <span class='ocrx_word' id='word_1_598' title='bbox 3068 2110 3315 2164; x_wconf 89' lang='lat' dir='ltr'><strong>omnibus</strong></span> <span class='ocrx_word' id='word_1_599' title='bbox 3342 2112 3394 2167; x_wconf 89' lang='lat' dir='ltr'><strong>in</strong></span> 
     </span>
    </p>
   </div>
   <div class='ocr_carea' id='block_1_81' title="bbox 1810 2198 3396 2273">
    <p class='ocr_par' dir='ltr' id='par_1_81' title="bbox 1810 2198 3396 2273">
     <span class='ocr_line' id='line_1_82' title="bbox 1810 2198 3396 2273; baseline 0.004 -23"><span class='ocrx_word' id='word_1_600' title='bbox 1810 2213 1973 2252; x_wconf 91' lang='lat' dir='ltr'><strong>unum</strong></span> <span class='ocrx_word' id='word_1_601' title='bbox 2017 2208 2178 2269; x_wconf 88' lang='lat' dir='ltr'><strong>atque</strong></span> <span class='ocrx_word' id='word_1_602' title='bbox 2229 2198 2478 2255; x_wconf 90' lang='lat' dir='ltr'><strong>eumdem</strong></span> <span class='ocrx_word' id='word_1_603' title='bbox 2527 2200 2762 2256; x_wconf 90' lang='lat' dir='ltr'><strong>cinerem</strong></span> <span class='ocrx_word' id='word_1_604' title='bbox 2814 2201 3170 2257; x_wconf 83' lang='lat' dir='ltr'><strong>abeuntibus?</strong></span> <span class='ocrx_word' id='word_1_605' title='bbox 3236 2212 3396 2273; x_wconf 86' lang='lat' dir='ltr'><strong>atque</strong></span> 
     </span>
    </p>
   </div>
   <div class='ocr_carea' id='block_1_82' title="bbox 1810 2286 3393 2364">
    <p class='ocr_par' dir='ltr' id='par_1_82' title="bbox 1810 2286 3393 2364">
     <span class='ocr_line' id='line_1_83' title="bbox 1810 2286 3393 2364; baseline 0.005 -22"><span class='ocrx_word' id='word_1_606' title='bbox 1810 2286 1952 2342; x_wconf 89' lang='lat' dir='ltr'><strong>hunc</strong></span> <span class='ocrx_word' id='word_1_607' title='bbox 1980 2289 2222 2344; x_wconf 91' lang='lat' dir='ltr'><strong>nuntium</strong></span> <span class='ocrx_word' id='word_1_608' title='bbox 2251 2289 2307 2356; x_wconf 93' lang='lat' dir='ltr'><strong>ii,</strong></span> <span class='ocrx_word' id='word_1_609' title='bbox 2363 2291 2453 2361; x_wconf 93' lang='lat' dir='ltr'><strong>qui</strong></span> <span class='ocrx_word' id='word_1_610' title='bbox 2480 2307 2582 2346; x_wconf 91' lang='lat' dir='ltr'><strong>una</strong></span> <span class='ocrx_word' id='word_1_611' title='bbox 2607 2306 2727 2346; x_wconf 93' lang='lat' dir='ltr'><strong>cum</strong></span> <span class='ocrx_word' id='word_1_612' title='bbox 2753 2292 3076 2364; x_wconf 87' lang='lat' dir='ltr'><strong>lmperatore</strong></span> <span class='ocrx_word' id='word_1_613' title='bbox 3096 2296 3163 2350; x_wconf 91' lang='lat' dir='ltr'><strong>ad</strong></span> <span class='ocrx_word' id='word_1_614' title='bbox 3196 2296 3393 2353; x_wconf 84' lang='lat' dir='ltr'><strong>bellum</strong></span> 
     </span>
    </p>
   </div>
   <div class='ocr_carea' id='block_1_83' title="bbox 1811 2379 3389 2455">
    <p class='ocr_par' dir='ltr' id='par_1_83' title="bbox 1811 2379 3389 2455">
     <span class='ocr_line' id='line_1_84' title="bbox 1811 2379 3389 2455; baseline 0.006 -22"><span class='ocrx_word' id='word_1_615' title='bbox 1811 2379 2031 2448; x_wconf 84' lang='lat' dir='ltr'><strong>profecti</strong></span> <span class='ocrx_word' id='word_1_616' title='bbox 2060 2379 2290 2447; x_wconf 88' lang='lat' dir='ltr'><strong>fuerant,</strong></span> <span class='ocrx_word' id='word_1_617' title='bbox 2320 2382 2438 2437; x_wconf 90' lang='lat' dir='ltr'><strong>loco</strong></span> <span class='ocrx_word' id='word_1_618' title='bbox 2472 2381 2813 2454; x_wconf 89' lang='lat' dir='ltr'><strong>Imperatoris</strong></span> <span class='ocrx_word' id='word_1_619' title='bbox 2841 2385 3006 2455; x_wconf 90' lang='lat' dir='ltr'><strong>ipsius</strong></span> <span class='ocrx_word' id='word_1_620' title='bbox 3047 2386 3113 2440; x_wconf 91' lang='lat' dir='ltr'><strong>ad</strong></span> <span class='ocrx_word' id='word_1_621' title='bbox 3166 2402 3389 2443; x_wconf 88' lang='lat' dir='ltr'><strong>uxorem</strong></span> 
     </span>
    </p>
   </div>
   <div class='ocr_carea' id='block_1_84' title="bbox 1810 2472 3396 2547">
    <p class='ocr_par' dir='ltr' id='par_1_84' title="bbox 1810 2472 3396 2547">
     <span class='ocr_line' id='line_1_85' title="bbox 1810 2472 3396 2547; baseline 0.003 -21"><span class='ocrx_word' id='word_1_622' title='bbox 1810 2480 2151 2542; x_wconf 77' lang='lat' dir='ltr'><strong>rt-portantes</strong></span> <span class='ocrx_word' id='word_1_623' title='bbox 2199 2472 2495 2530; x_wconf 90' lang='lat' dir='ltr'><strong>redierunt.</strong></span> <span class='ocrx_word' id='word_1_624' title='bbox 2539 2474 2681 2531; x_wconf 84' lang='lat' dir='ltr'><strong>Nihil</strong></span> <span class='ocrx_word' id='word_1_625' title='bbox 2727 2477 2892 2542; x_wconf 89' lang='lat' dir='ltr'><strong>enim,</strong></span> <span class='ocrx_word' id='word_1_626' title='bbox 2941 2477 3068 2531; x_wconf 88' lang='lat' dir='ltr'><strong>nihil</strong></span> <span class='ocrx_word' id='word_1_627' title='bbox 3119 2477 3275 2547; x_wconf 88' lang='lat' dir='ltr'><strong>plane</strong></span> <span class='ocrx_word' id='word_1_628' title='bbox 3310 2494 3396 2546; x_wconf 84' lang='lat' dir='ltr'><strong>ea,</strong></span> 
     </span>
    </p>
   </div>
   <div class='ocr_carea' id='block_1_85' title="bbox 1810 2566 3397 2640">
    <p class='ocr_par' dir='ltr' id='par_1_85' title="bbox 1810 2566 3397 2640">
     <span class='ocr_line' id='line_1_86' title="bbox 1810 2566 3397 2640; baseline 0.005 -21"><span class='ocrx_word' id='word_1_629' title='bbox 1810 2581 1931 2634; x_wconf 69' lang='lat' dir='ltr'><strong>qua:</strong></span> <span class='ocrx_word' id='word_1_630' title='bbox 1954 2566 2004 2619; x_wconf 93' lang='lat' dir='ltr'><strong>in</strong></span> <span class='ocrx_word' id='word_1_631' title='bbox 2033 2566 2232 2621; x_wconf 92' lang='lat' dir='ltr'><strong>mundo</strong></span> <span class='ocrx_word' id='word_1_632' title='bbox 2253 2567 2530 2637; x_wconf 88' lang='lat' dir='ltr'><strong>splendida</strong></span> <span class='ocrx_word' id='word_1_633' title='bbox 2558 2576 2700 2635; x_wconf 88' lang='lat' dir='ltr'><strong>sunt,</strong></span> <span class='ocrx_word' id='word_1_634' title='bbox 2740 2569 2808 2622; x_wconf 91' lang='lat' dir='ltr'><strong>ab</strong></span> <span class='ocrx_word' id='word_1_635' title='bbox 2838 2569 2923 2635; x_wconf 83' lang='lat' dir='ltr'><strong>iis,</strong></span> <span class='ocrx_word' id='word_1_636' title='bbox 2968 2586 3087 2640; x_wconf 70' lang='lat' dir='ltr'><strong>qua:</strong></span> <span class='ocrx_word' id='word_1_637' title='bbox 3135 2571 3187 2625; x_wconf 91' lang='lat' dir='ltr'><strong>in</strong></span> <span class='ocrx_word' id='word_1_638' title='bbox 3236 2586 3397 2629; x_wconf 89' lang='lat' dir='ltr'><strong>scena</strong></span> 
     </span>
    </p>
   </div>
   <div class='ocr_carea' id='block_1_86' title="bbox 1812 2660 3396 2727">
    <p class='ocr_par' dir='ltr' id='par_1_86' title="bbox 1812 2660 3396 2727">
     <span class='ocr_line' id='line_1_87' title="bbox 1812 2660 3396 2727; baseline 0.008 -21"><span class='ocrx_word' id='word_1_639' title='bbox 1812 2666 2089 2726; x_wconf 65' lang='lat' dir='ltr'><strong>geruntur,</strong></span> <span class='ocrx_word' id='word_1_640' title='bbox 2138 2668 2298 2727; x_wconf 90' lang='lat' dir='ltr'><strong>atque</strong></span> <span class='ocrx_word' id='word_1_641' title='bbox 2321 2674 2351 2712; x_wconf 93' lang='lat' dir='ltr'><strong>a</strong></span> <span class='ocrx_word' id='word_1_642' title='bbox 2385 2675 2671 2714; x_wconf 89' lang='lat' dir='ltr'><strong>vernorum</strong></span> <span class='ocrx_word' id='word_1_643' title='bbox 2718 2660 2911 2715; x_wconf 86' lang='lat' dir='ltr'><strong>ﬂorum</strong></span> <span class='ocrx_word' id='word_1_644' title='bbox 2942 2670 3218 2717; x_wconf 80' lang='lat' dir='ltr'><strong>venustate</strong></span> <span class='ocrx_word' id='word_1_645' title='bbox 3242 2661 3396 2718; x_wconf 87' lang='lat' dir='ltr'><strong>diffe-</strong></span> 
     </span>
    </p>
   </div>
   <div class='ocr_carea' id='block_1_87' title="bbox 1814 2747 3393 2818">
    <p class='ocr_par' dir='ltr' id='par_1_87' title="bbox 1814 2747 3393 2818">
     <span class='ocr_line' id='line_1_88' title="bbox 1814 2747 3393 2818; baseline 0.004 -18"><span class='ocrx_word' id='word_1_646' title='bbox 1814 2755 1960 2800; x_wconf 87' lang='lat' dir='ltr'><strong>runt.</strong></span> <span class='ocrx_word' id='word_1_647' title='bbox 1997 2747 2232 2801; x_wconf 83' lang='lat' dir='ltr'><strong>Primum</strong></span> <span class='ocrx_word' id='word_1_648' title='bbox 2262 2748 2405 2803; x_wconf 89' lang='lat' dir='ltr'><strong>enim</strong></span> <span class='ocrx_word' id='word_1_649' title='bbox 2431 2758 2714 2818; x_wconf 86' lang='lat' dir='ltr'><strong>antequam</strong></span> <span class='ocrx_word' id='word_1_650' title='bbox 2738 2759 3029 2818; x_wconf 84' lang='lat' dir='ltr'><strong>appareant</strong></span> <span class='ocrx_word' id='word_1_651' title='bbox 3052 2764 3393 2817; x_wconf 82' lang='lat' dir='ltr'><strong>evanescunt,</strong></span> 
     </span>
    </p>
   </div>
   <div class='ocr_carea' id='block_1_88' title="bbox 1812 2837 3398 2912">
    <p class='ocr_par' dir='ltr' id='par_1_88' title="bbox 1812 2837 3398 2912">
     <span class='ocr_line' id='line_1_89' title="bbox 1812 2837 3398 2912; baseline 0.004 -19"><span class='ocrx_word' id='word_1_652' title='bbox 1812 2837 2028 2904; x_wconf 88' lang='lat' dir='ltr'><strong>deinde,</strong></span> <span class='ocrx_word' id='word_1_653' title='bbox 2077 2837 2241 2894; x_wconf 91' lang='lat' dir='ltr'><strong>etiam</strong></span> <span class='ocrx_word' id='word_1_654' title='bbox 2286 2840 2330 2894; x_wconf 91' lang='lat' dir='ltr'><strong>si</strong></span> <span class='ocrx_word' id='word_1_655' title='bbox 2376 2840 2647 2909; x_wconf 89' lang='lat' dir='ltr'><strong>paululum</strong></span> <span class='ocrx_word' id='word_1_656' title='bbox 2690 2842 2944 2912; x_wconf 88' lang='lat' dir='ltr'><strong>temporis</strong></span> <span class='ocrx_word' id='word_1_657' title='bbox 2982 2852 3252 2909; x_wconf 89' lang='lat' dir='ltr'><strong>maneant,</strong></span> <span class='ocrx_word' id='word_1_658' title='bbox 3290 2844 3398 2899; x_wconf 91' lang='lat' dir='ltr'><strong>cito</strong></span> 
     </span>
    </p>
   </div>
   <div class='ocr_carea' id='block_1_89' title="bbox 1812 2931 3396 3003">
    <p class='ocr_par' dir='ltr' id='par_1_89' title="bbox 1812 2931 3396 3003">
     <span class='ocr_line' id='line_1_90' title="bbox 1812 2931 3396 3003; baseline 0.003 -19"><span class='ocrx_word' id='word_1_659' title='bbox 1812 2940 1989 2985; x_wconf 88' lang='lat' dir='ltr'><strong>tamen</strong></span> <span class='ocrx_word' id='word_1_660' title='bbox 2018 2932 2083 2985; x_wconf 90' lang='lat' dir='ltr'><strong>ad</strong></span> <span class='ocrx_word' id='word_1_661' title='bbox 2112 2931 2388 2987; x_wconf 87' lang='lat' dir='ltr'><strong>interitum</strong></span> <span class='ocrx_word' id='word_1_662' title='bbox 2434 2942 2743 3003; x_wconf 84' lang='lat' dir='ltr'><strong>properant.</strong></span> <span class='ocrx_word' id='word_1_663' title='bbox 2787 2933 2923 3000; x_wconf 87' lang='lat' dir='ltr'><strong>Quid</strong></span> <span class='ocrx_word' id='word_1_664' title='bbox 2966 2934 3107 2988; x_wconf 91' lang='lat' dir='ltr'><strong>enim</strong></span> <span class='ocrx_word' id='word_1_665' title='bbox 3150 2934 3396 3001; x_wconf 86' lang='lat' dir='ltr'><strong>honore,</strong></span> 
     </span>
    </p>
   </div>
   <div class='ocr_carea' id='block_1_90' title="bbox 1813 3025 3399 3097">
    <p class='ocr_par' dir='ltr' id='par_1_90' title="bbox 1813 3025 3399 3097">
     <span class='ocr_line' id='line_1_91' title="bbox 1813 3025 3399 3097; baseline 0.004 -20"><span class='ocrx_word' id='word_1_666' title='bbox 1813 3025 1902 3094; x_wconf 89' lang='lat' dir='ltr'><strong>qui</strong></span> <span class='ocrx_word' id='word_1_667' title='bbox 1952 3039 1982 3078; x_wconf 93' lang='lat' dir='ltr'><strong>a</strong></span> <span class='ocrx_word' id='word_1_668' title='bbox 2022 3025 2179 3095; x_wconf 81' lang='lat' dir='ltr'><strong>vulgo</strong></span> <span class='ocrx_word' id='word_1_669' title='bbox 2210 3025 2519 3093; x_wconf 87' lang='lat' dir='ltr'><strong>exhibetur,</strong></span> <span class='ocrx_word' id='word_1_670' title='bbox 2563 3036 2618 3081; x_wconf 85' lang='lat' dir='ltr'><strong>et</strong></span> <span class='ocrx_word' id='word_1_671' title='bbox 2659 3028 2827 3097; x_wconf 89' lang='lat' dir='ltr'><strong>gloria</strong></span> <span class='ocrx_word' id='word_1_672' title='bbox 2868 3028 3059 3083; x_wconf 82' lang='lat' dir='ltr'><strong>exilius</strong></span> <span class='ocrx_word' id='word_1_673' title='bbox 3100 3044 3163 3083; x_wconf 89' lang='lat' dir='ltr'><strong>ac</strong></span> <span class='ocrx_word' id='word_1_674' title='bbox 3204 3030 3399 3084; x_wconf 83' lang='lat' dir='ltr'><strong>vilius?</strong></span> 
     </span>
    </p>
   </div>
   <div class='ocr_carea' id='block_1_91' title="bbox 1813 3116 3398 3191">
    <p class='ocr_par' dir='ltr' id='par_1_91' title="bbox 1813 3116 3398 3191">
     <span class='ocr_line' id='line_1_92' title="bbox 1813 3116 3398 3191; baseline 0.003 -20"><span class='ocrx_word' id='word_1_675' title='bbox 1813 3132 1973 3187; x_wconf 91' lang='lat' dir='ltr'><strong>quem</strong></span> <span class='ocrx_word' id='word_1_676' title='bbox 2012 3116 2276 3184; x_wconf 86' lang='lat' dir='ltr'><strong>fructum,</strong></span> <span class='ocrx_word' id='word_1_677' title='bbox 2324 3135 2480 3188; x_wconf 88' lang='lat' dir='ltr'><strong>quam</strong></span> <span class='ocrx_word' id='word_1_678' title='bbox 2530 3118 2811 3174; x_wconf 90' lang='lat' dir='ltr'><strong>utilitatem</strong></span> <span class='ocrx_word' id='word_1_679' title='bbox 2856 3118 3123 3175; x_wconf 82' lang='lat' dir='ltr'><strong>aﬂ&#39;eruut?</strong></span> <span class='ocrx_word' id='word_1_680' title='bbox 3166 3135 3398 3191; x_wconf 91' lang='lat' dir='ltr'><strong>quonam</strong></span> 
     </span>
    </p>
   </div>
   <div class='ocr_carea' id='block_1_92' title="bbox 1812 3207 2587 3264">
    <p class='ocr_par' dir='ltr' id='par_1_92' title="bbox 1812 3207 2587 3264">
     <span class='ocr_line' id='line_1_93' title="bbox 1812 3207 2587 3264; baseline 0 -2"><span class='ocrx_word' id='word_1_681' title='bbox 1812 3207 1954 3262; x_wconf 87' lang='lat' dir='ltr'><strong>bono</strong></span> <span class='ocrx_word' id='word_1_682' title='bbox 1982 3209 2126 3264; x_wconf 90' lang='lat' dir='ltr'><strong>cxitu</strong></span> <span class='ocrx_word' id='word_1_683' title='bbox 2151 3208 2587 3263; x_wconf 84' lang='lat' dir='ltr'><strong>concltnluutur?</strong></span> 
     </span>
    </p>
   </div>
   <div class='ocr_carea' id='block_1_93' title="bbox 1885 3297 3399 3372">
    <p class='ocr_par' dir='ltr' id='par_1_93' title="bbox 1885 3297 3399 3372">
     <span class='ocr_line' id='line_1_94' title="bbox 1885 3297 3399 3372; baseline 0.003 -21"><span class='ocrx_word' id='word_1_684' title='bbox 1885 3297 2075 3352; x_wconf 70' lang='lat' dir='ltr'><strong>Gloria:</strong></span> <span class='ocrx_word' id='word_1_685' title='bbox 2105 3301 2342 3354; x_wconf 74' lang='lat' dir='ltr'><strong>humana:</strong></span> <span class='ocrx_word' id='word_1_686' title='bbox 2366 3300 2704 3354; x_wconf 82' lang='lat' dir='ltr'><strong>conditionem</strong></span> <span class='ocrx_word' id='word_1_687' title='bbox 2732 3301 2955 3371; x_wconf 76' lang='lat' dir='ltr'><strong>exponit.</strong></span> <span class='ocrx_word' id='word_1_688' title='bbox 2988 3331 3058 3341; x_wconf 91' lang='lat'><strong><em>——</em></strong></span> <span class='ocrx_word' id='word_1_689' title='bbox 3085 3302 3257 3372; x_wconf 87' lang='lat' dir='ltr'><strong>Atque</strong></span> <span class='ocrx_word' id='word_1_690' title='bbox 3293 3303 3399 3356; x_wconf 85' lang='lat' dir='ltr'><strong>uti-</strong></span> 
     </span>
    </p>
   </div>
   <div class='ocr_carea' id='block_1_94' title="bbox 1817 3390 3401 3464">
    <p class='ocr_par' dir='ltr' id='par_1_94' title="bbox 1817 3390 3401 3464">
     <span class='ocr_line' id='line_1_95' title="bbox 1817 3390 3401 3464; baseline 0.003 -21"><span class='ocrx_word' id='word_1_691' title='bbox 1817 3405 1939 3443; x_wconf 88' lang='lat' dir='ltr'><strong>nam</strong></span> <span class='ocrx_word' id='word_1_692' title='bbox 1971 3390 2105 3444; x_wconf 87' lang='lat' dir='ltr'><strong>nihil</strong></span> <span class='ocrx_word' id='word_1_693' title='bbox 2142 3390 2286 3446; x_wconf 85' lang='lat' dir='ltr'><strong>aliud</strong></span> <span class='ocrx_word' id='word_1_694' title='bbox 2332 3391 2578 3447; x_wconf 90' lang='lat' dir='ltr'><strong>subesset</strong></span> <span class='ocrx_word' id='word_1_695' title='bbox 2622 3393 2745 3447; x_wconf 87' lang='lat' dir='ltr'><strong>mali</strong></span> <span class='ocrx_word' id='word_1_696' title='bbox 2778 3410 2791 3445; x_wconf 91' lang='lat'><strong>:</strong></span> <span class='ocrx_word' id='word_1_697' title='bbox 2835 3408 2977 3448; x_wconf 91' lang='lat' dir='ltr'><strong>nunc</strong></span> <span class='ocrx_word' id='word_1_698' title='bbox 3012 3409 3140 3449; x_wconf 88' lang='lat' dir='ltr'><strong>vero</strong></span> <span class='ocrx_word' id='word_1_699' title='bbox 3185 3405 3401 3464; x_wconf 85' lang='lat' dir='ltr'><strong>practer-</strong></span> 
     </span>
    </p>
   </div>
   <div class='ocr_carea' id='block_1_95' title="bbox 1813 3482 3401 3553">
    <p class='ocr_par' dir='ltr' id='par_1_95' title="bbox 1813 3482 3401 3553">
     <span class='ocr_line' id='line_1_96' title="bbox 1813 3482 3401 3553; baseline 0.003 -18"><span class='ocrx_word' id='word_1_700' title='bbox 1813 3497 1973 3552; x_wconf 89' lang='lat' dir='ltr'><strong>quam</strong></span> <span class='ocrx_word' id='word_1_701' title='bbox 2022 3482 2164 3553; x_wconf 91' lang='lat' dir='ltr'><strong>quod</strong></span> <span class='ocrx_word' id='word_1_702' title='bbox 2217 3482 2348 3537; x_wconf 91' lang='lat' dir='ltr'><strong>nihil</strong></span> <span class='ocrx_word' id='word_1_703' title='bbox 2396 3498 2523 3539; x_wconf 91' lang='lat' dir='ltr'><strong>vere</strong></span> <span class='ocrx_word' id='word_1_704' title='bbox 2553 3484 2674 3538; x_wconf 91' lang='lat' dir='ltr'><strong>boni</strong></span> <span class='ocrx_word' id='word_1_705' title='bbox 2727 3484 2851 3539; x_wconf 89' lang='lat' dir='ltr'><strong>inde</strong></span> <span class='ocrx_word' id='word_1_706' title='bbox 2880 3486 3162 3553; x_wconf 86' lang='lat' dir='ltr'><strong>provenit,</strong></span> <span class='ocrx_word' id='word_1_707' title='bbox 3209 3487 3401 3540; x_wconf 88' lang='lat' dir='ltr'><strong>multas</strong></span> 
     </span>
    </p>
   </div>
   <div class='ocr_carea' id='block_1_96' title="bbox 1812 3574 3399 3647">
    <p class='ocr_par' dir='ltr' id='par_1_96' title="bbox 1812 3574 3399 3647">
     <span class='ocr_line' id='line_1_97' title="bbox 1812 3574 3399 3647; baseline 0.002 -19"><span class='ocrx_word' id='word_1_708' title='bbox 1812 3574 1972 3628; x_wconf 89' lang='lat' dir='ltr'><strong>etiam</strong></span> <span class='ocrx_word' id='word_1_709' title='bbox 1997 3574 2290 3637; x_wconf 86' lang='lat' dir='ltr'><strong>molestias,</strong></span> <span class='ocrx_word' id='word_1_710' title='bbox 2311 3574 2475 3628; x_wconf 88' lang='lat' dir='ltr'><strong>nmlta</strong></span> <span class='ocrx_word' id='word_1_711' title='bbox 2494 3574 2685 3629; x_wconf 87' lang='lat' dir='ltr'><strong>damna</strong></span> <span class='ocrx_word' id='word_1_712' title='bbox 2704 3575 2917 3631; x_wconf 88' lang='lat' dir='ltr'><strong>assidue</strong></span> <span class='ocrx_word' id='word_1_713' title='bbox 2941 3577 2985 3631; x_wconf 91' lang='lat' dir='ltr'><strong>is</strong></span> <span class='ocrx_word' id='word_1_714' title='bbox 3010 3575 3154 3631; x_wconf 88' lang='lat' dir='ltr'><strong>ferre</strong></span> <span class='ocrx_word' id='word_1_715' title='bbox 3171 3578 3399 3647; x_wconf 85' lang='lat' dir='ltr'><strong>cogitur,</strong></span> 
     </span>
    </p>
   </div>
   <div class='ocr_carea' id='block_1_97' title="bbox 1814 3664 3401 3736">
    <p class='ocr_par' dir='ltr' id='par_1_97' title="bbox 1814 3664 3401 3736">
     <span class='ocr_line' id='line_1_98' title="bbox 1814 3664 3401 3736; baseline 0.002 -18"><span class='ocrx_word' id='word_1_716' title='bbox 1814 3665 1985 3734; x_wconf 90' lang='lat' dir='ltr'><strong>quise</strong></span> <span class='ocrx_word' id='word_1_717' title='bbox 2016 3664 2140 3719; x_wconf 87' lang='lat' dir='ltr'><strong>huic</strong></span> <span class='ocrx_word' id='word_1_718' title='bbox 2191 3666 2552 3721; x_wconf 75' lang='lat' dir='ltr'><strong>acerbissima:</strong></span> <span class='ocrx_word' id='word_1_719' title='bbox 2599 3666 2832 3722; x_wconf 71' lang='lat' dir='ltr'><strong>dominae</strong></span> <span class='ocrx_word' id='word_1_720' title='bbox 2878 3667 3121 3736; x_wconf 86' lang='lat' dir='ltr'><strong>subjecit.</strong></span> <span class='ocrx_word' id='word_1_721' title='bbox 3179 3667 3401 3721; x_wconf 88' lang='lat' dir='ltr'><strong>Domina</strong></span> 
     </span>
    </p>
   </div>
   <div class='ocr_carea' id='block_1_98' title="bbox 1815 3756 3405 3829">
    <p class='ocr_par' dir='ltr' id='par_1_98' title="bbox 1815 3756 3405 3829">
     <span class='ocr_line' id='line_1_99' title="bbox 1815 3756 3405 3829; baseline -0.001 -17"><span class='ocrx_word' id='word_1_722' title='bbox 1815 3758 1958 3812; x_wconf 89' lang='lat' dir='ltr'><strong>enim</strong></span> <span class='ocrx_word' id='word_1_723' title='bbox 1980 3767 2288 3823; x_wconf 91' lang='lat' dir='ltr'><strong>esteorum,</strong></span> <span class='ocrx_word' id='word_1_724' title='bbox 2323 3757 2411 3826; x_wconf 92' lang='lat' dir='ltr'><strong>qui</strong></span> <span class='ocrx_word' id='word_1_725' title='bbox 2440 3757 2607 3826; x_wconf 90' lang='lat' dir='ltr'><strong>ipsam</strong></span> <span class='ocrx_word' id='word_1_726' title='bbox 2633 3756 2989 3820; x_wconf 89' lang='lat' dir='ltr'><strong>admiserunt,</strong></span> <span class='ocrx_word' id='word_1_727' title='bbox 3016 3767 3070 3812; x_wconf 90' lang='lat' dir='ltr'><strong>et</strong></span> <span class='ocrx_word' id='word_1_728' title='bbox 3096 3772 3201 3828; x_wconf 87' lang='lat' dir='ltr'><strong>qtto</strong></span> <span class='ocrx_word' id='word_1_729' title='bbox 3233 3758 3405 3829; x_wconf 89' lang='lat' dir='ltr'><strong>majo-</strong></span> 
     </span>
    </p>
   </div>
   <div class='ocr_carea' id='block_1_99' title="bbox 1818 3849 3402 3916">
    <p class='ocr_par' dir='ltr' id='par_1_99' title="bbox 1818 3849 3402 3916">
     <span class='ocr_line' id='line_1_100' title="bbox 1818 3849 3402 3916; baseline 0.001 -12"><span class='ocrx_word' id='word_1_730' title='bbox 1818 3851 1966 3906; x_wconf 88' lang='lat' dir='ltr'><strong>ribus</strong></span> <span class='ocrx_word' id='word_1_731' title='bbox 1994 3849 2263 3906; x_wconf 86' lang='lat' dir='ltr'><strong>blanditiis</strong></span> <span class='ocrx_word' id='word_1_732' title='bbox 2291 3860 2346 3905; x_wconf 91' lang='lat' dir='ltr'><strong>et</strong></span> <span class='ocrx_word' id='word_1_733' title='bbox 2372 3850 2822 3905; x_wconf 87' lang='lat' dir='ltr'><strong>assentationibus</strong></span> <span class='ocrx_word' id='word_1_734' title='bbox 2842 3851 3036 3905; x_wconf 89' lang='lat' dir='ltr'><strong>colitur</strong></span> <span class='ocrx_word' id='word_1_735' title='bbox 3059 3865 3089 3905; x_wconf 91' lang='lat' dir='ltr'><strong>a</strong></span> <span class='ocrx_word' id='word_1_736' title='bbox 3120 3853 3309 3916; x_wconf 88' lang='lat' dir='ltr'><strong>servis,</strong></span> <span class='ocrx_word' id='word_1_737' title='bbox 3336 3865 3402 3906; x_wconf 91' lang='lat' dir='ltr'><strong>eo</strong></span> 
     </span>
    </p>
   </div>
   <div class='ocr_carea' id='block_1_100' title="bbox 1818 3943 3402 4014">
    <p class='ocr_par' dir='ltr' id='par_1_100' title="bbox 1818 3943 3402 4014">
     <span class='ocr_line' id='line_1_101' title="bbox 1818 3943 3402 4014; baseline 0.001 -17"><span class='ocrx_word' id='word_1_738' title='bbox 1818 3945 1986 4014; x_wconf 85' lang='lat' dir='ltr'><strong>magis</strong></span> <span class='ocrx_word' id='word_1_739' title='bbox 2014 3958 2135 3999; x_wconf 90' lang='lat' dir='ltr'><strong>sese</strong></span> <span class='ocrx_word' id='word_1_740' title='bbox 2155 3953 2341 3999; x_wconf 89' lang='lat' dir='ltr'><strong>contra</strong></span> <span class='ocrx_word' id='word_1_741' title='bbox 2367 3944 2515 4014; x_wconf 90' lang='lat' dir='ltr'><strong>ipsos</strong></span> <span class='ocrx_word' id='word_1_742' title='bbox 2537 3943 2716 4013; x_wconf 87' lang='lat' dir='ltr'><strong>erigit,</strong></span> <span class='ocrx_word' id='word_1_743' title='bbox 2747 3953 2801 3998; x_wconf 92' lang='lat' dir='ltr'><strong>et</strong></span> <span class='ocrx_word' id='word_1_744' title='bbox 2821 3944 3123 3999; x_wconf 87' lang='lat' dir='ltr'><strong>durioribus</strong></span> <span class='ocrx_word' id='word_1_745' title='bbox 3145 3946 3289 4014; x_wconf 80' lang='lat' dir='ltr'><strong>ipsos</strong></span> <span class='ocrx_word' id='word_1_746' title='bbox 3311 3961 3402 4000; x_wconf 87' lang='lat' dir='ltr'><strong>ur-</strong></span> 
     </span>
    </p>
   </div>
   <div class='ocr_carea' id='block_1_101' title="bbox 1816 4036 3403 4107">
    <p class='ocr_par' dir='ltr' id='par_1_101' title="bbox 1816 4036 3403 4107">
     <span class='ocr_line' id='line_1_102' title="bbox 1816 4036 3403 4107; baseline 0.002 -17"><span class='ocrx_word' id='word_1_747' title='bbox 1816 4046 1905 4106; x_wconf 86' lang='lat' dir='ltr'><strong>get</strong></span> <span class='ocrx_word' id='word_1_748' title='bbox 1926 4036 2185 4091; x_wconf 82' lang='lat' dir='ltr'><strong>mandatis</strong></span> <span class='ocrx_word' id='word_1_749' title='bbox 2213 4055 2227 4103; x_wconf 90' lang='lat'><strong>;</strong></span> <span class='ocrx_word' id='word_1_750' title='bbox 2256 4052 2348 4091; x_wconf 92' lang='lat' dir='ltr'><strong>eos</strong></span> <span class='ocrx_word' id='word_1_751' title='bbox 2369 4052 2517 4101; x_wconf 84' lang='lat' dir='ltr'><strong>vero,</strong></span> <span class='ocrx_word' id='word_1_752' title='bbox 2576 4040 2666 4107; x_wconf 91' lang='lat' dir='ltr'><strong>qui</strong></span> <span class='ocrx_word' id='word_1_753' title='bbox 2698 4038 2871 4107; x_wconf 85' lang='lat' dir='ltr'><strong>ipsam</strong></span> <span class='ocrx_word' id='word_1_754' title='bbox 2902 4037 3151 4107; x_wconf 85' lang='lat' dir='ltr'><strong>rejiciunt</strong></span> <span class='ocrx_word' id='word_1_755' title='bbox 3199 4053 3262 4093; x_wconf 88' lang='lat' dir='ltr'><strong>ac</strong></span> <span class='ocrx_word' id='word_1_756' title='bbox 3294 4038 3403 4093; x_wconf 84' lang='lat' dir='ltr'><strong>dc-</strong></span> 
     </span>
    </p>
   </div>
   <div class='ocr_carea' id='block_1_102' title="bbox 1826 4130 3405 4204">
    <p class='ocr_par' dir='ltr' id='par_1_102' title="bbox 1826 4130 3405 4204">
     <span class='ocr_line' id='line_1_103' title="bbox 1826 4130 3405 4204; baseline 0.003 -20"><span class='ocrx_word' id='word_1_757' title='bbox 1826 4131 2078 4199; x_wconf 82' lang='lat' dir='ltr'><strong>Spiciuut,</strong></span> <span class='ocrx_word' id='word_1_758' title='bbox 2133 4131 2433 4184; x_wconf 76' lang='lat' dir='ltr'><strong>nullatenus</strong></span> <span class='ocrx_word' id='word_1_759' title='bbox 2458 4130 2639 4185; x_wconf 90' lang='lat' dir='ltr'><strong>ulcisci</strong></span> <span class='ocrx_word' id='word_1_760' title='bbox 2671 4141 2845 4200; x_wconf 91' lang='lat' dir='ltr'><strong>potest</strong></span> <span class='ocrx_word' id='word_1_761' title='bbox 2878 4151 2890 4185; x_wconf 94' lang='lat'>:</span> <span class='ocrx_word' id='word_1_762' title='bbox 2920 4134 2990 4185; x_wconf 87' lang='lat' dir='ltr'><strong>ita</strong></span> <span class='ocrx_word' id='word_1_763' title='bbox 3016 4140 3070 4186; x_wconf 90' lang='lat' dir='ltr'><strong>et</strong></span> <span class='ocrx_word' id='word_1_764' title='bbox 3095 4142 3321 4204; x_wconf 89' lang='lat' dir='ltr'><strong>tyranno</strong></span> <span class='ocrx_word' id='word_1_765' title='bbox 3350 4142 3405 4188; x_wconf 88' lang='lat' dir='ltr'><strong>et</strong></span> 
     </span>
    </p>
   </div>
   <div class='ocr_carea' id='block_1_103' title="bbox 1821 4220 3407 4295">
    <p class='ocr_par' dir='ltr' id='par_1_103' title="bbox 1821 4220 3407 4295">
     <span class='ocr_line' id='line_1_104' title="bbox 1821 4220 3407 4295; baseline 0.004 -21"><span class='ocrx_word' id='word_1_766' title='bbox 1821 4220 1932 4276; x_wconf 86' lang='lat' dir='ltr'><strong>fera</strong></span> <span class='ocrx_word' id='word_1_767' title='bbox 1957 4222 2190 4291; x_wconf 87' lang='lat' dir='ltr'><strong>qualibet</strong></span> <span class='ocrx_word' id='word_1_768' title='bbox 2214 4223 2468 4276; x_wconf 88' lang='lat' dir='ltr'><strong>immitior</strong></span> <span class='ocrx_word' id='word_1_769' title='bbox 2494 4233 2593 4276; x_wconf 90' lang='lat' dir='ltr'><strong>est.</strong></span> <span class='ocrx_word' id='word_1_770' title='bbox 2625 4220 2755 4277; x_wconf 88' lang='lat' dir='ltr'><strong>Nam</strong></span> <span class='ocrx_word' id='word_1_771' title='bbox 2794 4230 3051 4295; x_wconf 88' lang='lat' dir='ltr'><strong>tyrannus</strong></span> <span class='ocrx_word' id='word_1_772' title='bbox 3090 4224 3304 4294; x_wconf 82' lang='lat' dir='ltr'><strong>quidem</strong></span> <span class='ocrx_word' id='word_1_773' title='bbox 3351 4233 3407 4280; x_wconf 86' lang='lat' dir='ltr'><strong>et</strong></span> 
     </span>
    </p>
   </div>
   <div class='ocr_carea' id='block_1_104' title="bbox 1820 4313 3406 4385">
    <p class='ocr_par' dir='ltr' id='par_1_104' title="bbox 1820 4313 3406 4385">
     <span class='ocr_line' id='line_1_105' title="bbox 1820 4313 3406 4385; baseline 0.003 -18"><span class='ocrx_word' id='word_1_774' title='bbox 1820 4313 1947 4367; x_wconf 83' lang='lat' dir='ltr'><strong>ferae</strong></span> <span class='ocrx_word' id='word_1_775' title='bbox 1977 4314 2245 4369; x_wconf 91' lang='lat' dir='ltr'><strong>blanditiis</strong></span> <span class='ocrx_word' id='word_1_776' title='bbox 2284 4330 2427 4385; x_wconf 75' lang='lat' dir='ltr'><strong>smpe</strong></span> <span class='ocrx_word' id='word_1_777' title='bbox 2454 4316 2773 4381; x_wconf 89' lang='lat' dir='ltr'><strong>mitescunt;</strong></span> <span class='ocrx_word' id='word_1_778' title='bbox 2804 4315 2922 4370; x_wconf 67' lang='lat' dir='ltr'><strong>haec</strong></span> <span class='ocrx_word' id='word_1_779' title='bbox 2942 4325 3117 4371; x_wconf 88' lang='lat' dir='ltr'><strong>autem</strong></span> <span class='ocrx_word' id='word_1_780' title='bbox 3146 4326 3270 4372; x_wconf 91' lang='lat' dir='ltr'><strong>tunc</strong></span> <span class='ocrx_word' id='word_1_781' title='bbox 3294 4335 3406 4372; x_wconf 73' lang='lat' dir='ltr'><strong>ma—</strong></span> 
     </span>
    </p>
   </div>
   <div class='ocr_carea' id='block_1_105' title="bbox 1820 4406 3407 4478">
    <p class='ocr_par' dir='ltr' id='par_1_105' title="bbox 1820 4406 3407 4478">
     <span class='ocr_line' id='line_1_106' title="bbox 1820 4406 3407 4478; baseline 0.003 -20"><span class='ocrx_word' id='word_1_782' title='bbox 1820 4408 1963 4460; x_wconf 83' lang='lat' dir='ltr'><strong>xime</strong></span> <span class='ocrx_word' id='word_1_783' title='bbox 1984 4406 2261 4473; x_wconf 82' lang='lat' dir='ltr'><strong>elferatur,</strong></span> <span class='ocrx_word' id='word_1_784' title='bbox 2291 4409 2505 4477; x_wconf 89' lang='lat' dir='ltr'><strong>quando</strong></span> <span class='ocrx_word' id='word_1_785' title='bbox 2535 4408 2583 4463; x_wconf 91' lang='lat' dir='ltr'><strong>ei</strong></span> <span class='ocrx_word' id='word_1_786' title='bbox 2614 4409 2846 4463; x_wconf 89' lang='lat' dir='ltr'><strong>maxime</strong></span> <span class='ocrx_word' id='word_1_787' title='bbox 2890 4409 3366 4465; x_wconf 78' lang='lat' dir='ltr'><strong>auscultaverimus</strong></span> <span class='ocrx_word' id='word_1_788' title='bbox 3386 4454 3407 4478; x_wconf 83' lang='lat'><strong>,</strong></span> 
     </span>
    </p>
   </div>
   <div class='ocr_carea' id='block_1_106' title="bbox 1821 4497 3409 4569">
    <p class='ocr_par' dir='ltr' id='par_1_106' title="bbox 1821 4497 3409 4569">
     <span class='ocr_line' id='line_1_107' title="bbox 1821 4497 3409 4569; baseline 0.005 -19"><span class='ocrx_word' id='word_1_789' title='bbox 1821 4512 1884 4552; x_wconf 90' lang='lat' dir='ltr'><strong>ac</strong></span> <span class='ocrx_word' id='word_1_790' title='bbox 1909 4497 1953 4551; x_wconf 90' lang='lat' dir='ltr'><strong>si</strong></span> <span class='ocrx_word' id='word_1_791' title='bbox 1981 4497 2125 4553; x_wconf 90' lang='lat' dir='ltr'><strong>dicto</strong></span> <span class='ocrx_word' id='word_1_792' title='bbox 2151 4500 2456 4555; x_wconf 89' lang='lat' dir='ltr'><strong>audientem</strong></span> <span class='ocrx_word' id='word_1_793' title='bbox 2480 4500 2715 4554; x_wconf 86' lang='lat' dir='ltr'><strong>inveniat</strong></span> <span class='ocrx_word' id='word_1_794' title='bbox 2743 4509 2903 4569; x_wconf 90' lang='lat' dir='ltr'><strong>atque</strong></span> <span class='ocrx_word' id='word_1_795' title='bbox 2924 4500 2988 4553; x_wconf 86' lang='lat' dir='ltr'><strong>ad</strong></span> <span class='ocrx_word' id='word_1_796' title='bbox 3014 4503 3193 4555; x_wconf 90' lang='lat' dir='ltr'><strong>omnia</strong></span> <span class='ocrx_word' id='word_1_797' title='bbox 3243 4503 3409 4557; x_wconf 86' lang='lat' dir='ltr'><strong>obse-</strong></span> 
     </span>
    </p>
   </div>
   <div class='ocr_carea' id='block_1_107' title="bbox 1822 4589 3403 4662">
    <p class='ocr_par' dir='ltr' id='par_1_107' title="bbox 1822 4589 3403 4662">
     <span class='ocr_line' id='line_1_108' title="bbox 1822 4589 3403 4662; baseline 0.004 -22"><span class='ocrx_word' id='word_1_798' title='bbox 1822 4598 2094 4656; x_wconf 90' lang='lat' dir='ltr'><strong>quentem.</strong></span> <span class='ocrx_word' id='word_1_799' title='bbox 2123 4590 2251 4643; x_wconf 88' lang='lat' dir='ltr'><strong>nihil</strong></span> <span class='ocrx_word' id='word_1_800' title='bbox 2283 4600 2364 4644; x_wconf 88' lang='lat' dir='ltr'><strong>est</strong></span> <span class='ocrx_word' id='word_1_801' title='bbox 2394 4601 2650 4659; x_wconf 71' lang='lat' dir='ltr'><strong>praeterea</strong></span> <span class='ocrx_word' id='word_1_802' title='bbox 2681 4589 2822 4661; x_wconf 89' lang='lat' dir='ltr'><strong>quod</strong></span> <span class='ocrx_word' id='word_1_803' title='bbox 2856 4592 3119 4662; x_wconf 89' lang='lat' dir='ltr'><strong>imperare</strong></span> <span class='ocrx_word' id='word_1_804' title='bbox 3169 4594 3403 4648; x_wconf 90' lang='lat' dir='ltr'><strong>omittat.</strong></span> 
     </span>
    </p>
   </div>
   <div class='ocr_carea' id='block_1_108' title="bbox 1825 4681 3412 4755">
    <p class='ocr_par' dir='ltr' id='par_1_108' title="bbox 1825 4681 3412 4755">
     <span class='ocr_line' id='line_1_109' title="bbox 1825 4681 3412 4755; baseline 0.005 -21"><span class='ocrx_word' id='word_1_805' title='bbox 1825 4681 1994 4736; x_wconf 88' lang='lat' dir='ltr'><strong>Ilahet</strong></span> <span class='ocrx_word' id='word_1_806' title='bbox 2030 4698 2159 4737; x_wconf 92' lang='lat' dir='ltr'><strong>vero</strong></span> <span class='ocrx_word' id='word_1_807' title='bbox 2198 4692 2252 4735; x_wconf 92' lang='lat' dir='ltr'><strong>et</strong></span> <span class='ocrx_word' id='word_1_808' title='bbox 2293 4684 2514 4737; x_wconf 90' lang='lat' dir='ltr'><strong>alteram</strong></span> <span class='ocrx_word' id='word_1_809' title='bbox 2544 4683 2666 4738; x_wconf 89' lang='lat' dir='ltr'><strong>belli</strong></span> <span class='ocrx_word' id='word_1_810' title='bbox 2698 4684 2920 4751; x_wconf 87' lang='lat' dir='ltr'><strong>sociam,</strong></span> <span class='ocrx_word' id='word_1_811' title='bbox 2949 4701 3106 4755; x_wconf 88' lang='lat' dir='ltr'><strong>quam</strong></span> <span class='ocrx_word' id='word_1_812' title='bbox 3134 4702 3239 4741; x_wconf 89' lang='lat' dir='ltr'><strong>non</strong></span> <span class='ocrx_word' id='word_1_813' title='bbox 3267 4689 3412 4743; x_wconf 85' lang='lat' dir='ltr'><strong>male</strong></span> 
     </span>
    </p>
   </div>
   <div class='ocr_carea' id='block_1_109' title="bbox 1827 4771 3407 4846">
    <p class='ocr_par' dir='ltr' id='par_1_109' title="bbox 1827 4771 3407 4846">
     <span class='ocr_line' id='line_1_110' title="bbox 1827 4771 3407 4846; baseline 0.004 -21"><span class='ocrx_word' id='word_1_814' title='bbox 1827 4771 2053 4827; x_wconf 86' lang='lat' dir='ltr'><strong>fortasse</strong></span> <span class='ocrx_word' id='word_1_815' title='bbox 2098 4774 2216 4842; x_wconf 90' lang='lat' dir='ltr'><strong>quis</strong></span> <span class='ocrx_word' id='word_1_816' title='bbox 2243 4774 2409 4843; x_wconf 87' lang='lat' dir='ltr'><strong>ipsius</strong></span> <span class='ocrx_word' id='word_1_817' title='bbox 2449 4775 2606 4829; x_wconf 88' lang='lat' dir='ltr'><strong>liliam</strong></span> <span class='ocrx_word' id='word_1_818' title='bbox 2654 4775 2950 4846; x_wconf 90' lang='lat' dir='ltr'><strong>appellarit.</strong></span> <span class='ocrx_word' id='word_1_819' title='bbox 2990 4776 3212 4845; x_wconf 87' lang='lat' dir='ltr'><strong>Quando</strong></span> <span class='ocrx_word' id='word_1_820' title='bbox 3263 4780 3407 4833; x_wconf 87' lang='lat' dir='ltr'><strong>enim</strong></span> 
     </span>
    </p>
   </div>
   <div class='ocr_carea' id='block_1_110' title="bbox 1826 4864 3405 4941">
    <p class='ocr_par' dir='ltr' id='par_1_110' title="bbox 1826 4864 3405 4941">
     <span class='ocr_line' id='line_1_111' title="bbox 1826 4864 3405 4941; baseline 0.004 -23"><span class='ocrx_word' id='word_1_821' title='bbox 1826 4864 1935 4934; x_wconf 90' lang='lat' dir='ltr'><strong>ipsa</strong></span> <span class='ocrx_word' id='word_1_822' title='bbox 1969 4866 2131 4933; x_wconf 89' lang='lat' dir='ltr'><strong>probe</strong></span> <span class='ocrx_word' id='word_1_823' title='bbox 2158 4881 2187 4920; x_wconf 89' lang='lat' dir='ltr'><strong>a</strong></span> <span class='ocrx_word' id='word_1_824' title='bbox 2232 4868 2386 4921; x_wconf 91' lang='lat' dir='ltr'><strong>nobis</strong></span> <span class='ocrx_word' id='word_1_825' title='bbox 2429 4867 2651 4923; x_wconf 87' lang='lat' dir='ltr'><strong>educata</strong></span> <span class='ocrx_word' id='word_1_826' title='bbox 2692 4876 2746 4922; x_wconf 89' lang='lat' dir='ltr'><strong>et</strong></span> <span class='ocrx_word' id='word_1_827' title='bbox 2787 4878 2939 4923; x_wconf 90' lang='lat' dir='ltr'><strong>aucta</strong></span> <span class='ocrx_word' id='word_1_828' title='bbox 2961 4869 3169 4925; x_wconf 88' lang='lat' dir='ltr'><strong>radices</strong></span> <span class='ocrx_word' id='word_1_829' title='bbox 3216 4874 3405 4941; x_wconf 85' lang='lat' dir='ltr'><strong>egerit,</strong></span> 
     </span>
    </p>
   </div>
   <div class='ocr_carea' id='block_1_111' title="bbox 1827 4959 3404 5031">
    <p class='ocr_par' dir='ltr' id='par_1_111' title="bbox 1827 4959 3404 5031">
     <span class='ocr_line' id='line_1_112' title="bbox 1827 4959 3404 5031; baseline 0.004 -22"><span class='ocrx_word' id='word_1_830' title='bbox 1827 4965 1950 5011; x_wconf 92' lang='lat' dir='ltr'><strong>tunc</strong></span> <span class='ocrx_word' id='word_1_831' title='bbox 1970 4959 2325 5023; x_wconf 73' lang='lat' dir='ltr'><strong>arrogantiam</strong></span> <span class='ocrx_word' id='word_1_832' title='bbox 2357 4961 2511 5027; x_wconf 90' lang='lat' dir='ltr'><strong>parit,</strong></span> <span class='ocrx_word' id='word_1_833' title='bbox 2536 4975 2647 5013; x_wconf 92' lang='lat' dir='ltr'><strong>rem</strong></span> <span class='ocrx_word' id='word_1_834' title='bbox 2674 4976 2797 5029; x_wconf 74' lang='lat' dir='ltr'><strong>qua:</strong></span> <span class='ocrx_word' id='word_1_835' title='bbox 2839 4960 3006 5015; x_wconf 91' lang='lat' dir='ltr'><strong>nihilo</strong></span> <span class='ocrx_word' id='word_1_836' title='bbox 3044 4963 3218 5015; x_wconf 91' lang='lat' dir='ltr'><strong>minus</strong></span> <span class='ocrx_word' id='word_1_837' title='bbox 3248 4979 3404 5031; x_wconf 87' lang='lat' dir='ltr'><strong>quam</strong></span> 
     </span>
    </p>
   </div>
   <div class='ocr_carea' id='block_1_112' title="bbox 1826 5051 3408 5123">
    <p class='ocr_par' dir='ltr' id='par_1_112' title="bbox 1826 5051 3408 5123">
     <span class='ocr_line' id='line_1_113' title="bbox 1826 5051 3408 5123; baseline 0.003 -21"><span class='ocrx_word' id='word_1_838' title='bbox 1826 5058 1996 5102; x_wconf 88' lang='lat' dir='ltr'><strong>mater</strong></span> <span class='ocrx_word' id='word_1_839' title='bbox 2014 5051 2273 5117; x_wconf 88' lang='lat' dir='ltr'><strong>animum,</strong></span> <span class='ocrx_word' id='word_1_840' title='bbox 2319 5066 2476 5121; x_wconf 90' lang='lat' dir='ltr'><strong>quem</strong></span> <span class='ocrx_word' id='word_1_841' title='bbox 2505 5053 2728 5121; x_wconf 89' lang='lat' dir='ltr'><strong>ceperit,</strong></span> <span class='ocrx_word' id='word_1_842' title='bbox 2768 5052 3092 5121; x_wconf 70' lang='lat' dir='ltr'><strong>przccipitem</strong></span> <span class='ocrx_word' id='word_1_843' title='bbox 3124 5067 3284 5123; x_wconf 82' lang='lat' dir='ltr'><strong>agere</strong></span> <span class='ocrx_word' id='word_1_844' title='bbox 3316 5068 3408 5122; x_wconf 83' lang='lat' dir='ltr'><strong>po-</strong></span> 
     </span>
    </p>
   </div>
   <div class='ocr_carea' id='block_1_113' title="bbox 1825 5151 1951 5198">
    <p class='ocr_par' dir='ltr' id='par_1_113' title="bbox 1825 5151 1951 5198">
     <span class='ocr_line' id='line_1_114' title="bbox 1825 5151 1951 5198; baseline -0.008 0"><span class='ocrx_word' id='word_1_845' title='bbox 1825 5151 1951 5198; x_wconf 82' lang='lat' dir='ltr'><strong>test.</strong></span> 
     </span>
    </p>
   </div>
   <div class='ocr_carea' id='block_1_114' title="bbox 1899 5234 3409 5307">
    <p class='ocr_par' dir='ltr' id='par_1_114' title="bbox 1899 5234 3409 5307">
     <span class='ocr_line' id='line_1_115' title="bbox 1899 5234 3409 5307; baseline 0.004 -16"><span class='ocrx_word' id='word_1_846' title='bbox 1899 5234 1954 5291; x_wconf 86' lang='lat'><strong>6.</strong></span> <span class='ocrx_word' id='word_1_847' title='bbox 1995 5234 2107 5290; x_wconf 89' lang='lat' dir='ltr'><strong>IIoc</strong></span> <span class='ocrx_word' id='word_1_848' title='bbox 2126 5235 2405 5307; x_wconf 88' lang='lat' dir='ltr'><strong>igitur,dic</strong></span> <span class='ocrx_word' id='word_1_849' title='bbox 2426 5235 2576 5301; x_wconf 84' lang='lat' dir='ltr'><strong>mihi,</strong></span> <span class='ocrx_word' id='word_1_850' title='bbox 2606 5236 2778 5305; x_wconf 82' lang='lat' dir='ltr'><strong>luges,</strong></span> <span class='ocrx_word' id='word_1_851' title='bbox 2811 5236 2955 5305; x_wconf 85' lang='lat' dir='ltr'><strong>quod</strong></span> <span class='ocrx_word' id='word_1_852' title='bbox 2980 5237 3049 5294; x_wconf 87' lang='lat' dir='ltr'><strong>ab</strong></span> <span class='ocrx_word' id='word_1_853' title='bbox 3076 5238 3181 5295; x_wconf 87' lang='lat' dir='ltr'><strong>hac</strong></span> <span class='ocrx_word' id='word_1_854' title='bbox 3228 5239 3409 5296; x_wconf 83' lang='lat' dir='ltr'><strong>duris-</strong></span> 
     </span>
    </p>
   </div>
   <div class='ocr_carea' id='block_1_115' title="bbox 1828 5326 3410 5400">
    <p class='ocr_par' dir='ltr' id='par_1_115' title="bbox 1828 5326 3410 5400">
     <span class='ocr_line' id='line_1_116' title="bbox 1828 5326 3410 5400; baseline 0.004 -21"><span class='ocrx_word' id='word_1_855' title='bbox 1828 5327 1961 5381; x_wconf 85' lang='lat' dir='ltr'><strong>sima</strong></span> <span class='ocrx_word' id='word_1_856' title='bbox 1985 5326 2197 5380; x_wconf 83' lang='lat' dir='ltr'><strong>domina</strong></span> <span class='ocrx_word' id='word_1_857' title='bbox 2230 5327 2370 5381; x_wconf 83' lang='lat' dir='ltr'><strong>Deus</strong></span> <span class='ocrx_word' id='word_1_858' title='bbox 2420 5337 2473 5382; x_wconf 84' lang='lat' dir='ltr'><strong>te</strong></span> <span class='ocrx_word' id='word_1_859' title='bbox 2518 5328 2803 5383; x_wconf 77' lang='lat' dir='ltr'><strong>liberavit?</strong></span> <span class='ocrx_word' id='word_1_860' title='bbox 2846 5329 2987 5400; x_wconf 74' lang='lat' dir='ltr'><strong>quod</strong></span> <span class='ocrx_word' id='word_1_861' title='bbox 3027 5329 3278 5388; x_wconf 87' lang='lat' dir='ltr'><strong>omnibus</strong></span> <span class='ocrx_word' id='word_1_862' title='bbox 3329 5333 3410 5386; x_wconf 84' lang='lat' dir='ltr'><strong>his</strong></span> 
     </span>
    </p>
   </div>
   <div class='ocr_carea' id='block_1_116' title="bbox 1828 5415 3415 5489">
    <p class='ocr_par' dir='ltr' id='par_1_116' title="bbox 1828 5415 3415 5489">
     <span class='ocr_line' id='line_1_117' title="bbox 1828 5415 3415 5489; baseline 0.006 -20"><span class='ocrx_word' id='word_1_863' title='bbox 1828 5415 2097 5485; x_wconf 87' lang='lat' dir='ltr'><strong>pestiferis</strong></span> <span class='ocrx_word' id='word_1_864' title='bbox 2150 5416 2349 5471; x_wconf 85' lang='lat' dir='ltr'><strong>morbis</strong></span> <span class='ocrx_word' id='word_1_865' title='bbox 2396 5433 2608 5471; x_wconf 88' lang='lat' dir='ltr'><strong>omnem</strong></span> <span class='ocrx_word' id='word_1_866' title='bbox 2655 5420 2892 5489; x_wconf 81' lang='lat' dir='ltr'><strong>obsepsit</strong></span> <span class='ocrx_word' id='word_1_867' title='bbox 2948 5422 3130 5476; x_wconf 80' lang='lat' dir='ltr'><strong>viam?</strong></span> <span class='ocrx_word' id='word_1_868' title='bbox 3190 5422 3415 5479; x_wconf 78' lang='lat' dir='ltr'><strong>Viveutc</strong></span> 
     </span>
    </p>
   </div>
   <div class='ocr_carea' id='block_1_117' title="bbox 1833 5506 3411 5568">
    <p class='ocr_par' dir='ltr' id='par_1_117' title="bbox 1833 5506 3411 5568">
     <span class='ocr_line' id='line_1_118' title="bbox 1833 5506 3411 5568; baseline 0.005 -9"><span class='ocrx_word' id='word_1_869' title='bbox 1833 5506 1976 5559; x_wconf 86' lang='lat' dir='ltr'><strong>enim</strong></span> <span class='ocrx_word' id='word_1_870' title='bbox 2000 5506 2175 5560; x_wconf 87' lang='lat' dir='ltr'><strong>adhuc</strong></span> <span class='ocrx_word' id='word_1_871' title='bbox 2201 5506 2291 5559; x_wconf 91' lang='lat' dir='ltr'><strong>tibi</strong></span> <span class='ocrx_word' id='word_1_872' title='bbox 2320 5508 2435 5562; x_wconf 86' lang='lat' dir='ltr'><strong>viro</strong></span> <span class='ocrx_word' id='word_1_873' title='bbox 2457 5509 2656 5563; x_wconf 88' lang='lat' dir='ltr'><strong>nttllum</strong></span> <span class='ocrx_word' id='word_1_874' title='bbox 2682 5511 2731 5565; x_wconf 93' lang='lat' dir='ltr'><strong>in</strong></span> <span class='ocrx_word' id='word_1_875' title='bbox 2772 5524 3005 5567; x_wconf 86' lang='lat' dir='ltr'><strong>mentem</strong></span> <span class='ocrx_word' id='word_1_876' title='bbox 3054 5523 3195 5568; x_wconf 86' lang='lat' dir='ltr'><strong>tuam</strong></span> <span class='ocrx_word' id='word_1_877' title='bbox 3249 5514 3411 5568; x_wconf 88' lang='lat' dir='ltr'><strong>insul-</strong></span> 
     </span>
    </p>
   </div>
   <div class='ocr_carea' id='block_1_118' title="bbox 1832 5598 3415 5662">
    <p class='ocr_par' dir='ltr' id='par_1_118' title="bbox 1832 5598 3415 5662">
     <span class='ocr_line' id='line_1_119' title="bbox 1832 5598 3415 5662; baseline 0.005 -10"><span class='ocrx_word' id='word_1_878' title='bbox 1832 5598 1974 5652; x_wconf 85' lang='lat' dir='ltr'><strong>tandi</strong></span> <span class='ocrx_word' id='word_1_879' title='bbox 2001 5601 2156 5651; x_wconf 81' lang='lat' dir='ltr'><strong>liuent</strong></span> <span class='ocrx_word' id='word_1_880' title='bbox 2181 5598 2464 5662; x_wconf 84' lang='lat' dir='ltr'><strong>fecissent;</strong></span> <span class='ocrx_word' id='word_1_881' title='bbox 2490 5610 2699 5655; x_wconf 88' lang='lat' dir='ltr'><strong>mortuo</strong></span> <span class='ocrx_word' id='word_1_882' title='bbox 2719 5612 2893 5657; x_wconf 88' lang='lat' dir='ltr'><strong>autem</strong></span> <span class='ocrx_word' id='word_1_883' title='bbox 2923 5620 3027 5657; x_wconf 88' lang='lat' dir='ltr'><strong>non</strong></span> <span class='ocrx_word' id='word_1_884' title='bbox 3056 5605 3250 5659; x_wconf 87' lang='lat' dir='ltr'><strong>habent</strong></span> <span class='ocrx_word' id='word_1_885' title='bbox 3273 5606 3415 5661; x_wconf 85' lang='lat' dir='ltr'><strong>unde</strong></span> 
     </span>
    </p>
   </div>
   <div class='ocr_carea' id='block_1_119' title="bbox 1830 5689 3411 5766">
    <p class='ocr_par' dir='ltr' id='par_1_119' title="bbox 1830 5689 3411 5766">
     <span class='ocr_line' id='line_1_120' title="bbox 1830 5689 3411 5766; baseline 0.008 -25"><span class='ocrx_word' id='word_1_886' title='bbox 1830 5689 1881 5742; x_wconf 90' lang='lat' dir='ltr'><strong>in</strong></span> <span class='ocrx_word' id='word_1_887' title='bbox 1913 5689 2261 5758; x_wconf 80' lang='lat' dir='ltr'><strong>cogitationes</strong></span> <span class='ocrx_word' id='word_1_888' title='bbox 2298 5699 2412 5743; x_wconf 89' lang='lat' dir='ltr'><strong>tuas</strong></span> <span class='ocrx_word' id='word_1_889' title='bbox 2441 5690 2693 5762; x_wconf 89' lang='lat' dir='ltr'><strong>impetum</strong></span> <span class='ocrx_word' id='word_1_890' title='bbox 2745 5694 2955 5749; x_wconf 87' lang='lat' dir='ltr'><strong>faciant.</strong></span> <span class='ocrx_word' id='word_1_891' title='bbox 2998 5696 3109 5751; x_wconf 83' lang='lat' dir='ltr'><strong>Hoc</strong></span> <span class='ocrx_word' id='word_1_892' title='bbox 3134 5695 3293 5766; x_wconf 80' lang='lat' dir='ltr'><strong>igitur</strong></span> <span class='ocrx_word' id='word_1_893' title='bbox 3316 5698 3411 5754; x_wconf 87' lang='lat' dir='ltr'><strong>tibi</strong></span> 
     </span>
    </p>
   </div>
   <div class='ocr_carea' id='block_1_120' title="bbox 1833 5778 3413 5853">
    <p class='ocr_par' dir='ltr' id='par_1_120' title="bbox 1833 5778 3413 5853">
     <span class='ocr_line' id='line_1_121' title="bbox 1833 5778 3413 5853; baseline 0.006 -21"><span class='ocrx_word' id='word_1_894' title='bbox 1833 5778 2055 5849; x_wconf 77' lang='lat' dir='ltr'><strong>posthac</strong></span> <span class='ocrx_word' id='word_1_895' title='bbox 2084 5779 2375 5834; x_wconf 80' lang='lat' dir='ltr'><strong>curantium</strong></span> <span class='ocrx_word' id='word_1_896' title='bbox 2403 5797 2463 5836; x_wconf 83' lang='lat' dir='ltr'><strong>ac</strong></span> <span class='ocrx_word' id='word_1_897' title='bbox 2493 5785 2851 5853; x_wconf 73' lang='lat' dir='ltr'><strong>prmstandum</strong></span> <span class='ocrx_word' id='word_1_898' title='bbox 2885 5794 2985 5853; x_wconf 76' lang='lat' dir='ltr'><strong>est,</strong></span> <span class='ocrx_word' id='word_1_899' title='bbox 3016 5795 3072 5840; x_wconf 89' lang='lat' dir='ltr'><strong>ut</strong></span> <span class='ocrx_word' id='word_1_900' title='bbox 3099 5801 3167 5842; x_wconf 87' lang='lat' dir='ltr'><strong>ne</strong></span> <span class='ocrx_word' id='word_1_901' title='bbox 3198 5786 3413 5842; x_wconf 70' lang='lat' dir='ltr'><strong>illarum</strong></span> 
     </span>
    </p>
   </div>
  </div>
