3898 6278
465 307 570 364 607

467 423 761 477 discessum
787 418 994 490 lugeas,
1018 432 1190 488 neque
1215 418 1466 473 acerbum
1521 417 1668 472 illum
1714 415 2047 471 dominatum

467 509 706 582 etipetas.
734 509 867 564 Nam
890 507 979 562 ubi
1026 507 1131 562 illa:
1179 507 1546 565 vehementius
1589 508 1814 577 spirant,
1868 506 2047 560 omnia

469 602 702 658 funditus
729 609 976 657 evertunt
1004 615 1067 654 ac
1097 608 1442 669 prosternunt
1468 615 1482 652 :
1515 607 1571 655 et
1595 597 2044 670 quemadmodum

467 697 802 761 meretrices,
830 709 952 748 eum
991 693 1306 764 plerumque
1339 701 1526 761 suapte
1552 701 1738 746 natura
1781 690 2050 746 deformes

467 790 576 843 sint
598 803 661 842 ac
680 785 958 858 squalidae,
991 784 1325 840 frictionibus
1352 792 1408 838 et
1434 784 1565 838 fucis
1590 783 1832 838 incautos
1848 791 1902 836 et
1917 784 2049 834 sim-

467 877 904 947 plicesjuvenum
931 877 1141 930 animos
1178 875 1503 944 illaqueant,
1559 883 1613 928 et
1668 881 1945 942 postquam
1998 873 2048 926 in

465 984 618 1034 suam
647 969 904 1024 ditionem
935 967 1254 1036 receperint,
1286 965 1457 1019 servis
1483 963 1731 1018 omnibus
1770 974 2048 1017 contume-

465 1061 655 1118 liosius
677 1069 904 1115 tractant
931 1075 946 1112 :
981 1059 1050 1113 ita
1077 1068 1124 1113 et
1148 1056 1452 1127 hujusmodi
1476 1055 1804 1121 affectiones,
1832 1055 2053 1109 ambitio

470 1158 526 1206 et
549 1151 875 1221 arrogantia,
905 1149 1090 1221 quavis
1111 1149 1197 1204 lue
1223 1148 1504 1203 hominum
1527 1148 1736 1202 animos
1770 1146 1938 1216 magis
1973 1145 2053 1199 iit-

465 1241 709 1311 quinant.

539 1330 761 1384 Gentiles
785 1330 1522 1402 quidivitiascontempserunt.
1555 1358 1626 1370 —
1658 1328 1793 1383 Hinc
1820 1336 1875 1384 et
1903 1327 2050 1381 multi

415 1459 419 1462 -
465 1421 680 1480 divitias
708 1440 956 1494 magnum
993 1423 1192 1478 bonum
1229 1422 1533 1478 duxerunt:
1564 1436 1728 1492 quare
1755 1421 1843 1492 qui
1884 1419 2055 1475 ambi-

467 1516 667 1570 tionem
699 1515 949 1586 ejecerit,
970 1530 1144 1584 neque
1167 1531 1198 1570 a
1223 1514 1422 1569 divitiis
1449 1514 1609 1568 etiam
1631 1514 1890 1583 capietur.
1919 1511 2051 1566 Nam

466 1608 660 1676 quibus
683 1608 832 1662 licuit
858 1608 926 1660 ob
955 1614 1319 1676 paupertatem
1362 1605 1618 1676 consequi
1649 1620 1893 1675 magnam
1936 1605 2054 1674 glo-

473 1700 639 1764 riam,
678 1699 711 1754 ii
735 1699 996 1752 ditescere
1043 1698 1262 1752 minime
1304 1697 1616 1763 voluerunt,
1667 1697 1761 1752 sed
1809 1711 2054 1766 magnam

467 1793 584 1844 auri
611 1792 712 1844 vim
730 1791 828 1843 sibi
859 1790 1094 1844 oblatam
1116 1798 1575 1859 contempserunt.
1598 1791 1768 1859 Atque
1782 1787 1880 1842 hos
1899 1789 2054 1842 mini-

467 1899 553 1939 me
579 1899 640 1938 ex
667 1899 753 1938 me
778 1868 1101 1953 cegnoscere
1128 1897 1346 1938 necesse
1368 1883 1530 1938 habes
1554 1900 1567 1935 :
1597 1883 1708 1952 ipsa
1730 1883 1869 1936 enim
1900 1882 2054 1952 longe

468 1975 660 2030 melius
679 1991 838 2044 quam
858 1990 956 2045 ego
974 1976 1112 2030 nosti
1134 1973 1579 2043 Epaminondam,
1609 1973 1906 2040 Socratem,
1926 1974 2054 2027 Ari-

463 2067 684 2134 stidem,
719 2068 1026 2138 Diogenem,
1064 2067 1277 2123 Cratem
1297 2108 1312 2132 ,
1342 2067 1431 2137 qui
1479 2082 1604 2122 suos
1633 2081 1788 2138 agros
1818 2067 1869 2120 in
1892 2081 2050 2136 peco-

465 2174 586 2214 rum
619 2169 824 2229 pastum
848 2159 1077 2230 reliquit.
1105 2158 1236 2213 Nam
1258 2158 1345 2212 alii
1367 2158 1580 2228 quidem
1601 2199 1616 2224 ,
1641 2174 1759 2212 cum
1781 2173 1885 2212 non
1911 2167 2055 2213 esset

466 2251 521 2306 in
559 2261 809 2322 promptu
838 2251 1125 2318 ditescere,
1147 2251 1473 2305 exorientem
1505 2249 1604 2303 sibi
1641 2264 1706 2303 ex
1745 2258 2055 2319 paupertate

467 2333 688 2410 gloriam
733 2343 1253 2406 animadvertentes,
1285 2340 1439 2396 facile
1479 2341 1530 2396 in
1579 2356 1697 2396 eam
1743 2355 1800 2395 se
1849 2329 2060 2411 partem.

467 2437 765 2502 dederunt;
794 2435 878 2491 hic
920 2444 1096 2492 autem
1138 2445 1190 2490 et
1214 2449 1311 2502 ea,
1344 2450 1462 2505 quae
1505 2433 1767 2498 habebat,
1796 2434 2054 2503 proiecit!

466 2529 602 2584 adeo
627 2545 813 2584 omnes
836 2528 992 2598 hujus
1024 2528 1150 2583 ferte
1182 2528 1371 2582 bellua:
1396 2527 1496 2581 sibi
1524 2525 1863 2596 acquirendae
1902 2525 2055 2594 cupio

466 2622 632 2678 ditate
659 2623 1009 2676 insanicbant.
1037 2621 1112 2676 Ne
1150 2620 1311 2691 igitur
1355 2636 1643 2691 queramur
1667 2619 1830 2674 Deum
1857 2635 1923 2674 ex
1955 2619 2056 2674 hac

469 2717 605 2785 turpi
650 2731 747 2770 nos
776 2715 1053 2786 tyrannide
1079 2723 1132 2770 et
1161 2714 1380 2768 ridicula
1409 2721 1462 2768 et
1493 2711 1776 2766 multorum
1826 2710 2055 2781 probro-

466 2823 584 2877 rum
616 2808 774 2877 plena
800 2808 1086 2862 exemisse.
1111 2807 1315 2862 Nomen
1345 2807 1489 2861 enim
1510 2805 1684 2859 solum
1714 2803 2052 2874 splendidum

464 2907 580 2964 cst,
613 2914 701 2953 res
741 2909 920 2954 autem
952 2900 1063 2970 ipsa
1093 2898 1247 2969 longe
1269 2899 1404 2951 alios
1432 2908 1591 2968 atque
1613 2897 1900 2968 appellatio
1939 2896 2054 2967 ipsa

467 2989 800 3060 polliceatur,
847 2999 1116 3043 amatores
1153 3004 1280 3043 suos
1322 2988 1534 3055 reddit,
1575 3002 1639 3042 ac
1662 3002 1822 3042 nemo
1855 2995 1939 3041 est
1965 2987 2054 3056 qui

465 3082 650 3151 gloria:
694 3095 851 3135 causa
903 3081 1172 3151 quidpiam
1219 3086 1463 3150 agentem
1515 3095 1620 3134 non
1665 3079 1899 3134 irrideat.
1962 3079 2055 3135 lllc

465 3172 607 3228 cuint
651 3157 795 3226 solus
843 3172 1236 3242 suspiciendum
1268 3188 1327 3228 se
1363 3172 1628 3242 praebere,
1656 3182 1709 3226 et
1734 3173 1902 3242 gloria
1949 3173 2055 3229 cir-

465 3264 756 3320 cutnlluerc
781 3265 994 3335 poterit,
1028 3265 1117 3335 qui
1143 3279 1208 3319 eo
1234 3266 1452 3320 minime
1476 3273 1682 3335 spectat
1715 3282 1727 3318 :
1756 3265 1846 3335 qui
1873 3277 2052 3320 autem

465 3371 716 3426 magnum
755 3354 1006 3426 quiddam
1037 3364 1187 3426 putat
1222 3356 1444 3426 gloriam
1474 3372 1506 3411 a
1553 3356 1732 3412 multis
1780 3357 2050 3426 delatam,

464 3456 627 3517 atque
655 3446 798 3502 illius
819 3447 1210 3516 consequendaz
1235 3462 1392 3501 causa
1415 3448 1592 3502 omnia
1614 3447 1739 3502 facit
1759 3457 1813 3504 et
1831 3449 2049 3518 patitur,

467 3541 514 3597 is
560 3541 894 3610 potissimum
934 3539 1002 3595 ab
1037 3554 1098 3594 ea
1144 3540 1304 3610 longe
1349 3539 1548 3604 aberit,
1589 3540 1812 3610 ejusque
1859 3555 2052 3610 expers

462 3615 604 3698 erit;
633 3647 808 3686 rerum
831 3646 958 3685 vero
980 3631 1167 3702 gloriae
1194 3631 1588 3687 adversantium
1616 3633 1848 3686 maxime
1879 3634 2045 3702 parti-

461 3739 606 3794 ceps,
634 3725 927 3790 irrisionis,
959 3724 1376 3788 criminatiouis,
1411 3724 1816 3780 maledictorum
1837 3766 1851 3789 ,
1875 3725 2044 3779 oil‘en-

464 3819 660 3882 sionis,
696 3818 826 3872 odii.
859 3816 1041 3888 Neque
1071 3818 1124 3872 in
1151 3818 1284 3872 viris
1313 3827 1516 3874 tantum
1544 3819 1595 3874 id
1620 3836 1716 3874 usu
1746 3819 1923 3884 venit,
1954 3820 2049 3875 sed

460 3914 622 3966 etiam
654 3913 705 3966 in
736 3913 887 3968 vobis
911 3913 1257 3978 mulieribus,
1280 3926 1440 3984 atque
1464 3915 1633 3970 multo
1662 3917 1850 3986 magis.

549 4004 690 4058 Vana
715 4006 879 4076 gloria
907 4023 985 4059 res
1013 4006 1208 4060 odiosa.
1248 4028 1321 4047 -ι-
1357 4007 1488 4062 Nam
1523 4024 1642 4078 qua,-
1687 4018 1742 4062 ct
1785 4010 1951 4078 ﬁgura
1997 4020 2052 4064 et

464 4097 677 4151 incessu
723 4107 777 4151 et
826 4098 1019 4151 vestitu
1063 4098 1360 4166 simplicem
1415 4101 1700 4168 quamdam
1753 4100 2046 4155 bonitatem

463 4204 575 4260 pra:
615 4205 674 4244 se
715 4189 851 4254 fert,
883 4199 937 4243 et
977 4205 1006 4242 a
1034 4192 1247 4244 nemine
1296 4191 1550 4246 honorem
1592 4203 1901 4261 aucupatur,
1930 4209 2047 4248 eam

463 4295 652 4335 omnes
678 4281 1030 4347 admirantur,
1073 4282 1400 4351 suspiciunt,
1445 4283 1769 4352 praedicant,
1803 4285 2049 4340 onmibus

461 4372 619 4451 bonis
659 4372 928 4426 ominibus
975 4382 1364 4443 prosequuntur
1401 4392 1414 4428 :
1459 4390 1608 4429 vanae
1649 4385 1824 4430 autem
1863 4377 2047 4446 gloria}

462 4464 708 4534 cupidam
772 4473 1103 4529 aversantur,
1157 4465 1420 4531 oderunt,
1469 4473 1524 4520 et
1585 4466 1744 4521 veluti
1816 4466 2046 4522 belluam

461 4557 745 4627 quamdam
769 4565 1032 4627 agrestem
1074 4557 1310 4628 fugiunt,
1335 4566 1616 4614 scxcentas
1646 4559 1697 4613 in
1725 4559 1868 4614 illam
1890 4576 2046 4616 exse-

460 4652 729 4706 crationes
766 4662 820 4706 et
862 4651 1212 4706 contumelias
1251 4651 1616 4721 conjicientes.
1648 4653 1760 4709 Nec
1786 4669 1912 4709 vero
1960 4655 2045 4710 his

461 4745 738 4799 dumtaxat
767 4745 922 4798 malis
953 4759 1049 4798 nos
1081 4746 1338 4814 eripimus
1374 4746 1642 4815 vulgarent
1670 4747 1890 4816 gloriam
1911 4765 2041 4802 con-

461 4845 793 4902 temnentes,
821 4836 914 4892 sed
951 4847 1004 4890 et
1039 4852 1136 4903 ea,
1159 4853 1280 4906 qua:
1317 4837 1554 4892 omnium
1600 4839 1828 4893 maxima
1885 4848 2041 4908 sunt,

461 4928 748 4994 lucramur,
776 4929 904 4983 dum
940 4939 1134 4999 praeter
1170 4945 1232 4984 ea
1277 4946 1395 5000 qua)
1433 4930 1572 4986 dicta
1623 4940 1747 4987 sunt
1789 4934 2044 5002 paulatim

459 5019 732 5074 erudimur
751 5022 1036 5090 respirare,
1069 5030 1124 5078 et
1143 5023 1381 5091 aspirare
1405 5023 1470 5078 ad
1501 5023 1711 5087 caelum,
1741 5032 1796 5080 et
1830 5032 2043 5081 terrena

456 5112 633 5165 omnia
679 5110 962 5181 dispicere.
994 5112 1124 5167 Nam
1161 5113 1450 5182 quidelato
1497 5113 1565 5168 ab
1607 5113 1913 5170 hominibus
1949 5117 2045 5170 ito-

459 5219 589 5258 nore
614 5205 831 5260 minimc
859 5221 1016 5278 egere
1056 5221 1119 5261 se
1163 5215 1344 5277 putat,
1375 5205 1630 5277 quidquid
1674 5207 1798 5262 boni
1842 5207 2036 5275 faciet,

457 5312 647 5367 magna
691 5314 811 5353 cum
867 5299 1154 5354 securitate
1197 5299 1388 5364 faciet,
1418 5315 1593 5368 neque
1623 5310 1716 5354 aut
1759 5299 1998 5357 adversis
2023 5344 2036 5362 .

454 5398 549 5444 aut
573 5389 820 5444 secundis
851 5390 1010 5460 hujus
1053 5391 1174 5444 vita:
1201 5390 1362 5444 rebus
1399 5389 1690 5460 quidquam
1718 5391 2039 5448 incommodi

455 5482 667 5538 sentiet.
693 5481 872 5552 Neque
897 5483 1038 5536 enim
1068 5489 1161 5535 aut
1185 5481 1429 5537 adversa:
1457 5481 1604 5536 illum
1625 5481 1858 5551 dejicere
1881 5492 2041 5554 atque

454 5573 682 5629 obruere
730 5582 984 5644 possunt,
1034 5583 1126 5627 aut
1173 5574 1422 5628 secundat
1459 5575 1646 5628 inflare
1685 5589 1750 5628 ac
1780 5574 2053 5631 tumidum.

453 5663 708 5732 reddere,
739 5665 832 5719 sed
873 5665 923 5718 in
959 5664 1118 5718 rebus
1145 5666 1376 5720 maxime
1404 5665 1617 5720 caducis
1643 5681 1705 5721 ac
1735 5664 1890 5720 fliixis
1927 5666 2038 5734 ipse

452 5757 627 5813 omnis
651 5759 956 5814 mutationis
984 5773 1177 5828 expers
1204 5771 1399 5815 manet.
1432 5760 1583 5828 Quod
1610 5761 1854 5815 celeriter
1901 5769 1953 5816 ct
1986 5762 2034 5815 in

1172 301 1232 360 S.
1267 300 1545 360 JOANNIS
1581 299 2058 359 CHRYSOSTOMI
2093 299 2412 360 ARCHIEP.
2453 301 2986 363 CONSTANTINOP.

3631 309 3729 366 608

2156 422 2250 470 tuo
2298 414 2464 487 ipsius
2507 418 2687 474 animo
2738 428 3050 474 eventurum
3109 432 3300 489 spero,
3351 419 3731 492 confestimque

2159 509 2384 562 terrenis
2413 509 2658 565 omnibus
2681 511 2938 580 abjectis,
2960 511 3228 566 caelestem
3257 521 3308 567 te
3345 513 3498 566 nobis
3527 514 3730 566 vivendi

2153 599 2411 655 rationem
2475 611 3008 672 repraasentaturam,
3072 603 3294 674 gloriam
3362 620 3525 669 vero,
3579 597 3730 673 quain

2152 704 2292 745 nunc
2314 689 2479 746 defles
2499 732 2514 758 ,
2543 693 2698 761 paqu
2733 703 2851 763 post
2879 695 3152 750 irrisuram
3172 736 3188 761 ,
3219 705 3273 750 et
3315 711 3500 749 vanam
3529 711 3590 750 ac
3616 694 3734 749 futt-

2152 779 2256 835 lem
2307 782 2450 836 illius
2482 797 2764 852 personam
2807 785 3100 840 illusurant.
3136 786 3287 855 Quod
3338 786 3381 841 si
3425 787 3730 856 pristinam,

2153 890 2253 944 qua
2283 890 2378 944 per
2405 876 2551 930 illum
2596 878 2910 947 potiebaris,
2957 881 3296 934 securitatem
3337 879 3636 943 desideres,
3679 890 3732 933 et

2153 963 2412 1019 bonorum
2442 966 2766 1033 custodiam,
2796 984 2893 1022 nec
2924 979 3104 1036 patere
3135 971 3266 1024 velis
3293 985 3476 1024 eorum
3503 967 3728 1032 insidiis,

2155 1055 2244 1123 qui
2279 1057 2469 1112 alienis
2507 1058 2892 1113 calamitatibus
2937 1061 3226 1126 insultant,
3262 1060 3413 1114 laeta
3457 1078 3603 1130 super
3627 1058 3735 1114 Do-

2155 1146 2345 1200 minum
2365 1164 2539 1201 curam
2569 1159 2742 1218 tuam,
2775 1160 2822 1204 et
2842 1152 2949 1221 ipse
2977 1161 3025 1205 te
3052 1153 3263 1205 enutriet
3296 1151 3467 1223 (Psal.
3501 1152 3589 1205 54.
3615 1151 3729 1219 23).

2156 1235 2400 1307 Inspicite
2451 1240 2628 1304 enim,
2670 1241 2872 1311 inquit,
2912 1244 2963 1296 in
3012 1244 3242 1315 antiquas
3283 1245 3655 1314 generationes,
3691 1255 3733 1296 et

2155 1329 2315 1382 uidete
2339 1331 2385 1384 si
2407 1332 2518 1397 quis
2557 1335 2774 1399 speravit
2817 1335 2868 1388 in
2908 1333 3127 1389 Domino
3146 1378 3160 1400 ,
3189 1345 3236 1389 et
3262 1337 3504 1405 confusus
3529 1347 3632 1401 est,
3658 1337 3735 1390 vel

2155 1421 2199 1474 si
2221 1411 2332 1492 quis
2361 1422 2605 1478 invocavit
2628 1425 2803 1491 illum,
2832 1436 2877 1480 et
2903 1428 3162 1498 despectus
3181 1439 3254 1482 est
3279 1471 3293 1495 ,
3327 1429 3404 1482 vel
3421 1431 3466 1482 si
3496 1429 3605 1498 quis
3638 1439 3734 1482 ste—

2157 1512 2217 1565 tit
2267 1513 2319 1565 in
2364 1514 2617 1569 mandatis
2661 1517 2771 1588 ejus
2794 1557 2808 1582 ,
2838 1528 2882 1588 et
2912 1519 3178 1571 derelictus
3225 1527 3293 1572 est
3322 1517 3507 1580 (Ecrli.
3534 1519 3587 1572 2.
3621 1518 3729 1590 10).

2154 1603 2286 1658 Nam
2317 1605 2403 1674 qui
2426 1620 2560 1660 onus
2585 1614 2692 1661 tant
2712 1609 3061 1663 intolerabilis
3087 1610 3400 1664 calamitatis
3425 1610 3591 1663 levius
3618 1610 3732 1664 red-

2154 1693 2321 1760 didit,
2345 1705 2397 1750 et
2428 1697 2479 1750 in
2512 1700 2761 1766 prazsenti
2792 1701 3171 1770 tranquillitate
3194 1711 3245 1756 te
3273 1702 3584 1765 collocavit,
3616 1703 3658 1755 is
3683 1713 3733 1755 et

2154 1803 2273 1857 qua:
2320 1783 2598 1846 imminent
2643 1793 2989 1862 propulsabit.
3034 1793 3162 1846 Nam
3213 1793 3311 1847 hac
3350 1793 3561 1863 quidem
3589 1795 3729 1862 plaga

2155 1883 2352 1936 nullam
2380 1890 2434 1938 te
2459 1899 2704 1954 umquam
2727 1884 3020 1954 graviorem
3043 1900 3197 1963 posse
3221 1885 3463 1954 accipere
3495 1885 3730 1955 profecto

2155 1973 2308 2028 nobis
2335 1975 2662 2030 assentieris.
2689 1974 2910 2042 Quando
2936 1976 3094 2044 igitur
3119 1992 3351 2046 przescns
3374 1978 3570 2031 malum
3601 1977 3734 2030 adeo

2155 2065 2364 2122 fortiter
2391 2083 2453 2122 ac
2481 2083 2740 2138 generose
2766 2069 2964 2136 tulisti,
2999 2070 3157 2140 idque
3186 2086 3307 2126 cum
3345 2081 3396 2126 te
3440 2088 3568 2126 usus
3608 2088 3736 2127 non-

2154 2159 2282 2214 dum
2330 2158 2631 2228 docuisset,
2674 2162 2842 2216 multo
2871 2163 3037 2232 magis
3091 2179 3154 2217 ex
3201 2164 3292 2230 iis,
3339 2180 3458 2234 qua:
3495 2167 3736 2220 accidere

2156 2259 2410 2318 possunt,
2453 2251 2497 2306 si
2526 2252 2651 2322 quid
2681 2261 2871 2321 prmter
2900 2255 3222 2309 voluntatem
3266 2267 3499 2311 nostram
3530 2257 3738 2311 accide-

2156 2339 2259 2404 rit,
2287 2341 2428 2410 quod
2479 2342 2619 2398 Deus
2665 2359 2821 2398 omen
2863 2354 3101 2410 avertat,
3151 2344 3303 2401 facile
3345 2346 3504 2402 feres.
3537 2348 3736 2402 (ia‘lutn

2155 2448 2357 2502 quarre,
2377 2441 2430 2488 et
2458 2436 2634 2489 omnia
2665 2451 3016 2508 quaecumque
3035 2437 3100 2493 ad
3128 2439 3286 2492 vitam
3315 2440 3422 2494 illic
3445 2440 3738 2509 degcttdattt

2155 2526 2491 2596 conducunt,
2533 2543 2597 2584 ac
2637 2530 2767 2584 nihil
2798 2545 2983 2586 eorum
3030 2547 3148 2602 qua:
3191 2532 3277 2586 hic
3308 2533 3435 2586 fiant
3466 2532 3662 2588 hedere
3692 2545 3742 2589 te

2157 2620 2386 2688 poterit,
2418 2635 2485 2676 ne
2511 2621 2625 2691 ipse
2646 2621 2856 2691 quidem
2883 2623 3220 2677 tenebrarum
3249 2624 3555 2694 imperator,
3587 2625 3742 2679 dunt-

2157 2710 2316 2764 modo
2361 2726 2430 2767 ne
2478 2713 2630 2768 nobis
2669 2715 2766 2784 ipsi
2799 2730 3102 2770 noceamus.
3133 2715 3262 2770 Nam
3290 2717 3407 2772 etsi
3435 2717 3553 2786 quis
3585 2718 3744 2770 bonis

2155 2803 2379 2872 Spolict,
2411 2814 2464 2858 et
2487 2808 2530 2859 si
2561 2821 2755 2876 corpus
2794 2808 3037 2862 concidat
3057 2851 3071 2872 ,
3116 2809 3246 2863 nihil
3276 2809 3464 2864 horum
3511 2811 3576 2865 ad
3605 2826 3705 2866 nos
3725 2853 3740 2874 ,

2157 2893 2317 2948 ntodo
2341 2895 2550 2950 animus
2580 2896 2732 2951 nobis
2751 2898 3028 2952 incolumis
3055 2908 3285 2954 maneat.

2229 2985 2280 3038 7.
2322 2983 2564 3040 Pecunia:
2603 2989 2656 3040 in
2696 2988 2875 3042 cretum
2903 2990 3157 3044 mittenda:
3181 2992 3446 3059 quomodo.
3487 3023 3560 3032 —
3611 2993 3739 3049 0m-

2158 3077 2284 3131 nino
2304 3090 2479 3132 autem
2526 3080 2568 3134 si
2609 3081 2688 3134 vis
2721 3083 2971 3150 pecunias
3013 3083 3080 3135 ab
3129 3083 3274 3137 omni
3320 3085 3553 3153 periculo
3602 3097 3743 3142 tutas

2154 3170 2424 3225 custodire
2449 3184 2503 3225 et
2526 3173 2871 3242 amplificare,
2893 3190 2991 3241 ego
3013 3189 3142 3228 sane
3167 3185 3220 3229 et
3241 3175 3451 3229 modmn
3482 3186 3533 3229 et
3565 3178 3741 3231 locum

2153 3253 2565 3332 demonstrabo,
2595 3281 2702 3336 quo
2745 3266 2870 3319 nulli
2904 3281 3109 3331 eorum,
3142 3268 3228 3336 qni
3262 3267 3496 3322 insidiari
3532 3269 3740 3333 Solent,

2156 3354 2231 3408 fas
2262 3364 2344 3410 est
2375 3357 2596 3412 irruere.
2623 3357 2754 3424 Quis
2786 3357 2944 3428 igitur
2986 3359 3132 3412 locus
3157 3360 3276 3413 est?
3305 3359 3503 3412 Cadunt
3542 3379 3553 3412 :
3589 3361 3743 3413 mitte

2154 3446 2274 3501 illas
2316 3445 2384 3504 ad
2413 3448 2668 3517 optimum
2697 3447 2841 3503 illum
2887 3450 3055 3503 virum
3075 3490 3090 3513 ,
3115 3464 3177 3504 ac
3209 3465 3385 3519 neque
3428 3449 3529 3514 fur,
3565 3467 3746 3522 neque

2154 3538 2452 3606 insidiator,
2481 3554 2657 3607 neque
2697 3540 2800 3593 ulla
2827 3541 2928 3595 alia
2961 3541 3126 3608 pesns
3158 3541 3412 3609 impetum
3455 3540 3634 3596 facere
3686 3543 3739 3596 iu

2154 3629 2275 3682 illas
2319 3628 2532 3698 poterit.
2564 3628 2620 3684 Si
2677 3628 2749 3684 ibi
2794 3629 2888 3686 has
2936 3631 3077 3699 ipsas
3133 3617 3384 3702 pecunias
3428 3632 3741 3698 defoderis,

2153 3736 2402 3792 magnum
2428 3737 2494 3776 ex
2519 3721 2602 3776 his
2627 3722 2829 3777 lucrum
2862 3725 3176 3792 reportabis.
3207 3724 3396 3780 Omnia
3423 3727 3561 3780 enim
3587 3744 3743 3797 quae-

2152 3828 2382 3884 cumque
2405 3829 2434 3868 a
2460 3814 2616 3869 nobis
2644 3814 2696 3868 in
2735 3814 2879 3869 caelis
2914 3827 3185 3880 seruntur,
3217 3815 3370 3886 longe
3391 3816 3645 3884 majorem
3677 3833 3742 3872 ac

2153 3906 2428 3960 meliorem
2472 3912 2794 3975 proventum
2845 3905 3070 3970 habent,
3101 3921 3162 3961 ac
3192 3908 3346 3976 plane
3388 3908 3572 3974 talem,
3608 3924 3747 3976 qua-

2153 3995 2258 4052 lem
2306 4006 2724 4052 consentaneum
2770 4005 2943 4052 estex
2980 3998 3076 4064 iis,
3109 4013 3227 4067 qure
3255 3999 3307 4053 in
3335 3999 3476 4053 czelis
3523 4000 3742 4054 radices

2152 4097 2394 4158 egerunt.
2426 4086 2576 4154 Quod
2604 4089 2647 4142 si
2689 4088 2789 4144 hoc
2819 4087 3010 4151 feceris
3033 4129 3050 4156 ,
3084 4089 3205 4146 vide
3246 4091 3489 4160 qualibus
3544 4094 3745 4145 frueris

2151 4181 2342 4236 bonis:
2379 4180 2604 4250 primum
2652 4181 2864 4250 quidem
2903 4182 3226 4251 sempiterna
3258 4184 3359 4236 vita
3407 4191 3460 4237 ct
3505 4183 3569 4237 iis
3617 4199 3744 4252 qua:

2120 4335 2126 4342 .
2153 4273 2412 4342 promissa
2439 4283 2562 4326 sunt
2587 4272 2929 4343 diligentibus
2951 4273 3115 4328 Deum
3136 4315 3150 4339 ,
3183 4291 3298 4342 qua:
3336 4291 3507 4344 neque
3546 4275 3742 4329 oculus

2149 4364 2313 4428 vidit,
2364 4379 2536 4433 neque
2579 4364 2724 4418 auris
2769 4363 3002 4428 audivit,
3053 4379 3223 4434 neque
3272 4365 3322 4418 in
3369 4381 3462 4418 cor
3501 4365 3742 4420 hominis

2149 4457 2537 4514 ascenderunt:
2566 4455 2759 4512 deinde
2787 4457 3172 4512 consuetudine
3192 4456 3376 4525 optimi
3411 4457 3511 4510 viri
3559 4459 3637 4511 tui
3688 4460 3740 4512 in

2147 4565 2307 4606 omne
2333 4565 2502 4605 tevum
2531 4565 2546 4603 :
2579 4557 2850 4618 postremo
2875 4563 2903 4600 a
2929 4549 3099 4608 curis,
3126 4549 3423 4611 timoribus,
3460 4548 3739 4616 perieulis,

2149 4641 2373 4706 insidiis,
2453 4641 2761 4703 simultate,
2814 4639 2956 4704 odio,
3012 4655 3129 4708 quae
3182 4638 3318 4692 hanc
3365 4649 3638 4703 exercent,
3689 4651 3745 4693 te

2149 4735 2318 4804 ipsam
2360 4733 2632 4789 liberabis.
2687 4732 2951 4802 Quamdiu
2998 4732 3138 4786 enim
3191 4731 3438 4800 pecunias
3485 4732 3625 4797 apud
3687 4741 3740 4783 te

2147 4826 2422 4893 retinebis,
2468 4833 2626 4881 erunt
2670 4825 2893 4880 fortasse
2920 4822 3102 4894 aliqui,
3137 4823 3222 4892 qni
3255 4821 3524 4875 fraudibus
3568 4822 3738 4875 inter-

2151 4931 2394 4979 vertant:
2422 4922 2502 4976 sin
2534 4922 2711 4975 autem
2740 4919 2805 4973 ad
2838 4919 3025 4973 emtum
3058 4916 3415 4971 transmiseris
3441 4957 3454 4976 ,
3485 4915 3744 4984 periculis

2150 5030 2370 5070 vacuant
2393 5054 2407 5078 ,
2433 5021 2597 5067 tutam
2621 5053 2634 5077 ,
2659 5026 2722 5066 ac
2747 5009 3138 5078 tranquillitatis
3167 5008 3528 5078 plenissimam
3576 5008 3743 5060 vitam

2151 5111 2296 5164 vives
2319 5150 2332 5171 ,
2365 5109 2561 5178 quippe
2584 5123 2702 5177 quae
2724 5104 3043 5162 sufficientia
3076 5120 3176 5156 una
3203 5119 3322 5156 eum
3351 5103 3544 5171 pietate
3595 5102 3744 5155 frue-

2151 5205 2243 5259 ris.
2276 5203 2476 5274 Magn-.e
2503 5202 2642 5255 enim
2670 5199 2953 5253 dementia:
2979 5206 3079 5262 est,
3103 5197 3146 5249 si
3174 5197 3284 5266 agri
3311 5195 3522 5265 quidem
3545 5210 3742 5248 emen-

2143 5296 2197 5350 di
2221 5295 2324 5351 sint
2345 5337 2361 5361 ,
2389 5293 2698 5350 feraciorem
2755 5302 2950 5346 terrant
2984 5290 3214 5354 sectari;
3241 5303 3361 5342 cum
3390 5301 3518 5341 vero
3545 5286 3746 5341 caelum

2145 5398 2302 5445 terra:
2347 5389 2467 5443 loco
2543 5387 2614 5442 sit
2660 5384 3024 5456 propositum,
3080 5397 3201 5438 cum
3259 5381 3328 5435 ibi
3385 5380 3539 5434 liceat
3586 5395 3740 5450 pra:-

2143 5481 2289 5536 dium
2339 5479 2441 5534 sibi
2484 5492 2828 5547 comparare,
2882 5485 3039 5530 terra:
3093 5474 3268 5543 potius
3321 5470 3622 5538 inlunrere,
3651 5485 3746 5525 se-

2143 5587 2248 5644 que
2275 5570 2567 5637 molestiis,
2595 5584 2715 5640 qua:
2736 5583 2804 5623 ex
2830 5569 2930 5622 hac
2957 5581 3100 5635 smpe
3122 5564 3386 5627 incidunt,
3418 5576 3696 5632 exponere
3724 5579 3738 5614 :

2147 5681 2290 5735 stt-pc
2326 5663 2466 5718 enim
2499 5674 2736 5718 nostram
2786 5659 3073 5714 frustratur
3098 5672 3267 5726 spem.
3299 5657 3559 5722 Quoniam
3608 5669 3748 5710 vero

2141 5758 2267 5814 illud
2322 5758 2552 5828 graviter
2599 5755 2833 5825 percellit
2879 5754 3216 5823 concutitquc
3267 5751 3502 5804 animum
3556 5760 3745 5816 tuum,
