3898 6258
75 369 164 422 ῦῢἹ

77 502 173 556 περ
218 483 415 537 πολλαὶ
489 482 599 535 τῶν
663 482 1072 553 πορνευομένων
1150 485 1442 552 γυναικῶν,
1488 486 1750 549 δυσειδεῖς

71 570 393 625 οὐσαικατά
441 571 728 639 φύσινκαὶ
763 570 1040 640 εἰδεχθεῖς,
1089 574 1201 635 τοῖς
1242 573 1607 644 ἐπιτρίμμασι
1659 575 1755 628 καὶ

74 663 186 722 ταῖς
209 660 564 728 ὑπογραφαῖς
577 657 793 721 ἁπαλὰς
814 655 980 721 οὔσας
998 658 1078 710 ἐτι
1109 657 1209 722 τὰς
1236 658 1346 713 τῶν
1369 659 1502 713 νέων
1523 661 1754 718 ἀναπτε-

76 745 227 816 ροῦσι
259 746 466 816 ψυχάς,
500 745 600 800 καὶ
634 745 855 800 ἐπειδὰν
905 745 1011 798 ὑπὸ
1041 745 1139 816 τὴν
1183 746 1359 819 ἀρχὴν
1401 747 1608 802 λάϐωσι
1656 748 1753 818 τὴν

74 835 301 897 ἐαυτιῖιν,
327 834 532 898 παντὸς
561 833 898 906 ἀνδραπόδου
928 832 1132 897 τούτοις
1167 835 1629 907 ὑϐριστικώτερον
1659 834 1752 888 κέ-

75 937 322 993 χρηνταιο
356 921 501 975 οὕτω
525 923 621 974 καὶ
646 919 818 975 ταῦτα
843 920 912 974 τά
933 920 1103 990 πάθη,
1146 923 1180 992 ἦ
1211 939 1271 975 τε
1306 923 1579 990 κενοδοξία
1602 924 1693 977 καὶ
1720 925 1752 994 ή

71 1010 320 1073 ἀπόνοια,
369 1009 586 1076 παντὸς,
609 1008 778 1077 ἀγους
810 1008 1008 1077 μᾶλλον
1050 1009 1149 1072 τὰς
1179 1009 1285 1062 τῶν
1314 1009 1412 1063 ἀνθ
1422 1009 1615 1080 ρώπων
1660 1028 1753 1080 μο-

75 1098 288 1151 λύνουσι
321 1096 522 1166 ψυχάς.

137 1205 236 1256 Διά
265 1204 430 1257 τοῦτο
488 1205 582 1258 καὶ
628 1204 657 1257 ὁ
693 1203 919 1268 πλοῦτος
968 1207 1079 1268 τοῖς
1134 1204 1346 1268 πολλοῖς
1387 1203 1563 1269 ἔδοξεν
1615 1200 1752 1258 εἶναι

73 1293 230 1345 καλόν
255 1310 274 1326 ·
346 1292 555 1365 ταύτης
626 1293 758 1362 γοῦν
813 1292 1121 1364 γυμνωθεὶς
1188 1292 1307 1346 οὐδέ
1368 1293 1533 1356 αὐτὸς
1601 1292 1753 1346 ἔσται

75 1381 254 1433 λοιπον
302 1381 632 1450 ἐπέραστος.
701 1375 796 1444 Οἷς
858 1378 990 1448 γοῦν
1045 1380 1173 1448 ἐξῆν
1237 1379 1327 1434 διά
1385 1380 1575 1442 πενίας
1632 1381 1752 1432 ἐπι-

74 1471 249 1537 τυχεῖν
277 1469 388 1539 τῆς
417 1468 576 1540 δόξης
595 1469 695 1540 τῆς
724 1467 876 1538 παρά
905 1468 1013 1521 τῶν
1046 1467 1278 1533 πολλῶν,
1307 1468 1408 1522 οὐκ
1439 1467 1520 1521 έτι
1550 1467 1754 1521 εἴλοντο

76 1558 346 1621 πλουτεῖν,
386 1557 523 1611 ἀλλά
556 1557 689 1614 πολὺ
715 1556 992 1627 διδόμενον
1038 1556 1262 1628 χρυσίον
1295 1556 1611 1611 διέπτυσαν.
1645 1558 1754 1610 Καὶ

73 1645 291 1708 ττύτους
317 1647 386 1699 οὐ
411 1645 541 1718 παρ’
569 1645 704 1716 ἐμοῦ
730 1645 899 1718 δεήσῃ
947 1645 1162 1715 μαθεῖν,
1217 1643 1332 1698 ἀλλ’
1360 1643 1753 1716 ἀκριϐέστερον

76 1733 221 1801 ἡμῶν
276 1732 435 1796 οἶδας
471 1734 606 1806 αὐτὴ
645 1734 736 1787 τὸν
782 1725 1221 1804 Ἐπαμεινώνδαν
1246 1771 1261 1796 ,
1305 1731 1398 1786 τὸν
1433 1732 1750 1805 Σωκράτην,

74 1821 155 1871 τὸν
207 1821 573 1893 Ἀριστείδην,
623 1822 712 1876 τὸν
755 1821 1032 1892 Διογένην,
1081 1821 1172 1876 τὸν
1203 1819 1488 1892 Κράτητα,
1529 1820 1618 1873 τὸν
1651 1837 1754 1891 μη-

76 1908 284 1961 )όϐοτον
314 1909 520 1963 ἀνέντα
533 1909 633 1980 τὴν
664 1907 846 1982 χώραν
875 1910 976 1981 τὴν
999 1909 1216 1963 ἐαυτοῦ.
1250 1911 1314 1962 Οἱ
1341 1909 1440 1980 μὲν
1471 1907 1581 1980 γὰρ
1606 1907 1752 1962 ἄλλοι

79 1997 196 2066 παρ’
229 1989 308 2050 ὧν
354 1996 663 2068 πλουτῆσαι
684 1997 784 2051 οὐκ
810 1993 898 2068 ἦν,
927 1997 1014 2052 διά
1035 1997 1134 2068 τῆς
1162 1997 1352 2060 πενίας
1379 1991 1518 2050 εἶδον
1549 1995 1648 2067 τὴν
1676 1995 1753 2049 δό-

77 2085 162 2148 ξαν
190 2086 655 2157 παραγενομένην
685 2087 996 2150 αὐτοῖςκαὶ
1022 2086 1114 2140 ἐπὶ
1144 2084 1302 2139 10610
1336 2081 1498 2158 ἦλθον
1526 2084 1750 2148 εὐθέως·

76 2171 216 2238 οὗτος
250 2175 310 2228 δὲ
353 2175 452 2228 καὶ
513 2174 657 2247 άπερ
695 2170 839 2245 εἶχεν
874 2174 1118 2247 ἔρριψενο
1143 2173 1317 2238 οὕτως
1340 2173 1577 2236 ἅπαντες
1611 2167 1752 2244 ἦσαν

77 2265 338 2331 ἐμμανεῖς
382 2261 520 2334 πρὸς
546 2262 648 2335 τὴν
698 2264 791 2316 106
825 2263 1061 2334 χαλεποῦ
1102 2262 1292 2316 τούτου
1322 2262 1514 2331 κτῆσιν
1538 2261 1746 2332 θηρίου.

75 2351 156 2422 Μή
176 2351 241 2422 δὴ
269 2351 605 2422 δακρύωμεν
637 2351 718 2404 ὅτι
745 2353 895 2422 ἡμᾶς
933 2353 962 2406 ὁ
999 2351 1130 2415 Θεὸς
1155 2350 1358 2421 ταύτης
1384 2353 1482 2422 τῆς
1510 2351 1754 2421 τυραννί-

75 2437 153 2500 5-0;
178 2438 468 2509 ἀπήλλαξε
513 2439 610 2510 τῆς
633 2440 863 2510 αἰσχρᾶς
899 2439 992 2492 καὶ
1017 2438 1422 2506 καταγελάστου
1463 2439 1556 2492 καὶ
1582 2437 1754 2491 πολλά

77 2525 298 2597 ἐχούσης
337 2526 542 2596 ὀνείδη·
586 2526 754 2597 δνομα
778 2528 885 2598 γὰρ
915 2527 1027 2598 ἔχει
1072 2527 1231 2598 μόνον
1286 2525 1561 2596 λαμπρὸν,
1605 2527 1662 2579 ἐν
1695 2525 1752 2578 δὲ

76 2616 175 2677 τοῖς
202 2614 397 2684 ἔργοις
431 2614 690 2668 τάναντία
827 2617 1166 2687 προσηγορίᾳ
1195 2616 1320 2678 τοὺς
1338 2614 1557 2684 ἔχοντας
1583 2613 1750 2685 αὐτὴν

75 2703 362 2771 διατίθησι,
398 2703 492 2755 καὶ
518 2703 617 2757 οὐκ
640 2701 787 2756 ἐστιν
811 2702 986 2766 οὐδεὶς
1007 2706 1034 2757 ό
1068 2703 1141 2774 μὴ
1163 2701 1478 2773 καταγελῶν
1498 2702 1592 2754 τοῦ
1616 2702 1752 2771 πρὸς

74 2789 218 2854 δόξαν
240 2808 295 2842 τι
328 2791 685 2861 πράττοντος.
705 2791 879 2854 Μόνος
901 2790 1008 2863 γὰρ
1043 2793 1247 2854 ἐκεῖνος
1281 2790 1638 2862 περίϐλεπτος
1656 2791 1750 2844 καὶ

75 2877 309 2942 ἐπίδοξος
335 2877 596 2944 γενέσθαι
628 2879 914 2950 δυνήσεται
938 2880 966 2932 ὁ
999 2879 1072 2952 μὴ
1109 2879 1245 2950 πρὸς
1269 2879 1424 2933 τοῦτο
1453 2878 1612 2949 ὁρῶν·
1649 2877 1751 2930 ὀδέ

78 2967 316 3036 μεγάλην
338 2965 500 3033 δόξαν
551 2966 831 3037 τιθέμενος
870 2967 966 3038 τὴν
1016 2968 1168 3039 παρὰ
1216 2967 1323 3020 τῶν
1376 2966 1601 3027 πολλῶν,
1655 2966 1750 3020 καλ⁸

77 3055 240 3108 πάντα
263 3055 412 3126 ὑπὲρ
441 3053 536 3108 τού
567 3056 769 3124 ταύτης
795 3057 975 3125 τυχεῖν
1008 3056 1293 3126 ὑπομένων
1323 3057 1416 3108 καὶ
1446 3054 1635 3117 ποιῶν,
1657 3047 1750 3107 06-

73 3158 152 3204 10;
184 3143 433 3212 μάλιστα
485 3143 655 3213 αὐτῆς
686 3141 1042 3207 ἀποτεύξεται
1076 3144 1169 3198 καὶ
1223 3144 1598 3204 ἀππεσεῖται,
1659 3145 1750 3196 καὶ

73 3232 169 3283 τῶν
199 3233 474 3286 ἐναντίων
519 3231 887 3285 ἀπολαύσεται
924 3233 1161 3298 πάντων,
1192 3231 1426 3300 γέλωτος
1473 3232 1566 3286 καὶ
1617 3248 1752 3284 κατ-

73 3317 319 3385 ηγορίας.
364 3316 739 3386 σκωμμάτων,
769 3315 1062 3386 ἀπεχθείας
1100 3317 1194 3369 καὶ
1239 3315 1448 3386 μίσους.
1503 3315 1617 3368 Οὐκ
1661 3317 1752 3368 ἐπὶ

74 3405 169 3456 τῶν
199 3405 423 3476 ἀνδρῶν
456 3405 514 3457 δέ
547 3404 707 3474 μόνον
731 3403 891 3457 10610
929 3403 1243 3474 συμϐαίνειν
1268 3404 1476 3468 εἴωθεν,
1506 3403 1639 3457 ἀλλά
1657 3405 1751 3456 καὶ

74 3493 155 3544 ἐπὶ
183 3492 346 3562 ιῒμῶν
387 3491 497 3545 τῶν
527 3491 824 3560 γυναικῶν,
853 3491 944 3545 καὶ
986 3491 1221 3562 μάλιστά
1237 3509 1301 3560 γε
1334 3492 1420 3560 ἐφ’
1442 3491 1612 3562 ὑμῶν.
1638 3492 1750 3562 Τὴν

77 3583 164 3648 μὲν
194 3581 310 3651 γὰρ
335 3581 616 3634 ἄπλαστον
665 3581 758 3633 καὶ
791 3581 849 3633 ἐν
881 3580 1141 3651 σχήματι,
1177 3580 1272 3633 καὶ
1309 3580 1366 3633 ἐν
1405 3579 1631 3650 βαδίσει,
1657 3581 1750 3633 καὶ

75 3673 124 3722 ἐν
155 3669 426 3738 ἱματίοις,
462 3669 556 3720 καὶ
589 3666 740 3737 παρὰ
773 3665 996 3737 μηδενὸς
1028 3664 1393 3738 ἐπιζητοῦσαν
1429 3665 1595 3738 τιμὴν
1619 3667 1750 3720 θαυ-

77 3758 336 3824 μάζουσιν
369 3758 582 3812 ἅπασαι
614 3757 708 3810 καὶ
729 3755 1120 3826 ἐκπλήττονται
1149 3756 1242 3808 καὶ
1273 3757 1636 3827 μακαρίζουσι
1657 3760 1750 3809 καὶ

75 3847 242 3900 πάντα
280 3845 426 3916 αὐτῇ
463 3845 808 3916 συνεύχονται
835 3843 902 3897 τὰ
929 3841 1090 3896 καλά·
1113 3843 1212 3914 τὴν
1237 3843 1295 3896 δὲ
1319 3841 1596 3908 κενόδοξον
1617 3844 1750 3896 ἀπο-

79 3933 401 4001 στρέφονται
435 3930 532 3983 καὶ⁸
568 3928 822 4000 μισοῦσι,
870 3929 964 3982 καὶ
1013 3926 1202 3997 ὥσπερ
1234 3944 1286 3980 τι
1335 3926 1524 3998 θηρίον
1560 3927 1751 3997 ἄγριον

77 4019 352 4088 φεύγουσι,
388 4019 484 4071 καὶ
516 4018 740 4088 μυρίαις
780 4016 942 4086 ἀραῖς
985 4031 1044 4067 τε
1088 4016 1182 4068 καὶ
1201 4013 1490 4086 λοιδορίαις
1530 4013 1751 4085 βάλλου-

78 4124 169 4161 σιν,
188 4107 266 4160 Οὐ
286 4106 471 4160 ταῦτα
491 4105 548 4157 δὲ
575 4105 734 4175 μόνον
763 4103 872 4157 ἀπὸ
899 4101 996 4155 106
1027 4101 1100 4172 μὴ
1131 4101 1454 4170 προσίεσθαι
1474 4103 1574 4176 τὴν
1598 4105 1749 4174 παρά

75 4195 172 4247 τῶν
213 4194 436 4248 πολλῶν
472 4192 628 4257 δόξαν
657 4190 1022 4261 διαφεύγομεν
1065 4189 1134 4242 τά
1164 4189 1330 4253 κακὰ,
1387 4189 1524 4244 ἀλλά
1557 4191 1649 4244 καὶ
1682 4189 1750 4243 τά

79 4283 302 4350 μέγιστα
325 4281 553 4336 πάντων
577 4277 945 4351 κερδανοῦμεν
964 4277 1100 4346 πρὸς
1121 4278 1236 4340 τοῖς
1263 4276 1592 4348 εἰρημένοις,
1630 4295 1751 4331 παι-

74 4373 345 4443 δευόμενοι
411 4369 555 4423 κατά
594 4367 787 4438 μικρὸν
828 4367 1036 4420 ἀνιέναι
1090 4368 1183 4420 καὶ
1221 4367 1556 4438 μεταστῆναι
1614 4367 1750 4438 πρὸς

74 4461 155 4512 τὸν
182 4476 206 4501 ι
241 4459 502 4532 οὐρανὸν.
533 4455 688 4528 [547]
723 4455 816 4509 καὶ
851 4455 1068 4509 πάντων
1107 4457 1472 4526 καταφρονεῖν
1511 4454 1620 4509 τῶν
1655 4457 1747 4508 ἐπὶ

75 4548 161 4617 τῆς
178 4549 305 4619 γῆς.
349 4547 414 4600 '0
465 4546 575 4616 γάρ
604 4546 678 4615 μὴ
704 4544 956 4614 δεόμενος
981 4543 1078 4612 τῆς
1126 4541 1280 4612 παρά
1307 4541 1418 4594 τῶν
1445 4542 1749 4614 ἀνθρώπων

75 4637 251 4705 τιμῆς.
290 4636 442 4706 ἅπερ
464 4634 534 4687 ἂν
584 4633 812 4704 πράττοι
856 4631 1019 4696 καλά,
1065 4629 1239 4684 ταῦτα
1282 4630 1422 4700 μετά
1451 4630 1748 4700 ἀσφαλείας

75 4724 285 4780 ἅπαντα
340 4723 578 4796 πράξει,
610 4723 703 4776 καὶ
735 4722 858 4776 οὐτε
907 4719 1135 4774 ἐπὶτῶν
1169 4719 1453 4791 λυπηρῶν,
1501 4718 1624 4774 οὐτε
1657 4724 1748 4774 ἐπί

76 4812 173 4866 τῶν
215 4811 477 4885 χρηστῶν
525 4811 619 4864 τοῦ
650 4811 765 4881 βίου
806 4809 994 4864 τούτου
1025 4807 1272 4865 πείσεταί
1299 4825 1354 4861 τι
1391 4807 1583 4864 δεινόν.
1611 4808 1746 4864 Οὔτε

76 4907 172 4976 γάρ
195 4903 378 4959 ταῦτα
408 4900 570 4954 αὐτὸν
593 4897 935 4968 καταπτῆξαι
959 4896 987 4936 δ
1004 4897 1097 4951 καί
1125 4895 1391 4961 καθελεῖν,
1422 4895 1546 4951 οὔτε
1567 4898 1747 4952 ἐκεῖνα

79 4995 374 5061 εξογκῶσαι
406 4990 499 5044 καὶ
537 4989 775 5059 φυσῆσαι
811 4985 1053 5050 δύναται,
1093 4984 1208 5039 ἀλλ’
1234 4987 1293 5038 ἐν
1321 4985 1638 5057 πράγμασιν
1666 4989 1748 5040 εύ-

84 5082 448 5149 μεταπτὼτοις
479 5081 575 5132 καὶ
606 5075 1030 5147 τεταραγμένοις
1060 5073 1221 5137 αὐτὸς
1255 5074 1406 5144 μένει
1437 5075 1619 5146 πάσης
1656 5079 1746 5130 ἐκ-

79 5172 157 5233 τος
184 5171 260 5223 ῶν
300 5164 629 5240 μεταϐολῆςο
651 5165 787 5236 ὅπερ
812 5162 1020 5234 ταχέως
1048 5163 1141 5216 καὶ
1171 5162 1263 5215 ἐπὶ
1289 5163 1390 5234 τῆς
1408 5163 1508 5234 σῆς
1526 5164 1742 5220 ἔσεσθαι

82 5258 351 5329 πφσδοκῶ
379 5257 578 5327 ψυχῆς,
625 5255 720 5307 καὶ
752 5251 964 5325 ἀθρόως
1015 5249 1269 5305 ἁπάντων
1297 5252 1744 5307 ἀποσπασθεῖσαν

80 5346 173 5398 τῶν
203 5345 498 5417 βιωτικῶν.
546 5344 643 5410 τὴν
669 5343 728 5394 ἐν
769 5345 882 5404 τοῖς
911 5342 1164 5414 οὐρανοῖς
1203 5341 1332 5412 ήμῖν
1381 5341 1742 5405 ἐπιδείξεσθαι

80 5436 360 5498 πολιτείαν,
421 5433 514 5484 καὶ
562 5430 660 5499 ῖῆς
687 5430 881 5500 δόξης,
925 5424 993 5500 ἧς
1035 5429 1250 5499 θρηνεῖς
1299 5438 1321 5466 ε
1355 5428 1451 5482 νῦν
1549 5431 1744 5501 μικρὸν

1725 5605 1755 5676 ί

133 5654 156 5680 ⁸
177 5652 315 5703 Colb.
333 5653 428 5726 fui
450 5651 675 5699 πέτεσθαι
715 5652 828 5726 πρὸς
850 5651 949 5724 τόν,
978 5651 1127 5702 SaVil.
1158 5653 1235 5702 καὶ
1257 5653 1486 5700 πέτασθαι
1508 5653 1623 5714 πρὸς
1644 5651 1741 5712 ται

86 5715 113 5758 .“
127 5718 241 5764 πει.
266 5717 350 5763 καὶ
370 5718 663 5774 μεταστῆναι
683 5713 798 5774 πρὸς
819 5713 917 5760 τόν.

138 5781 158 5810 ’ν
179 5778 325 5825 ςω-ίι.
354 5786 408 5824 el
432 5774 569 5838 Colb.
601 5774 744 5820 αὐτὸν
765 5775 1003 5838 βαπτίσω,
1032 5777 1183 5827 Morel
1233 5775 1377 5824 αὐτὸν
1401 5775 1720 5832 καταπτῆξαι.

137 5845 154 5869 ‘
184 5843 329 5888 Sam.
354 5847 401 5886 el
431 5837 572 5885 «ξυιιδ.
598 5838 656 5893 ἣν
681 5837 871 5895 θρηνεῖς.
1011 5845 1014 5848 ‘

1364 372 1450 426 AD
1489 371 1740 430 VIDUAM
1779 370 2138 430 .IUNIUBEM.

3423 376 3527 432 608

1867 486 2093 558 ὕστερον
2135 484 2620 554 καταγελάσεσθαι,
2671 485 2765 539 καὶ
2792 484 2852 539 τὸ
2880 485 3123 540 διάκενον
3152 488 3246 542 καὶ
3301 489 3524 560 μάταιον

1859 573 2253 629 κατοπτεύσειν
2286 577 2629 646 προσωπεῖον
2653 575 2842 647 αὐτῆς.
2864 575 2928 630 Εἰ
2943 574 2998 628 δέ
3025 575 3320 645 ἀσφάλειαν
3342 579 3525 642 ποθεῖς

1856 663 1954 736 τὴν
1973 662 2041 716 δι’
2065 663 2273 717 ἐκεῖνόν
2301 679 2382 716 σοι
2418 663 2815 735 γεγενημένην,
2848 663 2944 718 καὶ
2996 664 3096 736 τὴν
3121 664 3230 719 τῶν
3268 667 3527 737 πραγμά-

1854 767 1963 805 των
1996 751 2264 824 φυλακὴν,
2294 753 2388 806 καὶ
2417 752 2478 805 τὸ
2506 750 2660 823 παρά
2691 751 2918 824 μηδενὸς
2941 752 3386 807 ἐπιϐουλεύεσθαι
3417 753 3526 807 τῶν

1853 841 1974 902 ταῖς
2000 839 2308 910 ἀλλοτρίαις
2357 838 2747 911 ἐπιπηδῶντων
2798 842 3124 910 συμφοραῖς,
3172 840 3527 909 Ἐπίρριψον

1854 927 1952 980 ἐπὶ
1976 927 2195 994 Κύριον
2231 926 2346 995 τὴν
2364 925 2662 997 μέριμνάν
2693 943 2832 991 σου,
2861 926 2958 980 καί
2984 928 3164 993 αὐτός
3193 942 3267 981 σε
3291 927 3525 996 διαθρέ-

1855 1016 1981 1082 ψει.
2026 1013 2394 1084 Ἐμϐλέψατε
2420 1016 2550 1086 γὰρ,
2579 1015 2762 1085 φησὶν,
2791 1016 2879 1079 εἰς
2896 1014 3148 1082 ἀρχαίας
3181 1015 3526 1086 γενεὰς-,καί

1857 1101 2012 1155 ἴδετε
2036 1103 2128 1168 τις
2159 1101 2424 1170 ἤλπισεν
2452 1102 2550 1156 ἐπὶ
2591 1103 2809 1170 Κύριον
2828 1101 2879 1168 ἀ,
2911 1102 3008 1155 καί
3043 1103 3454 1171 κατῃσχύνθη,
3483 1103 3525 1174 ἦ

1853 1190 1948 1253 τίς
1973 1189 2383 1244 ἐπεκαλέσατο
2411 1190 2618 1254 αὐτὸν,
2676 1189 2774 1243 καὶ
2797 1189 3108 1259 ὑπερεῖδεν
3139 1191 3347 1256 αὐτὸν,
3368 1191 3407 1261 ἣ
3433 1191 3528 1259 τίς

1853 1278 2118 1348 ἐνέμεινε
2144 1279 2272 1347 ταῖς
2297 1279 2576 1346 ἐντολαῖς
2607 1269 2940 1345 αὐτοῦ,καὶ
2977 1279 3370 1350 ἐγκατέλιπεν
3415 1283 3526 1336 αὐ-

1854 1367 1979 1422 τόν.
2026 1367 2083 1421 Ὀ
2105 1369 2213 1440 γὰρ
2242 1368 2340 1440 τὴν
2367 1367 2652 1439 συμφορὰν
2710 1368 2808 1439 τὴν
2843 1369 3014 1432 οὕτως
3069 1368 3341 1441 ἀφόρητον
3383 1387 3526 1442 παρ-

1853 1436 2233 1523 ενεγκὼν,καὶ
2258 1436 2649 1526 ποιήσαςείναι
2680 1457 2739 1508 ἐν
2766 1436 2976 1527 γαλήνη
3009 1436 3129 1522 νύν,
3155 1436 3309 1522 0610;
3337 1436 3527 1511 καὶ

1853 1543 2193 1614 ἐπερχόμενα
2233 1541 2656 1614 ἀποκρούσεταιο
2680 1544 2761 1598 ὅτι
2799 1543 2908 1614 γὰρ
2949 1543 3156 1615 ταύτης
3180 1544 3281 1616 τῆς
3311 1544 3526 1616 πληγῆς

1853 1629 2106 1700 οὐδεμίαν
2138 1630 2331 1702 ἑτέραν
2363 1631 2750 1701 χαλεπωτέραν
2790 1630 2939 1704 λήψῃ
2994 1631 3210 1695 λοιπὸν,
3267 1633 3360 1685 καὶ
3384 1633 3523 1704 αὐτὴ

1856 1719 2186 1790 συνομολογή
2196 1736 2314 1782 σαις
2344 1721 2491 1790 ἡμῖν.
2509 1719 2573 1772 Ἦ
2593 1718 2769 1772 τοίνυν
2783 1718 2926 1772 οὓτω
2947 1719 3206 1789 γενναίως
3222 1719 3524 1788 ἐνεγκοῦσα

1851 1805 1922 1860 τά
1956 1806 2013 1859 ἐν
2040 1807 2213 1877 χερσὶ,
2246 1806 2528 1860 καὶταῦτα
2556 1806 2782 1878 ἄπειρος
2816 1802 2969 1871 οὖσα,
3001 1806 3181 1878 πολλῷ
3205 1807 3404 1878 μᾶλλον
3451 1807 3522 1862 τά

1852 1895 2210 1966 ἐπερχόμενα,
2241 1896 2442 1960 εἴποτε,
2491 1895 2520 1948 ὃ
2546 1896 2620 1966 μὴ
2650 1895 2858 1964 γένοιτο
2879 1933 2892 1958 ,
2923 1895 3102 1966 συμϐῇ
3132 1912 3184 1948 τι
3227 1896 3335 1948 τῶν
3359 1895 3524 1949 ἀϐου-

1852 1981 2029 2053 λήτων
2048 1984 2200 2054 ἡμῖν,
2229 1982 2396 2045 οἴσεις
2413 1983 2666 2046 εὐκόλως.
2699 1983 2908 2036 Οὐκοῦν
2933 1984 3022 2036 τὸν
3044 1983 3269 2055 οὐρανὸν
3300 1981 3450 2053 ζήτει
3471 1993 3522 2047 ε,

1854 2072 1948 2124 καὶ
1990 2070 2167 2124 πάντα
2193 2070 2259 2123 τὰ
2306 2069 2443 2139 πρὸς
2465 2069 2564 2141 τήν
2591 2071 2708 2123 ἐκεῖ
2750 2069 2982 2142 φέροντα
3010 2070 3154 2142 ζωὴν
3175 2110 3190 2134 ,
3232 2069 3327 2123 καὶ
3371 2070 3522 2124 οὐδὲν

1851 2157 1960 2211 τῶν
1990 2155 2223 2212 ἐνταῦθα
2253 2157 2451 2227 βλάψαι
2485 2157 2770 2228 δυνήσεταί
2830 2175 2911 2221 σε,
2952 2157 3071 2211 οὐδέ
3099 2161 3128 2212 ὁ
3158 2157 3252 2212 106
3297 2159 3522 2222 σκότους

1853 2245 2250 2317 κοσμοκράτωρ
2282 2245 2472 2310 αὐτὸς,
2508 2245 2668 2317 μόνον
2719 2246 2794 2317 μὴ
2826 2245 3524 2318 ἑαυτοὺςλκαταϐλάψωμεν

1852 2335 2030 2406 ἡμεῖς.
2058 2331 2175 2387 Κᾶν
2194 2332 2302 2404 γὰρ
2335 2333 2433 2404 τῆν
2457 2334 2644 2387 οὐσίαν
2673 2351 2756 2398 τις
2789 2335 3076 2406 ἀφέληται,
3112 2335 3212 2388 κᾶν
3237 2335 3521 2406 κατατέμῃ

1849 2423 1912 2476 τὸ
1941 2422 2130 2493 σῶμα,
2169 2421 2373 2475 τούτων
2423 2423 2573 2476 οὐδὲν
2620 2422 2757 2494 πρὸς
2813 2425 2978 2494 ἡμᾶς,
3028 2424 3214 2493 ύγιοῢς
3252 2424 3522 2497 μενούσης

1850 2510 1982 2581 ἡμῖν
2017 2510 2117 2580 τῆς
2144 2508 2341 2580 ψυχῆς

1922 2614 1990 2680 ζ’.
2018 2615 2195 2680 Ὂλως
2235 2615 2290 2668 δὲ
2317 2615 2364 2667 εἰ
2397 2613 2574 2685 βούλει
2605 2613 2698 2666 καὶ
2726 2615 2796 2668 τά
2823 2614 3084 2686 χρήματά
3123 2633 3204 2669 σοι
3238 2616 3424 2684 μένειν
3461 2616 3522 2670 ἐν

1851 2701 2139 2773 ἀσφαλείᾳ,
2174 2702 2266 2755 καὶ
2295 2699 2551 2765 αὐξεσθαι
2593 2700 2773 2761 πάλιν,
2803 2699 2915 2768 ἐγώ
2945 2717 3024 2754 σοι
3055 2701 3151 2754 καὶ
3178 2701 3267 2754 τὸν
3317 2701 3520 2771 τρόπον

1851 2789 2114 2854 ὑποδείξω
2153 2789 2248 2842 καλ¹
2275 2789 2365 2842 τὸν
2393 2788 2575 2850 τόπον,
2616 2787 2744 2840 ἔνθα
2787 2788 2962 2840 οὐδενὶ
2996 2789 3103 2840 τῶν
3131 2788 3520 2844 ἐπιϐουλευόν-

1850 2889 1960 2925 των
1983 2871 2139 2942 θέμις
2171 2870 2446 2925 εἰσελθεῖν.
2475 2872 2569 2934 τίς
2591 2869 2684 2924 οὖν
2710 2874 2857 2924 ἐστιν
2878 2873 2906 2922 ὁ
2932 2871 3129 2936 τόπος;
3177 2872 3234 2925 '0
3267 2873 3518 2942 οὐρανός.

1865 2958 2206 3013 Ἀπόστειλον
2235 2959 2373 3012 αὐτά
2418 2959 2556 3029 πρὸς
2593 2957 2686 3010 τὸν
2721 2958 2886 3011 καλὸν
2934 2962 3140 3013 ἐκεῖνον
3180 2961 3348 3032 ἄνδρα
3373 2999 3386 3024 ,
3423 2962 3520 3015 καὶ

1851 3046 1972 3101 οὐτε
2003 3047 2260 3118 κλέπτης,
2295 3045 2418 3100 οὐτε
2459 3046 2762 3110 ἐπίϐουλος,
2801 3045 2925 3100 οὐτε
2952 3047 3079 3102 ἀλλο
3103 3066 3155 3101 τι
3180 3047 3288 3102 τῶν
3319 3049 3518 3119 λυμαι·

1849 3136 2088 3206 νομένων
2131 3137 2314 3198 αὐτοῖς
2344 3135 2674 3205 ἐπιπηδήσαι
2706 3135 3015 3206 δυνήσεται.
3055 3138 3154 3189 Ἂν
3207 3137 3326 3190 ἐκεῖ
3389 3153 3521 3190 κατε

1847 3223 2046 3297 ορύξης
2075 3223 2248 3276 ταῦτα
2273 3223 2341 3277 τὰ
2369 3224 2651 3294 χρήματα,
2687 3223 2855 3277 πολὺν
2880 3224 3134 3296 εὑρήσεις
3158 3224 3248 3278 τὸν
3271 3226 3378 3280 ἀπὸ
3395 3224 3519 3279 τού-

1847 3331 1955 3368 των
1984 3311 2214 3383 καρπόν.
2244 3311 2326 3364 Τά
2353 3312 2462 3381 γάρ
2483 3313 2539 3364 ἐν
2566 3313 2680 3374 τοῖς
2701 3312 2950 3382 οὐρανοῖς
2967 3313 3310 3384 φυτευόμενα
3341 3315 3521 3368 πάντα

1849 3402 1978 3472 παρ’
2017 3398 2174 3472 ἡμῶν
2200 3399 2295 3452 καὶ
2327 3399 2547 3452 πλείονα
2591 3400 2686 3453 καὶ
2718 3400 3004 3472 κρείττονα
3034 3399 3148 3471 ἔχει
3187 3401 3287 3473 τὴν
3318 3403 3516 3474 φοράν,

1849 3490 1944 3544 καί⁵
1966 3487 2221 3559 τοιαύτην
2239 3487 2357 3540 οῖαν
2379 3487 2525 3551 είκδς
2547 3489 2604 3540 ἐν
2627 3487 2875 3559 οὐρανοῖς
2902 3487 3292 3560 ἐῤῥιζωμένων
3313 3489 3516 3545 αὐτῶν.

1849 3577 1965 3631 Κᾶν
1997 3576 2154 3630 τοῦτο
2193 3575 2435 3647 πράξῃς,
2471 3576 2574 3647 ὅρα
2604 3577 2772 3629 ποίων
2801 3576 3083 3648 ἀπολαύσῃ
3118 3577 3319 3631 καλῶν·
3368 3579 3519 3648 πρῶ-

1847 3683 1939 3719 τον
1981 3666 2080 3735 μὲν
2109 3664 2210 3734 τῆς
2249 3665 2466 3717 αἰωνίου
2502 3663 2649 3734 ζωῆς
2677 3666 2772 3718 καὶ
2813 3665 2922 3717 τῶν
2949 3665 3375 3736 ἐπηγγελμένων
3402 3669 3519 3730 τοῖς

1849 3753 2102 3822 ἀγαπῶσι
2146 3752 2237 3806 τὸν
2267 3752 2400 3805 Θεὸν
2432 3751 2474 3817 ί,
2522 3751 2558 3806 ἀ
2594 3751 2717 3806 οὐτε
2751 3753 3028 3822 ὀφθαλμὸς
3055 3748 3216 3816 εἶδεν,
3263 3754 3387 3808 οὔτε
3420 3751 3516 3818 οὖς

1848 3843 2103 3912 ἤκουσεν,
2131 3840 2254 3893 οὐτε
2283 3841 2375 3893 ἐπὶ
2397 3839 2627 3910 καρδίαν
2657 3839 2944 3910 ἀνθρώπου
2973 3840 3164 3910 ἀνέϐη,
3204 3841 3394 3894 ἔπειτα
3420 3841 3516 3895 106

1851 3929 2028 3983 πάντα
2063 3929 2380 3999 συνοικῆσαι
2415 3927 2492 3998 τῷ
2527 3926 2678 3998 καλῷ
2716 3927 2892 3998 τούτῳ
2915 3928 3006 3980 τὸν
3039 3927 3246 3994 αἰῶνα,
3283 3930 3377 3983 καὶ
3405 3930 3516 3983 τῶν

1848 4015 2080 4070 ἐνταῦθα
2119 4017 2176 4070 δὲ
2225 4015 2518 4086 φροντίδων
2561 4016 2656 4069 καὶ
2702 4015 2883 4085 φόϐων
2915 4014 3064 4088 [548]
3114 4018 3208 4070 καὶ
3254 4017 3516 4074 κινδύνων

1849 4106 1943 4158 καὶ
1979 4105 2278 4158 ἐπιϐουλῶν
2299 4105 2393 4158 καὶ
2424 4102 2623 4176 ἔχθρας
2661 4105 2756 4157 καὶ
2788 4105 2978 4175 μίσους
3011 4104 3344 4173 ἀπαλλάξεις
3377 4123 3512 4159 σαυ-

1849 4195 1966 4264 τήν.
1997 4193 2140 4256 Ἕως
2173 4193 2272 4263 μὲν
2313 4191 2421 4263 γάρ
2455 4191 2593 4246 αὐτά
2621 4193 2979 4265 περικειμένη
3014 4189 3102 4266 ᾖς,
3139 4195 3270 4258 ῖσως
3303 4193 3518 4248 ἔσονταί

1849 4299 1990 4345 τινες
2021 4282 2070 4334 οἱ
2103 4279 2550 4350 ἐπιτεθησὸμενοι
2575 4295 2587 4308 ·
2626 4279 2692 4333 ἂν
2724 4280 2780 4333 δὲ
2811 4281 2947 4353 πρὸς
2975 4281 3066 4335 τὸν
3097 4281 3328 4354 οὐρανὸν
3375 4283 3518 4338 αὐτά

1853 4368 2124 4441 μεταθῇς,
2159 4367 2437 4421 ἀκίνδυνον
2479 4367 2571 4420 καὶ
2626 4368 2845 4440 ἀσφαλῆ
2883 4370 2978 4423 καὶ
3026 4370 3231 4442 πολλῆς
3281 4371 3515 4442 ἡσυχίας

1849 4459 2084 4530 γέμοντα
2119 4455 2292 4530 βιώσῃ
2336 4455 2468 4526 βίον,
2504 4456 2837 4526 αὐταρκείας
2879 4458 3019 4528 μετά
3059 4458 3338 4522 εὐσεϐείας
3375 4461 3514 4514 ἀπο⁴⁹

1849 4545 2084 4600 λαύουσα
2110 4547 2155 4600 ⁸.
2194 4543 2302 4597 Καὶ
2335 4543 2443 4614 γὰρ
2475 4543 2674 4614 πολλῆς
2715 4543 2958 4612 ἀλογίας,
2991 4545 3160 4618 ἀγρὸν
3197 4547 3294 4616 μὲν
3325 4546 3516 4616 βουλό-

1853 4652 2012 4706 μενον
2039 4631 2352 4704 ὠνήσασθαι
2378 4631 2478 4702 τὴν
2507 4631 2842 4703 εὐφοροῦσαν
2873 4635 2975 4704 γῆν
3014 4635 3313 4705 ἐπιζητεῖν,
3345 4635 3512 4706 οὐρα-

1849 4721 1941 4776 νοῦ
1988 4721 2043 4775 δὲ
2086 4721 2207 4774 ἀντὶ
2238 4721 2340 4792 γῆς
2380 4721 2763 4792 προκειμένου,
2816 4723 2990 4794 παρὸν
3039 4724 3156 4776 ἐκεῖ
3211 4724 3512 4794 κτήσασθαι

1846 4809 2067 4881 χωρίον,
2111 4808 2290 4879 μένειν
2337 4808 2427 4861 ἐπὶ
2475 4809 2574 4880 τῆς
2614 4809 2735 4880 γῆς,
2775 4810 2868 4864 καὶ
2924 4810 3032 4864 τῶν
3062 4812 3128 4863 ἐκ
3175 4809 3376 4882 ταύτης
3413 4813 3509 4866 ἀν-

1848 4897 2066 4970 έχεσθαι
2098 4897 2273 4951 πόνων
2305 4897 2422 4970 ικαὶ
2460 4896 2565 4951 τῶν
2587 4897 2651 4950 δι’
2692 4899 2972 4969 ἁμαρτιῶν
2995 4898 3065 4971 11]·
3090 4899 3348 4963 πολλάκις
3399 4901 3511 4971 γὰρ

1850 4986 2071 5055 σφάλλει
2100 4984 2199 5056 τῆς
2227 4985 2437 5050 ἐλπίδος
2467 4987 2631 5057 ἡμᾶς.
2682 4986 2896 5058 Ἐπειδὴ
2928 4987 2983 5040 δέ
3013 5005 3103 5041 σου
3134 4987 3322 5050 δεινῶς
3356 4989 3510 5060 στρέ-

1847 5093 1933 5144 φει
1985 5074 2081 5146 τὴν
2125 5073 2301 5146 ψυχὴν
2334 5074 2429 5127 καὶ
2471 5074 2687 5146 θορυϐεῖ
2728 5074 2787 5127 τὸ
2820 5075 3204 5145 προσδοκηθέν,
3251 5075 3509 5143 πολλάκις

1845 5163 2005 5216 αὐτὴν
2027 5164 2119 5216 ἐπί
2141 5162 2201 5215 τὸ
2233 5161 2341 5215 τῶν
2374 5163 2633 5232 ὑπάρχων
2670 5163 2818 5231 ἥξειν
2847 5161 3083 5231 ἀξίωμα.
3113 5162 3206 5214 καὶ
3235 5180 3510 5236 προανηρ-

1846 5252 2047 5305 πάσθαι
2086 5250 2185 5321 τῆς
2225 5249 2434 5323 ἀρχῆς,
2476 5248 2688 5319 πρῶτον
2725 5249 2822 5318 μὲν
2864 5252 3040 5303 ἐκεῖνο
3080 5251 3307 5318 σκόπει,
3342 5254 3425 5307 ὅτι
3457 5255 3530 5314 εί,

1903 5409 1928 5447 ὁ
1953 5407 2183 5483 ξοιὴκτίς
2215 5408 2511 5483 ἐνεπίστξυσε
2533 5409 2602 5483 τιῖξ
2621 5408 2799 5483 ἰξυρίῳ.

1909 5476 1931 5501 ο
1953 5472 2046 5519 Τὸν
2065 5471 2155 5534 γάρ
2179 5470 2374 5532 οὐρανὸν
2401 5471 2543 5528 ζήτει,
2567 5469 2705 5520 0οη).
2729 5469 2784 5519 ει
2803 5469 2916 5520 Sav.
2938 5470 3068 5522 Infra
3090 5473 3224 5522 idem
3243 5471 3390 5525 Coll):
3409 5475 3506 5523 τῶν

1843 5534 1999 5596 ἐνθάδε
2024 5534 2096 5596 βλ.

1908 5592 1928 5632 ί
1954 5591 2364 5656 Εοίὺ.νθίίΜοΓΘΙ.
2389 5591 2471 5656 τὸν
2489 5593 2676 5656 Κύριον.

1850 5719 1862 5734 ’
1906 5657 1932 5696 ε
1962 5657 2049 5732 §ic
2073 5655 2221 5766 éColb.
2264 5655 2591 5708 et,Savil.‘M
2627 5655 2800 5706 Morel.
2845 5656 3164 5707 ἀπολαύοντα.
3210 5657 3317 5708 Mox
3362 5657 3504 5708 Colb.

1850 5735 2010 5766 κγοους
2036 5735 2070 5766 υ.
2095 5735 2136 5766 ν.

1841 5735 2010 5776 αγρους
2036 5735 2136 5776 μεν.

1905 5735 1922 5754 ,

1905 5735 2200 5837 ἱθῖἕεεῗῗνξιαι
2236 5779 2332 5825 τῶν
2353 5778 2413 5825 δι’
2452 5779 2710 5842 ἁμαρτιῶν,
2734 5777 2784 5827 in
2827 5781 2976 5830 Savil.
3001 5794 3112 5831 cum
3134 5783 3370 5833 asterisco
3395 5786 3504 5834 ιω.

1849 5849 1948 5893 tum
1979 5847 2243 5898 ponuntur,
2279 5846 2329 5888 et
2364 5841 2621 5901 peregrina
2647 5841 2877 5891 Videntur
