3844 6242
385 328 488 380 609

382 443 478 496 καὶ
514 442 719 514 σφόδρα
747 443 884 518 δήλη
924 439 993 517 ἦν
1021 444 1158 518 αὕτη
1195 451 1227 518 ἡ
1271 448 1445 514 ἐλπὶς,
1482 448 1597 502 ἀλλ’
1639 450 1789 520 ὅμως
1835 448 2047 521 ἀνθρὼ-

382 547 501 584 πων
533 530 687 595 ἐλπὶς
713 528 802 604 ἦν,
844 533 1100 598 πολλάκις
1130 534 1511 591 διαπίπτουσαο
1548 537 1643 590 καὶ
1676 537 1848 591 πολλά
1881 540 1939 591 ἐν
1969 538 2048 609 τῷ

382 616 484 688 βίῳ
508 620 732 674 τοιαῦτα
758 621 971 692 ὁρῶμεν
1000 622 1281 693 γινόμενα,
1315 625 1411 678 καὶ
1440 623 1550 677 τῶν
1580 625 1785 694 σφόδρα
1816 626 2049 697 προσδο-

382 706 656 776 κηθέντων
680 708 979 762 ἀτελέστων
1014 710 1337 780 μεινάντων,
1363 710 1435 765 τά
1460 711 1517 765 δὲ
1553 713 1677 783 μηδ’
1704 713 1783 777 εἰς
1808 712 1931 766 νοῦν
1956 714 2045 767 ἐλ-

381 791 539 846 θόντα
555 795 683 864 ἡμῖν
705 796 783 859 είς
814 796 964 860 τέλος
980 798 1171 868 ἐξῆλθε
1189 799 1472 863 πολλάκις.
1494 801 1587 853 καὶ
1608 799 1767 853 τοῦτο
1799 801 1904 854 κάν
1922 803 2044 865 ταῖς

378 880 593 951 ἀρχαῖς,
622 883 723 936 κάν
755 886 873 948 ταῖς
906 886 1346 955 βασιλείαις,κὰν
1381 889 1496 951 ταῖς
1528 887 1929 958 κληρονομίαις,
1952 888 2046 942 καὶ

378 970 488 1029 τοῖς
502 968 700 1039 γάμοις
721 983 770 1034 α,
788 973 881 1025 καὶ
907 974 1178 1045 πανταχοῦ
1201 975 1495 1046 συμϐαῖνον
1522 975 1735 1047 ὁρῶμεν
1760 975 1866 1029 ἀεί.
1882 977 2045 1029 Ὥστε

377 1055 425 1106 εἰ
443 1056 535 1109 καλ⁵
572 1058 778 1130 σφόδρα
791 1060 955 1128 ἐγγὺς
981 1057 1048 1132 ἦν
1076 1063 1338 1134 ὁκαιρὸς,
1361 1062 1497 1118 ἀλλὰ
1525 1062 1743 1127 πολλὰ,
1778 1063 1919 1117 κατά
1945 1064 2045 1134 τὴν

377 1143 697 1212 παροιμίαν,
722 1147 949 1213 μεταξὺ
976 1150 1225 1215 κύλικος
1254 1150 1350 1203 καὶ
1384 1150 1618 1219 χείλεος
1635 1149 1823 1218 ἄκρου
1849 1150 2039 1204 πέλει.

378 1228 488 1281 Καὶ
519 1232 551 1300 ἡ
599 1232 786 1305 Γραφὴ
818 1235 874 1288 δέ
910 1223 1101 1307 φησιν·
1173 1238 1313 1290 Ἀπὸ
1345 1239 1598 1305 πρωΐθεν
1626 1236 1738 1303 ἕως
1780 1236 2044 1306 ἑσπέρας

372 1318 731 1384 μεταϐάλλει
762 1324 983 1391 καιρός.
1028 1323 1182 1378 Οὕτω
1215 1327 1307 1378 καὶ
1334 1324 1586 1394 βασιλεὺς
1623 1326 1652 1377 6
1700 1325 1943 1397 σήμερον
1966 1324 2042 1378 ὣν

375 1404 564 1475 αὔριον
597 1407 841 1480 τελευτᾷ.
888 1413 998 1465 Καὶ
1031 1412 1192 1466 πάλιν
1220 1413 1280 1466 τὸ
1324 1412 1452 1483 παρ’
1500 1412 1720 1476 ἐλπίδας
1763 1412 2043 1483 ἐμφαίνων

374 1494 508 1562 ἡμῖν
529 1495 687 1560 αὐτὸς
720 1492 872 1561 οὗτος
905 1500 932 1552 ὁ
959 1500 1119 1570 σοφός
1145 1518 1308 1570 φησι·
1337 1501 1563 1555 Πολλοὶ
1593 1502 1872 1569 τύραννοι
1901 1500 2042 1554 ἐκά-

375 1583 553 1634 θισαν
587 1582 683 1637 ἐπὶ
707 1584 987 1655 ἐδάφους,
1021 1592 1054 1642 ὀ
1096 1588 1164 1642 δὲ
1187 1590 1601 1657 ἀνυπονόητος
1637 1589 1891 1658 ὲςρόρεσε
1914 1587 2042 1642 διά·-

374 1666 551 1735 δημα.
588 1672 696 1725 Καὶ
726 1674 787 1726 ού
818 1674 1035 1738 πάντως
1078 1676 1237 1746 δῆλον
1276 1673 1344 1747 ἦν
1376 1680 1457 1731 ὅτι
1494 1678 1664 1748 ζήσας
1705 1678 1792 1730 ἐπ’
1825 1676 2041 1748 ἐκείνην

372 1755 492 1824 ἥξει
522 1757 620 1829 τὴν
651 1760 851 1832 ἀρχήν·
884 1763 945 1815 τὸ
974 1762 1080 1835 γάρ
1103 1764 1196 1817 τοῦ
1224 1765 1507 1835 μέλλοντος
1536 1765 1730 1837 ἀδηλον
1757 1766 1851 1819 καὶ
1873 1763 2041 1836 ’ἐτερα

374 1844 695 1900 ὑποπτεύειν
722 1853 979 1921 παρεῖχεν
1016 1854 1166 1923 ἡμῖν.
1199 1854 1369 1907 Πόθεν
1412 1854 1521 1925 γάρ
1552 1853 1707 1925 δῆλον
1741 1854 1821 1907 ὅτι
1869 1851 2041 1923 ζήσας

374 1934 458 1985 ἐπ’
494 1934 707 2007 ἐκείνην
747 1937 866 2007 ἥξει
906 1938 1003 2010 τὴν
1033 1941 1238 2011 ἀρχήν;
1286 1942 1369 1995 ὅτι
1418 1942 1539 2012 οὐχὶ
1577 1943 1671 1995 καὶ
1715 1941 1783 1995 τὰ
1817 1941 2040 1995 ἐναντία

370 2020 647 2090 ἐξέϐαινε,
682 2024 779 2079 καὶ
810 2026 910 2097 τῆς
939 2026 1104 2099 οὔσης
1138 2028 1394 2094 ἐξέπιπτε
1430 2029 1595 2100 τιμῆς
1635 2029 1777 2100 νόσῳ
1812 2030 2043 2100 παραδο-

371 2107 505 2173 θεὶς,
538 2112 632 2165 καὶ
667 2112 846 2184 φθόνῳ
896 2116 989 2169 καλ⁸
1034 2115 1304 2188 βασκανίᾳ
1352 2117 1461 2170 τῶν
1500 2116 1838 2188 βουλομένων
1877 2118 2039 2172 αὐτὸν

371 2200 831 2272 παρευημρῆσαι
862 2202 1097 2276 βληθεὶς,
1135 2204 1167 2275 ἢ
1211 2204 1305 2259 καὶ
1352 2203 1537 2275 ἕτερόν
1572 2222 1626 2257 τι
1662 2203 1849 2267 παθὼν
1877 2206 2039 2275 χαλε-

372 2286 505 2351 πόν;
547 2287 741 2358 Θῶμεν
781 2289 838 2342 δὲ
857 2331 873 2355 ,
921 2293 969 2345 εί
1011 2290 1188 2361 βούλει
1209 2332 1223 2357 ,
1250 2293 1345 2347 καὶ¹
1373 2293 1532 2363 δῆλον
1564 2287 1704 2347 εῖναι
1739 2293 1927 2363 σαφῶς
1956 2294 2039 2348 ὅτι

371 2374 589 2438 πάντως
627 2375 959 2442 ἐπιϐιώσας.
1002 2380 1205 2450 ταύτης
1250 2380 1472 2450 ἔμελλεν
1511 2380 1893 2451 ἐπιτυγχάνειν
1942 2382 2040 2452 τῆς

370 2463 614 2533 κορυφῆς
633 2481 647 2494 ·
678 2465 787 2536 ὅσῳ
809 2465 917 2538 γάρ
941 2467 973 2537 ἡ
996 2464 1123 2532 ἀξία
1150 2467 1372 2539 μείζων,
1400 2468 1638 2539 τοσούτῳ
1661 2469 1758 2522 καὶ
1784 2468 2038 2540 μείζονας

369 2547 514 2618 ἔχειν
546 2549 757 2622 ἀνάγκη
786 2552 912 2616 τοὺς
940 2554 1215 2619 κινδύνους
1244 2550 1313 2625 ἦν
1348 2555 1442 2609 καὶ
1473 2556 1760 2627 φροντίδας
1789 2556 1882 2609 καὶ
1919 2558 2038 2609 ἐπι-

370 2634 585 2701 ϐουλάς.
633 2639 782 2710 Μηδὲ
822 2640 993 2695 ταῦτα
1028 2641 1198 2707 ἔστω,
1237 2642 1353 2698 ἀλλ’
1410 2642 1707 2709 ἀκινδύνως
1754 2644 1847 2697 καὶ
1896 2644 2037 2715 μετὰ

370 2724 573 2795 πολλῆς
601 2730 698 2798 τῆς
726 2728 955 2799 ἡσυχίας
990 2733 1164 2784 ἐκεῖνο
1203 2731 1495 2785 διαπλείτω
1525 2730 1585 2784 τὸ
1622 2730 1860 2801 πέλαγος
1881 2748 1893 2761 ’
1942 2734 2037 2786 καὶ

369 2812 422 2865 τί
447 2812 505 2865 τὸ
533 2814 723 2884 πέρας,
752 2816 873 2869 εἰπέ
908 2834 997 2888 μοι
1023 2835 1037 2882 ;
1073 2819 1135 2872 o6
1162 2818 1319 2872 τοῦτο
1341 2819 1479 2889 ὅπερ
1501 2818 1596 2872 νῦν
1616 2862 1629 2885 ,
1658 2821 1860 2890 μᾶλλον
1883 2820 1943 2875 δὲ
1971 2821 2033 2875 ού

367 2900 543 2963 τοῦτο,
575 2901 687 2955 ἀλλ’
734 2904 921 2974 ἐτερον
960 2904 1089 2969 ἴσως
1133 2906 1294 2977 ἀηδὲς
1332 2907 1426 2960 καὶ
1466 2908 1760 2961 ἀπευκτόν.
1811 2908 2036 2979 Πρῶτον

371 2990 470 3060 μὲν
506 2990 565 3043 τὸ
602 2989 932 3065 βραδύτερον
984 2993 1112 3047 ἰδεῖν
1138 2994 1231 3048 τὸν
1278 2994 1531 3067 οὐρανὸν,
1574 2996 1669 3049 καὶ
1709 2995 1775 3051 τὰ
1817 2997 1876 3048 ἐν
1924 2999 2039 3062 τοῖς

429 3129 455 3158 ⁸
477 3127 614 3197 ῼοιί).
642 3130 731 3178 κάν
749 3130 1049 3197 τοῖςῇγάμοις.
1091 3130 1219 3197 Infra
1240 3139 1355 3197 post
1389 3132 1539 3197 ἀκρον
1568 3132 1788 3185 Colbert.
1821 3134 2040 3197 egSaVi-

375 3191 390 3239 ι
412 3202 467 3237 us
488 3191 536 3238 in
567 3197 706 3260 [ειμι
729 3204 827 3240 non
851 3191 1036 3244 habent
1054 3196 1207 3255 πέλει,
1233 3191 1367 3259 Quod
1392 3191 1581 3259 ιθάιιυι-
1608 3197 1659 3247 ιιι
1693 3201 1835 3248 textu
1860 3196 2035 3248 Morel.

376 3259 423 3302 ει
449 3251 500 3299 in
520 3264 739 3315 margine
763 3254 950 3305 Savilii.

1162 323 1219 381 S.
1257 327 1546 389 JOANNIS
1582 331 2067 391 CHRYSOSTOMI
2109 331 2432 388 ARCHIEP.
2476 330 3022 389 CONSTANTINOP.
3720 338 3797 397 610

2150 450 2419 521 οὐρανοῖς,
2454 451 2591 521 ὅπερ
2621 452 2684 504 οὒ
2717 450 2888 521 μικρά
2913 449 3114 520 ζημίας
3140 451 3251 514 τοῖς
3290 450 3437 521 ὺπέρ
3468 450 3586 503 τῶν
3616 453 3796 521 μελὶὸνσ

2147 555 2257 592 των
2299 539 2721 593 πεπιστευκόσιν
2769 538 2917 592 ἐστίν
2944 555 2958 568 ·
2996 537 3187 591 ἔπειτα
3237 539 3295 592 δὲ
3321 577 3336 599 .
3386 541 3439 592 εἰ
3478 540 3586 592 καὶ
3632 542 3795 609 rm

2149 623 2294 677 ἐϐίου
2332 623 2604 695 καθαρῶς,
2633 624 2748 677 ἀλλ’
2775 625 2924 694 ὅμως
2956 624 3017 676 τὸ
3047 624 3223 694 μῆκος
3251 624 3345 676 τοῦ
3382 624 3508 693 βίου
3545 626 3695 694 καἰὴ

2147 712 2321 783 ἀρχῆς
2341 713 2555 783 ἐκείνης
2575 712 2785 781 ἀνάγκη
2804 713 2907 764 οὐκ
2929 711 2996 764 ἀν
3028 712 3241 782 ἀφῆκεν
3266 710 3424 783 βω]
3454 712 3642 775 οὕτως
3666 712 3795 766 ἁπελ.

2138 796 2260 851 Δθεῖν
2288 797 2527 868 καθαρὸν
2553 797 2742 870 ῶσπερ
2771 797 2890 851 νῦν.
2936 797 3168 867 Ἀδηλον
3203 798 3260 851 δέ
3291 801 3339 851 εἰ
3370 799 3471 851 καὶ
3512 799 3713 862 πολλάς
3735 802 3797 853 δε-

2148 883 2378 954 ξάμενος
2408 885 2711 955 μεταϐολὰς
2743 886 2838 941 καὶ
2864 884 3001 956 πρὸς
3034 885 3309 957 ῥαθυμίαν
3334 884 3649 949 ἀποκλίνας
3671 890 3798 956 ἐσκχὰ-

2143 988 2243 1042 την
2281 972 2589 1026 ἀπέπνευσε
2612 973 2663 1029 δ.
2711 973 2828 1027 Νῦν
2869 973 2965 1043 μὲν
2992 973 3101 1043 γάρ
3143 971 3482 1044 θαρροῦμεν,
3520 973 3612 1026 ὅτι
3651 977 3708 1043 τῇ
3732 976 3800 1027 τοῦ

2144 1058 2281 1111 Θεοῦ
2322 1059 2505 1131 χάριτι
2546 1059 2683 1131 πρὸς
2714 1060 2775 1113 τὸ
2807 1060 2908 1130 τῆς
2933 1059 3295 1123 ἀναπαύσεως
3338 1060 3578 1130 ἀπέπτη
3616 1060 3798 1130 χωρίσι,

2143 1144 2230 1199 διά
2255 1146 2316 1199 τὸ
2347 1146 2511 1217 μηδὲν
2558 1145 2707 1217 αὐτῷ
2739 1147 3102 1218 τετολμῆσθαι
3140 1146 3247 1199 τῶν
3281 1147 3699 1201 ἀποκλειόντων
3733 1149 3801 1215 τῆς

2146 1232 2419 1303 βασιλείας
2447 1234 2555 1287 τῶν
2582 1234 2850 1306 ούρανῶψ
2884 1235 3006 1288 τότε
3035 1234 3091 1288 δὲ
3117 1233 3284 1287 πολὺν
3316 1236 3521 1305 χρόνον
3554 1234 3800 1303 δημοσίοις

2143 1320 2463 1391 πράγμασιν
2509 1321 2857 1393 ἐνδιατρίψας
2896 1332 2943 1387 ε,
2992 1321 3122 1385 ἴσως
3166 1322 3232 1376 ἂν
3275 1323 3371 1375 καί
3429 1321 3622 1393 ῥύπον
3671 1324 3801 1375 cmi-Inv

2144 1408 2562 1480 προσετρίψατο.
2606 1410 2680 1462 Τὸ
2719 1411 2828 1481 γάρ
2863 1411 2921 1462 ἐν
2961 1409 3111 1479 μέσῳ
3143 1410 3521 1480 στρεφόμενον
3555 1410 3799 1462 τοσούτων

2145 1498 2329 1553 κακῶν
2372 1498 2714 1571 κατορθῶσαι
2773 1500 2871 1570 μὲν
2917 1499 3028 1552 τῶν
3086 1498 3286 1571 σφόδρα
3352 1497 3618 1551 σπανίων
3664 1500 3798 1561 ἐστὶν,

2145 1587 2408 1657 ἁμαρτεῖν
2451 1586 2507 1640 δὲ
2538 1588 2632 1641 καὶ
2674 1587 2875 1641 άκοντα
2916 1587 3010 1642 καὶ
3051 1586 3274 1651 ἑκόντα,
3307 1585 3420 1642 τῶν
3466 1587 3706 1640 εἰκότων
3732 1590 3798 1638 καὶ

2150 1675 2554 1745 συμϐαινόντων
2585 1675 2691 1730 ἀεί.
2751 1676 2911 1730 ’Λλλά
2943 1675 3038 1729 νῦν
3072 1674 3262 1729 τούτου
3307 1674 3406 1728 τοῦ
3448 1675 3621 1737 δέους
3657 1675 3798 1742 in}-

2147 1763 2420 1835 λάγμεθα,
2464 1765 2560 1819 καὶ
2602 1766 2808 1836 σφόδρα
2862 1764 3206 1835 πεπείσμεθα
3253 1764 3335 1817 ὅτι
3395 1764 3457 1816 ἐν
3515 1764 3709 1834 ἐκείνη
3752 1767 3797 1831 τῇ

2146 1853 2331 1925 ἡμέρᾳ
2362 1853 2498 1924 μετά
2537 1852 2735 1925 πολλῆς
2767 1851 2886 1924 ἥξει
2928 1853 3028 1924 τῆς
3067 1850 3428 1922 φαιδρότητος
3454 1890 3471 1915 ,
3525 1851 3700 1919 ἐγγὺς
3731 1850 3797 1901 toi

2149 1940 2411 2010 βασιλέως
2438 1942 2797 2012 ἀπολάμπων,
2832 1941 2924 1994 καί
2970 1941 3087 2011 μετ’
3110 1939 3355 2008 ἀγγέλων
3403 1936 3799 2007 προηγούμενος

2146 2027 2239 2081 τοῦ
2271 2029 2528 2100 Χριστοῦ,
2570 2030 2665 2082 καὶ
2697 2028 2795 2100 τὴν
2824 2029 3062 2100 ἀρῤητον
3095 2026 3254 2093 δόξαν
3283 2026 3700 2097 ἠμφιεσμένος,
3729 2028 3796 2077 :1".

2147 2116 2381 2187 κρίνοντι
2424 2116 2709 2188 παρεστὼς
2752 2116 2830 2186 τῷ
2872 2114 3120 2186 βασιλεῖ,
3168 2115 3261 2168 καὶ
3305 2113 3375 2166 τά
3407 2114 3620 2184 πρῶτα
3654 2113 3799 2165 διακο-

2145 2202 2400 2274 νούμενος
2426 2203 2590 2275 αὐτῷ.
2626 2203 2716 2257 Διὸ
2741 2205 2868 2267 τοὺς
2896 2203 3127 2275 θρήνους
3172 2202 3370 2269 ἀφεῖσα
3399 2202 3501 2253 καὶ
3535 2200 3643 2265 τὰς
3666 2204 3797 2269 οἰμω-

2144 2291 2246 2359 γὰς
2277 2290 2400 2362 ἔχου
2425 2292 2524 2362 τῆς
2551 2292 2719 2363 αὐτῆς
2742 2291 3037 2354 πολιτείας.
3070 2289 3266 2362 μᾶλλον
3291 2289 3349 2342 δέ
3372 2289 3472 2342 καὶ
3500 2289 3799 2359 ἀκριϐεστέ-

2147 2394 2265 2449 ρας,
2300 2378 2387 2431 ἵνα
2425 2379 2560 2450 πρὸς
2588 2377 2684 2449 τὴν
2720 2377 2844 2449 ῐσην
2871 2376 3021 2448 αὐτῷ
3051 2376 3307 2446 φθάσασα
3338 2375 3582 2446 ἀρετὴν,
3610 2375 3705 2444 τὴν
3728 2377 3793 2425 αὺ-

2142 2464 2241 2533 τὴν
2269 2466 2462 2537 ἐκείνῳ
2505 2465 2839 2536 κατοικήσης
2877 2464 3105 2536 σκηνὴν,
3141 2465 3234 2518 καὶ
3280 2462 3644 2534 συναφθῖῃιαι
3670 2463 3798 2515 πάλιν

2143 2552 2290 2623 αὐτῷ
2323 2552 2557 2625 δυνηθῇς
2594 2555 2675 2617 είς
2699 2554 2826 2618 τοὺς
2866 2551 3168 2615 ἀθανάτους
3206 2550 3413 2613 αἰῶνας
3444 2551 3729 2612 ἐκείνους,
3754 2551 3798 2601 σέ

2142 2640 2341 2710 ταύτην
2376 2640 2475 2713 τὴν
2516 2641 2609 2695 τοῦ
2654 2641 2834 2712 γάμου
2882 2640 3197 2709 συνάφειαν,
3247 2638 3360 2692 ἀλλ’
3408 2637 3620 2708 ἑτέραν
3650 2636 3797 2703 πολλῷ

2145 2728 2406 2799 βελτίονα.
2442 2728 2591 2800 Λῦτη
2634 2730 2733 2801 μὲν
2760 2729 2867 2800 γάρ
2908 2728 3179 2797 σωμάτων
3223 2726 3340 2780 ἐστὶ
3386 2725 3693 2797 συμπλοκὴ
3726 2727 3797 2794 μόε

2142 2832 2250 2869 νον·
2282 2816 2402 2869 τότε
2447 2816 2503 2870 δὲ
2550 2815 2729 2887 ψυχῆς
2759 2815 2908 2869 ἔσται
2956 2816 3094 2886 πρὸς
3137 2814 3315 2886 ψυχὴν
3353 2814 3566 2879 ἐνωσις
3612 2814 3801 2885 ἀκριϐε-

2144 2903 2330 2975 στέρα,
2352 2903 2448 2958 καὶ
2471 2903 2632 2975 ἡδίων
2658 2902 2837 2974 πολλῷ
2861 2904 2955 2958 καὶ
2988 2902 3232 2974 βελτίων.

2206 3073 2234 3113 δ
2256 3075 2425 3141 Morel.
2450 3076 2655 3141 ἐσχάτην
2676 3077 2968 3141 ἀπέπνευσε,
2994 3074 3145 3141 δενῇι.
3175 3076 3225 3126 in
3266 3080 3412 3126 textu
3436 3080 3493 3127 et
3513 3076 3664 3129 Colb.
3689 3078 3797 3139 ἐσχά-

2142 3154 2237 3202 τως
2258 3138 2537 3202 ἀπένευσιν,
2550 3139 2708 3202 δεινη.
2733 3140 2959 3202 ίοίιηετε.
2986 3138 3211 3202 ἐσχᾷτην.

2208 3199 2737 3263 ιξΜοιίεἰηπράγμασιν
2778 3198 3207 3263 ἐνδοῖδιατρίψας.
3254 3198 3478 3250 Savilins
3503 3206 3570 3251 et
3607 3199 3795 3253 00M

2144 3261 2413 3326 πράγμασιν
2436 3261 2746 3325 ἐνδιατρίψας.

437 3462 3700 3495 _——————-———————————_—_————_—_——

1214 3640 1351 3696 ΤΟΥ
1380 3640 1613 3695 ΑΥΤΟΥ
1651 3641 1828 3696 ΠΡΟΣ
1865 3640 2006 3696 ΤΗΝ
2045 3642 2285 3697 ΔΥἸἨΝ
2321 3642 2480 3697 ΠΕΡΙ
2521 3642 2986 3697 ΜΟΝΔΝΔΡΙΔΣ.

440 3963 510 4013 α’.
539 3957 612 4011 T6
634 3960 731 4029 μὲν
753 3959 851 4024 τάς
866 3958 1128 4031 ἀπείρους
1145 3957 1358 4030 ὁμιλίας
1371 3957 1576 4029 ἀνδρῶν
1599 3959 1692 4013 καί
1715 3958 1919 4011 ὠδίνων
1946 3960 2041 4012 καὶ

371 4046 477 4099 τῶν
528 4046 702 4100 ἀλλων
750 4046 1023 4109 ἁπάντων,
1068 4045 1211 4116 άπερ
1251 4045 1642 4117 ἐπισυρόμενος
1671 4048 1699 4099 6
1732 4046 1911 4116 γάμος
1954 4048 2037 4110 είς

373 4132 468 4197 τὰς
497 4135 605 4187 τῶν
630 4133 930 4203 ἀνθρώπων
952 4133 1256 4205 εἰσέρχεται
1287 4134 1481 4197 οἰκίας,
1516 4133 1715 4206 ἄνδρας
1750 4136 2034 4206 ἐπιζητεῖν

371 4221 683 4290 θαυμαστὸν
719 4222 889 4274 οὐδέν’
923 4223 1017 4275 καὶ
1046 4222 1154 4292 γὰρ
1187 4221 1277 4275 τὸν
1322 4222 1555 4293 πόλεμον
1596 4225 1830 4296 πρᾶγμα
1863 4223 2036 4289 οὕτως

370 4307 626 4360 ἐπίπονον
670 4310 779 4371 τοῖς
814 4307 1060 4379 ἀπείροις
1092 4307 1293 4377 γλυκὺν
1332 4310 1364 4379 ἡ
1395 4308 1662 4380 παροιμία
1697 4304 1837 4363 εἷναί
1864 4326 2031 4381 φησι*

368 4397 430 4447 τὸ
456 4395 512 4447 δὲ
541 4395 637 4458 τ’ἀς
679 4396 846 4467 μυρία
882 4395 1254 4466 ἀνασχομένας
1278 4409 1302 4436 ι
1334 4396 1498 4458 κακά,
1538 4397 1794 4463 πολλάκις
1830 4398 1887 4451 δὲ
1932 4398 2038 4452 ὑπὸ

368 4481 467 4551 τῆς
492 4482 602 4535 τῶν
629 4483 968 4553 πραγμάτων
994 4484 1240 4554 ἀνάγκης
1259 4482 1699 4549 ἀναπεισθείσας,
1733 4487 2035 4557 μακαρίσαι

372 4570 470 4639 μὲν
517 4568 614 4634 τὰς
662 4569 1087 4641 ἀπηλλαγμένας
1123 4570 1230 4623 τῶν
1276 4571 1371 4625 τοῦ
1414 4572 1620 4643 κόσμου
1664 4573 2029 4645 πραγμάτων,

370 4657 677 4728 ἐπαρᾶσθαι
710 4658 765 4711 δὲ
797 4659 1053 4729 μυριάκις
1082 4660 1323 4723 ἑαυταῖς,
1364 4661 1458 4713 καὶ
1501 4664 1623 4725 ταῖς
1654 4679 2036 4734 προμνηστευο

367 4745 568 4817 τρίαις,
604 4748 698 4800 καὶ
743 4749 807 4817 τῇ
844 4747 1028 4819 ἡμέρᾳ
1063 4748 1183 4802 καθ’
1212 4749 1278 4820 ἢν
1319 4749 1375 4803 αἰ
1408 4750 1677 4814 παστάδες
1721 4750 2033 4813 ἐπλέκοντο,

366 4833 571 4897 ταύτας
594 4834 650 4887 δὲ
677 4822 815 4904 μετά
843 4834 1108 4907 τοσαύτην
1133 4836 1570 4908 ἀποδυσπέτησιν
1608 4840 1769 4894 πάλιν
1800 4839 1905 4892 τῶν
1935 4839 2033 4892 αὐ-

367 4920 475 4973 τῶν
506 4921 847 4992 πραγμάτων
884 4921 1193 4993 ἐπιθυμεῖν,
1228 4922 1384 4976 τοῦτό
1421 4926 1535 4977 ἐστι
1588 4925 1648 4978 τὸ
1690 4925 1924 4997 μάλιστά
1968 4943 2035 4997 με

367 5007 665 5079 ἐκπλῆττον
689 5009 781 5061 καὶ
806 5009 991 5062 ποιοῦν
1014 5011 1257 5081 ἀπορεῖν,
1284 5012 1376 5063 καὶ
1402 5011 1500 5083 τὴν
1523 5012 1703 5065 αἰτίαν
1732 5011 2033 5084 ἐπιζητεῖν,

366 5095 433 5149 δι’
463 5096 529 5167 ἢν
552 5098 619 5151 τά
645 5098 976 5169 πράγματα,
1007 5098 1043 5153 ἀ
1075 5099 1342 5172 πρότερον
1364 5100 1613 5171 ἐνόμιζον
1636 5097 1777 5154 εἶναι
1804 5102 2030 5171 φευκτά,

368 5187 456 5239 ὅτε
478 5182 616 5257 ἦσαν
643 5188 700 5241 ἐν
733 5188 937 5251 αὐτοῖς,
960 5186 1129 5241 ταῦτα
1156 5187 1272 5252 νῦν,
1302 5188 1390 5241 ὅτε
1414 5188 1591 5241 αὐτῶν
1614 5188 2032 5259 ἀπηλλάγησαν,

366 5275 445 5338 ὡς
478 5274 700 5329 ποθεινὰ
732 5275 891 5329 πάλιν
928 5274 1165 5330 διώκειν.
1199 5276 1308 5329 Καὶ
1352 5276 1579 5346 μυρίους
1611 5276 1723 5330 άνω
1761 5278 1856 5332 καὶ
1885 5278 2035 5332 κάτω

370 5362 615 5434 στρέφων
643 5365 772 5432 παρ’
806 5362 1027 5433 ἐμαυτῷ
1056 5364 1347 5435 λογισμοὺς
1382 5365 1535 5435 μόλις
1568 5366 1720 5427 ποτὲ,
1758 5366 1830 5427 ῶς
1864 5368 2033 5435 ἐμαυ-

366 5453 459 5509 τὸν
487 5450 678 5513 πείθω,
707 5450 805 5522 τὴν
825 5451 1005 5504 αἰτίαν
1027 5452 1122 5505 τοῦ
1149 5454 1473 5523 πράγματος
1506 5452 1789 5524 ηὖρισκοψ
1828 5455 2029 5525 μᾶλλον

365 5542 424 5597 δὲ
453 5542 513 5594 o6
549 5540 647 5611 μία
677 5541 761 5602 τίς
789 5542 934 5593 ἐστιν
961 5542 1126 5596 αἰτία.
1158 5543 1277 5596 οὐδὲ
1305 5542 1397 5597 δύο
1428 5543 1610 5615 μόνον,
1638 5543 1774 5604 ἀλλά
1800 5546 1891 5597 καὶ
1914 5547 2035 5598 τού-

366 5647 476 5685 των
505 5627 740 5691 πλείους.
775 5629 841 5681 Αἱ
874 5628 970 5699 μὲν
1002 5629 1108 5701 γάρ
1142 5630 1247 5684 ὑπὸ
1284 5631 1376 5685 τοῦ
1396 5630 1610 5686 ’πολλοῦ
1667 5633 1857 5703 χρόνου

428 5775 450 5799 ⁸
465 5774 605 5827 0οη).
623 5776 923 5839 ἀνεχομένας.

2139 3956 2476 4028 παραδοῦσαι
2508 3956 2575 4011 τά
2608 3957 2879 4029 πρότερα,
2911 3957 3006 4011 καὶ
3045 3958 3114 4013 τά
3146 3959 3205 4013 ἐν
3246 3960 3405 4031 χερσί
3441 3961 3797 4033 μνημονεύω-

2140 4062 2229 4100 σαι
2262 4046 2441 4116 μόνον,
2481 4045 2729 4117 ἔρχονται
2764 4046 2863 4115 μὲν
2912 4047 3005 4099 ἐπὶ
3051 4046 3143 4102 τὸν
3180 4048 3358 4119 γάμον
3400 4049 3481 4113 ὡς
3516 4052 3625 4103 ἐπὶ
3664 4051 3798 4103 λύε..

2136 4132 2243 4186 τῶν
2269 4134 2367 4204 τῆς
2396 4133 2621 4205 χηρείας
2646 4134 2851 4198 κακῶν,
2880 4133 3192 4205 εὑρίσκουσι
3226 4135 3283 4187 δέ
3312 4136 3480 4205 ἕτερα
3516 4138 3699 4207 πολλῷ

2136 4220 2418 4293 λεπῶτερα
2447 4222 2504 4275 ἐν
2535 4219 2715 4291 αὐτῷ,
2743 4220 2817 4285 ὡς
2850 4219 3002 4294 [550]
3034 4222 3196 4276 πάλιν
3228 4223 3327 4287 τὰς
3370 4224 3552 4288 αὑτὰς
3600 4227 3798 4293 ἀφιέναι

2139 4316 2321 4386 φωνάς
2353 4317 2530 4387 ἀσπερ
2564 4315 2657 4369 καὶ
2686 4315 2968 4388 πρότερον.
3020 4317 3215 4371 ’Δλλαι
3268 4319 3326 4372 δὲ
3363 4319 3531 4372 πάλιν
3585 4322 3718 4390 πρὸς
3744 4321 3797 4369 τὰ

2137 4411 2231 4467 τοῦ
2270 4412 2472 4484 κόσμου
2522 4413 2799 4483 κεχηνυῖαι
2848 4412 3179 4485 πράγματα,
3229 4414 3325 4468 καὶ
3368 4417 3471 4486 τῆς
3519 4414 3683 4484 δόξης
3720 4414 3797 4467 τοί

2138 4508 2403 4581 παρόντος
2442 4508 2850 4580 ἐκκρεμάμεναι
2900 4507 3041 4579 βίου,
3073 4510 3168 4564 καὶ
3199 4508 3297 4580 τὴν
3336 4512 3574 4582 χηρείαν
3612 4512 3797 4564 Emi-

2136 4606 2313 4659 διστον
2347 4606 2577 4675 πρᾶγμα
2606 4602 2743 4658 εἶναι
2782 4605 3127 4675 νομίζουσαι,
3179 4607 3469 4677 αἱροῦνται
3503 4610 3610 4672 τάς
3636 4611 3691 4662 ἐν
3734 4609 3795 4675 τῷ

2136 4701 2299 4772 γάμῳ
2328 4701 2732 4772 ταλαιπωρίας,
2768 4701 2909 4771 ὑπὲρ
2934 4702 3033 4772 τῆς
3064 4702 3222 4772 δόξης
3244 4704 3343 4774 τῆς
3376 4705 3548 4776 κενῆς
3578 4708 3670 4759 καὶ
3716 4702 3793 4757 τοῦ

2135 4799 2304 4868 τύφου
2329 4797 2423 4851 τοῦ
2446 4796 2721 4869 περιττοῦ.
2744 4797 2865 4851 Εἰσί
2890 4798 2947 4851 δὲ
2975 4798 3033 4852 αῖ
3060 4798 3264 4852 τούτων
3295 4801 3394 4871 μὲν
3419 4801 3628 4863 οὐδενὶ,
3649 4804 3797 4872 ἄκρα·

2138 4896 2230 4966 σία
2257 4895 2313 4948 δέ
2342 4894 2476 4966 μόνῃ
2510 4892 2896 4966 κρατούμεναι,
2954 4895 3048 4947 ἐπὶ
3094 4894 3165 4948 τά
3204 4896 3453 4967 πρότερα
3507 4897 3672 4950 πάλιν
3716 4898 3793 4948 ἰτ-

2136 4993 2473 5063 ανέρχονται,
2506 4992 2601 5045 καὶ
2622 4992 2719 5063 τὴν
2744 4991 2911 5055 ὅντως
2950 4991 3129 5045 αἰτίαν
3159 4992 3460 5064 πειρῶνται
3502 4996 3629 5056 ταῖς
3664 4996 3795 5063 ei?»

2140 5091 2329 5162 μέναις
2361 5089 2734 5161 ἀποκρύπτειν
2782 5090 3137 5161 προφάσεσιν.
3181 5090 3549 5144 Αίτιάσασθαι
3588 5093 3682 5164 μὲν
3717 5089 3793 5144 alr

2142 5190 2309 5253 αύτάς
2355 5189 2449 5243 καὶ
2483 5187 2844 5243 καταδικάσαι
2888 5188 3029 5260 ὑπὲρ
3073 5187 3168 5242 τοῦ
3214 5190 3393 5260 γάμου
3444 5190 3640 5244 τούτου
3686 5191 3793 5244 οὔτε

2138 5289 2299 5352 αὐτὸς
2331 5288 2533 5359 τολμῶ,
2560 5286 2685 5341 οὔτε
2718 5288 2862 5359 ἄλλῳ
2892 5288 3163 5360 παραινῶο
3204 5288 3393 5361 ἐπειδὴ
3429 5291 3573 5362 μηδέ
3600 5292 3676 5361 τῷ
3702 5308 3791 5361 μι-

2140 5386 2314 5457 καρίῳ
2356 5386 2550 5455 Παύλῳ
2590 5384 2749 5438 τοῦτο
2776 5385 2956 5448 δοκεῖ,
2992 5386 3192 5456 μᾶλλον
3221 5386 3279 5440 δὲ
3305 5387 3383 5459 τῷ
3424 5388 3703 5460 Πνεύματι
3730 5386 3795 5455 τῷ

2136 5483 2296 5552 ἀγίῳ.
2332 5482 2515 5536 Εἰπὼν
2545 5481 2674 5554 γὰρ,
2704 5482 2871 5551 Γυνὴ
2899 5482 3127 5537 δέδεται
3160 5484 3322 5553 νόμῳ
3352 5484 3446 5554 ἐφ’
3480 5486 3637 5540 ὅσον
3670 5488 3797 5554 χρό-

2139 5598 2250 5635 νον
2276 5579 2342 5648 ζῇ
2364 5584 2395 5635 ό
2425 5580 2580 5648 ἀνὴρ
2609 5579 2818 5649 αὐτῆςν
2846 5579 2954 5634 ἐὰν
2984 5579 3053 5634 δὲ
3074 5580 3333 5650 κοιμηθῇ
3362 5584 3396 5636 ὁ
3420 5581 3581 5652 ἀνὴρ
3603 5582 3792 5650 σίντῆςι

2142 5677 2425 5747 ἐλευθέρα
2453 5678 2624 5732 ἐστὶν
2650 5670 2699 5743 ᾧ
2727 5677 2884 5731 θέλει
2910 5676 3260 5747 γαμηθῆναι,
3288 5680 3481 5748 μόνον
3500 5681 3573 5733 ἐν
3598 5684 3793 5749 lim-Gr

2144 5776 2237 5830 καὶ
2272 5778 2630 5847 συγχωρήσας
2662 5777 2726 5845 τῇ
2759 5776 2901 5848 χήρα
2935 5778 2981 5829 εἰ
3012 5776 3254 5848 βούλοιτο
3280 5778 3597 5850 γαμηθῆναι
3628 5780 3791 5839 πάλιν.
