3844 6278
87 380 175 432 6-09
372 386 396 425 ι

87 473 210 545 quod
238 487 379 544 sepe
405 473 629 542 sperasti
658 471 771 526 fore
811 481 869 526 ut
910 470 956 525 is
981 470 1048 527 ad
1074 471 1446 543 prtefectorum
1472 474 1647 544 digni-

89 578 231 619 tatem
259 562 592 629 eveheretur,
624 562 850 634 ideoque
874 561 1237 633 magistratuum
1273 564 1347 618 illi
1376 563 1641 634 quodam-

88 655 229 712 1ηοάο
254 664 493 729 ereptum
513 652 682 717 do'es,
704 656 934 724 primum
960 654 1088 709 illud
1113 656 1327 726 quidem
1357 658 1437 712 lac
1466 664 1642 711 tecum

88 746 300 816 cogites,
327 745 452 800 licet
487 744 643 800 valde
680 744 955 814 explorata
1003 756 1151 801 esset
1189 746 1305 802 haec
1331 760 1489 816 spes,
1515 755 1653 801 atta-

87 852 193 891 men
240 838 522 890 humanam
572 833 736 890 fuisse
777 849 926 904 spem
951 875 967 900 ,
996 850 1117 905 qua:
1161 851 1306 907 saepe
1358 836 1544 892 fallere
1583 838 1654 892 sit

86 928 228 983 solita
258 944 273 981 :
305 941 369 981 ac
394 925 559 980 multa
591 924 893 996 hujusmodi
922 926 975 980 in
1002 924 1104 981 hac
1129 926 1234 980 vita
1264 926 1500 996 quotidie
1528 940 1653 982 eve-

86 1020 189 1072 nire
227 1018 525 1071 cernimus:
577 1026 667 1081 ut,
709 1030 830 1071 cum
873 1032 972 1080 ea,
1003 1032 1122 1088 qua:
1152 1017 1307 1072 valde
1350 1031 1650 1088 sperantur,

89 1110 292 1165 minime
319 1110 515 1164 exitum
543 1109 842 1176 inveniant,
874 1124 937 1165 ea
960 1150 975 1174 ,
1003 1125 1121 1179 quae
1149 1125 1321 1181 neque
1342 1112 1394 1165 in
1421 1121 1654 1168 mentem

87 1211 369 1264 venerunt,
400 1202 467 1256 ad
522 1201 679 1257 tinem
731 1218 1099 1273 stepenutnero
1128 1204 1517 1273 perducantur:
1543 1206 1656 1262 sive

86 1296 146 1350 ad
168 1296 383 1363 imperia
408 1336 423 1358 ,
458 1296 570 1349 sive
595 1294 660 1349 ad
691 1310 851 1365 regna
868 1338 883 1362 ,
917 1298 1030 1353 sive
1053 1297 1120 1351 ad
1143 1297 1517 1366 hzereditates,
1541 1300 1655 1356 sive

85 1387 145 1440 ad
171 1386 525 1450 matrimonia,
550 1386 661 1441 sive
705 1386 811 1440 alio
838 1388 1071 1442 animum
1122 1388 1480 1445 intendamus.
1511 1390 1657 1459 Quo-

88 1479 214 1531 circa
265 1476 509 1547 quamvis
536 1493 700 1547 prope
723 1478 939 1534 adesset
964 1488 1174 1550 tempus
1201 1522 1217 1547 ,
1250 1490 1445 1548 tamen,
1505 1492 1562 1538 ut
1605 1485 1656 1538 in

85 1571 364 1641 proverbio
402 1583 505 1637 est,
555 1568 723 1625 Multa
760 1581 877 1626 sunt
919 1572 1049 1626 inter
1080 1574 1288 1627 calicem
1326 1584 1372 1628 et
1406 1591 1661 1630 summum

87 1664 267 1718 lubium
296 1661 393 1734 (α).
427 1664 503 1716 Ac
544 1676 673 1716 sane
722 1662 991 1732 Scriptura
1036 1664 1149 1734 ipsa
1194 1664 1398 1735 inquit:
1426 1665 1472 1719 A
1516 1683 1663 1721 mane

82 1771 235 1824 usque
264 1755 331 1807 ad
357 1770 610 1824 vesperam
650 1754 942 1810 immutatur
966 1764 1161 1826 tempus
1190 1755 1377 1828 (Eccli.
1406 1755 1493 1813 18.
1523 1755 1616 1827 26)
1644 1775 1659 1812 :

84 1848 158 1901 sic
206 1855 263 1900 et
305 1862 430 1910 rex,
459 1846 549 1916 qui
582 1846 739 1901 hodie
791 1855 890 1912 est,
920 1863 1039 1903 cras
1079 1848 1324 1903 moritur.
1351 1852 1430 1904 Ac
1474 1864 1659 1905 rursus

82 1954 238 2007 quam
276 1937 463 1992 incerti
492 1953 671 1992 rerum
702 1938 876 1993 exitus
900 1938 1026 2004 sint,
1057 1938 1211 1995 nobis
1250 1939 1529 1997 declarans
1578 1940 1665 1995 hic

84 2032 197 2099 ipse
215 2029 441 2099 Sapiens
466 2029 669 2100 inquit,
701 2029 853 2084 Multi
873 2032 1076 2102 tyranni
1102 2030 1335 2086 sederunt
1359 2032 1411 2086 in
1438 2033 1593 2095 solio,
1618 2042 1666 2086 et

82 2122 458 2193 insuspicabilis
509 2123 723 2191 portavit
777 2121 1250 2195 diadema-(Eccli.
1284 2124 1371 2179 11.
1397 2122 1499 2196 5
1548 2124 1663 2179 Non

87 2215 248 2283 igitur
277 2212 762 2282 exploratissimum
807 2223 942 2277 erat,
966 2214 1008 2268 si
1033 2214 1271 2281 vixisset,
1299 2214 1366 2269 ad
1415 2230 1534 2269 eum
1589 2215 1669 2270 di-

82 2304 308 2376 guitatis
350 2306 569 2375 gradum
610 2315 1007 2375 perventurum.
1039 2306 1170 2362 Nam
1218 2308 1451 2364 incertus
1503 2306 1667 2363 futuri

84 2406 336 2460 eventus,
363 2405 524 2466 atque
551 2398 655 2451 alia
684 2398 844 2453 etiam
870 2408 1045 2466 erant,
1074 2414 1193 2469 qua:
1216 2399 1369 2454 nobis
1398 2400 1665 2470 suspicio-

86 2503 211 2542 uetn
279 2487 581 2556 injicerent.
641 2488 791 2545 Unde
838 2490 983 2545 enim
1034 2491 1373 2547 manifestum
1417 2502 1570 2560 erat,
1621 2492 1668 2547 si

82 2580 349 2642 vixisset,
396 2579 464 2635 ad
518 2582 882 2652 magistratum
933 2582 1082 2638 illum
1127 2568 1377 2640 evectum‘
1399 2586 1496 2652 iri,
1552 2586 1669 2641 nul-

81 2670 247 2740 laque
274 2670 500 2727 adversa
527 2683 778 2727 eventura
815 2688 935 2729 esse
958 2690 974 2728 :
995 2673 1144 2729 verbi
1169 2676 1337 2745 gratia
1356 2715 1373 2743 ,
1406 2684 1464 2730 ut
1485 2678 1673 2733 morbo

80 2771 370 2832 correptus
393 2803 409 2829 ,
436 2771 525 2816 aut
572 2761 765 2817 invidia
806 2778 869 2819 ac
916 2763 1284 2820 malevolentia
1328 2780 1512 2821 eorum
1537 2807 1553 2831 ,
1582 2767 1672 2837 qui

79 2854 503 2926 prosperitatem
532 2853 673 2908 illius
720 2869 829 2909 non
856 2853 1096 2921 ferrent,
1128 2856 1525 2913 circumventus
1551 2898 1567 2922 ,
1591 2856 1674 2912 vel

74 2950 264 3019 aliqua
293 2948 398 3003 alia
436 2948 740 3004 calamitate
765 2947 1005 3017 allectus,
1037 2951 1287 3021 praesenti
1311 2953 1470 3008 etiam
1497 2953 1674 3024 digni-

79 3048 189 3094 tale
214 3039 565 3120 privaretur?
594 3040 700 3095 Sed
750 3055 1010 3110 ponamus
1028 3042 1361 3113 exploratum
1413 3043 1597 3112 fuisse,
1629 3045 1676 3101 si

72 3132 293 3185 diutius
320 3130 580 3199 vixisset,
603 3130 670 3186 ad
698 3132 828 3187 illud
876 3131 1144 3204 fastigium
1175 3144 1580 3204 perventurum:
1610 3145 1668 3192 at

76 3233 237 3279 certe
258 3266 275 3290 ,
308 3232 509 3294 quanto
559 3225 731 3295 major
750 3224 999 3296 dignitas,
1030 3235 1176 3282 tanto
1199 3228 1491 3299 majorib'us
1538 3231 1680 3299 peri-

70 3319 248 3385 culis,
313 3323 478 3389 curis,
526 3323 730 3380 insidiis
781 3325 1087 3382 necessario
1132 3326 1367 3382 suberat.
1412 3326 1676 3384 Caeterum

144 3524 228 3584 (α)
267 3523 521 3587 Adagium.

1190 377 1278 435 DE
1306 376 1440 434 NON
1480 376 1823 438 ITERANDO
1859 378 2206 438 CONJUGIO.

3237 384 3342 443 610

1754 474 1930 529 absint
1957 484 2009 529 et
2057 476 2175 538 isut,
2204 490 2265 528 ac
2285 474 2402 531 sine
2431 474 2671 545 periculo
2713 490 3025 547 summaque
3049 491 3173 534 cum
3198 488 3341 533 tran-

1754 565 2015 635 quillitate
2065 565 2190 618 illud
2244 566 2502 637 navigarit
2553 568 2801 637 pelagus:
2832 569 3016 638 ecquis
3061 568 3201 632 linis,
3254 568 3343 623 dic

1757 658 1907 723 mihi,
1939 659 2228 713 manebat?
2251 674 2319 712 an
2364 673 2469 714 non
2524 659 2664 715 idem
2689 660 2780 730 qui
2811 675 2951 715 nunc
2970 660 2996 713 ἲ
3019 669 3112 714 aut
3165 660 3343 728 potius

1758 766 1865 804 non
1913 749 2076 816 idem,
2109 748 2204 805 sed
2257 751 2395 805 alius
2424 751 2670 815 fortasse,
2725 753 2891 808 tristis
2946 752 3224 817 nimirum,
3280 766 3344 805 ac

1760 842 1899 896 votis
1952 842 2199 897 omnibus
2244 841 2569 913 fugiendus?
2595 843 2831 898 Primum
2882 844 3093 913 quidem
3140 842 3347 897 tardius

1758 932 1980 987 vidisset
2007 933 2196 987 caelum
2217 941 2272 988 et
2294 948 2357 988 ea
2386 949 2504 1003 quae
2538 935 2591 988 in
2629 934 2773 988 ctelis
2799 943 2943 1000 sunt,
2975 934 3113 1004 quod
3149 934 3213 988 iis
3254 934 3344 1003 qui

1758 1039 1847 1078 res
1877 1022 2084 1079 futuras
2114 1023 2217 1078 ﬁde
2253 1033 2307 1079 et
2341 1038 2436 1094 spe
2474 1034 2864 1095 praeceperunt,
2912 1041 3017 1079 non
3066 1026 3343 1079 minimum

1759 1113 2012 1169 damnum
2037 1123 2138 1169 est.
2169 1114 2391 1183 Deinde,
2423 1115 2760 1186 quantumvis
2812 1131 2943 1185 pure
2994 1117 3235 1177 vixisset,
3264 1124 3345 1170 at-

1761 1216 1937 1263 tamen
1967 1208 2089 1263 vitae
2125 1207 2397 1278 longitudo
2421 1223 2484 1262 ac
2513 1208 2803 1263 necessitas
2831 1207 3071 1277 qumdam
3104 1207 3154 1261 in
3198 1207 3342 1260 illum

1760 1298 2124 1368 magistratum
2155 1299 2434 1354 incurrens
2461 1314 2564 1353 non
2591 1315 2742 1369 teque
2763 1300 3032 1368 integrum
3063 1310 3115 1352 et
3146 1314 3339 1367 purum

1761 1389 1907 1444 abzre
1933 1388 2055 1444 hinc
2084 1390 2469 1458 permisissent,
2497 1399 2654 1461 atque
2675 1392 2774 1445 hoc
2798 1402 3053 1461 tempore.
3083 1390 3347 1444 Incertum

1762 1496 1974 1552 quoque
1992 1491 2047 1537 et
2071 1480 2201 1536 illud
2221 1523 2235 1547 ,
2258 1497 2325 1536 an
2353 1481 2490 1537 forte
2511 1483 2691 1537 multis
2716 1483 2889 1537 modis
2920 1482 3257 1547 immutatus,
3284 1494 3348 1533 ac

1765 1575 2101 1645 negligentiae
2147 1574 2360 1631 deditus
2402 1584 2699 1631 extremum
2765 1573 3034 1630 emisisset
3101 1573 3345 1628 halitum.

1764 1666 1896 1722 Nam
1919 1680 2060 1721 nunc
2085 1666 2298 1737 quidem
2329 1666 2648 1721 conﬁdimus
2680 1665 2770 1720 Dei
2798 1666 2969 1736 gratia
3018 1664 3165 1718 illum
3221 1677 3350 1717 evo-

1767 1759 1905 1814 lasse
1933 1758 2000 1813 ad
2033 1759 2205 1814 locum
2244 1758 2438 1828 quietis
2460 1799 2474 1824 ,
2508 1756 2650 1827 quod
2679 1756 2876 1811 nullam
2899 1771 2965 1810 ex
2988 1756 3052 1810 iis
3076 1754 3249 1824 culpis
3295 1754 3347 1807 in

1767 1865 1827 1905 se
1852 1850 2160 1917 admiserit,
2189 1864 2307 1920 qua:
2336 1864 2367 1903 a
2396 1862 2562 1918 regno
2597 1848 2849 1903 caelorum
2878 1846 3195 1901 excludunt:
3227 1855 3352 1898 tunc

1769 1958 1897 1997 vero
1950 1942 2159 2013 publica
2199 1942 2410 2011 negotia
2457 1940 2772 2011 plerumque
2821 1947 3054 1993 tractans
3126 1937 3352 1992 fortasse

1771 2036 1962 2090 multas
2016 2035 2083 2090 ad
2126 2051 2186 2090 se
2239 2037 2545 2089 attraxisset
2592 2032 2796 2087 sordes.
2826 2031 2957 2085 Nam
3002 2038 3080 2084 tot
3117 2028 3353 2097 undique

1773 2128 1926 2183 malis
1950 2125 2419 2182 circumstantibus
2438 2134 2639 2180 rectum
2680 2132 2862 2177 tenere
2907 2135 3121 2176 cursum
3173 2133 3351 2173 rarum

1772 2219 2059 2275 admodum
2090 2227 2205 2281 est;
2236 2231 2459 2288 peccare
2502 2226 2678 2270 autem
2709 2222 2763 2269 et
2811 2228 2906 2281 per
2946 2209 3352 2281 imprudentiam

1771 2319 1824 2366 et
1849 2317 2036 2379 Sponte
2057 2351 2070 2373 ,
2099 2307 2255 2362 valde
2284 2307 2531 2362 usitatum
2557 2320 2620 2360 ac
2643 2303 3027 2375 quotidianum.
3053 2301 3202 2356 Nunc
3225 2314 3356 2353 vero

1771 2416 1801 2456 a
1834 2401 2025 2457 timore
2061 2400 2162 2454 isto
2186 2400 2341 2469 longe
2364 2397 2650 2461 absumus,
2680 2409 2743 2449 ac
2765 2408 3084 2463 magnopere
3130 2390 3351 2446 conlidi-

1776 2507 1897 2549 mus
1916 2534 1931 2557 ,
1963 2500 2247 2546 venturum
2277 2489 2330 2543 in
2356 2488 2442 2542 die
2458 2486 2547 2541 illa
2575 2485 2789 2555 plenum
2811 2483 2987 2554 gaudii
3015 2492 3070 2537 et
3107 2480 3359 2550 splendo-

1776 2589 1849 2640 ris
1872 2583 2177 2656 proximum
2234 2580 2384 2649 Regi,
2415 2587 2576 2648 atque
2601 2592 2701 2631 una
2733 2591 2851 2630 cum
2882 2574 3086 2646 angelis
3113 2588 3357 2643 praeeun-

1780 2690 1889 2735 tem
1918 2675 2133 2732 Christo
2152 2714 2167 2739 ,
2195 2672 2363 2743 gloria
2389 2669 2642 2723 amictum
2684 2666 2968 2732 ineffabili,
3000 2673 3056 2720 et
3100 2664 3359 2734 judicanti

1776 2772 1907 2842 Regi
1938 2769 2299 2831 assistentem,
2348 2771 2403 2819 et
2448 2763 2502 2817 in
2548 2758 3004 2832 praestantissimis
3049 2757 3359 2812 muneribus

1779 2864 2191 2919 ministrantem.
2217 2853 2573 2923 Quamobrem
2602 2850 2895 2920 missojam
2925 2848 3050 2903 tletu
3078 2857 3131 2902 et
3158 2846 3362 2916 ejulatu

1779 2954 2023 3012 eamdem
2049 2949 2261 3006 vivendi
2309 2946 2593 3011 rationem,
2642 2943 2750 2998 imo
2778 2941 3162 2997 accuratiorem
3214 2948 3358 3002 tene,

1783 3058 1840 3106 ut
1863 3045 2105 3104 eamdem
2136 3052 2295 3112 atque
2315 3040 2405 3096 ille
2433 3037 2624 3108 adepta
2644 3035 2916 3101 virtutem,
2951 3035 3003 3087 in
3027 3032 3167 3088 idem
3196 3034 3361 3089 etiam

1783 3156 1906 3198 cum
1938 3138 2031 3194 illo
2058 3132 2459 3192 tabernaculum
2488 3129 2785 3198 recipiaris,
2813 3141 2877 3181 ac
2900 3140 3083 3180 rursus
3109 3123 3363 3193 conjungi

1781 3246 1907 3292 cum
1955 3229 2051 3285 illo
2078 3239 2245 3298 queas
2274 3225 2326 3279 in
2369 3223 2693 3292 sempiterna
2723 3218 2809 3272 illa
2859 3216 3076 3283 saecula,
3104 3228 3209 3268 non
3263 3212 3366 3268 hoc

1781 3324 2107 3382 matrimonii
2139 3338 2296 3388 nexu,
2350 3319 2445 3376 sed
2484 3319 2589 3373 alio
2633 3315 2860 3387 quodam
2909 3312 3064 3383 longe
3112 3308 3355 3365 meliore.

1782 3421 1879 3477 llic
1926 3420 2067 3476 enim
2104 3431 2325 3487 corpora
2363 3423 2567 3469 tantum
2611 3409 2844 3479 copulat,
2878 3406 2967 3462 ille
2996 3420 3122 3461 vero
3146 3402 3362 3474 justior,

1783 3514 1951 3570 multo
1974 3510 2259 3583 jucundior
2283 3507 2572 3575 meliorque
2592 3504 2823 3557 animam
2851 3500 3042 3556 anima:
3066 3497 3259 3568 jungit.

902 3651 3340 3687 ___________________________________

660 3752 1013 3814 EIUSDEM
1054 3754 1163 3815 AD
1206 3754 1552 3816 EAMDEM
1594 3753 1699 3814 DE
1740 3750 1904 3814 NON
1948 3741 2360 3811 ITEBANDO
2401 3735 2813 3803 CONJUGIO.

1614 3908 1878 3961 «800ϋῦ

157 4031 212 4083 1.
261 4028 548 4094 Mulieres,
578 4045 697 4099 qua:
720 4030 954 4085 virorum
983 4031 1423 4087 consuetudinem
1444 4072 1461 4099 ,
1506 4038 1686 4102 partus

69 4119 342 4187 dolores,
374 4129 428 4175 et
451 4130 645 4176 caetera
673 4122 848 4176 omnia
880 4137 997 4192 qua:
1023 4137 1201 4178 secum
1250 4122 1467 4178 trahens
1506 4122 1689 4177 matri-

73 4213 346 4267 monium
395 4213 449 4266 in
486 4212 758 4266 hominum
806 4212 993 4268 domos
1037 4213 1350 4284 ingreditur,
1400 4227 1687 4283 numquam

70 4322 177 4360 usu
230 4315 636 4377 cognoverunt,
664 4305 728 4359 ad
771 4305 913 4361 viros
949 4306 1185 4361 animum
1229 4305 1517 4377 appellere,
1558 4302 1690 4361 nihil

67 4416 217 4455 sane
262 4399 581 4454 mirandum
608 4408 691 4455 est
720 4417 733 4455 :
766 4415 887 4454 nam
912 4408 965 4454 et
989 4398 1206 4462 bellum,
1235 4413 1348 4453 rem
1377 4398 1511 4452 adeo
1540 4398 1692 4451 labo-

68 4494 327 4557 riosam,
375 4491 662 4558 inexpertis
700 4490 856 4545 dulce
903 4505 1023 4545 esse
1070 4491 1122 4545 in
1173 4490 1451 4560 proverbio
1495 4499 1597 4543 est.
1627 4488 1695 4541 At

70 4581 385 4636 sexcentis
427 4580 582 4633 malis
626 4579 859 4645 allectus,
888 4581 1184 4650 quibusque
1216 4579 1343 4634 dura
1373 4579 1485 4648 ipsa
1516 4592 1695 4631 rerum

66 4674 346 4727 conditio
378 4673 657 4741 persuasit.
683 4687 774 4726 eas
820 4671 1032 4741 quidem
1053 4713 1069 4738 ,
1102 4688 1220 4741 qua:
1266 4671 1451 4725 soluta:
1480 4685 1510 4723 a
1540 4668 1698 4723 rebus

68 4767 256 4836 hujus
317 4762 509 4817 mundi
552 4764 711 4816 vitam
742 4772 980 4833 agerent,
1011 4762 1191 4818 beatas
1220 4761 1527 4831 praedicare,
1560 4759 1700 4829 seip-

67 4874 169 4911 sas
197 4865 433 4919 autem,
462 4864 517 4908 et
548 4853 830 4923 pronubas,
855 4864 909 4910 et
932 4854 1074 4910 diem
1100 4869 1204 4924 quo
1230 4854 1283 4907 in
1305 4852 1700 4907 matrimonium

69 4958 208 5002 sunt
232 4946 553 5009 collocatae,
580 4945 769 4999 millies
792 4944 1076 5012 exsecrari,
1099 4959 1189 5000 eas
1205 4944 1343 5014 ipsas
1359 4954 1477 5013 post
1498 4952 1702 4997 tantum

70 5040 296 5098 fastidii
354 5052 543 5091 rursus
583 5036 894 5092 earumdem
939 5051 1113 5090 rerum
1142 5033 1407 5089 desiderio
1431 5036 1569 5103 capi,
1604 5034 1705 5088 hoc

72 5144 189 5200 est,
219 5128 395 5203 quod
435 5143 524 5183 me
573 5127 955 5199 propemodum
996 5124 1348 5197 obstupefacit
1375 5141 1438 5181 ac
1461 5124 1706 5179 dubitare

72 5228 257 5297 cogit,
297 5231 365 5277 et
398 5236 640 5292 quaerere
667 5218 855 5290 ecquid
880 5232 1054 5275 causa:
1078 5218 1149 5273 sit
1186 5217 1531 5289 quamobrem
1573 5230 1707 5286 quas

72 5334 171 5373 res
201 5326 414 5375 antea,
439 5326 558 5365 cunt
589 5311 640 5364 in
675 5310 738 5364 iis
764 5317 1121 5374 versarentur,
1147 5306 1420 5377 fugiendas
1440 5307 1710 5362 existima-

68 5419 241 5473 ltnltf,
262 5408 381 5459 has
413 5417 707 5468 nunc,cum
736 5402 803 5456 ab
828 5402 891 5456 iis
917 5401 1096 5455 libera:
1116 5409 1259 5466 sunt,
1275 5408 1539 5469 tamquam
1558 5414 1711 5468 expe-

72 5501 291 5557 tendas
318 5504 739 5567 persequantur.
757 5494 833 5548 Ac
852 5494 1014 5548 multa
1031 5493 1243 5564 quidem
1262 5492 1440 5548 animo
1470 5507 1706 5558 versans,

73 5613 170 5649 nx
206 5588 479 5649 tandem,
514 5597 567 5639 ut
598 5595 746 5655 puto,
775 5584 838 5639 ad
867 5586 1033 5654 ipsam
1063 5587 1141 5639 rei
1170 5599 1383 5637 causam
1416 5582 1711 5654 indagantlo

76 5683 358 5758 perveni.
393 5682 565 5750 Atque
594 5696 653 5733 ea
682 5679 891 5749 quidem
915 5694 1021 5733 non
1046 5692 1147 5732 una
1168 5686 1271 5741 est,
1294 5685 1386 5730 aut
1416 5675 1711 5741 altera,sed

72 5783 258 5852 plane
290 5772 717 5832 multel‘artim
731 5771 872 5827 enim
894 5772 963 5826 ob
991 5769 1244 5841 temporis
1270 5769 1710 5842 longinquitatem

1795 4026 2032 4097 priorum
2074 4020 2272 4084 oblitae,
2308 4028 2364 4075 et
2389 4033 2450 4073 ea
2481 4023 2684 4071 tantum
2722 4027 2840 4083 qum
2887 4008 3207 4065 inmanibus
3250 4020 3374 4061 sunt

1796 4116 2118 4183 recolentes,
2162 4112 2385 4169 veniunt
2416 4109 2632 4182 quidem
2671 4106 2736 4161 ad
2776 4103 3193 4169 matrimonium,
3222 4100 3375 4172 ιιωωὶ

1796 4210 1863 4264 ad
1892 4208 1941 4263 id
1967 4208 2105 4279 quod
2131 4205 2307 4263 omnia
2346 4202 2613 4258 viduitatis
2634 4197 2970 4256 incommoda
2998 4196 3255 4265 depellat;
3283 4193 3376 4249 sed

1798 4304 1901 4359 alia
1942 4300 2184 4371 quaedam
2228 4297 2300 4353 ibi
2350 4296 2507 4365 longe
2550 4293 2793 4364 graviora
2839 4287 3170 4344 invenientes
3198 4299 3380 4340 rursus

1799 4395 2015 4453 easdem
2062 4407 2194 4464 quas
2238 4399 2391 4445 antea
2418 4431 2433 4454 ,
2484 4401 2643 4441 voces
2692 4383 2942 4439 emittunt
2969 4397 2984 4435 ;
3014 4383 3203 4449 partim
3249 4393 3380 4431 vero

1802 4485 2086 4542 mundanis
2110 4482 2270 4538 rebus
2296 4494 2480 4535 rursus
2505 4478 2771 4533 inhiantes
2790 4474 3120 4544 gloriamque
3147 4484 3380 4538 praesen—

1809 4581 1876 4633 tis
1910 4580 2031 4632 vita:
2056 4576 2379 4631 admirantes
2402 4583 2456 4627 et
2487 4572 2798 4626 viduitatem
2820 4582 2934 4621 rem
2957 4563 3235 4620 dedecoris
3264 4562 3378 4632 ple-

1805 4688 1928 4728 nam
1959 4680 2225 4742 putantes,
2255 4666 2412 4737 hujus
2442 4665 2613 4720 inanis
2650 4662 2832 4734 gloria:
2858 4668 2912 4715 et
2943 4658 3165 4713 tumoris
3217 4670 3378 4711 causa

1805 4764 2020 4822 easdem
2069 4767 2325 4832 appetunt
2368 4755 2688 4811 matrimonii
2758 4753 3020 4807 miserias.
3090 4748 3199 4803 Nec
3254 4760 3381 4801 vero

1807 4855 2001 4911 desunt
2041 4866 2159 4923 qua:
2222 4865 2329 4904 non
2367 4844 2672 4917 hujusmodi
2716 4842 2892 4903 causis
2936 4839 3220 4902 adtlucttn,
3276 4836 3371 4890 sed

1808 4945 1909 5001 soli
1966 4939 2389 5013 intemperantia:
2448 4936 2737 5001 cedentes,
2790 4946 2976 4988 rursus
3028 4929 3095 4984 ad
3153 4928 3381 4998 priorem

1809 5041 1933 5094 vita:
1973 5037 2232 5093 rationem
2275 5030 2530 5096 redeunt,
2558 5043 2621 5083 ac
2646 5040 2824 5081 veram
2861 5037 3076 5077 causam
3119 5019 3387 5074 occultare

1812 5132 1898 5199 iis,
1926 5145 2058 5202 quas
2084 5127 2353 5189 diximus,
2386 5117 2740 5193 praetexendis
2768 5124 3047 5171 conantur.
3080 5110 3236 5181 Atqui
3260 5110 3387 5163 istas

1813 5236 2064 5279 accusare
2100 5228 2261 5289 atque
2305 5211 2601 5283 ltujusntodi
2644 5204 2964 5262 matrimonii
3008 5203 3221 5258 nomine
3254 5215 3381 5255 cou-

1813 5314 2068 5369 demnare
2108 5322 2281 5378 neque
2320 5306 2432 5375 ipse
2472 5301 2663 5364 ausim,
2709 5312 2881 5364 neque
2919 5294 3073 5351 alteri
3101 5302 3157 5349 ut
3198 5292 3385 5348 audeat

1815 5413 1999 5459 auctor
2045 5400 2182 5465 sim,
2223 5391 2647 5466 quandoquidem
2688 5388 2842 5443 aliter
2878 5387 3048 5441 visutn
3100 5394 3182 5442 est
3232 5385 3387 5441 beato

1817 5495 2001 5556 Paulo.
2024 5492 2107 5547 vel
2129 5490 2300 5560 potius
2322 5483 2539 5557 Spiritui
2568 5481 2665 5553 ipsi
2692 5490 2898 5535 saneto.
2928 5478 3057 5533 Nam
3085 5494 3205 5533 cum
3237 5476 3399 5530 dixis-

1818 5596 1918 5649 set,
1953 5584 2136 5637 Mulier
2157 5580 2365 5649 alligata
2392 5586 2461 5629 est
2488 5575 2584 5644 legi
2600 5618 2613 5640 ,
2636 5582 2822 5645 quanto
2848 5581 3069 5642 tempore
3087 5572 3161 5624 uir
3185 5572 3291 5643 ejus
3316 5571 3359 5622 ri
3377 5603 3392 5613 .

1818 5681 1881 5733 vit
1914 5694 1932 5731 :
1957 5675 2089 5745 quod
2109 5674 2149 5726 si
2178 5670 2431 5724 dormiet-it
2460 5668 2532 5720 uir
2556 5668 2684 5738 ejus,
2708 5664 2862 5719 libera
2886 5673 2958 5717 cst
2977 5664 3055 5717 cui
3078 5663 3191 5716 velit
3217 5664 3388 5725 nubnt,

1819 5777 2011 5823 tantum
2040 5766 2091 5821 in
2119 5763 2333 5819 Domino
2362 5759 2435 5831 (l.
2466 5756 2581 5813 Cor.
2606 5756 2657 5810 7.
2688 5755 2807 5825 '59);
2836 5765 2993 5827 atque
3021 5754 3092 5808 ita
3122 5754 3286 5806 vidua-
3302 5768 3391 5823 νυ,
