3844 6278
454 365 546 422 6H

457 488 700 535 testatem
727 477 1136 534 fecissetrursus
1155 479 1200 534 si
1218 480 1612 550 velitjnubendi.
1628 482 2028 550 addidissetque

457 571 659 626 metior
680 581 844 624 autem
860 581 954 636 est,
977 571 1021 624 si
1044 572 1117 624 sic
1135 573 1465 640 permanserit
1498 573 1700 639 (LCor.
1753 574 1808 629 7.
1831 573 1942 644 40):
1968 588 2035 628 ne

455 666 572 732 quis
597 675 802 734 putaret
823 664 1108 719 humanum
1132 678 1252 720 esse
1265 675 1607 734 praceptum,
1627 666 1740 720 haec
1757 667 2031 734 adjunxit:

457 755 590 809 Puto
618 765 806 819 autent,
826 755 961 824 quod
985 765 1033 808 et
1055 771 1145 825 ego
1175 755 1425 823 Spiritum
1449 755 1546 810 Dei
1585 757 1793 810 habeam
1822 755 2032 827 (ωτι),

457 850 612 917 plane
653 849 941 905 ostendens
983 849 1181 921 Spiritu
1216 852 1450 907 dictante
1491 851 1562 905 ita
1608 850 1711 906 sibi
1746 864 1868 905 esse
1909 863 2038 903 con-

454 941 671 1008 scripta.

525 1033 780 1086 Secunda
819 1033 1010 1102 nuptiae
1051 1049 1152 1086 non
1188 1032 1476 1101 culpandw.
1505 1061 1574 1074 —
1599 1032 1678 1086 Ne
1698 1033 1820 1102 quis
1855 1031 2036 1102 igitur,

456 1138 572 1192 quae
609 1123 768 1176 modo
800 1122 1040 1178 dicturus
1086 1137 1226 1188 sum,
1263 1112 1329 1176 in.
1359 1139 1478 1179 eam
1519 1131 1722 1193 partem
1773 1121 2034 1190 accipiat,

456 1214 606 1281 quasi
649 1229 761 1281 eas,
807 1231 926 1284 quae
985 1215 1327 1270 matrimonio
1365 1229 1424 1269 se
1459 1214 1708 1284 jungunt,
1751 1213 2038 1283 reprehen-

459 1305 580 1358 dam
608 1321 669 1359 ac
709 1307 978 1360 crimiuer.
1021 1306 1253 1361 Summa:
1287 1307 1428 1361 enim
1468 1307 1784 1376 arrogantia:
1807 1320 1870 1360 ac
1894 1304 2041 1360 furo-

461 1398 532 1450 ris
572 1396 746 1462 fuerit,
785 1413 916 1466 quas
955 1413 1060 1452 non
1103 1399 1378 1468 castigavit
1420 1399 1607 1454 beatus
1635 1399 1746 1466 ille,
1785 1398 1881 1453 sed
1925 1398 2042 1466 qui-

460 1488 560 1542 bus
587 1489 841 1558 pepercit,
871 1489 967 1544 has
995 1500 1181 1546 contra
1208 1506 1239 1546 a
1258 1491 1410 1546 nobis
1450 1491 1641 1546 acerbe
1671 1489 2041 1557 condemnari,

461 1579 621 1651 idque
646 1596 766 1635 cum
797 1583 1067 1637 sexcentis
1094 1597 1190 1638 nos
1219 1581 1529 1636 criminibus
1570 1596 1894 1650 premamur.
1947 1581 2044 1634 Et-

461 1674 602 1727 enim
621 1673 710 1743 qui
733 1673 814 1727 vel
836 1688 866 1728 a
879 1673 1166 1741 judicando
1185 1674 1473 1739 abstinere,
1497 1689 1566 1728 ne
1585 1672 1772 1728 eadem
1795 1685 2044 1726 mensura

464 1766 515 1818 in
565 1781 662 1820 nos
703 1765 960 1834 judicium
1007 1775 1345 1830 exercteatur,
1388 1774 1546 1834 atque
1575 1765 1628 1818 in
1653 1764 1878 1818 aliorum
1926 1776 2048 1832 pec-

461 1867 579 1910 cata
604 1857 821 1912 minime
864 1857 1210 1912 vehementes
1249 1871 1368 1910 esse
1412 1855 1620 1924 judices
1655 1854 1924 1922 jubemur,
1950 1850 2046 1908 sed

464 1948 610 2005 lenes
635 1959 689 2004 et
709 1951 774 2003 ad
803 1950 1011 2004 veniam
1041 1949 1268 2005 dandam
1302 1949 1518 2015 faciles;
1549 1951 1594 2004 si
1623 1965 1733 2004 rem
1755 1964 1873 2018 qua:
1899 1957 2047 2001 extra

463 2040 671 2109 culpam
690 2041 757 2094 sit
777 2041 1122 2095 criminemur
1134 2049 1188 2095 et
1201 2039 1640 2106 condemnemus,
1663 2037 1928 2108 quomodo
1941 2053 2046 2092 non

467 2149 681 2188 omnem
705 2134 858 2189 nobis
894 2133 1106 2188 veniam
1135 2133 1505 2203 pratcidemus,
1536 2148 1604 2188 ex
1632 2145 1814 2187 neSIro
1843 2133 1894 2186 in
1923 2147 2046 2201 pro—

469 2225 671 2279 ximum
713 2223 852 2280 facto
876 2225 930 2279 in
955 2239 1074 2280 eam
1102 2225 1424 2280 sententiam
1449 2223 1765 2280 inducentes
1789 2221 2046 2292 judicem,

469 2325 529 2370 ut
553 2317 603 2371 in
627 2331 726 2372 nos
755 2317 986 2372 vicissim
1007 2331 1066 2373 se
1084 2313 1771 2387 pmbeatduriorem?Non
1812 2314 1968 2384 igitur
1993 2321 2053 2368 ut

470 2409 589 2463 illas
632 2423 879 2463 accusem
904 2425 966 2464 ac
987 2425 1236 2478 pungam,
1269 2408 1372 2463 huc
1397 2408 1638 2463 oratione
1664 2407 1872 2461 delatus
1897 2421 2012 2474 sum
2031 2422 2051 2460 :

469 2498 610 2568 quod
655 2500 798 2553 enim
825 2500 878 2553 in
908 2499 1132 2553 Domino
1176 2498 1292 2553 fieri
1321 2507 1515 2568 potest,
1547 2499 1599 2552 in
1631 2497 1681 2552 id
1709 2497 1902 2554 cadere
1944 2498 2051 2552 cri-

469 2603 594 2642 men
623 2588 769 2642 nullo
792 2590 951 2644 modo
976 2599 1147 2658 potest
1171 2607 1185 2642 :
1216 2588 1470 2652 Tantum,
1497 2589 1698 2658 inquit,
1728 2589 1780 2642 in
1804 2587 2047 2643 Domino.

474 2677 668 2734 Verum
695 2680 1140 2748 quemadmodum
1171 2695 1292 2735 cum
1318 2681 1387 2736 de
1405 2681 1706 2750 virginitate
1733 2681 1894 2735 verba
1922 2680 2053 2736 faci-

469 2787 610 2840 mus,
664 2789 769 2828 non
805 2782 864 2828 ut
899 2773 967 2829 de
1003 2774 1329 2828 matrimonii
1373 2773 1632 2844 dignitate
1672 2773 2050 2839 detrahamus,

467 2865 612 2920 illam
641 2865 884 2921 laudibus
908 2867 1212 2921 extollimus
1239 2883 1255 2920 :
1285 2867 1356 2921 ita
1385 2881 1506 2921 cum
1527 2866 1596 2922 de
1631 2865 1890 2921 viduitate
1929 2865 2050 2922 dis-

473 2965 723 3026 putamus
745 2997 765 3023 ,
825 2972 932 3012 non
959 2957 1172 3027 quidem
1208 2971 1308 3012 ceu
1341 2957 1602 3012 secundas
1627 2958 1842 3026 nuptias
1869 2958 1922 3011 in
1959 2972 2053 3013 ea~

471 3064 588 3103 rum
616 3063 794 3104 rerum
823 3063 1068 3116 numero,
1091 3048 1281 3119 quibus
1325 3047 1662 3103 interdictum
1692 3049 1782 3113 sit,
1823 3048 2056 3104 colloceo

471 3154 616 3207 mus,
666 3139 952 3202 mulieres,
1000 3148 1058 3194 ut
1103 3140 1268 3196 semel
1317 3141 1559 3209 nupsisse
1600 3149 1865 3194 contentae
1907 3138 2052 3205 sint,

473 3231 868 3294 cohortamur;
911 3231 1007 3286 sed
1057 3231 1284 3286 fatemur
1335 3230 1548 3300 quidem
1609 3230 1858 3285 secundis
1893 3230 2055 3290 etiam

477 3319 647 3390 legem
673 3337 779 3375 non
808 3321 1013 3388 violari,
1062 3331 1426 3376 verumtamen
1473 3335 1607 3376 unas
1653 3321 1860 3375 iteratis
1901 3320 2058 3390 longe

479 3421 734 3479 praestare
763 3427 870 3466 non
900 3411 1222 3467 dubitamus.
1244 3411 1421 3482 Itaque
1444 3413 1494 3467 in
1519 3411 1618 3467 hac
1636 3401 2060 3482 cumparatioue,

474 3517 597 3557 cum
628 3519 788 3558 unum
813 3503 966 3558 alteri
987 3514 1238 3574 praestare
1265 3503 1512 3570 dicimus,
1545 3519 1703 3560 nemo
1733 3504 1837 3560 hoc
1857 3505 2052 3574 ipsum,

475 3594 616 3663 quod
645 3595 947 3650 inferiorem
975 3595 1146 3649 locum
1175 3605 1357 3651 tenere
1381 3597 1630 3660 dicimus,
1660 3596 1844 3650 vitium
1889 3603 2054 3664 putet.

478 3684 593 3740 Non
619 3686 760 3740 enim
800 3686 886 3739 illa
931 3688 1069 3743 inter
1092 3703 1149 3742 se
1175 3686 1296 3742 ideo
1334 3686 1678 3753 conferimus,
1727 3695 1786 3740 ut
1825 3688 2059 3757 ipsorum

475 3778 700 3832 altermn
729 3779 779 3832 in
809 3780 1065 3834 malorum
1110 3780 1349 3836 ordinem
1397 3780 1701 3849 rejiciatur;
1733 3779 1827 3835 sed
1869 3795 2063 3836 concc-

475 3868 664 3924 tlentes
693 3870 745 3924 id
776 3869 877 3940 legi
918 3881 1333 3927 consentaneum
1362 3885 1500 3933 esse.
1523 3880 1811 3939 nostroque
1843 3870 2062 3925 arbitrio

479 3962 819 4029 permissum,
849 3962 1074 4017 alterum
1105 3971 1280 4018 tamen
1307 3978 1418 4034 pra:
1451 3963 1550 4018 hoc
1579 3963 1732 4033 longe
1776 3965 1942 4033 pluris
1986 3963 2062 4017 fa—

476 4056 679 4119 cimus,
728 4057 1003 4126 magisque
1061 4055 1398 4126 suspieimus.
1448 4056 1584 4120 Quid
1641 4057 1756 4111 ita?
1801 4056 2062 4123 Quoniam

482 4146 705 4200 ιιιιιΙιυιη
748 4147 971 4202 interest
1007 4147 1250 4203 eamdem
1294 4147 1568 4202 mulierem
1608 4149 1764 4202 unius
1803 4148 1901 4202 viri
1945 4163 2065 4203 esse

483 4252 736 4303 uxorem,
768 4251 831 4292 ac
855 4236 1102 4293 duorum.
1129 4237 1260 4293 Nam
1287 4239 1370 4293 cui
1401 4240 1548 4309 prior
1586 4239 1714 4294 satis
1760 4249 1862 4306 est,
1911 4239 2067 4310 plane

484 4328 718 4382 ostendit
743 4344 917 4399 neque
943 4329 1009 4385 ad
1032 4329 1182 4384 illum
1211 4331 1384 4401 ipsum
1403 4346 1460 4386 se
1475 4331 1839 4401 adjuncturam
1871 4331 2055 4396 fuisse,

484 4421 528 4474 si
559 4436 672 4475 rem
700 4435 798 4475 usu
825 4422 940 4492 ipso
967 4421 1134 4492 probe
1169 4423 1406 4477 novisset
1432 4441 1443 4475 :
1468 4438 1587 4492 qua:
1621 4432 1798 4478 autem
1838 4423 2065 4477 alterum

485 4526 738 4582 sponsum
762 4513 814 4567 in
841 4513 1035 4584 prioris
1077 4515 1251 4570 cubile
1295 4513 1516 4579 inducit,
1548 4529 1798 4585 magnum
1842 4514 2068 4584 egregia:

486 4620 612 4676 erga
639 4606 894 4660 mundum
922 4607 1168 4662 amicitia!
1197 4617 1355 4678 atque
1374 4622 1497 4677 erga
1545 4623 1632 4663 res
1673 4615 1912 4664 terrenas
1940 4623 2068 4679 pro-

489 4694 760 4766 pensionis
809 4697 1058 4752 iudicium
1099 4701 1318 4768 pra-bet.
1367 4701 1539 4768 Atque
1579 4700 1667 4754 illa
1710 4699 1924 4770 quidem
1971 4714 2071 4754 nec

486 4787 614 4842 dum
647 4789 857 4844 viveret
900 4791 1000 4853 vir,
1048 4807 1171 4860 erga
1209 4791 1371 4846 alimn
1411 4800 1677 4847 commota
1720 4793 1900 4846 animo
1940 4800 2067 4848 est:

487 4878 604 4933 have
634 4895 782 4942 vero,
809 4883 908 4936 etsi
943 4881 1032 4936 illo
1060 4883 1269 4939 vivente
1303 4883 1370 4938 ab
1407 4884 1525 4939 aliis
1573 4897 1630 4938 se
1672 4883 1913 4952 pudicam
1954 4897 2070 4938 scr-

488 4969 646 5036 varit,
680 4979 916 5027 attamen
965 4974 1161 5028 multos
1205 4973 1337 5027 alios
1377 4974 1542 5045 magis
1587 4989 1744 5044 quam
1795 4974 1946 5029 illum
1982 4989 2074 5029 su-

485 5067 680 5136 spexit.

556 5159 612 5213 2.
642 5157 746 5214 Sed
778 5173 844 5214 ne
885 5175 950 5214 ex
994 5159 1094 5215 hoc
1138 5159 1276 5216 facto
1303 5161 1663 5230 conjecturam
1707 5161 1776 5216 de
1805 5165 2074 5236 praeterita

487 5256 592 5307 vita
641 5253 934 5319 faciamus,
967 5270 1077 5309 rem
1124 5255 1292 5326 ipsam
1341 5254 1724 5324 eXpendamus.
1759 5254 1971 5311 Etenim
2018 5266 2076 5311 ut

497 5348 761 5418 virginitas
787 5350 1124 5404 matrimonio
1146 5350 1337 5404 melior
1363 5360 1442 5404 est
1467 5391 1480 5414 ,
1514 5350 1582 5404 ita
1611 5349 1710 5404 hoc
1737 5352 2076 5407 matrimonio

488 5442 638 5497 illud.
696 5442 854 5496 Vidua
908 5444 1048 5497 enim
1097 5444 1163 5498 de
1217 5443 1480 5513 principio
1533 5453 1736 5498 tantum
1789 5444 2075 5515 virginitati

489 5535 753 5586 ctmecssit
777 5577 790 5598 ,
822 5535 886 5588 ad
918 5548 1214 5590 extremum
1243 5552 1370 5591 vero
1401 5536 1500 5606 ipsi
1544 5551 1729 5592 rursus
1755 5548 1995 5607 aequatur
2023 5551 2078 5594 et

490 5626 830 5698 conjuugitur
879 5647 894 5684 :
946 5633 1046 5687 hoc
1100 5650 1229 5689 vero
1281 5633 1676 5687 matrimonium
1731 5643 1952 5703 ultaque
2007 5650 2073 5689 cx

491 5730 642 5786 parte
672 5737 699 5773 a
735 5723 1031 5793 virginitate
1056 5726 1224 5781 abest.
1257 5725 1369 5779 lluc
1395 5725 1620 5791 accedit,
1645 5741 1761 5779 eam
1784 5742 1901 5796 quae
1930 5727 2080 5782 facile

491 5811 593 5868 t'crt
647 5815 990 5880 viduitatem.
1043 5836 1072 5874 a
1117 5820 1231 5875 viro
1281 5831 1532 5887 quoque,
1563 5819 1689 5876 dum
1739 5820 1904 5890 vivit,
1936 5836 2078 5892 saepe

1223 365 1279 421 S.
1318 364 1592 423 JOANNIS
1629 366 2104 428 CHRYSOSTOMI
2146 369 2465 430 ARCHIEP.
2503 372 3040 432 CONSTANTINOP.
3621 388 3708 440 ﬁt:

2143 495 2201 537 se
2225 492 2500 541 continere
2531 501 2545 539 :
2577 501 2692 540 eam
2723 503 2870 549 vero,
2899 503 3016 558 qure
3048 503 3159 543 rem
3190 489 3419 545 maxime
3447 491 3710 548 molestam

2143 585 2290 645 putat
2312 617 2327 641 ,
2359 578 2428 631 ita
2473 579 2709 632 animum
2739 578 3034 634 instituisse
3055 621 3072 646 ,
3121 589 3179 634 ut
3208 597 3313 635 non
3353 596 3480 637 eum
3526 584 3713 641 duobus

2141 666 2315 722 solum
2346 666 2601 734 tribusve,
2633 667 2726 722 sed
2755 669 2915 723 etiam
2945 669 3114 724 multo
3143 671 3403 739 pluribus,
3436 674 3481 726 si
3516 674 3590 727 ita
3617 689 3713 728 sors

2143 756 2298 821 ferat,
2345 758 2445 812 sibi
2486 773 2574 813 res
2619 758 2862 814 habenda
2909 760 2998 824 sit,
3045 775 3110 815 ac
3153 761 3240 815 vix
3283 771 3528 816 extrema
3574 774 3712 820 aetate

2141 848 2421 902 abstineat.
2455 848 2914 916 Quemadmodum
2961 851 3122 920 igitur
3168 853 3575 906 matrimonium
3605 854 3713 907 illud

2143 947 2348 1010 magnai
2373 939 2667 994 honestatis
2702 955 2765 994 ac
2796 942 3160 1010 temperantia:
3195 943 3472 1011 Specimen
3505 953 3592 997 est
3621 960 3634 996 :
3662 945 3718 998 ita

2144 1030 2247 1084 hoc
2275 1031 2493 1085 minime
2515 1031 2728 1100 quidem
2754 1031 2979 1086 dixerim
3013 1032 3262 1099 lasciviaa,
3283 1033 3449 1096 absit,
3469 1034 3568 1088 sed
3597 1046 3723 1090 certe

2146 1120 2307 1174 animi
2350 1119 2657 1176 infirmioris
2680 1161 2696 1185 ,
2743 1131 2798 1176 et
2823 1122 2910 1192 qui
2939 1122 3087 1176 carni
3117 1123 3329 1178 deditus
3358 1125 3431 1178 sit
3474 1134 3723 1192 terraque

2145 1213 2334 1268 afﬁxus
2360 1228 2459 1268 nec
2497 1229 2744 1285 magnum
2775 1224 2934 1285 atque
2961 1215 3226 1270 excelsum
3255 1216 3537 1288 quidpiam
3563 1219 3724 1270 animo

2145 1306 2429 1375 concipere
2451 1320 2698 1375 umquam
2726 1307 2914 1374 possit.

2219 1393 2494 1466 Sep/timur
2522 1396 2575 1449 in
2615 1395 2817 1450 laudem
2846 1396 3165 1464 repetiturum
3209 1397 3509 1467 nuptiarum
3552 1398 3723 1454 refelli-

2148 1494 2249 1539 tur.
2279 1515 2351 1526 —
2377 1485 2529 1554 Quod
2574 1486 2619 1541 si
2648 1486 2766 1557 quis
2807 1487 3022 1556 objiciat
3046 1529 3060 1554 ,
3092 1487 3234 1556 quod
3282 1488 3577 1543 honestum
3623 1499 3724 1542 est.

2149 1577 2253 1632 tale
2275 1592 2394 1632 esse
2416 1618 2431 1642 ,
2458 1577 2572 1633 sive
2596 1578 2761 1633 semel
2785 1578 3010 1634 obcatur
3031 1620 3046 1646 ,
3075 1580 3188 1635 sive
3213 1579 3292 1635 bis
3315 1620 3331 1645 ,
3361 1581 3477 1635 sive
3503 1581 3733 1650 saepius:

2148 1668 2395 1724 similiter
2422 1669 2565 1723 enim
2615 1667 2894 1724 honestum
2943 1683 3200 1735 manere,
3234 1670 3535 1739 quinetiam
3583 1685 3727 1732 eum,

2150 1758 2241 1828 qui
2282 1759 2477 1828 szepius
2521 1759 2732 1814 functus
2773 1770 2892 1824 est,
2937 1760 3332 1815 laudabiliorem
3375 1775 3502 1816 esse
3548 1777 3620 1816 eo
3659 1776 3716 1830 qu

2152 1849 2360 1914 rarius;
2410 1849 2848 1919 respondebimus
2892 1849 3194 1921 ltujusmodi
3241 1851 3516 1920 sophisma
3566 1852 3732 1906 incau-

2152 1943 2376 1999 tioribus
2405 1943 2629 1998 fortasse
2658 1957 2816 2014 posse
2843 1945 3116 2013 imponere
3134 1981 3154 2007 ι,
3199 1944 3265 1997 ab
3296 1945 3358 1998 iis
3382 1954 3574 1998 autem
3601 1986 3618 2008 ,
3660 1946 3733 2012 qui

2152 2037 2386 2091 animum
2441 2036 2719 2092 advertere
2770 2035 3070 2100 voluerint,
3127 2035 3278 2092 facile
3330 2035 3505 2090 refelli
3573 2049 3732 2105 posse.

2145 2129 2543 2185 Matrimonium
2584 2130 2726 2184 enim
2771 2143 2874 2184 non
2926 2123 3210 2200 corporum
3257 2129 3575 2184 commistio
3630 2127 3738 2181 facit

2154 2220 2246 2293 (ita
2275 2222 2416 2277 enim
2443 2231 2494 2277 et
2517 2220 2795 2276 fornicatio
2823 2221 3215 2275 matrimonium
3241 2221 3408 2289 esset)
3433 2261 3450 2284 ,
3477 2220 3586 2274 sed
3615 2223 3736 2288 quod

2154 2330 2216 2370 ea
2239 2355 2255 2381 ,
2285 2329 2403 2384 qua:
2428 2324 2593 2384 nupta
2619 2323 2702 2370 est
2722 2355 2738 2379 ,
2765 2329 2872 2368 uno
2897 2314 3010 2368 viro
3035 2323 3283 2368 contenta
3307 2321 3409 2368 est.
3439 2317 3631 2382 Atque
3655 2314 3738 2365 hoc

2156 2406 2296 2461 inter
2335 2406 2670 2461 meretricem
2701 2416 2860 2474 atque
2905 2406 3185 2475 ingenuam
3217 2403 3586 2474 pudicamque
3633 2419 3736 2457 mu.

2155 2497 2342 2553 lierem
2371 2499 2608 2553 interest.
2637 2497 2788 2566 Quod
2830 2498 2876 2552 si
2919 2512 3026 2552 uno
3055 2498 3168 2551 viro
3194 2506 3440 2552 contenta
3486 2507 3742 2567 perpetuo

2155 2589 2264 2655 sit,
2311 2583 2739 2660 conjunctionem
2787 2590 2939 2644 istam
2993 2589 3312 2642 matrimonii
3353 2588 3588 2643 nomine
3630 2603 3742 2643 vere

2155 2681 2440 2750 appellaris
2473 2698 2489 2735 :
2519 2681 2600 2735 sin
2648 2696 2744 2750 pro
2783 2695 2890 2734 uno
2919 2679 3115 2733 multos
3160 2692 3387 2748 sponsos
3429 2679 3485 2732 in
3533 2679 3742 2733 domum

2159 2772 2408 2837 inducat,
2437 2788 2548 2827 non
2589 2771 2834 2842 equidem
2875 2769 3279 2825 fornicationem
3320 2769 3500 2824 audeo
3531 2767 3741 2826 dicere.

2156 2865 2255 2922 sed
2281 2865 2408 2921 illud
2431 2863 2831 2927 contenderem,
2859 2863 3002 2918 hanc
3020 2863 3132 2929 illa,
3158 2877 3278 2932 qua
3302 2877 3464 2916 unum
3494 2861 3746 2916 duntaxat

2157 2959 2330 3014 virum
2359 2957 2505 3013 novit
2526 2998 2542 3022 ,
2575 2957 2730 3027 longe
2758 2955 3064 3010 inferiorem
3092 2969 3230 3010 esse.
3260 2953 3350 3008 llla
3373 2954 3530 3008 enim
3557 2954 3746 3007 audivit

2161 3049 2442 3104 Dominum
2468 3048 2768 3102 dicentem:
2791 3045 3008 3113 Pmpter
3031 3045 3124 3099 hoc
3149 3045 3358 3098 dimittet
3385 3044 3544 3098 [tanta
3565 3053 3744 3113 patrm

2159 3150 2206 3195 et
2230 3148 2439 3194 matrem
2463 3155 2609 3192 suam
2631 3179 2647 3204 ,
2677 3147 2722 3192 et
2749 3137 3021 3191 adhwrebit
3045 3137 3190 3190 uxori
3221 3150 3362 3199 sum,
3397 3145 3444 3188 et
3479 3146 3641 3189 erunt
3662 3139 3748 3186 duo
3820 3209 3821 3214 η

2161 3233 2213 3286 in
2255 3247 2458 3286 carnem
2485 3247 2642 3284 unam
2689 3229 2918 3302 (Matth.
2953 3229 3038 3286 l9.
3071 3228 3186 3301 5),
3217 3243 3278 3283 ac
3319 3228 3440 3282 viro
3482 3227 3742 3286 adhaesit.

2163 3323 2383 3394 perinde
2407 3336 2470 3378 ac
2495 3337 2623 3378 vere
2648 3337 2742 3377 sua
2769 3334 2896 3378 caro
2921 3331 3064 3377 esset
3090 3364 3106 3388 ,
3133 3336 3306 3392 neque
3331 3321 3501 3376 oblita
3551 3333 3638 3375 est
3663 3322 3750 3374 sibi

2163 3418 2329 3472 semel
2372 3416 2603 3487 impositi
2647 3415 2852 3486 capitis.
2898 3412 3020 3470 Haec
3058 3431 3186 3470 vero
3229 3429 3326 3469 nec
3365 3415 3618 3483 priorem
3666 3428 3749 3467 nec

2165 3509 2509 3578 posteriorem
2540 3508 2713 3562 virum
2758 3507 3025 3576 propriam
3070 3515 3284 3561 carnem
3334 3515 3558 3574 reputat
3592 3523 3608 3560 :
3640 3520 3748 3559 nam

2166 3601 2367 3669 primus
2396 3616 2425 3655 a
2455 3599 2708 3666 secundo,
2728 3595 2992 3656 secundus
3021 3599 3086 3654 ab
3113 3599 3202 3653 illo
3227 3599 3428 3668 ejectus
3450 3609 3562 3653 est.
3584 3599 3750 3668 Neque
3820 3591 3821 3669 ᾗ

2165 3680 2306 3746 enim
2350 3692 2541 3747 mulier
2567 3692 2760 3763 prioris
2788 3692 2886 3746 viri
2930 3691 3240 3745 memoriam
3286 3691 3466 3746 colere
3522 3692 3751 3762 poterit.
3820 3767 3821 3770 η

2167 3802 2286 3855 quae
2312 3795 2432 3858 post
2475 3786 2622 3841 illum
2653 3785 2806 3840 alteri
2848 3784 3061 3854 nupsit,
3091 3798 3190 3839 nec
3232 3784 3593 3853 posteriorem
3617 3784 3752 3853 justo

2168 3895 2352 3936 amore
2396 3886 2781 3950 prosequetur,
2820 3885 3008 3946 magna
3053 3875 3226 3930 adhuc
3267 3876 3463 3930 mentis
3513 3887 3671 3946 parte
3713 3876 3758 3927 “ut

2167 3989 2290 4029 eum
2318 3973 2408 4042 qui
2445 3971 2575 4026 obiit
2600 3970 2856 4026 derivata.
2887 3968 2961 4023 lta
2991 3967 3050 4022 fit
3074 4009 3089 4036 ,
3119 3975 3176 4021 ut
3200 3967 3368 4021 neutri
3413 3971 3458 4021 is
3484 4008 3501 4033 ,
3535 3968 3626 4037 qui
3655 3969 3757 4020 viro

2171 4068 2431 4132 debetur,
2479 4080 2630 4120 amor
2675 4073 2836 4134 atque
2881 4063 3049 4117 honos
3091 4062 3159 4115 ab
3209 4075 3370 4116 uxore
3421 4059 3755 4115 exhibentur.

2171 4159 2374 4232 Ecquid
2403 4175 2531 4214 vero
2555 4157 2720 4214 animi
2765 4164 2911 4227 putet
2937 4155 3213 4224 posteriori
3257 4167 3459 4223 sponso
3485 4167 3613 4208 esse
3636 4195 3650 4218 ,
3682 4154 3756 4220 qui

2173 4255 2225 4307 in
2256 4251 2444 4322 prioris
2473 4251 2760 4306 thalamum
2789 4247 3099 4318 ingreditur,
3130 4254 3184 4300 et
3214 4244 3350 4298 illius
3379 4244 3586 4298 lectum
3613 4258 3756 4297 sean-

2170 4344 2249 4399 dit
2273 4387 2287 4410 ,
2316 4359 2378 4399 ac
2421 4352 2676 4413 praeterea
2721 4341 2861 4395 illius
2888 4353 3108 4394 uxorem
3154 4337 3414 4392 ridentem
3441 4379 3456 4398 .
3486 4346 3548 4392 et
3575 4336 3674 4391 hac
3703 4337 3758 4390 de

2173 4452 2329 4492 causa
2370 4437 2635 4505 jocantem
2681 4449 2744 4491 ac
2788 4435 3056 4490 ludentem
3102 4430 3286 4487 videt?
3330 4429 3506 4485 Valde
3554 4430 3758 4501 quidem

2172 4539 2610 4595 commoveatur,
2657 4543 2829 4599 neque
2870 4525 2938 4581 ad
2981 4526 3119 4580 illam
3165 4528 3355 4594 tiiagno
3403 4537 3532 4577 cum
3586 4537 3758 4575 amore

2174 4624 2393 4679 accedat
2419 4638 2636 4678 necesse
2660 4630 2762 4678 est.
2807 4620 2939 4675 Nam
2969 4617 3177 4674 tametsi
3219 4616 3457 4672 omnium
3489 4616 3758 4670 hominum

2175 4714 2491 4769 durissimus
2520 4715 2624 4776 sit,
2654 4726 2758 4767 non
2807 4720 2980 4766 tamen
3009 4709 3078 4764 ita
3110 4708 3353 4763 immanis
3379 4750 3394 4774 ,
3426 4717 3488 4761 ut
3535 4707 3764 4761 humane

2179 4807 2406 4879 quodam
2434 4820 2593 4860 sensu
2622 4819 2727 4859 non
2770 4801 3027 4858 afliciatur
3050 4842 3066 4866 ,
3103 4800 3262 4856 etiam
3290 4799 3336 4853 si
3379 4798 3471 4852 illa
3502 4797 3762 4853 sexcentis

2178 4900 2505 4956 ornamentis
2531 4899 2832 4970 ctseipsam
2884 4907 2939 4954 et
2981 4897 3198 4952 domum
3241 4895 3562 4964 compserit.
3608 4893 3760 4946 Dolor

2176 4994 2318 5049 enim
2347 4992 2524 5047 domui
2557 4992 2728 5046 illa'tus
2772 5006 2874 5044 non
2904 4990 3029 5044 sinit
3058 5002 3242 5058 puram
3271 4995 3325 5041 et
3349 4987 3621 5042 sinceram
3650 5000 3763 5039 esse

2178 5088 2500 5157 voluptatem
2536 5103 2550 5138 :
2580 5085 2672 5139 sed
2703 5082 3148 5153 quemadmodum
3181 5081 3232 5134 in
3263 5079 3434 5134 muris
3461 5097 3561 5132 usu
3589 5079 3732 5131 venit
3753 5120 3765 5132 .

2179 5188 2236 5233 ut
2257 5193 2379 5233 cum
2404 5193 2527 5248 pars
2551 5177 2724 5247 aliqua
2750 5175 2904 5230 valde
2929 5185 3114 5230 exusta
3143 5183 3244 5237 est,
3278 5172 3403 5225 licet
3431 5169 3762 5241 postmodum

2180 5259 2477 5336 dealhctur,
2496 5267 2763 5338 subjectus
2779 5274 2956 5321 tamen
2981 5280 3042 5318 ac
3060 5262 3353 5335 profundus
3376 5262 3562 5333 nigror
3576 5260 3766 5316 undo-

2181 5377 2293 5416 rem
2322 5360 2525 5415 tectorii
2552 5361 2819 5424 obscuret,
2846 5368 3004 5428 atque
3031 5353 3374 5426 injucundum
3406 5354 3764 5421 Spectacula

2182 5453 2416 5522 prmbcat
2448 5469 2460 5503 :
2493 5451 2564 5504 ita
2611 5459 2663 5505 ct
2691 5453 2788 5505 hac
2833 5451 2884 5504 in
2929 5465 2986 5504 re
3010 5491 3024 5516 ,
3058 5447 3265 5501 tametsi
3300 5444 3466 5498 multa
3492 5443 3764 5513 splendida

2183 5545 2549 5615 excogitentur
2571 5586 2585 5610 ,
2616 5544 2669 5598 in
2699 5543 2888 5597 mediis
2915 5552 3091 5597 tamen
3124 5541 3255 5610 ipsis
3283 5539 3525 5595 eminent
3565 5537 3728 5592 tristia
3753 5577 3766 5588 .

2184 5651 2245 5690 ac
2272 5635 2495 5690 molesta
2536 5635 2778 5705 quaedam
2820 5650 2883 5689 ex
2914 5633 2979 5688 iis
3018 5632 3195 5686 mistio
3225 5631 3305 5684 fit.
3335 5627 3468 5684 Nam
3495 5639 3552 5684 et
3592 5627 3733 5680 servi
3755 5668 3770 5682 .

2185 5739 2239 5783 et
2279 5727 2526 5797 ancilla),
2557 5738 2611 5783 et
2652 5726 2898 5798 agricola:
2923 5768 2938 5795 ,
2977 5736 3031 5781 et
3075 5724 3358 5796 inquilini,
3403 5733 3458 5779 et
3497 5723 3648 5777 vicini
3674 5763 3694 5784 ,
3723 5729 3775 5772 es

2187 5821 2410 5892 gentiles
2437 5821 2629 5890 prioris
2667 5821 2763 5876 viri
2797 5829 3085 5876 maerentes
3114 5819 3388 5874 intuentur
3415 5832 3533 5889 qua:
3561 5815 3688 5869 ﬁunt
3719 5829 3778 5866 ac
