3898 6252
321 276 441 336 ἐιὸ

329 419 446 468 νες,
475 402 562 454 καὶ
604 391 882 463 συγγενεῖς
914 387 1006 442 τοῦ
1033 387 1461 458 προαπελθόντος
1484 386 1821 456 κατηφοῦσιν
1847 399 1873 427 ι
1908 386 2002 438 ἐπὶ

333 492 448 551 τοῖς
484 481 796 556 γενομένοις
825 479 919 532 καὶ
947 473 1314 540 στενάζουσιν.
1355 472 1418 526 Εἰ
1449 473 1506 526 δὲ
1531 475 1624 527 καὶ
1651 473 1880 545 ὀρφανοὶ
1907 471 2004 525 τύο

327 590 471 645 χωσι
502 566 972 638 καταλειφθέντες,
1001 563 1113 617 νέοι
1144 561 1242 632 μὲν
1261 559 1413 623 όντες
1435 559 1656 630 κομιδῇ,
1683 558 1912 631 σφοδρὸν
1939 557 2002 610 τὸ

318 661 488 734 απαρά
510 659 619 716 τῶν
659 655 972 727 δυναμένων
1000 651 1238 705 συνιέναι
1268 648 1377 702 τῶν
1406 649 1704 719 γινομένων
1731 651 1802 719 τῇ
1837 648 2004 718 μητρὶ

333 751 394 803 τὸ
427 753 582 819 μῖσος
612 745 934 813 ἐξάπτουσιν
956 758 970 772 ⁸
993 743 1042 794 εί
1067 739 1125 792 δὲ
1151 737 1400 808 ἐνήλικες
1427 735 1639 806 τύχοιεν
1659 735 1833 799 ὄντες,
1870 736 2006 788 πάν-

334 857 442 893 των
472 839 670 892 ἐκεῖνοι
709 833 909 904 μᾶλλον
933 829 1125 902 ἀηδίαν
1151 827 1676 890 κατασκευάζουσιν.
1708 827 1887 896 Ἀπερ
1911 820 2004 880 οῦν

333 928 429 982 καὶ
456 928 503 979 οί
533 922 820 994 νομοθέται
855 918 1261 989 συνεωρακότες
1294 917 1322 956 δ
1359 915 1596 978 ἅπαντα,
1629 915 1725 967 καὶ
1750 917 1882 978 τοὺς
1909 915 2004 967 ἐπὶ

334 1015 544 1078 τούτοις
584 1011 883 1080 ἀλγοῦντας
921 1004 1432 1080 παραμυθούμενοι,
1472 1003 1568 1057 καὶ
1611 1003 1754 1074 ὺπέρ
1795 1002 2006 1056 έαυτῶν

335 1102 784 1172 ἀπολογούμενοι,
809 1098 891 1152 ὅτι
920 1097 982 1149 ού
1007 1093 1147 1150 κατά
1175 1092 1402 1164 γνώμην
1429 1091 1550 1145 ούδὲ
1576 1089 2007 1162 προηγουμένως

333 1189 521 1244 τοῦτον
545 1187 634 1242 τὸν
663 1185 840 1257 γάμον
866 1183 1154 1248 ἐπέταξαν,
1186 1180 1323 1236 άλλά
1346 1179 1665 1244 δεδοικότες,
1705 1179 1780 1250 μή
1804 1195 1857 1230 τι
1891 1179 2006 1248 χεῖ-

333 1296 432 1350 ρον
454 1275 680 1346 γένηται
702 1273 891 1338 κακὸν,
919 1271 1096 1326 πάντα
1121 1269 1217 1324 τοῦ
1245 1269 1498 1340 δευτέρου
1523 1269 1699 1339 γάμου
1721 1267 1790 1320 τά
1809 1265 2010 1337 φαιδρὰ

337 1364 728 1436 παρῃτήσαντο
751 1372 800 1425 ε,
832 1360 922 1414 καὶ
949 1357 1071 1412 οὗτε
1111 1357 1294 1422 αὐλὸς,
1328 1356 1451 1410 οὔτε
1476 1355 1682 1428 κρότοι,
1712 1353 1834 1408 οῦτε
1876 1354 2011 1423 ὑμέ-

338 1469 507 1515 ναιος,
529 1449 654 1504 οῦτε
675 1450 982 1522 ὀρχήματα,
1004 1446 1127 1500 οῦτε
1158 1445 1410 1516 στέφανοι
1430 1443 1714 1514 νυμφικοὶ,
1733 1441 1856 1496 οῦτε
1885 1441 2012 1497 ἄλλο

236 1585 248 1600 ,
339 1559 395 1594 τι
427 1539 536 1593 τῶν
563 1539 819 1594 τοιούτων
860 1538 958 1610 τὴν
990 1537 1233 1607 ἑσπέραν
1263 1533 1560 1604 κοσμοῦσιν
1602 1531 1839 1602 ἐκείνην,
1875 1530 2012 1583 ἀλλά

341 1626 560 1678 πάντων
613 1623 784 1694 αὐτὴν
836 1622 1348 1691 ἀποκοσμησαντες,
1400 1615 1576 1680 οὕτως
1623 1615 2007 1681 ἀστεφάνωτον

339 1716 533 1782 ἄγουσι
570 1713 662 1767 τὸν
704 1711 872 1782 ἀνδρα
905 1709 1041 1781 πρὸς
1077 1709 1176 1778 τὴν
1211 1708 1390 1778 χήραν
1427 1707 1682 1774 γυναῖκα,
1729 1703 2013 1773 μονονουχὶ

331 1803 574 1872 βοῶντες
605 1801 692 1854 διὰ
728 1799 934 1854 τούτων
975 1800 1055 1853 ὅτι
1087 1797 1266 1850 πάντα
1314 1793 1648 1864 συγγνώμης
1680 1792 1808 1856 ἀξια
1839 1791 2013 1862 πράτ-

339 1907 543 1951 τουσιν,
580 1886 815 1942 ἀλλὀὐκ
849 1887 1088 1940 ἐπαίνων
1122 1885 1217 1937 καὶ
1240 1883 1450 1954 κρότων
1476 1883 1568 1935 καὶ
1599 1880 1904 1948 στεφάνων.

409 1984 478 2046 γ’.
499 1977 622 2041 Πῶς
645 1973 738 2031 οὖν
759 1977 786 2030 ό
806 1973 1018 2038 Παῦλος
1044 1971 1284 2026 ἐκώλυσε
1307 1968 1751 2042 χηρεύειν,φησ“ι,
1774 1967 1869 2020 καὶ
1891 1966 2013 2036 βου-

338 2067 572 2138 λομένας
599 2066 698 2130 τὰς
726 2064 872 2130 νέας,
903 2063 1102 2116 οὑτωσὶ
1125 2060 1374 2133 γράφων’
1405 2056 1707 2126 Νεωτέρας
1735 2054 1802 2109 δὲ
1825 2053 2016 2124 χήρας

338 2153 632 2224 παραιτοῦ
653 2170 670 2217 ;
693 2153 803 2224 Ούχ
829 2155 856 2205 ό
877 2150 1088 2214 Παῦλος
1112 2148 1211 2212 τὰς
1238 2146 1567 2220 βουλομένας
1598 2143 1853 2216 χηρεύειν
1879 2139 2016 2195 ἐκώ-

343 2245 526 2310 λυσεν,
557 2243 671 2296 ἀλλ’
701 2244 905 2295 ἐκεῖναι
947 2241 1041 2294 καὶ
1071 2238 1162 2294 τὸν
1189 2235 1400 2290 Παῦλον
1433 2236 1755 2305 ἠνάγκασαν
1783 2231 1857 2304 μὴ
1890 2230 2015 2301 βου-

340 2339 568 2412 λόμενον
610 2337 797 2392 τοῦτον
831 2334 1189 2400 διατάξασθαι
1216 2333 1307 2386 τὸν
1339 2331 1505 2402 νόμον
1555 2331 1778 2393 αὑταῖς·
1814 2329 1862 2381 εί
1905 2327 2015 2398 γάρ

343 2436 440 2490 τοῦ
466 2435 680 2489 Παύλου
725 2434 786 2488 τὸ
815 2433 1028 2504 Θέλημα
1066 2431 1244 2504 βούλει
1292 2427 1507 2500 μαθεῖν,
1555 2428 1721 2482 ἄκουε
1761 2425 1814 2478 τί
1848 2441 2014 2495 φησι·

339 2531 511 2588 Θέλω
537 2531 605 2585 δὲ
633 2529 864 2596 πάντας
901 2526 1250 2598 ἀνθρώπους
1295 2521 1451 2578 εἶναι
1483 2523 1565 2589 ὡς
1599 2521 1700 2575 καί
1732 2519 2015 2591 ἐμαυτὸν,

341 2628 416 2681 ἐν
462 2627 793 2698 ἐγκρατείᾳ.
834 2627 1000 2680 Ὥστε
1043 2625 1144 2678 ούκ
1184 2623 1250 2678 ἂν
1288 2621 1601 2694 ἐμαχέσατο
1641 2618 1851 2688 ἐαυτῷ,
1897 2617 2019 2671 ούδέ

346 2726 714 2797 ἐναντιολογίᾳ
751 2723 984 2795 τοσαύτῃ
1019 2721 1348 2794 περιέπεσεν
1396 2722 1424 2774 ό
1457 2719 1727 2791 μακάριος
1767 2718 1976 2777 ἐκεῖνος
2001 2754 2018 2780 ,

345 2824 457 2877 οὐδ’
494 2822 560 2876 ἂν
589 2825 618 2876 ό
655 2822 861 2884 πάντας
891 2819 1216 2890 ἀνθρώπους
1250 2817 1574 2888 βουλόμενος
1610 2812 1762 2887 [555]
1791 2809 1930 2867 εἶναι
1963 2813 2021 2866 ἐν

347 2918 663 2992 ἐγκρατείᾳ,
694 2917 793 2982 τάς
824 2915 1156 2988 βουλομένας
1183 2912 1442 2986 χηρεύειν
1465 2912 1731 2966 ἐκώλυσε.
1767 2910 1893 2973 Πῶς
1923 2903 2018 2962 οὖν

348 3034 482 3087 φησι
506 3034 518 3048 ⁸
538 3013 837 3083 Νεωτέρας
865 3013 934 3068 δὲ
961 3013 1154 3083 χήρας
1181 3010 1503 3080 παραιτοῦ;
1544 3008 1682 3064 Ἀλλ’
1709 3008 1851 3074 εἰπὲ,
1875 3007 2024 3071 τίνος

347 3115 533 3168 ἕνεκεν
561 3112 655 3166 καὶ
684 3110 774 3166 διὰ
809 3109 894 3177 τί;
929 3110 1005 3164 Οὐ
1039 3109 1150 3180 γάρ
1183 3108 1374 3172 ἁπλῶς
1406 3105 1580 3170 οὕτως
1605 3107 1852 3177 είρηκεν,
1884 3101 2022 3156 ἀλλά

351 3209 446 3262 καὶ
467 3207 566 3279 τὴν
595 3207 776 3262 αἰτίαν
801 3205 1185 3277 προστέθεικεν
1231 3201 1432 3258 εἰπών·
1466 3203 1653 3256 Ὅταν
1691 3200 1803 3268 τὰρ
1841 3214 2024 3251 κατα-

348 3304 764 3374 στρηνιάσωσι
807 3302 914 3357 τοῦ
957 3301 1236 3372 Χριστοῦ,
1263 3299 1472 3370 γαμεῖν
1504 3297 1812 3354 θέλουσιν.
1861 3293 2024 3366 Ὁρᾷς

348 3400 434 3454 ὺτι
476 3401 537 3454 οὐ
588 3400 688 3464 τὰς
735 3398 995 3471 χηρεύειν
1039 3397 1402 3470 βουλομένας,
1443 3395 1579 3450 ἀλλά
1631 3393 1732 3457 τάς
1773 3389 2022 3462 γαμῆσαι

349 3498 796 3571 προαιρουμένας
841 3495 982 3568 μετά
1029 3496 1090 3549 τὸ
1121 3493 1389 3567 χηρεῦσαι
1425 3493 1622 3548 κωλύει
1670 3492 1877 3553 ἐκεῖνος
1921 3503 2018 3558 χηο

341 3593 544 3665 ’ρεῦσαι
581 3594 674 3648 καὶ
701 3595 783 3658 είς
812 3595 905 3650 τὸν
933 3593 1088 3663 ἀγιον
1121 3594 1328 3646 ἐκεῖνον
1364 3588 1798 3646 κατατάττεσθαι
1830 3586 1988 3658 χορόν
2007 3603 2020 3617 ο

356 3691 450 3744 καὶ
475 3690 682 3763 σφόδρα
713 3689 881 3744 ποιῶν
913 3688 1172 3753 συνετῶς.
1204 3689 1267 3742 Εἰ
1298 3688 1408 3760 γὰρ
1443 3687 1678 3759 μέλλοις,
1721 3687 1877 3758 φησὶ,
1903 3685 2025 3738 δευο

351 3788 534 3859 τέροις
556 3786 754 3858 γάμοις
779 3785 1010 3856 ὁμιλεῖν,
1045 3785 1178 3857 μηδέ
1197 3785 1504 3858 ἐπαγγείλῃ
1522 3783 1749 3855 χηρείαν
1763 3799 1776 3812 °
1804 3781 1900 3835 τοῦ
1921 3781 2027 3852 γὰρ

358 3884 484 3956 μηδ’
511 3884 648 3948 ὅλως
677 3882 1010 3954 ὑποσχέσθαι
1047 3883 1108 3936 τὸ
1138 3883 1278 3955 μετά
1315 3883 1414 3955 τὴν
1445 3883 1739 3952 ὑπόσχεσιν
1776 3881 2029 3949 ἀγνωμο-

353 3978 514 4052 νῆσαι
543 3979 724 4052 πολλῷ
751 3980 931 4052 χεῖρόν
957 3981 1124 4036 ἐστιν.
1158 3980 1370 4050 Ὠσπερ
1399 3973 1604 4042 οὖντὰς
1631 3977 1875 4047 συνεχεῖς
1905 3991 2030 4026 συν-

353 4084 541 4147 ουσίας
581 4074 899 4154 ἐπέτρεψεν,
968 4082 1028 4135 οὐ
1071 4080 1398 4150 νομοθετῶν,
1446 4078 1582 4133 άλλά
1641 4075 2031 4146 συγγινώσκων

356 4181 572 4245 αὐτοῖς·
612 4179 791 4235 Τοῦτο
821 4179 930 4254 γάρ
962 4178 1140 4249 λέγω,
1172 4178 1327 4249 φησὶ,
1360 4177 1511 4232 κατὰ
1542 4173 1928 4246 συγγνώμην,
1960 4177 2032 4228 οὺ

356 4283 485 4336 κατ’
528 4279 840 4350 ἐπιταγὴν,
883 4277 982 4332 διὰ
1021 4276 1138 4345 τὴν
1177 4275 1480 4346 ἀκρασίαν
1510 4275 1677 4346 ὑμῶν
1701 4291 1716 4306 ο
1757 4274 1901 4328 οὕτω
1939 4275 2034 4328 καὶ

357 4377 594 4434 ἐνταῦθα
638 4378 705 4432 δι’
747 4376 934 4447 ἕτερον
977 4373 1162 4447 μεῖζον
1213 4373 1384 4428 κακὸν
1421 4373 1514 4426 τὸν
1550 4371 1806 4442 δεύτερον
1856 4371 2032 4441 γάμον

355 4472 611 4538 ἐπέταξε,
642 4472 854 4535 δεικνὺς
875 4472 956 4526 ὅτι
983 4470 1259 4526 καὶτοῦτο
1290 4469 1619 4540 συγγνώμης
1652 4468 1788 4529 ἐστὶ,
1821 4468 1886 4538 τῇ
1925 4463 2034 4518 τῶν

365 4569 572 4624 πολλῶν
607 4568 863 4641 ἀσθενείᾳ
909 4567 1473 4638 συγκαταϐαινούσης.
1528 4565 1838 4620 ’Δσθένειαν
1885 4564 1942 4618 δέ
1971 4565 2032 4618 οὐ

359 4666 664 4735 δυνάμεως,
707 4665 846 4719 ἀλλά
896 4665 1270 4737 προαιρέσεώς
1313 4683 1478 4737 φημι.
1529 4663 1797 4734 Καθάπερ
1845 4663 1954 4733 γάρ
2001 4663 2034 4732 ἡ

362 4763 653 4834 παρθένος,
685 4763 824 4834 μετὰ
850 4763 948 4835 τὴν
985 4763 1086 4834 τῆς
1116 4762 1416 4832 παρθενίας
1444 4760 1778 4830 ἐπαγγελίαν
1808 4759 2037 4829 διαφθα-

367 4863 544 4931 ρεῖσα,
571 4859 814 4930 μοιχείας
830 4863 1011 4933 χεῖρον
1029 4859 1348 4931 ἐτόλμησεν·
1373 4857 1517 4914 οὕτω
1545 4857 1641 4911 καὶ
1663 4859 1696 4928 ἡ
1720 4860 1869 4930 χήρα
1889 4855 2038 4922 ἀπαξ

363 4957 832 5030 ἐπαγγειλαμένη,
867 4953 986 5011 είτα
1015 4959 1306 5030 πατήσασα
1332 4959 1431 5020 τὰς
1461 4957 1598 5030 πρὸς
1637 4956 1728 5010 τδν
1747 4954 1880 5009 θεὸν
1912 4971 2038 5008 συν-

365 5053 561 5126 θήκας,
591 5055 694 5109 ὑπὺ
719 5056 818 5128 τὴν
842 5056 1011 5127 αὐτὴν
1041 5056 1318 5128 ἀμαρτίαν
1335 5057 1601 5121 πεσεῖται,
1629 5054 1723 5108 καὶ
1743 5053 1843 5124 τῆς
1869 5051 2039 5122 αὐτῆς

366 5154 520 5206 ισται
552 5153 822 5226 τιμωρίας
863 5153 1192 5220 ὑπεύθυνος·
1227 5157 1275 5208 εί
1297 5155 1353 5210 δὲ
1384 5156 1488 5228 χρή
1516 5172 1569 5208 τι
1600 5154 1695 5208 καί
1726 5151 2040 5223 θαυμαστὸν

365 5253 564 5315 εἰπεῖν,
615 5254 758 5324 τάχα
803 5255 896 5307 καὶ
939 5252 1121 5324 πολλῷ
1165 5251 1442 5325 μείζονος·
1478 5250 1539 5304 ού
1576 5250 1685 5322 γάρ
1717 5251 1866 5303 ἐστιν
1903 5248 2038 5308 ἴσον,

361 5349 504 5419 ὅπερ
531 5350 626 5404 καὶ
646 5350 948 5424 ἀρχόμενος
980 5347 1156 5418 εἷπον,
1186 5353 1285 5423 τήν
1314 5367 1372 5403 τε
1409 5349 1658 5418 ἄπειρον,
1695 5346 1791 5401 καὶ
1819 5343 1916 5417 τὴν
1953 5361 2044 5397 πε-

365 5445 708 5517 πειραμένην
739 5449 852 5511 τοῖς
889 5447 1074 5512 αὐτοῖς
1109 5447 1272 5502 πάλιν
1314 5446 1634 5517 περιπεσεῖν
1687 5443 2038 5516 πειρασμοῖς.

429 5624 453 5689 ξι
482 5622 616 5689 ςοιιτ.
643 5628 955 5689 κατηφιῶσιν.

426 5683 458 5727 1³
486 5687 632 5750 Snil.
662 5700 714 5739 el
736 5683 872 5740 Chlb.
895 5692 976 5737 καὶ
995 5693 1039 5738 οἱ
1061 5689 1196 5750 νόμοι
1217 5684 1583 5750 συνεωρακότες.

430 5750 454 5779 ⁸
481 5748 615 5802 (ἒοιι).
644 5769 724 5820 πα(
741 5752 1028 5803 εσπάσαντο.

1047 283 1104 338 S.
1144 277 1430 337 JOANNIS
1467 269 1956 334 CHIWSOSTOMI
1997 273 2320 332 ARCHIEP.
2362 276 2914 334 CONSTANTI‘NOP.

3653 281 3775 338 εει

2110 387 2221 441 Καὶ
2251 389 2352 442 οὐκ
2384 388 2618 442 ἐνταῦθα
2653 389 2835 460 μόνον,
2878 389 3014 444 ἀλλά
3045 391 3343 464 προειπὼν,
3378 398 3470 450 καὶ
3502 395 3667 451 πάλιν
3693 394 3779 448 λέ-

2109 493 2243 544 γων,
2276 478 2575 548 Βούλομαι
2594 479 2886 548 νεωτέρας
2915 479 3107 550 χήρας
3120 479 3350 551 ⁸γαμεῖν,
3377 483 3775 553 τεκνογονεῖν,

2110 563 2576 631 οἰκοδεσποτεῖν,
2597 565 2694 638 τὴν
2709 568 2890 622 αἰτίαν
2915 568 3258 640 προστίθησι,
3276 570 3345 624 δι’
3369 571 3435 640 ἢν
3463 570 3641 624 ταῦτα
3658 573 3780 643 βού-

2111 651 2282 707 λεται.
2315 652 2412 717 Τίς
2442 653 2500 708 δέ
2524 655 2671 708 ἐστιν
2704 654 2842 727 αῦτη
2865 672 2879 721 ;
2904 655 3232 725 Μηδεμίαν,
3257 659 3410 728 φησὶ,
3440 657 3678 712 διδόναι
3705 659 3782 727 τῷ

2112 740 2496 812 ἀντικειμένῳ
2541 743 2823 813 ἀφορμὴν
2863 745 3164 814 λοιδορίας
3198 745 3392 816 χάριν.
3428 747 3652 817 Ἐπειδὴ
3677 749 3785 819 γάρ

2115 829 2316 894 πολλὰς
2347 829 2457 883 τῶν
2496 830 2683 901 χηρῶν
2728 831 2876 895 εἰκὸς
2918 828 2987 904 ἦν
3033 834 3155 887 τότε
3205 835 3647 906 προπετέστερον
3694 837 3786 888 καὶ

2115 917 2506 988 αὐθαδέστερον
2537 919 2614 990 τῷ
2650 918 2790 990 μετά
2827 919 3002 974 ταῦτα
3047 922 3348 993 κεχρῆσθαι
3388 921 3507 994 βίῳ,
3537 923 3787 996 καθάπερ

2117 1005 2258 1067 τινὸς
2287 1006 2534 1078 ἀνάγκης
2558 1009 2652 1062 καὶ
2683 1007 3004 1072 δεσποτείας
3031 1009 3130 1079 τῆς
3157 1010 3290 1080 πρὸς
3319 1011 3410 1063 τὸν
3430 1011 3607 1082 ἀνδρα
3631 1009 3790 1076 συζυ-

2116 1091 2240 1160 γίας
2262 1093 2687 1163 ἀπαλλαγείσας,
2714 1096 2789 1160 ώς
2811 1096 2906 1150 καὶ
2927 1097 3170 1168 πονηρὰν
3197 1098 3610 1153 ἐπισπάσασθαι
3635 1098 3791 1164 δόξαν

2116 1180 2205 1235 διά
2229 1182 2328 1252 τῆς
2363 1183 2706 1254 ἰταμότητος,
2733 1185 2964 1253 ἀπάγων
2991 1185 3160 1249 αὐτὰς
3181 1186 3279 1258 τῆς
3306 1186 3554 1258 ὀλεθρίου
3585 1188 3793 1257 ταύτης

2119 1272 2452 1344 ἐλευθερίας,
2485 1273 2646 1327 πάλιν
2693 1274 2786 1328 ἐπὶ
2819 1274 2910 1328 τὸν
2946 1274 3108 1343 ζυγὸν
3140 1275 3262 1344 άγει
3295 1276 3384 1329 τὸν
3413 1277 3707 1349 πρότερον.
3734 1279 3794 1332 Εί

2119 1364 2228 1434 γάρ
2252 1366 2431 1436 μέλλοι
2450 1384 2552 1430 τις,
2573 1367 2724 1437 φησὶ,
2745 1369 2889 1439 χήρα
2905 1364 3039 1421 οὖσα
3057 1368 3232 1440 λάθρα
3250 1370 3533 1442 πορνεύειν
3549 1372 3646 1424 καὶ
3666 1389 3795 1424 κατ-

2120 1453 2394 1524 αισχύνειν
2425 1456 2643 1529 ἐαυτὴν,
2683 1456 2862 1527 πολλῷ
2891 1457 3098 1528 βέλτιον
3119 1461 3340 1530 γαμεῖν,
3375 1459 3470 1512 καὶ
3489 1458 3798 1528 μηδεμίαν

2119 1551 2348 1608 διδόναι
2381 1553 2462 1619 τῷ
2501 1554 2886 1626 ἀντικειμένῳ
2913 1555 3194 1626 ἀφορμὴν
3229 1556 3536 1625 λοιδορίας
3573 1557 3756 1626 χάριν
3776 1570 3797 1591 ο

2122 1652 2261 1706 ὥστε
2295 1651 2383 1707 διὰ
2415 1655 2476 1706 τὸ
2513 1655 2587 1726 μὴ
2623 1652 2884 1726 παρέχειν
2927 1653 3028 1720 τάς
3070 1655 3326 1727 ἀφορμάς
3355 1655 3454 1726 τῆς
3496 1655 3796 1727 λοιδορίας,

2123 1751 2215 1804 καὶ
2255 1751 2369 1822 βίον
2401 1751 2729 1823 ἐφύὸριστον
2755 1753 2855 1822 ζῇν
2883 1753 2978 1806 καὶ
3011 1752 3292 1821 πορνικὸν,
3345 1751 3437 1806 τὸν
3479 1755 3668 1824 γάμον
3705 1757 3800 1809 ἐπ-

2123 1847 2331 1914 έταξεν.
2354 1851 2549 1904 Ἀκουε
2569 1849 2700 1918 γοῦν
2729 1851 2822 1905 καὶ
2849 1852 2949 1904 ὃσα
2969 1849 3148 1904 αὐτῶν
3173 1853 3488 1922 κατηγορεῖ.
3524 1852 3666 1906 Δέον
3691 1855 3798 1926 γάρ

2124 1949 2204 2011 εἰς
2245 1946 2554 2019 προσευχάς
2578 1949 2876 2018 τετράφθαι
2906 1948 2998 2001 τὸν
3022 1949 3238 2002 ἅπαντα
3273 1949 3461 2020 χρόνον
3493 1949 3594 2003 καὶ
3624 1952 3802 2024 ἱκετη-

2128 2047 2249 2118 ρίας
2269 2061 2282 2076 ·
2313 2050 2384 2102 Al
2410 2034 2513 2108 δὲ’,
2547 2049 2700 2118 φησὶ,
2730 2048 2828 2102 καὶ
2859 2048 3034 2116 ἀργαί
3069 2048 3451 2118 μανθάνουσι
3483 2049 3801 2120 περιερχό-

2119 2161 2294 2214 μεναι
2314 2145 2418 2211 τὰς
2435 2145 2655 2212 οἰκίας·
2687 2146 2759 2199 οὐ
2780 2147 2974 2214 μόνον
2993 2145 3060 2198 δὲ
3075 2145 3270 2214 ἀργαὶ,
3293 2145 3454 2199 ἀλλὰ
3475 2146 3574 2200 καὶ
3605 2147 3802 2214 φλύα-

2118 2262 2214 2312 ροι
2229 2242 2323 2297 καί
2349 2244 2664 2312 περίεργοι,
2684 2241 2985 2296 λαλοῦσαι
3005 2240 3076 2296 τὰ
3086 2239 3170 2310 μὴ
3189 2240 3423 2295 δέοντα.
3441 2240 3620 2304 Αὐτὸς
3636 2241 3694 2294 δὲ
3709 2241 3803 2312 οὐχ

2125 2338 2267 2393 οῦτω
2293 2338 2561 2410 βούλεται,
2591 2337 2724 2392 ἀλλά
2753 2336 3137 2409 προσηλῶσθαι
3161 2335 3329 2408 αὐτὴν
3359 2336 3663 2402 διαπαντὸς
3696 2340 3804 2401 tot;

2130 2436 2518 2503 πνευματικοῖς
2538 2450 2552 2465 °
2589 2434 2659 2489 Ἦ
2679 2433 2786 2504 γὰρ
2804 2431 3199 2495 σπαταλῶσα,
3221 2433 3375 2504 φησὶ,
3399 2432 3554 2493 ζῶσα
3591 2432 3794 2499 τέθνηι

2128 2550 2254 2587 κεν.
2298 2533 2449 2586 Ἐπεὶ
2476 2534 2569 2586 καὶ
2591 2531 2686 2603 τὴν
2711 2530 3000 2603 παρθένον,
3027 2530 3087 2583 ού
3111 2532 3178 2601 τῇ
3199 2529 3291 2583 τοῦ
3323 2528 3578 2600 σώματος
3611 2531 3806 2601 ἀγνείᾳ

2131 2629 2380 2700 βούλεται
2412 2630 2616 2701 ὁρίζειν
2651 2629 2811 2683 τοῦτο
2836 2629 2897 2682 τὸ
2924 2628 3088 2682 καλὸν
3113 2625 3288 2700 [554],
3327 2626 3461 2682 ἀλλά
3488 2629 3594 2698 τὴν
3626 2630 3805 2682 πᾶσαν

2131 2731 2326 2802 σχολὴν
2360 2732 2441 2795 είς
2483 2729 2582 2802 τὴν
2625 2729 2881 2802 λατρείαν
2926 2727 3243 2784 ἀναλίσκειν
3286 2729 3382 2784 τοῦ
3416 2729 3583 2784 Θεοῦ.
3625 2731 3806 2785 Τοῦτο

2129 2827 2259 2898 γάρ.
2292 2827 2446 2897 φησὶ,
2467 2825 2624 2896 ,λέγω
2649 2825 2814 2896 ὑμῖν,
2839 2824 3073 2894 οὐχίνα
3089 2826 3326 2894 ,ϐρόχον
3347 2825 3491 2896 ὑμῖν
3513 2826 3804 2893 ἐπιϐάλω,

2129 2923 2291 2978 ἀλλὰ
2327 2922 2480 2991 πρὸς
2500 2921 2567 2976 τὸ
2587 2923 2902 2991 εὔσχημον
2925 2921 3024 2975 καὶ
3046 2921 3461 2992 εὐπρόσεδρον
3496 2921 3579 2987 τῷ
3610 2925 3809 2991 Κυρίῳ

2131 3019 2613 3088 ἀπερισπάστως.
2645 3017 2720 3071 Οὐ
2756 3017 2864 3089 γὰρ
2905 3016 3052 3071 θέλει
3091 3017 3262 3089 αὐτὴν
3296 3019 3650 3090 μερίζεσθαι,
3692 3020 3807 3074 ἀλλ’

2132 3117 2259 3188 ὃλην
2288 3113 2428 3171 εἶναι
2459 3115 2568 3170 τῶν
2603 3114 2994 3187 πνευματικῶν
3032 3114 3123 3170 καὶ
3156 3115 3265 3170 τῶν
3294 3117 3352 3170 ἐν
3392 3119 3504 3181 τοῖς
3529 3117 3807 3190 οὐρανοῖς,

2133 3215 2228 3270 καὶ⁵
2249 3214 2317 3268 τά
2341 3213 2435 3268 τοῦ
2459 3212 2663 3284 Κυρίου
2699 3213 2989 3284 μεριμνᾷν.
3027 3211 3182 3266 Οῦτω
3205 3213 3297 3266 καὶ
3324 3211 3423 3284 τὴν
3453 3213 3636 3283 χήραν
3657 3215 3811 3267 πολι-

2132 3310 2382 3365 τεύεσθαι
2417 3311 2671 3381 παραινεῖ
2696 3309 2869 3378 λέγων
2886 3325 2900 3340 ο
2946 3307 3016 3362 Ἡ
3035 3306 3104 3361 δὲ
3123 3306 3308 3374 ὄντως
3320 3307 3476 3377 χήρα
3510 3309 3614 3363 καί
3627 3326 3810 3378 μεμο-

2132 3404 2366 3476 νωμένη
2400 3406 2664 3476 ἤλπισεν
2689 3407 2714 3445 d
2743 3405 2843 3459 ἐπὶ
2880 3405 2988 3459 τὸν
3005 3404 3175 3473 Θεὸν,
3207 3405 3304 3458 καί
3334 3403 3666 3473 προσμένει
3684 3403 3810 3470 ταῖς

2133 3503 2414 3570 δεήσεσι,
2454 3503 2552 3556 καὶ
2584 3502 2722 3570 ,ταῖς
2750 3499 3117 3570 προσευχαῖς
3150 3499 3372 3566 νυκτὸς
3415 3500 3510 3553 καὶ
3557 3499 3811 3570 ἡμέρας.

2137 3601 2305 3654 Ὅταν
2319 3594 2413 3652 οὗ)
2431 3596 2530 3668 τὴν
2561 3597 2756 3667 σχολὴν
2772 3597 2838 3668 ἢν
2863 3598 2919 3649 ἐν
2944 3597 3057 3660 τοῖς
3085 3595 3462 3664 εὐαγγελικοῖς
3484 3596 3811 3666 πράγμασιν

2135 3693 2444 3748 ἀναλίσκειν
2494 3691 2624 3765 χρὴ,
2653 3689 2855 3761 ταύτην
2887 3689 2962 3760 μὴ
3013 3689 3174 3760 μόνον
3207 3691 3287 3753 είς
3315 3691 3542 3762 περιττά
3588 3692 3690 3744 καὶ
3733 3693 3816 3744 ἀν-

2136 3789 2341 3861 ωφελῆ,
2384 3787 2519 3842 ἀλλά
2552 3788 2647 3841 καὶ
2684 3789 2764 3850 εἰς
2791 3786 2858 3838 τὰ
2906 3786 3107 3856 σφόδρα
3135 3786 3402 3858 ἐπιϐλαδῆ
3436 3787 3588 3858 παρὰ
3636 3789 3816 3842 πάντα

2137 3884 2417 3940 δαπανῶσι
2447 3883 2538 3937 τὸν
2567 3882 2701 3954 βίον,
2733 3881 2957 3945 εἰκότως
2991 3881 3162 3946 αύτάς
3193 3882 3290 3937 ἐπὶ
3320 3882 3410 3936 τὸν
3459 3883 3644 3954 γάμον
3691 3885 3814 3951 ἀίει

2138 3981 2343 4036 λοιπόν.
2367 3978 2632 4050 Καθάπερ
2651 3975 2745 4033 οὖν
2774 3979 2868 4032 καὶ
2907 3979 3185 4043 Ἰουδαίοις
3213 3979 3276 4032 τὸ
3305 3978 3578 4034 σάϐϐατον
3611 3981 3814 4035 ἔδωκεν

2138 4083 2168 4135 ό
2194 4080 2348 4144 Θεὸς,
2393 4079 2490 4149 οὐχ
2527 4079 2613 4131 ἵνα
2643 4077 2890 4150 ἀργῶσιν
2923 4077 3130 4144 άπλῶς,
3167 4076 3282 4130 ἀλλ’
3316 4077 3403 4130 ἵνα
3425 4075 3534 4130 τῶν
3558 4078 3816 4148 πονηρῶν

2141 4177 2451 4249 ἀπέχωνται
2482 4172 2734 4246 πράξεων
2755 4191 2769 4206 ο
2799 4174 2942 4228 οῦτω
2969 4175 3063 4228 καὶ
3094 4175 3126 4245 ὴ
3155 4175 3298 4246 χήρα
3328 4174 3421 4228 καὶ
3451 4174 3484 4244 ἡ
3519 4173 3814 4246 παρθένος,

2141 4277 2239 4348 οὐχ
2269 4275 2356 4330 ἵνα
2381 4272 2568 4338 ἁπλῶς
2601 4273 2675 4345 μὴ
2701 4272 2961 4342 ὁμιλῶσιν
2991 4272 3170 4344 ἀνδρὶ,
3187 4273 3378 4326 τοῦτον
3408 4273 3699 4345 αἱροῦνται
3731 4275 3817 4327 τὸν

2145 4373 2278 4445 βίον,
2305 4372 2418 4426 ἀλλ’
2451 4371 2538 4424 ἴνα
2556 4369 2624 4423 τά
2647 4368 2740 4424 τοῦ
2764 4369 2968 4440 Κυρίου
3001 4369 3361 4441 μεριμνῶσιν,
3394 4369 3482 4423 ἵνα
3504 4371 3564 4436 ἐξ
3588 4370 3818 4442 ὁλοκλή-

2148 4489 2241 4545 ρου
2262 4474 2328 4542 τῇ
2357 4468 2452 4524 τοῦ
2476 4466 2612 4522 Θεοῦ
2642 4479 2665 4507 ο
2695 4467 2964 4538 θεραπείᾳ
2993 4465 3420 4538 προσεδρεύωσι.

2212 4570 2274 4624 δ’.
2293 4569 2421 4634 Ναὶ,
2442 4567 2623 4639 φησίν·
2644 4564 2758 4619 ἀλλ’
2773 4564 3044 4636 ἀφόρητον
3059 4564 3208 4618 ἔσται
3223 4564 3390 4618 κακὸν
3405 4565 3644 4632 γυναῖκα
3656 4559 3820 4619 οὖσαν

2145 4667 2485 4740 πραγμάτων
2511 4665 2738 4736 ἀπειρον
2771 4663 2839 4716 τὰ
2867 4661 2974 4716 τῶν
3002 4661 3213 4733 ἀνδρῶν
3241 4660 3656 4729 ἀναγκάζεσθαι
3689 4663 3820 4715 ὑπο-

2149 4766 2350 4836 μένειν.
2381 4762 2518 4816 υῦτε
2538 4761 2644 4832 γάρ
2666 4759 2805 4831 αὑτὴ
2831 4758 3209 4829 μεταχειρίσαι
3229 4758 3539 4828 δυνήσεται,
3564 4758 3821 4826 καθάπερ

2146 4864 2368 4925 ἐκεῖνος,
2397 4860 2490 4914 καὶ
2516 4857 2724 4926 θλίψεις
2758 4857 2868 4911 ἀπὸ
2894 4855 3097 4909 τούτων
3129 4855 3224 4908 καὶ
3250 4853 3310 4908 τὸ
3344 4854 3520 4907 πάντα
3552 4855 3821 4908 ἀπολέσαι

2147 4960 2397 5031 κερδανεῖ
2433 4957 2612 5029 μόνον.
2653 4951 2780 5027 Ἆρ’
2811 4950 2904 5008 οὖν
2938 4955 3110 5006 πᾶσαι
3140 4952 3196 5004 αἱ
3232 4950 3307 5022 μὴ
3327 4950 3604 5020 δευτέροις
3633 4951 3821 5022 ὁμιλή-

2150 5075 2311 5112 σασαι
2345 5056 2542 5128 γάμοις
2577 5056 2752 5109 πάντα
2784 5051 3074 5106 ἀπώλεσαν
3110 5048 3180 5102 τά
3218 5048 3429 5113 αὐτῶν,
3461 5049 3556 5102 καὶ
3604 5050 3822 5103 πάντων

2147 5153 2422 5219 ἐξέπεσον,
2452 5154 2546 5208 καὶ
2569 5153 2668 5205 οὐκ
2690 5150 2836 5204 ἐστιν
2861 5148 2988 5202 ίδεῖν
3018 5149 3253 5217 γυναῖκα
3281 5148 3454 5218 χήραν
3480 5149 3822 5220 πραγμάτων

2147 5250 2580 5322 προῖσταμένην;
2618 5248 2823 5317 Σκῆψις
2859 5245 3035 5300 ταῦτα
3067 5245 3161 5299 καὶ
3190 5243 3462 5314 πρόφασις
3493 5244 3589 5298 καὶ
3617 5245 3722 5314 τῆς
3753 5248 3823 5298 οξ-

2149 5348 2301 5412 κείας
2322 5345 2606 5409 ἀσθενείας
2627 5344 3093 5417 προκαλύμματα.
3121 5341 3321 5396 Πολλαὶ
3344 5341 3454 5413 γάρ
3475 5341 3590 5395 τῶν
3612 5341 3820 5413 ἀνδρῶν

2149 5443 2520 5517 γενναιότερον
2545 5442 2640 5494 καὶ
2660 5441 2837 5504 οἰκίας
2861 5440 3225 5512 προέστησαν,
3257 5439 3350 5492 καὶ
3380 5437 3578 5503 παῖδας
3606 5437 3822 5510 ἐξέθρε-

2211 5620 2236 5661 δ
2261 5619 2398 5674 Colb.
2421 5621 2634 5677 ἤλπισεν.

2217 5689 2240 5718 ⁶
2265 5683 2400 5738 Colb.
2426 5681 2512 5732 τοῦ
2535 5683 2729 5748 Κυρίου.
