3898 6284
254 289 358 343 613

254 389 489 447 gemunt.
521 377 671 448 Quod
698 377 741 432 si
769 387 1024 449 prieterea
1051 377 1233 449 pupilli
1261 377 1527 444 aliut-rint,
1556 377 1600 432 si
1625 378 1835 447 quidem

256 474 409 527 valde
435 472 584 542 pueri
626 472 772 539 sint,
803 486 1050 539 magnum
1076 471 1143 525 ah
1170 471 1234 526 iis
1257 512 1271 537 ,
1303 471 1391 540 qui
1427 472 1491 524 de
1519 471 1676 524 rebus
1696 469 1841 540 judi-

255 580 376 618 care
418 573 658 633 queunt,
694 562 748 621 in
774 571 996 616 matrem
1026 561 1206 615 odium
1250 561 1482 616 excitant
1512 578 1526 614 :
1558 560 1638 615 sin
1666 568 1842 614 autem

259 656 526 725 puberes,
583 663 824 719 tantam,
878 664 1132 724 quantam
1185 654 1275 707 vix
1324 653 1463 707 aliud
1515 653 1841 723 quidquam,

258 747 555 801 molestiam
574 762 692 800 com
702 756 905 815 parant.
924 745 1051 813 Qua:
1067 744 1279 814 quidem
1302 746 1479 799 omnia
1496 759 1615 799 cum
1636 743 1845 814 legisla-

258 850 400 893 tores
428 837 932 903 animadverterent,
953 846 1006 892 et
1020 852 1133 903 eos,
1152 838 1240 907 qui
1264 846 1541 907 propterea
1558 846 1842 907 anguntur,

256 930 526 983 C(iﬂsOlal'i
553 929 771 994 vellent,
792 937 845 982 et
873 928 1031 983 simul
1056 929 1136 982 sui
1161 926 1283 982 lacti
1312 927 1570 981 rationem
1601 926 1843 992 reddere,

257 1019 400 1090 quod
449 1035 557 1073 non
598 1035 663 1074 ex
710 1019 978 1089 proposito
1025 1018 1109 1073 vel
1150 1033 1214 1074 cx
1260 1017 1502 1089 professo
1546 1017 1845 1086 hujusmodi

259 1111 661 1165 matrimonium
690 1111 1024 1165 instituerent
1048 1151 1062 1175 ,
1093 1109 1185 1164 sed
1213 1118 1414 1164 tantum
1440 1118 1583 1163 metu
1609 1107 1844 1173 adducti,

258 1218 329 1256 ne
392 1202 614 1272 gravius
667 1201 879 1271 aliquod
935 1201 1130 1255 malum
1186 1202 1518 1265 exsisteret,
1588 1198 1850 1254 secundas

262 1296 477 1364 nuptias
504 1295 649 1351 omni
675 1295 765 1349 illa
790 1293 1062 1366 Splendida
1088 1308 1279 1364 pompa
1306 1292 1602 1363 Spoliarunt
1635 1309 1647 1345 :
1680 1306 1851 1359 neque

262 1388 406 1442 enim
436 1386 563 1441 tibia
587 1427 603 1452 ,
630 1401 805 1455 neque
828 1385 1064 1456 plausus,
1095 1400 1266 1454 neque
1306 1385 1612 1455 hymenaeus
1636 1424 1650 1448 ,
1681 1397 1853 1452 neque

264 1480 479 1535 choreae
503 1522 518 1545 ,
554 1494 726 1550 neque
751 1494 963 1533 coronae
993 1478 1251 1546 nuptiales
1278 1519 1292 1540 ,
1326 1491 1499 1545 neque
1526 1474 1667 1529 aliud
1696 1474 1851 1545 quid-

266 1572 409 1640 piam
437 1571 696 1639 ejusmodi
723 1585 999 1639 veSpcram
1029 1569 1170 1623 illam
1196 1575 1407 1630 ornant,
1426 1566 1519 1621 sed
1549 1565 1661 1619 lucc
1677 1566 1852 1619 omnia

266 1662 611 1728 auferentes,
660 1661 738 1714 sic
788 1677 893 1715 non
943 1667 1254 1715 coronatum
1303 1658 1471 1713 virum
1522 1657 1588 1711 ad
1641 1655 1853 1710 viduam

270 1755 551 1809 mulierem
594 1752 864 1807 adducunt
895 1769 909 1805 :
942 1760 1144 1806 tantunt
1193 1766 1297 1805 non
1343 1766 1439 1820 per
1463 1749 1578 1804 haec
1619 1750 1856 1803 claman-

273 1855 390 1910 tes,
420 1860 541 1916 quze
587 1844 716 1899 ﬁunt
743 1843 919 1899 omnia
964 1858 1085 1898 esse
1124 1842 1335 1912 quidem
1376 1839 1637 1911 ejusmodi
1664 1839 1857 1910 quibus

271 1937 425 1989 venia
457 1936 634 2003 detur,
665 1936 760 1991 sed
787 1934 1048 2001 laudibus,
1073 1933 1305 1998 coronis,
1342 1932 1611 2001 plausibus
1638 1932 1859 1987 minime

273 2026 452 2097 digna.

348 2122 403 2175 5.
448 2120 552 2174 Cur
572 2118 770 2172 Paulus
792 2118 1022 2189 juniores
1049 2116 1226 2169 viduas
1255 2114 1439 2168 nubere
1476 2114 1607 2168 velit.
1651 2142 1721 2153 —
1757 2110 1865 2167 Cur

281 2212 463 2281 igitur,
494 2211 662 2273 dices,
694 2210 889 2263 Paulus
921 2207 1204 2278 prohibet,
1235 2223 1301 2261 ne
1323 2206 1593 2276 juniores,
1619 2205 1778 2260 etiam
1820 2205 1863 2257 si

279 2306 479 2371 velint,
532 2303 703 2357 vidua:
742 2300 1033 2356 maneant?
1075 2300 1147 2354 ita
1200 2299 1340 2354 enim
1386 2297 1572 2352 scribit
1620 2314 1634 2351 :
1674 2296 1863 2349 Adole-

282 2397 549 2450 scentiores
590 2403 756 2448 autem
806 2393 982 2447 viduas
1023 2390 1186 2445 devita
1236 2390 1314 2461 (l.
1351 2387 1488 2443 Tim.
1519 2388 1572 2444 5.
1610 2388 1716 2458 ll).
1750 2386 1865 2441 Non

283 2502 411 2542 sane
435 2485 631 2540 Paulus
675 2485 1055 2555 impedimento
1087 2493 1188 2547 est,
1218 2481 1502 2552 quominus
1527 2495 1648 2550 quae
1685 2479 1869 2533 volunt

284 2579 645 2649 virginitatem
668 2584 902 2641 servent,
933 2574 1027 2630 sed
1056 2573 1186 2644 ipsae
1215 2572 1391 2642 potius
1419 2578 1562 2636 sunt,
1578 2584 1704 2639 qua:
1734 2569 1872 2623 Pana

285 2670 393 2725 lum
425 2684 493 2724 eo
521 2668 856 2724 necessitatis
881 2667 1208 2735 adegerunt,
1250 2674 1306 2719 ut
1349 2671 1542 2734 praeter
1582 2660 1745 2715 animi
1789 2658 1870 2713 sui

287 2762 603 2818 sententiam
632 2760 768 2815 hanc
794 2760 923 2830 ipsis
954 2759 1124 2829 legem
1145 2756 1328 2812 ferret.
1352 2755 1482 2810 Nam
1513 2756 1557 2809 si
1588 2752 1733 2809 Pauli
1750 2766 1872 2807 scn-

290 2856 507 2909 tentiam
537 2853 617 2907 vis
646 2866 986 2923 cognoscere,
1015 2849 1137 2903 audi
1165 2848 1289 2919 quid
1322 2847 1501 2902 dicat:
1540 2846 1667 2902 Volo
1703 2862 1873 2900 omnes

292 2945 516 2998 homines
543 2958 651 2996 esse
676 2944 805 2997 sicut
842 2942 1086 3011 meipsum
1111 2940 1187 3011 (ι.
1211 2938 1331 2994 Cor.
1360 2940 1413 2993 7.
1431 2937 1488 3012 7)
1513 2956 1525 2991 :
1560 2938 1611 2992 id
1630 2946 1713 2993 est
1739 2952 1873 2991 con-

294 3037 569 3092 tinentiam
596 3050 829 3091 servare.
861 3034 1220 3102 Quamobrem
1249 3048 1354 3086 non
1396 3031 1498 3086 sibi
1538 3031 1639 3102 ipsi
1684 3032 1876 3086 adver-

295 3140 439 3184 satur
470 3129 658 3183 beatus
680 3127 789 3193 ille,
824 3141 999 3197 neque
1028 3126 1167 3180 inter
1208 3140 1267 3180 se
1306 3126 1591 3195 pugnantia
1626 3124 1875 3191 loquitur,

298 3236 394 3275 nec
424 3221 512 3290 qui
554 3220 683 3273 velit
722 3233 909 3273 omnes
957 3217 1201 3271 homines
1246 3216 1424 3269 colere
1472 3215 1878 3281 continentiam,

298 3310 538 3364 obstaret
566 3324 671 3379 qno
714 3309 889 3361 minus
919 3322 1037 3377 qua:
1064 3306 1249 3361 volunt
1278 3305 1447 3359 vidua:
1475 3315 1741 3360 maneant.
1774 3304 1882 3359 Cur

300 3419 427 3473 ergo
452 3402 617 3457 dicit:
644 3402 1068 3456 Adolescentiores
1089 3410 1254 3453 autem
1277 3398 1450 3452 viduas
1469 3398 1631 3451 devita
1649 3401 1667 3466 (
1680 3400 1723 3451 l.
1748 3397 1880 3450 Tim.

304 3497 355 3551 5.
385 3496 478 3564 H)
497 3495 522 3546 ?
542 3494 625 3548 dic
648 3511 743 3549 cur
769 3504 824 3549 et
850 3510 949 3563 qua
979 3493 1045 3547 de
1074 3508 1250 3546 causa.
1282 3491 1398 3545 Non
1438 3491 1579 3545 enim
1604 3491 1703 3544 ista
1729 3489 1885 3545 abso-

303 3587 411 3640 lute
442 3585 699 3656 protulit,
732 3585 825 3639 sed
853 3599 1068 3639 causam
1096 3583 1337 3653 adjunxit
1365 3601 1375 3636 :
1405 3581 1530 3637 Cum
1563 3582 1694 3635 enim
1733 3582 1879 3635 laxu-

303 3681 446 3731 riata:
465 3679 655 3747 fuerint
682 3678 733 3730 in
764 3676 984 3743 Christo,
1018 3676 1198 3729 nubere
1218 3677 1408 3729 volunt.
1444 3676 1600 3730 Vides
1629 3690 1731 3728 non
1772 3690 1884 3740 eas,

304 3787 423 3839 qua:
452 3770 763 3825 viduitatem
792 3783 1010 3823 servare
1040 3768 1243 3832 volunt,
1270 3767 1362 3822 sed
1390 3782 1507 3837 qua:
1540 3777 1814 3837 postquam
1837 3767 1888 3819 in

304 3864 616 3917 viduitatem
662 3862 990 3925 inciderunt,
1032 3860 1335 3916 nubendum
1373 3859 1474 3914 sibi
1513 3868 1781 3925 Statuunt,
1824 3858 1891 3912 ab

306 3957 399 4010 illo
428 3954 699 4025 prohiberi
731 3970 797 4009 ne
824 3953 993 4008 vidua:
1024 3963 1294 4019 maneant,
1325 3967 1459 4006 neve
1498 3950 1551 4006 in
1582 3966 1791 4005 sacrum
1824 3950 1890 4005 il-

308 4047 417 4101 lum
444 4046 668 4101 chorum
692 4044 1056 4112 admittuntur,
1088 4044 1244 4114 idque
1274 4042 1427 4098 valde
1450 4042 1734 4112 sapienter.
1760 4041 1893 4096 Nam

309 4142 354 4195 si
397 4139 556 4194 alteri
597 4139 935 4193 matrimonio
975 4137 1220 4208 illiganda
1272 4152 1351 4204 es,
1407 4152 1580 4207 neque
1629 4136 1896 4207 spondere

311 4234 472 4289 etiam
501 4234 809 4287 viduitatem
840 4232 1022 4287 debes.
1052 4231 1182 4285 Nam
1206 4239 1324 4301 post
1355 4229 1758 4299 promissionem
1782 4245 1894 4283 mu-

314 4334 427 4379 tare
444 4324 761 4378 sententiam
778 4324 930 4392 longe
947 4322 1181 4376 deterius
1202 4331 1301 4382 est,
1316 4337 1472 4391 quam
1492 4336 1664 4391 neque
1680 4321 1898 4376 omnino

317 4415 652 4486 promittere.
700 4411 1160 4480 Quemadmodum
1205 4411 1363 4482 igitur
1404 4412 1672 4466 assiduam
1717 4410 1898 4465 liberis

316 4522 538 4576 cperam
567 4505 695 4560 dare
720 4505 979 4575 permisit,
1008 4520 1114 4557 non
1144 4503 1315 4572 legem
1356 4513 1615 4569 statuens,
1649 4503 1741 4558 sed
1770 4504 1898 4574 ipsis

317 4598 603 4668 indulgens
631 4615 645 4651 :
678 4598 756 4652 sic
782 4598 923 4653 enim
953 4596 1144 4666 inquit,
1165 4595 1277 4649 Hoc
1298 4606 1463 4649 autem
1486 4596 1599 4648 dico
1628 4596 1899 4649 secundum

314 4691 704 4762 indulgentiam,
730 4707 828 4743 non
863 4690 1135 4742 secundant
1164 4690 1451 4753 imperium,
1485 4698 1688 4759 propter
1722 4688 1899 4742 incon-

318 4785 584 4838 tinentiam
610 4793 821 4837 vestram
853 4782 930 4856 (Ι.
964 4781 1082 4837 Cor.
1110 4783 1165 4838 7.
1189 4777 1245 4848 6)
1276 4799 1289 4835 :
1333 4782 1402 4836 ita
1447 4782 1546 4836 hoc
1587 4782 1746 4837 etiam
1784 4782 1903 4837 loco

310 4875 580 4946 gravioris
602 4874 727 4928 mali
754 4884 897 4929 metu
916 4872 1204 4927 secundum
1228 4865 1460 4927 instituit
1483 4871 1902 4939 matrimonium,

318 4966 612 5021 ostendens
639 4966 742 5020 hoc
769 4979 979 5037 quoque
1009 4963 1346 5033 indulgentia:
1373 4978 1491 5018 esse
1525 4962 1589 5017 ad
1617 4962 1904 5017 multorum

320 5059 685 5113 inﬁrmitatem
716 5072 835 5112 sese
860 5056 1331 5111 accommodantis.
1347 5055 1710 5110 lniirtniLatem
1730 5066 1906 5110 autem

319 5153 443 5206 dico
474 5167 580 5204 non
613 5149 885 5219 potentiae,
922 5147 1013 5202 sed
1052 5148 1359 5201 voluntatis.
1390 5147 1519 5201 Nam
1556 5146 1907 5216 quemadmo-

320 5245 448 5299 dum
476 5243 649 5312 virgo,
678 5241 721 5295 si
751 5248 871 5311 post
899 5242 1214 5309 promissam
1247 5239 1601 5307 virginitatem
1641 5253 1699 5292 se
1723 5237 1910 5292 violari

322 5338 530 5404 siverit,
557 5336 760 5391 facinus
785 5333 1047 5388 adulterio
1076 5332 1290 5404 gravius
1327 5332 1646 5401 perpetravit
1693 5349 1707 5384 :
1742 5331 1813 5385 ita
1856 5340 1910 5385 et

324 5432 503 5497 vidua,
531 5446 651 5502 quae
677 5430 839 5485 semel
864 5428 1126 5499 promisit,
1159 5427 1202 5481 si
1231 5427 1423 5483 deinde
1450 5427 1747 5497 pactionem
1789 5442 1910 5481 cntn

327 5522 437 5577 Deo
467 5522 661 5575 factam
700 5520 1018 5575 conculcans
1047 5520 1235 5575 eodem
1280 5519 1504 5574 crimine
1540 5534 1600 5573 se
1641 5518 1908 5588 polluerit,

326 5613 501 5668 eidem
531 5627 745 5684 quoque
771 5612 1032 5683 supplicio
1051 5611 1279 5666 obnoxia
1307 5619 1406 5677 est,
1452 5626 1513 5666 ac
1550 5610 1686 5664 forte
1726 5611 1909 5677 etiam,

326 5708 370 5762 si
412 5708 535 5763 licet
572 5707 771 5762 mirum
803 5705 1055 5776 quiddam
1097 5704 1308 5774 dicere,
1350 5704 1507 5775 longe
1541 5703 1752 5773 majori.
1793 5703 1911 5760 Non

1353 286 1440 341 DE
1478 285 1616 341 NON
1654 285 2003 343 ITERANDO
2038 287 2389 347 CONJUGIO.

1951 299 2003 343 υ
2038 299 2389 347 UUNJUGIO.
3431 299 3532 353 6N

1951 381 2093 435 enim
2124 382 2263 436 idem
2306 395 2410 446 est,
2441 394 2497 437 ut
2534 385 2686 439 initio
2719 384 2981 452 dicebam,
3031 388 3330 459 imperitam
3375 402 3535 459 atque

1952 488 2048 526 usu
2068 474 2176 543 jam
2202 474 2447 530 edomam
2496 477 2685 533 iisdem
2737 482 3085 536 succumbere
3135 483 3537 536 tentationihus.

1950 562 2133 633 Neque
2159 580 2287 619 vero
2317 565 2419 620 hoc
2449 567 2566 622 loco
2591 568 2888 636 dumtaxat,
2912 571 3003 625 sed
3026 572 3185 625 etiam
3216 574 3372 641 paulo
3395 582 3536 643 post,

1951 667 2071 706 cum
2102 654 2213 708 haec
2244 657 2610 725 praemisisset,
2642 657 2770 713 Volo
2813 676 2903 731 ego
2933 662 3166 731 juniores
3212 663 3389 717 viduas
3439 680 3537 717 na-

1952 744 2083 810 bere,
2115 748 2248 815 ﬁlios
2267 765 2551 817 procreare,
2583 761 2768 806 matres
2799 754 3020 823 familias
3058 770 3165 808 esse
3191 754 3269 825 (Ι.
3308 753 3444 808 Tim.
3484 755 3539 809 5.

1955 837 2069 909 ll),
2094 853 2307 893 causam
2336 840 2534 904 subdit,
2568 856 2664 896 cur
2688 842 2827 897 istud
2855 844 2997 897 velit.
3026 845 3157 912 Quae
3182 860 3243 900 ea
3260 848 3374 901 est?
3407 844 3545 899 Nul-

1954 930 2077 992 lam,
2104 930 2294 1000 inquit,
2326 934 2639 986 occasionem
2665 934 2788 987 dare
2821 935 3110 990 adversario
3142 936 3397 991 maledicti
3424 954 3544 1007 gra-

1955 1019 2044 1071 tia.
2074 1018 2205 1072 Nam
2231 1022 2481 1088 quoniam
2512 1024 2799 1079 verisimile
2834 1034 2917 1079 est
2971 1027 3163 1081 multas
3194 1042 3260 1082 eo
3304 1039 3547 1098 tempore

1956 1109 2140 1163 viduas
2168 1121 2290 1179 post
2319 1112 2416 1166 viri
2438 1113 2643 1168 obitum
2674 1115 2942 1183 licentius,
2973 1118 3247 1187 magisque
3286 1120 3545 1173 arbitratu

1957 1217 2054 1254 suo
2082 1203 2262 1257 vivere
2289 1204 2495 1271 solitas,
2520 1220 2549 1257 a
2577 1206 2674 1259 viri
2702 1207 2979 1271 societate,
2998 1209 3147 1277 quasi
3166 1223 3195 1261 a
3230 1211 3549 1264 necessitate

1958 1292 2185 1360 quadam
2214 1308 2275 1348 ac
2305 1294 2600 1361 dominatu,
2630 1296 2845 1359 liberas,
2876 1298 2946 1351 ita
2974 1308 3028 1352 ut
3065 1298 3407 1368 impudentim
3448 1314 3549 1354 no-

1960 1385 2103 1438 mine
2140 1387 2331 1441 malatn
2380 1388 2447 1441 de
2493 1405 2551 1443 se
2595 1390 2901 1457 opinionem
2951 1390 3222 1459 all'errent,
3273 1392 3547 1447 abducens

1962 1477 2102 1546 ipsas
2132 1479 2198 1533 ab
2226 1479 2323 1533 hac
2354 1483 2598 1548 pestifera
2629 1482 2894 1551 libertate,
2924 1500 3112 1539 rursus
3152 1487 3219 1539 ad
3266 1486 3549 1555 pristinum

1957 1569 2139 1637 jngnm
2168 1570 2402 1626 adducit.
2431 1571 2564 1625 Nam
2587 1574 2654 1639 si,
2689 1574 2880 1643 inquit,
2914 1575 3146 1630 futurum
3174 1584 3257 1631 est
3284 1588 3341 1631 ut
3375 1576 3549 1631 vidui-

1966 1668 2124 1714 tatem
2153 1675 2262 1729 pra:
2288 1676 2348 1717 se
2373 1660 2552 1717 ferens
2577 1665 2840 1734 quaepiam
2874 1665 3011 1720 clam
3041 1666 3329 1723 fornicatur
3350 1682 3414 1721 ac
3460 1681 3550 1721 se-

1973 1750 2139 1819 ipsam
2161 1751 2473 1819 dedecoret,
2499 1754 2654 1824 longe
2674 1756 2843 1809 satius
2870 1756 3090 1821 nubere,
3123 1772 3185 1811 ac
3212 1756 3427 1812 Nullam
3467 1772 3555 1811 oc-

1964 1841 2215 1895 casionem
2244 1842 2366 1897 dare
2388 1843 2672 1898 adversario
2691 1844 2948 1899 maledicti
2967 1847 3149 1916 gratia.
3168 1846 3554 1914 Quamobrem,

1970 1947 2035 1986 ne
2061 1933 2372 1989 occasiones
2401 1934 2701 1990 maledictis
2730 1935 2882 2004 dent,
2911 1952 2974 1991 ac
2993 1938 3155 1991 vitam
3192 1937 3554 1993 meretriciam

1968 2024 2408 2096 contumeliisque
2428 2027 2713 2081 obnoxiam
2754 2038 2935 2097 agant,
2978 2030 3371 2084 matrimonium
3421 2046 3558 2099 pra:-

1968 2117 2116 2185 cipit.
2146 2116 2281 2172 Audi
2304 2126 2432 2187 quot
2458 2130 2716 2188 praeterea
2742 2121 2847 2174 sint
2872 2136 2992 2189 qua:
3017 2120 3144 2189 ipsis
3183 2122 3311 2175 vitio
3351 2130 3544 2175 vertat.

1970 2209 2101 2264 Nam
2129 2225 2251 2265 cum
2298 2210 2559 2266 deberent
2596 2225 2757 2267 omne
2800 2226 2954 2266 suum
2994 2222 3199 2281 tempus
3231 2210 3560 2266 orationibus

1971 2312 2026 2358 et
2048 2302 2522 2372 supplicationibus
2544 2303 2764 2367 instare,
2791 2304 2905 2356 ista:
2930 2318 3079 2370 vero,
3109 2302 3298 2372 inquit,
3330 2300 3398 2355 Et
3426 2303 3558 2356 otio-

1972 2409 2043 2449 sa:
2068 2394 2267 2448 discunt
2295 2394 2561 2448 circumire
2586 2395 2795 2459 domos;
2824 2411 2924 2447 non
2962 2394 3125 2448 solum
3150 2394 3353 2461 otiosae,
3380 2392 3470 2446 sed
3513 2400 3562 2447 et

1974 2486 2210 2554 verbosa,
2238 2496 2285 2541 et
2308 2488 2544 2553 curiosae,
2576 2487 2831 2556 loquentes
2850 2501 2962 2555 quin
2995 2502 3093 2540 non
3131 2496 3323 2555 Oportet
3361 2484 3465 2557 (lb.
3509 2502 3558 2539 υ.

1978 2577 2091 2648 15).
2125 2577 2251 2633 Ηωο
2280 2592 2406 2633 vero
2432 2578 2530 2647 ipsi
2560 2577 2780 2631 minime
2808 2576 3119 2646 probantur,
3149 2576 3243 2630 sed
3285 2576 3397 2629 vult
3442 2589 3564 2645 per-

1977 2676 2139 2737 petuo
2163 2667 2352 2722 allian
2371 2682 2492 2722 esse
2512 2667 2672 2722 rebus
2700 2666 3079 2736 spiritualibus.
3106 2664 3158 2719 Ν
3164 2682 3246 2719 om
3273 2682 3387 2734 qua:
3405 2667 3458 2719 in
3477 2666 3567 2721 de-

1978 2758 2108 2813 liciis
2162 2767 2255 2825 est,
2310 2759 2497 2829 inquit,
2550 2758 2717 2813 vivens
2772 2767 2970 2812 mortua
3012 2767 3084 2812 est
3117 2759 3195 2829 (1.
3229 2756 3361 2812 Tim.
3392 2758 3445 2811 5.
3472 2759 3562 2827 6);

1978 2849 2405 2921 quandoquidem
2449 2859 2501 2905 et
2547 2850 2800 2920 virginem
2851 2849 3018 2918 ipsam
3055 2848 3169 2903 vult
3215 2848 3411 2904 bonum
3461 2847 3566 2904 hoc

1981 2956 2135 2996 suum
2167 2957 2271 2995 non
2298 2941 2537 3010 corporis
2564 2941 2806 2995 castitate
2831 2938 3071 3002 delinire.
3119 2938 3216 2994 sed
3257 2939 3566 2995 universum

1982 3035 2147 3088 otium
2169 3048 2321 3089 suum
2353 3033 2463 3089 Deo
2489 3047 2826 3099 consecrare,
2863 3041 3021 3103 atque
3062 3032 3137 3087 illi
3178 3044 3433 3102 perpetuo
3473 3031 3572 3087 de-

1985 3127 2208 3183 servire.
2266 3126 2338 3181 Ita
2391 3128 2534 3182 enim
2573 3126 2757 3182 scribit
2799 3144 2815 3181 :
2864 3125 3027 3181 Porro
3062 3128 3157 3180 hoc
3202 3126 3269 3179 ad
3305 3126 3572 3180 utilitatem

1986 3230 2200 3274 vestram
2226 3219 2359 3286 dico,
2387 3236 2488 3273 non
2518 3229 2571 3272 ut
2592 3219 2825 3289 laqueum
2853 3218 2989 3272 vobis
3018 3218 3265 3289 injiciam,
3298 3216 3385 3272 scd
3408 3217 3476 3271 ad
3494 3218 3571 3286 id,

1986 3311 2121 3381 quod
2149 3310 2411 3365 honestum
2434 3319 2525 3376 est,
2546 3319 2591 3363 et
2615 3309 2750 3379 quod
2784 3308 3075 3380 facultatem
3105 3308 3319 3379 pra'beut
3343 3310 3449 3363 sine
3470 3309 3574 3363 int-

1991 3402 2272 3472 pedimento
2308 3400 2575 3454 Dominum
2603 3399 2897 3454 obsecrandi
2928 3399 3004 3470 (1.
3047 3399 3165 3454 Cor.
3208 3400 3260 3454 7.
3299 3400 3413 3469 '55).
3458 3398 3576 3454 Non

1991 3494 2132 3548 enim
2164 3492 2332 3563 ipsam
2373 3492 2565 3561 patitur
2609 3492 2832 3546 divisam
2873 3506 3012 3557 esse,
3062 3491 3157 3546 scd
3206 3500 3369 3546 totam
3417 3489 3579 3547 rebus

1992 3586 2359 3656 spiritualibus
2391 3600 2454 3639 ac
2480 3585 2780 3639 caelestibus
2812 3584 3016 3638 haerere
3044 3584 3176 3649 vult,
3217 3593 3272 3637 et
3313 3599 3433 3654 quae
3470 3583 3579 3638 Do-

1994 3679 2123 3734 mini
2152 3688 2276 3732 sunt
2303 3692 2514 3732 curare.
2545 3676 2625 3731 Ad
2654 3676 2896 3732 eamdem
2925 3678 3046 3730 vita:
3074 3677 3333 3731 rationem
3365 3675 3579 3730 viduam

1995 3784 2206 3840 quoque
2231 3780 2405 3835 vocat,
2444 3768 2628 3823 dicens
2658 3786 2673 3825 ε
2703 3767 2829 3835 Qua:
2865 3778 3034 3821 autem
3072 3784 3182 3821 vere
3216 3767 3369 3820 vidua
3405 3775 3501 3833 est,
3535 3776 3583 3821 et

1996 3860 2223 3914 desolata
2266 3858 2484 3928 sperauit
2523 3860 2576 3911 in
2610 3857 2810 3921 Deum,
2866 3867 2913 3912 et
2958 3859 3112 3911 instat
3161 3856 3584 3912 obsecrationibus

1997 3962 2045 4006 et
2088 3951 2396 4007 orationibus
2436 3961 2578 4005 nocte
2619 3960 2667 4005 et
2715 3952 2795 4005 die
2821 3951 2917 4021 (1.
2961 3949 3093 4003 Tim.
3134 3950 3188 4003 5.
3233 3949 3309 4020 5).
3357 3947 3585 4016 Quando

1999 4045 2158 4115 igitur
2185 4044 2386 4109 otium,
2429 4042 2570 4114 quod
2602 4044 2653 4096 in
2694 4041 3012 4112 evangelicis
3054 4041 3280 4111 negotiis
3308 4040 3586 4094 insumen-

2001 4136 2126 4190 dum
2176 4145 2321 4199 erat,
2369 4133 2421 4188 id
2465 4150 2571 4189 non
2620 4131 2779 4188 modo
2816 4133 2869 4187 in
2913 4133 3073 4187 rebus
3112 4129 3453 4201 supervacuis
3506 4138 3590 4185 at-

2001 4243 2105 4298 que
2143 4226 2448 4291 inutilibus.
2496 4226 2591 4282 sed
2628 4226 2786 4281 etiam
2812 4225 2964 4279 valde
3004 4224 3180 4278 noxiis
3206 4230 3462 4293 perpetuo
3483 4220 3591 4278 im-

2004 4319 2270 4388 pendunt;
2291 4321 2482 4375 merito
2506 4318 2573 4373 ad
2604 4319 2997 4373 matrimonium
3028 4332 3120 4372 eas
3149 4331 3332 4371 rursus
3353 4313 3588 4371 adducit.

2004 4411 2135 4466 Nam
2162 4410 2609 4483 quemadmodum
2636 4410 2833 4465 Judteis
2862 4410 3137 4465 sabbatum
3167 4408 3386 4463 dederat
3412 4408 3556 4465 Deus
3575 4448 3593 4474 ,

2005 4526 2111 4566 non
2140 4482 2196 4559 nt
2224 4506 2519 4559 otiarentur
2545 4504 2840 4567 dumtaxat,
2872 4501 2964 4557 sed
2992 4511 3048 4554 ut
3070 4516 3100 4554 a
3142 4500 3385 4570 turpibus
3422 4482 3593 4554 actio;

2006 4602 2165 4657 nibus
2186 4598 2515 4653 abstinerent
2544 4614 2557 4650 :
2586 4596 2656 4648 ita
2684 4593 2863 4657 vidua,
2904 4603 2958 4661 et
2990 4592 3173 4662 virgo,
3212 4607 3318 4645 non
3364 4598 3423 4644 ut
3468 4590 3595 4645 viris

2009 4708 2116 4749 non
2144 4692 2488 4751 misceantur,
2515 4686 2653 4741 hanc
2676 4686 2777 4740 sibi
2803 4685 3042 4754 deligunt
3070 4684 3255 4747 vitam,
3299 4681 3392 4736 scd
3438 4691 3499 4736 ut
3532 4695 3597 4735 ea

2008 4800 2128 4856 quae
2152 4782 2362 4839 Domini
2384 4790 2510 4838 sunt
2534 4788 2743 4845 curent,
2769 4788 2927 4849 atque
2947 4792 3005 4832 se
3035 4786 3173 4832 totas
3199 4776 3250 4830 in
3279 4762 3370 4829 Dei
3397 4774 3595 4830 cultum

2010 4877 2308 4935 conferant.

2082 4970 2137 5023 Δ.
2179 4967 2321 5021 Num
2348 4966 2539 5037 possint
2585 4962 2751 5019 vidua:
2785 4960 3009 5017 subsidio
3051 4959 3270 5012 virorum
3309 4971 3498 5013 carere.
3526 4985 3601 4998 —-

2015 5062 2088 5117 ita
2115 5075 2263 5127 sane,
2297 5059 2499 5128 inquiet
2536 5056 2747 5124 aliquis.
2789 5052 2983 5107 Verum
3028 5046 3361 5103 intolerabile
3401 5047 3597 5101 malum

2014 5156 2137 5218 erit,
2165 5153 2440 5207 mulierem
2464 5149 2609 5205 nullo
2638 5161 2817 5202 rerum
2841 5159 2937 5197 usu
2983 5145 3206 5211 peritam
3251 5155 3335 5206 ea,
3368 5153 3488 5209 qua:
3531 5139 3599 5195 ad

2016 5247 2159 5302 viros
2189 5243 2473 5316 pertinent,
2513 5239 2693 5294 subire
2730 5236 2844 5305 cogi
2874 5251 2887 5286 :
2928 5247 3100 5302 neque
3135 5230 3277 5285 enim
3319 5231 3431 5299 ipsa
3467 5244 3597 5299 per-

2016 5337 2141 5394 inde
2193 5346 2351 5405 atque
2380 5333 2468 5388 ille
2498 5338 2725 5387 tractare
2768 5338 2927 5395 atque
2968 5322 3343 5378 administrare
3378 5336 3467 5377 res
3507 5334 3603 5392 po-

2018 5429 2175 5495 terit;
2196 5436 2356 5497 atque
2390 5425 2512 5478 hinc
2542 5422 2670 5477 nihil
2698 5418 2838 5473 aliud
2869 5416 3188 5482 lucrabitur,
3228 5429 3387 5484 quam
3427 5411 3601 5469 ἴοι-ιιι-

2018 5536 2207 5577 narum
2251 5519 2477 5574 ruinam.
2509 5517 2647 5584 Ergo
2686 5523 3034 5582 qumcumque
3058 5522 3089 5562 a
3115 5506 3363 5562 secundis
3405 5504 3603 5575 nuptiis

2020 5613 2431 5673 abborruerunt,
2472 5604 2649 5662 omnia
2698 5618 2793 5662 sua
2842 5614 3055 5672 pessum
3100 5598 3376 5662 dederunt,
3425 5593 3603 5651 omnia

2022 5703 2365 5778 perdiderunt
2389 5717 2405 5768 ;
2435 5714 2605 5769 neque
2628 5695 2908 5752 mulierem
2936 5691 3146 5748 viduam
3191 5687 3448 5745 invenias.
3485 5699 3603 5752 qun:
