3898 6246
318 259 429 314 815

319 395 433 435 rem
458 395 608 436 suam
637 388 785 436 recte
809 381 994 451 gerat?
1025 381 1514 451 Tengiversationes
1537 383 1640 438 ista
1680 394 1804 437 sunt
1845 397 1908 440 ac

321 480 614 540 praztextus
641 472 974 542 propriaeque
1001 472 1321 528 infirmitatis
1343 473 1725 543 integumenta.
1741 473 1914 531 Multae

318 565 466 618 enim
490 564 794 632 pr:eelarius
819 579 977 634 quam
1000 565 1097 618 viri
1123 575 1179 618 et
1202 564 1420 618 domum
1453 565 1910 632 administrarunt,

320 665 372 709 et
409 657 547 710 filios
592 656 822 725 pupillos
849 655 1228 722 educaverunt,
1265 665 1320 712 et
1359 659 1516 723 bona,
1547 673 1666 727 qua:
1695 673 1920 729 accepe-

320 756 466 811 rant,
506 748 624 803 alia:
663 756 951 815 auxerunt,
997 747 1118 804 alia:
1151 759 1256 803 non
1300 750 1624 804 minuerunt.
1672 749 1804 805 Nam
1851 749 1919 805 ab

333 840 566 909 ipsemet
594 840 746 895 initio
773 850 878 895 nen
900 841 1077 895 omnia
1107 840 1236 896 viris
1256 841 1524 897 commisit
1548 841 1720 906 Deus;
1749 855 1921 910 neque

327 933 397 985 ab
418 932 545 1001 ipsis
563 933 696 988 solis
715 933 970 1004 pendere,
997 947 1118 1003 quae
1137 933 1203 987 ad
1233 934 1392 987 vitam
1422 934 1707 1003 pertinent,
1729 932 1916 1001 voluit,

332 1039 398 1078 ne
433 1024 478 1077 si
509 1024 700 1078 mulier
729 1023 859 1078 nihil
889 1025 955 1079 ad
987 1026 1148 1079 vitam
1177 1024 1448 1081 conferret
1484 1025 1777 1095 despicatui
1819 1024 1920 1081 du-

331 1121 564 1169 ceretur.
597 1115 960 1183 Quamobrem
993 1116 1044 1171 id
1085 1117 1418 1186 prospiciens
1454 1118 1593 1173 Deus
1637 1129 1743 1173 nun
1787 1117 1922 1173 infe-

323 1205 481 1260 riore
507 1205 652 1259 illam
675 1205 794 1259 loco
822 1206 1132 1271 constituit;
1155 1214 1312 1277 atque
1336 1207 1388 1262 id
1413 1207 1481 1261 ab
1514 1208 1743 1281 ipsemet
1776 1207 1926 1263 initio

327 1296 536 1350 clarum
558 1297 757 1352 faciens
780 1295 955 1352 dixit:
985 1297 1259 1352 Faciamus
1302 1299 1402 1368 ipsi
1441 1299 1730 1370 adjtuorem
1768 1297 1922 1373 (Gen.

334 1385 388 1441 2.
429 1386 542 1458 i8).
572 1387 780 1443 Etenim
804 1401 872 1444 ne
899 1400 966 1444 eo
993 1388 1134 1460 quod
1162 1389 1275 1458 ipse
1301 1390 1530 1459 primum
1555 1389 1728 1446 factus
1759 1399 1842 1446 est
1865 1404 1928 1445 ac

329 1488 554 1548 propter
575 1479 747 1548 ipsum
776 1479 999 1534 formata
1023 1480 1234 1544 mulier,
1259 1493 1478 1550 magnos
1500 1479 1758 1537 adversus
1783 1482 1926 1537 illam

337 1569 557 1636 spiritus
583 1571 662 1623 vir
688 1580 942 1633 sumeret,
975 1569 1078 1626 hoc
1098 1571 1262 1626 verbo
1290 1579 1550 1626 tumorem
1587 1571 1756 1642 ipsius
1780 1586 1924 1627 com-

325 1661 550 1730 pressit,
577 1661 868 1716 ostendens
887 1662 1152 1716 mundana
1179 1663 1391 1734 negotia
1417 1659 1585 1718 nihilo
1611 1662 1788 1717 minus
1809 1677 1930 1718 mu-

325 1752 504 1818 lieris,
536 1767 692 1822 quam
723 1752 823 1806 viri
862 1765 1040 1822 egere.
1091 1753 1346 1821 Quantam
1403 1755 1564 1825 igitur
1614 1754 1717 1809 ista
1771 1754 1932 1809 sunt?

326 1847 637 1916 quibusque
667 1845 721 1899 in
758 1846 916 1900 rebus
943 1845 1008 1900 ad
1034 1846 1196 1900 vitam
1221 1847 1624 1902 sustentandam
1654 1847 1930 1902 nobiscum

341 1937 532 1992 mulier
556 1936 864 1992 societatem
899 1936 1036 1990 luit?
1072 1935 1214 1992 Sane
1247 1937 1498 2008 quoniam
1539 1937 1606 1992 ad
1654 1938 1933 2008 praesentis

342 2032 467 2084 vine
493 2037 689 2084 statum
709 2028 1138 2099 compellendum
1165 2045 1270 2084 non
1307 2032 1483 2086 minus
1515 2032 1740 2102 privata,
1775 2045 1933 2101 quam

343 2121 553 2192 publica
585 2121 792 2192 negotio
816 2121 1035 2187 faciunt,
1070 2121 1184 2177 inec
1207 2122 1526 2193 disperticns
1555 2122 1722 2190 Dens,
1747 2121 1932 2178 foren-

340 2214 419 2267 sia
447 2211 662 2282 quidem
686 2212 816 2268 viris
854 2211 1144 2278 commisit,
1172 2211 1465 2268 domestica
1490 2221 1668 2268 autem
1695 2212 1934 2268 mulieri-

341 2305 442 2361 bus
469 2322 482 2358 :
507 2319 570 2360 ac
598 2303 642 2359 si
663 2317 882 2360 munera
905 2304 1186 2376 officiaque
1205 2305 1304 2360 ista
1320 2314 1735 2370 commutantur,
1754 2306 1934 2360 omnia

332 2405 593 2452 eorruent
621 2410 684 2451 ac
710 2397 962 2467 peribunt
995 2415 1007 2449 :
1037 2405 1184 2452 tanto
1210 2405 1432 2468 uterque
1473 2397 1654 2452 utilior
1684 2396 1853 2452 altero
1883 2397 1934 2451 in

343 2505 442 2545 suo
469 2503 689 2545 munere
714 2489 963 2544 obeundo
992 2497 1092 2544 est.
1123 2489 1302 2560 Igitur,
1329 2489 1373 2547 si
1399 2489 1688 2546 domestica
1719 2503 1784 2545 ex
1815 2503 1940 2543 mu—

343 2581 500 2637 liebri
525 2581 744 2636 scientia
768 2581 1020 2651 pendent,
1050 2590 1207 2652 atque
1245 2582 1344 2636 ista
1373 2579 1426 2636 in
1471 2595 1531 2637 re
1574 2590 1780 2638 tantum
1819 2581 1937 2636 viro

347 2671 541 2727 mulier
563 2681 800 2742 praastat,
827 2681 1084 2742 quantum
1111 2671 1229 2726 rudi
1257 2671 1459 2726 homini
1481 2670 1671 2727 artifex
1696 2669 1751 2726 in
1775 2670 1936 2726 rebus

343 2767 398 2820 iu
428 2764 616 2834 quibus
643 2761 830 2819 artifex
859 2773 962 2831 est,
986 2778 1084 2818 cur
1106 2777 1299 2818 vanum
1335 2762 1489 2818 nobis
1515 2761 1762 2819 timorem
1794 2763 1938 2822 incu-

346 2857 538 2911 timus?
566 2855 697 2910 Nam
728 2865 950 2926 peregre
989 2855 1200 2926 quidem
1245 2855 1505 2925 proficisci
1551 2869 1745 2924 resque
1787 2853 1938 2910 colll—

342 2959 468 3017 gere
497 2949 731 3003 virerum
758 2945 1127 3001 tantummodo
1151 2953 1263 3008 est,
1293 2944 1603 3000 mulieribus
1638 2951 1815 3000 autem
1857 2944 1941 3000 iu-

343 3050 439 3094 cro
463 3053 680 3109 operam
716 3039 845 3094 dare
871 3039 1088 3094 minime
1118 3037 1199 3092 fas
1227 3045 1342 3102 est;
1376 3046 1426 3092 at
1451 3047 1570 3109 qua:
1593 3045 1718 3092 sunt
1743 3045 1941 3108 appor-

345 3140 452 3185 tata
479 3131 749 3186 custodire
783 3145 847 3185 ac
886 3130 1022 3185 tueri
1061 3128 1226 3200 ipsius
1269 3131 1434 3185 solius
1471 3139 1572 3185 est.
1611 3131 1689 3185 Ac
1727 3130 1936 3185 tametsi

347 3223 686 3292 praestantius
712 3221 963 3290 quiddam
992 3221 1232 3277 videatur
1252 3222 1549 3291 acquirere,
1585 3233 1743 3290 quam
1775 3219 1934 3287 tueri,
1967 3239 1974 3250 ι

323 3324 602 3382 ίειιιειιηεη,
634 3317 676 3371 si
709 3317 809 3371 hoc
838 3317 996 3384 absit,
1031 3315 1158 3370 illud
1191 3330 1400 3386 quoque
1422 3314 1607 3370 inutile
1628 3328 1690 3371 ac
1711 3329 1934 3370 vanum:

346 3423 493 3480 saepe
522 3425 646 3465 vero
671 3411 834 3466 etiam
862 3411 905 3466 si
939 3411 1041 3465 hoc
1069 3407 1226 3474 adsit,
1259 3405 1386 3463 illud
1434 3424 1539 3464 non
1586 3409 1757 3464 solum
1807 3409 1938 3464 nihil

350 3500 567 3571 profuit,
597 3497 690 3557 sed
723 3502 880 3557 etiam
911 3512 1097 3557 cuneta
1123 3501 1332 3558 evertit.
1370 3500 1632 3568 Quoniam
1663 3503 1806 3557 enim
1837 3501 1941 3557 dif-

349 3594 486 3648 fleile
510 3603 611 3661 est,
639 3594 909 3650 hominem
942 3594 1072 3650 foris
1114 3595 1469 3666 negotiantem
1510 3603 1669 3667 atque
1711 3593 1940 3667 amplifi-

346 3685 519 3740 cando
545 3687 860 3756 patrimonio
905 3701 1120 3757 operam
1169 3698 1449 3743 novantem
1497 3687 1638 3757 juste
1678 3695 1938 3757 quaestum

349 3778 545 3846 facere,
575 3780 761 3848 majori
791 3780 932 3834 enim
959 3793 1023 3834 ex
1057 3785 1204 3849 parte
1247 3794 1312 3835 ex
1342 3779 1527 3834 alienis
1557 3779 1641 3834 isti
1668 3779 1940 3834 calamita-

344 3870 490 3925 tibus
515 3870 719 3926 luerum
739 3871 966 3935 faciunt;
996 3870 1119 3925 ltinc
1141 3883 1350 3941 quoque
1371 3868 1605 3924 mulieris
1630 3870 1729 3924 arti
1759 3878 1812 3924 et
1840 3857 1937 3940 gu-

346 3962 645 4018 bernationi
677 3979 820 4033 saepe
847 3963 1086 4019 officiunt
1114 3977 1194 4029 ea,
1229 3979 1346 4034 qua:
1385 3976 1483 4034 per
1521 3963 1834 4032 iniustitiam
1885 3971 1939 4018 et

346 4055 452 4107 vim
485 4062 631 4122 parta
659 4054 708 4108 in
741 4069 929 4108 manus
970 4056 1135 4124 ipsius
1166 4063 1543 4124 pervenerunt.
1579 4053 1936 4120 Quamobrem

320 4145 447 4197 'etsi
495 4143 665 4213 majus
710 4145 779 4198 sit
810 4144 1106 4214 acquirere,
1157 4157 1314 4214 quam
1354 4155 1711 4211 conservare,
1760 4154 1936 4199 tamen

345 4239 512 4292 altera
543 4253 606 4292 ex
630 4246 780 4307 parte
807 4239 981 4291 minus
1007 4249 1126 4292 esse
1149 4235 1584 4308 deprehenditur,
1602 4237 1814 4306 quando
1834 4252 1936 4292 non

348 4332 520 4385 solum
573 4329 638 4384 ad
696 4331 956 4384 bonorum
997 4328 1464 4400 amplificationem
1513 4329 1644 4384 nihil
1689 4328 1934 4396 confert,

348 4423 442 4480 sed
470 4423 628 4478 etiam
658 4420 831 4494 perdit
851 4423 961 4492 jam
992 4423 1247 4494 reposita.
1279 4421 1416 4490 Quid
1445 4421 1604 4493 igitur
1632 4431 1832 4477 metuat
1859 4423 1938 4477 vi-

325 4515 472 4580 ‘dua,
501 4530 567 4571 ne
591 4515 690 4569 viri
721 4511 958 4570 absentia
1007 4529 1093 4570 res
1135 4514 1439 4569 domestica:
1473 4514 1706 4569 deterius
1734 4527 1792 4569 se
1846 4514 1938 4570 ha-

347 4605 525 4669 beant,
555 4621 777 4676 quarum
810 4606 1022 4670 vivent:
1048 4607 1204 4662 etiam
1227 4606 1340 4660 viro
1367 4607 1478 4676 ipsa
1507 4607 1934 4676 procurationem

347 4695 696 4767 susceperat?
735 4700 802 4751 At
837 4697 1079 4764 facilius,
1127 4695 1365 4768 inquiet,
1409 4698 1760 4769 gubernabit,
1813 4715 1934 4755 cum

345 4799 489 4843 metu
520 4788 657 4843 illius
684 4804 840 4844 nemo
869 4790 1234 4856 reluctabitur,
1264 4801 1422 4845 nemo
1452 4791 1752 4847 molestiam
1802 4791 1932 4849 all'e-

345 4889 446 4934 ret.
475 4879 607 4934 Nam
633 4889 688 4935 et
716 4868 917 4945 famuli,
950 4890 1004 4936 et
1047 4883 1330 4946 (economi,
1363 4890 1416 4936 et
1456 4892 1845 4951 procuratores,
1873 4901 1936 4942 ac

347 4971 530 5041 reliqui
561 4985 749 5026 onmes
775 4971 919 5026 illum
946 4979 1244 5027 metuentes
1263 4969 1326 5026 ad
1373 4969 1661 5042 parendum
1709 4976 1936 5032 aderunt

346 5064 601 5133 prompti,
633 5079 695 5119 ac
721 5080 876 5120 nemo
907 5065 1007 5120 erit
1035 5066 1122 5136 qui
1153 5067 1481 5121 contradicat
1509 5085 1522 5121 :
1571 5076 1624 5125 at
1664 5083 1728 5123 co
1768 5085 1928 5139 quem

345 5154 650 5208 metuebant
675 5171 705 5210 e
735 5155 912 5211 medio
938 5157 1166 5225 sublato,
1199 5171 1384 5212 omnes
1413 5158 1585 5213 vidua:
1613 5157 1822 5214 mulieri
1851 5159 1932 5213 in-

345 5245 565 5308 sultant,
595 5246 838 5315 improbe
867 5259 1168 5314 versantur,
1213 5249 1541 5304 confidentes
1589 5258 1731 5315 sunt,
1774 5258 1931 5320 atque

345 5336 518 5389 nuntia
549 5347 857 5405 pervertunt
885 5353 946 5394 ac
975 5337 1254 5411 dissipant.
1284 5341 1436 5408 Quod
1462 5340 1506 5396 si
1528 5341 1710 5396 ulcisci
1734 5356 1797 5396 ac
1821 5343 1932 5398 vin-

341 5425 535 5480 dictam
565 5442 778 5484 sumere
804 5429 947 5495 velit,
983 5440 1254 5502 torquens,
1287 5435 1596 5497 verberans,
1643 5435 1696 5487 in
1743 5448 1928 5490 carce-

344 5535 455 5575 rem
485 5518 796 5591 conjicieus,
833 5534 939 5578 tum
971 5541 1096 5581 vero
1149 5529 1198 5582 in
1244 5529 1386 5598 vulgi
1436 5527 1924 5597 reprehensionem,

342 5613 805 5682 criminationem,
867 5621 1216 5676 contumelias
1278 5623 1519 5677 incurrit.
1570 5622 1833 5679 Craterum
1881 5629 1927 5679 si

343 5704 497 5761 fidem
527 5707 574 5762 ei
596 5708 683 5779 qui
706 5709 832 5764 abiit
861 5711 1034 5767 datam
1063 5713 1295 5786 fregerit,
1329 5725 1488 5788 atque
1517 5715 1658 5773 illius
1685 5729 1921 5774 amorem

1035 265 1090 322 S.
1133 266 1410 324 JOANNIS
1448 267 1925 326 CIIRYSOSNMI
1965 269 2287 330 ARClliEP.
2329 273 2868 333 CONSTANTINOP.

3505 281 3608 338 είὸ

2024 387 2289 444 oblivione
2313 390 2591 456 deleverit,
2617 400 2671 446 et
2708 405 3005 460 veSperam,
3031 403 3130 463 qua
3179 393 3269 448 ille
3309 394 3365 449 1d
3405 410 3458 449 se
3507 398 3619 468 pri-

2023 494 2166 532 mum
2194 481 2434 545 accessit,
2470 491 2523 536 et
2555 483 2818 552 plausum,
2863 493 2918 537 et
2963 483 3318 555 itymenmutu,
3367 493 3419 540 et
3471 490 3618 544 faces

2025 572 2308 642 nuptiales,
2334 581 2388 627 et
2416 575 2613 644 primos
2639 575 2938 645 amplexus,
2972 585 3026 630 et
3051 592 3282 643 mensas,
3329 588 3383 633 et
3429 581 3618 634 convi-

2025 673 2142 719 ctus
2169 665 2320 736 cujus
2348 682 2451 721 una
2481 682 2601 722 cum
2635 665 2725 721 illo
2756 684 2850 738 per
2891 683 3050 724 omne
3099 676 3309 739 tempus
3351 671 3620 742 particeps

2027 757 2145 825 fuit,
2179 769 2234 814 et
2259 760 2444 824 verba,
2473 775 2590 830 quze
2618 776 2646 814 a
2677 761 2792 815 viro
2819 777 3006 832 magna
3035 777 3154 818 cum
3185 763 3452 832 voluptate
3479 780 3617 820 uxo-

2027 865 2139 905 rem
2166 849 2349 905 audire
2379 849 2667 906 verisimile
2702 861 2782 905 est
2817 851 2897 906 :si
2940 852 3074 920 hmo,
3125 853 3362 923 inquam,
3408 855 3616 920 omnia,

2028 941 2249 1011 perinde
2279 957 2340 996 ac
2362 941 2405 997 si
2433 958 2721 1013 numquam
2754 939 3000 1009 fuissent,
3030 954 3247 1014 repente
3278 945 3511 1016 abjiciat,
3535 955 3622 997 at-

2029 1049 2132 1104 que
2160 1033 2310 1088 alteri
2333 1034 2444 1088 viro
2471 1035 2614 1090 fores
2639 1036 2862 1103 aperiat,
2888 1036 3164 1106 ipsumque
3187 1036 3252 1091 ad
3278 1037 3417 1091 illius
3443 1037 3623 1092 cubile

2030 1125 2224 1191 trahat,
2273 1141 2456 1181 rerum
2505 1126 2744 1182 omnium
2797 1129 3033 1197 priorum
3077 1129 3353 1183 conscium
3391 1130 3475 1182 :si
3505 1129 3625 1184 hrec

2031 1215 2206 1276 faciat.
2239 1233 2468 1274 nemone
2498 1218 2595 1272 erit
2625 1219 2712 1287 qui
2745 1218 3140 1288 reprehendat?
3173 1235 3329 1274 nemo
3371 1220 3460 1290 qui
3510 1222 3623 1274 cri-

2032 1308 2300 1363 minetur?
2324 1325 2481 1363 uemo
2497 1309 2584 1380 qui
2609 1309 2732 1365 odio
2765 1315 3137 1381 prosequatur,
3167 1325 3229 1365 ac
3254 1311 3622 1376 inhumanam,

2033 1399 2307 1472 perfidam,
2361 1399 2687 1473 foedifragam
2734 1411 2906 1468 vocet,
2957 1411 3118 1474 atque
3159 1403 3460 1474 hujusmodi
3506 1402 3625 1459 aliis

2033 1491 2286 1545 eonvieiis
2314 1491 2542 1546 oneret?

2106 1581 2158 1637 5.
2220 1579 2473 1637 Secunda:
2528 1582 2720 1654 nuptiis
2785 1600 2886 1638 non
2949 1583 3097 1638 laude
3154 1584 3337 1655 dignae.
3388 1615 3458 1624 —
3505 1583 3625 1639 Non

2036 1673 2199 1738 enim,
2249 1672 2350 1727 etsi
2406 1674 2593 1728 beatus
2646 1673 2838 1729 Paulus
2888 1690 2999 1729 rem
3028 1676 3180 1728 istam
3208 1674 3468 1744 permisit,
3500 1690 3630 1745 pro-

2040 1772 2225 1834 pterea
2257 1764 2501 1819 laudibus
2521 1764 2732 1836 dignam
2765 1774 2939 1835 putes,
2986 1781 3048 1820 ac
3095 1782 3214 1836 qua:
3254 1766 3396 1836 vulgi
3439 1782 3627 1838 reprc-

2043 1856 2356 1911 hensionem
2386 1856 2584 1929 fugiat;
2614 1871 2770 1930 poma
2812 1868 3016 1912 tantum
3055 1873 3118 1915 ac
3155 1859 3414 1929 supplicio
3455 1869 3626 1924 caret,

2038 1947 2221 2004 laudes
2246 1949 2458 2020 quidem
2490 1957 2543 2004 et
2572 1951 2812 2005 encomia
2841 1965 2944 2004 non
2977 1959 3056 2005 est
3084 1952 3224 2020 quod
3265 1967 3322 2006 se
3352 1960 3629 2020 reportare

2041 2054 2197 2110 posse
2227 2050 2404 2111 speret
2429 2040 2505 2115 (l.
2540 2039 2671 2096 Tim.
2695 2043 2749 2097 5.
2783 2043 2894 2112 14).
2920 2040 3051 2096 Nam
3074 2052 3127 2097 et
3159 2043 3439 2097 remissum
3470 2052 3632 2112 atque

2037 2132 2103 2187 ad
2140 2130 2411 2189 libidinem
2464 2135 2750 2204 proclivem
2789 2150 2930 2202 esse,
2969 2150 3032 2190 ac
3075 2151 3142 2191 ne
3181 2135 3367 2205 jejunii
3410 2136 3629 2206 quidem

2042 2234 2300 2294 tempore,
2329 2235 2422 2280 aut
2455 2229 2643 2294 quovis
2669 2227 2774 2282 alio
2815 2228 2883 2284 ab
2929 2243 3092 2284 uxore
3135 2229 3422 2294 abstinere,
3473 2229 3632 2300 longe

2039 2314 2252 2386 quidem
2282 2327 2334 2372 et
2361 2318 2584 2371 multum
2613 2332 2644 2371 a
2671 2319 2930 2389 supplicio
2955 2320 3126 2384 abest,
3155 2333 3259 2374 non
3284 2329 3458 2374 tamen
3489 2320 3631 2374 laudi

2041 2408 2338 2476 proximum
2365 2417 2449 2463 est
2480 2427 2492 2461 :
2522 2424 2643 2463 nam
2687 2407 2802 2463 hare
2828 2409 2940 2479 ipsa
2973 2409 3294 2480 indulgentia
3326 2409 3453 2463 nihil
3487 2409 3630 2464 aliud

2041 2507 2142 2565 est,
2187 2513 2346 2570 quam
2393 2503 2600 2572 signum
2643 2515 2851 2571 magna:
2892 2498 3168 2570 cujusdam
3205 2499 3528 2554 infirmitatis
3569 2515 3631 2555 ac

2042 2589 2320 2644 socordim.
2355 2587 2713 2656 Quamobrem
2745 2591 2790 2645 si
2821 2589 2996 2656 times,
3031 2605 3096 2646 ne
3120 2588 3332 2644 famulis
3348 2589 3632 2661 puniendis

2041 2681 2276 2737 audaciae
2322 2683 2515 2740 subeas
2556 2683 2899 2754 opinionem,
2946 2682 3074 2740 illud
3128 2683 3358 2738 vicissim
3406 2685 3629 2754 cogites,

2041 2776 2212 2829 multo
2240 2775 2408 2845 magis
2427 2776 2915 2852 pertimescendum
2945 2791 3086 2846 esse,
3115 2792 3182 2832 ne
3222 2784 3422 2831 tantam
3452 2777 3629 2831 molli-

2044 2867 2131 2921 tiei
2160 2877 2213 2921 et
2242 2863 2476 2922 libidinis
2503 2867 2697 2923 famam
2723 2869 2934 2924 subeas.
2979 2869 3246 2924 Praeterea
3287 2882 3415 2924 vero
3455 2868 3631 2924 licebit

2043 2957 2217 3012 vidum
2245 2959 2464 3014 meliore
2489 2958 2715 3029 quadam
2749 2961 2951 3014 ratione
2976 2959 3135 3015 rebus
3180 2959 3292 3014 suis
3328 2959 3627 3023 consulere,

2043 3058 2099 3102 ut
2126 3058 2179 3104 et
2204 3065 2392 3122 magna
2424 3067 2487 3104 ex
2535 3059 2683 3122 parte
2728 3049 2779 3105 in
2823 3060 2936 3105 tuto
2982 3051 3099 3106 illas
3144 3051 3392 3118 collucet,
3428 3059 3483 3106 et
3524 3067 3629 3108 non

2041 3141 2214 3197 solum
2243 3143 2714 3214 reprehensionem
2749 3143 2932 3214 fugiat,
2959 3144 3054 3200 sed
3089 3145 3248 3200 etiam
3288 3144 3354 3198 ab
3381 3144 3631 3200 omnibus

2043 3231 2306 3298 laudetur,
2352 3233 2603 3306 quodque
2650 3237 2976 3306 praecipuum
3021 3244 3124 3302 est,
3169 3235 3442 3292 mercedes
3489 3236 3629 3302 illas,

2043 3342 2160 3395 qure
2189 3342 2218 3380 a
2246 3323 2354 3382 Deo
2381 3328 2705 3396 prwbenlut‘,
2731 3337 2984 3400 reportet.
3023 3327 3153 3382 Nam
3197 3328 3240 3381 si
3281 3327 3532 3398 pecunias
3575 3328 3630 3382 in

2042 3415 2174 3472 c-.elo
2201 3411 2299 3475 sibi
2341 3420 2684 3490 deponendas
2729 3421 2998 3476 censuerit
3041 3422 3218 3491 ibique
3263 3432 3528 3492 tamquam
3574 3422 3629 3477 in

2043 3509 2189 3581 asylo
2213 3510 2438 3581 quodam
2463 3510 2829 3578 defodiendas,
2853 3527 2960 3566 non
2980 3511 3150 3567 solum
3173 3527 3278 3566 non
3305 3513 3629 3578 minuentur,

2043 3603 2136 3659 sed
2161 3605 2339 3659 multis
2367 3605 2605 3674 partibus
2631 3604 2861 3675 majores
2899 3605 3046 3660 fient.
3076 3604 3218 3659 Talis
3247 3605 3388 3660 enim
3419 3612 3501 3660 est
3531 3604 3632 3658 hu-

2040 3695 2129 3766 jus
2160 3696 2412 3750 sementis
2453 3705 2658 3750 natura.
2692 3695 2842 3763 Quod
2881 3696 2923 3751 si
2969 3696 3261 3751 infirmiore
3301 3697 3479 3751 animo
3522 3703 3627 3761 est,

2043 3804 2200 3859 quam
2227 3796 2284 3842 ut
2309 3785 2558 3858 perfecta:
2590 3788 2665 3843 illi
2713 3789 2813 3859 legi
2859 3787 3144 3858 implendas
3188 3803 3282 3858 par
3325 3789 3413 3852 sit,
3454 3803 3630 3857 neque

2043 3878 2218 3934 omnia
2249 3879 2405 3934 simul
2432 3895 2497 3934 eo
2524 3879 2768 3950 trajicere
2793 3880 2953 3944 velit,
2982 3879 3109 3933 illud
3137 3893 3322 3934 rursus
3349 3878 3561 3949 cogitet,
3582 3881 3628 3932 si

2044 3972 2215 4025 virum
2241 3967 2484 4040 accipiat,
2514 3985 2618 4026 non
2645 3985 2774 4026 sane
2803 3971 2960 4025 talem
2989 3979 3346 4040 accepturam,
3376 3968 3466 4040 qui
3489 3968 3629 4022 bona

2043 4058 2349 4130 amplificet.
2378 4057 2529 4129 Quod
2558 4061 2603 4116 si
2631 4062 2788 4116 etiam
2821 4063 2939 4116 talis
2981 4062 3068 4125 sit,
3115 4077 3217 4115 non
3261 4061 3427 4116 solam
3470 4074 3632 4130 pecu-

2044 4152 2252 4207 uiarum
2300 4152 2668 4207 accessionem
2708 4151 3030 4217 consideret,
3072 4150 3165 4206 sed
3218 4149 3344 4204 illttd
3393 4164 3626 4218 quoque,

2044 4243 2154 4297 fore
2182 4251 2240 4298 ut
2267 4244 2444 4297 multis
2467 4245 2516 4298 in
2545 4243 2703 4298 rebus
2737 4241 2899 4298 Deum
2949 4252 3108 4313 atque
3147 4242 3390 4296 homines
3430 4239 3631 4294 laedere

2042 4341 2279 4405 cogatur.
2311 4333 2443 4388 Nam
2472 4333 2516 4388 si
2542 4332 2630 4389 ille
2667 4349 2732 4390 ex
2760 4350 2981 4389 numero
3009 4335 3300 4403 potentium
3331 4340 3487 4402 atque
3512 4331 3630 4400 epi-

2042 4424 2141 4479 bus
2169 4423 2549 4479 abundantium
2583 4423 2760 4490 fuerit,
2790 4425 2955 4479 multa
2981 4424 3124 4478 illam
3172 4433 3366 4493 przeter
3411 4431 3630 4475 senten-

2044 4518 2169 4573 tiam
2197 4527 2247 4572 et
2277 4517 2449 4572 facere
2472 4524 2526 4572 et
2551 4515 2690 4571 ferre
2712 4525 2899 4587 coget;
2927 4525 2981 4570 et
3009 4513 3149 4586 quod
3176 4529 3204 4567 a
3231 4513 3482 4568 viduitate
3513 4527 3630 4565 me-

2043 4609 2243 4675 tuebat,
2275 4609 2350 4664 illi
2383 4625 2519 4664 nunc
2550 4609 2716 4664 multo
2746 4609 2956 4678 gravius
2983 4618 3035 4663 et
3063 4606 3345 4661 violentius
3373 4605 3628 4659 immine-

2042 4701 2136 4756 bit.
2169 4701 2354 4768 Adde,
2402 4701 2617 4757 evenire
2665 4699 2918 4755 facillime
2957 4714 3146 4770 posse,
3193 4709 3250 4753 ut
3290 4697 3643 4753 celerrimam'

2043 4795 2198 4850 faciat
2236 4795 2603 4849 mutationem.
2632 4791 2763 4847 Nam
2796 4793 2921 4847 dum
2947 4787 3101 4846 vidua
3131 4801 3230 4855 est,
3261 4792 3418 4845 etiam
3448 4789 3491 4844 si
3525 4791 3629 4844 ali-

2039 4883 2258 4958 quodin
2303 4886 2456 4940 bonis
2497 4885 2873 4940 detrimentum
2913 4885 3157 4954 accipiat,
3206 4883 3404 4952 reliqua
3448 4891 3628 4936 tamen

2038 4981 2122 5034 illa
2151 4980 2295 5034 salva
2320 4989 2372 5034 et
2402 4988 2508 5033 tuta
2537 4977 2828 5034 manebunt
2858 4996 2869 5031 :
2901 4986 2954 5031 at
2982 4977 3179 5046 potenti
3209 4976 3341 5039 viro,
3380 4983 3432 5029 et
3477 4989 3627 5030 rem-

2040 5072 2324 5143 publicam,
2365 5073 2448 5126 vel
2498 5069 2655 5125 aliam
2704 5071 3005 5142 quampiam
3051 5068 3478 5139 procurationem
3529 5081 3621 5134 ge-

2038 5163 2194 5231 renti,
2225 5165 2565 5220 matrimonio
2587 5165 2791 5234 juncta,
2819 5179 2961 5232 smpe
2989 5161 3164 5216 omnia
3193 5158 3348 5215 simul
3379 5158 3622 5211 amittet:

2036 5258 2396 5313 calamitatum
2428 5258 2590 5324 enim,
2620 5272 2739 5327 qua“:
2766 5256 2892 5310 viris
2931 5253 3198 5320 accidunt,
3251 5267 3442 5306 uxores
3483 5265 3617 5320 quo-

2035 5365 2138 5422 que
2169 5350 2449 5420 participes
2479 5351 2583 5403 sint
2612 5357 2842 5420 oportet.
2875 5345 2978 5402 Sed
3009 5355 3147 5413 esto,
3193 5343 3318 5398 nihil
3357 5339 3618 5412 ejusmodi

2035 5443 2258 5508 accidat,
2293 5443 2480 5514 ecquid
2512 5441 2667 5508 lucri,
2713 5441 2800 5496 dic
2837 5439 2986 5500 mihi.
3033 5441 3341 5494 servitutem
3389 5433 3617 5489 libertati

2033 5534 2340 5590 anteferre?
2366 5533 2554 5604 ecquid
2584 5528 2821 5587 utilitatis
2851 5531 3045 5586 divitize
3087 5526 3333 5592 afferunt,
3363 5541 3482 5580 cum
3514 5524 3618 5577 illis

2031 5625 2289 5681 arbitratu
2314 5641 2411 5681 suo
2441 5625 2516 5680 uti
2543 5625 2760 5680 minime
2788 5623 2981 5694 queat?
3015 5621 3202 5676 Nonne
3249 5619 3415 5673 multo
3480 5630 3616 5686 prat-

2033 5717 2275 5776 stabiiius
2304 5727 2404 5787 est,
2438 5733 2602 5788 pauca
2629 5717 2700 5773 ita
2729 5715 3035 5788 pOSsidere,
3065 5722 3124 5769 ut
3145 5711 3229 5769 illa
3271 5711 3322 5771 in
3353 5715 3615 5782 potestate
