3922 6326
330 439 434 496 617

321 556 533 622 καὶτὰς
548 557 766 623 ὠδῖνας,
789 557 882 613 καὶ
914 558 985 614 τά
1000 559 1136 616 ἄλλα
1164 561 1381 616 ἅπαντα
1401 563 1637 636 παρίημι
1662 563 1778 620 νῦν.
1813 564 1874 618 ὐ
1892 563 1992 636 μὲν

323 648 432 718 γὰρ
457 650 523 718 τῇ
553 649 805 721 παρθένῳ
841 649 1216 722 διαλεγόμενος
1237 652 1463 718 εἰκότως
1494 653 1589 706 καὶ
1622 651 1751 725 περὶ
1786 653 1995 708 τούτων

323 732 644 800 διαλέξεται,
669 735 763 790 ἀτε
788 736 1001 808 ἀπείρῳ
1019 737 1153 810 οὔσῃ
1179 741 1274 793 καὶ
1297 739 1502 810 ἀμαθεῖ
1520 739 1630 794 τῶν
1652 740 1993 811 πραγμάτων

325 821 580 880 ἐκείνων⁹
612 824 758 896 χήρᾳ
784 824 841 878 δὲ
869 824 976 879 κᾶν
1017 826 1327 898 ἐνοχλήσειέ
1365 845 1450 892 τις
1486 828 1661 882 ταῦτα
1697 827 1891 896 λέγων.
1927 829 1994 880 Ἀ

321 909 433 983 γάρ
457 910 545 965 διά
564 911 677 964 τῶν
698 913 1040 984 πραγμάτων
1063 913 1263 985 ἔμαθεν
1291 915 1706 990 ἀκριϐέστερον,
1737 915 1993 986 περιττὸν

321 998 400 1069 τῷ
431 998 573 1071 λόγῳ
603 1001 896 1072 πειρᾶσθαι
923 1001 1194 1058 διδάσκειν
1228 1005 1417 1076 αὐτήν.
1445 1005 1712 1059 Τοσοῦτον
1745 1004 1802 1059 δὲ
1826 1021 1994 1077 προσ-

325 1084 495 1140 θεῖναι
542 1086 738 1150 καλὸν,
769 1088 850 1142 ὅτι
882 1091 976 1142 καὶ
1008 1089 1148 1160 μετά
1170 1091 1413 1154 πλείονος
1437 1091 1688 1162 ὁμιλήσει
1727 1092 1825 1163 τῆς
1851 1094 1994 1162 παρ⁴

327 1175 519 1245 ρησίας
549 1176 643 1229 καὶ
679 1177 778 1247 τῆς
810 1177 1123 1251 ἐλευθερίας
1154 1181 1187 1250 ἡ
1231 1179 1502 1251 παρθένος
1539 1179 1855 1251 γαμηθεῖσα
1893 1180 1993 1250 τῆς

326 1263 467 1332 μετά
507 1265 607 1333 τὴν
647 1265 893 1336 χηρείαν.
951 1266 1168 1336 Ταύτην
1204 1267 1304 1337 μὲν
1338 1266 1448 1338 γάρ
1496 1267 1598 1321 κᾶν
1646 1267 1722 1331 ῶς
1755 1268 1991 1335 γυναῖκα

325 1349 548 1422 στέργῃ,
595 1351 710 1405 ἀλλ’
749 1353 846 1423 οὐχ
880 1353 956 1416 ῶς
1005 1353 1271 1425 παρθένον
1317 1352 1497 1407 λαϐών
1522 1370 1536 1385 ο
1580 1355 1662 1407 ὅτι
1707 1353 1762 1407 δὲ
1813 1352 1993 1424 πολλῷ

321 1437 520 1491 ὲκεῖνοι
545 1451 570 1479 ι
613 1439 818 1493 τούτων
850 1441 898 1492 οἱ
929 1441 1129 1512 ἔρωτες
1169 1441 1514 1513 σφοδρότεροι
1551 1441 1646 1494 καὶ
1687 1439 1992 1510 μανικώτε-

326 1541 426 1595 ροι,
464 1527 624 1580 παντί
666 1545 767 1580 που
801 1527 958 1598 δῆλόν
988 1530 1164 1581 ἐστιν’
1197 1529 1412 1599 ἐκείνην
1444 1528 1500 1581 δὲ
1535 1528 1630 1582 ἀτε
1670 1527 1745 1599 μὴ
1791 1529 1992 1592 παντὸς

322 1614 514 1685 ἀνδρὸς
546 1616 768 1686 ἄπειρον
796 1614 944 1687 [557]
977 1616 1036 1668 οὐ
1065 1615 1228 1668 παντὶ
1257 1615 1415 1687 θυμῷ
1447 1615 1540 1668 καὶ
1562 1615 1867 1669 ἀσπάσεται
1897 1617 1992 1670 καὶ

323 1700 556 1772 φιλήσει.
576 1703 904 1774 Πεφύκαμεν
926 1703 1053 1774 γὰρ,
1073 1703 1147 1766 ὡς
1173 1704 1344 1756 εἰπεῖν
1362 1703 1410 1768 b,
1432 1702 1668 1766 ἅπαντες
1690 1701 1988 1774 ἄνθρωποι,

321 1791 428 1842 εἴτε
472 1790 575 1844 ὑπὸ
602 1789 949 1861 ζηλοτυπίας,
979 1792 1088 1844 εἴτε
1129 1791 1234 1845 ὑπὸ
1269 1791 1595 1857 κενοδοξίας,
1622 1790 1731 1843 εἴτε
1759 1791 1858 1844 οὐκ
1891 1787 1989 1844 οἷδ’

319 1877 442 1932 ὅθεν
475 1880 768 1950 ἑτέρωθεν,
800 1879 910 1933 τῶν
946 1880 1286 1950 πραγμάτων
1320 1881 1504 1932 ἐκεῖνα
1549 1878 1783 1949 μάλιστα
1818 1879 1992 1947 φιλεῖν

319 1959 395 2020 ὧν
430 1967 522 2020 καὶ
549 1967 646 2038 τὴν
676 1968 924 2032 ἐξουσίαν
949 1969 1043 2021 καὶ
1073 1969 1170 2040 τὴν
1195 1967 1495 2021 ἀπόλαυσιν
1529 1967 1590 2020 οὐ
1625 1968 1742 2038 μεθ’
1773 1967 1992 2039 ἐτέρους

320 2052 536 2124 ἔχομεν,
572 2055 686 2108 ἀλλ’
719 2056 871 2108 αὐτοὶ
897 2055 1104 2126 πρῶτοι
1134 2057 1225 2109 καὶ
1262 2056 1413 2126 μόνοι
1443 2056 1862 2127 καθεστήκαμεν
1896 2055 1992 2109 κύ-

323 2159 449 2215 ριοι.
475 2144 645 2196 Τοῦτο
677 2145 770 2197 καὶ
801 2146 893 2197 ἐπὶ
925 2145 1156 2215 ἱματίων
1185 2145 1283 2198 ἴδοι
1308 2162 1393 2208 τις
1416 2145 1481 2199 ἂν
1516 2145 1812 2214 συμϐαῖνον
1835 2147 1988 2216 ἡμῖν’

319 2234 380 2286 οὐ
405 2233 514 2304 γὰρ
540 2234 742 2304 ὁμοίως
765 2233 1084 2305 διακείμεθα
1117 2233 1253 2305 πρὸς
1275 2233 1343 2287 τά
1367 2235 1497 2306 παρ’
1523 2233 1725 2305 ἐτέρων
1751 2235 1831 2297 εἰς
1859 2235 1994 2306 χρῆ-

322 2337 406 2374 σιν
441 2322 660 2375 ἐλθόντα
688 2333 709 2360 ο
743 2325 854 2386 τοῖς
903 2322 1032 2393 παρ’
1068 2321 1301 2384 οὐδενός.
1350 2321 1521 2375 Τοῦτο
1553 2322 1647 2376 καὶ
1691 2321 1782 2374 ἐπὶ
1815 2322 1994 2385 οἰκίας

322 2410 416 2463 καὶ
453 2411 545 2463 ἐπὶ
581 2409 822 2464 σκευῶν*
864 2411 959 2464 καὶ
989 2409 1098 2479 γὰρ
1135 2409 1229 2463 καὶ
1271 2408 1449 2463 οἰκίαν
1485 2409 1584 2481 τὴν
1619 2409 1749 2482 παρ’
1803 2409 1991 2480 ἐτέρου

320 2496 565 2553 δοθεῖσαν
613 2501 744 2569 ἡμῖν
791 2499 890 2570 οὐχ
923 2497 1125 2570 ὁμοίως
1171 2498 1355 2571 ἐκείνῃ
1388 2496 1672 2568 φιλοῦμεν,
1725 2498 1792 2569 ἥν
1838 2497 1994 2552 αὐτοὶ⁸

320 2587 799 2658 κατεσκευάσαμεν
819 2604 833 2618 ο
858 2587 952 2640 καὶ
983 2586 1090 2640 τῶν
1114 2585 1324 2640 σκευῶν
1347 2586 1416 2639 τά
1443 2586 1541 2657 μὲν
1571 2586 1696 2658 ἀρτι
1725 2585 1995 2656 γενόμενα

321 2675 416 2728 καὶ
448 2674 672 2747 πρώτην
714 2675 842 2745 παρ’
886 2676 1017 2746 ἡμῖν
1060 2674 1250 2745 χρείαν
1297 2673 1565 2744 δεξάμενα
1608 2676 1668 2727 ἐν
1724 2673 1893 2744 πολλῇ
1924 2675 1991 2745 τῇ

321 2762 493 2830 φειδοῖ
517 2762 857 2834 φυλάττομεν
889 2763 982 2816 καὶ
1016 2761 1242 2833 σπουδῇ,
1275 2761 1346 2815 τά
1370 2762 1427 2814 δὲ
1452 2761 1512 2827 ἐξ
1540 2762 1743 2832 ἐτέρων
1772 2760 1994 2814 ἐλθόντα

320 2852 402 2914 εἰς
425 2852 569 2922 ἡμᾶς
591 2852 652 2904 οὐ
684 2852 886 2924 σφόδρα
921 2850 1278 2923 προσιέμεθα,
1309 2849 1426 2904 ἀλλ’
1448 2849 1621 2915 οὓτως
1648 2849 1994 2922 ἀποστρεφό-

324 2938 496 3011 μεθα,
538 2940 614 3003 ὡς
651 2941 743 2993 καὶ
790 2939 1163 2994 ἀνασκευάσαι
1195 2938 1456 3002 πολλάκις
1500 2938 1660 2992 αὐτά.
1708 2938 1771 2992 Εἰ
1814 2937 1871 2990 δὲ
1900 2937 1996 2991 ἐπὶ

321 3027 495 3091 οἰκίας
517 3029 609 3082 καὶ
633 3028 864 3098 ἱματίων
900 3029 995 3082 καὶ
1026 3025 1236 3080 σκευῶν
1265 3027 1424 3080 τοῦτο
1453 3027 1586 3097 ἡμῖν
1617 3025 1905 3096 συμϐαίνει
1933 3027 1997 3080 τὸ

321 3113 522 3179 πάθος,
552 3115 802 3187 ἐννόησον
842 3114 935 3168 ἐπὶ
980 3115 1078 3185 τῆς
1117 3115 1400 3182 γυναικὸς,
1438 3108 1500 3167 οὐ
1528 3111 1857 3184 τιμιώτερον
1897 3115 1994 3169 ἀν-

319 3200 510 3271 δράσιν
556 3201 729 3266 οὐδὲν,
771 3201 888 3266 πῶς
921 3202 1053 3254 αὐτὸ
1103 3201 1240 3272 μετά
1296 3201 1658 3272 σφοδρότητος
1696 3202 1996 3272 ἐμπίπτειν

323 3289 491 3352 εἰκός.
533 3289 790 3342 Ἐκείνων
837 3290 935 3360 μὲν
964 3289 1072 3362 γὰρ
1103 3289 1208 3342 κᾶν
1245 3288 1633 3360 μεταδιδόαμεν
1655 3288 1682 3329 δ
1716 3292 1830 3354 τοῖς
1876 3289 1998 3360 βου-

323 3375 598 3447 λομένοις.
645 3376 848 3448 ταύτης
891 3377 949 3448 δὲ
995 3379 1055 3430 οὐ
1094 3377 1255 3447 θέμις
1297 3379 1448 3448 ἡμῖν,
1495 3377 1632 3431 ἀλλά
1677 3379 1776 3450 τῆς
1819 3379 1998 3450 ψυχῆς

323 3467 746 3539 ἀποστησόμεθα
773 3468 1008 3540 πρῶτον,
1044 3469 1076 3539 ἢ
1107 3468 1264 3522 τοῦτο
1302 3469 1498 3523 παθεῖν
1529 3470 1854 3541 ἀνεξόμεθα.
1887 3473 1998 3545 Τὴν

329 3555 428 3626 μὲν
451 3552 545 3610 οῦν
576 3556 866 3627 παρθένον,
906 3558 1044 3628 ὅπερ
1076 3557 1232 3629 ἔφην,
1263 3556 1358 3611 ἀτε
1389 3558 1669 3629 ἀνέπαφον
1697 3555 1866 3613 οὖσαν
1899 3561 1996 3615 καὶ

330 3645 464 3698 ἰδίαν
496 3644 662 3697 αὐτοῦ
689 3644 782 3698 καὶ
805 3644 1016 3708 οὐδενὸς
1040 3644 1228 3716 ἐτέρου
1256 3645 1578 3717 γενομένην,
1614 3647 1764 3720 πάσῃ
1797 3648 1999 3719 προθυ-

329 3733 428 3804 μίᾳ
455 3733 772 3805 προσίεται’
807 3734 908 3805 τὴν
940 3733 996 3786 δὲ
1029 3734 1201 3806 ἑτέρῳ
1236 3733 1498 3806 πρότερον
1538 3735 1905 3805 συναφθεῖσαν
1935 3736 1998 3790 οὐ

329 3821 470 3891 μετά
491 3821 593 3890 τῆς
618 3821 789 3892 αὐτῆς
821 3821 1001 3890 φιλίας
1031 3820 1222 3891 ὀψεται
1255 3822 1350 3874 καὶ⁴
1375 3823 1608 3886 εὐνοίας.

399 3916 474 3974 ς’.
498 3908 590 3980 Μὴ
630 3909 739 3978 γάρ
775 3926 864 3980 μοι
897 3908 965 3961 τὰ
989 3908 1277 3972 σπανιάκις
1303 3909 1397 3962 καὶ
1420 3909 1570 3980 μόλις
1589 3909 1736 3976 ἅπαξ
1773 3909 2002 3980 συμϐαί-

328 4012 490 4050 νοντα
515 3996 699 4068 είπῃς,
728 3994 864 4048 ἀλλά
900 3994 969 4050 τά
1000 3995 1239 4066 συνεχῶς
1265 3997 1358 4050 ἐπὶ
1382 3995 1488 4050 τῶν
1523 3997 1868 4068 πραγμάτων
1895 3998 1998 4052 δει-

327 4084 592 4155 κνύμενα.
621 4084 695 4138 Οὐ
731 4083 820 4141 διὰ
846 4081 1018 4138 ταῦτα
1058 4083 1115 4136 δὲ
1153 4083 1311 4154 μόνον
1354 4083 1596 4148 πλείονος
1641 4085 1825 4156 ἐκείνη
1867 4086 2000 4156 μεθ-

330 4173 440 4240 έξει
466 4172 565 4242 τῆς
588 4169 920 4240 παρρησίας,
945 4169 1080 4223 ἀλλά
1101 4171 1196 4223 καὶ
1216 4169 1283 4222 δι’
1307 4169 1469 4242 ἕτερα
1499 4172 1689 4227 πολλά.
1712 4165 1881 4237 Οὗτος
1903 4175 2004 4244 μὲν

329 4262 440 4332 γὰρ
478 4257 572 4312 καὶ
612 4257 870 4312 ὀνειδίσαι
915 4257 1154 4321 εὐκόλως
1185 4257 1388 4312 δύναιτ’
1411 4258 1479 4313 ἀν
1521 4260 1597 4324 ὡς
1629 4265 2003 4334 καταφρονού-

334 4368 495 4426 μενος
523 4351 654 4426 παρ⁹
680 4349 868 4423 αὐτῆς,
893 4349 988 4404 καὶ
1016 4349 1314 4426 τεκμήριον
1344 4349 1447 4419 τῆς
1477 4350 1766 4424 ὀλιγωρίας
1797 4352 1896 4425 τὴν
1924 4356 2004 4420 εἰς

329 4444 422 4499 τὸν
455 4443 718 4516 πρότερον
751 4443 887 4516 αὐτῇ
921 4444 1298 4517 γεγενημένην
1325 4444 1586 4498 ἀπιστίαν
1617 4451 2004 4518 προσενεγκεῖν

331 4539 425 4592 καὶ
450 4537 799 4608 ἐπιστομίσαι
828 4535 923 4590 καὶ
952 4533 1092 4606 ὑπὲρ
1142 4533 1249 4587 τῶν
1276 4534 1654 4607 γεγενημένων
1674 4577 1689 4602 ,
1733 4539 1828 4591 καὶ
1867 4538 2005 4610 ὑπὲρ

331 4631 441 4684 τῶν
469 4629 605 4702 μηδὲ
632 4628 1061 4701 συμϐησομένων
1086 4626 1235 4692 ἴσως.
1279 4628 1337 4683 '0
1359 4628 1470 4700 γάρ
1505 4629 1758 4685 ἀπελθὼν
1789 4632 1882 4685 καὶ
1911 4650 2008 4686 κα-

332 4721 692 4792 ταφρονηθεὶς
725 4724 818 4776 καὶ
855 4722 947 4776 τὸν
992 4720 1171 4787 ζῶντα
1216 4723 1391 4777 ταῦτα
1439 4723 1778 4778 ὑποπτεῦσαι
1827 4725 2004 4779 πείσει

333 4816 462 4888 περὶ
492 4813 720 4881 ἑαυτοῦ,
766 4813 870 4868 κᾶν
910 4813 986 4885 μὴ
1020 4812 1263 4889 γένηται.
1316 4813 1433 4870 Οὐκ
1480 4817 1686 4881 ἐκεῖνος
1741 4817 1798 4871 δὲ
1845 4817 2005 4889 μόνον

331 4905 504 4961 ταῦτα
541 4904 831 4977 προφέρων
880 4903 1016 4976 αὐτῇ
1061 4904 1302 4976 συνεχῶς
1344 4905 1496 4959 ἐσται
1539 4907 1815 4980 φορτικὸς,
1870 4905 2005 4962 ἀλλά

334 5000 428 5053 καὶ
471 4998 678 5052 οἰκέται
723 4996 819 5049 καὶ
851 4995 1213 5069 θεράπαιναι,
1259 4998 1364 5052 κᾶν
1399 4998 1475 5070 μὴ
1513 4997 1787 5070 φανερῶς,
1831 4997 2005 5069 λάθρα

331 5090 465 5160 γοῦν
490 5088 944 5159 διαγογγύζοντες
985 5091 1199 5163 μυρίοις
1232 5091 1402 5164 αὐτὴν
1442 5089 1698 5162 βάλλουσι
1738 5089 2004 5162 σκώμμα-

334 5199 440 5238 σιν.
471 5185 534 5237 Εἰ
557 5182 614 5241 δὲ
639 5193 663 5222 °
699 5199 760 5235 συ
769 5181 879 5254 μϐῇ
904 5184 997 5238 καὶ
1023 5183 1219 5249 παῖδας
1243 5182 1338 5238 τοῦ
1358 5181 1807 5253 τετελευτηκότος
1833 5200 2006 5238 κατα-

333 5275 619 5348 λειφθῆναι
641 5273 815 5339 νέους,
846 5274 964 5341 πῶς
988 5278 1187 5342 αὐτοὺς
1210 5273 1528 5349 ἀναθρέψει,
1551 5273 1670 5337 πῶς
1694 5273 1750 5327 δὲ
1771 5275 2008 5347 προστή-

336 5384 525 5436 σεται;
558 5370 720 5426 τίνων
751 5371 808 5429 δὲ
840 5368 1093 5443 ὀρφανῶν
1124 5368 1187 5426 οὐ
1222 5363 1605 5439 χαλεπώτερον
1643 5363 1843 5421 ἐκεῖνοι
1877 5362 2006 5434 βιώ-

396 5610 426 5639 ⁸
447 5606 584 5660 Cal‘b.
612 5607 798 5660 ἐκεῖνοι.
826 5607 946 5658 editi
968 5607 1164 5658 ἐκείνου.

395 5669 428 5712 δ
449 5645 1300 5731 ἔέἱῖἱ.ἵὶἓόἱῦῗῖδῖὶῑῖτὶἶῖὶἰοηι.
1322 5669 1388 5724 ὡς
1407 5665 1570 5731 εἰπεῖν.

397 5735 422 5764 ο
460 5731 712 5796 Μοτεί-βῑ
736 5724 973 5796 δενὶινξιη
1015 5724 1171 5796 μήτε.
1199 5731 1264 5787 εἰς
1289 5735 1478 5796 Δχρῇονιν
1503 5724 1718 5796 ἐλθόντα,
1745 5728 1898 5784 Sam.
1946 5733 2002 5784 in

335 5799 434 5846 ιον
447 5807 475 5840 ιι
498 5799 551 5856 εἰ
573 5792 706 5843 Colb.
729 5794 993 5856 χρησθέντα
1014 5794 1096 5842 καὶ
1114 5791 1174 5842 τὰ
1193 5791 1448 5856 παρ”ὸύδκ

395 5857 422 5897 ά
443 5854 572 5907 (lolb.
601 5854 928 5918 μεταδοίημεν.

398 5934 422 5962 ο
447 5916 676 5968 Savﬁ.'el
696 5916 830 5966 Colb.
854 5919 912 5970 ἢν
933 5916 1004 5967 δέ,

1135 441 1190 498 S.
1231 439 1516 499 JOANNIS
1551 438 2041 498 CHRYSOSTOMI
2078 438 2397 499 ARCHIEP.
2441 437 2988 501 CONSTANTINOP.
3667 447 3761 502 618

2105 583 2289 620 σονται
2322 566 2389 621 τά
2418 565 2515 620 τοῦ
2547 565 2754 638 πατρὸς
2793 563 3030 636 ὁρῶντες
3075 561 3291 618 ἃπαντα
3333 563 3516 634 ἕτερον
3557 561 3762 633 ἔχοντα,

2099 654 2195 708 καὶ
2225 656 2464 718 οἰκέτας,
2495 654 2591 707 καὶ
2618 653 2817 714 οἰκίαν,
2851 653 2945 705 καὶ
2976 652 3202 724 ἀγροὺς,
3231 650 3326 704 καὶ
3351 650 3412 703 τὸ
3441 650 3658 707 πάντων
3681 669 3767 705 κει

2101 742 2326 811 φάλαιον
2353 741 2450 813 τὴν
2483 743 2752 811 γυναῖκας
2787 738 2904 802 πῶς
2930 739 3249 812 δυνήσονται
3277 738 3354 802 ὡς
3387 739 3523 808 πρὸς
3558 738 3767 811 μητέρα

2100 829 2404 882 διακεῖσθαι
2440 828 2674 894 ἐκεῖνοι;
2710 826 2828 890 πῶς
2871 826 2928 880 δὲ
2955 825 3091 898 αὕτη
3129 825 3205 890 ὼς
3245 825 3382 896 πρὸς
3415 825 3632 890 παῖδας,
3682 826 3770 890 οῦς

2100 916 2451 988 αἰσχύνεσθαι
2491 915 2586 970 καὶ
2620 915 2880 987 ἐρυθριᾷν
2902 912 3308 984 ἀναγκάζεται,
3350 914 3444 968 καὶ
3473 909 3558 978 οἷς
3589 916 3770 968 πᾶσαν

2098 1007 2392 1076 ἀπονεῖμαι
2439 1005 2538 1076 τὴν
2591 1003 2866 1077 μητρικὴν
2913 1004 3014 1057 οὐκ
3052 1003 3165 1072 ἔχει
3219 1001 3639 1073 φιλοστοργίαν,
3699 1004 3771 1066 είς

2097 1095 2224 1158 τοὺς
2255 1093 2315 1158 ἐξ
2340 1093 2550 1146 ἐκείνου
2580 1091 2599 1131 τ
2631 1093 2828 1156 παῖδας
2857 1091 3182 1162 σχιζομένης
3211 1090 3347 1161 αὐτῇ
3374 1091 3477 1159 τῆς
3505 1089 3770 1156 διανοίας;

2099 1182 2164 1235 Τί
2193 1177 2316 1247 οῦν,
2361 1183 2428 1236 ἂν
2530 1181 2740 1254 σφόδρα
2772 1180 2931 1253 κόρη,
2962 1181 3119 1250 φησὶ,
3153 1179 3250 1233 καὶ
3288 1177 3495 1250 βραχὺν
3531 1178 3773 1232 ἀπολαύ-

2101 1287 2240 1325 σασα
2274 1271 2464 1342 χρόνον
2495 1268 2590 1323 τοῦ
2805 1268 3029 1339 ἀνδρός;
3054 1266 3198 1338 Πρὸς
3221 1265 3330 1338 γὰρ
3354 1265 3453 1329 τάς
3484 1265 3656 1337 κόρας
3685 1281 3776 1336 μοι

2097 1358 2273 1412 ταῦτα
2317 1357 2557 1430 εἴρηται,
2604 1358 2664 1410 οὐ
2717 1357 2856 1428 πρὸς
2901 1356 3002 1419 τὰς
3046 1352 3453 1425 γεγηρακυίαςο
3490 1353 3631 1423 πρὸς
3669 1353 3778 1425 γὰρ

2098 1446 2315 1510 ἐκείνας
2363 1445 2522 1498 τοῦτο
2559 1444 2822 1507 ποιούσας
2862 1442 2984 1496 οὐδὲ
3021 1441 3480 1514 διαλεχθήσομαιο
3513 1443 3564 1495 εἰ
3597 1441 3713 1513 γάρ
3752 1443 3779 1496 ό

2097 1533 2266 1596 πολὺς
2289 1531 2480 1604 χρόνος
2506 1531 2600 1585 καὶ
2635 1533 2667 1602 ὴ
2698 1530 2883 1603 ἡλικία
2906 1530 3002 1583 καὶ
3026 1529 3095 1582 τά
3125 1529 3260 1583 ἀλλα
3297 1529 3475 1584 πάντα
3499 1529 3602 1583 οὐκ
3631 1528 3779 1582 ἐπει-

2099 1637 2196 1675 σαν
2227 1620 2396 1684 αὐτάς
2420 1620 2756 1692 ἀποσχέσθαι
2783 1618 3039 1690 δευτέρου
3089 1617 3290 1688 γάμου,
3330 1617 3464 1672 πολύ
3505 1634 3572 1686 γε
3617 1612 3780 1690 ἧττον

2099 1709 2261 1780 ἡμεῖς
2285 1723 2298 1737 °
2326 1708 2387 1761 οὐ
2415 1706 2524 1778 γὰρ
2548 1709 2576 1760 ὀ
2600 1709 2730 1778 παρ’
2752 1709 2785 1776 ἡ
2796 1706 2913 1776 μῶν
2939 1705 3117 1760 πείσει
3143 1705 3302 1775 λόγος
3320 1723 3335 1736 ο
3361 1705 3476 1758 ἀλλ’
3500 1706 3657 1769 ἄπας
3694 1723 3780 1776 μοι

2098 1797 2234 1868 πρὸς
2279 1796 2483 1860 ταύτας
2526 1797 2555 1848 ὀ
2587 1795 2744 1864 λόγος
2777 1794 2913 1848 ἐστί.
2945 1795 3010 1846 Τί
3065 1788 3193 1859 οῦν,
3233 1794 3301 1847 ἂν
3415 1794 3576 1865 κόρη,
3622 1794 3780 1864 φησί,

2097 1885 2194 1938 καὶ
2255 1884 2416 1955 μόνον
2461 1883 2712 1938 ἐνιαυτὸν
2771 1881 2913 1954 μετὰ
2954 1879 3048 1936 τοῦ
3093 1881 3360 1952 προτέρου
3408 1882 3784 1951 συνοικήσασα

2096 1972 2562 2044 δευτερογαμῆται
2584 1974 2610 2012 8
2635 1971 2828 2035 πάλιν;
2865 1970 3008 2032 τίνος
3037 1969 3222 2023 ἕνεκεν
3261 1969 3358 2040 τῆς
3389 1967 3635 2022 εἰκοστὸν
3669 1968 3787 2033 ἔτος

2099 2070 2191 2122 καὶ
2218 2070 2541 2142 τριακοστὸν
2577 2067 2926 2140 ἀνηλωκυίας
2965 2068 3023 2120 ἐν
3073 2065 3238 2138 γάμῳ
3275 2068 3645 2137 προτιμήσεις
3691 2067 3788 2120 αὐ-

2097 2169 2197 2236 τήν
2223 2187 2236 2231 ;
2271 2166 2386 2220 Οὐκ
2414 2165 2611 2234 έγωγε,
2639 2163 2754 2218 ἀλλ’
2786 2165 2816 2217 ὀ
2843 2162 3114 2236 μακάριος
3145 2163 3391 2227 Παῦλος·
3427 2165 3640 2226 ἐκεῖνος
3678 2163 3788 2231 γάρ

2100 2278 2254 2332 φησι,
2278 2259 2699 2329 Μακαριωτέρα
2723 2258 2792 2314 δέ
2811 2260 3002 2323 ἐστιν,
3028 2259 3139 2313 ἐὰν
3159 2259 3314 2314 οὕτω
3331 2259 3531 2329 μείνῃ.
3557 2260 3626 2312 Τί
3649 2260 3784 2329 γὰρ,

2099 2360 2148 2413 εἰ
2173 2359 2266 2412 καί⁹
2287 2358 2454 2412 πολὺν
2485 2357 2666 2430 ἐκείνη
2690 2355 2881 2428 χρόνον
2901 2353 3214 2428 συνῴκησεν
3242 2355 3416 2427 ἀνδρὶ,
3448 2355 3564 2408 ἀλλ’
3583 2356 3669 2408 ἑνὶ
3699 2355 3792 2408 καὶ

2098 2457 2178 2530 τῷ
2205 2457 2353 2528 αὐτῷ
2375 2457 2469 2511 καὶ
2495 2457 2640 2528 μόνῳ
2658 2458 2752 2511 καὶ
2775 2449 2819 2526 ᾧ
2845 2456 2901 2524 ἐξ
2924 2456 3100 2529 ἀρχῆς
3119 2454 3440 2528 ἐκληρώθη;
3462 2454 3604 2527 αῦτη
3623 2456 3687 2510 δὲ
3703 2455 3791 2508 δυ-

2102 2554 2184 2607 σὶν
2211 2553 2406 2607 ἔδωκεν
2427 2551 2648 2624 ἑαυτὴν,
2674 2550 2956 2607 καὶταῦτα
2979 2552 3036 2606 ἐν
3067 2549 3260 2624 βραχεῖ
3281 2549 3360 2621 τῷ
3388 2549 3589 2621 χρόνῳ.
3636 2550 3789 2604 Ἀλλ’

2100 2650 2199 2720 οὐχ
2219 2648 2423 2702 ἑκοῦσα
2447 2649 2499 2710 ιι,
2536 2647 2702 2719 φησίν
2726 2665 2739 2678 ·
2772 2649 2822 2701 εί
2851 2646 2962 2719 γάρ
2991 2648 3020 2701 ὀ
3055 2646 3271 2718 πρῶτος
3297 2645 3416 2716 ἔζη,
3447 2644 3548 2699 οὐκ
3571 2645 3637 2699 ἂν
3666 2647 3794 2700 ἓτε-

2103 2763 2194 2818 ρον
2219 2747 2508 2818 ἠγάπησεν
2535 2747 2622 2800 ἐπ’
2653 2745 2878 2817 ἐκείνῳ·
2912 2743 3101 2816 ἐπειδὴ
3130 2742 3186 2796 δὲ
3215 2743 3322 2815 πρὸ
3359 2741 3508 2812 ὥρας
3530 2743 3798 2814 ἀπῆλθεν

2100 2844 2340 2908 ἐκεῖνος,
2395 2841 2503 2897 ὑπὸ
2557 2843 2658 2914 τῆς
2713 2841 2960 2912 ἀνάγκης
3009 2838 3249 2910 δευτέρῳ
3304 2837 3552 2910 συνήφθη
3596 2839 3794 2894 πάλιν.

2101 2932 2269 2998 Ποίας
2316 2931 2599 3006 ἀνάγκης;
2657 2928 2798 2999 Ἐγὼ
2838 2927 2948 3000 γὰρ
2991 2926 3193 2998 ταύτης
3223 2920 3294 2998 ἦς
3335 2927 3513 2997 λέγεις
3559 2927 3802 2997 μείζονα

2102 3021 2294 3092 ἐτέραν
2335 3021 2581 3090 ἀνάγκην
2621 3017 2733 3090 ὀρῶ
2779 3015 2971 3087 ἱκανὴν
3015 3014 3184 3085 αὐτὴν
3221 3017 3519 3084 κατασχεῖν
3573 3014 3675 3068 ἐπὶ
3718 3015 3802 3086 τῷ

2100 3108 2537 3180 τετελευτηκότι,
2573 3107 2634 3160 τὸ
2663 3103 2878 3176 πικρῶν
2915 3101 3094 3166 οὕτως
3138 3101 3445 3156 ἀπολαῦσαι
3477 3101 3588 3154 τῶν
3635 3120 3804 3175 πρα-

2101 3200 2330 3272 γμάτων
2365 3197 2460 3250 τοῦ
2493 3197 2724 3268 κόσμου.
2772 3194 2839 3248 Ἠ
2881 3192 2980 3264 μὲν
3019 3191 3128 3263 γὰρ
3157 3189 3326 3245 πολὺν
3362 3192 3548 3255 αὐτοῖς
3581 3209 3805 3263 συγγε-

2103 3289 2301 3360 νομένη
2326 3287 2515 3358 χρόνον
2534 3325 2549 3349 ,
2585 3286 2681 3339 καὶ
2715 3281 3093 3356 ἐμπλησθεῖσα
3130 3279 3330 3345 καλῶς,
3368 3277 3445 3342 ὼς
3467 3279 3577 3332 τῶν
3605 3281 3808 3334 αὐτῶν

2102 3377 2400 3449 τευξομένη
2448 3373 2558 3429 τῶν
2610 3375 2742 3428 ῐσων
2792 3371 2989 3442 ἅψεται
3043 3369 3238 3424 πάλιν
3283 3372 3317 3441 ή
3369 3369 3426 3424 δὲ
3480 3372 3811 3444 προοιμίων

2103 3467 2247 3521 οὕτω
2273 3461 2528 3535 χαλεπῶν
2573 3459 2900 3533 πειραθείσα
2933 3458 3068 3530 ποίᾳ
3098 3457 3424 3529 προαιρέσει
3471 3457 3569 3511 καὶ
3610 3458 3810 3512 ἐλπίδι

2105 3557 2244 3628 πρὸς
2274 3555 2372 3626 τὴν
2419 3556 2616 3625 πεῖραν
2652 3551 2772 3622 ἥξει
2812 3549 2922 3604 τῶν
2953 3547 3248 3621 χαλεπῶν;
3283 3547 3420 3601 Οὐδὲ
3461 3547 3574 3620 γάρ
3622 3550 3682 3604 el’
3715 3566 3813 3614 τις

2109 3643 2429 3716 βουλόμενος
2469 3637 2951 3712 ἐμπορεύσασθαι,
3001 3636 3132 3710 πρίν
3171 3654 3222 3691 τι
3263 3635 3500 3710 κερδάνῃ
3539 3637 3666 3708 ἅμα
3725 3639 3814 3710 τῷ

2106 3737 2196 3791 τὸν
2225 3734 2420 3806 λιμένα
2449 3732 2683 3800 ἐξελθεῖν
2717 3733 2735 3772 ί
2767 3731 3027 3800 ναυάγιον
3049 3728 3358 3801 ὑπομείνοι,
3388 3727 3634 3793 εὐκόλως
3668 3729 3817 3798 ἅψε-

2104 3842 2194 3879 ται
2218 3824 2319 3896 τῆς
2348 3822 2730 3895 πραγματείας
2753 3820 2958 3875 λοιπόν.
2985 3820 3118 3875 Οὐδὲ
3142 3818 3347 3892 ταύτην
3378 3817 3608 3882 εἰκότως
3634 3817 3649 3868 i
3703 3819 3816 3889 τὴν

2107 3912 2280 3966 πολλά
2303 3913 2400 3984 μὲν
2416 3911 2688 3984 προσδοκή
2697 3925 2866 3965 σασαν
2889 3907 3041 3980 ἡδέα,
3060 3907 3191 3980 πρὶν
3212 3906 3246 3979 ἢ
3268 3907 3325 3960 δὲ
3344 3906 3571 3960 ἐκείνων
3592 3907 3820 3978 πεῖραν

2107 4003 2289 4067 καλῶς
2312 4002 2519 4066 λασεῖν,
2541 3999 2793 4055 τοσοῦτον
2817 3997 3014 4062 πένθος
3039 3996 3254 4051 ἰδοῦσαν
3277 3995 3570 4064 ἀγαπῆσαι
3600 3997 3680 4048 τὰ
3708 3994 3820 4049 τοῦ

2107 4092 2318 4163 κόσμου
2357 4089 2680 4162 πράγματα,
2715 4088 2764 4140 εί
2800 4086 2876 4158 μὴ
2917 4084 3124 4157 σφόδρα
3148 4083 3398 4157 ἀκρατὴς
3429 4078 3568 4138 οὖσα
3602 4085 3821 4153 τύχοι*

2113 4180 2313 4251 μᾶλλον
2341 4178 2420 4240 δὲ.
2452 4179 2502 4231 εἰ
2535 4177 2630 4232 καὶ
2661 4174 2866 4247 σφόδρα
2894 4173 3032 4245 πρὸς
3067 4172 3206 4228 αὐτά
3227 4171 3519 4234 διακέοιτο,
3545 4172 3650 4224 καὶ
3681 4173 3826 4226 λίαν

2109 4269 2221 4340 ἔχοι
2249 4263 2602 4339 προσπαθῶς,
2628 4263 2787 4335 ἱκανὴ
2807 4263 2909 4334 τῆς
2932 4260 3109 4333 ἀρχῆς
3133 4263 3166 4332 ἡ
3189 4259 3354 4332 ἀηδία
3374 4261 3557 4314 πᾶσαν
3591 4259 3821 4315 σϐέσαι

2107 4359 2209 4430 τὴν
2243 4355 2539 4426 ἐπιθυμίαν
2571 4353 2764 4426 αὐτῆς.
2791 4351 2929 4405 Τότε
2956 4349 3067 4422 γὰρ
3093 4351 3209 4411 τοῖς
3236 4347 3527 4420 πράγμασι
3551 4347 3828 4418 μάλιστα

2110 4448 2393 4521 ἐπιμένειν
2415 4443 2711 4515 εἰώθαμεν,
2735 4443 2865 4496 ὅταν
2884 4438 3184 4512 προοιμίων
3206 4436 3558 4510 πειραθῶμεν
3585 4437 3826 4492 καλῶνο

2109 4540 2239 4594 ὅταν
2269 4538 2326 4592 δὲ
2354 4536 2415 4602 ἐξ
2442 4535 2618 4608 ἀρχῆς
2659 4532 2756 4586 καὶ
2783 4530 2880 4585 ἀπ’
2905 4529 3101 4599 αὐτῆς,
3130 4527 3206 4591 ὡς
3237 4525 3304 4581 ἀν
3342 4526 3485 4580 είποι
3513 4543 3640 4590 τις,
3710 4529 3835 4598 τῆς

2109 4628 2377 4700 γραμμῆς
2421 4621 2674 4698 χαλεπῶν
2716 4621 2812 4675 καὶ
2853 4616 3131 4674 δυσκόλων
3175 4612 3517 4685 αἰσθώμεθα,
3575 4616 3832 4686 ταχέως

2110 4715 2522 4790 ἀνακρουόμεθα
2540 4715 2641 4784 τῆς
2659 4708 3032 4784 προαιρέσεως
3053 4703 3418 4790 σϐεννυμέενης
3437 4705 3598 4774 ἡμῖν.
3625 4706 3835 4762 Ὠστε

2111 4810 2168 4864 αί
2194 4785 2293 4873 τάς
2321 4785 2535 4877 ἀώρους
2564 4803 2926 4874 ὐπομείνασαι
2966 4795 3227 4869 χηρείας,
3255 4785 3420 4847 αὗται
3452 4793 3705 4861 εἰκότως
3757 4797 3838 4851 ἂν

2110 4899 2433 4971 ἀπόσχοιντο
2457 4893 2635 4965 γάμου
2663 4889 2915 4962 δευτέρου
2945 4887 3088 4958 ὑπὲρ
3122 4883 3218 4940 τοῦ
3251 4883 3325 4955 μὴ
3358 4882 3427 4937 τὰ
3459 4883 3601 4938 αὐτὰ
3633 4888 3845 4942 πάλιν

2111 4988 2324 5044 παθεῖν.
2360 4986 2426 5040 Ἦ
2458 4984 2556 5056 μὲν
2584 4981 2693 5054 γάρ
2715 4983 2772 5034 ἐν
2798 4982 2866 5052 τῇ
2897 4977 3097 5049 χηρείᾳ
3124 4974 3365 5046 μένουσα
3383 4972 3495 5038 ἐξει
3525 4974 3590 5028 τὸ
3612 4974 3844 5050 iam-

2111 5080 2219 5145 λές,
2253 5077 2349 5133 καὶ
2376 5077 2475 5149 οὐχ
2509 5073 2842 5131 ὐποπτεύσει
2875 5070 3072 5134 πένθος
3105 5067 3296 5142 ἕτερον
3329 5065 3576 5121 τοιοῦτον
3602 5071 3738 5126 πά)
3759 5092 3844 5127 ιν·

2111 5175 2147 5244 ὴ
2169 5173 2226 5227 δέ
2250 5168 2703 5244 προσομιλήσασα
2725 5165 2890 5237 γάμῳ
2913 5161 3156 5234 δευτέρῳ
3179 5160 3272 5214 καὶ
3299 5158 3459 5214 τοῦτο
3481 5161 3849 5238 προσδοκᾷν

2111 5263 2586 5337 ἀναγκασθήσεται
2612 5259 2674 5313 τὸ
2693 5257 2890 5313 δεινόν.
2920 5256 3032 5311 Καὶ
3053 5254 3228 5317 άλλως
3253 5252 3330 5314 δὲ,
3355 5253 3405 5306 εἰ
3437 5252 3532 5306 καὶ
3555 5257 3748 5325 πρᾶγ
3758 5278 3850 5330 μα

2111 5359 2170 5414 ἐν
2198 5359 2344 5412 ἐστιν
2387 5358 2421 5426 ἡ
2467 5352 2698 5427 χηρεία,
2743 5348 2858 5403 ἀλλ’
2890 5347 2952 5402 οὐ
2994 5347 3170 5400 πᾶσαι
3197 5344 3322 5408 τοὺς
3355 5341 3556 5407 αὐτοὺς
3592 5341 3859 5422 ἀπολή-

2179 5605 2201 5646 ί
2223 5607 2307 5658 Sic
2327 5605 2479 5656 SaVil.
2505 5608 2560 5654 el
2579 5601 2716 5655 Colb.
2744 5596 2920 5648 Morel.
2943 5595 3052 5651 τοὺς
3074 5594 3270 5658 inﬁma.

2175 5671 2202 5710 8
2235 5655 2402 5718 Militi}
2435 5667 2607 5728 legere
2631 5662 2834 5725 δευτέρῳ
2853 5655 3238 5728 μιμῆται-ἔοπ.

2173 5729 2205 5771 λ
2224 5729 2360 5781 Colb.
2384 5718 2608 5790 ἑκοῦσαν,
2632 5732 2687 5790 ει
2706 5718 2820 5790 ωὸιέ
2844 5718 3070 5790 πρρτερρς
3092 5718 3200 5790 EF":
3213 5777 3235 5790 ι.
3256 5776 3280 5790 ..

2181 5736 2205 5771 ι
2224 5736 2360 5781 Colb.
2384 5736 2608 5799 ἑκοῦσαν,
2632 5736 2687 5777 ει
2706 5736 2820 5800 mons
2844 5736 3070 5836 πῇσι-ερος
3092 5736 3191 5776 em.
3256 5776 3280 5790 ‘

2181 5803 2197 5861 ξ
2229 5790 2366 5861 ςοιί).
2397 5797 2452 5861 e_l
2469 5788 2865 5861 Βενξικέξελθειν,
2933 5784 3060 5836 ore].
3084 5777 3325 5833 εἰσελθιιν.

2182 5853 2196 5904 ἰ
2233 5853 2518 5918 ιεεεοάωιι
2543 5851 2683 5908 εἰκός.
2704 5849 2841 5905 Eon.
