3864 6270
464 302 475 331 δ

169 352 268 405 6l7

170 465 386 525 habeas,
428 479 584 535 quam
615 464 815 530 omnia,
846 479 964 535 quze
990 464 1043 519 in
1070 464 1200 522 orbe
1227 474 1487 521 terrarum
1513 476 1656 533 sunt,
1681 482 1745 522 ea

170 555 489 619 conditione,
519 566 575 609 nt
600 572 702 610 una
729 572 849 611 cum
872 557 973 612 illis
996 566 1046 613 te
1061 573 1271 628 quoque
1291 560 1445 614 alteri
1465 561 1754 631 subjicias?

176 646 321 699 Mitto
369 660 509 701 nunc
537 661 715 712 curas,
747 648 1116 715 contumelias,
1145 650 1404 715 convicia,
1438 650 1750 722 zelotypias,

181 737 363 790 inanes
410 737 762 806 suspiciones.
809 738 1019 794 dolores
1067 739 1326 808 pariendi,
1370 750 1424 795 et
1462 742 1665 811 reliqua
1703 742 1756 797 id

170 844 360 898 genus.
394 828 519 884 ihec
547 830 691 884 enim
719 840 864 885 recte
886 839 1011 886 tunc
1031 830 1345 898 atteruntur,
1375 847 1495 887 eum
1541 833 1607 886 ad
1650 833 1759 887 vir-

171 923 349 989 ginem
375 936 554 976 sermo
583 921 827 985 babetur,
858 921 1052 993 quippe
1080 938 1198 993 qua:
1233 922 1380 977 rudis
1405 931 1565 993 atque
1590 924 1757 993 impe-

173 1012 276 1066 rita
306 1022 386 1067 est
407 1011 706 1081 hujusmodi
733 1013 1136 1076 difficultatum;
1165 1014 1335 1068 vidum
1361 1025 1533 1069 autem
1560 1016 1603 1070 si
1630 1032 1758 1070 nar-

172 1112 360 1157 rentur
385 1103 681 1179 molestiam
714 1106 888 1175 potius
922 1104 1161 1161 afferent.
1190 1105 1318 1173 Qua:
1348 1106 1490 1161 enim
1513 1122 1610 1162 usu
1642 1107 1763 1178 ipso

172 1197 375 1265 optime
418 1196 621 1263 didicit,
655 1212 716 1252 ea
747 1198 790 1253 si
820 1198 985 1267 ipsam
1017 1199 1192 1254 verbis
1215 1198 1409 1254 docere
1432 1200 1583 1264 velis,
1617 1199 1757 1254 frus-

175 1295 257 1341 tra
288 1302 501 1358 operam
528 1303 726 1343 sumas.
757 1288 890 1344 Illud
922 1297 1127 1344 tantum
1152 1290 1349 1346 addere
1372 1306 1469 1362 par
1506 1300 1607 1356 est,
1638 1306 1758 1347 eam

173 1394 296 1448 qua:
324 1380 469 1450 virgo
486 1382 684 1450 nupsit,
713 1381 882 1436 multo
908 1382 1106 1451 majore
1132 1398 1250 1437 cum
1281 1383 1525 1437 libertate
1551 1398 1615 1439 ac
1636 1383 1761 1438 fidit-

174 1471 255 1523 cia
302 1471 412 1525 viro
448 1486 685 1539 usuram,
732 1488 890 1542 quam
931 1489 1048 1543 quin
1088 1483 1207 1543 post
1256 1474 1584 1529 viduitatem.
1626 1474 1759 1530 Nam

176 1561 318 1616 hanc
344 1563 431 1633 qui
460 1565 746 1633 acceperit,
776 1574 833 1618 nt
860 1579 1077 1619 uxorem
1105 1581 1286 1621 amare
1326 1576 1519 1635 potest,
1552 1576 1610 1622 ut
1655 1568 1761 1621 vir-

174 1652 352 1722 ginem
382 1654 593 1709 ductam
620 1670 725 1709 non
758 1664 949 1725 potest.
981 1657 1148 1724 Quam
1180 1673 1309 1713 vero
1337 1673 1549 1714 amores
1576 1659 1649 1713 illi
1681 1660 1762 1715 his

174 1744 627 1811 vehementiores,
659 1754 714 1801 et
761 1748 931 1817 magis
977 1748 1371 1818 quodammodo
1415 1750 1587 1804 insani
1632 1750 1760 1817 sint,

176 1836 381 1890 nemini
409 1852 515 1890 non
546 1837 877 1906 exploratum
904 1848 1004 1894 est.
1038 1839 1259 1894 Viduam
1285 1850 1463 1895 autem
1496 1851 1760 1910 tamquam

176 1930 281 1985 viri
322 1946 427 1985 non
456 1933 674 1987 omnino
716 1934 934 1988 insciam
978 1934 1198 1990 minime
1240 1943 1350 1991 toto
1391 1936 1569 1989 animo
1610 1951 1762 1989 com-

175 2024 442 2094 plectetur
467 2034 625 2095 atque
661 2026 878 2080 amabit.
922 2027 1122 2082 Omnes
1170 2028 1312 2082 enim
1370 2028 1479 2082 fere
1523 2028 1765 2083 homines

175 2114 415 2170 solemus
439 2115 551 2170 sive
577 2116 861 2187 zelotypia,
885 2118 997 2172 sive
1036 2117 1208 2173 inanis
1232 2118 1417 2187 gloria:
1438 2119 1634 2183 studio,
1652 2118 1765 2173 sive

175 2206 362 2261 nescio
402 2220 503 2276 qua
550 2207 653 2261 alia
693 2222 850 2263 causa
892 2208 1104 2263 adducti
1144 2224 1236 2264 eas
1280 2224 1365 2264 res
1413 2210 1679 2279 praecipue
1710 2210 1762 2264 in

172 2312 366 2353 amore
392 2297 607 2360 habere.
640 2299 834 2369 quibus
853 2308 1140 2371 antequam
1175 2301 1228 2355 in
1261 2301 1485 2356 aliorum
1528 2310 1764 2370 potesta-

175 2397 289 2442 tem
320 2390 565 2444 venerint
589 2390 835 2457 fruimur,
857 2406 1188 2463 quarumque
1232 2408 1327 2447 nos
1371 2393 1527 2462 primi
1566 2407 1630 2448 ac
1664 2393 1765 2447 stili

179 2480 393 2535 domini
420 2497 623 2536 sumus.
663 2482 721 2537 id
761 2491 816 2537 et
850 2483 901 2537 in
931 2485 1260 2539 vestimentis
1285 2484 1572 2540 usuvenire
1593 2484 1765 2539 anim-

170 2571 463 2636 advertas;
511 2588 618 2628 non
671 2575 811 2628 enim
855 2590 953 2641 ea,
990 2576 1180 2645 quibus
1217 2576 1305 2631 alii
1328 2576 1407 2632 usi
1440 2584 1585 2645 sunt,
1612 2592 1768 2647 mque

171 2677 306 2717 cara
335 2662 588 2719 habemus
610 2673 767 2734 atque
798 2664 885 2719 illa
913 2666 1102 2736 quibus
1130 2682 1304 2722 nemo.
1330 2667 1470 2722 Idem
1499 2668 1553 2723 in
1582 2668 1763 2734 domo,

173 2753 327 2808 idem
366 2754 418 2808 in
446 2756 587 2810 vasis
624 2774 636 2809 :
685 2755 901 2811 domum
946 2759 1089 2812 enim
1136 2757 1292 2813 nobis
1334 2760 1402 2814 ab
1439 2759 1547 2815 alio
1587 2759 1765 2814 datam

173 2859 290 2900 non
324 2846 544 2915 perinde
572 2862 831 2914 amamus,
862 2857 1021 2919 atque
1047 2850 1213 2914 illam,
1259 2866 1415 2920 quam
1464 2852 1619 2907 nobis
1665 2851 1765 2921 ipsi

172 2945 487 3013 paravimus
516 2961 529 2997 :
558 2960 621 3001 ac
655 2946 817 3013 vasis,
849 2962 967 3017 quae
994 2963 1166 3018 nuper
1194 2946 1331 3003 facta
1360 2956 1483 3003 sunt
1509 2948 1768 3018 nobisque

174 3036 415 3105 primum
446 3037 562 3091 usui
609 3037 840 3105 fuerunt,
886 3040 1039 3095 valde
1082 3041 1366 3111 parcimus,
1411 3056 1767 3112 magnumque

170 3128 285 3182 illis
313 3128 692 3184 conservandis
728 3129 959 3185 studium
990 3130 1379 3200 impendimus;
1425 3147 1544 3202 qua:
1588 3142 1765 3187 autem

168 3217 248 3269 ab
271 3216 395 3272 aliis
418 3217 483 3271 ad
520 3233 617 3273 nos
643 3229 923 3285 venerunt,
954 3236 1058 3274 non
1103 3236 1426 3292 magnOpere
1471 3220 1522 3274 in
1565 3221 1767 3275 deliciis

168 3309 463 3376 habemus,
492 3311 584 3365 sed
611 3310 745 3366 adeo
769 3320 1172 3380 aversamur,ut
1199 3327 1340 3383 smpe
1368 3313 1420 3367 in
1449 3312 1606 3367 aliam
1634 3327 1768 3367 con-

170 3410 453 3456 vertamus
495 3400 742 3456 formam.
770 3402 921 3471 Quod
946 3405 991 3457 si
1020 3404 1073 3459 in
1100 3403 1282 3470 domo,
1314 3405 1365 3458 in
1396 3414 1564 3468 veste,
1594 3405 1646 3458 in
1674 3420 1766 3459 va-

165 3495 255 3548 sis
282 3494 387 3549 hoc
409 3495 586 3548 animo
613 3509 817 3563 sumus,
841 3498 1040 3566 cogites
1068 3494 1248 3560 velim,
1272 3496 1325 3550 in
1353 3510 1539 3562 uxore,
1567 3510 1668 3566 qua
1687 3495 1769 3550 ni-

168 3585 254 3639 hil
284 3585 589 3640 hominibus
608 3587 891 3656 pretiosius
920 3596 1021 3650 est,
1052 3595 1250 3657 quanto
1279 3586 1648 3642 vehementius
1670 3601 1769 3643 nos

162 3676 323 3732 afﬁci
348 3687 765 3734 consentaneum
789 3678 877 3732 sit.
911 3677 1045 3732 Nam
1076 3678 1176 3732 alia
1205 3677 1419 3748 quidem
1445 3692 1544 3733 nec
1570 3679 1653 3744 iis,
1678 3678 1769 3748 qui

164 3771 406 3840 cupiunt
424 3811 439 3835 ,
466 3786 778 3827 recusamus
805 3771 1202 3827 communicare
1232 3788 1245 3823 :
1277 3770 1415 3827 hanc
1443 3781 1620 3828 autem
1670 3771 1772 3826 mi-

163 3864 329 3919 nime
360 3863 437 3918 fas
464 3872 576 3931 est,
604 3879 667 3920 ac
694 3865 850 3919 citius
876 3865 1038 3920 vitam
1078 3865 1476 3936 profundcmus,
1515 3882 1671 3937 quam
1716 3867 1768 3922 id

165 3955 327 4010 ferre
357 3956 589 4009 animum
625 3955 960 4011 inducamus.
999 3956 1263 4025 Virginem
1310 3957 1471 4026 igitur
1516 3968 1570 4012 ut
1617 3957 1769 4013 dice-

164 4048 330 4111 bam,
366 4056 547 4114 utpote
568 4046 814 4100 intactam
861 4054 917 4100 et
960 4045 1061 4101 sibi
1104 4047 1373 4115 pmpriam
1413 4047 1558 4102 omni
1606 4048 1774 4103 animi

164 4137 389 4205 impetu
416 4135 819 4205 complectetur,
847 4151 964 4191 eam
992 4152 1138 4201 vero,
1161 4152 1279 4207 quae
1305 4138 1456 4193 alteri
1481 4138 1625 4207 prius
1651 4153 1773 4194 con-

160 4232 383 4294 suevit,
415 4242 521 4281 non
547 4242 696 4297 mque
726 4227 997 4283 benevolis
1040 4236 1200 4298 atque
1245 4229 1430 4284 amicis
1470 4230 1641 4285 oculis
1681 4245 1772 4286 as-

161 4318 367 4389 piciet.

255 4410 309 4466 6.
340 4409 523 4480 Neque
550 4421 603 4465 tu
633 4411 784 4478 mihi,
808 4427 927 4483 qua:
950 4428 1073 4467 raro
1096 4428 1159 4468 ac
1182 4414 1267 4467 vix
1293 4414 1459 4470 semel
1486 4415 1760 4481 eveniunt,

160 4500 405 4567 aﬂ'eras,
430 4502 524 4557 sed
545 4518 662 4571 qua:
684 4503 921 4574 quotidie
951 4504 1003 4557 in
1029 4504 1299 4559 communi
1324 4505 1431 4560 vita
1454 4512 1768 4561 cernuntur.

159 4595 377 4664 Neque
420 4610 549 4650 vero
590 4595 673 4649 lue
702 4597 831 4651 sola:
860 4612 1035 4651 causa:
1076 4606 1237 4663 sunt,
1268 4614 1364 4652 cur
1406 4599 1497 4653 illa
1526 4598 1775 4655 ﬁdentius

160 4695 312 4756 agat
338 4728 351 4749 ,
395 4701 579 4741 verum
606 4687 764 4741 etiam
795 4687 915 4742 alia:
956 4689 1157 4743 multae.
1201 4688 1333 4742 Nam
1356 4689 1530 4744 vidua:
1558 4690 1773 4760 quidem

160 4781 417 4836 maritus
446 4780 599 4836 facile
624 4782 950 4851 exprobrare
984 4782 1216 4852 poterit,
1253 4798 1313 4837 se
1337 4798 1549 4853 quoque
1580 4783 1648 4837 ab
1684 4784 1774 4839 illa

161 4875 345 4947 parvi
386 4876 519 4939 fieri,
550 4890 613 4930 ac
649 4875 935 4945 despectus
974 4875 1226 4930 indicium
1264 4876 1505 4947 proferre
1542 4876 1775 4932 inﬁdeli-

162 4976 387 5030 tatem,
415 4982 572 5035 quam
598 4982 724 5037 erga
754 4968 988 5036 priorem
1017 4968 1192 5022 virum
1218 4968 1485 5034 adhibuit,
1514 4977 1675 5039 atque
1704 4969 1776 5025 ita

157 5076 246 5113 os
283 5059 360 5112 illi
386 5058 686 5126 obstruere,
711 5060 869 5130 idque
891 5068 997 5115 tam
1022 5060 1089 5116 de
1110 5060 1391 5130 praeteritis
1414 5060 1594 5127 rebus,
1617 5076 1775 5132 quam

155 5153 251 5208 de
302 5152 393 5215 iis,
419 5167 537 5220 qute
584 5152 808 5208 fortasse
844 5151 1040 5208 futura:
1075 5168 1186 5208 non
1226 5161 1368 5209 sunt.
1407 5153 1595 5209 Mortui
1635 5155 1777 5209 enim

156 5242 293 5298 viri
323 5250 684 5313 contemptus,
712 5244 974 5299 viventem
997 5258 1229 5314 quoque,
1270 5253 1327 5299 ut
1371 5244 1511 5300 idem
1552 5244 1654 5300 sibi
1682 5262 1778 5301 ex-

158 5342 429 5404 spectet,
473 5332 812 5399 admonebit,
843 5335 971 5391 licet
1006 5345 1319 5391 eventurum
1346 5352 1451 5391 non
1478 5337 1566 5391 sit.
1597 5336 1779 5405 Neque

156 5439 323 5479 vero
354 5423 443 5479 ille
464 5424 609 5477 solus
634 5423 748 5479 haec
775 5434 1034 5495 perpetuo
1058 5427 1213 5481 uxori
1241 5426 1501 5497 objiciens
1522 5426 1781 5483 molestus

154 5518 317 5581 erit,
341 5517 437 5572 sed
465 5516 645 5572 famuli
677 5518 837 5573 etiam
865 5526 1027 5589 atque
1054 5520 1281 5583 ancillae,
1310 5520 1354 5574 si
1380 5523 1555 5574 minus
1580 5520 1777 5589 palam,

153 5616 345 5665 certe
384 5610 545 5662 tacito
582 5608 812 5679 quodam
850 5625 1127 5666 murmure
1162 5610 1432 5665 sexcentis
1455 5611 1623 5682 ipsam
1646 5625 1780 5665 con-

157 5702 349 5758 viciis
388 5702 681 5759 incessunt.
724 5704 879 5770 Quod
916 5705 963 5760 si
1000 5703 1139 5760 ﬁlios
1178 5703 1483 5774 impuberes
1510 5720 1573 5760 ex
1602 5705 1780 5775 priore

152 5808 314 5849 um
354 5791 638 5865 habuerit,
683 5795 951 5867 quomodo
1003 5795 1123 5854 illos
1180 5796 1463 5866 educabit,
1513 5797 1781 5870 quomodo

1269 352 1355 410 DE
1393 353 1527 410 NON
1566 353 1911 412 ITERANDO
1946 355 2293 415 CONJUGIO.

3328 359 3433 416 οη

1856 469 2104 524 curabit?
2137 470 2330 540 quibus
2369 478 2546 527 autem
2573 471 2786 544 pupillis
2816 486 2941 528 non«
2967 472 3040 528 illi
3081 474 3329 529 miserius
3356 478 3433 529 vi-

1859 570 2010 625 vent,
2055 562 2145 631 qui
2190 571 2410 631 paterna
2450 564 2628 618 omnia
2669 564 2720 619 in
2750 564 2973 620 alterius
2996 572 3261 635 potestate
3287 565 3439 620 vide-

1858 650 2013 719 bunt,
2057 651 2302 719 famulos,
2345 652 2583 720 domum,
2628 654 2846 724 praedia,
2884 664 2939 710 et
2964 654 3107 725 quod
3140 664 3301 726 caput
3324 671 3443 709 om-

1859 746 2007 800 nium
2058 754 2178 813 est,
2227 747 2493 802 uxorem?
2542 747 2812 817 quomodo
2865 750 3051 804 matris
3102 750 3220 804 loco
3274 748 3441 818 ipsam

1860 837 2040 891 colere
2067 837 2139 891 iiii
2169 846 2419 906 poterunt
2437 837 2757 908 ?-qnomodo
2787 840 2932 910 ipsos
2957 841 3044 895 illa
3066 840 3297 896 ﬁliorum
3328 840 3447 895 loco

1861 927 2121 998 diligere,
2162 943 2296 999 quos
2337 944 2459 984 cum
2509 930 2781 997 intuetur,
2820 931 3099 988 erubescat
3137 947 3200 986 ac
3244 932 3447 1001 pudore

1863 1018 2201 1074 suffundatur
2227 1034 2444 1075 necesse
2480 1021 2570 1087 sit,
2607 1021 2905 1092 quibusque
2944 1038 3048 1077 non
3091 1039 3300 1079 omnem
3343 1025 3446 1078 im-

1864 1108 2101 1179 pendere
2147 1119 2447 1165 maternuin
2494 1110 2741 1166 aﬁ‘ectnm
2796 1120 3011 1181 potest,
3052 1128 3243 1184 magna
3284 1115 3449 1168 animi

1861 1210 2023 1271 atque
2049 1201 2249 1255 amoris
2277 1211 2429 1271 parte
2460 1202 2521 1255 in»
2542 1201 2680 1257 ﬁlios
2697 1243 2711 1264 ,
2738 1218 2873 1273 quos
2900 1218 2971 1257 ex
2993 1203 3165 1258 altero
3190 1204 3445 1274 suscepit,

1865 1290 2164 1345 translata?
2189 1292 2326 1358 Quid
2354 1293 2531 1362 igitur,
2560 1292 2790 1363 inquies,
2823 1293 2869 1347 si
2891 1291 3043 1348 valde
3072 1302 3254 1348 tenera
3288 1304 3446 1349 aetate

1865 1380 2065 1449 fuerit,
2114 1390 2272 1452 atque
2316 1383 2507 1453 exiguo
2567 1393 2806 1453 tempore
2853 1383 2957 1438 frui
3003 1385 3120 1439 viro
3172 1385 3451 1455 potuerit?

1865 1472 2001 1539 Quin
2027 1472 2092 1528 ad
2125 1474 2331 1542 puellas
2369 1473 2483 1528 litec
2509 1474 2637 1529 mihi
2678 1475 2818 1529 dicta
2843 1485 2987 1542 sunt,
3020 1490 3128 1530 non
3166 1476 3303 1541 illas,
3332 1492 3451 1546 quae

1859 1564 1969 1635 jam
2000 1576 2331 1631 senuerunt;
2362 1582 2484 1621 nam
2512 1582 2632 1621 cum
2664 1567 2787 1632 illis,
2817 1569 2861 1623 si
2888 1568 2952 1621 ad
2982 1568 3189 1639 nuptias
3214 1571 3449 1624 animum

1865 1656 2151 1727 adjiciant,
2216 1672 2285 1712 ne
2313 1658 2532 1712 verbum
2576 1658 2788 1727 quidem
2823 1657 3048 1723 faciam;
3092 1674 3264 1730 neque
3306 1660 3448 1714 enim

1866 1757 2047 1803 nostra
2093 1748 2199 1803 illis
2236 1750 2407 1803 oratio
2446 1764 2475 1803 a
2516 1749 2752 1804 secundo
2793 1749 3137 1807 matrimonio
3180 1751 3454 1806 abstinen-

1866 1837 1991 1891 dum
2014 1838 2375 1906 persuaderet,
2398 1837 2539 1908 quod
2567 1853 2746 1908 neque
2789 1838 3042 1907 temporis
3073 1838 3450 1910 longinquitas.

1867 1943 2040 1999 neque
2061 1936 2212 1994 aetas,
2241 1944 2414 1998 neque
2439 1929 2584 1983 aliud
2606 1930 2893 2001 quidquam
2918 1930 3239 2000 persuadere
3260 1934 3449 2002 potuit;

1868 2019 1962 2074 sed
1995 2018 2062 2073 ad
2090 2018 2315 2089 juvenes
2339 2022 2514 2074 omnis
2545 2020 2676 2074 mihi
2702 2030 2788 2077 est
2816 2022 3053 2077 instituta
3082 2023 3273 2077 oratio.
3299 2022 3454 2089 Qum-

1868 2112 1943 2167 ris
1981 2112 2162 2183 igitur,
2209 2112 2337 2183 quid
2366 2111 2411 2167 si
2445 2112 2616 2181 puella
2638 2153 2652 2176 ,
2699 2121 2753 2167 et
2780 2129 2900 2183 quae
2934 2128 3041 2168 uno
3081 2123 3285 2168 tantum
3312 2130 3454 2170 anno

1867 2218 1988 2257 cum
2019 2203 2197 2273 priore
2226 2204 2341 2257 viro
2370 2202 2559 2269 fuerit,
2606 2203 2757 2258 alteri
2790 2205 2995 2259 nubat?
3025 2220 3120 2260 cur
3145 2206 3288 2261 illam
3316 2222 3455 2276 prae-

1869 2297 2010 2353 feres
2038 2299 2118 2362 ei,
2149 2312 2269 2368 qua:
2305 2298 2490 2368 viginti
2530 2307 2621 2353 aut
2649 2299 2863 2369 triginta
2893 2315 3063 2355 annos
3096 2301 3148 2355 in
3175 2302 3455 2355 matrimo-

1869 2390 1958 2444 nio
1984 2390 2134 2460 egit?
2172 2390 2287 2444 Non
2322 2390 2424 2445 hoc
2469 2406 2646 2445 meum
2676 2399 2779 2456 est,
2826 2392 2937 2447 sed
2966 2392 3107 2447 beati
3135 2394 3286 2447 Pauli
3319 2411 3329 2446 :
3364 2393 3455 2449 ille

1869 2482 2012 2537 enim
2043 2481 2257 2552 inquit:
2289 2481 2498 2536 Beatior
2537 2492 2706 2537 autem
2754 2484 2884 2547 erit,
2929 2485 2974 2537 si
3011 2486 3084 2537 sic
3127 2486 3457 2553 permanserit

1869 2576 1948 2646 (l.
1976 2575 2094 2631 Cor.
2124 2577 2176 2630 7.
2205 2574 2321 2648 40).
2351 2576 2683 2646 Cteteroqui,
2714 2577 2925 2632 tametsi
2956 2576 3048 2631 illa
3072 2577 3162 2631 diu
3189 2593 3307 2632 cum
3341 2577 3458 2631 viro

1870 2667 2020 2731 vixit,
2051 2675 2226 2721 tamen
2257 2682 2378 2722 cum
2404 2682 2541 2734 uno,
2571 2667 2796 2732 eodem,
2826 2682 2889 2722 ac
2927 2668 3069 2734 solo,
3101 2683 3366 2739 quemque
3391 2670 3458 2725 ab

1871 2757 2024 2813 initio
2051 2757 2305 2829 accepit:
2339 2758 2455 2814 haec
2490 2768 2666 2814 autem
2714 2758 2924 2813 duobus
2970 2773 3029 2813 se
3075 2761 3244 2830 ipsam
3287 2760 3456 2825 dedit,

1873 2852 2033 2922 idque
2062 2852 2202 2907 intra
2232 2852 2394 2907 breve
2425 2862 2656 2922 tempus.
2686 2853 2754 2906 At
2781 2866 2884 2906 non
2912 2852 3185 2907 voluntate
3213 2867 3306 2908 sua
3325 2893 3343 2920 ,
3371 2853 3458 2908 in-

1870 2944 2025 3014 quit;
2072 2958 2198 2999 nam
2241 2943 2288 2998 si
2336 2944 2484 3013 prior
2526 2943 2768 3009 viveret,
2818 2958 2982 2997 unum
3035 2942 3186 2997 illum
3232 2953 3456 3009 amaret,

1871 3044 2128 3106 praeterea
2174 3034 2449 3090 neminem
2479 3052 2493 3088 :
2526 3049 2668 3089 nunc
2704 3035 2918 3105 quando
2965 3035 3247 3090 immatura
3286 3046 3460 3092 morte

1870 3128 2111 3183 sublatus
2149 3135 2252 3194 est,
2299 3126 2602 3182 necessario
2640 3126 2795 3182 alteri
2839 3125 3102 3196 jungitur.
3146 3126 3252 3182 Sed
3287 3128 3460 3198 qualis

1871 3230 1954 3278 est
1978 3220 2095 3277 haec
2119 3220 2458 3277 necessitas?
2495 3220 2610 3291 Ego
2637 3220 2779 3276 enim
2806 3220 2906 3275 hac
2930 3234 3089 3290 quam
3118 3219 3279 3276 affers
3299 3220 3461 3275 aliam

1871 3315 2031 3386 longe
2069 3315 2327 3384 majorem
2351 3312 2531 3381 video,
2563 3328 2682 3383 quas
2722 3312 2891 3383 ipsam
2933 3322 3147 3367 mortuo
3169 3311 3287 3367 viro
3327 3325 3462 3367 con-

1872 3415 2072 3464 tentam
2110 3421 2230 3463 esse
2256 3405 2509 3471 suadeat,
2541 3405 2791 3460 nimirum
2820 3402 3083 3474 gustando
3111 3403 3415 3474 percepisse
3439 3442 3461 3469 ,

1871 3507 2127 3569 quantum
2173 3497 2340 3552 amari
2384 3496 2508 3552 insit
2550 3496 2602 3550 in
2647 3495 2805 3551 rebus
2847 3494 3148 3549 mundanis.
3181 3494 3312 3549 Nam
3341 3509 3463 3564 quae

1873 3593 1925 3647 in
1973 3592 2101 3661 ipsis
2150 3590 2335 3659 perdiu
2385 3597 2591 3645 versata
2635 3596 2690 3643 et
2725 3587 2919 3656 satiata
2960 3595 3077 3654 est,
3121 3586 3188 3642 ad
3245 3586 3472 3642 easdem.

1873 3698 2086 3739 rursum
2125 3697 2184 3736 se
2221 3680 2492 3743 conferet,
2533 3679 2684 3750 quasi
2721 3678 2928 3732 similes
2965 3678 3253 3732 inventura
3285 3693 3299 3730 :
3341 3692 3462 3747 quas

1872 3788 2048 3832 autem
2080 3775 2337 3846 principia
2376 3774 2489 3844 ipsa
2519 3772 2652 3827 adeo
2682 3771 2907 3825 molesta
2943 3778 3161 3841 experta
3190 3776 3304 3835 est,
3335 3769 3473 3839 quid

1874 3869 1974 3923 sibi
2023 3867 2253 3932 volens,
2302 3873 2395 3920 aut
2444 3878 2706 3933 Sperans,
2750 3861 3118 3916 molestiarum
3168 3859 3473 3931 perieulum

1875 3958 2076 4014 faciet?
2104 3956 2239 4012 Nam
2269 3956 2315 4011 si
2343 3956 2461 4025 quis
2488 3953 2553 4008 ad
2583 3962 2943 4009 mercaturam
2973 3949 3210 4006 animum
3236 3949 3469 4021 appulit,

1874 4052 1921 4107 si
1948 4057 2231 4120 antequam
2260 4046 2547 4118 quidquam
2576 4044 2711 4099 lucri
2741 4043 2931 4107 faciat,
2962 4041 3122 4096 simul
3150 4055 3214 4096 ac
3241 4056 3272 4097 e
3304 4050 3467 4111 portu

1876 4144 2023 4209 exiit,
2048 4140 2380 4211 naufragium
2413 4139 2569 4204 fecit,
2601 4153 2706 4193 non
2738 4136 2893 4191 facile
2921 4143 3275 4191 mercaturam
3311 4143 3462 4205 post-

1877 4234 1979 4289 hac
1999 4233 2270 4289 exercebit
2290 4248 2311 4298 ;
2337 4233 2411 4286 ita
2436 4236 2853 4285 consentaneum
2880 4236 2981 4294 est,
3009 4226 3147 4282 hanc
3172 4226 3336 4280 multa
3362 4224 3462 4281 sibi

1878 4343 1910 4381 e
1938 4324 2282 4381 matrimonio
2306 4320 2538 4393 jucunda
2566 4321 2904 4391 pollicentem
2926 4361 2942 4386 ,
2970 4334 3153 4373 verum
3180 4327 3462 4387 antequam

1877 4417 1945 4471 ad
1974 4432 2036 4472 ea
2060 4416 2198 4472 bene
2228 4412 2564 4485 percipienda
2596 4412 2875 4483 pervenire
2902 4418 3095 4481 queat,
3152 4418 3353 4465 tantum
3380 4409 3462 4464 lu-

1878 4519 2022 4564 ctum
2052 4505 2545 4577 deprehendentem
2572 4545 2587 4569 ,
2617 4519 2795 4559 rerum
2825 4502 3173 4558 humanarum
3202 4515 3461 4573 amorem,

1879 4600 1981 4656 nisi
2010 4599 2164 4655 valde
2190 4598 2262 4653 sit
2302 4598 2698 4667 intemperans,
2743 4595 3032 4664 deponere.
3075 4594 3377 4662 Quinetiam
3416 4594 3463 4649 si

1881 4693 2034 4749 valde
2064 4694 2130 4748 iis
2156 4691 2422 4747 afﬁciatur
2448 4697 2608 4760 atque
2635 4689 2821 4754 inhiet,
2849 4686 3093 4757 principii
3125 4695 3299 4742 tamen
3331 4685 3475 4757 injttg.

1882 4785 2128 4841 cunditas
2155 4783 2286 4838 satis
2312 4783 2499 4838 idonea
2527 4792 2629 4848 est,
2656 4797 2773 4852 quae
2800 4796 3012 4835 omnem
3041 4779 3345 4850 exstinguat
3369 4794 3466 4835 cu-

1882 4877 2176 4948 piditatem.
2201 4874 2351 4931 Tunc
2378 4876 2521 4930 enim
2554 4875 2605 4929 in
2636 4874 2717 4938 iis,
2752 4888 2871 4943 quze
2910 4872 3241 4941 suscepimus
3261 4912 3276 4936 ,
3302 4871 3469 4941 potis-

1882 4969 2075 5026 simum
2107 4982 2451 5038 perseverare
2483 4965 2886 5030 consuevimus,
2918 4978 3038 5018 cum
3071 4962 3325 5031 principia
3353 4961 3467 5032 ipsa

1883 5078 1949 5117 ex
1976 5060 2241 5117 sententia
2282 5058 2679 5129 processerint;
2715 5056 2857 5127 quod
2897 5056 2942 5111 si
2985 5056 3052 5110 ab
3093 5054 3278 5119 initio,
3310 5064 3471 5123 atque

1883 5156 1952 5210 ab
1982 5154 2146 5223 ipsis,
2178 5162 2237 5208 ut
2266 5152 2334 5206 ita
2376 5151 2637 5214 dixerim,
2679 5148 2983 5203 carceribus
3025 5149 3077 5201 in
3108 5146 3379 5202 molestias
3412 5162 3473 5203 ac

1884 5248 2222 5303 difﬁcultates
2248 5245 2591 5308 incurrimus,
2627 5243 2805 5298 statim
2834 5240 3094 5311 cupiditas
3121 5238 3378 5306 defervet,
3412 5255 3475 5294 ac

1886 5348 2053 5395 totum
2101 5338 2372 5409 negotium
2421 5335 2755 5405 deponimus.
2805 5331 3199 5401 Quamobrem,
3245 5346 3470 5402 quarum

1885 5431 2167 5487 immatura
2187 5429 2412 5483 viduitas
2434 5436 2534 5491 est,
2554 5427 2654 5481 has
2674 5424 2803 5480 mihi
2828 5425 3052 5479 alterum
3075 5424 3472 5481 matrimonium

1886 5521 2059 5577 facilis
2083 5520 2452 5591 repudiaturas
2473 5516 2767 5573 verisimile
2791 5515 3023 5580 videtur,
3045 5529 3115 5570 ne
3139 5514 3325 5570 eadem
3352 5530 3469 5569 rur-

1885 5628 1977 5669 sus
2003 5613 2391 5683 perpetiantur.
2413 5608 2545 5664 Nam
2571 5622 2690 5678 quae
2715 5615 2892 5663 servat
2911 5606 3325 5672 viduitatem,.in
3357 5612 3470 5659 tuto

1887 5721 1946 5761 se
1988 5703 2304 5768 eollocabit,
2338 5717 2439 5757 nec
2464 5700 2692 5759 similem
2721 5698 2946 5772 posthac
2986 5698 3187 5753 luctum
3226 5696 3467 5762 timebit;

1888 5814 2047 5870 quem
2073 5812 2201 5855 sane
2233 5803 2546 5869 exspectare
2584 5802 2833 5867 cogetur,
2875 5808 2995 5867 qua:
3021 5790 3468 5849 sccundomatii-
