3864 6236
424 346 529 403 619

427 460 664 515 monium
695 457 978 514 contraxit.
1007 456 1122 512 lluc
1150 454 1356 514 accedit
1381 451 1625 510 eamdem
1651 450 1861 522 quidem
1888 463 2009 504 esse

430 552 765 617 viduitatem,
799 565 903 604 non
933 558 1109 603 tamen
1141 544 1383 602 eamdem
1414 545 1660 598 omnibus
1690 541 1860 595 viduis
1885 554 2009 609 pro-

431 642 655 711 positam
697 655 816 696 esse
853 637 1186 703 mercedem,
1217 637 1311 692 sed
1344 636 1433 690 uni
1476 634 1824 705 ampliorem,
1858 630 2008 684 alteri

431 732 746 800 parciorem.
781 730 909 798 Quae
933 730 1072 784 enim
1112 729 1180 783 ab
1219 726 1574 782 adolescentia
1605 725 1787 794 jugum
1829 736 2012 776 susce-

428 831 650 892 perunt,
684 821 848 876 multo
879 819 1078 888 majore
1121 817 1324 872 honore
1359 817 1626 886 potientur
1647 855 1662 879 ,
1695 823 1852 883 atque
1892 828 2010 865 am—

431 913 689 982 plioribus
721 911 1063 975 muneribus;
1110 926 1228 979 qua:
1265 918 1441 963 autem
1473 908 1525 961 in
1570 908 1681 976 ipsa
1707 906 1818 975 jam
1853 919 2010 961 sene-

430 1013 596 1069 ctute,
623 1019 729 1057 non
761 1017 912 1072 teque
937 1011 1096 1072 atque
1129 1001 1250 1054 illa).
1279 998 1415 1068 Quid
1452 996 1564 1052 ita?
1594 996 1743 1064 Quod
1772 995 1856 1049 illa
1896 995 2015 1066 qui-

429 1095 583 1160 dem,
612 1110 732 1149 cum
773 1093 938 1150 multa
967 1093 1276 1156 obstarent,
1323 1091 1390 1145 ob
1419 1089 1509 1144 Dei
1551 1089 1797 1142 timorem
1835 1087 2012 1141 omnia

343 1183 361 1203 '
431 1186 533 1241 sibi
579 1184 891 1256 perferenda
935 1183 1104 1246 duxit,
1151 1182 1274 1236 huic
1313 1190 1489 1234 autem
1533 1178 1680 1234 nullo
1718 1177 1913 1232 sudore
1945 1192 2014 1230 ac

433 1279 618 1332 labore
657 1291 792 1349 opus
833 1278 928 1331 fuit
955 1293 968 1330 :
997 1277 1115 1346 quis
1159 1276 1300 1331 enim
1351 1274 1517 1336 labor,
1567 1273 1655 1329 ubi
1699 1271 1830 1326 nihil
1872 1270 2014 1341 quod

431 1369 538 1423 vim
585 1367 816 1423 afferat?
865 1367 1322 1434 Quemadmodum
1372 1366 1566 1436 igitur,
1617 1378 1736 1434 quae
1785 1364 2014 1433 seipsam

433 1459 584 1514 alteri
613 1459 730 1513 viro
751 1457 923 1525 didit,
955 1459 1006 1514 ei
1031 1500 1046 1524 ,
1087 1473 1204 1528 quae
1236 1459 1448 1512 unicum
1481 1457 1725 1526 agnovit,
1759 1453 2020 1511 concedat

432 1558 646 1618 Oportet
678 1567 690 1601 :
725 1549 796 1603 ita
823 1564 941 1619 qua:
982 1548 1034 1602 in
1068 1548 1296 1617 ipsumet
1322 1547 1492 1601 :etatis
1527 1547 1658 1601 ﬂore
1686 1546 1738 1600 in
1763 1545 2017 1600 viduitate

436 1649 778 1710 perseverat,
807 1640 961 1711 longo
992 1640 1270 1695 intervallo
1312 1654 1429 1694 eam
1451 1681 1466 1706 ,
1499 1655 1616 1708 qua:
1655 1639 1707 1692 in
1744 1646 2019 1692 senectute

433 1731 606 1786 virum
647 1730 840 1795 amisit,
883 1731 1125 1785 anteibit.
1171 1731 1332 1800 Atqui
1377 1739 1602 1799 utraque
1630 1743 1794 1782 unum
1837 1727 2020 1781 habuit

432 1823 640 1889 virum,
681 1823 774 1877 sed
807 1824 918 1879 haec
961 1833 1136 1877 tamen
1183 1824 1354 1892 ipsum
1393 1822 1653 1876 castitatis
1691 1819 2017 1875 curriculum

435 1916 663 1970 confecit
685 1956 699 1979 ,
728 1915 816 1970 illa
846 1931 977 1970 vero
1005 1915 1164 1984 longo
1193 1915 1343 1968 abest
1373 1913 1675 1968 intervallo.
1719 1911 1885 1982 Igitur
1911 1926 2018 1966 non

434 2010 502 2064 ad
530 2010 770 2066 laborem
810 2011 982 2064 solum
1003 2051 1018 2075 ,
1050 2009 1142 2063 sed
1169 2009 1329 2063 etiam
1357 2007 1423 2061 ad
1457 2005 1758 2062 mercedem
1787 2017 2017 2074 spectes.

436 2099 527 2155 Sic
556 2101 807 2170 pleraque
833 2101 1083 2154 virtutum
1111 2098 1284 2153 ol‘licia
1307 2098 1544 2153 difﬁcilia
1577 2097 1729 2152 nobis
1748 2097 2016 2164 videntur,

437 2207 556 2246 cum
606 2191 831 2246 sudores
876 2201 1036 2260 atque
1086 2205 1380 2256 terumnas,
1413 2205 1530 2261 qua:
1559 2189 1850 2244 subeunda:
1874 2197 2018 2255 sunt,

437 2283 650 2337 assidue
671 2283 852 2338 animo
871 2298 1169 2351 versamus,
1195 2297 1366 2353 neque
1392 2283 1659 2353 proposita
1685 2282 1788 2337 illis
1803 2281 2020 2352 praemia

437 2374 934 2429 animadvertimus.

511 2464 632 2522 Utta
667 2484 780 2520 cum
832 2467 1085 2522 laboribus
1123 2467 1334 2537 prcmia
1382 2483 1575 2537 quoque
1619 2465 1912 2537 spectanda.
1949 2493 2022 2506 —--

439 2560 592 2627 Quod
621 2561 840 2616 minime
867 2560 1162 2615 faciendum
1192 2570 1294 2622 est,
1319 2559 1412 2614 sed
1438 2559 1837 2628 circumspectis
1861 2557 2021 2614 simul

439 2651 710 2706 laboribus
749 2666 813 2707 ac
842 2651 1076 2721 praemiis
1103 2665 1310 2706 summa
1353 2649 1729 2716 subducenda;
1763 2659 1890 2704 tunc
1929 2664 2024 2704 att-

439 2754 546 2800 tera
566 2786 584 2813 ,
615 2754 672 2800 ut
700 2760 828 2801 vere
871 2753 1026 2813 sunt,
1071 2746 1142 2800 ita
1169 2760 1198 2798 a
1227 2745 1381 2800 nobis
1411 2742 1583 2798 facilia
1622 2743 2022 2813 judicabantur.

439 2834 570 2890 Nam
594 2835 683 2905 qui
712 2835 762 2888 in
794 2835 936 2890 bello
957 2835 1214 2905 praeclare
1233 2849 1294 2890 se
1313 2834 1470 2906 gerit,
1502 2849 1608 2890 non
1626 2833 1846 2889 vulnera
1871 2833 2027 2888 dum-

440 2933 614 2991 taxat,
643 2939 798 2984 casus
823 2941 888 2981 ac
914 2935 1140 2981 mortem
1157 2967 1173 2992 ,
1201 2925 1305 2982 sed
1329 2928 1490 2981 etiam
1517 2935 1748 2996 tropaea,
1773 2926 2025 2982 victorias

439 3023 768 3086 cmterosque
794 3016 1026 3073 honores
1047 3031 1240 3074 omnes
1257 3025 1518 3087 reputans
1541 3017 1594 3072 in
1621 3017 1788 3073 aciem
1816 3017 2026 3076 fortiter

439 3105 718 3162 descendit
766 3125 778 3161 :
821 3108 899 3164 sic
947 3107 1175 3179 agricola
1227 3124 1334 3165 non
1386 3107 1565 3165 solum
1618 3109 1884 3175 laborem,
1931 3109 2024 3180 qui

1139 347 1198 403 S.
1232 346 1515 403 JOANNIS
1550 341 2037 402 CHRYSOSTOMI
2072 339 2394 400 ARCHIEP.
2437 334 2985 398 CONSTANTINOP.

3596 338 3694 394 620

2109 449 2311 506 arando
2349 465 2412 506 ac
2453 450 2705 508 fodiendo
2729 451 3022 508 sumendus
3043 459 3127 508 est
3149 493 3165 519 ,
3204 451 3296 508 sed
3325 451 3491 507 etiam
3521 465 3693 508 arcam

2109 554 2176 594 ac
2218 542 2497 596 toreularia
2533 543 2603 598 ob
2633 543 2820 598 oculos
2861 557 3203 614 proponens,
3249 543 3501 598 alacriter
3545 557 3697 613 Opera

2107 645 2205 687 sua
2239 644 2407 704 urget.
2455 634 2637 690 Itidem
2677 635 2836 706 igitur
2873 645 2929 691 et
2966 651 3064 691 nos
3089 648 3185 707 Spe
3225 637 3366 692 bona
3409 651 3696 691 :erumnam

2113 723 2383 778 viduitatis
2408 725 2576 780 levem
2605 726 2908 792 reddamus,
2937 735 3096 797 atque
3118 741 3186 782 eo
3214 729 3383 798 magis
3418 741 3521 781 nos
3547 742 3694 796 quam

2116 813 2208 878 illi,
2240 815 2380 884 quod
2412 815 2516 871 illis
2541 817 2754 886 quidem
2777 818 2938 871 multa
2968 832 3109 887 serpe
3131 832 3196 873 ex
3229 819 3314 886 iis,
3347 833 3471 887 qua:
3498 819 3553 871 in
3581 817 3697 886 ipsis

2115 909 2216 962 sita
2247 922 2352 963 non
2383 918 2554 973 erant,
2584 910 3036 980 exspectationem
3066 910 3465 978 praeciderunt;
3501 919 3698 963 nostras

2113 1010 2291 1056 autem
2331 1016 2453 1072 spes
2498 1018 2656 1057 nemo
2698 1011 2780 1058 est
2825 1003 2912 1073 qui
2955 1001 3276 1068 confundat,
3319 1002 3424 1058 nisi
3465 1003 3698 1057 voluntas

2117 1101 2295 1146 nostra
2323 1094 2629 1148 accesserit.
2657 1093 2788 1160 Quae
2817 1092 3016 1147 utinam
3053 1107 3157 1148 non
3188 1093 3423 1156 accedat,
3458 1091 3559 1148 sed
3583 1092 3701 1146 illud

2119 1183 2393 1237 nobiscum
2443 1185 2736 1254 cogi-tantes
2786 1183 2996 1238 viduam
3041 1199 3070 1237 a
3120 1183 3321 1255 virgine
3366 1198 3476 1238 non
3522 1185 3699 1254 procul

2119 1276 2308 1331 abesse
2327 1317 2340 1340 ,
2372 1286 2530 1346 atque
2555 1277 2718 1330 etiam
2749 1275 3016 1331 interdum
3063 1276 3208 1331 illam
3236 1276 3568 1332 antecellere
3589 1318 3606 1340 ,
3637 1277 3702 1329 ni-

2119 1369 2313 1422 mirum
2333 1409 2348 1434 ,
2372 1380 2495 1422 cum
2526 1367 2677 1438 virgo
2707 1368 2933 1438 negotiis
2959 1381 3017 1422 se
3056 1367 3340 1436 implicarit
3373 1385 3386 1422 :
3423 1366 3597 1421 Vidua
3615 1381 3702 1419 mt-

2122 1469 2226 1514 tem
2259 1475 2321 1514 ex
2345 1459 2494 1514 Pauli
2520 1461 2784 1514 sententia
2832 1459 3056 1514 desolata
3081 1469 3127 1513 at
3150 1460 3202 1513 in
3224 1458 3333 1513 Deo
3357 1476 3502 1525 spem
3526 1475 3704 1529 partem

2121 1551 2355 1604 institerit
2395 1551 2817 1606 obsecrationibus
2845 1559 2891 1605 et
2929 1550 3239 1604 oratiom'bus
3268 1550 3357 1618 (l.
3383 1548 3520 1604 Tim.
3546 1549 3603 1604 5.
3625 1547 3703 1618 5),

2121 1653 2281 1712 atque
2309 1643 2375 1697 ab
2405 1643 2561 1713 hujus
2592 1644 2716 1698 vitae
2757 1643 2983 1713 negotiis
3013 1643 3345 1698 abstinuerit.
3387 1641 3446 1697 in
3489 1657 3700 1696 arenam

2127 1735 2262 1790 hanc
2289 1735 2678 1790 descendemus
2708 1745 2764 1790 ut
2805 1752 2923 1805 quae
2952 1735 3076 1790 inde
3106 1749 3202 1790 nos
3228 1744 3450 1790 manent
3491 1733 3704 1805 praemia

2122 1843 2532 1898 consequamur.
2561 1827 2705 1894 llaec,
2735 1844 2841 1882 non
2868 1843 2974 1898 quo
3003 1829 3299 1883 necessaria
3322 1827 3703 1898 jndicaremus,

2125 1922 2396 1976 attulimus
2417 1961 2432 1986 ,
2458 1929 2551 1975 aut
2579 1933 2686 1990 quo
2711 1920 2858 1986 illas,
2887 1933 3005 1990 quae
3035 1920 3088 1975 in
3113 1919 3371 1974 viduitate
3396 1930 3708 1989 permanere

2125 2010 2331 2077 nolunt,
2357 2009 2864 2076 condemnaremus,
2893 2011 2986 2064 sed
3013 2010 3118 2066 hoc
3147 2025 3308 2065 unum
3338 2008 3706 2064 cohortatione

2127 2102 2593 2172 admonitioneque
2618 2109 2800 2155 nostra
2827 2111 3065 2172 agentes,
3093 2110 3152 2156 ut
3177 2115 3247 2156 ne
3272 2111 3431 2156 teme
3461 2109 3710 2169 perpetuo

2126 2193 2300 2248 amxte
2330 2193 2539 2248 haerere
2571 2193 2759 2261 velint,
2805 2192 2898 2247 sed
2941 2192 3107 2247 semel
3145 2192 3331 2246 solutae
3371 2190 3427 2245 in
3469 2189 3708 2246 libertate

2130 2293 2400 2352 maneant,
2424 2284 2490 2340 ad
2510 2285 2701 2340 caelum
2736 2288 2993 2355 aspirent,
3020 2283 3288 2339 cadestem
3313 2281 3527 2338 vivendi
3557 2280 3709 2335 ratio-

2132 2393 2252 2434 nem
2279 2377 2587 2443 adhibeant,
2614 2389 2676 2432 ac
2701 2376 2898 2447 junctae
2919 2374 3132 2432 Christo
3151 2389 3214 2431 ea
3234 2376 3412 2431 omnia
3439 2382 3704 2445 praestent,

2129 2486 2250 2544 quae
2274 2471 2343 2525 iis
2359 2469 2704 2536 conveniunt,
2728 2483 2847 2539 qua:
2871 2477 3076 2524 tantum
3095 2477 3270 2524 nactae
3289 2477 3415 2522 sunt
3434 2478 3709 2538 sponsum:

2125 2562 2376 2634 quoniam
2419 2560 2595 2631 ipsum
2637 2561 2803 2616 decet
2823 2561 2842 2594 ί
2866 2560 3046 2617 omnis
3096 2560 3282 2630 gloria,
3316 2559 3488 2614 honor
3511 2569 3573 2614 et
3596 2559 3713 2613 ado-

2125 2656 2264 2711 ratlo
2293 2667 2397 2709 una
2423 2667 2542 2708 cum
2565 2662 2788 2722 experte
2816 2650 3064 2723 principii
3089 2651 3246 2706 Patre
3273 2664 3337 2705 ac
3359 2647 3576 2704 viviﬂco
3599 2663 3710 2702 san-

2125 2756 2324 2816 ctoque
2353 2745 2521 2816 ipsius
2550 2742 2752 2815 Spiritu
2771 2785 2788 2812 ,
2819 2757 2964 2799 nunc
3001 2750 3054 2798 et
3079 2756 3328 2813 semper,
3355 2750 3411 2797 et
3439 2741 3494 2797 in
3521 2740 3712 2797 smcula

2129 2838 2472 2895 saeculorum.
2498 2838 2690 2894 Amen.

2194 3058 2212 3090 ι
2249 3055 2479 3120 Quoniam
2498 3053 2656 3118 ipsum
2677 3053 2830 3120 decet,
2855 3059 2961 3120 etc._
2982 3059 3099 3120 tusc
3136 3049 3351 3120 vulgata.
3367 3046 3618 3120 conclusio
3637 3047 3716 3098 ὐε-

2133 3127 2212 3170 est
2235 3111 2284 3169 in
2304 3118 2458 3180 σουλ,
2481 3111 2657 3182 estque
2679 3111 2882 3168 (utesse
2903 3111 3280 3166 additamentum
3303 3111 3502 3162 librarii.
