3864 6268
508 315 607 378 63!

1203 315 1260 376 S.
1297 316 1588 376 JOANNlS
1624 308 2122 373 CHRYSOSTOMI
2162 311 2484 371 ABCHIEP.
2527 307 3076 368 CONSTANTINOP.
3671 309 3754 367 ΕΞ

1268 752 1394 841 ΙΝ
1497 743 1930 841 LIBROS

2033 744 2182 836 DE

2287 738 3044 835 SACERDOTIO

1784 1024 2518 1143 MONITUM.

1911 1295 2395 1324 *-

591 1484 740 1563 [360]
761 1483 956 1540 Eximii
970 1479 1152 1552 operis
1168 1483 1545 1551 argumentum
1559 1489 1622 1530 ex
1648 1473 1767 1544 ipso
1788 1472 1908 1544 ejus
1925 1487 2098 1543 prom-

522 1585 636 1638 mio
658 1592 989 1636 mutuamur.
1018 1572 1282 1636 Basilius,
1318 1570 1458 1624 inter
1485 1569 1694 1624 amicos
1716 1564 2094 1636 Chrysostomi

437 1703 443 1708 ~
531 1672 858 1744 praecipuus,
891 1668 1083 1722 iisdem
1108 1673 1269 1734 atque
1297 1662 1386 1716 ille
1417 1659 1720 1732 magistris,
1768 1656 1962 1714 iisdem
2013 1655 2098 1712 di-

531 1761 776 1832 sciplinis
797 1771 1016 1829 operam
1048 1755 1196 1810 dedit
1222 1772 1236 1807 :
1276 1767 1374 1822 par
1403 1757 1523 1806 erat
1546 1749 1830 1818 utriusque
1859 1747 2097 1811 animus,

526 1868 623 1924 par
655 1851 872 1923 generis
912 1845 1194 1910 conditio;
1238 1859 1405 1898 unum
1458 1841 1600 1897 circa
1657 1842 1782 1894 vitm.
1831 1839 2098 1893 rationem

519 1942 888 2014 propositum,
941 1935 1200 1993 amicitiae
1248 1931 1470 1987 vinculo
1518 1937 1909 2000 opportunum.
1960 1925 2097 1980 Cum

522 2049 653 2089 vero
681 2031 988 2103 proximum
1013 2035 1158 2083 esset
1187 2033 1248 2081 ut
1281 2023 1516 2079 Basilius
1543 2023 1709 2076 vitam
1738 2017 2092 2074 monasticam

524 2127 962 2196 amplecteretur,
998 2130 1128 2175 tunc
1187 2117 1610 2189 Chrysostomus
1661 2113 1780 2168 foro
1814 2126 2100 2181 scenasque

527 2217 780 2274 addictus
818 2214 996 2271 studia
1045 2213 1100 2267 in
1152 2210 1425 2267 contraria
1485 2207 1812 2264 declinabat.
1864 2204 2102 2260 Basilius

523 2327 675 2374 vero,
706 2309 798 2381 qui
833 2303 1210 2378 Cbrysostomi
1250 2302 1552 2358 amicitiam
1579 2309 1634 2355 et
1670 2297 2093 2355 contubernium

525 2402 709 2473 magni
733 2399 984 2464 faciebat,
1017 2397 1121 2451 hoc
1169 2395 1236 2449 ab
1277 2409 1342 2449 eo
1387 2395 1602 2448 demum
1655 2390 1986 2462 impetravit,
2042 2397 2104 2444 ut

525 2495 688 2548 domo
744 2500 975 2558 uterque
1027 2503 1126 2544 sua
1175 2486 1363 2542 relicta
1414 2499 1704 2540 commune
1761 2483 2099 2538 domicilium

523 2588 838 2644 incolerent.
869 2583 994 2639 Hac
1032 2581 1276 2638 consilia
1310 2579 1400 2634 ubi
1457 2579 1693 2649 primum
1731 2577 1902 2633 sensit
1929 2577 2104 2646 Chry-

523 2678 748 2735 sostomi
781 2686 976 2739 mater,
1012 2673 1184 2728 tilium
1215 2685 1284 2726 ne
1322 2686 1382 2726 se
1411 2672 1629 2725 deserat
1662 2669 1917 2725 admistis
1944 2667 2102 2722 blan~

519 2773 671 2827 ditiis
695 2772 969 2832 hortatur,
1004 2768 1248 2836 dumque
1284 2763 1388 2834 ipsi
1439 2779 1468 2817 a
1505 2761 1735 2832 pristina
1789 2775 1928 2830 pene
1977 2775 2103 2816 sen-

522 2867 692 2922 tentia
723 2864 960 2920 abducto
1024 2861 1192 2916 instat
1230 2857 1484 2921 Basilius,
1543 2855 1734 2911 eadem
1767 2870 1887 2924 qua:
1949 2853 2103 2924 prius

519 2958 848 3028 eﬂlagitans,
880 2969 1010 3008 ecce
1053 2951 1197 3006 fama
1254 2949 1495 3018 undique
1541 2946 1854 3017 percrebuit
1892 2954 2103 2999 utrum-

523 3066 632 3120 que
661 3049 714 3103 in
749 3045 1114 3117 episcopalem
1149 3041 1466 3113 dignitatem
1495 3036 1926 3109 promovendum
1951 3052 2098 3094 esse.

524 3140 645 3196 Hoc
675 3136 910 3210 perculsi
955 3135 1117 3190 ambo
1155 3146 1376 3188 rumore
1405 3130 1565 3201 longe
1617 3129 1885 3186 dissimile
1926 3129 2106 3185 consi-

524 3235 660 3288 lium
699 3233 926 3296 ineunt;
961 3227 1195 3282 Basilius
1228 3235 1399 3280 totum
1424 3223 1502 3278 rei
1527 3222 1798 3293 judicium
1833 3221 2104 3293 permittit

523 3327 725 3391 amico,
759 3325 812 3378 in
866 3330 1162 3391 utrumque
1192 3326 1439 3388 paratus,
1490 3315 1606 3372 sive
1647 3314 2099 3370 consentiendum

522 3422 639 3478 sive
665 3415 979 3489 fugiendum
1011 3423 1198 3478 esset;
1227 3410 1654 3482 Chrysostomus
1705 3423 1858 3474 vero,
1909 3409 2002 3480 qui
2043 3423 2103 3464 se

522 3520 676 3569 tanto
704 3511 910 3565 honore
930 3521 1159 3578 prorsus
1187 3504 1502 3573 indignum,
1538 3503 1775 3556 amicum
1833 3517 1963 3558 vero
2017 3501 2105 3556 di-

520 3604 844 3678 gnissimum
897 3599 1171 3660 censebat,
1215 3611 1282 3650 ne
1322 3604 1430 3650 tam
1477 3595 1672 3650 idoneo
1710 3594 1961 3650 ministro
2000 3593 2106 3650 Ec-

521 3695 744 3751 clesiam
767 3690 856 3745 Dei
888 3691 1138 3757 privaret,
1155 3687 1243 3758 pia
1266 3702 1400 3742 usus
1428 3694 1565 3748 arte,
1585 3683 1721 3738 nihil
1739 3697 1931 3754 urgere
1947 3683 2104 3751 dixit,

519 3789 612 3845 sed
635 3789 738 3842 hac
773 3787 840 3840 de
873 3800 928 3839 re
978 3791 1162 3853 postea
1218 3797 1320 3836 suo
1375 3789 1621 3849 tempore
1682 3776 2102 3832 deliberandum

519 3897 642 3937 esse
667 3899 681 3934 :
709 3895 772 3934 ea
799 3877 1005 3932 scilicet
1036 3880 1235 3940 mente,
1275 3881 1332 3927 ut
1378 3872 1632 3926 incautus
1659 3867 1898 3925 Basilius
1939 3883 2104 3936 cape-

520 3983 670 4027 retur
693 3979 747 4026 et
771 3967 1136 4038 episcopalem
1167 3965 1416 4019 ordinem
1459 3963 1543 4016 vel
1577 3962 1780 4016 invitus
1809 3961 2098 4029 acciperet.

525 4063 648 4132 Ipse
679 4076 809 4116 vero
835 4059 1050 4113 interim
1078 4070 1202 4111 sese
1245 4054 1538 4109 occultavit
1565 4073 1577 4107 :
1611 4068 1808 4123 resque
1844 4066 1944 4121 pro
1974 4061 2102 4106 voto

524 4153 602 4207 illi
631 4152 837 4216 cessit;
886 4159 1078 4218 captus
1105 4148 1254 4203 enim
1285 4145 1544 4210 Basilius,
1581 4143 1682 4198 etsi
1735 4142 1827 4196 diu
1863 4141 2099 4196 relucta—

522 4258 632 4310 tus,
666 4244 952 4299 ordinatus
1007 4250 1188 4296 tamen
1247 4245 1353 4294 est.
1410 4237 1547 4292 l-linc
1605 4236 1859 4307 quaerelaa
1916 4235 2101 4290 Basilii

522 4339 666 4410 apud
693 4336 1161 4408 Cbrysostomum,
1190 4340 1245 4386 et
1269 4329 1655 4400 responsiones
1693 4326 2099 4398 Clirysostomi,

521 4434 679 4503 queis
712 4439 883 4486 totum
922 4443 1061 4499 opus
1119 4425 1322 4495 dialogi
1376 4437 1529 4478 more
1577 4421 1974 4487 constituitur;
2026 4420 2101 4474 ibi

521 4536 652 4578 vero
681 4522 750 4577 de
776 4519 1042 4591 dignitate
1068 4525 1125 4574 et
1150 4515 1330 4571 olIicio
1359 4514 1706 4571 sacerdotum
1739 4522 1848 4568 tam
1887 4512 2102 4584 egregie

522 4614 765 4682 loquitur
811 4619 1035 4665 sanctus
1093 4609 1322 4672 doctor,
1377 4614 1438 4660 ut
1497 4606 1587 4659 hic
1637 4604 1774 4659 liber
1840 4605 2098 4660 omnibus

523 4720 740 4773 semper
775 4699 1124 4756 admirationi
1162 4700 1349 4755 fuerit.
1387 4699 1628 4755 Isidorus
1657 4707 1804 4754 certe
1825 4696 2098 4755 Pelusiota

524 4798 685 4868 epist.
723 4793 827 4849 156
858 4792 980 4848 libri
1025 4807 1066 4856 ι,
1104 4789 1330 4844 Nullum
1368 4791 1530 4853 enim.
1593 4790 1690 4852 ait,
1749 4789 1979 4854 nullum,
2016 4790 2102 4842 in-

521 4907 702 4961 quam,
734 4896 912 4959 pectus
961 4885 1119 4955 hujus
1154 4885 1307 4938 lectio
1336 4885 1650 4953 penetravit,
1703 4884 1840 4954 quod
1879 4899 1981 4937 non
2018 4882 2102 4936 di-

521 4986 641 5037 vino
673 4997 850 5035 amore
873 4979 1133 5034 sauciarit
1157 4992 1175 5030 :
1204 4977 1555 5030 venerandam
1593 4978 1781 5047 quippe
1804 4992 1914 5030 rem
1939 4985 2101 5043 atque

521 5077 674 5130 aditu
712 5073 973 5145 diﬁicilem
1007 5069 1364 5124 sacerdotium
1412 5085 1524 5123 esse
1569 5068 1922 5132 demonstrat,
1957 5068 2100 5138 ejus-

521 5184 619 5237 que
675 5167 772 5220 rite
809 5163 1222 5219 administrandi
1275 5163 1538 5215 rationem
1598 5160 1766 5213 docet.
1816 5158 1959 5212 Nam
1998 5159 2097 5213 Dei

523 5273 839 5311 arcanorum
865 5257 1076 5325 sapiens
1126 5254 1217 5308 ille
1247 5255 1503 5322 interpres
1534 5251 1792 5314 Joannes,
1847 5250 2099 5321 Byzantii

522 5347 812 5416 episcopus,
837 5357 992 5416 atque
1033 5345 1161 5398 adeo
1189 5345 1350 5398 totius
1381 5342 1635 5398 Ecclesite
1664 5341 1868 5408 oculus,
1900 5340 2096 5396 librum

525 5437 676 5489 illum
696 5444 802 5488 tam
831 5435 1095 5490 subtiliter
1121 5444 1169 5489 et
1198 5444 1444 5488 accurate
1473 5433 1823 5496 concinnavit,
1847 5443 1903 5486 ut
1925 5449 2100 5487 omnes

525 5538 635 5581 tam
653 5528 741 5596 qui
756 5526 1040 5580 secundum
1064 5526 1160 5582 Dei
1188 5526 1464 5595 placitum,
1481 5541 1642 5596 quam
1669 5527 1758 5592 qui
1784 5525 2101 5595 negligenter

523 5615 819 5671 sacerdotio
866 5614 1188 5685 funguntur,
1231 5615 1314 5669 hic
1359 5625 1468 5669 tum
1508 5615 1724 5670 virtutes
1772 5625 1882 5669 tum
1929 5616 2099 5685 offen-

522 5709 693 5761 siones
709 5723 831 5760 suas
852 5717 1250 5776 repraesentatas
1274 5710 1559 5764 inveniant.
1592 5707 1791 5764 Suidas
1807 5723 1937 5763 vero
1957 5710 2101 5765 hunc

525 5799 722 5855 librum
750 5798 1012 5855 eximium
1036 5815 1156 5857 esse
1178 5801 1402 5874 ᾱὶεὶιτῷ
1431 5819 1491 5856 τε
1513 5799 1756 5872 bipenni.
1784 5803 1850 5873 τῇ
1879 5801 2097 5873 φράσει,

2199 1468 2293 1522 καὶ
2331 1469 2396 1539 τῇ
2432 1467 2687 1541 λειότητι,
2719 1469 2813 1523 καὶ
2838 1471 2915 1541 τῷ
2936 1471 3120 1526 κάλλει
3146 1473 3254 1526 τῶν
3292 1473 3604 1546 ὀνομάτων,
3630 1496 3649 1528 t
3680 1487 3775 1532 tum

2200 1560 2532 1617 sublimitate
2570 1572 2626 1616 et
2670 1561 2943 1630 dictione,
2991 1575 3104 1620 tum
3149 1567 3372 1624 lenitate
3418 1580 3474 1624 et
3520 1571 3776 1642 elegantia

2198 1653 2512 1709 verborum.
2553 1673 2572 1707 ι

2275 1743 2380 1801 Sed
2448 1747 2596 1802 circa
2634 1747 2778 1802 hanc
2837 1748 3128 1804 historiam
3187 1751 3401 1823 aliquot
3453 1756 3774 1824 quaestiones

2206 1847 2542 1893 moventur:
2582 1840 2761 1909 primo
2811 1856 2921 1909 quo
2974 1850 3219 1913 tempore
3278 1845 3416 1915 haec,
3451 1864 3584 1917 qua:
3631 1865 3774 1918 supra

2203 1945 2424 1984 narrata
2467 1941 2618 1996 sunt,
2657 1933 3026 2003 contigerint;
3067 1935 3265 1992 deinde
3294 1940 3424 2009 quis
3454 1941 3532 1995 sit
3567 1941 3659 1996 ille
3693 1941 3777 1995 Ba-

2205 2022 2366 2078 silius
2403 2061 2418 2087 ,
2472 2023 2851 2095 Cbrysoswmi
2911 2026 3145 2091 amicus,
3205 2038 3262 2084 et
3336 2031 3502 2100 cujus
3559 2033 3776 2090 civitatis

2204 2117 2498 2186 episcopus
2556 2116 2628 2171 sit
2701 2117 3029 2183 ordinatus;
3089 2121 3312 2176 demum
3371 2139 3485 2193 quo
3545 2134 3773 2197 tempore

2204 2205 2639 2278 Cbrysostomus
2683 2209 2846 2263 hosce
2878 2209 3048 2266 libros
3076 2212 3326 2268 ediderit.
3360 2213 3527 2280 Quod
3587 2227 3774 2287 spectat

2205 2298 2274 2353 ad
2303 2307 2516 2368 tempus
2543 2308 2774 2369 peractae
2795 2301 2896 2363 rei,
2927 2311 3136 2357 certum
3169 2311 3280 2371 est,
3312 2305 3431 2375 ipso
3461 2309 3774 2363 testiﬁcante

2206 2391 2623 2464 Chrysostomo,
2655 2393 2706 2446 id
2738 2394 3005 2450 accidisse
3034 2411 3159 2452 cum
3192 2397 3372 2452 adhuc
3408 2399 3501 2454 illo
3527 2401 3583 2455 in
3614 2401 3772 2458 forum

2205 2483 2466 2555 frequens
2493 2485 2807 2551 ventitaret,
2835 2492 2891 2539 et
2941 2501 3122 2542 scenae
3147 2487 3561 2547 oblectamenta
3611 2506 3771 2549 secta-

2207 2586 2405 2642 retur;
2435 2584 2600 2647 atque
2639 2577 2776 2632 adeo
2814 2587 2940 2633 ante
2968 2593 3171 2632 annum
3203 2580 3329 2648 575,
3357 2599 3472 2652 quo
3519 2601 3648 2640 cum
3680 2597 3774 2642 tar.

2211 2670 2438 2726 dissime
2466 2670 2521 2724 in
2556 2670 2906 2725 solitudinem
2951 2687 3010 2727 se
3042 2675 3312 2741 contulit,
3351 2677 3446 2732 ubi
3487 2695 3590 2735 sex
3637 2685 3776 2738 anis

2215 2761 2478 2818 severiori
2510 2761 2819 2833 disciplima
2847 2779 2972 2819 sese
2995 2773 3167 2821 totum
3201 2767 3348 2823 dedit
3381 2787 3398 2824 :
3435 2787 3620 2842 neque
3647 2777 3774 2829 enim

2208 2859 2334 2922 post
2372 2851 2525 2906 illum
2559 2867 2861 2920 secessum,
2892 2855 2976 2910 vel
3004 2854 3317 2914 forensibus
3345 2863 3537 2918 causis
3571 2879 3775 2935 operam

2207 2944 2378 3009 dedit,
2407 2945 2492 2999 vel
2525 2959 2700 3000 scenae
2763 2948 3072 3016 spectacula
3114 2957 3357 3008 sectatus
3396 2962 3486 3008 est
3519 2971 3772 3028 unquam.

2214 3035 2436 3091 Certum
2472 3044 2556 3093 est
2585 3036 2796 3105 itidem,
2830 3038 2952 3109 ipso
2986 3050 3178 3095 sancto
3226 3041 3454 3099 doctore
3507 3061 3776 3111 narrante.

2206 3147 2331 3187 cum
2378 3134 2495 3189 haec
2531 3143 2852 3205 agerentur,
2878 3135 2991 3205 jam
3030 3135 3490 3208 Chrysostomum
3548 3154 3603 3197 et
3639 3143 3778 3199 Basi-

2208 3221 2344 3276 lium
2377 3223 2666 3294 magistris
2699 3232 2753 3278 et
2789 3222 3110 3281 doctoribus
3153 3226 3505 3294 valedixisse,
3557 3249 3774 3302 quorum

2206 3323 2526 3386 postremus
2580 3314 2761 3371 fuerat
2809 3314 3079 3373 Diodorus
3110 3317 3422 3376 Tarsensis.
3460 3323 3603 3381 Huic
3663 3344 3780 3382 vero

2205 3423 2428 3479 operam
2464 3409 2669 3464 dabant
2709 3417 2942 3479 uterque
2997 3425 3144 3466 anno
3182 3412 3407 3470 circiter
3445 3417 3551 3472 571
3592 3437 3606 3482 ;
3648 3423 3778 3476 unde
3840 3467 3841 3490 ξ

2209 3510 2478 3572 sequatur
2505 3515 2570 3555 ea
2599 3500 2785 3555 omnia
2843 3501 2935 3555 illo
2980 3502 3249 3558 accidisse
3282 3508 3463 3576 spatio
3518 3513 3668 3579 quod
3707 3516 3782 3565 in-
3840 3557 3841 3572 χ

2207 3593 2416 3651 terﬂuit
2450 3607 2626 3648 annos
2668 3592 2812 3649 inter
2853 3592 2959 3647 572
2988 3603 3044 3649 et
3074 3595 3202 3659 375,
3237 3612 3418 3667 neque
3455 3602 3574 3656 ullo
3628 3605 3780 3659 unedo
3840 3587 3841 3672 ᾗ

2205 3703 2371 3759 posse
2399 3686 2588 3742 isthmc
2615 3686 2700 3741 vel
2733 3687 2883 3757 prius
2914 3687 2998 3741 vel
3027 3697 3215 3757 postea
3247 3691 3441 3747 locari.
3505 3697 3780 3751 Adversus
3840 3673 3841 3676 Ἴ

2207 3781 2352 3836 hanc
2378 3789 2560 3834 tamen
2591 3779 2964 3851 chronologiae
3027 3783 3299 3839 rationem
3332 3786 3548 3857 aliquot
3595 3805 3784 3845 exsur-
3840 3821 3841 3868 ἐ

2207 3883 2342 3942 gunt
2376 3869 2718 3926 diilicultates
2755 3887 2770 3924 :
2826 3887 2952 3926 nam
2986 3873 3031 3928 si
3097 3889 3243 3928 anno
3288 3875 3394 3931 574
3424 3879 3510 3934 vel
3568 3882 3784 3937 circiter
3840 3929 3841 3934 η

2209 3964 2638 4035 Chrysostomus
2661 3972 2721 4018 ut
2750 3963 3042 4034 episcopus
3067 3966 3417 4024 ordinaretur
3442 3977 3777 4045 perquisitas

2207 4066 2312 4124 est,
2349 4072 2474 4113 cum
2505 4064 2693 4126 utpote
2725 4064 2888 4111 natus
2917 4071 3064 4112 anno
3095 4058 3199 4113 547
3234 4061 3316 4115 vel
3347 4064 3602 4130 circiter,
3636 4085 3778 4122 anno

2208 4148 2316 4203 574
2347 4146 2670 4202 vicesimum
2722 4147 3014 4218 septimum
3065 4149 3286 4204 circiter
3331 4167 3540 4209 annum
3579 4172 3781 4229 ageret,
3840 4189 3841 4196 η

2206 4241 2448 4295 nondum
2462 4238 2714 4307 attigerat
2726 4247 2940 4294 aetatem
2960 4255 2991 4294 a
3003 4240 3215 4310 synodo
3231 4240 3665 4305 Neocaesariensi
3690 4268 3784 4321 pro
3840 4235 3841 4238 η

2208 4331 2543 4404 presbyteris
2573 4330 2879 4402 deligendis
2928 4333 3282 4403 assignatam,
3325 4337 3553 4408 triginta
3591 4342 3780 4396 videli-
3840 4369 3841 4374 η

2212 4433 2298 4482 cet
2328 4438 2639 4480 annorum:
2677 4427 2955 4495 quomodo
2988 4439 3119 4496 ergo
3143 4436 3357 4496 poterat
3387 4429 3442 4483 in
3462 4432 3781 4503 episcopum

2209 4514 2504 4586 cooptari?
2539 4514 2618 4570 Ad
2651 4514 2768 4570 haec
2795 4529 2949 4578 vero,
2983 4516 3306 4587 priusquam
3353 4519 3778 4594 Chrysosmma,

2207 4605 2275 4661 ad
2319 4607 2696 4677 episcopatum
2731 4606 3163 4676 perquireretur,
3211 4619 3390 4666 mater
3423 4611 3544 4680 eius
3595 4617 3778 4686 ipsum

2203 4701 2494 4771 alloquens
2530 4713 2590 4754 se
2639 4697 2754 4768 jam
2797 4701 3178 4766 consenuisse,
3231 4713 3286 4758 et
3315 4705 3529 4760 obitum
3580 4724 3780 4779 propr

2201 4791 2345 4847 diem
2389 4797 2708 4860 exspectare
2745 4790 2918 4846 dicit:
2977 4793 3039 4845 Οἱ
3095 4793 3153 4847 δὲ
3194 4799 3570 4867 γεγηρακότες
3617 4803 3781 4870 ἡμεῖς

2201 4882 2356 4937 οὐδὲν
2408 4881 2592 4955 ἕτερον
2656 4881 2690 4954 ἢ
2743 4882 2834 4937 τὸν
2889 4883 3118 4940 Θάνατον
3188 4888 3564 4960 ἀναμένομεν·
3628 4897 3782 4961 atqui

2202 4973 2650 5045 Cbrysostomns,
2692 4983 2753 5028 ut
2808 4975 2925 5045 ipse
2978 4986 3198 5044 narrat,
3262 4989 3389 5036 ante
3453 4983 3781 5038 vicesimum

2205 5066 2398 5120 matris
2424 5079 2630 5118 annum
2685 5074 2848 5120 natus
2901 5076 3006 5134 est,
3069 5069 3215 5122 unde
3276 5085 3543 5140 sequatur
3577 5075 3782 5142 ipsam.

2203 5172 2328 5212 cum
2354 5156 2782 5227 Chrysostomus
2812 5157 2866 5210 in
2898 5158 3277 5229 episcopatum
3309 5163 3642 5232 perquisitas
3671 5180 3780 5228 ess,

2204 5250 2447 5304 nondum
2491 5249 2975 5320 quadragesimum
3027 5251 3321 5322 septimum
3371 5255 3615 5325 attigisse
3679 5276 3782 5312 an.

2202 5359 2356 5410 num,
2384 5351 2439 5398 et
2467 5343 2560 5412 qui
2598 5351 2811 5412 poterat
2846 5342 2938 5397 illa
2971 5343 3084 5413 jam
3130 5345 3310 5399 vetula
3339 5355 3395 5400 et
3438 5363 3539 5416 per
3564 5359 3784 5402 atatem

2201 5436 2363 5491 tnorti
2391 5435 2639 5506 proxima
2680 5436 2848 5492 esse?
2891 5434 2984 5490 Has
3026 5452 3190 5506 porro
3225 5438 3572 5497 diﬂicultates
3599 5447 3784 5509 maio-

2203 5543 2293 5583 res
2325 5527 2579 5592 evadent,
2615 5526 2660 5582 si
2712 5526 2770 5581 in
2827 5542 3031 5582 annum
3076 5527 3204 5592 375,
3252 5532 3337 5585 vel
3390 5533 3443 5586 in
3481 5533 3605 5598 ὅτε,
3665 5538 3782 5590 haec

2204 5620 2531 5690 perquisitio
2585 5620 2920 5677 retrahatur.
2982 5621 3182 5678 Verum
3239 5625 3355 5680 haec
3415 5639 3786 5696 quantumvis

2201 5711 2507 5780 probabilia
2543 5711 2835 5767 videantur
2896 5711 3072 5786 [56!],
3103 5729 3172 5770 ne
3229 5717 3521 5774 minimum
3554 5721 3786 5790 quidem

2203 5817 2306 5860 nos
2363 5817 2395 5859 a
2453 5802 2640 5874 priore
2709 5806 2982 5863 sententia
3070 5805 3425 5866 dimoveant:
3479 5827 3599 5867 nam
3677 5831 3790 5879 ετ.
