1961 3121
58 188 121 215 σει·

57 252 129 279 quas
142 244 227 272 modo
238 244 394 279 posuimus,
410 244 543 280 temporis
554 249 626 272 nota:
640 245 753 272 omnino
768 248 850 272 certa.-

60 291 200 318 \'identnr.
221 290 300 324 Quod
319 295 410 321 autem
425 295 540 326 urgente
553 298 621 318 casu
634 298 667 319 ac
683 291 849 318 necessitate

59 337 190 372 quapiam
203 337 256 364 viri
277 337 398 364 nondum
417 337 527 372 triginta
551 345 639 365 annos
666 336 770 364 emensi
790 337 849 371 epi-

57 382 133 416 scopi
157 381 311 416 antiquitus
332 382 416 409 creati
441 381 556 414 fuerint,
575 389 628 409 non
648 386 727 409 vacat
753 390 849 410 exem-

59 428 131 462 plis:
148 428 201 455 etsi
228 428 273 455 illa
301 428 448 456 admodum
477 435 540 456 rara
566 429 631 456 sint.
662 428 690 455 S.
708 428 849 464 Remigius

56 474 157 508 quippe
174 473 321 502 Remensis
335 474 482 509 episcopus
498 479 609 502 creatus
624 479 676 505 est,
699 482 761 502 cum
780 474 850 502 dum

55 526 115 545 rum
133 526 220 553 supra
234 518 329 554 viglnti
346 526 480 546 annorum
504 523 598 546 esset:
615 524 643 547 et
674 518 848 548 Eleutherius

55 564 168 599 quidam
184 565 282 600 viginti
312 572 450 593 annorum
481 565 644 593 adolescens
669 565 704 593 ab
731 565 847 593 Aniceto

56 618 123 645 papa
134 611 285 646 episcopus
297 611 402 639 missus
417 615 460 639 est
476 611 503 638 in
520 611 670 646 Illyricum.
687 612 765 645 Quod
784 620 848 647 spe-

56 662 110 684 ctat
128 662 225 685 autem
241 657 275 684 ad
293 661 408 685 matrem
425 657 629 694 Cltrysostomi,
646 665 709 693 quae
723 666 783 686 sese
798 666 846 685 ve-

55 703 137 730 tulam
152 707 182 731 et
192 704 274 731 morti
287 703 439 739 proximam
453 704 571 737 dicebat,
587 712 650 732 cum
663 704 846 740 quadraginta

56 753 161 783 septem
176 753 284 776 tantum
301 756 438 777 annorum
455 755 547 777 esset:
572 750 630 778 haec
653 750 726 778 dicta
749 752 846 779 matris

55 794 140 821 filium
165 795 370 830 compellantis,
395 800 422 823 et
452 803 486 823 ne
503 803 533 823 se
560 797 670 823 deserat
695 797 844 830 hortantis,

53 848 107 868 non
121 845 190 869 sunt
203 841 238 868 ad
252 842 371 869 litteram
385 842 555 877 accipienda.
571 841 651 876 Nam,
665 846 695 870 ut
710 843 774 870 alibi
790 850 844 870 non

53 888 137 914 semel
153 888 324 920 monuimus,
339 888 362 915 si
378 895 411 915 ex
437 888 519 916 dictis
546 888 715 923 hujusmodi,
743 889 845 924 quibus

54 942 138 966 senes,
158 939 285 960 extremm
316 934 458 961 senectutis
485 934 626 967 homines;
645 934 685 962 vel
712 934 844 966 vicissim,

51 980 170 1014 juvenes,
194 979 391 1011 adolescentes,
410 980 485 1015 pueri
502 985 762 1013 commemomntur,
790 981 846 1008 cal-

55 1027 145 1053 rulum
164 1025 298 1061 temporis
320 1033 495 1061 poneremus,
514 1026 616 1061 passim
636 1026 843 1062 cltrouologiam

55 1072 238 1107 pessumdare
250 1079 321 1107 opus
335 1077 417 1100 esset.

89 1118 149 1145 Jam
167 1119 203 1146 de
216 1118 321 1146 Basilio
339 1118 531 1154 Chrysostomi
546 1119 646 1153 amico,
669 1120 731 1154 quis
748 1126 846 1155 nempe

53 1165 169 1199 cuiusve
209 1165 331 1193 civitatis
368 1165 516 1200 episcopus
558 1165 652 1199 fuerit,
692 1167 840 1202 agendum.

54 1210 203 1243 Socrates,
238 1218 320 1245 quem
355 1211 435 1238 multi
469 1211 600 1247 deinceps
631 1213 718 1240 secuti
755 1218 841 1245 sunt,

53 1256 89 1283 ait
110 1264 173 1283 esse
202 1255 335 1283 Basilium
361 1255 487 1292 Magnum
504 1257 572 1289 ;sed
586 1262 628 1284 est
651 1257 716 1285 illud
733 1259 839 1294 ἀπροσ-

50 1301 185 1332 δεόνυσον,
207 1305 239 1328 ut
266 1308 348 1329 nemo
362 1309 416 1328 non
433 1301 517 1329 videt.
539 1301 680 1337 Siquidem
713 1302 758 1330 ille
786 1302 845 1330 Czeo

54 1347 188 1374 sariensis
204 1346 352 1382 episcopus
367 1347 593 1383 Clirysostomum
620 1352 746 1375 nostrum
766 1353 845 1376 aetate

54 1393 134 1429 longe
149 1394 290 1429 praecedit,
306 1402 356 1422 nec
373 1394 430 1421 ullo
452 1395 534 1422 modo
551 1395 705 1423 studiorum
722 1394 782 1430 ejus
797 1402 844 1423 so-

52 1440 122 1472 cius,
142 1448 195 1468 nec
213 1440 367 1468 Antiochia:
388 1441 532 1468 ordinatus
546 1449 607 1469 esse
636 1442 746 1477 potuit:
775 1442 841 1477 quid

52 1487 130 1522 plura
144 1488 246 1520 dicam,
259 1488 370 1522 quando
384 1488 472 1523 palam
487 1493 529 1515 est
542 1488 596 1516 labi
608 1489 747 1516 Socratem
787 1488 844 1517 Nec

52 1534 162 1562 felicius
172 1533 302 1566 Photius,
316 1534 363 1569 qui
377 1538 453 1569 putat
464 1542 526 1562 esse
538 1534 666 1563 Basilium
685 1534 844 1563 Seleucien~

52 1588 121 1611 sem,
133 1588 216 1615 quem
238 1587 312 1607 anno
325 1580 378 1607 372
390 1580 435 1607 vix
451 1586 545 1608 natum
563 1587 703 1616 putamus.
722 1582 844 1617 quando-

52 1627 161 1661 quidem
192 1633 265 1653 anno
283 1626 332 1653 £51
361 1627 468 1662 synodo
490 1627 708 1655 Chalcedonensi
732 1628 842 1663 episeo-

52 1680 102 1706 pus
117 1672 256 1706 interfuit,
274 1676 302 1700 et
315 1680 388 1700 anno
405 1672 460 1700 458
475 1672 635 1708 imperatori
662 1672 746 1701 Leoni
771 1674 843 1701 seri--

52 1719 116 1751 psit.
133 1716 192 1745 Non
209 1717 337 1745 audiendi
354 1718 418 1745 item
435 1718 569 1751 videntur,
589 1719 635 1754 qui
659 1723 756 1754 putant
786 1719 843 1747 Ha-

52 1764 155 1790 ximum
176 1763 367 1800 Cbrysostomi
384 1764 502 1792 amicum
530 1766 656 1793 eumdem
685 1773 746 1793 esse
762 1770 844 1801 atque

54 1811 187 1838 Basilium
217 1812 244 1837 in
265 1810 308 1837 liis
323 1810 363 1837 De
377 1811 526 1838 sacerdotio
542 1811 620 1839 libris
642 1816 821 1839 memoratum
836 1820 843 1839 :

52 1866 114 1885 nam
131 1864 267 1893 quorsum
287 1857 332 1884 illa
349 1857 491 1885 nominum
507 1863 561 1885 tam
579 1856 753 1885 dissimilium
769 1865 843 1885 com-

53 1905 166 1933 mutatio
179 1904 191 1932 ?
203 1903 346 1933 Omnibus
361 1904 444 1940 igitur
458 1909 585 1933 accurate
599 1903 740 1940 perpensis
750 1925 759 1938 ,
773 1904 844 1933 veri-

613 185 657 213 DE
676 185 904 216 SACERDOTIO.
922 201 959 209 —
971 186 1141 216 MONITUM.

1625 185 1689 214 623'

903 244 993 272 simile
1007 250 1073 280 puto
1087 244 1218 272 Basilium
1247 252 1309 272 eum
1335 251 1406 278 esse,
1420 243 1468 279 qui
1498 243 1603 279 synodo
1616 242 1689 271 Con-

903 290 1156 325 stantinopolitanae
1188 297 1261 317 anno
1287 290 1337 317 581
1364 289 1509 324 cpiscopus
1536 287 1690 323 Rapbanez

903 334 1070 366 subsoribit,
1100 334 1235 370 siquidem
1261 338 1372 369 tempus
1398 335 1522 369 apprime
1550 334 1688 368 quadrat:

905 379 1055 415 Rapbanea
1070 380 1098 408 in
1130 380 1210 416 Syria
1226 388 1310 416 prope
1336 380 1508 407 Antiochiam
1533 379 1585 407 sita
1611 383 1688 407 erat:

902 427 1063 455 commodus
1089 435 1156 455 sane
1181 427 1276 461 locus,
1304 430 1334 454 ut
1361 426 1475 454 Joannis
1501 424 1688 462 Chrysostomi

901 471 1036 507 frequenti
1052 473 1206 508 colloquio,
1230 473 1287 500 imo
1303 472 1385 500 etiam
1409 472 1589 500 contubernio
1613 472 1689 499 frue-

901 523 976 546 retur
992 519 1126 553 Basilius,
1146 519 1221 555 quod
1247 520 1275 547 in
1294 518 1349 547 line
1371 518 1471 554 dialogi
1490 525 1520 546 se
1543 522 1688 554 peroptare

900 566 977 595 dicit.

936 613 1030 642 Restat
1046 618 1075 641 ut
1091 621 1178 649 pauca
1195 613 1319 641 dicamus
1341 612 1375 641 de
1393 617 1514 648 tempore
1528 620 1584 648 quo
1605 612 1688 640 hosce

902 659 990 687 libros
1006 659 1092 687 edidit
1109 659 1343 695 Chrysostomus:
1361 666 1449 694 neque
1461 659 1534 686 enim
1560 658 1687 686 audiendi

900 710 966 733 sunt
982 705 1001 732 ii
1030 705 1076 740 qui
1095 705 1190 733 volunt
1215 705 1309 733 eodem
1334 705 1393 740 ipso
1415 709 1547 740 tempore,
1569 712 1626 739 quo
1643 712 1687 732 res

899 756 1012 787 peracta
1029 756 1081 784 est,
1097 751 1155 779 haec
1170 751 1315 786 scripsisse
1330 751 1361 778 S.
1378 751 1529 779 doctorem.
1545 750 1685 786 Siquidem

898 797 941 825 vel
956 797 1013 832 ipsa
1033 796 1158 825 ordiendi
1190 798 1260 824 ratio
1287 796 1398 832 aliquod
1427 797 1550 831 elapsum
1579 801 1687 831 tempus

898 843 1064 877 subindicat,
1082 848 1110 870 et
1123 842 1208 870 series
1223 847 1278 870 tota
1291 850 1347 869 rem
1363 843 1530 875 meditatam,
1544 847 1571 870 et
1587 842 1614 869 in
1630 842 1686 870 otio

898 890 1058 917 adornatam
1075 896 1130 924 pra:
1149 896 1178 916 se
1194 888 1257 916 fert.
1275 888 1319 915 Ait
1336 887 1464 916 Socrates
1478 888 1515 916 lib
1529 895 1566 920 vt,
1581 896 1641 923 cap.
1656 888 1684 921 5,

896 937 1134 973 Chrysostomum,
1157 943 1219 962 cum
1244 934 1377 963 diaconus
1397 939 1488 967 esset,
1513 936 1563 962 bos
1588 935 1684 963 condi-

895 984 970 1012 disse
987 982 1082 1014 libros,
1099 981 1202 1010 scilicet
1217 982 1251 1008 ab
1269 988 1342 1008 anno
1361 980 1411 1008 58!
1443 981 1476 1008 sd
1493 989 1593 1008 annum
1619 980 1683 1014 386,

896 1037 951 1064 quo
972 1028 999 1055 in
1017 1024 1214 1063 presbyterium
1234 1025 1357 1053 adlectus
1377 1030 1428 1052 est.
1445 1024 1584 1052 Palladius
1607 1031 1683 1055 vero,

896 1074 1046 1102 secundum
1083 1069 1333 1107 interpretationem
1376 1070 1503 1098 Latinam
1543 1069 1683 1098 Ambrosii

896 1120 1126 1152 Camaldulensis,
1146 1119 1173 1146 in
1199 1125 1309 1146 secessu
1326 1122 1353 1145 et
1363 1117 1511 1145 solitudine
1537 1116 1594 1143 haec
1607 1116 1682 1143 illum

895 1167 1013 1194 edidisse
1045 1170 1149 1198 narrat,
1165 1164 1271 1192 scilicet
1286 1164 1320 1191 ab
1336 1171 1409 1191 anno
1440 1163 1548 1191 circiter
1566 1163 1615 1191 571
1646 1163 1681 1190 ad

896 1213 960 1245 381,
978 1219 1033 1247 quo
1052 1219 1086 1239 ex
1110 1212 1218 1239 deserto
1238 1210 1265 1238 in
1293 1210 1388 1238 urbem
1415 1210 1505 1238 rediit.
1533 1209 1685 1237 Palladium

896 1266 965 1286 sane
982 1258 1172 1285 incunctanter
1197 1264 1384 1291 sequeremur,
1404 1261 1497 1291 utpote
1519 1255 1684 1291 Chrysosto-

896 1312 942 1332 mo
958 1303 1089 1339 aqualem
1107 1308 1134 1330 et
1148 1302 1258 1329 aliunde
1273 1302 1324 1329 fide
1336 1301 1499 1337 digniorem,
1512 1302 1534 1330 si
1549 1302 1576 1329 in
1588 1302 1684 1330 Graeco

898 1355 984 1383 textu,
996 1357 1078 1384 quem
1093 1348 1178 1376 edidit
1192 1347 1333 1375 Emericus
1354 1347 1487 1383 Bigotius,
1504 1348 1599 1375 eadem
1625 1348 1684 1383 ipsa

896 1396 1052 1432 legerentur
1065 1404 1072 1428 ;
1087 1395 1136 1423 sed
1150 1401 1213 1422 cum
1234 1394 1270 1421 ibi
1289 1401 1323 1421 ne
1337 1394 1390 1430 γρῦ
1404 1394 1512 1429 quidem
1527 1394 1580 1422 hac
1607 1396 1641 1421 de
1656 1402 1684 1422 re

897 1445 1064 1476 compareat,
1080 1448 1095 1467 a
1109 1440 1215 1468 calculo
1229 1439 1341 1467 ferendo
1354 1439 1575 1475 superscdemus.
1590 1438 1684 1474 Neque

895 1487 970 1516 enim
987 1486 1124 1514 Ambrosii
1151 1486 1371 1514 Camaldulensis
1398 1485 1542 1513 lectionem
1572 1487 1684 1513 omnino

894 1533 1069 1569 rejiciendam
1085 1537 1233 1568 putamus:
1248 1532 1383 1568 siquidem
1400 1531 1445 1559 ille
1465 1540 1518 1560 non
1535 1532 1592 1559 limc
1607 1540 1684 1559 som-

894 1580 996 1608 niando
1021 1584 1193 1607 commentus
1215 1579 1338 1611 videtur,
1362 1579 1409 1606 sed
1427 1579 1471 1606 illa
1492 1578 1684 1614 interprelatns

895 1633 966 1660 esse,
982 1633 1044 1660 qua:
1060 1625 1088 1653 in
1104 1625 1197 1660 aliquo
1217 1625 1366 1660 exemplari
1391 1625 1487 1653 erco
1513 1626 1682 1661 legebantur.

895 1671 932 1700 Ut
945 1677 975 1700 ut
992 1680 1055 1700 vero
1067 1672 1113 1705 sit,
1129 1672 1198 1699 nihil
1213 1672 1246 1700 de
1264 1676 1384 1707 tempore
1408 1676 1572 1704 statuemus,
1598 1673 1684 1699 donec

897 1719 1037 1755 quidpiam
1051 1719 1153 1746 certius
1171 1723 1301 1754 emergat.

932 1764 1186 1800 lnterprctationem
1202 1764 1330 1792 Germani
1345 1764 1445 1797 Brixii,
1473 1764 1536 1792 licet
1563 1764 1682 1799 aliquam

896 1811 1039 1846 elegantia:
1054 1811 1172 1846 speciem
1193 1818 1248 1845 pra:
1262 1818 1292 1838 se
1306 1810 1405 1844 ferret,
1419 1814 1511 1845 utpote
1524 1818 1585 1845 qua:
1602 1817 1684 1845 para-

894 1857 1009 1893 phrasin
1022 1861 1131 1892 saperet
1146 1864 1234 1892 neque
1250 1856 1286 1884 ita
1305 1861 1431 1883 accurate
1449 1856 1612 1884 concinnata
1637 1863 1682 1883 es-

895 1908 948 1937 set,
963 1903 1120 1939 rejecimus,
1136 1910 1292 1939 novamque
1304 1903 1470 1939 paravimus.
