3922 6240
504 358 3785 448 W

1421 515 1814 593 SANCTI
1872 509 2298 586 PATRIS
2363 507 2774 582 NOSTBI

919 701 1012 842 J
1023 693 1292 844 0A
1316 692 1578 835 NN
1599 688 1767 835 IS
1864 676 2702 832 CHRYSO
2727 673 3330 828 STOMI

1136 941 1460 1102 DE
1589 924 3137 1099 SACERDOTIO

1885 1215 2152 1313 πίβτί
2203 1232 2389 1312 sex.

1545 1538 2026 1650 LIBER
2099 1524 2752 1642 PRIMUS.

1903 1712 2367 1740 ﬂ

961 1845 1067 1880 nam
1095 1843 1266 1878 INSUN‘I‘
1289 1837 1427 1874 LIBBO
1450 1835 1626 1872 PRlIlO:

497 1947 532 1989 t.
571 1937 768 1990 Basilius
789 1935 1013 1996 omnibus
1031 1929 1348 1996 Chrysostomi
1367 1927 1535 1996 amicis
1547 1918 1825 1996 antecellit.

499 2010 550 2052 tt.
590 1999 850 2051 Concordia
897 1990 1465 2056 BasiliietChrysostomi,
1492 1994 1544 2036 et.
1563 1990 1831 2034 communis
1853 1990 1976 2029 circa
2009 1990 2096 2028 res

565 2075 740 2131 omnes
759 2059 1049 2131 disquisitio.

502 2102 1134 2182 un.""§i$ieii"in"£tiiiaus,
1175 2127 1284 2166 cum
1330 2113 1427 2163 vita
1465 2107 1727 2160 monastica
1768 2102 1981 2154 ineunda
2022 2114 2096 2151 es-

505 2191 1198 2306 tvsetErOposuumcommunis
1218 2235 1523 2286 habitationis
1543 2233 1816 2292 utriusque.

505 2318 561 2358 v.
594 2304 754 2357 Matris
770 2304 1034 2354 blanditiae.

506 2354 581 2419 vi.
596 2354 758 2429 irini
780 2377 874 2429 qua
901 2367 948 2414 in
969 2363 1269 2429 ordinatione
1293 2354 1908 2429 usus.est_cbrysosunnus.

509 2417 600 2480 νη.
635 2428 789 2478 Basilii
799 2417 1045 2476 accusatio
1057 2425 1287 2486 modesta
1313 2428 1366 2469 et
1389 2417 1617 2486 simplex.
1637 2479 1647 2486 _
1864 2475 1876 2486 .

507 2477 615 2542 iiii.
641 2477 959 2554 Cbrysostomi
981 2484 1204 2554 defensio
1227 2496 1335 2554 c_um
1358 2477 1748 2554 regirctiensione
1770 2477 2040 2554 conjuncta.

509 2534 885 2614 lii-'Mvajg'riafe'x
897 2534 1202 2610 tempestiva
1237 2534 1611 2593 fraude'utilitas
1634 2554 1648 2588 :
1668 2538 1825 2588 thesis
1859 2534 1924 2585 'et
1945 2534 2079 2583 locus

571 2613 854 2666 cantilenis.

589 2836 638 2890 1.
670 2831 896 2888 Basilius
921 2828 1150 2886 omnibus
1175 2821 1520 2895 Chrysostomi
1538 2819 1711 2874 amicis
1737 2815 2008 2871 antecellit.
2029 2842 2102 2853 --

517 2925 642 2982 Mhi
689 2922 902 2994 quidem
933 2921 1089 2974 amici
1113 2917 1418 2985 complures
1465 2912 1642 2977 fuere,
1698 2909 1838 2978 iique
1863 2904 2098 2978 germani

514 3027 567 3071 et
595 3015 737 3081 veri,
768 3013 860 3084 qui
899 3011 1146 3066 amicitia:
1189 3009 1334 3074 leges
1374 3014 1428 3061 et
1457 3003 1620 3074 probe
1661 3001 2019 3070 intelligerent
2046 3004 2102 3053 et

513 3106 794 3176 diligenter
807 3103 1186 3159 observarent:
1210 3096 1400 3151 horum
1419 3111 1548 3149 vero
1568 3091 1916 3162 complurium
1940 3105 2097 3154 unus,

514 3198 607 3267 qui
630 3206 857 3252 caeteros
880 3209 1065 3249 omnes
1106 3191 1338 3247 amicitia
1369 3191 1522 3257 longe
1550 3185 1864 3257 superabat,
1895 3193 2099 3239 tantum

517 3293 638 3346 illos
667 3299 810 3344 retro
837 3288 1134 3356 relinquere
1163 3282 1442 3348 studebat,
1471 3288 1724 3351 quantum
1758 3277 1833 3332 illi
1863 3275 2102 3346 reliquos

519 3380 860 3437 mediocriter
898 3391 1022 3448 erga
1067 3391 1156 3431 me
1197 3373 1433 3430 affectos.
1474 3373 1524 3428 ls
1557 3387 1622 3426 ex
1663 3385 1847 3425 eorum
1879 3382 2103 3423 numero

516 3482 663 3539 erat,
703 3471 791 3541 qui
836 3468 988 3524 lateri
1017 3482 1137 3522 meo
1166 3475 1426 3538 perpetuo
1456 3463 1760 3518 brererent:
1788 3459 1984 3516 etenim
2013 3457 2105 3512 iis-

518 3567 642 3620 dem
678 3575 790 3620 tum
817 3561 1108 3632 disciplinis
1137 3569 1247 3614 tum
1277 3555 1547 3628 magistris
1574 3568 1790 3625 operam
1838 3551 2100 3608 dedimus.

521 3658 696 3714 Unum
727 3656 1003 3726 utriusque
1038 3658 1153 3708 erat
1189 3651 1328 3707 circa
1358 3650 1539 3704 literas
1565 3645 1798 3702 studium
1818 3686 1835 3714 ,
1863 3659 1967 3700 una
1992 3643 2106 3698 sol-

522 3748 761 3810 licitudo,
790 3762 885 3818 par
912 3744 1234 3800 desiderium
1271 3741 1458 3798 iisdem
1485 3756 1551 3796 ex
1581 3741 1741 3796 rebus
1771 3748 1972 3793 natum.
1993 3735 2104 3793 Nc-

520 3859 624 3912 que
649 3841 789 3897 enim
819 3841 990 3895 solum
1021 3853 1140 3893 cum
1169 3837 1235 3892 ad
1266 3835 1546 3906 magistros
1573 3835 1986 3900 ventitaremus,
2011 3831 2104 3888 sed

521 3934 680 3988 etiam
712 3947 831 3986 cum
861 3930 1007 3985 illinc
1039 3943 1285 3999 egressos
1318 3926 1601 3982 consilium
1642 3926 1777 3980 inire
1802 3933 2104 3995 Oporteret,

522 4022 665 4094 quod
686 4021 1022 4093 prtestantius
1037 4019 1159 4074 vitae
1177 4032 1344 4088 genus
1364 4018 1518 4072 nobis
1538 4015 1923 4086 capessendum
1943 4023 2106 4080 esset,

526 4127 654 4172 tunc
677 4117 836 4171 etiam
865 4114 1004 4170 idem
1034 4125 1330 4167 consensus
1354 4110 1663 4182 apparebat.

595 4208 652 4262 2.
683 4206 967 4262 Concordia
1008 4202 1190 4257 Basilii
1217 4211 1264 4256 et
1300 4200 1645 4272 Chrysostomi
1665 4241 1682 4268 ,
1734 4209 1782 4254 et
1831 4199 2110 4254 communis

526 4301 662 4355 circa
687 4315 768 4354 res
793 4313 964 4352 omnes
989 4294 1290 4364 disquisitio.
1321 4323 1393 4333 —
1423 4292 1588 4346 Erant
1613 4299 1668 4346 et
1691 4291 1795 4346 alia
1824 4306 1944 4362 quae
1975 4291 2111 4346 hanc

527 4392 866 4448 concordiam
891 4390 1097 4444 ﬁrmam
1117 4388 1591 4456 inconcussamque
1611 4394 1903 4441 servarent.
1929 4385 2112 4456 Neque

528 4485 672 4540 enim
698 4484 768 4538 ob
803 4483 988 4554 patria:
1017 4479 1419 4550 amplitudinem
1445 4479 1582 4533 alter
1603 4478 1858 4533 adversus
1886 4479 2110 4534 alterum

530 4592 591 4631 se
615 4574 808 4631 eﬂ‘erre
833 4579 1076 4642 poterat:
1109 4569 1239 4624 mihi
1269 4585 1376 4625 non
1406 4584 1536 4640 Opes
1561 4581 1783 4626 summa!
1811 4578 1984 4634 erant,
2014 4584 2114 4624 uec

531 4670 624 4734 ille
652 4677 890 4722 extrema
936 4661 1278 4733 premebatur
1303 4663 1476 4730 inopia
1510 4680 1523 4716 :
1565 4662 1674 4716 imo
1716 4670 1770 4716 et
1808 4661 2112 4716 facultatum

531 4758 748 4814 modum
797 4754 1048 4825 propositi
1094 4753 1292 4822 paritas
1337 4753 1727 4807 mmulabatur:
1768 4767 1863 4821 par
1905 4751 2116 4822 generis

532 4847 767 4904 conditio
791 4854 908 4900 erat
928 4885 944 4912 ,
973 4843 1257 4913 omniaque
1285 4842 1349 4897 ad
1375 4843 1690 4898 sententiam
1720 4852 1955 4897 nostram
1981 4855 2116 4896 con-

533 4941 838 5000 currebant.

605 5035 660 5090 5.
692 5033 894 5088 Statera
922 5031 1202 5102 inaequalis,
1233 5045 1348 5084 tum
1375 5028 1476 5083 vita
1500 5028 1774 5082 monastica
1794 5025 2014 5081 ineunda
2041 5040 2120 5080 es-

535 5136 628 5180 set.
655 5154 728 5166 --
754 5125 886 5180 Cum
919 5133 1093 5179 autem
1126 5136 1424 5192 proxumum
1453 5129 1595 5176 esset
1624 5128 1682 5174 ut
1706 5119 1889 5174 beatus
1919 5117 2009 5172 ille
2036 5117 2120 5171 vir

539 5217 918 5274 monachorum
958 5217 1118 5272 vitam
1159 5229 1447 5285 veramque
1495 5211 1882 5282 pliil050phiam
1911 5210 2117 5279 ample-

538 5318 796 5373 cteretur,
821 5308 930 5379 jam
955 5325 1060 5363 non
1090 5321 1186 5378 par
1212 5317 1328 5362 erat
1352 5315 1569 5368 statera,
1599 5303 1691 5358 sed
1719 5303 1835 5373 ejus
1861 5305 2004 5368 lanx,
2031 5310 2117 5354 ut-

543 5409 665 5470 pote
694 5399 878 5467 levior,
906 5399 1146 5455 sublimis
1183 5397 1486 5462 ferebatur;
1519 5410 1620 5466 ego
1643 5409 1772 5448 vero
1806 5392 1986 5447 mundi
2027 5407 2120 5447 cu-

541 5492 848 5564 piditatibus
882 5493 1118 5548 irretitus
1156 5490 1360 5544 lancem
1403 5502 1610 5546 meam.
1639 5485 1958 5553 juvenilibus
1982 5499 2118 5538 onu-

543 5596 678 5644 stam
700 5583 1125 5654 cogitationibus,
1147 5580 1529 5650 deprimebam.
1545 5579 1642 5634 Hic
1656 5577 1867 5632 demum
1889 5576 2119 5630 amicitia

544 5677 756 5747 quidem
779 5676 950 5740 ﬁrma,
984 5684 1040 5729 ut
1065 5682 1210 5740 ante,
1236 5671 1503 5738 manebat,
1526 5669 1619 5726 sed
1644 5668 1970 5725 consuetudo
1993 5668 2120 5723 diri-

549 5771 826 5827 mebatur:
855 5781 1029 5838 neque
1071 5765 1213 5823 enim
1254 5777 1361 5820 una
1391 5763 1588 5819 versari
1627 5770 1872 5833 poterant
1895 5760 1985 5834 qui
2013 5777 2119 5818 non

2200 1806 2387 1862 iisdem
2416 1802 2604 1858 studiis
2629 1808 2954 1856 tenerentur.
2983 1799 3246 1855 Caeterum
3277 1799 3362 1856 ubi
3387 1808 3440 1856 et
3468 1801 3580 1871 ipse
3605 1815 3638 1856 a
3669 1800 3794 1855 vitae

2199 1897 2357 1967 liujus
2382 1893 2632 1948 fluctibus
2655 1902 2813 1962 caput
2838 1893 3106 1962 paululum
3128 1893 3294 1958 erexi,
3319 1908 3403 1947 me
3427 1892 3512 1947 ille
3530 1893 3796 1948 ambabus

2198 1986 2552 2058 apprehendit
2598 1984 2843 2039 manibus
2877 2002 2889 2038 :
2935 1991 2990 2037 at
3033 1998 3100 2037 ne
3146 1983 3224 2037 sic
3265 1983 3476 2053 quidem
3518 1985 3795 2054 potuimus

2199 2077 2559 2148 aequalitatem
2611 2074 2891 2145 pristinam
2950 2074 3206 2129 retinere.
3267 2075 3475 2130 Etenim
3525 2091 3648 2130 cum
3699 2076 3795 2130 ille

2203 2185 2301 2224 nos
2340 2179 2579 2239 tempore
2603 2167 3005 2232 antevertisset,
3037 2166 3337 2238 ardensque
3381 2167 3611 2228 studium
3640 2167 3796 2224 exhi-

2201 2260 2442 2323 buisset,
2488 2273 2675 2314 rursus
2716 2258 2996 2314 sublimior
3026 2257 3316 2328 ferebatur,
3349 2259 3401 2314 in
3443 2260 3605 2314 altum
3636 2261 3795 2317 valde

2201 2351 2459 2406 sublatus.

2273 2458 2327 2512 4.
2369 2455 2698 2527 Propositum
2740 2455 3017 2510 communis
3055 2456 3376 2512 habitationis
3410 2458 3689 2528 utriusque.
3720 2490 3798 2500 —

2202 2549 2450 2604 Attamen
2475 2547 2647 2602 bonus
2676 2562 2796 2602 cum
2824 2555 2968 2604 esset
2995 2547 3387 2617 amicitiamque
3411 2556 3646 2604 nostram
3677 2564 3797 2602 ma-

2202 2641 2291 2712 gni
2325 2641 2542 2706 faceret,
2573 2655 2602 2692 a
2629 2649 2946 2694 cmterorum
2974 2639 3210 2693 omnium
3237 2639 3584 2694 Contubernio
3608 2654 3669 2696 sc
3695 2642 3798 2696 ab-

2203 2733 2444 2800 ducens,
2492 2731 2767 2787 uobiscum
2807 2729 2952 2784 omni
2994 2739 3234 2799 tempore
3275 2730 3610 2798 versabatur,
3650 2735 3799 2802 quod

2204 2834 2363 2880 antea
2393 2823 2492 2896 ipsi
2515 2825 2567 2878 in
2597 2832 2721 2878 voto
2749 2831 2883 2888 erat,
2916 2822 3030 2887 sed,
3059 2832 3116 2877 ut
3142 2823 3270 2890 dixi,
3299 2838 3330 2878 a
3364 2824 3586 2894 segnitie
3612 2835 3799 2878 nostra

2205 2915 2506 2987 prohibitus
2533 2914 2728 2970 fuerat.
2757 2913 2941 2984 Neque
2967 2915 3109 2969 enim
3141 2924 3347 2984 poterat
3373 2915 3437 2982 is,
3469 2917 3558 2987 qui
3580 2917 3802 2986 iudiciis

2207 3019 2260 3066 et
2293 3009 2409 3065 foro
2453 3008 2692 3064 haerebat
2728 3018 2782 3063 et
2818 3024 2993 3063 scen:e
3039 3008 3427 3063 oblectamenta
3468 3011 3800 3080 sectabatur,

2207 3117 2330 3156 cum
2353 3115 2418 3156 eo
2438 3114 2582 3171 saepe
2604 3099 2828 3166 versari,
2855 3100 2944 3170 qui
2965 3098 3115 3154 libris
3135 3099 3344 3155 deditus
3366 3100 3417 3154 in
3443 3099 3612 3155 forum
3639 3119 3804 3158 nurn-

2205 3208 2362 3263 quam
2385 3192 2690 3246 ventitaret.
2719 3191 3080 3258 Quamobrem
3103 3207 3222 3244 cum
3248 3201 3402 3246 antea
3429 3193 3674 3260 repulsus
3700 3211 3806 3249 nos

2205 3283 2273 3338 ad
2297 3282 2539 3338 eamdem
2569 3283 2688 3337 vitae
2715 3281 3023 3338 societatem
3051 3281 3361 3352 accepisset,
3389 3283 3528 3352 quod
3550 3288 3658 3353 jam
3689 3286 3807 3354 pri-

2205 3373 2327 3430 dem
2351 3372 2674 3429 desiderium
2703 3373 3044 3444 parturiebat,
3076 3372 3354 3428 confestim
3386 3375 3610 3446 peperit,
3633 3391 3702 3430 ac
3735 3393 3807 3433 ne

2206 3466 2480 3520 minimam
2508 3465 2723 3536 quidem
2745 3465 2846 3519 diei
2876 3476 3078 3534 partem
3106 3480 3133 3516 a
3165 3465 3319 3520 nobis
3343 3465 3532 3520 abesse
3557 3466 3804 3534 patieba-

2209 3566 2332 3612 tur:
2365 3556 2462 3612 sed
2487 3555 2700 3611 assidue
2725 3555 3052 3620 hortabatur,
3081 3563 3139 3608 ut
3161 3555 3320 3610 domo
3348 3565 3568 3624 uterque
3591 3571 3688 3610 sua
3721 3573 3810 3614 re-

2210 3649 2332 3703 licta
2367 3663 2652 3704 commune
2692 3647 3014 3704 domicilium
3061 3648 3451 3704 incoleremus:
3484 3665 3589 3720 quo
3627 3650 3808 3722 impe-

2209 3749 2346 3798 trato
2368 3743 2478 3811 jam
2508 3756 2595 3796 res
2622 3741 2674 3795 in
2707 3741 2949 3796 manibus
2972 3748 3108 3795 erat.

2280 3841 2336 3896 5.
2366 3839 2551 3894 Matris
2577 3839 2853 3894 blanditiae.
2879 3868 2951 3880 —
2979 3839 3174 3894 Verum
3213 3839 3440 3895 assidua:
3465 3841 3650 3895 matris
3682 3841 3810 3897 ille-

2209 3931 2384 3986 cebra:
2411 3930 2748 3992 obstiterunt,
2781 3929 3066 4000 quominus
3108 3929 3244 3985 lianc
3269 3930 3344 3984 illi
3367 3931 3589 4000 gratiam
3613 3931 3811 3987 redde-

2211 4039 2362 4090 rem;
2397 4024 2504 4078 imo
2554 4038 2705 4092 vero,
2735 4023 3018 4094 quominus
3045 4022 3096 4078 id
3133 4022 3372 4078 beneﬁcii
3404 4024 3471 4078 ab
3498 4038 3564 4079 eo
3587 4026 3808 4095 accipe-

2211 4132 2345 4171 rem.
2386 4116 2674 4171 Enimvero
2712 4116 2803 4170 ubi
2849 4117 2936 4171 illa
2989 4115 3206 4170 odorata
3243 4125 3324 4172 est
3365 4132 3450 4172 me
3495 4116 3549 4173 id
3591 4121 3808 4183 consilii

2213 4206 2369 4269 inire.
2399 4206 2584 4262 dextra
2611 4207 3004 4277 apprehensum
3036 4207 3325 4262 introduxit
3347 4223 3432 4262 me
3459 4209 3509 4262 in
3533 4209 3805 4278 peculiare

2213 4298 2313 4352 sibi
2342 4297 2666 4354 domicilium
2687 4339 2702 4364 ,
2738 4313 2801 4354 ac
2830 4314 2915 4354 me
2953 4312 3116 4368 prope
3144 4297 3340 4353 lectum
3360 4341 3376 4366 ,
3408 4299 3499 4354 ubi
3529 4315 3615 4354 me
3648 4302 3806 4356 enixa

2215 4388 2418 4454 fuerat,
2449 4389 2685 4444 assidere
2713 4389 2881 4459 jusso,
2915 4389 3127 4445 emissis
3152 4389 3502 4460 lacrymarum
3533 4390 3768 4446 fontibus
3788 4435 3804 4460 ,

2216 4478 2346 4548 ipsis
2377 4479 2626 4550 lacrymis
2651 4480 3035 4536 miserabiliora
3060 4481 3220 4536 verba
3247 4482 3573 4550 proferebat,
3613 4483 3696 4538 his
3724 4501 3808 4540 me

2215 4569 2548 4639 gemebunda
2573 4569 2934 4639 compellans:
2964 4569 3097 4640 Ego,
3128 4571 3329 4641 inquit,
3361 4573 3454 4637 fili,
3486 4573 3681 4628 virtute
3714 4591 3808 4644 pa-

2219 4663 2316 4715 tris
2355 4660 2428 4714 tui
2467 4675 2571 4714 non
2619 4661 2788 4715 multo
2830 4669 3070 4731 tempore
3115 4663 3185 4716 ita
3233 4663 3546 4732 providente
3587 4668 3810 4721 numine

2219 4749 2322 4805 frui
2365 4752 2532 4820 potui.
2577 4751 2710 4805 Nam
2754 4763 2937 4822 partus
2981 4752 3057 4806 tui
3103 4753 3317 4808 dolores
3345 4756 3616 4826 excipiens
3663 4758 3810 4812 illius

2220 4842 2425 4909 obitus,
2457 4854 2507 4899 te
2534 4845 2822 4914 pupillum,
2853 4859 2939 4899 me
2969 4845 3178 4899 viduam
3213 4859 3528 4915 praemature
3556 4849 3808 4918 reliquit,

2220 4933 2415 4989 additis
2452 4935 2718 4989 viduitatis
2763 4935 3148 5001 incommodis,
3196 4951 3314 5006 qua:
3360 4940 3593 5008 expertis
3634 4941 3810 4995 solum

2222 5025 2386 5094 probe
2413 5035 2535 5079 nota
2557 5035 2700 5080 sunt.
2725 5025 2912 5080 Nullus
2939 5027 3079 5081 enim
3122 5041 3300 5082 sermo
3331 5029 3473 5082 illam
3518 5039 3811 5101 tempesta-

2223 5123 2330 5170 tem
2359 5131 2422 5170 ac
2451 5117 2735 5186 procellam
2765 5117 3064 5186 exprimere
3096 5119 3296 5186 possit,
3326 5133 3483 5188 quam
3509 5123 3688 5189 puella
3717 5137 3810 5176 su-

2223 5209 2330 5278 bit,
2359 5225 2480 5266 cum
2508 5226 2678 5280 nuper
2701 5226 2732 5266 e
2760 5211 2919 5267 domo
2943 5211 3107 5281 patris
3134 5212 3326 5267 emissa
3344 5254 3359 5277 ,
3389 5227 3452 5267 ac
3477 5217 3809 5283 negotiorum

2224 5306 2466 5377 imperita
2487 5349 2502 5373 ,
2531 5316 2750 5377 repente
2779 5307 2921 5362 luctu
2957 5307 3271 5362 intolerabili
3304 5309 3574 5377 perculsa,
3607 5311 3812 5364 sollici~

2225 5398 2466 5454 tudinem
2489 5407 2644 5454 aetate
2663 5413 2726 5454 ac
2746 5413 2876 5454 sexu
2897 5414 2994 5453 suo
3013 5399 3268 5467 majorem
3295 5399 3562 5470 suscipere
3581 5401 3808 5471 cogitur.

2223 5488 2367 5558 Opus
2393 5489 2535 5544 enim
2565 5499 2646 5544 est
2670 5504 2945 5544 servorum
2985 5490 3244 5560 ignaviam
3271 5493 3585 5556 emendare,
3617 5495 3808 5563 nequi-

2227 5578 2351 5633 tiam
2377 5580 2684 5645 observare,
2714 5589 3060 5650 cognatorum
3100 5581 3316 5635 insidias
3340 5582 3682 5650 propulsare,
3713 5600 3808 5652 pu-

2225 5669 2556 5725 blicanorum
2587 5671 2856 5727 molestias
2885 5683 2942 5727 et
2963 5671 3016 5726 in
3045 5672 3386 5743 vectigalibus
3409 5675 3682 5743 exigendis
3709 5677 3826 5729 im-

2227 5761 2535 5818 manitatem
2564 5762 2768 5820 fortiter
2786 5763 2948 5821 ferre.
2973 5763 3126 5834 Quod
3152 5765 3196 5821 si
3224 5765 3291 5835 is,
3313 5765 3402 5836 qui
3423 5776 3650 5824 mortem
3678 5768 3808 5831 obit,
