1932 3118
51 155 100 183 625

49 215 148 249 prolem
159 215 307 251 relinquat;
320 217 343 244 si
353 217 388 245 sit
400 217 508 252 femina,
523 226 645 255 magnam
658 220 748 255 utique
760 219 839 247 matri

47 268 137 288 cuiam
150 261 268 296 exhibet,
284 263 331 291 sed
347 268 434 291 tamen
449 264 597 300 sumptibus
611 270 639 293 et
653 271 724 293 metu
739 273 838 293 vacan-

48 311 100 334 tem
113 316 119 334 :
136 312 161 334 at
176 308 244 335 ﬁlius
253 309 387 337 sexcentis
398 310 515 345 quotidie
526 311 666 341 timoribus
674 312 760 346 replet
769 311 839 340 mul-

46 353 131 388 tisque
151 354 388 388 sollicitudinibus;
410 357 488 384 mitto
506 357 576 384 enim
595 359 767 392 pecuniarum
787 366 836 386 ex-

45 406 163 432 pensam,
176 408 254 434 quam
268 401 375 428 multam
389 401 477 430 facere
486 403 590 437 cogitur
601 408 695 437 mater,
706 404 728 432 si
739 404 837 431 libera-

43 445 104 472 liter
118 446 191 473 illum
204 446 318 474 educare
336 447 434 482 cupiat.
456 448 497 476 Me
518 454 605 476 tamen
627 449 720 477 horum
735 450 835 478 nullum

42 491 74 517 ad
88 491 185 519 alteras
203 493 307 527 nuptias
322 493 362 520 vel
378 493 410 521 ad
429 494 544 522 alterum
563 495 589 522 iu
613 495 693 530 patris
709 496 745 523 tui
764 496 835 525 ardes

42 535 220 564 inducendum
240 545 367 572 sponsum
388 540 534 573 permovit;
557 540 605 567 sed
625 541 651 567 in
674 541 788 576 procella
808 546 835 569 et

41 584 145 611 turbine
167 584 265 617 mansi,
288 585 455 620 ferreamque
473 586 609 614 viduitatis
624 586 758 615 fornacem
780 596 833 616 non

39 629 130 661 evasi,
154 630 238 664 primo
252 630 359 664 quidem
374 639 490 665 superno
510 632 573 659 fulta
590 633 723 666 Subsidio,
736 633 834 661 deinde

39 683 92 703 non
109 677 214 704 modico
235 677 299 704 mibi
314 677 340 704 in
356 678 547 705 calamitatibus
564 679 659 706 solatio
671 683 743 711 erat,
761 679 832 714 quod

38 722 141 749 vultum
155 721 304 757 frequenter
317 728 389 749 tuum
403 724 560 758 aspicerem,
572 731 604 751 ac
614 724 699 751 vivam
713 724 831 752 defuncti

38 767 183 802 imaginem
193 775 337 798 servarem,
347 776 406 803 qua:
415 768 490 796 illum
499 773 622 796 accurate
631 769 753 797 referret.
765 770 832 803 Qua-

37 817 149 847 propter
162 821 221 839 cum
236 813 322 840 adhuc
339 813 426 841 infans
439 820 527 847 esses,
544 814 657 842 necdum
670 815 740 849 loqui
757 815 830 842 vale-

36 866 98 891 res,
119 866 180 886 cum
202 860 317 886 maxime
333 860 408 895 pueri
433 865 556 895 parentes
574 860 707 889 oblectare
725 861 828 896 solent,

35 913 142 940 magna:
156 905 218 932 mihi
231 906 405 933 consolationi
418 906 499 934 fuisti.
509 906 600 942 Neque
611 907 675 934 illud
689 907 753 935 mihi
766 908 829 936 vitio

34 955 142 979 vertere
156 951 250 986 possis,
267 951 337 986 quod
351 952 411 979 licet
425 952 580 979 viduitatem
593 951 697 980 fortiter
711 953 826 986 tulerim,

34 1001 163 1031 paternas
184 1001 271 1024 tamen
292 997 327 1024 ob
345 997 479 1025 viduitatis
497 998 693 1025 incommodum
710 998 826 1025 tibi'mi-

33 1043 140 1070 nuerim
155 1043 306 1076 facultates,
322 1043 393 1078 quod
408 1044 497 1070 multis
516 1043 543 1070 in
561 1043 674 1071 orbitate
688 1043 827 1071 infeliciter

32 1088 166 1115 accidisse
179 1088 259 1115 novi:
276 1096 335 1115 nam
354 1088 412 1115 illas
431 1088 478 1115 tibi
497 1088 613 1123 integras
627 1089 743 1119 servavi.
766 1088 827 1116 licet

32 1133 102 1160 nihil
114 1141 206 1161 eorum
220 1139 371 1168 sumptuum
387 1134 610 1169 pnrtermiserim,
624 1134 668 1169 qui
681 1133 714 1160 ad
728 1133 825 1161 libera-

30 1179 85 1207 lem
101 1179 293 1207 institutionem
307 1184 378 1206 tuam
389 1179 533 1206 necessarii
545 1183 620 1206 erant
633 1188 639 1206 :
656 1178 733 1214 idque
743 1187 777 1206 ex
789 1179 825 1205 l'a-

29 1225 177 1252 eultatibus
189 1225 255 1252 meis
268 1232 354 1260 exque
367 1224 500 1259 pecuniis,
514 1231 580 1260 quas
594 1232 609 1252 e
622 1224 702 1252 domo
716 1229 824 1260 paterna

28 1272 185 1299 attuleram.
200 1270 239 1298 Ne
253 1278 316 1298 vero
331 1275 407 1306 putes
425 1278 469 1298 me
481 1270 527 1297 tibi
546 1270 749 1305 exprobrautem
766 1269 824 1297 hate

27 1317 122 1344 dicere
135 1325 142 1343 :
158 1316 204 1343 sed
223 1323 271 1351 pro
285 1315 327 1343 his
338 1315 461 1343 omnibus
480 1323 558 1343 unam
572 1315 678 1350 postulo
693 1315 821 1350 gratiam,

26 1370 61 1388 ne
84 1369 130 1389 me
153 1362 234 1389 altera
256 1361 382 1388 viduitate
405 1361 539 1394 involvas,
563 1368 614 1387 neu
634 1361 748 1395 sopitum
766 1361 821 1395 jam

25 1407 131 1434 luctum
162 1407 251 1434 denuo
278 1407 396 1439 excites,
424 1413 518 1434 verum
543 1411 656 1433 mortem
684 1410 822 1441 exspectes

23 1462 117 1481 meam
135 1462 142 1480 :
162 1453 224 1481 hinc
245 1453 356 1480 fortasse
377 1452 451 1480 brevi
470 1452 655 1487 emigrandum
674 1452 740 1479 mihi
760 1452 820 1479 erit.

22 1500 93 1528 Nam
108 1500 219 1534 juvenes
233 1499 339 1534 quidem
353 1499 386 1526 ad
404 1504 555 1534 provectam
570 1498 676 1533 perduci
696 1503 821 1526 senectu-

22 1550 79 1574 tem
102 1553 210 1581 sperare
227 1550 352 1582 possunt;
371 1553 420 1573 nos
431 1550 534 1578 autem,
550 1546 594 1580 qui
614 1545 819 1578 consenuimus,

20 1593 93 1619 nihil
110 1593 180 1619 aliud
199 1600 279 1627 quam
300 1596 412 1619 mortem
429 1591 622 1625 prtestolamur.
644 1590 711 1618 Cum
731 1591 820 1626 itaque

19 1648 65 1667 me
84 1645 165 1667 teme
183 1639 339 1672 tradideris,
354 1639 490 1674 patrisque
508 1639 612 1666 ossibus
631 1638 818 1671 admiscueris,

18 1686 119 1721 longas
133 1686 260 1721 suscipito
274 1685 498 1721 peregrinationes
508 1706 515 1718 ,
530 1689 556 1712 et
570 1685 756 1719 quodcumque
769 1692 818 1711 vo-

16 1733 108 1760 lueris
121 1725 229 1767 pelagus
245 1732 359 1767 lrajicito
371 1741 378 1759 :
395 1738 474 1759 nemo
486 1736 548 1758 tunc
562 1731 744 1766 prohibiturus
757 1734 816 1758 est:

15 1784 152 1807 cazterum
170 1779 256 1807 donec
268 1779 429 1813 respiramus
440 1799 447 1811 ,
465 1777 666 1806 contubernium
680 1785 769 1804 meum
784 1784 817 1804 nc

13 1833 145 1859 rcspuas,
161 1833 210 1852 neu
222 1825 247 1851 in
259 1824 305 1852 Dei
316 1824 489 1852 offensionem
502 1828 602 1851 temere
612 1823 741 1856 incnrras,
753 1823 816 1850 dum

14 1880 67 1898 nos
95 1872 163 1898 nihil
185 1875 273 1898 tamen
296 1871 373 1898 Itesns
392 1878 407 1897 a
430 1870 505 1897 nobis
530 1874 569 1897 tot
590 1870 665 1897 malis
687 1870 815 1896 involves.

12 1917 128 1944 Etenim
143 1917 165 1943 si
179 1917 304 1951 conqueri
320 1921 395 1951 potes
405 1937 412 1949 ,
433 1916 503 1951 quod
518 1920 544 1943 te
558 1916 590 1943 ad
608 1915 754 1942 mundanas
768 1923 815 1942 cu-

11 1971 59 1990 ras
73 1962 242 1998 pertraham,
256 1970 286 1989 ac
296 1962 408 1996 negotiis
423 1962 575 1996 prospicere
591 1962 643 1988 tuis
656 1968 748 1995 cogam
759 1981 766 1992 ,
782 1968 815 1988 ne

11 2008 93 2042 leges
116 2013 235 2039 natum,
253 2014 286 2034 ne
304 2007 502 2039 educationem,
523 2014 556 2033 ne
577 2005 814 2038 consuetudinem,

11 2061 67 2081 neu
91 2053 166 2080 aliud
178 2052 311 2087 quidpiam
326 2052 487 2085 reverearis,
501 2051 548 2079 sed
563 2059 612 2078 nos
626 2055 758 2085 tamquam
773 2050 814 2078 in-

11 2100 164 2127 sidiatores
176 2104 201 2126 et
212 2099 332 2126 inimicos
343 2098 418 2133 fuge;
431 2098 472 2125 sin
483 2106 546 2125 vero
558 2097 621 2124 nihil
635 2105 687 2124 non
700 2097 812 2132 agimus,

11 2151 38 2172 ut
55 2145 108 2172 tibi
125 2145 208 2171 otium
225 2152 347 2179 paremus
362 2144 394 2170 ad
410 2144 488 2170 vitam
504 2143 709 2174 instituendam,
725 2143 747 2170 si
766 2143 814 2169 mi-

11 2199 63 2218 nus
78 2190 156 2217 aliud
170 2190 318 2221 vinculum,
336 2194 409 2217 certe
424 2190 474 2216 hoc
488 2197 568 2216 unum
585 2193 610 2216 te
623 2188 692 2223 apud
706 2196 754 2215 nos
768 2188 816 2215 de-

16 2238 113 2264 ineat.
128 2236 195 2263 Nam
213 2236 316 2263 etiamsi
332 2240 357 2262 te
371 2243 386 2262 a
399 2236 531 2263 sexcentis
543 2235 602 2262 aliis
620 2235 703 2262 amari
723 2235 812 2268 dicas,

11 2282 107 2310 tullus
126 2281 174 2308 tibi
192 2285 292 2308 tantam
308 2281 454 2307 libertatem
468 2280 634 2315 procurahit,
651 2280 815 2315 quandoqui-

11 2329 73 2355 lem
100 2334 184 2355 nemo
203 2331 259 2360 est,
283 2327 325 2354 cui
349 2326 509 2354 existimatio
533 2331 576 2353 tua
596 2333 673 2360 atque
695 2332 726 2353 ac
749 2325 813 2352 mihi

11 2382 71 2402 :ara
89 2373 138 2401 sit.

41 2422 73 2448 0.
92 2419 183 2446 Fraus
194 2418 279 2452 quain
290 2418 446 2445 ordinatione
458 2425 518 2445 usus
528 2422 564 2445 at
574 2417 814 2452 Cltrysostomua.-—

16 2467 74 2493 lzec
91 2470 123 2492 et
137 2465 179 2492 his
192 2465 267 2499 plura
280 2464 372 2491 matris
383 2464 464 2490 verba
477 2468 553 2491 erant
568 2472 574 2489 :
591 2470 650 2497 quae
660 2470 720 2489 cum
731 2470 813 2497 gene-

11 2521 75 2541 -oso
103 2512 144 2539 illi
171 2512 229 2538 viro
243 2511 445 2542 renuntiarcm,
473 2510 518 2536 ille
542 2510 639 2536 nedum
664 2509 814 2542 hujusmodi

17 2559 107 2586 erbis
130 2560 298 2588 moveretur,
312 2556 400 2583 acrius
413 2555 492 2582 etiam
517 2554 632 2582 instabat
644 2554 738 2581 eadem
758 2554 814 2588 ipsa

11 2612 67 2640 [uae
89 2603 168 2638 prius
181 2601 339 2636 efﬂagitans.
348 2601 411 2628 Hmc
420 2608 480 2627 cum
491 2600 560 2627 inter
574 2607 623 2627 nos
634 2606 813 2631 versaremus,

11 2652 52 2678 llo
64 2649 229 2683 frequenter
242 2648 371 2679 instante,
386 2654 429 2673 me
437 2646 571 2673 abnuente
583 2666 591 2677 ,
603 2649 712 2673 exortus
727 2645 815 2672 subito

11 2702 116 2723 umor
137 2698 280 2728 utrumque
302 2692 439 2719 turbavit:
456 2691 524 2718 fama
547 2691 619 2718 enim
640 2695 698 2718 erat
719 2697 768 2717 nos
782 2690 815 2717 ad

18 2741 199 2778 piscopalem
223 2739 377 2775 dignitatem
394 2740 403 2754 ⁵
424 2737 618 2773 promovendos
651 2743 721 2764 esse.
753 2736 817 2770 Qui-

35 2830 44 2845 !
69 2826 149 2853 savii.
162 2827 188 2851 in
200 2830 280 2854 textu,
288 2824 373 2850 Morel.
386 2828 412 2850 et.
423 2825 527 2849 maxima
538 2830 594 2855 pars
605 2827 667 2852 Mss.,
682 2822 715 2848 ad
727 2822 817 2855 episco-

11 2859 94 2885 >atem
105 2857 267 2890 dignitatem;
276 2856 346 2884 savii.
358 2857 383 2882 iu
395 2856 504 2890 margine
515 2854 654 2882 ei’uuatuor
662 2858 726 2886 Mss,
737 2854 770 2880 ad
781 2860 818 2880 sa-

12 2889 162 2917 erdou'um.

663 159 708 189 DE
727 160 953 192 SACERDOTIO.
973 164 1038 193 ΜΒ.
1059 167 1081 194 Ι.

1631 177 1682 206 626

893 220 942 249 bus
952 223 1049 252 auditis
1058 245 1066 259 ,
1081 232 1131 260 ego
1152 225 1247 256 timore
1259 228 1338 257 simul
1351 234 1378 258 ct
1397 230 1562 260 hmsitatione
1576 235 1681 269 percul-

891 275 938 296 sus
950 276 1009 296 sum
1021 290 1030 303 ,
1046 271 1142 299 timore
1152 292 1160 305 ,
1177 280 1209 300 ne
1223 273 1320 302 invitus
1341 283 1469 311 raperet;
1496 277 1662 308 haesitatione
1673 302 1680 313 ,

891 320 951 340 cum
975 314 1121 344 identidem
1143 317 1320 353 disquirerem
1335 329 1388 356 quo
1411 328 1486 356 pacto
1500 324 1564 351 viris
1579 325 1632 353 illis
1656 327 1680 353 iu

890 365 1008 387 mentem
1023 362 1141 390 venisset
1153 363 1187 391 de
1199 364 1275 392 nobis
1285 366 1428 401 quidquam
1444 368 1594 403 bujusntodi
1606 372 1680 406 cogi-

889 408 946 433 tare
959 413 966 432 :
978 413 1038 433 nam
1054 408 1182 443 meipsum
1206 410 1353 444 inspicienti
1368 413 1434 440 nihil
1446 417 1619 443 succurrebat
1634 417 1681 445 illo

888 449 996 485 dignum
1021 452 1133 481 honore.
1156 454 1311 484 Generosos
1323 463 1411 485 autem
1426 459 1480 491 ille,
1503 468 1546 488 me
1565 464 1678 490 seorsim

888 498 1068 531 conveniens,
1084 507 1145 527 cum
1169 500 1267 529 famam
1280 504 1354 538 quasi
1368 504 1501 539 ignoranti
1526 509 1656 542 aperisset
1668 531 1676 544 ,

887 542 1014 576 rogabat,
1028 549 1059 570 ut
1071 546 1293 579 quemadmodum
1307 553 1380 582 ante,
1397 550 1439 577 hic
1453 551 1533 578 etiam
1548 542 1676 582 factorum

886 588 1111 624 consiliorumque
1119 597 1257 620 consortes
1266 593 1417 622 videremur
1429 604 1435 621 :
1446 601 1567 630 paratum
1578 605 1607 625 se
1617 606 1677 626 esse

885 632 919 660 ad
932 636 1059 663 utramvis
1071 636 1139 663 viam
1155 638 1331 672 amplecterer
1340 660 1347 672 ,
1364 640 1419 667 sive
1433 639 1586 675 fugiendum
1598 664 1606 677 ,
1619 644 1676 671 sive

884 680 1105 708 consentiendum
1118 687 1203 716 esset,
1221 685 1444 719 persequendam.
1464 686 1529 722 Ejus
1549 695 1599 722 ego
1617 689 1675 715 aui-

884 732 957 751 mum
976 727 1165 761 conspicatus,
1189 728 1368 764 damnumque
1388 735 1460 758 ratus
1480 740 1522 759 me
1545 733 1675 761 universa:

884 769 1011 798 Ecclesia:
1024 771 1172 805 illaturum,
1184 773 1207 800 si
1221 778 1272 800 tam
1285 775 1368 809 probo
1378 796 1384 807 ,
1405 780 1457 803 tam
1471 776 1503 803 ad
1528 778 1671 806 multorum

884 816 1066 849 pra2fccturam
1083 818 1179 845 idoneo
1196 818 1295 853 juvene
1309 828 1416 856 gregem
1437 822 1534 849 Christi
1555 824 1588 850 ob
1602 824 1674 851 inlir—

883 863 1001 889 mitatem
1021 871 1108 891 meam
1133 865 1266 900 privarem
1278 886 1285 898 ,
1302 868 1373 901 quod
1388 868 1413 895 in
1429 869 1518 897 animo
1541 875 1597 897 erat
1621 879 1672 899 non

882 907 969 934 detexi
983 928 990 940 ,
1004 909 1053 935 etsi
1068 914 1145 936 antea
1170 910 1272 938 nullum
1287 913 1457 940 consiliorum
1479 922 1598 942 meorum
1623 916 1673 951 ipsi

880 954 1054 981 occultasscm
1072 964 1080 982 :
1106 955 1153 983 sed
1166 965 1228 984 eum
1238 958 1435 993 respondissem
1458 967 1488 987 ea
1503 960 1536 988 de
1559 969 1589 988 re
1610 970 1672 989 con-

880 999 1132 1042 sultationcm‘alittd
1144 1001 1171 1028 in
1187 1007 1289 1037 tempus
1302 1003 1470 1037 rejieiendam
1486 1013 1564 1038 esse;
1580 1014 1668 1042 neque

879 1044 950 1071 enim
971 1044 996 1071 id
1018 1034 1204 1081 it’praeseutia
1228 1055 1322 1082 urgere
1337 1058 1344 1075 :
1361 1049 1450 1076 Statim
1472 1052 1590 1085 persuasi
1607 1034 1670 1080 nihil

882 1096 1023 1125 propterea
1041 1093 1185 1119 curandum
1210 1101 1269 1121 csse
1289 1114 1297 1127 ,
1312 1094 1487 1131 ﬁduciamque
1511 1097 1613 1132 indidi,
1627 1106 1670 1126 me

878 1136 997 1171 ejusdem
1023 1138 1162 1165 sententia:
1189 1144 1340 1167 consortem
1355 1141 1429 1172 fore,
1454 1142 1476 1168 si
1496 1143 1602 1177 quando
1626 1152 1669 1172 res

878 1181 1028 1216 huiusmodi
1041 1183 1217 1218 contingeret.
1231 1184 1304 1211 llaud
1320 1185 1353 1212 ita
1370 1187 1453 1213 multo
1463 1187 1554 1221 elapso
1568 1193 1669 1223 tempo-

877 1235 924 1261 re,
940 1235 1002 1255 cum
1027 1228 1049 1255 is
1064 1228 1107 1262 qui
1124 1236 1172 1256 nos
1185 1229 1356 1257 ordinaturus
1376 1237 1434 1258 erat
1456 1232 1624 1266 advenisset,
1637 1242 1668 1262 ac

876 1280 919 1300 me
943 1273 1000 1307 ipse
1018 1274 1209 1307 occultassem,
1237 1274 1331 1302 borum
1358 1276 1464 1311 ignarus
1478 1277 1521 1305 ille
1540 1279 1614 1313 quasi
1634 1280 1667 1307 ad

874 1318 946 1346 aliud
962 1319 1095 1354 negotium
1109 1320 1228 1354 ducitur,
1247 1321 1392 1356 jugumque
1413 1324 1509 1358 accipit
1524 1345 1532 1358 ,
1556 1332 1667 1359 sperans

876 1372 919 1392 me
929 1386 936 1399 ,
952 1370 981 1393 ut
993 1367 1167 1401 promiseram
1177 1388 1185 1400 ,
1200 1367 1309 1402 perinde
1324 1373 1498 1403 sequuturum
1514 1378 1575 1399 esse
1591 1380 1597 1398 :
1613 1371 1666 1399 imo

876 1412 964 1446 potius
977 1420 1007 1439 se
1017 1433 1024 1444 ,
1039 1420 1082 1440 tne
1107 1418 1258 1448 praeeunte,
1275 1420 1461 1449 scqnuturum.
1478 1416 1583 1444 Etenim
1597 1425 1665 1445 non—

874 1459 938 1485 nulli
952 1466 986 1486 ex
1002 1459 1034 1486 iis
1047 1459 1091 1494 qui
1104 1459 1215 1487 aderant
1230 1461 1349 1488 videntes
1363 1469 1422 1489 eum
1434 1482 1442 1494 ,
1457 1462 1528 1496 quod
1541 1470 1664 1498 compre-

875 1503 972 1530 hensus
992 1509 1079 1537 esset,
1103 1512 1174 1539 :rgre
1198 1505 1345 1538 ferentem,
1372 1507 1396 1534 ei
1413 1507 1492 1535 verba
1514 1507 1661 1542 dederunt,

873 1549 1021 1576 clamantes
1033 1570 1040 1582 ,
1056 1550 1199 1577 absurdum
1220 1559 1279 1579 esse
1291 1573 1298 1584 ,
1314 1560 1374 1579 eum
1394 1553 1438 1587 qui
1452 1553 1576 1581 omnibus
1596 1554 1665 1582 fero-

872 1596 929 1622 cior
941 1596 1089 1629 videbatur,
1103 1604 1145 1624 me
1159 1596 1340 1632 designantes,
1352 1605 1411 1625 cum
1427 1606 1521 1634 magna
1534 1599 1663 1628 modestia

872 1640 979 1667 Patrum
1002 1640 1098 1675 placito
1125 1641 1339 1676 obtemperasse;
1366 1643 1438 1670 illum
1465 1648 1554 1671 autem
1578 1645 1661 1671 multo

872 1686 1070 1721 prudentiorem
1086 1690 1112 1713 et
1123 1686 1327 1715 moderatiorem
1342 1688 1472 1722 ferocire,
1486 1697 1580 1716 vanam
1600 1690 1659 1725 glo-

871 1733 936 1760 riam
959 1738 1102 1767 appetere.
1130 1733 1345 1766 subsultantem,
1372 1734 1550 1768 resilientem,
1577 1743 1657 1769 repu-

869 1778 1061 1813 gnantem.llis
1073 1777 1117 1805 ille
1125 1777 1391 1813 verbisobsequutus,
1410 1785 1548 1814 postquam
1562 1780 1662 1807 audivit

869 1830 913 1850 me
930 1822 1071 1858 aufugisse,
1089 1823 1171 1850 tristis
1190 1822 1332 1850 admodum
1358 1831 1402 1851 me
1423 1824 1493 1856 adit,
1509 1825 1661 1860 assidctque

869 1867 952 1900 mihi,
966 1868 1044 1894 verba
1067 1867 1153 1895 facere
1176 1868 1303 1901 cupiens;
1318 1875 1409 1895 verum
1434 1870 1515 1896 animi
1540 1871 1659 1905 angustia

868 1913 1009 1945 detentus,
1023 1920 1083 1940 cum
1098 1920 1156 1939 eam
1168 1933 1175 1945 ,
1191 1921 1268 1946 quam
1280 1920 1375 1948 passus
1389 1913 1492 1947 fuerat,
1506 1915 1558 1942 vim
1572 1915 1659 1942 decla-

869 1966 929 1985 rare
943 1966 995 1985 non
1008 1963 1098 1992 posset
1110 1978 1117 1991 ,
1133 1958 1158 1985 in
1175 1958 1233 1992 ipso
1246 1958 1300 1985 oris
1313 1958 1386 1986 hiatu
1398 1958 1449 1986 fari
1461 1960 1657 1994 prohibebatur,

868 2011 984 2031 maerore
996 2003 1144 2030 orationem
1161 2008 1303 2038 antequam
1324 2004 1419 2032 dentes
1433 2006 1580 2033 transiliret
1592 2026 1599 2038 ,
1616 2007 1658 2033 in-

868 2054 1057 2085 terrumpente.
1082 2050 1156 2077 illum
1172 2058 1222 2086 ego
1243 2051 1353 2078 intuitus
1376 2052 1501 2088 lacrymis
1523 2053 1657 2088 perfusum

868 2097 1009 2131 animoque
1020 2096 1153 2124 turbatum
1164 2117 1172 2130 ,
1186 2097 1225 2124 rei
1238 2105 1345 2125 causam
1359 2098 1469 2125 edoctus
1480 2120 1487 2132 ,
1503 2100 1583 2126 multa
1596 2108 1657 2128 cum

868 2144 1001 2178 voluptate
1015 2143 1041 2170 in
1056 2143 1139 2170 risum
1156 2143 1263 2178 prorupi
1274 2163 1281 2177 ,
1296 2144 1545 2180 apprehensumque
1562 2146 1657 2174 dexte-

868 2197 895 2216 ra
909 2189 1059 2216 deosculari
1073 2194 1185 2216 conatus
1199 2197 1257 2216 sum
1269 2210 1277 2223 ,
1293 2190 1399 2225 Deoque
1420 2191 1532 2225 gloriam
1555 2191 1655 2219 refere-

866 2235 944 2267 bam,
962 2234 1032 2268 quod
1055 2234 1264 2262 machinamenta
1286 2235 1351 2261 mihi
1377 2241 1451 2263 recte
1476 2243 1508 2262 ac
1532 2243 1580 2270 pro
1594 2241 1656 2264 voto

867 2281 1021 2307 cessissent.
1038 2279 1084 2307 Ille
1103 2284 1132 2307 ut
1156 2287 1198 2307 me
1213 2280 1301 2306 lzetum
1319 2280 1483 2315 hilaremque
1497 2280 1585 2314 vidit,
1612 2281 1655 2310 ubi

868 2326 981 2360 primum
1003 2333 1032 2353 se
1055 2333 1070 2352 a
1082 2325 1158 2353 nobis
1181 2325 1321 2361 deceptum
1335 2333 1395 2353 esse
1407 2326 1614 2361 animadvertit,
1629 2327 1656 2355 id

867 2372 945 2406 longe
957 2372 1063 2406 gravius
1077 2371 1264 2406 indigniusque
1278 2371 1389 2399 ferebat.

902 2419 927 2445 7.
939 2417 1029 2444 Basilii
1042 2418 1168 2444 accusatio
1185 2417 1296 2444 modesta
1310 2422 1334 2444 et
1355 2418 1471 2453 simplex.
1481 2432 1517 2438 ——
1529 2418 1612 2445 Porro
1622 2418 1656 2445 ab

861 2461 906 2489 illa
914 2463 1110 2498 perturbatione
1117 2463 1209 2490 sedato
1221 2470 1363 2497 parumper
1379 2463 1548 2494 animo,Etsi,
1560 2463 1654 2498 inquit,

868 2514 957 2544 partes
970 2513 1074 2536 nostras
1089 2510 1224 2543 respueris
1234 2529 1241 2542 ,
1252 2516 1283 2536 ac
1296 2509 1393 2535 nullam
1405 2508 1460 2542 jam
1476 2508 1560 2535 nostri
1576 2509 1655 2534 ratio-

868 2564 929 2583 nem
944 2556 1057 2587 habeas,
1083 2563 1132 2582 nec
1154 2560 1227 2582 certe
1247 2555 1304 2581 scio
1324 2562 1374 2589 qua
1390 2554 1423 2581 de
1444 2562 1523 2581 causa
1538 2555 1656 2589 oportuit

868 2603 961 2628 saltem
985 2606 1010 2628 te
1031 2600 1233 2628 existimationis
1255 2604 1306 2626 tua:
1330 2607 1420 2626 curam
1443 2599 1550 2627 habere.
1581 2599 1656 2627 Nunc

868 2656 932 2675 vero
943 2647 1062 2675 omnium
1087 2654 1134 2673 ora
1149 2645 1294 2681 aperuisti,
1317 2650 1394 2679 thne
1407 2652 1440 2672 cx
1455 2645 1541 2672 inanis
1563 2645 1656 2680 gloriae

869 2701 959 2721 amore
970 2693 1058 2721 cuncti
1077 2692 1168 2719 dicunt
1181 2692 1231 2719 hoc
1246 2691 1421 2718 ministerium
1434 2699 1591 2724 recusasse,
1607 2700 1657 2718 nec

869 2738 1007 2774 quisquam
1022 2742 1063 2765 est
1077 2738 1121 2773 qui
1133 2743 1157 2764 te
1170 2737 1204 2765 ab
1227 2737 1277 2764 hac
1290 2736 1475 2764 criminatione
1487 2737 1595 2764 eximat.
1610 2737 1658 2764 lili-

869 2785 896 2813 hi
909 2789 997 2812 autem
1020 2792 1054 2811 ne
1068 2784 1094 2811 in
1116 2783 1202 2810 forum
1226 2783 1332 2818 quidem
1355 2783 1485 2810 ventitare
1505 2782 1657 2810 licctztam

870 2831 946 2859 multi
962 2838 1060 2865 nempe
1079 2834 1140 2857 sunt
1154 2829 1200 2864 qui
1221 2835 1272 2856 nos
1286 2828 1465 2861 conveniunt,
1488 2835 1520 2855 ac
1540 2828 1657 2863 quotidie

872 2879 1004 2908 incusant.
1020 2876 1085 2905 Nam
1099 2875 1202 2912 quoties
1217 2882 1260 2904 me
1275 2875 1302 2917 in
1316 2881 1483 2911 quacumque
1494 2874 1569 2902 urbis
1583 2878 1658 2909 pana
