3922 6278
552 354 654 408 69.7

552 468 767 534 vident,
800 463 1027 520 seorsim
1062 461 1343 517 adductum
1392 460 1678 516 familiares
1723 459 1892 515 nostri
1937 472 2025 514 me
2073 457 2127 512 in

492 542 493 545 “
553 559 843 613 maximam
873 555 1112 610 criminis
1143 563 1345 624 partem
1373 560 1585 606 vocant.
1619 551 1745 620 Ejus
1771 548 1978 605 consilii
2007 563 2131 620 gna-

555 663 648 702 rus
673 689 688 715 ,
739 648 918 709 aiunt,
953 645 1150 699 nullam
1182 644 1323 700 enim
1365 657 1542 698 rerum
1588 641 1658 696 ad
1685 656 1806 697 eum
1852 640 2128 711 pertinen-

558 739 685 791 tium
717 737 1028 807 ignorabas,
1058 735 1191 789 nihil
1221 735 1456 805 oportuit
1495 733 1863 798 dissimulare,
1896 732 1988 787 sed
2016 745 2130 787 rem

556 830 832 883 nobiscum
874 827 1286 893 communicare,
1324 841 1496 896 neque
1532 825 1788 881 defuisset
1844 837 1933 880 ars
1958 865 1973 890 ,
2027 836 2130 894 qua

561 920 708 973 illum
740 920 793 972 in
845 919 979 973 retia
1002 918 1408 986 conjiceremus.
1432 917 1514 971 Me
1531 931 1660 972 vero
1685 916 1834 970 fateri
1863 916 2026 985 pudet
2051 915 2133 969 di-

557 1026 682 1066 cere
707 1052 722 1075 ,
760 1025 845 1064 me
870 1011 922 1064 id
947 1011 1226 1065 consilium
1255 1024 1284 1063 a
1312 1018 1364 1064 te
1385 1011 1492 1078 jam
1525 1007 1730 1078 pridem
1763 1007 1950 1061 initum
1980 1008 2132 1076 igno-

555 1118 711 1166 rare,
746 1118 813 1156 ne
855 1103 929 1156 illi
975 1102 1260 1156 amicitiam
1289 1108 1525 1155 nostram
1553 1099 1726 1154 fictam
1757 1112 1878 1154 esse
1924 1103 2128 1167 putent.

557 1193 688 1248 Nam
716 1195 758 1247 si
788 1193 859 1248 ita
884 1200 994 1260 est,
1034 1203 1090 1247 ut
1122 1208 1245 1248 vere
1272 1203 1376 1258 est,
1430 1191 1571 1262 quod
1595 1205 1661 1247 ne
1694 1201 1746 1245 tu
1774 1190 1986 1261 quidem
2014 1195 2134 1259 post

559 1285 683 1338 talia
711 1294 855 1354 gesta
883 1285 1104 1339 infleiari
1137 1285 1335 1355 possis,
1383 1298 1488 1339 non
1514 1299 1546 1339 e
1589 1298 1650 1338 re
1690 1284 1846 1337 fuerit
1884 1292 2134 1336 externos

560 1376 835 1441 homines,
886 1377 976 1446 qui
1024 1376 1107 1430 vel
1153 1376 1476 1430 mediocrem
1520 1375 1587 1430 de
1633 1374 1788 1429 nobis
1826 1373 2132 1441 opinionem

558 1464 787 1530 habent,
819 1467 952 1521 mala
983 1467 1155 1521 celare
1218 1477 1420 1522 nostra.
1457 1465 1588 1522 Rem
1621 1468 1797 1537 itaque
1827 1476 1883 1521 ut
1911 1481 2036 1522 vere
2075 1479 2134 1522 se

559 1555 719 1610 habet
760 1556 864 1611 illis
891 1559 1100 1626 aperire
1144 1572 1366 1625 vereor,
1400 1559 1493 1613 sed
1543 1567 1718 1614 tacere
1762 1573 1958 1629 cogor,
2006 1573 2134 1614 ocu-

561 1645 746 1714 losque
787 1648 838 1700 in
873 1656 1064 1702 terram
1091 1647 1373 1704 demittere
1397 1689 1410 1713 ,
1438 1657 1598 1718 atque
1639 1649 1707 1703 ab
1731 1649 2135 1703 occurrentibus

558 1739 828 1794 declinare
853 1749 906 1794 et
932 1742 1157 1795 resilire.
1190 1741 1399 1796 Etenim
1437 1742 1558 1796 licet
1587 1742 1732 1809 prius
1759 1740 1888 1795 illud
1931 1741 2135 1794 crimen

558 1831 826 1901 effugiam,
853 1840 1017 1886 restat
1041 1842 1212 1887 tamen
1238 1840 1294 1886 ut
1321 1832 1580 1886 mendacii
1602 1834 1904 1887 necessario
1921 1845 2132 1901 arguar.

557 1921 736 1993 Neque
756 1925 898 1978 enim
926 1923 1146 1979 credent
1167 1940 1400 1994 unquam
1429 1924 1557 1978 mihi
1587 1923 1782 1979 dicenti
1807 1935 1858 1980 te
1886 1924 2133 1979 Basilium

565 2014 618 2068 in
646 2029 831 2067 eorum
863 2030 1086 2070 numero
1110 2015 1348 2084 posuisse
1370 2056 1385 2080 ,
1414 2015 1606 2084 quibus
1645 2029 1837 2070 arcana
1867 2015 2004 2070 scire
2048 2025 2133 2068 tua

559 2119 664 2155 non
717 2103 858 2156 licet.
888 2103 1081 2157 Verum
1111 2103 1224 2158 haec
1251 2118 1355 2157 non
1387 2103 1607 2157 multum
1633 2117 1761 2158 curo
1783 2144 1798 2168 ,
1828 2103 2038 2173 quando
2064 2106 2135 2159 ita

560 2191 655 2245 tibi
681 2192 928 2261 jucunda»
956 2192 1143 2258 fuere;
1170 2202 1225 2247 at
1252 2193 1513 2264 reliquum
1556 2194 1786 2249 dedecus
1818 2236 1832 2261 ,
1867 2197 1957 2265 qui
1993 2194 2134 2249 ferre

562 2284 863 2352 poSsimus?
890 2283 1020 2338 Nam
1050 2285 1138 2339 alii
1187 2294 1237 2339 te
1272 2287 1586 2355 arrogantiae
1615 2326 1630 2350 ,
1665 2286 1752 2340 alii
1775 2299 1927 2340 vame
1954 2286 2136 2357 gloriae

560 2382 811 2427 accusant
845 2390 860 2438 ;
902 2374 989 2443 qui
1019 2385 1194 2429 autem
1219 2375 1324 2429 reis
1349 2376 1524 2430 minus
1573 2390 1787 2444 parcere
1817 2376 2038 2442 volunt,
2082 2384 2138 2430 et

565 2464 680 2518 haec
704 2473 925 2533 utraque
946 2465 1303 2534 improperant
1325 2505 1340 2531 ,
1366 2475 1419 2519 et
1442 2473 1697 2535 praeterea
1723 2465 1977 2535 adjiciunt
1995 2481 2133 2533 eam,

560 2568 717 2624 quam
747 2557 808 2610 iis
833 2557 921 2625 qui
952 2571 1048 2611 nos
1077 2558 1277 2611 honore
1301 2556 1594 2612 affecerunt
1629 2558 1922 2622 intulimus,
1947 2567 2135 2611 contu-

561 2646 772 2700 meliam
798 2683 813 2712 ,
845 2659 977 2715 quos
1019 2647 1178 2702 etiam
1220 2647 1402 2702 dicunt
1443 2646 1557 2702 haec
1595 2649 1716 2716 jure
1756 2661 1940 2716 passos
1981 2661 2134 2715 esse,

565 2736 674 2790 imo
692 2738 933 2806 graviora
957 2737 1330 2806 promeruisse;
1352 2747 1533 2807 utpote
1547 2737 1636 2807 qui
1663 2745 1739 2791 tot
1761 2737 2023 2807 tantisque
2049 2753 2137 2792 re-

563 2828 701 2883 lictis
730 2829 875 2895 viris,
892 2842 1085 2899 pueros
1103 2829 1213 2883 heri
1234 2843 1296 2883 ac
1312 2829 1691 2884 nudiustertius
1713 2831 1763 2883 in
1791 2830 2134 2884 saacularibus

569 2919 712 2973 curis
737 2918 1001 2973 volutatcs
1024 2958 1039 2982 ,
1076 2930 1132 2974 ut
1158 2919 1224 2973 ad
1269 2919 1430 2974 breve
1459 2929 1665 2988 tempus
1707 2919 1986 2988 supercilia
2011 2935 2140 2974 con-

564 3011 834 3065 traherent
854 3053 869 3077 ,
901 3011 1072 3080 pullas
1112 3020 1288 3066 vestes
1318 3011 1630 3076 induerent,
1656 3010 1945 3081 vultusque
1971 3011 2136 3064 tristi-

563 3103 690 3155 tiam
742 3102 1094 3166 simularent,
1141 3100 1431 3171 derepente
1498 3101 1567 3155 ad
1621 3110 1822 3155 tantum
1883 3100 2138 3156 honorem

563 3192 909 3256 adduxerint,
954 3201 1209 3262 quantum
1253 3208 1320 3247 ne
1363 3194 1416 3247 in
1439 3193 1638 3248 somnis
1681 3193 1893 3262 quidem
1926 3194 2138 3265 assequi

563 3286 938 3354 speravissent.
972 3288 1143 3355 Atque
1183 3287 1217 3340 ii
1263 3285 1510 3356 quidem,
1552 3286 1732 3348 aiunt,
1768 3287 1855 3356 qui
1895 3302 1924 3341 ιι
1971 3288 2137 3356 prima

565 3387 722 3434 nitate
748 3379 812 3433 ad
851 3388 1140 3433 extremam
1195 3394 1362 3449 usque
1402 3389 1726 3434 senestutem
1777 3380 2001 3434 ascesim
2027 3381 2139 3435 sive

564 3471 994 3525 exercitationem
1021 3470 1202 3524 sectati
1241 3478 1399 3536 sunt,
1442 3470 1494 3523 in
1532 3468 1864 3524 subditorum
1914 3485 2136 3525 numero

564 3571 689 3616 sunt
717 3579 730 3625 ;
766 3563 1024 3631 imperant
1050 3571 1223 3616 autem
1249 3562 1351 3616 illis
1377 3563 1608 3631 ipsorum
1632 3559 1723 3615 lilii
1743 3602 1759 3628 ,
1786 3561 1876 3630 qui
1903 3575 1970 3615 ne
1996 3561 2140 3631 leges

563 3652 778 3722 quidem
804 3661 1065 3708 noverunt
1089 3652 1211 3707 huic
1240 3651 1538 3706 exercendo
1571 3651 1893 3721 magistratui
1918 3651 2135 3720 positas.

564 3745 690 3800 llmc
717 3755 767 3800 et
802 3745 951 3814 plura
982 3746 1258 3815 loquentes
1285 3745 1588 3813 frequenter
1624 3745 1841 3798 instant.
1878 3745 1986 3814 Ego
2011 3759 2139 3799 vero

563 3836 690 3907 quid
733 3836 798 3890 ad
830 3836 946 3892 haec
973 3837 1320 3907 respondeam
1366 3837 1551 3905 ignoro
1581 3853 1594 3890 :
1625 3845 1679 3889 tu
1699 3877 1714 3901 ,
1759 3849 1967 3904 quaeso,
2007 3835 2138 3890 mihi

565 3927 917 3998 suppeditato.
940 3926 1119 3996 Neque
1142 3928 1282 3982 enim
1310 3938 1437 3997 puto
1454 3937 1655 3982 temere
1687 3935 1740 3980 te
1765 3935 1818 3980 et
1841 3928 1956 3981 sine
1979 3942 2138 3982 causa

563 4018 762 4089 fugisse
787 4027 1089 4088 tantamque
1105 4018 1399 4087 suscepisse
1411 4019 1662 4073 adversus
1678 4019 1810 4072 adeo
1830 4029 2139 4087 praestantes

563 4111 708 4163 viros
739 4110 1082 4174 inimicitiam;
1110 4109 1202 4164 sed
1235 4111 1538 4178 ponderatis
1562 4109 1720 4164 rebus
1742 4110 1807 4164 ad
1833 4109 1886 4165 id
1906 4111 2134 4178 venisse,

566 4199 706 4252 unde
730 4210 782 4254 ct
804 4201 896 4255 tibi
922 4207 1160 4271 paratam
1183 4199 1544 4255 defensionem
1571 4199 1760 4255 adesse
1779 4201 2024 4256 arbitror.
2048 4201 2138 4256 Dic

565 4305 723 4358 ergo,
751 4305 874 4344 num
901 4292 1097 4360 justam
1129 4291 1325 4347 habeas
1369 4293 1760 4347 excusationem
1782 4333 1796 4359 ,
1828 4307 1983 4362 quam
2027 4294 2136 4348 cri-

567 4373 912 4438 minatoribus
957 4385 1256 4440 alit-ramus.
1287 4384 1417 4438 Nam
1450 4384 1516 4439 de
1544 4385 1730 4453 injuria
1755 4399 1857 4454 qua
1891 4400 1977 4440 me
2011 4385 2138 4440 affe—

562 4474 681 4527 cisti
721 4486 824 4530 non
851 4475 1127 4543 expostulo
1156 4483 1326 4529 tecum
1348 4516 1362 4539 ,
1396 4489 1500 4528 non
1530 4473 1670 4543 quod
1696 4473 2002 4544 deoeperis,
2031 4491 2134 4530 non

563 4566 701 4635 quod
727 4566 1049 4635 prodideris,
1085 4583 1187 4623 non
1233 4566 1373 4636 quod
1417 4567 1561 4622 omni
1608 4574 1845 4635 tempore
1891 4568 2135 4622 amicitiae

563 4672 699 4710 mea:
729 4655 954 4710 fructum
987 4657 1189 4711 tuleris.
1218 4657 1325 4712 Nos
1349 4657 1546 4727 quippe
1572 4657 1802 4710 animam
1851 4667 2084 4712 nostram
2113 4698 2128 4722 ,

565 4757 624 4800 ut
655 4748 724 4801 ita
755 4747 924 4802 dicam
946 4791 960 4813 ,
995 4748 1085 4801 tibi
1112 4748 1323 4802 allatam
1344 4789 1358 4813 ,
1398 4748 1449 4801 in
1477 4749 1723 4804 manibus
1765 4749 1867 4804 tuis
1895 4751 2135 4818 reposui-

565 4853 685 4892 mus
713 4856 723 4890 :
753 4848 805 4891 tu
827 4853 954 4892 vero
980 4848 1178 4892 tantam
1201 4838 1477 4892 adversum
1501 4852 1599 4892 nos
1619 4839 1960 4895 calliditatem
1986 4841 2137 4894 adhi-

567 4928 722 4983 buisti
744 4971 756 4992 ,
785 4938 1033 4999 quantam
1055 4930 1098 4983 si
1122 4929 1189 4983 ab
1217 4929 1440 4983 inimicis
1455 4929 1559 4984 tuis
1577 4931 1869 4986 cavendum
1887 4930 1979 4985 tibi
2003 4931 2134 4985 fuis-

565 5031 667 5076 set.
697 5022 854 5091 Atqui
881 5022 1139 5091 oportuit,
1169 5023 1212 5075 sl
1237 5021 1513 5076 consilium
1541 5021 1840 5089 hujusmodi
1870 5023 1994 5076 utile
2017 5037 2136 5077 esse

569 5111 821 5179 putabas,
848 5112 985 5166 illius
1015 5111 1216 5167 lucrum
1261 5125 1364 5166 non
1417 5111 1598 5182 fugere
1627 5129 1640 5166 :
1674 5113 1754 5165 sin
1782 5111 2094 5166 damnosum
2116 5155 2130 5179 ,

565 5219 662 5258 nos
691 5219 899 5274 quoque
917 5245 931 5270 ,
963 5217 1095 5274 quos
1114 5202 1361 5257 omnibus
1385 5217 1596 5272 δεῖπνον
1625 5202 1876 5273 ριἐιειθτιιε
1897 5201 2131 5270 dicebas,

565 5297 761 5350 damno
785 5297 1014 5365 eripere.
1036 5296 1113 5350 Tu
1137 5311 1263 5352 vero
1287 5295 1415 5350 nihil
1442 5310 1548 5349 non
1573 5296 1725 5364 egisti
1756 5305 1812 5349 ut
1840 5311 1905 5351 eo
1931 5295 2134 5350 incide-

566 5401 776 5453 remus,
814 5403 983 5456 neque
1011 5388 1134 5442 dolo
1158 5388 1244 5443 vel
1267 5387 1604 5442 simulatione
1639 5402 1773 5456 opus
1801 5397 1915 5442 erat
1944 5388 2134 5443 adver-

564 5491 654 5530 sus
683 5493 800 5531 cum
824 5520 838 5543 ,
870 5479 958 5548 qui
980 5480 1093 5533 sine
1118 5478 1242 5533 dolo
1270 5487 1326 5533 ct
1349 5479 1660 5548 simpliciter
1685 5479 1857 5532 omnia
1883 5479 2060 5534 dicere
2078 5491 2135 5535 et

565 5583 723 5636 agere
751 5569 887 5637 apud
909 5578 959 5624 te
989 5570 1211 5623 solt-bat.
1235 5571 1480 5623 Attamen
1501 5608 1515 5632 ,
1539 5578 1595 5621 ut
1619 5567 1724 5622 dixi
1745 5609 1760 5634 ,
1785 5569 1912 5624 nihil
1948 5586 2130 5625 eorum

560 5659 771 5712 crimini
792 5659 862 5712 do
887 5699 900 5723 ,
933 5674 1105 5727 neque
1130 5659 1467 5713 solitudinem
1495 5658 1760 5727 cxprobro
1779 5701 1794 5724 ,
1824 5661 1875 5714 in
1905 5677 2006 5731 qua
2036 5677 2132 5719 nos

562 5751 880 5805 emistituisti
905 5790 921 5818 ,
951 5765 1072 5805 cum
1108 5749 1372 5821 colloquia
1399 5749 1486 5804 illa
1511 5748 1808 5820 abstulisti,
1847 5768 1912 5809 ex
1935 5753 2128 5824 quibus

1253 349 1311 403 S.
1351 344 1627 404 JOANNIS
1661 338 2140 402 CHRYSOS'I‘OMI
2178 339 2495 401 ARCHlEP.
2534 341 3070 402 CONSTANTINOI’.

3703 348 3798 404 628

2233 465 2288 513 et
2313 458 2636 529 voluptatem
2663 469 2718 517 et
2736 461 3017 516 utilitate
3045 475 3149 516 non
3170 461 3441 518 minimam
3463 477 3606 532 saepe
3623 480 3802 535 carpe-

2235 548 2446 604 bumus.
2481 550 2677 606 Verum
2709 551 2824 607 haec
2846 553 3024 608 omnia
3042 553 3196 608 mitto
3213 593 3229 620 ,
3257 552 3373 610 haec
3399 555 3556 609 tacite
3580 565 3632 609 et
3658 570 3801 609 mane

2231 650 2389 696 sueto
2417 642 2530 698 fero
2562 661 2576 698 :
2603 658 2708 698 non
2729 644 2872 714 quod
2900 653 2954 699 tu
2979 656 3255 700 mansuete
3281 646 3335 699 in
3365 661 3462 700 nos
3486 645 3798 716 deliqueris,

2233 733 2328 789 sed
2353 734 2494 803 quod
2536 747 2654 788 eam
2683 735 2812 790 mihi
2843 736 3011 806 legem
3040 736 3451 807 prazscripserim
3477 736 3546 792 ab
3575 738 3661 790 illa
3687 739 3798 805 die,

2235 838 2337 894 qua
2367 825 2652 880 amicitiam
2682 827 2773 881 inii
2803 836 2945 882 tuam
2965 869 2978 894 ,
3003 838 3060 882 ut
3083 829 3323 898 quamvis
3357 829 3484 882 mihi
3513 828 3802 883 molestiam

2235 917 2486 981 all'erres,
2518 918 2716 971 nullam
2745 920 2839 973 abs
2869 928 2920 975 te
2949 921 3242 990 apologiam
3273 920 3561 988 exigerem.
3598 920 3803 974 Etenim

2235 1006 2376 1076 quod
2403 1021 2510 1062 non
2537 1008 2802 1063 mediocre
2833 1009 2961 1064 mihi
2987 1010 3238 1065 damnum
3270 1011 3511 1065 intuleris
3529 1052 3545 1077 ,
3575 1011 3688 1080 ipse
3715 1027 3806 1063 no-

2237 1100 2339 1163 sti,
2373 1100 2418 1154 si
2447 1100 2608 1154 modo
2637 1102 2941 1157 meminisse
2966 1103 3101 1157 velis
3138 1117 3444 1158 sermonum
3468 1143 3484 1165 ,
3517 1111 3628 1156 tum
3675 1117 3806 1172 quos

2224 1191 2404 1244 exteri
2431 1190 2500 1246 dc
2535 1191 2686 1246 nobis
2706 1233 2720 1254 ,
2751 1201 2864 1246 tum
2893 1207 3025 1262 quos
3053 1207 3151 1248 nos
3175 1193 3242 1248 de
3271 1193 3423 1248 nobis
3466 1195 3593 1262 ipsis
3622 1209 3808 1262 perpe-

2239 1289 2329 1334 tuo
2357 1279 2659 1336 habuimus.
2675 1282 2736 1337 lli
2760 1297 2920 1352 porro
2944 1298 3220 1338 sermones
3238 1293 3388 1338 erant
3407 1323 3422 1347 ,
3447 1299 3695 1353 magnum
3717 1299 3810 1337 no-

2237 1371 2320 1427 bis
2348 1372 2460 1428 fore
2484 1373 2686 1430 lucrum
2707 1390 2773 1430 ea
2801 1375 3081 1429 concordia
3098 1417 3114 1442 ,
3141 1375 3551 1446 prmsidiumque
3578 1393 3644 1431 ex
3673 1377 3808 1430 ami-

2236 1463 2358 1517 citia
2387 1473 2586 1519 mutua.
2616 1465 2824 1535 Aliique
2845 1481 3033 1520 omnes
3050 1465 3318 1532 dicebant,
3344 1467 3460 1521 aliis
3486 1467 3645 1521 etiam
3677 1469 3811 1522 bene

2237 1555 2416 1609 multis
2444 1569 2548 1610 non
2574 1557 2796 1611 modica:
2814 1556 3020 1611 utilitati
3047 1558 3158 1612 fore
3181 1558 3516 1612 concordiam
3535 1565 3809 1613 nostram:

2235 1659 2336 1718 ego
2359 1661 2522 1710 vero,
2555 1649 2695 1719 quod
2723 1649 2789 1704 ad
2838 1664 2922 1704 me
2949 1649 3169 1714 attinet,
3213 1664 3497 1720 numquam
3530 1650 3809 1705 utilitatem

2236 1737 2464 1805 cuipiam
2489 1752 2647 1807 posse
2672 1755 2760 1794 me
2783 1748 3035 1809 prmatare
3065 1740 3281 1810 putavi;
3309 1739 3546 1796 dicebam
3590 1749 3772 1796 tamen
3793 1782 3810 1808 ,

2239 1825 2341 1881 hoc
2369 1827 2558 1883 saltem
2591 1844 2689 1883 nos
2717 1829 2920 1884 lucrum
2959 1845 3062 1885 non
3090 1846 3315 1900 parvum
3344 1848 3408 1887 ex
3453 1833 3686 1886 amicitia
3717 1832 3810 1888 dc-

2237 1928 2514 1986 cerpturos
2543 1934 2662 1975 esse
2681 1962 2697 1986 ,
2730 1920 2872 1990 quod
2898 1921 2962 1976 iis
2985 1923 3073 1991 qui
3115 1937 3213 1978 nos
3241 1937 3546 1993 oppugnare
3573 1924 3810 1990 vellent,

2242 2007 2676 2080 inexpugnabiles
2705 2010 2868 2066 futuri
2897 2025 3157 2076 essemus.
3208 2012 3333 2068 litae
3362 2013 3454 2068 tibi
3495 2013 3551 2068 in
3577 2025 3811 2069 mentem

2237 2113 2492 2156 revocare
2529 2116 2814 2171 numquam
2851 2102 3122 2158 cessabam
3155 2121 3170 2160 :
3200 2103 3424 2160 Difficile
3451 2113 3534 2160 est
3563 2115 3809 2176 tempus,

2239 2189 2578 2246 insidiatores
2609 2192 2794 2257 multi,
2829 2208 3080 2262 germana
3115 2195 3310 2249 caritas
3339 2196 3626 2260 exstincta,
3671 2197 3809 2250 invi-

2235 2279 2340 2333 ἀίω
2361 2281 2625 2350 pernicies
2647 2281 2763 2351 ejus
2792 2283 2965 2336 locum
2992 2282 3188 2348 subiit,
3215 2283 3269 2339 in
3295 2285 3470 2339 medio
3495 2285 3810 2354 laqueorum

2239 2371 2638 2441 progredimur,
2687 2376 2741 2427 in
2807 2373 2980 2442 pinnis
3033 2375 3243 2430 urbium
3291 2375 3621 2431 ambulamus
3683 2394 3701 2434 :
3753 2379 3814 2432 ad

2236 2462 2570 2530 gaudendum
2599 2463 2670 2519 de
2689 2464 2845 2519 malis
2869 2465 3066 2519 nostris
3093 2465 3256 2535 parati
3283 2475 3427 2529 sunt,
3457 2467 3501 2521 si
3529 2467 3658 2536 quid
3685 2467 3815 2522 forte

2239 2551 2512 2606 sinistrum
2540 2553 2817 2622 acciderit,
2841 2555 3017 2622 multi,
3041 2556 3342 2626 etundique
3375 2557 3604 2622 instant;
3659 2573 3818 2612 nemo

2241 2659 2369 2699 vero
2387 2655 2470 2700 est
2510 2647 2602 2715 qui
2633 2647 2802 2702 vicem
2833 2655 3066 2702 nostram
3094 2647 3298 2713 doleat,
3324 2648 3408 2704 vel
3435 2648 3624 2703 saltem
3659 2650 3813 2720 pauci

2242 2736 2540 2805 hujusmodi
2569 2745 2715 2792 sunt.
2733 2736 2867 2793 Vide
2885 2754 2954 2793 ne
2987 2738 3029 2794 si
3055 2739 3450 2809 disjungamur,
3482 2739 3648 2794 risum
3677 2742 3819 2794 mul-

2242 2839 2350 2883 tum
2377 2829 2490 2885 aliis
2519 2844 2859 2896 moveamus,
2901 2832 3118 2903 risuque
3161 2833 3459 2902 graviorem
3498 2833 3771 2902 iacturam
3803 2853 3816 2887 :

2242 2917 2426 2974 Frater
2461 2921 2548 2990 qui
2574 2922 2846 2993 adjuvetur
2870 2939 2903 2976 α
2923 2926 3082 2996 fratre
3101 2966 3116 2986 ,
3140 2924 3283 2992 quasi
3307 2925 3482 2979 civitas
3517 2927 3717 2980 munita
3736 2968 3750 2985 .
3777 2934 3822 2979 et

2239 3011 2382 3081 quasi
2418 3027 2626 3082 regnum
2655 3012 2870 3067 vectibus
2917 3015 3172 3082 [irritatum
3197 3013 3376 3084 (Prov.
3428 3015 3514 3070 l8.
3549 3016 3666 3085 l9).
3700 3016 3782 3071 Ne
3803 3057 3817 3080 ,

2240 3116 2442 3171 quaeso,
2474 3103 2610 3158 hanc
2634 3104 2896 3159 dissolvas
2919 3105 3386 3172 necessitudinem,
3407 3121 3578 3176 neque
3605 3118 3820 3162 vectem

2239 3192 2532 3264 dirumpas.
2563 3194 2688 3249 Hmc
2713 3203 2770 3249 ct
2793 3195 2874 3250 his
2897 3196 3045 3264 plura
3070 3212 3215 3266 saepe
3241 3197 3478 3252 dicebam
3500 3239 3514 3264 ,
3561 3198 3699 3253 nihil
3731 3215 3826 3252 un-

2241 3299 2399 3353 quam
2441 3283 2742 3354 hujusmodi
2780 3285 3091 3355 suspicans,
3137 3286 3230 3341 sed
3270 3296 3324 3342 te
3366 3301 3498 3342 sano
3525 3288 3826 3342 admodum

2241 3372 2421 3428 animo
2467 3389 2590 3446 erga
2645 3391 2743 3430 nos
2781 3391 2900 3432 esse
2945 3385 3175 3448 putans,
3215 3387 3372 3448 atque
3413 3394 3478 3432 ex
3526 3379 3825 3434 abundanti

2243 3466 2501 3520 medelam
2537 3481 2670 3522 sano
2695 3467 2947 3524 adhibere
2971 3485 3162 3524 curans
3180 3510 3196 3534 ,
3225 3484 3324 3524 nec
3347 3471 3787 3525 animadvertetis
3810 3513 3828 3537 ,

2241 3564 2299 3611 ut
2325 3565 2503 3626 patet,
2532 3573 2618 3612 me
2643 3560 2916 3628 mgrotanti
2954 3559 3183 3615 remedia
3223 3575 3519 3630 apponere,
3543 3570 3598 3614 at
3640 3577 3718 3617 ne
3751 3565 3830 3616 sic

2238 3649 2454 3719 quidem
2502 3649 2684 3706 infelix
2740 3651 3007 3721 quidpiam
3056 3653 3292 3708 lucratus
3333 3668 3490 3720 sum,
3535 3669 3718 3723 neque
3760 3671 3832 3710 ex

2241 3750 2383 3796 tanta
2408 3743 2496 3798 illa
2521 3745 2728 3800 cautela
2754 3744 2880 3799 mihi
2902 3745 3185 3815 quidquam
3206 3747 3426 3801 accessit
3447 3747 3827 3802 emolumenti.

2241 3831 2433 3909 omnia
2451 3834 2645 3903 quippe
2660 3835 2744 3888 illa
2767 3835 3042 3890 confertim
3060 3836 3363 3906 projiciens,
3377 3851 3548 3907 neque
3564 3837 3612 3890 id
3639 3848 3769 3892 tecu
3779 3853 3831 3893 et

2240 3933 2510 3992 reputans,
2530 3938 2617 3978 me
2637 3932 2902 3994 tamquam
2924 3940 3109 3979 navem
3133 3939 3236 3979 non
3252 3927 3576 3980 saburratam
3601 3928 3656 3980 in
3681 3930 3831 3996 pcla-

2239 4028 2338 4083 gus
2391 4013 2706 4069 immensum
2748 4015 3001 4081 emisisti,
3035 4015 3166 4070 nihil
3218 4018 3455 4090 cogitans
3491 4016 3830 4072 decumast

2241 4104 2360 4158 illos
2388 4103 2580 4160 ﬂuctus
2603 4147 2618 4170 ,
2649 4121 2784 4174 quos
2809 4122 2895 4161 me
2919 4107 3181 4161 sustinere
3211 4121 3428 4162 necesse
3468 4118 3569 4162 est.
3603 4109 3745 4162 Nam
3780 4111 3828 4164 si

2239 4199 2510 4269 contingat
2540 4199 2623 4254 vel
2651 4200 3008 4265 calumniam,
3041 4201 3122 4254 vel
3145 4199 3488 4265 cachinnum,
3526 4203 3610 4255 vel
3657 4204 3828 4257 aliam

2239 4291 2478 4359 quamvis
2506 4290 2882 4344 contumeliam
2925 4300 2980 4345 et
3029 4291 3323 4346 molestiam
3354 4292 3405 4344 in
3445 4306 3544 4345 nos
3589 4293 3829 4360 inferri,

2239 4395 2381 4450 saepe
2424 4389 2598 4436 autem
2639 4382 2800 4436 multa
2841 4381 3142 4450 hujusmodi
3186 4383 3484 4436 necessario
3521 4385 3827 4449 accidunt,

2240 4470 2304 4525 ad
2333 4487 2489 4541 quem
2521 4471 2930 4542 confugiemus?
2955 4473 3092 4542 apud
3130 4488 3287 4542 quem
3311 4473 3578 4542 angustias
3605 4486 3833 4530 nostras

2238 4561 2683 4617 exonerabimns?
2707 4564 2827 4632 quis
2850 4561 3214 4617 defensionem
3262 4563 3512 4632 suscipiet
3537 4569 3833 4620 nostram?

2239 4654 2357 4721 quis
2384 4653 2631 4708 mter-oris
2675 4663 2921 4709 auctores
2964 4653 3214 4709 retundct
3250 4665 3406 4722 atque
3451 4654 3698 4721 sedabit,
3735 4674 3837 4712 no-

2238 4745 2424 4815 bisque
2479 4746 2721 4800 dolorum
2772 4748 2931 4801 linem
2980 4747 3170 4810 faciet,
3218 4755 3271 4801 ct
3316 4747 3562 4800 solatium
3596 4747 3832 4811 afferet,

2237 4846 2556 4904 paratosque
2584 4852 2682 4892 nos
2719 4837 2906 4892 reddet
2928 4837 2995 4892 ad
3023 4838 3243 4892 aliorum
3274 4837 3519 4891 ferendas
3548 4838 3837 4907 ineptias?

2240 4925 2409 4980 Nemo
2435 4939 2563 4980 sane
2592 4926 2775 4994 adest,
2808 4936 2861 4982 te
2889 4929 2954 4982 ab
2976 4927 3076 4982 hoc
3101 4929 3410 4996 gravissimo
3443 4928 3587 4982 bello
3631 4933 3838 4997 procul

2242 5027 2486 5083 remoto,
2524 5026 2582 5072 ut
2617 5033 2685 5072 ne
2723 5020 3010 5073 clamorem
3040 5018 3252 5088 quidem
3291 5034 3464 5072 meum
3505 5019 3706 5076 audire
3742 5037 3840 5075 va-

2239 5110 2371 5165 lcas.
2417 5113 2499 5165 An
2547 5111 2684 5165 nosti
2724 5120 2978 5181 quantum
3028 5110 3306 5166 admiseris
3351 5111 3585 5164 malum?
3627 5129 3711 5168 an
3743 5117 3834 5168 vel

2239 5217 2414 5267 nunc,
2448 5210 2725 5272 postquam
2757 5203 3094 5270 percussisti,
3137 5202 3380 5272 agnoscis
3438 5217 3597 5271 quam
3653 5203 3844 5260 letale

2237 5295 2368 5348 mihi
2396 5296 2586 5350 vulnus
2613 5295 2907 5350 indixeris?
2935 5294 3129 5349 Verum
3167 5295 3280 5349 haec
3317 5295 3474 5348 missa
3515 5293 3838 5350 faciamus:

2239 5401 2412 5455 neque
2438 5385 2579 5439 enim
2605 5385 2860 5453 deinceps
2887 5393 3134 5454 poterunt
3157 5400 3221 5439 ea
3245 5384 3496 5449 dissolvi,
3525 5401 3653 5454 quae
3693 5387 3842 5442 facta

2235 5487 2396 5544 sunt,
2427 5493 2598 5545 neque
2637 5479 2810 5532 exitus
2848 5478 3068 5548 reperiri
3120 5477 3172 5531 in
3214 5477 3374 5531 rebus
3413 5477 3554 5530 exitu
3581 5483 3844 5532 carenti-

2240 5567 2356 5621 bus.
2395 5567 2530 5634 Quid
2561 5581 2720 5636 porro
2769 5567 2835 5620 ad
2881 5574 3094 5621 exteros
3145 5564 3419 5620 dicemus?
3459 5564 3584 5635 quid
3631 5581 3844 5621 eorum

2238 5662 2695 5716 criminationibus
2733 5659 3216 5730 respondebimus?

2312 5751 2364 5806 8.
2389 5751 2730 5824 Chrysostomi
2748 5752 2970 5823 defensio
2992 5767 3102 5806 cum
3123 5749 3502 5821 reprehensione
3519 5750 3847 5820 emissus-tn.
