3864 6294
151 420 248 478 6‘29

149 567 217 576 —
241 529 803 591 CHRYSOSTOMUS.
853 529 1032 593 Bono,
1081 526 1325 596 inquam,
1366 524 1545 577 animo
1572 529 1722 582 esto;

1339 408 1429 464 DE
1461 403 1907 464 SACERDOTIO.
1952 403 2077 459 LIB.
2120 404 2161 460 I.

1837 534 1965 573 vero
2008 526 2208 588 quanto
2247 518 2416 590 magis
2471 533 2741 583 exerceas,
2793 527 2937 575 tanto
2961 518 3129 590 magis
3176 532 3415 593 augetur.

149 642 317 698 neque
344 626 486 682 enim
529 624 593 677 ad
622 622 811 678 horum
854 629 1060 675 tantum
1104 618 1363 673 rationem
1403 610 1727 670 reddendam
1832 610 2017 681 Neque
2039 611 2212 666 solum
2243 612 2294 666 in
2320 611 2498 678 bellis,
2530 610 2623 667 sed
2646 614 2804 667 etiam
2843 611 2988 682 pacis
3017 621 3277 683 tempore,
3302 629 3419 669 ma-

151 726 360 787 paratus
389 729 529 777 sum,
559 713 653 768 sed
681 722 737 767 et
763 713 815 765 in
841 710 1034 780 quibus
1058 723 1155 762 nos
1178 706 1328 775 culpa
1352 706 1612 759 immunes
1641 700 1731 756 di-

149 809 357 875 misisti,
381 807 433 861 itt
456 806 520 861 iis
540 806 699 860 etiam
724 817 818 872 pro
846 800 984 855 virili
1006 815 1120 854 mea
1148 796 1512 853 defensionem
1540 808 1729 863 parare

148 899 416 963 conabor;
448 912 513 952 ac
536 897 581 951 si
607 895 753 957 libet,
776 894 843 948 ab
863 893 928 947 iis
956 891 1083 961 ipsis
1107 889 1304 943 ordiar.
1328 886 1600 957 Siquidem
1627 885 1728 939 ab-

147 990 340 1049 surdus
380 987 771 1055 admodumque
820 985 1054 1053 ingratus
1090 995 1287 1045 essem,
1334 979 1379 1033 si
1425 985 1728 1032 exteret-um

149 1084 454 1152 opinionem
483 1094 699 1143 curans,
719 1076 953 1145 nihilque
974 1088 1081 1129 non
1107 1086 1268 1143 agens
1297 1078 1355 1124 ut
1372 1069 1421 1124 ei
1448 1067 1730 1123 accusandi

152 1178 313 1229 tinem
340 1174 553 1235 faciant,
583 1171 753 1225 virum
781 1168 908 1223 mihi
937 1165 1173 1220 omnium
1203 1162 1606 1224 amicissimum,
1638 1158 1729 1229 (ιυί

150 1276 297 1320 tanta
325 1279 447 1334 erga
485 1278 573 1318 me
599 1276 727 1316 usus
764 1260 834 1315 sit
858 1256 1175 1313 verecundia
1200 1295 1214 1318 ,
1247 1262 1305 1308 ut
1334 1268 1400 1307 ne
1425 1250 1639 1321 quidem
1662 1250 1730 1305 de

150 1360 297 1412 illata
322 1356 449 1421 sibi,
481 1365 538 1410 ut
570 1361 737 1424 putat,
766 1351 957 1420 injuria
983 1348 1234 1418 conqueri
1256 1346 1402 1409 velit,
1436 1345 1542 1398 imo
1570 1343 1729 1398 etiam

151 1451 269 1506 suis
288 1446 593 1519 posthabitis
610 1444 678 1500 de
702 1442 896 1499 nostris
924 1441 1139 1509 insuper
1158 1445 1381 1507 satagat,
1406 1451 1510 1490 non
1533 1435 1730 1504 possim

151 1542 389 1604 ﬂectere,
420 1552 608 1606 meque
640 1533 781 1605 apud
820 1533 966 1587 illum
992 1532 1059 1585 de
1087 1530 1228 1584 illata
1255 1526 1443 1597 injuria
1472 1540 1725 1595 purgare,

150 1630 283 1700 quin
303 1629 459 1683 etiam
480 1626 679 1695 majore
694 1639 819 1695 erga
846 1623 989 1678 illum
1011 1620 1232 1692 segnitie
1252 1620 1324 1674 uti
1346 1618 1545 1681 videar,
1573 1632 1732 1687 quam

150 1722 242 1775 ille
291 1716 638 1772 sollicitudine
665 1730 789 1786 erga
816 1729 902 1768 me
950 1713 1132 1767 utitur.
1162 1711 1275 1778 Qua
1324 1711 1481 1779 igitur
1518 1709 1569 1763 itt
1600 1718 1732 1763 rete

150 1810 389 1865 laesimus
409 1850 423 1873 ,
453 1805 881 1877 quandoquidem
911 1804 1035 1858 hinc
1079 1802 1449 1857 constituimus
1473 1798 1732 1869 apologize

150 1903 374 1972 pelagus
400 1898 636 1969 ingredi?
664 1912 731 1952 an
757 1897 879 1967 quia
901 1905 951 1951 te
974 1893 1439 1957 circumvenimus,
1472 1900 1734 1946 nostram.

145 2010 259 2064 que
290 1994 380 2049 tibi
410 2001 636 2048 mentem
665 1986 995 2045 celavimus?
1024 1987 1180 2057 Atqui
1226 1985 1355 2040 illud
1384 2000 1505 2040 eum
1535 1998 1631 2053 pro
1658 1983 1734 2038 tui

144 2085 385 2154 decepti,
429 2092 539 2137 tum
594 2097 689 2150 pro
738 2094 920 2135 eorum
973 2078 1152 2138 etiam,
1180 2075 1370 2147 quibus
1399 2084 1450 2130 te
1506 2074 1736 2129 fallendo

148 2174 516 2243 prodidimns,
543 2170 767 2225 utilitate
793 2168 1034 2224 fecimus.
1067 2166 1121 2222 Si
1156 2167 1330 2236 itaque
1371 2164 1560 2220 astutia
1592 2180 1735 2219 sem-

145 2280 247 2335 per
276 2264 434 2329 mala,
464 2277 634 2332 neque
680 2261 766 2315 illa
794 2274 1041 2329 umquam
1069 2258 1154 2312 vel
1198 2257 1262 2311 ad
1289 2254 1562 2328 quodlibet
1589 2270 1736 2311 com-

149 2356 373 2412 modum
395 2355 468 2409 uti
499 2356 674 2421 liceat,
706 2359 920 2422 paratus
945 2366 1061 2406 sum
1093 2364 1276 2420 poenas
1300 2350 1428 2405 dare
1455 2361 1738 2419 quascum-

144 2465 256 2517 que
298 2447 524 2503 volueris
558 2464 571 2499 :
600 2461 694 2501 seu
726 2443 901 2513 potius
924 2444 1047 2512 quia
1078 2457 1365 2511 numquam
1407 2455 1474 2495 ex
1501 2456 1586 2494 me
1615 2455 1731 2509 poe-

143 2554 248 2593 nas
277 2540 490 2608 exigere
517 2535 823 2599 sustinebis,
852 2547 943 2588 eas
973 2532 1070 2601 ipsi
1100 2531 1496 2601 nobismetipsis
1533 2531 1735 2601 irroga-

143 2632 348 2695 bimns,
371 2644 500 2699 quas
522 2628 697 2682 solent
716 2625 920 2696 judices
946 2622 1206 2687 sontibus,
1234 2637 1353 2677 cum
1379 2621 1448 2677 ab
1468 2621 1734 2677 actoribus

140 2721 264 2775 suis
293 2720 369 2774 rei
401 2718 596 2788 peracti
622 2716 839 2771 fuerint.
866 2715 959 2769 Sin
988 2728 1116 2768 vero
1142 2713 1332 2767 astutia
1373 2728 1478 2767 non
1522 2726 1737 2781 semper

140 2812 312 2865 noxia
342 2818 448 2874 est,
483 2808 576 2863 sed
615 2821 712 2878 pro
741 2820 923 2861 eorum
954 2805 1043 2875 qui
1071 2804 1155 2858 illa
1187 2811 1405 2858 utuntur
1432 2802 1610 2857 animo
1639 2817 1733 2856 seu

137 2903 291 2958 mala
313 2916 406 2956 seu
432 2901 567 2956 bona
582 2898 827 2964 efficitur,
851 2898 1064 2951 missam
1091 2894 1289 2949 faciens
1309 2891 1735 2948 criminationem

138 2997 309 3048 istam
331 3033 345 3058 ,
389 3007 490 3061 qua
521 3001 573 3045 te
609 2990 1028 3044 circumventum
1067 2984 1337 3056 quereris,
1368 2984 1530 3054 proba
1558 2997 1655 3037 nos
1684 2984 1736 3037 in

135 3085 350 3140 malum
377 3090 496 3138 astu
532 3095 656 3135 usos
686 3094 805 3135 esse
838 3098 850 3133 ε
884 3079 1054 3133 donec
1081 3078 1221 3133 enim
1264 3075 1315 3130 id
1347 3074 1596 3140 abfuerit,
1627 3091 1733 3129 non

132 3174 445 3239 criminari,
464 3172 557 3227 sed
576 3170 790 3225 laudare
816 3168 1167 3239 decipientem
1186 3182 1392 3237 :equum
1419 3165 1573 3221 fuerit
1596 3165 1733 3235 apud

132 3282 241 3321 eos
282 3265 472 3318 saltem
504 3263 591 3333 qui
633 3261 859 3330 aliquam
891 3258 1027 3328 ω(ιυί
1058 3258 1288 3327 bonique
1331 3256 1591 3312 rationem
1637 3257 1736 3310 ha-

133 3360 302 3411 bent.
347 3355 574 3408 Tantum
618 3353 759 3407 enim
805 3351 937 3404 lucri
984 3349 1141 3404 habet
1170 3358 1466 3417 opportuna
1491 3347 1736 3417 bonoque

132 3449 336 3502 animo
363 3454 545 3515 parata
574 3443 749 3509 fraus,
781 3450 838 3496 ιιι
867 3440 1014 3494 multi
1057 3454 1218 3508 saepe,
1263 3438 1403 3509 quod
1430 3454 1489 3492 ea
1519 3454 1624 3492 non
1655 3439 1734 3494 usi
1762 3468 1770 3476 ~

126 3539 278 3601 sint,
332 3551 514 3606 poenas
557 3534 817 3588 dederint.
852 3533 929 3586 Ac
963 3532 1006 3586 si
1038 3532 1167 3586 velis
1214 3530 1377 3585 duces
1406 3531 1734 3585 exercituum

126 3630 462 3683 examinare
496 3628 563 3680 ab
589 3625 717 3679 orbe
756 3623 969 3677 condito
995 3622 1350 3686 eelebriores,
1381 3621 1593 3675 illorum
1622 3630 1734 3675 tro-

128 3734 265 3789 paea
286 3732 445 3788 quam
468 3716 696 3786 plurima
724 3712 849 3767 dolo
875 3720 1024 3781 parta
1051 3712 1367 3781 comperies,
1397 3725 1595 3781 eosque
1624 3724 1727 3763 ma-

120 3808 245 3876 jori
294 3806 451 3860 laude
492 3806 787 3859 celebratos
808 3846 823 3869 ,
873 3817 1030 3873 quam
1058 3803 1146 3872 qui
1174 3811 1361 3871 aperto
1392 3809 1561 3855 marte
1589 3801 1735 3855 vice-

121 3908 296 3954 runt.
331 3898 460 3952 Nam
504 3898 555 3951 hi
581 3897 790 3966 quidem
834 3895 1018 3965 majori
1048 3896 1388 3964 pecuniarum
1427 3892 1734 3947 hominum-

120 4007 251 4061 quc
281 3989 562 4058 dispendio
588 3989 771 4043 hostes
792 3995 1064 4057 superant,
1096 3987 1165 4040 ita
1188 3995 1244 4039 ut
1273 3986 1581 4055 plerumque
1603 3986 1732 4041 nihil

117 4082 423 4140 commodi
454 4098 519 4136 ex
548 4081 769 4136 victoria
791 4080 1045 4145 referant,
1075 4078 1167 4133 sed
1199 4093 1305 4132 non
1328 4078 1587 4132 minorem
1611 4081 1626 4110 ¹
1656 4078 1736 4132 vi-

114 4186 331 4229 ctores
353 4186 507 4242 quam
538 4172 660 4225 victi
689 4180 796 4224 tum
835 4169 1095 4223 exercitus
1126 4177 1233 4221 tum
1264 4167 1436 4221 aerarii
1471 4167 1732 4236 jacturam

118 4265 374 4320 faciant.
407 4261 485 4315 Ad
517 4262 630 4315 haec
656 4275 783 4315 vero
817 4274 920 4313 non
951 4259 1130 4312 sinunt
1157 4272 1249 4312 eos
1276 4258 1399 4312 victi
1431 4267 1537 4311 tota
1564 4260 1732 4312 victu-

110 4359 229 4410 τίεις
263 4354 438 4423 gloria
483 4352 617 4416 frui;
650 4351 843 4407 etenim
896 4350 1026 4421 ipsis
1054 4349 1170 4418 ejus
1213 4363 1334 4417 pars
1362 4363 1469 4403 non
1516 4349 1733 4403 minima

106 4448 312 4510 cedit,
350 4454 532 4514 utpote
576 4444 665 4513 qui
694 4444 885 4497 animis
914 4443 1145 4497 victores
1166 4482 1183 4508 ,
1227 4441 1537 4511 corporibus
1561 4443 1731 4496 solum

109 4541 439 4596 inferiores
464 4536 693 4602 fuerint;
726 4537 795 4590 ita
823 4545 899 4601 ut,
930 4535 973 4589 si
1006 4534 1301 4605 potuissent
1329 4532 1561 4587 confossi
1580 4535 1602 4564 ¹
1628 4548 1731 4587 non

104 4635 370 4697 cadere,
396 4646 564 4700 neque
585 4644 728 4683 mors
755 4629 873 4683 illos
899 4626 1290 4697 prostravisset,
1316 4641 1598 4696 numquam
1624 4627 1736 4680 ala-

103 4728 268 4779 crita
281 4733 397 4776 tem
421 4722 544 4774 anni
571 4721 893 4774 amisissent.
921 4718 1021 4785 Qui
1048 4733 1177 4773 vero
1198 4717 1382 4772 fraude
1401 4719 1613 4771 vincere
1638 4733 1733 4787 po-

102 4820 257 4882 mit,
300 4828 412 4867 non
434 4813 771 4866 calamitosos
796 4811 988 4876 solum,
1016 4811 1107 4863 sed
1129 4810 1287 4865 etiam
1310 4811 1419 4864 risu
1442 4810 1629 4879 dignos
1651 4809 1731 4864 ef-

104 4909 238 4960 ficit
284 4903 496 4957 hostes.
551 4901 667 4955 Non
696 4902 858 4965 enim,
893 4909 950 4954 ut
979 4900 1106 4966 illic,
1137 4914 1315 4969 parent
1342 4899 1552 4968 utrique
1582 4899 1735 4953 forti-

98 4996 352 5053 tudinis
372 5034 388 5059 ,
417 4994 483 5046 ita
522 5000 577 5047 et
599 4992 684 5045 hic
713 4991 870 5045 ambo
899 4989 1190 5057 prudentire
1221 4988 1427 5042 laudem
1456 4988 1690 5044 referunt
1714 5006 1728 5056 ;

95 5088 214 5142 sed
254 5085 541 5151 integrum
592 5083 882 5135 victoribus
930 5081 1164 5134 victoria:
1220 5079 1493 5148 pra-mium
1546 5080 1728 5134 cedit:

103 5177 412 5248 quodque
439 5190 543 5225 non
576 5173 749 5226 minus
788 5181 892 5234 est,
921 5170 1153 5225 victoriae
1179 5170 1501 5237 voluptatem
1532 5171 1732 5226 civitati

91 5275 420 5324 sinceram
445 5272 677 5317 servant.
709 5263 889 5332 Neque
917 5262 1059 5317 enim
1091 5260 1309 5331 perinde
1340 5276 1397 5314 se
1421 5260 1616 5316 habent
1637 5277 1731 5331 pe-

89 5362 427 5417 cuniarum
454 5358 604 5424 copia
637 5354 1017 5423 hominumque
1045 5353 1346 5417 multitudo,
1384 5362 1541 5423 atque
1567 5354 1729 5408 animi

91 5447 437 5525 prudentia
458 5466 471 5506 ;
494 5445 756 5515 siquidem
787 5445 873 5499 illa
900 5445 951 5499 in
989 5460 1084 5498 usu
1106 5444 1300 5498 bellico
1322 5443 1582 5513 frequenti
1605 5458 1731 5497 con-

82 5543 261 5601 sumi
326 5537 524 5601 solent,
574 5545 733 5607 atque
784 5549 1119 5605 possessores
1157 5548 1281 5589 suos
1313 5534 1585 5601 deserere;
1619 5533 1731 5589 haec

165 5724 184 5751 ι
232 5718 434 5769 Deest,
460 5710 708 5763 minorem.
732 5711 779 5759 iu
804 5710 957 5759 tribus
980 5716 1084 5759 uss.

160 5784 184 5814 ι
230 5779 334 5827 sic
383 5772 523 5822 savtl.
590 5780 642 5821 et
704 5784 875 5820 omnes
934 5771 1042 5821 fere
1109 5779 1248 5833 Mss;

78 5844 351 5895 talenta
362 5873 371 5885 .

1325 5768 1490 5820 Morel.
1555 5768 1724 5831 habet,

1835 716 1996 771 gnum
2034 701 2500 771 necessariumque
2526 700 2727 756 fraudis
2755 719 2904 757 usum
2929 718 3048 759 esse
3087 705 3418 774 comperias,

1836 809 1937 848 nec
1968 802 2173 848 tantum
2199 793 2265 848 ad
2291 794 2519 849 civitatis
2561 795 2788 863 negotia,
2812 795 2905 850 sed
2935 804 2988 850 et
3013 796 3078 851 ad
3103 795 3417 863 domestica,

1836 883 1950 937 viro
1966 883 2221 937 adversus
2246 898 2489 948 uxorem,
2516 884 2668 938 uxori
2697 882 2954 939 adversus
2980 885 3174 951 virum,
3201 886 3337 956 patri
3365 886 3418 941 in

1836 972 2001 1027 filium
2026 1014 2042 1039 ,
2074 974 2244 1028 amico
2270 974 2324 1028 in
2366 974 2619 1041 amicum,
2642 975 2749 1030 imo
2777 975 2936 1030 etiam
2966 976 3074 1031 filio
3099 978 3150 1031 in
3188 988 3417 1048 patrem.

1836 1064 2016 1135 Neque
2043 1066 2185 1121 enim
2213 1066 2318 1122 alio
2345 1066 2506 1122 modo
2532 1068 2703 1137 potuit
2725 1068 2830 1123 filia
2860 1069 3038 1124 Saiilis
3062 1071 3233 1126 virum
3261 1086 3417 1128 suum

1835 1170 1867 1210 e
1895 1156 2137 1212 manibus
2162 1158 2278 1228 ejus
2310 1173 2532 1225 eruere,
2564 1175 2722 1228 quam
2752 1169 2954 1231 patrem
2996 1161 3312 1231 decipienda
3339 1163 3415 1235 (l.

1838 1248 1966 1319 Reg.
2000 1250 2087 1305 19.
2116 1251 2181 1304 12
2202 1250 2242 1322 ).
2276 1250 2511 1321 Eiusque
2554 1251 2717 1308 frater
2737 1253 2845 1322 jam
2876 1262 3115 1323 ereptum
3150 1270 3182 1309 a
3209 1270 3416 1323 sorore,

1839 1342 2134 1413 iterumque
2160 1343 2548 1412 periclitantem
2577 1359 2792 1399 servare
2821 1346 3062 1414 cupiens,
3086 1346 3275 1402 iisdem
3305 1348 3420 1418 qui-

1836 1433 1936 1488 bus
1964 1449 2104 1488 uxor
2132 1433 2248 1503 ejus
2277 1449 2403 1490 usus
2428 1444 2508 1489 est
2534 1436 2653 1491 telis
2679 1434 2842 1506 (Ibid.
2872 1436 2961 1491 20.
2986 1437 3065 1508 8).

1910 1525 2043 1580 Tum
2072 1525 2398 1591 BASILIUS,
2429 1526 2570 1582 Nihil
2612 1528 2725 1583 haac
2762 1528 2828 1583 ad
2858 1545 2978 1596 me,
3013 1529 3215 1600 inquit,
3249 1546 3421 1601 neque

1836 1616 1978 1671 enim
2008 1616 2178 1672 hostis
2205 1633 2323 1673 sum
2352 1619 2435 1673 vel
2464 1619 2743 1684 inimicus,
2774 1636 2947 1691 neque
2989 1637 3053 1675 ex
3097 1638 3279 1677 eorum
3322 1637 3422 1677 nu-

1837 1723 1989 1764 mero
2010 1750 2026 1775 ,
2069 1710 2259 1780 quibus
2284 1710 2507 1767 laedendi
2538 1713 2746 1768 animus
2788 1724 2901 1779 est;
2934 1722 3118 1769 contra
3149 1731 3277 1771 vero
3316 1726 3421 1771 ture

1838 1812 2050 1868 semper
2096 1802 2375 1855 sententia:
2404 1801 2581 1856 omnia
2612 1819 2727 1858 mea
2755 1805 3019 1867 commisi,
3070 1806 3155 1860 cui
3184 1820 3417 1876 semper,

1837 1889 2050 1959 quando
2077 1898 2130 1944 tu
2156 1889 2379 1960 jnssisti,
2408 1891 2735 1961 obsequutus
2760 1907 2900 1948 sum.

1910 1980 1963 2036 9.
2019 1980 2209 2052 Magna
2236 1998 2300 2036 ea:
2341 1984 2631 2052 tempestiva
2656 1984 2835 2055 fraude
2873 1986 3080 2040 utilitas.
3108 2017 3178 2026 —
3204 1985 3421 2042 CHRY-

1838 2070 2213 2128 SOSTOMUS.
2247 2074 2334 2137 At,
2366 2087 2400 2127 o
2428 2073 2508 2127 vir
2531 2074 2842 2130 admirande
2868 2085 3026 2147 atque
3048 2080 3268 2147 optime,
3303 2079 3421 2135 ideo

1842 2160 1933 2214 tibi
1956 2160 2063 2230 jam
2093 2170 2247 2216 antea
2274 2161 2406 2230 dixi,
2430 2178 2535 2219 non
2559 2162 2611 2217 in
2645 2164 2782 2219 bello
2807 2174 3006 2220 tantum
3030 2175 3084 2221 et
3111 2176 3291 2221 contra
3323 2168 3421 2222 ho-

1840 2259 1970 2315 Stes,
1993 2251 2089 2306 sed
2120 2253 2276 2306 etiam
2301 2253 2353 2308 in
2394 2268 2523 2323 pace
2546 2263 2599 2309 ct
2623 2254 2875 2310 adversus
2901 2256 3252 2311 amicissimos
3276 2258 3423 2313 frau-

1838 2340 1906 2396 de
1932 2345 2005 2396 uti
2036 2343 2296 2399 interdum
2336 2360 2472 2415 opus
2496 2362 2634 2402 esse.
2664 2346 2814 2415 Quod
2835 2357 3009 2404 autem
3039 2364 3100 2405 ea
3130 2365 3234 2407 non
3263 2351 3421 2407 modo

1839 2433 2242 2504 decipientibus,
2272 2437 2364 2492 sed
2395 2439 2552 2492 etiam
2585 2438 2819 2510 deceptis
2850 2441 2990 2494 utilis
3011 2441 3097 2501 sit.
3122 2456 3149 2495 a
3172 2443 3419 2512 quopiam

1840 2527 2163 2581 medicorum
2217 2528 2507 2594 sciscitare,
2562 2545 2791 2600 quonam
2837 2531 2909 2585 illi
2959 2532 3118 2586 modo
3172 2547 3343 2603 argros
3391 2548 3422 2588 a

1840 2623 2029 2678 morbo
2061 2622 2321 2689 liberent;
2350 2623 2636 2692 audiesque
2659 2624 2801 2695 ipsos
2829 2641 2935 2679 non
2956 2636 3068 2679 arte
3097 2636 3297 2679 tantum
3325 2626 3419 2693 uti,

1840 2714 1935 2769 sed
1959 2723 2011 2769 et
2041 2715 2302 2770 fallaciam
2350 2715 2611 2770 interdum
2643 2716 2918 2781 adhibere,
2950 2721 3107 2786 atque
3129 2717 3246 2786 ejus
3270 2718 3422 2772 auxi-

1839 2804 1911 2858 lio
1936 2805 2170 2860 adhibito
2211 2818 2384 2876 atgros
2421 2806 2632 2859 sanitati
2666 2806 2965 2861 restituere.
3012 2806 3238 2875 Quando
3279 2808 3421 2862 enim

1842 2904 1949 2949 tum
1974 2897 2159 2951 morbo
2185 2896 2535 2951 laborantium
2575 2900 2878 2965 morositas,
2912 2908 3021 2951 tum
3054 2900 3226 2953 morbi
3256 2900 3420 2969 ipsius

1838 2986 2124 3042 difficultas
2163 2988 2488 3043 medicorum
2529 2989 2809 3044 consilium
2856 3006 2961 3044 non
3003 2990 3252 3057 admittit,
3298 3000 3421 3047 tunc

1839 3080 2060 3135 fallaciae
2088 3096 2368 3150 personam
2400 3082 2623 3137 induere
2658 3092 2936 3152 coguntur,
2973 3092 3030 3138 ut
3071 3085 3422 3154 quemadmo-

1838 3172 1964 3227 dum
2000 3174 2051 3227 in
2088 3189 2248 3229 scena
2273 3174 2351 3230 rei
2388 3176 2665 3231 veritatem
2705 3176 2955 3246 obtegere
2997 3178 3216 3247 possint.
3250 3180 3422 3248 Atque

1841 3265 1944 3329 hic,
1978 3266 2022 3321 si
2050 3266 2242 3336 placet,
2291 3284 2451 3321 unum
2502 3267 2594 3322 tibi
2623 3284 2686 3323 ex
2713 3269 2892 3323 multis
2918 3268 3098 3322 dolum
3122 3269 3383 3323 enarrabo
3403 3312 3417 3335 ,

1837 3373 1995 3428 quem
2020 3372 2049 3411 a
2076 3359 2295 3413 medicis
2330 3359 2702 3414 concinnatum
2748 3359 2945 3413 audivi.
2993 3360 3180 3415 Incidit
3207 3360 3421 3430 quidam

1840 3451 1892 3504 in
1918 3449 2107 3506 febrim
2146 3451 2416 3506 ardentem
2448 3466 2510 3506 ac
2544 3451 3067 3506 vehementissimam
3099 3467 3113 3506 :
3147 3463 3306 3506 aestus
3336 3452 3420 3504 in-

1836 3555 1966 3612 gens
1994 3549 2128 3608 erat,
2161 3557 2223 3596 ac
2252 3551 2437 3597 cuncta
2464 3556 2546 3603 ea.
2570 3557 2688 3611 qua:
2711 3542 2882 3612 ignem
2904 3544 3238 3613 exstinguere
3266 3552 3417 3612 pote-

1837 3642 1977 3701 rant,
2002 3634 2289 3704 respuebat
2316 3649 2475 3704 :rger.
2508 3633 2765 3703 Cupiebat
2785 3644 2960 3689 autem
2988 3643 3041 3689 et
3065 3634 3201 3704 apud
3233 3651 3419 3689 omnes

1837 3738 1896 3779 se
1924 3724 2178 3779 adeuntes
2199 3725 2447 3791 instabat,
2471 3725 2569 3779 sibi
2591 3741 2795 3780 merum
2822 3725 2968 3796 large
2993 3727 3341 3795 porrigerent,
3365 3738 3418 3780 et

1836 3817 2112 3870 exitiosam
2136 3816 2279 3870 illam
2303 3816 2605 3885 cupidinem
2630 3816 2849 3886 implere
2878 3827 3241 3886 procurarent.
3265 3819 3417 3885 Quod

1837 3922 1966 3961 sane
1994 3922 2098 3961 non
2124 3907 2314 3962 febrim
2343 3908 2501 3962 modo
2533 3908 2932 3973 inflammasset,
2964 3910 3055 3963 sed
3085 3910 3335 3963 miserum
3365 3911 3417 3963 in

1837 3996 2072 4053 furorem
2101 4000 2436 4067 coniecisset,
2469 4000 2512 4053 si
2536 4000 2651 4069 quis
2680 4009 2852 4053 tamctt
2884 4001 3043 4055 talem
3074 4001 3169 4070 ipsi
3196 4001 3417 4071 gratiam

1836 4090 2178 4145 exhibuisset.
2205 4090 2336 4144 Cum
2378 4091 2464 4145 hic
2493 4106 2579 4145 ars
2610 4091 2739 4146 nihil
2772 4095 3052 4162 proliceret
3074 4133 3088 4158 ,
3113 4094 3418 4163 nullamque

1836 4184 2133 4238 machinam
2156 4185 2456 4252 excogitare
2481 4192 2678 4253 posset,
2700 4186 2806 4239 imo
2822 4200 3036 4254 prorsus
3054 4200 3115 4239 ea
3130 4186 3417 4255 rejicienda

1835 4275 2133 4341 videretur,
2179 4274 2294 4343 ejus
2335 4276 2475 4329 vices
2510 4274 2712 4329 fallacia
2753 4277 3048 4345 suscipiens
3076 4276 3177 4328 vim
3220 4286 3416 4331 tantam

1835 4368 2085 4434 ostendit,
2110 4377 2362 4437 quantam
2395 4383 2515 4421 mox
2554 4368 2755 4421 audies.
2803 4366 3013 4421 Etenim
3052 4368 3290 4423 medicus
3326 4385 3418 4422 vas

1835 4467 2123 4515 testaceum
2151 4474 2336 4515 recens
2353 4474 2382 4513 e
2402 4459 2612 4514 fornace
2628 4458 2872 4513 eductum
2890 4460 3012 4512 vino
3034 4459 3296 4526 permulto
3324 4460 3419 4512 im-

1836 4552 2020 4606 mersit
2041 4569 2052 4603 :
2076 4552 2398 4606 abstractum
2417 4551 2539 4605 hinc
2558 4565 2778 4604 vacuum
2798 4564 2915 4604 cum
2931 4564 3061 4619 aqua
3087 4550 3414 4620 replevisset,

1831 4643 2300 4711 jnbetargrotantis
2317 4642 2615 4695 cubiculum
2642 4642 2772 4694 velis
2800 4640 2976 4694 multis
2996 4641 3320 4705 obumbrari,
3352 4657 3419 4695 ne

1835 4734 1922 4786 lux
1948 4733 2123 4785 dolum
2148 4732 2432 4801 proderet;
2469 4740 2521 4786 et
2547 4745 2691 4800 :rgro
2713 4746 2803 4785 vas
2836 4731 2985 4801 quasi
3015 4746 3163 4785 mero
3203 4733 3414 4800 plenum

1837 4826 2083 4896 propinat
2110 4842 2123 4878 2
2154 4840 2257 4895 quo
2292 4825 2375 4878 vix
2420 4826 2662 4878 manibus
2697 4825 3028 4893 apprehenso
3054 4834 3284 4893 {BgI‘OIIlS
3312 4825 3414 4877 vini

1835 4921 1997 4974 odore
2014 4919 2189 4973 statim
2207 4918 2475 4987 deceptus,
2497 4917 2635 4987 quod
2657 4917 2885 4971 oblatum
2907 4915 3070 4970 fuerat
3096 4931 3197 4968 non
3216 4916 3417 4969 curavit

1838 5011 2268 5075 examinandum,
2292 5010 2384 5064 sed
2412 5010 2576 5063 odore
2599 5008 2804 5062 illectus
2831 5022 2894 5061 ac
2921 5006 3153 5060 tenebris
3179 5006 3413 5068 delirans,

1837 5110 2057 5170 urgente
2073 5102 2231 5155 etiam
2245 5100 2511 5169 cupidine,
2529 5098 2691 5151 multa
2709 5112 2828 5151 cum
2853 5096 3103 5149 aviditate
3126 5095 3300 5147 hausit
3321 5110 3334 5158 ;
3354 5109 3415 5147 ac

1835 5194 2054 5247 satiatus
2084 5190 2487 5247 suffocationem
2518 5190 2695 5242 statim
2719 5189 2734 5218 ¹
2761 5187 3011 5250 excussit,
3053 5197 3107 5239 et
3133 5185 3414 5238 imminens

1835 5283 2124 5352 periculum
2172 5280 2371 5349 effugit.
2407 5278 2590 5333 Videu’
2628 5278 2849 5330 fallaciae
2890 5275 3127 5329 lucrum?
3168 5274 3319 5342 Quod
3372 5276 3413 5327 si

1833 5373 1953 5443 quis
1991 5386 2179 5425 omnes
2222 5370 2548 5425 medicorum
2576 5368 2727 5422 dolus
2757 5382 3036 5421 recensere
3068 5367 3209 5429 velit,
3243 5367 3416 5421 oratio

1835 5479 1963 5518 sane
1991 5463 2215 5531 longior,
2250 5476 2404 5529 quam
2430 5475 2523 5529 par
2551 5459 2638 5523 sit,
2668 5457 2874 5512 evadet.
2902 5457 3011 5511 Nec
3040 5458 3212 5511 solum
3241 5456 3296 5522 ii,
3322 5458 3410 5526 qui

1835 5562 2057 5616 corpora
2087 5554 2309 5608 curant,
2336 5544 2430 5598 sed
2453 5544 2613 5598 etiam
2645 5544 2714 5604 ii,
2745 5541 2831 5612 qni
2862 5541 3054 5596 anima:
3087 5540 3285 5594 morbis
3321 5554 3409 5593 cu-

1836 5640 2015 5696 randis
2043 5648 2261 5704 vacant,
2298 5638 2397 5692 hoc
2430 5636 2731 5707 frequenter
2780 5634 3021 5690 remedio
3074 5632 3147 5687 uti
3195 5645 3414 5699 compe-

1897 5767 1914 5798 ί
1941 5773 1989 5815 ιιι
2006 5764 2170 5815 Morel.
2193 5763 2358 5822 deest,
2378 5761 2566 5823 statitn;
2580 5762 2668 5814 sed
2692 5762 2898 5814 habetur
2915 5761 2964 5809 in
2986 5757 3123 5809 savil.
3145 5757 3255 5807 etin
3271 5766 3416 5805 omm-

1833 5829 1928 5879 bus
1956 5841 2085 5892 pene
2100 5826 2358 5879 codicibus.
2646 5834 2647 5837 ‘
3220 5842 3229 5851 -
