3864 6254
1117 390 1176 445 S.
1214 374 1493 444 JOANNIS
1530 367 2005 435 CHRYSOSTOMI
2048 362 2366 424 ARCHIEP.
2405 355 2944 418 CONSTANTINOP.
3577 347 3680 402 ιω

2085 501 2211 557 fecit
2237 501 2255 572 (
2281 501 2334 556 3.
2369 497 2498 570 Reg.
2527 497 2612 553 l8.
2644 496 2714 552 54
2737 495 2777 563 ).
2803 493 2935 548 Nam
2965 490 3008 544 si
3041 487 3142 543 hoc
3170 485 3681 545 concederemus.ct

2086 596 2130 646 si
2160 607 2247 647 res
2276 591 2418 660 ipsas
2457 587 2646 653 nudas,
2679 600 2783 638 non
2826 594 3064 653 expenso
3106 586 3382 632 auctorum
3415 573 3646 629 consilio
3666 614 3682 634 ,

2092 681 2392 752 expendere
2414 679 2535 749 quis
2556 677 2806 740 voluerit,
2835 672 3105 728 Abraham
3133 669 3294 724 occisi
3318 670 3428 722 nati
3456 665 3678 721 damna-

2094 789 2152 828 re
2190 771 2365 843 quivis
2419 767 2661 840 poterit(
2697 766 2826 819 Gen.
2883 763 2975 818 22.
3033 763 3100 828 '5;
3130 762 3221 815 27.
3254 760 3396 828 19);
3439 767 3689 828 nepotem

2095 866 2221 919 item
2251 872 2304 917 et
2343 862 2660 928 abnepotem
2715 857 2831 926 ejus
2875 853 3122 908 maleﬁcii
3173 861 3227 907 et
3271 850 3382 906 doli
3431 864 3692 904 accusare

371 406 490 475 ,θδι

397 547 624 603 rinutur.
660 540 756 597 Sic
779 537 968 593 beatus
989 529 1183 589 Paulus
1210 529 1358 598 (Act.
1386 525 1477 578 21.
1498 517 1604 590 26)
1633 516 1826 571 multas
1863 509 1981 565 illas

400 637 702 692 Iudaeorum
742 626 1008 701 myriadas
1034 622 1251 678 attraxit
1275 619 1295 690 (
1320 617 1406 671 id.
1454 613 1541 669 16.
1565 610 1637 682 5)
1665 608 1807 701 :hoe

401 727 627 784 consilio
652 693 990 779 τιιιιοίιιρυπη
1015 709 1345 769 circumcidit
1369 708 1474 767 ille.
1495 705 1584 776 qni
1614 699 1814 757 Calatis
1839 693 1982 766 (Gal.

405 821 459 876 5.
488 815 547 888 2)
576 811 871 870 scribebat‘
891 807 1019 864 nihil
1047 804 1378 876 profuturum
1406 797 1672 852 Christum
1693 791 1756 847 iis
1775 789 1864 860 qui
1886 787 1989 843 cir-

406 882 796 966 cumciduntur.
833 900 957 956 Ideo
988 897 1092 965 legi
1139 910 1199 950 se
1229 889 1461 949 subdidit
1506 889 1572 952 is,
1619 890 1706 956 qui
1731 882 1989 955 justitiam

408 1016 474 1056 ex
499 999 616 1068 iege
652 1003 772 1066 post
802 992 958 1048 ﬁdem
989 990 1042 1044 in
1072 987 1340 1043 Christum
1369 982 1746 1037 detrimentum
1778 973 1995 1045 putabat

413 1091 672 1164 (Philipp.
720 1088 777 1142 3.
809 1086 890 1156 7).
918 1080 1143 1138 Fraudis
1170 1078 1367 1148 quippe
1392 1088 1580 1144 magna
1612 1071 1689 1124 vis
1714 1110 1733 1164 ,γ
1760 1067 1885 1164 dum
1928 1081 1996 1120 ne

412 1158 598 1239 doloso
620 1158 852 1236 consilio
879 1175 1151 1232 oﬁeratur.
1179 1170 1292 1225 lmo
1315 1181 1446 1223 vero
1472 1165 1586 1219 hate
1612 1163 1828 1216 minime
1853 1158 1998 1213 fraus

414 1270 730 1344 appellanda
758 1277 863 1333 est,
904 1265 998 1321 sed
1027 1260 1347 1325 (economia,
1375 1255 1635 1326 sapientia
1658 1262 1712 1308 et
1739 1267 1826 1306 ars
1855 1264 2000 1319 qua:-

417 1343 573 1430 dam,
603 1376 724 1433 qua:
752 1358 920 1430 possit
949 1355 1144 1411 multos
1173 1353 1348 1406 exitus
1373 1349 1424 1403 in
1453 1347 1613 1402 rebus
1633 1343 1814 1398 arduis
1843 1354 1999 1409 repe-

419 1456 546 1520 rire,
588 1431 887 1521 animmque
917 1447 1108 1504 delicta
1129 1442 1436 1501 emendare.
1480 1439 1661 1509 Neque
1691 1436 1832 1492 enim
1874 1431 2004 1487 Plii-

423 1562 578 1604 neem
615 1543 935 1600 homicidam
976 1539 1201 1596 dixerim
1233 1535 1423 1607 (Num.
1452 1533 1544 1591 25.
1572 1533 1653 1602 7),
1680 1527 1822 1601 quod
1856 1526 2006 1596 plaga

425 1653 531 1694 una
579 1637 715 1693 duos
771 1623 1540 1700 occiderit:quemadmodum
1594 1634 1766 1690 neque
1804 1617 2007 1673 Heliam

427 1734 502 1801 (4.
538 1731 666 1802 Reg.
689 1724 904 1796 l.9-l?.)
919 1724 988 1779 ob
1012 1723 1132 1778 illos
1147 1729 1358 1777 centum
1375 1716 1570 1772 milites
1595 1726 1886 1782 eorumque
1914 1710 2006 1765 dn-

427 1839 537 1888 ces,
565 1835 628 1876 ac
654 1834 900 1890 magnum
940 1817 1084 1872 illum
1114 1812 1386 1882 sanguinis
1417 1813 1727 1870 torrentem,
1760 1819 1917 1874 quem
1944 1817 2009 1858 ex

428 1929 612 1970 eorum
638 1913 725 1983 qui
750 1911 1052 1967 daemonum
1091 1905 1372 1963 sacrificuli
1415 1913 1567 1958 erant
1605 1902 1752 1957 cardo
1796 1915 2014 1956 manare

492 2028 510 2057 ¹
536 2027 610 2075 sic
639 2024 782 2074 Saril.
809 2031 861 2073 et
883 2021 1066 2086 aliquot
1086 2028 1196 2071 Mss.
1219 2028 1270 2069 lu
1295 2025 1341 2068 Β.

2099 956 2293 1029 (Exod.
2321 955 2406 1008 ll.
2433 953 2492 1022 2)
2541 967 2556 1005 :
2607 951 2686 1005 sic
2732 950 2876 1005 enim
2909 948 2996 1003 ille
3026 945 3504 1016 primogenituram
3551 943 3694 996 obii;

2100 1052 2251 1114 nuit;
2286 1048 2372 1102 hic
2417 1060 2546 1100 vero
2596 1043 2970 1114 Egyptiorum
3003 1040 3215 1094 divitias
3245 1039 3296 1092 in
3328 1037 3695 1092 lsraelitarnm

2101 1141 2372 1197 exercitus
2401 1137 2694 1193 transtulit.
2738 1136 2804 1188 At
2835 1148 2939 1187 non
2969 1133 3038 1186 ita
3069 1146 3129 1185 se
3156 1144 3243 1185 res
3269 1129 3455 1193 habet,
3487 1143 3598 1181 non
3629 1129 3694 1180 ita

2103 1246 2235 1288 sane
2267 1247 2281 1285 :
2313 1243 2478 1299 apage
2513 1236 2712 1282 tantam
2751 1224 3044 1279 audaciam.
3073 1221 3188 1276 Non
3216 1220 3376 1274 modo
3402 1221 3556 1275 enim
3585 1219 3700 1271 illos

2104 1323 2259 1392 culpa
2281 1335 2471 1375 vacare
2495 1319 2745 1383 dicimus,
2765 1316 2861 1371 sed
2887 1316 3046 1371 etiam
3066 1329 3134 1369 eo
3158 1313 3372 1368 nomine
3401 1313 3698 1374 miramur;

2111 1410 2542 1482 quandoquidem
2571 1410 2683 1478 ipse
2711 1409 2850 1463 Deus
2885 1405 3004 1461 illos
3030 1405 3150 1460 ideo
3177 1403 3432 1459 laudavit.
3458 1402 3701 1471 Namque

2110 1505 2198 1560 ille
2224 1503 2383 1562 fallax
2415 1501 2536 1571 jure
2563 1500 2793 1566 dicatur,
2822 1497 2914 1569 qui
2945 1496 2996 1552 id
3022 1498 3200 1566 inique
3232 1494 3570 1566 aggreditur,
3599 1509 3701 1546 non

2113 1604 2288 1649 autem
2319 1593 2409 1662 qui
2441 1607 2572 1647 sano
2598 1591 2658 1646 id.
2678 1590 2902 1646 consilio
2932 1587 3058 1643 facit
3083 1590 3123 1641 ¹.
3157 1586 3419 1657 Sameque
3447 1586 3706 1654 contingit

2113 1695 2173 1741 ut
2216 1684 2399 1740 fallere
2448 1684 2516 1739 sit
2565 1696 2722 1752 opus,
2751 1689 2814 1736 ut
2859 1695 2953 1750 per
2982 1678 3284 1747 hujusinodi
3317 1687 3492 1731 artem
3521 1691 3706 1744 magna

2117 1777 2315 1831 utilitas
2355 1776 2687 1844 importetur.
2723 1773 2821 1840 Qui
2865 1781 3042 1825 autem
3087 1778 3232 1825 recta
3276 1770 3360 1822 via
3392 1767 3632 1829 incedit,
3662 1767 3707 1818 ei

2116 1881 2273 1937 quem
2299 1865 2480 1920 fallere
2508 1864 2677 1919 uoluit
2705 1878 2895 1932 magna
2921 1875 3064 1930 saepe
3092 1861 3226 1914 mala
3258 1859 3461 1914 intulit.

2183 1957 2201 1989 ¹
2237 1964 2364 2014 llaec,
2386 1967 2480 2005 non
2501 1960 2660 2004 autent
2682 1951 2765 2014 qui
2798 1965 2916 2002 sano
2950 1951 3004 2001 id
3040 1949 3239 2014 comitio
3273 1948 3412 2011 facit,
3445 1949 3634 2014 (losum
3667 1948 3712 1995 in

2121 2020 2330 2067 maxima
2353 2009 2460 2067 illss.
2487 2023 2643 2079 parte,
2667 2009 2754 2063 sed
2779 2015 3019 2064 habentur
3046 2016 3092 2062 in
3114 2012 3254 2061 δίῃ-ιι.
3274 2009 3336 2062 et
3359 2009 3530 2060 Morel.

1421 2111 1890 2304 LIBER
1985 2196 2268 2304 SEO
2282 2120 2825 2302 ΠΝΒῧέῘ

862 2487 966 2523 [hic
998 2486 1167 2522 INSUNT
1200 2479 1337 2519 ιιιιιισ
1369 2481 1597 2519 SECUNDO:

440 2591 476 2633 I.
508 2579 832 2630 Sacerdotium
853 2576 1039 2638 grande
1062 2587 1173 2624 esse
1194 2574 1386 2635 signum
1423 2572 1668 2621 charttatis
1726 2583 1844 2634 erga
1895 2569 2028 2618 Chri-

442 2653 965 2754 ttfl‘tldguiinisterium
987 2696 1094 2748 aliis
1116 2695 1437 2748 antecellere.

443 2774 512 2814 ιιι.
546 2772 762 2827 Magnum
784 2769 836 2811 et
847 2758 1414 2827 admirandumauimtun
1437 2756 1714 2827 requirere.

441 2834 510 2877 tv.
545 2816 659 2874 item
681 2837 796 2874 esse
813 2821 1005 2885 plenam
1024 2818 1352 2885 difﬁcultatum
1371 2830 1428 2867 ac
1447 2816 1787 2885 periculorum.

443 2876 494 2938 ἱ.
529 2895 621 2937 Nos
642 2876 838 2949 proliter
858 2885 1121 2949 caritatem
1144 2884 1194 2932 in
1227 2876 1464 2949 Christum
1486 2891 1608 2949 rem_
1633 2876 2027 2949 istaml‘ugisse.

444 2958 513 2999 γι.
549 2939 901 3020 ῡςιὶιριιὲιτειιιο
960 2946 1150 2994 virtutis
1207 2942 1381 3003 Basilii,
1429 2955 1486 2993 ac
1533 2940 1844 2991 vehementis
1908 2939 2023 3001 ejus

446 3017 820 3130 thaaliggsuon
843 3070 894 3120 in
925 3065 1263 3130 contumeliam
1299 3076 1486 3124 eorum,
1511 3064 1709 3127 quinos
1753 3061 2029 3124 elegerant,

511 3127 864 3201 ordinationem
889 3127 1230 3201 eii'ugerirnus.

447 3202 558 3245 \lttl.
589 3193 718 3253 Quod
743 3194 890 3242 etiam
921 3185 1150 3252 fugiendo
1172 3201 1200 3238 a
1223 3188 1578 3251 vituperatione
1615 3185 1721 3237 illos
1743 3186 2032 3236 eruerimus.

523 3405 673 3474 Quod
697 3405 854 3476 igitur
879 3419 944 3458 ex
974 3417 1126 3472 atquo
1151 3411 1206 3458 et
1253 3401 1394 3456 bono
1418 3399 1618 3456 fraudis
1648 3400 1698 3455 vi
1745 3400 1819 3455 uti
1850 3400 2032 3467 liceat,

455 3501 563 3554 imo
582 3498 756 3570 potius
793 3496 934 3567 quod
959 3511 1077 3550 eam
1104 3510 1208 3550 non
1239 3491 1477 3552 fraudem
1504 3531 1520 3558 ,
1544 3493 1640 3551 sed
1671 3492 2036 3549 admirandam

454 3591 805 3648 meonomiam
859 3587 1128 3658 appellare
1175 3596 1464 3658 oporteat,
1522 3587 1762 3657 pluribus
1828 3595 2038 3658 poterat

453 3680 807 3752 comprobari.
848 3678 981 3748 Quia
1025 3692 1152 3733 vero
1208 3693 1326 3748 quin
1354 3678 1598 3749 superius
1627 3677 1768 3734 dicta
1796 3687 1922 3734 sunt
1969 3677 2037 3734 ad

457 3773 515 3828 id
557 3771 1025 3829 demonstrandum
1085 3769 1390 3835 sufﬁciunt,
1437 3785 1599 3842 grave
1649 3770 2039 3842 molestumque

457 3865 680 3935 putarim
713 3877 1156 3934 supervacaneam
1215 3863 1584 3933 prolixamque
1622 3878 1684 3918 ea
1715 3862 1780 3918 de
1809 3878 1866 3919 re
1913 3877 2036 3918 ora-

458 3959 654 4012 tionem
687 3965 887 4011 texere.
921 3953 1093 4010 Tuum
1117 3954 1185 4010 de
1212 3955 1415 4025 reliquo
1439 3954 1540 4009 erit
1566 3953 1880 4020 ostendere,
1913 3969 2039 4009 num

457 4063 522 4101 ex
562 4045 844 4102 commodo
877 4054 969 4099 tuo
996 4045 1141 4099 fraus
1180 4060 1240 4098 ea
1272 4059 1299 4096 a
1346 4046 1500 4099 nobis
1526 4044 1760 4101 adhibita
1787 4045 1874 4100 sit.
1901 4045 2036 4100 Tum

463 4137 764 4194 BASILIUS
791 4155 804 4190 :
835 4137 909 4191 Ec
960 4136 1099 4206 quod
1126 4177 1142 4203 ,
1175 4136 1342 4205 inquit
1369 4176 1386 4204 ,
1435 4137 1586 4192 nobis
1616 4137 1818 4192 lucrum
1863 4154 1927 4192 ex
1952 4139 2040 4193 tali

461 4229 544 4284 vel
593 4228 890 4285 metiliomia
921 4227 1003 4281 vel
1052 4227 1305 4296 sapientia
1338 4268 1352 4292 ,
1393 4237 1446 4282 et
1485 4229 1752 4296 quomodo
1795 4244 1912 4286 eam
1943 4243 2042 4298 ap-

465 4321 664 4390 pellare
715 4319 872 4372 libeat
896 4360 909 4380 ,
959 4328 1015 4371 ut
1044 4333 1352 4388 persuasum
1402 4317 1556 4372 nobis
1594 4318 1662 4373 sit
1687 4329 1906 4374 nosate
1936 4335 2043 4375 non

462 4413 625 4469 fuisse
644 4411 928 4483 deceptos?

541 4505 594 4559 Ι.
623 4503 976 4574 Sacerdotium
1022 4501 1215 4574 grande
1258 4518 1365 4557 esse
1407 4503 1604 4574 signum
1653 4502 1875 4556 caritatis
1925 4519 2048 4574 erga

467 4596 743 4651 Christum.
764 4593 1152 4651 —JOANNES
1176 4594 1216 4649 ‘.
1249 4592 1472 4662 Ecquid,
1511 4593 1747 4664 inquam,
1776 4592 1876 4649 hoc
1899 4592 2046 4647 lucro

467 4689 642 4760 majus
678 4686 836 4743 fuerit
859 4728 875 4753 ,
906 4701 1064 4758 quam
1094 4687 1139 4742 si
1179 4687 1292 4742 inec
1316 4701 1533 4757 agamus
1554 4728 1570 4754 ,
1598 4703 1716 4756 qua:
1746 4686 2047 4742 dilectionis

468 4794 594 4849 erga
641 4776 908 4832 Christum
947 4785 1256 4847 argumenta
1292 4791 1412 4832 esse
1455 4777 1587 4832 dixit
1616 4778 1728 4848 ipse
1761 4777 2001 4832 Christus
2028 4817 2044 4844 ,

466 4872 556 4941 qui
583 4869 946 4942 apostolorum
984 4868 1324 4940 coryphaeum
1373 4870 1451 4925 sic
1491 4869 1778 4938 alloquitur
1804 4911 1821 4935 ,
1854 4869 2003 4925 Petre
2029 4909 2046 4937 ,

469 4965 638 5035 inquit
666 5005 682 5029 ,
722 4980 866 5018 amas
917 4979 997 5020 me
1025 4961 1200 5031 (Joan.
1227 4962 1318 5018 2i.
1349 4962 1477 5033 15)?
1504 4962 1555 5017 id
1595 4963 1686 5018 illo
1726 4961 2044 5027 conﬁtente,

469 5057 706 5127 adjungit
736 5075 750 5112 :
781 5057 842 5112 Si
887 5073 1030 5109 amas
1065 5071 1162 5118 nte,
1196 5070 1346 5125 pasce
1396 5069 1510 5108 oves
1556 5069 1715 5110 meas.
1758 5053 2051 5125 lnterrogat

469 5148 787 5217 discipulum
809 5147 1059 5217 Magister
1091 5186 1106 5212 ,
1140 5160 1264 5199 num
1312 5143 1562 5212 diligatur
1589 5142 1657 5198 ab
1689 5157 1754 5198 eo
1777 5182 1793 5208 ,
1833 5159 1935 5198 non
1993 5151 2052 5197 ut

475 5237 710 5293 ediscat:
744 5236 1009 5306 quomodo
1039 5235 1179 5290 enim
1208 5235 1410 5290 ediscat
1452 5249 1572 5287 eum
1603 5233 1840 5288 omnium
1891 5234 2050 5290 corda

477 5331 666 5387 norit?
696 5330 789 5385 sed
820 5339 877 5383 ut
925 5343 1022 5384 nos
1051 5329 1296 5393 doceret,
1331 5335 1584 5396 quantum
1612 5324 1756 5379 cordi
1784 5326 1883 5381 sibi
1910 5334 2054 5380 esset

479 5423 779 5494 hujusmodi
802 5422 975 5492 gregis
1002 5423 1329 5490 pra-lectura.
1368 5417 1420 5472 Id
1441 5433 1560 5472 cum
1599 5417 1770 5487 palam
1801 5418 1890 5483 sit,
1924 5417 2052 5472 illud

480 5517 605 5570 item
635 5512 976 5569 manifestum
1002 5512 1124 5576 erit,
1154 5525 1396 5581 magnam
1427 5509 1542 5564 fore
1570 5509 1871 5564 mercedem
1903 5510 2053 5566 labo-

480 5606 615 5662 ranti
665 5605 718 5660 in
763 5605 868 5670 iis,
919 5619 1038 5674 qua:
1066 5619 1256 5674 magno
1296 5603 1432 5674 apud
1490 5601 1756 5658 Christum
1787 5603 1840 5658 in
1884 5605 2055 5674 pretio

543 5759 560 5792 ί
581 5765 629 5807 ιη
653 5756 836 5820 aliquot
852 5755 1094 5820 codicibus
1109 5754 1186 5802 hic
1208 5754 1449 5820 inseritur,
1461 5760 1680 5812 Joannes,
1697 5752 1887 5820 supple,
1904 5753 2055 5818 (νυ-9-

482 5815 856 5883 sostcmm'qua:
881 5825 957 5867 cst
976 5815 1128 5867 altera
1150 5815 1369 5877 colloquii
1395 5829 1616 5878 persona.
1643 5821 1691 5864 lu
1714 5815 1819 5865 aliis
2071 5827 2073 5829 '

2135 2473 2280 2518 sunt.
2321 2460 2452 2515 Nam
2491 2459 2572 2523 si,
2631 2471 2752 2512 cum
2803 2455 3060 2525 quosdam
3113 2454 3356 2510 videmus
3404 2454 3723 2510 (simulantia

2133 2555 2217 2610 vel
2283 2566 2530 2622 pecorum
2589 2551 2605 2581 ⁸
2633 2559 2935 2605 nostrorum
2992 2562 3172 2602 curam
3241 2547 3483 2613 habere,
3531 2547 3721 2600 sollici-

2136 2646 2372 2701 tudinem
2426 2643 2568 2699 illam
2637 2656 2732 2710 pro
2791 2647 3106 2712 argumento
3161 2639 3362 2694 amoris
3423 2655 3561 2710 erga
3634 2654 3722 2692 nos

2139 2736 2396 2792 habemus
2419 2774 2434 2799 .
2465 2733 2674 2792 etiamsi
2722 2732 2811 2788 illa
2846 2730 3026 2788 omnia
3071 2731 3310 2800 pecunia:
3339 2734 3519 2802 pretio
3547 2747 3722 2785 esitan-

2138 2837 2222 2884 tur
2252 2846 2266 2883 :
2295 2827 2382 2898 qui
2412 2841 2518 2881 non
2574 2825 2796 2896 pecunia
2843 2832 2936 2878 aut
2976 2823 3082 2886 alio
3106 2824 3357 2893 quoniam
3413 2824 3611 2888 simili,
3643 2824 3726 2878 sed
3807 2838 3817 2845 ·

2137 2920 2354 2992 propria
2381 2926 2554 2974 morte
2585 2917 2725 2972 hunc
2744 2930 2959 2986 gregem
2993 2915 3153 2979 emit,
3192 2923 3247 2970 et
3277 2930 3373 2985 pro
3415 2916 3587 2971 ovilis
3616 2933 3725 2985 pre-

2138 3014 2212 3069 tio
2259 3012 2570 3083 sanguinem
2597 3009 2744 3066 dedit
2773 3049 2789 3076 ,
2820 3018 3020 3080 quanto
3062 3010 3282 3079 przemio
3317 3018 3572 3078 pastores
3623 3012 3729 3079 ejus

2136 3104 2532 3164 rcmuuerabit?
2557 3101 2912 3172 Quamobrem
2952 3115 3074 3156 cum
3119 3100 3344 3156 dixisset
3389 3101 3728 3172 discipulus,

2137 3197 2361 3264 Tuscis,
2390 3194 2606 3250 Domine
2628 3235 2644 3260 ,
2674 3193 2792 3263 quia
2835 3208 2949 3247 amo
2985 3201 3055 3258 te,
3089 3199 3142 3246 et
3183 3191 3438 3246 dilectum
3466 3192 3648 3260 ipsom
3685 3194 3729 3245 in

2135 3290 2435 3348 dilectionis
2456 3296 2646 3343 testem
2696 3294 2936 3342 vocasset
2972 3301 2988 3338 :
3038 3299 3144 3339 non
3173 3283 3258 3338 hic
3281 3285 3432 3339 stetit
3457 3283 3730 3350 Servatur,

2135 3380 2230 3440 sed
2247 3379 2546 3436 dilectionis
2560 3385 2930 3449 argumentum
2944 3374 3158 3446 adjecit.
3181 3374 3292 3430 Non
3309 3375 3454 3430 enim
3472 3388 3730 3446 quantum

2139 3475 2328 3531 Petrus
2342 3488 2400 3529 se
2414 3471 2657 3544 diligeret
2671 3469 2954 3526 ostendere
2971 3477 3098 3524 tunc
3111 3469 3322 3524 volebat
3339 3487 3351 3522 :
3371 3485 3498 3526 tum
3512 3469 3569 3524 id
3587 3469 3732 3524 nobis

2137 3581 2203 3622 ex
2233 3565 2411 3620 multis
2437 3562 2766 3633 argumentis
2807 3561 2919 3632 jam
2945 3561 3117 3631 palam
3167 3572 3319 3626 erat;
3349 3562 3448 3618 sed
3476 3572 3735 3632 quantum

2141 3657 2254 3727 ipse
2302 3655 2598 3712 Ecelesiam
2649 3653 2894 3723 diligeret
2935 3667 3129 3719 suam,
3167 3661 3220 3708 et
3271 3652 3488 3709 Petrum
3534 3664 3594 3710 et
3646 3669 3736 3710 nos

2139 3761 2328 3810 omnes
2356 3745 2568 3804 edoceri
2605 3745 2808 3811 voluit,
2837 3753 2897 3800 ut
2923 3759 3166 3814 magnam
3195 3753 3251 3799 et
3285 3760 3384 3799 nos
3431 3745 3538 3800 hac
3586 3748 3642 3802 in
3684 3763 3735 3800 re

2141 3837 2548 3896 sollicitudinem
2597 3835 2977 3892 exhiberemus
3001 3834 3176 3906 (Rom.
3205 3836 3258 3892 8.
3289 3837 3406 3904 52).
3432 3836 3552 3892 Cur
3601 3839 3734 3893 etaim

2143 3931 2284 3987 Dens
2313 3929 2452 3985 Filio
2475 3943 2574 3984 suo
2596 3927 2867 3998 unigenito
2892 3941 2996 3982 non
3024 3929 3293 3996 pepercit,
3321 3927 3416 3982 sed
3443 3945 3615 3998 quem
3637 3929 3736 3984 uni-

2141 4037 2264 4077 cum
2316 4019 2545 4076 habebat
2575 4018 2790 4075 tradidit
2832 4015 3012 4088 (Joan.
3041 4017 3097 4073 ὅ.
3131 4017 3257 4087 16)?
3284 4016 3352 4073 Ut
3375 4033 3473 4073 eos
3513 4021 3612 4088 qui
3641 4020 3734 4074 ini-

2145 4113 2285 4167 mico
2318 4127 2441 4180 erga
2496 4125 2557 4164 se
2617 4110 2798 4163 animo
2846 4117 3028 4164 essent
3079 4109 3178 4163 sibi
3232 4109 3648 4174 reconciliaret,
3689 4120 3736 4164 et

2147 4202 2467 4273 peculiarem
2517 4199 2616 4254 sibi
2682 4199 2933 4268 pepulum
2989 4197 3204 4253 laceret.
3259 4197 3369 4254 Cur
3422 4201 3734 4270 sanguine:

2144 4293 2364 4350 eﬁ‘udit?
2399 4291 2469 4346 Ut
2493 4291 2590 4348 has
2619 4298 2824 4345 emeret
2853 4303 3003 4356 oves,
3035 4303 3168 4359 quas
3193 4289 3352 4344 Petro
3377 4298 3434 4345 et
3459 4304 3736 4347 siseeesso-

2146 4385 2295 4440 ribus
2345 4385 2462 4451 ejus
2502 4383 2716 4440 tradidit
2749 4381 2880 4451 (Tit.
2923 4381 2980 4437 2.
3014 4381 3268 4453 M).Jure
3308 4385 3330 4414 '
3371 4398 3502 4453 ergo
3531 4383 3733 4440 dicebat

2147 4477 2412 4543 Christus,
2448 4476 2695 4545 Quisnam
2721 4485 2797 4531 est
2827 4475 2994 4544 ﬁdelis
3038 4491 3209 4530 scietis
3228 4485 3275 4530 et
3301 4477 3526 4545 prudens
3548 4516 3568 4540 ,
3597 4494 3735 4548 qua

2151 4568 2413 4622 constituet
2436 4567 2670 4621 dominus
2697 4567 2806 4638 ejus
2831 4582 2984 4637 super
3009 4566 3211 4620 domum
3228 4581 3373 4620 suam
3395 4565 3622 4637 (Matth.
3646 4567 3734 4622 24.

2150 4659 2280 4730 45)?
2311 4659 2539 4714 Rursum
2576 4658 2735 4714 verba
2764 4657 3054 4712 dubitantis
3097 4666 3258 4722 sunt,
3283 4657 3382 4712 etsi
3412 4659 3502 4728 qui
3568 4659 3734 4730 loqui-

2155 4762 2238 4807 tur
2277 4751 2406 4805 nihil
2461 4750 2712 4805 dubilans
2759 4764 2822 4805 ea
2854 4748 3086 4820 proferat
3116 4766 3129 4801 :
3158 4749 3251 4804 sed
3288 4749 3734 4818 quemadmodum

2151 4859 2272 4900 cum
2301 4843 2516 4899 Petrum
2549 4842 2897 4910 interrogaret
2920 4856 3043 4895 nmn
3073 4855 3133 4896 se
3169 4840 3412 4910 diligeret
3432 4882 3446 4904 ,
3478 4856 3593 4896 non
3623 4843 3736 4896 ideo

2152 4933 2520 4989 sciscitabatur
2547 4933 2688 5002 quod
2716 4933 2874 4989 vellet
2899 4933 3142 5001 discipuli
3169 4947 3407 4990 amorem
3430 4935 3734 5004 explorare,

2153 5025 2246 5080 sed
2278 5035 2336 5079 ut
2362 5024 2562 5094 proprii
2589 5023 2788 5078 amoris
2811 5022 3224 5093 magnitudinem
3253 5023 3577 5089 declararet;
3595 5027 3663 5080 ita
3682 5035 3734 5079 et

2157 5129 2297 5169 nunc
2323 5129 2444 5168 cum
2472 5113 2630 5179 dicit,
2658 5111 2903 5179 Quisnam
2932 5121 3006 5168 est
3024 5112 3189 5182 fidelis
3215 5129 3384 5168 servus
3409 5123 3458 5168 et
3482 5115 3737 5183 prudens!

2157 5219 2260 5258 non
2291 5203 2394 5258 hoc
2445 5205 2522 5258 ait
2543 5243 2558 5266 ,
2587 5201 2729 5272 quod
2759 5202 2808 5258 ei
2859 5203 3068 5273 ignotus
3096 5203 3165 5256 sit
3195 5201 3364 5257 ﬁdelis
3413 5218 3477 5258 ac
3501 5206 3734 5274 prudens

2157 5308 2365 5358 servus,
2397 5294 2491 5349 sed
2516 5292 2657 5362 quod
2683 5292 2968 5348 ostendere
2994 5293 3154 5357 velit,
3182 5308 3342 5362 quam
3372 5295 3478 5348 rari
3495 5296 3610 5348 sint
3639 5294 3729 5347 bu-

2153 5384 2382 5453 jnsmodi
2412 5385 2585 5446 servi,
2615 5393 2671 5437 et
2708 5393 2910 5452 quanta
2952 5383 3021 5438 sit
3049 5384 3188 5439 illius
3241 5383 3584 5452 magistratus
3619 5401 3725 5438 aui-

2161 5474 2384 5542 plitudo.
2415 5474 2544 5529 Vide
2588 5475 2765 5544 itaque
2804 5483 3055 5544 quantum
3084 5474 3153 5528 sit
3196 5477 3472 5543 praemium
3515 5494 3531 5529 :
3572 5477 3729 5546 Super

2159 5567 2348 5630 omnia,
2398 5565 2602 5635 inquit,
2631 5566 2762 5620 bona
2790 5583 2880 5621 sua
2902 5567 3163 5620 constituet
3201 5583 3336 5620 eum.

2223 5700 2238 5730 ι
2275 5699 2347 5747 sic
2367 5697 2506 5766 savii.
2548 5705 2600 5750 et
2635 5697 2824 5766 plurimi
2849 5705 2954 5766 Mss.
2995 5706 3044 5748 tn
3069 5699 3250 5764 March:
3272 5709 3324 5752 et
3365 5701 3490 5764 aliis,
3534 5705 3732 5766 [mb-

2156 5773 2264 5808 rimt
2283 5766 2328 5822 et
2351 5759 2738 5822 propinquorum,
2765 5759 2960 5822 legitur.

2225 5823 2244 5852 ³
2277 5819 2461 5884 aliipto't
2480 5819 2608 5882 Mss"
2613 5820 2728 5882 jure
2752 5819 2968 5877 aciuste.
