3922 6252
341 339 444 398 6'53

414 455 480 526 β’.
503 453 624 506 Ἔτι
656 444 750 506 οῦν
787 447 1225 521 ἀμφισϐητήσεις
1253 447 1386 516 ἡμῖν
1413 441 1510 496 τοῦ
1547 441 1622 513 μὴ
1657 438 1836 503 καλῶς
1864 440 2014 526 ίλπα⁴

339 525 556 615 τῆσθαι,
589 541 722 594 πᾶσι
759 536 966 610 μέλλων
998 533 1388 604 ἐπιστήσεσθαι
1411 530 1506 584 τοῦ
1537 526 1674 582 Θεοῦ
1693 529 1805 590 τοῖς
1834 525 2015 615 ὑπάρ-

343 613 517 703 χουσι,
554 629 650 683 καὶ
680 626 852 682 ταῦτα
883 624 1159 695 πράττων,
1187 620 1224 674 δι
1263 621 1358 675 καὶ
1388 619 1478 672 τὸν
1519 616 1725 688 Πέτρον
1757 613 2015 667 ποιοῦντα

345 702 513 790 ἔφησε
558 713 879 788 δυνήσεσθαι
924 712 1018 766 καὶ
1057 709 1166 764 τῶν
1223 707 1535 763 ἀποστόλων
1591 702 2015 774 ὑπερακοντίσαι

341 807 468 872 τοὺς
487 805 729 868 λοιπούς.
761 801 944 871 Πέτρε
969 799 1099 870 γάρ,
1132 799 1286 868 φησὶ,
1308 795 1503 866 φιλεῖς
1524 811 1601 863 με
1634 790 1846 846 πλεῖον
1878 790 2015 843 τού-

343 910 500 960 των;
526 894 806 962 Ποίμαινε
830 889 903 942 τὰ
930 885 1195 957 πρόϐατά
1216 902 1357 954 μου.
1387 881 1580 936 Καίτοι
1611 883 1662 951 γ’
1690 879 1819 950 ἐνῆν
1841 880 2016 932 εἰπεῖν

345 982 480 1053 πρὸς
507 981 688 1045 αὑτὸν,
723 979 772 1032 εί
805 977 979 1047 φιλεῖς
1024 993 1113 1046 με,
1162 972 1418 1046 νηστείαν
1460 971 1640 1034 ἀσκει,
1690 966 2014 1039 χαμευνίαν,

343 1068 648 1142 ἀγρυπνίας
672 1067 976 1130 συντόνους,
1002 1063 1302 1135 προΐστασο
1316 1059 1425 1113 τῶν
1446 1056 1838 1127 ἀδικουμένων,
1866 1053 2016 1124 γίνου

343 1160 597 1231 ὀρφανοῖς
627 1157 702 1222 ώς
741 1155 944 1224 πατὴρ,
984 1152 1079 1206 καὶ¹
1115 1151 1233 1205 ἀντὶ
1273 1147 1465 1219 ἀνδρὸς
1504 1148 1572 1217 τῇ
1609 1145 1778 1216 μητρὶ
1815 1142 2015 1198 αὐτῶν.

346 1247 461 1301 Νῦν
492 1247 550 1300 δὲ
577 1245 754 1300 πάντα
779 1241 952 1297 ταῦτα
977 1240 1155 1309 ἀφεὶς,
1190 1239 1242 1292 τί
1275 1252 1440 1306 φησι;
1469 1235 1750 1302 Ποίμαινε
1771 1231 1841 1287 τὰ
1873 1233 2020 1300 πρό-

347 1335 496 1390 ϐατὰ
519 1353 659 1406 μου.
704 1333 916 1385 Ἐκεῖνα
937 1329 1034 1401 μὲν
1059 1327 1188 1399 γὰρ,
1221 1324 1258 1380 ὃ.
1283 1325 1562 1395 προεῖπον,
1595 1322 1691 1376 καὶ
1722 1320 1832 1374 τῶν
1857 1321 2021 1392 ἀρχο-

351 1425 528 1497 μένων
567 1421 752 1478 πολλοὶ
784 1418 1014 1472 δύναιντ’
1051 1416 1116 1469 ἂν
1147 1411 1412 1467 ἐπιτελεῖν
1442 1409 1659 1497 ῥαδίως,
1695 1409 1796 1462 οὐκ
1828 1408 2021 1497 ἀνδρες

352 1494 532 1584 μόνον,
557 1508 693 1564 ἀλλά
720 1508 816 1561 καὶ
836 1506 1108 1574 γυναῖκες·
1136 1502 1263 1554 ὅταν
1281 1499 1337 1552 δέ
1367 1496 1702 1584 ἙκκλησίαςΔ
1720 1494 2021 1584 προστῆναι

348 1580 465 1672 δέῃ,
495 1597 588 1651 καὶ
611 1592 798 1666 ψυχῶν
826 1590 1140 1660 ἐπιμέλειαν
1168 1583 1522 1654 πιστευθῆναι
1549 1580 1841 1644 τοσούτων,
1872 1582 2019 1634 πᾶσα

353 1667 452 1758 μὲν
498 1686 533 1757 η
574 1680 868 1753 γυναικεία
898 1677 1058 1748 φύσις
1099 1672 1497 1746 παραχωρείτω
1542 1670 1621 1742 τῷ
1657 1669 1877 1742 μεγέθει
1925 1667 2021 1722 τοῦ

349 1757 696 1847 πράγματος,
731 1768 825 1822 καὶ
859 1766 1067 1837 ἀνδρῶν
1102 1763 1158 1816 δὲ
1190 1761 1251 1815 16
1281 1760 1462 1847 πλέον·
1502 1758 1825 1828 ἀγέσθωσαν
1857 1757 1914 1811 δέ
1943 1758 2024 1820 εἰς

353 1845 517 1934 μέσον
545 1859 595 1913 οἰ
620 1855 800 1926 πολλῷ
823 1854 902 1926 τῷ
932 1852 1116 1924 μέτρῳ
1143 1846 1593 1910 πλεονεκτοῦντες
1617 1845 1894 1910 ἀπάντων,
1929 1845 2025 1899 καὶ

349 1931 601 2004 τοσοῦτον
631 1942 952 2016 ὑψηλότεροι
981 1939 1090 1993 τῶν
1117 1937 1292 1991 ἄλλων
1317 1934 1460 1989 κατὰ
1490 1933 1588 2004 τὴν
1613 1934 1712 2004 τῆς
1733 1933 1910 2003 ψυχῆς
1938 1931 2024 1985 δν-

348 2057 440 2104 τες
478 2036 701 2110 ἀρετὴν,
735 2035 861 2088 ὅσον
901 2027 995 2084 τοῦ
1027 2026 1226 2090 παντὸς
1264 2024 1450 2087 έθνους
1486 2021 1754 2110 Ἑϐραίων
1791 2020 1933 2110 κατά
1963 2021 2024 2110 16

348 2127 444 2183 τοῦ
474 2108 724 2197 σώματος
752 2118 979 2194 μέγεθος
1007 2119 1036 2171 6
1060 2114 1252 2178 Σαοὺλ,
1282 2111 1480 2184 μᾶλλον
1505 2111 1562 2164 δὲ
1591 2111 1684 2164 καὶ
1711 2108 1863 2182 [575]
1900 2109 2026 2163 πολ-

349 2216 428 2289 λῷ
458 2213 640 2268 πλέον.
669 2211 761 2282 Μὴ
781 2209 891 2279 γάρ
921 2222 1012 2278 μοι
1038 2203 1196 2276 μόνον
1222 2200 1543 2289 ὑπερωμίας
1570 2199 1807 2289 ἐνταῦθα
1838 2197 2024 2269 ζητεί-

353 2285 466 2359 σθω
495 2302 709 2374 μέτρον·
748 2296 862 2351 ἀλλ’
886 2295 986 2364 ὅση
1037 2291 1172 2362 πρὸς
1213 2289 1282 2343 τά
1325 2288 1493 2358 ἀλογα
1527 2286 1634 2342 τῶν
1676 2285 1906 2356 λογικῶν
1932 2287 2026 2342 ἀν-

352 2391 641 2466 θρώπωνή
675 2385 926 2457 διαφορὰ,
947 2381 1203 2436 τοσοῦτον
1235 2378 1327 2432 τοῦ
1356 2375 1616 2448 ποιμένος
1639 2377 1734 2430 καὶ
1762 2375 1872 2429 τῶν
1907 2393 2027 2429 ποι-

355 2463 698 2553 μαινομένων
731 2473 875 2527 ἐστω
905 2469 966 2523 16
1003 2468 1189 2541 μέσον,
1218 2467 1307 2520 ἴνα
1345 2465 1420 2553 μὴ
1444 2463 1548 2553 ,καὶ
1591 2463 1752 2518 πλέον
1784 2481 1835 2517 τι
1864 2465 2023 2518 είπω·

352 2550 448 2622 καὶ
477 2565 587 2636 γὰρ
612 2561 740 2634 περὶ
770 2557 948 2628 πολλῷ
985 2555 1250 2628 μειζόνων
1289 2553 1318 2606 6
1347 2551 1609 2615 κίνδυνος.
1654 2551 1712 2604 '0
1758 2550 1855 2621 μὲν
1892 2551 2026 2623 πρό.

353 2655 493 2708 ϐατα
520 2649 778 2713 ἀπολλὺλς,
808 2647 848 2720 ἦ
866 2645 1046 2700 λύκων
1069 2640 1455 2715 ἁρπασάντων,
1479 2638 1513 2708 ἢ
1534 2637 1746 2711 λῃστῶν
1771 2639 2027 2693 ἐπιστάν-

352 2759 482 2808 των,
520 2739 554 2813 ἣ
591 2736 779 2810 λοιμοῦ
820 2733 1044 2804 τινος,ἢ
1076 2731 1170 2786 καὶ
1211 2729 1370 2786 ἄλλου
1397 2727 1804 2799 συμπτώματος
1829 2728 2025 2781 ἐπιπε-

354 2832 560 2896 σόντος,
592 2827 744 2899 τύχοι
787 2825 887 2896 μὲν
920 2825 984 2880 ἀν
1022 2837 1167 2884 τινος
1216 2819 1312 2873 καὶ
1356 2816 1686 2887 συγγνώμης
1738 2815 1890 2884 παρά
1931 2815 2025 2870 τοῦ

351 2919 546 2992 κυρίου
583 2917 680 2989 τῆς
723 2913 975 2985 ποίμνης·
1013 2911 1061 2963 εἰ
1109 2907 1166 2962 δέ
1208 2908 1300 2961 καὶ
1332 2905 1487 2976 δίκην
1524 2906 1828 2969 ἀπαιτοῖτο,
1866 2904 2028 2977 μέχρι

351 3007 461 3064 τῶν
481 3004 780 3080 χρημάτων
808 3003 842 3073 ἡ
876 2999 1071 3071 ζημία·
1097 2998 1128 3050 6
1153 2996 1209 3049 δὲ
1235 2993 1556 3066 ἀνθρώπους
1598 2992 1930 3080 πιστευθεὶς,
1965 2994 2028 3048 τὸ

351 3079 569 3167 λογικόν
593 3091 686 3146 τοῦ
713 3086 955 3160 Χριστοῦ
980 3084 1248 3156 ποίμνιον,
1272 3081 1487 3153 πρῶτον
1519 3081 1614 3150 μὲν
1652 3079 1753 3167 οὐκ
1778 3080 1857 3142 εἰς
1891 3081 2028 3153 χρή-

356 3166 521 3256 ματα,
552 3179 670 3235 ἀλλ’
691 3179 770 3241 εἰς
794 3176 894 3246 τὴν
931 3171 1128 3228 ἐαυτοῦ
1163 3168 1340 3240 ψυχὴν
1373 3167 1471 3256 τὴν
1505 3166 2027 3256 ζημίανὺφίσταται

353 3255 491 3343 ύπέρ
518 3269 616 3338 τῆς
643 3266 750 3320 τῶν
777 3261 1065 3336 προϐάτων
1098 3257 1394 3321 ἀπωλείας·
1430 3255 1621 3309 ἔπειτα
1644 3255 1851 3309 καὶτὸν
1881 3256 2026 3326 ἀγῶ-

353 3378 420 3414 να
449 3341 628 3427 πολλῷ
668 3353 884 3426 μείζονα
923 3349 1018 3405 καὶ
1051 3345 1431 3419 χαλεπώτερον
1454 3343 1591 3414 ἔχει.
1623 3342 1697 3396 Ού
1735 3341 1845 3415 γὰρ
1878 3344 2028 3417 αὐτῷ

355 3447 493 3520 πρὸς
521 3444 718 3506 λύκους
761 3443 795 3512 ἡ
833 3438 1001 3512 μάχη,
1030 3435 1151 3490 ούδέ
1190 3433 1331 3506 ὑπὲρ
1365 3430 1858 3520 λῃστῶνᾼδέδοικεν,
1905 3434 2027 3488 οὐδὲ

355 3517 444 3592 ἵνα
485 3533 671 3605 λοιμὸν
700 3529 947 3600 ἀπελάσῃ
984 3526 1084 3597 τῆς
1117 3522 1353 3594 ποίμνης
1384 3517 1689 3593 φροντίζει·
1720 3521 1857 3575 ἀλλά
1890 3525 2028 3594 πρὸς

354 3625 507 3687 τινας
550 3623 579 3674 6
608 3619 863 3689 πόλεμος,
900 3614 995 3669 καὶ
1039 3612 1179 3686 μετά
1210 3610 1370 3665 τίνων
1392 3612 1426 3681 ὴ
1483 3609 1664 3680 πάλη;
1702 3611 1901 3664 Ἀκουε
1930 3613 2026 3667 τοῦ

360 3709 627 3785 μακαρίου
659 3705 874 3762 Παύλου
905 3703 1174 3771 λέγοντος·
1217 3701 1338 3753 Οὐκ
1384 3697 1555 3753 ἔστιν
1597 3697 1741 3767 ἡμῖν
1773 3699 1811 3766 ἡ
1858 3698 2025 3771 πάλη

357 3800 507 3870 πρὸς
554 3793 698 3867 αἷμα
741 3793 837 3848 καὶ
883 3790 1099 3860 σάρκα,
1131 3787 1293 3843 ἀλλὰ
1333 3785 1482 3856 πρὸς
1508 3786 1615 3853 τὰς
1644 3785 1853 3855 ἀρχὰς,
1878 3788 2028 3857 πρὸς

355 3889 462 3955 τὰς
491 3885 799 3952 ἐξουσίας,
841 3879 986 3950 πρὸς
1032 3876 1171 3944 τοὺς
1213 3872 1702 3944 κοσμοκράτορας
1745 3873 1850 3927 τοῦ
1885 3876 2028 3928 σκό-

355 3995 497 4042 τους
533 3973 640 4028 τοῦ
693 3969 908 4035 αἰῶνος
937 3966 1174 4030 τούτου,
1217 3961 1366 4031 πρὸς
1402 3962 1475 4015 τὰ
1512 3963 1883 4032 πνευματικὰ
1919 3962 2030 4033 τῆς

355 4062 647 4134 πονηρίας
673 4059 742 4113 ἐν
765 4057 888 4124 τοῖς
913 4055 1314 4122 ἐπουρανίοις.
1343 4046 1496 4115 Εἶδες
1524 4051 1798 4127 πολεμίων
1826 4051 2027 4124 πλῆθος

353 4151 552 4214 δεινὸν,
581 4148 671 4202 καὶ
703 4147 984 4217 φάλαγγας
1013 4139 1231 4210 ἀγρίας,
1270 4139 1330 4191 ού
1370 4138 1574 4210 σιδήρῳ
1604 4139 2025 4210 πεφραγμένας,

355 4240 472 4295 ἀλλ’
500 4238 620 4292 ἀντὶ
643 4236 821 4304 πάσης
863 4228 1163 4289 πανοπλίας
1188 4226 1532 4296 άρκουμένας
1567 4228 1632 4297 τῇ
1672 4225 1866 4295 φύσει;
1895 4227 2028 4283 Βού-

354 4328 435 4380 λει
467 4325 562 4382 καὶ
583 4323 768 4395 ἕτερον
799 4314 1157 4390 στρατόπεδον
1185 4312 1309 4366 ἰδεῖν
1334 4313 1540 4384 ἀπηνὲς
1561 4314 1653 4366 καὶ
1675 4313 1828 4385 ὠμὸν
1852 4314 2027 4390 ταύτῃ

354 4411 717 4488 προσεδρεῦον
748 4411 814 4479 τῇ
847 4405 1091 4476 ποίμνη;
1137 4401 1231 4454 κα)⁵
1272 4399 1428 4454 τοῦτο
1453 4400 1558 4454 ἀπὸ
1580 4400 1680 4471 τῆς
1705 4401 1872 4474 αὐτῆς
1903 4402 2026 4488 ξφα

354 4484 660 4573 περιωπῆς.
697 4497 758 4548 Ὀ
787 4495 895 4568 γάρ
935 4492 1062 4561 περὶ
1093 4489 1315 4543 ἐκείνων
1341 4490 1473 4560 ἡμῖν
1510 4488 1831 4573 διαλεχθείς,
1870 4484 2024 4557 οὗτος

354 4571 450 4643 καί
494 4587 713 4647 τούτους
758 4584 889 4652 ἡμῖν
924 4578 1267 4633 ὑποδείκνυσι
1306 4578 1431 4641 τοὺς
1469 4577 1717 4648 ἐχθροὺς,
1760 4571 1861 4632 ὧδέ
1907 4598 2024 4645 πως

352 4677 546 4745 λέγων·
578 4669 810 4738 Φανερὰ
837 4669 966 4721 ἐστι
996 4668 1067 4719 τὰ
1091 4665 1235 4734 ἔργα
1256 4663 1366 4733 τῆς
1394 4664 1638 4732 σαρκὸς.
1675 4663 1845 4720 ἅτινά
1870 4666 2021 4732 ἐστι,

353 4761 621 4835 πορνεία,
660 4757 920 4829 μοιχεία,
961 4753 1317 4822 ἀκαθαρσία,
1361 4754 1670 4822 ἀσέλγεια,
1704 4752 2023 4809 εἰδωλολα-

351 4852 534 4921 τρεία,
584 4846 941 4918 φαρμακεία,
972 4844 1200 4913 ἔχθραι,
1237 4845 1410 4912 ἕρεις,
1445 4843 1632 4911 ζῆλοι,
1671 4844 1867 4913 θυμοὶ,
1909 4844 2024 4914 ἐρι-

353 4940 522 5002 θεῖαι,
565 4935 944 4998 καταλαλιαί,
992 4935 1362 5004 ψιθυρισμοί,
1408 4931 1756 5003 φυσιώσεις,
1807 4934 2023 4990 ἀκαταρ

351 5027 621 5089 στασίαι,
644 5024 739 5078 καὶ⁹
769 5023 932 5094 ἐτερα
960 5022 1163 5077 τούτων
1189 5022 1428 5076 πλείονα·
1458 5022 1520 5076 ού
1548 5021 1658 5093 γάρ
1683 5023 1860 5076 πάντα
1891 5041 2022 5078 κατ-

353 5114 555 5179 έλεξεν,
586 5112 700 5167 ἀλλ’
720 5114 788 5166 ἐκ.
807 5111 1011 5166 τούτων
1036 5112 1247 5182 ἀφῆκεν
1273 5110 1467 5164 εἰδέναι
1495 5110 1588 5162 καὶ
1613 5109 1684 5162 τά
1710 5108 1889 5164 λοιπά.
1913 5112 2022 5164 Καὶ

354 5202 448 5254 ἐπὶ
490 5200 587 5274 μέν
616 5199 712 5254 τοῦ
751 5198 1006 5272 ποιμένος
1043 5199 1151 5254 τῶν
1201 5199 1411 5267 ἀλόγων
1451 5199 1502 5250 οἰ
1553 5196 1866 5268 βουλόμενοι
1908 5198 2022 5253 δια-

351 5289 569 5364 φθεῖραι
606 5289 703 5360 τὴν
733 5289 986 5360 ποίμνην,
1019 5289 1146 5345 ὅταν
1173 5287 1324 5342 τδωσι
1349 5287 1440 5340 τὸν
1478 5285 1759 5355 ἐφεστῶτα
1797 5287 2022 5356 φεύγον-

349 5391 439 5442 τα,
468 5378 568 5449 τὴν
595 5377 730 5450 πρὸς
755 5378 962 5432 ἐκεῖνον
991 5378 1170 5449 μάχην
1197 5377 1448 5448 ἀφέντες,
1493 5374 1786 5446 ἀρκοῦνται
1821 5379 1885 5446 τῇ
1913 5376 2020 5430 τῶν

351 5464 685 5536 θρεμμάτων
708 5466 952 5538 ἁρπαγῇ·
975 5464 1208 5519 ἐνταῦθα
1232 5464 1311 5527 δέ,
1339 5463 1440 5517 κᾶν
1460 5461 1674 5515 ἃπασαν
1694 5459 1902 5515 λάϐωσι
1925 5463 2022 5532 τὴν

349 5555 608 5627 ποίμνην,
634 5556 741 5610 οὐδ’
763 5555 906 5610 οὕτω
931 5557 1024 5612 τοῦ
1055 5555 1308 5626 ποιμένος
1344 5553 1688 5622 ἀφίστανται,
1721 5551 1857 5605 ἀλλά
1890 5553 2024 5623 μᾶλ-

349 5642 449 5697 λον.
467 5646 819 5716 ἐφεστήκασι,
851 5647 946 5700 καὶ
967 5645 1124 5700 πλέον
1149 5645 1527 5716 θρασύνονται·
1556 5643 1651 5697 καὶ
1677 5643 1738 5696 ού
1761 5642 2023 5714 πρότερον

351 5729 634 5800 παύονται,
668 5733 773 5798 ἓως
802 5736 871 5791 ἂν
908 5737 940 5807 ἢ
972 5735 1350 5790 καταϐάλωσιν
1387 5735 1611 5797 ἐκεῖνον,
1648 5732 1680 5803 ἢ
1715 5731 2010 5804 νικηθῶσιν

351 5819 524 5878 αὐτοί.
556 5824 698 5896 Πρὸς
735 5824 792 5879 δὲ
821 5823 1026 5889 τούτοις
1058 5823 1123 5877 τὰ
1155 5824 1251 5897 μὲν
1290 5821 1398 5878 τῶν
1424 5820 1708 5893 προϐάτων
1736 5820 2021 5892 νοσήματα

1082 326 1443 390 SJOANNIS
1479 320 1972 382 CIIRYSOSTOMI
2004 317 2327 378 ARCHIEP.
2367 323 2918 384 CONSTANTINOP.

3696 329 3802 390 63$

2117 439 2433 512 καθέστηκε
2464 441 2694 512 φανερὰ,
2722 441 2831 496 κᾶν
2854 439 3014 513 λιμὸς
3035 437 3092 512 ᾖ,
3129 441 3230 496 κᾶν
3261 441 3465 514 λοιμὸς,
3497 444 3603 498 κᾶν
3634 445 3801 516 τραῦ-

2125 539 2222 593 μα,
2252 524 2354 577 κᾶν
2378 525 2732 596 ὁτιδηποτοῦν
2757 521 2999 598 ἕτερονῇ
3025 525 3086 578 16
3111 525 3335 580 λυποῦν·
3364 527 3428 579 οὐ
3461 529 3664 600 μικρὸν
3693 538 3718 561 ³
3749 532 3800 583 δὲ

2121 607 2279 660 τοῦτο
2302 607 2506 662 δύναιτ’
2541 609 2608 663 ἂν
2631 609 2768 681 πρὸς
2793 610 2894 680 τὴν
2922 610 3031 663 τῶν
3052 609 3412 680 ἐνοχλούντων
3449 613 3797 687 ἀπαλλαγήν.

2126 692 2284 745 Ἔστι
2312 691 2370 746 δέ
2397 710 2452 745 τι
2481 693 2573 745 καὶ
2598 692 2786 764 ἕτερον
2816 692 3009 747 τούτου
3041 694 3246 764 μεῖξον,
3271 696 3333 748 16
3365 696 3555 751 ποιοῦν
3579 702 3802 768 ταχεῖαν

2123 774 2224 845 τῆς
2272 775 2584 847 ἀρρωστίας
2628 776 2844 847 ἐκείνης
2883 777 2984 849 τῆν
3023 777 3196 832 λύσιν.
3236 779 3302 832 Τί
3338 779 3395 832 δέ
3440 780 3604 834 τοῦτό
3645 784 3803 848 ἐστις

2125 855 2274 910 Μετά
2299 857 2495 930 πολλῆς
2524 858 2623 930 τῆς
2655 858 2902 925 ἐξουσίας
2929 859 3405 930 καταναγκάζουσι
3448 863 3522 916 τά
3549 863 3806 934 πρόϐατα

2124 944 2174 996 οἰ
2198 943 2454 1015 ποιμένες
2478 943 2728 1015 δέχεσθαι
2749 944 2846 1015 τὴν
2875 945 3138 1017 ἰατρείαν,
3169 945 3300 1000 ὅταν
3326 945 3522 1000 ἑκόντα
3563 947 3642 1018 μὴ
3669 947 3806 1001 ὑπο-

2129 1027 2286 1102 μένῃ.
2312 1027 2421 1082 Καὶ
2448 1027 2556 1100 γάρ
2587 1027 2748 1099 δῆσαι
2774 1025 3013 1093 εὔκολον,
3044 1028 3173 1082 ὅταν
3207 1027 3406 1082 καῦσαι
3443 1029 3562 1102 δέῃ,
3593 1031 3697 1084 καὶ
3729 1032 3810 1084 τέ-

2129 1115 2250 1183 μεῖν
2276 1113 2370 1166 καὶ
2394 1110 2628 1181 φυλάξαι
2654 1110 2800 1164 ἔνδον
2821 1111 2913 1164 ἐπὶ
2939 1113 3132 1183 χρόνον
3160 1113 3349 1177 πολὺν,
3375 1115 3539 1186 ηνίκα
3560 1114 3632 1168 ἂν
3649 1115 3810 1169 τοῦτο

2129 1197 2401 1270 συμφέρῃ,
2433 1195 2524 1250 καὶ
2558 1195 2754 1266 ἑτέραν
2795 1196 2851 1249 δὲ
2896 1195 3012 1250 ἀνθ’
3039 1196 3233 1268 ἐτέρας
3275 1201 3648 1270 προσαγαγεῖν
3685 1218 3811 1272 τρο-

2128 1283 2254 1352 φὴν,
2292 1280 2387 1334 καὶ
2416 1279 2767 1335 ἀποκωλῦσαι
2801 1281 3079 1350 ναμάτων,
3112 1281 3208 1334 καὶ
3239 1281 3309 1334 τά
3341 1282 3476 1337 ἀλλα
3506 1283 3564 1336 δέ
3602 1284 3810 1348 πάντα,

2127 1367 2336 1436 ὅσαπερ
2364 1364 2429 1418 ἂν
2446 1364 2782 1434 δοκιμάσωσι
2804 1363 2940 1436 πρὸς
2964 1363 3063 1435 τὴν
3084 1365 3308 1419 ἐκείνων
3332 1366 3541 1435 ὑγίειαν
3568 1367 3813 1440 συμϐάλ-

2126 1448 2313 1504 λεσθαι
2350 1448 2398 1513 b,
2438 1447 2574 1520 μετὰ
2603 1447 2804 1519 πολλῆς
2836 1449 3028 1514 ἄγουσι
3055 1447 3446 1520 τῆςεύκολίας.

2203 1531 2354 1607 γει-ιι]
2391 1540 2461 1603 γ’.
2504 1532 2615 1596 Τάς
2647 1531 2703 1585 δέ
2733 1531 2843 1584 τῶν
2884 1530 3188 1604 ἀνθρώπων
3229 1532 3540 1604 ἀρρωστίας
3586 1534 3812 1605 πρῶτον

2127 1618 2232 1689 μὲν
2285 1618 2385 1670 οὐκ
2435 1616 2580 1670 ἐστιν
2606 1615 2879 1688 ἀνθρώπῳ
2911 1616 3090 1688 ῥᾴδιον
3140 1615 3286 1669 ἰδεῖν·
3318 1615 3528 1682 οὐδεὶς
3573 1619 3687 1688 γὰρ
3730 1617 3813 1675 οἵ.

2131 1701 2239 1756 δεν
2261 1700 2587 1769 ἀνθρώπω·
2625 1700 2698 1755 τὰ
2734 1699 2843 1754 τοῦ
2887 1697 3222 1768 ἀνθρώπου,
3252 1701 3306 1753 εἰ
3339 1698 3427 1770 μὴ
3472 1699 3540 1754 τὸ
3567 1703 3814 1772 πνεῦμα

2129 1784 2238 1838 τοῦ
2282 1781 2596 1851 ἀνθρώπου
2633 1784 2697 1836 τὸ
2732 1782 2804 1836 ἐν
2833 1779 3014 1848 αὐτῷ.
3063 1781 3189 1846 Πῶς
3223 1777 3317 1837 οὖν
3345 1800 3430 1847 τις
3460 1786 3812 1855 προσαγάγοι

2128 1869 2229 1940 τῆς
2254 1867 2412 1922 νόσου
2432 1867 2493 1920 16
2522 1866 2834 1938 φάρμακον,
2865 1859 2935 1938 ἦς
2964 1865 3054 1920 16v
3081 1866 3283 1938 τρόπον
3315 1867 3418 1921 οὐκ
3444 1861 3574 1932 οἶδε,
3607 1869 3812 1925 πολλά-

2131 1969 2218 2014 κις
2241 1951 2299 2005 δὲ
2323 1951 2456 2022 μηδέ
2475 1952 2522 2004 εἰ
2537 1950 2802 2024 ,τυγχάνοι
2823 1949 2994 2004 νοσῶν
3017 1950 3314 2022 δυνάμενος
3328 1952 3599 2018 συνιδεῖνς
3635 1955 3811 2007 Ἐπει-

2131 2033 2228 2090 δάν
2254 2035 2309 2089 δὲ
2337 2036 2430 2090 καὶ
2453 2035 2770 2106 καταφανὴς
2793 2033 3040 2106 γένηται,
3065 2034 3186 2088 τότε
3221 2035 3443 2090 πλείονα
3479 2036 3630 2108 αὐτῷ
3663 2055 3810 2108 παρ-

2132 2119 2246 2190 έχει
2270 2118 2367 2191 τὴν
2404 2118 2685 2173 δυσκολίαν
2709 2129 2756 2173 ο.
2791 2117 2866 2171 Οὐ
2905 2118 3011 2190 γάρ
3044 2119 3162 2171 ἐστι
3197 2116 3337 2190 μετὰ
3362 2119 3631 2192 τοσαύτης
3663 2121 3810 2188 ἐξουο

2134 2204 2254 2266 σίας
2288 2202 2534 2268 ἅπαντας
2562 2201 2883 2274 θεραπεύειν
2910 2199 3252 2272 ἀνθρώπους,
3287 2202 3406 2273 μεθ’
3431 2203 3564 2275 ὅσης
3587 2203 3651 2257 16
3679 2206 3809 2276 πρό-

2132 2286 2295 2342 ϐατον
2322 2288 2351 2340 ό
2384 2287 2608 2359 ποιμήν.
2639 2287 2794 2339 Ἐστι
2833 2285 2932 2356 μὲν
2967 2286 3077 2358 γὰρ
3108 2286 3200 2340 καὶ
3233 2285 3468 2340 ἐνταῦθα
3497 2286 3593 2340 καὶ
3617 2287 3805 2356 δῆσαι,

2132 2371 2227 2424 καὶ
2249 2369 2456 2441 τροφῆς
2488 2369 2762 2442 ἀπεῖρξαι,
2791 2368 2886 2422 καὶ
2912 2365 3132 2434 καῦσαι,
3158 2369 3255 2421 καὶ
3283 2371 3492 2439 τεμεῖν·
3523 2369 3640 2424 ἀλλ’
3661 2372 3696 2441 ἡ
3719 2371 3809 2434 ἐξ-

2131 2453 2288 2508 ουσία
2324 2453 2418 2507 τοῦ
2447 2452 2699 2519 δέξασθαι
2739 2451 2837 2524 τὴν
2863 2451 3104 2523 ἰατρείαν
3135 2452 3235 2505 οὐκ
3283 2453 3342 2505 ἐν
3366 2451 3444 2522 τῷ
3473 2453 3808 2523 προσάγοντι

2131 2538 2192 2590 τὸ
2224 2537 2536 2610 φάρμακον,
2571 2535 2685 2590 ἀλλ’
2719 2536 2778 2588 ἐν
2807 2535 2884 2607 τῷ
2912 2534 2939 2575 ά
2969 2534 3229 2605 κάμνοντι
3260 2538 3458 2590 κεῖται.
3494 2535 3669 2590 Τοῦτο
3695 2537 3808 2608 γὰρ

2133 2623 2229 2676 καὶ
2261 2625 2289 2676 6
2309 2621 2610 2692 θαυμάσιος
2654 2622 2862 2684 ἐκεῖνος
2892 2618 3032 2691 ἀνὴρ
3068 2617 3314 2684 συνιδὼν,
3347 2619 3662 2690 Κορινθίοις
3694 2621 3810 2674 ἐλε-

2132 2723 2247 2774 γεν·
2286 2707 2369 2760 Οὐ
2393 2704 2503 2775 γὰρ
2534 2703 2883 2774 κυριεύομεν
2915 2713 2938 2741 θ
2981 2700 3150 2772 ὑμῶν
3195 2700 3307 2772 τῆς
3338 2703 3622 2769 πίστεως,
3645 2705 3809 2760 ἀλλὰ

2133 2788 2418 2859 συνεργοί
2457 2787 2646 2858 ἐσμεν
2679 2785 2791 2855 τῆς
2835 2782 3024 2854 χαρᾶς
3061 2782 3249 2853 ὑμῶν.
3285 2783 3536 2838 Μάλιστα
3567 2784 3671 2855 μὲν
3698 2786 3810 2858 γάρ

2134 2875 2388 2930 ἁπάντων
2411 2875 2759 2946 Χριστιανοῖς
2791 2873 2890 2924 οὐκ
2919 2872 3130 2940 ἐφεῖται
3165 2870 3302 2941 πρὸς
3325 2869 3445 2939 βίαν
3470 2871 3808 2942 ἐπανορθοῦν

2131 2957 2199 3012 τὰ
2229 2957 2337 3012 τῶν
2373 2955 2789 3028 ἁμαρτανόντων
2821 2953 3158 3025 πταίσματα.
3200 2953 3338 3006 Ἀλλ’
3365 2954 3414 3007 οί
3463 2955 3561 3025 μὲν
3607 2954 3808 3020 ἔξωθεν

2131 3042 2381 3097 δικασταὶ
2404 3044 2529 3104 τοὺς
2551 3038 2892 3112 κακούργους
2933 3040 3060 3093 ὅταν
3090 3037 3193 3092 ὑπὸ
3224 3041 3338 3102 τοῖς
3365 3037 3552 3107 νόμοις
3571 3038 3807 3104 λάϐωσι,

2133 3127 2332 3198 πολλὴν
2383 3124 2783 3179 ἐπιδείκνυνται
2827 3123 2930 3194 τὴν
2977 3121 3248 3187 ἐξουσίαν,
3290 3122 3386 3175 καὶ
3430 3123 3667 3187 ἄκοντας
3692 3127 3810 3189 τοῖς

2130 3209 2353 3280 τρόποις
2400 3205 2671 3261 κωλύουσι
2715 3205 2951 3276 χρῆσθαι
2993 3206 3109 3267 τοῖς
3137 3202 3338 3257 αὐτῶν·
3375 3203 3610 3257 ἐνταῦθα
3652 3205 3709 3258 δέ
3744 3206 3806 3259 οὒ

2135 3293 2471 3365 βιαζόμενον,
2496 3291 2632 3347 ἀλλά
2660 3290 2918 3344 πείθοντα
2950 3289 3033 3343 δεῖ
3056 3289 3228 3342 ποιεῖν
3262 3286 3474 3357 ἀμείνω
3513 3288 3604 3341 τὸν
3629 3287 3807 3341 τοιοῦ-

2131 3396 2243 3434 τον.
2276 3377 2413 3434 Οὔτε
2456 3377 2562 3448 γὰρ
2603 3377 2738 3447 ἡμῖν
2768 3373 2987 3441 ἐξουσία
3024 3371 3263 3442 τοσαύτη
3300 3371 3453 3442 παρά
3485 3371 3596 3425 τῶν
3624 3371 3814 3443 νόμων

2131 3461 2338 3516 δέδοται
2386 3460 2521 3531 πρὸς
2559 3458 2621 3512 τὸ
2662 3455 2890 3511 κωλύειν
2925 3455 3054 3520 τοὺς
3093 3452 3530 3526 ἁμαρτάνοντας,
3571 3453 3717 3520 οὔτε,
3757 3458 3808 3508 εἰ

2131 3546 2225 3601 καὶ
2255 3545 2484 3610 ἔδωκαν,
2517 3542 2736 3614 εἴχομεν
2776 3542 2910 3595 ὅπου
2947 3538 3262 3610 χρησόμεθα
3298 3536 3318 3576 ί
3344 3539 3411 3609 τῇ
3452 3537 3699 3609 δυνάμει,
3741 3541 3806 3593 οὐ

2132 3631 2260 3694 τοὺς
2290 3628 2505 3699 ἀνάγκη
2539 3628 2637 3698 τῆς
2675 3624 2893 3691 κακίας,
2926 3622 3060 3678 ἀλλά
3096 3622 3223 3686 τοὺς
3255 3621 3577 3694 προαιρέσει
3604 3622 3807 3694 ταύτης

2133 3713 2504 3786 ἀπεχομένους
2534 3713 2559 3752 ⁸
2578 3708 2965 3780 στεφανοῦντος
2986 3704 3081 3761 τοῦ
3111 3704 3268 3760 Θεοῦ.
3300 3705 3397 3760 Διά
3419 3706 3576 3759 τοῦτο
3606 3707 3807 3778 πολλῆς

2133 3798 2292 3869 χρεία
2328 3797 2427 3867 τῆς
2467 3795 2735 3867 μηχανῆς,
2788 3792 2876 3847 ῖνα
2919 3789 3214 3844 πεισθῶσιν
3256 3789 3283 3829 h
3321 3789 3537 3852 ἑκόντες
3579 3790 3808 3856 ἑαυτοὺς

2133 3881 2356 3952 ὑπέχειν
2387 3881 2509 3942 ταῖς
2536 3877 2689 3948 παρά
2714 3875 2822 3929 τῶν
2849 3873 3044 3946 ἱερέων,
3067 3871 3384 3945 θεραπείαις
3409 3873 3458 3924 οἰ
3482 3872 3810 3942 κάμνοντες,

2133 3966 2228 4018 καὶ
2257 3965 2318 4017 ού
2346 3962 2505 4016 τοῦτο
2541 3961 2723 4033 μόνον,
2757 3959 2870 4012 ἀλλ’
2901 3958 2991 4011 ἵνα
3034 3955 3131 4010 καὶ
3167 3955 3328 4027 χάριν
3368 3953 3549 4008 είδῶσι
3583 3955 3686 4026 τῆς
3720 3958 3805 4008 ἰα-

2132 4050 2318 4122 τρείας
2345 4048 2550 4110 αὐτοῖς.
2581 4048 2680 4099 "Av
2703 4061 2762 4098 15
2794 4043 2904 4114 γάρ
2931 4059 3060 4095 ποτε
3095 4041 3366 4113 σκιρτήσῃ
3388 4039 3565 4104 δεθεὶς
3594 4041 3809 4113 (κύριος

2133 4137 2241 4207 γάρ
2285 4137 2400 4188 ἐστι
2447 4131 2684 4197 τούτου),
2731 4131 2912 4201 χεῖρον
2959 4127 3254 4198 εἰργάσατο
3299 4125 3361 4179 16
3406 4124 3598 4179 δεινόν·
3636 4126 3702 4179 ἀν
3747 4145 3806 4179 τε

2133 4220 2256 4283 τοὺς
2314 4217 2533 4288 σιδήρου
2571 4213 2727 4284 δίκην
2768 4212 3066 4282 τέμνοντας
3101 4208 3294 4277 λόγους
3347 4210 3802 4282 παραπέμψηται,

2134 4300 2440 4373 προσέθηκε
2466 4298 2556 4353 διὰ
2586 4298 2686 4368 τῆς
2715 4294 3176 4366 καταφρονήσεως
3213 4291 3432 4363 τραῦμα
3461 4293 3672 4364 ἕτερον,
3713 4299 3805 4350 καὶ

2132 4385 2353 4454 γέγονεν
2393 4385 2428 4454 ἡ
2459 4382 2562 4452 τῆς
2597 4378 2890 4452 θεραπείας
2923 4377 3195 4448 πρόφασις
3225 4376 3380 4430 νόσου
3420 4376 3804 4451 χαλεπωτέρας

2134 4467 2409 4531 ὑπόθεσις.
2447 4466 2504 4520 ’0
2524 4464 2632 4535 γὰρ
2660 4458 3090 4530 καταναγκάζων
3120 4458 3214 4513 καὶ
3235 4458 3437 4515 ἄκοντα
3470 4459 3802 4531 θεραπεῦσαι

2133 4553 2432 4623 δυνάμενος
2463 4549 2566 4603 οὐκ
2589 4547 2725 4600 ἐστι.
3146 4595 3148 4597 .

2202 4635 2264 4689 6'.
2295 4634 2360 4688 Τί
2400 4629 2493 4686 οὖν
2535 4631 2601 4684 ἀν
2644 4647 2725 4693 τις
2765 4628 3039 4699 ποιήσειε;
3077 4629 3189 4681 Καὶ
3221 4628 3360 4698 γὰρ,
3393 4627 3458 4682 ἂν
3502 4628 3803 4702 πραότερον

2133 4716 2519 4791 προσενεχθῇς,
2545 4714 2624 4786 τῷ
2649 4711 2850 4783 πολλῆς
2873 4711 3173 4782 ἀποτομίας
3199 4711 3454 4782 δεομένῳ,
3479 4713 3574 4765 καὶ
3604 4714 3680 4786 μὴ
3701 4715 3803 4784 δῷς

2134 4803 2352 4874 βαθεῖαν
2384 4802 2482 4872 τὴν
2506 4799 2720 4870 πληγὴν
2747 4799 2764 4837 ί
2796 4796 2874 4866 τῷ
2896 4793 3150 4865 τοιαύτης
3173 4794 3361 4866 χρείαν
3384 4794 3583 4864 ἔχοντι,
3615 4797 3676 4850 τὸ
3708 4799 3802 4868 μὲν

2130 4881 2482 4956 περιέκοψας,
2511 4880 2572 4935 τὸ
2607 4879 2663 4933 δέ
2699 4877 2915 4949 ἀφῆκας
2946 4875 3039 4929 τοῦ
3068 4876 3404 4946 τραύματος·
3433 4876 3538 4930 κᾶν
3567 4879 3801 4949 ἀφειδῶς

2190 5080 2207 5103 ⁸
2238 5080 2372 5130 Unus
2403 5079 2512 5129 cod.
2533 5079 2606 5127 ὅτι
2625 5078 2801 5135 δήποτε
2817 5074 2871 5122 τὸ
2892 5070 3083 5122 λυποῦν·
3111 5071 3268 5135 ἕτερον
3292 5071 3347 5120 οὐ
3371 5072 3538 5133 μικρόν

2189 5141 2218 5183 1'
2241 5144 2340 5193 Alii
2363 5141 2702 5204 συμϐαλέσθαι.

2191 5209 2212 5237 °
2235 5205 2386 5255 Savil.
2401 5203 2690 5266 δυσχέρειαν.

2192 5267 2218 5307 d
2241 5269 2323 5317 Sic
2345 5255 2523 5316 Sam."
2541 5255 2594 5313 ἐι
2613 5275 2786 5313 omnes
2812 5261 2913 5309 fere
2934 5273 3048 5308 mss.
3083 5255 3210 5306 Edit.
3249 5256 3420 5307 Morel.
3451 5257 3560 5305 ἀλλ’
3582 5261 3614 5317 ἢ
3635 5259 3686 5308 ἐν
3716 5262 3800 5319 τῷ.

2189 5333 2208 5353 ⁶
2228 5329 2310 5379 Sic
2333 5327 2484 5378 Savil.
2523 5332 2577 5374 et
2599 5337 2774 5374 omnes
2816 5335 2931 5370 mss.
2955 5319 3292 5385 Morelivqrq
3319 5319 3409 5381 οὐχ
3442 5321 3516 5368 ὅτι
3539 5338 3651 5385 κυρ.
3679 5320 3803 5371 Infra

2129 5393 2278 5443 SaVil.
2294 5398 2344 5440 et
2366 5389 2576 5438 maxima
2596 5401 2709 5450 pars
2727 5398 2842 5450 111213f
2864 5383 3060 5450 ἐφεῖται,
3085 5383 3195 5431 aliis
3219 5383 3411 5450 ἐφίεται.

2197 5454 2213 5492 ΐ
2241 5453 2339 5502 Alii
2363 5453 2470 5500 ὅποι
2496 5450 2577 5498 καὶ
2595 5441 2908 5513 χρησώμεθα,
2925 5443 3009 5513 a_lii
3034 5445 3154 5492 ὅπου
3172 5441 3344 5507 καῖχρ.
3362 5441 3801 5513 Ιιηιὶξεκαίᾱιξρει.

2193 5517 2218 5556 ε
2252 5507 2804 5576 Ἀπεχομένουςίῖιετιιω
2827 5507 3089 5576 legebaLur
3107 5519 3250 5569 supra
3271 5513 3381 5568 post
3400 5507 3601 5568 κακίας,
3622 5510 3716 5558 sed
3729 5522 3807 5557 τεο

2130 5568 2511 5632 όυηόεηῑέί,ὐῐ
2531 5573 2673 5622 nobis
2699 5574 2852 5620 visum
2882 5568 2974 5619 εει.
3003 5568 3140 5619 Εοιτ.

2190 5638 2219 5677 ι
2243 5629 2446 5698 Quidam
2488 5647 2602 5684 mss.
2622 5635 2876 5698 πείσωσιν.
2926 5633 3078 5698 l’aul_o
3114 5637 3228 5698 posit
3270 5629 3441 5698 Morel.
3469 5631 3528 5698 ᾇν
3550 5647 3606 5681 τε
3627 5634 3722 5696 γάρ
3741 5647 3809 5688 τις

2129 5694 2363 5765 σκιρτῆσῃ
2385 5699 2545 5756 δεθεὶς,
2574 5697 2734 5765 κύριος
2764 5695 2817 5765 65'
2843 5695 2944 5765 ἐστι
2966 5695 3154 5765 τούτου.
3184 5694 3331 5765 ξενίη.
3360 5703 3414 5741 ει
3453 5694 3648 5755 aliquot
3687 5694 3806 5745 mss.

2130 5765 2186 5813 ἀν
2205 5757 2256 5811 τε
2286 5757 2376 5825 γάρ
2394 5777 2508 5808 ποτε
2531 5757 2763 5825 σκιρτήσῃ
2788 5758 2948 5825 δεθεὶς,
2967 5757 3230 5825 κύριος-γάρ
3251 5757 3371 5825 ἐστι.

2195 5826 2210 5865 ί
2238 5815 2362 5876 Sa'v.'
2386 5830 2439 5873 cl
2463 5815 2660 5885 quidam
2685 5815 2800 5870 mss.
2826 5822 2910 5878 τήν
2928 5815 3096 5880 τομήν.
3116 5815 3215 5869 ἂιιὶ
3232 5825 3345 5867 cum
3367 5815 3578 5874 Morm‘m
3608 5819 3807 5880 τελετήν.
