3864 6236
175 280 283 337 ΰὸδ

254 392 310 446 2.
343 390 455 445 Hoc
473 391 803 445 ministerium
820 392 933 447 aliis
960 391 1593 448 antecellere.—Etiamne
1612 393 1768 463 igitur

180 496 325 537 nunc
374 481 648 536 nobiseum
676 481 965 538 contendes
986 482 1135 552 quasi
1181 492 1231 537 te
1270 481 1411 537 male
1449 482 1499 535 in
1529 482 1764 536 fraudem

180 571 563 641 injeccrimns,
612 587 732 626 cum
782 573 1029 629 erunibus
1056 573 1150 628 Dei
1201 573 1353 627 bonis
1400 572 1766 643 prazficiendus

180 663 294 727 sis,
326 661 412 716 illa
436 677 621 731 agens,
668 678 785 732 quae
814 664 989 732 agenti
1032 664 1187 719 Petro
1228 665 1511 733 potentiam
1554 664 1761 729 indidit,

184 754 500 822 emterisquc
544 753 799 822 apostolis
842 754 998 824 longe
1041 754 1361 823 anteposuit.
1407 753 1559 820 Nam,
1590 753 1761 821 Petre,

179 845 382 915 inquit,
418 862 558 899 amns
597 862 675 900 me
713 846 826 915 plus
876 846 994 900 his?
1028 844 1191 899 Pasce
1234 861 1345 900 oves
1395 861 1553 900 meas.
1604 845 1764 915 Atqui

178 946 391 1006 poterat
416 938 491 992 sic
520 953 642 993 eum
670 938 868 1009 alloqui
894 938 983 994 :Si
1004 954 1152 993 amas
1182 953 1296 1004 me,
1323 937 1519 1008 jejunia
1547 953 1759 1005 exerce,

170 1030 322 1085 humi
346 1030 507 1095 cuba,
538 1030 745 1100 vigilias
778 1030 923 1095 cole,
954 1030 1149 1099 injuria
1179 1028 1383 1085 allectis
1402 1029 1758 1101 patrocinare,

166 1129 292 1176 esto
316 1120 525 1191 pupillis
546 1121 693 1190 quasi
722 1128 889 1190 pater,
909 1130 962 1175 et
979 1120 1130 1174 matri
1146 1135 1329 1174 eorum
1347 1119 1496 1190 quasi
1520 1120 1755 1175 maritus.

164 1209 325 1267 Nunc
344 1227 469 1267 vero
494 1210 577 1265 his
596 1211 969 1281 praetermissis
1005 1212 1273 1276 onmibus,
1317 1212 1443 1282 quid
1467 1212 1577 1266 ait?
1602 1211 1762 1267 Pasce

171 1318 292 1357 oues
320 1320 474 1357 meas.
516 1303 603 1357 llla
626 1303 769 1359 enim
800 1319 918 1373 qua:
946 1318 1103 1374 supra
1133 1304 1241 1358 dixi
1265 1320 1329 1358 ex
1352 1304 1574 1359 subditis
1603 1305 1754 1359 multi

171 1392 332 1449 facile
372 1404 623 1463 praestare
646 1395 887 1464 possint,
920 1411 1024 1449 non
1057 1396 1153 1450 viri
1197 1396 1367 1451 solum
1390 1436 1406 1463 ,
1453 1395 1547 1451 sed
1597 1397 1755 1452 etiam

171 1486 428 1541 mulieres
457 1505 469 1539 :
502 1495 556 1541 at
583 1502 704 1542 cum
736 1486 801 1543 de
827 1488 1077 1543 Ecclesia:
1102 1488 1413 1559 prazfectura
1434 1488 1604 1560 deque
1629 1506 1758 1545 con-

168 1576 441 1632 credenda
468 1586 543 1631 tot
562 1577 858 1633 animarum
884 1592 1008 1633 cura
1033 1580 1204 1649 agitur
1221 1620 1236 1647 ,
1268 1579 1479 1635 recedat
1499 1596 1527 1634 a
1553 1582 1756 1651 magni-

173 1670 363 1727 tudine
394 1672 522 1725 tanti
543 1671 739 1743 negotii
773 1680 913 1726 totus
939 1670 1222 1727 femininus
1246 1686 1435 1739 sexus,
1472 1673 1578 1727 imo
1599 1674 1755 1728 etiam

172 1763 414 1819 virorum
485 1779 607 1833 pars
680 1764 949 1829 maxima;
1022 1773 1243 1835 agantur
1284 1764 1336 1819 in
1388 1765 1622 1820 medium
1667 1766 1756 1837 qui

161 1871 366 1925 magno
412 1856 696 1911 intervallo
740 1857 950 1911 cmteris
994 1856 1243 1911 omnibus
1280 1856 1649 1923 antecellunt,
1701 1866 1758 1915 et

158 1948 258 2016 qui
292 1946 576 2002 secundum
602 1946 765 2001 animi
794 1948 1039 2003 virtutem
1068 1946 1276 2002 ueteris
1302 1956 1447 2002 tanto
1477 1948 1751 2003 sublimio-

162 2054 259 2094 res
299 2046 450 2104 sunt,
492 2048 689 2108 quanto
742 2038 991 2094 universa
1043 2038 1389 2094 Hebraeorum
1440 2049 1598 2111 gente
1625 2039 1754 2096 Sat'tl

161 2130 463 2185 secundum
513 2131 755 2201 corporis
792 2130 1162 2200 proceritatem
1217 2132 1295 2201 (l.
1331 2131 1459 2203 Reg.
1489 2132 1578 2188 10.
1617 2131 1751 2202 25);

163 2227 284 2279 imo
334 2233 387 2280 et
423 2226 580 2296 longe
621 2225 810 2295 majori
861 2225 1054 2295 spatio.
1081 2223 1157 2280 Ne
1182 2224 1311 2279 mihi
1353 2225 1497 2279 enim
1528 2224 1617 2280 hic
1653 2225 1753 2279 hu-

158 2331 437 2371 merorum
466 2317 802 2386 proceritatis
827 2329 1077 2371 mensura
1105 2325 1377 2386 qureratur
1403 2333 1417 2369 :
1448 2316 1540 2371 sed
1559 2326 1753 2387 quanta

156 2409 411 2463 estinter
456 2407 607 2461 bruta
646 2416 698 2462 et
741 2406 1083 2463 rationabiles
1120 2407 1365 2463 homines
1412 2408 1709 2465 differentia
1735 2450 1751 2477 ,

155 2508 371 2554 tantum
399 2500 532 2554 inter
547 2510 812 2568 pastorem
832 2508 886 2555 et
902 2516 995 2555 eos
1018 2500 1106 2570 qui
1123 2510 1410 2569 pascuntur
1430 2501 1756 2556 sitinterval-

158 2592 305 2658 lum,
327 2607 395 2647 ne
409 2592 531 2662 quid
557 2593 784 2662 amplius
800 2592 973 2648 dicam
1003 2611 1016 2648 :
1039 2608 1160 2653 nam
1176 2592 1243 2648 de
1268 2593 1437 2647 multo
1465 2594 1754 2663 majoribus

154 2682 461 2751 periculum
486 2692 584 2738 est.
604 2681 876 2752 Siquidem
903 2683 993 2753 qui
1012 2688 1139 2737 oves
1161 2683 1660 2754 perdidit,autlupis
1678 2699 1756 2740 ra-

161 2775 441 2842 pientibus
460 2816 475 2841 ,
502 2784 591 2829 aut
620 2775 821 2830 furibus
842 2776 1179 2842 instantibus,
1210 2784 1301 2831 aut
1321 2786 1468 2847 peste
1491 2778 1716 2847 quadam
1735 2820 1751 2844 ,

151 2875 256 2920 aut
298 2866 402 2920 alio
429 2866 773 2936 contingente
801 2882 953 2929 casu.
989 2868 1221 2938 aliquam
1249 2868 1473 2923 fortasse
1501 2870 1755 2927 veniama

155 2958 389 3013 domino
441 2958 619 3029 gregis
648 2958 1045 3029 impetraverit;
1088 2958 1170 3013 sin
1203 2974 1388 3026 poenas
1418 2959 1505 3014 ille
1544 2961 1753 3031 exigat,

152 3047 389 3117 pecunia
440 3057 643 3101 tantum
681 3047 1061 3102 mulctabitur:
1092 3056 1147 3101 at
1199 3048 1288 3103 ille
1336 3050 1419 3103 cui
1469 3048 1753 3115 homines,

150 3138 498 3193 rationabilis
550 3138 745 3193 Christi
811 3154 977 3208 grex,
1038 3139 1328 3195 concrediti
1378 3148 1537 3205 sunt,
1586 3142 1755 3209 primo

148 3229 380 3299 quidem
430 3244 527 3297 pro
575 3229 754 3283 ovium
796 3228 1030 3297 pernicie
1066 3244 1172 3283 non
1217 3230 1563 3299 pecuniarum
1593 3270 1610 3295 ,
1661 3231 1754 3286 sed

146 3320 359 3375 anima:
386 3336 497 3375 sum
524 3320 786 3389 jacturam
818 3318 947 3374 facit
977 3335 991 3371 :
1020 3318 1213 3375 deinde
1252 3321 1421 3374 multo
1446 3320 1616 3391 majus
1637 3336 1758 3392 gra-

148 3411 387 3481 viusque
415 3420 684 3465 certamen
716 3409 895 3464 habet.
940 3408 1055 3463 Non
1105 3424 1226 3464 cum
1267 3410 1405 3479 lupis
1456 3411 1553 3479 ipsi
1585 3426 1756 3481 pugna

147 3512 265 3567 est,
300 3516 397 3556 nec
437 3501 503 3556 de
530 3499 735 3555 furibus
778 3501 966 3555 metuit
993 3540 1009 3566 ,
1060 3515 1231 3569 neque
1258 3509 1314 3554 ut
1342 3508 1544 3570 pestem
1576 3501 1755 3571 abigat

149 3609 187 3647 a
228 3607 394 3662 grege
447 3591 706 3646 sollicitus
745 3598 869 3655 est;
902 3588 997 3645 sed
1042 3590 1359 3659 quibuscum
1398 3590 1596 3646 bellum
1641 3592 1712 3645 sit
1739 3632 1754 3658 ,

150 3692 217 3737 et
260 3680 547 3735 adversum
583 3696 717 3750 quos
755 3680 893 3734 lucta
940 3678 1191 3743 ineunda,
1228 3677 1351 3733 audi
1377 3677 1588 3734 beatum
1626 3678 1759 3734 Pau-

154 3773 282 3828 lum
356 3771 621 3827 dicentem
653 3788 666 3825 :
701 3770 823 3824 Non
870 3779 943 3824 est
995 3770 1136 3822 nobis
1199 3768 1334 3822 lucta
1369 3769 1608 3823 adversus
1635 3785 1759 3822 sun-

156 3866 381 3937 guinem
409 3873 452 3918 et
502 3880 743 3927 carnem,
793 3862 1159 3929 sed‘adversus
1189 3860 1538 3931 principatus,
1584 3860 1761 3914 adver-

153 3963 254 4013 sus"
310 3965 575 4025 potestates
604 3996 619 4021 ,
678 3956 917 4009 adversus
964 3953 1141 4006 mundi
1184 3962 1401 4007 rectores
1448 3953 1762 4005 tenebrarum

149 4049 347 4104 surculi
377 4048 528 4111 huius
556 4087 571 4112 ,
621 4047 859 4099 adversus
898 4042 1186 4112 spiritualia
1212 4042 1447 4112 nequitia:
1497 4044 1551 4094 in
1611 4040 1760 4094 ca’le-

147 4143 327 4197 stibus
354 4136 567 4207 (Ephes.
600 4135 652 4191 6.
689 4136 799 4205 12).
833 4128 1078 4190 Vidistiu’
1102 4132 1434 4187 inimicorum
1471 4130 1761 4185 multitudi-

148 4245 293 4286 nem
328 4230 616 4299 ingentem,
648 4227 935 4297 phalanges
966 4223 1171 4279 feroces
1201 4239 1303 4277 non
1337 4223 1477 4277 ferro
1508 4224 1759 4289 nmnitas,

147 4322 261 4379 sed
312 4321 506 4390 quibus
554 4320 748 4373 sullicit
794 4318 859 4371 ad
896 4317 1231 4385 amnigenam
1278 4324 1599 4368 armaturam
1650 4314 1760 4384 ipsa

148 4413 411 4470 natura?
472 4411 561 4465 V'is
587 4422 636 4465 ct
685 4411 843 4463 alium
897 4410 1188 4463 exercitum
1236 4406 1418 4460 videre
1468 4415 1667 4460 trucem
1711 4415 1764 4460 ct

146 4510 492 4564 immanem,
524 4503 644 4556 huic
681 4502 827 4572 gregi
861 4500 1194 4554 insidiantem
1220 4500 1242 4553 ?
1274 4499 1443 4568 ipsum
1469 4513 1678 4567 quoque
1699 4513 1763 4552 ex

148 4600 362 4665 eadem
410 4596 621 4665 Speculo
648 4594 962 4661 conspicics.
994 4591 1122 4645 Nam
1155 4592 1243 4659 qui
1301 4590 1368 4643 dc
1410 4605 1569 4658 supra
1610 4576 1765 4643 dictis

151 4664 338 4746 verba
371 4664 530 4753 fecit,
584 4686 629 4740 is
672 4686 781 4755 ipsc
817 4668 870 4739 et
917 4684 1014 4737 hos
1044 4683 1196 4736 nobis
1238 4682 1418 4735 hostes
1463 4680 1658 4734 indicat
1684 4680 1765 4734 his

154 4784 359 4840 verbis
388 4800 400 4835 :
431 4780 699 4851 Manifesta
735 4789 851 4831 sunt
876 4792 1027 4845 Opera
1048 4774 1213 4829 carnis
1247 4772 1438 4845 ((ialat.
1472 4774 1523 4828 5.
1554 4773 1641 4828 19.
1670 4772 1761 4827 20.

152 4877 269 4943 2|)
304 4892 319 4927 :
351 4888 462 4942 qna:
497 4881 612 4925 sunt
654 4869 918 4940 [ornicatio
945 4908 959 4932 ,
1018 4865 1320 4920 adulterium
1347 4904 1365 4931 ,
1398 4864 1716 4917 imntunditia
1746 4905 1761 4930 ,

158 4967 505 5041 impudicitia
530 5006 544 5030 ,
601 4963 855 5018 idolorum
900 4962 1111 5015 servitus
1134 5002 1147 5025 ,
1182 4959 1473 5026 vene/icium
1504 4998 1518 5023 ,
1548 4957 1765 5010 inimici»

154 5064 293 5126 (ire,
322 5057 662 5113 contentiones
685 5096 699 5120 ,
730 5053 1076 5108 wmulatianes
1098 5091 1113 5114 ,
1145 5051 1236 5105 ira:
1258 5092 1272 5116 ,
1302 5051 1429 5103 rixa:
1449 5092 1462 5115 ,
1492 5050 1763 5103 detractio-

152 5169 262 5206 nes
285 5194 303 5218 ,
337 5149 531 5223 susurri
555 5190 568 5213 ,
595 5146 751 5200 animi
779 5155 998 5198 tumores
1024 5184 1037 5207 ,
1072 5142 1401 5196 dissensiones
1426 5142 1500 5210 (‘2.
1533 5140 1648 5195 Cor.
1675 5140 1762 5194 12.

152 5243 269 5311 20)
295 5285 310 5307 ,
342 5250 395 5296 et
437 5240 537 5293 alia
570 5238 652 5292 his
682 5237 828 5306 plura
859 5252 873 5289 :
906 5249 1075 5303 neque
1112 5232 1251 5287 enim
1275 5233 1449 5285 omnia
1482 5247 1763 5285 enumera-

152 5338 286 5398 vit,
318 5334 413 5389 sed
446 5348 508 5386 ex
562 5330 647 5385 his
698 5330 851 5383 nobis
895 5338 1089 5382 cetera
1146 5324 1356 5393 reliquit
1405 5322 1761 5392 intelligenda.

154 5433 348 5485 I'orro
401 5424 539 5494 quod
589 5422 654 5475 ad
711 5422 985 5475 brutorum
1043 5426 1309 5487 pastorem
1350 5416 1620 5485 pertinet,
1673 5416 1762 5485 qui

146 5537 395 5595 gregem
442 5517 663 5585 perdere
694 5514 912 5577 volunt,
957 5512 1043 5565 ubi
1098 5510 1279 5565 vident
1323 5509 1626 5578 praefectum
1678 5508 1758 5563 fu-

147 5616 411 5687 gientem
443 5651 458 5672 ,
503 5624 607 5660 non
666 5606 809 5660 illum
854 5609 1207 5673 oppugnant,
1239 5600 1332 5655 sed
1385 5599 1512 5653 satis
1567 5598 1763 5652 habent

138 5710 215 5767 si
275 5717 472 5776 pecora
532 5700 738 5770 rapiant
782 5695 909 5751 :bic
952 5710 1117 5753 vero.
1167 5693 1266 5749 etsi
1314 5700 1478 5748 tottun
1546 5705 1758 5762 gregem

1384 282 1471 338 DE
1509 282 1955 340 SACERDOTIO.
1998 284 2123 339 LIB.
2158 284 2221 339 ll.

3351 301 3456 357 63'.

1875 394 2204 464 abripucriut
2232 438 2249 465 ,
2305 413 2377 454 ne
2423 399 2501 456 sic
2545 399 2757 472 quidem
2813 420 2843 460 a
2893 415 3105 475 pastore
3146 409 3456 479 abstinent,

1871 484 1967 541 sed
2012 488 2178 558 magis
2222 488 2422 546 instant
2486 494 2756 565 magisque
2805 495 3105 565 ferociunt,
3158 516 3254 555 nec
3312 504 3456 570 prius

1873 574 2030 629 finem
2066 575 2264 633 faciunt
2299 596 2454 649 quam
2501 583 2582 637 vel
2620 584 2763 638 illum
2792 590 3172 655 prostraverint
3199 630 3213 655 ,
3244 592 3325 644 vel
3359 592 3455 660 ipsi

1872 665 2130 736 profligati
2154 668 2364 724 fuerint.
2386 672 2463 726 Ad
2487 672 2599 728 haec
2620 684 2793 731 autem
2823 677 3079 746 pecudum
3106 680 3273 734 morbi
3289 681 3457 734 mani-

1873 753 1987 809 festi
2016 764 2157 822 sunt,
2190 757 2301 814 sive
2329 758 2494 816 fames
2518 762 2606 829 sit,
2633 762 2746 818 sive
2774 767 2956 833 pestis,
2977 768 3087 823 sive
3108 769 3318 833 vulnus,
3343 770 3455 825 sive

1869 844 2011 900 aliud
2033 846 2299 917 quidpiam
2329 849 2570 907 dolorem
2609 854 2820 923 pariens
2853 874 2865 910 :
2908 858 2957 911 id
2987 867 3163 914 autem
3191 876 3296 915 non
3327 878 3445 914 mo-

1870 934 1989 990 dico
2030 937 2336 1008 adjumento
2386 952 2467 997 est
2509 946 2575 998 ad
2619 948 2945 1016 mgritudinis
2980 954 3329 1007 curationem.
3358 955 3453 1011 Est

1867 1034 1920 1080 et
1969 1027 2111 1082 aliud
2159 1028 2261 1085 hoc
2291 1034 2621 1088 commodius
2655 1036 2721 1089 ad
2773 1040 3015 1108 quemvis
3054 1043 3299 1098 morbum
3344 1052 3451 1101 cito

1867 1116 2207 1188 abigendum.
2256 1122 2391 1191 Quid
2422 1118 2585 1180 illud?
2625 1127 2807 1199 Magna
2862 1146 2980 1185 cum
3029 1144 3285 1202 potestate
3353 1155 3448 1208 pa-

1866 1216 2039 1265 stores
2068 1211 2295 1279 pecudes
2324 1228 2445 1270 suas
2472 1228 2767 1286 porrectam
2800 1222 3111 1277 medicinam
3146 1240 3335 1296 capere
3356 1245 3448 1283 ro-

1865 1308 1991 1366 gunt
2019 1338 2034 1363 ,
2080 1301 2285 1357 etiamsi
2314 1303 2593 1360 obsistant.
2622 1307 2751 1363 Nam
2791 1311 2939 1366 facile
2992 1312 3154 1384 ligare
3194 1329 3445 1386 possunt,

1865 1388 1909 1441 si
1956 1388 2267 1459 adustione,
2312 1395 2356 1449 si
2403 1397 2639 1452 sectione
2691 1414 2823 1469 opus
2866 1402 2977 1469 sit,
3007 1406 3053 1458 si
3080 1405 3166 1459 diu
3222 1408 3450 1465 inclusas

1864 1495 2080 1538 scrvare
2108 1495 2388 1554 oporteat,
2418 1496 2472 1543 et
2499 1490 2641 1544 aliud
2672 1508 2768 1561 pro
2811 1495 2913 1548 alio
2943 1498 3188 1565 pabulum
3217 1502 3406 1557 offerre
3430 1545 3446 1569 ,

1864 1573 1908 1627 si
1936 1573 2147 1644 abigere
2185 1591 2215 1628 a
2244 1577 2369 1632 rivis
2398 1594 2649 1649 aquarum
2682 1602 2694 1636 :
2724 1594 3022 1655 cazteraquc
3052 1592 3227 1644 omnia
3264 1634 3278 1658 ,
3325 1611 3442 1663 qua:

1863 1668 2173 1721 censuerint
2199 1669 2265 1723 ad
2309 1670 2517 1726 illarum
2544 1674 2962 1733 incolumitatem
3006 1680 3269 1751 conferre,
3303 1688 3445 1743 nullo

1864 1757 2076 1824 negotio
2103 1759 2405 1815 admovent.

1933 1848 1984 1903 5.
2015 1848 2258 1921 Magnum
2283 1861 2331 1906 et
2359 1854 2713 1911 admirandum
2741 1860 2964 1914 animum
2990 1865 3255 1932 requirere.
3286 1898 3355 1907 —
3376 1870 3445 1925 At

1862 1937 2134 1995 hominum
2190 1942 2522 2000 infirmitates
2575 1948 2711 2003 haud
2757 1949 2909 2007 facile
2964 1954 3122 2010 homo
3168 1963 3371 2014 noverit
3428 1980 3441 2015 :

1862 2028 2056 2086 Nullus
2102 2033 2233 2085 enim
2286 2035 2541 2091 hominum
2573 2040 2704 2092 novit
2748 2058 2860 2110 qua?
2889 2055 3000 2096 sum
3048 2047 3261 2101 hominis
3290 2092 3305 2116 ,
3347 2054 3443 2104 nisi

1859 2121 2067 2191 spiritus
2099 2123 2314 2177 hominis
2341 2165 2354 2186 ,
2385 2127 2473 2195 qui
2526 2138 2599 2181 est
2641 2130 2690 2182 in
2721 2130 2809 2183 illo
2841 2132 2920 2201 (l.
2950 2133 3067 2189 Cor.
3098 2135 3150 2189 2.
3185 2139 3295 2208 il).
3342 2142 3443 2205 Qui

1861 2211 2022 2281 igitur
2051 2215 2217 2283 possit
2241 2218 2500 2287 quispiam
2548 2221 2839 2275 remedium
2887 2224 3168 2283 admovere
3213 2233 3398 2287 morbo
3425 2276 3449 2301 ι

1869 2303 2019 2372 cujus
2063 2305 2278 2361 modum
2329 2324 2433 2363 non
2465 2310 2643 2377 novit,
2698 2327 2819 2366 cum
2866 2315 3024 2370 etiam
3054 2332 3288 2388 persaepe
3318 2338 3443 2376 nes-

1859 2396 1970 2451 cire
1989 2398 2156 2471 possit
2184 2414 2250 2453 an
2280 2410 2500 2471 aegrotet
2530 2404 2741 2458 necne?
2770 2406 2902 2459 Cum
2931 2422 3090 2476 porro
3120 2420 3276 2465 notus
3304 2429 3444 2467 mor-

1860 2487 1960 2543 bus
1987 2498 2069 2544 est
2093 2531 2107 2555 ,
2146 2499 2268 2546 tunc
2298 2494 2469 2563 majus
2498 2496 2763 2566 negotium
2803 2499 3035 2555 facessit.
3086 2502 3268 2573 Neque
3296 2508 3442 2562 enim

1860 2590 2083 2649 possunt
2128 2583 2349 2653 quilibet
2388 2584 2631 2642 homines
2682 2590 2792 2657 pari
2845 2590 3096 2648 facilitate
3140 2600 3350 2665 curari,
3378 2616 3443 2656 ac

1861 2682 2041 2740 pastor
2063 2684 2212 2727 curat
2236 2689 2409 2731 ovem.
2444 2676 2539 2732 Hic
2564 2678 2704 2733 enim
2733 2695 2863 2749 opus
2892 2684 3111 2752 perinde
3144 2696 3226 2741 est
3255 2688 3438 2757 ligare,

1859 2760 1927 2817 ab
1950 2763 2201 2819 a'imento
2227 2766 2458 2836 abigere,
2489 2784 2644 2823 urere
2662 2810 2678 2835 ,
2706 2784 2920 2836 secare;
2945 2774 3036 2826 sed
3065 2784 3295 2844 potestas
3325 2796 3439 2835 mc-

1859 2855 2050 2911 dicina:
2067 2859 2389 2928 accipiendae
2420 2875 2522 2914 non
2569 2876 2732 2930 penes
2760 2864 2901 2917 illum
2921 2875 3003 2919 est
3026 2869 3113 2935 qui
3143 2871 3440 2925 remedium

1860 2947 2151 3017 admovet,
2197 2950 2289 3004 sed
2318 2966 2482 3021 penes
2517 2952 2667 3006 illum
2699 2954 2787 3023 qui
2834 2958 3019 3009 morbo
3068 2957 3286 3012 laborat.
3332 2962 3441 3017 lloc

1860 3040 2003 3093 enim
2049 3055 2169 3094 cum
2226 3050 2406 3096 nosset
2459 3042 2803 3098 admirandus
2864 3046 2953 3099 ille
3005 3048 3116 3113 vir,
3157 3050 3441 3106 Corinthiis

1860 3128 2105 3185 diccbat:
2133 3130 2250 3185 Non
2271 3133 2404 3186 enim
2432 3133 2753 3187 dominamur
2777 3135 2897 3203 ﬁdei
2924 3146 3097 3192 vestra:
3121 3181 3134 3203 ,
3167 3140 3254 3193 sed
3281 3142 3435 3211 adju-

1864 3229 1995 3273 tores
2031 3237 2203 3274 sumus
2254 3223 2431 3291 gaudii
2466 3226 2616 3278 vestri
2661 3223 2740 3295 (2.
2769 3224 2885 3280 Cor.
2917 3227 2967 3281 1.
2992 3228 3106 3298 25).
3132 3226 3444 3287 Christianis

1862 3309 2006 3362 enim
2059 3310 2277 3365 tninime
2314 3314 2549 3366 omnium
2603 3314 2725 3368 licet
2777 3315 2966 3390 delicta
3025 3321 3350 3387 peccantium
3392 3325 3442 3376 vi

1862 3400 2171 3457 emendare.
2204 3402 2386 3458 Exteri
2426 3406 2639 3474 quidem
2666 3406 2872 3475 judices
2906 3407 3234 3466 facinorosos
3276 3412 3445 3467 homi-

1864 3508 1998 3560 nes,
2040 3496 2129 3565 qui
2169 3496 2460 3550 secundum
2516 3498 2659 3568 leges
2693 3500 2829 3567 capti
2861 3510 2985 3553 sunt
3018 3542 3032 3567 ,
3084 3518 3270 3572 magna
3322 3518 3441 3558 cum

1864 3587 2178 3641 auctoritate
2250 3586 2531 3652 cohibent,
2576 3604 2636 3643 ac
2664 3590 2745 3643 vel
2773 3591 2963 3645 invitos
3002 3606 3031 3644 a
3074 3593 3308 3647 moribus
3334 3596 3445 3663 pri-

1864 3678 2015 3732 stinis
2042 3684 2263 3732 arcent:
2299 3678 2384 3733 hic
2420 3689 2595 3734 autem
2638 3697 2742 3734 non
2783 3682 2830 3735 vi
2872 3682 3117 3738 adactum
3148 3725 3162 3750 ,
3192 3685 3288 3740 sed
3318 3700 3442 3755 per-

1865 3785 2081 3825 suasum
2124 3770 2421 3840 hujusmodi
2472 3772 2740 3827 hominem
2794 3783 3005 3844 oportet
3048 3776 3115 3830 ad
3164 3777 3440 3832 meliorem

1868 3860 2069 3932 frugem
2125 3878 2401 3918 revocare.
2431 3863 2546 3919 Non
2578 3866 2719 3919 enim
2767 3874 2907 3919 tanta
2949 3866 3101 3921 nobis
3152 3866 3372 3922 facultas
3415 3884 3445 3923 a

1868 3952 2075 4022 legibus
2125 3952 2283 4007 datur
2342 3952 2410 4007 ad
2481 3953 2848 4024 delinquentes
2922 3957 3291 4023 coercendos;
3339 3958 3446 4013 imo

1867 4042 2076 4098 etiamsi
2128 4043 2443 4112 dedissent,
2472 4061 2576 4100 non
2609 4060 2884 4115 possemus
2928 4047 3013 4101 illa
3058 4048 3172 4115 uti,
3212 4048 3448 4117 quando-

1868 4135 2079 4204 quidem
2112 4136 2250 4190 Deus
2277 4151 2380 4190 non
2410 4151 2504 4191 eos
2531 4148 2770 4201 coronat,
2790 4138 2877 4207 qui
2901 4138 2947 4191 vi
2974 4138 3144 4193 abacti
3165 4154 3193 4191 a
3216 4140 3448 4208 nequitia

1869 4226 2175 4292 abstinent,
2219 4227 2311 4281 sed
2339 4243 2432 4283 eos
2460 4269 2475 4294 ,
2512 4230 2601 4299 qui
2661 4246 2725 4284 ex
2758 4230 2925 4285 libero
2970 4233 3240 4301 proposito
3278 4232 3344 4286 ab
3386 4248 3447 4286 ea

1870 4316 2156 4372 declinant.
2185 4318 2538 4385 Quamobrem
2581 4320 2743 4374 multa
2768 4321 2979 4391 quidem
3006 4330 3121 4377 arte
3149 4338 3281 4395 opus
3327 4334 3405 4379 est
3430 4364 3445 4389 ,

1872 4418 1927 4461 ut
1972 4409 2096 4478 a-gri
2128 4408 2457 4463 sacerdotum
2490 4410 2739 4465 remediis
2785 4411 3019 4466 libenter
3076 4426 3136 4467 se
3187 4413 3448 4481 subjicere

1872 4498 2192 4552 suadeantur
2222 4516 2234 4550 :
2266 4514 2437 4571 neque
2466 4499 2515 4553 id
2547 4502 2753 4566 solum,
2780 4501 2871 4554 sed
2921 4511 2973 4555 ut
2999 4503 3158 4556 etiam
3207 4504 3307 4556 illis
3338 4519 3446 4557 me-

1873 4588 2006 4643 delac
2030 4591 2254 4659 gratiam
2302 4589 2548 4645 habeant.
2600 4588 2730 4643 Nam
2760 4592 2804 4645 si
2834 4592 2951 4659 quis
3003 4592 3209 4647 vinetus
3254 4594 3453 4647 resiliat

1874 4680 1947 4749 (id
1990 4680 2129 4735 enim
2162 4696 2324 4749 penes
2354 4682 2521 4751 ipsum
2550 4682 2676 4750 cst),
2722 4683 2937 4750 gravius
2988 4682 3085 4737 sibi
3126 4683 3320 4737 malum
3370 4685 3450 4736 ef-

1874 4772 2023 4838 ficit;
2066 4772 2113 4828 si
2151 4773 2421 4827 monentis
2452 4772 2643 4836 verba,
2678 4772 2804 4827 ferri
2859 4790 3006 4828 more
3036 4776 3263 4829 secantia
3292 4816 3305 4838 ,
3363 4792 3449 4830 rc-

1872 4863 2077 4931 Spucrit
2102 4903 2116 4927 ,
2147 4873 2452 4935 contemptu
2510 4879 2607 4917 suo
2639 4863 2781 4917 aliud
2812 4864 2909 4917 sibi
2940 4865 3127 4918 vulnus
3157 4865 3354 4934 adjicit,
3390 4881 3453 4920 ac

1872 4953 2093 5008 medeltc
2131 4953 2410 5007 occasione
2454 4953 2863 5011 vehementioris
2890 4955 3059 5009 morbi
3086 4970 3240 5009 causa
3283 4957 3454 5007 nasci-

1876 5056 1959 5098 tur
1988 5062 2001 5097 :
2032 5059 2203 5113 neque
2233 5044 2373 5099 enim
2412 5053 2493 5098 est
2521 5044 2608 5114 qui
2641 5045 2744 5097 vim
2771 5043 2956 5098 afferat
2983 5084 2998 5108 ,
3032 5059 3129 5098 nec
3151 5044 3238 5113 qui
3265 5058 3453 5098 curare

1875 5138 2095 5192 invitum
2151 5136 2334 5206 possit.

1944 5229 1995 5283 4.
2032 5228 2158 5283 Rem
2205 5243 2307 5280 esse
2362 5226 2562 5297 plenam
2612 5224 2953 5295 di/ﬁeultatum
2998 5240 3058 5275 at:
3098 5223 3455 5291 periculorum.

1872 5318 2094 5386 -Quid
2126 5317 2280 5388 igitur
2301 5316 2559 5387 agendum
2581 5316 2603 5369 ?
2625 5315 2834 5370 Etenim
2885 5315 2927 5368 si
2961 5314 3139 5368 mitius
3184 5329 3308 5384 agas
3336 5328 3455 5368 cum

1871 5426 1957 5477 eo,
1983 5409 2071 5483 qui
2089 5424 2277 5479 magna
2303 5409 2539 5463 sectione
2582 5423 2715 5477 Opus
2746 5406 2923 5472 habet,
2956 5420 3124 5475 neque
3145 5404 3456 5477 profundam

1871 5514 2004 5573 opus
2035 5500 2245 5554 habenti
2276 5500 2481 5570 plagam
2510 5499 2731 5569 infligas,
2760 5507 2962 5565 partem
3015 5496 3249 5554 vulneris
3275 5495 3456 5548 abstu-

1872 5596 1994 5657 listi,
2015 5602 2216 5663 partem
2249 5592 2537 5662 reliquisti;
2569 5593 2647 5645 sin
2678 5591 2979 5661 requisitam
2999 5590 3283 5645 sectionem
3312 5603 3460 5658 pror-

1869 5701 1962 5742 sus
1982 5685 2309 5754 adhibueris,
2338 5700 2481 5757 smpc
2515 5685 2599 5741 ille
2629 5685 2825 5740 doloris
2878 5682 3198 5755 impatientia
3225 5681 3462 5739 animum
