3864 6292
430 335 533 388 ως

430 443 793 514 despomleus,
817 435 1063 499 omnibus
1109 443 1388 498 confertim
1425 443 1659 513 rejectis,
1683 451 1798 497 tum
1845 441 2012 496 medi.

429 538 568 602 cina,
605 547 713 590 tum
774 537 1039 608 ligamine,
1072 536 1305 606 seipsum
1343 535 1664 606 prmcipitem
1703 535 1866 600 dabit,
1895 549 2024 589 con-

433 630 557 683 trito
578 629 705 698 jugo
725 645 788 684 ac
827 627 1096 684 confracta
1144 627 1374 682 vinculo.
1423 627 1678 697 Equidem
1708 626 1902 682 multos
1928 641 2018 682 re-

431 735 651 774 censere
677 734 884 788 possem
927 719 976 772 in
1022 727 1259 774 extrema
1298 719 1434 772 mala
1482 717 1756 785 deductos,
1782 717 1924 787 quod
1952 719 2021 774 ab

432 815 510 867 eis
537 828 688 881 [unua
737 811 965 882 peccatis
997 826 1092 882 par
1123 818 1515 880 exposceretur.
1568 809 1748 880 Neque
1771 810 1910 865 enim
1937 819 2018 865 te-

434 921 577 960 mere
605 903 670 960 ad
701 902 1269 974 peccatorum‘modum
1296 910 1503 972 oportet
1544 911 1596 955 et
1624 915 1832 972 poenam
1863 900 2018 956 adhi-

433 997 559 1052 bere
587 1013 602 1062 ;
651 995 745 1052 sed
778 994 1103 1066 peccantium
1129 994 1452 1064 propositum
1501 991 1882 1062 explorandum
1911 1001 2012 1060 est,

433 1107 522 1159 ne,
544 1091 670 1146 dum
697 1091 838 1162 quod
868 1091 1090 1146 scissum
1134 1097 1216 1144 est
1256 1104 1514 1145 consuere
1555 1089 1658 1154 vis,
1698 1088 2014 1143 deteriorem

433 1182 716 1236 scissuram
746 1178 930 1246 facias,
956 1195 1081 1246 neu,
1109 1178 1233 1233 dum
1253 1179 1458 1248 lapsum
1498 1177 1783 1233 emendare
1808 1176 2010 1244 studes,

434 1274 689 1344 majorem
717 1272 924 1326 ruinam
948 1286 1116 1342 pares.
1135 1269 1268 1326 Nam
1285 1271 1371 1342 qui
1391 1270 1585 1324 inﬁrmi
1605 1280 1728 1324 sunt
1741 1284 1803 1324 ac
1824 1269 2014 1324 remis-

434 1363 500 1427 si,
528 1363 796 1433 magisque
820 1361 997 1418 mundi
1025 1362 1228 1416 deliciis
1254 1360 1466 1425 irretiti,
1510 1361 1706 1431 quique
1727 1377 1788 1416 ex
1819 1376 2013 1431 genere

434 1466 488 1512 et
514 1456 747 1528 potentia
787 1456 948 1510 altum
971 1471 1160 1526 sapere
1187 1464 1423 1524 possunt,
1456 1454 1489 1509 ii
1513 1454 1707 1508 sensim
1738 1454 2013 1522 paulatim-

438 1562 541 1618 quc
569 1563 599 1600 a
628 1545 878 1616 peccandi
910 1545 1290 1600 consuetudine
1319 1545 1538 1609 retrahi,
1559 1558 1622 1600 ac
1650 1545 1692 1598 si
1721 1559 1824 1598 non
1858 1544 2010 1614 peni-

437 1651 540 1706 tus,
575 1639 765 1709 partim
789 1639 973 1694 saltem
1002 1639 1070 1693 ab
1114 1639 1200 1706 iis,
1257 1637 1447 1707 quibus
1487 1637 1810 1704 detinentur,
1858 1637 2010 1692 malis

435 1729 645 1784 liberari
676 1731 877 1799 possint
901 1746 918 1784 :
942 1729 1131 1799 quibus
1156 1729 1201 1783 si
1229 1729 1404 1784 statim
1425 1729 1815 1798 corrcptionem
1847 1729 2004 1782 indu-

433 1836 546 1888 cas,
587 1822 745 1876 etiam
777 1823 980 1877 minore
1032 1822 1116 1878 illa
1149 1821 1518 1877 emendatione
1543 1820 1790 1890 privabis.
1820 1821 2008 1876 Anima

431 1914 626 1985 quippe
647 1914 921 1969 confestim
966 1914 1019 1968 itt
1046 1914 1293 1969 ruborem
1319 1923 1433 1968 acta
1466 1914 1520 1967 in
1563 1913 1903 1968 indolentiam
1933 1913 2009 1967 la-

433 2004 594 2072 bitur,
625 2019 796 2075 neque
823 2003 1032 2059 blandis
1058 2014 1239 2074 postea
1285 2004 1464 2058 verbis
1503 2013 1668 2074 paret,
1703 2019 1875 2073 neque
1903 2003 2007 2057 mi‘-

435 2094 517 2150 nis
539 2094 784 2160 flectitur,
813 2109 911 2151 nec
929 2095 1198 2150 beneﬁciis
1227 2104 1506 2159 movetur;
1538 2093 1631 2149 sed
1671 2095 1836 2148 multo
1855 2094 2006 2150 dete-

435 2185 545 2238 rior
569 2183 799 2239 efﬁcitur
841 2184 928 2242 illa
954 2184 1165 2240 civitate
1185 2225 1202 2251 ,
1237 2198 1392 2255 quam
1421 2185 1674 2255 propheta
1703 2184 2008 2254 vituperans

433 2275 644 2330 diccbat
675 2293 688 2328 :
730 2273 894 2330 Facta
927 2285 999 2330 est
1025 2276 1110 2330 tibi
1152 2280 1294 2348 [rem
1323 2277 1617 2344 meretricis,
1644 2279 1784 2346 apud
1836 2291 2007 2329 omnes

433 2368 762 2422 inverecunde
780 2369 924 2440 egisti
969 2368 1113 2438 (Jer.
1161 2369 1214 2424 5.
1242 2369 1277 2425 ὅ
1308 2369 1345 2438 ).
1371 2367 1630 2436 Quocirca
1670 2368 1832 2424 multa
1873 2383 2006 2439 opus

434 2465 517 2510 est
543 2457 739 2527 pastori
767 2457 1044 2527 prudentia
1081 2472 1143 2513 ac
1161 2458 1424 2512 sexcentis
1467 2459 1650 2522 oculis,
1682 2468 1739 2513 ut
1775 2458 2006 2529 undique

433 2548 624 2602 animae
651 2557 846 2604 statum
891 2549 1300 2620 circumspiciat.
1351 2549 1809 2620 Quemadmodum
1858 2550 2002 2605 enim

433 2639 586 2694 multi
616 2640 667 2693 in
711 2640 1064 2710 arrogantiam
1119 2641 1443 2696 extolluntur
1467 2651 1520 2698 et
1561 2642 1614 2696 in
1660 2641 1846 2697 salutis
1893 2657 2004 2698 sure

431 2731 852 2801 desperationem
871 2731 1127 2799 incidunt,
1159 2732 1303 2803 quod
1331 2733 1606 2788 acerbiora
1634 2733 1868 2788 remedia
1895 2733 2002 2804 pati

429 2832 694 2893 nequeant
722 2824 828 2878 :ita
857 2831 981 2878 sunt
1009 2833 1064 2879 et
1090 2824 1181 2878 alii
1224 2825 1335 2895 qui,
1363 2823 1504 2895 quod
1559 2839 1716 2895 pares
1769 2826 2004 2895 peccatis

427 2911 538 2967 suis
563 2913 910 2981 pmnasluere
938 2913 1131 2979 nolint,
1179 2913 1234 2967 in
1281 2913 1582 2984 neglectum
1624 2923 1920 2980 vertuntur,
1949 2925 2003 2969 et

427 3003 592 3058 multo
613 3003 906 3060 deteriores
939 3003 1189 3072 evadunt,
1237 3007 1600 3076 majoremque
1654 3005 1907 3074 peccandi
1929 3006 1995 3060 li-

425 3094 654 3148 centiam
685 3101 958 3162 usurpant.
988 3093 1128 3148 Nihil
1154 3093 1330 3164 itaque
1349 3093 1538 3152 horum
1586 3094 1702 3151 sine
1749 3094 1998 3151 examine

427 3182 828 3254 relinquendum
868 3193 970 3250 est,
1023 3183 1118 3240 sed
1168 3187 1416 3242 omnibus
1441 3185 1546 3244 rite
1569 3187 1852 3256 exploratis
1884 3188 2000 3257 epi-

425 3287 620 3343 scapus
646 3284 1020 3342 congruenter,
1047 3290 1168 3345 quae
1215 3273 1284 3330 ad
1332 3290 1391 3331 se
1437 3275 1720 3345 pertinent,
1767 3276 2003 3347 proferat

425 3371 653 3432 oportet,
671 3377 741 3418 ne
767 3377 956 3419 vanam
985 3361 1390 3420 sollicitudinem
1403 3363 1672 3421 adhibeat.
1695 3365 1875 3438 Neque
1900 3366 2001 3424 hac

426 3455 480 3510 in
507 3469 568 3510 re
593 3463 818 3522 tantum,
835 3455 928 3513 sed
940 3455 1709 3515 etiaminabscissisEcclesiae
1736 3458 1993 3514 membris

423 3545 805 3616 conjungendis
833 3546 1012 3602 multis
1033 3547 1181 3602 illum
1233 3547 1461 3617 negotiis
1520 3547 1752 3604 distendi
1791 3549 1992 3606 videas.

422 3635 553 3692 Nam
579 3638 752 3692 ovium
774 3637 986 3709 quidem
1014 3648 1194 3711 pastor
1225 3654 1440 3710 gregem
1492 3639 1651 3695 habet
1685 3649 1995 3710 sequentem

419 3740 754 3799 quocumque
779 3727 989 3784 duxerit
1019 3746 1033 3783 :
1064 3729 1205 3800 quod
1254 3729 1299 3784 si
1339 3745 1456 3800 qua:
1494 3744 1622 3786 oves
1648 3728 1716 3786 de
1739 3740 1882 3785 recta
1913 3731 1995 3786 via

420 3817 722 3887 deﬁectant,
782 3819 1086 3890 salubrique
1138 3822 1325 3877 relicto
1371 3822 1562 3893 pabulo
1608 3823 1810 3884 sterilia
1837 3833 1996 3894 atque

419 3907 640 3979 abrupta
661 3909 772 3963 loca
794 3909 1101 3981 depascaut,
1134 3912 1261 3967 satis
1287 3921 1388 3978 est,
1412 3913 1458 3968 si
1484 3913 1638 3968 altius
1685 3914 1898 3982 clamet,
1931 3924 1988 3969 ut

418 4013 509 4054 eas
533 4009 736 4068 repetat
762 4009 816 4056 et
842 4000 907 4056 ad
927 4017 1141 4072 gregem
1189 4003 1427 4059 reducat.
1478 4007 1546 4060 At
1571 4005 1615 4059 si
1652 4006 1772 4076 quis
1796 4021 1826 4060 a
1850 4016 1992 4061 recta

419 4084 525 4142 ﬁde
543 4088 889 4156 aberravcrit,
921 4107 1169 4162 maguum
1194 4094 1388 4162 pastori
1409 4109 1543 4163 epus
1568 4095 1842 4162 incumbit,
1872 4111 1986 4150 ma-

416 4193 518 4246 gna
556 4189 673 4248 eget
718 4182 1107 4248 perseverantia
1138 4192 1296 4253 atque
1323 4183 1594 4253 patientia.
1641 4185 1822 4256 Neque
1849 4186 1990 4241 enim

420 4282 592 4341 potest
618 4274 698 4328 vel
715 4275 764 4329 vi
782 4275 1072 4344 retrahere,
1117 4277 1204 4332 vel
1243 4290 1383 4332 metu
1409 4294 1600 4348 cogere
1628 4295 1643 4344 ;
1676 4279 1767 4335 sed
1789 4279 1992 4335 suasio-

420 4382 484 4420 uc
510 4375 719 4436 Oportet
742 4366 808 4420 ad
826 4368 1096 4423 veritatem
1127 4367 1400 4434 reducere,
1431 4368 1570 4424 unde
1597 4371 1747 4425 initio
1770 4370 1986 4425 excidit.

417 4455 686 4510 Generoso
733 4457 908 4527 itaque
941 4455 1138 4528 indiget
1177 4459 1375 4521 animo,
1420 4475 1487 4514 ne
1518 4460 1716 4514 viribus
1754 4459 1984 4528 deficiat,

419 4563 517 4604 neu
535 4548 602 4603 de
631 4548 919 4603 errantium
939 4551 1108 4605 salute
1138 4549 1409 4620 desperet,
1438 4560 1495 4606 ut
1546 4551 1848 4622 frequenter
1875 4551 1988 4608 lucc

413 4638 610 4708 Cogitet
647 4650 700 4693 et
727 4638 990 4708 loquatur,
1018 4639 1303 4711 Nequando
1343 4641 1480 4696 Deus
1505 4642 1586 4696 det
1613 4643 1715 4697 illis
1736 4645 1986 4713 perniten-

414 4731 536 4782 tiam
555 4736 624 4783 ad
675 4733 1071 4802 cognoscendam
1107 4735 1380 4800 veritatem,
1411 4745 1456 4789 et
1478 4737 1775 4806 resipiscam
1805 4755 1835 4790 a
1865 4738 1984 4791 dia-

411 4820 512 4874 boli
530 4821 707 4891 laqueo
737 4821 755 4892 (
779 4821 834 4877 2.
861 4820 992 4877 Tim.
1018 4821 1072 4878 2.
1095 4823 1184 4880 25.
1209 4825 1280 4879 26
1312 4827 1351 4895 ).
1398 4827 1684 4897 Propterea
1723 4829 1978 4884 Dominus
1999 4866 2033 4889 ρ

409 4912 695 4981 discipulos
742 4914 819 4968 sic
856 4916 1221 4985 alloquebatur
1253 4935 1266 4970 :
1297 4918 1542 4982 Quisnam
1597 4921 1764 4987 ﬁdelis
1809 4940 1983 4977 servus

403 5005 454 5049 et
472 4997 690 5067 prudens
718 4997 738 5067 (
758 4996 944 5052 Matt/1.
973 4998 1062 5054 Ἠ.
1090 5001 1159 5056 45
1194 5000 1258 5072 )?
1282 5001 1412 5057 Nam
1455 5004 1543 5074 qui
1566 5005 1798 5074 seipsum
1825 5022 1982 5061 exer-

405 5094 509 5152 cet,
542 5086 593 5140 in
619 5102 679 5142 se
699 5088 870 5143 solum
899 5091 1179 5146 utilitatem
1233 5093 1622 5149 circumscribit
1652 5114 1663 5148 :
1699 5096 1978 5165 pastoralis

406 5184 580 5231 autem
605 5176 768 5234 ofﬁcii
818 5181 1020 5236 lucrum
1047 5181 1114 5237 ad
1144 5184 1448 5239 universum
1478 5185 1732 5255 populum
1776 5193 1978 5241 manat.

406 5267 546 5323 Sane
569 5271 658 5339 qui
708 5272 958 5340 pecunias
990 5275 1172 5345 egenis
1215 5275 1507 5341 distribuit,
1557 5286 1647 5332 aut
1671 5277 1801 5332 alias
1837 5277 1978 5333 laesis

405 5360 779 5428 patrocinatur,
813 5364 866 5418 in
891 5364 1066 5434 aliquo
1083 5367 1342 5437 proximis
1362 5367 1596 5437 prodest,
1631 5377 1777 5422 tanto
1803 5369 1977 5422 minus

405 5460 577 5504 tamen
612 5468 766 5519 quam
786 5456 1053 5524 sacerdos,
1076 5470 1271 5527 quanto
1294 5459 1570 5515 intervallo
1597 5459 1768 5513 anima
1787 5473 1976 5529 corpo.

403 5541 446 5594 ri
467 5551 701 5608 prmstat.
727 5542 1045 5616 Jureitaque
1097 5548 1352 5604 Dominus
1371 5565 1553 5605 curam
1579 5550 1751 5620 gregis
1779 5550 1975 5604 amoris

402 5647 526 5700 erga
552 5647 610 5688 se
636 5645 1003 5704 argumentum
1032 5653 1148 5693 esse
1162 5639 1312 5694 dixit.

466 5723 680 5780 BASIL.
733 5723 810 5780 τυ
855 5743 1019 5795 vero,
1051 5728 1274 5798 inquit,
1322 5731 1592 5787 Christum
1641 5747 1747 5788 non
1784 5730 1970 5782 amas?

1175 334 1232 391 S.
1271 332 1548 390 JOANNIS
1583 328 2057 387 CHRYSOS'I‘OMI
2095 329 2408 387 ARCHIEP.
2451 330 2992 388 CONSTANTINOP.

3609 333 3701 388 636

2134 440 2506 498 CHRYSOST.
2559 441 2625 496 Et
2667 458 2823 510 amo,
2873 451 2927 498 ct
2967 442 3180 498 amandi
3219 442 3375 498 ﬁnem
3425 457 3700 516 numquam

2128 532 2316 589 faciam
2337 542 2419 588 :at
2447 550 2633 588 vereor
2649 549 2736 600 ne,
2760 549 2916 605 quem
2934 548 3076 596 amo.
3099 549 3220 590 eum
3243 535 3468 591 irritem.
3489 535 3699 592 BASIL.

2127 627 2342 697 Ecquod
2371 629 2616 699 :enigma,
2652 628 2856 699 inquit,
2884 628 3162 683 obscurius
3189 627 3364 696 fuerit,
3394 629 3440 683 si
3463 628 3704 686 Christus

2126 719 2295 785 illum,
2323 720 2412 791 qui
2445 736 2502 775 se
2529 729 2688 786 amet,
2717 735 2845 776 oves
2873 735 2996 775 suas
3022 736 3249 790 pascere
3265 721 3480 792 jubeat:
3503 730 3562 776 tu
3587 737 3704 776 vero

2125 810 2271 866 dicas
2317 812 2434 865 ideo
2483 810 2627 865 nolle
2678 825 2936 880 pascere,
2981 812 3106 882 quia
3155 811 3257 866 hoc
3313 811 3704 881 praecipientem

2124 903 2309 956 amas?
2333 901 2893 960 CHRYSOSTOMUS.
2921 903 3037 959 Non
3065 913 3166 968 est,
3196 905 3433 974 inquam,
3456 905 3703 976 aenigma,

2125 996 2232 1050 imo
2262 1010 2347 1051 res
2376 995 2660 1052 admodum
2691 995 2830 1052 clara
2861 1005 2914 1053 et
2940 998 3184 1068 simplex.
3229 997 3362 1052 Nam
3400 998 3445 1052 si
3487 997 3706 1053 idoneus

2123 1103 2296 1144 essem
2327 1088 2748 1144 administrando
2786 1090 2993 1145 muneri
3018 1089 3167 1158 juxta
3195 1089 3388 1145 Christi
3415 1091 3704 1161 placitum,

2123 1192 2176 1236 et
2197 1191 2370 1237 tamen
2391 1181 2698 1253 eliugerem,
2722 1191 2905 1252 argute
2927 1197 3110 1254 posses
3129 1182 3267 1237 dicta
3289 1197 3408 1238 mea
3429 1183 3706 1240 refellere:

2122 1270 2244 1342 quia
2274 1288 2402 1327 vero
2430 1273 2594 1326 animi
2625 1271 2958 1327 imbecillitas
2988 1273 3110 1328 huic
3138 1289 3224 1327 me
3252 1271 3436 1328 ofﬁcio
3466 1271 3704 1328 inutilem

2121 1364 2411 1431 constituit,
2457 1379 2552 1419 cur
2596 1364 2895 1435 objectioue
2932 1380 3066 1434 opus
3102 1366 3242 1420 erit?
3277 1365 3492 1421 Etenim
3522 1382 3711 1423 rem

2119 1469 2188 1509 ne
2216 1454 2260 1509 si
2285 1468 2498 1526 gregem
2523 1455 2715 1510 Christi
2747 1456 2884 1511 bene
2903 1457 3164 1512 valentem
3194 1472 3257 1511 ac
3281 1466 3535 1528 vegetum
3567 1459 3710 1512 acci-

2119 1545 2257 1614 piam
2278 1585 2293 1611 ,
2338 1545 2636 1617 deindeque
2666 1547 2836 1616 ipsum
2883 1546 3082 1600 incuria
3123 1546 3337 1617 perdam
3358 1589 3373 1614 ,
3409 1549 3586 1603 Deum
3613 1549 3711 1603 ad-

2118 1650 2330 1690 versum
2361 1651 2444 1690 me
2474 1635 2675 1690 irritem
2696 1676 2711 1701 ,
2740 1637 2830 1706 qui
2858 1635 2927 1690 ita
2973 1633 3142 1706 ipsum
3177 1647 3315 1690 amat
3341 1677 3358 1703 ,
3403 1646 3462 1690 ut
3493 1637 3563 1691 ad
3595 1639 3710 1707 ejus

2117 1726 2341 1781 salutem
2371 1726 2423 1780 in
2454 1727 2678 1796 pretium
2721 1742 2838 1783 sese
2877 1728 3170 1783 tradiderit.
3210 1727 3549 1785 BASlLlUS.
3597 1729 3710 1785 Lu-

2116 1817 2268 1884 dens,
2298 1818 2484 1888 inquit,
2511 1818 2625 1873 haec
2645 1817 2777 1874 dicis
2801 1836 2815 1872 :
2841 1833 2960 1873 nam
2987 1819 3028 1874 si
3053 1819 3214 1883 serio,
3247 1835 3352 1874 non
3381 1819 3547 1875 video
3573 1838 3709 1891 quo-

2115 1909 2272 1964 modo
2301 1908 2492 1964 melius
2541 1907 2906 1965 demonstrare
2945 1909 3174 1964 volueris
3203 1925 3301 1965 nos
3324 1910 3448 1980 jure
3479 1912 3670 1967 dolere
3693 1955 3708 1978 ,

2114 2013 2270 2068 quam
2303 1997 2452 2054 hisce
2480 1999 2654 2054 verbis
2684 2000 2788 2054 tuis
2812 2040 2826 2064 ,
2870 1999 3062 2069 quibus
3101 2015 3387 2055 mterorem
3432 2001 3712 2070 depellere

2113 2089 2358 2144 curabas.
2393 2087 2502 2158 Ego
2527 2089 2668 2144 enim
2692 2087 2814 2145 licet
2841 2089 2985 2159 prius
3009 2089 3245 2145 noverim
3272 2105 3358 2146 me
3401 2107 3502 2161 per
3533 2102 3587 2148 te
3612 2092 3707 2149 de-

2113 2189 2326 2249 ceptum
2352 2193 2414 2234 ac
2439 2179 2704 2249 proditum
2733 2178 2896 2234 fuisse
2921 2221 2934 2244 ,
2969 2196 3111 2235 nunc
3136 2195 3263 2235 sane
3289 2182 3464 2236 multo
3495 2183 3672 2252 magis
3692 2226 3708 2248 ,

2113 2269 2324 2341 quando
2361 2269 2565 2342 objecta
2611 2270 2703 2324 tibi
2745 2271 2967 2326 crimina
3009 2270 3214 2327 diluere
3256 2282 3486 2326 conatus
3515 2285 3612 2338 es,
3659 2274 3708 2328 id

2113 2359 2292 2416 edisco
2316 2368 2371 2415 et
2398 2358 2563 2431 probe
2601 2359 2840 2430 intelligo
2863 2401 2879 2428 ,
2927 2375 3033 2430 quo
3076 2377 3160 2416 me
3190 2361 3407 2416 tandem
3435 2363 3706 2424 malorum

2110 2451 2404 2508 induxeris.
2431 2451 2566 2507 Nam
2587 2451 2631 2507 si
2650 2459 2700 2508 te
2721 2451 2840 2508 ideo
2855 2451 2923 2507 ab
2940 2451 3043 2507 hoc
3058 2453 3351 2509 ministerio
3367 2453 3703 2520 subduxisti,

2111 2543 2230 2612 quia
2257 2542 2490 2599 animum
2518 2552 2665 2598 tuum
2692 2552 2852 2600 tantm
2886 2543 3042 2600 molis
3079 2543 3155 2600 rei
3200 2560 3386 2616 parem
3431 2563 3548 2602 non
3587 2563 3708 2604 esse

2108 2633 2353 2702 sciebas,
2400 2650 2486 2690 me
2527 2636 2675 2705 prius
2719 2644 2959 2706 ereptum
3005 2638 3276 2706 oportuit,
3329 2638 3499 2694 etiam
3553 2642 3600 2695 si
3655 2641 3703 2695 id

2111 2738 2320 2780 summo
2345 2723 2523 2780 studio
2553 2724 2889 2780 ambivissem
2915 2743 2928 2780 :
2952 2739 3020 2782 ne
3061 2724 3234 2781 dicam
3264 2741 3350 2784 me
3379 2728 3475 2783 tibi
3509 2731 3701 2784 hor-mu

2110 2815 2392 2870 consilium
2431 2817 2642 2885 penitus
2673 2815 3022 2871 commisisse.
3047 2815 3196 2872 Nunc
3220 2832 3348 2872 vero
3378 2833 3497 2873 rem
3527 2821 3701 2875 solum

2110 2917 2253 2963 tuam
2295 2907 2365 2962 ob
2389 2909 2574 2963 oculos
2614 2908 2815 2964 habens
2843 2923 3014 2963 meam
3054 2908 3348 2979 neglexisti.
3375 2912 3565 2982 Atque
3595 2913 3700 2968 uti-

2109 3013 2232 3054 nam
2264 2999 2618 3070 ueglexisses!
2647 2997 2696 3053 id
2722 3013 2850 3054 sane
2875 2999 3163 3070 Optandqu
3186 3009 3327 3056 esset
3351 3020 3367 3056 :
3393 3015 3592 3060 verum
3621 3015 3698 3070 tu,

2104 3097 2164 3144 ut
2192 3089 2397 3145 facilius
2419 3106 2448 3145 a
2478 3091 2838 3161 quaerentibus
2874 3105 3098 3161 caperer
3116 3131 3132 3156 ,
3179 3092 3400 3148 insidias
3424 3095 3698 3151 struxisti.

2106 3180 2288 3252 Neque
2313 3181 2452 3236 enim
2476 3180 2601 3237 illud
2627 3181 2800 3253 ell'ugii
2834 3181 2925 3236 tibi
2959 3181 3290 3252 relinquitur,
3318 3183 3463 3254 quod
3496 3185 3697 3242 videli-

2106 3281 2191 3328 cet
2211 3271 2350 3342 vulgi
2379 3273 2559 3343 opinio
2585 3280 2636 3327 te
2656 3271 2954 3342 deceperit,
2978 3282 3132 3342 teque
3159 3273 3224 3327 ad
3252 3289 3440 3344 magna
3469 3277 3698 3332 mirabi-

2106 3361 2281 3432 liaque
2309 3362 2376 3418 de
2406 3377 2491 3418 me
2519 3363 2868 3418 existimanda
2895 3362 3194 3418 deduxerit.
3222 3361 3336 3419 Non
3365 3367 3516 3421 enim
3557 3368 3701 3424 inter

2105 3455 2444 3511 admirandos
2471 3464 2524 3510 et
2548 3457 2866 3526 conspicuos
2890 3471 3172 3512 censemur
3196 3476 3210 3513 :
3237 3473 3431 3529 neque,
3477 3463 3699 3519 etiamsi

2105 3562 2193 3602 res
2233 3548 2302 3602 ita
2332 3563 2391 3602 se
2435 3547 2744 3613 habuisset,
2774 3547 3057 3602 nmltorum
3093 3547 3268 3618 opinio
3293 3552 3508 3606 veritati
3537 3565 3697 3610 ante-

2106 3639 2347 3710 ponenda
2381 3639 2584 3694 fuisset.
2613 3639 2744 3694 Nam
2770 3640 2815 3694 si
2846 3639 2938 3693 tibi
2965 3654 3248 3709 numquam
3277 3657 3373 3710 per
3401 3658 3505 3697 nos
3537 3656 3696 3700 ante:

2104 3731 2360 3795 licuisset,
2393 3739 2448 3784 ut
2474 3729 2869 3785 consuetudinis
2902 3741 3096 3784 nosme
3125 3731 3414 3799 periculum
3447 3732 3696 3800 faceres,

2102 3823 2249 3880 color
2274 3823 2463 3895 aliquis
2489 3823 2676 3879 adesse
2699 3822 2791 3878 tibi
2819 3822 3104 3889 videretur,
3127 3837 3244 3878 cum
3276 3840 3343 3878 ex
3373 3825 3520 3896 vulgi
3551 3828 3696 3881 fama

2102 3917 2418 3972 sententiam
2452 3916 2652 3982 ferres;
2683 3915 2762 3969 sin
2791 3927 2966 3970 autem
2993 3916 3167 3971 nullus
3194 3917 3413 3986 perinde
3439 3929 3610 3989 atque
3637 3931 3698 3974 tu

2101 4018 2280 4062 nostra
2312 4007 2482 4073 novit,
2511 4007 2617 4061 imo
2643 4015 2880 4061 nostrum
2910 4007 3144 4061 animum
3176 4008 3366 4062 melius
3390 4024 3560 4078 quam
3591 4012 3698 4080 ipsi

2102 4111 2347 4170 parentes
2386 4108 2440 4154 et
2481 4099 2762 4153 cductores
2803 4107 3139 4168 perspectum
3179 4097 3377 4164 habes,
3420 4115 3530 4169 qua
3581 4112 3697 4156 tam

2102 4191 2359 4262 probabili
2388 4192 2628 4246 oratione
2656 4191 2820 4244 utaris
2844 4232 2859 4257 ,
2900 4198 2958 4243 ut
2998 4189 3167 4260 possis
3200 4189 3541 4247 auditoribus
3569 4210 3699 4263 per.

2097 4282 2354 4346 suadere,
2407 4289 2456 4336 tc
2493 4297 2591 4336 nos
2629 4281 2681 4334 in
2714 4289 2913 4334 tantum
2948 4281 3163 4350 periculi
3196 4295 3298 4334 non
3329 4281 3472 4336 ultro
3504 4287 3684 4353 conje

2097 4373 2273 4429 cisse?
2319 4373 2512 4428 Verum
2552 4373 2666 4426 haec
2696 4387 2834 4426 nunc
2863 4372 3020 4425 missa
3065 4369 3491 4426 faciamusznon
3537 4377 3700 4430 enim

2102 4472 2152 4519 te
2183 4463 2422 4534 cogimus
2451 4463 2533 4517 his
2559 4462 2626 4518 de
2655 4461 2830 4518 causis
2869 4463 2955 4530 jus
2995 4461 3205 4516 dicere:
3227 4477 3329 4531 qua
3360 4463 3702 4524 defensioue

2099 4564 2281 4610 contra
2309 4561 2644 4609 accusatores
2674 4554 2916 4607 utemur?
2939 4552 3024 4607 dic
3048 4553 3221 4608 sodes.
3251 4553 3502 4609 CllRYS.
3524 4559 3701 4614 Certe

2097 4663 2201 4701 non
2231 4648 2396 4716 prius,
2425 4647 2658 4716 inquam,
2686 4646 2751 4700 ad
2781 4645 2865 4699 illa
2902 4661 2986 4701 me
3015 4656 3216 4701 vertam
3241 4689 3257 4713 ,
3290 4663 3447 4716 quam
3493 4666 3560 4709 ω
3606 4652 3701 4707 di-

2096 4738 2268 4805 luero,
2300 4753 2416 4806 qua:
2443 4736 2508 4791 ad
2541 4745 2590 4790 te
2618 4745 2876 4806 spectant,
2929 4737 3135 4790 etiamsi
3165 4739 3470 4794 sexcenties
3512 4742 3701 4797 instes

2093 4838 2148 4882 ιιι
2207 4827 2426 4882 crimina
2507 4827 2790 4896 depellam.
2867 4827 3212 4896 ignorantiam
3274 4829 3416 4883 enim
3497 4832 3704 4890 dixisti

2093 4919 2301 4973 veniam
2328 4918 2480 4972 nobis
2500 4917 2709 4980 afferre.
2734 4925 2788 4971 et
2807 4917 2952 4972 omni
2975 4931 3070 4971 nos
3085 4917 3453 4975 criminatione
3476 4923 3700 4981 liberos

2091 5009 2226 5074 fore,
2258 5009 2301 5063 si
2327 5023 2501 5063 rerum
2531 5018 2734 5062 tuarum
2763 5008 2948 5078 ignari,
2978 5017 3030 5064 te
3055 5008 3107 5062 in
3129 5018 3444 5077 prasentem
3474 5024 3695 5071 statim

2092 5099 2508 5165 deduxerimus;
2556 5099 2676 5169 quia
2707 5113 2834 5154 vero
2862 5107 2913 5152 te
2956 5114 3058 5152 non
3103 5099 3406 5168 ignorantes
3432 5106 3698 5171 prodidi-

2090 5206 2227 5254 mus,
2257 5205 2345 5245 res
2375 5198 2489 5245 tuas
2515 5189 2753 5259 apprime
2793 5188 3048 5244 callentes
3067 5229 3083 5254 ,
3122 5189 3244 5246 ideo
3267 5205 3487 5247 omnem
3521 5197 3701 5253 nobis

2089 5279 2285 5335 auferri
2315 5279 2672 5334 excusationis
2711 5288 2765 5334 et
2805 5281 3142 5350 congruentis
3169 5281 3427 5352 apologia:
3454 5298 3703 5346 ansam.

2088 5373 2157 5426 At
2179 5385 2278 5442 ego
2300 5379 2478 5425 contra
2502 5385 2722 5426 censeo:
2739 5369 2851 5425 hzcc
2871 5372 3010 5426 enim
3034 5371 3202 5426 multo
3222 5381 3381 5443 egent
3399 5381 3698 5438 examine.

2083 5460 2223 5515 Sane
2269 5475 2390 5515 cum
2445 5459 2533 5530 qui
2585 5459 2651 5514 ad
2699 5460 3053 5515 sacerdotium
3099 5463 3402 5531 quempiam
3449 5468 3702 5526 tndem

2083 5551 2243 5616 velit,
2298 5565 2403 5604 non
2450 5559 2661 5619 oportet
2705 5551 2815 5606 sola
2861 5552 3001 5620 vulgi
3047 5552 3299 5621 opinione
3348 5566 3697 5618 contentum

2081 5655 2220 5706 esse,
2249 5639 2343 5694 sed
2371 5650 2426 5694 ut
2452 5655 2572 5695 cum
2613 5641 2702 5694 illa
2751 5656 2898 5696 suam
2931 5657 3039 5710 pra:
3065 5643 3312 5721 erunibus
3339 5644 3510 5701 addat.
3542 5666 3699 5720 opus

2082 5740 2191 5790 est,
2239 5741 2400 5800 utque
2430 5732 2480 5784 in
2511 5732 2692 5799 primis
2722 5732 2860 5786 illius
2902 5733 3178 5788 facultates
3217 5733 3481 5803 exploret.
3547 5739 3698 5800 Νειι
