3864 6272
124 359 229 420 G37

124 478 317 534 beatus
346 472 434 532 ille
465 473 661 530 Paulus
684 486 810 530 cum
838 470 1009 528 dixit:
1037 470 1249 540 Oportet
1278 476 1445 522 autem
1476 468 1621 522 illum
1659 476 1707 521 et

126 568 462 624 testimonium
487 567 669 620 habere
691 564 877 620 bonum
905 565 965 617 ab
986 564 1047 617 iis
1066 563 1151 631 qui
1177 561 1301 631 [oris
1325 568 1442 614 sunt
1465 558 1543 629 (1.
1570 557 1711 613 Tim.

127 661 180 714 5.
214 658 293 732 7),
323 671 658 728 nequaquam
684 656 819 710 tollit
843 661 1148 709 accuratum
1176 651 1564 721 probatumque
1586 663 1715 704 eno

133 768 281 818 men,
296 766 468 822 neque
489 759 546 804 ut
564 748 884 819 praecipuum
928 746 1043 817 ejus
1071 744 1399 816 probationis
1423 745 1631 813 signum
1661 741 1715 797 id

131 845 399 915 proponit.
430 842 640 898 Etenim
668 839 848 895 multis
874 848 1028 893 antea
1050 836 1341 908 praemissis
1370 835 1583 891 tandem
1612 834 1716 890 hoc

132 934 376 999 addidit,
416 941 476 987 ut
503 931 844 996 ostenderet,
888 945 994 984 non
1037 944 1191 985 suum
1225 936 1425 982 tantum
1453 925 1713 982 calculum

126 1024 378 1081 sufﬁcere
400 1022 467 1077 ad
496 1022 628 1077 tales
665 1021 952 1077 electiones
970 1061 985 1085 ,
1015 1017 1109 1074 sed
1134 1032 1254 1073 cum
1288 1017 1408 1072 aliis
1434 1026 1608 1071 tamen
1632 1031 1716 1071 re-

126 1116 290 1186 quiri.
333 1114 489 1183 Stepe
516 1127 744 1182 namque
768 1111 945 1166 evenit
971 1118 1027 1165 ut
1054 1109 1196 1180 vulgi
1232 1109 1413 1178 opinio
1448 1107 1578 1162 falsa
1604 1107 1673 1161 sit
1698 1123 1712 1160 :

130 1214 402 1273 praeeunte
437 1210 892 1273 autemlaccurato
919 1201 1165 1256 examine
1194 1199 1326 1255 nihil
1361 1208 1546 1269 postea
1576 1197 1717 1267 peri-

126 1296 236 1352 culi
267 1311 329 1351 ex
361 1310 421 1350 ea
450 1294 708 1364 suiSpicari
728 1293 855 1348 licet
878 1292 1136 1360 :ideoque
1155 1290 1392 1360 postalia
1411 1299 1715 1345 exterorum

128 1388 293 1443 etiam
326 1385 683 1441 testimonium
709 1385 953 1455 requirit.
976 1383 1163 1453 Neque
1189 1383 1330 1439 enim
1361 1383 1532 1437 solum
1557 1382 1708 1448 dixit,

131 1479 345 1548 Oportet
382 1487 551 1533 autem
576 1476 723 1531 illum
764 1485 812 1531 et
852 1476 1187 1531 testimonium
1216 1475 1397 1529 habere
1424 1474 1606 1529 bonum
1636 1475 1711 1545 (1.

127 1570 264 1625 Tim.
290 1571 343 1626 5.
368 1568 457 1640 7);
484 1568 577 1624 sed
597 1567 819 1635 addidit,
846 1567 921 1621 Ab
945 1567 1007 1622 iis
1032 1567 1116 1636 qui
1139 1566 1264 1637 [oris
1292 1576 1432 1631 sunt,
1461 1574 1519 1620 ut
1543 1566 1713 1634 palam

125 1663 365 1729 faceret,
411 1671 717 1717 exterorum
746 1659 982 1729 opinioni
1024 1666 1079 1715 et
1111 1658 1267 1714 fama:
1296 1658 1484 1728 praeire
1520 1657 1715 1712 debere

122 1761 436 1808 accuratum
470 1766 716 1807 examen.
757 1750 1019 1817 Quoniam
1056 1749 1215 1821 igitur
1240 1763 1341 1819 ego
1364 1763 1484 1819 quae
1509 1757 1561 1804 te
1588 1763 1714 1819 spe—

121 1844 349 1899 ctabant
387 1842 503 1913 plus
535 1857 695 1913 quam
732 1849 981 1912 parentes
1025 1840 1136 1907 tui,
1166 1849 1224 1895 ut
1247 1842 1363 1910 ipse
1388 1840 1591 1905 fateris,
1619 1854 1717 1894 no-

120 1949 315 1991 veram
338 1974 354 1998 ,
394 1932 514 1990 ideo
540 1933 731 2004 dignus
763 1947 882 1988 sum
912 1931 1002 2002 qui
1049 1930 1117 1985 ab
1141 1930 1286 1986 omni
1324 1930 1548 1986 crimine
1582 1929 1717 1985 liber

120 2025 391 2081 dimittar.

195 2118 524 2177 BASlLlUS.
549 2117 663 2175 Non
692 2117 812 2174 ideo
838 2116 1086 2189 ellugeris
1110 2158 1124 2183 ,
1171 2116 1372 2187 inquit,
1404 2115 1450 2172 si
1480 2125 1531 2171 te
1570 2114 1717 2185 quis-

120 2210 272 2280 piam
319 2223 570 2265 accusare
614 2209 761 2265 velit.
810 2211 999 2264 Annon
1049 2208 1334 2263 meministi
1385 2216 1438 2262 te
1481 2222 1511 2261 a
1562 2206 1716 2262 nobis

116 2316 273 2373 saepe
304 2300 533 2367 audisse,
560 2310 717 2370 atque
736 2300 803 2355 ab
828 2299 955 2369 ipsis
975 2299 1225 2369 operibus
1250 2298 1531 2354 edidicisse
1556 2312 1714 2367 quam

116 2409 317 2463 parum
336 2394 579 2463 generosi
604 2393 703 2449 sim
724 2393 926 2446 animi?
957 2394 1145 2446 Annon
1169 2391 1297 2445 mihi
1323 2405 1466 2460 stepe
1488 2390 1714 2447 ridendo

116 2487 616 2557 pusillanimitatem
658 2485 1063 2555 exprobrabas,
1109 2483 1251 2554 quod
1304 2483 1387 2538 vel
1436 2483 1716 2539 leviSsimis

113 2578 272 2635 curis
293 2577 446 2633 facile
471 2576 764 2648 dejicerer?

187 2671 248 2726 5.
280 2668 394 2723 Nos
425 2677 627 2739 prapter
653 2669 909 2721 caritatem
937 2667 990 2719 in
1024 2664 1280 2720 Christum
1313 2680 1419 2719 rem
1451 2663 1712 2733 istamfu-

104 2762 274 2833 gisse.
305 2790 379 2800 —
406 2757 780 2814 CllliYSOS’l'.
808 2757 1021 2812 Memini
1050 2772 1181 2811 sane
1211 2771 1298 2811 me
1324 2769 1471 2825 saepe
1492 2755 1595 2810 hoc
1618 2756 1715 2810 abs

109 2863 170 2910 te
200 2852 412 2919 audire,
440 2866 614 2922 neque
653 2850 858 2906 inficias
884 2865 971 2906 eo.
1000 2850 1112 2919 Ego
1141 2863 1269 2904 vero
1308 2848 1353 2903 si
1387 2848 1599 2919 quando
1627 2863 1715 2903 ca-

104 2944 368 3010 villabar,
403 2941 549 3012 joco,
582 2956 688 2997 non
744 2941 909 3006 serio,
951 2940 1002 2995 id
1042 2940 1286 3010 agebam.
1316 2939 1567 2994 Attamen
1606 2953 1713 2993 non

103 3052 176 3092 ea
224 3036 299 3091 de
336 3050 397 3091 re
430 3049 576 3090 nunc
602 3033 955 3097 contendam;
997 3046 1131 3102 rogo
1164 3040 1214 3087 te
1252 3040 1432 3086 autem
1468 3029 1711 3085 eamdem

102 3128 249 3183 Inibi
268 3136 495 3198 praestes
516 3126 921 3197 ingenuitatem,
946 3123 1034 3178 ubi
1056 3123 1314 3177 virtutum
1331 3130 1540 3176 tuarum
1562 3136 1713 3175 men-

102 3222 326 3289 tionem
356 3218 567 3273 faciam.
606 3215 819 3271 Etenim
854 3214 900 3269 si
938 3213 1151 3269 coneris
1189 3226 1292 3267 nos
1331 3211 1594 3267 mendacii
1620 3225 1711 3265 ar-

80 3327 318 3384 guere,
362 3310 454 3365 tibi
496 3325 601 3365 non
643 3321 944 3379 parcemus,
981 3305 1074 3361 sed
1111 3304 1455 3360 ostendemus
1498 3310 1550 3357 te
1591 3317 1712 3357 mo-

96 3405 308 3459 destia:
334 3402 532 3473 petitis,
552 3415 710 3471 quam
733 3398 974 3454 veritatis
991 3411 1149 3452 causa
1171 3395 1287 3450 haec
1310 3395 1469 3450 verba
1492 3393 1708 3461 fecisse,

92 3510 221 3551 non
253 3494 379 3549 aliis
412 3507 572 3562 quam
600 3490 777 3547 verbis
804 3498 859 3545 et
894 3488 1047 3543 factis
1075 3489 1179 3543 tuis
1214 3487 1484 3557 usurpatis
1508 3485 1574 3541 ad
1596 3501 1709 3542 rem

93 3585 541 3643 conﬁrmandam
572 3584 815 3638 testibus.
861 3584 1037 3652 Atque
1067 3581 1296 3651 primum
1337 3581 1434 3636 abs
1474 3589 1525 3635 te
1559 3595 1709 3651 quae-

92 3692 241 3734 rere
272 3677 401 3731 volo
434 3693 448 3730 :
475 3674 700 3740 Nostin’,
731 3680 924 3744 quanta
965 3672 1038 3727 sit
1074 3672 1154 3727 vis
1186 3671 1467 3727 caritatis?
1498 3670 1708 3726 Etenim

89 3770 391 3835 Christus,
420 3768 601 3823 missis
631 3765 885 3836 prodigiis
917 3764 1183 3829 omnibus,
1216 3778 1335 3833 qua:
1362 3763 1429 3818 ab
1453 3762 1710 3832 apostolis

88 3862 331 3921 edenda
379 3869 554 3929 erant,
606 3858 672 3914 In
716 3860 839 3925 hoc,
886 3858 1076 3928 inquit,
1123 3865 1421 3928 cognoscent
1461 3856 1707 3922 homines,

87 3958 235 4028 quia
259 3954 505 4024 discipuli
531 3954 629 4009 mei
653 3953 790 4017 estis,
815 3953 858 4006 si
884 3950 1205 4005 dilectionem
1232 3949 1507 4004 habueritis
1527 3950 1595 4003 ad
1623 3950 1707 4003 in-

84 4049 272 4102 vicem
323 4045 503 4116 (Joan.
545 4045 637 4100 15.
691 4044 806 4113 55).
856 4042 1052 4097 Paulus
1096 4055 1225 4095 vero
1278 4041 1352 4095 ait
1398 4040 1540 4094 illam
1588 4055 1710 4096 esse

82 4139 249 4211 legis
278 4141 296 4171 ⁸
324 4137 744 4209 plenitudinem,
783 4137 899 4192 sine
936 4151 1038 4206 qua
1067 4134 1386 4189 charismata
1426 4134 1554 4188 nihil
1585 4148 1712 4204 pro-

77 4240 239 4290 sunt
264 4230 448 4297 (Rom.
473 4230 561 4285 1⁸5.
587 4228 700 4299 10).
726 4227 862 4283 illud
886 4242 1016 4283 sane
1036 4227 1288 4282 eximium
1311 4227 1531 4292 bonum,
1553 4224 1707 4280 disci-

76 4323 369 4395 pulorum
418 4319 615 4376 Christi
661 4320 894 4390 signum,
937 4317 1080 4389 quod
1123 4318 1252 4388 ipsis
1295 4315 1707 4372 charismatibus

74 4412 367 4485 superius
390 4420 495 4479 est,
526 4410 633 4466 vidi
660 4412 711 4465 in
741 4410 922 4465 animo
948 4418 1037 4465 tuo
1066 4424 1327 4480 generose
1352 4410 1588 4475 insitum,
1616 4425 1709 4465 co-

71 4506 438 4576 piosumque
464 4502 694 4557 fructum
732 4501 1001 4557 emittere.
1029 4501 1163 4562 Tum
1192 4499 1495 4559 BASILIUS
1536 4521 1548 4557 :
1581 4501 1706 4557 Mihi

71 4600 254 4655 hanc
292 4610 411 4651 rem
449 4609 789 4664 summopere
826 4609 970 4649 curre
1000 4608 1141 4659 esse,
1186 4596 1578 4665 maximamque
1618 4611 1707 4652 me

70 4685 537 4746 sollicitudinem
567 4685 619 4739 in
650 4684 754 4739 hoc
781 4683 1055 4755 implendo
1086 4693 1355 4754 prmcepto
1384 4700 1585 4754 ponere
1624 4686 1705 4740 fa-

70 4794 221 4839 teor
261 4798 277 4836 :
310 4776 457 4849 quod
498 4786 675 4832 autem
718 4792 784 4832 ne
822 4776 1100 4832 dimidium
1142 4777 1355 4847 quidem
1400 4779 1517 4848 ejus
1556 4794 1705 4834 asse-

62 4882 310 4945 quutus
338 4868 443 4923 sim
462 4910 478 4935 ,
498 4876 553 4923 tu
573 4867 700 4921 mihi
730 4868 880 4923 testis
903 4867 1032 4933 eris,
1056 4867 1099 4921 si
1130 4883 1233 4922 non
1257 4867 1322 4922 ad
1342 4869 1585 4937 gratiam,
1610 4869 1704 4924 sed

65 4961 414 5023 secundum
441 4960 521 5015 rei
547 4960 827 5015 veritatem
865 4959 1009 5029 loqui
1041 4959 1293 5014 volueris.
1322 4958 1701 5016 CllRYSOST.

66 5060 279 5131 Igitur
304 5053 376 5109 ad
404 5062 717 5124 argumenta
741 5068 828 5107 me
852 5061 1080 5117 vertam,
1103 5061 1157 5107 et
1180 5051 1321 5123 quod
1348 5054 1705 5110 comminatus

58 5166 212 5209 smn
242 5160 400 5202 nunc
422 5144 703 5215 praestabo,
738 5153 795 5199 ut
817 5142 1093 5199 ostendam
1122 5152 1173 5199 te
1203 5143 1516 5198 modestiam
1542 5160 1701 5215 quam

58 5243 397 5300 veritatem
427 5236 596 5308 magis
622 5251 833 5292 curare.
864 5236 1104 5306 Bemque
1131 5236 1362 5292 narrabo
1402 5252 1570 5307 nuper
1606 5252 1702 5309 ge-

50 5348 273 5402 stam,
309 5345 383 5386 ne
415 5329 558 5399 quis,
596 5330 643 5383 si
685 5339 864 5384 vetera
908 5344 1241 5395 recenseam,
1281 5329 1582 5400 suspicetur
1615 5346 1703 5387 me

52 5424 372 5496 [corporis
412 5421 760 5476 diuturnitate
799 5421 1075 5475 veritatem
1124 5420 1417 5489 obtegere:
1459 5436 1580 5476 cum
1611 5436 1702 5477 ve-

53 5522 229 5576 ritas
285 5514 403 5584 ipsa
446 5528 552 5567 non
594 5512 866 5582 permittat
892 5525 991 5567 nos
1016 5510 1305 5583 quidquam
1329 5511 1588 5585 affingere
1617 5513 1701 5571 vel

46 5618 157 5681 iis,
197 5622 346 5679 quae
373 5604 439 5659 ad
462 5604 688 5675 gratiam
714 5603 986 5659 dicuntur.

124 5787 149 5820 ι
198 5779 401 5844 Aliqui,
426 5776 546 5843 legis
568 5785 613 5829 et
636 5776 994 5844 prophetarum.

1293 355 1381 413 DE
1417 349 1867 413 SACERDOTIO.
1907 351 2039 409 LIB.
2078 353 2142 408 11.

3306 358 3411 417 636

1900 464 1954 518 6.
1995 462 2369 519 Demonstratio
2403 464 2599 523 virtutis
2635 466 2845 536 Basilii,
2883 477 2934 525 et
2966 470 3265 527 vehementis
3286 474 3411 557 ﬁas

1806 556 2068 619 caritatis.
2087 586 2153 596 —
2177 556 2308 612 Cum
2333 557 2478 613 enim
2506 558 2721 629 quidam
2744 575 2811 617 ex
2837 560 3186 618 familiaribus
3214 566 3413 619 nostris

1823 649 2159 709 contumelia:
2195 658 2250 705 et
2273 651 2589 721 arrogantia:
2618 667 2716 723 per
2748 653 3069 710 calumniam
3108 668 3411 724 accusatus,

1823 740 1878 795 in
1907 749 2148 797 extremo
2178 742 2416 810 periculo
2439 752 2618 798 esset:
2642 753 2769 800 tunc
2798 747 3009 802 nemine
3035 757 3085 802 te
3111 748 3411 815 incusante,

1823 844 1923 885 nec
1937 832 2264 899 roganteillo
2280 831 2370 902 qui
2390 833 2804 903 periclitabatur,
2838 836 2889 889 in
2919 837 3153 892 medium
3188 846 3238 892 te
3267 840 3411 907 peri-

1824 921 2001 975 culum
2015 921 2311 991 conjecisti.
2334 924 2445 978 Hoc
2470 930 2525 977 tu
2541 925 2737 979 factum
2754 925 2986 981 edidisti.
3002 926 3071 983 Ut
3085 938 3260 983 autem
3285 938 3337 983 te
3347 944 3414 984 ex

1821 1011 1997 1067 verbis
2014 1011 2121 1067 tuis
2140 1028 2445 1082 arguamus.
2466 1015 2665 1084 tibique
2687 1015 2800 1085 ipsa
2817 1017 2977 1071 verba
2996 1026 3082 1071 tua
3099 1019 3150 1072 in
3176 1028 3409 1074 mentem

1800 1118 2135 1159 revocamus
2159 1106 2176 1138 ι
2208 1122 2365 1162 :cnm
2415 1106 2550 1161 hanc
2580 1107 2743 1163 animi
2781 1110 2852 1163 tui
2891 1112 3300 1179 generositatem
3321 1112 3410 1165 alii

1822 1212 1926 1251 non
1958 1197 2337 1267 approbarent,
2369 1198 2458 1253 alii
2491 1199 2765 1254 laudarent
2789 1215 2851 1256 ac
2878 1203 3217 1267 mirarentur,
3248 1218 3411 1258 accu-

1821 1290 2086 1345 satorihns
2128 1290 2231 1346 tuis
2268 1290 2447 1345 dixisti
2495 1309 2508 1344 :
2556 1291 2758 1361 Ecquid
2799 1294 2991 1362 agam?
3036 1294 3192 1349 aliter
3229 1308 3412 1350 amare

1822 1396 1927 1434 non
1953 1380 2133 1446 didici,
2161 1381 2263 1438 nisi
2302 1390 2358 1437 ut
2395 1381 2556 1436 vitam
2584 1397 2758 1437 meam
2797 1398 3080 1454 exponam,
3109 1399 3230 1438 cum
3264 1385 3411 1455 peri-

1820 1472 2093 1528 clitantem
2139 1473 2368 1528 amicum
2418 1488 2634 1529 servare
2676 1489 2813 1544 opus
2855 1483 2939 1531 est
2978 1494 2992 1531 :
3034 1477 3153 1530 aliis
3196 1477 3410 1548 quidem

1821 1562 2018 1631 verbis,
2050 1563 2144 1619 sed
2171 1563 2359 1619 eodem
2388 1578 2572 1627 sensu,
2601 1564 2797 1621 Christi
2827 1564 2966 1621 dicta
2994 1566 3268 1635 loquutus,
3290 1570 3411 1637 qui-

1821 1653 1920 1708 bus
1941 1654 2031 1709 ille
2056 1654 2332 1724 discipulis
2360 1654 2612 1725 perfecta:
2635 1657 2873 1711 caritatis
2900 1658 3160 1713 terminos
3190 1658 3363 1727 posuit
3391 1676 3405 1715 :

1821 1760 1944 1800 nam
1973 1744 2222 1817 Majorem
2245 1746 2359 1811 hac,
2396 1746 2587 1817 inquit,
2609 1748 2869 1803 caritatem
2890 1764 3036 1802 nemo
3064 1750 3225 1815 habet,
3259 1766 3410 1822 quam

1821 1845 1877 1889 ut
1902 1837 2125 1890 animum
2151 1853 2296 1891 suam
2326 1838 2439 1905 quis
2468 1850 2624 1909 ponat
2652 1856 2744 1909 pro
2768 1840 2945 1895 amicis
2971 1842 3076 1896 suis
3104 1841 3407 1909 (Joan.15.

1821 1928 1933 1997 15).
1959 1928 2121 1999 Igitur
2148 1928 2195 1984 si
2219 1928 2389 1999 major
2416 1929 2515 1986 hac
2543 1929 2768 1986 inveniri
2795 1946 2900 1986 non
2924 1941 3123 2002 potest,
3151 1934 3218 1988 ad
3250 1935 3407 1989 finem

1820 2020 1937 2089 ejus
1961 2020 2273 2091 pervenisti,
2299 2036 2363 2077 ac
2387 2022 2550 2092 gestis
2582 2021 2840 2093 dictisque
2869 2023 2972 2079 tuis
3007 2025 3172 2093 ipsius
3197 2026 3408 2083 culmen

1819 2110 2059 2183 attigisti.
2099 2110 2222 2166 ldeo
2254 2120 2306 2166 te
2343 2112 2695 2181 prodidimus,
2731 2113 2854 2169 ideo
2883 2114 3065 2170 dolum
3107 2117 3407 2187 hujusmodi

1820 2204 2276 2258 concinnavimus.
2300 2202 2435 2258 Num
2466 2204 2559 2259 tibi
2587 2206 3046 2275 persuadebimus,
3074 2223 3171 2263 nos
3198 2225 3305 2265 non
3344 2227 3409 2267 ex

1821 2293 2191 2348 malevolentia
2212 2334 2227 2360 ,
2256 2308 2360 2348 non
2401 2303 2458 2349 ut
2488 2303 2538 2349 te
2580 2294 2633 2349 in
2673 2296 2964 2365 periculum
2999 2298 3406 2367 conjiceremus,

1820 2385 1915 2440 sed
1955 2385 2098 2456 quod
2143 2385 2195 2440 id
2237 2386 2365 2442 utile
2403 2385 2518 2442 fore
2556 2388 2835 2453 sciremus,
2870 2398 2920 2444 te
2955 2390 3005 2444 in
3038 2390 3141 2447 hoc
3177 2393 3407 2449 stadium

1823 2478 2183 2546 pertraxisse?
2210 2478 2536 2536 BASlLlUS.
2568 2482 2649 2535 An
2670 2481 2738 2536 ad
2768 2484 3127 2551 proximorum
3155 2487 3408 2541 emcnda-

1823 2569 2023 2624 tionem
2053 2571 2158 2624 vim
2197 2569 2435 2626 caritatis
2467 2572 2597 2627 satis
2636 2588 2757 2629 esse
2797 2576 2989 2643 putas?
3025 2576 3406 2634 CllRYSOST.

1819 2658 2050 2715 Maxime
2078 2659 2290 2729 quidem
2317 2669 2373 2716 et
2399 2676 2592 2732 magna
2617 2678 2683 2718 ex
2709 2675 2859 2733 parte
2880 2665 2945 2720 ad
2976 2666 3029 2721 id
3053 2668 3298 2726 conferre
3320 2686 3408 2726 ca-

1819 2750 1949 2805 ritas
1978 2751 2167 2820 possit.
2199 2751 2350 2820 Quod
2386 2752 2433 2808 si
2472 2754 2601 2808 velis
2628 2763 2685 2809 ut
2720 2755 3012 2824 prudentiae
3053 2774 3265 2828 quoque
3305 2772 3407 2816 tua:

1819 2843 2109 2912 specimina
2134 2845 2511 2913 proferamus,
2542 2845 2607 2900 ad
2648 2846 2697 2901 id
2735 2862 2948 2918 quoque
2983 2866 3070 2905 me
3106 2852 3401 2920 conferam,

1819 2936 2288 3008 ostendamquete
2315 2938 2485 3007 magis
2510 2939 2785 3008 prudentia
2815 2941 3012 2997 valere.
3380 2972 3383 2977 η

1891 3026 1972 3082 Ad
2008 3028 2124 3083 haec
2160 3027 2250 3084 ille
2290 3028 2494 3099 pudore
2531 3028 2833 3101 ruboreque
2867 3032 3088 3088 affectus
3115 3034 3403 3108 (BASIL),

1812 3120 1947 3187 Quae
2001 3136 2109 3187 me,
2163 3121 2351 3192 inquit,
2404 3132 2647 3193 spectant
2693 3139 2836 3180 nunc
2880 3126 3042 3182 missa
3091 3128 3348 3185 faciamus
3387 3145 3403 3185 :

1819 3227 1994 3283 neque
2022 3212 2163 3267 enim
2203 3214 2271 3269 ab
2306 3213 2459 3268 initio
2495 3214 2685 3270 horum
2716 3217 2810 3271 abs
2842 3225 2893 3271 te
2936 3218 3193 3275 rationem
3224 3222 3405 3293 exige~

1818 3306 1961 3359 bam.
1986 3304 2041 3360 Si
2085 3304 2210 3374 quid
2250 3320 2410 3375 porro
2441 3305 2607 3361 habes
2646 3308 2786 3378 quod
2824 3309 3021 3364 exteris
3052 3322 3405 3381 congruenter

1816 3409 2089 3466 opponere
2114 3395 2309 3465 possis,
2332 3395 2386 3451 id
2413 3413 2543 3452 vero
2568 3397 2794 3454 libenter
2812 3399 3043 3454 audiam.
3073 3401 3405 3473 Quapropter

1816 3488 1980 3543 missa
2014 3489 2113 3543 hac
2152 3489 2425 3544 umbratili
2454 3505 2623 3560 pugna
2647 3533 2661 3558 ,
2691 3491 2778 3546 die
2818 3507 2976 3561 quam
3008 3495 3405 3551 excusationem

1816 3579 2028 3635 caneris
2052 3579 2358 3647 aliercmus,
2388 3582 2593 3637 scilicet
2626 3583 2691 3637 iis
2726 3584 2814 3653 qui
2850 3600 2948 3640 nos
2982 3584 3186 3642 honore
3210 3586 3406 3642 affece-

1817 3681 1962 3739 runt,
2010 3688 2214 3728 necnon
2257 3673 2376 3728 aliis
2412 3674 2501 3744 qui
2543 3673 2753 3730 illorum
2793 3684 3060 3747 tamquam
3097 3678 3288 3748 injuria
3322 3679 3405 3735 af-

1816 3763 2077 3819 fectorum
2108 3764 2279 3819 vicem
2306 3764 2516 3819 dolent.

1886 3855 1941 3911 7.
1983 3854 2132 3922 Quod
2168 3872 2270 3909 non
2303 3856 2356 3909 in
2389 3855 2743 3911 contumeliam
2779 3872 2968 3925 eorum,
2999 3859 3085 3929 qui
3122 3876 3212 3914 nos
3244 3861 3405 3933 elege-

1815 3953 1952 4011 rant,
1975 3947 2353 4024 ordinationem
2372 3946 2718 4019 e/fugerimus.
2737 3979 2809 3988 —
2834 3949 3211 4007 CllBYSOST.
3242 3954 3405 4024 Equi-

1815 4036 1939 4093 dem
1983 4036 2049 4091 ad
2092 4036 2168 4104 id,
2214 4038 2450 4107 inquam,
2495 4037 2606 4108 jam
2657 4054 2919 4109 propero;
2970 4043 3402 4113 quandoquidem

1816 4131 1959 4184 enim
1989 4129 2213 4184 rationis
2239 4129 2379 4199 apud
2419 4139 2469 4185 te
2497 4129 2784 4186 reddenda:
2823 4131 2981 4187 finem
3020 4134 3140 4201 feci,
3172 4135 3239 4189 ad
3269 4137 3404 4191 hanc

1814 4222 2073 4292 apologis:
2108 4230 2313 4289 partem
2361 4221 2513 4277 facile
2556 4237 2642 4276 me
2679 4233 2905 4277 vertam.
2943 4224 3196 4291 Qumnam
3245 4227 3404 4296 igitur

1816 4312 2005 4368 horum
2030 4312 2317 4378 accusatio,
2339 4328 2457 4383 qua:
2475 4313 2700 4367 crimina
2718 4315 2742 4368 ἱ)
2761 4314 2832 4371 Se
2851 4317 3167 4372 contumelia
3184 4316 3404 4373 all‘cctos

1815 4411 1870 4458 et
1902 4403 2084 4473 gravia
2122 4417 2307 4472 passos
2333 4413 2647 4473 queruntur,
2685 4405 2806 4475 quia
2847 4406 3127 4474 honorem,
3166 4424 3273 4479 quo
3304 4395 3401 4464 nos

1814 4509 2009 4549 ornare
2036 4494 2303 4560 volebant,
2350 4509 2456 4549 non
2496 4495 2818 4565 accepimus.
2853 4497 2965 4568 Ego
3007 4514 3132 4554 vero
3171 4501 3399 4569 primum

1814 4586 2010 4652 dicam,
2041 4603 2137 4641 nos
2167 4587 2232 4643 de
2258 4588 2596 4643 contumeliis
2625 4588 2927 4646 hominibus
2957 4592 3117 4647 illatis
3143 4594 3271 4647 nihil
3304 4611 3399 4649 cn-

1816 4696 1936 4737 rare
1956 4682 2174 4749 debere,
2202 4697 2322 4737 cum
2352 4698 2446 4753 per
2473 4683 2551 4739 eis
2582 4683 2784 4738 illatum
2812 4684 3069 4741 honorem
3097 4687 3149 4741 in
3192 4687 3284 4742 Dci
3325 4689 3401 4740 of-

1816 4773 2109 4828 fensionem
2151 4774 2429 4829 incurrere
2457 4775 2719 4845 cogimur.
2750 4775 2932 4847 Neque
2970 4780 3112 4832 enim
3150 4788 3280 4847 puto
3309 4794 3401 4834 eos

1818 4866 1962 4936 ipsos
1991 4864 2081 4935 qui
2110 4866 2472 4935 indignantur,
2506 4881 2626 4921 cum
2663 4882 2781 4922 eam
2816 4884 2928 4923 rem
2953 4869 3175 4924 moleste
3203 4868 3396 4935 ferunt,

1816 4956 2056 5026 periculo
2081 4972 2290 5024 vacare,
2319 4957 2432 5011 imo
2462 4974 2712 5028 magnum
2747 4960 2989 5029 accipere
3022 4960 3399 5015 detrimentum

1815 5049 2063 5105 dixerim.
2096 5050 2218 5105 Illos
2238 5050 2455 5121 quippe,
2481 5051 2571 5121 qui
2602 5051 2711 5105 Deo
2740 5051 2934 5107 addicti
2960 5061 3102 5117 sunt,
3136 5062 3190 5108 ct
3224 5054 3289 5108 ad
3317 5054 3401 5123 ip-

1815 5155 1932 5194 sum
1972 5141 2143 5195 solum
2188 5142 2500 5209 respiciunt,
2541 5142 2612 5199 ita
2654 5142 2739 5211 pie
2780 5142 2999 5199 affectos
3041 5159 3163 5199 esse
3206 5145 3402 5201 debere

1813 5248 2029 5297 censeo,
2063 5242 2120 5287 ut
2163 5233 2215 5289 id
2249 5249 2353 5289 non
2398 5250 2496 5305 pro
2533 5235 2860 5291 contumelia
2902 5236 3151 5303 habeant,
3192 5239 3399 5294 etiamsi

1814 5325 2117 5382 sexcenties
2143 5329 2220 5380 sic
2247 5325 2657 5383 inhonorentur.
2688 5328 2839 5395 Quod
2870 5343 2999 5384 vero
3026 5331 3215 5387 similis
3240 5348 3402 5387 ausus

1813 5431 1883 5472 ne
1922 5417 1975 5473 in
2028 5427 2261 5472 mentem
2300 5418 2511 5489 quidem
2556 5420 2683 5475 mihi
2727 5436 2973 5491 uniquam
3007 5424 3231 5490 venerit,
3279 5424 3402 5479 hinc

1814 5509 2069 5579 liquidum
2098 5511 2216 5564 crit.
2248 5509 2379 5564 Nam
2402 5511 2445 5565 si
2475 5512 2611 5565 fastu
2639 5512 2720 5566 vel
2742 5528 2894 5567 vana:
2917 5515 3101 5584 gloria:
3128 5516 3394 5586 cupidine,

1815 5612 1875 5658 ut
1900 5618 2044 5673 saepe
2082 5601 2262 5657 dixisti
2290 5604 2573 5659 nonnullos
2593 5606 2930 5675 calumniari,
2959 5608 3023 5663 ad
3065 5608 3116 5663 id
3143 5608 3399 5664 deductus

1874 5719 1891 5750 ί
1927 5726 2053 5776 ttzec,
2098 5716 2274 5784 tibique
2312 5716 2419 5780 ipsa
2458 5718 2601 5770 verba
2654 5720 2703 5771 in
2757 5729 2959 5775 utentem
3009 5736 3313 5784 l‘t’l‘Ot‘t‘lllllS,
3350 5725 3397 5773 in

1812 5779 1993 5845 aliquot
2139 5782 2332 5830 desunt.
