3922 6258
457 373 566 431 639

462 505 607 560 sum,
638 495 699 545 ut
719 485 1125 545 accusatoribus
1151 485 1464 558 adstipuler,
1494 485 1782 542 maximam
1809 499 1940 540 sane
1969 484 2051 538 in-

459 579 658 650 iuriam
679 579 971 647 intulerim,
997 579 1091 649 qui
1111 577 1455 633 admirandos
1483 587 1536 633 et
1561 577 1882 646 conspicuos
1911 576 2047 641 illos,

461 671 734 741 etiamque
772 669 903 726 mihi
952 668 1222 726 beneﬁcos
1261 666 1696 738 contempserim.
1748 665 1958 722 Etenim
2009 665 2057 722 si

465 761 600 816 nihil
641 760 896 818 laedentes
925 761 1119 830 injuria
1155 761 1372 816 allicere
1397 759 1658 832 supplicio
1693 759 1910 830 dignum
1951 766 2052 825 est,

465 859 669 921 quanto
712 851 768 906 in
809 850 1018 907 honore
1059 859 1186 906 sunt
1237 849 1467 906 habendi
1519 850 1618 916 illi,
1656 850 1748 920 qui
1799 850 2056 905 honorem

465 940 622 996 nobis
659 940 801 997 ultro
845 941 1090 997 conferre
1125 941 1310 996 volunt
1333 941 1390 995 ‘l
1442 937 1627 1010 Neque
1679 939 1824 995 enim
1877 939 2058 996 dicere

463 1033 587 1104 quis
613 1033 805 1104 possit,
834 1033 979 1103 ipsos
1004 1034 1088 1089 vel
1130 1045 1294 1103 parvo
1319 1032 1406 1088 vel
1447 1045 1640 1103 magno
1674 1031 1935 1088 beneﬁcio
1972 1030 2057 1086 af-

474 1124 647 1181 fectos
672 1125 844 1180 vicem
875 1124 1167 1194 rependere
1196 1124 1454 1180 voluisse.
1486 1124 1697 1192 Quanto
1735 1123 1896 1192 igitur
1934 1136 2062 1192 sup-

466 1215 628 1286 plicio
651 1215 844 1288 dignus
864 1226 1009 1272 esset
1033 1216 1126 1286 qui
1145 1217 1366 1272 adversa
1388 1215 1748 1287 rependeret?
1768 1215 1861 1272 Sin
1881 1225 2057 1271 autem

469 1306 523 1363 id
551 1323 621 1364 ne
642 1308 994 1379 cogitavimus
1019 1307 1254 1380 quidem,
1285 1309 1377 1365 sed
1404 1309 1512 1364 alio
1547 1309 1706 1380 longe
1737 1308 1961 1365 consilio
1989 1308 2059 1365 ab

467 1413 634 1456 onere
657 1399 1043 1456 declinavimus
1068 1417 1082 1454 :
1109 1415 1364 1471 quorsum
1386 1400 1526 1467 illos,
1549 1399 1744 1471 quibus
1767 1400 1811 1455 si
1837 1415 1942 1455 non
1963 1414 2060 1470 ap-

469 1493 862 1562 probationem,
894 1493 1084 1549 saltem
1113 1492 1324 1548 veniam
1353 1493 1480 1549 dare
1505 1491 1835 1558 debuissent,
1867 1492 2054 1548 crimi-

473 1593 689 1652 nantur,
721 1583 864 1655 quod
891 1585 1084 1640 animae
1121 1585 1519 1655 pepercerimus
1562 1587 1798 1640 nostra)?
1825 1585 2058 1642 Tantum

469 1675 612 1732 enim
632 1675 782 1731 abest
800 1685 859 1731 ut
883 1676 1011 1746 ipsis
1030 1677 1403 1732 contumeliam
1431 1678 1799 1749 irrogaverim,
1818 1688 1874 1734 ut
1898 1679 2059 1734 etiam

470 1769 768 1824 recusando
810 1769 956 1840 ipsos
994 1769 1198 1826 honore
1229 1769 1471 1827 aliecisse
1511 1785 1598 1827 me
1635 1781 1837 1842 putem.
1877 1771 2061 1844 Neque

469 1872 599 1914 vero
635 1860 962 1930 paradoxum
1005 1875 1091 1916 me
1127 1861 1328 1917 dixisse
1359 1861 1662 1932 putaveris;
1695 1862 1890 1919 etenim
1935 1877 2059 1919 mox

470 1951 631 2022 huius
646 1943 1064 2024 explicationem
1095 1957 1385 2025 proleram.

540 2043 597 2100 8.
628 2044 778 2113 Quod
806 2047 961 2100 etiam
995 2046 1236 2118 fugiendo
1261 2045 1380 2102 illos
1406 2061 1440 2101 a
1465 2047 1834 2116 vituperatione
1865 2048 2059 2103 erueri-

468 2151 599 2192 ntus.
624 2165 698 2178 —-
722 2137 871 2194 Tune
905 2137 1072 2202 enim,
1116 2138 1163 2193 si
1192 2139 1368 2193 minus
1405 2151 1615 2207 omnes,
1643 2139 1831 2195 saltem
1872 2138 1930 2205 ii,
1967 2141 2060 2211 qui

469 2225 767 2282 maledictis
807 2227 1158 2295 delectantur,
1195 2228 1360 2284 multa
1397 2243 1520 2285 cum
1560 2229 1628 2285 de
1662 2243 1751 2286 me
1787 2229 2055 2298 ordinato,

471 2325 584 2372 tum
625 2317 695 2374 de
732 2319 798 2374 iis
838 2319 930 2390 qui
967 2333 1055 2374 me
1092 2319 1386 2390 elegerant,
1427 2320 1688 2392 suspicari
1724 2321 2059 2392 potuissent;

471 2408 620 2465 verbi
643 2410 833 2481 gratia,
863 2410 1004 2481 quod
1028 2410 1096 2466 ad
1120 2410 1334 2468 divitias
1356 2413 1708 2482 respicerent,
1735 2413 1877 2484 quod
1898 2427 2064 2484 gene-

472 2503 552 2558 ris
594 2502 933 2570 splendorem
981 2503 1321 2572 mirarentur,
1363 2503 1504 2575 quod
1541 2504 1846 2561 adulatione
1880 2514 2062 2561 nostra

473 2592 604 2648 moti
641 2591 708 2646 ad
743 2591 796 2647 id
833 2606 932 2646 nos
964 2593 1298 2662 cooptarint;
1337 2594 1466 2665 quin
1495 2595 1657 2650 etiam
1700 2593 1926 2666 pecunia
1964 2594 2061 2651 ad-

457 2683 660 2739 ductos
689 2683 741 2738 id
768 2684 944 2755 egisse
983 2685 1165 2740 nescio
1202 2699 1269 2741 an
1296 2685 1469 2742 dicam
1499 2686 1733 2757 aliquem
1761 2687 2061 2758 suspicatu-

471 2789 590 2830 rum
632 2773 813 2831 fuisse.
854 2773 1098 2831 Christus
1135 2776 1373 2846 quidem,
1415 2774 1697 2844 dixissent,
1743 2776 2058 2848 piscatores,

473 2866 933 2922 tabernaculorum
962 2866 1184 2936 epilices
1221 2876 1277 2923 et
1314 2868 1624 2938 publicanos
1662 2868 1730 2923 ad
1758 2867 2064 2940 huiusmodi

470 2959 835 3030 magistratum
869 2962 1076 3016 vocavit
1105 2961 1318 3030 (Matth.
1357 2964 1406 3019 4.
1443 2962 1534 3035 l9)
1565 2980 1578 3018 :
1612 2961 1666 3018 hi
1693 2978 1811 3032 eos,
1839 2965 1930 3035 qui
1959 2965 2062 3022 sibi

468 3053 778 3122 quotidiano
815 3069 978 3123 opere
1015 3055 1209 3110 victum
1249 3063 1454 3126 parant,
1491 3067 1754 3128 respuunt
1789 3056 1927 3131 (Act.
1961 3059 2051 3116 l8.

470 3144 559 3216 5);
587 3144 635 3199 si
660 3145 779 3215 quis
805 3154 980 3200 autem
1009 3154 1317 3201 exterarum
1343 3147 1516 3203 literis
1537 3162 1756 3218 operam
1781 3148 1893 3218 det,
1918 3149 2058 3205 otio-

469 3253 634 3308 seque
670 3238 833 3302 vivat,
878 3237 1018 3293 hunc
1045 3239 1341 3309 approbant
1366 3246 1421 3294 et
1459 3238 1791 3296 admirantur
1825 3239 1975 3312 (Luc.
2007 3239 2062 3299 5.

467 3332 585 3399 27).
614 3332 744 3387 Nam
785 3347 881 3387 cur
922 3332 1136 3387 tandem
1165 3347 1279 3399 eos,
1312 3332 1401 3402 qui
1447 3333 1500 3387 in
1539 3332 1794 3389 Ecclesiae
1837 3334 2063 3405 negotiis

471 3425 616 3480 inille
653 3423 878 3481 sudores
919 3423 1278 3494 pertulerant,
1309 3431 1776 3496 contempserunt,
1808 3439 2060 3496 eumque,

463 3518 560 3587 qui
594 3518 692 3572 bos
722 3532 1008 3589 numquam
1039 3528 1295 3588 expertus
1325 3517 1534 3573 labores
1566 3526 1728 3573 totam
1759 3527 1971 3575 aetatem
2009 3519 2061 3574 in

533 3716 548 3746 ι
585 3721 711 3771 lites,
735 3714 927 3776 quando
948 3713 1190 3766 inhonora
1213 3721 1321 3766 sunt
1336 3713 1565 3774 habendi,
1583 3713 1764 3766 desunt
1789 3716 1838 3764 in
1861 3717 2068 3767 maxima

472 3778 905 3839 Inauuseriptorunt
919 3785 1071 3841 parte,
1092 3778 1181 3828 sed
1205 3778 1446 3828 habentur
1469 3777 1518 3826 in
1536 3776 1698 3826 Morel.
1725 3786 1778 3828 et
1799 3777 1942 3828 savii.

1182 373 1240 430 S.
1279 372 1558 432 JOANNIS
1591 365 2066 429 CIIRYSOSTOMI
2106 369 2424 430 ARCIIIEP.
2461 371 2996 430 CONSTANTINOP.

3642 377 3750 436 6l0

2161 486 2312 542 vanis
2337 495 2642 542 exterorum
2665 484 2963 557 disciplinis
2978 488 3322 556 contriverat,
3348 498 3529 545 statim
3549 493 3608 547 in
3630 502 3749 548 tan-

2160 583 2274 631 tum
2305 577 2562 632 honorem
2585 577 2931 647 pertraxere?
2955 578 3082 634 Haec
3099 587 3155 635 et
3177 580 3367 636 similia
3394 582 3578 639 dicere
3603 596 3753 654 pote-

2160 679 2301 736 rant,
2321 669 2366 724 si
2388 669 2524 725 hanc
2543 669 2854 740 dignitatem
2876 671 3220 739 accepissem.
3240 671 3390 729 Nunc
3409 688 3538 729 vero
3561 690 3748 740 secus;

2160 760 2338 816 omnis
2365 761 2509 815 enim
2535 759 2640 815 illis
2664 759 3015 817 maledicendi
3040 763 3254 818 occasio
3282 773 3486 820 resecta
3515 775 3622 828 est,
3656 782 3754 821 nec

2163 847 2293 904 mihi
2331 850 2716 918 adulationem,
2757 865 2858 906 nec
2899 851 3006 907 illis
3043 861 3260 922 accepta
3303 869 3524 912 munera
3551 871 3755 928 capro.

2165 939 2322 996 brare
2350 949 2593 1011 possunt,
2639 942 2740 997 nisi
2783 941 3014 999 lortasse
3047 943 3174 1010 sint,
3205 945 3295 1016 qui
3333 946 3476 1002 ultro
3516 948 3758 1006 insanire

2161 1031 2346 1086 velint.
2369 1031 2488 1101 Quo
2514 1043 2672 1103 pacto
2704 1033 2848 1088 enim
2878 1033 3182 1090 adulatione
3215 1043 3272 1091 et
3307 1037 3594 1108 largitione
3623 1054 3760 1096 usus

2162 1125 2423 1194 quispiam
2450 1123 2517 1179 ad
2555 1123 2814 1180 honorem
2845 1125 3268 1195 adipiscendum,
3302 1142 3428 1183 mox
3459 1129 3757 1201 adepturus

2162 1231 2309 1285 eum,
2335 1216 2452 1271 aliis
2488 1216 2789 1287 relinquat?
2842 1216 3069 1273 Perinde
3103 1218 3248 1274 enim
3276 1219 3403 1275 illud
3445 1231 3590 1277 esset
3618 1236 3685 1277 ac
3714 1223 3761 1278 si

2163 1308 2285 1378 quis
2303 1316 2422 1378 post
2441 1306 2677 1364 inﬁnitos
2697 1309 2749 1363 in
2766 1307 3056 1364 excolenda
3077 1317 3216 1365 terra
3236 1309 3466 1378 labores,
3483 1321 3544 1367 ut
3557 1313 3762 1370 uberes

2165 1395 2368 1453 fructus
2410 1407 2726 1470 segetesque
2761 1398 3056 1470 colligeret,
3084 1407 3140 1455 et
3175 1400 3304 1456 vino
3339 1404 3621 1458 toreularia
3659 1419 3756 1460 re-

2165 1487 2486 1557 dundarent,
2515 1497 2635 1559 post
2659 1490 2803 1546 mille
2825 1491 3047 1547 sudores
3073 1500 3128 1547 et
3152 1492 3372 1548 multam
3400 1496 3756 1563 pecuniarum

2164 1594 2475 1652 expensam,
2519 1597 2640 1637 eum
2688 1581 2880 1638 messis
2927 1592 2982 1638 et
3018 1582 3303 1639 vindemia:
3341 1594 3548 1655 tempus
3593 1587 3761 1644 adve-

2166 1674 2326 1741 niret,
2377 1674 2495 1730 aliis
2545 1673 2816 1730 fructuum
2867 1683 3186 1745 proventum
3239 1675 3496 1733 traderet.
3541 1677 3756 1744 Viden',

2165 1763 2374 1821 etiamsi
2401 1780 2520 1836 quae
2543 1761 2674 1822 tunc
2691 1767 3027 1838 iactabantur
3052 1768 3284 1837 procula
3307 1769 3528 1825 veritate
3547 1780 3758 1837 essent,

2166 1869 2412 1926 magnam
2460 1857 2819 1915 calumniandi
2873 1873 3056 1914 ansam
3100 1857 3374 1915 habituros
3420 1860 3762 1918 adversarios

2167 1947 2351 2018 fuisse,
2391 1951 2532 2022 quod
2571 1951 2775 2009 scilicet
2818 1967 2926 2008 non
2965 1962 3115 2008 recto
3149 1951 3351 2024 iudicio
3389 1953 3582 2010 electio
3613 1953 3759 2010 facta

2166 2039 2375 2097 fuisset.
2406 2041 2558 2098 Nune
2585 2053 2762 2099 autem
2790 2059 2858 2099 ne
2887 2043 3096 2100 hiscere
3121 2043 3335 2114 quidem
3361 2045 3442 2100 vel
3462 2060 3524 2100 os
3542 2047 3760 2116 aperire

2167 2146 2286 2188 mea
2326 2147 2491 2203 Opera
2536 2144 2779 2205 possunt.
2826 2135 2893 2190 Et
2930 2135 3044 2191 hac
3083 2135 3299 2206 quidem
3347 2136 3622 2207 multoque
3671 2138 3762 2194 his

2166 2223 2318 2294 plura
2358 2225 2509 2282 initio
2540 2225 2818 2282 dixissent.
2858 2227 3147 2298 Postquam
3187 2239 3364 2285 autent
3400 2229 3758 2286 ministerium

2165 2315 2548 2388 attigissemus,
2578 2333 2866 2390 numquam
2903 2319 3261 2389 potuissemus
3297 2319 3632 2391 quotidianas
3659 2335 3757 2376 ac-

2164 2419 2468 2466 cusatorum
2496 2411 2793 2467 calumnias
2813 2409 3078 2479 refellere,
3107 2413 3314 2468 etiarnsi
3344 2413 3610 2486 inculpale
3633 2429 3758 2470 om-

2166 2499 2252 2556 nia
2273 2502 2570 2572 egissemus
2595 2519 2608 2556 :
2631 2517 2701 2558 ne
2720 2501 2891 2558 dicam
2921 2517 3020 2558 nos
3041 2503 3323 2559 hac-aetate
3343 2510 3628 2576 rerumque
3651 2506 3758 2560 im-

2167 2594 2355 2662 peritia
2405 2593 2457 2648 in
2499 2594 2679 2649 multis
2725 2595 3032 2650 necessario
3072 2596 3414 2653 aberraturos
3460 2596 3644 2652 fuisse.
3685 2600 3759 2655 At

2167 2697 2309 2739 nunc
2336 2683 2440 2740 illis
2462 2685 2849 2741 criniinationis
2870 2685 3174 2756 huiusmodi
3193 2691 3528 2744 occasionem
3555 2699 3747 2744 sustu-

2165 2774 2357 2830 limus:
2384 2781 2510 2832 tunc
2549 2785 2728 2833 autem
2774 2777 2986 2848 probris
3009 2792 3105 2835 eos
3153 2778 3446 2836 innumeris
3487 2781 3758 2838 obnoxios

2167 2865 2598 2923 reddidissemus.
2615 2867 2748 2936 Quis
2757 2868 2899 2924 enim
2913 2883 3019 2924 non
3038 2868 3277 2926 dicturus
3288 2879 3405 2927 erat
3425 2889 3439 2926 :
3457 2871 3562 2926 Res
3577 2881 3760 2929 tantas

2169 2967 2386 3031 tamque
2435 2959 2776 3016 admirandas
2828 2961 3008 3032 pueris
3053 2962 3421 3033 insipientibus
3464 2963 3753 3020 commise-

2168 3062 2312 3119 runt,
2342 3053 2436 3109 Dei
2455 3067 2670 3126 gregem
2697 3053 3196 3125 pessumdederunt,
3219 3071 3306 3110 res
3327 3055 3752 3112 Christianorum

2167 3145 2275 3217 iam
2317 3143 2549 3204 risuiac
2588 3145 2814 3202 ludibrio
2856 3149 3113 3216 exposita:
3150 3146 3313 3202 sunt?
3342 3148 3412 3203 At
3454 3161 3582 3203 vero
3608 3163 3757 3204 nunc

2173 3236 2352 3295 Omnis
2378 3238 2616 3309 iniquitas
2639 3237 2885 3310 oppilabit
2910 3253 2966 3294 os
2993 3254 3140 3294 suum
3169 3236 3339 3308 (Paul.
3380 3238 3503 3294 106.
3534 3239 3653 3309 42).
3694 3239 3755 3295 Si

2171 3331 2316 3388 enim
2345 3330 2418 3386 tui
2446 3344 2606 3387 causa
2632 3331 2730 3386 ista
2754 3330 3090 3402 protulerint,
3123 3331 3300 3386 statim
3327 3329 3444 3386 illos
3469 3347 3535 3387 ex
3561 3332 3671 3402 ipsa
3694 3349 3759 3390 re

2158 3422 2408 3490 docebis,
2432 3438 2539 3479 non
2560 3433 2808 3494 oportere
2830 3421 3164 3492 prudentiam
3187 3426 3342 3478 astate
3358 3421 3555 3490 metiri,
3579 3437 3753 3494 neque

2173 3531 2357 3572 senem
2385 3530 2454 3572 ex
2474 3515 2668 3572 canitie
2699 3516 2979 3586 probatum
3012 3514 3228 3581 habere,
3252 3531 3425 3587 neque
3448 3516 3700 3585 iuvenem
3720 3532 3754 3570 a

2175 3607 2264 3663 tali
2297 3608 2592 3663 ministerio
2624 3622 2840 3678 prorsus
2874 3623 3081 3674 arcere,
3113 3607 3206 3664 sed
3238 3609 3582 3679 neophytum.
3625 3606 3757 3662 hiul-

2177 3706 2286 3754 tum
2306 3709 2389 3755 est
2415 3708 2590 3754 autem
2620 3698 2758 3754 inter
2783 3709 3064 3770 utrumque
3088 3699 3394 3755 discrimen.

1459 4019 1946 4159 LIBER
2033 4020 2752 4129 TERTIUS.

2064 4252 2146 4273 d

903 4368 1009 4403 ιιιιςο
1041 4367 1210 4402 ιηδυιηετ
1243 4364 1380 4400 ιιιιειο
1410 4363 1614 4401 TERTIO:

474 4490 504 4531 I.
539 4484 624 4541 Qui
643 4480 865 4543 suspicati
889 4485 1001 4543 sunt
1033 4490 1122 4527 nos
1168 4490 1255 4543 per
1289 4477 1565 4536 superbiam
1608 4487 1880 4532 recusasse,
1926 4487 2060 4524 suam

538 4537 746 4606 ipsorum
769 4541 1179 4591 existimationem
1200 4537 1401 4606 lit-susse.

475 4613 524 4654 ll.
557 4597 651 4655 bos
667 4620 762 4672 non
787 4610 982 4672 propter
1008 4613 1175 4649 vanam
1197 4598 1398 4672 gloriam
1421 4597 1626 4672 fugisse.

475 4674 544 4716 ιιι.
574 4668 703 4725 (intui
722 4669 760 4715 si
783 4657 982 4727 gloriam
1022 4657 1489 4727 anllitiSCCPCII'IlIS,
1511 4657 1608 4708 tale
1653 4661 1810 4722 potius
1853 4661 2066 4710 ministe-

537 4724 660 4777 rium
685 4724 872 4788 eligi-re
893 4724 1178 4788 olim-tuerit.

479 4798 551 4841 tv.
583 4783 1038 4859 'l‘t‘tttll‘c‘lltllll‘llfutili
1063 4783 1175 4838 cie
1196 4784 1536 4842 sacerdotium,
1565 4796 1843 4846 novumque
1881 4783 2066 4833 cultum

541 4853 694 4901 veteri
713 4848 1134 4900 formidabiliorem
1151 4860 1279 4897 esse.

480 4924 532 4966 ν.
566 4921 776 4976 Magnam
801 4925 914 4960 esse
937 4909 1192 4960 sacerdotii
1219 4914 1508 4976 potestatem
1529 4914 1580 4956 et
1601 4905 1904 4976 dignitatem.

480 4984 550 5027 γι.
584 4966 838 5026 tIiiiisteria
877 4988 909 5024 e
947 4984 1152 5022 numero
1206 4966 1321 5020 esse
1383 4966 1702 5019 maximorum
1762 4969 1847 5018 Dei
1911 4966 2066 5017 dono-

540 5052 597 5088 l'll
602 5052 646 5086 ιι]
653 5075 665 5086 .

480 5105 548 5149 \‘II
603 5105 758 5161 Ipsum
799 5099 944 5149 etiam
996 5093 1192 5146 Paulum
1228 5092 1511 5144 formidasse
1557 5091 1615 5141 ad
1670 5097 1919 5153 aspectum
1949 5091 2068 5141 tanti

567 5163 847 5210 rincinatus.

657 5176 670 5181 ,,
708 5177 722 5204 ἱ
835 5195 847 5207 .

480 5176 834 5284 Ηῖιῗιέἒέῗέῑὲἓ
857 5218 1151 5284 peccandt‘in
1177 5217 1524 5284 ind_uci,_qui.in
1542 5215 1752 5264 medium
1783 5213 2068 5277 progredia-

539 5291 636 5342 tur,
663 5278 753 5332 nisi
771 5278 1014 5347 perquam
1031 5283 1168 5331 fortis
1189 5280 1332 5347 animi
1354 5278 1516 5347 fuerit.
1573 5339 1600 5347 __
1634 5337 1644 5347 ⁸

477 5352 552 5394 lx.
589 5339 712 5392 vana
735 5339 1115 5407 gloria'eiusque
1139 5343 1275 5407 malis
1295 5342 1448 5399 ipsum
1467 5339 1669 5407 irretiri.

478 5414 532 5456 Χ.
570 5414 665 5453 Non
691 5399 842 5467 nsum
863 5399 1182 5455 sacerdotium
1221 5403 1390 5451 borum
1425 5399 1656 5449 malorum
1693 5410 1882 5448 causam
1928 5411 2060 5456 esse.

537 5467 626 5516 sed
649 5475 857 5517 instram
879 5467 1130 5532 ignaviam.
1458 5523 1470 5532 .
1625 5523 1635 5532 .
1765 5523 1774 5532 .

485 5536 556 5578 κ’..
597 5531 832 5579 nudatum
877 5523 1170 5590 piincipatus
1214 5523 1556 5574 ciiminandum
1594 5523 1656 5572 ab
1699 5523 1858 5573 animo
1906 5534 2072 5572 sacer-

544 5591 690 5640 Jotis.

480 5656 570 5700 an.
610 5653 682 5715 (a)
710 5652 1118 5715 Sapientissimum
1131 5656 1361 5711 oportere
1379 5662 1488 5698 esse
1506 5645 1823 5697 sacerdotem.

544 5776 617 5838 (a)
650 5784 758 5826 Haec
779 5790 808 5828 a
825 5789 1028 5838 numero
1047 5781 1236 5838 Xlinon
1254 5782 1444 5822 estaut
1463 5774 1509 5822 in
1528 5773 1717 5832 omnia,
1744 5785 1829 5823 sei
1866 5787 1891 5821 a
1931 5771 2074 5832 priori

482 5834 757 5902 interprete
777 5838 903 5888 lecta
924 5836 1074 5887 fuisse
1097 5834 1336 5886 videatut.

2167 4359 2275 4404 XIII.
2311 4363 2490 4405 Prmter
2513 4354 2766 4403 maximam
2783 4351 3120 4402 abstinentiam
3163 4346 3255 4398 alia
3276 4360 3471 4411 qumpie
3504 4348 3554 4394 in
3595 4348 3754 4393 animo

2227 4419 2492 4480 sacerdotis
2505 4417 2708 4480 requiri.

2170 4484 2280 4528 XIV.
2314 4479 2432 4529 Nihil
2459 4488 2553 4529 tam
2575 4469 2834 4541 puritatem
2858 4483 2909 4525 et
2928 4474 3082 4526 aciem
3099 4472 3278 4522 mentis
3289 4469 3582 4527 obtundere,
3617 4480 3756 4530 quam

2229 4541 2519 4592 iracundiam
2541 4540 2869 4589 inordinatam.

2171 4611 2264 4652 xv.
2300 4603 2444 4676 Aliam
2465 4604 2684 4666 speciem
2710 4600 2806 4651 litis
2829 4599 3021 4662 plenam
3044 4593 3366 4660 periculorum
3388 4593 3746 4655 chrysoswmus

2173 4667 2548 4784 Χκῗῑξῗίὲιξὶιιιη
2588 4738 2701 4774 esse
2738 4728 2958 4787 oporteat
2977 4732 3105 4782 eum,
3121 4719 3202 4783 qui
3231 4717 3373 4768 tantis
3394 4713 3758 4777 tempestatiluts

2235 4790 2550 4851 Opponendtts
2571 4789 2650 4851 sit.
2793 4849 2801 4851 Ξ
2967 4845 2978 4851 _
3133 4843 3143 4851 -
3209 4843 3219 4851 _
3367 4839 3395 4851 Δ,

2173 4859 2238 4902 in
2252 4843 2312 4900 Ii."
2337 4859 2549 4910 Quantus
2565 4850 2629 4900 sit
2652 4851 2701 4899 in
2722 4845 3080 4910 gubernatione
3101 4843 3341 4904 virginum
3362 4843 3524 4890 timor.

2248 5076 2302 5131 i.
2335 5073 2437 5140 Qui
2462 5070 2701 5140 suspicati
2738 5075 2858 5123 sunt
2898 5080 2990 5121 nos
3028 5079 3117 5136 per
3149 5060 3437 5132 superbiam
3480 5072 3752 5120 recusasse,

2176 5183 2322 5222 suam
2369 5162 2786 5220 existimationem
2837 5157 3040 5212 (misse.
3079 5181 3152 5196 ο·-
3189 5151 3346 5221 Quod
3391 5157 3604 5219 spectat
3641 5161 3758 5202 eam

2179 5256 2552 5314 contumeliam
2583 5267 2680 5308 nos
2705 5247 3089 5305 honorantibus
3119 5245 3316 5299 illatam
3336 5281 3352 5306 ,
3375 5239 3627 5311 quodque
3651 5253 3756 5291 non

2179 5366 2276 5408 eos
2302 5345 2684 5406 delionestandi
2726 5344 2908 5398 animo
2951 5338 3136 5393 honori
3183 5349 3279 5390 nos
3329 5329 3763 5391 subduxerimns.

2181 5458 2243 5499 ex
2266 5443 2372 5512 iam
2393 5438 2549 5495 dictis
2573 5445 2656 5493 sat
2679 5432 3011 5504 comprobari
3039 5435 3217 5500 posset
3243 5442 3259 5481 :
3290 5421 3430 5497 quod
3459 5438 3593 5478 vero
3617 5421 3761 5476 nulla

2181 5536 2346 5594 inﬂati
2372 5532 2618 5604 superbia
2664 5529 2716 5585 id
2757 5527 3022 5598 egerimus
3043 5566 3057 5590 ,
3103 5521 3210 5592 iam
3244 5533 3342 5592 pro
3365 5516 3570 5572 viribus
3595 5514 3766 5584 palam

2185 5632 2356 5687 facere
2389 5627 2644 5684 conabor.
2697 5623 2826 5678 Nam
2871 5621 2915 5675 si
2961 5618 3044 5673 vel
3083 5613 3324 5672 militaris
3370 5611 3652 5681 legationis
3683 5606 3768 5661 vel

2185 5720 2391 5792 imperii
2419 5719 2574 5776 nobis
2617 5717 2762 5786 Optio
2811 5718 3196 5784 proponeretur
3222 5749 3239 5773 ,
3284 5707 3438 5775 eique
3483 5701 3765 5792 preposito

2184 5791 2485 5872 insisterem
2509 5851 2525 5879 ,
2549 5811 2666 5880 iure
2701 5815 2880 5878 posset
2905 5803 3164 5874 quispiam
3197 5797 3247 5855 id
3277 5797 3341 5854 de
3368 5811 3453 5852 tuc
3475 5791 3768 5866 suspicari;
