3864 6238
404 342 505 401 641

409 475 795 533 προκειμένης,
829 460 869 532 ἢ
906 456 1159 513 τοσοῦτον
1214 456 1475 530 ἀνωτέρω
1510 457 1788 529 βασιλείας
1818 457 2075 527 ἔστηκεν,

404 551 531 604 ὅσον
553 549 862 621 πνεύματος
884 547 978 603 καὶ
1005 546 1207 618 σαρκὸς
1227 546 1289 601 τὺ
1319 547 1502 618 μέσον,
1526 548 1789 618 τολμήσει
1815 564 1901 610 τις
1925 548 2079 618 ἡμᾶς

407 637 709 710 ὑπεροψίας
734 635 1074 707 γράφεσθαι;
1126 635 1238 689 Kal
1278 635 1397 698 πῶς
1428 635 1531 688 οὑκ
1576 635 1778 689 ἄτοπον
1815 636 1946 698 τοὺς
1977 633 2078 705 μέν

405 725 478 780 τά
507 725 680 796 μικρά
708 721 1064 786 διαπτύοντας
1084 721 1162 786 ὡς
1181 721 1596 793 παραπαίοντας
1621 721 1921 786 αἰτιᾶσθαι,
1952 724 2079 786 τοὺς

406 813 466 867 δέ
491 813 586 866 ἐπὶ
611 811 719 866 τῶν
742 810 882 878 ἀγαν
911 808 1288 880 ὑπερεχόντων
1319 809 1478 862 τοῦτο
1520 808 1808 873 ποιοῦντας
1837 809 1947 862 τῶν
1979 809 2077 880 μὲν

405 902 506 971 τῆς
561 899 946 971 παραπληξίας
996 895 1356 968 ἐγκλημάτων
1415 895 1676 967 ἐξαιρεῖν,
1725 901 1848 962 ταῖς
1888 897 1946 950 δέ
1975 897 2077 968 τῆς

408 986 782 1057 ὑπερηφανίας
811 983 1136 1039 ὑποϐάλλειν
1185 982 1419 1048 αἰτίαις;
1443 982 1656 1054 Ὥσπερ
1701 983 1769 1037 ἂν
1800 985 1961 1047 εἴτις
1983 983 2077 1036 τὸν

405 1075 606 1144 ἀγέλης
639 1073 778 1144 βοῶν
823 1070 1292 1143 καταφρονοῦντα,
1328 1072 1421 1124 καὶ
1461 1071 1536 1142 μὴ
1577 1071 1898 1142 βουλόμενον
1935 1067 2078 1126 εἶναι

409 1161 686 1232 βουκόλον,
721 1162 801 1225 είς
826 1159 1201 1232 ὑπερηφανίαν
1229 1158 1328 1230 μὲν
1356 1159 1630 1229 οὐδαμῶς,
1666 1161 1746 1223 είς
1778 1160 1834 1213 δὲ
1864 1160 2078 1231 φρενῶν

407 1249 666 1303 ἔκστασιν
703 1247 1048 1318 αἰτιώμενος,
1084 1247 1176 1301 τδν
1206 1247 1422 1319 ἀπάσης
1467 1248 1565 1318 τῆς
1618 1248 1944 1319 οἰκουμένης
1977 1247 2077 1320 τὴν

408 1337 685 1407 βασιλείαν
725 1337 821 1391 καὶ
846 1336 908 1389 τὸ
926 1335 1176 1405 γενέσθαι
1203 1335 1392 1407 κύριον
1421 1337 1530 1389 τῶν
1560 1335 1874 1406 ἁπανταχοῦ
1907 1353 2077 1406 στρα-

404 1425 646 1478 τοπέδων
680 1425 754 1496 μὴ
776 1425 1060 1494 δεχόμενον
1093 1437 1118 1464 ει
1145 1424 1266 1476 ἀντὶ
1299 1423 1390 1477 τοῦ
1417 1423 1702 1494 μαίνεσθαι
1725 1423 2075 1492 τετυφῶσθαι

405 1511 560 1584 φαίη.
610 1512 747 1566 Ἀλλ’
781 1512 882 1566 οὑκ
914 1511 1030 1565 ἐστι
1050 1511 1244 1575 ταῦτα,
1273 1511 1374 1564 οὑκ
1416 1511 1582 1571 ἐστιν.
1613 1511 1734 1564 οὑδὲ
1757 1514 1906 1583 ἡμᾶς
1936 1511 2075 1582 μᾶλ-

405 1598 496 1653 λον
529 1600 561 1670 ἢ
593 1601 818 1664 ἐαυτοὺς
847 1601 894 1654 οί
933 1600 1105 1654 ταῦτα
1147 1599 1396 1667 λέγοντες
1443 1598 1810 1655 διαϐάλλουσι.
1857 1599 1930 1654 Τὸ
1969 1599 2078 1672 γὰρ

405 1686 656 1756 ἐννοῆσαι
687 1687 868 1756 μόνον,
895 1687 976 1740 ὅτι
1003 1687 1229 1742 δυνατὸν
1255 1685 1573 1759 ἀνθρωπεία
1605 1687 1764 1757 φύσει
1796 1688 1896 1758 τῆς
1921 1688 2079 1755 ἀξίας

402 1773 811 1846 ὑπερφρονῆσαι
841 1774 1077 1845 ἐκείνης,
1101 1774 1298 1845 δεῖγμα
1332 1777 1452 1828 κατ’
1476 1775 1657 1829 αὑτῶν
1684 1776 1794 1830 τῶν
1816 1776 2078 1848 ἐκφερόν-

401 1877 510 1913 των
537 1861 684 1914 ἐστὶν
708 1855 778 1933 ἧς
808 1860 991 1931 έχουσι
1026 1862 1154 1933 περὶ
1187 1860 1280 1920 τοῦ
1304 1861 1633 1933 πράγματος
1663 1862 1841 1934 δόξης.
1877 1864 1940 1918 El
1968 1864 2078 1935 γὰρ

405 1949 481 2022 μὴ
502 1948 612 2002 τῶν
643 1949 918 2020 τυχόντων
945 1949 1100 2014 αὑτὸ,
1127 1951 1223 2003 καὶ
1247 1945 1322 2020 ὧν
1360 1951 1422 2003 οὐ
1447 1950 1614 2014 πολὺς
1639 1952 1667 2004 ό
1693 1950 1868 2020 λόγος,
1895 1951 2080 2023 ἐνόμι-

402 2035 496 2100 ζον
518 2033 680 2100 εἶναι,
711 2037 821 2092 οὐδ’
843 2037 911 2092 ἂν
943 2037 1283 2092 ὑποπτεῦσαι
1305 2037 1462 2094 τοῦτο
1494 2038 1724 2110 ἐπῆλθεν
1752 2039 1954 2103 αὑτοῖς.
1980 2040 2080 2094 Διά

402 2123 455 2176 τί
485 2123 593 2194 γὰρ
635 2125 766 2197 περὶ
792 2124 895 2195 τῆς
920 2125 1030 2178 τῶν
1059 2124 1308 2194 ἀγγέλων
1338 2125 1496 2192 ἀξίας
1521 2125 1694 2190 οὐδεὶς
1722 2125 1991 2198 ἐτόλμησέ
2018 2143 2076 2180 τι

401 2210 644 2267 τοιοῦτον
677 2212 1014 2267 ὑποπτεῦσαι
1065 2229 1219 2278 ποτε,
1249 2214 1343 2266 καὶ
1371 2215 1546 2276 εἰπεῖν
1567 2215 1648 2267 ὅτι
1671 2213 1827 2268 ἔστιν
1857 2213 2074 2286 ἀνθρω-

403 2298 534 2369 πίνη
575 2299 724 2370 ψυχὴ
771 2300 839 2354 δι’
873 2299 1132 2355 ἀπόνοιαν
1171 2301 1271 2354 οὑκ
1301 2300 1367 2354 ἂν
1417 2299 1644 2372 ἐλομίνη
1680 2301 1709 2342 δ
1751 2302 1844 2355 ἐπὶ
1874 2301 1935 2356 τὸ
1975 2301 2078 2372 τῆς

404 2386 622 2456 φύσεως
657 2387 872 2458 ἐκείνης
899 2387 1117 2458 ἀξίωμα
1161 2387 1369 2453 ἐλθεῖν;
1396 2389 1626 2457 Μεγάλαι
1659 2390 1770 2461 γάρ
1789 2407 1910 2443 τινα
1939 2407 2078 2460 φαν-

341 2471 349 2478 ’
402 2474 680 2544 ταζόμεθα
709 2475 836 2546 περὶ
859 2473 970 2528 τῶν
1002 2473 1284 2546 δυνάμεων
1334 2475 1578 2543 ἐκείνων,
1610 2476 1707 2530 καὶ
1738 2475 1904 2531 τοῦτο
1928 2478 2084 2549 ἡμᾶς

401 2561 503 2614 οὑκ
527 2560 721 2632 ἀφίησι
746 2560 1031 2616 πιστεῦσαι
1055 2573 1079 2600 ο
1109 2562 1192 2616 ὅτι
1220 2561 1440 2616 δύναται
1468 2562 1756 2634 ἄνθρωπος
1781 2565 1882 2635 τῆς
1911 2565 2078 2636 τιμῆς

403 2649 672 2720 φρονῆσαί
713 2666 767 2703 τι
829 2651 1011 2721 μεῖζον
1057 2649 1293 2721 ἐκείνης.
1320 2649 1484 2702 Ὥστε
1541 2651 1742 2715 αὐτοὺς
1778 2651 1978 2723 μᾶλλον
1999 2652 2078 2706 διο

402 2737 576 2800 καίως
602 2736 670 2791 ἀν
688 2755 773 2800 τις
799 2738 1071 2809 γράψαιτο
1088 2738 1347 2802 ἀπονοίας
1375 2739 1500 2802 τοὺς
1529 2738 1686 2810 ἡμῶν
1727 2739 1890 2794 τοῦτο
1936 2758 2040 2795 κατ
2056 2773 2076 2782 -

401 2824 758 2896 ηγοροῦντας.
795 2826 871 2879 Ού
904 2826 1013 2897 γὰρ
1039 2827 1105 2881 ἀν
1131 2843 1262 2880 ποτε
1294 2829 1424 2896 περὶ
1446 2826 1647 2899 ἐτέρων
1685 2827 1844 2882 τοῦτο
1870 2829 2080 2883 ὑπέλα-

402 2913 517 2976 ϐον,
543 2915 592 2966 εί
625 2913 700 2984 μὴ
730 2913 999 2986 πρότερον
1029 2915 1186 2967 αὐτοὶ
1237 2913 1333 2968 τοῦ
1363 2915 1712 2985 πράγματος,
1757 2916 1835 2981 ὼς
1865 2918 2081 2982 οὐδενὸς

402 2999 576 3065 δντος,
608 3001 980 3070 κατέγνωσαν.
1016 3002 1080 3056 Εἰ
1111 3001 1168 3054 δέ
1217 3001 1355 3074 πρὸς
1388 3002 1546 3069 δόξαν
1580 3003 1794 3074 ὁρῶντά
1825 3021 1892 3075 με
1921 3005 2082 3060 τοῦτο

405 3085 763 3157 πεποιηκέναι
797 3088 964 3156 φασὶν
1007 3088 1060 3154 ἀ,
1101 3089 1523 3160 περιπίπτοντες
1561 3092 1774 3154 ἑαυτοῖς
1823 3093 2083 3164 ἐλεγχθήο

407 3190 590 3228 σονται
620 3178 711 3230 καὶ
740 3177 1036 3246 μαχόμενοι
1073 3176 1341 3248 φανερῶςο
1369 3177 1492 3232 οὑδέ
1520 3179 1630 3250 γάρ
1651 3175 1768 3234 οἰδα
1800 3181 1986 3244 ποίους
2014 3181 2081 3235 ἀν

408 3261 629 3334 ἐτέρους
651 3263 758 3333 πρὸ
789 3263 994 3318 τούτων
1017 3263 1288 3335 ἐζήτησαν
1316 3265 1529 3335 λόγους,
1557 3270 1607 3321 εί
1645 3267 1754 3321 τῶν
1791 3269 1890 3339 τῆς
1926 3286 2082 3323 κενο-

408 3348 590 3415 δοξίας
611 3350 758 3420 ἡμᾶς
785 3350 1059 3421 ἠθέλησαν
1102 3351 1412 3418 ἀπαλλάξαι
1455 3354 1836 3426 ἐγκλημάτων.

479 3435 547 3507 β’.
573 3438 636 3492 Εἰ
665 3439 772 3510 γὰρ
793 3431 948 3503 οὗτός
975 3440 1042 3510 μέ
1067 3457 1198 3494 ποτε
1225 3451 1248 3480 ο
1275 3441 1522 3512 εἰσῆλθεν
1543 3445 1571 3497 ὀ
1591 3442 1752 3515 ἔρως,
1785 3443 2082 3512 καταδέξα-

411 3525 533 3579 σθαι
569 3526 769 3597 μᾶλλον
796 3527 985 3598 ἐχρῆν,
1023 3527 1056 3598 ἢ
1093 3530 1306 3598 φυγεῖν.
1333 3529 1434 3584 Διά
1453 3529 1543 3598 τίς
1575 3531 1696 3584 Ὅτι
1725 3531 1924 3604 πολλὴν
1951 3534 2081 3604 ἡμῖν

407 3613 565 3669 τοῦτο
593 3615 695 3686 τὴν
715 3613 870 3680 δόξαν
902 3617 1134 3688 ἡνεγκεν
1165 3618 1252 3673 ἀν.
1289 3618 1362 3671 Τὸ
1403 3619 1511 3692 γάρ
1543 3621 1600 3674 ἐν
1627 3620 1801 3692 τούτῳ
1833 3623 1935 3692 τῆς
1964 3622 2082 3694 ἡλι-

409 3703 534 3765 κίας
569 3701 718 3769 ὄντα,
757 3702 851 3756 καὶ
892 3703 998 3776 πρὸ
1031 3703 1264 3776 βραχέος
1309 3705 1626 3761 ἀποστάντα
1660 3707 1769 3761 τῶν
1813 3708 2082 3780 βιωτικῶν

408 3791 726 3861 φροντίδων,
751 3790 1011 3864 ἐξαίφνης
1043 3792 1184 3847 οῦτω
1215 3794 1364 3862 δόξαι
1393 3796 1546 3868 παρὰ
1573 3798 1738 3851 πᾶσιν
1779 3793 1920 3852 εἶναι
1948 3798 2081 3851 θαυ-

411 3877 635 3947 μαστὸν,
659 3875 800 3931 ὥστε
829 3877 941 3932 τῶν
979 3879 1071 3933 τὸν
1104 3879 1322 3936 ἅπαντα
1359 3883 1552 3953 χρόνον
1591 3886 1650 3937 ἐν
1678 3887 1791 3948 τοῖς
1818 3883 2082 3947 τοιούτοις

408 3965 855 4032 ἐξαναλωθέντων
892 3968 1078 4032 πόνοις
1111 3970 1537 4041 προτιμηθῆναι,
1569 3971 1662 4026 καὶ
1698 3972 1948 4038 πλείονας
1977 3973 2084 4045 ψήο

411 4070 544 4122 φους
573 4053 790 4108 πάντων
816 4053 1037 4109 ἐκείνων
1051 4054 1259 4122 λαϐεῖν,
1281 4055 1571 4128 θαυμαστά
1594 4075 1717 4113 τινα
1748 4060 1843 4113 καί
1872 4061 2083 4132 μεγάλα

409 4143 540 4214 περὶ
563 4140 721 4213 ἡμῶν
754 4141 965 4206 πάντας
1004 4143 1070 4197 ἂν
1109 4145 1438 4200 ὑποπτεύειν
1468 4146 1686 4216 ἐπεισε,
1727 4149 1820 4202 καὶ
1851 4152 2083 4220 σεμνοὺς

411 4229 477 4284 ἂν
500 4231 650 4302 ἡμᾶς
678 4229 773 4284 καὶ
795 4231 1189 4304 περιϐλέπτους
1221 4233 1543 4305 κατέστησε.
1570 4235 1684 4291 Νῦν
1703 4236 1781 4303 δὲ,
1813 4236 1950 4310 πλὴν
1975 4238 2083 4292 ὀλί-

409 4335 555 4387 γων,
591 4319 654 4373 τὸ
684 4319 846 4374 πλέον
884 4321 983 4394 τῆς
1026 4321 1353 4394 Ἑκκλησίας
1381 4323 1546 4396 μέρος
1577 4325 1684 4379 οὐδ’
1725 4325 1784 4392 ἐξ
1823 4327 2084 4399 ὀνόματος

410 4409 559 4478 ἡμᾶς
587 4409 786 4464 ἴσασινο
816 4409 956 4463 ὥστε
988 4410 1109 4464 οὐδὲ
1145 4411 1228 4466 ὅτι
1270 4413 1631 4486 παρῃτήμεθα
1665 4416 1828 4469 πᾶσιν
1863 4415 2016 4471 ἐσται
2057 4416 2078 4457 ί

411 4495 666 4567 φανερὸν,
707 4496 822 4550 ἀλλ’
852 4497 1054 4568 ὀλίγοις
1097 4499 1265 4564 τισὶν,
1310 4499 1404 4564 οὓς
1447 4501 1556 4555 οὐδ’
1596 4503 1792 4568 αὑτοὺς
1834 4500 1986 4575 οἶμαι
2023 4505 2084 4560 τὸ

413 4583 582 4652 σαφὲς
611 4583 808 4637 εἰδέναι
843 4585 1069 4650 πάντας.
1091 4585 1252 4651 Εἰκὸς
1277 4586 1333 4640 δὲ
1361 4589 1452 4643 καὶ
1467 4588 1614 4662 [582]
1630 4590 1835 4645 τούτων
1856 4591 2083 4654 πολλοὺς

411 4671 446 4742 ἢ
475 4671 597 4741 μηδ’
627 4671 763 4736 ὅλως
801 4673 949 4743 ἡμᾶς
980 4673 1216 4744 ᾑρῆσθαι
1250 4678 1486 4746 νομίσαι,
1519 4679 1550 4750 ἢ
1589 4678 1902 4752 παρεῶσθαι
1946 4682 2082 4751 μετά

409 4761 510 4831 τὴν
536 4760 769 4832 αἵρεσιν,
807 4761 1210 4833 ἀνεπιτηδείους
1257 4758 1395 4818 εἶναι
1424 4765 1701 4832 δόξαντας,
1727 4769 1826 4840 οὐχ
1857 4769 2083 4834 ἑκόντας

413 4850 621 4918 φυγεῖν.

481 4943 550 5006 γ’.
598 4935 820 4992 ΒΑΣΙΛ.
879 4938 1020 4991 Ἀλλ’
1073 4939 1123 4991 οἰ
1175 4938 1404 5011 τάληθὲς
1448 4940 1646 5004 εἰδότες
1691 4942 2080 5015 θαυμάσονται.

411 5025 746 5079 ΧΡΥΣΟΣΤ.
794 5027 902 5080 Kal
941 5026 1046 5098 μὴν
1087 5026 1308 5088 τούτους
1345 5028 1481 5096 ἔφης
1522 5029 1598 5093 ὡς
1643 5031 1953 5097 κενοδόξους
1991 5036 2085 5089 καὶ

413 5113 795 5184 ὑπερηφάνους
811 5114 1118 5168 διαϐάλλειν
1136 5117 1300 5186 ἡμᾶς.
1325 5116 1495 5169 Πόθεν
1506 5113 1597 5170 οῦν
1609 5117 1755 5174 ἔστιν
1768 5119 1982 5175 ἐλπίσαι
1996 5123 2084 5176 τὸν

414 5199 662 5265 ἐπαινονς
703 5202 835 5256 ’Δπὸ
865 5201 972 5257 τῶν
1017 5201 1264 5272 πολλῶν;
1307 5203 1447 5257 Ἀλλ’
1479 5205 1580 5259 οὑκ
1621 5205 1766 5260 ἴσασι
1799 5207 1861 5260 τὸ
1892 5210 2080 5279 σαφές.

476 5365 503 5430 _‘
531 5365 680 5430 Savl‘l.
704 5371 757 5413 et
780 5365 965 5430 aliquot
989 5379 1107 5415 mss.
1129 5367 1192 5430 μή
1227 5369 1620 5430 καταδεχόμενον.

475 5419 500 5459 ¹ι
525 5426 673 5474 Savil.
701 5431 753 5497 ςῐ
773 5419 958 5497 allq'pol
978 5441 1099 5497 ynss.
1244 5419 1524 5492 ἀνεχομένη.
1574 5446 1592 5478 ι
1620 5430 1880 5483 Nonnullis
1915 5436 2084 5497 τοιῇσ-

414 5496 546 5538 clum
576 5497 653 5536 est
676 5487 763 5535 ιὺκ
790 5488 1062 5549 ἀνελομένη.
1081 5505 1112 5549 γι
1149 5489 1280 5538 Eon.

476 5553 500 5581 ⁸
527 5551 726 5610 Aliquot
747 5561 858 5596 mss.
881 5548 1196 5599 ὑποπτεῦσαι.
1221 5553 1320 5601 Alii
1349 5557 1402 5601 et
1423 5553 1544 5602 editi
1567 5554 1834 5606 πιστεῦσαι.

477 5611 505 5650 δ
530 5609 679 5661 Savil.
696 5615 749 5658 et
772 5609 920 5670 aliqui
944 5611 1166 5673 φήσουσι.

473 5675 493 5696 ⁸
522 5673 728 5733 Aliquot
751 5670 1063 5734 manuscript}
1083 5674 1160 5734 μοί
1177 5689 1310 5722 ποτε.

480 5734 500 5771 ί
533 5732 634 5804 Alli
648 5735 793 5804 πᾶσίν
833 5733 950 5804 ἐστι.
976 5732 1101 5804 Ιηίίςε
1139 5734 1228 5804 ξιιὶί
1260 5735 1452 5792 πάντας·
1482 5738 1584 5804 ἀλλ’
1618 5741 1756 5798 εἰκός.
1784 5740 1937 5789 Paulo
1979 5749 2088 5804 post

417 5794 992 5904 Μοτεζϐξαρεώσασοαι,
1038 5795 1189 5846 Savll.
1244 5801 1594 5862 παρεωρᾱσθαι,
1641 5794 1754 5852 ωδε.
1804 5794 2111 5865 ςοῐηρίἱιιιε

417 5873 578 5904 παοεω
672 5873 705 5902 ι.

415 5873 705 5920 παρεωσυαι.

1185 342 1244 399 S.
1284 338 1576 399 JOANNIS
1605 338 2107 398 CHRYSDSTOMI
2146 339 2470 400 ARCIIIEP.
2509 336 3064 398 CONSTANTINOP.

3740 339 3814 398 5ίὲ

2194 459 2333 513 Ἀλλ’
2364 459 2430 512 ἐκ
2458 457 2569 512 τῶν
2596 457 2822 528 ὀλίγων;
2871 455 3034 509 Ἀλλά
3052 451 3331 510 κάνταῦθα
3363 454 3500 525 ἡμῖν
3534 452 3621 515 εἰς
3651 454 3812 509 τούναν-

2180 545 2294 600 τίον
2321 545 2386 599 τδ
2410 547 2646 618 πρᾶγμα
2673 543 3104 616 περιτέτραπται
3145 544 3196 596 ⁸.
3241 542 3376 596 Οὑδέ
3416 541 3532 612 γὰρ
3568 541 3741 612 ἐτέρου
3760 561 3812 595 τι·

2181 634 2274 699 νὸς
2307 635 2494 688 ἐνεκεν
2518 631 2708 687 ἐνθάδε
2735 631 2984 701 εἰσῆλθες
3009 630 3126 697 νῦν,
3159 629 3278 684 ἀλλ’
3299 631 3388 686 ἵνα
3411 630 3625 702 μάθῃς,
3653 631 3698 681 τί
3722 634 3812 702 πρὸς

2183 721 2426 785 ἐκείνους
2470 719 2918 792 ἀπολογήσασθαι
2966 719 3101 774 δέοι.
3157 719 3269 773 Kal
3325 719 3378 772 τί
3428 718 3654 772 τούτων
3681 720 3814 774 tvm»

2173 809 2646 881 ἀκριϐολογοῦμαι
2676 808 2810 874 νῦν;
2846 808 2971 861 Ὅτι
3007 807 3139 878 γὰρ,
3161 807 3210 860 εἰ
3233 806 3328 860 καὶ
3372 808 3587 868 πάντες
3621 807 3651 846 ι
3674 807 3813 877 ᾗδεστι

2178 897 2430 969 τάληθὲς,
2477 895 2600 950 ούδέ
2633 895 2806 960 οὕτως
2847 896 2997 966 ἡμᾶς
3052 896 3310 958 ἀπονοίας
3339 896 3373 966 ἢ
3416 895 3726 964 φιλοδοξίας
3743 897 3815 951 ἔδει

2180 985 2408 1057 κρίνειν,
2435 983 2630 1055 μικρὸν
2675 984 2986 1054 ἀνάμεινον,
3019 983 3116 1037 καὶ
3141 981 3300 1036 τοῦτο
3328 985 3451 1055 εἴσῃ
3502 983 3714 1052 σαφῶς.
3741 987 3814 1039 Καὶ

2181 1073 2318 1146 πρὸς
2342 1072 2514 1140 τούτῳ
2552 1070 2714 1125 πάλιν
2748 1073 2942 1124 ἐκεῖνο·
2973 1071 3056 1124 ὅτι
3101 1072 3162 1124 οὑ
3215 1073 3329 1135 τοῖς
3368 1071 3585 1141 ταύτην
3629 1072 3813 1141 τολμέςι

2180 1161 2280 1233 τὴν
2298 1161 2502 1233 τόλμαν
2534 1161 2714 1230 μόνον,
2747 1159 2907 1230 εἰπερ
2948 1159 3036 1222 τίς
3082 1159 3229 1212 ἐστιν
3282 1157 3598 1230 ἀνθρώπων
3647 1159 3716 1227 (ού
3741 1163 3815 1231 γὰρ

2181 1249 2356 1318 ἔγωγε
2381 1247 2685 1319 πείθομαι),
2714 1247 2852 1301 ἀλλά
2901 1247 2992 1300 καὶ
3020 1250 3134 1310 τοῖς
3159 1247 3288 1317 περὶ
3337 1247 3548 1318 ἐτέρων
3595 1249 3814 1300 ὑποπτεύ-

2181 1337 2576 1403 ουσι,κίνδυνος
2606 1335 2943 1389 ἐπικείσεται
2970 1337 2984 1376 ί
3007 1335 3068 1388 ού
3100 1335 3316 1407 μικρός.

2251 1425 2314 1480 δ’.
2352 1426 2416 1478 Ἢ
2446 1424 2556 1495 γὰρ
2587 1423 2853 1495 ἱερωσύνη
2893 1423 3124 1477 τελεῖται
3150 1424 3248 1494 μὲν
3276 1423 3368 1477 ἐπὶ
3399 1423 3502 1494 τῆς
3549 1423 3685 1493 γῆς,
3709 1424 3812 1488 talin

2181 1513 2240 1568 δέ
2271 1513 2615 1584 ἐπουρανίων
2641 1512 2754 1582 ἔχει
2776 1513 3093 1582 ταγμάτωψ
3127 1513 3219 1566 καὶ
3244 1511 3388 1583 μάλα
3425 1530 3491 1581 γε
3517 1513 3812 1575 είκὸτωςθᾷ

2181 1601 2294 1673 γὰρ
2317 1599 2623 1674 ἄνθρωπος,
2650 1601 2749 1653 οὑκ
2769 1599 3020 1669 ἅγγελος,
3054 1599 3154 1653 οὑκ
3186 1599 3554 1671 ἀρχάγγελος,
3593 1602 3690 1653 οὐκ
3722 1602 3810 1670 ἄλλη

2181 1707 2266 1752 τις
2304 1690 2496 1760 κτιστὴ
2529 1687 2782 1759 δύναμις,
2818 1687 2934 1740 ἀλλ’
2969 1688 3131 1751 αὑτὸς
3175 1690 3204 1741 ό
3244 1689 3618 1760 Παράκλητος
3665 1690 3812 1758 ταύτης.

2180 1775 2463 1842 διετάξατο
2479 1777 2578 1848 τὴν
2606 1775 2948 1840 ἀκολουθίαν,
2968 1776 3062 1829 καὶ
3093 1775 3172 1828 ἔτι
3203 1777 3462 1846 μένοντας
3487 1778 3548 1829 ἐν
3580 1778 3733 1847 σαρκὶ
3750 1781 3812 1846 τὴν

2180 1866 2289 1919 τῶν
2316 1864 2563 1934 ἀγγέλων
2583 1863 2766 1918 ἔπεισε
2795 1862 3157 1932 φαντάζεσθαι
3185 1863 3484 1918 διακονίαν.
3511 1865 3610 1918 Διὸ
3642 1865 3732 1936 χρὴ
3754 1867 3812 1918 '32.-

2183 1952 2479 2024 ίερωμένον
2507 1951 2696 2024 ῶσπερ
2726 1953 2784 2005 ἐν
2808 1951 2991 2014 αὑτοῖς
3021 1951 3229 2005 ἐστῶτα
3245 1954 3356 2016 τοῖς
3374 1953 3640 2024 οὐρανοῖς
3666 1955 3812 2022 μετῲ

2180 2041 2290 2096 τῶν
2333 2041 2616 2112 δυνάμεων
2659 2039 2883 2094 ἐκείνων
2921 2037 3097 2104 οῦτως
3145 2035 3284 2094 εἶναι
3336 2040 3609 2112 καθαρόν.
3655 2042 3812 2109 Magi

2185 2130 2286 2201 μὲν
2310 2129 2420 2202 γὰρ
2445 2131 2540 2184 καὶ
2569 2128 2981 2201 φρικωδέστατα
3005 2129 3100 2182 καὶ
3123 2127 3190 2181 τά
3217 2127 3326 2200 πρὸ
3353 2129 3457 2200 τῆς
3478 2130 3715 2201 χάριτος,
3738 2127 3812 2181 oft-4

2180 2221 2228 2273 οί
2254 2217 2519 2281 κώδωνες.
2538 2218 2588 2272 οί
2621 2219 2848 2291 ῥοῖσκοι,
2867 2218 2918 2270 οἰ
2941 2215 3080 2271 λίθοι
3109 2219 3158 2270 οῖ
3180 2217 3272 2271 ἐπὶ
3292 2216 3384 2272 τοῦ
3410 2217 3672 2288 στήθους,
3692 2221 3731 2270 οἱ
3746 2217 3811 2285 τῆς

2181 2306 2474 2376 ἐπωμίδος,
2501 2307 2535 2378 ἡ
2563 2305 2748 2376 μίτρα,
2779 2307 2812 2377 ἡ
2855 2304 3088 2376 κίδαρις,
3111 2307 3140 2360 ὀ
3168 2305 3430 2376 ποδήρης,
3459 2305 3525 2358 τὸ
3550 2305 3811 2358 πέταλα-ίτό

2180 2393 2436 2466 χρυσοῦν,
2483 2394 2554 2448 τά
2599 2394 2732 2464 ἀγια
2759 2393 2868 2449 τῶν
2901 2394 3104 2463 ἁγίων,
3133 2395 3169 2465 ἡ
3203 2393 3374 2463 πολλὴ
3406 2392 3525 2447 τῶν
3558 2393 3700 2446 ἐνδσν
3722 2394 3810 2461 ἠρε-

2185 2483 2304 2553 μία.
2347 2481 2485 2535 Ἀλλ’
2513 2481 2569 2536 εί
2591 2499 2677 2546 τις
2698 2481 2771 2536 τά
2806 2483 2908 2553 τῆς
2934 2483 3160 2554 χάριτος
3183 2480 3484 2548 ἐξετάσειε,
3524 2481 3698 2552 μικρά
3720 2481 3812 2532 εντα

2183 2566 2406 2637 εὑρήσει
2453 2565 2522 2619 τά
2555 2565 2765 2638 φοϐερά
2807 2567 2905 2620 καὶ
2949 2565 3367 2637 φρικωδέστατα
3399 2566 3615 2628 ἐκεῖνα,
3668 2565 3746 2615 καὶ
3771 2565 3811 2612 τί

2183 2659 2312 2732 περὶ
2336 2657 2432 2712 τοῦ
2483 2658 2650 2729 νόμου
2696 2658 2887 2729 λεχθὲν
2943 2657 3221 2712 κάνταῦθα
3259 2655 3463 2727 ἀληθὲς
3501 2655 3587 2721 δν,
3615 2656 3730 2709 ὀτι
3764 2655 3810 2706 εἰ·

2183 2748 2543 2815 δεδόξασται
2585 2749 2652 2803 τὸ
2696 2749 3145 2820 δεδοξασμένον
3193 2747 3266 2801 ἐν
3318 2749 3513 2813 τούτῳ
3560 2749 3642 2813 τῷ
3692 2747 3809 2816 μὲίει

2183 2841 2391 2896 ἕνεκεν
2420 2840 2530 2909 τῆς
2579 2841 3084 2910 ὑπερϐαλλούσης
3135 2838 3340 2909 δόξης.
3377 2840 3556 2892 Ὅταν
3606 2837 3704 2908 γὰρ
3731 2838 3812 2905 2ης

2181 2930 2273 2984 τὸν
2306 2931 2508 3000 Κύριον
2554 2929 2850 3001 τεθυμένον
2906 2931 3000 2984 καὶ
3045 2930 3319 3000 κείμενον,
3365 2929 3464 2981 καὶ
3494 2929 3593 2981 τὸν
3644 2928 3802 2996 ἰερέει

2184 3021 2466 3090 ἐφεστῶτα
2509 3018 2589 3090 τῷ
2639 3019 2862 3090 θύματι,
2906 3021 3002 3073 καὶ
3052 3019 3439 3090 ἐπευχόμενον,
3496 3017 3595 3070 καὶ
3651 3017 3810 3074 τ’..τιτες

2184 3109 2380 3181 ἐκείνῳ
2411 3109 2490 3181 τῷ
2511 3109 2679 3181 τιμίῳ
2713 3109 3156 3181 φοινισσομένους
3210 3110 3426 3180 αἵματι,
3465 3101 3579 3179 ἄρα

2183 3197 2491 3269 ἀνθρώπων
2528 3194 2667 3251 εἶναι
2694 3198 2959 3268 νομίζεις,
2991 3198 3086 3251 καὶ
3106 3199 3198 3250 ἐπὶ
3216 3198 3314 3268 τῆς
3336 3197 3442 3267 γῆς
3473 3197 3710 3257 ἑστάναι,

2185 3286 2284 3340 οὑκ
2313 3286 2514 3350 εὐθέως
2545 3285 2638 3338 ἐπὶ
2657 3287 2784 3349 τοὺς
2821 3284 3084 3356 οὑρανοὺς
3113 3285 3531 3355 μετανίσταται,
3560 3285 3651 3336 καὶ
3677 3284 3812 3335 πεῖτπι

2186 3374 2453 3446 σαρκικὴν
2481 3374 2720 3428 διάνοιαν
2747 3373 2847 3444 τῆς
2879 3373 3060 3444 ψυχῆς
3099 3371 3364 3436 ἐκϐαλὼν,
3399 3375 3587 3443 γυμνῇ
3615 3374 3676 3441 τῇ
3707 3371 3814 3438 ψιλῇ

2185 3463 2278 3516 καὶ
2304 3461 2382 3533 τῷ
2408 3461 2484 3532 νῷ
2521 3461 2748 3533 καθαρῷ
2773 3460 3124 3533 περιϐλέπεις
3158 3460 3225 3514 τὰ
3249 3462 3307 3514 ἐν
3337 3461 3628 3532 ούρανοῖς;
3661 3460 3717 3511 Ὠ
3751 3456 3814 3506 πῖ

2186 3549 2489 3620 θαύματοςί
2515 3548 2560 3602 ὣ
2591 3551 2689 3620 τῆς
2722 3548 2815 3600 τοῦ
2841 3547 2974 3602 Θεοῦ
3008 3547 3420 3620 φιλανθρωπίας
3448 3550 3462 3601 !
3505 3548 3567 3602 Ὀ
3603 3548 3728 3618 μετὰ
3750 3543 3814 3595 τεεί

2185 3637 2398 3709 Πατρός
2451 3636 2562 3691 ἀνω
2592 3636 2919 3707 καθήμενος,
2973 3636 3115 3690 κατὰ
3146 3636 3245 3707 τὴν
3291 3635 3444 3708 ῶραν
3479 3637 3699 3707 ἐκείνην
3734 3634 3833 3696 =12;

2185 3726 2439 3780 ἁπάντων
2465 3724 2755 3794 κατέχεται
2789 3723 2966 3794 χερσὶ,
3020 3723 3116 3777 καὶ
3148 3723 3362 3777 δίδωσιν
3386 3723 3554 3778 αὑτὸν
3595 3726 3704 3784 τοῖς
3727 3722 3816 3791 βου-

2183 3812 2429 3884 λομένοις
2450 3810 2884 3883 περιπτύξασθαι
2904 3811 3001 3864 καὶ
3028 3810 3360 3882 περιλαϐεῖν.
3383 3810 3609 3864 Ποιοῦσι
3628 3811 3686 3864 δὲ
3702 3808 3818 3862 τοῦτο

2185 3901 2386 3966 πάντες
2410 3899 2498 3955 διά
2543 3899 2654 3954 τῶν
2684 3897 2978 3971 ὀφθαλμῶν
3029 3901 3128 3970 τῆς
3158 3898 3415 3962 πίστεως.
3452 3894 3604 3970 ’Δρά
3645 3915 3723 3950 σοι
3753 3893 3816 3946 τώ

2187 3989 2647 4062 καταφρονεῖσθαι
2709 3988 2882 4043 ταῦτα
2920 3984 3046 4053 ἀξια
3092 3987 3508 4057 καταφαίνεται,
3543 3989 3582 4057 ἢ
3631 3985 3824 4041 τοιςῦττ

2187 4077 2426 4144 είναιώς
2453 4076 2749 4148 δυνηθῆναί
2805 4093 2930 4131 τινα
2977 4076 3072 4130 καὶ
3125 4075 3436 4148 ἐπαρθῆναι
3484 4076 3608 4129 κατ’
3646 4074 3816 4128 αύτὼκ

2186 4167 2375 4222 Βούλει
2396 4167 2490 4220 καὶ
2521 4165 2582 4231 ἐξ
2608 4164 2798 4236 ἐτέρου
2827 4164 3104 4234 θαύματος
3141 4163 3242 4234 τῆς
3299 4163 3624 4232 ἀγιαστείας
3655 4161 3816 4225 τεῆς

2189 4256 2317 4312 ἰδεῖν
2345 4256 2444 4326 τὴν
2487 4253 2827 4326 ὑπερϐολήν;
2883 4251 3200 4323 ὑπόγραψόν
3250 4269 3340 4322 μοι
3379 4251 3471 4305 τὸν
3505 4252 3699 4306 Ἠλίαν
3740 4251 3818 4305 τοὶς

2184 4342 2503 4415 ὀφθαλμοῖς,
2528 4343 2623 4396 καὶ
2652 4341 2743 4395 τὸν
2781 4341 3009 4412 ἄπειρον
3059 4340 3214 4410 ὄχλον
3241 4339 3609 4412 περιεστῶτα,
3637 4343 3722 4393 καὶ
3747 4337 3814 4403 τὴν

2187 4430 2374 4485 θυσίαν
2397 4431 2489 4484 ἐπὶ
2515 4430 2623 4483 τῶν
2641 4428 2806 4482 λίθων
2831 4427 3113 4498 κειμένην,
3135 4428 3230 4482 καὶ
3258 4428 3465 4491 πάντας
3501 4429 3606 4498 μὲν
3639 4431 3695 4480 ὲν
3719 4431 3818 4494 ἠιτ-

2186 4520 2280 4590 χίᾳ
2303 4519 2429 4582 τοὺς
2458 4518 2679 4576 λοιποὺς
2711 4516 2806 4570 καὶ
2834 4515 3003 4588 πολλῇ
3034 4519 3100 4589 τῇ
3133 4519 3281 4588 σιγῇ,
3332 4516 3492 4588 μόνον
3520 4516 3580 4569 δὲ
3607 4516 3696 4568 τὺν
3721 4531 3816 4580 :9:-

2187 4609 2364 4678 φήτην
2394 4606 2708 4676 εὑχόμενοψ
2741 4599 2863 4657 εἶτα
2909 4603 3167 4676 ἐξαίφνης
3202 4605 3302 4676 τὴν
3338 4605 3511 4674 φλόγα
3543 4606 3611 4656 ἐκ
3633 4603 3732 4656 τῶν
3759 4602 3818 4651 ιζ-

2189 4694 2364 4769 ρανῶν
2390 4693 2539 4766 [585]
2601 4694 2694 4747 ἐπὶ
2754 4693 2814 4746 τδ
2868 4694 3062 4764 ἱερεῖον
3121 4695 3522 4764 ῥιπτουμένην·
3565 4691 3816 4760 θαυμιττι

2185 4783 2359 4838 ταῦτα
2387 4785 2483 4836 καὶ
2513 4782 2692 4854 πάσης
2722 4780 3038 4852 ἐκπλήξεως
3065 4781 3324 4851 γέμοντα.
3363 4778 3652 4849 Μετάϐηθι
3683 4779 3818 4830 ττρξκω

2187 4871 2395 4926 ἐκεῖθεν
2427 4870 2519 4922 ἐπὶ
2549 4869 2617 4923 τά
2642 4869 2734 4924 νῦν
2776 4869 3105 4937 τελούμενα,
3158 4870 3254 4922 καὶ
3307 4870 3368 4922 οὑ
3404 4867 3695 4938 θαυμαστά
3733 4866 3814 4928 ξᾷῖο

3615 3107 3688 3159 ἐτι
3711 3106 3813 3175 μετὰ

2190 4959 2369 5030 μόνον,
2390 4956 2525 5012 ἀλλά
2551 4957 2644 5011 καὶ
2675 4958 2855 5010 πᾶσαν
2880 4955 3141 5028 ἔκπληξιν
3173 4956 3592 5027 ὑπερϐαίνοντα.
3615 4955 3816 5016 Ἕτττ,ιε

2187 5045 2296 5116 γὰρ
2320 5047 2348 5098 ὁ
2382 5044 2581 5114 ἱερεὺς,
2616 5044 2678 5096 οὑ
2710 5043 2820 5115 πῦρ
2871 5044 3221 5114 καταφέρων,
3247 5044 3382 5097 ἀλλά
3429 5045 3490 5097 τὸ
3542 5043 3756 5111 Πνεῦμα
3779 5057 3818 5086 τ’.

2186 5132 2361 5202 ἀγιονο
2392 5132 2487 5186 καὶ
2512 5132 2610 5202 τὴν
2635 5133 2916 5204 ἱκετηρίαν
2952 5133 3043 5186 ἐπὶ
3067 5132 3201 5185 πολὺ
3238 5135 3488 5196 ποιεῖται,
3518 5133 3622 5202 οὑχ
3655 5132 3736 5182 ἵνα
3761 5143 3817 5184 τξ

2186 5221 2407 5292 λαμπὰς
2429 5220 2634 5274 ἀνωθεν
2688 5221 2950 5290 ἀφεθεῖσα
2997 5219 3354 5292 καταναλώσῃ
3399 5221 3466 5274 τά
3495 5220 3816 5292 προκείμεγι.

2185 5309 2300 5363 ἀλλ’
2331 5309 2415 5362 ἵνα
2445 5310 2477 5379 ἠ
2507 5308 2666 5380 χάρις
2717 5307 3055 5362 ἐπιπεσοῦσα
3097 5311 3162 5379 τῇ
3222 5307 3384 5378 θυσία
3411 5309 3478 5362 δι’
3506 5310 3719 5374 ἐκείνης
3748 5319 3821 5362 τεεη

2186 5399 2440 5451 ἁπάντων
2467 5398 2650 5469 ἀνάψῃ
2674 5398 2872 5469 ψυχὰς,
2900 5398 2994 5451 καὶ
3020 5398 3283 5470 ἀργυρίου
3307 5397 3692 5470 λαμπροτέρας
3721 5399 3821 5446 itm

2185 5485 2334 5557 δείξῃ
2363 5486 2782 5556 πεπυρωμένου.
2845 5480 3059 5557 Ταύτης
3109 5480 3202 5539 οῦν
3259 5484 3360 5554 τῆς
3410 5483 3816 5554 φρικιυδεεταττξ

2187 5572 2408 5643 τελετῆς
2452 5574 2537 5637 τίς
2591 5573 2667 5643 μὴ
2713 5573 2920 5644 σφόδρα
2970 5572 3314 5644 μαινόμενος,
3354 5571 3485 5642 μηδέ
3513 5570 3816 5640 ὲξεστηιὺς.

2251 5680 2277 5750 ξ
2299 5677 2502 5750 Quidam
2519 5679 2787 5750 τούναντίον
2857 5679 3242 5750 λόγοεπεριτέτρ.

2253 5738 2281 5802 ἢ
2305 5739 2475 5802 Morel.
2513 5740 2552 5788 εί
2571 5741 2650 5788 καὶ
2676 5741 2738 5802 μή
2758 5737 2943 5802 πάντες,
2978 5737 3126 5789 Savil.
3154 5737 3210 5789 ei
3227 5753 3345 5802 mss.
3370 5741 3406 5802 εἰ
3427 5739 3500 5802 καὶ

2258 5801 2279 5865 ir
2298 5801 2448 5865 S‘arvil.
2473 5810 2528 5850 et
2546 5799 2731 5865 aliqubl
2758 5815 2871 5865 mss.
2896 5801 3215 5865 ἀποκείσεται,
3244 5801 3411 5851 Morel.
3439 5799 3734 5847 iamiam

2269 5864 2283 5912 ι
2312 5862 2508 5922 Aliqum
2533 5875 2649 5910 mss.
2675 5863 2756 5910 τὸν
2781 5864 3018 5928 ἀρχιερέα.
