3864 6324
132 385 220 438 ειη
1256 382 1346 439 DE
1383 380 1823 439 SACERDOTIO.
1866 380 1993 440 LIB.
2018 379 2104 438 lli.

135 515 236 553 uno
260 513 362 553 non
401 497 511 567 jam
550 496 812 567 superbiae
832 540 845 563 ,
885 496 978 554 sed
1007 500 1251 555 amentia:
1272 515 1357 554 me
1385 512 1573 554 omnes
1604 498 1701 553 da-

134 597 374 644 mnarent
423 606 437 641 :
487 597 541 643 at
588 589 887 644 sacerdotio
935 591 1239 660 proposito,
1305 591 1445 661 quod
1495 599 1701 646 tantum

133 682 349 751 imperio
396 681 675 737 sublimius
718 691 842 751 est,
887 692 1139 754 quantum
1184 687 1323 740 inter
1367 686 1607 755 spiritum
1649 694 1706 741 et

134 787 344 827 carnem
372 782 454 828 est
490 773 820 828 intervallum
842 814 857 839 ,
898 774 1181 831 audebitue
1209 776 1467 845 quispiam
1494 791 1582 830 me
1609 790 1705 830 su-

135 863 323 930 perbice
351 863 643 918 accusare?
695 864 797 931 Qui
837 879 996 932 porro
1040 880 1145 919 non
1192 866 1478 920 absurdum
1523 866 1700 933 fuerit,

132 970 220 1008 eos
250 957 335 1023 qui
358 970 558 1009 minora
591 957 1079 1024 respuuntinsanite
1103 972 1377 1023 accusare,
1395 973 1487 1013 eos
1503 967 1704 1024 autem,

133 1047 213 1111 qui
249 1048 295 1098 in
327 1047 477 1115 longe
505 1046 900 1101 sublimioribus
937 1046 1167 1117 idipsum
1197 1047 1431 1113 faciunt,
1462 1063 1566 1103 non
1593 1049 1703 1117 jam

133 1137 178 1189 in
210 1138 453 1190 amenthe
480 1178 495 1200 ,
538 1137 631 1191 sed
672 1138 723 1191 in
753 1138 1017 1206 superbiae
1055 1141 1257 1195 crimen
1283 1140 1512 1193 vocare?
1555 1138 1706 1194 llaud

130 1241 284 1278 sucus
308 1240 371 1279 ac
393 1226 437 1279 si
466 1227 583 1296 quis
608 1241 729 1281 eum
754 1268 769 1293 ,
798 1228 889 1297 qui
939 1228 1101 1283 boum
1130 1238 1428 1284 armentum
1459 1229 1703 1299 chpice-

133 1325 231 1379 ret,
262 1331 322 1369 ac
348 1315 603 1372 bubulcus
629 1332 748 1372 esse
770 1319 953 1384 nollet,
983 1333 1086 1373 non
1109 1320 1392 1388 superbiae,
1407 1319 1501 1374 sed
1520 1333 1706 1374 amen-

132 1406 217 1457 ti;e
272 1420 561 1469 accusans,
615 1421 736 1460 eum
792 1408 879 1477 qui
929 1408 1089 1463 totius
1129 1409 1272 1464 orbis
1323 1409 1601 1480 imperium
1652 1417 1709 1463 et

130 1495 371 1549 omnium
393 1495 582 1565 ubique
611 1504 871 1551 terrarum
898 1498 1223 1553 exercituum
1241 1499 1569 1555 dominatum
1598 1515 1706 1555 non

129 1586 430 1663 acciperet,
459 1602 564 1641 non
594 1587 828 1644 insanire
855 1589 1087 1656 diceret,
1120 1590 1215 1644 sed
1241 1592 1484 1661 superbia
1512 1590 1705 1646 inﬂari.

130 1675 236 1730 Sed
264 1692 370 1730 non
396 1676 463 1730 ita
488 1686 589 1742 est,
622 1692 726 1731 non
762 1678 832 1732 ita
858 1693 1007 1747 sane,
1039 1695 1210 1750 neque
1223 1695 1321 1736 nos
1337 1681 1523 1751 magis,
1548 1697 1708 1752 quam

126 1767 373 1836 seipsos,
401 1767 746 1823 criminantur
770 1769 860 1839 qui
891 1770 1004 1825 lucc
1024 1769 1287 1839 jactitant.
1333 1771 1465 1827 Nam
1500 1772 1581 1828 vel
1612 1788 1707 1828 co-

126 1858 331 1925 gitasse
372 1866 606 1925 tantum,
656 1861 795 1928 quod
828 1860 997 1929 possit
1025 1860 1253 1916 humana
1295 1872 1481 1918 natura
1510 1871 1708 1919 tantam

124 1946 406 2015 despicere
419 1946 746 2018 dignitatem,
775 1951 903 2004 satis
929 1950 1125 2005 indicat
1139 1951 1265 2022 quid
1286 1952 1552 2021 opinionis
1571 1953 1710 2008 circa

126 2038 282 2091 illam
307 2037 531 2093 habeant
559 2037 649 2109 qui
679 2039 731 2093 id
763 2041 1092 2110 protulerunt
1123 2060 1137 2097 :
1169 2042 1270 2097 nisi
1299 2042 1440 2098 enim
1468 2051 1714 2113 putarent

124 2144 251 2182 esse
284 2144 396 2184 rem
425 2129 593 2184 levem
623 2146 687 2188 ac
712 2132 859 2202 parvi
886 2132 1038 2202 pretii
1066 2174 1082 2200 ,
1116 2148 1401 2203 numquam
1431 2135 1561 2204 ipsis
1589 2134 1712 2190 talis

124 2220 370 2289 suspicio
398 2220 449 2275 in
490 2230 723 2277 mentem
748 2223 999 2278 venisset.
1054 2223 1162 2277 Cur
1185 2224 1326 2279 enim
1362 2224 1429 2279 de
1471 2225 1709 2295 angelica

121 2311 391 2380 dignitate
432 2311 604 2365 nullus
642 2328 892 2382 umquam
938 2313 1063 2384 quid
1106 2314 1279 2369 simile
1326 2316 1581 2384 suspicari
1627 2317 1711 2372 vel

119 2402 316 2456 dicere
343 2415 500 2455 ausus
524 2410 625 2467 est,
654 2418 846 2472 nempe
877 2404 1162 2459 humanum
1191 2420 1312 2460 esse
1334 2407 1592 2473 animum,
1620 2406 1710 2477 qui

121 2508 239 2560 prae
291 2493 535 2562 superbia
577 2493 707 2548 nolit
746 2492 812 2548 ad
856 2494 997 2549 illius
1024 2505 1226 2551 natura:
1253 2495 1560 2567 dignitatem
1586 2512 1711 2567 per-

117 2582 361 2635 venire?
410 2581 590 2653 Magna
638 2583 831 2653 quippe
872 2585 1199 2654 concipimus
1245 2585 1312 2640 de
1357 2585 1712 2642 Potcstatibus

118 2674 232 2726 illis
258 2712 278 2739 ,
330 2673 486 2744 idque
529 2674 746 2743 impedit
771 2675 1054 2744 quominus
1084 2674 1365 2731 credamus
1386 2717 1399 2740 ,
1428 2692 1586 2746 posse
1613 2677 1711 2733 lio-

112 2769 336 2820 rninem
377 2766 644 2836 quidpiam
674 2767 845 2837 majus
877 2768 1079 2825 honore
1121 2769 1211 2824 illo
1255 2784 1465 2839 sapere.
1509 2769 1627 2838 Quo
1656 2769 1715 2826 lit

113 2868 179 2911 ut
202 2858 337 2927 jure
358 2859 474 2928 quis
503 2859 621 2913 illos
648 2860 825 2929 potius
851 2862 1115 2930 superbiae
1143 2872 1376 2928 accuset,
1404 2864 1495 2934 qui
1524 2863 1624 2919 hac
1647 2864 1715 2920 de

110 2967 177 3005 rc
218 2965 332 3005 nos
357 2951 724 3007 criminantur.
774 2952 957 3023 Neque
982 2954 1123 3009 enim
1152 2954 1201 3010 id
1226 2955 1294 3009 de
1321 2957 1439 3010 aliis
1463 2957 1715 3026 suspicati

114 3036 407 3106 fuissent,
438 3041 539 3096 nisi
586 3042 732 3111 prius
772 3059 886 3099 rem
926 3044 1095 3114 ipsam
1126 3046 1276 3115 quasi
1323 3047 1517 3101 nullius
1560 3049 1715 3116 pretii

107 3135 516 3189 acstimassent.
559 3135 726 3192 Porro
754 3136 797 3191 si
836 3138 888 3192 id
916 3153 1001 3195 me
1029 3139 1210 3209 gloriae
1235 3154 1394 3194 causa
1420 3139 1606 3195 fecisse
1632 3139 1716 3195 di-

104 3235 254 3280 cant
277 3265 295 3290 ,
342 3240 522 3280 secum
551 3226 831 3282 dissentire
860 3243 921 3283 ac
949 3245 1183 3299 pugnare
1211 3232 1385 3302 palam
1412 3230 1718 3301 deprehen-

98 3316 375 3371 dentur:
408 3319 587 3372 nescio
625 3319 766 3374 enim
818 3335 976 3389 quam
1022 3320 1180 3375 aliam
1224 3321 1518 3377 orationem
1566 3338 1717 3393 qua:-

99 3407 429 3473 sivissent,
475 3406 521 3462 si
564 3423 662 3464 nos
699 3409 766 3464 ab
810 3409 982 3464 inanis
1008 3411 1192 3481 gloria:
1230 3412 1453 3467 crimine
1489 3412 1719 3469 liberare

98 3499 453 3553 voluissent.

178 3589 249 3642 2.
307 3587 422 3643 Nos
448 3606 548 3643 non
580 3600 784 3661 propter
810 3606 990 3646 vanam
1010 3592 1222 3662 gloriam
1253 3593 1463 3666 fugisse.
1490 3623 1561 3635 —
1582 3593 1716 3651 Nam

87 3680 143 3735 si
176 3679 515 3749 hujusmodi
544 3696 629 3735 me
660 3697 906 3752 umquam
936 3698 1085 3737 amor
1113 3686 1323 3751 invasit,
1355 3687 1595 3757 accipere
1621 3702 1719 3758 po-

88 3772 259 3836 tius,
302 3786 465 3839 quam
492 3771 669 3842 fugere
698 3776 947 3842 oportuit.
980 3776 1190 3842 Quare?
1232 3778 1365 3846 Quia
1392 3795 1637 3850 magnam
1666 3780 1717 3835 id

83 3862 287 3917 nobis
322 3862 546 3931 gloriam
575 3864 857 3920 attulisset.
904 3866 1176 3937 Siquidem
1206 3869 1374 3925 virum
1410 3871 1509 3927 hac
1536 3881 1716 3939 tetate,

81 3955 196 4023 qui
237 3968 435 4022 nuper
464 3969 491 4007 a
523 3956 863 4012 saecularibus
891 3960 1033 4015 curis
1070 3975 1128 4016 se
1154 3961 1475 4018 abdicaverit
1496 4004 1509 4026 ,
1555 3978 1723 4034 usque

82 4046 258 4100 adeo
296 4045 680 4101 admirandum
721 4048 861 4119 apud
892 4064 1078 4105 omnes
1117 4050 1404 4122 derepente
1434 4054 1634 4122 videri,
1664 4063 1725 4110 ut

76 4139 159 4192 iis
193 4137 394 4193 etiam
420 4178 437 4202 ,
464 4138 552 4207 qui
583 4139 635 4192 in
667 4138 967 4209 huiusmodi
1013 4141 1282 4198 laboribus
1310 4152 1471 4198 totam
1508 4153 1721 4201 aetatem

74 4227 523 4283 eontrivissent
550 4229 901 4286 anteferretur
924 4272 939 4297 ,
975 4242 1029 4287 et
1057 4233 1205 4303 plura
1235 4232 1318 4287 his
1346 4234 1591 4290 omnibus
1612 4234 1724 4289 suf-

67 4321 292 4391 fragia
332 4320 641 4390 acciperet;
674 4321 725 4376 id
750 4334 896 4378 certe
922 4339 1164 4395 magnam
1190 4333 1245 4380 et
1267 4325 1633 4381 admirabilem
1656 4326 1726 4382 de

67 4414 273 4469 nobis
309 4413 633 4482 opinionem
667 4417 911 4472 omnibus
940 4418 1254 4483 indidisset,
1282 4433 1483 4489 nosque
1512 4420 1726 4490 conspi-

60 4521 238 4563 cuos
270 4513 348 4561 et
381 4504 615 4561 illustres
642 4505 982 4563 exhibuisset.
1022 4507 1184 4564 'Nunc
1227 4524 1353 4565 vero
1374 4551 1393 4577 ,
1421 4511 1600 4580 paucis
1627 4526 1724 4566 ex-

59 4597 320 4666 ceptis,
367 4593 596 4648 maxima
626 4610 749 4665 pars
781 4596 1033 4652 Ecclesia:
1061 4613 1160 4653 nos
1183 4613 1250 4653 ne
1274 4601 1488 4655 nomine
1512 4599 1725 4670 quidem

56 4694 327 4742 norunt
373 4701 387 4737 :
421 4683 558 4739 adeo
586 4695 640 4739 ut
667 4702 732 4739 ue
757 4687 1007 4743 omnibus
1027 4689 1239 4759 quidem
1280 4700 1462 4745 notum
1489 4692 1558 4746 sit
1582 4691 1725 4761 quod

54 4775 526 4842 abnuerimus,
567 4776 660 4831 sed
692 4780 870 4846 paucis
900 4786 1100 4833 tantum
1120 4820 1134 4846 ,
1172 4796 1306 4850 quos
1333 4791 1507 4837 tamen
1537 4798 1727 4839 omnes

51 4890 190 4928 non
254 4875 428 4941 puto
472 4868 638 4937 probe
674 4884 831 4925 nosse
875 4871 999 4941 quid
1040 4883 1246 4942 gestum
1285 4876 1355 4929 sit
1389 4893 1404 4931 :
1433 4876 1725 4933 verisimile

46 4976 287 5017 autem
347 4967 446 5013 est
484 4972 669 5014 eorum
712 4960 907 5016 multos
942 4972 1033 5017 aut
1063 4964 1361 5020 nullatenus
1390 4981 1487 5022 nos
1523 4968 1724 5023 electos

50 5059 273 5115 fLisse
316 5064 605 5117 censere,
656 5060 714 5106 ut
756 5062 873 5122 pOSt
911 5054 1221 5110 electionem
1251 5057 1499 5127 depulsos
1539 5058 1723 5126 fuisse,

45 5160 112 5203 ut
155 5161 304 5202 non
348 5148 452 5195 sat
478 5140 699 5196 idoneos
724 5143 887 5210 visos,
916 5160 1088 5213 neque
1117 5155 1304 5215 Sponte
1331 5147 1615 5219 aufugisse.

130 5241 207 5294 3.
277 5233 372 5290 Si
427 5232 645 5301 gloriam
694 5236 1187 5302 concupisceremus,
1239 5239 1339 5291 tale
1394 5239 1725 5293 ministerium

37 5334 287 5402 eligere
337 5322 607 5392 oportuit.
634 5352 704 5362 —
727 5323 943 5378 BASIL.
972 5326 1041 5379 At
1078 5328 1167 5397 qui
1207 5344 1317 5381 rem
1362 5345 1485 5383 vere
1528 5330 1723 5393 sciunt,

34 5420 502 5479 mirabuntur.
535 5411 908 5470 CIIRYSOST.
944 5418 1095 5486 Atqui
1130 5418 1227 5472 hos
1253 5419 1396 5488 ipsos
1421 5419 1597 5474 dixisti
1628 5435 1726 5475 no-

32 5523 137 5573 bis
180 5522 400 5566 vanae
437 5506 623 5575 gloria:
650 5522 715 5561 ac
741 5509 1005 5578 superbiae
1042 5511 1242 5564 crimen
1284 5512 1497 5567 oll’erre.
1545 5513 1725 5569 Unde~

34 5627 190 5668 nam
225 5604 450 5675 igitur
474 5597 591 5652 laus
610 5599 868 5668 speranda
887 5600 1008 5654 est?
1035 5602 1079 5654 A
1108 5601 1481 5657 multitudine?
1506 5604 1724 5668 Atrem,

33 5718 100 5761 ut
154 5701 453 5772 peracta
482 5698 598 5756 est,
639 5693 900 5747 nesciunt.
943 5694 983 5747 A
1023 5693 1239 5763 paucis?
1274 5695 1378 5751 Sed
1404 5695 1491 5751 hic
1518 5712 1728 5768 quoque

32 5794 234 5855 nobis
277 5799 410 5845 res
455 5779 509 5837 in
550 5783 872 5839 contrarium
909 5784 1119 5841 cecidit.
1172 5784 1352 5856 Neque
1378 5786 1483 5842 alio
1509 5789 1725 5847 nomine

3277 382 3386 441 643

1814 495 1915 550 huc
1948 497 2217 566 ingressus
2242 511 2300 552 es
2320 538 2334 561 ,
2374 510 2532 567 quam
2562 505 2620 552 ut
2643 494 2905 552 ediscere:
2927 537 2943 564 ,
2989 510 3107 566 quze
3131 495 3389 551 adversus

1807 601 1901 641 eos
1926 586 2165 642 defensio
2204 587 2435 656 paranda
2473 588 2562 641 sit.
2606 586 2743 654 Quid
2770 602 2896 643 vero
2921 586 3024 642 hac
3050 586 3118 641 de
3144 601 3204 641 re
3223 602 3380 639 accu-

1809 687 1922 731 rate
1964 690 2104 731 nuuc
2145 676 2449 745 proferam?
2500 676 2652 745 Quod
2702 678 2845 733 enim
2889 678 3096 732 etiamsi
3138 677 3386 733 omnibus

1809 770 1885 823 rei
1916 768 2107 823 veritas
2149 778 2273 823 nota
2317 777 2499 835 esset,
2548 784 2615 822 ne
2657 768 2734 824 sic
2762 767 2976 838 quidem
3004 768 3266 838 superbiae
3294 778 3386 821 aut

1810 873 1961 911 vana:
2003 858 2184 927 glorire
2223 873 2471 912 accusare
2517 866 2822 927 oporteret,
2867 857 2910 912 si
2948 858 3161 927 paulum
3192 871 3384 925 exspe-

1808 958 1943 1014 ctes,
1972 949 2022 1002 id
2056 950 2269 1018 planum
2301 949 2391 1003 tibi
2422 950 2544 1015 erit,
2575 957 2735 1018 atque
2761 947 2979 1018 insuper
3008 948 3159 1016 illud,
3196 962 3386 1016 nempe

1808 1055 1914 1094 non
1946 1041 2010 1095 iis
2039 1040 2199 1095 modo
2238 1040 2327 1110 qui
2356 1039 2408 1094 id
2434 1040 2551 1094 ausi
2592 1039 2789 1095 fuerint
2811 1079 2828 1104 ,
2872 1040 2915 1094 si
2947 1048 3123 1094 tamen
3151 1038 3269 1109 quis
3299 1053 3387 1092 re-

1811 1134 2044 1202 periatur
2070 1135 2088 1201 (
2117 1149 2221 1211 non
2245 1134 2388 1189 enim
2432 1133 2587 1190 facile
2624 1134 2880 1203 credam)
2909 1174 2925 1199 ,
2972 1132 3067 1187 sed
3096 1132 3256 1187 etiam
3295 1131 3382 1197 iis,

1809 1224 1899 1293 qui
1939 1223 2006 1279 de
2048 1225 2166 1280 aliis
2213 1225 2585 1296 suspicantur,
2634 1225 2927 1296 periculum
2967 1238 3072 1279 non
3116 1222 3385 1278 modicum

1810 1316 2109 1372 imminere.

1880 1409 1935 1463 4.
1966 1406 2302 1463 Tremendum
2342 1424 2447 1463 esse
2482 1424 2617 1462 nunc
2657 1405 2994 1461 sacerdotium
3032 1404 3191 1475 magis
3228 1418 3382 1472 quam

1810 1500 1864 1554 in
1885 1500 2036 1555 veteri
2058 1499 2208 1571 Lege.
2242 1528 2313 1538 —
2338 1498 2705 1555 Sacerdotium
2725 1492 2888 1551 'enim
2929 1496 2981 1549 in
3010 1504 3148 1550 terra
3181 1494 3388 1564 peragi-

1812 1600 1898 1649 tur
1918 1632 1935 1658 ,
1963 1590 2058 1647 sed
2077 1591 2367 1647 caelestium
2396 1589 2640 1645 ordinum
2668 1588 2895 1644 classem
2920 1587 3122 1641 obtinet
3151 1602 3164 1638 :
3192 1593 3246 1638 et
3264 1582 3388 1652 jure

1812 1683 2024 1754 quidem
2054 1683 2265 1737 merito.
2312 1680 2427 1736 Non
2455 1681 2597 1737 enim
2636 1680 2798 1734 homo
2822 1719 2836 1743 ,
2866 1692 2970 1733 non
2994 1677 3248 1747 angelus,
3282 1689 3389 1729 non

1812 1774 2162 1846 archangelus
2186 1815 2201 1839 ,
2245 1788 2352 1828 non
2380 1773 2480 1827 alia
2510 1772 2768 1843 quispiam
2795 1778 2974 1825 creata
3006 1776 3262 1838 potestas,
3293 1765 3388 1820 sed

1813 1867 1925 1938 ipse
1946 1865 2252 1921 Paracletus
2278 1863 2379 1918 hoc
2402 1862 2636 1917 officium
2666 1860 2967 1926 ordinavit,
3011 1859 3102 1929 qui
3131 1857 3390 1912 manenti-

1812 1955 1911 2010 bus
1936 1954 1991 2009 in
2026 1968 2187 2009 carne
2224 1961 2409 2007 auctor
2448 1952 2546 2006 fuit
2580 1959 2638 2006 ut
2682 1950 2992 2021 angelorum
3036 1945 3392 2002 ministerium

1812 2048 1993 2104 animo
2032 2047 2393 2117 conciperent.
2440 2044 2643 2099 Idcirco
2696 2041 3054 2097 sacerdotium
3098 2039 3383 2095 obeuntem

1814 2140 1885 2194 ita
1916 2154 2105 2210 purum
2130 2153 2247 2193 esse
2272 2138 2460 2202 decet,
2504 2150 2568 2190 ac
2593 2135 2638 2191 si
2679 2136 2731 2189 in
2755 2134 2901 2189 czelis
2934 2132 3075 2187 inter
3100 2139 3393 2202 potestates

1814 2231 1935 2286 illas
1953 2229 2248 2284 collocatus
2289 2235 2455 2282 esset.
2506 2224 2789 2281 Terribilia
2836 2236 3065 2291 namque
3093 2229 3248 2276 erant
3272 2234 3392 2290 qua:

1812 2320 2034 2390 gratiam
2065 2328 2449 2388 prmcesserunt
2478 2316 2671 2389 (Exod.
2716 2315 2808 2384 28)
2838 2331 2850 2367 :
2878 2312 3052 2383 qualia
3094 2320 3249 2368 erant
3291 2311 3392 2367 tiu-

1815 2409 2086 2469 tinnabula
2111 2447 2127 2474 ,
2158 2408 2295 2462 mala
2322 2408 2508 2477 punica
2531 2447 2547 2473 ,
2578 2405 2778 2476 lapides
2809 2405 2860 2458 iu
2892 2411 3108 2474 pectore
3136 2403 3312 2472 positi,
3338 2412 3393 2457 et

1814 2500 1903 2555 alii
1929 2501 1982 2554 in
2027 2498 2446 2569 superhumerali
2471 2538 2486 2561 ,
2530 2498 2682 2550 mitra
2705 2536 2722 2563 ,
2751 2495 2977 2560 cidaris,
3008 2494 3266 2564 poderes,
3311 2494 3397 2547 la-

1816 2590 1958 2646 mina
1995 2604 2193 2655 aurea,
2242 2586 2423 2644 saucia
2451 2598 2787 2653 sanctorum,
2832 2588 3019 2657 ingens
3047 2586 3188 2640 intus
3216 2585 3403 2655 quies.

1817 2686 1887 2740 At
1910 2685 1953 2738 si
1981 2685 2099 2755 quis
2129 2697 2192 2739 ea
2211 2725 2226 2748 ,
2268 2698 2386 2752 qute
2412 2682 2477 2735 ad
2504 2681 2726 2751 gratiam
2755 2688 3035 2750 spectant,
3063 2677 3391 2741 consideret,

1819 2776 2070 2832 terribilia
2098 2776 2185 2830 illa
2209 2784 2368 2844 atque
2398 2771 2649 2828 horrifica
2670 2811 2686 2838 ,
2724 2786 2886 2841 parva
2914 2784 3034 2826 esse
3063 2768 3391 2839 comperiet:

1816 2882 1879 2922 ac
1903 2867 2044 2937 quod
2074 2864 2140 2920 de
2170 2865 2285 2935 lege
2328 2863 2527 2919 dictum
2557 2871 2673 2929 est,
2722 2862 2809 2916 hic
2847 2874 3059 2932 quoque
3086 2874 3268 2914 verum
3293 2858 3394 2916 de-

1820 2956 2207 3027 prehenderet;
2237 2969 2428 3025 nempe
2452 2997 2467 3021 ,
2500 2952 2623 3007 Non
2649 2952 2989 3022 glori/iratum
3012 2959 3089 3005 est
3126 2950 3260 3021 quod
3287 2949 3407 3004 cla»

1815 3048 1916 3102 ruit
1958 3048 2010 3101 in
2053 3047 2148 3100 hac
2180 3056 2326 3118 parte
2357 3054 2562 3116 propter
2583 3043 2901 3098 excellentem
2927 3042 3143 3113 gloriam
3166 3040 3244 3111 (2.
3272 3040 3393 3096 Cor.

1819 3141 1871 3194 5.
1907 3139 2018 3210 10).
2050 3139 2183 3194 Cum
2224 3137 2365 3193 enim
2406 3136 2604 3191 videris
2647 3134 2929 3189 Dominum
2973 3132 3303 3187 immolatum
3341 3139 3397 3186 et

1816 3234 2076 3301 jacentem
2100 3270 2115 3296 ,
2153 3236 2209 3285 et
2272 3228 2603 3283 sacerdotem
2632 3228 2649 3257 ¹
2694 3225 2956 3281 sacriﬁcio
2998 3225 3411 3279 incumbentem.

1819 3336 1882 3376 ac
1922 3330 2258 3391 precantem,
2304 3333 2597 3388 omnesque
2640 3319 2874 3386 pretioso
2902 3316 2994 3370 illo
3018 3315 3273 3385 sanguine
3302 3330 3395 3368 ru-

1820 3414 2027 3478 bentes,
2059 3427 2125 3467 an
2158 3420 2310 3482 putas
2336 3420 2387 3466 te
2421 3410 2593 3465 adhuc
2619 3425 2738 3465 cum
2765 3410 3067 3464 hominibus
3094 3416 3151 3464 et
3175 3409 3228 3462 in
3258 3416 3399 3464 terra

1821 3505 1980 3560 esse?
2033 3518 2209 3557 annon
2250 3502 2424 3572 potius
2466 3502 2519 3555 iu
2569 3501 2729 3556 caelos
2774 3500 3095 3567 translatus,
3147 3500 3401 3570 omnique

1825 3596 2024 3652 carnali
2057 3596 2377 3665 cogitatione
2401 3594 2668 3648 eliminata
2692 3634 2707 3660 ,
2741 3593 2884 3647 nudo
2911 3593 3089 3647 animo
3116 3601 3401 3661 menteque

1824 3701 1954 3757 pura
1985 3701 2102 3754 qua:
2142 3685 2193 3739 in
2221 3683 2368 3739 cmlis
2393 3690 2518 3738 sunt
2541 3682 2938 3752 circumspicis?
2976 3682 3021 3736 0
3047 3681 3396 3736 miraculum!

1823 3793 1856 3833 o
1887 3778 1980 3833 Dei
2007 3774 2409 3846 benignitatem!
2464 3773 2567 3842 Qui
2608 3788 2729 3828 cum
2769 3773 2926 3828 Patre
2972 3788 3181 3827 sursum
3225 3771 3399 3838 sedet,

1825 3868 1912 3923 illa
1940 3868 2067 3922 hora
2097 3867 2333 3922 omnium
2360 3866 2603 3920 manibus
2630 3872 2840 3919 tenetur
2862 3903 2879 3929 ,
2922 3878 3146 3933 seseque
3176 3862 3402 3918 volenti-

1826 3962 1926 4018 bus
1947 3962 2040 4017 dat
2064 3960 2523 4031 complectendum
2547 3966 2603 4014 et
2638 3957 3026 4028 accipiendum.
3058 3954 3193 4012 lllud
3223 3966 3402 4010 autem

1824 4068 2016 4111 omnes
2044 4050 2242 4107 faciunt
2266 4052 2436 4108 oculis
2463 4050 2606 4106 ﬁdei.
2653 4049 2793 4105 Num
2819 4049 2915 4104 tibi
2943 4050 3057 4103 haec
3093 4054 3403 4116 contemptu

1825 4147 1986 4218 digna
2012 4144 2289 4200 videntur?
2336 4159 2405 4198 an
2448 4141 2750 4212 huiusmodi
2789 4155 2944 4207 esse,
2975 4147 3035 4194 ut
3062 4139 3231 4209 possit
3253 4138 3421 4209 quis--~

1826 4239 1967 4309 piam
2019 4236 2278 4291 adversus
2323 4250 2389 4291 ea
2438 4234 2667 4291 extolli?
2718 4233 2885 4289 Visne
2933 4241 2989 4289 et
3038 4231 3405 4287 sanctimonia:

1829 4330 1969 4385 illius
2005 4327 2373 4384 excellentiam
2400 4342 2464 4383 ex
2494 4326 2600 4381 alio
2628 4324 2886 4380 miraculo
2921 4321 3258 4394 perspicere?
3302 4320 3408 4375 lle-

1829 4421 1951 4476 liam
1979 4419 2109 4474 mihi
2138 4418 2208 4474 ob
2236 4419 2417 4475 oculos
2438 4417 2663 4489 depinge
2681 4458 2697 4480 ,
2728 4417 3148 4486 immensamque
3173 4414 3419 4470 circum--

1829 4514 2000 4570 fusam
2038 4514 2243 4569 turbam
2266 4552 2281 4579 ,
2309 4521 2364 4566 et
2412 4510 2640 4566 hostiam
2685 4510 2944 4579 lapidibus
2980 4507 3281 4578 impositam
3312 4503 3406 4578 (5.

1830 4605 1958 4674 Reg.
1991 4603 2094 4675 l8)
2127 4622 2140 4659 :
2171 4614 2330 4674 atque
2355 4616 2541 4658 omnes
2564 4601 2695 4656 alios
2726 4602 2776 4655 in
2802 4602 2977 4672 quiete
3011 4609 3063 4655 et
3103 4612 3295 4669 magno
3324 4597 3417 4654 sio

1831 4697 1995 4752 lentio
2034 4703 2236 4750 Stantes
2260 4734 2275 4759 ,
2318 4695 2488 4749 solum
2526 4708 2654 4748 vero
2698 4692 3010 4763 prophetam
3054 4699 3404 4762 precantem:

1832 4798 1943 4842 tum
1970 4797 2188 4856 repente
2228 4786 2494 4841 ﬂammam
2522 4801 2588 4841 ex
2630 4784 2774 4839 caelis
2812 4785 2864 4837 in
2906 4783 3221 4838 sacriﬁcium
3267 4780 3408 4850 inje-

1830 4887 1995 4957 ctam.
2018 4877 2341 4932 Admiranda
2366 4886 2494 4933 sunt
2521 4877 2635 4932 huic
2655 4916 2671 4942 ,
2704 4877 2956 4945 omnique
2981 4885 3197 4944 stupore
3223 4874 3403 4943 plena.

1831 4972 1980 5026 Illinc
2003 4980 2054 5026 te
2081 4973 2303 5027 transfer
2330 4971 2395 5024 ad
2421 4986 2480 5025 ea
2512 4986 2630 5039 quae
2661 4984 2801 5025 nunc
2826 4978 3175 5039 peraguntur,
3207 4981 3270 5021 ac
3298 4980 3403 5020 non

1830 5066 1963 5120 mira
1993 5074 2196 5118 tantum
2224 5062 2455 5126 videbis,
2483 5061 2577 5115 sed
2598 5075 2812 5115 onmem
2841 5070 3112 5129 stuporem
3140 5071 3423 5127 superan-v

1834 5157 1924 5209 tia.
1947 5155 2060 5210 Stat
2088 5156 2230 5209 enim
2259 5152 2528 5215 sacerdos,
2561 5166 2666 5205 non
2699 5151 2871 5221 ignem
2899 5158 3130 5219 gestans,
3161 5148 3253 5202 sed
3288 5147 3421 5217 Spio'

1832 5247 1992 5300 ritum
2022 5254 2296 5309 sanctum;
2345 5258 2533 5313 preces
2581 5242 2746 5295 multo
2786 5250 3023 5309 tempore
3063 5237 3271 5302 fundit,
3301 5252 3405 5292 non

1831 5347 1890 5392 ut
1920 5339 2001 5391 fax
2023 5336 2249 5391 demissa
2278 5336 2480 5389 crelitus
2503 5333 2739 5402 apposita
2760 5342 3056 5395 consumat,
3085 5331 3178 5385 sed
3208 5340 3261 5384 ut
3288 5345 3409 5400 gra-

1834 5432 1903 5483 tia
1950 5431 1999 5482 in
2047 5427 2363 5482 sacrificium
2403 5424 2616 5493 delapsa
2656 5437 2754 5492 per
2777 5421 2902 5477 illud
2930 5422 3167 5475 omnium
3201 5421 3408 5474 animos

1835 5524 2161 5586 inﬂammet,
2209 5529 2265 5574 et
2310 5526 2528 5587 argento
2577 5517 2696 5586 igne
2751 5522 2974 5586 purgato
3019 5513 3408 5585 splendidiores

1832 5616 2099 5673 exhibeat.
2128 5613 2238 5667 Hoc
2258 5611 2433 5681 itaque
2463 5609 2905 5665 terribilissimum
2936 5607 3268 5679 mysterium,
3291 5606 3409 5675 quis

1896 5796 1913 5825 ι
1950 5788 2133 5853 Aliquot
2154 5796 2279 5853 Mss,
2302 5785 2589 5851 pontiﬁcem.
