3922 6254
472 367 582 427 645

471 485 691 542 tandem
713 523 732 550 ,
779 480 881 538 nisi
920 477 1202 536 admodum
1250 479 1478 534 insaniat
1501 520 1515 543 ,
1548 479 1629 533 vel
1658 487 1836 533 mente
1859 488 2048 547 captus

471 578 573 643 sit,
604 573 878 644 despicere
901 571 1101 642 queat?
1150 571 1232 625 An
1259 571 1474 640 ignoras
1503 570 1789 624 humanam
1820 572 2050 624 animam

474 669 650 737 ignem
671 664 913 720 sacriﬁcii
936 663 1233 738 huiusmodi
1255 678 1539 731 numquam
1559 672 1767 731 gestare
1793 663 2050 731 potitiSse,

475 758 783 813 sedomnes
827 756 1061 810 funditus
1106 757 1368 824 perituros
1409 753 1610 819 fuisse,
1663 756 1759 808 nisi
1805 769 2050 822 magnum

470 847 687 904 adesset
704 845 886 916 gratim
910 846 1002 901 Dei
1025 845 1280 898 auxilium
1293 844 1318 896 ἳ

547 937 601 992 5.
627 934 868 1006 Magnam
885 951 990 989 esse
1007 934 1272 990 sacerdotii
1282 942 1571 1002 potestatem
1597 945 1642 986 et
1653 933 1962 1003 dignitatem.
1982 963 2049 972 -—

470 1028 526 1082 Si
558 1026 676 1096 quis
703 1026 845 1079 enim
872 1039 1053 1079 secum
1078 1031 1285 1094 reputet
1308 1033 1562 1093 quantum
1593 1023 1718 1076 illud
1745 1025 1830 1088 sit,
1862 1039 2052 1092 nempe

475 1121 747 1175 hominem
777 1135 936 1174 carne
961 1129 1013 1173 et
1053 1117 1307 1188 sanguine
1347 1119 1634 1171 involutum
1658 1158 1673 1183 ,
1719 1131 1882 1185 prope
1917 1116 2053 1170 bea-

475 1219 584 1265 tam
631 1210 774 1264 illam
817 1216 872 1264 et
915 1209 1265 1263 immortalem
1311 1216 1558 1262 naturam
1597 1207 1882 1269 constitui.
1930 1215 2062 1267 tunc.

477 1299 645 1368 probe
676 1299 929 1369 intelliget
956 1309 1152 1370 quanto
1185 1299 1388 1354 honore
1421 1297 1647 1367 Spiritus
1673 1299 1840 1368 gratia
1868 1312 2051 1352 sacer-

478 1390 631 1444 dotes
659 1389 950 1445 ornaverit.
997 1388 1127 1443 Nam
1153 1405 1250 1461 per
1274 1404 1367 1445 eos
1406 1389 1520 1443 haec
1563 1396 1884 1459 peraguntur
1917 1387 2052 1443 alia-

477 1492 584 1550 que
613 1478 698 1534 his
726 1479 892 1534 nihilo
917 1477 1164 1533 inferiora
1190 1521 1206 1546 ,
1233 1495 1350 1549 quae
1375 1478 1441 1532 ad
1465 1477 1741 1548 dignitatis
1759 1478 2052 1547 salutisque

478 1576 678 1623 nostra:
705 1567 964 1623 rationem
993 1577 1251 1639 spectant.
1305 1569 1512 1623 Etenim
1551 1568 1641 1638 qui
1687 1577 1879 1622 terram
1907 1568 2055 1622 inco-

479 1657 598 1712 lunt
620 1658 674 1712 in
693 1671 868 1728 eaque
892 1665 1305 1722 commorantur,
1339 1658 1404 1712 ad
1434 1673 1495 1713 ea
1525 1672 1645 1727 quae
1673 1657 1726 1712 in
1753 1658 1897 1712 cadis
1922 1667 2048 1712 sunt

478 1746 831 1816 dispensanda
869 1747 1138 1801 commissi
1175 1755 1298 1802 sunt
1320 1787 1338 1810 ,
1382 1754 1801 1816 potestatemque
1827 1761 2052 1816 accepe-

477 1845 638 1904 runt,
669 1852 826 1906 quam
857 1852 1033 1908 neque
1075 1837 1277 1907 angelis
1315 1852 1488 1907 neque
1531 1837 1861 1908 archangelis
1907 1837 2056 1894 dedit

477 1926 639 1982 Deus.
707 1926 895 1996 Neque
937 1927 1081 1982 enim
1135 1927 1238 1982 illis
1283 1926 1481 1982 dictum
1534 1938 1618 1982 est
1660 1944 1674 1982 :
1720 1927 2059 1998 Quacumque

476 2019 749 2090 ﬁguret-itis
766 2021 818 2073 in
845 2029 998 2086 terra,
1027 2031 1173 2074 erant
1199 2021 1355 2091 ligata
1379 2029 1428 2075 et
1458 2021 1510 2074 in
1540 2021 1701 2084 cwlo;
1730 2029 1775 2074 et
1798 2037 2055 2090 qua-cum—

476 2115 576 2179 q’ue
596 2109 840 2166 solveritis
866 2111 920 2165 in
950 2122 1081 2166 terra
1100 2153 1116 2178 ,
1157 2123 1300 2167 erunt
1335 2113 1502 2167 soluta
1539 2123 1585 2167 et
1611 2115 1662 2168 in
1688 2113 1811 2167 creto
1842 2113 2052 2184 (Matth.

479 2198 713 2272 18.18).
763 2200 970 2256 Habent
1008 2203 1220 2272 quidem
1265 2203 1338 2270 ii,
1384 2204 1556 2272 quiin
1584 2212 1724 2259 terra
1770 2203 2050 2273 imperant,

479 2297 792 2358 potestatem
830 2290 1055 2360 ligandi,
1093 2308 1276 2347 verum
1319 2307 1540 2363 corpora
1580 2294 1750 2348 solum
1777 2311 1800 2348 —:
1833 2293 1933 2349 hoc
1961 2309 2057 2349 au-

479 2387 586 2434 tem
614 2382 882 2438 vinculum
904 2383 1068 2452 ipsam
1099 2383 1307 2454 attingit
1334 2385 1588 2451 animam,
1616 2386 1880 2455 caelosque
1907 2395 2052 2440 tran-

478 2470 685 2525 scendit
718 2490 731 2526 :
760 2487 822 2528 ac
861 2487 1210 2544 quaecumque
1251 2473 1456 2530 inferne
1498 2475 1802 2530 sacerdotes
1828 2474 2048 2551 faciunt,

476 2559 664 2616 eadem
697 2562 834 2618 Dens
875 2579 1108 2633 superne
1149 2565 1463 2631 conﬁrmat;
1512 2581 1893 2637 servorumque
1933 2582 2055 2622 sen—

477 2652 696 2707 tentiam
740 2653 856 2724 ipse
882 2654 1137 2709 Dominus
1161 2664 1332 2710 ratam
1371 2656 1512 2710 facit.
1556 2657 1691 2725 Quid
1731 2659 1872 2713 enim
1911 2658 2052 2714 aliud

475 2743 581 2798 illis
605 2743 770 2809 dedit,
800 2760 958 2815 quam
983 2761 1194 2802 omnem
1223 2749 1512 2803 caelestium
1544 2754 1904 2819 potestatem?
1929 2768 2052 2806 nam

476 2834 739 2902 Quorum,
783 2836 984 2906 inquit,
1023 2837 1312 2892 remiseritis
1351 2848 1554 2907 peccata
1579 2880 1592 2904 ,
1621 2841 1978 2910 remittuntur;
2004 2853 2052 2897 et

471 2939 686 2992 quorum
711 2925 1014 2980 retinueritis
1034 2966 1050 2991 ,
1079 2936 1266 2980 retenta
1294 2938 1410 2981 sunt
1446 2927 1622 2999 (Joan.
1653 2929 1744 2985 ‘20.
1776 2931 1891 2999 25).
1921 2932 2050 3000 Qua:

473 3013 646 3083 major
670 3013 771 3070 hac
796 3024 1032 3084 potestas
1058 3014 1256 3071 fuerit?
1287 3019 1448 3073 Omne
1459 3020 1709 3088 judicium
1736 3021 1870 3075 dedit
1897 3023 2050 3077 Pater

473 3105 613 3161 Filio
638 3106 812 3179 (Joan.
841 3109 896 3163 5.
922 3107 1015 3178 22)
1052 3127 1065 3163 :
1097 3110 1354 3180 videoque
1384 3111 1553 3180 ipsum
1581 3128 1738 3168 omne
1781 3114 1912 3182 ipsis
1939 3122 2048 3169 tra-

471 3198 639 3253 ditum
669 3214 698 3254 a
727 3200 863 3255 Filio
889 3216 1029 3256 esse.
1061 3203 1139 3257 Ac
1168 3203 1212 3256 si
1240 3203 1380 3258 enim
1400 3202 1508 3273 jam
1541 3205 1594 3258 in
1623 3205 1785 3261 caelos
1810 3207 2048 3262 translati

471 3299 688 3356 essent,
729 3299 890 3360 atque
921 3290 1204 3347 humanam
1251 3301 1490 3348 naturam
1540 3306 1979 3366 cxsupcrasseut,
2019 3313 2047 3351 a

471 3381 671 3435 nostris
711 3381 986 3437 an‘ectibus
1025 3383 1231 3438 liberati
1255 3426 1269 3450 ,
1320 3385 1388 3439 ita
1435 3385 1487 3442 in
1529 3395 1732 3446 tantum
1766 3389 2046 3458 imperium

469 3475 642 3528 evecti
671 3483 814 3529 sunt.
857 3475 938 3530 Ad
976 3475 1092 3531 hate
1114 3517 1130 3542 ,
1172 3477 1216 3531 si
1257 3477 1548 3547 imperator
1582 3480 1909 3535 subditorum
1937 3481 2050 3535 cui-

471 3566 611 3635 piam
663 3565 804 3622 hunc
858 3565 1114 3622 honorem
1171 3570 1491 3637 contulerit,
1543 3578 1601 3625 ut
1646 3586 1780 3642 quos
1834 3573 2048 3627 libuerit

470 3657 637 3722 possit
691 3658 742 3711 in
787 3671 1056 3712 carcerem
1103 3659 1369 3729 conjicere
1416 3660 1642 3731 indeque
1684 3676 1910 3726 eruere,
1957 3662 2048 3719 ille

466 3747 809 3804 admirandus
845 3758 900 3804 et
939 3750 1257 3820 conspicuus
1293 3751 1434 3820 apud
1471 3767 1658 3807 omnes
1705 3752 1954 3817 habetur;
1994 3761 2049 3806 at

467 3840 510 3889 is
531 3838 673 3907 quia
699 3839 806 3894 Deo
823 3849 972 3894 tanto
993 3841 1247 3911 majorem
1273 3853 1584 3913 potestatem
1603 3844 1826 3913 accepit,
1848 3853 2046 3914 quanto

465 3927 655 3982 malum
703 3937 840 3983 terra
875 3932 1156 3999 pretiosius
1184 3941 1266 3987 est
1285 3973 1300 3996 ,
1327 3941 1384 3988 et
1407 3945 1605 4003 quanto
1628 3935 1821 3988 anima:
1851 3949 2043 4003 corpo-

465 4015 649 4082 ribus,
692 4019 760 4070 ita
796 4019 1047 4090 exiguum
1085 4023 1352 4076 nonnullis
1377 4024 1586 4078 videtur
1609 4024 1865 4079 honorem
1888 4039 2046 4081 acce-

467 4106 631 4174 pisse,
675 4117 736 4162 ut
759 4110 976 4179 cogitari
1011 4113 1199 4182 possit,
1238 4115 1538 4184 quempiam
1565 4117 1666 4172 hoc
1694 4117 1793 4172 sibi
1824 4132 2047 4174 concre-

466 4195 638 4251 ditum
679 4198 877 4253 donum
917 4201 1215 4272 despicere.
1267 4207 1450 4276 Apage
1489 4208 1746 4263 insaniam
1782 4227 1796 4264 :
1842 4211 2042 4266 insania

467 4293 697 4350 namque
721 4283 998 4340 manifesta
1028 4295 1127 4349 est,
1156 4297 1358 4341 tantum
1376 4291 1724 4360 principatum
1743 4293 2040 4362 despicere,

465 4372 586 4426 sine
611 4387 718 4442 quo
743 4388 914 4443 neque
939 4375 1164 4431 salutem
1197 4393 1366 4448 neque
1400 4383 1657 4451 promissa
1686 4383 1820 4438 bona
1845 4400 2041 4440 conse-

463 4462 554 4532 qui
602 4477 902 4532 possumus.
950 4466 1081 4522 Nam
1128 4470 1171 4523 si
1221 4486 1325 4523 non
1373 4479 1549 4540 potest
1597 4473 1715 4542 quis
1763 4474 1961 4529 intrare
1990 4476 2040 4530 in

465 4569 689 4624 regnum
715 4557 984 4624 caelorum,
1017 4561 1116 4615 nisi
1145 4579 1239 4632 per
1262 4579 1450 4632 aquam
1477 4573 1532 4619 et
1551 4565 1794 4636 Spiritum
1825 4584 2044 4640 regene-

462 4657 610 4703 ratus
646 4648 801 4704 fuerit
827 4650 1002 4722 (Joan.
1037 4655 1093 4710 5.
1116 4656 1212 4724 5);
1259 4666 1310 4710 et
1340 4659 1430 4726 qui
1461 4673 1564 4713 non
1609 4660 1890 4716 manducat
1917 4678 2038 4718 car-

471 4754 591 4794 nem
636 4741 878 4809 Domini,
924 4760 1023 4800 nec
1049 4747 1181 4802 bibit
1207 4749 1322 4819 ejus
1347 4753 1676 4820 sanguinem,
1709 4764 1906 4810 (eterna
1933 4760 2037 4811 vita

465 4830 702 4897 privatur
727 4831 905 4902 (Joan.
937 4836 988 4889 6.
1016 4837 1106 4906 54)
1140 4856 1154 4891 ;
1183 4839 1296 4895 lucc
1321 4854 1496 4896 autem
1529 4845 1703 4898 omnia
1732 4861 1834 4899 non
1861 4847 2034 4914 aliter,

462 4935 623 4989 quam
653 4938 748 4990 per
772 4934 984 4981 sanctas
1025 4929 1140 4984 illas
1179 4947 1404 4997 manus,
1447 4937 1782 4991 sacerdotum
1822 4953 2034 5008 nempe,

461 5013 810 5082 perﬁciuntur
836 5033 852 5070 :
883 5017 1001 5086 quis
1045 5019 1162 5074 sine
1203 5021 1406 5077 illarum
1451 5040 1612 5093 opera
1651 5036 1742 5081 aut
1782 5027 2040 5098 gehennae

464 5103 642 5173 ignem
659 5104 912 5177 ellngcre,
934 5118 1026 5164 aut
1049 5113 1306 5180 repositas
1324 5116 1534 5186 assequi
1559 5132 1785 5172 coronas
1812 5119 2042 5188 poterit?

534 5195 586 5250 6.
620 5197 863 5267 Magnum
891 5217 998 5256 esse
1024 5205 1338 5258 sacerdotum
1368 5223 1569 5266 munus.
1599 5237 1670 5248 --
1711 5209 1771 5262 l-li
1811 5226 2038 5280 namque

460 5297 621 5355 sunt,
655 5288 706 5342 hi
735 5301 877 5357 sunt,
907 5294 1096 5363 quibus
1116 5298 1403 5351 conerediti
1430 5308 1554 5352 sunt
1581 5301 1880 5368 spirituales
1909 5318 2034 5371 par-

461 5387 548 5432 tus
576 5388 628 5434 et
663 5385 935 5448 generatio
979 5401 1070 5452 per
1113 5387 1430 5456 baptismum
1464 5407 1477 5442 :
1512 5405 1605 5458 per
1640 5391 1738 5446 ltos
1763 5392 2031 5448 Christum

459 5468 748 5532 induimus,
773 5483 826 5528 et
850 5489 970 5528 cum
1003 5477 1134 5530 Filio
1163 5478 1251 5534 Dei
1282 5481 1569 5549 scpelimur
1591 5524 1606 5548 ,
1631 5485 1865 5538 membra
1893 5485 2034 5541 beati

458 5559 602 5615 illius
627 5565 816 5634 capitis
853 5565 1130 5622 efﬁcimur.
1181 5569 1252 5625 lta
1283 5586 1386 5625 non
1428 5573 1587 5628 modo
1626 5575 1948 5645 principibus
1974 5592 2036 5634 ac

460 5652 674 5722 regibus
716 5656 1154 5713 lormidabiliores
1178 5702 1193 5725 ,
1238 5663 1330 5718 sed
1361 5666 1592 5734 patribus
1617 5668 1774 5721 etiam
1807 5683 2033 5723 venera-

457 5741 674 5800 biliores
707 5747 860 5802 nobis
880 5749 998 5818 jure
1029 5753 1238 5808 fuerint.
1287 5757 1360 5809 llli
1405 5758 1546 5813 enim
1581 5775 1643 5814 ex
1690 5763 2030 5832 sanguinibus

1181 366 1240 422 S.
1276 365 1552 422 JOANNIS
1589 361 2064 421 ςι-ιιιγδοετοιιι
2105 354 2420 418 ARClllEP.
2465 359 3001 418 CONSTANTlNOP.

3633 357 3739 412 6H

2157 491 2328 547 exque
2357 475 2625 531 voluntate
2648 476 2827 531 carnis
2863 491 2961 530 nos
2999 482 3325 545 genuerunt;
3360 471 3412 526 hi
3444 487 3573 527 vero
3600 472 3742 526 illius

2156 582 2276 638 quae
2316 583 2380 622 ex
2417 567 2528 621 Deo
2555 557 2662 621 'cst'
2691 567 3052 637 generationis
3103 565 3254 619 nobis
3295 572 3542 619 auctores
3589 574 3737 625 sunt,

2158 655 2326 713 beata:
2352 673 2542 727 nempe
2587 659 2725 712 illius
2768 657 3224 727 regenerationis,
3269 671 3408 711 vera:
3455 653 3740 714 libertatis,

2156 757 2210 803 et
2239 748 2378 803 illius
2414 765 2533 819 qua:
2572 749 2862 804 secundum
2887 749 3110 817 gratiam
3139 756 3219 802 est
3247 746 3570 816 adoptionis.
3601 742 3738 798 Cor-

2158 840 2302 908 poris
2324 839 2520 907 lepram
2551 853 2795 908 purgare,
2824 839 2930 891 imo
2958 838 3132 907 potius
3158 837 3454 889 nullatenus
3486 849 3741 903 purgare,

2157 929 2249 982 sed
2282 938 2529 998 purgatos
2567 929 2792 998 probare
2835 937 3036 982 tantum
3063 969 3078 992 ,
3111 927 3411 983 Judazorum
3442 925 3743 981 sacerdoti-

2158 1018 2257 1072 bus
2300 1019 2491 1073 licebat
2532 1018 2714 1088 (Lcuit.
2741 1019 2828 1089 1-1)
2861 1036 2872 1071 :
2902 1029 2957 1072 et
2998 1029 3174 1073 tamen
3219 1020 3356 1072 nosti
3383 1025 3580 1086 quanta
3613 1026 3744 1071 tunc

2157 1117 2300 1161 esset
2329 1123 2424 1177 pro
2465 1109 2777 1163 sacerdotali
2815 1109 3072 1178 dignitate
3110 1109 3454 1162 concertatio.
3498 1108 3560 1162 lli
3605 1123 3744 1161 vero

2159 1215 2263 1254 non
2292 1201 2492 1271 lepram
2518 1201 2758 1270 corporis
2778 1245 2791 1266 ,
2823 1201 2918 1256 sed
2945 1200 3329 1255 immunditiam
3361 1201 3553 1253 anima:
3582 1241 3597 1263 ,
3631 1215 3744 1253 non

2158 1303 2428 1364 purgatam
2457 1294 2733 1363 probandi,
2765 1297 2856 1348 sed
2890 1310 3105 1364 prorsus
3129 1293 3381 1364 purgandi
3414 1303 3743 1362 potestatem

2157 1395 2506 1457 acceperunt;
2541 1388 2611 1440 ita
2636 1395 2695 1441 ut
2718 1387 2806 1457 qui
2837 1388 2980 1455 ipsos
3009 1394 3356 1441 contemnunt
3382 1426 3396 1449 ,
3429 1385 3587 1454 longe
3616 1400 3746 1440 scc-

2157 1477 2432 1550 leratiores
2475 1485 2531 1532 et
2577 1479 2818 1547 graviore
2858 1477 3119 1546 supplicio
3158 1474 3431 1544 digniores
3472 1477 3580 1530 sint
3624 1476 3746 1541 ipso

2159 1567 2360 1621 Dathan
2387 1575 2441 1622 ct
2465 1568 2624 1622 sociis
2647 1567 2762 1636 ejus
2787 1567 2971 1637 (Num.
3005 1569 3113 1638 16).
3149 1567 3223 1621 Illi
3253 1567 3422 1633 enim,
3455 1568 3556 1620 etsi
3593 1567 3748 1640 prin-

2155 1657 2384 1726 cipatum
2407 1657 2472 1711 ad
2500 1672 2681 1712 senon
2712 1668 3038 1728 spectantem
3067 1658 3166 1713 sibi
3191 1657 3554 1724 vindicarent,
3597 1667 3745 1712 alta;

2157 1761 2279 1802 men
2325 1749 2512 1802 miram
2551 1749 2833 1818 quamdam
2860 1749 2928 1803 de
2969 1749 3058 1803 illo
3100 1749 3403 1818 opinionem
3447 1748 3743 1814 habebant,

2157 1847 2215 1893 ut
2237 1853 2306 1893 ex
2325 1853 2517 1910 magno
2542 1841 2681 1894 illius
2703 1840 2965 1895 desiderio
2987 1841 3158 1910 palam
3185 1839 3447 1898 iaciebant
3472 1857 3484 1893 :
3513 1839 3566 1893 hi
3585 1855 3744 1907 vero,

2158 1938 2436 1999 postquam
2477 1929 2832 1984 sacerdotium
2873 1940 3148 1998 tanmpcre
3186 1937 3430 1988 ornatum
3460 1939 3569 1992 est,
3624 1939 3746 1983 tan-

2159 2027 2377 2090 tumque
2413 2021 2615 2090 accepit
2650 2021 3032 2076 incrementum
3057 2063 3072 2087 ,
3105 2029 3290 2075 contra
3315 2035 3471 2090 quam
3502 2021 3612 2087 illi,
3643 2020 3744 2075 sed

2160 2118 2334 2166 tamen
2362 2112 2517 2182 longe
2545 2112 2785 2182 graviora
2821 2113 2935 2167 ausi
2965 2123 3106 2167 sunt.
3155 2112 3336 2182 Neque
3361 2113 3501 2169 enim
3529 2128 3627 2184 par
3655 2125 3744 2167 est

2157 2211 2516 2271 contemptus,
2543 2219 2648 2258 non
2680 2214 3064 2274 competentem
3093 2205 3192 2259 sibi
3229 2204 3482 2276 honorem
3509 2205 3739 2270 ambire,

2156 2299 2213 2346 et
2240 2299 2382 2346 tanta
2409 2293 2545 2346 bona
2590 2292 2894 2361 despicere;
2946 2293 3038 2348 sed
3083 2302 3227 2348 tanto
3265 2293 3478 2364 gravius
3508 2293 3606 2347 hoc
3639 2294 3736 2348 illo

2157 2390 2277 2444 est,
2322 2391 2575 2451 quantum
2618 2393 2700 2437 est
2749 2383 2887 2438 inter
2929 2382 3196 2439 fastidium
3233 2393 3287 2439 et
3329 2384 3738 2439 admirationem

2158 2471 2508 2526 intervallum.
2553 2472 2681 2539 Quis
2707 2473 2779 2528 ita
2805 2473 2971 2529 miser
2992 2473 3168 2538 fuerit,
3202 2482 3259 2528 ut
3287 2482 3364 2528 tot
3388 2473 3530 2529 bona
3551 2473 3740 2544 chpi-

2155 2561 2259 2616 ciat
2277 2563 2303 2616 ’ἔ
2350 2561 2629 2618 Neminem
2657 2563 2880 2617 dixerim
2905 2604 2920 2628 ,
2957 2563 3053 2616 nisi
3081 2564 3200 2633 quis
3229 2564 3488 2618 diabolico
3517 2564 3741 2619 stimulo

2157 2651 2469 2706 concitetur.
2522 2652 2720 2708 Verum
2767 2668 2832 2708 eo
2869 2653 2979 2723 jam
3025 2653 3241 2719 redibo,
3291 2653 3430 2708 unde
3465 2653 3739 2724 digressus

2156 2760 2273 2798 sum
2303 2763 2318 2798 :
2345 2761 2513 2816 neque
2540 2747 2681 2802 enim
2725 2746 2778 2801 in
2809 2747 3074 2817 puniendo
3100 2747 3312 2815 solum,
3353 2745 3444 2802 sed
3484 2749 3645 2802 etiam
3679 2749 3734 2802 in

2157 2835 2534 2891 benefaciendo
2560 2838 2814 2906 majorem
2842 2837 3204 2892 sacerdotibus
3233 2853 3386 2910 quam
3417 2839 3731 2906 parentibus

2156 2934 2471 2994 potestatem
2496 2926 2643 2981 dedit
2673 2927 2812 2981 Deus
2840 2943 2856 2981 :
2887 2937 3138 2998 tantaque
3174 2936 3256 2984 est
3293 2928 3431 2983 inter
3473 2939 3735 3000 utrosque

2155 3015 2470 3083 diﬂ‘erentia,
2499 3029 2693 3087 quanta
2715 3018 2855 3073 inter
2881 3028 3190 3088 przesentem
3216 3028 3269 3074 et
3287 3018 3516 3073 futuram
3545 3021 3731 3073 vitam.

2153 3106 2286 3161 Nam
2307 3107 2378 3162 illi
2407 3108 2621 3178 quidem
2643 3109 2696 3163 in
2719 3108 2753 3163 h
2771 3125 2854 3164 inc
2870 3111 3049 3176 vitam,
3075 3111 3125 3164 hi
3153 3110 3204 3164 in
3226 3108 3450 3164 futuram
3468 3112 3692 3181 gignunt
3715 3129 3730 3164 :

2153 3207 2312 3269 atque
2341 3198 2414 3254 illi
2449 3214 2516 3255 ne
2554 3200 2882 3270 corporalem
2924 3201 3135 3271 quidem
3179 3201 3448 3256 interitum
3474 3221 3503 3254 ει
3546 3202 3733 3259 liberis

2153 3293 2360 3348 amoliri
2409 3303 2668 3363 possunt,
2719 3309 2825 3348 non
2874 3294 3202 3365 ingruentem
3252 3295 3495 3350 morbum
3549 3294 3734 3366 depel-

2154 3384 2294 3448 lere;
2351 3384 2404 3438 hi
2449 3399 2578 3439 vero
2616 3399 2810 3455 :rgram
2854 3393 2908 3440 et
2954 3401 3077 3440 mox
3124 3385 3452 3440 interituram
3491 3387 3726 3441 animum

2152 3489 2295 3544 stupe
2321 3483 2618 3539 servarunt,
2653 3475 2770 3529 aliis
2796 3475 3154 3530 remissiorem
3182 3490 3390 3545 poenam
3419 3476 3725 3541 reddentes,

2152 3567 2284 3622 alios
2310 3581 2524 3636 prorsus
2564 3567 2664 3621 labi
2695 3581 2799 3620 non
2841 3567 3111 3631 sitientes;
3155 3567 3312 3636 idque
3340 3582 3442 3622 non
3472 3567 3730 3622 doctrinm

2153 3667 2356 3715 tantum
2383 3668 2541 3730 atque
2565 3660 2932 3726 monitionum,
2960 3658 3053 3714 sed
3073 3660 3232 3715 etiam
3256 3659 3550 3713 orationum
3577 3661 3735 3714 ausi-

2153 3750 2243 3804 lio.
2294 3749 2474 3820 Neque
2520 3751 2660 3804 enim
2710 3759 2912 3804 tantum
2951 3764 3069 3803 eum
3113 3765 3211 3805 nos
3256 3759 3602 3819 regenerant,
3631 3749 3728 3804 sed

2152 3841 2311 3896 etiam
2332 3848 2452 3909 post
2471 3840 2925 3910 regenerationem
2941 3840 3169 3894 admissa
3191 3851 3403 3909 peccata
3420 3839 3729 3894 condonare

2153 3939 2394 4002 possunt.
2421 3929 2552 3984 Nam
2584 3929 2916 3999 lnﬁrmatur,
2949 3931 3150 4002 inquit,
3189 3931 3300 4001 quis
3329 3931 3380 3984 in
3409 3930 3584 3983 vobis?
3623 3931 3726 3983 ad-

2150 4031 2285 4075 vocet
2313 4020 2624 4091 presbyteros
2651 4020 2891 4075 Ecclesia:
2908 4063 2923 4088 ,
2952 4029 2998 4076 et
3023 4029 3166 4076 orent
3193 4037 3345 4090 super
3370 4037 3429 4074 eo
3445 4060 3459 4082 ,
3483 4031 3727 4091 augentes

2150 4128 2263 4166 eum
2302 4112 2411 4166 oleo
2447 4112 2500 4165 in
2535 4093 2733 4165 nomine
2761 4110 2985 4165 Domini.
3040 4111 3107 4165 Et
3149 4113 3308 4166 oratio
3353 4111 3472 4180 ﬁdei
3513 4112 3729 4164 saluabit

2148 4209 2404 4278 infirmum
2433 4223 2452 4263 :
2478 4217 2526 4263 et
2550 4209 2780 4267 excitabit
2813 4224 2925 4261 eum
2955 4206 3204 4260 Dominus
3231 4221 3250 4260 :
3273 4215 3320 4258 et
3345 4207 3389 4260 si
3424 4214 3623 4274 peccata
3652 4208 3731 4276 fe-

2149 4300 2669 4361 cnit,remittenturei
2695 4297 2832 4371 (Jac.
2864 4299 2916 4354 5.
2949 4300 3033 4354 14.
3064 4298 3176 4368 15).
3209 4299 3427 4367 insuper
3451 4298 3726 4351 naturales

2150 4399 2434 4460 parentes,
2487 4391 2532 4445 si
2580 4391 2724 4445 viros
2774 4390 3030 4460 quosdam
3078 4389 3342 4460 principes
3384 4395 3728 4460 et,potentes

2147 4495 2333 4536 eorum
2378 4481 2525 4534 liberi
2565 4479 2918 4542 oll'enderint,
2969 4495 3123 4549 opem
3156 4480 3284 4549 ipsis
3309 4479 3502 4532 nullam
3528 4477 3728 4531 all'erie

2149 4582 2386 4641 possunt.
2415 4572 2726 4627 Sacerdotes
2768 4587 2898 4626 vero
2937 4586 3042 4624 non
3073 4570 3332 4640 principes
3357 4611 3371 4634 ,
3405 4585 3506 4622 non
3545 4582 3724 4638 reges,

2147 4664 2241 4718 sed
2291 4665 2460 4734 ipsum
2507 4665 2674 4719 Deum
2726 4665 2915 4718 iratum
2959 4663 3064 4718 illis
3105 4677 3247 4732 saepe
3290 4661 3722 4716 reconciliarunt.

2147 4758 2228 4809 An
2269 4767 2448 4825 postea
2501 4757 2759 4826 quispiam
2805 4757 2944 4810 ausit
2987 4770 3085 4810 nos
3125 4753 3388 4824 superbiae
3424 4752 3726 4807 accusare?

2149 4845 2261 4915 Ego
2286 4846 2426 4900 enim
2456 4861 2518 4901 ex
2545 4845 2652 4916 jam
2681 4846 2836 4901 dictis
2881 4855 3080 4900 tantam
3124 4853 3249 4914 puto
3290 4843 3594 4911 religionem
3619 4856 3720 4895 an-

2145 4936 2376 4991 ditorum
2404 4938 2606 4993 animos
2628 4952 2917 5008 occupasse
2937 4977 2952 5004 ,
2987 4947 3044 4990 ut
3073 4952 3176 4990 non
3207 4936 3339 4989 ultra
3362 4949 3482 5002 eos,
3510 4933 3599 5004 qui
3631 4933 3722 4988 fu-

2145 5031 2297 5099 giunt
2317 5070 2330 5092 ,
2363 5029 2455 5082 sed
2485 5044 2579 5084 eos
2600 5029 2687 5100 qui
2730 5039 2917 5098 suopte
2947 5037 3091 5082 mutu
3118 5027 3407 5090 accedunt,
3437 5037 3491 5081 et
3515 5035 3719 5079 tantum

2145 5121 2243 5176 sibi
2287 5121 2526 5176 ambiunt
2571 5121 2860 5184 honorem,
2906 5117 3218 5188 arrogantia:
3261 5128 3314 5170 et
3351 5115 3585 5170 audacia:
3621 5115 3721 5168 da-

2145 5221 2345 5268 mnent.
2389 5213 2520 5268 Nam
2549 5212 2594 5267 si
2625 5212 2657 5266 ii
2696 5212 2887 5282 quibus
2919 5211 3190 5265 civitatum
3220 5207 3559 5278 magistratus
3585 5222 3716 5260 cou-

2143 5305 2329 5360 crcditi
2373 5313 2530 5371 sunt,
2574 5301 3000 5358 nisi'admodum
3041 5301 3327 5371 prudentes
3352 5315 3414 5355 ac
3443 5300 3719 5370 vigilantes

2143 5395 2336 5450 fuerint
2357 5437 2371 5460 ,
2412 5409 2554 5464 sa‘pe
2581 5393 2959 5463 rempublicam
2987 5394 3296 5461 seipsosque
3325 5392 3479 5446 simul
3507 5391 3558 5444 in
3592 5405 3716 5459 per-

2145 5488 2335 5541 niciem
2384 5487 2684 5552 dederunt,
2734 5488 2821 5556 qui
2871 5485 3066 5540 Christi
3123 5499 3372 5554 sponsam
3422 5485 3713 5539 ornandam

2144 5580 2393 5648 suscipit,
2421 5589 2616 5650 quanta
2648 5579 2739 5633 tibi
2769 5578 2971 5633 videtur
3001 5586 3261 5648 potestate
3291 5576 3524 5646 indigere
3548 5618 3565 5640 ,
3607 5587 3716 5631 tum

2142 5686 2257 5736 sua,
2289 5680 2398 5724 tum
2429 5685 2655 5738 superne
2684 5671 2802 5724 data
2831 5680 2888 5724 ut
2915 5686 3018 5724 non
3047 5671 3271 5739 peccet?

2215 5764 2267 5816 ⁸1.
2303 5762 2478 5833 Ipsum
2509 5765 2656 5818 ctiam
2690 5762 2906 5817 Paulum
2936 5762 3233 5834 formidasse
3265 5761 3619 5817 sacerdotium.
3652 5791 3717 5804 ~—
