3864 6236
357 289 466 344 6ιὸ

425 415 489 471 ς’.
524 405 710 468 Οὐδεὶς
740 405 938 476 μᾶλλον
970 404 1182 458 Παύλου
1215 406 1304 460 τὸν
1338 407 1571 479 Χριστὸν
1603 411 1914 482 ἠγάπησεν,
1937 413 2026 466 οὐ-

349 495 461 560 δεὶς
496 494 716 565 μείζονα
741 494 946 546 ἐκείνου
975 492 1206 564 σπουδὴν
1228 494 1562 561 ἐπεδείξατο,
1585 497 1761 560 οὐδεὶς
1787 499 2028 563 πλείονος

351 582 557 654 ἠξιώθη
615 585 857 654 χάριτοςο
889 581 1001 635 ἀλλ’
1031 583 1181 652 ὅμως
1211 584 1350 653 μετά
1400 584 1642 638 τοσαῦτα
1702 587 2030 654 πλεονεκτή-

355 690 500 742 ματα
524 673 762 726 δέδοικεν
791 671 870 724 ἔτι
898 673 992 724 καὶ
1020 670 1214 742 τρέμει
1239 672 1367 742 περὶ
1383 672 1589 744 ταύτης
1615 675 1719 745 τῆς
1736 676 1912 746 ἀρχῆς
1937 678 2031 728 καὶ

352 760 461 813 τῶν
494 759 814 831 ἀρχομένων
861 760 952 813 ὐπ’
1000 760 1186 813 αὐτοῦ.
1222 760 1522 828 Φοϐοῦμαι
1589 761 1718 832 γάρ,
1761 764 1917 833 φησι,
1945 763 2029 833 μή

354 861 498 914 πως,
527 847 609 914 ὡς
637 848 670 901 ὀ
697 847 832 916 ὄφις
858 847 1026 902 Εὔαν
1051 846 1441 916 ἐξηπάτησεν
1487 847 1556 901 ἐν
1596 847 1673 916 τῇ
1699 852 2034 920 πανουργίᾳ

353 935 560 1000 αὑτοῦ,
587 934 743 989 οὕτω
769 933 969 1004 φθαρῇ
995 933 1066 988 τὰ
1093 934 1364 1005 νοήματα
1386 935 1552 1005 ὑμῶν
1575 936 1692 990 ἀπὸ
1716 937 1827 1006 τῆς
1848 939 2035 993 ἁπλό-

353 1042 530 1092 τητος
562 1023 674 1093 τῆς
697 1026 786 1090 είς
808 1026 915 1077 τὸν
951 1025 1226 1092 Χριστόν·
1260 1025 1355 1078 καὶ
1395 1025 1580 1090 πάλιν,
1619 1027 1715 1079 Ἐν
1743 1029 1904 1095 φόϐῳ
1934 1028 2032 1080 καὶ

353 1115 424 1167 ἐν
449 1114 645 1183 τρόμῳ
672 1111 884 1177 πολλῷ
909 1113 1205 1183 ἐγενόμην
1232 1115 1384 1182 πρὸς
1421 1113 1596 1185 ὑμᾶς’
1637 1115 1921 1188 ἄνθρωπος
1955 1118 2036 1180 εἰς

355 1202 537 1272 τρίτον
569 1201 847 1273 ἀρπαγεὶς
878 1201 1126 1270 οὐρανὸν,
1175 1202 1270 1254 καὶ
1322 1202 1650 1274 ἀπορρήτων
1701 1204 2036 1274 κοινωνήσας

354 1286 477 1356 Θεῷ
505 1297 548 1349 ⁸,
591 1287 687 1340 καὶ
714 1283 1001 1348 τοσούτους
1055 1285 1356 1356 ὑπομείνας
1409 1285 1691 1351 θανάτους,
1734 1288 1862 1351 ὅσας
1899 1287 2035 1356 μετά

355 1377 420 1430 τὸ
444 1375 731 1430 πιστεῦσαι
762 1374 954 1445 ἔζησεν
977 1373 1209 1446 ἡμέρας·
1234 1375 1520 1446 ἄνθρωπος
1563 1376 1695 1448 μηδέ
1725 1379 1790 1446 τῇ
1821 1375 2037 1449 δοθείσῃ

359 1463 512 1533 παρὰ
561 1462 657 1516 τοῦ
696 1461 934 1534 Χριστοῦ
983 1461 1291 1534 χρήσασθαι
1349 1462 1571 1534 ἐξουσίᾳ
1615 1463 1917 1533 βουληθεὶς,
1944 1465 2038 1518 ἵνα

360 1552 438 1622 μή
468 1569 550 1615 τις
572 1550 682 1604 τῶν
727 1551 1134 1604 πιστευσάντων
1173 1550 1557 1626 σκανδαλισθῇ.
1615 1551 1676 1604 Εἰ
1710 1551 1890 1604 τοίνυν
1916 1553 1944 1605 6
1968 1551 2037 1604 τά

358 1640 761 1710 προστάγματα
793 1639 1133 1710 ὑπερϐαίνων
1174 1639 1268 1692 τοῦ
1301 1638 1435 1691 Θεοῦ
1477 1639 1528 1703 b,
1566 1637 1663 1692 καὶ
1697 1637 1946 1710 μηδαμοῦ
1976 1638 2037 1692 τὸ

358 1727 553 1782 ἐαυτοῦ
586 1728 786 1800 ζητῶν,
819 1728 954 1782 ἀλλά
981 1728 1042 1780 τὸ
1077 1727 1187 1781 τῶν
1213 1727 1556 1798 ἀρχομένων,
1594 1727 1766 1791 οὓτως
1797 1726 2038 1798 ἔμφοϐος

356 1813 425 1888 ἦν
456 1818 564 1880 ἀεὶ,
590 1817 727 1888 πρὸς
763 1815 822 1870 τὸ
857 1817 957 1888 τῆς
1003 1815 1176 1887 ἀρχῆς
1209 1814 1440 1886 μέγεθος
1485 1815 1730 1887 ἀφορῶν,
1760 1815 1811 1868 τί
1864 1814 2038 1868 πεισό·

362 1906 502 1976 μεθα
524 1895 686 1976 ἡμεῖς
733 1906 782 1959 οἱ
822 1903 1090 1975 πολλαχοῦ
1134 1907 1205 1958 τά
1254 1902 1458 1956 ἑαυτῶν
1498 1903 1808 1975 ζητοῦντες,
1838 1904 1887 1956 οἱ
1939 1903 2037 1968 τὰς

359 1994 580 2058 ἐντολάς
616 1993 710 2048 τοῦ
743 1992 981 2065 Χριστοῦ
1008 1993 1069 2046 οὐ
1099 1992 1258 2063 μόνον
1303 1992 1402 2062 οὐχ
1430 1992 1871 2064 ὑπερϐαίνοντες,
1903 1991 2040 2046 ἀλλά

362 2084 455 2135 καὶ
491 2087 554 2136 ἐκ
599 2081 844 2146 πλείονος
892 2079 1322 2152 παραϐαίνοντες
1375 2078 1598 2151 μοίραςς
1636 2081 1730 2146 Τίς
1759 2079 2036 2144 ἀσθενεῖ,

362 2172 519 2242 φησὶ,
544 2171 642 2225 καὶ
690 2171 802 2225 οὐκ
843 2167 1115 2234 ἀσθενῶ;
1151 2169 1243 2234 τίς
1273 2167 1750 2234 σκανδαλίζεται,
1797 2168 1895 2220 καὶ
1927 2171 2040 2221 οὐκ

363 2259 479 2330 ἐγὼ
508 2259 849 2328 πυροῦμαι;
876 2257 1116 2311 τοιοῦτον
1138 2255 1276 2311 εἶναι
1305 2256 1387 2310 δεῖ
1425 2257 1518 2310 τὸν
1553 2257 1721 2328 ἱερέα,
1759 2255 1956 2327 μᾶλλον
1983 2255 2040 2309 δέ

363 2347 425 2401 οὐ
452 2347 692 2401 τοιοῦτον
724 2346 900 2418 μόνον’
937 2346 1108 2416 μικρά
1137 2345 1244 2415 γὰρ
1269 2343 1442 2398 ταῦτα
1490 2345 1583 2398 καὶ
1621 2345 1682 2397 τὸ
1715 2343 1880 2416 μηδὲν
1905 2344 2040 2415 πρὸς

365 2437 395 2491 ὃ
429 2437 607 2508 μέλλω
628 2421 640 2433 ’
661 2435 864 2505 λέγειν.
893 2434 958 2486 Τί
995 2434 1051 2488 δέ
1081 2433 1240 2486 τοῦτό
1268 2435 1448 2498 ἐστιν;
1484 2435 1793 2503 Ηύχόμην,
1840 2435 2003 2504 φησὶν
2023 2475 2038 2499 ,

365 2525 636 2594 ἀνάθεμα
657 2519 811 2577 εἶναι
837 2521 955 2576 ἀπὸ
987 2521 1093 2576 τοῦ
1117 2521 1375 2591 Χριστοῦ
1421 2523 1574 2591 ὑπὲρ
1609 2523 1726 2577 τῶν
1763 2520 2043 2590 ἀδελφῶν

363 2630 481 2684 μου
509 2613 626 2666 τῶν
658 2609 978 2682 συγγενῶν
1003 2629 1122 2680 μου
1150 2609 1267 2664 τῶν
1297 2611 1446 2681 κατὰ
1486 2611 1702 2681 σάρκα.
1731 2610 1799 2663 Εἴ
1822 2627 1905 2672 τις
1951 2609 2042 2662 δύ-

366 2720 525 2758 ναται
551 2701 755 2773 ταύτην
788 2700 1006 2770 ἀφιέναι
1034 2699 1132 2770 τὴν
1164 2699 1368 2770 φωνὴν,
1411 2699 1463 2752 εἴ
1490 2717 1573 2763 τις
1601 2698 1712 2770 ἔχει
1738 2699 1836 2770 τήν
1865 2696 2042 2768 ψυχήν

365 2789 572 2862 ταύτης
601 2789 998 2860 ἐφικνουμένην
1025 2791 1124 2859 τῆς
1153 2787 1342 2858 εὐχῆς,
1369 2787 1717 2858 ἐγκαλεῖσθαι
1743 2787 1949 2850 δίκαιος
1977 2788 2044 2840 ἂν

367 2879 454 2952 εἴη
491 2877 726 2949 φεύγων·
770 2877 818 2930 εί
856 2877 914 2930 δέ
943 2893 1029 2939 τις
1081 2875 1300 2928 ἀποδέοι
1331 2876 1430 2947 τῆς
1483 2875 1686 2946 ἀρετῆς
1712 2876 1927 2946 ἐκείνης
1953 2893 2042 2929 το-

371 2968 582 3030 σοῦτον,
609 2968 732 3021 ὅσον
774 2967 954 3036 ἡμεῖς,
983 2964 1081 3034 οὐχ
1109 2964 1236 3017 ὅταν
1276 2963 1475 3038 φεύγῃ,
1525 2963 1639 3016 ἀλλ’
1665 2964 1792 3016 ὅταν
1819 2963 2043 3034 δέχηται

371 3056 649 3130 μισεῖσθαι
673 3051 900 3116 δίκαιος.
939 3052 1074 3106 Οὐδὲ
1106 3052 1237 3124 γάρ,
1265 3053 1313 3104 εί
1347 3051 1742 3122 στρατιωτικῆς
1771 3050 1930 3116 ἀξίας
1957 3051 2043 3104 αἴ-

375 3161 522 3216 ρεσις
553 3141 866 3215 προῦκειτο,
887 3137 1006 3195 εἷτα
1026 3139 1386 3210 χαλκοτύπον,
1421 3140 1453 3212 ἢ
1484 3140 1836 3211 σκυτοτόμον,
1865 3139 1900 3210 ή
1925 3157 2045 3194 τινα

371 3231 480 3285 τῶν
506 3230 762 3283 τοιούτων
791 3228 1139 3299 δημιουργῶν
1179 3227 1504 3289 ἑλκύσαντες
1563 3227 1642 3288 είς
1686 3225 1747 3278 τὸ
1803 3227 1966 3296 μέσον
1996 3227 2045 3279 οἱ

371 3319 554 3373 δοῦναι
587 3317 768 3390 κύριοι
795 3316 894 3388 τὴν
917 3315 1084 3387 τιμὴν
1105 3355 1120 3379 ,
1164 3315 1490 3386 ἐνεχείριζον
1517 3313 1612 3366 τὸν
1642 3312 1872 3385 στρατὸν
1897 3355 1910 3378 ,
1943 3315 2043 3366 ἐπ-

371 3410 543 3480 ῄνεσα
565 3417 588 3446 ο
626 3406 693 3460 ἀν
731 3405 822 3458 τὸν
847 3404 1078 3458 δείλαιον
1104 3405 1308 3458 ἐκεῖνον
1341 3403 1400 3455 οὐ
1420 3400 1705 3470 φεύγοντα,
1742 3401 1836 3454 καὶ
1870 3401 2048 3455 πάντα
2110 3412 2114 3417 ’

375 3497 631 3550 ποιοῦντα
663 3489 805 3547 ὥστε
843 3494 918 3564 μὴ
949 3495 1028 3556 είς
1055 3487 1329 3562 προῦπτον
1352 3488 1542 3542 ἑαυτὸν
1568 3488 1826 3560 ἐμϐαλεῖν
1857 3489 2045 3544 κακόν.

375 3585 439 3639 El
473 3584 570 3656 μὲν
591 3583 700 3654 γάρ
719 3581 905 3644 ἁπλῶς
937 3581 997 3633 τὸ
1025 3579 1290 3652 κληθῆναι
1331 3577 1569 3648 ποιμένα
1595 3577 1690 3630 καί⁷
1739 3577 2050 3648 μεταχειρί-

377 3689 468 3725 σαι
488 3671 549 3725 τὸ
579 3671 812 3742 πρᾶγμα
837 3668 913 3732 ὡς
941 3667 1128 3737 ἔτυχεν
1153 3665 1303 3738 [586]
1339 3667 1519 3737 ἀρκεῖ,
1552 3665 1648 3718 καὶ
1687 3664 1931 3728 κίνδυνος
1957 3665 2049 3717 ού-

375 3753 505 3819 δεὶς,
568 3753 870 3824 ἐγκαλείτω
926 3750 1234 3815 κενοδοξίας
1281 3751 1413 3821 ήμῖν
1469 3751 1498 3802 6
1537 3747 1878 3820 βουλόμενοςο
1911 3749 1960 3800 εί
1993 3748 2050 3801 δέ

377 3843 578 3916 πολλὴν
613 3843 710 3915 μὲν
771 3842 1008 3904 σύνεσιν,
1039 3839 1242 3910 πολλὴν
1276 3837 1333 3892 δὲ
1362 3837 1468 3910 πρὸ
1521 3838 1622 3905 τῆς
1653 3837 1924 3900 συνέσεως
1951 3837 2051 3906 τὴν

377 3935 530 4005 παρὰ
553 3931 648 3986 τοῦ
673 3930 810 3985 Θεοῦ
835 3931 1016 4002 χάριν,
1051 3929 1146 3982 καὶ
1179 3926 1397 3998 τρόπων
1425 3926 1715 3998 ὀρθότητα,
1756 3926 1849 3978 καὶ
1880 3924 2053 3978 καθα-

381 4023 581 4095 ρότητα
623 4020 760 4090 βίου,
808 4019 904 4072 καὶ
941 4017 1162 4087 μείζονα
1204 4015 1238 4086 ἢ
1283 4013 1426 4068 κατά
1459 4014 1747 4085 ἄνθρωπον
1779 4013 1923 4085 ἐχειν
1973 4013 2054 4066 δεῖ

377 4111 476 4183 τὴν
504 4108 728 4180 ἀρετὴν,
759 4106 852 4160 τὸν
877 4105 1081 4176 ταύτην
1120 4103 1512 4173 ἀναδεχόμενον
1538 4102 1638 4174 τὴν
1672 4102 1952 4174 φροντίδα,
1979 4103 2052 4175 μή

385 4217 453 4270 με
482 4195 864 4268 ἀποστερήσῃς
909 4191 1260 4263 συγγνώμης,
1293 4191 1468 4262 μάτην
1502 4189 1802 4244 ἀπολέσθαι
1832 4190 1908 4262 μὴ
1931 4189 2053 4260 βου-

379 4287 607 4359 λόμενον
647 4284 742 4338 καὶ
790 4284 932 4353 είκῆ.
966 4280 1076 4335 Καὶ
1123 4279 1232 4350 γὰρ
1261 4278 1308 4332 εί
1349 4279 1697 4350 μυριάγωγόν
1739 4297 1822 4342 τις
1850 4278 2054 4333 ὁλκάδα

381 4375 552 4444 ἄγων,
588 4369 1029 4443 πεπληρωμένην
1074 4367 1299 4440 ἐρετῶν,
1348 4369 1443 4420 καὶ
1497 4367 1732 4438 φορτίων
1775 4368 2054 4438 γέμουσαν

385 4461 714 4522 πολυτελῶν,
751 4457 872 4515 εἶτα
903 4459 997 4513 ἐπὶ
1046 4457 1156 4512 τῶν
1195 4459 1398 4511 οἰάκων
1454 4455 1685 4520 καθίσας
1730 4455 1948 4510 ἐκέλευέ
1986 4475 2053 4528 με

385 4553 559 4624 περᾷν
583 4549 645 4603 τὸ
674 4549 900 4617 Αἰγαῖον
920 4548 954 4618 ἢ
981 4546 1040 4601 τὸ
1068 4545 1406 4617 Τυρρηνικὸν
1439 4543 1696 4612 πέλαγος,
1733 4544 1798 4597 ἐκ
1832 4542 2058 4615 πρώτης

383 4639 449 4693 ἂν
488 4636 817 4708 ἀπεπήδησα
853 4635 951 4705 τῆς
1002 4634 1211 4704 φωνῆςσ·
1259 4633 1352 4685 καὶ
1389 4632 1444 4685 εἴ
1489 4649 1573 4695 τις
1624 4630 1807 4702 ἤρετο,
1844 4630 1934 4685 διά
1964 4632 2054 4696 τί;

385 4729 504 4781 Ἵνα
528 4727 603 4797 μὴ
634 4723 922 4778 καταδύσω
959 4723 1020 4776 τὸ
1069 4721 1274 4785 πλοῖον,
1322 4718 1473 4774 εἷπον
1507 4721 1593 4775 ἀν.
1618 4716 1754 4773 Εἶτα
1794 4718 1924 4773 ἔνθα
1960 4720 2058 4791 μὲν

383 4818 463 4880 εἰς
491 4817 748 4887 χρήματα
779 4814 814 4886 ή
840 4811 1034 4884 ζημία,
1089 4810 1184 4864 καὶ
1216 4810 1244 4862 6
1273 4809 1514 4872 κίνδυνος
1549 4807 1862 4879 σωματικοῦ
1898 4808 2059 4879 μέχρι

384 4905 638 4966 θανάτου,
660 4903 837 4966 οὐδεὶς
869 4898 1154 4970 ἐγκαλέσει
1188 4898 1356 4970 πολλῇ
1402 4897 1767 4969 κεχρημένοις
1807 4896 2056 4969 προνοίᾳ·

383 4994 518 5048 ὅπου
540 4992 595 5046 δὲ
623 4995 735 5056 τοῖς
761 4988 1090 5059 ναυαγοῦσιν
1129 4989 1230 5042 οὐκ
1258 4990 1337 5051 είς
1365 4987 1424 5040 τὸ
1469 4986 1706 5055 πέλαγος
1729 4985 1911 5047 τοῦτο,
1943 4984 2060 5038 ἀλλ’

385 5083 464 5144 εἰς
498 5081 594 5152 τήν
624 5079 860 5135 ἄϐυσσον
890 5077 985 5132 τοῦ
1009 5075 1181 5147 πυρὸς
1203 5077 1488 5130 ἀπόκειται
1536 5077 1743 5140 πεσεῖν,
1767 5073 1864 5127 καὶ
1896 5074 2061 5128 θάνα-

381 5185 476 5231 1:0;
500 5169 696 5231 αὐτοὺς
723 5168 822 5238 οὐχ
852 5167 878 5219 6
924 5166 1021 5238 τὴν
1057 5165 1235 5236 ψυχὴν
1264 5162 1371 5217 ἀπὸ
1403 5162 1496 5216 τοῦ
1534 5162 1786 5236 σώματος
1811 5162 2058 5234 διαιρῐιν,

387 5255 503 5309 ἀλλ’
535 5256 564 5308 6
596 5254 798 5324 ταύτην
857 5254 972 5323 μετ’
1019 5253 1229 5304 ἐκείνου
1282 5252 1360 5314 εἰς
1412 5249 1634 5302 κόλασιν
1674 5249 2063 5321 παραπέμπων

389 5343 605 5396 αἰώνιον
630 5341 930 5412 ἐκδέχεται,
965 5341 1198 5394 ἐνταῦθα
1225 5340 1307 5393 ὅτι
1347 5339 1422 5410 μὴ
1450 5338 1737 5410 προπετῶς
1764 5340 1845 5401 εἰς
1876 5335 2065 5392 τοσοῦ-

387 5446 481 5484 τον
504 5428 729 5492 ἑαυτοὺς
763 5426 1067 5499 ἐρρίψαμεν
1094 5427 1284 5487 κακὸν,
1331 5425 1604 5497 ὀργιεῖσθε
1638 5427 1730 5478 καὶ
1766 5427 2061 5497 μισήσετε;

460 5525 526 5589 η’.
556 5518 669 5588 Μὴ,
689 5516 884 5587 δέομαι
909 5517 1004 5571 καὶ
1025 5515 1306 5570 ἀντιϐολῶ.
1325 5511 1457 5568 Οἶδα
1481 5515 1580 5586 τὴν
1603 5514 1837 5586 ἐμαυτοῦ
1864 5514 2063 5587 ψυχὴν,

454 5663 483 5692 ⁸
511 5659 603 5710 Alii
616 5658 763 5710 Θεοῦ.

452 5725 481 5764 b
508 5723 604 5787 Alii
627 5721 713 5787 τοῦ
735 5719 966 5787 Χριστοῦ.

405 5852 417 5863 ⁸
520 5785 691 5834 Morel.
743 5779 992 5847 ιάῄνεσαν.
1039 5783 1190 5832 δεγὶι.
1236 5787 1288 5830 et
1334 5781 1534 5841 quidam
1575 5793 1691 5833 mss.
1711 5780 1938 5846 ἐπῄνεσα»
1965 5779 2065 5832 Alii

398 5863 640 5910 επῃνεσας.

1144 289 1202 346 S.
1247 290 1532 347 JOANNIS
1568 291 2053 351 CIIRYSOSTOMI
2093 293 2414 350 ARCHIEP.
2452 292 3007 350 CONSTANTENOP.

3707 296 3810 352 686

2143 411 2240 482 τὴν
2261 410 2463 478 ἀσθενῆ
2485 411 2689 480 ταύτην
2725 410 2820 462 καὶ
2844 410 3066 480 μικράν⁹
3097 404 3216 464 οἶδα
3247 411 3346 479 τῆς
3367 408 3651 474 διακονίας
3677 412 3813 464 ἐκεί.

2140 516 2237 568 νης
2266 502 2324 551 τὸ
2367 497 2593 568 μέγεθος
2628 499 2722 551 καὶ
2762 497 2860 568 τὴν
2890 496 3090 568 πολλὴν
3132 497 3228 550 τοῦ
3259 496 3589 567 πράγματος
3623 498 3814 551 δυσκο-

2141 587 2278 641 λίαν.
2308 587 2535 639 Πλείονα
2553 585 2660 658 γάρ
2693 585 2800 638 τῶν
2826 583 2924 656 τὴν
2947 585 3217 639 θάλατταν
3240 585 3627 657 ταραττόντων
3652 604 3812 640 πνευ-

2145 676 2330 746 μάτων
2355 673 2382 712 ἀ
2413 671 2663 744 χειμάζει
2689 673 2912 743 κύματα
2931 673 3030 743 τὴν
3061 672 3155 726 τοῦ
3189 673 3491 744 ἱερωμένου
3523 673 3725 744 ψυχήν.

2213 762 2279 817 θ’.
2308 763 2418 817 Kal.
2457 762 2676 834 πρῶτον
2715 761 2970 816 ἁπάντων
2998 763 3026 814 6
3055 761 3354 825 δεινότατος
3384 762 3487 832 τῆς

2145 851 2425 915 σκόπελος,
2446 850 2825 922 χαλεπώτερος
2849 849 2924 904 ὢν
2956 844 3126 922 οὗπερ
3149 852 3198 903 οί
3241 850 3531 921 μυθοποιο“ι
3558 852 3819 921 τερατεύ-

2142 957 2292 993 ονται
2313 939 2422 992 τῶν
2445 940 2736 1010 Σειρήνων·
2757 937 2948 992 τοῦτον
2973 939 3083 1008 γὰρ
3103 938 3288 992 πολλοὶ
3321 939 3424 1009 μὲν
3454 940 3688 1008 ἴσχυσαν
3712 939 3822 990 δια-

2143 1028 2474 1090 πλεύσαντες
2507 1027 2788 1096 διαφυγεῖν
2817 1027 3040 1090 ἀσινεῖς·
3071 1026 3196 1097 ἐμοὶ
3224 1026 3281 1078 δὲ
3304 1025 3450 1078 οὕτω
3488 1025 3651 1078 τοῦτο
3677 1026 3826 1094 χαλεο

2143 1117 2267 1182 πὸν,
2296 1117 2372 1179 ὡς
2401 1115 2535 1187 μηδέ
2565 1115 2680 1180 νῦν,
2702 1116 2791 1168 ὅτε
2807 1115 3034 1186 οὐδεμία
3054 1115 3122 1186 μέ
3138 1133 3224 1178 τις
3244 1115 3458 1184 ἀνάγκη
3483 1114 3622 1184 πρὸς
3649 1115 3824 1166 ἐκεῖνο

2143 1205 2276 1258 ώθεῖ
2299 1206 2360 1258 τὸ
2389 1203 2682 1276 βάραθρον,
2715 1203 2976 1258 δύνασθαι
3015 1202 3340 1275 καθαρεύειν
3382 1202 3479 1255 τοῦ
3523 1201 3731 1256 ὰινοῦ.
3766 1203 3822 1254 Εἰ

2143 1294 2200 1347 δέ
2229 1294 2324 1347 καὶ
2349 1293 2447 1364 τὴν
2475 1293 2800 1346 ἐπιστασίαν
2827 1309 2910 1356 τις
2948 1290 3242 1363 ἐγχειρίζοι
3263 1289 3494 1360 ταύτην,
3538 1293 3823 1360 μονονουχὶ

2143 1382 2310 1453 δήσας
2334 1381 2508 1434 ὀπίσω
2537 1380 2614 1434 τὼ
2635 1383 2804 1451 χεῖρε,
2829 1378 3143 1452 παραδώσει
3167 1381 3278 1441 τοῖς
3306 1380 3364 1431 ἐν
3387 1377 3583 1447 ἐκείνῳ
3602 1377 3686 1445 τῷ
3707 1395 3824 1430 σκο-

2147 1469 2293 1540 πέλῳ
2310 1467 2623 1523 κατοικοῦσι
2651 1468 2860 1538 θηρίοις
2883 1466 3006 1520 καθ’
3027 1465 3265 1536 ἑκάστην
3283 1483 3350 1536 με
3369 1465 3712 1535 σπαράττειν
3729 1467 3823 1534 τὴν

2146 1558 2379 1629 ἡμέραν.
2415 1556 2548 1609 Τίνα
2571 1556 2627 1609 δέ
2660 1557 2775 1609 ἐστι
2803 1556 2870 1610 τά
2899 1553 3322 1626 θηρίαςιΘυμὸς,
3344 1552 3573 1622 ἀθυμία,
3609 1552 3818 1620 φθόνος,

2147 1647 2282 1718 ἔρις,
2319 1645 2582 1711 διαϐολαὶ,
2617 1646 2968 1716 κατηγορίαι,
2996 1641 3220 1713 ψεῦδος,
3250 1641 3820 1712 ὑπόκρισις,-ἐπι6ου-

2146 1734 2254 1796 λαὶ,
2279 1735 2440 1806 ὀργαὶ
2469 1732 2610 1786 κατὰ
2642 1744 2665 1770 ε
2708 1733 2815 1785 τῶν
2865 1731 3206 1802 ἠδικηκότων
3257 1729 3434 1791 οὐδέν,
3489 1729 3688 1799 ἡδοναὶ
3739 1732 3819 1782 ἐπὶ

2147 1827 2266 1888 ταῖς
2293 1822 2399 1876 τῶν
2430 1819 2884 1892 λειτουργούντων
2902 1816 3333 1889 ἀσχημοσύναις,
3359 1817 3561 1880 πένθος
3585 1818 3686 1869 ἐπὶ
3715 1821 3817 1878 ταῖς

2147 1911 2486 1982 εὐημερίαις,
2527 1908 2764 1961 ἐπαίνων
2819 1907 2978 1979 έρως,
3013 1905 3178 1976 τιμῆς
3231 1904 3397 1967 πόθος
3452 1903 3644 1974 (τοῦτο
3674 1905 3738 1975 δή
3768 1905 3817 1956 :6

2151 1999 2383 2071 μάλιστα
2405 1999 2622 2052 πάντων
2655 1996 2752 2067 τὴν
2786 1996 3131 2066 ἀνθρωπείαν
3164 1991 3561 2066 ἐκτραχηλίζον
3582 1994 3782 2062 ψυχὴν]
3802 2034 3814 2054 ,

2147 2090 2486 2144 διδασκαλίαι
2542 2088 2678 2160 πρὸς
2735 2088 2949 2158 ήδονὴν,
2986 2084 3329 2155 ἀνελεύθεροι
3381 2083 3694 2145 κολακεῖαι,
3728 2084 3816 2134 θω-

2149 2183 2299 2234 πεῖαι
2359 2181 2639 2248 ἀγεννεῖς,
2700 2177 3140 2248 καταφρονήσεις
3199 2174 3476 2244 πενήτων,
3537 2172 3815 2242 θεραπεῖαι

2149 2269 2442 2332 πλουσίων,
2477 2267 2752 2336 ἀλόγιστοι
2778 2265 2938 2336 τιμαὶ
2967 2265 3062 2318 καὶ
3095 2261 3428 2325 ἐπιϐλαϐεῖς,
3463 2261 3698 2332 χάριτες
3719 2263 3815 2312 κίν-

2148 2358 2300 2412 δυνον
2333 2356 2598 2426 φέρουσαι
2638 2355 2731 2408 καὶ
2767 2357 2878 2416 τοῖς
2926 2352 3227 2423 παρέχουσι
3255 2351 3490 2414 καὶτοῖς
3517 2351 3814 2421 δεχομένοις

2149 2447 2339 2511 αὐτάς,
2376 2445 2538 2514 φόϐος
2585 2441 2978 2515 δουλοπρεπὴς,
3031 2443 3124 2494 καὶ
3169 2444 3282 2504 τοῖς
3327 2440 3697 2510 φαυλοτάτοκ
3724 2440 3816 2491 τῶν

2149 2534 2495 2608 ἀνδραπόδων
2536 2535 2831 2606 προσήκων
2870 2531 3073 2602 μόνοις,
3132 2530 3450 2601 παρρησίας
3503 2530 3814 2598 ἀναίρεσις,

2149 2625 2648 2698 ταπεινοφροσύνης
2675 2625 2738 2678 τὸ
2773 2624 2874 2695 μὲν
2909 2624 3095 2694 σχῆμα
3127 2622 3286 2685 πολὺ,
3325 2623 3358 2693 ἡ
3389 2621 3626 2692 ἀλήθεια
3649 2621 3706 2674 δέ
3740 2621 3817 2671 ού-

2151 2721 2346 2792 δαμοῦ,
2380 2719 2589 2790 ἔλεγχοι
2631 2721 2689 2773 δέ
2747 2717 2992 2772 ἐκποδὼν
3048 2718 3144 2770 καὶ
3196 2716 3573 2786 ἐπιτιμήσεις,
3634 2713 3817 2785 μᾶλλον

2151 2811 2208 2864 δέ
2235 2808 2377 2864 κατὰ
2407 2810 2504 2880 μὲν
2526 2809 2634 2862 τῶν
2661 2807 2932 2862 ταπεινῶν
2966 2806 3061 2859 καὶ
3101 2805 3243 2876 πέρα
3279 2804 3374 2857 τοῦ
3401 2803 3633 2874 μέτρου,
3667 2804 3754 2854 ἐπὶ
3772 2801 3816 2852 δὲ

2152 2900 2262 2953 τῶν
2323 2898 2642 2953 δυναστείαν
2697 2895 3179 2968 περιϐεϐλημένων
3230 2894 3355 2947 οὐδέ
3403 2894 3597 2964 διᾶραί
3643 2910 3724 2954 τις
3762 2892 3817 2941 τὰ

2153 2989 2308 3061 χείλη
2329 2988 2521 3060 τολμᾷ.
2541 2985 2726 3041 Ταῦτα
2744 2985 2854 3056 γάρ
2875 2986 3118 3049 ἅπαντα,
3138 2985 3231 3038 καὶ
3256 2983 3325 3036 τά
3346 2981 3559 3036 τούτων
3588 2982 3816 3044 πλείονα,

2154 3081 2182 3131 6
2215 3077 2478 3141 σκόπελος
2498 3077 2706 3138 ἐκεῖνος
2728 3075 2918 3146 τρέφει
2941 3073 3126 3146 θηρία,
3158 3069 3240 3136 οἷς
3266 3073 3392 3134 τοὺς
3421 3070 3579 3134 ἀπαξ
3607 3070 3816 3130 ἁλόντας

2155 3167 2234 3230 είς
2262 3165 2511 3219 τοσοῦτον
2545 3165 2758 3236 ἀνάγκη
2789 3161 3222 3232 καθελκυσθῆναι
3250 3161 3520 3224 δουλείας,
3543 3160 3624 3222 ὡς
3647 3160 3735 3212 καὶ
3753 3159 3816 3218 si;

2156 3254 2429 3325 γυναικῶν
2463 3254 2757 3326 ἀρέσκειαν
2807 3252 3067 3324 πράττειν
3098 3250 3270 3303 πολλά
3309 3249 3602 3312 πολλάκις,
3636 3248 3672 3302 ἃ
3699 3247 3816 3318 μηδὲ

2157 3346 2329 3398 εἰπεῖν
2360 3342 2544 3396 καλόν.
2591 3343 2648 3395 '0
2697 3342 2794 3412 μὲν
2842 3341 2952 3412 γὰρ
2999 3340 3140 3403 θεῖος
3186 3338 3351 3410 νόμος
3405 3338 3586 3401 αὐτὰς
3637 3337 3816 3403 ταύτης

2158 3432 2354 3501 ἐξέωσε
2391 3433 2490 3503 τῆς
2521 3430 2880 3502 λειτουργίας,
2910 3427 3060 3502 [387]
3115 3429 3318 3481 ἐκεῖναι
3373 3427 3433 3479 δέ
3474 3426 3683 3490 ἐαυτάς
3711 3426 3816 3476 εἵσω

2159 3521 2328 3574 θεῖναι
2364 3518 2660 3590 βιάζονται.
2694 3519 2804 3573 Καὶ
2824 3519 3011 3588 ἐπειδὴ
3046 3517 3112 3570 δι’
3141 3517 3350 3570 ἐαυτῶν
3381 3513 3669 3586 ἰσχύουσιν
3701 3514 3717 3550 ί
3744 3513 3815 3563 66-

2158 3609 2267 3674 δὲν,
2294 3609 2360 3662 δι’
2387 3608 2589 3679 ἐτέρων
2626 3609 2842 3662 ᾶπαντα
2877 3607 3199 3678 πράττουσι·
3249 3605 3344 3658 καὶ
3381 3603 3816 3672 τοσαύτηνπερι-

2159 3707 2447 3777 ϐέϐληνται
2474 3704 2722 3776 δύναμιν,
2762 3705 2838 3768 ῶς
2891 3703 3000 3757 τῶν
3055 3704 3244 3776 ἱερέων
3291 3704 3386 3756 καὶ
3434 3703 3716 3773 ἐγκρίνειν
3745 3699 3818 3750 καὶ

2162 3799 2442 3853 ἐκϐάλλειν
2467 3799 2561 3863 οὓς
2587 3799 2652 3853 ἀν
2682 3797 2926 3852 ἐθέλωσι’
2976 3798 3069 3851 καὶ
3098 3796 3166 3850 τὰ
3193 3797 3306 3852 ἀνω
3359 3798 3540 3856 κάτω,
3583 3794 3738 3848 τοῦτο
3768 3789 3818 3860 δὴ

2159 3889 2345 3961 τὸτῆς
2405 3887 2703 3959 παροιμίας
2747 3887 3037 3957 λεγόμενον
3097 3885 3244 3938 ἐστιν
3297 3885 3425 3938 ἰδεῖν
3470 3885 3816 3956 γιγνόμενον,

2163 3979 2300 4042 Τοὺς
2339 3978 2604 4048 ἄρχοντας
2655 3975 2877 4045 ἄγουσιν
2909 3977 2957 4027 οί
2991 3973 3305 4045 ἀρχόμενοι·
3341 3973 3436 4026 καὶ
3466 3972 3589 4024 εἴθε
3623 3973 3721 4042 μὲν
3746 3971 3818 4023 ἇν-

2161 4066 2304 4138 δρες,
2335 4065 2449 4119 ἀλλ’
2480 4061 2567 4127 αἷς
2592 4063 2714 4116 οὐδέ
2741 4063 3012 4118 διδάσκειν
3041 4063 3460 4132 ἐπιτέτραπται.
3489 4061 3563 4120 Τί
3593 4062 3732 4129 λέγω
3758 4059 3818 4110 διο

2162 4157 2416 4219 δάσκειν;
2446 4153 2564 4206 οὐδέ
2597 4152 2776 4207 λαλεῖν
2809 4153 2906 4222 μὲν
2930 4147 3020 4205 οὖν
3051 4151 3238 4212 αὐταῖς
3267 4153 3324 4203 ἐν
3358 4151 3669 4221 Ἐκκλησία
3720 4165 3816 4200 συν-

2165 4247 2492 4318 εχώρησενό
2547 4245 2812 4316 μακάριος
2870 4243 3099 4307 Παῦλος.
3142 4241 3281 4310 Ἐγὼ
3326 4241 3382 4294 δέ
3431 4260 3586 4304 τινος
3639 4245 3815 4314 ἤκουσα

2163 4336 2430 4405 λέγοντος,
2452 4335 2533 4387 ὅτι
2556 4335 2650 4388 καὶ
2675 4332 2943 4402 τοσαύτης
2971 4333 3159 4395 αὐταῖς
3193 4331 3507 4402 μετέδωκαν
3562 4333 3588 4370 ε
3629 4333 3812 4401 παρῇ·

2168 4428 2308 4491 σίας,
2335 4426 2409 4490 ὼς
2440 4425 2533 4479 καὶ
2559 4425 2818 4495 ἐπιτιμᾷν
2849 4425 2960 4486 τοῖς
2989 4422 3096 4474 τῶν
3133 4421 3468 4491 Ἐκκλησιῶν
3511 4421 3810 4493 προεστῶτι,

2166 4520 2260 4572 καὶ
2288 4516 2664 4571 καθάπτεσθαι
2697 4515 3018 4587 πικρότερον
3053 4515 3293 4579 ἐκείνων,
3325 4514 3358 4585 ἦ
3391 4515 3505 4566 τῶν
3532 4515 3681 4568 ἰδίων
3699 4515 3811 4565 οἰκει-

2165 4609 2274 4663 τῶν
2294 4610 2341 4662 οί
2371 4607 2644 4661 δεσπόται.

2241 4705 2291 4751 ι’.
2320 4697 2429 4750 Καὶ
2461 4697 2534 4766 μή
2560 4696 2627 4766 μέ
2644 4711 2728 4758 τις
2747 4693 2940 4749 οἰέσθω
2973 4693 3180 4755 πάντας
3212 4693 3332 4756 ταῖς
3357 4693 3688 4763 εἰρημέναις
3714 4693 3812 4743 12:2»-

2169 4785 2385 4839 ϐάλλειν
2415 4783 2638 4846 αίτίαιςο
2671 4783 2779 4836 εἰσὶ
2821 4781 2950 4853 γὰρ,
2995 4782 3101 4834 εἰσὶ
3128 4781 3309 4833 πολλοὶ
3347 4781 3398 4832 οἱ
3434 4782 3650 4834 τούτων
3679 4781 3812 4848 ὐπερ·

2169 4873 2481 4946 ἐνεχθέντες
2504 4871 2612 4926 τῶν
2637 4870 2890 4933 δικτύων,
2917 4869 3134 4924 καὶτῶν
3164 4869 3402 4922 ἁλόντων
3427 4868 3670 4928 πλείους.

2169 4964 2290 5019 οὐδέ
2333 4963 2432 5034 τὴν
2479 4960 2777 5033 ἱερωσύνην
2817 4960 3122 5029 αέτιάσαιμι
3160 4959 3225 5012 ἂν
3252 4958 3462 5011 τούτων
3495 4959 3613 5011 τῶν
3641 4956 3814 5012 κακῶν.

2174 5054 2383 5124 μήποτε
2413 5050 2554 5104 οὕτω
2583 5049 2808 5120 μανείην
2835 5047 2976 5116 ἐγώί
3010 5045 3146 5100 Οὐτε
3202 5047 3310 5116 γάρ
3355 5046 3450 5099 τὸν
3479 5047 3700 5118 σίδηρον
3733 5043 3829 5100 am

2171 5142 2367 5212 φόνων,
2399 5138 2522 5193 οὐτε
2554 5139 2646 5192 τὸν
2685 5133 2824 5190 οἶνον
2856 5137 2956 5206 τῆς
2987 5135 3177 5206 μέθης,
3217 5133 3340 5187 οὐτε
3383 5134 3483 5205 τὴν
3517 5135 3706 5205 ῥώμην
3739 5130 3812 5198 τῆς

2172 5229 2403 5302 ὕϐρεως,
2452 5226 2576 5281 οὐτε
2623 5225 2718 5296 τὴν
2759 5223 3010 5295 ἀνδρείαν
3053 5223 3154 5292 τῆς
3197 5222 3391 5291 ἀλόγου
3434 5223 3668 5292 τόλμης,
3709 5217 3810 5273 ἀλλὰ

2171 5319 2297 5381 τοὺς
2324 5317 2423 5370 οὐκ
2447 5317 2526 5378 είς
2557 5315 2675 5368 δέον
2706 5313 3020 5384 χρωμένους
3055 5316 3175 5375 ταῖς
3209 5312 3360 5383 παρά
3388 5312 3486 5364 τοῦ
3524 5311 3663 5365 Θεοῦ
3705 5309 3825 5382 δεδιυ-Ξ

2175 5407 2364 5480 μέναις
2409 5405 2639 5476 δωρεαῖς
2673 5404 2912 5467 ἅπαντες
2957 5405 3005 5456 οί
3041 5402 3163 5456 νοῦν
3205 5401 3422 5472 ἔχοντες
3472 5403 3682 5460 αἰτίους
3705 5393 3806 5449 εἶναι

2173 5515 2306 5567 φασι
2344 5496 2438 5550 καὶ
2465 5493 2802 5560 κολάζουσιν.
2857 5493 3008 5547 Ἐπεὶ
3040 5493 3160 5564 ἦγε
3190 5491 3462 5562 ἱερωσύνη
3493 5491 3593 5544 καὶ
3622 5485 3823 5562 ἐγκιλίεε

2235 5654 2263 5719 ἀ
2284 5654 2382 5719 Alii
2399 5655 2724 5719 ταραττόντων
2743 5653 2982 5719 κυμάτων.

2241 5718 2263 5778 ’ἲ
2283 5716 2382 5766 Alii
2424 5709 2684 5771 ἐπιϐουλαὶ.
2711 5709 2844 5778 εὐχαὶ
2867 5717 3004 5778 κατα.
3027 5713 3137 5761 Mox
3161 5712 3312 5774 aliqui
3345 5709 3794 5774 συλλειτονργςυνωι*

2242 5775 2260 5814 ί
2287 5781 2451 5840 Aliqui
2477 5781 2535 5826 δι’
2557 5779 2736 5827 ἑαυτῶν
2757 5775 2874 5840 lino;
2901 5777 3136 5840 ἰσχύουσι.

2238 5842 2261 5878 Β
2284 5841 2365 5889 Sic
2385 5838 2532 5891 Sawil.
2559 5840 2704 5903 Vulg.
2726 5839 2979 5902 μετέδωκε.
3007 5838 3143 5887 Enn.
