3922 6322
86 452 185 509 615

85 567 247 620 Nemo
271 564 538 618 Christum
565 565 733 636 magis
756 580 912 635 quam
931 566 1125 621 Paulus
1144 566 1347 635 dilexit,
1372 586 1526 623 nemo
1550 586 1659 623 ma-

81 659 161 727 jus
185 670 344 727 quam
385 658 475 711 ille
512 657 744 712 studium
775 657 1045 725 exhibuit,
1076 674 1235 714 nemo
1273 661 1472 730 majore
1498 664 1665 730 gratia

84 749 324 815 dignatus
371 757 471 801 est.
513 749 763 803 Attamen
816 757 894 804 tot
939 749 1103 805 fultus
1145 751 1414 820 praeclaris
1455 752 1665 806 dotibus

85 841 256 895 adhuc
303 840 525 894 timebat
572 842 957 911 tremebatque,
993 852 1102 896 tum
1132 843 1458 912 principatus
1485 842 1667 912 hujus-

88 933 249 997 modi,
280 942 392 986 tum
420 932 755 987 subditorum
780 948 938 989 causa
963 952 976 988 :
1006 933 1177 989 Timeo
1201 934 1367 997 enim,
1396 934 1582 1004 inquit,
1609 950 1670 987 ne

85 1025 204 1077 sicut
232 1039 443 1093 serpens
464 1022 628 1077 Evam
646 1024 845 1079 seduxit
866 1026 1055 1079 astutia
1082 1042 1175 1079 sua
1194 1066 1208 1090 ,
1241 1023 1312 1079 ita
1335 1042 1669 1095 corrumpan-

87 1125 161 1167 tur
194 1131 377 1169 sensus
418 1116 572 1169 vestri
615 1132 647 1168 a
684 1116 1038 1186 simplicitate,
1088 1133 1202 1188 qua:
1251 1116 1323 1171 est
1372 1117 1426 1170 in
1473 1115 1671 1171 Christo

88 1205 181 1275 (‘2.
210 1204 334 1260 Cor.
367 1206 454 1260 11.
488 1206 565 1277 5)
599 1222 613 1261 :
644 1220 705 1261 ac
745 1222 955 1261 rursum
986 1225 998 1259 :
1034 1205 1099 1259 In
1144 1208 1319 1262 timore
1366 1217 1417 1261 et
1462 1217 1673 1262 tremore

86 1298 243 1352 uiuae
273 1300 443 1368 factus
462 1315 578 1351 sum
604 1299 673 1351 ad
694 1314 779 1352 vos
809 1296 893 1371 (1.
924 1298 1042 1354 Cor.
1070 1298 1125 1352 2.
1156 1300 1228 1369 '5)
1255 1316 1267 1353 :
1297 1298 1457 1354 homo
1484 1300 1533 1352 in
1563 1308 1671 1353 ter-

91 1385 225 1438 tium
248 1385 445 1438 caelum
468 1391 661 1454 raptus
696 1392 860 1456 atque
884 1388 1105 1443 arcanis
1128 1385 1227 1443 Dei
1258 1388 1669 1443 communicans

92 1474 166 1545 (2
189 1474 319 1529 Cor.
351 1476 439 1529 12.
467 1475 521 1543 2)
543 1514 560 1543 ,
598 1485 782 1546 totque
808 1492 1104 1548 perpessus
1135 1489 1363 1545 mortes,
1396 1488 1527 1549 quot
1550 1480 1667 1533 dies

92 1576 213 1637 post
250 1573 567 1634 susceptam
603 1565 763 1621 ﬁdem
796 1568 1008 1622 vixerat
1039 1584 1053 1620 :
1090 1568 1254 1624 homo
1287 1568 1382 1639 qui
1412 1569 1536 1623 data
1574 1583 1670 1638 per

88 1660 357 1716 Christum
410 1669 676 1729 potestate
715 1661 789 1715 uti
832 1661 1033 1727 noluit,
1080 1677 1147 1715 ne
1190 1662 1307 1729 quis
1345 1662 1699 1714 crcdentium'

91 1754 571 1808 scandalizaretur.
597 1752 653 1807 Si
675 1753 833 1823 igitur
854 1752 961 1818 ille,
986 1753 1074 1822 qui
1101 1753 1323 1823 majora,
1355 1769 1510 1823 quam
1535 1769 1673 1822 pri!)-

88 1855 238 1915 cepta
273 1846 369 1902 Dei
393 1848 409 1878 ί
440 1845 659 1910 ferrent,
686 1855 983 1916 priestaret,
1029 1855 1083 1901 et
1126 1863 1383 1918 nusquam
1429 1862 1547 1917 quae
1581 1862 1672 1901 sua

86 1948 237 1993 erant
262 1947 531 2009 quareret
552 1980 567 2004 ,
598 1938 695 1993 sed
725 1953 843 2008 qua:
867 1937 1194 1992 subditorum
1217 1980 1231 2004 ,
1262 1937 1333 1991 ita
1371 1937 1677 1992 formidolo-

86 2047 174 2086 sus
202 2041 357 2095 erat,
387 2046 507 2085 cum
538 2029 605 2085 ad
633 2030 959 2101 principatus
989 2029 1405 2101 magnitudinem
1437 2029 1675 2099 respice-

88 2134 199 2190 ret,
228 2122 357 2192 quid
390 2121 653 2177 faciemus
683 2136 780 2177 nos
804 2165 819 2188 ,
848 2121 936 2192 qui
973 2136 1116 2191 saepe
1140 2130 1324 2175 nostra
1352 2120 1638 2190 quaerimus
1658 2160 1673 2182 ,

86 2218 173 2285 qui
204 2214 410 2270 Christi
442 2212 690 2267 mandata
716 2227 820 2267 non
861 2212 1033 2266 solum
1062 2224 1551 2280 uonsuperamus,
1585 2209 1679 2263 sed

86 2306 275 2375 majori
305 2320 372 2360 ex
405 2312 554 2373 parte
584 2302 1037 2373 transgredimur?
1072 2302 1196 2367 Quis
1240 2301 1549 2369 inﬁrmatur,
1599 2301 1679 2352 in-

84 2398 234 2467 quit,
270 2405 319 2450 et
358 2413 449 2466 ego
476 2412 578 2449 non
607 2394 881 2464 inﬁrmor?
924 2395 1036 2464 quis
1076 2393 1470 2457 scandalizatur,
1499 2402 1545 2445 et
1588 2406 1678 2461 ego

84 2506 188 2542 non
206 2504 335 2542 uror
365 2486 443 2559 (2.
476 2486 593 2541 Cor.
621 2487 709 2541 11.
736 2486 873 2557 29)?
892 2486 1076 2541 Talem
1105 2500 1224 2541 esse
1252 2491 1462 2554 oportet
1487 2497 1671 2537 sacer-

82 2582 271 2635 dotem
292 2622 311 2647 ,
344 2581 454 2633 imo
480 2594 583 2633 non
611 2578 774 2632 talem
803 2576 1138 2631 solummodo
1164 2594 1176 2629 :
1206 2589 1366 2645 parva
1393 2572 1535 2628 enim
1565 2571 1679 2626 haec

88 2681 237 2737 sunt,
264 2672 380 2725 imo
406 2669 539 2724 nihil
562 2668 645 2724 his
668 2676 991 2738 comparata,
1015 2683 1131 2739 quae
1151 2667 1260 2737 jam
1286 2665 1523 2720 dicturus
1539 2679 1677 2718 sum.

85 2765 353 2833 Quanam
384 2762 539 2817 haec?
569 2760 840 2832 Optabam,
873 2761 965 2824 ait,
995 2760 1263 2813 anathema
1287 2773 1391 2811 esse
1422 2774 1455 2809 a
1481 2754 1680 2811 Christo

86 2870 187 2923 pro
217 2853 469 2922 fratribus
494 2852 639 2918 meis,
670 2851 753 2921 qui
776 2859 892 2904 sunt
920 2849 1120 2919 cognati
1152 2849 1249 2901 mei
1272 2849 1543 2901 secundum
1570 2863 1683 2899 car-

85 2962 207 2999 nem
228 2945 415 3018 (Rom.
441 2943 494 2998 9.
518 2944 597 3013 3).
629 2941 685 2997 Si
711 2942 830 3012 quis
856 2941 1023 3011 possit
1048 2941 1183 2994 hanc
1209 2942 1452 2993 emittere
1472 2952 1677 3002 vocem,

87 3037 136 3091 si
166 3036 296 3107 quis
322 3049 386 3090 ea
417 3033 670 3104 praeditus
696 3034 765 3087 sit
792 3033 987 3097 anima,
1020 3047 1137 3101 quae
1165 3030 1232 3084 ad
1257 3028 1557 3100 hujusmodi
1584 3045 1680 3083 vo-

89 3136 209 3180 tum
240 3124 507 3180 accedere
536 3123 730 3192 possit,
762 3121 808 3177 is
827 3120 1136 3193 jurepossit
1162 3120 1309 3189 argui
1338 3118 1381 3173 si
1409 3118 1587 3188 fugiat.
1612 3120 1683 3173 At

85 3219 133 3274 si
166 3219 295 3289 quis
328 3226 535 3271 tantum
559 3216 627 3270 ab
652 3215 752 3270 hac
780 3215 973 3269 virtute
1012 3224 1246 3268 remotus
1288 3213 1389 3279 sit,
1427 3221 1681 3282 quantum

85 3327 193 3367 nos
220 3324 415 3366 sumus
433 3350 449 3375 ,
482 3324 586 3363 non
613 3321 733 3363 cum
760 3307 985 3377 fugerit,
1013 3306 1107 3361 sed
1133 3320 1252 3358 cum
1287 3318 1479 3357 munus
1505 3319 1685 3359 susce-

83 3406 268 3475 perit,
305 3403 436 3459 odio
463 3402 655 3472 dignus
683 3408 781 3455 est.
811 3399 993 3469 Neque
1029 3397 1170 3453 enim
1211 3397 1256 3451 si
1299 3413 1398 3465 qua
1444 3396 1687 3451 militaris

82 3498 378 3568 dignitatis
404 3495 596 3551 electio
638 3500 1046 3563 proponeretur,
1078 3498 1131 3544 et
1156 3489 1188 3543 ii
1215 3489 1405 3559 quibus
1434 3487 1540 3542 tale
1565 3501 1686 3542 mu-

84 3605 197 3644 nus
226 3586 512 3644 deferendi
544 3593 779 3656 potestas
807 3584 1157 3646 incumberet,
1185 3581 1392 3635 fabrum
1417 3581 1682 3647 azrarium,

78 3691 187 3736 aut
212 3680 530 3742 coriarium,
561 3688 655 3732 aut
682 3676 908 3730 similem
936 3674 1191 3728 artiﬁcem
1223 3674 1275 3727 in
1300 3671 1533 3727 medium
1565 3686 1690 3744 per-

78 3782 330 3829 tractum
361 3770 622 3827 exercitui
648 3769 987 3840 praeficerem
1007 3808 1022 3833 ,
1060 3766 1224 3820 miser
1252 3765 1339 3819 ille
1362 3764 1685 3828 laudaretur,

79 3869 132 3923 si
167 3882 280 3920 non
315 3864 546 3933 fugeret,
573 3877 673 3917 nec
701 3861 881 3916 omnia
908 3867 1089 3929 ageret
1115 3867 1171 3913 ut
1200 3868 1305 3912 non
1331 3871 1390 3911 se
1411 3857 1464 3910 in
1490 3856 1688 3911 malum

80 3960 396 4012 imminens
422 3953 732 4023 conjiceret.
761 3951 893 4007 Nam
930 3952 975 4007 si
1007 3951 1135 4004 satis
1176 3958 1258 4003 est
1298 3957 1563 4031 pastorem
1594 3962 1688 4001 vo-

82 4050 213 4104 cari
236 4092 249 4115 ,
279 4057 340 4103 et
370 4060 568 4101 munus
596 4053 878 4114 utcumque
907 4043 1174 4113 accipere,
1206 4042 1514 4109 nullumque
1553 4040 1691 4094 adsit

84 4140 407 4211 periculum
434 4179 451 4204 ,
482 4137 653 4206 quivis
678 4151 775 4206 pro
802 4135 967 4190 lubito
997 4149 1094 4188 nos
1124 4133 1294 4187 inanis
1321 4131 1500 4202 gloria:
1538 4146 1694 4185 accu-

81 4245 219 4298 set;
252 4234 339 4286 sin
375 4244 565 4300 magna
590 4229 890 4299 prudentia,
921 4228 965 4283 si
993 4236 1114 4281 ante
1147 4226 1474 4297 prudentiam
1502 4240 1689 4295 magna

76 4327 188 4381 Dei
218 4323 401 4395 gratia
425 4366 437 4383 ,
467 4336 674 4375 morum
700 4321 965 4391 probitas,
1009 4319 1131 4373 vita:
1164 4320 1366 4388 puritas
1387 4360 1402 4385 ,
1445 4326 1499 4373 et
1527 4318 1694 4386 major

76 4419 341 4472 humana
376 4396 553 4468 virtus
569 4414 856 4483 requiritur
879 4413 932 4467 in
959 4412 1070 4479 illo,
1112 4420 1162 4466 et
1203 4413 1291 4481 qui
1331 4411 1489 4465 talem
1512 4424 1693 4465 curam

72 4508 332 4576 suscipit
361 4523 378 4558 :
411 4520 481 4560 ne
504 4520 591 4560 me
618 4505 775 4559 venia
819 4505 1080 4574 privatum
1112 4503 1241 4558 velis
1263 4543 1278 4570 ,
1310 4503 1353 4557 si
1395 4502 1591 4557 frustra
1631 4515 1695 4555 ac

72 4612 315 4657 temere
341 4613 431 4652 me
456 4597 509 4650 in
535 4597 820 4667 perniciem
860 4597 988 4650 dare
1013 4595 1197 4650 nolim.
1241 4594 1447 4649 Etenim
1490 4594 1533 4648 si
1579 4594 1695 4661 quis

70 4707 300 4748 navem
333 4690 537 4745 ducens
562 4688 852 4743 innumeris
878 4696 1121 4741 onustam
1152 4685 1445 4751 mercibus,
1484 4684 1697 4753 remigi-

68 4788 316 4854 busque
344 4782 579 4851 plenam,
606 4795 693 4834 me
718 4780 783 4833 ad
809 4779 1162 4849 gubernacula
1185 4778 1525 4832 constitutum
1543 4775 1699 4844 jube-

64 4888 181 4935 re!
210 4874 471 4945 Egmum
494 4872 895 4945 Tyrrhenumve
920 4886 1066 4926 mare
1095 4870 1357 4939 trajicere,
1381 4868 1445 4923 ad
1468 4869 1693 4937 primum

68 4971 178 5026 rei
208 4967 464 5021 auditum
492 4965 753 5020 resilirem
779 4982 791 5017 :
820 4978 883 5018 ac
908 4964 953 5018 si
983 4964 1101 5032 quis
1125 4977 1337 5017 causam
1362 4969 1589 5030 rogaret,
1614 4972 1699 5015 me

66 5073 301 5116 navem
332 5057 736 5111 submersurum
765 5053 1165 5123 responderem.
1191 5051 1337 5106 Itane
1358 5051 1444 5105 ubi
1465 5050 1700 5120 pecunias

64 5160 317 5209 tantum
348 5149 559 5218 jactura
591 5148 827 5211 timetur,
860 5160 961 5200 nec
986 5145 1086 5199 nisi
1113 5159 1382 5213 corporea:
1404 5143 1588 5197 mortis
1611 5158 1702 5212 pe-

60 5244 341 5303 riculurn
394 5248 511 5305 est,
562 5254 719 5294 nemo
766 5249 949 5308 arguet
986 5239 1029 5293 si
1068 5237 1187 5307 quis
1230 5252 1418 5306 magna
1459 5236 1702 5289 cautione

56 5346 327 5399 utatur;
358 5332 453 5387 ubi
486 5340 664 5386 autem
695 5330 964 5400 naufragis
994 5345 1099 5384 non
1130 5331 1180 5382 in
1210 5330 1310 5383 hoc
1341 5329 1555 5398 pelagus
1586 5344 1705 5382 cor-

54 5427 405 5491 ruentium,
425 5424 519 5480 sed
540 5425 593 5479 in
617 5425 863 5496 abyssum
886 5424 1020 5493 ignis
1040 5422 1333 5477 cadendum
1359 5433 1458 5489 est,
1482 5430 1534 5476 et
1561 5438 1703 5477 mors

52 5517 481 5589 exspectanda
502 5557 519 5583 ,
565 5532 672 5571 non
715 5532 835 5585 quae
872 5516 1101 5569 animam
1129 5530 1158 5567 a
1184 5529 1435 5583 corpore,
1465 5514 1557 5569 sed
1586 5530 1703 5583 qua:

60 5621 251 5674 hanc
277 5626 409 5667 cum
442 5610 537 5664 illo
563 5610 615 5663 in
643 5607 957 5679 supplicium
998 5616 1255 5661 aeternum
1295 5607 1571 5676 conjiciat,
1595 5606 1705 5676 jam

50 5706 232 5777 quia
280 5716 394 5756 non
442 5708 646 5755 temere
675 5700 726 5753 in
760 5707 960 5752 tantum
990 5712 1087 5751 nos
1119 5697 1316 5752 malum
1352 5698 1703 5768 praccipitavi-

58 5814 255 5861 xnus,
288 5791 600 5849 irascemini
632 5806 833 5861 nosque
855 5788 979 5845 odio
1002 5787 1298 5844 habebitis?

170 5934 195 5957 '
237 5931 345 5990 alii,
373 5925 577 5979 Christi.

1246 455 1334 510 DE
1364 457 1808 515 SACERDO’I‘IO.
1850 461 1975 515 LIB.
2020 459 2105 512 Ill.

3237 457 3338 512 646

1852 573 1904 625 8.
1939 571 2090 642 Saepe
2117 571 2422 625 sacerdotem
2447 587 2679 642 peccare,
2709 573 2806 626 nisi
2833 572 2953 641 {orti
2982 572 3046 625 sit
3068 586 3256 624 animo.
3278 598 3347 612 -

1773 663 1924 717 Absit
1942 678 2122 731 quaeso
2139 673 2193 717 et
2209 663 2449 717 obsecro.
2475 661 2605 716 Novi
2622 664 2849 716 animam
2872 678 3062 725 meam,
3083 661 3346 714 infirmam

1774 754 1915 808 illam
1943 763 1995 807 et
2022 754 2290 824 exiguam,
2320 768 2525 807 necnon
2556 752 2820 823 ingentem
2846 753 2925 807 rei
2951 752 3344 807 difficultatem.

1773 843 1998 912 Majores
2023 858 2151 899 sane
2176 844 2368 899 ﬂuctus
2390 844 2473 907 iis,
2501 858 2634 914 quos
2666 845 2715 897 in
2746 845 2879 898 mari
2907 844 3142 899 excitant
3165 845 3342 911 venti,

1775 936 2071 991 sacerdotis
2090 937 2323 991 animum
2354 938 2684 990 concutiunt.

1845 1026 1898 1079 9.
1928 1024 2083 1078 Vanw
2108 1025 2284 1094 gloria:
2312 1025 2897 1095 periculum—Primus
2917 1035 3092 1080 autem
3114 1027 3350 1081 omnium

1774 1125 1857 1169 est
1888 1115 2189 1171 teterrimus
2227 1116 2317 1170 ille
2368 1131 2517 1169 vana:
2544 1116 2728 1185 gloria:
2758 1115 3002 1183 spiritus,
3032 1116 3186 1185 longe
3214 1116 3352 1169 infe-

1776 1208 1906 1260 stior
1930 1207 2020 1261 illo
2044 1206 2349 1261 Sirenarum
2372 1216 2639 1276 portento,
2659 1207 2799 1275 quod
2829 1216 2997 1275 poetae
3021 1206 3348 1279 contingunt.

1777 1298 1907 1352 Illud
1935 1299 2076 1353 enim
2105 1298 2251 1351 multi
2294 1298 2794 1367 praeternavigantes
2832 1296 3063 1367 etlugere
3105 1298 3223 1352 sine
3256 1297 3353 1351 da-

1778 1407 1903 1444 mno
1934 1399 2206 1460 poterant;
2241 1390 2368 1443 mihi
2397 1390 2469 1443 ita
2499 1391 2754 1444 molestus
2778 1389 2861 1443 hic
2890 1390 3141 1459 scopulus
3169 1399 3269 1455 est,
3297 1401 3355 1442 ut

1778 1499 1845 1536 ne
1890 1496 2029 1535 nunc
2074 1481 2320 1551 quidem,
2371 1480 2461 1533 ubi
2509 1480 2649 1534 nulla
2695 1495 2781 1534 me
2810 1481 2863 1533 in
2906 1479 3009 1534 hoc
3044 1480 3352 1534 barathrum

1777 1573 2049 1640 compellit
2076 1572 2367 1627 necessitas
2386 1612 2399 1635 ,
2430 1586 2459 1623 a
2491 1571 2631 1624 malo
2656 1571 2957 1640 hujusmodi
2983 1572 3210 1625 evadere
3236 1585 3358 1638 pos—

1779 1667 1898 1719 sim.
1929 1664 1983 1719 Si
2014 1665 2133 1734 quis
2182 1673 2359 1719 autem
2392 1665 2529 1717 hanc
2563 1664 2693 1718 mihi
2738 1664 3104 1733 przefecturam
3141 1664 3353 1726 tradat,

1779 1755 2001 1826 perinde
2038 1756 2192 1809 faciat
2215 1771 2278 1810 ac
2304 1756 2350 1809 si
2380 1756 2553 1826 ligatis
2591 1772 2622 1810 a
2653 1764 2801 1825 tergo
2842 1755 3085 1809 manibus
3114 1770 3198 1809 me
3227 1754 3357 1809 feris

1780 1849 1937 1917 hujus
1994 1848 2196 1918 scopuli
2245 1848 2431 1902 incolis
2482 1848 2716 1917 quotidie
2763 1848 3104 1902 lacerandum
3156 1847 3349 1901 tradat.

1779 1939 2032 2005 Quazuam
2054 1938 2155 1992 illa:
2178 1938 2333 1993 forte?
2358 1939 2471 2001 lra,
2503 1939 2711 1992 tristitia
2734 1979 2748 2002 ,
2790 1938 2983 1992 invidia
3004 1980 3018 2003 ,
3061 1938 3354 2002 contentio,

1781 2030 2096 2094 calumnias,
2143 2029 2577 2093 criminationes,
2619 2028 2987 2094 mendacium,
3027 2030 3355 2099 hypocrisis,

1782 2120 2020 2186 insidiae,
2061 2120 2154 2175 irae
2178 2120 2193 2151 ¹
2224 2130 2409 2175 contra
2454 2119 2583 2173 nihil
2615 2119 2903 2185 laedentes,
2949 2120 3246 2188 voluptates
3291 2119 3360 2173 de

1783 2209 2144 2263 ministrorum
2175 2208 2494 2278 turpitudine
2512 2250 2527 2274 ,
2552 2209 2728 2263 luctus
2752 2207 2819 2263 de
2844 2208 3224 2277 prosperitate,
3250 2208 3361 2261 Iau-

1783 2298 1908 2352 dum
1933 2298 2155 2369 cupido,
2185 2298 2402 2353 honoris
2427 2298 2748 2353 desiderium
2778 2298 2921 2368 (hoc
2952 2298 3093 2353 enim
3133 2298 3363 2352 maxime

1784 2393 2018 2446 omnium
2054 2392 2343 2447 humanum
2385 2393 2596 2464 perimit
2639 2393 2875 2452 animum
2900 2393 2953 2461 ),
2995 2390 3249 2446 doctrina:
3294 2390 3361 2444 ad

1783 2484 2106 2553 voluptatem
2129 2527 2145 2551 ,
2173 2485 2456 2543 illiberales
2484 2482 2844 2551 adulationes,
2876 2483 3205 2553 palpationes
3242 2498 3362 2537 sor-

1785 2575 1943 2641 didae,
1973 2576 2252 2645 despectus
2282 2592 2571 2646 pauperum
2593 2616 2608 2642 ,
2635 2577 2811 2631 cultus
2837 2576 3057 2630 divitum
3075 2616 3089 2642 ,
3132 2575 3362 2630 honores

1790 2656 2012 2720 indebiti
2047 2676 2100 2720 et
2124 2666 2388 2732 damnosi,
2410 2667 2698 2735 gratiarum
2731 2663 3035 2736 largitiones
3070 2665 3364 2735 periculum

1787 2768 2031 2814 creantes
2071 2769 2174 2813 tam
2212 2749 2554 2830 largientibus
2578 2775 2735 2830 quam
2764 2759 3172 2828 accipientibus,
3205 2760 3364 2814 timor

1788 2849 1997 2903 servilis
2049 2850 2424 2921 vilissimisque
2465 2860 2667 2906 tantum
2714 2851 2989 2919 mancipiis
3032 2866 3361 2921 congruens,

1788 2942 1995 2998 fiduciae
2021 2943 2335 3009 eliminatio,
2370 2943 2682 2998 humilitatis
2712 2944 2919 3015 species
2945 2943 3155 3013 quidem
3178 2943 3361 3009 multa,

1788 3036 2026 3091 veritatis
2047 3036 2208 3103 nulla,
2229 3036 2483 3105 arguendi
2503 3044 2557 3090 et
2575 3035 2881 3105 increpandi
2901 3035 3117 3089 facultas
3136 3035 3362 3100 sublata;

1790 3132 1897 3186 imo
1926 3131 2102 3200 potius
2128 3140 2311 3185 contra
2338 3130 2523 3199 inopes
2562 3129 2700 3183 ultra
2739 3143 3041 3183 mensuram
3068 3169 3083 3192 ,
3114 3127 3367 3183 adversus

1790 3231 1964 3279 autem
1995 3221 2281 3290 optimates
2310 3236 2379 3277 ne
2408 3222 2617 3277 hiscere
2642 3220 2859 3290 quidem
2888 3221 3163 3290 quisquam
3184 3220 3364 3277 audet.

1793 3315 1917 3369 Ilaec
1946 3316 2141 3385 quippe
2169 3315 2346 3370 omnia
2376 3323 2429 3369 et
2458 3314 2647 3369 horum
2678 3314 2829 3383 plura
2866 3314 2961 3367 alit
2998 3313 3246 3383 scopulus
3281 3313 3370 3369 ille

1792 3404 2021 3460 ferarum
2046 3421 2263 3475 genera,
2292 3407 2483 3476 quibus
2504 3405 2667 3460 semel
2687 3406 2850 3474 capti,
2874 3404 2925 3458 in
2958 3415 3154 3459 tantam
3182 3419 3370 3461 neces»

1792 3497 1932 3551 sario
1970 3498 2284 3551 servitutem
2313 3496 2645 3566 rediguntur,
2680 3504 2737 3550 ut
2764 3504 2819 3551 et
2846 3496 2898 3550 in
2938 3494 3217 3550 mulierum
3245 3511 3370 3566 gra-

1794 3587 1920 3643 tiam
1947 3588 2110 3643 multa
2139 3603 2279 3657 saepe
2305 3587 2480 3642 facere
2503 3596 2777 3657 cogantur,
2804 3602 2922 3657 quae
2944 3602 3009 3641 ne
3038 3586 3136 3640 fari
3157 3588 3369 3656 quidem

1793 3679 1968 3734 decet.
1990 3664 2125 3733 Nam
2151 3679 2233 3733 lex
2261 3676 2435 3732 divina
2466 3678 2581 3731 illas
2617 3677 2683 3732 ab
2722 3676 2826 3732 hoc
2852 3676 3147 3731 ministerio
3181 3675 3373 3745 repulit

1796 3772 1883 3843 (1.
1915 3770 2033 3826 Cor.
2058 3772 2145 3825 M.
2169 3772 2273 3839 54)
2304 3789 2315 3823 :
2350 3771 2454 3824 illa:
2474 3784 2600 3823 vero
2622 3785 2679 3824 se
2700 3770 3054 3823 iutromitlere
3076 3778 3366 3822 conantur:

1796 3872 1850 3918 et
1874 3863 1995 3932 quia
2026 3861 2156 3915 nihil
2191 3876 2286 3931 per
2313 3876 2372 3915 se
2402 3869 2653 3929 possunt,
2687 3875 2782 3930 per
2810 3859 2942 3914 alios
2965 3858 3139 3913 omnia
3170 3868 3360 3928 agunt.

1799 3966 2103 4025 tantamque
2146 3954 2390 4008 obtinent
2418 3962 2767 4022 potestatem,
2802 3960 2860 4007 ut
2883 3966 3017 4022 quos
3052 3953 3220 4007 velint
3256 3952 3381 4020 epid-

1798 4064 1988 4117 sconos
2036 4047 2119 4103 vel
2164 4056 2447 4116 cooptent,
2489 4045 2573 4100 vel
2620 4045 2865 4115 ejiciant,
2911 4060 2975 4099 ac
3016 4060 3134 4114 qua:
3162 4054 3373 4098 sursum

1800 4141 2048 4195 deorsum
2098 4140 2290 4194 faciant
2322 4156 2334 4192 :
2365 4138 2466 4193 hoc
2511 4154 2641 4193 sane
2684 4137 2737 4192 in
2785 4136 3065 4207 proverbio
3108 4138 3370 4206 vulgatum

1803 4232 1931 4300 ipsis
1958 4230 2124 4285 oculis
2151 4230 2335 4286 videre
2366 4230 2527 4284 licet:
2560 4228 2823 4299 Principes
2851 4245 2967 4282 suos
3000 4238 3155 4299 agunt
3194 4227 3375 4281 subditi

1804 4322 1878 4393 (1.
1908 4321 2041 4375 Tim.
2070 4322 2123 4376 2.
2151 4321 2239 4392 13)
2270 4341 2281 4374 :
2315 4331 2474 4391 atque
2521 4322 2720 4375 utinam
2764 4320 2901 4387 viri,
2929 4334 3034 4373 non
3077 4320 3180 4373 illae
3217 4320 3377 4374 etiam

1803 4414 1993 4484 quibus
2023 4428 2091 4468 ne
2115 4413 2329 4482 quidem
2357 4412 2547 4467 docere
2587 4412 2925 4481 permittitur.
2954 4410 3089 4479 Quid
3127 4410 3246 4463 dico
3279 4409 3378 4463 do.

1803 4502 1965 4557 cere?
2011 4518 2077 4556 ne
2120 4500 2265 4571 loqui
2314 4502 2526 4571 quidem
2574 4502 2629 4554 in
2676 4500 2914 4555 Ecclesia
2957 4501 3144 4554 beatus
3187 4499 3379 4553 Paulus

1805 4595 2066 4649 concessit
2095 4594 2112 4660 (
2139 4595 2190 4647 1.
2215 4594 2349 4665 Cor,
2375 4592 2459 4647 14.
2493 4593 2559 4646 54
2582 4590 2619 4661 ).
2650 4590 2838 4645 Audivi
2880 4600 3055 4645 tamen
3097 4588 3377 4658 quemdam

1806 4687 2090 4751 dicentem,
2119 4686 2260 4756 quod
2287 4695 2488 4739 tantum
2521 4684 2650 4754 ipsis
2675 4684 3034 4753 impertissent
3062 4683 3381 4743 libertatein,

1808 4788 1865 4832 ut
1887 4778 2045 4833 etiam
2074 4777 2437 4831 Ecelesiarum
2470 4776 2738 4830 antistites
2761 4774 3132 4844 objurgarent,
3157 4772 3385 4842 illosque

1808 4868 2051 4925 acerbius
2079 4883 2235 4938 quam
2272 4881 2455 4921 servos
2482 4860 2683 4920 domini
2712 4867 3065 4920 incesserent.

1880 4958 1968 5017 10.
2002 4960 2121 5015 Νοη
2149 4977 2251 5014 esse
2274 4960 2438 5030 ipsum
2463 4958 2797 5013 sacerdotium
2818 4956 3067 5010 malorum
3086 4968 3311 5008 causam.
3327 4983 3388 4991 -—

1809 5054 2074 5110 Caeterum
2115 5067 2183 5107 ne
2223 5052 2482 5121 quispiam
2510 5049 2778 5105 existimet
2809 5062 2895 5101 me
2922 5058 3109 5100 omnes
3131 5041 3289 5097 simul
3323 5036 3392 5095 de

1811 5144 2119 5200 memoratis
2145 5142 2457 5197 criminibus
2504 5155 2625 5195 reos
2665 5153 2843 5209 agere.
2870 5136 3006 5191 Sunt
3029 5133 3201 5198 enim,
3231 5138 3356 5186 sunt
3378 5169 3390 5190 ,

1811 5238 2045 5307 inquam,
2075 5236 2226 5289 multi
2256 5232 2339 5288 his
2365 5230 2566 5288 retibus
2593 5230 2930 5300 superiores,
2963 5228 3070 5279 imo
3112 5223 3292 5293 plures
3325 5222 3388 5274 iis

1812 5329 1901 5398 qui
1941 5328 2081 5396 capti
2111 5336 2253 5381 sunt.
2299 5318 2481 5393 Neque
2524 5332 2699 5377 tamen
2720 5317 3073 5376 sacerdotium
3118 5326 3385 5386 tamquam

1812 5418 2001 5474 horum
2054 5432 2267 5472 causam
2322 5416 2581 5470 malorum
2635 5409 3003 5481 culpaverim:
3034 5406 3171 5463 absit
3218 5414 3277 5460 ut
3317 5419 3384 5460 eo

1813 5524 1981 5580 usque
2030 5504 2321 5571 insaniam;
2356 5520 2527 5574 neque
2569 5502 2710 5558 enim
2757 5499 2953 5555 ferrum
2994 5492 3247 5562 caedium,
3296 5509 3389 5548 ne—

1815 5619 1917 5673 que
1972 5603 2149 5655 vinum
2213 5598 2513 5663 ebrietatis,
2565 5610 2738 5666 neque
2795 5592 3149 5648 fortitudinem
3206 5594 3390 5643 contue

1814 5696 1988 5751 melis:
2006 5736 2021 5762 ,
2051 5708 2220 5763 neque
2264 5694 2424 5747 robur
2467 5687 2871 5745 inconsiderata:
2892 5684 3145 5749 audaciae,
3175 5676 3269 5735 sed
3298 5692 3391 5733 eos

1818 5786 1905 5855 qui
1958 5783 2054 5839 Dei
2104 5782 2257 5837 donis
2299 5780 2477 5838 illicite
2528 5788 2766 5848 utuntur,
2789 5792 2976 5834 omnes
3016 5788 3159 5831 sanae
3200 5772 3389 5825 mentis

1884 5922 1902 5953 ί
1939 5916 2042 5977 Alii,
2065 5922 2186 5967 vota.
