3922 6274
525 470 627 525 ΘΠ

525 579 770 634 homines
794 589 1004 631 causam
1029 585 1149 627 esse
1187 569 1388 629 dicunt,
1412 565 1633 632 illosque
1657 557 1896 628 puniunt.
1925 555 2100 618 Quan-

525 669 811 734 doquidem
853 676 907 722 et
951 662 1303 721 sacerdotium
1337 671 1436 712 nos
1477 656 1598 725 jure
1643 650 1860 719 culpare
1905 643 2100 713 possit.

523 767 568 820 si
615 735 735 818 .non
797 769 940 815 recte
1001 759 1174 826 ipsum
1238 759 1525 807 tractemus
1566 763 1581 798 :
1619 756 1792 812 neque
1851 738 1993 791 enim
2048 737 2100 787 in

525 871 684 912 causa
731 863 814 910 est
854 866 1076 916 eorum,
1121 862 1240 919 qua:
1289 858 1451 914 supra
1492 838 1751 900 diximus,
1797 829 2100 919 malorum:

525 948 618 1002 sed
655 960 755 1001 nos
792 947 962 1014 ipsum
1007 917 1196 1005 tantis,
1224 945 1478 1007 quantum
1521 927 1743 985 facultas
1788 920 1943 1014 tulit,
1991 917 2108 986 pol-

526 1040 724 1093 luimus
767 1010 1014 1090 sordibus
1063 1047 1184 1087 cum
1225 1024 1545 1099 quibuslibet
1590 1021 1764 1088 ipsum
1811 1010 2104 1068 tradimus:

523 1130 611 1199 qui
641 1141 765 1184 cum
797 1143 863 1181 ne
890 1124 1054 1179 animi
1079 1119 1292 1192 quidem
1319 1117 1400 1172 sui
1429 1115 1533 1169 vim
1564 1105 1896 1168 edidicerint,
1936 1111 2110 1199 neque

525 1191 600 1279 rei
631 1221 827 1277 molem
849 1191 1218 1279 considerent,
1246 1211 1481 1266 oblatum
1528 1216 1720 1260 munus
1747 1196 1902 1253 avide
1939 1191 2110 1249 susci-

527 1317 678 1388 piunt
703 1332 719 1382 ;
746 1328 870 1369 cum
897 1319 1074 1365 autem
1104 1320 1297 1362 manus
1331 1300 1479 1371 operi
1507 1291 1840 1352 admovenda
1868 1297 1984 1351 est,
2013 1283 2112 1388 int-

531 1377 716 1478 peritia
746 1420 840 1460 sua
870 1399 1201 1458 obtenebrati
1226 1395 1541 1452 commissos
1565 1388 1666 1444 sibi
1709 1384 1930 1456 populos
1958 1377 2112 1432 malis

530 1476 740 1570 replent
766 1496 1080 1553 innumeris.
1109 1493 1224 1550 Hoc
1246 1505 1374 1547 sane
1393 1530 1407 1554 ,
1443 1487 1542 1542 hoc
1573 1485 1743 1554 ipsum
1773 1492 1910 1549 pene
1940 1476 1990 1529 in
2021 1486 2115 1570 no-

531 1567 614 1649 bis
643 1593 877 1648 futurum
904 1599 1039 1656 erat,
1067 1588 1170 1644 nisi
1200 1601 1298 1642 nos
1323 1585 1464 1640 Deus
1491 1580 1668 1636 subito
1696 1593 1760 1632 ex
1790 1572 1950 1628 tantis
1976 1567 2115 1638 peri-

532 1687 665 1739 culis
711 1685 970 1748 eruisset,
1024 1689 1079 1737 et
1127 1676 1380 1735 Ecclesiae
1426 1689 1538 1730 sua:
1583 1679 1638 1725 et
1686 1668 1876 1723 animae
1919 1668 2116 1716 nostrae

533 1776 835 1832 consulens.
863 1773 1134 1845 Siquidem
1175 1769 1262 1826 dic
1303 1766 1434 1822 mihi
1453 1807 1468 1833 ,
1499 1761 1640 1819 unde
1666 1769 1820 1831 putas
1859 1764 2032 1810 tantos
2062 1752 2114 1806 in

535 1866 796 1922 Ecclesiis
823 1864 953 1920 oriri
997 1859 1299 1918 tumultus?
1321 1857 1434 1928 Ego
1470 1868 1598 1909 sane
1633 1867 1739 1906 non
1765 1846 1977 1901 aliunde
2007 1845 2116 1896 exi—

534 1959 714 2023 stimo,
745 1971 903 2028 quam
930 1957 1048 2026 quia
1097 1951 1382 2023 praesnlum
1407 1947 1694 2003 electiones
1720 1953 1918 1996 temere
1944 1946 1997 1992 et
2035 1937 2118 1988 in-

535 2049 782 2105 consulto
823 2047 976 2102 ﬁunt.
1021 2046 1154 2101 Nam
1209 2052 1366 2112 caput
1419 2037 1701 2110 oportebat
1757 2030 2120 2087 firmissimum

539 2155 661 2196 esse
679 2181 695 2206 ,
725 2147 782 2194 ut
811 2151 1002 2209 pravas
1026 2135 1393 2192 exhalationes
1418 2147 1484 2187 ex
1509 2131 1617 2184 imo
1642 2140 1867 2195 corpore
1897 2121 2121 2177 emissas

540 2230 851 2300 dispensare
889 2237 946 2284 et
971 2227 1038 2283 ad
1066 2232 1447 2298 congruentem
1477 2229 1672 2277 statum
1702 2217 1959 2272 reducere
1995 2226 2121 2283 pos-

541 2331 644 2377 set.
666 2317 798 2375 Cum
821 2327 999 2375 autem
1029 2333 1124 2388 per
1147 2332 1205 2372 se
1227 2324 1386 2385 caput
1408 2313 1678 2368 infirmum
1706 2315 1820 2372 est,
1847 2319 1949 2360 nec
1975 2317 2120 2357 mor-

542 2413 706 2467 bosos
747 2411 869 2466 illos
908 2423 1135 2480 vapores
1185 2405 1457 2477 depellere
1508 2410 1720 2474 potest,
1774 2409 1900 2453 tunc
1951 2395 2124 2465 ipsum

545 2505 809 2562 inﬁrmius
839 2505 892 2558 in
919 2503 1035 2559 dies
1063 2501 1326 2567 redditur,
1359 2508 1413 2555 et
1440 2497 1700 2567 reliquum
1729 2506 1922 2563 corpus
1941 2501 2125 2545 secum

546 2600 599 2653 in
630 2597 919 2669 perniciem
947 2596 1127 2651 trahit.
1156 2594 1308 2664 Quod
1339 2608 1408 2648 ne
1435 2605 1575 2646 nunc
1603 2589 1763 2645 etiam
1792 2584 1916 2651 ﬁat,
1945 2583 2000 2638 in
2031 2595 2124 2651 pe-

545 2691 675 2746 dum
703 2689 890 2744 ordine
917 2703 1016 2743 nos
1036 2688 1178 2743 Deus
1202 2685 1462 2749 servavit,
1491 2696 1597 2753 quo
1623 2682 1676 2735 in
1705 2686 1844 2735 statu
1872 2675 1940 2730 ab
1977 2673 2127 2727 initio

547 2781 763 2836 fuimus.
791 2781 948 2834 Multa
975 2779 1116 2835 enim
1135 2819 1153 2846 ,
1178 2777 1371 2843 Basili,
1400 2775 1564 2831 multa
1591 2787 1721 2828 sane
1749 2777 1904 2834 sunt,
1934 2775 2129 2838 praeter

547 2886 610 2927 ea
641 2885 760 2942 qua:
785 2870 1054 2936 diximus,
1082 2867 1345 2924 sacerdoti
1391 2862 1721 2929 necessaria,
1751 2874 1868 2930 qua:
1894 2872 1994 2912 nos
2023 2869 2127 2909 non

551 2961 830 3018 habemus.
863 2959 992 3015 Illud
1017 2975 1144 3014 vero
1174 2973 1283 3028 prze
1307 2956 1554 3012 omnibus
1573 2996 1588 3022 ,
1618 2967 1810 3022 nempe
1840 2949 1980 3006 illius
2009 2961 2128 3001 tnu-

551 3051 695 3107 neris
722 3051 1151 3120 concupiscentia
1189 3050 1398 3104 animus
1425 3046 1542 3117 ejus
1579 3045 1798 3100 omnino
1825 3053 2023 3097 vacuus
2062 3037 2131 3091 sit

551 3152 796 3216 oportet;
833 3158 953 3198 nam
992 3143 1037 3197 si
1069 3142 1136 3196 ad
1174 3156 1296 3196 eum
1337 3139 1690 3210 principatum
1735 3131 1900 3190 nimio
1940 3130 2132 3185 affectu

551 3235 899 3310 propendeat,
931 3249 996 3290 eo
1019 3233 1214 3306 adepto
1243 3231 1694 3288 vehementiorem
1719 3225 1962 3282 accendit
1982 3223 2134 3278 flam-

552 3345 694 3385 mam
727 3347 743 3385 :
769 3343 836 3384 ac
863 3329 913 3383 vi
951 3338 1172 3398 captus,
1213 3336 1272 3380 ut
1308 3339 1430 3381 eum
1456 3322 1556 3378 sibi
1586 3321 1875 3377 ﬁrmiorem
1902 3323 2127 3380 statuat,

553 3425 830 3479 innumera
873 3422 1098 3477 sustinet
1145 3418 1323 3487 mala,
1366 3417 1479 3472 sive
1516 3413 1833 3470 adulandum
1875 3410 1981 3473 sit,
2021 3407 2134 3462 sive

556 3514 824 3586 quidpiam
847 3512 1065 3570 .servile
1106 3519 1264 3581 atque
1291 3507 1565 3579 indignum
1593 3501 1990 3566 sustinendum,
2021 3498 2135 3552 sive

554 3608 794 3680 pecuniae
821 3605 1003 3660 multa:
1049 3601 1409 3659 absumendze.
1453 3598 1589 3655 Nam
1639 3595 1782 3668 quod
1837 3593 1987 3647 multi
2019 3589 2136 3660 ejus

555 3699 824 3770 dignitatis
850 3697 1018 3769 gratia
1040 3703 1334 3766 pugnantes
1353 3689 1625 3747 Ecclesiae
1643 3685 1878 3743 caedibus
1897 3682 2135 3753 repleve-

555 3793 682 3858 rint,
710 3791 1057 3859 civitatesque
1085 3787 1510 3852 devastaverint,
1530 3781 1582 3838 id
1602 3781 1713 3852 jam
1733 3779 1954 3834 missum
1979 3775 2134 3839 facio,

555 3900 622 3939 ne
656 3882 968 3953 quibusdam
1009 3877 1336 3934 incredibilia
1383 3889 1602 3930 narrare
1639 3871 1842 3927 videar.
1880 3868 2139 3939 Oportcre

555 3984 732 4030 autem
764 3983 892 4043 puto
932 3981 1074 4027 tanta
1115 3971 1255 4027 circa
1298 3982 1412 4024 rem
1451 3967 1588 4020 hanc
1625 3965 1820 4035 pietate
1848 3960 2051 4022 teneri,
2083 3966 2142 4012 ut

557 4067 698 4122 illius
723 4065 916 4121 molem
945 4078 1186 4133 onusque
1210 4062 1480 4125 declines;
1510 4059 1733 4126 adeptus
1773 4069 1877 4109 non
1906 4052 2133 4107 aliorum

555 4157 751 4229 judicia
779 4164 1075 4224 exspectes,
1105 4155 1149 4209 si
1179 4152 1391 4223 quando
1420 4152 1474 4206 in
1500 4149 1748 4204 delictum
1796 4143 1998 4200 incidas
2046 4141 2141 4196 de-

557 4251 824 4321 positione
861 4248 1110 4319 dignum,
1161 4247 1256 4302 sed
1296 4250 1639 4300 antevertens
1682 4240 1907 4310 teipsum
1953 4237 2139 4292 abillo

557 4356 781 4397 munere
805 4339 1076 4396 exturbes.
1100 4339 1190 4395 Sic
1215 4338 1355 4394 enim
1384 4351 1480 4406 par
1507 4343 1591 4390 est
1618 4343 1677 4389 ut
1704 4331 1937 4388 divinam
1976 4332 2140 4385 mise-

557 4433 842 4492 ricordiam
873 4433 1124 4504 impetres
1154 4450 1166 4484 :
1197 4429 1337 4501 quod
1380 4428 1426 4483 si
1473 4435 1670 4498 praeter
1695 4423 1950 4480 decorum
1991 4421 2139 4476 obsi-

557 4538 687 4593 stas,
716 4535 770 4580 te
798 4525 1069 4595 indignum
1093 4523 1244 4577 venia
1267 4519 1565 4585 constituis,
1593 4516 1868 4588 magisque
1893 4513 1983 4569 Dei
2007 4513 2138 4567 iram

559 4616 805 4673 accendis
838 4659 854 4682 ,
921 4615 1048 4670 dum
1116 4612 1404 4670 secundum
1478 4609 1630 4665 addis
1713 4606 1952 4663 deterius
2011 4605 2140 4658 faci-

561 4727 682 4765 IIIIS.

632 4802 719 4856 11.
751 4797 1016 4870 Cupiditas
1059 4797 1369 4867 principatus
1410 4791 1708 4863 expellenda
1747 4806 1811 4845 ea:
1849 4789 2019 4843 animo
2055 4804 2142 4842 sa-

557 4891 1009 4948 cerdotis.—Sed
1060 4904 1216 4944 nemo
1257 4902 1505 4956 umquam
1553 4886 1654 4940 hoc
1699 4883 1930 4940 dedecus
1976 4883 2137 4935 susti-

558 4995 700 5041 neat.
731 4983 904 5041 Grave
932 4983 1128 5053 quippe
1155 4989 1253 5044 est,
1285 4994 1447 5050 grave
1476 4977 1764 5037 admodum
1802 4978 1942 5030 hunc
1969 4973 2139 5028 bono-

557 5094 671 5134 rem
715 5085 987 5147 appetere.
1029 5072 1087 5129 Id
1130 5088 1256 5128 vero
1299 5072 1454 5138 dico,
1501 5086 1605 5125 non
1642 5085 1765 5125 cum
1796 5069 1950 5123 beato
1976 5067 2140 5120 Paulo

557 5173 855 5233 decertans,
885 5167 980 5223 sed
1005 5167 1182 5221 verbis
1209 5163 1325 5236 ejus
1349 5165 1580 5220 maxime
1610 5161 1970 5217 consentiens.
2002 5157 2136 5226 Quid

558 5264 698 5315 eiiim
739 5262 813 5314 ait
856 5259 986 5314 ille?
1025 5257 1086 5312 Si
1126 5259 1239 5328 quis
1280 5257 1623 5327 episcopatum
1647 5253 1919 5314 desiderat,
1956 5249 2139 5303 bonum

557 5370 684 5424 opus
712 5353 960 5406 desiderat
986 5351 1060 5424 (1.
1087 5349 1224 5405 Tim.
1254 5350 1303 5405 5.
1332 5347 1411 5421 1).
1444 5347 1554 5418 Ego
1581 5360 1711 5400 vero
1737 5358 1841 5397 non
1865 5357 2019 5411 opus,
2043 5340 2138 5395 sed

556 5445 927 5500 auctoritatem
953 5454 1008 5501 et
1027 5446 1313 5516 potentiam
1335 5440 1641 5496 desiderare
1665 5451 1825 5508 grave
1851 5434 1972 5490 dico
1997 5449 2134 5489 esse.

558 5537 811 5609 Ilancqne
851 5537 1332 5606 concupiscentiam
1377 5542 1488 5588 toto
1529 5530 1705 5586 studio
1733 5527 1800 5582 ab
1829 5526 2009 5582 animo
2046 5525 2138 5579 de-

558 5629 894 5698 turbandam,
914 5642 1085 5700 neque
1106 5627 1186 5680 vel
1203 5627 1350 5680 initio
1371 5622 1704 5679 retinendam
1721 5618 1997 5685 censeo,nt
2017 5631 2137 5671 cum

559 5724 804 5780 libertate
828 5720 1004 5776 omnia
1045 5718 1220 5774 facere
1252 5717 1440 5788 possit.
1471 5714 1604 5771 Nam
1631 5712 1718 5784 qui
1749 5727 1852 5766 non
1880 5710 2137 5779 concupi-

557 5815 659 5869 scit
687 5815 740 5868 in
766 5813 866 5868 hac
884 5820 1146 5882 potestate
1173 5808 1475 5878 splendere,
1500 5807 1544 5862 is
1566 5821 1696 5860 sane
1725 5803 1996 5860 deturbari
2030 5818 2134 5857 non

555 5907 805 5962 formidat
834 5922 846 5958 :
879 5905 923 5960 si
950 5918 1054 5958 non
1083 5901 1360 5968 formidet,
1391 5915 1512 5957 cum
1547 5915 1608 5957 ea
1644 5915 1763 5969 quae
1801 5897 2132 5955 Christianos

1228 457 1284 514 S.
1327 448 1603 511 JOANNIS
1638 437 2112 502 CIIRYSOSTORII
2156 433 2465 489 ARCIIIEP.
2505 429 3046 488 CONSTANTINOP.

3681 430 3778 482 648

2209 568 2362 622 decet
2395 566 2637 621 libertate
2681 566 2856 620 omnia
2885 565 3060 619 facere
3101 567 3307 635 poterit.
3338 564 3516 634 Itaque
3543 566 3637 636 qui
3666 566 3784 623 inde

2209 659 2473 713 deturbari
2501 667 2741 712 metuunt
2765 672 2826 711 ac
2846 655 3151 720 formidant,
3173 657 3361 712 duram
3389 658 3676 728 multisque
3707 661 3786 713 in-

2209 753 2504 808 commodis
2526 751 2771 808 refertam
2793 751 3058 811 sustinent
3080 750 3408 816 servitutcm,
3433 760 3592 820 atque
3616 753 3670 806 in
3697 753 3786 806 ho-

2211 845 2411 899 minum
2455 844 2724 914 ipsiusque
2776 843 2866 915 Dei
2920 841 3269 896 offensionem
3321 843 3594 898 incurrere
3650 859 3792 912 saepe
3875 882 3878 886 η

2213 946 2495 1007 Coguntur.
2528 935 2645 990 Non
2689 936 2767 990 sic
2811 945 2988 990 autem
3031 936 3205 989 anima
3236 934 3422 990 affecta
3449 950 3572 992 esse
3601 935 3793 999 debet;

2214 1028 2306 1083 sed
2339 1027 2784 1096 quemadmodum
2813 1028 2868 1081 in
2900 1027 3096 1096 prmliis
3136 1039 3383 1081 strenuos
3421 1029 3621 1082 milites
3649 1029 3794 1082 vide-

2217 1135 2334 1174 mus
2363 1121 2612 1174 alacriter
2636 1135 2890 1190 pugnare,
2925 1119 3234 1187 fortiterque
3261 1118 3473 1182 cadere,
3507 1119 3579 1173 ita
3603 1129 3659 1174 et
3685 1134 3796 1186 eos,

2215 1213 2302 1282 qui
2330 1211 2398 1266 ad
2427 1212 2526 1265 hoc
2551 1211 2901 1266 ministerium
2929 1211 3209 1277 accedunt,
3243 1225 3338 1281 par
3361 1219 3443 1265 est
3463 1218 3519 1265 et
3539 1212 3795 1267 sacerdo-

2217 1307 2290 1360 tio
2319 1305 2494 1375 fungi,
2529 1314 2583 1359 et
2607 1320 2636 1357 a
2663 1304 2957 1374 principatu
2988 1304 3144 1372 dejici
3169 1318 3236 1358 eo
3263 1303 3420 1357 modo
3443 1345 3456 1365 ,
3499 1319 3609 1374 quo
3645 1304 3801 1361 Chri-

2217 1397 2420 1451 stianos
2448 1397 2592 1450 viros
2631 1396 2822 1462 decet,
2852 1411 2972 1450 cum
3013 1396 3184 1451 sciant
3211 1397 3369 1466 talem
3405 1395 3798 1465 depositionem

2219 1504 2323 1543 non
2355 1490 2612 1543 minorem
2633 1531 2649 1555 ,
2680 1503 2836 1559 quam
2865 1487 3038 1560 ipsum
3069 1489 3412 1558 principatum
3433 1528 3449 1553 ,
3479 1488 3685 1543 referre
3709 1503 3798 1544 co-

2218 1598 2422 1637 ronam.
2448 1583 2671 1651 Quando
2696 1583 2838 1638 enim
2866 1581 3016 1652 quis,
3057 1591 3116 1636 ut
3157 1580 3288 1635 nihil
3333 1581 3642 1636 indecorum
3668 1624 3687 1647 ,
3720 1584 3798 1636 vel

2220 1676 2460 1745 dignitati
2504 1690 2608 1730 non
2651 1683 3067 1730 consentaneum
3106 1674 3393 1741 sustineat,
3437 1673 3611 1728 simile
3643 1673 3799 1743 quid-

2223 1767 2359 1835 piam
2395 1766 2608 1834 patitur,
2637 1775 2694 1821 et
2717 1779 2776 1820 se
2803 1764 2998 1835 injuste
3035 1763 3423 1834 deponentibus
3457 1763 3800 1834 supplicium,

2222 1869 2276 1914 et
2304 1859 2558 1928 majorem
2587 1858 2686 1914 sibi
2717 1857 3018 1914 mercedem
3042 1859 3059 1889 ³
3083 1866 3332 1928 procurat
3359 1875 3372 1912 :
3397 1873 3517 1912 nam
3536 1857 3714 1922 Beati,
3734 1857 3802 1911 in-

2223 1951 2355 2019 quit,
2389 1950 2524 2016 estis,
2547 1966 2661 2003 cum
2684 1949 3090 2020 exprobraverint
3113 1964 3199 2003 vos
3227 1957 3272 2003 et
3295 1949 3577 2019 persequuti
3595 1949 3802 2018 fuerint,

2225 2053 2271 2097 et
2299 2043 2520 2096 dixerint
2543 2057 2689 2096 omne
2712 2041 2903 2095 malum
2927 2041 3131 2095 verbum
3157 2039 3422 2094 adversum
3443 2055 3529 2093 vos
3557 2040 3803 2093 mentien-

2225 2142 2297 2188 tes
2318 2174 2335 2200 ,
2381 2142 2586 2203 propter
2614 2149 2693 2186 me
2716 2149 2736 2186 :
2764 2132 2976 2204 gaudete
3003 2141 3049 2186 et
3077 2131 3324 2185 exsultate
3345 2172 3360 2197 ,
3399 2131 3516 2200 quia
3552 2133 3714 2183 multa
3738 2141 3805 2184 est

2225 2243 2416 2281 merces
2444 2236 2606 2280 vestra
2633 2226 2687 2279 in
2721 2225 2858 2280 cretis
2894 2225 3105 2296 (Matth.
3130 2223 3185 2278 5.
3213 2224 3302 2278 11.
3327 2223 3433 2294 12).
3460 2223 3525 2277 Et
3547 2221 3669 2278 ha‘c
3686 2238 3805 2277 cum

2225 2334 2257 2374 a
2283 2319 2683 2384 comministris,
2709 2318 2789 2374 vel
2818 2333 2912 2388 per
2934 2317 3207 2383 invidiam,
3229 2317 3312 2372 vel
3342 2317 3408 2370 ad
3438 2317 3666 2372 aliorum
3685 2333 3808 2386 gra-

2227 2411 2378 2475 tiam,
2409 2411 2494 2465 vcl
2525 2426 2622 2480 per
2648 2410 2999 2477 inimicitiam,
3027 2408 3111 2464 vel
3138 2408 3241 2462 alia
3271 2407 3494 2478 quadam
3532 2424 3640 2463 non
3665 2419 3808 2465 recta

2227 2505 2454 2570 ratione,
2483 2506 2601 2574 quis
2628 2519 2695 2559 ex
2723 2505 2842 2559 loco
2868 2517 2966 2559 suo
2992 2514 3254 2559 movetur.
3277 2505 3406 2558 Cum
3426 2511 3604 2558 autem
3624 2505 3692 2558 ab
3710 2504 3777 2559 ad
3795 2536 3811 2546 -

2227 2597 2479 2653 versariis
2507 2597 2558 2652 id
2589 2598 2806 2667 patitur,
2835 2597 2977 2652 nulla
3011 2609 3138 2667 puto
3163 2611 3283 2652 esse
3307 2597 3548 2652 oratione
3581 2613 3720 2666 opus
3743 2597 3811 2651 ad

2231 2689 2434 2745 lucrum
2467 2689 2938 2744 demonstrandum
2963 2731 2979 2757 ,
3011 2689 3150 2758 quod
3179 2689 3376 2744 malitia
3409 2704 3500 2744 sua
3527 2690 3626 2758 ipsi
3655 2691 3814 2744 colli-

2230 2790 2378 2851 gunt.
2403 2780 2458 2834 Id
2485 2795 2612 2851 ergo
2637 2781 2869 2850 undique
2909 2779 3440 2849 circumspiciendum
3477 2790 3531 2834 et
3563 2790 3815 2838 accurate

2231 2872 2611 2940 explorandum
2640 2881 2743 2937 est,
2763 2887 2841 2934 ,ne
2869 2886 2971 2942 qua
2999 2870 3250 2926 desiderii
3281 2871 3422 2926 illius
3449 2871 3681 2926 scintilla
3713 2887 3808 2927 ar-

2233 2963 2366 3018 dens
2398 2965 2575 3020 lateat.
2597 2963 2899 3034 Optandum
2927 2965 3123 3035 quippe
3159 2974 3240 3020 est
3265 2977 3359 3018 eos
3377 3005 3392 3028 ,
3415 2965 3501 3034 qui
3531 2963 3682 3019 initio
3711 2964 3815 3020 hoc

2235 3055 2421 3111 morbo
2447 3056 2598 3111 liberi
2629 3057 2802 3122 fuere,
2833 3056 2920 3111 ubi
2949 3055 3016 3110 ad
3040 3054 3339 3125 hujusmodi
3365 3054 3673 3123 dignitatem
3693 3071 3817 3127 per—

2236 3149 2502 3212 venerint,
2521 3148 2666 3203 illum
2690 3148 2924 3218 effugere
2942 3161 3116 3216 posse.
3135 3145 3284 3214 Quod
3307 3144 3352 3200 si
3371 3145 3511 3216 quis,
3529 3155 3818 3217 antequam

2234 3240 2490 3297 honorem
2521 3242 2668 3297 illum
2694 3251 3024 3312 assequatur,
3047 3239 3184 3296 hanc
3202 3254 3397 3295 saevam
3421 3240 3820 3311 immanemque

2237 3333 2399 3388 feram
2428 3349 2591 3404 penes
2626 3349 2686 3389 se
2716 3333 2949 3400 nutriat,
2979 3332 3084 3387 dici
3113 3332 3294 3401 nequit
3335 3331 3386 3385 in
3427 3339 3675 3402 quantam
3705 3332 3822 3386 for-

2238 3440 2423 3481 nacem
2450 3425 2597 3480 illum
2623 3435 2808 3482 nactus
2831 3440 2889 3480 se
2917 3424 3184 3493 conjiciat.
3206 3421 3313 3478 Nos
3339 3431 3516 3478 autem
3553 3421 3573 3497 (
3595 3439 3662 3478 ne
3687 3439 3822 3478 vero

2239 3527 2391 3587 putes
2419 3515 2695 3572 modestia:
2723 3532 2881 3572 causa
2923 3531 3010 3572 me
3045 3515 3308 3572 ullatenus
3345 3513 3485 3585 apud
3525 3523 3575 3570 te
3603 3518 3820 3571 mentiri

2237 3607 2410 3682 velle)
2438 3625 2624 3680 magna
2657 3608 2958 3678 hujusmodi
2999 3607 3246 3677 cupidine
3275 3615 3554 3662 tenemur:
3579 3621 3699 3675 qua:
3729 3621 3823 3662 res

2239 3715 2342 3756 una
2364 3715 2485 3756 cum
2511 3699 2630 3755 aliis
2653 3699 2898 3770 omnibus
2922 3713 3031 3754 non
3056 3713 3241 3768 parum
3263 3712 3363 3753 nos
3386 3696 3662 3760 exterruit,
3683 3707 3740 3752 et
3765 3698 3822 3752 in

2241 3792 2381 3848 hanc
2419 3791 2594 3863 fugam
2637 3792 2814 3847 vertit.
2854 3789 3310 3858 Quemadmodum
3347 3787 3488 3844 enim
3534 3801 3822 3858 corporum

2241 3896 2505 3942 amatores
2521 3928 2537 3954 ,
2564 3885 2814 3957 quamdiu
2839 3884 2963 3939 licet
2985 3899 3106 3939 cum
3134 3881 3324 3946 amatis
3349 3881 3582 3945 versari,
3605 3883 3826 3951 gravio-

2241 3994 2355 4034 rem
2381 3978 2552 4034 morbi
2580 3977 2872 4034 cruciatnm
2902 3975 3121 4042 habent,
3151 3990 3272 4030 cum
3297 3983 3472 4029 autem
3502 3975 3687 4043 procul
3714 3975 3828 4028 illis

2242 4069 2593 4135 abducuntur,
2625 4078 2753 4124 tunc
2775 4067 3034 4123 insaniam
3063 4065 3359 4132 excutiunt,
3382 4065 3459 4120 sic
3482 4072 3537 4120 et
3560 4064 3650 4134 qui
3677 4065 3830 4132 prin-

2241 4165 2449 4234 cipatus
2494 4162 2646 4217 istius
2689 4159 2936 4230 cupidine
2980 4165 3258 4225 tenentur,
3296 4172 3415 4213 cum
3457 4169 3620 4224 penes
3669 4156 3823 4209 illum

2243 4263 2400 4320 sunt,
2448 4253 2588 4308 malo
2631 4250 2851 4308 ferendo
2889 4258 3014 4306 sunt
3056 4250 3319 4320 impares;
3366 4247 3453 4302 ubi
3502 4260 3630 4300 vero
3669 4260 3827 4313 Spem

2243 4347 2516 4413 amittunt,
2542 4361 2662 4402 eum
2685 4342 3079 4416 exspectatione
3098 4342 3265 4413 ipsam
3293 4338 3593 4411 cupidinem
3617 4339 3829 4391 exstin-

2242 4447 2428 4510 guunt.

2315 4529 2401 4584 12.
2431 4528 2871 4601 Sapientissimum
2894 4535 3123 4594 oportere
3142 4539 3250 4579 esse
3265 4521 3590 4578 sacerdotem.
3609 4549 3681 4560 —
3696 4517 3823 4572 Haec

2245 4637 2345 4676 una
2372 4635 2530 4675 causa
2565 4629 2647 4674 est
2681 4633 2786 4674 non
2824 4615 3109 4672 mediocris
3137 4633 3152 4670 :
3183 4629 3302 4684 qua:
3339 4614 3461 4667 licet
3493 4610 3605 4666 sola
3647 4623 3824 4674 esset,

2245 4730 2343 4770 nos
2365 4715 2432 4767 ab
2457 4715 2555 4769 hac
2579 4713 2831 4784 dignitate
2856 4726 3040 4766 arcere
3065 4717 3267 4781 posset.
3300 4707 3491 4761 Verum
3517 4715 3572 4760 et
3597 4705 3702 4759 alia
3731 4705 3828 4756 ad-

2243 4809 2385 4862 ditur
2416 4807 2514 4862 hac
2556 4823 2661 4862 non
2708 4805 2899 4861 minor.
2931 4803 3059 4870 Qua:
3101 4803 3224 4857 illa?
3267 4800 3578 4870 Vigilantem
3613 4809 3831 4868 oportet

2242 4901 2546 4970 episcopum
2577 4913 2695 4954 esse
2715 4939 2730 4961 ,
2763 4897 3119 4968 perspicacem
3141 4935 3154 4958 ,
3186 4902 3242 4947 et
3273 4891 3564 4946 innumeris
3593 4891 3832 4959 undique

2243 4994 2520 5065 prmditum
2546 4992 2733 5054 oculis,
2762 4998 2948 5059 utpote
2969 4988 3054 5056 qui
3082 5001 3186 5040 non
3213 4984 3313 5039 sibi
3334 4983 3525 5042 solum.
3549 4982 3643 5036 sed
3668 4991 3830 5036 tanta:

2243 5084 2562 5140 multitudini
2583 5085 2723 5136 vivat
2743 5082 2818 5154 (1.
2841 5080 2972 5136 Tim.
2996 5081 3048 5134 3.
3066 5077 3146 5147 2).
3166 5076 3272 5130 Nos
3293 5090 3419 5130 vero
3435 5086 3627 5144 segnes
3646 5086 3831 5126 sumus

2242 5187 2296 5231 ct
2324 5176 2565 5242 remissi,
2594 5185 2647 5228 et
2685 5181 2880 5228 nostrae
2907 5171 3061 5226 saluti
3099 5169 3184 5222 vix
3227 5165 3570 5222 sufﬁcientes.
3603 5163 3720 5218 Hoc
3749 5164 3829 5216 vel

2244 5279 2353 5324 tute
2381 5271 2596 5330 fateare,
2620 5267 2706 5336 qui
2733 5265 2961 5319 maxime
2985 5263 3219 5316 omnium
3245 5258 3488 5314 amicitia:
3507 5270 3671 5312 causa
3695 5256 3830 5310 mala

2243 5371 2422 5417 nostra
2449 5361 2699 5428 obtegere
2727 5355 2956 5412 conaris.
2987 5353 3064 5408 Ne
3103 5353 3229 5406 mihi
3263 5352 3403 5406 enim
3443 5348 3530 5403 hic
3568 5347 3830 5417 jejunium

2241 5455 2455 5524 alleges,
2480 5453 2561 5506 vel
2590 5451 2811 5518 vigilias,
2835 5447 2919 5503 vel
2947 5447 3091 5501 humi
3113 5445 3468 5508 cubationetn,
3492 5450 3547 5496 et
3570 5439 3828 5510 reliquam

2241 5545 2479 5615 corporis
2509 5543 2921 5596 macerationem
2948 5557 2961 5594 :
2990 5553 3111 5593 nam
3140 5544 3394 5604 quantum
3417 5533 3485 5589 ab
3511 5531 3597 5589 bis
3615 5533 3833 5588 virtuti-

2243 5639 2339 5693 bus
2363 5637 2598 5692 absimus
2630 5650 2733 5689 non
2761 5633 2994 5704 ignoras.
3028 5627 3244 5686 Etiamsi
3274 5641 3402 5684 vero
3433 5640 3462 5681 a
3488 5625 3646 5682 nobis
3667 5638 3830 5679 accu-

2311 5904 2326 5934 ¹
2366 5898 2468 5961 Alii,
2490 5899 2713 5946 honorem
2729 5889 2974 5952 procurat.
