3864 6242
54 335 155 391 σι’]

54 470 135 504 σει
162 465 188 492 ι
216 451 443 515 δικαίως
474 452 603 522 ἡμῖν
629 449 727 503 οὐκ
748 449 923 522 ὀρθῶς
947 450 1118 521 αὐτὴν
1149 453 1635 523 μεταχειρίζουσιν.
1661 454 1735 505 Ού

50 540 162 609 γὰρ
191 540 337 611 αὐτὴ
364 538 474 592 τῶν
500 539 809 610 εἰρημένων
842 540 973 609 ἡμῖν
1012 538 1162 592 αἰτία
1192 539 1399 605 κακῶν,
1434 541 1550 594 ἀλλ’
1577 542 1738 611 ἡμεῖς

50 629 225 699 αὐτὴν
255 627 557 692 τοσούτοις,
593 627 655 680 τό
685 644 749 696 γε
777 629 857 690 εἰς
887 628 1033 698 ἡμᾶς
1050 622 1207 699 ἦκον,
1239 628 1737 700 κατερρυπάναμεν

55 717 386 786 μολυσμοῖς,
421 714 731 787 ἀνθρώποις
771 718 884 776 τοῖς
911 714 1168 785 τυχοῦσιν
1209 717 1611 787 ἐγχειρίζοντες
1642 718 1740 771 αύο

50 781 171 875 τήν·
197 781 255 857 οῖ
278 821 343 871 γε
377 801 499 857 οὔτε
526 781 631 867 τάς
664 802 874 856 ἑαυτῶν
903 781 1169 874 πρότερον
1198 781 1608 876 καταμαθόντες
1632 806 1737 877 ψυ-
1767 781 1815 834 π

52 891 176 960 χάς,
212 889 343 944 οὔτε
378 892 459 955 είς
486 889 580 943 τὸν
618 890 712 943 τοῦ
747 889 1072 960 πράγματος
1109 890 1271 959 δγκον
1311 892 1735 963 ἀποϐλέψαντες,

50 978 307 1048 δέχονται
336 978 437 1048 μὲν
465 977 763 1049 προθύμως
788 978 852 1031 rb
874 978 1168 1049 διδόμενον,
1203 980 1365 1050 ἡνίκα
1392 980 1436 1033 δ’
1474 980 1539 1034 ἂν
1572 982 1650 1046 είς
1677 981 1739 1035 τὸ

52 1067 324 1137 πράττειν
362 1066 612 1131 ἔλθωσιν,
656 1066 760 1120 ὑπὸ
788 1066 890 1137 τῆς
920 1067 1177 1138 ἀπειρίας
1223 1067 1594 1139 σκοτούμενοι,
1638 1086 1739 1139 μυ-

54 1156 187 1226 ρίων
218 1155 541 1226 ἐμπιπλῶσι
577 1155 759 1210 κακῶν
790 1154 884 1219 οὒς
919 1155 1318 1227 ἐπιστεύθησαν
1362 1157 1543 1220 λαούς.
1568 1156 1740 1211 Τοῦτο

51 1243 143 1314 δὴ,
172 1242 363 1308 τοῦτο,
394 1246 532 1314 ὅπερ
562 1244 656 1298 καὶ
685 1244 773 1313 ἐφ’
807 1243 965 1314 ἡμῶν
1000 1243 1198 1316 μικροῦ
1228 1245 1339 1298 δεῖν
1369 1245 1563 1316 ἔμελλε
1590 1244 1737 1313 γίνε-

54 1331 207 1392 σθαι,
244 1332 299 1384 εί
328 1331 404 1401 μὴ
435 1330 645 1401 ταχέως
673 1332 822 1401 ἡμᾶς
861 1332 889 1385 6
933 1330 1065 1395 Θεὸς
1089 1330 1198 1385 τῶν
1224 1332 1485 1387 κινδύνων
1520 1334 1739 1386 ἐκείνων

61 1419 376 1485 ἐξείλκυσε,
402 1418 497 1472 καὶ
526 1418 629 1488 τῆς
672 1418 998 1489 Ἐκκλησίας
1035 1419 1136 1486 τῆς
1164 1419 1329 1473 αὑτοῦ
1360 1421 1454 1475 καὶ
1481 1421 1579 1491 τῆς
1602 1422 1740 1491 ἠμε-

52 1506 219 1578 τέρας
250 1506 567 1576 φειδόμενος
586 1505 785 1578 ψυχῆς.
828 1508 982 1560 Ἐπεὶ
1015 1507 1180 1561 πόθεν
1200 1509 1254 1574 b,
1289 1510 1409 1562 είπέ
1440 1528 1550 1581 μοι,
1583 1508 1740 1579 νομί-

53 1597 171 1658 ζεις
207 1594 317 1659 τὰς
339 1594 608 1659 τοσαύτας
648 1596 706 1649 ἐν
731 1597 852 1659 ταῖς
886 1594 1234 1666 Ἐκκλησίαις
1261 1596 1540 1651 τίκτεσθαι
1572 1613 1740 1669 ταρα-

52 1684 196 1755 χάς;
248 1683 396 1752 Ἐγὼ
420 1683 517 1754 μὲν
543 1682 649 1755 γάρ
674 1683 796 1737 οὐδὲ
825 1682 1046 1738 ἄλλοθέν
1068 1684 1253 1750 ποθεν,
1284 1680 1458 1756 οἶμαι,
1482 1686 1516 1757 ἢ
1551 1686 1614 1739 ἐκ
1644 1684 1739 1739 τοῦ

50 1772 153 1833 τὰς
194 1770 312 1823 τῶν
352 1768 711 1841 προεστώτων
753 1770 995 1842 αἱρέσεις
1037 1773 1133 1826 καὶ
1167 1772 1395 1841 ἐκλογὰς
1427 1772 1612 1837 ἀπλῶς
1647 1773 1741 1826 καὶ

52 1858 128 1920 ὡς
161 1856 330 1928 ἔτυχε
368 1856 635 1925 γίνεσθαι.
662 1857 775 1929 Τὴν
802 1858 911 1926 γάρ
941 1859 1184 1931 κεφαλὴν
1213 1859 1574 1932 ἰσχυροτάτην
1601 1855 1741 1912 εἶναι

50 1944 229 2015 ἐχρῆν
256 1957 313 2009 ε,
343 1945 432 1999 ἴνα
454 1946 577 2009 τοὺς
609 1947 675 1998 ἐκ
707 1944 801 1998 τοῦ
829 1946 1019 2000 λοιποῦ
1050 1948 1298 2019 σώματος
1336 1947 1577 2002 κάτωθεν
1603 1964 1743 2018 πεμ-

53 2033 340 2105 πομένους
372 2035 579 2105 ἀτμοὺς
604 2036 877 2104 πονηροὺς
903 2035 1124 2090 διοικεῖν
1151 2038 1245 2091 καὶ
1269 2039 1349 2101 εἰς
1376 2037 1436 2090 τὸ
1462 2037 1579 2090 δέον
1608 2038 1745 2091 καθ-

53 2125 214 2194 ιστᾷν
248 2123 497 2195 δύνηται.
523 2124 691 2178 Ὅταν
732 2123 843 2195 γὰρ
882 2123 910 2163 ἀ
948 2125 1070 2179 καθ’
1101 2125 1302 2197 ἑαυτὴν
1330 2126 1564 2197 ἀσθενὴς
1608 2122 1743 2181 οὖσα

49 2212 223 2282 τύχῃ,
255 2210 361 2275 τὰς
386 2213 697 2275 νοσοποιοὺς
717 2211 933 2276 ἐκείνας
963 2213 1270 2285 προσϐολάς
1300 2214 1744 2287 ἀποκρούσασθαι

56 2297 138 2369 μὴ
184 2298 493 2368 δυναμένη,
530 2299 669 2370 αὐτή
716 2317 777 2353 τε
809 2300 1175 2373 ἀσθενεστέρα
1214 2301 1413 2373 μᾶλλον
1447 2302 1593 2374 ἤπερ
1628 2304 1745 2356 ἐστὶ

50 2387 417 2450 καθίσταται,
468 2387 563 2440 καὶ
612 2387 673 2441 rb
719 2387 902 2443 λοιπὸν
946 2390 1065 2461 μεθ’
1094 2391 1294 2463 ἑαυτῆς
1343 2391 1745 2463 προσαπόλλυσι

51 2477 247 2547 σῶμα.
289 2477 465 2549 Ὅπερ
505 2476 592 2528 ῖνα
629 2476 705 2547 μὴ
739 2476 833 2530 καὶ
856 2477 950 2532 νῦν
980 2478 1228 2549 γένηται,
1265 2480 1323 2532 ἐν
1356 2483 1421 2550 τῇ
1453 2480 1606 2545 τάξει
1635 2481 1745 2535 τῶν

50 2564 244 2617 ποδῶν
267 2564 418 2633 ἡμᾶς
438 2563 702 2632 ἐφύλαξεν
730 2567 759 2617 6
781 2564 933 2628 Θεὸς,
962 2565 1140 2637 ἥνπερ
1166 2566 1261 2619 καὶ¹
1282 2566 1549 2638 ἐλάχομεν
1568 2568 1628 2634 ἐξ
1648 2570 1748 2640 ἀρ-

49 2652 183 2722 χῆς.
218 2651 403 2706 Πολλά
451 2652 559 2721 γάρ
600 2654 770 2717 ἐστιν,
815 2647 861 2706 ὦ
888 2653 1159 2718 Βασίλειε,
1192 2656 1331 2725 πρὸς
1374 2658 1486 2720 τοῖς
1517 2657 1745 2728 εἰρημέ-

48 2758 197 2804 νοις,
242 2739 419 2793 πολλὰ
447 2740 629 2811 ἕτερα,
667 2740 703 2793 ἀ
727 2741 819 2793 τὸν
848 2741 1144 2812 ἱερωμένον
1173 2741 1318 2812 ἔχειν
1348 2744 1475 2814 χρὴ,
1502 2746 1667 2814 ἡμεῖς
1689 2744 1745 2797 δὲ

46 2831 161 2882 οὐκ
200 2829 423 2900 ἔχομεν·
460 2831 555 2884 καὶ
598 2831 705 2901 πρό
742 2848 806 2900 γε
834 2832 946 2885 τῶν
977 2833 1152 2887 ἄλλων
1186 2835 1380 2888 ἐκεῖνο·
1412 2836 1748 2907 πανταχόθεν

47 2918 215 2988 αὐτῷ
242 2919 347 2988 τῆς
379 2918 473 2972 τοῦ
506 2919 829 2990 πράγματος
859 2919 1154 2992 ἐπιθυμίας
1178 2921 1507 2993 καθαρεύειν
1536 2925 1618 2979 δεῖ
1650 2925 1749 2998 τὴν

46 3006 268 3076 ᾢυχήν·
308 3004 386 3068 ὡς
414 3004 510 3059 ἐὰν
535 3006 869 3077 προσπαθῶς
896 3007 1031 3078 πρὸς
1054 3007 1258 3079 ταύτην
1294 3008 1634 3083 διακείμενος
1654 3012 1749 3066 τύ-

48 3111 127 3166 χῃ
155 3095 261 3166 τὴν
287 3095 484 3167 ἀρχὴν,
503 3096 791 3166 γενόμενος
815 3097 904 3149 ἐπ’
926 3098 1117 3169 αὐτῆς,
1145 3100 1498 3174 ἰσχυροτέραν
1520 3104 1749 3159 ἀνάπτει

47 3186 161 3253 τὴν
212 3183 415 3253 φλόγα,
454 3185 550 3237 καὶ
582 3184 725 3239 κατά
762 3185 964 3257 κράτος
994 3185 1177 3251 ἁλοὺς,
1218 3189 1359 3262 ὑπὲρ
1391 3189 1486 3243 τοῦ
1525 3190 1750 3261 βεϐαίαν

47 3269 223 3344 [588]
255 3271 404 3341 ἔχειν
421 3272 590 3345 αὐτὴν
615 3273 785 3344 μυρία
812 3274 1075 3345 ὑπομένει
1104 3276 1273 3342 δεινὰ,
1293 3277 1397 3332 κᾶν
1424 3280 1750 3335 κολακεῦσαι

46 3362 179 3433 δέῃ,
213 3360 324 3414 κᾶν
354 3362 582 3430 ἀγεννές
614 3380 668 3415 τι
692 3363 787 3416 καὶ
806 3363 1024 3430 ἀνάξιον
1064 3365 1375 3437 ὑπομεῖναι,
1408 3367 1509 3421 κᾶν
1537 3372 1753 3441 χρήμα-

45 3467 122 3500 τα
160 3448 450 3502 ἀναλῶσαι
480 3448 649 3504 πολλά
676 3461 721 3502 ο.
767 3450 1019 3523 Ὀτι’γάρ
1056 3453 1147 3505 καὶ
1177 3454 1352 3523 φόνων
1386 3454 1484 3518 τάς
1517 3456 1749 3528 Ἐκκλη-

48 3537 189 3599 σίας
224 3535 537 3605 ἐνέπλησάν
575 3554 739 3604 τινες,
767 3538 860 3590 καὶ
899 3538 1079 3602 πόλεις
1118 3540 1452 3605 ἀναστάτους
1488 3542 1751 3615 ἐποίησαν

48 3626 211 3697 ὑπὲρ
234 3624 447 3695 ταύτης
476 3624 774 3696 μαχόμενοι
801 3625 900 3697 τῆς
928 3626 1126 3698 ἀρχῆς,
1154 3628 1391 3700 παρίημι
1414 3629 1531 3697 νῦν,
1559 3630 1633 3703 μὴ
1660 3635 1754 3685 καὶ

45 3716 278 3768 ἄπιστα
324 3712 460 3778 δόξω
494 3713 673 3782 λέγειν
712 3714 874 3768 τισίν.
930 3715 1131 3787 Ἐχρῆν
1162 3716 1240 3780 δέ,
1282 3712 1453 3788 οἶμαι,
1485 3719 1751 3791 τοσαύτην

48 3802 158 3856 τοῦ
192 3802 529 3873 πράγματος
563 3801 708 3873 ἔχειν
741 3802 1155 3867 εύλάϐειαν,·ὠς
1192 3804 1414 3877 καὶτῆς
1446 3807 1623 3877 ἀρχῆς
1656 3808 1751 3861 ἐκ-

46 3893 268 3959 φυγεῖν
300 3890 391 3943 τὸν
419 3889 602 3959 ὄγκον,
636 3891 730 3943 καὶ
759 3890 898 3961 μετά
924 3890 985 3943 τὸ
1013 3891 1264 3959 γενέσθαι
1295 3893 1355 3945 ἐν
1388 3895 1525 3965 αὐτῇ
1555 3895 1629 3965 μὴ
1660 3913 1749 3948 πε-

50 3978 328 4051 ριμένειν
384 3977 481 4041 τὰς
527 3980 658 4047 παρ’
693 3978 897 4049 ἐτέρων
947 3980 1180 4050 κρίσεις,
1230 3980 1281 4032 εί
1333 3997 1463 4033 ποτε
1515 3981 1755 4052 συμϐαίη

48 4066 403 4136 καθαίρεσιν
444 4065 624 4120 ἱκανὸν
658 4066 996 4137 ἐργάσασθαι
1028 4068 1355 4139 ἁμάρτημα,
1390 4068 1525 4122 ἀλλά
1555 4070 1757 4141 προλα-

47 4155 239 4206 ϐάντα
269 4150 557 4205 ἐκϐάλλειν
585 4153 776 4206 ἑαυτὸν
812 4154 910 4224 τῆς
953 4154 1149 4226 ἀρχῆς.
1199 4155 1354 4209 υῦτω
1398 4157 1495 4226 μὲν
1530 4159 1639 4229 γάρ
1666 4162 1758 4212 καὶ

45 4242 224 4293 ἔλεον
256 4238 665 4294 ἐπισπάσασθαι
691 4239 844 4310 παρὰ
868 4239 961 4293 τοῦ
994 4240 1131 4294 Θεοῦ
1152 4242 1297 4305 εἰκὸς
1319 4238 1408 4314 ἦν·
1444 4244 1507 4297 rb
1539 4244 1597 4297 δέ
1634 4246 1759 4300 ἀντι

46 4328 306 4400 έχεσθαι
344 4328 494 4398 παρὰ
525 4328 585 4381 rb
613 4328 822 4399 πρέπον
858 4329 959 4398 τῆς
983 4329 1139 4394 ἀξίας
1179 4331 1360 4403 πάσης
1391 4334 1583 4387 ἐαυτὸν
1618 4336 1756 4388 ἀπο-

46 4419 295 4488 στερεῖν
328 4415 661 4486 συγγνώμης
690 4417 827 4481 ἐστὶ,
860 4418 953 4470 καὶ
983 4418 1184 4489 μᾶλλον
1218 4420 1461 4473 ἐκκαίειν
1499 4422 1592 4475 τοῦ
1620 4423 1757 4476 Θεοῦ

44 4506 167 4575 τὴν
228 4502 422 4574 ὀργὴν,
473 4502 725 4575 δεύτερον
771 4503 1155 4576 χαλεπώτερον
1209 4506 1529 4575 προσθέντα
1570 4509 1756 4581 πλημ-

49 4594 334 4665 μέλημα·

138 4688 249 4735 ια’.
286 4680 426 4732 Ἀλλ’
466 4680 641 4743 οὐδεὶς
680 4680 930 4745 ἀνέξεταί
968 4698 1120 4736 ποτε.
1150 4683 1334 4735 Δεινὸν
1366 4683 1474 4755 γὰρ
1508 4684 1754 4755 ἀληθῶς,

40 4770 255 4827 δεινὸν
283 4769 348 4822 rb
368 4769 571 4839 ταύτης
590 4769 873 4840 γλίχεσθαι
895 4771 996 4841 τῆς
1016 4771 1203 4842 τιμῆς.
1225 4773 1338 4825 Καὶ
1362 4773 1425 4825 ού
1454 4775 1760 4844 μαχόμενος

41 4859 141 4929 τῷ
174 4857 448 4929 μακαρίῳ
470 4857 667 4930 Παύλῳ
690 4858 864 4912 ταῦτα
888 4858 1052 4927 λέγω,
1078 4860 1215 4915 ἀλλά
1235 4862 1328 4915 καὶ
1351 4863 1492 4916 πάνυ
1525 4863 1762 4934 συνᾴδων

43 4944 251 5001 αὑτοῦ
298 4948 413 5008 τοῖς
456 4948 685 5017 ῥήμασι.
723 4948 789 5000 Τί
816 4947 926 5019 γὰρ
959 4950 1165 5013 ἐκεῖνός
1194 4953 1487 5022 φησινςΕἷ
1519 4969 1609 5017 τις
1637 4952 1763 5005 ἐπι-

43 5037 333 5107 σκοπῆς
362 5038 648 5108 ὀρέγεται,
684 5040 875 5095 καλοῦ
911 5040 1089 5111 ἔργου
1122 5042 1412 5112 ἐπιθυμεῖ.
1450 5042 1590 5112 Ἐγὼ
1617 5044 1673 5097 δὲ
1702 5044 1762 5097 ού

42 5130 161 5182 τοῦ
191 5126 391 5198 ἔργου,
415 5127 518 5197 τῆς
542 5127 597 5180 δὲ
623 5128 906 5192 αύθεντίας
928 5129 1023 5183 καὶ
1046 5130 1359 5193 δυναστείας
1386 5131 1673 5201 ἐπιθυμεῖν
1696 5127 1767 5185 εί-

47 5236 174 5273 πον
208 5211 356 5269 εἶναι
382 5215 577 5269 δεινόν.
608 5217 719 5270 Καὶ
757 5217 947 5270 τοῦτον
973 5214 1125 5289 οἶμαι
1162 5220 1271 5272 δεῖν
1296 5219 1387 5272 τὸν
1423 5221 1586 5274 πόθον
1620 5220 1766 5293 πάσῃ
1790 5223 1815 5234 “

46 5305 294 5375 σπουδῇ
334 5304 437 5373 τῆς
475 5302 655 5375 ψυχῆς
685 5304 923 5371 ἐξωθεῖν,
957 5308 1050 5360 καὶ
1082 5307 1217 5378 μηδέ
1256 5307 1354 5379 τὴν
1382 5309 1557 5379 ἀρχὴν
1598 5327 1765 5363 κατα-

43 5397 350 5471 σχεθῆναι
374 5396 546 5465 αὐτὴν
586 5395 676 5447 ὑπ’
709 5396 873 5449 αὐτοῦ
910 5401 1233 5468 συγχωρεῖν,
1280 5399 1365 5451 ἵνα
1399 5401 1517 5469 μετ’
1550 5400 1797 5467 ἐλευθεοί

131 5540 161 5614 ξ
190 5536 432 5614 ξδνῖικᾶν
452 5536 704 5614 ἐγκαλέσῃ.
726 5537 862 5614 Unu_s
881 5537 989 5614 ch.
1014 5538 1101 5614 κᾶν
1118 5538 1398 5614 ἐγκαλέσαι.

126 5598 165 5638 δ
195 5600 357 5648 Savil.
386 5604 439 5647 et
461 5600 659 5658 quidam
680 5612 794 5647 mss.
820 5602 991 5660 ψυχῆς,
1016 5602 1046 5657 ἢ
1071 5600 1227 5648 πόθεν.

128 5667 172 5736 ε.
195 5660 357 5710 Savil.
384 5667 441 5736 [et
460 5660 634 5736 Mo'r'el.
660 5667 718 5736 ui
734 5662 785 5732 in
815 5666 981 5736 iexiu.
1010 5661 1226 5736 Quiggm‘
1240 5676 1354 5709 mss.
1401 5664 1440 5710 εἰ
1463 5664 1550 5726 γὰρ
1589 5666 1768 5727 κεφαλὴ

48 5728 124 5789 ἦν
152 5722 504 5799 ἔτινρῖτέῖηι·
533 5722 666 5799 ἔξω
682 5722 864 5799 δεῖίγάερ
886 5724 1368 5799 τὴιξιεεςιλὴκῖσιυρς

131 5788 167 5827 d
193 5784 357 5851 ᾓὲινςίι.
384 5784 793 5851 elglligaqiinss.
818 5785 928 5830 ὅταν
956 5785 1024 5851 δέ.
1052 5784 1222 5835 Morel.
1247 5784 1299 5835 οι
1324 5784 1407 5835 illii
1442 5789 1553 5837 ὅταν
1570 5788 1675 5851 γάρ.

130 5852 156 5873 ⁸
182 5848 395 5900 Addunt
417 5844 566 5910 aliqui
586 5845 721 5895 οὐδὲν
740 5846 1128 5909 παραιτούμενος.

1365 333 1454 388 DE
1486 334 1938 391 SACERDOTIO.
1976 335 2102 391 LIB.
2149 333 2235 390 ΙΙΙ.

3401 331 3507 389 διε

1845 454 1965 523 ρίας
2005 454 2221 507 ᾶπαντα
2249 450 2397 521 αύτῷ
2426 450 2685 522 πράττειν
2721 447 2836 519 ἐξῇ.
2876 448 2932 501 Ὀ
2958 447 3066 518 γάρ
3101 446 3201 502 οὐκ
3227 449 3511 520 ἐπιθυμῶν

1839 542 1931 595 ἐπὶ
1960 542 2163 611 ταύτης
2196 539 2472 611 δειχθῆναι
2498 538 2597 608 τῆς
2629 536 2877 601 ἐξουσίας
2905 537 3025 590 ούδέ
3064 536 3164 607 τὴν
3196 537 3515 607 καθαίρεσιν

1838 630 2010 700 αὐτῆς
2043 629 2300 693 δέδοικεν,
2337 627 2397 679 ού
2432 624 2684 688 δεδοικὼς
2726 624 2783 678 δὲ
2826 625 2963 697 μετά
3001 625 3103 694 τῆς
3130 625 3515 695 προσηκούσης

1837 719 2186 788 Χριστιανοῖς
2224 715 2538 787 ἐλευθερίας
2580 713 2760 767 πάντα
2786 714 3049 784 πράττειν
3065 712 3285 775 ,δύναιτ’
3320 713 3404 779 ἀνῇ
3440 712 3515 778 ὼς

1838 807 1891 860 οἴ
1910 824 1975 875 γε
2013 804 2338 875 φοϐούμενοι
2382 803 2474 857 καὶ
2515 802 2809 873 τρέμοντες
2849 800 3245 871 κατενεχθῆναι
3281 800 3513 864 ἐκεῖθεν,

1840 894 2044 965 πικρὰν
2082 892 2413 964 ὑπομένουσι
2440 889 2684 944 δουλείαν
2718 889 2813 942 καὶ
2846 888 3054 941 πολλῶν
3097 888 3378 959 γέμουσαν
3408 888 3520 942 τῶν

1839 981 2043 1047 κακῶν,
2082 982 2174 1034 καὶ
2204 978 2512 1050 ἀνθρώποις
2556 977 2651 1030 καὶ
2693 974 2813 1046 Θεῷ
2859 975 3220 1047 προσκρούειν
3275 976 3519 1044 ἀναγκά-

1839 1070 2022 1135 ζονται
2060 1068 2338 1131 πολλάκις.
2363 1068 2453 1119 Δεῖ
2477 1066 2534 1119 δὲ
2564 1065 2661 1135 οὐχ
2690 1063 2833 1117 οῦτω
2858 1063 3164 1117 διακεῖσθαι
3190 1065 3292 1136 τὴν
3314 1064 3517 1136 ψυχὴν,

1839 1157 1974 1224 ἀλλ’,
2008 1155 2196 1228 ὥσπερ
2226 1158 2284 1209 ἐν
2312 1157 2424 1219 τοῖς
2464 1154 2722 1225 πολέμοις
2758 1154 2884 1217 τοὺς
2904 1152 3184 1221 γενναίους
3215 1154 3325 1206 τῶν
3351 1170 3519 1224 στρα-

1837 1242 2050 1299 τιωτῶν
2078 1244 2295 1317 ὁρῶμεν
2322 1244 2417 1296 καὶ
2442 1241 2814 1312 πολεμοῦντας
2853 1239 3152 1312 προθύμως
3178 1242 3271 1294 καὶ
3296 1241 3523 1295 πίπτον-

1838 1350 1938 1398 τας
1964 1332 2246 1405 ἀνδρείως,
2284 1330 2424 1384 οῦτω
2452 1330 2545 1382 καὶ
2575 1331 2700 1393 τοὺς
2725 1329 2817 1381 ἐπὶ
2836 1327 3039 1397 ταύτην
3059 1328 3296 1397 ἥκοντας
3324 1328 3424 1399 τὴν
3453 1330 3526 1381 οί-

1840 1421 2099 1493 κονομίαν
2133 1421 2229 1475 καὶ
2261 1418 2510 1491 ἱερᾶσθαι
2544 1418 2639 1473 καὶ
2672 1415 3046 1487 παραλύεσθαι
3078 1415 3178 1486 τῆς
3218 1417 3412 1488 ἀρχῆς,
3447 1416 3523 1480 ὡς

1840 1510 2187 1581 Χριστιανοῖς
2219 1509 2336 1562 ἐστι
2374 1506 2652 1578 προσῆκον
2690 1504 2970 1575 ἀνδράσιν,
3008 1504 3215 1568 εἰδότας
3238 1504 3311 1568 ὡς
3348 1506 3381 1575 ἡ
3412 1522 3523 1559 τοι-

1841 1599 1979 1670 αύτη
2009 1597 2329 1669 καθαίρεσις
2352 1596 2453 1649 οὐκ
2490 1594 2753 1648 ἐλάττονα
2777 1595 2933 1665 φέρει
2960 1593 3059 1665 τῆς
3080 1593 3254 1664 ἀρχῆς
3281 1593 3374 1647 τὸν
3404 1593 3525 1647 στέ-

1843 1703 2031 1756 φανον.
2057 1687 2226 1740 Ὅταν
2254 1686 2365 1756 γάρ
2395 1701 2481 1747 τις
2517 1684 2659 1754 ύπέρ
2681 1681 2776 1736 τοῦ
2812 1682 2977 1753 μηδὲν
3000 1682 3247 1753 ἀπρεπὲς
3276 1681 3398 1752 μηδ’
3431 1684 3526 1736 ἀν-

1841 1776 1991 1841 ἀξιον
2020 1775 2121 1845 τῆς
2148 1774 2306 1841 ἀξίας
2338 1774 2629 1844 ὑπομεῖναι
2665 1771 2882 1842 ἐκείνης
2921 1770 3069 1841 πάθῃ
3095 1788 3149 1823 τι
3170 1769 3403 1834 τοιοῦτο,
3431 1771 3526 1824 καὶ

1843 1866 1955 1928 τοῖς
1983 1864 2183 1927 ἀδίκως
2215 1861 2506 1918 καθελοῦσι
2535 1861 2635 1931 τὴν
2669 1859 2914 1927 κόλασιν,
2953 1860 3048 1913 καὶ
3088 1858 3265 1930 ἐαυτῷ
3302 1860 3527 1929 μείζονα·

1844 1952 2096 2023 προξενεῖ
2110 1951 2202 2004 τὸν
2227 1950 2417 2021 μισθόν
2446 1948 2493 2002 ί.
2516 1948 2809 2017 Μακάριοι
2832 1946 2964 2019 γὰρ,
2993 1946 3181 2018 φησὶν,
3211 1946 3355 2001 ἐστὲ
3381 1947 3528 2001 ὅταν

1845 2040 2189 2095 όνειδίσωσι
2215 2039 2315 2093 καί
2350 2036 2647 2103 διώξωσιν
2677 2034 2856 2105 ὑμᾶς,
2887 2034 2984 2089 καὶ
3015 2034 3228 2089 εἴπωσι
3259 2033 3384 2089 πᾶν
3422 2051 3529 2090 πο-

1843 2129 2032 2198 νηρὸν
2063 2126 2231 2198 ῥῆμα
2279 2126 2407 2181 καθ’
2456 2124 2623 2195 ὑμῶν
2663 2124 3050 2194 ψευδόμενοι.
3092 2123 3304 2177 ἕνεκεν
3357 2123 3505 2193 ἐμοῦ

1844 2219 2082 2287 χαίρετε
2116 2216 2217 2271 καὶ
2244 2211 2639 2285 ἀγαλλιᾶσθε,
2684 2214 2775 2266 ὅτι
2813 2212 3007 2277 πολύς
3035 2210 3208 2264 ἐστιν
3241 2213 3273 2265 ό
3310 2211 3529 2280 μισθὸς

1843 2304 2012 2374 ὑμῶν
2045 2303 2116 2357 ἐν
2141 2302 2265 2369 τοῖς
2292 2300 2589 2370 οὐρανοῖς.
2637 2299 2747 2352 Καὶ
2774 2299 2950 2353 ταῦτα
2991 2298 3090 2370 μὲν
3124 2298 3253 2351 ὅταν
3285 2297 3388 2351 ὑπὸ
3420 2298 3527 2351 τῶν

1844 2392 2131 2465 ὁμοταγῶν
2161 2392 2194 2464 ἢ
2225 2392 2313 2445 διὰ
2341 2391 2556 2459 φθόνον,
2594 2392 2627 2461 ἢ
2672 2389 2811 2460 πρὸς
2867 2388 3069 2461 ἐτέρων
3107 2388 3288 2459 χάριν,
3324 2387 3357 2459 ἢ
3395 2388 3531 2459 πρὸς

1846 2481 2164 2552 ἀπέχθειαν,
2208 2480 2242 2552 ἦ
2274 2479 2445 2552 ἐτέρῳ
2469 2480 2576 2532 τινὶ
2605 2479 2679 2550 μὴ
2710 2477 2857 2549 ὀρθῷ
2896 2496 2980 2542 τις
3026 2477 3358 2548 ἐκϐάλληται
3388 2476 3536 2545 λογι-

1849 2570 1989 2641 σμῷ·
2018 2571 2146 2625 ὅταν
2174 2570 2230 2623 δὲ
2257 2569 2351 2622 καὶ
2380 2568 2486 2621 ὑπὸ
2514 2567 2625 2621 τῶν
2648 2566 2908 2621 ἐναντίων
2935 2565 3094 2619 τοῦτο
3128 2566 3362 2636 πάσχειν
3391 2583 3533 2635 συμ-

1850 2659 2030 2731 ϐαίνῃ,
2056 2658 2178 2711 οὐδὲ
2216 2657 2377 2725 λόγου
2412 2656 2522 2709 δεῖν
2548 2649 2700 2725 οἴμαι
2736 2654 2873 2726 πρὸς
2914 2652 2974 2706 rb
3013 2652 3184 2717 δεῖξαι
3223 2652 3283 2705 rb
3318 2652 3530 2722 κέρδος,

1848 2749 1971 2801 ὅσον
1996 2745 2145 2816 αὐτῷ
2169 2744 2259 2798 διὰ
2288 2744 2390 2814 τῆς
2427 2741 2640 2797 ἑαυτῶν
2661 2741 2983 2810 συλλέγουσι
3016 2740 3281 2811 πονηρίας
3310 2742 3529 2793 ἐκεῖνοι.

1849 2835 2020 2889 Τοῦτο
2074 2828 2169 2887 οῦν
2224 2833 2306 2886 δεῖ
2360 2830 2699 2902 πανταχόθεν
2744 2831 3101 2903 περισκοπεῖν
3146 2829 3239 2881 καὶ
3287 2827 3534 2899 ἀκριϐῶς

1847 2923 2127 2994 διερευνᾷν
2162 2923 2209 2985 8,
2247 2920 2321 2992 μή
2350 2920 2451 2973 πού
2480 2936 2564 2983 τις
2594 2918 2829 2989 σπινθὴρ
2862 2917 2961 2987 τῆς
2988 2915 3289 2987 ἐπιθυμίας
3315 2914 3535 2984 ἐκείνης

1849 3009 2207 3080 ἐντυφόμενος
2255 3006 2412 3079 λάθῃ.
2478 3005 2789 3077 Ἀγαπητδν
2834 3004 2944 3075 γὰρ
2979 3005 3224 3067 καὶτοὺς
3259 3003 3330 3070 ἐξ
3359 3002 3537 3074 ἀρχῆς

1850 3097 2257 3169 καθαρεύοντας
2288 3096 2383 3148 τοῦ
2419 3094 2644 3160 πάθους,
2671 3093 2836 3165 ἡνίκα
2867 3093 2932 3147 ἂν
2960 3092 3277 3163 ἐμπέσωσιν
3320 3094 3399 3156 εἰς
3436 3091 3537 3162 τὴν

1851 3187 2045 3258 ἀρχὴν,
2089 3183 2382 3255 δυνηθῆναι
2414 3182 2572 3237 τοῦτο
2614 3181 2767 3253 [589]
2800 3181 3107 3251 διαφυγεῖν.
3133 3181 3196 3233 ΕΞ
3227 3179 3285 3231 δέ
3324 3187 3407 3242 τις
3442 3180 3537 3233 καὶ

1851 3275 1981 3346 πρὶν
2012 3274 2046 3345 ἢ
2082 3275 2267 3345 τυχεῖν
2309 3274 2407 3344 τῆς
2442 3272 2611 3343 τιμῆς
2647 3270 2837 3342 τρέφει
2883 3271 3014 3341 παρ’
3049 3268 3228 3338 ἐαυτῷ
3262 3269 3324 3321 rb
3362 3267 3536 3322 δεινὸν

1852 3365 1947 3417 καὶ
1970 3363 2182 3432 ἀπηνὲς
2209 3361 2369 3414 τοῦτο
2391 3360 2600 3431 θηρίον,
2627 3359 2747 3413 ούδέ
2773 3358 2921 3411 ἔστιν
2950 3359 3127 3411 εἰπεῖν
3153 3359 3233 3420 εἰς
3254 3358 3385 3428 ὅσην
3412 3357 3539 3409 ἐαυ-

1851 3452 1943 3505 τὸν
1979 3451 2211 3522 ἐμϐαλεῖ
2241 3451 2471 3521 κάμινον
2509 3449 2648 3520 μετὰ
2676 3448 2738 3501 τὸ
2766 3450 2970 3518 τυχεῖν.
3004 3447 3196 3517 Ἡμεῖς
3225 3446 3282 3499 δὲ
3315 3447 3430 3515 (καὶ
3459 3445 3534 3515 μή

1852 3557 1934 3593 τοι
1987 3539 2217 3612 νομίσῃς
2271 3537 2666 3610 μετριάζοντας
2711 3539 2857 3608 ἡμᾶς
2905 3536 3160 3605 ἐθελῆσαι
3208 3536 3274 3590 ἄν
3320 3535 3374 3588 τί
3406 3551 3537 3587 ποτε

1853 3625 2156 3697 ψεύσασθαι
2186 3628 2324 3699 πρὸς
2354 3627 2439 3697 σὲ)
2472 3626 2673 3697 πολλὴν
2705 3625 2910 3696 ταύτην
2935 3622 3253 3696 κεκτήμεθα
3288 3623 3387 3693 τὴν
3414 3625 3537 3675 ἐπι-

1856 3716 2077 3785 θυμίαν,
2118 3715 2213 3768 καὶ
2255 3714 2394 3785 μετά
2436 3714 2544 3768 τῶν
2584 3714 2761 3768 ἀλλων
2786 3713 3043 3767 ἁπάντων
3078 3713 3176 3782 οὐχ
3200 3708 3365 3784 ἦττον
3389 3713 3538 3782 ἡμᾶς

1856 3805 1949 3857 καὶ
1976 3803 2135 3857 τοῦτο
2160 3803 2421 3873 ἐφόϐησε,
2453 3802 2706 3875 καὶπρὸς
2738 3802 2943 3872 ταύτην
2976 3800 3173 3872 ἔτρεψε
3206 3800 3305 3872 τὴν
3332 3802 3532 3871 φυγήν.

1856 3890 2120 3963 Καθάπερ
2147 3891 2255 3963 γάρ
2279 3892 2328 3943 οἱ
2357 3892 2625 3961 σωμάτων
2652 3889 2910 3962 ἐρῶντες,
2935 3891 3041 3954 ἕως
3076 3890 3177 3961 μὲν
3208 3890 3275 3943 ἀν
3309 3889 3539 3959 πλησίον
3588 3954 3591 3957 _

1858 3977 1999 4034 εἶναι
2030 3979 2142 4031 τῶν
2174 3978 2468 4049 ἐρωμένων
2499 3978 2618 4049 ἐξῇ,
2646 3978 3033 4051 χαλεπωτέραν
3060 3978 3157 4032 τοῦ
3192 3976 3401 4041 πάθους
3441 3979 3540 4048 τὴν

1860 4070 2093 4140 βάσανον
2122 4067 2358 4139 ἔχουσιν,
2388 4068 2517 4121 ὅταν
2555 4067 2613 4120 δέ
2651 4067 2727 4131 ὼς
2754 4067 3094 4139 πορρωτάτω
3130 4065 3241 4120 τῶν
3269 4064 3541 4137 ποθουμέο

1859 4176 1963 4212 νων
1994 4158 2221 4220 ἐαυτοὺς
2244 4155 2596 4225 ἀπαγάγωσι,
2628 4155 2722 4207 καὶ
2739 4154 2838 4225 τὴν
2874 4155 3072 4225 μανίαν
3103 4154 3415 4225 ἀπήλασαν·
3447 4153 3539 4207 οῦ-

1856 4265 1935 4300 τω
1956 4247 2187 4309 καὶτοῖς
2204 4243 2408 4314 ταύτης
2432 4243 2759 4314 ἐπιθυμοῦσι
2783 4243 2883 4313 τῆς
2905 4244 3101 4314 ἀρχῆς,
3129 4244 3260 4297 ὅταν
3287 4243 3384 4314 μὲν
3415 4242 3541 4312 πλη-

1861 4336 1973 4388 σίον
2009 4334 2177 4405 αὐτῆς
2215 4332 2500 4403 γένωνται,
2527 4333 2802 4403 ἀφόρητον
2842 4332 3053 4401 γίνεται
3089 4332 3151 4385 τὸ
3179 4332 3370 4395 κακὸν,
3412 4332 3542 4386 ὅταν

1858 4426 1915 4477 δέ
1941 4422 2303 4489 ἀπελπίσωσι,
2330 4423 2426 4476 καὶ
2458 4422 2558 4493 τὴν
2581 4421 2881 4492 ἐπιθυμίαν
2908 4421 3048 4491 μετά
3080 4421 3181 4491 τῆς
3208 4420 3541 4492 προσδοκίας

1862 4512 2115 4567 ἔσϐεσαν.

1934 4600 2022 4656 ιϐ’.
2040 4599 2155 4654 Μία
2179 4599 2276 4669 μὲν
2295 4595 2389 4653 οὖν
2414 4597 2553 4669 αὕτη
2583 4599 2856 4670 πρόφασις
2885 4599 2946 4653 ού
2986 4598 3178 4670 μικρά.
3197 4599 3337 4652 Ἀλλ’
3370 4600 3418 4652 εἰ
3447 4600 3542 4651 κα)⁵

1866 4691 1999 4761 μόνη
2042 4689 2163 4743 καθ’
2195 4690 2396 4761 ἑαυτὴν
2435 4683 2569 4742 οὖσα
2608 4687 3122 4761 ἐτύγχανεν,·ίκανὴ
3154 4689 3359 4761 ταύτης
3392 4691 3542 4760 ἡμᾶς

1862 4777 2117 4850 ἀπεῖρξαι
2140 4780 2239 4850 τῆς
2266 4778 2441 4843 ἀξίας
2468 4777 2564 4833 νῦν
2595 4778 2655 4832 δέ
2685 4780 2780 4832 καὶ
2810 4779 2976 4849 ἑτέρα
3003 4779 3207 4849 ταύτης
3246 4781 3344 4849 οὐχ
3378 4774 3541 4849 ἦττον

1865 4866 2261 4940 προστέθειται.
2292 4867 2390 4929 Τίς
2410 4866 2466 4920 δέ
2495 4869 2645 4921 ἐστιν
2674 4867 2812 4938 αῦτη
2832 4884 2846 4933 ;
2870 4868 3150 4939 Νηφάλιον
3172 4864 3314 4921 εἶναι
3337 4867 3417 4919 δεῖ
3448 4866 3540 4919 τὸν

1868 4958 2035 5029 ἱερέα,
2070 4958 2165 5011 κα)⁴
2192 4956 2519 5027 διορατικὸν,
2557 4958 2651 5010 καὶ
2685 4956 2915 5028 μυρίους
2965 4956 3301 5027 πανταχόθεν
3342 4955 3543 5023 κεκτῆ-

1868 5045 1990 5098 σθαι
2035 5045 2161 5108 τοὺς
2199 5042 2535 5113 ὀφθαλμοὺς,
2574 5043 2651 5105 ὡς
2695 5043 2792 5113 οὐχ
2834 5042 3013 5112 ἐαυτῷ
3056 5043 3239 5113 μόνον,
3281 5041 3417 5095 ἀλλά
3450 5044 3543 5095 καὶ

1868 5131 2060 5203 πλήθει
2088 5130 2264 5196 ζῶντα
2294 5130 2551 5200 τοσούτῳ.
2590 5130 2779 5200 Ἡμεῖς
2812 5131 2869 5183 δὲ
2896 5132 2977 5183 ὅτι
3004 5129 3204 5201 νωθροὶ
3228 5130 3320 5183 καὶ
3346 5147 3542 5201 παρει-

1872 5221 2021 5291 μένοι
2058 5220 2154 5273 καὶ
2183 5221 2320 5291 πρὸς
2350 5219 2449 5291 τὴν
2486 5218 2697 5271 ἑαυτῶν
2731 5218 2882 5289 μόλις
2907 5218 3203 5291 ἀρκοῦντες
3241 5218 3538 5290 σωτηρίαν,

1868 5308 1962 5361 καὶ
1996 5307 2157 5371 αὐτὸς
2180 5306 2246 5361 ἂν
2275 5307 2689 5378 ὁμολογήσειας,
2723 5308 2751 5358 6
2778 5306 3015 5378 μάλιστα
3045 5308 3263 5361 πάντων
3300 5307 3367 5359 τὰ
3404 5307 3541 5377 ἡμέ·

1868 5414 2003 5467 τερα
2029 5396 2117 5450 διά
2150 5396 2212 5449 rb
2246 5396 2419 5466 φιλεῖν
2456 5396 2718 5467 κρύπτειν
2750 5394 3065 5460 σπουδάζων
3103 5396 3267 5450 κακά.
3303 5396 3395 5466 Μὴ
3436 5396 3538 5466 γάρ

1873 5506 1964 5560 μοι
2009 5489 2260 5560 νηστείαν
2284 5489 2517 5543 ἐνταῦθα
2546 5490 2726 5562 εἴπῃς,
2760 5490 2898 5560 μηδέ
2923 5491 3257 5560 ἀγρυπνίαν,
3288 5491 3423 5562 μηδὲ
3448 5508 3540 5561 χαο

1873 5578 2118 5649 μευνίαν,
2154 5578 2247 5631 καὶ
2300 5578 2399 5645 τὴν
2445 5577 2638 5651 λοιπὴν
2682 5576 2777 5631 τοῦ
2816 5578 3068 5645 σώματος
3096 5579 3539 5649 σκληραγωγίαν·

1872 5666 2191 5719 καὶτούτων
2220 5665 2321 5737 μὲν
2348 5668 2454 5736 γὰρ
2485 5668 2608 5720 ὅσον
2637 5668 2915 5739 ἀπέχομεν
2948 5663 3111 5732 οἶδας.
3146 5670 3208 5721 Εἰ
3240 5668 3296 5721 δέ
3343 5669 3434 5721 καὶ
3463 5668 3538 5734 εί(

1942 5787 1961 5825 ί
1987 5787 2153 5851 Aliqui
2174 5790 2380 5851 προξενεῖ
2400 5791 2484 5847 τὴν
2516 5792 2673 5851 τιμήν.

1940 5852 1963 5890 ε
1984 5850 2085 5901 Alii
2109 5850 2442 5914 διερευνᾶσθαι.
2494 5852 2601 5902 Mox
2628 5854 2712 5902 alii
2741 5853 3062 5915 ἐνωφὸμενος,
3088 5853 3172 5901 alii
3204 5852 3523 5915 ἐντυφωμενς
