3922 6240
348 378 450 434 649

347 491 632 564 ἀκρίϐειαν
651 491 783 561 ἡμῖν
810 485 1155 557 κατώρθωτο,
1181 481 1302 537 οὐδὲ
1333 480 1504 543 οὕτως
1532 476 1668 550 μετά
1691 477 1788 545 τῆς
1814 472 2018 544 παρού-

349 599 450 652 σης
507 579 846 650 νωθρότητος
890 578 1108 644 ἴσχυσεν
1163 572 1229 625 ἀν
1276 587 1328 622 τι
1375 568 1510 640 πρὸς
1560 567 1658 636 τὴν
1697 562 2020 617 ἐπιστασίαν

347 650 498 739 ἡμᾶς
544 666 714 721 ταῦτα
751 661 1029 732 ὠφελῆσαι
1061 659 1297 730 ἐκείνην.
1345 655 1642 733 Ἀνθρώπῳ
1677 653 1773 724 μὲν
1799 650 1906 721 γὰρ
1943 650 2022 712 είς

275 794 280 796 ν
349 756 590 809 οἰκίσκον
611 751 733 817 τινά
756 747 1224 810 κατακλεισθέντι,
1266 746 1360 799 καὶ
1402 745 1468 797 τά
1494 741 1658 795 αὐτοῦ
1689 737 2022 811 μερίμνῶντι

355 843 534 916 μόνον,
571 839 768 911 πολλὴν
792 839 859 892 ἂν
887 837 1061 892 ταῦτα
1094 833 1364 906 παράσχοι
1400 833 1500 902 τὴν
1531 829 1819 899 ὠφέλειαν·
1857 829 1935 888 εἰς
1968 825 2060 887 δέί

351 929 602 999 τοσοῦτον
625 925 927 999 σχιζομένῳ
952 924 1176 994 πλῆθος,
1200 923 1295 976 καὶ
1320 919 1439 974 καθ’
1471 919 1696 972 ἕκαστον
1727 915 1835 968 τῶν
1861 915 2026 984 ἀρχο-

357 1018 532 1090 μένων
567 1016 703 1079 ἰδίας
731 1013 1056 1086 κεκτημένῳ
1095 1011 1401 1083 φροντίδας,
1435 1008 1488 1061 τί
1535 1006 1740 1061 δύναιτ’
1775 1005 1844 1059 ἂν
1888 1003 2026 1074 πρὸς

351 1106 453 1176 τὴν
490 1105 712 1158 ἐκείνων
744 1103 981 1157 ἐπίδοσιν
1014 1099 1324 1167 ἀξιόπιστον
1356 1094 1760 1168 συμϐάλλεσθαι
1813 1091 2024 1163 κέρδος,

356 1192 451 1246 ἐὰν
491 1192 564 1263 μὴ
602 1190 781 1263 ψυχὴν
814 1189 1027 1243 εὔτονον
1059 1190 1154 1241 καὶ
1180 1187 1535 1259 ἰσχυροτάτην
1567 1185 1705 1254 ἔχων
1729 1181 1895 1252 τύχη;

429 1286 516 1346 ιγ’.
552 1277 653 1331 Καὶ
691 1279 764 1349 μὴ
794 1277 1100 1350 θαυμάσῃς,
1134 1276 1183 1327 εἰ
1215 1273 1355 1342 μετὰ
1392 1271 1659 1340 τοσαύτης
1685 1267 1980 1339 καρτερίας
2007 1274 2026 1295 ⁸

358 1365 556 1438 ἑτέραν
584 1366 814 1436 βάσανον
848 1365 997 1436 ζητῶ
1025 1365 1123 1434 τῆς
1161 1364 1218 1415 ἐν
1243 1364 1309 1432 τῇ
1342 1360 1487 1430 ψυχῇ
1519 1358 1788 1427 ἀνδρείας.
1821 1355 1893 1408 Τὸ
1932 1354 2030 1424 μὲν

358 1453 468 1523 γὰρ
487 1453 647 1506 σίτων
672 1453 765 1506 καὶ
787 1453 966 1506 ποτῶν
983 1452 1076 1504 καὶ
1094 1449 1382 1520 στρωμνῆς
1411 1445 1775 1516 καταφρονεῖν
1795 1440 2027 1510 ἁπαλῆς,

360 1541 574 1604 πολλοῖς
597 1542 717 1595 οὐδὲ
745 1542 903 1613 έργον
929 1540 1143 1610 ὁρῶμεν
1159 1539 1237 1603 ὃν,
1255 1538 1349 1592 καὶ
1372 1534 1607 1606 μάλιστά
1631 1549 1695 1597 γε
1717 1533 1827 1594 τοῖς
1851 1531 2032 1601 ἀγροι-

361 1630 584 1703 κότερον
615 1630 996 1706 διακειμένοις,
1018 1631 1111 1681 καὶ
1143 1625 1317 1690 οὕτως
1338 1627 1402 1678 ἐκ
1424 1622 1646 1696 πρώτης
1662 1623 1915 1694 τραφεῖσι
1933 1619 2032 1689 τῆς

363 1717 596 1786 ἡλικίας,
621 1721 714 1772 καὶ
737 1718 950 1782 πολλοῖς
973 1717 1029 1771 δὲ
1047 1716 1276 1788 ἑτέροις,
1296 1718 1393 1786 τῆς
1409 1730 1468 1766 τε
1487 1711 1577 1766 τοῦ
1597 1711 1847 1782 σώματος
1863 1725 2031 1762 κατα-

364 1806 561 1876 σκευῆς
581 1806 794 1881 καὶτῆς
815 1805 1100 1877 συνηθείας
1123 1801 1590 1874 ἐξευμαριζούσης
1610 1799 1707 1871 τὴν
1730 1800 1786 1851 ἐν
1808 1797 2034 1859 ἐκείνοις

362 1895 472 1956 τοῖς
508 1894 689 1959 πόνοις
714 1894 1047 1965 τραχύτητα*
1063 1891 1219 1962 ὕϐριν
1245 1891 1322 1953 δὲ,
1355 1891 1447 1943 καὶ
1472 1889 1734 1959 ἐπήρειαν
1755 1887 1848 1940 καὶ
1878 1886 2035 1954 λόγον

365 1982 640 2051 φορτικὸν,
670 1982 766 2036 καὶ
788 1982 858 2036 τὰ
887 1980 1039 2052 παρά
1064 1979 1172 2032 τῶν
1201 1977 1497 2031 ἐλαττόνων
1530 1975 1857 2047 σκώμματα,
1888 1973 1958 2026 τά
1978 1990 2036 2026 τε

364 2068 552 2132 άπλῶς
586 2071 679 2123 καὶ
715 2069 785 2122 τὰ
825 2071 881 2122 ἐν
909 2068 1034 2141 δίκῃ
1062 2066 1349 2138 λεγόμενα,
1381 2065 1475 2118 καὶ
1509 2063 1744 2135 μέμψεις
1780 2065 1878 2126 τάς
1913 2061 2036 2132 εἰκῆ

365 2157 458 2209 καὶ
508 2157 685 2227 μάτην
719 2156 870 2229 παρὰ
904 2156 1012 2209 τῶν
1041 2155 1314 2226 ἀρχόντων
1344 2153 1438 2206 καὶ
1472 2152 1623 2222 παρά
1657 2151 1766 2204 τῶν
1797 2151 2040 2221 ἀρχομέ-

364 2258 472 2295 νων
507 2244 821 2312 γινομένας,
860 2243 920 2295 οὐ
957 2243 1064 2295 τῶν
1099 2240 1307 2294 πολλῶν
1343 2240 1610 2308 ἐνεγκεῖν,
1637 2237 1751 2292 ἀλλ’
1776 2237 1895 2300 ἐνός
1934 2253 2037 2289 που

367 2331 461 2382 καὶ
491 2330 765 2402 δευτέρου·
794 2331 887 2383 καὶ
920 2330 1016 2382 ἴδοι
1051 2347 1133 2391 τις
1171 2327 1237 2381 ἂν
1268 2329 1390 2390 τοὺς
1434 2327 1492 2380 ἐν
1522 2325 1750 2388 ἐκείνοις
1787 2324 2040 2395 ἰσχυροὺς

367 2417 504 2488 πρὸς
531 2417 704 2471 ταῦτα
741 2418 913 2481 οὓτως
947 2415 1307 2492 ἰλιγγιῶντας,
1333 2414 1409 2478 ὡς
1440 2413 1640 2485 μᾶλλον
1661 2412 1769 2467 τῶν
1793 2412 2042 2483 χαλεπωε-

367 2505 545 2558 τάτων
589 2504 892 2577 ἀγριαίνειν
937 2504 1162 2576 θηρίων.
1199 2504 1336 2566 Τοὺς
1382 2503 1439 2556 δέ
1486 2501 1760 2564 τοιούτους
1807 2500 2040 2572 μάλιστα

368 2593 478 2645 τῶν
510 2593 608 2663 τῆς
651 2592 946 2663 ἱερωσύνης
974 2591 1302 2662 ἀπείρξομεν
1335 2588 1657 2661 περιϐόλων.
1694 2589 1767 2641 Τὸ
1800 2589 1900 2659 μὲν
1934 2587 2041 2658 γάρ

374 2681 510 2750 μήτε
548 2679 684 2751 πρὸς
715 2680 783 2732 τά
820 2673 940 2732 σῖτα
973 2677 1396 2749 ἀπηγχονίσθαι,
1444 2678 1582 2748 μήτε
1611 2676 1936 2730 ἀνυπόδετον
1965 2670 2042 2728 εἴ·

371 2783 459 2818 ναι
491 2767 581 2819 τὸν
609 2765 945 2837 προεστῶτα,
974 2765 1124 2818 οὐδὲν
1151 2765 1217 2818 ἂν
1247 2763 1468 2834 βλάψειε
1490 2763 1551 2816 τὸ
1575 2762 1753 2816 κοινὸν
1780 2761 1878 2832 τῆς
1918 2763 2041 2815 Ἐκ-

373 2853 620 2924 κλησίας·
661 2853 830 2925 θυμὸς
853 2854 910 2908 δὲ
946 2855 1134 2924 ἄγριος
1167 2852 1244 2916 είς
1271 2869 1330 2905 τε
1366 2852 1458 2905 τὸν
1487 2851 1845 2922 κεκτημένον,
1873 2850 1950 2913 είς
1983 2867 2043 2902 τε

371 2944 499 3006 τοὺς
529 2942 754 3013 πλησίον
797 2942 1038 3013 μεγάλας
1073 2941 1224 3013 [390]
1260 2941 1552 3012 ἐργάζεται
1593 2941 1897 3011 συμφοράς.
1934 2939 2046 2992 Καὶ

373 3033 486 3094 τοῖς
530 3031 628 3100 μέν
665 3032 846 3083 ἐκεῖνα
885 3028 960 3100 μὴ
1000 3027 1245 3082 ποιοῦσιν
1277 3027 1504 3099 οὐδεμία
1536 3027 1735 3100 ἀπειλὴ
1772 3027 1923 3098 παρὰ
1952 3025 2044 3079 τοῦ

373 3117 507 3170 Θεοῦ
538 3121 732 3181 κεῖται,
776 3119 888 3179 τοῖς
923 3115 977 3168 δὲ
1012 3115 1202 3178 ἁπλῶς
1238 3115 1612 3188 ὀργιζομένοις
1639 3115 1831 3184 γέεννα
1866 3115 1957 3168 καὶ
1986 3115 2046 3168 τὸ

373 3205 472 3274 τῆς
508 3206 732 3274 γεέννης
771 3203 1061 3275 ἠπείληται
1097 3202 1226 3275 πῦρ.
1262 3204 1476 3273 Ὥσπερ
1515 3199 1607 3256 οὖν
1648 3205 1676 3256 ό
1721 3203 1878 3273 δόξης
1907 3202 2047 3271 ἐρῶν

373 3294 558 3364 κενῆς,
593 3293 720 3346 ὅταν
745 3295 842 3364 τῆς
867 3293 974 3346 τῶν
1013 3291 1222 3347 πολλῶν
1250 3293 1423 3363 ἀρχῆς
1448 3291 1795 3362 ἐπιλάϐηται,
1829 3291 2048 3362 μείζονα

375 3383 453 3453 τῷ
482 3383 615 3454 πυρὶ
640 3383 870 3452 παρέχει
903 3382 1000 3451 τὴν
1027 3380 1179 3452 ὓλην,
1221 3379 1392 3442 οὕτως
1435 3380 1464 3431 ό
1493 3379 1614 3432 καθ’
1637 3379 1826 3432 ἑαυτὸν
1869 3382 1962 3432 καὶ
1992 3381 2048 3433 ἐν

375 3472 494 3532 ταῖς
522 3469 658 3540 πρὸς
686 3469 900 3537 ὀλίγους
926 3468 1166 3538 ὁμιλίαις
1192 3469 1412 3538 κρατεῖν
1441 3468 1610 3538 ὀργῆς
1637 3467 1710 3538 μὴ
1733 3466 2046 3537 δυνάμενος,

377 3557 494 3612 ἀλλ’
525 3557 888 3628 ἐκφερόμενος
911 3555 1170 3626 εὐχερῶς,
1208 3555 1336 3608 ὅταν
1367 3552 1604 3624 πλήθους
1648 3553 1768 3606 ὅλου
1809 3570 2049 3624 προστα-

381 3645 502 3700 σίαν
544 3643 902 3715 ἐμπιστευθῇ,
955 3643 1206 3713 καθάπερ
1251 3660 1304 3695 τι
1345 3641 1532 3713 θηρίον
1575 3641 1911 3710 πανταχόθεν
1958 3642 2052 3693 καὶ

381 3733 488 3788 ὑπὸ
519 3733 727 3804 μυρίων
767 3731 1144 3802 κεντούμενον,
1183 3730 1306 3784 οὐτε
1345 3731 1506 3793 αὐτὸς
1541 3731 1597 3782 ἐν
1628 3729 1826 3800 ἡσυχία
1851 3729 2051 3782 δύναιτ’

381 3823 446 3878 ἂν
475 3839 603 3874 ποτε
650 3821 876 3890 διάγειν,
913 3821 1006 3875 καὶ
1042 3821 1171 3884 τοὺς
1209 3817 1672 3891 ἐμπιστευθέντας
1702 3817 1851 3888 αὐτῷ
1883 3819 2052 3888 μυρία

381 3910 650 3981 διατίθησι
670 3909 834 3966 κακά.

457 3999 538 4052 ιδ’.
577 3999 742 4052 Οὐδὲν
782 3998 891 4066 γὰρ
929 3996 1072 4050 οὕτω
1111 3995 1459 4066 καθαρότητα
1488 3992 1581 4048 νοῦ
1621 3994 1716 4046 καὶ
1758 3994 1819 4047 τὸ
1865 3994 2054 4058 διειδές

385 4087 528 4140 θολοί
562 4085 670 4138 τῶν
704 4084 945 4156 φρενῶν,
987 4085 1062 4146 ώς
1095 4083 1265 4152 θυμὸς
1305 4081 1570 4145 ἄτακτος,
1610 4081 1703 4134 καί⁵
1753 4085 1889 4150 μετὰ
1927 4083 2054 4135 πολ-

384 4175 492 4258 λῆς⁸
533 4173 828 4244 φερόμενος
870 4171 971 4241 τῆς
1005 4170 1220 4241 ῥύμης.
1266 4169 1462 4258 Θυμος
1509 4169 1652 4258 γάρ,
1706 4170 1898 4258 φησὶν,
1942 4171 2054 4224 ὰπ-

384 4255 656 4316 όλλυσιδ
698 4261 795 4315 καὶ
841 4259 982 4324 τοὺς
1019 4257 1365 4326 φρονίμους.
1413 4255 1680 4327 Καθάπερ
1709 4255 1823 4327 γὰρ
1865 4256 1920 4310 ἕν
1951 4275 2055 4310 τινι

386 4350 724 4421 νυκτομαχίᾳ
748 4347 1041 4410 σκοτωθεὶς
1074 4349 1103 4399 ὁ
1122 4346 1221 4415 τῆς
1257 4344 1435 4415 ψυχῆς
1467 4343 1744 4413 ὀφθαλμὸς
1776 4345 1873 4414 οὐχ
1901 4347 2052 4416 εὑρί-

388 4457 506 4494 σκει
535 4439 810 4508 διακρῖναι
841 4437 969 4498 τοὺς
999 4434 1182 4504 φίλους
1202 4432 1312 4486 τῶν
1337 4431 1633 4502 πολεμίων,
1667 4431 1788 4484 οὐδέ
1817 4433 1943 4498 τοὺς
1968 4435 2055 4487 ἐν-

386 4528 578 4599 τίμους
628 4525 738 4578 τῶν
790 4522 1022 4594 ἀτίμων,
1067 4521 1202 4576 ἀλλά
1238 4521 1402 4572 πᾶσιν
1440 4518 1639 4588 ἐφεξῆς
1683 4520 1763 4572 ἐνὶ
1793 4517 2056 4592 κέχρηται

387 4615 593 4686 τρόπῳ,
644 4611 746 4666 κᾶν
799 4610 983 4672 λαϐεῖν
1023 4627 1075 4662 τι
1123 4608 1220 4681 δέῃ
1259 4618 1281 4646 ο
1323 4606 1512 4671 κακὸν,
1563 4605 1778 4660 ἅπαντα
1820 4608 2056 4672 εὐκόλως

390 4702 673 4772 ὑπομένων
717 4699 856 4768 ὑπὲρ
898 4697 992 4751 τοῦ
1027 4694 1309 4766 πληρῶσαι
1350 4694 1446 4764 τὴν
1488 4694 1586 4764 τῆς
1618 4693 1798 4764 ψυχῆς
1839 4694 2052 4764 ἡδονήν.

401 4788 590 4858 Ἡδονὴ
615 4788 727 4858 γάρ,
756 4787 840 4850 τίς
870 4787 1016 4838 ἐστιν
1041 4786 1074 4854 ἡ
1103 4783 1196 4836 τοῦ
1228 4781 1403 4852 θυμοῦ
1435 4781 1702 4853 πύρωσις,
1733 4783 1828 4834 καὶ
1863 4782 2059 4853 ἡδονῆς

389 4876 767 4948 χαλεπώτερον
792 4875 1043 4944 τυραννεί
1068 4871 1163 4942 τὴν
1181 4871 1384 4943 ψυχὴν,
1410 4872 1586 4924 πᾶσαν
1609 4869 1780 4940 αὐτῆς
1804 4871 1902 4939 τὴν
1931 4871 2056 4941 ὑγιῆ

392 4965 722 5018 κατάστασιν
752 4963 862 5014 ἀνω
887 4960 1163 5014 καὶκάτω
1194 4960 1538 5031 ταράττουσα
1567 4958 1618 5012 (ι.
1643 4960 1754 5011 Καὶ
1782 4958 1890 5029 γὰρ
1925 4959 2058 5029 πρὸς

390 5052 648 5106 ἀπόνοιαν
675 5050 819 5120 αἴρει
847 5047 1066 5119 ῥᾳδίως,
1094 5048 1188 5101 καὶ
1227 5047 1426 5118 ἔχθρας
1466 5045 1749 5117 ἀκαίρους,
1775 5046 1868 5099 καὶ
1901 5048 2057 5115 μῖσος

337 5185 340 5188 ι
392 5140 599 5209 ἄλογον.
627 5140 719 5192 καὶ
746 5135 1170 5209 προσκρούματα
1193 5135 1397 5199 ἁπλῶς,
1427 5136 1520 5188 καὶ
1543 5137 1664 5206 είκῆ
1694 5133 2059 5206 προσκρούειν

392 5225 794 5298 παρασκευάζει
829 5224 1069 5295 συνεχῶς
1102 5239 1117 5252 ·
1154 5224 1249 5276 καὶ
1295 5224 1466 5277 πολλά
1496 5223 1660 5294 ’ἐτερα
1692 5223 1918 5276 τοιαῦτα
1967 5224 2060 5276 καὶ

391 5315 569 5383 λέγειν
603 5313 697 5368 καὶ
735 5313 994 5383 πράττειν
1028 5311 1292 5381 βιάζεται,
1317 5311 1496 5382 πολλῷ
1532 5311 1610 5380 τῷ
1642 5309 1806 5380 ῥοίζῳ
1835 5309 1928 5362 τοῦ
1957 5310 2060 5363 nd"

394 5405 517 5466 θους
547 5403 644 5471 τῆς
679 5401 856 5472 ψυχῆς
898 5400 1330 5471 ὐποσυρομένης,
1376 5401 1470 5452 καὶ
1506 5400 1607 5451 οὐκ
1664 5397 1896 5467 ἐχούσης
1925 5399 2058 5451 ὅπου

392 5492 492 5560 τὴν,
516 5489 684 5560 αὐτῆς
708 5490 963 5560 ἐρείσασα
984 5489 1208 5558 δύναμιν
1229 5488 1609 5558 ἀντιστήσεται
1641 5485 1775 5556 πρὸς
1798 5483 2061 5556 τοσαύτην

391 5581 590 5652 ὁρμήν.

458 5687 482 5713 ³
508 5682 656 5734 Savil.
685 5689 736 5732 el
754 5685 947 5746 quidam
972 5699 1086 5733 mss.
1117 5686 1232 5745 μετά
1264 5683 1498 5740 τοσαύτην
1523 5682 1783 5746 καρτερίαν.

451 5747 484 5839 1:
631 5742 795 5821 ῥύμης.
811 5747 962 5802 Οὗτος
981 5750 1086 5810 γάρ,
1110 5742 1265 5809 φησὶν,
1287 5747 1400 5793 ἀπὸ)
1411 5747 1530 5792 λυσι.
1550 5745 1657 5792 Mox
1672 5742 1755 5791 alii
1782 5743 2058 5799 σκοτωθείς.

475 5833 478 5836 λ
591 5821 605 5856 ι
626 5825 746 5858 οεον.

453 5870 482 5918 δ
502 5871 621 5924 Mor.
647 5879 697 5921 et
719 5870 862 5940 pauci
881 5883 994 5922 mss.
1023 5870 1374 5933 σπαράττουσα.
1403 5867 1513 5918 Sav.
1543 5875 1595 5918 et
1617 5869 1699 5917 alii
1735 5868 2050 5929 ταράττουσα.

1123 369 1178 422 S.
1223 363 1512 420 JOANNZS
1551 354 2040 418 CHRYSOSTOMI
2082 353 2401 409 Μὶείῐίίὶίὶ
2446 348 2999 406 CONSTXNTINOP.

3693 342 3804 399 650

2193 472 2410 524 BAEIA.
2469 469 2610 522 Ἀλλ’
2660 471 2760 522 οὐκ
2817 468 2896 520 έτι
2947 485 3004 520 σε
3058 463 3473 536 εἰρωνευόμενον
3526 460 3807 529 ἀνέξομαι

2122 561 2454 631 περαιτέρω.
2480 560 2566 621 Γίς
2595 559 2702 628 γάρ
2727 558 2825 610 οὐκ
2849 551 2976 620 οίδε,
2994 556 3175 625 φησὶν,
3199 554 3319 607 ὅσον
3345 550 3550 621 ταύτης
3566 549 3812 619 ἀπέχεις

2121 645 2219 713 τῆς
2240 645 2424 708 νόσου;
2467 642 2798 696 ΧΡΥΣΟΣΤ.
2833 642 2898 693 Τί
2927 636 3040 703 οῦν,
3065 639 3220 708 έφην,
3241 632 3287 690 ὦ
3319 638 3579 706 μακάριε,
3619 633 3812 702 βούλει

2123 720 2350 794 πλησίον
2387 746 2451 799 με
2485 729 2585 798 τῆς
2613 729 2790 798 πυρᾶς
2821 727 3069 793 ἀγαγεῖν,
3122 723 3218 775 καὶ
3250 719 3549 791 παροξῦναι
3595 718 3665 771 τὸ
3706 717 3812 788 θησ-

2127 812 2239 880 ρίον
2271 811 2544 882 ἠρεμοῦνς
2577 813 2647 863 Ἦ
2679 813 2913 878 ἀγνοεῖς,
2942 807 3019 870 ώς
3040 807 3140 859 οὐκ
3167 805 3343 874 οἰκείᾳ
3383 803 3547 856 τοῦτο
3580 817 3815 870 κατωρ-

2125 894 2380 965 θώσαμεν
2413 897 2602 967 ἀρετῇ,
2633 894 2746 947 ἀλλ’
2777 897 2840 946 ἐκ
2863 892 2956 946 τοῦ
2980 891 3076 961 τὴν
3101 889 3328 960 ἡσυχίαν
3353 890 3597 958 ἀγαπᾷν,
3627 886 3732 940 τὸν
3755 885 3816 938 δὲ

2126 979 2268 1032 οῦτω
2301 980 2642 1051 διακείμενον
2675 978 2958 1047 ἀγαπητὸν
2989 977 3071 1045 ἐφ’
3099 973 3292 1027 ἐαυτοῦ
3319 974 3570 1044 μένοντα,
3600 974 3711 1024 καὶ
3733 971 3818 1022 ἐνὶ

2133 1064 2277 1135 μόνῳ
2316 1064 2349 1134 ἢ
2384 1064 2618 1134 δευτέρῳ
2652 1061 2931 1134 χρώμενον
2966 1057 3425 1129 φίλῳ,δυνηθῆναι
3456 1057 3547 1110 τὸν
3583 1055 3820 1108 ἐκεῖθεν

2128 1148 2410 1216 διαφυγεῖν
2446 1147 2797 1217 ἐμπρησμὸν,
2838 1144 2913 1216 μὴ
2941 1145 3021 1197 ὅτι
3059 1146 3138 1205 εἰς
3170 1143 3268 1213 τὴν
3299 1141 3533 1194 ἄϐυσσον
3571 1139 3696 1192 τῶν
3727 1155 3821 1190 το-

2133 1231 2334 1285 σούτων
2383 1231 2691 1301 ἐμπεσόντα
2740 1228 3034 1299 φροντίδων
3070 1243 3084 1291 ;
3127 1226 3260 1277 Τότε
3320 1223 3429 1294 γάρ
3467 1223 3566 1291 οὐχ
3606 1220 3820 1274 ἑαυτὸν

2135 1315 2311 1385 μόνον,
2347 1314 2480 1368 ἀλλά
2513 1314 2606 1366 καὶ
2639 1313 2860 1384 ἐτέρους
2897 1310 3123 1373 πολλοὺς
3157 1308 3407 1378 ἐπισύρει
3456 1306 3572 1376 μεθ’
3599 1304 3817 1358 ἐαυτοῦ

2134 1398 2269 1468 πρὸς
2297 1397 2387 1450 τὸν
2416 1398 2514 1467 τῆς
2540 1395 2816 1458 ἀπωλείας
2846 1392 3112 1465 κρημνὸν,
3137 1392 3230 1444 καὶ
3265 1390 3394 1460 περὶ
3424 1389 3523 1459 τὴν
3552 1387 3664 1458 τῆς
3693 1389 3820 1439 ἐπι-

2134 1481 2338 1544 εικείας
2378 1480 2691 1551 ἐπιμέλειαν
2722 1477 3057 1550 ἀργοτέρους
3088 1474 3398 1544 καθίστησι.
3440 1473 3671 1540 Πέφυκε
3705 1471 3819 1540 γὰρ

2132 1565 2206 1629 ὼς
2237 1565 2304 1618 τά
2335 1563 2504 1616 πολλὰ
2529 1564 2591 1615 τὸ
2618 1562 2725 1615 τῶν
2763 1560 3078 1632 ἀρχομένων
3108 1557 3333 1628 πλῆθος,
3361 1556 3548 1626 ὥσπερ
3588 1557 3678 1617 εἰς
3713 1556 3818 1624 ἀρ-

2133 1649 2363 1719 χέτυπόν
2399 1666 2518 1700 τινα
2555 1647 2737 1701 εἰκόνα
2774 1645 2901 1708 τοὺς
2936 1643 3044 1697 τῶν
3073 1642 3348 1714 ἀρχόντων
3377 1640 3612 1713 τρόπους
3651 1640 3817 1708 ὁρᾷν,

2134 1735 2228 1787 καὶ
2260 1733 2393 1801 πρὸς
2430 1732 2668 1792 ἐκείνους
2717 1727 2997 1799 ἐξομοιοῦν
3027 1728 3272 1788 ἑαυτούς.
3307 1723 3431 1787 Πῶς
3473 1719 3568 1776 οῦν
3614 1722 3690 1776 ἂν
3733 1737 3819 1782 τις

2133 1817 2232 1880 τὰς
2264 1815 2487 1870 ἐκείνων
2518 1813 2739 1867 παύσειε
2771 1809 3102 1881 φλεγμονὰς,
3137 1809 3381 1864 οίδαίνων
3409 1807 3608 1869 αὐτός;
3639 1805 3733 1867 τίς
3770 1804 3816 1854 δ’

2135 1898 2201 1952 ἂν
2226 1898 2579 1970 ἐπιθυμήσειε
2608 1908 2629 1936 ε
2669 1897 2876 1966 ταχέως
2904 1895 3012 1948 τῶν
3047 1893 3256 1946 πολλῶν
3284 1890 3529 1961 γενέσθαι
3562 1890 3813 1959 μέτριος,

2137 1982 2226 2037 τὸν
2259 1982 2491 2054 ἄρχοντα
2525 1980 2735 2052 ὀργίλον
2763 1979 2940 2053 ὁρῶν;
2976 1978 3050 2032 Οὐ
3081 1978 3188 2048 γάρ
3216 1979 3386 2038 ἐστιν,
3417 1975 3516 2028 οὐκ
3560 1973 3685 2026 ἐστι
3717 1972 3813 2024 δυο

2137 2067 2293 2122 νατδν
2317 2065 2385 2120 τά
2415 2067 2521 2119 τῶν
2549 2066 2740 2137 ἱερέων
2773 2062 3108 2135 κρύπτεσθαι
3140 2059 3513 2130 ἐλαττώματα,
3543 2056 3688 2110 ἀλλά
3721 2057 3816 2107 καὶ

2136 2151 2204 2204 τὰ
2245 2149 2417 2222 μικρά
2447 2150 2653 2221 ταχέως
2693 2148 2969 2218 κατάδηλα
2995 2148 3222 2216 γίνεται.
3252 2146 3360 2199 Καὶ
3396 2145 3501 2214 γάρ
3539 2140 3815 2210 ἀθλητὴς,

2137 2238 2240 2300 ἕως
2270 2238 2365 2308 μὲν
2389 2236 2452 2289 ἂν
2475 2236 2608 2288 οίκοι
2642 2233 2798 2304 μένῃ,
2827 2233 2920 2286 καὶ
2947 2230 3130 2302 μηδενὶ
3160 2227 3558 2299 συμπλέκηται,
3585 2225 3816 2278 δύναται

2137 2321 2438 2382 λανθάνειν,
2468 2317 2569 2372 κᾶν
2592 2317 2977 2378 ἀσθενέστατος
3007 2313 3081 2366 ῶν
3108 2313 3266 2384 τύχῃο
3297 2312 3423 2365 ὅταν
3443 2311 3497 2363 δέ
3532 2308 3818 2375 ἀποδύσῃ-

2137 2423 2227 2460 ται
2267 2407 2402 2477 πρὸς
2435 2405 2560 2467 τούς
2603 2403 2839 2471 ἀγῶνας,
2879 2399 3073 2470 ῥᾳδίως
3111 2397 3408 2466 ἐλέγχεται.
3446 2393 3549 2447 Καὶ
3580 2393 3694 2445 τῶν
3730 2392 3821 2444 ἀν·

2140 2475 2372 2561 θρώπων
2408 2488 2586 2541 τοίνυν
2622 2487 2673 2539 οἰ
2709 2485 2806 2556 μὲν
2837 2483 2928 2536 τὸν
2969 2479 3236 2534 ἰδιωτικὸν
3274 2478 3459 2532 τοῦτον
3504 2477 3603 2561 καί
3639 2475 3822 2544 ἀπρά-

2139 2559 2316 2647 γμονα
2337 2573 2575 2645 βιοῦντες
2592 2570 2724 2642 βίον,
2740 2566 2888 2640 [591]
2905 2566 3086 2636 έχουσι
3108 2563 3511 2647 παραπέτασμα
3525 2559 3649 2647 τῶνΔ
3669 2559 3820 2612 ἰδίων

2143 2641 2556 2729 ἁμαρτημάτων
2596 2641 2705 2724 τὴν
2757 2651 3012 2722 μόνωσιν·
3045 2650 3126 2711 είς
3159 2647 3216 2700 δὲ
3250 2646 3310 2699 τὸ
3352 2643 3512 2716 μέσον
3544 2641 3820 2729 ἀχθέντες

2143 2726 2393 2813 καθάπερ
2428 2741 2642 2813 ἱμάτιον
2669 2737 2768 2808 τὴν
2794 2734 3029 2806 ἠρεμίαν
3077 2726 3818 2813 ἀποδῦναιᾲάναγκάζονται,

2146 2828 2240 2881 καὶ
2283 2809 2415 2880 πᾶσι
2453 2809 2670 2894 γυμνὰς
2715 2818 2976 2882 ἐπιδεῖξαι
3007 2816 3106 2879 τὰς
3133 2813 3308 2884 ψυχάς
3345 2810 3432 2864 διὰ
3465 2810 3576 2864 τῶν
3613 2809 3821 2874 ἔξωθεν

2145 2891 2481 2981 κινημάτων.
2510 2891 2718 2975 Ὥσπερ
2742 2899 2834 2957 οῦν
2859 2901 3037 2955 αὐτῶν
3067 2898 3135 2952 τά
3157 2893 3555 2967 κατορθώματα
3582 2891 3821 2955 πολλοὺς

2146 2976 2321 3064 ὢνησε
2349 2993 2482 3065 πρὸς
2511 2991 2601 3043 τὸν
2631 2988 2743 3042 ἴσον
2781 2982 3203 3056 παρακαλοῦντα
3233 2979 3410 3050 ζῆλον,
3444 2976 3589 3031 οὕτω
3620 2978 3721 3030 καὶ
3754 2976 3822 3028 τά

2149 3059 2592 3149 πλημμελήματα
2635 3069 3041 3143 ρᾳθυμοτέρους
3078 3066 3378 3149 κατέστησε
3413 3061 3549 3149 *περί
3585 3062 3687 3149 τὴν
3723 3059 3822 3149 τῆς

2148 3143 2347 3233 ἀρε-τῆς
2377 3143 2656 3232 ἐργασίαν,
2705 3154 2800 3208 καὶ
2841 3151 3118 3223 βλακεύειν
3169 3148 3305 3217 πρὸς
3331 3145 3470 3218 ⁸τούς
3523 3144 3684 3219 ύπέρὲ
3711 3143 3824 3194 τῶν

2150 3247 2449 3301 σπουδαίων
2472 3240 2850 3313 παρεσκεύασε
2871 3237 3083 3298 πόνους.
3107 3234 3196 3287 Διὸ
3223 3231 3330 3303 χρὴ
3359 3228 3621 3284 πάντοθεν
3649 3227 3822 3280 αὐτοῦ

2148 3332 2208 3385 τὸ
2247 3331 2440 3392 κάλλος
2477 3312 2817 3381 ἀποστίλϐειν
2851 3322 2948 3392 τῆς
2987 3319 3184 3390 ψυχῆς,
3236 3317 3322 3370 ἵνα
3361 3315 3454 3368 καὶ
3501 3312 3825 3383 εὐφραίνειν

2151 3415 2267 3485 ἅμα
2300 3413 2392 3466 καὶ
2431 3410 2681 3480 φωτίζειν
2709 3405 2933 3476 δύνηται
2959 3405 3055 3466 τὰς
3085 3402 3191 3455 τῶν
3220 3398 3466 3471 ὁρώντων
3501 3396 3705 3466 ψυχάς.
3743 3395 3824 3446 Τά

2154 3498 2248 3568 μέν
2274 3496 2381 3567 γάρ
2409 3493 2513 3547 τῶν
2544 3491 2812 3561 τυχόντων
2840 3488 3232 3560 ἁμαρτήματα,
3262 3483 3446 3552 ὥσπερ
3476 3481 3530 3532 έν
3557 3497 3668 3531 τινι
3696 3480 3826 3531 σκό-

2150 3600 2226 3651 τῳ
2251 3580 2619 3650 πραττόμενα,
2646 3575 2772 3638 τοὺς
2795 3571 3191 3644 ἐργαζομένους
3217 3566 3461 3620 ἀπώλεσε
3494 3564 3711 3633 μόνους·
3737 3564 3825 3614 άν-

2149 3645 2377 3735 δρὸςδέ
2427 3645 2722 3728 ἐπιφανοῦς
2767 3657 2862 3708 καὶ
2899 3653 3111 3716 πολλοῖς
3151 3649 3425 3735 γνωρίμου
3469 3645 3825 3715 πλημμέλεια

2151 3746 2333 3815 κοινὴν
2347 3746 2514 3798 ἀπασι
2548 3741 2812 3812 φέρειτὴν
2841 3738 3063 3809 βλάϐην,
3090 3736 3216 3797 τοὺς
3237 3733 3335 3803 μὲν
3352 3729 3825 3791 ἀναπεπτωκότας

2153 3832 2288 3903 πρὸς
2351 3829 2475 3892 τοὺς
2541 3828 2680 3896 ὐπέρ
2742 3825 2849 3876 τῶν
2913 3819 3131 3890 ἀγαθῶν
3182 3817 3410 3888 ἱδρῶτας
3445 3812 3826 3882 ὑπτιωτέρους

2153 3912 2402 3976 ποιοῦσα,
2442 3913 2568 3974 τοὺς
2601 3895 2659 3964 δέ
2685 3908 2970 3980 προσέχειν
3008 3905 3218 3966 ἑαυτοῖς
3249 3900 3598 3972 βουλομένους
3636 3895 3824 3966 ἐρεθί-

2154 3999 2318 4061 ζουσα
2344 3997 2478 4067 πρὸς
2498 3979 2768 4048 ἀπόνοιαν.
2794 3991 2975 4063 Χωρὶς
2993 3989 3048 4042 δὲ
3071 3986 3273 4041 τούτων
3305 3984 3373 4037 τά
3401 3983 3498 4054 μέν
3527 3979 3637 4033 τῶν
3668 3981 3831 4032 εύτε-

2153 4081 2257 4134 λῶν
2285 4078 2723 4150 παραπτώματα,
2747 4075 2850 4130 κᾶν
2879 4062 2957 4137 είς
2987 4073 3046 4125 τὸ
3076 4072 3235 4142 μέσον
3265 4067 3412 4139 ἔλθῃ,
3442 4064 3635 4118 οὐδένα
3660 4062 3830 4133 ἐπλη-

2155 4167 2243 4232 ξεν
2277 4146 2818 4232 ἀξιόλογον-πληγήν·
2856 4160 2904 4211 οἱ
2933 4157 2990 4210 δὲ
3018 4157 3076 4208 ἐν
3110 4157 3176 4224 τῇ
3208 4153 3418 4223 κορυφῇ
3455 4147 3660 4214 ταύτης
3687 4146 3828 4198 καθ-

2155 4251 2344 4322 ήμενοι
2382 4249 2481 4316 τῆς
2515 4247 2699 4317 τιμῆς,
2741 4243 2953 4314 πρῶτον
3001 4239 3099 4310 μὲν
3139 4237 3302 4290 πᾶσίν
3350 4237 3453 4288 εἰσι
3501 4232 3825 4302 κατάδηλοι,

2155 4335 2365 4395 ἔπειτα,
2410 4330 2511 4384 κᾶν
2557 4316 2614 4383 ἐν
2661 4330 2770 4390 τοῖς
2813 4323 3157 4397 μικροτάτοις
3197 4320 3460 4390 σφαλῶσι,
3504 4316 3721 4387 μεγάλα
3757 4317 3828 4370 τά

2159 4417 2330 4489 μικρά
2354 4419 2465 4477 τοῖς
2491 4413 2670 4474 ἄλλοις
2705 4411 2972 4479 φαίνεται.
3006 4406 3084 4460 Οὐ
3115 4405 3222 4473 γάρ
3381 4399 3475 4489 τοῦ
3531 4401 3827 4467 γεγονότος

2160 4485 2372 4574 μεγέθει
2400 4500 2444 4562 ί,
2481 4499 2614 4552 ἀλλά
2641 4501 2704 4566 τῇ
2728 4495 2822 4549 τοῦ
2853 4491 3242 4564 διαμαρτόντος
3269 4486 3396 4574 ἀξία
3414 4485 3524 4574 την-
3543 4485 3828 4574 ἁμαρτίαν

2161 4567 2447 4657 μετροῦσιν
2496 4583 2752 4643 ἅπαντες.
2805 4579 2914 4631 Καὶ
2957 4578 3037 4630 δεῖ
3069 4574 3159 4628 τὸν
3196 4572 3345 4644 ἱερέα
3394 4568 3645 4637 καθάπερ
3680 4567 3827 4619 τισὶν

2156 4668 2533 4738 ἀδαμαντίνοις
2556 4665 2739 4727 ὅπλοις
2770 4660 3078 4733 πεφράχθαι
3111 4656 3374 4711 πάντοθεν
3397 4658 3461 4726 τῇ
3491 4672 3548 4708 τε
3580 4656 3829 4725 συντόνῳ

2161 4754 2359 4824 σπουδῇ
2397 4754 2489 4806 καὶ
2521 4755 2584 4821 τῇ
2617 4750 2852 4820 διηνεκεῖ
2894 4746 3020 4816 περὶ
3064 4743 3153 4796 τὸν
3186 4742 3297 4812 βίον
3341 4739 3518 4810 νήφει,
3557 4740 3829 4792 πάντοθεν

2161 4836 2616 4909 περισκοποῦντα,
2651 4836 2722 4906 μή
2777 4831 2880 4886 πού
2919 4847 3001 4893 τις
3053 4826 3258 4898 γυμνὸν
3299 4823 3472 4896 εὑρὼν
3516 4821 3684 4875 τόπον
3729 4823 3830 4875 καὶ

2162 4907 2642 4994 παρημελημένον,
2679 4917 2856 4988 πλήξῃ
2895 4913 3109 4985 καιρίαν
3162 4910 3393 4981 πληγήν.
3447 4908 3658 4994 Πάντες
3716 4907 3827 4976 γάρ

2163 5008 2548 5084 περιεστήκασι
2585 5003 2791 5074 τρῶσαι
2821 5003 3025 5070 ἕτοιμοι
3063 4999 3087 5036 ε
3118 4997 3210 5050 καί
3245 4993 3589 5058 καταϐαλεῖν,
3617 4992 3680 5044 οὐ
3715 4993 3828 5045 τῶν

2162 5076 2370 5162 ἐχθρῶν
2409 5076 2581 5158 μόνον
2635 5087 2728 5139 καὶ
2775 5084 3064 5153 πολεμίων,
3109 5079 3244 5134 ἀλλὰ
3289 5078 3383 5132 καὶ
3420 5076 3597 5130 αὐτῶν
3637 5076 3826 5130 πολλοὶ

2160 5174 2266 5243 τῶν
2293 5170 2771 5244 προσποιουμένων
2811 5167 3010 5236 φιλίαν.
3403 5156 3405 5158 ’

2229 5257 2496 5320 Τοιάύτας
2515 5251 2606 5308 οὖν
2629 5252 2973 5321 ἐπιλέγεσθαι
2998 5250 3077 5303 δεῖ
3095 5247 3292 5319 ψυχάς,
3319 5243 3406 5302 οἶα
3438 5246 3504 5299 τά
3527 5246 3631 5298 τῶν
3655 5244 3826 5313 άγίων

2160 5343 2380 5406 ἐκείνων
2410 5337 2656 5402 ἀπέδειξε
2693 5336 2920 5406 σώματα
2963 5337 2996 5406 ἡ
3030 5332 3122 5386 τοῦ
3153 5331 3286 5386 Θεοῦ
3320 5333 3476 5402 χάρις
3518 5331 3576 5381 ἐν
3608 5331 3675 5398 τῇ
3721 5329 3824 5380 Βα-

2160 5426 2394 5496 ϐυλωνίᾳ
2420 5423 2632 5493 καμίνῳ
2671 5421 2819 5474 ποτέ.
2853 5420 2926 5473 Οὐ
2957 5418 3065 5490 γὰρ
3095 5417 3363 5489 κληματίς
3403 5414 3494 5467 καὶ
3533 5412 3701 5464 πίσσα
3733 5412 3825 5463 καὶ

2162 5514 2453 5565 στυππεῖον
2479 5511 2512 5579 ἡ
2539 5507 2631 5560 τοῦ
2658 5507 2827 5576 πυρὸς
2853 5503 3044 5558 τούτου
3074 5501 3267 5574 τροφὴ,
3295 5500 3428 5554 ἀλλά
3451 5497 3586 5549 πολὺ
3619 5496 3825 5548 τούτων

2219 5622 2237 5642 ⁸
2260 5621 2338 5668 Sic
2362 5619 2473 5667 δον.
2497 5624 2551 5667 οι
2569 5617 2762 5678 quidam
2789 5613 3012 5664 mss.Alii
3036 5626 3152 5661 vero
3163 5610 3356 5678 τίςδᾶν
3377 5608 3683 5678 ε’)πειθήσειε.
3701 5602 3823 5678 Ιειῑτι

2162 5689 2268 5746 post
2292 5683 2450 5746 οὐγὰρ
2473 5668 2699 5746 ﬁam-09}
2720 5679 2838 5732 ἔστι,
2873 5691 2965 5724 vox
2994 5688 3205 5746 sgqupns
3225 5671 3420 5746 δυνατόν
3460 5675 3603 5716 deest
3630 5673 3680 5715 In
3711 5668 3818 5726 Sat.

2161 5733 2211 5794 ίιι
2234 5748 2278 5807 in
2302 5733 2486 5807 aﬂifluiol
2506 5755 2617 5807 mss.
2644 5741 2749 5787 Mox
2775 5741 2999 5807 aliquifl.
3022 5733 3166 5807 Si“).
3189 5735 3247 5781 τά
3269 5733 3543 5796 μικρότατα.

2231 5804 2249 5842 τ
2283 5798 2451 5852 ΑΙὶἱόῦ
2485 5806 2571 5865 γάρ
2593 5807 2660 5863 τῷ
2690 5804 2844 5863 μέτρῳ
2869 5799 2954 5846 τοῦ
2977 5798 3235 5865 γεγονότοςἶ

2165 5915 2168 5918 ,
2232 5869 2255 5906 ε
2281 5865 2414 5917 Unus
2436 5855 2615 5932 τρῶσαι
2638 5855 2996 5918 σπουδάζοντες.
3023 5855 3144 5909 Infra
3165 5858 3246 5907 alii
3267 5857 3416 5905 πίσσα
3455 5855 3535 5904 καὶ
3577 5855 3820 5904 matrimi.
