3864 6318
149 472 182 525 6
193 470 247 526 l9

151 595 257 637 rate
281 578 666 641 excolerentur,
700 578 830 633 nihil
859 579 975 633 hare
1006 591 1103 632 nos
1131 584 1272 632 tanta
1306 576 1470 631 animi
1498 574 1719 645 segnitie

152 675 394 745 pneditos
415 672 483 728 ad
504 673 639 727 hanc
659 671 1025 742 prtefccturam
1042 669 1311 739 juvarent.
1337 668 1546 722 Homini
1566 667 1721 737 quip-

150 785 215 839 pe
241 768 291 822 in
316 766 631 823 domuncula
650 764 875 835 quadam
903 763 1105 818 incluso
1125 770 1182 817 et
1203 777 1297 816 sua
1326 761 1495 815 solum
1519 758 1725 814 curanti
1744 812 1749 818 ,

153 862 263 916 [nec
288 874 531 929 magnam
556 856 810 912 afferrent
833 855 1144 917 utilitatem;
1173 853 1265 908 sed
1296 853 1347 907 in
1370 860 1567 906 tantam
1591 848 1728 904 mul-

152 952 424 1007 titudinem
450 950 637 1015 scisso,
669 957 722 1003 et
750 949 1004 1016 cujusque
1037 944 1369 999 subditorum
1403 940 1749 1012 peculiarem

148 1040 554 1098 sollicitudinem
580 1039 806 1110 gerenti,
833 1037 959 1108 quid
984 1036 1035 1092 id
1058 1037 1190 1091 lucri
1217 1035 1403 1089 afferat
1425 1033 1493 1089 ad
1517 1033 1728 1088 illorum
1750 1076 1753 1097 ,

152 1135 443 1204 profectum
462 1174 478 1200 ,
505 1132 607 1187 nisi
636 1132 869 1186 animum
892 1130 1100 1185 virilem
1124 1144 1187 1184 ac
1216 1128 1561 1183 fortissimum
1587 1124 1730 1181 obti-

152 1227 307 1282 neat?

224 1318 311 1371 13.
342 1316 537 1370 Ρνωιετ
562 1315 909 1369 abstinentiam
939 1313 1043 1368 alia
1067 1311 1274 1383 requiri.
1304 1340 1376 1350 —
1408 1309 1592 1380 Neque
1630 1309 1733 1363 mi-

162 1409 299 1463 reris
322 1406 367 1461 si
394 1421 510 1462 cum
539 1414 679 1460 tanta
706 1403 981 1460 tolerantia
1004 1405 1021 1435 ί
1070 1403 1295 1457 alterum
1348 1400 1559 1470 postulo
1586 1397 1734 1454 fortis

153 1500 317 1554 animi
352 1499 791 1568 experimentum.
819 1495 951 1551 Nam
984 1495 1267 1551 delicatum
1295 1494 1494 1557 cibum,
1528 1500 1732 1563 potum,

154 1592 348 1646 lectum
375 1590 668 1659 despicere,
692 1590 871 1643 multis
892 1587 1046 1643 facile
1066 1602 1185 1642 esse
1204 1585 1447 1641 videmus
1471 1603 1483 1638 :
1508 1584 1738 1639 maxime

154 1698 287 1738 vero
326 1683 393 1737 iis
411 1724 426 1748 ,
453 1681 543 1752 qui
576 1690 762 1736 natura
797 1680 1115 1751 agrestiores
1136 1687 1192 1733 et
1218 1693 1250 1732 a
1274 1678 1471 1733 teneris
1499 1677 1577 1732 sic
1604 1677 1740 1733 edu-

154 1775 262 1829 cati
288 1781 439 1839 sunt,
464 1788 527 1828 ac
549 1772 729 1827 multis
756 1773 880 1827 item
908 1771 1026 1826 aliis
1049 1771 1291 1841 corporis
1321 1776 1743 1839 temperamento

155 1878 317 1937 atque
351 1866 734 1921 consuetudine
775 1865 1015 1920 laborum
1059 1863 1363 1934 hujusmodi
1402 1861 1743 1932 asperitatem

155 1958 539 2029 mitigantibus.
554 1958 623 2012 At
633 1958 1026 2021 contumeliam,
1039 1954 1313 2019 damnum,
1326 1954 1607 2008 molestum
1626 1966 1746 2006 ver-

158 2054 313 2119 bum,
337 2052 555 2108 dicteria
576 2051 643 2106 ab
669 2050 1007 2105 inferioribus
1033 2058 1142 2104 tum
1172 2058 1392 2113 temere,
1416 2055 1525 2100 tum
1550 2044 1604 2099 in
1629 2045 1748 2114 ipso

155 2144 362 2215 judicio
388 2143 589 2213 prolata
612 2183 630 2210 ,
659 2141 1020 2213 querimonias
1048 2140 1243 2194 frustra
1269 2146 1323 2193 et
1350 2147 1552 2193 temere
1578 2145 1687 2190 tum
1716 2150 1749 2190 a

158 2235 493 2305 principibus
524 2243 633 2288 tum
668 2248 698 2286 a
740 2231 963 2288 subditis
990 2230 1228 2297 oblatas,
1268 2244 1373 2284 non
1412 2228 1567 2282 multi
1610 2227 1751 2281 ferre

160 2336 429 2398 possunt,
467 2326 561 2383 sed
601 2342 737 2382 unus
780 2324 1005 2381 fortasse
1037 2324 1123 2379 vel
1161 2323 1315 2378 alter.
1345 2322 1642 2390 Videreque
1670 2328 1752 2374 est

160 2423 331 2474 etiam
356 2420 498 2475 viros
523 2418 685 2474 fortes
708 2418 776 2473 ad
806 2418 920 2473 hazc
946 2418 1016 2472 ita
1040 2431 1139 2471 ceu
1170 2414 1430 2485 vertigine
1452 2423 1636 2483 captos
1655 2451 1670 2477 ,
1696 2417 1757 2465 ut

160 2513 257 2568 vel
301 2510 698 2568 immanissimis
738 2511 928 2566 belluis
972 2509 1137 2564 ferius
1181 2515 1559 2576 exasperentur
1600 2520 1614 2557 :
1655 2503 1753 2557 hos

162 2620 302 2660 vero
330 2604 559 2659 maxime
590 2620 618 2658 a
649 2602 932 2659 sacerdotii
965 2604 1131 2672 septis
1155 2615 1420 2656 arcemus.
1452 2597 1755 2653 Antistitem

162 2696 371 2765 quippe
406 2709 504 2749 nec
539 2694 715 2749 inedia
742 2692 1011 2759 aﬂlictari,
1043 2706 1143 2747 nec
1177 2690 1334 2745 nudis
1362 2688 1584 2759 pedibus
1609 2689 1758 2741 ince-

164 2790 329 2855 dere,
354 2788 407 2843 id
428 2804 553 2844 sane
580 2788 829 2843 Ecclesia:
848 2787 1005 2843 οωιυί
1027 2785 1156 2839 nihil
1176 2783 1360 2839 afferet
1399 2780 1709 2837 detrimenti
1741 2796 1755 2833 :

164 2882 328 2935 furor
364 2889 540 2935 autem
580 2880 743 2934 animi
784 2888 839 2935 et
880 2878 954 2933 illi
990 2888 1043 2933 et
1080 2878 1324 2947 proximo
1368 2890 1585 2945 magnas
1624 2873 1764 2946 parit

164 2974 527 3028 calamitates.
567 2974 739 3042 Atque
778 2972 845 3026 iis
884 2970 1129 3040 quidem,
1167 2970 1256 3038 qui
1296 2983 1452 3038 supra
1480 2968 1619 3022 dicta
1655 2981 1763 3021 non

165 3072 463 3133 praestant,
491 3063 629 3117 nulla
653 3078 683 3116 a
710 3062 822 3117 Deo
849 3060 1193 3116 comminatio
1220 3078 1233 3114 :
1261 3067 1316 3112 at
1342 3068 1541 3113 temere
1564 3071 1763 3112 excan-

166 3155 521 3210 descentibus
566 3163 621 3211 et
663 3153 958 3225 gehennam
1003 3162 1058 3207 et
1100 3151 1357 3223 gehennae
1403 3151 1579 3221 ignem
1624 3150 1765 3203 Deus

166 3250 540 3303 comminatus
559 3257 638 3303 est
666 3246 875 3317 (Matth.
902 3246 957 3301 5.
982 3244 1099 3317 22).
1126 3243 1585 3311 Quemadmodum
1611 3242 1768 3312 igitur

167 3355 338 3394 vana:
383 3338 566 3409 gloriae
610 3337 865 3408 cupidus,
908 3353 1028 3391 cum
1077 3336 1361 3390 multorum
1400 3334 1766 3409 praefecturam

168 3427 331 3495 adit,
361 3431 613 3500 majorem
648 3430 753 3500 igni
786 3429 985 3498 prtebet
1011 3428 1320 3493 materiam,
1347 3427 1426 3481 sic
1461 3436 1512 3481 et
1547 3427 1635 3496 qui
1672 3441 1770 3480 nec

168 3525 326 3596 apud
351 3540 429 3587 se,
455 3539 552 3580 nec
573 3525 626 3578 in
651 3523 994 3578 familiaribus
1021 3536 1307 3593 paucorum
1336 3522 1609 3591 colloquiis
1639 3522 1769 3574 iram

172 3617 468 3673 continuere
491 3615 712 3684 nequit,
739 3614 833 3670 sed
863 3613 1017 3669 facile
1046 3612 1384 3669 excandescit
1402 3653 1416 3677 ,
1446 3612 1569 3665 huic
1590 3611 1636 3665 si
1675 3626 1772 3680 po-

174 3709 393 3781 pularis
422 3710 757 3779 magistratus
784 3706 1043 3773 tradatur,
1065 3721 1161 3760 ceu
1190 3705 1299 3759 fera
1323 3704 1564 3774 quaedam
1586 3719 1617 3757 a
1640 3703 1796 3757 mul-‘

174 3804 259 3857 tis
287 3800 521 3871 undique
553 3800 886 3855 exstimulata
912 3840 927 3863 ,
966 3814 1064 3853 nec
1101 3799 1279 3869 quieto
1314 3812 1558 3867 umquam
1596 3796 1778 3851 animo

174 3910 312 3950 esse
345 3902 546 3964 potest,
577 3893 894 3962 insuperque
927 3890 1215 3946 commisso
1251 3888 1351 3944 sibi
1390 3889 1584 3959 populo
1618 3887 1777 3942 innu-

178 4004 344 4044 mera
385 3995 631 4056 procurat
667 3985 825 4039 mala.

264 4080 357 4136 ﬂ.
387 4077 535 4131 Nihil
563 4087 664 4130 tam
689 4078 847 4131 aciem
871 4076 1048 4130 mentis
1072 4073 1364 4141 obtundere,
1394 4087 1545 4142 quam
1571 4073 1780 4124 iracun-

110 4156 113 4157 ν
180 4173 356 4226 diam.
389 4200 458 4211 ——
480 4169 619 4224 Nihil
645 4169 785 4223 enim
812 4168 888 4223 sic
917 4166 1113 4237 ingenii
1150 4165 1453 4235 puritatem,
1483 4161 1783 4231 mentisque

180 4264 373 4318 aciem
400 4262 648 4318 obturbat
672 4304 687 4328 ,
717 4269 775 4315 ut
807 4261 884 4313 ira
923 4258 1220 4313 inordinata
1239 4298 1254 4323 ,
1283 4269 1400 4325 quae
1426 4254 1594 4309 multo
1619 4251 1784 4307 fertur

182 4360 423 4427 impetu.
465 4354 557 4408 Ira
579 4354 721 4409 enim
744 4394 758 4419 ,
791 4352 964 4423 inquit
999 4352 1088 4405 ille
1106 4392 1121 4418 ,
1150 4350 1301 4403 etiam
1329 4345 1595 4418 prudentes
1622 4344 1786 4415 perdit

184 4455 206 4523 ί
221 4452 386 4507 Prov.
416 4450 502 4505 15.
532 4448 607 4521 l).
636 4448 767 4503 Nam
796 4442 1239 4517 quemadmodum
1268 4442 1320 4496 in
1356 4448 1616 4496 nocturno
1646 4451 1786 4506 prae-

181 4544 681 4603 lioobtenebratus
709 4542 903 4598 mentis
931 4540 1116 4596 oculus
1142 4539 1343 4593 amicos
1372 4536 1439 4591 ab
1470 4532 1788 4590 adversariis

182 4642 514 4697 discernere
556 4638 766 4708 nequit,
805 4651 905 4691 nec
945 4635 1151 4690 nobiles
1195 4633 1264 4688 ab
1303 4629 1653 4702 ignobilibus,
1694 4626 1789 4682 sed

179 4750 325 4790 cum
352 4730 601 4787 omnibus
632 4730 820 4785 eodem
859 4742 918 4782 se
954 4726 1093 4798 gerit
1130 4724 1323 4791 modo,
1355 4733 1409 4779 et
1437 4721 1483 4777 si
1510 4719 1636 4792 quid
1665 4718 1791 4774 mali

176 4823 541 4883 subeundum
579 4823 646 4877 sit
667 4864 682 4883 ,
710 4821 888 4876 omnia
918 4819 1072 4874 facile
1100 4818 1328 4887 patitur,
1362 4825 1418 4868 ut
1445 4812 1608 4867 animi
1634 4810 1787 4864 volu-

180 4900 411 4991 ptatem
438 4916 675 4986 impleat.
703 4914 833 4969 Nam
861 4922 1007 4967 certe
1032 4910 1275 4980 voluptas
1300 4906 1541 4977 quaedam
1571 4911 1655 4959 est
1680 4901 1795 4955 ani-

176 5014 277 5070 mi
308 5007 751 5068 excandescentia
774 5048 789 5072 ,
821 5015 876 5060 et
902 5005 1167 5074 voluptate
1195 5001 1451 5069 majorem
1479 4999 1530 5051 in
1558 4996 1794 5050 animum

177 5115 428 5164 exercet
452 5102 782 5176 tyrannidem
804 5143 818 5167 ,
849 5098 1189 5169 tranquillum
1217 5096 1332 5166 ejus
1362 5103 1557 5149 statum
1587 5107 1677 5146 sus
1705 5090 1797 5144 de-

178 5216 313 5273 que
338 5198 657 5254 revolvens:
680 5210 799 5249 nam
832 5194 882 5247 in
913 5190 1265 5261 arrogantiam
1295 5188 1447 5242 facile
1478 5183 1716 5255 impellit,
1745 5190 1800 5238 et

180 5294 514 5349 simultates
538 5288 954 5359 intempestivas,
982 5296 1036 5341 et
1063 5284 1241 5340 odium
1269 5283 1384 5337 sine
1413 5281 1514 5335 ulla
1544 5293 1721 5345 causa,
1746 5286 1800 5332 et

180 5385 539 5441 offensiones
568 5390 766 5437 temere
805 5389 956 5433 natas
991 5378 1295 5447 frequenter
1322 5381 1499 5445 parat,
1532 5371 1800 5440 multaque

188 5482 301 5537 his
326 5476 523 5535 similia
550 5486 603 5532 et
628 5476 803 5530 dicere
829 5481 884 5528 et
912 5471 1086 5526 facere
1111 5470 1270 5539 cogit,
1294 5467 1472 5521 animo
1492 5464 1660 5518 multo
1679 5476 1799 5517 eum

178 5574 454 5633 stridore
488 5569 659 5625 morbi
699 5568 942 5622 molestia
978 5566 1116 5619 ultro
1146 5564 1385 5632 citroque
1411 5569 1614 5623 tracto,
1644 5558 1713 5611 ita
1749 5564 1804 5610 ut

184 5664 366 5722 nullo
394 5662 556 5716 modo
584 5670 746 5724 stare,
777 5667 831 5713 et
858 5667 1001 5711 tanto
1031 5654 1250 5724 impetni
1276 5652 1536 5707 obsistere
1564 5658 1740 5719 queat.

287 5752 619 5812 BASILIUS.
655 5754 765 5822 Ego
793 5766 918 5805 vero
950 5760 998 5803 te
1032 5750 1109 5802 sic
1144 5743 1563 5800 dissimulantem
1590 5756 1694 5795 non
1722 5738 1803 5794 ul-

288 5970 304 6000 ⁶
338 5963 465 6017 savil
513 5971 559 6015 et
582 5962 772 6026 quidam
792 5967 917 6021 Mss,
943 5964 1042 6024 post
1064 5963 1241 6009 tantam
1264 5948 1578 6007 tdlerantiam.

1333 462 1420 517 DE
1458 460 1905 518 SACERDOTIO.
1939 461 2066 517 LIB.
2110 462 2197 517 ΙΙΙ.

3312 462 3420 518 650

1840 575 2002 629 terius
2026 575 2375 646 patiar.~Quis
2403 576 2544 629 enim
2585 575 2791 645 ignorat
2820 583 3073 643 quantum
3103 573 3203 629 hoc
3230 576 3419 630 morbo

1830 665 1905 721 sis
1932 665 2175 720 alienus?
2213 664 2678 721 CHRYSOSTOM.
2717 666 2851 733 Quid
2884 667 3069 737 igitur,
3100 667 3314 736 inquam
3338 707 3352 730 ,
3383 682 3418 720 ο

1831 760 1914 814 vir
1936 760 2110 825 beate,
2137 760 2216 813 vis
2241 775 2326 815 me
2354 759 2477 814 huic
2505 774 2633 830 rogo
2660 760 2965 823 admovere,
2994 775 3056 815 ac
3080 759 3244 815 feram
3267 759 3418 831 quie-

1834 861 2069 907 scentem
2099 842 2348 905 irritare?
2371 852 2452 905 An
2481 852 2692 921 ignoras
2719 851 2769 905 id
2797 852 2951 906 nobis
2979 867 3086 907 non
3114 862 3293 907 nostra
3320 852 3423 906 vir-

1836 950 1948 997 tute
1972 940 2316 1007 Successisse,
2343 941 2438 996 sed
2458 956 2522 997 ex
2543 943 2735 1011 quietae
2761 941 2880 995 vitae
2907 956 3122 1007 amore;
3148 958 3268 997 eum
3292 958 3421 997 vero

1836 1035 1925 1104 qui
1956 1035 2033 1090 sic
2069 1034 2289 1089 affectus
2316 1042 2423 1100 est,
2458 1049 2699 1089 seorsum
2728 1034 3006 1104 degentem
3028 1077 3043 1102 ,
3072 1044 3128 1090 et
3156 1051 3260 1090 uno
3285 1036 3421 1091 alte-

1836 1141 1965 1183 rove
1990 1135 2225 1183 utentem
2253 1126 2427 1182 amico
2452 1170 2467 1194 ,
2504 1126 2807 1195 hujusmodi
2848 1126 3149 1183 incendium
3191 1128 3425 1199 effugere

1838 1233 2027 1288 posse;
2055 1233 2212 1274 secus
2238 1234 2368 1274 vero
2396 1218 2441 1274 si
2468 1219 2521 1273 in
2550 1227 2626 1274 tot
2646 1234 2892 1275 curarum
2915 1220 3166 1291 abyssum
3192 1218 3425 1275 incidat?

1840 1311 1989 1367 Tunc
2027 1312 2169 1367 enim
2202 1326 2308 1366 non
2350 1326 2409 1366 se
2443 1312 2614 1367 solum
2634 1353 2650 1377 ,
2680 1311 2773 1367 sed
2799 1320 2853 1367 et
2879 1311 3012 1368 alios
3040 1312 3333 1382 permultos
3360 1312 3427 1366 ad

1841 1404 2086 1460 interitus
2122 1405 2473 1475 prazcipitiunt
2509 1419 2692 1459 secum
2732 1404 2924 1472 trahit,
2955 1414 3010 1461 et
3045 1405 3113 1460 ad
3152 1405 3429 1475 probitatis

1842 1512 2023 1553 curam
2052 1498 2325 1566 segniores
2359 1498 2539 1553 efficit.
2574 1498 2723 1554 Solet
2746 1499 2886 1554 enim
2914 1498 3249 1554 subditorum
3277 1500 3429 1554 turba

1843 1590 2216 1662 prmfectomm
2240 1590 2341 1645 sibi
2370 1606 2546 1646 mores
2566 1606 2666 1646 ceu
2690 1590 3035 1662 archetypum
3067 1599 3122 1646 et
3145 1592 3428 1662 quamdam

1845 1682 2131 1752 imaginem
2171 1691 2439 1752 spectare,
2470 1697 2634 1753 seque
2671 1682 2737 1736 ad
2779 1682 2987 1737 illorum
3020 1682 3245 1738 formam
3276 1682 3431 1737 effin-

1846 1789 1990 1844 gere.
2020 1775 2120 1842 Qui
2150 1789 2277 1845 ergo
2318 1774 2488 1844 possit
2530 1774 2619 1829 ille
2647 1789 2830 1829 eorum
2869 1782 3107 1829 tumores
3132 1773 3320 1828 sedare
3340 1814 3355 1839 ,
3389 1774 3434 1828 si

1849 1866 1962 1936 ipse
1993 1865 2223 1920 tumeat?
2247 1865 2364 1936 quis
2392 1864 2629 1934 plebeius
2658 1865 2964 1920 moderatus
2991 1865 3171 1921 statim
3200 1865 3317 1921 fieri
3342 1881 3437 1919 cu-

1850 1958 1977 2029 piat,
2002 1958 2045 2013 si
2070 1958 2360 2028 principem
2387 1957 2695 2013 iracundum
2723 1957 2933 2013 videat?
2957 1957 3271 2028 Neutiquam
3292 1957 3438 2012 enim

1851 2060 2074 2121 possunt
2093 2050 2432 2105 sacerdotum
2454 2050 2581 2106 vitia
2607 2050 2792 2113 latere,
2823 2049 2919 2105 sed
2942 2050 3102 2105 etiam
3122 2050 3312 2121 exigua
3334 2051 3440 2105 cito

1852 2142 2137 2212 conspicua
2166 2150 2310 2196 sunt.
2338 2141 2610 2213 Siquidem
2640 2141 2841 2197 athleta
2869 2141 3123 2212 quamdiu
3149 2142 3291 2196 domi
3324 2158 3441 2196 ma-

1854 2245 1976 2301 net,
2006 2243 2059 2291 et
2100 2252 2222 2290 eum
2262 2236 2406 2290 nullo
2449 2234 2823 2306 congreditur,
2865 2235 2989 2290 licet
3030 2234 3290 2289 infirmior
3328 2234 3438 2299 sit,

1855 2332 2123 2385 occultare
2162 2344 2221 2383 se
2261 2337 2468 2400 potest;
2498 2343 2619 2383 cum
2658 2336 2835 2383 autem
2876 2326 3109 2382 nudatus
3147 2327 3198 2380 in
3227 2341 3444 2381 arenam

1857 2421 2158 2485 descendit,
2202 2420 2377 2475 statim
2417 2420 2508 2489 qni
2542 2420 2611 2474 sit
2650 2419 2931 2474 evincitur.
2974 2418 3227 2475 Homines
3268 2417 3447 2487 itaque

1859 2515 1947 2586 qui
1982 2513 2205 2570 seorsim
2236 2523 2288 2568 et
2312 2514 2366 2567 in
2395 2514 2504 2569 otio
2530 2512 2689 2567 vitam
2717 2521 2911 2581 agunt,
2937 2510 3187 2566 vitiorum
3226 2524 3448 2565 suorum

1862 2616 2073 2678 tegmen
2101 2606 2297 2660 habent
2319 2604 2691 2669 solitudinem;
2716 2604 2767 2656 in
2795 2602 3027 2657 medium
3053 2600 3288 2667 adducti,
3312 2601 3450 2654 sicut

1862 2701 2235 2756 vestimentum
2260 2698 2597 2753 solitudinem
2625 2711 2824 2751 exuere
2850 2707 3131 2765 coguntur,
3156 2709 3330 2764 exque
3359 2709 3451 2748 ex-

1865 2793 2028 2848 ternis
2069 2791 2303 2846 motibus
2353 2788 2553 2844 nudum
2600 2787 2844 2843 omnibus
2892 2786 3127 2840 animum
3171 2784 3447 2839 exhibere.

1864 2884 2323 2953 Quemadmodum
2364 2898 2492 2953 ergo
2534 2883 2769 2953 ipsorum
2809 2879 3061 2950 przeclara
3091 2886 3238 2949 gesta
3272 2876 3454 2932 multis

1867 2987 2089 3049 prosunt
2111 2978 2176 3032 ad
2203 2976 2377 3030 simile
2406 2975 2637 3029 studium
2663 2973 2961 3039 evocantia,
2984 2972 3062 3026 sic
3087 2980 3140 3026 et
3165 2985 3351 3026 eorum
3377 2970 3455 3026 vi-

1868 3072 1939 3125 tia
1971 3071 2104 3124 alios
2133 3068 2199 3123 ad
2232 3067 2441 3123 virtutis
2469 3066 2782 3121 exercitium
2808 3063 3081 3134 segniores
3106 3061 3375 3127 efficiunt,
3402 3070 3457 3116 et

1868 3164 1935 3220 ad
1962 3165 2222 3219 bonorum
2249 3176 2474 3231 operum
2503 3159 2740 3214 laborem
2772 3167 2983 3227 torpere
3011 3155 3229 3210 faciunt.
3256 3155 3457 3223 Quam—

1870 3260 2053 3313 obrem
2084 3257 2275 3310 animae
2304 3254 2420 3324 ejus
2446 3250 2894 3322 pulchritudinem
2923 3248 3204 3319 splendere
3225 3254 3454 3315 oportet.

1870 3361 1931 3406 ut
1972 3358 2325 3420 spectatorum
2369 3346 2575 3400 animos
2604 3343 2872 3397 oblectare
2909 3340 3068 3395 simul
3103 3348 3158 3394 et
3196 3339 3460 3393 illustrare

1874 3442 2058 3513 possit.
2104 3438 2236 3493 Nam
2279 3435 2573 3507 vulgarium
2614 3433 2887 3487 hominum
2928 3439 3181 3502 peccata,
3216 3427 3365 3498 quasi
3407 3428 3459 3480 in

1877 3512 2108 3589 tenebris
2136 3538 2457 3601 perpetrata,
2486 3512 2769 3599 peccantes
2792 3525 2937 3580 solos
2963 3523 3188 3592 perdunt
3213 3540 3225 3576 :
3249 3522 3349 3577 viri
3370 3536 3464 3574 au-

1878 3637 1984 3682 tem
2014 3624 2230 3679 illustris
2252 3630 2307 3678 et
2336 3620 2517 3675 multis
2542 3618 2738 3688 cogniti
2767 3616 2961 3683 scelus,
2986 3629 3268 3669 commune
3292 3613 3465 3668 omni-

1876 3719 1977 3774 bus
1999 3717 2151 3771 al'fert
2175 3714 2571 3778 detrimentum,
2594 3710 2721 3765 dum
2747 3708 3001 3763 remissos
3024 3705 3091 3760 ad
3118 3704 3342 3760 sudores
3367 3719 3463 3773 pro

1878 3812 2033 3869 nobis
2058 3808 2309 3880 Oper-ibus
2333 3803 2688 3876 capessendos
2714 3799 3014 3870 supiniores
3036 3798 3228 3864 efficit,
3255 3811 3349 3852 eos
3372 3812 3467 3849 au-

1881 3913 1987 3960 tem
2018 3903 2106 3974 qui
2131 3901 2230 3957 sibi
2256 3897 2533 3954 attendere
2556 3895 2796 3966 cupiunt,
2828 3892 2894 3947 ad
2919 3890 3220 3961 superbiam
3249 3888 3463 3953 excitat.

1880 3996 1965 4051 Ad
1992 3994 2105 4049 htec
2132 4006 2259 4047 vero
2283 4032 2298 4057 ,
2329 3988 2622 4060 vulgarium
2651 3985 2844 4041 delicta
2867 4026 2882 4050 ,
2910 3988 2993 4041 vel
3026 3983 3076 4035 in
3109 3981 3341 4041 medium
3370 3978 3468 4034 ad-

1884 4090 2076 4151 ducta,
2110 4082 2311 4140 nemini
2353 4082 2425 4137 ita
2463 4077 2781 4151 profundam
2816 4075 3059 4146 infligunt
3098 4074 3303 4144 plagam
3335 4089 3349 4125 :
3378 4072 3470 4142 qui

1885 4193 2063 4236 autem
2094 4178 2145 4232 in
2171 4176 2275 4231 hoc
2300 4172 2517 4227 honoris
2544 4169 2755 4240 fastigio
2778 4167 2997 4233 sedent,
3026 4164 3199 4235 primo
3224 4162 3472 4223 omnibus

1887 4282 2011 4337 sunt
2033 4269 2337 4340 conspicui;
2358 4264 2569 4329 deinde,
2594 4264 2719 4319 licet
2737 4262 2789 4316 in
2812 4260 3043 4315 minimis
3068 4258 3329 4319 labantur,
3352 4270 3471 4325 qua:

1889 4367 2094 4423 minora
2113 4371 2238 4417 sunt
2261 4360 2381 4415 aliis
2405 4372 2595 4428 magna
2619 4354 2883 4410 videntur.
2909 4351 3025 4406 Non
3044 4350 3184 4406 enim
3211 4347 3339 4405 facti
3357 4362 3473 4401 ma-

1890 4456 2163 4531 gnitudine
2185 4456 2224 4521 ⁸,
2263 4452 2358 4508 sed
2412 4448 2681 4521 peccantis
2720 4444 2973 4516 dignitate
2994 4450 3265 4512 peccatum
3289 4453 3474 4493 omnes

1890 4529 2199 4605 metiuntur.
2228 4544 2368 4601 Sane
2411 4539 2740 4597 sacerdotem
2778 4542 2989 4606 oportet
3025 4547 3125 4588 ceu
3161 4529 3475 4601 quibusdam

1893 4637 2242 4697 adamantinis
2267 4635 2429 4689 armis
2464 4631 2814 4701 undequaque
2842 4624 3056 4690 muniri,
3083 4622 3298 4678 assiduo
3324 4636 3476 4676 nem-

1894 4748 1962 4803 pe
1988 4730 2162 4786 studio
2182 4769 2196 4793 ,
2226 4737 2282 4783 et
2312 4723 2529 4796 perenni
2558 4721 2698 4777 circa
2726 4719 2891 4774 vitam
2917 4716 3184 4788 vigilantia
3204 4756 3219 4779 ,
3250 4711 3477 4781 undique

1896 4818 2367 4893 circumspicienda
2390 4858 2405 4882 ,
2439 4830 2506 4870 ne
2533 4813 2651 4884 quis
2688 4809 2831 4866 nudo
2872 4823 2936 4863 ac
2977 4806 3217 4877 neglecto
3248 4804 3365 4859 loco
3390 4817 3479 4856 re-

1899 4927 2050 4988 perto
2078 4913 2233 4970 letale
2270 4909 2469 4980 infligat
2504 4905 2714 4962 vulnus.
2742 4903 2940 4958 Omnes
2971 4898 3483 4957 enimcircumstant

1901 5013 2084 5085 parati,
2116 5018 2175 5064 ut
2198 5007 2473 5061 vulnerent
2499 5018 2563 5058 ac
2588 5001 2856 5070 dejiciant,
2884 5011 2990 5051 non
3018 4991 3178 5047 modo
3206 5005 3269 5045 ex
3302 4987 3479 5045 inimi-

1900 5081 1977 5162 cis
2004 5104 2172 5168 multi,
2197 5100 2290 5156 sed
2320 5099 2477 5154 etiam
2506 5111 2570 5150 ex
2596 5094 2683 5160 iis,
2710 5091 2799 5162 qui
2829 5086 3110 5143 amicitiam
3137 5081 3407 5138 simulant.

1912 5246 1915 5247 ν
1972 5196 2127 5251 Tales
2170 5192 2330 5262 igitur
2369 5187 2489 5259 eligi
2530 5192 2772 5257 oportet,
2808 5178 2979 5249 qualia
3018 5182 3321 5229 sanctorum
3356 5169 3483 5225 olim

1905 5291 2115 5357 illorum
2144 5297 2365 5355 corpora
2394 5281 2447 5335 in
2474 5275 2792 5349 Babylonica
2830 5272 3041 5326 fornace
3077 5267 3170 5322 Dei
3202 5265 3369 5336 gratia
3396 5280 3487 5317 ex-

1906 5380 2094 5437 hibuit.
2120 5377 2301 5446 Neque
2328 5376 2467 5429 enim
2499 5368 2634 5441 ignis
2661 5366 2816 5436 hujus
2843 5377 2965 5418 esca
2988 5370 3111 5415 sunt
3136 5365 3484 5446 sarmentum,

1910 5474 1996 5545 pix
2022 5480 2078 5527 et
2104 5445 2291 5537 stupa;
2333 5463 2429 5520 sed
2467 5462 2549 5516 his
2582 5458 2748 5513 multo
2771 5453 3040 5525 graviora,
3063 5445 3488 5521 quandoquidem

1908 5538 2015 5620 non
2044 5559 2311 5619 sensibilis
2336 5555 2425 5610 ille
2450 5552 2582 5623 ignis
2612 5548 2847 5618 subjacet
2866 5587 2882 5612 ,
2911 5543 3004 5599 sed
3033 5541 3208 5597 omnia
3230 5538 3489 5594 devorans

1912 5655 2123 5713 invidia:
2149 5650 2363 5706 flamma
2394 5646 2566 5716 ipsum
2597 5637 2959 5703 circumsistit,
2987 5633 3217 5704 undique
3245 5645 3302 5685 se
3330 5627 3488 5684 attol-

1913 5750 2059 5815 lens,
2085 5744 2185 5815 ipsi
2216 5742 2466 5811 ingruens
2486 5779 2499 5801 ,
2527 5732 2928 5815 accuratiusque
2955 5728 3123 5798 ipsum
3151 5721 3487 5784 examinans,

1987 5948 2002 5978 ¹
2044 5942 2144 6005 Αιὶι,
2171 5944 2297 6004 facta
2321 5948 2557 5987 nwnsura.
