3864 6240
399 424 498 483 651

400 559 561 617 quam
593 551 719 599 tunc
746 541 879 612 ignis
905 552 1189 612 puerorum
1218 536 1428 589 illorum
1451 546 1692 601 corpora.
1722 530 1852 584 Cum
1881 528 1999 596 igi-t

400 646 493 690 tur
517 635 601 691 vel
628 644 787 689 tenue
811 628 1095 702 quodpiam
1133 626 1341 696 stipulae
1370 623 1645 692 vestigium
1686 618 1980 682 invenerit,

405 729 582 783 statim
624 725 887 781 inhaerens
921 721 1159 776 vitiatam
1201 718 1345 771 illam
1389 723 1588 786 partem
1618 712 1827 773 exurit;
1857 708 1983 763 reli-

406 834 565 888 quam
594 830 723 871 vero
746 822 1088 875 structuram,
1114 807 1323 865 etiamsi
1348 805 1604 861 solaribus
1626 802 1784 857 radiis
1804 800 1985 869 spien-

407 909 581 964 didior
601 906 780 969 fuerit,
802 904 945 958 fumo
967 903 1056 957 illo
1074 900 1245 955 adurit
1264 906 1317 953 et
1335 897 1584 952 obscurat
1606 904 1787 949 tatam.
1810 892 1990 945 Donec

409 1001 551 1057 enim
579 997 871 1054 sacerdotis
898 995 1003 1049 vita
1028 992 1192 1065 probe
1217 989 1445 1057 undique
1468 985 1780 1041 concinnata
1810 981 1988 1046 fuerit,

412 1091 617 1146 insidiis
656 1089 745 1143 ille
782 1086 944 1141 nullis
973 1086 1181 1154 pervius
1204 1088 1313 1145 est;
1345 1080 1429 1133 sin
1460 1076 1544 1131 vel
1577 1073 1838 1129 tantillum
1867 1071 1992 1141 quid

412 1181 805 1253 praetermittat,
833 1175 977 1248 quod
1001 1190 1128 1230 sane
1155 1172 1310 1228 facile
1335 1169 1642 1238 contingere
1670 1172 1864 1236 patest,
1893 1162 1993 1217 ho-

414 1287 504 1327 mo
528 1286 650 1325 cum
677 1270 747 1324 sit
766 1309 780 1330 ,
810 1276 864 1322 et
892 1264 1160 1320 erroribus
1188 1262 1405 1333 plenum
1440 1259 1560 1313 vitae
1586 1256 1741 1327 hujus
1779 1255 1996 1326 pelagus

417 1364 659 1432 trajiciat,
694 1358 823 1416 nihil
859 1360 1059 1429 reliqua
1089 1357 1164 1411 illi
1194 1357 1328 1410 bona
1355 1368 1527 1424 opera
1556 1358 1795 1421 prosunt,
1825 1357 1882 1403 ut
1907 1362 1998 1403 ac-

420 1464 723 1509 cusatorum
761 1466 917 1505 voces
951 1448 1196 1519 ellugiat,
1230 1445 1323 1502 sed
1352 1459 1569 1515 parvum
1599 1442 1847 1497 delictum
1874 1440 2000 1494 reli-

418 1560 585 1615 quum
623 1558 783 1597 omne
825 1539 1103 1595 obumbrat
1131 1545 1185 1592 et
1220 1536 1489 1590 obscurat.
1522 1532 1591 1587 Et
1624 1531 1691 1587 de
1726 1528 2003 1585 sacerdote

421 1651 609 1693 omnes
630 1648 734 1690 non
756 1633 906 1704 quasi
931 1645 1091 1687 carne
1112 1628 1314 1689 induto,
1337 1637 1390 1681 et
1410 1625 1637 1679 humana
1660 1631 1845 1676 natura
1868 1634 2006 1688 pree-

420 1728 569 1793 dito,
610 1725 703 1781 sed
738 1723 889 1795 quasi
918 1723 985 1779 de
1022 1720 1210 1792 angelo
1232 1761 1247 1785 ,
1278 1718 1422 1773 omni
1463 1716 1665 1785 reliqua
1702 1713 2006 1767 inﬁrmitate

418 1821 609 1882 libero,
632 1818 888 1889 judicium
909 1815 1048 1872 ferre
1068 1814 1268 1869 volunt.
1295 1814 1372 1867 Ac
1394 1811 1531 1865 sicut
1553 1819 1855 1880 tyrannum,
1878 1804 2007 1859 dum

419 1911 650 1980 imperio
683 1908 904 1981 potitur,
935 1921 1122 1961 omnes
1161 1902 1509 1959 reformidant
1541 1899 1746 1969 ipsique
1785 1895 2008 1950 adulan-

422 2010 536 2068 tur,
574 1998 715 2071 quod
753 2014 874 2055 eum
917 1995 1201 2053 deturbare
1243 2009 1349 2048 non
1395 1991 1631 2062 possint;
1669 2002 1791 2043 cum
1832 1995 2009 2040 autem

424 2110 537 2149 rem
568 2094 685 2165 ejus
707 2091 1010 2148 inclinatam
1033 2087 1234 2155 vident,
1257 2084 1558 2141 simulatum
1584 2079 1731 2135 illum
1756 2078 2011 2133 honorem

425 2184 776 2255 ahjteientes,
812 2181 902 2252 qui
943 2179 1099 2251 paulo
1139 2187 1263 2232 ante
1303 2174 1459 2230 amici
1502 2181 1691 2237 erant,
1726 2169 2014 2238 derepente

428 2276 633 2333 inimici
670 2284 726 2331 et
763 2272 1054 2329 adversarii
1082 2268 1345 2333 evadunt,
1374 2276 1430 2321 et
1455 2264 1649 2320 debilia
1677 2274 1899 2332 qumque
1924 2273 2016 2313 ex-

431 2369 707 2438 plorantes
732 2364 1055 2434 irrumpunt,
1082 2360 1466 2430 imperiumque
1496 2354 1635 2410 illius
1660 2352 1870 2408 solvunt
1895 2365 1911 2403 :
1940 2349 2017 2404 sic

432 2470 487 2517 et
516 2456 881 2515 sacerdotibus
917 2452 1204 2524 contingit;
1234 2451 1324 2522 qui
1363 2449 1518 2519 paulo
1545 2455 1702 2513 ante,
1737 2444 1862 2498 dum
1901 2457 2019 2496 mu-

436 2566 567 2607 nere
595 2550 871 2621 potiretur,
901 2546 1072 2617 ipsum
1099 2542 1345 2599 colebant
1371 2554 1434 2595 ac
1463 2536 1860 2600 reverebantur,
1888 2547 2017 2602 par-

435 2658 558 2698 vam
583 2640 916 2698 occasionem
944 2637 1083 2692 nacti
1110 2636 1264 2690 satim
1290 2648 1350 2689 se
1376 2630 1585 2687 fortiter
1608 2633 1935 2696 comparant,
1962 2632 2021 2677 ut

438 2749 562 2790 eum
604 2748 709 2787 non
750 2729 902 2801 quasi
943 2738 1224 2801 tyrannum
1253 2723 1459 2787 solum,
1489 2719 1580 2775 sed
1611 2717 1758 2787 quasi
1797 2724 2022 2786 tyranno

439 2825 757 2883 deteriorem
784 2823 1069 2893 deponant.
1094 2820 1171 2873 Ac
1197 2808 1641 2887 quemadmodum
1670 2808 1760 2862 ille
1783 2806 2022 2874 corporis

440 2917 525 2973 sui
566 2915 819 2971 satellites
858 2912 1076 2973 metuit,
1108 2909 1181 2963 ita
1216 2920 1271 2962 et
1306 2906 1392 2959 hic
1437 2903 1704 2972 proximos
1741 2899 2023 2953 commini-

441 3016 685 3077 strosque
704 3019 831 3061 suos
850 3002 1080 3057 maxime
1101 2996 1336 3054 omnium
1367 2992 1689 3050 reformidat.
1714 2989 1848 3044 Nulli
1874 2988 2025 3058 quipo

447 3114 514 3170 pe
546 3098 633 3153 alii
674 3095 896 3168 perinde
923 3094 1037 3165 ejus
1061 3089 1366 3162 dignitatem
1394 3086 1657 3146 affectant,
1687 3081 2028 3149 ejusdemque

446 3204 536 3245 res
564 3200 719 3244 nmas
745 3187 943 3240 habent
967 3192 1127 3254 atque
1154 3180 1228 3235 illi
1253 3198 1266 3235 :
1292 3178 1569 3249 propinqui
1597 3177 1739 3231 enim
1760 3191 1879 3230 cum
1900 3174 2027 3239 sint,

448 3279 493 3335 si
518 3277 645 3350 quid
671 3274 968 3347 hujusmodi
998 3272 1287 3341 contingat,
1318 3276 1443 3323 ante
1466 3281 1651 3321 omnes
1678 3265 1729 3320 id
1768 3264 2029 3328 sentiunt,

449 3372 708 3442 facileque
727 3369 886 3425 etiam
908 3364 1295 3423 calumniantes
1319 3360 1485 3427 credi,
1507 3368 1562 3413 et
1584 3357 1709 3412 dum
1740 3372 1899 3428 parva
1922 3371 2034 3409 ma-

450 3479 554 3535 gna
582 3462 782 3519 faciunt
816 3475 939 3516 eum
983 3455 1326 3528 sycophantia
1365 3452 1747 3507 circumvenire
1789 3454 2031 3519 possunt.

450 3552 583 3612 Nam
624 3553 968 3625 apostolicum
1000 3548 1126 3605 illud
1154 3548 1351 3603 dictum
1391 3544 1657 3600 inversum
1686 3550 1769 3598 est
1798 3559 1811 3595 :
1842 3540 1911 3594 Et
1935 3541 2036 3594 sive

454 3649 642 3720 patitur
665 3664 822 3701 unum
854 3640 1123 3697 membrum
1142 3684 1157 3708 ,
1187 3638 1559 3709 compatiuntur
1585 3635 1753 3689 omnia
1783 3632 2035 3695 membra;

453 3741 555 3795 sive
594 3739 910 3809 gloriﬁcatur
954 3750 1108 3787 unum
1152 3729 1469 3791 membrum,
1513 3722 1828 3797 congaudent
1869 3720 2039 3775 omnia

453 3831 674 3887 membra
698 3827 777 3897 (l.
800 3828 917 3882 Cor.
949 3825 1035 3881 l2.
1060 3820 1154 3896 26')
1180 3840 1193 3876 :
1221 3820 1321 3876 nisi
1347 3819 1482 3874 forte
1508 3826 1652 3872 tanta
1676 3815 1746 3870 sit
1765 3815 1952 3884 pietas,
1978 3818 2038 3865 ut

467 3922 710 3977 adversus
729 3919 904 3973 omnia
932 3926 1078 3971 stare
1099 3913 1286 3984 possit.
1309 3910 1392 3965 Ad
1419 3916 1621 3964 tantum
1643 3906 1818 3975 itaque
1842 3902 2040 3958 bellum

463 4025 563 4067 nos
590 4007 824 4066 emittis?
848 4016 902 4063 et
925 4006 991 4061 ad
1019 4018 1244 4075 pugnam
1273 4010 1380 4056 tam
1405 4000 1603 4053 variam
1629 4006 1842 4065 tamque
1866 3991 2043 4048 multi-

459 4097 682 4158 famem
714 4098 949 4153 animum
984 4103 1220 4149 nostrum
1249 4089 1495 4144 sufﬁcere
1523 4100 1681 4157 posse
1711 4083 1900 4152 putas?
1927 4081 2041 4137 Un-

461 4190 673 4257 denam,
692 4202 892 4259 qineso,
915 4195 970 4242 et
993 4202 1021 4238 a
1052 4197 1157 4255 quo
1183 4181 1237 4237 id
1265 4180 1483 4237 edoctus
1510 4178 1610 4233 es?
1638 4175 1768 4230 Nam
1796 4175 1839 4229 si
1867 4173 1921 4228 id
1949 4171 2044 4227 tibi

462 4278 605 4339 Deus
630 4280 902 4343 indicavit,
936 4276 1126 4331 exhibe
1164 4272 1471 4337 oraculum,
1496 4278 1553 4325 et
1580 4282 1782 4322 morem
1819 4279 1999 4336 geram
2027 4280 2042 4317 :

464 4376 641 4429 sinon
665 4380 837 4443 potes,
863 4371 955 4423 sed
978 4383 1043 4424 ex
1060 4367 1295 4421 humana
1322 4361 1570 4433 opinione
1593 4358 1851 4415 calculum
1872 4356 2042 4421 ducis,

465 4466 533 4521 ab
568 4465 671 4519 isto
707 4460 919 4516 tandem
957 4471 1141 4514 errore
1171 4464 1226 4511 te
1264 4454 1450 4509 libera.
1478 4448 1610 4507 Nam
1637 4448 1775 4504 circa
1802 4463 1863 4503 ea
1882 4488 1898 4515 ,
1928 4460 2046 4517 quae

465 4556 531 4611 ad
557 4568 655 4609 nos
682 4558 943 4623 Spectant,
973 4548 1126 4603 nobis
1151 4546 1318 4617 magis
1346 4541 1667 4599 credendum
1694 4553 1852 4610 quam
1878 4538 1996 4592 aliis
2029 4553 2043 4589 :

465 4642 889 4716 quandoquidem
924 4640 1049 4707 Quae
1073 4648 1188 4693 sunt
1215 4636 1430 4691 hominis
1454 4648 1597 4688 nemo
1624 4632 1757 4685 novit
1776 4671 1792 4696 ,
1821 4630 1919 4684 nisi
1945 4630 2049 4699 spi-

465 4742 593 4794 ritus
636 4735 885 4799 hominis,
915 4733 998 4803 qtn'
1034 4733 1087 4785 in
1126 4731 1236 4800 ipso
1273 4738 1345 4781 est
1382 4722 1472 4799 (i.
1503 4724 1621 4779 Cor.
1658 4723 1713 4778 2.
1744 4724 1802 4778 il
1831 4724 1869 4792 ).
1896 4720 2049 4788 Quod

465 4830 609 4885 enim
639 4837 693 4883 et
721 4840 818 4881 nos
852 4824 1014 4894 ipsos,
1042 4834 1096 4877 et
1121 4835 1214 4876 eos
1242 4820 1332 4889 qui
1359 4831 1457 4871 nos
1485 4818 1771 4885 elegerant,
1803 4814 2049 4869 ridiculos

467 4919 724 4976 reddituri
746 4928 985 4973 essemus
1009 4912 1113 4968 hoc
1134 4919 1381 4980 suscepto
1406 4916 1646 4972 munere,
1671 4905 1916 4976 quodque
1938 4918 2052 4958 ma-

465 5030 572 5085 gno
599 5011 877 5083 dispendio
902 5016 1087 5064 nostro
1113 5009 1165 5060 in
1194 5019 1316 5061 eum
1336 5045 1352 5070 ,
1382 5003 1432 5057 in
1462 5016 1567 5071 quo
1592 5015 1730 5054 nunc
1755 5013 2048 5064 versamur,

467 5106 589 5160 vitae
623 5112 817 5158 statum
846 5096 1112 5156 reversuri
1143 5095 1448 5158 fuissemus,
1479 5093 1524 5147 si
1555 5107 1660 5146 non
1686 5090 1931 5153 antehac,
1964 5088 2051 5143 his

472 5196 658 5251 saltem
683 5194 860 5251 verbis
882 5192 975 5247 tibi
1002 5186 1331 5262 persuasisse
1355 5196 1504 5257 puto.
1542 5184 1657 5239 Non
1685 5182 1827 5238 enim
1857 5180 2053 5234 invidia

472 5288 675 5352 solum,
704 5287 799 5342 sed
827 5300 944 5357 quae
968 5284 1137 5339 multo
1165 5280 1361 5336 invidia
1390 5277 1755 5334 vehementior
1782 5282 1865 5329 est
1897 5273 2053 5343 hujus

474 5379 799 5449 principatus
828 5376 1019 5446 cupido
1036 5414 1052 5441 ,
1080 5374 1276 5429 multos
1315 5371 1453 5426 solet
1479 5376 1664 5424 contra
1698 5368 1870 5436 ipsum
1896 5380 2056 5420 occu-

473 5481 687 5542 pantem
717 5484 944 5525 armare.
988 5470 1066 5523 Ac
1102 5463 1546 5538 quemadmodum
1578 5461 1670 5515 ﬁlii
1690 5502 1705 5528 ,
1736 5460 1825 5530 qui
1861 5458 2055 5529 princio

476 5573 655 5635 patum
680 5561 927 5618 all'ectant
945 5562 985 5625 ‘,
1012 5561 1222 5630 longam
1252 5567 1457 5629 patrum
1483 5563 1807 5610 senectutem
1835 5553 2056 5608 moleste

474 5657 690 5713 ferunt:
716 5652 794 5710 sic
816 5662 869 5709 et
888 5652 1102 5724 quidam
1127 5666 1332 5715 eorum,
1355 5664 1476 5705 cum
1501 5648 1681 5702 vident
1704 5644 2055 5701 sacerdotium

475 5748 529 5804 in
570 5747 878 5802 diuturnum
922 5742 1140 5824 produci
1181 5752 1428 5810 tempus,
1459 5739 1708 5810 quoniam
1753 5735 2055 5791 interﬁcere

542 5878 557 5908 ¹
604 5874 743 5926 Savil.
781 5883 831 5925 et
865 5869 1057 5938 plurimi
1089 5880 1197 5925 Mss.
1237 5872 1436 5931 habent,
1459 5869 1539 5931 Qui
1564 5866 1752 5920 divitias
1773 5868 2017 5931 appetunt;

1102 420 1140 479 S
1200 418 1474 478 JOANNlS
1510 410 1977 473 CllRYSOSTOMl
2020 405 2334 465 ARClIlEP.
2373 396 2907 462 CONSTANTINOP.

2084 523 2231 579 nefas
2248 563 2265 588 ,
2295 522 2467 591 ipsum
2495 534 2527 574 a
2555 516 2808 587 dignitate
2844 510 3130 568 deturbare
3170 512 3410 576 satagunt
3429 544 3446 569 ,
3474 515 3669 556 omnes

2087 619 2226 673 illius
2244 614 2489 670 constitui
2516 612 2633 666 loco
2656 607 2950 679 cupientes,
2980 619 3045 658 ac
3068 600 3264 672 singuli
3286 597 3353 653 ad
3380 612 3442 653 se
3467 593 3671 650 deferri

2089 709 2439 781 principatum
2465 710 2853 773 exspectantes.

3552 384 3661 443 63!

2162 802 2252 856 15.
2292 799 2408 853 Atia
2438 798 2539 852 litis
2576 796 2794 866 species,
2827 792 2977 864 plena
3018 788 3370 857 periculorum.
3398 812 3472 823 —
3500 781 3675 835 Visne

2093 893 2187 948 tibi
2213 891 2371 946 aliam
2397 889 2555 958 hujus
2581 899 2768 957 pugnae
2796 883 3026 953 speciem
3052 877 3351 942 ostendam,
3378 870 3683 928 mnumeris

2093 992 2303 1062 plenam
2334 985 2617 1059 periculis?
2646 983 2725 1037 lto
2744 982 2853 1052 jam
2876 1020 2892 1046 ,
2918 993 2983 1034 ac
3007 975 3214 1048 publica
3250 971 3382 1027 festa
3410 975 3683 1039 spectato.

2097 1056 2184 1139 ἱὼί
2204 1056 2435 1138 maxime
2458 1078 2526 1133 ad
2544 1075 2828 1147 dignitates
2847 1067 3232 1127 ecclesiasticas
3250 1061 3541 1118 electiones
3564 1056 3686 1111 ﬁeri

2099 1189 2215 1230 mos
2240 1181 2325 1229 est
2355 1190 2369 1226 :
2402 1186 2464 1225 ac
2502 1180 2607 1224 tam
2639 1164 2818 1221 multis
2857 1159 3186 1217 sacerdotem
3221 1149 3688 1212 criminationibus

2101 1265 2281 1335 impoti
2307 1262 2512 1317 videbis
2529 1300 2546 1326 ,
2575 1266 2770 1329 quanta
2812 1262 2891 1309 est
2922 1250 3248 1306 subditorum
3276 1244 3449 1300 turba.
3474 1240 3687 1297 Otones

2101 1330 2242 1411 enim
2257 1366 2422 1426 penes
2440 1366 2572 1422 quos
2590 1359 2673 1405 est
2695 1348 2837 1401 hunc
2858 1345 3111 1398 honorem
3130 1337 3395 1400 conferre,
3412 1334 3467 1386 in
3484 1330 3692 1385 multas

2104 1457 2229 1502 tunc
2256 1443 2569 1500 scinduntur
2600 1449 2796 1509 partes,
2823 1450 2885 1490 ac
2914 1447 3085 1503 neque
3120 1440 3327 1491 mutuo,
3360 1437 3531 1494 neque
3560 1434 3691 1474 cum

2104 1552 2171 1593 eo
2198 1536 2287 1606 qui
2326 1536 2684 1605 episcopatum
2712 1528 2931 1583 sortitus
2966 1533 3085 1587 est,
3110 1519 3542 1591 presbyterorum
3574 1526 3691 1566 cte-

2106 1601 2231 1683 tum—
2245 1601 2548 1681 consentire
2575 1620 2758 1676 videas
2784 1635 2799 1672 :
2826 1616 2921 1672 sed
2946 1611 3307 1683 unusquisque
3333 1623 3363 1660 a
3387 1605 3497 1660 suis
3522 1601 3695 1673 parti-

2108 1723 2208 1778 bus
2234 1730 2370 1785 stat,
2406 1719 2541 1774 alius
2577 1718 2753 1779 hunc,
2794 1713 2932 1768 alios
2976 1710 3122 1764 illum
3163 1706 3386 1776 eligens.
3420 1699 3591 1770 Cujus
3618 1697 3695 1752 rei

2109 1827 2268 1867 causa
2289 1812 2403 1864 haec
2422 1817 2525 1874 est,
2547 1805 2688 1877 quod
2713 1814 2817 1859 non
2850 1801 2988 1857 idem
3014 1811 3201 1854 omnes
3218 1792 3523 1864 respiciant,
3548 1788 3696 1860 quod

2111 1905 2377 1976 respicere
2406 1901 2691 1965 debebant,
2720 1908 2913 1966 nempe
2940 1892 3105 1948 animi
3130 1890 3415 1951 virtutem;
3443 1884 3542 1940 sed
3573 1881 3697 1936 ali:

2113 1974 2237 2054 sunt
2263 1996 2418 2066 hujus
2442 1991 2757 2050 conciliandi
2786 1987 3004 2043 honoris
3026 1996 3202 2040 causa
3231 1998 3246 2034 :
3278 1979 3526 2036 nimirum
3561 1974 3700 2027 alius

2114 2089 2242 2146 dicit
2260 2127 2277 2155 ,
2305 2086 2401 2143 Hic
2425 2086 2680 2155 eligatur,
2706 2081 2829 2152 quia
2872 2080 3021 2135 claro
3057 2088 3254 2147 genere
3294 2080 3443 2126 ortus
3471 2086 3486 2121 :
3512 2066 3660 2122 alius
3678 2103 3699 2131 ,

2114 2180 2256 2251 quod
2277 2178 2467 2249 opibus
2485 2174 2739 2241 abundet,
2769 2185 2869 2227 nec
2894 2176 3046 2239 egeat
3073 2163 3334 2221 alimentis
3352 2178 3418 2216 es
3443 2158 3701 2215 Ecclesia

2117 2249 2377 2342 proventu
2404 2267 2676 2340 quaesitis:
2701 2264 2860 2327 alius,
2883 2258 3030 2332 quod
3058 2258 3126 2313 ab
3154 2254 3475 2312 adversariis
3499 2249 3571 2305 ad
3603 2264 3700 2303 nos

2119 2341 2458 2431 transiugerit
2485 2375 2501 2413 :
2532 2358 2624 2413 ille
2649 2355 2980 2417 familiarem,
3015 2350 3101 2405 hic
3126 2347 3225 2402 sibi
3260 2358 3455 2417 genere
3482 2341 3700 2412 propin-

2119 2468 2306 2525 quum,
2324 2451 2458 2507 alius
2477 2448 2779 2514 adulantem
2805 2443 2906 2502 sibi
2930 2442 3049 2498 aliis
3070 2439 3181 2495 vult
3198 2434 3481 2505 anteponi;
3506 2432 3562 2486 in
3579 2443 3703 2485 eun

2121 2560 2251 2602 vero
2273 2586 2288 2609 ,
2324 2544 2415 2614 qui
2452 2542 2522 2596 sit
2563 2540 2786 2596 idoneus
2805 2577 2822 2604 ,
2853 2548 3013 2590 nemo
3040 2531 3151 2587 vult
3191 2526 3461 2598 respicere
3484 2563 3501 2589 ,
3530 2534 3706 2588 neque

2123 2637 2285 2691 animi
2314 2609 2466 2689 dotes
2493 2631 2796 2701 explorare.
2829 2628 2899 2682 At
2926 2640 3026 2696 ego
3049 2666 3065 2691 ,
3097 2629 3301 2677 tantum
3328 2617 3483 2673 abest
3504 2656 3519 2677 ,
3550 2622 3617 2668 ut
3642 2609 3707 2665 ad

2124 2726 2456 2784 sacerdotum
2486 2722 2847 2793 probationem
2872 2732 3059 2773 causas
3096 2709 3396 2783 hujnsmodi
3421 2712 3708 2763 consenta-

2126 2835 2255 2876 neas
2282 2834 2403 2874 esse
2439 2826 2620 2887 putem
2642 2856 2658 2876 ,
2702 2824 2759 2868 ut
2793 2810 3001 2868 etiamsi
3040 2807 3157 2878 quis
3198 2804 3418 2859 multam
3456 2800 3710 2870 pietatem

2127 2909 2398 2976 exhibeat,
2421 2886 2539 2977 quae
2568 2916 2742 2960 tamen
2764 2916 2869 2957 non
2896 2914 3080 2969 parum
3109 2896 3262 2952 nobis
3284 2892 3351 2948 ad
3376 2891 3514 2945 hanc
3538 2886 3710 2957 digni-

2131 3010 2291 3055 tatem
2313 2997 2520 3054 confert
2536 3036 2552 3063 ,
2576 3012 2679 3050 non
2703 2994 2823 3048 ideo
2843 2990 3020 3046 statim
3041 3003 3162 3043 eum
3180 2986 3379 3055 eligere
3396 2981 3593 3044 ausim,
3615 2976 3713 3033 nisi

2133 3108 2252 3148 cum
2274 3092 2472 3161 pietate
2502 3102 2687 3157 magna
2710 3085 2779 3140 sit
2798 3081 3079 3155 prudentia
3108 3077 3379 3149 praeditus.
3409 3072 3541 3128 Novi
3564 3070 3716 3141 quip-

2134 3198 2199 3253 pe
2226 3181 2418 3235 multos
2442 3220 2459 3245 ,
2494 3178 2583 3249 qui
2615 3184 2867 3247 perpetuo
2895 3186 3015 3227 sese
3052 3166 3372 3225 coercebant
3407 3180 3475 3221 ac
3499 3163 3715 3233 jejunis

2135 3273 2508 3338 macerabant,
2540 3271 2735 3340 quique
2770 3268 2900 3322 dum
2942 3266 3041 3320 soli
3078 3263 3271 3333 degere
3298 3271 3353 3315 et
3389 3271 3484 3314 sua
3514 3266 3718 3310 tantum

2137 3380 2323 3422 curare
2346 3372 2610 3435 poterant,
2641 3362 2749 3415 Deo
2772 3358 2972 3427 accepti
3001 3362 3175 3419 erant,
3199 3367 3262 3407 ac
3286 3350 3510 3421 singulis
3532 3348 3719 3403 diebus

2136 3454 2485 3527 philosophiae
2521 3468 2631 3507 suze
2659 3451 3042 3506 incrementum
3087 3461 3193 3500 non
3236 3443 3512 3498 minimum
3550 3439 3718 3494 adde-

2138 3550 2293 3606 bant:
2312 3547 2465 3602 atubi
2482 3547 2532 3599 in
2547 3543 2753 3599 turbam
2770 3541 3033 3613 prodiere,
3059 3546 3216 3608 atque
3229 3535 3370 3606 vulgi
3399 3531 3715 3603 imperitiam

2140 3640 2426 3699 emendare
2450 3637 2626 3693 coacti
2652 3645 2808 3699 sunt,
2840 3633 2927 3687 alii
2955 3647 3023 3686 ne
3050 3628 3312 3700 principio
3338 3625 3549 3697 quidem
3580 3632 3722 3676 tanto

2142 3735 2355 3806 negotio
2384 3746 2537 3802 pares
2565 3731 2743 3794 fuere;
2774 3726 2861 3780 alii
2888 3725 2939 3779 vi
2968 3722 3161 3786 coacti,
3192 3720 3325 3775 utin
3356 3730 3577 3771 munere
3607 3729 3723 3783 per-

2142 3805 2448 3883 severarent
2470 3866 2487 3887 ,
2519 3822 2679 3877 missa
2711 3817 2932 3889 pristina
2968 3809 3240 3885 diligentia
3267 3819 3322 3866 et
3348 3823 3596 3876 magnam
3627 3805 3723 3875 ipsi

2140 3918 2402 3987 jacturam
2424 3915 2680 3976 fecerunt,
2704 3919 2758 3965 et
2777 3908 2894 3962 aliis
2918 3906 3048 3961 nihil
3072 3902 3401 3975 profuerunt.
3422 3898 3528 3954 Sed
3550 3910 3723 3965 neque

2145 4011 2191 4063 si
2219 4008 2338 4078 quis
2363 4015 2530 4061 totum
2556 4004 2678 4057 vita:
2707 4011 2917 4070 tempus
2944 3999 2995 4052 in
3024 3996 3211 4051 ultimo
3235 3990 3512 4049 ministerii
3539 3989 3725 4044 ordine

2147 4101 2498 4172 transegerit,
2526 4099 2593 4152 ad
2622 4105 3022 4163 extremamque
3046 4087 3347 4160 pervenerit
3373 4092 3723 4142 senectutem,

2148 4197 2288 4252 hunc
2328 4194 2505 4249 statim
2534 4196 2753 4262 propter
2779 4186 2950 4242 aetatis
2989 4181 3340 4239 reverentiam
3367 4176 3431 4232 ad
3459 4187 3724 4230 summum

2150 4286 2498 4359 principatum
2543 4282 2854 4338 evehemus.
2892 4275 3003 4332 Cur
3038 4274 3181 4329 enim
3204 4314 3220 4338 ,
3249 4271 3327 4336 si,
3357 4269 3580 4323 deatrsa
3621 4266 3725 4333 jam

2150 4358 2327 4444 a‘tate,
2358 4377 2534 4431 minus
2562 4384 2736 4428 tamen
2763 4370 2985 4424 idoneus
3012 4364 3257 4421 maneat?
3297 4360 3409 4415 Non
3433 4375 3542 4429 quo
3571 4358 3724 4412 velim

2150 4472 2396 4527 canitiem
2426 4468 2779 4523 dehonestare
2801 4501 2818 4528 ,
2848 4475 2949 4516 nec
2973 4460 3143 4529 legem
3169 4454 3524 4516 constituere,
3554 4459 3615 4502 ut
3642 4449 3725 4517 qni

2151 4579 2217 4619 ex
2254 4562 2421 4617 choro
2458 4555 2839 4613 monachorum
2883 4550 3138 4616 veniunt,
3168 4547 3234 4603 ab
3281 4547 3379 4600 hac
3420 4543 3725 4614 przefectura

2153 4656 2370 4709 omnino
2398 4661 2715 4707 arceantur:
2739 4646 2960 4717 contigit
2987 4644 3127 4699 enim
3153 4640 3347 4696 multos
3369 4654 3436 4694 ex
3459 4637 3551 4692 illo
3568 4650 3725 4705 grege

2152 4749 2421 4821 profectos
2447 4748 2499 4801 in
2532 4745 2632 4799 hac
2653 4741 2910 4814 dignitate
2933 4737 3185 4793 claruisse
3213 4749 3228 4788 :
3259 4731 3357 4788 sed
3382 4731 3486 4786 hoc
3506 4729 3725 4800 probare

2153 4840 2438 4906 contendo,
2466 4839 2511 4893 si
2538 4851 2712 4905 neque
2738 4833 2909 4904 pietas
2936 4830 3050 4885 sola
3070 4868 3085 4891 ,
3117 4840 3286 4895 neque
3308 4824 3547 4893 longaeva
3574 4834 3723 4875 sene-

2155 4944 2271 4990 ctus
2294 4932 2423 4986 satis
2446 4936 2589 4994 sunt,
2617 4936 2677 4981 ut
2699 4925 2819 4996 quis
2844 4918 3141 4977 sacerdotio
3165 4916 3323 4987 digne
3348 4912 3619 4983 fungatur,
3645 4909 3725 4962 vix

2155 5040 2284 5081 sane
2319 5036 2509 5078 causas
2554 5032 2713 5089 supra
2758 5021 3079 5069 memoratas
3122 5009 3223 5062 hoc
3262 5006 3435 5075 ipsum
3480 5010 3725 5071 przestare

2157 5131 2334 5189 posse.
2363 5114 2462 5169 Alii
2493 5126 2619 5166 vero
2645 5108 2776 5163 alias
2812 5103 3013 5159 addunt
3048 5100 3207 5157 etiam
3244 5093 3587 5151 absurdiores
3627 5110 3640 5144 :
3676 5088 3725 5143 bi

2158 5211 2429 5275 nimirum,
2458 5223 2526 5261 ne
2546 5221 2604 5260 se
2630 5205 2684 5259 in
2711 5199 3136 5256 adversariorum
3166 5203 3344 5265 partes
3372 5188 3692 5244 transferant
3710 5226 3724 5248 ,

2158 5304 2215 5359 in
2232 5301 2360 5357 cieri
2392 5299 2633 5355 ordinem
2672 5293 3018 5363 adleguntur;
3046 5288 3120 5342 illi
3140 5327 3156 5354 ,
3178 5292 3395 5356 propter
3417 5280 3723 5350 nequitiam,

2158 5411 2227 5451 ne
2243 5391 2531 5463 contempti
2549 5403 2735 5458 magna
2767 5384 2998 5440 inierant
3016 5380 3174 5435 mala.
3204 5379 3285 5432 An
3313 5373 3485 5446 possit
3511 5370 3727 5440 iniquius

2158 5487 2425 5559 quidpiam
2451 5479 2762 5551 excogitari,
2784 5475 2925 5548 quod
2950 5474 3195 5528 homines
3220 5466 3467 5537 improbi,
3494 5465 3727 5518 innume-
3752 5504 3753 5519 χ

2159 5552 2233 5635 ris
2263 5552 2450 5646 repleti
2480 5574 2654 5638 malis,
2683 5569 2807 5625 inde
2841 5568 3100 5630 colantur,
3141 5560 3277 5616 unde
3306 5556 3572 5628 supplicio
3599 5552 3725 5621 digni

2160 5644 2345 5733 erant,
2377 5674 2432 5723 et
2470 5681 2571 5736 qua
2605 5663 2673 5718 de
2720 5674 2881 5716 causa
2926 5674 2992 5712 ne
3033 5656 3193 5709 limen
3234 5648 3449 5721 quidem
3490 5644 3726 5702 Ecclesiz

2162 5756 2499 5831 praetergredi
2526 5754 2715 5810 licebat
2756 5751 2897 5813 illis,
2934 5746 3121 5803 eadem
3149 5743 3228 5798 illi
3253 5741 3319 5796 ad
3354 5736 3722 5794 sacerdotalem

2163 5850 2453 5910 ascendant
2476 5848 2788 5919 dignitatem
2808 5844 2833 5899 ἵ
2856 5842 3120 5906 Etiamne,
3147 5834 3234 5892 dic
3258 5833 3412 5902 mihi,
3443 5841 3724 5903 quantum
