3922 6240
14 349 108 405 651

1286 345 1375 405 DE
1414 347 1865 409 SACERDOTIO.
1905 351 2039 413 LIB.
2080 356 2170 412 111.

3319 360 3431 418 692

14 462 395 533 ιιιλεπωτέρω
420 458 542 513 ἐπε)⁸
569 458 702 530 μηδὲ
730 458 842 531 πῦρ
863 458 924 511 τὸ
947 458 1201 529 αἰσθητὸν
1231 462 1509 516 ὑπόκειται
1531 466 1671 518 ἐκεῖ·
1780 467 2019 534 ὁπλίζειν
2049 471 2204 525 εῐωθε
2241 472 2379 526 κατά
2414 470 2506 527 τοῦ
2540 472 2743 545 ταύτην
2781 472 3014 543 ἔχοντος.
3046 472 3156 527 Καὶ
3184 473 3432 547 καθάπερ

18 569 85 605 νο,
117 549 236 601 ἀλλ’
270 550 306 619 ἡ
339 548 633 619 παμφάγος
663 548 857 611 αὐτοὺς
886 560 911 587 ⁸
941 547 1039 617 τῆς
1074 547 1372 618 βασκανίας
1405 568 1677 626 περιστοι-

14 637 219 705 ﬁcta:
264 634 417 705 φλὸξ,
459 632 796 704 πανταχόθεν
832 634 1115 706 αίρομένη,
1157 636 1253 691 καὶ
1287 638 1678 710 ἀκριϐέστερον

12 730 193 781 αὐτῶν
217 726 449 780 ἐπιοῦσα
475 726 569 779 καὶ
599 724 994 797 διερευνωμένη
1014 724 1105 778 τὸν
1128 725 1241 797 βίον
1266 728 1299 797 ἢ
1331 728 1392 782 τὸ
1415 728 1527 801 πῦρ
1554 729 1677 783 τότε

10 816 115 867 τῶν
140 814 350 868 παίδων
370 813 592 866 ἐκείνων
610 814 678 865 τὰ
698 812 945 883 σώματα.
967 813 1135 867 Ὅταν
1154 809 1246 868 οῦν
1267 815 1401 888 εὐρῃ
1423 817 1681 887 καλάμης

10 903 157 971 τινος
191 904 411 972 μικρὸν,
440 900 838 972 προσπλέκεται
865 900 1091 970 ταχέως·
1122 903 1217 954 καὶ
1252 902 1314 956 τὸ
1354 904 1452 974 μὲν
1479 905 1679 975 σαθρὸν

6 993 188 1043 ἐκεῖνο
226 990 538 1043 κατέκαυσε
575 987 759 1059 μέρος,
790 986 887 1058 τὴν
911 987 968 1040 δὲ
997 988 1191 1060 λοιπὴν
1222 990 1441 1044 άπασαν
1474 991 1679 1045 οἱκοδο-

14 1078 117 1147 μὴν
150 1078 201 1142 δ,
233 1076 340 1129 κάν
372 1075 484 1128 τῶν
506 1073 749 1145 ἡλιακῶν
779 1074 1011 1129 ἀκτίνων
1044 1074 1397 1149 λαμπροτέρα
1417 1073 1551 1132 οῦσα
1581 1078 1675 1131 τύ-

12 1180 103 1234 χη.
128 1166 227 1217 ἀπ’
252 1164 468 1216 ἐκείνω
492 1161 586 1215 τοῦ
624 1160 835 1216 καπνοῦ
869 1163 1202 1233 προσέφλεξε
1231 1165 1325 1219 καὶ
1346 1166 1679 1237 ἠμαύρωσεν

11 1250 249 1304 ἃπασαν.
274 1250 424 1312 Ἕως
448 1249 549 1318 μὲν
566 1247 677 1319 γὰρ
704 1248 771 1301 ἂν
799 1248 1134 1319 πανταχόθεν
1154 1250 1499 1322 ἡρμοσμένος
1523 1248 1557 1325 ᾖ
1582 1268 1680 1307 κα-

12 1338 117 1400 λῶς
160 1340 191 1390 ὁ
231 1335 332 1389 τοῦ
370 1334 560 1406 ἱερέως
590 1333 724 1404 βίος,
760 1334 1030 1399 ἀνάλωτος
1061 1335 1269 1405 γίνεται
1308 1339 1427 1402 ταῖς
1455 1338 1679 1393 ἐπιϐου-

12 1424 149 1485 122’;-
176 1423 244 1477 ἂν
270 1423 333 1475 δέ
364 1422 502 1494 τύχῃ
536 1421 730 1493 μικρόν
753 1439 805 1476 τι
824 1420 1088 1494 παριδὼν,
1114 1416 1202 1478 οἷα
1223 1425 1370 1489 είκὺς
1394 1425 1681 1498 ἄνθρωπον

11 1510 158 1573 ὂντα,
204 1510 304 1563 καὶ
350 1509 415 1562 τὸ
458 1508 798 1572 πολυπλανὲς
835 1507 931 1561 τοῦ
971 1508 1087 1579 βίου
1126 1510 1312 1564 τούτου
1353 1512 1681 1583 περαιοῦντα

14 1597 270 1664 πέλαγος,
298 1594 455 1649 οὐδὲν
480 1594 632 1666 αὐτῷ
661 1595 769 1648 τῶν
794 1593 996 1649 λοιπῶν
1025 1596 1465 1669 κατορθωμάτων
1489 1599 1679 1668 ὄφελος

16 1686 147 1754 πρὸς
187 1684 251 1737 τὸ
283 1683 585 1756 δυνηθῆναι
615 1681 686 1738 τά
710 1682 817 1735 τῶν
849 1682 1169 1755 κατηγόρων
1197 1684 1440 1757 στόματα
1482 1686 1679 1756 διαφυ-

14 1773 145 1837 γείν,
180 1769 303 1824 ἀλλ’
334 1770 645 1834 ἐπισκιάζει
676 1768 837 1822 παντὶ
870 1767 949 1839 τῷ
979 1768 1149 1840 λοιπῷ
1191 1770 1252 1824 τὸ
1282 1771 1478 1843 μικρὸν
1504 1772 1681 1827 ἐκεῖνο

16 1860 391 1931 παράπτωμα.
428 1859 539 1913 Καὶ
574 1858 673 1928 οὐχ
698 1856 774 1921 ὡς
809 1856 988 1928 σάρκα
1019 1858 1407 1930 περικειμένῳ,
1437 1860 1558 1914 οὐδὲ
1588 1862 1681 1914 ἀν-

14 1948 290 2016 θρωπείαν
328 1946 546 2018 λαχόντι
586 1943 770 2015 φύσιν,
801 1945 917 2000 ἀλλ’
942 1945 1019 2009 ὡς
1045 1945 1283 2018 ἀγγέλῳ,
1317 1948 1414 2002 καὶ
1443 1949 1543 2019 τῆς
1567 1949 1679 2003 λοι-

14 2035 114 2104 τῆς
137 2036 435 2098 ἀσθενείας
458 2034 881 2106 ἀπηλλαγμένῳ,
908 2035 1148 2101 δικάζειν
1175 2035 1416 2102 ἅπαντες
1435 2037 1681 2093 ἐθέλουσι

16 2121 83 2189 τῷ
113 2123 274 2191 ἱερεῖ.
325 2119 437 2175 Καὶ
479 2120 725 2191 καθάπερ
759 2120 1039 2192 τύραννον,
1086 2120 1192 2184 ’ἕως
1238 2122 1336 2192 μέν
1379 2122 1448 2177 ἂν
1479 2128 1678 2197 κρατῇ,

20 2208 254 2273 ἅπαντες
277 2206 581 2279 πεφρίκασι
608 2208 703 2261 καὶ
727 2207 1101 2273 κολακεύουσι,
1129 2208 1219 2263 διὰ
1237 2210 1298 2263 τὸ
1322 2210 1397 2283 μὴ
1426 2211 1681 2272 δύνασθαι

17 2292 159 2367 [592]
209 2290 490 2359 καθελεῖν,
528 2293 657 2347 ὅταν
687 2292 745 2346 δέ
803 2293 983 2348 ῖδωσιν
1015 2296 1095 2358 εἱς
1136 2295 1441 2351 τούναντίον
1469 2314 1684 2369 προχω-

17 2381 208 2451 ροῦντα
227 2380 447 2435 ἐκείνου
466 2380 538 2435 τά
557 2381 878 2452 πράγματα,
901 2382 1000 2454 τὴν
1025 2381 1141 2454 μεθ’
1164 2382 1507 2456 ὑποκρίσεως
1530 2387 1685 2457 ἀφέν-

13 2482 94 2531 τες
116 2468 292 2540 τιμὴν
320 2469 370 2521 οἱ
396 2468 503 2539 πρὸ
528 2467 725 2540 μικροῦ
752 2469 893 2539 φίλοι
918 2468 1201 2539 γεγόνασιν
1226 2469 1483 2544 ἐξαίφνης
1502 2474 1685 2546 ἐχθροὶ

14 2559 99 2608 καὶ
126 2556 408 2627 πολέμιοι,
443 2554 537 2610 καὶ
568 2556 748 2613 πάντα
779 2556 946 2611 αὐτοῦ
972 2558 1042 2612 τά
1072 2557 1247 2630 σαθρά
1271 2560 1685 2631 καταμαθόντες

14 2645 349 2701 ἐπιτίθενται
382 2643 754 2717 παραλύοντες
786 2655 809 2684 ε
847 2645 946 2716 τῆς
968 2644 1164 2717 ἀρχῆς⁸
1200 2644 1343 2701 οὕτω
1366 2647 1432 2719 δὴ
1465 2651 1558 2702 καὶ
1591 2650 1685 2703 ἐπὶ

10 2736 112 2788 τῶν
138 2735 342 2806 ἱερέων
369 2735 421 2787 οἱ
445 2735 551 2806 πρὸ
574 2732 825 2805 βραχέος,
847 2734 941 2787 καὶ
966 2733 1128 2804 ἡνίκα
1148 2734 1393 2806 ἐκράτει,
1419 2735 1685 2807 τιμῶντες

12 2826 99 2875 καὶ
133 2821 557 2893 θεραπεύοντες,
600 2823 730 2875 ὅταν
773 2822 980 2893 μικρὰν
1014 2821 1219 2893 εὕρωσι
1262 2823 1455 2894 λαϐὴν,
1506 2841 1686 2893 παρα-

15 2911 373 2974 σκευάζονται
404 2909 673 2981 σφοδρῶς,
699 2910 797 2980 οὐχ
824 2910 899 2973 ὠς
923 2909 1184 2980 τύραννον
1217 2911 1398 2981 μόνον,
1426 2911 1562 2965 ἀλλά
1588 2912 1683 2965 καί

14 3015 61 3051 τι
75 2999 271 3053 τούτου
295 2998 681 3071 χαλεπώτερον
706 2998 1061 3069 καθαιρήσειν
1119 2999 1421 3069 μέλλοντες.
1447 3002 1557 3053 Καὶ¹
1577 2999 1686 3054 ὦσ-

16 3100 113 3157 περ
146 3089 361 3150 ἐκεῖνος
400 3086 530 3150 τούς
563 3085 658 3140 τοῦ
692 3085 943 3157 σώματος
978 3085 1222 3155 φύλακας
1256 3087 1510 3152 δέδοικεν,
1540 3085 1687 3141 οὕτω

18 3177 100 3227 καὶ
152 3169 319 3238 οὗτος
355 3176 484 3238 τοὺς
525 3173 754 3245 πλησίον
797 3174 894 3227 καὶ
952 3174 1494 3246 συλλειτουργοῦντας
1540 3174 1686 3247 αὐτῴ

18 3265 248 3332 μάλιστα
301 3264 525 3317 πάντων
570 3263 788 3333 τρέμει.
844 3260 983 3316 Οὔτε
1020 3262 1129 3335 γὰρ
1159 3263 1335 3335 ἐτεροί
1373 3280 1517 3328 τινες
1544 3260 1686 3319 οὕτω

14 3354 105 3421 τῆς
130 3352 319 3423 ἀρχῆς
346 3350 677 3421 ἐπιθυμοῦσι
695 3352 795 3422 τῆς
821 3350 1047 3411 ἐκείνου.
1075 3352 1168 3405 καὶ
1193 3350 1262 3405 τά
1288 3351 1498 3405 ἐκείνου
1530 3352 1688 3424 μάλι-

16 3458 109 3493 στα
138 3440 366 3493 πάντων
407 3440 605 3505 ῖσασιν,
635 3437 710 3501 ὡς
744 3432 911 3492 οὗτοι·
957 3437 1187 3508 ἐγγύθεν
1224 3438 1333 3511 γάρ
1357 3439 1527 3505 ὄντες,
1558 3439 1612 3492 εί
1634 3457 1688 3494 τι

15 3529 256 3600 συμϐαίη
302 3528 535 3593 τοιοῦτο,
582 3526 690 3599 πρὸ
726 3525 833 3580 τῶν
859 3524 1037 3580 ἄλλων
1080 3525 1446 3593 αἰσθάνονται,
1478 3529 1571 3582 καὶ
1596 3529 1688 3583 δύ-

12 3617 177 3671 ναιντ’
210 3616 282 3670 ἂν
303 3614 546 3685 εὐχερῶς
569 3616 665 3667 καὶ
688 3612 1064 3677 διαϐάλλοντες
1093 3614 1469 3685 πιστευθῆναι,
1495 3617 1590 3670 καὶ
1621 3618 1689 3672 τά

16 3705 188 3777 μικρά
213 3702 439 3773 μεγάλα
474 3701 753 3764 ποιοῦντες
778 3701 869 3756 τὸν
902 3700 1405 3772 συκοφαντούμενον
1428 3703 1589 3757 ἐλεῖν.
1616 3705 1689 3758 Τὸ

12 3794 113 3863 γάρ
153 3788 520 3845 ἁποστολικὺν
564 3790 744 3843 ἐκεῖνο
787 3787 939 3859 ῥῆμα
966 3787 1391 3860 ἀντέστραπται·
1429 3791 1542 3844 Καὶ
1568 3792 1692 3846 εἴτε

13 3880 236 3948 uiolet
265 3876 342 3931 ἐν
356 3876 568 3947 μέλος,
601 3874 953 3946 συμπάσχσι
1002 3874 1201 3930 πάντα
1244 3877 1315 3931 τὰ
1354 3876 1536 3947 μέλη·
1569 3880 1691 3935 εἴτε

12 3966 322 4032 δοξάζεται
358 3963 429 4018 ἓν
448 3962 658 4034 μέλος,
680 3962 997 4032 συνχαίρει
1020 3961 1216 4016 πάντα
1240 3963 1313 4017 τὰ
1337 3964 1515 4033 μέληο
1550 3965 1691 4039 πλὴν

16 4059 61 4107 εί
79 4073 165 4119 τις
195 4052 461 4124 εὐλαϐείᾳ
490 4052 655 4123 πολλῇ
686 4052 823 4123 πρὸς
841 4050 1058 4106 ἅπαντα
1083 4052 1272 4123 στῆναι
1291 4051 1564 4124 δυνηθείη.
1598 4053 1693 4119 Εἰς

15 4143 268 4196 ⁴τοσοῦτον
309 4137 403 4195 οῦν
421 4142 567 4212 ἡμᾶς
594 4137 899 4209 ἐκπέμπεις
925 4138 1195 4210 πόλεμον;
1222 4139 1315 4192 καὶ
1347 4140 1483 4212 πρὸς
1511 4141 1691 4213 μάχην

15 4231 150 4284 οὕτω
190 4230 291 4284 καὶ
314 4228 565 4299 ποικίλην
592 4228 684 4280 καὶ¹
718 4226 973 4298 πολυειδῆ
1002 4227 1101 4300 τὴν
1124 4226 1398 4301 ἡμετέραν
1432 4228 1690 4300 ἐνόμισας

16 4318 274 4387 ἀρκέσειν
308 4316 334 4354 ἀ
362 4315 542 4385 ψυχήν
562 4331 577 4381 ;
601 4313 772 4367 Πόθεν
793 4315 886 4368 καὶ
914 4314 1065 4387 παρά
1084 4314 1229 4378 τίνος
1256 4314 1473 4385 μαθών;
1504 4318 1567 4371 Εἰ
1591 4318 1691 4389 μὲν

16 4407 116 4476 γὰρ
148 4407 181 4459 ὁ
208 4403 348 4467 Θεὸς
380 4400 642 4473 ἐγνώρισε
667 4400 846 4467 τοῦτο,
874 4400 1141 4467 ἐπίδειξον
1174 4402 1266 4456 τὸν
1301 4405 1569 4475 χρησμὸν,
1600 4408 1693 4460 καὶΙ

18 4494 301 4563 πείθομαι·
340 4491 388 4543 εί
425 4490 481 4543 δέ
517 4491 620 4544 οὐκ
661 4489 826 4561 ἐχεις,
872 4490 986 4544 ἀλλ’
1019 4490 1127 4545 ἀπὺ
1151 4490 1310 4563 δόξης
1337 4492 1691 4565 ἀνθρωπίνης

18 4583 206 4651 φέρεις
246 4579 354 4649 τὴν
397 4577 610 4649 ψῆφον,
653 4576 999 4647 ἀπαλλάγηθί
1056 4594 1187 4631 ποτε
1246 4578 1689 4650 ἐξαπατώμενος.

30 4669 197 4739 ’Υπὲρ
229 4667 345 4735 γάρ
368 4665 477 4718 τῶν
506 4664 790 4737 ἡμετέρων
822 4666 954 4735 ἡμῖν
982 4665 1236 4737 μᾶλλονῆ
1268 4667 1475 4738 ἐτέροις
1508 4668 1694 4722 πείθε-

19 4758 137 4810 σθαι
175 4756 415 4808 δίκαιον·
450 4753 638 4824 ἐπειδὴ
684 4752 762 4806 Τὰ
787 4751 898 4806 τοῦ
924 4752 1241 4821 ἀνθρώπου
1269 4754 1471 4821 οὐδεὶς
1505 4752 1690 4820 οἶδεν,

18 4848 62 4897 ei
78 4844 166 4912 μὴ
188 4843 264 4895 τὸ
292 4840 531 4909 πνεῦμα
550 4840 657 4894 τοῦ
684 4839 998 4908 ἀνθρώπου
1027 4841 1093 4894 τὸ
1116 4840 1186 4894 ἐν
1213 4840 1391 4907 αὐτῷ.
1425 4843 1547 4895 Ὀτι
1583 4844 1693 4913 γὰρ

18 4933 103 4983 καὶ
134 4929 296 5001 ἡμᾶς
330 4928 528 4991 αὐτοὺς
555 4927 651 4980 καὶ
687 4927 815 4990 τοὺς
842 4927 1132 4998 ἑλομένους
1157 4930 1595 4997 καταγελάστους
1622 4933 1689 4987 ἂν

20 5021 380 5088 ἐποιήσαμεν,
406 5015 611 5085 ταύτην
636 5014 919 5085 δεξάμενοι
939 5014 1039 5085 τὴν
1064 5015 1258 5087 ἀρχὴν,
1286 5016 1379 5070 καὶ
1408 5019 1545 5088 μετά
1566 5020 1695 5073 πολ-

19 5105 108 5175 λῆς
137 5105 244 5173 τῆς
274 5102 485 5172 ζημίας
515 5102 595 5164 είς
619 5100 821 5169 ταύτην
841 5099 908 5154 ἂν
932 5100 1309 5173 ἐπανήλθομεν
1330 5102 1423 5157 τοῦ
1450 5104 1565 5173 βίου
1592 5107 1693 5179 τὴν

20 5195 380 5255 κατάστασιν,
417 5192 475 5243 ἐν
568 5188 662 5241 καὶ
707 5187 802 5241 νῦν
848 5190 1037 5259 ἐσμεν,
1074 5190 1121 5242 εί
1157 5191 1251 5243 καὶ
1292 5192 1365 5263 μὴ
1408 5193 1689 5264 πρότερον,

18 5283 149 5335 ἀλλά
181 5279 281 5333 νῦν
306 5295 366 5331 σε
394 5278 605 5340 τούτοις
622 5272 776 5348 οἶμαι
810 5278 1126 5332 πεπεικέναι
1154 5280 1267 5343 τοῖς
1298 5282 1557 5350 ῥήμασιν.
1584 5284 1691 5335 Οὐ-

21 5370 70 5421 ὀέ
97 5370 211 5438 γάρ
240 5366 515 5436 βασκανία
548 5364 729 5435 μόνον,
760 5363 895 5419 ἀλλὰ
928 5364 1107 5435 πολλῷ
1138 5368 1230 5420 καὶ
1265 5367 1364 5437 τῆς
1397 5368 1692 5438 βασκανίας

24 5456 407 5527 σφοδρότερον,
431 5454 465 5524 ἡ
481 5453 579 5525 τῆς
598 5452 771 5524 ἀρχῆς
794 5451 995 5524 ταύτης
1024 5453 1286 5525 ἐπιθυμία
1313 5458 1442 5519 τοὺς
1464 5456 1693 5521 πολλοὺς

70 5623 89 5647 ⁸
116 5626 218 5675 Alii
240 5623 409 5679 αὐτόν,
429 5622 512 5670 alii
537 5622 719 5678 αὐτούς.

76 5685 108 5727 δ
130 5685 231 5735 ΑΙῘὶ
256 5684 553 5747 οἰκονομίαν,
575 5686 656 5747 alii
680 5686 971 5747 οἰκοδομίαν.

77 5751 102 5811 '_
135 5746 346 5811 Plurimi
368 5746 777 5811 WSS;.€1=&ti°€YTas
799 5748 877 5811 κεῖ
901 5746 1206 5811 παραλύουσι-

77 5808 435 5909 ιιγιιιὶἀρκεῖν.
473 5806 597 5857 Ibid.
633 5808 785 5869 aliqui
817 5809 856 5856 εἰ
892 5806 1084 5871 μὲνγὰρ
1107 5810 1225 5866 θεὸς
1246 5808 1389 5858 τοῦτο
1427 5811 1691 5874 ἀνήγγειλε,

27 5886 74 5919 ιπ
84 5886 137 5921 ,6.

1774 548 1823 600 οἱ
1868 549 2118 620 φίλαρχοι
2159 560 2182 589 ο
2214 551 2322 604 τῶν
2362 550 2565 606 παίδων
2598 552 2915 622 βαρύνονται
2953 551 3013 606 τὸ
3045 552 3151 605 τῶν
3184 553 3433 622 πατέρων

1775 627 1970 698 γῆρας,
1996 627 2138 683 οὕτω
2170 630 2264 683 καὶ
2292 630 2495 684 τούτων
2531 631 2695 697 τινὲς,
2728 632 2856 686 ὅταν
2888 630 3066 685 ἴδωσιν
3106 630 3186 695 είς
3224 632 3433 701 μακρὸν

1779 709 2181 777 παραταθεῖσαν
2204 711 2301 780 τὴν
2328 710 2627 781 ἱερωσύνην
2654 712 2863 782 χρόνον,
2894 711 3079 781 ἐπειδὴ
3106 711 3314 764 ἀνελεῖν
3334 712 3435 765 οὐκ

1778 786 1989 855 εὐαγὲς,
2014 788 2322 861 παραλῦσαι
2357 790 2675 845 σπεύδουσιν
2702 792 2863 845 αὐτὸν
2894 794 2991 861 τῆς
3022 793 3212 862 ἀρχῆς,
3232 791 3434 855 πάντες

1777 866 1889 919 ἀντ’
1921 867 2127 921 ἐκείνου
2153 869 2403 938 γενέσθαι
2426 869 2836 942 ἐπιθυμοῦντες,
2861 874 2955 925 καὶ
2983 872 3061 936 εἱς
3087 872 3275 925 ἐαυτὸν
3305 872 3436 923 ἐκα-

1779 962 1903 1008 στος
1940 949 2356 1015 μεταπεσεῖσθαι
2390 948 2489 1020 τὴν
2528 951 2701 1021 ἀρχὴν
2739 950 3162 1022 προσδοκῶντες.

1851 1033 1929 1079 ιε’.
1963 1025 2148 1079 Βούλει
2178 1043 2258 1081 σοι
2292 1030 2386 1082 καὶ
2422 1029 2604 1101 ἕτερον
2634 1029 2881 1093 ἐπιδείξω
2906 1030 3104 1100 ταύτης
3130 1031 3230 1099 τῆς
3256 1030 3435 1100 μάχης

1778 1099 1935 1170 εἶδος,
1979 1107 2184 1177 μυρίων
2228 1099 2677 1180 ἐμπεπλησμένον
2719 1109 3011 1174 κινδύνων;
3055 1099 3159 1162 Ἴθι
3206 1109 3290 1180 δὴ,
3341 1110 3436 1162 καὶ

1776 1182 2033 1255 διάκυψον
2057 1187 2136 1249 είς
2159 1186 2259 1251 τὰς
2286 1188 2598 1261 δημοτελεῖς
2623 1188 2836 1261 ἐορτάς,
2871 1190 2931 1241 ἐν
2956 1182 3043 1251 αἷς
3070 1188 3301 1257 μάλιστα
3327 1188 3437 1241 τῶν

1777 1263 2243 1334 ἐκκλησιαστικῶν
2281 1266 2465 1340 ἀρχῶν
2501 1268 2601 1333 τάς
2645 1267 2880 1339 αἱρέσεις
2926 1266 3193 1321 ποιεῖσθαι
3252 1268 3435 1338 νόμοςο

1778 1341 1873 1395 καὶ
1906 1342 2194 1407 τοσαύταις
2229 1342 2346 1414 ὄψει
2388 1347 2741 1419 κατηγορίαις
2783 1346 2874 1400 τὸν
2907 1346 3056 1417 ἱερέα
3090 1345 3439 1416 βαλλόμενον,

1778 1419 1901 1473 ὅσον
1926 1420 2036 1475 τῶν
2060 1422 2372 1493 ἀρχομένων
2397 1424 2458 1476 τὸ
2485 1424 2684 1494 πλῆθός
2706 1427 2841 1479 ἐστι.
2871 1424 3079 1488 Πάντες
3110 1424 3220 1494 γὰρ
3250 1426 3300 1477 οἱ
3321 1423 3442 1478 δοῦ-

1778 1516 1864 1552 ναι
1895 1498 2070 1570 κύριοι
2095 1499 2195 1571 τὴν
2222 1502 2387 1573 τιμὴν
2413 1503 2493 1567 είς
2519 1502 2691 1556 πολλά
2708 1503 2830 1557 τότε
2861 1503 3132 1573 σχίζονται
3157 1502 3319 1574 μέρη,
3345 1501 3443 1555 καὶ

1776 1575 1900 1629 οὐτε
1940 1577 2075 1649 πρὸς
2113 1577 2395 1651 ἀλλήλους,
2431 1580 2554 1634 οὐτε
2584 1582 2719 1651 πρὸς
2745 1580 2908 1635 αὐτὸν
2939 1581 3031 1635 τὸν
3067 1579 3300 1651 λαχόντα
3340 1580 3442 1651 τὴν

1778 1598 1900 1629 ουτε
1940 1598 2075 1649 προς
2113 1598 2395 1651 αΑΑηΑους,
2431 1598 2554 1634 ουτε
2584 1598 2719 1652 προς
2745 1598 2908 1635 αὐτον
2939 1598 3031 1635 τον
3069 1598 3300 1651 Ααχοντα
3340 1598 3441 1651 την

1778 1656 2103 1726 ἐπισκοπὴν,
2137 1656 2199 1710 τὸ
2239 1656 2347 1711 τῶν
2383 1658 2534 1732 [595]
2574 1659 2960 1731 πρεσϐυτέρων
2996 1659 3270 1732 συνέδριον
3307 1660 3441 1729 ὁμο-

1778 1733 2088 1801 γνωμονοῦν
2119 1734 2217 1789 ἴδοι
2240 1751 2327 1801 τις
2358 1737 2443 1791 ἀν·
2480 1737 2592 1791 ἀλλ’
2623 1739 2851 1803 ἕκαστος
2891 1737 3015 1792 καθ’
3043 1738 3236 1813 ἐαυτὸν
3277 1737 3441 1809 ἐστή-

1780 1814 2023 1890 κασιν,νό
2056 1813 2153 1883 μὲν
2184 1813 2392 1881 τοῦτον,
2423 1816 2452 1869 ὁ
2473 1816 2529 1870 δέ
2561 1819 2768 1871 ἐκεῖνον
2800 1816 3139 1890 αἱρούμενος.
3178 1817 3252 1870 Τὸ
3277 1816 3332 1869 δέ
3358 1816 3444 1870 αι’-

1777 1906 1909 1955 τιον,
1932 1889 2033 1944 οὐκ
2060 1893 2139 1955 εἱς
2165 1891 2222 1945 ἓν
2257 1894 2455 1958 πάντες
2483 1895 2702 1966 ὁρῶσιν,
2727 1896 2808 1960 εἱς
2839 1889 2871 1949 δ
2897 1896 3057 1967 μόνον
3088 1896 3223 1967 όρᾷν
3251 1894 3442 1965 ἐχρῆν,

1776 1968 1875 2039 τῆς
1911 1969 2088 2040 ψυχῆς
2121 1970 2221 2041 τὴν
2248 1970 2469 2043 ἀρετήν’
2508 1970 2625 2027 ἀλλ’
2658 1973 2770 2046 εἱσὶγ
2793 1972 2888 2028 καὶ
2914 1974 3099 2046 ἐτεραι
3131 1972 3440 2044 προφάσεις
3538 2007 3549 2017 -

1779 2050 1836 2103 αἱ
1867 2048 2071 2120 ταύτης
2114 2049 2360 2121 πρόξενοι
2387 2053 2487 2123 τῆς
2516 2053 2700 2124 τιμῆς·
2732 2044 2863 2117 οἷον,
2910 2052 2968 2106 Ὁ
2998 2044 3117 2123 μὲν,
3145 2053 3227 2106 ὃτι
3253 2052 3444 2121 γένους

1779 2128 1897 2182 ἐστὶ
1922 2128 2199 2200 λαμπροῦ,
2229 2130 2583 2203 ἐγκρινέσθω,
2613 2130 2801 2202 φησίνο
2821 2132 2850 2185 ὁ
2870 2132 2947 2197 δέ,
2971 2131 3051 2185 ὅτι
3079 2129 3311 2184 πλοῦτον
3339 2147 3441 2183 πε-

1784 2205 2096 2278 ριϐέϐληται
2128 2208 2314 2273 πολὺν,
2349 2209 2441 2263 καὶ
2459 2208 2559 2263 οὐκ
2576 2208 2642 2263 ἂν
2670 2209 2841 2263 δέοιτο
2871 2208 3167 2281 τρέφεσθαι
3189 2209 3255 2262 ἐκ
3274 2207 3294 2248 τ
3332 2207 3443 2261 τῶν

1781 2282 1881 2354 τῆς
1928 2284 2252 2357 Ἐκκλησίας
2299 2287 2594 2359 προσόδων’
2621 2286 2651 2341 ό
2674 2286 2754 2353 δέ,
2790 2289 2872 2343 ὅτι
2912 2286 3066 2360 παρὰ
3091 2286 3199 2341 τῶν
3228 2285 3441 2358 ἐχθρῶν

1780 2361 2136 2435 ηὐτομόλησε
2165 2364 2261 2418 καὶ
2283 2365 2313 2417 ό
2339 2363 2439 2435 μὲν
2468 2364 2561 2420 τὸν
2587 2366 2804 2430 οἱκείως
2824 2366 2960 2437 πρὸς
2978 2365 3139 2420 αὐτὸν
3164 2364 3447 2435 διακείμε-

1781 2459 1891 2505 νον,
1935 2444 1965 2497 ό
1993 2443 2051 2496 δέ
2088 2444 2179 2498 τὸν
2206 2443 2354 2513 γένει
2389 2445 2753 2517 προσήκοντα,
2790 2446 2820 2499 ό
2851 2445 2910 2499 δέ
2950 2445 3042 2500 τὸν
3079 2444 3449 2500 κολακεύοντα

1782 2521 1944 2574 πάλιν
1970 2521 2081 2575 τῶν
2101 2521 2275 2576 ἀλλων
2295 2524 2567 2593 προτιμᾷν
2600 2521 3010 2589 σπουδάζουσιν,
3035 2524 3117 2587 εἱς
3135 2522 3193 2576 δέ
3214 2521 3307 2576 τὸν
3329 2523 3450 2574 ἐπι-

1782 2601 1992 2670 τήδειον
2020 2599 2192 2664 οὐδεὶς
2227 2602 2360 2672 όρᾷν
2389 2600 2657 2671 βούλεται,
2684 2601 2804 2653 οὐδὲ
2826 2602 3003 2672 ψυχῆς
3026 2619 3149 2655 τινα
3173 2600 3449 2655 ποιεῖσθαι

1785 2678 2035 2749 βάσανον.
2074 2677 2215 2746 Ἐγὼ
2240 2678 2297 2731 δέ
2319 2677 2572 2731 τοσούτου
2601 2679 2707 2732 δέω
2728 2677 2928 2741 ταύτας
2956 2677 3209 2749 ἡγεῖσθαι
3237 2677 3336 2741 τάς
3364 2678 3451 2731 αἱ-

1782 2758 1901 2821 τίας
1920 2756 2262 2822 ἀξιοπίστους
2290 2753 2430 2810 εἶναι
2459 2757 2595 2829 πρὸς
2622 2758 2721 2829 τὴν
2747 2757 2855 2811 τῶν
2888 2758 3079 2828 ἱερέων
3102 2757 3448 2828 δοκιμασίαν,

1783 2838 1859 2900 ὡς
1896 2836 2033 2908 μηδὲ
2068 2837 2118 2889 εῖ
2145 2853 2228 2900 τις
2260 2835 2457 2908 πολλὴν
2486 2836 2768 2891 εὐλάϐειαν
2798 2836 3124 2901 ἐπιδείξαιτο
3150 2836 3251 2907 τὴν
3281 2836 3341 2888 οὐ
3362 2853 3451 2907 μι-
3534 2868 3537 2873 -

1783 2918 1913 2989 κρδν
1954 2919 2082 2989 ἡμῖν
2116 2917 2252 2986 πρὸς
2287 2917 2386 2988 τὴν
2418 2917 2595 2989 ἀρχὴν
2639 2916 2995 2970 συντελοῦσαν
3025 2916 3262 2987 ἐκείνην,
3313 2914 3450 2987 μηδὲ

1784 2996 1970 3050 τοῦτον
1992 2996 2100 3050 ἀπὸ
2122 2996 2326 3065 ταύτης
2347 2995 2548 3059 εὐθέως
2572 2995 2845 3069 ἐγκρίνειν
2869 2995 3092 3068 τολμᾷν,
3126 2998 3175 3049 εἱ
3203 2995 3279 3067 μὴ
3311 2994 3453 3066 μετά

1783 3076 1882 3146 τῆς
1910 3074 2192 3137 εὐλαϐείας
2220 3073 2422 3146 πολλὴν
2457 3076 2554 3129 καὶ
2593 3074 2691 3146 τὴν
2726 3075 2941 3130 σύνεσιν
2964 3074 3104 3145 ἔχων
3137 3073 3311 3145 τύχοι.
3339 3074 3452 3127 Καὶ

1784 3155 1892 3227 γὰρ
1913 3150 2031 3207 οἶδα
2051 3154 2279 3217 πολλοὺς
2296 3152 2409 3224 ἐγὼ
2430 3154 2541 3208 τῶν
2564 3155 2779 3209 ἄπαντα
2798 3154 2889 3208 τὸν
2914 3155 3105 3228 χρόνον
3133 3153 3455 3225 καθειρξάν·

1783 3250 1890 3287 των
1920 3234 2167 3300 ἑαυτοὺς,
2194 3232 2290 3288 καὶ
2314 3234 2590 3304 νηστείαις
2627 3234 3065 3305 δαπανηθέντων,
3083 3235 3185 3300 ὅτι,
3220 3234 3325 3296 ἓως
3354 3232 3459 3303 μὲν

1785 3314 1969 3377 αὐτοῖς
1992 3312 2172 3383 μόνοις
2194 3307 2333 3367 εἶναι
2366 3312 2495 3383 ἐξῆν
2516 3314 2609 3367 καὶ
2637 3314 2707 3367 τά
2734 3312 2914 3367 αὐτῶν
2942 3314 3215 3385 μεριμνᾷν
3243 3312 3454 3365 εὐδοκὶ-
3508 3362 3513 3368 .

1790 3409 1922 3463 μουν
1954 3391 2104 3463 παρά
2129 3390 2269 3459 Θεῷ,
2302 3393 2397 3446 καὶ
2428 3392 2548 3446 καθ’
2578 3392 2815 3463 ἑκάστην
2834 3393 3047 3464 ἡμέραν
3072 3392 3256 3464 ἐκείνῃ
3285 3404 3455 3459 προσ-

1787 3469 2035 3525 ετίθεσαν
2056 3471 2121 3541 τῇ
2149 3470 2437 3542 φιλοσοφίᾳ
2461 3471 2626 3542 μέρος
2656 3471 2716 3524 οὐ
2742 3473 2957 3542 μικρόνο
2990 3471 3180 3541 ἐπειδὴ
3201 3470 3258 3523 δέ
3283 3472 3365 3533 είς
3392 3470 3461 3524 τὸ

1788 3551 1989 3622 πλῆθος
2006 3546 2190 3622 ἦλθον,
2216 3551 2312 3604 καὶ
2338 3550 2440 3615 τάς
2460 3551 2569 3604 τῶν
2602 3550 2811 3605 πολλῶν
2838 3550 3079 3622 ἀμαθίας
3117 3549 3458 3620 ἐπανορθοῦν

1786 3630 2227 3702 ἡναγκάσθησαν,
2255 3632 2305 3682 οἱ
2336 3630 2435 3700 μὲν
2461 3630 2583 3683 οὐδὲ
2606 3629 2707 3701 τὴν
2727 3630 2900 3702 ἀρχὴν
2925 3631 3165 3702 ἡρκεσαν
3195 3629 3330 3700 πρὸς
3353 3629 3457 3699 τὴν

1788 3710 2054 3779 τοσαύτην
2081 3708 2483 3780 πραγματείαν·
2508 3708 2643 3762 οἱδέ
2678 3709 2990 3779 βιασθέντες
3022 3711 3321 3778 ἐπιμεῖναι,
3354 3708 3459 3778 τὴν

1789 3789 2059 3862 προτέραν
2087 3786 2373 3858 ἀκρίϐειαν
2399 3785 2673 3862 ῥίψαντες,
2699 3786 2928 3850 ἐαυτούς
2954 3802 3014 3839 τε
3039 3783 3355 3862 ἐζημίωσαν
3382 3784 3458 3836 τὰ

1794 3859 2046 3939 μέγιστα,
2085 3865 2180 3918 καὶ
2209 3863 2432 3933 ἐτέρους
2468 3861 2683 3935 ὤνησαν
2715 3863 2888 3918 οὐδέν.
2941 3863 3081 3916 Ἀλλ’
3116 3860 3235 3915 οὐδὲ
3273 3859 3330 3913 εί
3369 3877 3456 3923 τις

1790 3948 1881 4001 τὸν
1909 3947 2123 4001 ἅπαντα
2155 3943 2345 4015 χρόνον
2375 3942 2653 4014 ἀνήλωσεν
2673 3944 2731 3996 ἐν
2758 3945 2825 4014 τῇ
2848 3941 3052 4014 ἐσχάτη
3080 3942 3181 4012 τῆς
3210 3941 3458 4010 λειτουρ-

1790 4027 1915 4095 γίας
1938 4024 2089 4091 τάξει
2113 4023 2310 4096 μένων,
2345 4022 2440 4076 καὶ
2467 4022 2549 4086 είς
2572 4022 2799 4093 ἔσχατον
2830 4021 2997 4093 ἡλασε
3024 4024 3222 4092 γῆρας,
3261 4018 3457 4072 τοῦτον

1793 4106 1977 4169 ἀπλῶς
2000 4105 2089 4160 διὰ
2110 4104 2207 4175 τὴν
2238 4103 2455 4175 ἡλικίαν
2483 4103 2822 4167 αίδεσθέντες
2846 4103 2941 4155 ἐπὶ
2966 4101 3066 4173 τὴν
3102 4100 3280 4171 ἀρχὴν
3310 4098 3457 4151 οἷσο-

1796 4202 1897 4257 μεν
1942 4183 2040 4255 τὴν
2061 4183 2338 4254 ἀνωτέρω.
2392 4182 2459 4235 Τί
2508 4181 2638 4254 γάρ,
2685 4185 2736 4237 εί
2772 4182 2867 4236 καὶ
2905 4180 3045 4253 μετά
3086 4180 3185 4251 τὴν
3234 4179 3459 4250 ἡλικίαν

1794 4265 2008 4335 ἐκείνην
2026 4261 2400 4334 ἀνεπιτήδειος
2427 4260 2502 4315 ὢν
2531 4261 2716 4332 μένοι;
2748 4261 2860 4315 Καὶ
2886 4260 2948 4315 οὐ
2979 4260 3079 4330 τὴν
3112 4258 3304 4313 πολιὰν
3335 4258 3458 4312 ἀτι-

1798 4345 1967 4415 μάσαι
1996 4341 2335 4413 βουλόμενος,
2368 4340 2489 4395 οὐδέ
2526 4340 2833 4412 νομοθετῶν
2870 4341 2996 4403 τούς
3024 4339 3133 4393 ἀπὸ
3163 4336 3326 4410 χοροῦ
3357 4353 3458 4407 μο-

1794 4424 2060 4486 ναζόντων
2101 4422 2353 4492 ἥκοντας,
2396 4422 2613 4484 πάντως
2652 4420 3012 4492 ἀπείργεσθαι
3055 4420 3156 4489 τῆς
3197 4416 3456 4486 τοιαύτης

1792 4500 2127 4562 ἐπιστασίας,
2153 4499 2324 4553 ταῦτα
2349 4494 2503 4552 εἷπον
2530 4498 2625 4551 νῦν
2646 4497 2866 4570 (συνέϐη
2890 4497 2996 4572 γὰρ
3020 4496 3250 4561 πολλοὺς
3276 4496 3372 4549 καὶ
3397 4495 3458 4559 ἐξ

1792 4580 2008 4650 ἐκείνης
2034 4577 2287 4641 ἐλθόντας
2312 4579 2409 4649 τῆς
2441 4577 2645 4648 ἀγέλης
2676 4580 2755 4642 εἱς
2788 4578 2991 4648 ταύτην
3019 4576 3317 4647 διαλάμψαι
3354 4575 3456 4645 τὴν

1792 4658 2009 4731 ἀρχὴν).
2033 4657 2147 4711 ἀλλ’
2166 4659 2343 4710 ἐκεῖνο
2365 4658 2532 4723 δεῖξαι
2567 4658 2903 4723 σπουδάζων,
2929 4660 3011 4712 ὅτι
3038 4657 3088 4711 εί
3122 4658 3260 4727 μὴτε
3292 4654 3455 4708 εὐλά-

1793 4740 1913 4793 ϐεια
1943 4738 2064 4791 καθ’
2094 4737 2312 4808 ἐαυτὴν,
2348 4738 2482 4809 μήτε
2512 4738 2689 4809 γῆρας
2722 4738 2931 4809 μακρὸν
2971 4740 3131 4792 ἱκανά
3164 4736 3363 4806 γένοιτ’
3389 4734 3458 4788 ἂν

1791 4819 1958 4883 δεῖξαι
1978 4817 2069 4870 τὸν
2091 4818 2425 4889 κεκτημένον
2457 4819 2753 4890 ἱερωσύνης
2778 4818 2926 4885 ἀξιον
2946 4818 3093 4886 ὅντα,
3126 4818 3288 4888 σχολῇ
3312 4817 3363 4885 γ’
3389 4815 3458 4869 ἂν

1792 4900 1847 4952 αἱ
1879 4897 2275 4968 προειρημέναι
2309 4897 2609 4969 προφάσεις
2637 4897 2796 4951 τοῦτο
2819 4899 3162 4969 ἐργάσαιντο.
3201 4900 3263 4950 Οἱ
3285 4896 3341 4948 δὲ
3362 4894 3457 4947 καὶ

1792 4978 1984 5050 ἐτέρας
2018 4976 2399 5049 προστιθέασιν
2441 4977 2815 5049 ἀτοπωτέρας·
2862 4980 2957 5030 καὶ
2992 4978 3097 5047 γὰρ
3126 4978 3174 5028 οἱ
3204 4975 3325 5045 μὲν,
3368 4975 3455 5026 ἵνα

1795 5059 1870 5130 μὴ
1919 5057 2059 5127 μετὰ
2099 5058 2207 5111 τῶν
2242 5056 2499 5110 ἐναντίων
2534 5057 2771 5121 τάξωσιν
2809 5058 3056 5121 ἑαυτοὺς,
3089 5056 3171 5117 είς
3214 5056 3313 5125 τὴν
3360 5052 3455 5107 τοῦ

1792 5139 1997 5209 κλὴρου
2020 5136 2408 5205 καταλέγονται
2438 5135 2610 5200 τάξιν,
2647 5137 2695 5189 οἱ
2724 5136 2783 5189 δέ
2808 5135 2895 5189 διὰ
2924 5134 3209 5204 πονηρίαν,
3243 5133 3341 5186 καὶ
3368 5133 3456 5186 ἴνα

1794 5220 1869 5291 μὴ
1894 5217 2262 5289 παροφθέντες
2288 5216 2498 5289 μεγάλα
2518 5218 2859 5288 ἐργάσωνται
2891 5215 3057 5269 κακά.
3079 5211 3229 5286 ’Δρα
3259 5212 3455 5283 γένοιτ’

1792 5299 1857 5352 ἄν
1880 5316 1934 5350 τι
1958 5298 2149 5350 τούτου
2178 5296 2635 5369 παρανομώτερον
2656 5313 2671 5362 ;
2700 5297 2868 5350 Ὅταν
2893 5295 3169 5366 ἄνθρωποι
3196 5293 3458 5367 μοχθηροὶ

1793 5379 1885 5432 καί
1914 5378 2124 5448 μυρίων
2164 5378 2431 5448 γέμοντες
2457 5378 2644 5431 κακῶν
2685 5375 2775 5430 διά
2802 5375 2978 5431 ταῦτα
3022 5375 3455 5447 θεραπεύωνται,

1790 5458 1856 5511 δι’
1877 5457 1915 5511 ἀ
1940 5456 2261 5522 κολάζεσθαι
2292 5457 2416 5521 ἔδει,
2443 5457 2538 5510 καὶ
2572 5450 2648 5510 ὧν
2673 5456 2857 5509 ἐνεκεν
2884 5455 3022 5527 μηδὲ
3048 5455 3141 5509 τὸν
3172 5456 3326 5510 οὐδὸν
3353 5453 3457 5523 τῆς

1792 5536 2085 5608 ἐκκλησίας
2132 5535 2475 5607 ὑπερϐαίνειν
2502 5536 2670 5607 ἐχρῆν
2698 5576 2714 5602 ,
2745 5536 2886 5608 ὑπὲρ
2912 5535 3117 5590 τούτων
3139 5538 3234 5590 καὶ
3258 5536 3335 5599 εἰς
3357 5533 3458 5604 τὴν

1858 5703 1881 5731 e
1898 5690 2131 5768 ’Savil.’et
2150 5689 2347 5753 plurimi
2370 5703 2483 5739 mss.
2506 5693 2550 5738 οἱ
2573 5691 2861 5755 φιλάργυροι.
2891 5691 3014 5742 Ibid.
3052 5691 3248 5754 quidam
3272 5691 3340 5753 τῷ
3362 5690 3460 5739 τῶν

1791 5755 2224 5863 παῖέῗῖίιῖιέτδῗέῖίτο
2249 5819 2437 5925 magis;
2462 5812 2604 5882 Alius
2637 5816 2734 5862 δέοι
2775 5822 2963 5878 τροφῆς.
2991 5814 3118 5864 Infra
3143 5828 3269 5866 unus
3307 5813 3458 5863 καὶαι

1802 5879 1885 5925 ιιὲν
1906 5876 1985 5925 τὸν
2005 5876 2249 5925 οἰκείως...
2277 5879 2319 5925 οἱ
2371 5876 2413 5925 έ.
2437 5881 2491 5925 οι
2510 5889 2583 5925 51c
2604 5885 2862 5925 sequentia
2883 5882 2930 5925 in
2952 5877 3153 5925 plurali.

1802 5879 1885 5927 αἱν
1906 5876 1985 5925 τὸν
2005 5876 2249 5933 οἰκείως...
2277 5879 2319 5925 οἱ
2342 5876 2413 5937 δέ,
2437 5881 2491 5925 οι
2510 5876 2583 5926 sic
2604 5876 2930 5940 sequentuin
2952 5877 3153 5939 plurali.
