3864 6238
473 362 578 422 653

473 483 758 556 ἱερατικὴν
781 483 1141 538 ἀναϐαίνωσιν
1172 483 1365 549 ἀξίανς
1410 484 1530 536 Ἔτι
1562 481 1656 538 οῦν
1693 482 2019 554 ζητήσομεν,
2062 481 2137 533 εί-
2175 500 2194 516 ι’

477 565 544 617 πέ
569 582 678 634 μοι,
701 565 794 618 τοῦ
818 563 951 618 Θεοῦ
975 564 1073 635 τῆς
1105 564 1274 634 ὀργῆς
1306 564 1404 635 τὴν
1424 563 1619 627 αἰτίαν,
1644 566 1942 636 πράγματα
1967 559 2140 624 οὕτως

474 644 606 712 ἅγια
646 645 740 697 καὶ
770 643 1182 715 φρικωδέστατα
1213 642 1521 715 ἀνθρώποις
1557 646 1670 707 τοῖς
1719 644 1817 712 μὲν
1865 643 2138 712 πονηροῖς,

473 727 588 788 τοῖς
616 725 674 778 δέ
700 724 911 788 οὐδενὸς
951 722 1122 789 ἀξίοις
1166 723 1524 794 λυμαίνεσθαι
1567 724 1934 797 παρέχοντες;
1971 724 2142 775 Ὅταν

475 805 584 876 γάρ
599 806 646 858 οί
665 805 763 875 μὲν
780 805 889 858 τῶν
908 805 1072 876 μηδὲν
1085 805 1267 868 αὐτοῖς
1281 806 1684 877 προσηκόντων,
1699 807 1747 858 οἱ
1769 805 1824 858 δέ
1840 803 1947 858 τῶν
1964 802 2142 873 πολλῷ

478 885 734 957 μειζόνων
745 885 844 956 τῆς
860 885 1064 948 οἰκείας
1073 884 1349 955 δυνάμεως
1364 885 1692 957 προστασίαν
1707 883 2145 956 [594]ἐμπιστευ-

476 966 664 1026 θῶσιν,
679 966 833 1019 οὐδὲν
855 966 1079 1037 εὐρίπου
1101 967 1199 1037 τὴν
1260 967 1550 1035 ἐκκλησίαν
1573 966 1848 1036 διαφέρειν
1875 965 2138 1017 ποιοῦσιν.

556 1044 700 1115 Ἐγὼ
731 1047 788 1099 δέ
827 1047 1089 1118 πρότερον
1120 1046 1228 1101 τῶν
1263 1046 1460 1112 ἔξωθεν
1498 1046 1773 1116 ἀρχόντων
1811 1043 2140 1112 κατεγέλων,

476 1127 556 1181 δτι
588 1129 686 1191 τάς
710 1126 820 1179 τῶν
847 1125 1022 1196 τιμῶν
1053 1125 1312 1196 διανομάς
1345 1126 1444 1178 οὐκ
1476 1124 1584 1177 ἀπὸ
1610 1125 1709 1194 τῆς
1735 1125 1934 1196 ἀρετῆς
1959 1124 2058 1194 τῆς
2084 1125 2141 1176 ἐν

475 1210 598 1271 ταῖς
631 1207 850 1276 ψυχαῖς,
873 1205 988 1259 ἀλλ’
1013 1205 1119 1258 ἀπὸ
1151 1206 1257 1258 τῶν
1286 1205 1585 1276 χρημάτων
1618 1206 1713 1259 καὶ
1740 1204 1976 1275 πλήθους
2007 1202 2142 1264 ἐτῶν

478 1288 572 1341 καὶ
593 1286 939 1358 ἀνθρωπίνης
965 1285 1239 1339 ποιοῦνται
1269 1286 1622 1356 προστασίας·
1647 1285 1768 1337 ἐπεὶ
1787 1285 1841 1337 δέ
1863 1285 2072 1354 ἤκουσα
2092 1295 2140 1344 ι,

477 1370 560 1422 ὅτι
593 1367 730 1438 αὕτη
776 1369 808 1436 ή
851 1366 1041 1434 ἀλογία
1089 1368 1185 1420 καὶ
1227 1367 1305 1429 είς
1352 1366 1419 1420 τά
1464 1367 1706 1438 ἡμέτερα
1748 1365 2141 1433 εἰσεκώμασεν,

477 1447 578 1500 οὐκ
619 1447 698 1499 ἐτι
745 1447 945 1516 ὁμοίως
988 1446 1287 1517 ἐποιούμην
1331 1448 1391 1500 :6
1433 1450 1662 1518 πρᾶγμα
1699 1447 1887 1500 δεινόν.
1929 1446 1994 1498 Τί
2037 1445 2143 1516 γὰρ

479 1526 810 1598 θαυμαστὸν,
851 1525 1170 1598 ἀνθρώπους
1203 1526 1504 1596 βιωτικοὺς,
1542 1529 1632 1580 καὶ
1663 1527 1819 1597 δόξης
1856 1526 1955 1596 τῆς
1993 1525 2144 1596 παρά

476 1605 586 1659 τῶν
611 1606 818 1659 πολλῶν
846 1606 1105 1678 ἐρῶντας,
1141 1609 1234 1660 καὶ
1259 1625 1361 1678 χρη
1373 1608 1556 1678 μάτων
1581 1608 1741 1660 ἕνεκα
1768 1607 1945 1661 πάντα
1971 1606 2146 1676 πράτ-

477 1703 667 1749 τοντας
700 1686 1033 1758 ἁμαρτάνειν
1072 1686 1314 1749 τοιαῦτα,
1358 1690 1490 1741 ὅπου
1532 1705 1594 1755 γε
1637 1690 1684 1741 οἱ
1724 1687 1940 1762 πάντων
1970 1688 2146 1756 ἀπηλ-

478 1766 674 1838 λάχθαι
712 1769 1167 1839 προσποιούμενοι
1212 1770 1417 1823 τούτων
1465 1770 1616 1824 οὐδὲν
1658 1770 1882 1840 ἄμεινον
1923 1767 2147 1822 ἐκείνων

477 1846 796 1914 διάκεινται,
822 1848 936 1901 ἀλλ’
964 1849 1102 1921 ὑπὲρ
1134 1849 1244 1902 τῶν
1279 1849 1542 1920 οὐρανίων
1571 1849 1661 1903 τὸν
1689 1849 1874 1918 ἀγῶνα
1906 1848 2144 1918 ἔχοντες,

477 1927 554 1990 ὡς
580 1929 708 1998 περὶ
740 1927 985 1999 πλέθρων
1018 1929 1141 2000 γῆς,
1182 1929 1215 2000 ἢ
1247 1929 1433 2000 ἐτέρου
1460 1930 1604 1992 τινὸς
1627 1928 1867 1982 τοιούτου
1895 1929 1993 1998 τῆς
2021 1927 2146 1998 βου-

477 2006 579 2077 λῆς
629 2009 810 2070 αὐτοῖς
849 2010 1240 2080 προκειμένης,
1284 2008 1471 2073 ἁπλῶς
1512 2008 1831 2080 ἀνθρώπους
1866 2007 2148 2078 ἀγελαίους

477 2087 736 2151 λαϐόντες
769 2089 1021 2156 ἐφιστᾶσι
1049 2087 1333 2158 πράγμασι
1353 2088 1632 2154 τοιούτοις,
1661 2089 1799 2161 ὐπέρ
1831 2082 1906 2144 ὧν
1938 2089 2030 2141 καὶ
2051 2088 2148 2158 τὴν

480 2167 674 2220 ἐαυτοῦ
701 2167 936 2221 κενῶσαι
966 2167 1144 2234 δόξαν,
1179 2170 1274 2222 καὶ
1299 2169 1585 2240 ἄνθρωπος
1611 2169 1884 2239 γενέσθαι,
1917 2171 2009 2224 καὶ
2029 2169 2149 2224 δού-

479 2246 573 2300 λου
616 2247 830 2319 μορφὴν
868 2247 1071 2313 λαϐεῖν,
1117 2251 1211 2303 καὶ
1249 2250 1649 2320 ἐμπτυσθῆναι,
1690 2251 1784 2304 καὶ
1820 2249 2148 2322 ραπισθῆναι

481 2327 576 2380 καὶ
609 2327 840 2381 θάνατον
872 2327 962 2381 τὸν
989 2328 1352 2382 ἐπονείδιστον
1389 2329 1679 2384 ἀποθανεῖν
1707 2329 1796 2382 διὰ
1818 2330 1919 2400 τῆς
1948 2329 2149 2400 σαρκὸς

479 2407 540 2458 οὐ
584 2407 939 2480 παρῃτήσατο
977 2409 1006 2460 6
1036 2409 1332 2480 μονογενὴς
1375 2407 1470 2462 τοῦ
1503 2408 1637 2464 Θεοῦ
1680 2412 1847 2477 Παῖς;
1885 2412 1996 2465 Καὶ⁹
2027 2409 2148 2463 οὐδὲ

484 2487 646 2559 μέχρι
686 2486 894 2541 τούτων
931 2482 1076 2542 οῦτοι
1125 2489 1373 2542 ἵστανται
1423 2489 1606 2559 μόνον,
1659 2490 1796 2545 ἀλλά
1847 2493 1942 2546 καὶ
1984 2492 2148 2562 ἕτερα

482 2567 868 2639 προστιθέασιν
913 2568 1255 2639 ἀτοπώτερα’
1287 2570 1346 2622 οὐ
1381 2569 1488 2640 γάρ
1519 2570 1648 2632 τούς
1677 2570 1930 2635 ἀναξίους
1962 2571 2148 2642 ἐγκρί-

479 2665 628 2701 νουσι
677 2649 856 2719 μόνον,
901 2648 1035 2702 ἀλλὰ
1088 2651 1181 2702 καὶ
1217 2650 1342 2711 τούς
1391 2649 1730 2720 ἐπιτηδείους
1769 2650 2148 2708 ἐκϐάλλουσιν.

481 2727 692 2799 ’Ὠσπερ
721 2729 830 2799 γάρ
859 2727 978 2781 δέον
1003 2728 1392 2799 ἀμφοτέρωθεν
1417 2727 1758 2800 λυμήνασθαι
1782 2732 1880 2802 τῆς
1919 2731 2150 2802 Ἐκκλη-

480 2804 600 2869 σίας
632 2806 731 2876 τὴν
764 2806 1090 2874 ἀσφάλειαν,
1125 2808 1158 2876 ἢ
1187 2807 1375 2879 ῶσπερ
1403 2807 1504 2861 οὐκ
1527 2809 1803 2880 ἀρκούσης
1823 2810 1924 2880 τῆς
1949 2811 2148 2882 προτέ-

482 2901 580 2954 ρας
618 2885 966 2956 προφάσεως,
1000 2886 1270 2938 ἐκκαῦσαι
1309 2885 1403 2939 τοῦ
1448 2887 1582 2940 Θεοῦ
1622 2889 1720 2960 τὴν
1765 2889 1956 2960 ὀργὴν,
2006 2889 2149 2942 οὕτω

476 2968 576 3038 τὴν
607 2967 864 3040 δευτέραν
899 2969 1165 3040 συνῆψαν,
1197 2970 1294 3040 οὐχ
1333 2965 1494 3041 ἦττον
1539 2969 1705 3026 οὖσαν
1741 2973 2004 3044 χαλεπήν.
2039 2975 2150 3028 Καὶ

477 3049 587 3119 γὰρ
622 3049 680 3113 ἐξ
715 3051 838 3120 ἴσης
869 3044 1022 3119 οἶμαι
1056 3045 1194 3103 εἶναι
1241 3049 1434 3113 δεινὸν,
1479 3051 1539 3103 τό
1577 3069 1636 3104 τε
1675 3055 1800 3115 τούς
1846 3053 2149 3124 χρησίμους

478 3129 787 3200 ἀπείργειν,
820 3130 915 3182 καί
942 3131 1001 3183 τὸ
1031 3131 1155 3194 τούς
1187 3131 1441 3202 ἀχρείους
1468 3131 1729 3196 εἰσωθεῖν.
1766 3136 1876 3188 Καὶ
1901 3135 2058 3188 τοῦτο
2084 3134 2148 3204 δὴ

478 3210 707 3278 γίνεται,
751 3211 838 3264 ἵνα
886 3211 1199 3282 μηδαμόθεν
1245 3213 1599 3284 παραμυθίαν
1637 3215 1817 3284 εὑρεῖν
1858 3216 1992 3288 μηδέ
2021 3219 2152 3271 ἀνα-

480 3291 708 3344 πνεῦσαι
742 3291 941 3363 δυνηθῇ
965 3292 1059 3345 τοῦ
1086 3293 1321 3365 Χριστοῦ
1356 3295 1418 3348 τὸ
1448 3296 1715 3366 ποίμνιον.
1753 3297 1936 3351 Ταῦτα
1971 3293 2064 3351 οῦν
2087 3298 2148 3351 οὐ

481 3372 693 3442 μυρίων
731 3371 858 3436 ἄξια
891 3373 1182 3443 σκηπτῶν;
1216 3373 1391 3429 ταῦτα
1419 3376 1479 3428 οὐ
1511 3377 1734 3448 γεέννης
1766 3377 2149 3450 σφοδροτέρας,

477 3452 538 3503 οὐ
570 3452 773 3523 ταύτης
805 3453 963 3524 μόνον
987 3455 1084 3524 τῆς
1111 3453 1306 3525 ήπειλη
1317 3454 1484 3525 μένης
1513 3456 1674 3526 ήμῖν;
1719 3456 1859 3509 Ἀλλ’
1885 3458 2034 3527 ὅμως
2058 3457 2152 3510 ἀν-

479 3532 662 3603 έχεται
700 3535 795 3586 καὶ
833 3534 987 3604 φέρει
1016 3534 1085 3587 τὰ
1109 3533 1342 3588 τοσαῦτα
1370 3534 1515 3588 κακὰ
1547 3537 1577 3588 6
1608 3537 1682 3606 μὴ
1716 3535 2036 3607 βουλόμενος
2061 3537 2151 3591 τὸν

479 3613 707 3667 θάνατον
725 3613 818 3667 τοῦ
838 3615 1192 3686 ἀμαρτωλοῦ,
1219 3615 1295 3678 ὡς
1313 3615 1374 3668 τὸ
1390 3616 1714 3686 ἐπιστρέψαι
1731 3617 1894 3671 αὐτὸν
1912 3618 2005 3670 καὶ
2029 3616 2149 3688 ζῇν.

478 3696 590 3748 Καὶ
629 3693 744 3758 πῶς
784 3695 848 3748 ἄν
897 3713 982 3758 τις
1025 3695 1192 3750 αὐτοῦ
1229 3697 1330 3766 τὴν
1369 3696 1780 3768 φιλανθρωπίαν
1819 3697 2148 3768 θαυμάσειε;

477 3773 594 3836 πῶς
637 3774 703 3829 ἂν
741 3773 1040 3847 ἐκπλαγείη
1074 3776 1165 3830 τὸν
1195 3774 1371 3842 ἕλεον;
1417 3777 1479 3829 Οἰ
1513 3775 1607 3829 τοῦ
1659 3777 1896 3848 Χριστοῦ
1943 3777 2014 3831 τά
2054 3778 2149 3832 τοῦ

475 3853 714 3926 Χριστοῦ
743 3854 1147 3926 διαφθείρουσιν
1175 3855 1384 3927 ἐχθρῶν
1418 3855 1514 3909 καὶ
1557 3856 1832 3927 πολεμίων
1871 3859 2090 3928 μᾶλλον,
2123 3859 2151 3912 6

473 3937 531 3991 δὲ
557 3938 759 4007 ἀγαθὸς
783 3937 862 3992 ἐτι
895 3939 1252 4011 χρηστεύεται
1281 3941 1375 3993 καὶ
1405 3941 1485 4002 είς
1509 3941 1797 4010 μετάνοιαν
1820 3943 1989 3996 καλεῖ.
2015 3943 2152 4010 Δόξα

479 4035 592 4079 σοι,
624 4017 817 4089 Κύριε,
835 4017 961 4082 δόξα
989 4037 1098 4072 σοι·
1125 4019 1267 4089 πόση
1297 4019 1709 4090 φιλανθρωπίας
1739 4021 1973 4086 ἄϐυσσος
2000 4026 2152 4098 παρὰ

479 4099 594 4152 σοίῐ
632 4100 797 4163 πόσος
823 4099 1176 4163 ἀνεξικακίας
1206 4099 1468 4163 πλοῦτοςί
1500 4102 1563 4154 Oi
1586 4100 1674 4153 διὰ
1700 4101 1761 4153 :6
1787 4101 1956 4173 ὄνομα
1977 4105 2038 4158 :6
2061 4106 2152 4159 σὸν

478 4181 539 4244 ἐξ
577 4179 808 4233 εὐτελῶν
848 4181 943 4233 καὶ
986 4180 1199 4251 ἀτίμων
1233 4180 1440 4252 ἔντιμοι
1476 4181 1572 4234 καὶ
1607 4182 1956 4252 περίϐλεπτοι
1991 4201 2152 4254 γεγο-

478 4261 628 4324 νότες
655 4263 720 4331 τῇ
751 4263 882 4331 τιμῇ
910 4260 1050 4315 κατά
1073 4260 1169 4314 τοῦ
1199 4261 1553 4332 τετιμηκότος
1577 4261 1888 4332 κέχρηνται,
1917 4264 2012 4317 καὶ
2031 4264 2153 4317 τολ-

482 4341 626 4411 μῶσι
655 4340 725 4395 τὰ
762 4341 1064 4412 ἀτόλμητα,
1112 4342 1204 4395 καὶ
1237 4341 1614 4412 ἐνυϐρίζουσιν
1645 4344 1724 4405 εἰς
1751 4341 1818 4396 τὰ
1848 4343 1998 4410 ἆγια,
2025 4344 2152 4407 τούς

479 4419 802 4484 σπουδαίους
848 4419 1228 4490 ἀπωθούμενοι
1271 4421 1366 4474 καὶ
1397 4419 1768 4484 ἐκϐάλλοντες,
1809 4423 1896 4475 ῖνα
1935 4424 1993 4476 ἐν
2022 4425 2153 4494 ἡρε-

482 4499 581 4569 μία
608 4500 774 4570 πολλῇ
793 4501 884 4552 καὶ
907 4501 1046 4571 μετά
1063 4500 1244 4564 ἀδείας
1258 4501 1356 4572 τῆς
1376 4501 1610 4571 ἐσχάτης
1631 4502 1680 4554 οἱ
1699 4503 1925 4574 πονηροὶ
1952 4503 2148 4568 πάντα,

478 4581 687 4651 ὅσαπερ
713 4579 778 4634 ἂν
803 4581 1081 4641 ἐθέλωσιν,
1109 4583 1477 4654 ἀνατρέπωσι.
1500 4583 1611 4637 Καὶ
1631 4584 1822 4636 τούτου
1847 4583 1904 4636 δὲ
1924 4584 2018 4637 τοῦ
2047 4585 2153 4638 δει-

478 4656 570 4710 νοῦ
599 4657 696 4723 τάς
728 4661 908 4724 αἰτίας
941 4662 990 4712 εἰ
1017 4660 1192 4726 θέλεις
1231 4661 1444 4732 μαθεῖν,
1476 4661 1668 4731 ὁμοίας
1695 4665 1820 4726 ταῖς
1860 4664 2152 4736 προτέραις

478 4739 753 4810 εὑρήσεις
787 4740 886 4809 τὴν
924 4740 1021 4810 μὲν
1049 4741 1156 4813 γὰρ
1187 4741 1364 4812 ῥίζαν,
1408 4742 1502 4795 καὶ¹
1528 4743 1603 4816 ῶς
1630 4743 1695 4796 ἄν
1725 4762 1808 4807 τις
1841 4747 2006 4812 εἴποι,
2048 4763 2152 4816 μη-

477 4819 610 4890 τέρα
635 4819 764 4890 μίαν
797 4820 1004 4890 έχουσι,
1027 4821 1126 4892 τὴν
1158 4821 1478 4891 βασκανίαψ
1506 4814 1667 4875 αὗται
1695 4824 1752 4877 δέ
1778 4826 1838 4878 οὐ
1865 4827 1995 4895 μιᾶς
2014 4814 2152 4881 εἰσιν

480 4898 643 4963 ἰδέας,
684 4899 821 4953 ἀλλά
844 4899 1215 4970 διεστήκασιν.
1270 4900 1327 4953 Ὀ
1370 4901 1468 4972 μέν
1492 4903 1598 4974 γ’ἀρ
1628 4903 1814 4975 ἐπειδὴ
1844 4905 1961 4967 νέος
1982 4907 2149 4970 ἐστὶν,

476 4978 844 5042 ἐκϐαλλέσθω,
879 4979 1064 5050 φησίν·
1097 4980 1126 5030 6
1157 4980 1233 5040 δέ,
1271 4980 1456 5049 ἐπειδὴ
1487 4981 1802 5036 κολακεύειν
1825 4984 1925 5036 οὐκ
1945 4981 2101 5038 οἶδεν·
2124 4988 2152 5040 6

474 5059 550 5121 δέ,
589 5058 777 5129 ἐπειδὴ
812 5058 892 5129 τῷ
924 5058 1056 5112 δεῖνι
1094 5059 1522 5131 προσέκρουσεν·
1559 5063 1652 5116 καὶ
1685 5063 1712 5116 6
1745 5063 1865 5132 μὲν,
1901 5064 1986 5117 ἵνα
2023 5066 2096 5136 μὴ
2124 5067 2152 5119 6

475 5139 620 5191 δεῖνα
660 5138 920 5213 λυπῆται,
959 5138 1049 5191 τὸν
1095 5139 1194 5209 μὲν
1229 5141 1322 5193 ὐπ’
1362 5140 1528 5194 αὐτοῦ
1562 5141 1783 5195 δοθέντα
1821 5143 2152 5213 ἀποδοκιμα-

479 5218 691 5283 σθέντα,
715 5211 905 5272 τοῦτον
931 5219 987 5272 δέ
1012 5219 1404 5291 ἐγκεκριμένον
1433 5220 1597 5291 ὁρῶνο
1627 5223 1656 5274 6
1689 5221 1766 5285 δέ,
1798 5222 1983 5293 ἐπειδὴ
2015 5211 2151 5296 χρη-

481 5296 603 5359 στός
635 5298 750 5348 ἐστι
788 5299 882 5351 καὶ
927 5299 1196 5370 ἐπιεικής*
1223 5302 1251 5352 ό
1292 5299 1370 5363 δέ,
1412 5299 1598 5370 ἐπειδὴ
1631 5304 1743 5364 τοῖς
1781 5303 2153 5374 ἁμαρτάνουσι

479 5374 727 5445 φοϐερὸς,
757 5377 785 5427 6
811 5377 868 5428 δέ
898 5376 964 5429 δι’
993 5377 1158 5448 ἀλλην
1191 5379 1372 5432 αἰτίαν
1398 5380 1674 5451 τοιαύτην.
1707 5381 1840 5435 Οὐδὲ
1874 5383 1982 5454 γὰρ
2014 5385 2152 5437 ἀπο-

483 5454 635 5525 ροῦσι
665 5455 814 5526 [595]
847 5458 1170 5527 προφάσεων
1195 5499 1209 5522 ,
1237 5461 1377 5514 ὅσων
1409 5463 1474 5515 ἂν
1501 5461 1758 5516 ἐθέλωσιν
1777 5480 1789 5492 °
1818 5463 1954 5516 άλλά
1977 5465 2069 5517 καὶ
2093 5465 2154 5517 τὸ

480 5535 683 5604 πλῆθος
717 5535 823 5586 τῶν
857 5535 1026 5590 ὄντων
1059 5539 1206 5593 ἐστιν
1236 5543 1419 5606 αὐτοῖς
1445 5543 1718 5598 αἰτιᾶσθαι
1743 5544 1794 5610 ι),
1823 5545 1953 5599 ὅταν
1989 5544 2152 5616 μηδὲν

539 5749 558 5817 '_
581 5750 727 5817 SaAvil.
754 5760 809 5817 ιιι
830 5756 1024 5815 quidam
1060 5770 1175 5804 mss.
1202 5757 1360 5817 ἐπειδὴ
1390 5763 1594 5817 ἤκουσα.

545 5809 574 5848 1)
600 5815 693 5885 Alii
718 5809 1040 5885 αἰτιάσασθαι.
1064 5818 1170 5866 Mox
1195 5820 1314 5868 ἀλλά
1339 5809 1448 5882 ροἐι
1491 5809 1647 5885 ἕτερον
1683 5825 1824 5876 deest
1849 5826 1896 5874 in
1923 5825 2070 5875 Savil.
2095 5831 2148 5876 Ci

484 5875 666 5938 aliqqu
687 5889 802 5926 mss.
833 5877 885 5927 ιιι
916 5879 1035 5929 Mor.
1063 5893 1181 5929 vero
1204 5890 1256 5930 cl
1278 5875 1388 5932 aliis
1412 5875 1607 5946 logiiu'r.

1253 364 1312 424 S.
1351 363 1636 422 JOANNIS
1672 360 2168 421 CHRYSOSTOMI
2201 360 2517 419 ARCHIEP.
2555 363 3104 421 CONSTANTINOP.
3797 365 3828 415 τι

2243 481 2438 552 ἔχωσιν
2467 480 2670 554 ἕτερον.
2715 483 2874 536 Ἀλλά
2903 484 2996 538 καὶ
3022 483 3083 536 :6
3113 482 3188 554 μὴ
3212 482 3322 537 δεῖν
3361 481 3582 554 ἀθρόως
3609 481 3687 544 εἰς
3715 483 3828 535 ταῦτ

2239 561 2466 632 ἄγεσθαι
2498 563 2596 633 τὴν
2626 562 2812 634 τιμὴν,
2855 563 2969 618 ἀλλ’
3009 564 3194 636 ἠρέμα
3236 563 3330 616 καὶ
3367 563 3513 616 κατά
3560 562 3766 632 μικρὸν,
3803 581 3830 616 κ

2241 642 2454 713 ἐτέρας,
2490 642 2622 706 ὅσας
2656 643 2721 696 ἂν
2760 643 3078 714 βούλωνται,
3121 644 3354 698 δύναιντ’
3384 644 3452 697 ἂν
3485 642 3680 702 αίτίας
3714 645 3830 714 εὐρεῑ

2254 721 2393 788 Ἐγὼ
2414 722 2470 774 δέ
2493 723 2662 794 ἡδέως
2691 723 2923 778 ἐνταῦθα
2950 726 3240 796 ἐρήσομαι,
3267 725 3333 776 Τί
3353 720 3448 778 οὖν
3477 724 3561 777 δεῖ
3583 723 3677 776 τὸν
3701 725 3830 777 ἐπίπ

2243 819 2342 855 πον
2375 807 2569 868 ποιεῖν,
2608 805 2884 869 τοσούτοις
2928 805 3232 876 μαχόμενον
3268 806 3580 877 πνεύμασι;
3633 805 3742 866 πῶς
3775 823 3830 876 πρ

2241 880 2480 936 τοσαῦτα
2501 884 2757 954 στήσεται
2778 887 2842 939 κύ
2851 903 3026 957 ματα;
3057 886 3175 950 πῶς
3203 886 3384 949 πάσας
3402 883 3616 947 ταύτας
3641 884 3831 940 άπιὶιτετ

2241 959 2339 1022 τάς
2370 962 2704 1031 προσϐολάς;
2748 967 2842 1020 Ἂν
2876 967 2972 1037 μὲν
2998 966 3106 1038 γάρ
3133 965 3279 1037 ὀρθῷ
3303 964 3558 1035 λογισμῷ
3589 965 3652 1017 τὸ
3687 968 3832 1034 πρᾶτί

2240 1039 2392 1111 διαθῇ
2419 1052 2466 1105 υ,
2498 1043 2680 1114 ἐχθροὶ
2704 1047 2798 1099 καὶ
2826 1046 3070 1117 πολέμιοι
3087 1046 3181 1100 καὶ
3197 1046 3346 1117 αὐτῷ
3365 1046 3602 1108 καὶτοῖς
3629 1046 3832 1115 αἱρεθεῖε

2241 1117 2497 1184 ἅπαντες,
2522 1123 2614 1174 καὶ
2635 1123 2768 1194 πρὸς
2789 1125 3117 1194 φιλονεικίαν
3145 1126 3242 1197 τὴν
3263 1128 3477 1181 ἐκείνου
3501 1127 3722 1180 ἅπαντα
3745 1130 3831 1197 πρά

2240 1215 2413 1277 τουσι,
2440 1201 2657 1266 στάσεις
2673 1205 2794 1258 καθ’
2814 1207 3049 1277 ἐκάστην
3065 1206 3425 1277 ἐμϐάλλοντες
3441 1206 3546 1276 τὴν
3574 1205 3792 1276 ἡμέραν,
3807 1225 3831 1259 ιι

2242 1276 2548 1350 σκώμματα
2579 1284 2746 1355 μυρία
2781 1288 2890 1350 τοῖς
2924 1276 3217 1357 αἱρεθεῖσιν
3251 1286 3613 1348 ἐπιτιθέντες,
3659 1285 3755 1346 ἕως
3784 1286 3832 1336 ἂν

2241 1357 2459 1438 τούτους
2477 1362 2823 1438 ἐκϐάλωσινῆ
2841 1367 2964 1431 τοὺς
2982 1368 3161 1422 αὐτῶν
3177 1365 3574 1436 είσαγάγωσιν.
3598 1366 3833 1431 Καὶγὶνετ

2243 1440 2641 1512 παραπλήσιον,
2669 1439 2780 1497 οἷον
2810 1446 2875 1499 ἂν
2896 1446 3048 1509 εἴτις
3064 1446 3402 1518 κυϐερνήτης
3420 1444 3573 1498 ἔνδον
3593 1446 3652 1496 ἐν
3669 1447 3729 1513 τῇ
3747 1445 3834 1510 νηῒτ

2243 1519 2477 1592 πλεούσῃ
2519 1525 2782 1594 πειρατὰς
2809 1525 2920 1596 ἔχοι
2948 1526 3339 1598 συμπλέοντας,
3373 1527 3468 1580 καὶ
3507 1524 3666 1594 αὐτῷ
3694 1529 3772 1575 καὶ
3795 1542 3833 1575 τι

2243 1599 2464 1664 ναύταις
2488 1603 2582 1656 καὶ
2622 1609 2733 1670 τοῖς
2768 1608 3054 1673 ἐπιϐάταις
3096 1607 3334 1678 συνεχῶς
3373 1607 3469 1661 καὶ
3507 1607 3640 1659 καθ’
3687 1607 3835 1658 ἐκάη

2242 1677 2694 1749 ἐπιϐουλεύοντας
2723 1685 2888 1757 ὥραν.
2929 1690 3026 1742 Ἂν
3061 1688 3116 1742 δὲ
3149 1677 3255 1761 τὴν
3288 1687 3427 1761 πρὸς
3470 1687 3719 1748 ἐκείνους
3753 1689 3835 1753 ΙΨ

2245 1762 2554 1840 προτιμήσῃ
2587 1765 2684 1834 τῆς
2709 1766 2876 1820 αὐτοῦ
2906 1770 3202 1840 σωτηρίας,
3223 1769 3516 1839 δεξάμενος
3536 1767 3641 1830 οὓς
3665 1767 3754 1818 οὐκ
3777 1767 3835 1816 EE:

2243 1838 2353 1922 ἓξξι
2391 1842 2489 1922 μέν
2531 1843 2622 1896 τὸν
2647 1845 2779 1899 Θεὸν
2807 1847 2922 1901 ἀντ’
2945 1838 3168 1903 ἐκείνων
3195 1838 3407 1922 ἐχθρόν’
3441 1845 3504 1903 οἶ,
3533 1848 3596 1901 τί
3631 1846 3798 1915 γένοιτ’
3823 1845 3836 1897 1

2245 1921 2622 1993 χαλεπώτερον
2642 1943 2656 1990 ;
2687 1927 2780 1980 καὶ
2802 1927 2872 1980 τά
2894 1929 3030 2000 πρὸς
3061 1921 3304 1994 ἐκείνους
3327 1930 3386 1983 δέ
3407 1928 3561 2000 αὐτῷ
3584 1925 3836 1980 aucto-Mn:

2249 2017 2338 2071 ρον
2361 2001 2394 2072 ἦ
2416 2003 2679 2075 πρότερον
2699 2005 3051 2074 διακείσεται,
3081 2007 3299 2062 πάντων
3329 2007 3783 2079 συμπραττόντων
3799 2005 3838 2054 :‘xJ

2243 2078 2442 2151 λήλοις,
2497 2083 2591 2135 καὶ
2626 2084 2801 2156 τούτῳ
2838 2085 3037 2156 μᾶλλον
3069 2087 3306 2158 ἰσχυρῶν
3334 2078 3674 2157 γενομένων.
3707 2085 3837 2135 Ὠςτε

2243 2160 2350 2231 γάρ
2370 2162 2578 2234 ἀγρίων
2599 2163 2814 2233 ἀνέμων
2834 2164 2893 2230 ἐξ
2914 2167 3162 2230 ἐναντίας
3193 2168 3624 2238 προσπεσόντων
3650 2164 3838 2231 ἁλλῄὶπ

2243 2241 2304 2292 :6
2330 2241 2467 2306 τέως
2491 2243 2758 2314 ἡσυχάζον
2785 2244 3019 2314 πέλαγος
3053 2246 3302 2317 μαίνεται
3337 2245 3604 2315 ἐξαίφνης
3632 2244 3719 2295 καὶ
3743 2260 3837 2310 κοιλ

2247 2319 2459 2387 φοῦται,
2485 2324 2577 2376 καὶ
2601 2325 2728 2386 τοὺς
2755 2324 3090 2395 ἐμπλέοντας
3120 2326 3435 2379 ἀπόλλυσιν·
3469 2325 3620 2377 οῦτω
3651 2325 3778 2389 καὶή
3798 2323 3840 2390 τῆ

2259 2398 2582 2471 Ἐκκλησίας
2632 2402 2862 2476 γαλήνη,
2920 2405 3188 2476 δεξαμένη
3236 2401 3518 2477 φθόρουςδ
3573 2403 3840 2472 ἀνθρώπεις

2246 2479 2413 2552 ζάλης
2446 2483 2539 2536 κειιῖ⁸
2567 2483 2839 2553 ναυαγίων
2872 2484 3171 2557 πληροῦται
3197 2486 3429 2539 πολλῶν.

2237 2687 2242 2691 ς
2319 2655 2412 2713 ις’.
2441 2649 2718 2724 Ἐννόησον
2742 2649 2856 2721 οῦν,
2881 2653 3061 2708 ὁποῖόν
3089 2671 3210 2707 τινα
3243 2650 3381 2708 εἶναι
3410 2653 3519 2724 χρὴ
3549 2652 3642 2705 τὸν
3669 2650 3784 2721 7:96;
3807 2666 3839 2699 τι

2245 2727 2434 2783 σοῦτον
2469 2730 2728 2800 μέλλοντα
2755 2732 3000 2800 ἀνθέξειν
3032 2735 3304 2805 χειμῶνα,
3338 2734 3432 2786 καὶ
3473 2731 3709 2786 τοσαῦτα
3737 2729 3842 2781 καλὲ

2248 2825 2393 2878 ματα
2418 2811 2527 2864 τῶν
2550 2815 2701 2884 κοινῇ
2733 2813 3118 2884 συμφερόντων
3147 2811 3422 2883 διαθήσειν
3451 2811 3657 2874 καλῶς.
3681 2810 3774 2862 Καὶ
3792 2809 3841 2874 τὲ

2245 2889 2338 2942 καὶ
2368 2891 2562 2960 σεμνὸν
2608 2893 2703 2945 καὶ
2749 2893 2974 2962 ἄτυφον,
3005 2894 3099 2946 καὶ
3127 2891 3358 2963 φοϐερὸν
3392 2893 3489 2944 καὶ
3520 2889 3770 2961 προσηνῆ,
3802 2905 3842 2938 τι

2245 2971 2472 3042 ἀρχικὸν
2526 2973 2620 3025 καὶ
2665 2973 3001 3038 κοινωνικὸν,
3056 2973 3151 3027 καὶ
3179 2973 3474 3037 ἀδέκαστον
3514 2971 3612 3024 καὶ
3645 2970 3841 3039 θεριπεν

2243 3051 2414 3113 τικὸν,
2451 3052 2545 3104 καὶ
2581 3051 2836 3105 ταπεινὸν
2889 3053 2986 3106 καὶ
3025 3052 3344 3116 ἀδούλωτον,
3400 3052 3496 3104 καὶ
3547 3051 3762 3122 σφοδρὸν
3803 3069 3842 3100 ιιι

2243 3131 2450 3202 ἥμερον
2478 3129 2616 3185 εἶναι
2641 3131 2738 3199 δεῖ,
2772 3133 2860 3186 ἵνα
2892 3132 3028 3204 πρὸς
3054 3134 3272 3188 ἅπαντα
3298 3131 3474 3187 ταῦτα
3496 3131 3730 3194 εὐκόλως
3751 3132 3844 3199 pira

2248 3213 2372 3266 σθαι
2412 3213 2636 3285 δύνηται
2662 3232 2676 3244 ·
2723 3215 2818 3268 καὶ
2847 3217 2936 3269 τὸν
2967 3215 3277 3284 ἐπιτήδειον
3303 3216 3385 3268 δεῖ
3411 3214 3554 3286 μετά
3583 3214 3772 3280 πολλῆς
3798 3213 3843 3278 ti

2247 3293 2514 3360 ἐξουσίας,
2547 3295 2652 3349 κᾶν
2682 3294 2918 3359 ἅπαντες
2955 3294 3338 3358 ἀντιπίπτωσι,
3382 3296 3676 3366 παράγεινσ
3705 3294 3783 3346 καὶ
3804 3295 3843 3342 τι

2247 3375 2308 3426 οὐ
2335 3374 2574 3428 τοιοῦτον
2611 3376 2749 3446 μετά
2778 3377 2875 3444 τῆς
2898 3375 3069 3445 αὐτῆς
3093 3375 3361 3442 ἐξουσίας,
3395 3375 3501 3429 κᾶν
3525 3376 3754 3435 ἅπαντες
3775 3391 3844 3440 πμ

2247 3455 2470 3519 πνέωσι,
2514 3455 2587 3527 μὴ
2618 3455 2958 3528 προσίεσθαι,
2993 3455 3106 3509 ἀλλ’
3139 3457 3219 3520 είς
3251 3456 3310 3508 ἐν
3345 3455 3508 3526 μόνον
3539 3457 3672 3526 όρᾷν
3694 3456 3778 3524 τὴν

2248 3534 2644 3607 κλησιαστικὴν
2673 3535 2958 3607 οἰκοδομὴν
2983 3551 3027 3599 ο,
3057 3537 3152 3589 καὶ
3188 3535 3352 3606 μηδὲν
3388 3535 3526 3606 πρὸς
3553 3536 3843 3604 ἀπέχθειαν

2247 3615 2408 3686 χάριν
2438 3617 2632 3668 ποιεῖν.
2678 3611 2827 3687 Ἀρά
2868 3633 2950 3669 σοι
2995 3614 3258 3686 δοκοῦμεν
3303 3615 3531 3678 εἰκότως
3567 3613 3843 3686 ﬁlatim

2246 3693 2339 3747 τοῦ
2374 3693 2699 3766 πράγματος
2737 3693 2929 3748 τούτου
2967 3695 3066 3766 τὴν
3099 3695 3406 3760 διακονίαν;
3447 3695 3646 3748 Καίτοι
3673 3711 3731 3761 γε
3755 3692 3843 3745 05:

2249 3775 2423 3829 πάντα
2447 3775 2658 3846 διῆλθον
2679 3775 2815 3848 πρὸς
2838 3775 2917 3828 σέ·
2943 3775 3052 3844 ἐχω
3079 3774 3189 3846 γὰρ
3215 3776 3311 3829 καὶ
3330 3775 3496 3845 ἕτερα
3516 3774 3713 3842 λέγειν.

2252 3855 2325 3925 μὴ
2357 3855 2648 3927 ἀποκάμῃς
2675 3855 2870 3926 ἀνδρὸς
2899 3854 3054 3924 φίλου
3084 3854 3178 3908 καὶ
3212 3854 3458 3924 γνησίου,
3498 3852 3797 3922 βουλομένω
3825 3867 3843 3900 :

2250 3934 2456 3987 πείθειν
2485 3935 2625 4007 ὑπὲρ
2655 3928 2730 3990 ὦν
2772 3934 3044 4004 ἐγκαλεῖς,
3090 3933 3437 4004 ἀνεχόμενος·
3470 3932 3590 3986 οὐδὲ
3633 3933 3736 4000 γάρ
3769 3931 3843 3994 πρὸ

2247 4017 2344 4088 τήν
2373 4016 2667 4084 ἀπολογίαν
2691 4034 2775 4069 σοι
2802 4015 2899 4087 τὴν
2926 4015 3066 4086 ὑπὲρ
3098 4013 3256 4084 ήμῶν
3282 4013 3456 4067 ταῦτα
3483 4015 3728 4085 χρήσιμά
3747 4016 3834 4066 ἐπι

2251 4098 2432 4166 μόνον,
2456 4095 2593 4150 ἀλλά
2617 4097 2713 4149 καὶ
2735 4097 2872 4168 πρὸς
2897 4095 3066 4165 αὐτὴν
3094 4092 3190 4146 τοῦ
3219 4091 3548 4163 πράγματος
3572 4095 3673 4164 τὴν
3703 4095 3841 4156 διαίτῃ

2249 4198 2332 4234 σιν
2367 4181 2509 4250 τάχα
2533 4180 2591 4232 οὐ
2619 4180 2814 4251 μικρὸν
2846 4178 3201 4250 συμϐαλεῖται
3227 4177 3437 4248 κέρδος.
3470 4177 3582 4230 Καὶ
3615 4179 3719 4248 γὰρ
3746 4179 3843 4242 iw;

2247 4265 2424 4328 καῖον,
2457 4261 2549 4314 τὸν
2589 4260 2853 4331 μέλλοντα
2890 4261 2984 4314 ἐπὶ
3018 4261 3222 4332 ταύτην
3255 4258 3514 4330 ἔρχεσθαι
3547 4258 3640 4311 τοῦ
3675 4259 3774 4327 βίον
3798 4277 3843 4322 ττ

2247 4341 2366 4394 ὁδὸν
2416 4340 2681 4412 πρότερον
2723 4340 2939 4394 ἅπαντα
2979 4339 3466 4410 διερευνησάμενον
3504 4337 3701 4401 καλῶς,
3738 4337 3843 4388 0522.:

2248 4420 2488 4490 ἅψασθαι
2521 4421 2621 4490 τῆς
2648 4420 2943 4484 διακονίας.
2973 4419 3038 4472 Τί
3068 4420 3304 4489 δήποτε;
3344 4417 3485 4479 Ὅτι,
3527 4418 3574 4470 εἰ
3620 4418 3708 4470 καὶ
3741 4415 3843 4486 ειτέ

2250 4500 2400 4573 [596]
2430 4501 2575 4566 ἄλλο,
2597 4500 2658 4552 τὸ
2684 4499 2814 4569 γοῦν
2837 4501 2911 4572 μὴ
2933 4497 3260 4566 ξενοπαθεῖν,
3289 4495 3453 4565 ήνίκα
3471 4495 3538 4549 ἄν
3555 4497 3718 4550 ταῦτα
3737 4509 3844 4573 παι

2251 4572 2444 4654 πίπτῃ,
2476 4579 2761 4652 περιέσται
2786 4578 2864 4649 τῷ
2888 4579 3066 4632 πάντα
3087 4577 3248 4630 εἰδότι
3273 4576 3479 4645 σαφῶς.
3503 4576 3686 4630 Βούλει
3705 4572 3781 4628 οὖν
3797 4573 3844 4624 ἐτ

2247 4661 2346 4731 τὴν
2379 4660 2566 4732 χηρῶν
2598 4658 2934 4729 προστασίαν
2960 4657 3130 4728 ίωμεν
3149 4657 3435 4728 πρότερον,
3458 4656 3492 4726 ἢ
3517 4656 3616 4727 τὴν
3636 4657 3734 4709 τῶν
3757 4671 3844 4722 περ

2249 4739 2416 4793 θένων
2450 4738 2799 4809 κηδεμονίαν,
2838 4737 2872 4808 ἢ
2903 4737 2996 4790 τοῦ
3027 4735 3343 4790 δικαστικοῦ
3373 4735 3574 4805 μέρους
3601 4738 3695 4806 τὴν
3716 4735 3843 4800 διεῖχε·

2250 4835 2436 4888 ρειαν;
2464 4817 2557 4872 καὶ
2586 4817 2695 4890 γάρ
2725 4817 2809 4886 ἐφ’
2840 4817 3068 4871 ἐκάστου
3097 4817 3303 4870 τούτων
3333 4816 3586 4886 διάφορος
3608 4819 3640 4884 ή
3669 4817 3843 4885 φροντὶς

2248 4899 2342 4951 καὶ
2365 4898 2466 4967 τῆς
2493 4896 2773 4970 φροντίδος
2806 4895 3006 4967 μείζων
3032 4898 3060 4949 ὁ
3090 4896 3272 4965 φόϐος.
3300 4895 3411 4947 Καὶ
3432 4896 3666 4966 πρῶτον,
3691 4896 3764 4945 ἱνα
3783 4893 3843 4943 αα

2247 4979 2341 5031 τοῦ
2378 4978 2486 5032 τῶν
2524 4978 2697 5032 ἄλλων
2745 4975 3126 5046 εὐτελεστέρου
3168 4975 3455 5038 δοκοῦντος
3495 4971 3631 5029 εἶναι
3671 4989 3843 5040 ποιηας·

2251 5058 2389 5129 μεθα
2436 5059 2531 5130 τὴν
2585 5059 2781 5130 ἀρχὴν,
2831 5060 2865 5128 ὴ
2917 5057 3025 5110 τῶν
3073 5055 3256 5126 χηρῶν
3311 5055 3583 5126 Θεραπεία
3627 5056 3757 5107 δοκεῖ
3790 5067 3843 5119 με

2251 5141 2412 5211 μέχρι
2462 5141 2560 5209 τῆς
2603 5141 2709 5193 τῶν
2750 5139 3048 5210 χρημάτων
3099 5136 3345 5207 δαπάνης
3400 5140 3514 5200 τοῖς
3563 5133 3843 5204 ﬁngam?

2248 5240 2359 5286 νοις
2395 5221 2574 5276 αὐτῶν
2615 5219 2879 5291 παρέχειν
2917 5218 3015 5288 τὴν
3060 5216 3336 5289 φροντίδαο
3377 5217 3440 5269 τὸ
3478 5216 3536 5270 δέ
3578 5217 3634 5268 οὐ
3673 5213 3836 5266 70:03:.

2249 5307 2420 5369 ἐστιν,
2465 5301 2602 5356 ἀλλά
2642 5301 2842 5371 πολλῆς
2880 5299 3048 5352 δεῖται
3074 5301 3097 5338 ε
3140 5295 3419 5351 κάνταῦθα
3461 5297 3560 5367 τῆς
3598 5296 3843 5361 ἐξετάςεες

2312 5575 2334 5605 ο
2363 5573 2458 5622 Alii
2483 5573 2714 5629 διαθῆται.

2312 5635 2676 5698 ἀΑΙὶἱᾼφθορεῐς.
2967 5695 2975 5698 _
3145 5691 3158 5698 .
3223 5691 3238 5698 ᾳ
3328 5692 3337 5698 _
3449 5692 3462 5698 _
3533 5691 3552 5698 Α
3629 5689 3636 5698 _

2313 5700 2336 5759 (ἶ
2361 5691 2508 5744 εθνίιζ
2537 5691 2799 5759 ρὶηιιὶᾶειῐὶ
2825 5695 3014 5759 οιὶἱ-τήν
3037 5698 3119 5748 τῆς
3141 5691 3397 5759 ἐκκλησίας
3414 5691 3680 5759 ρίκοδομῄν.
3730 5743 3812 5759 ,Ἥ

2316 5757 2334 5794 ¹’
2363 5759 2471 5806 Sav.
2495 5747 2710 5816 culi-qui
2732 5759 2884 5818 ἔσται,
2913 5747 3031 5804 Mdr.
3055 5762 3106 5802 cl
3135 5753 3219 5802 alii
3261 5755 3380 5802 ἔστι.
3414 5753 3521 5802 Mox
3545 5747 3621 5800 alii
3645 5747 3843 5806 σνιιόάὶῖἀ

2253 5840 2347 5876 ται,
2368 5823 2447 5869 alii
2474 5820 2795 5878 συμϐαλεῖται.

2318 5887 2343 5925 8
2363 5884 2457 5934 Alii
2477 5882 2561 5930 δεῖ.
