3864 6236
84 378 187 434 653

82 496 277 552 divina
303 494 359 549 in
381 508 480 549 nos
500 493 592 549 irae
620 506 870 557 causam,
891 491 1016 547 dum
1040 504 1126 545 res
1154 498 1261 544 tam
1285 501 1464 543 sacras
1485 528 1498 551 ,
1528 486 1663 542 adeo

84 588 388 645 tremendas
419 588 721 643 hominibus
746 594 856 641 tum
884 584 1140 653 improbis
1159 623 1175 648 ,
1199 592 1308 636 tum
1337 580 1564 650 indignis
1588 580 1665 634 la-

80 680 428 737 befactandas
462 679 756 734 tradimus?
784 677 1006 744 Quando
1044 675 1185 731 enim
1216 674 1305 729 alii
1343 688 1519 727 rerum
1564 671 1666 726 sibi

81 774 304 827 minime
340 772 765 827 convenientium
792 812 806 835 ,
835 771 921 823 alii
966 769 1133 823 multo
1176 767 1434 836 majorum
1459 805 1473 829 ,
1506 780 1665 835 quam

92 866 221 919 tires
250 865 442 929 ferant,
468 864 835 933 prmfeeturam
865 862 1149 929 accipiunt,
1180 861 1214 914 ii
1234 868 1382 914 certe
1406 859 1663 926 efﬁciunt,

80 966 135 1008 ut
166 955 406 1011 Ecclesia
437 956 561 1009 nihil
590 956 657 1009 ab
686 954 883 1023 Euripo
906 952 1135 1007 differat.

154 1050 413 1120 Equidem
443 1049 587 1119 prius
615 1058 826 1102 exteros
854 1047 1116 1116 principes
1144 1045 1450 1100 deridebam
1475 1086 1489 1108 ,
1518 1043 1664 1114 quod

80 1141 130 1194 in
176 1140 438 1195 honorum
467 1140 861 1209 dispensatione
906 1153 1009 1192 non
1054 1137 1216 1191 animi
1254 1137 1539 1201 virtutem,
1570 1134 1666 1190 sed

83 1233 336 1302 pecunias
363 1242 416 1286 et
442 1247 701 1285 annorum
732 1244 1007 1284 numerum
1033 1236 1087 1282 et
1115 1228 1403 1297 humanum
1432 1228 1665 1297 patroci-

86 1325 228 1377 nium
254 1333 584 1393 spectarent;
616 1323 703 1377 ubi
730 1331 905 1376 autem
934 1320 1106 1375 audivi
1131 1320 1266 1374 hanc
1285 1320 1665 1375 absurditatem

83 1418 134 1469 in
166 1426 378 1470 nostras
406 1417 565 1470 etiam
611 1431 697 1469 res
733 1415 1051 1470 debacchari
1076 1457 1091 1482 ,
1134 1415 1336 1470 facinus
1366 1415 1665 1484 hujusmodi

84 1524 187 1562 non
212 1508 436 1577 perinde
456 1524 619 1579 grave
642 1510 810 1562 visum
832 1516 932 1563 est.
961 1507 1097 1575 Quid
1118 1508 1257 1562 enim
1284 1509 1473 1562 mirum
1496 1508 1541 1562 si
1560 1523 1665 1562 sa:-

81 1602 294 1656 eulares
316 1602 577 1667 homines,
601 1602 909 1671 popularem
931 1616 1115 1655 auram
1132 1610 1405 1667 venantes,
1429 1601 1667 1671 pecuni:e

80 1707 242 1746 causa
268 1692 397 1746 nihil
429 1708 535 1747 non
560 1703 776 1762 agentes
795 1734 809 1757 ,
849 1692 901 1746 in
930 1692 1230 1761 hujusmodi
1260 1692 1383 1746 vitia
1418 1708 1665 1761 prorum-

79 1793 227 1852 pant,
251 1784 465 1854 quando
490 1785 544 1848 ii,
574 1785 662 1855 qui
690 1799 747 1839 se
775 1784 843 1838 ab
870 1785 934 1839 iis
958 1785 1205 1839 omnibus
1233 1784 1430 1839 liberos
1450 1799 1569 1839 esse
1592 1785 1667 1839 si-

79 1876 290 1929 mulant
310 1917 325 1942 ,
359 1875 524 1930 nihilo
561 1876 750 1930 melius
776 1891 934 1945 quam
982 1876 1057 1929 illi
1086 1884 1209 1930 sunt
1233 1876 1427 1941 aﬂ'ecti,
1456 1875 1551 1931 sed
1576 1876 1667 1931 ubi

81 1966 151 2020 de
173 1966 480 2021 caelestibus
499 1976 768 2022 certamen
797 1975 899 2034 est,
926 1968 1148 2037 perinde
1176 1978 1333 2037 atque
1356 1970 1400 2022 si
1422 1968 1488 2023 de
1510 1977 1665 2023 teme

75 2055 356 2125 iugeribus
391 2067 481 2112 aut
517 2058 620 2111 alio
645 2056 891 2127 quopiam
921 2059 1077 2113 simili
1108 2058 1512 2124 deliberaretur,
1540 2075 1665 2129 gre-

86 2141 277 2208 garios
330 2140 573 2194 homines
626 2142 831 2195 talibus
877 2142 1177 2211 praeficiunt
1212 2144 1378 2200 rebus
1424 2161 1654 2215 quarum

83 2246 254 2286 causa
286 2233 595 2300 unigenitus
618 2232 707 2286 Dei
726 2232 897 2286 Filius
926 2233 1152 2302 gloriam
1184 2250 1448 2293 evacuare
1476 2253 1653 2307 suam,

83 2323 252 2375 homo
269 2323 407 2387 fieri,
422 2323 562 2377 servi
582 2323 810 2377 formam
827 2326 1072 2393 accipere
1095 2326 1348 2399 (Philipp.
1371 2331 1507 2401 2.7),
1525 2347 1658 2388 con-

80 2415 231 2483 spui,
255 2414 498 2483 colaphis
519 2416 651 2470 czedi
678 2415 897 2486 (Matth.
918 2418 1006 2472 26.
1029 2418 1141 2487 67),
1157 2431 1380 2477 mortem
1403 2426 1655 2495 turpissi-

77 2521 225 2559 mam
240 2506 395 2561 obire
405 2522 511 2560 non
525 2509 824 2562 recusavit?
836 2508 1017 2578 Neque
1028 2510 1115 2564 hic
1129 2519 1308 2567 tamen
1324 2516 1649 2583 consistunt,

78 2599 174 2652 sed
189 2600 299 2651 alia
325 2600 530 2654 addunt
545 2601 867 2655 absurdiora
884 2621 897 2656 :
918 2617 1025 2655 non
1044 2605 1187 2657 enim
1207 2605 1457 2676 indignos
1476 2609 1651 2661 solum

75 2688 349 2757 deligunt,
370 2690 463 2743 sed
477 2691 637 2745 etiam
656 2690 879 2747 idoneos
896 2692 1175 2761 dejiciunt.
1191 2694 1324 2750 Nam
1342 2698 1496 2766 quasi
1514 2712 1651 2769 epus

76 2785 223 2829 esset
262 2776 515 2832 Ecclesia:
554 2781 893 2836 securitatem
923 2784 1189 2855 utrimque
1230 2787 1569 2854 labefactari,
1600 2805 1665 2845 ac

76 2883 238 2921 causa
270 2868 359 2922 illa
387 2870 529 2938 prior
555 2888 661 2925 non
691 2873 959 2929 sufficeret
988 2875 1054 2929 ad
1081 2877 1210 2931 iram
1241 2878 1332 2933 Dei
1361 2881 1661 2936 accenden-

75 2956 222 3020 dam,
243 2958 315 3011 ita
331 2959 550 3013 alteram
564 2961 815 3019 addidere
834 2980 938 3018 non
953 2966 1125 3020 minus
1141 2968 1513 3035 perniciosam.
1532 2970 1660 3026 Ete-

79 3048 188 3100 nim
206 3049 431 3116 perinde
453 3052 807 3119 perniciosum
826 3070 942 3110 esse
958 3066 1084 3126 puto
1103 3059 1257 3115 utiles
1276 3075 1481 3127 arcere,
1504 3072 1664 3133 atque

74 3139 297 3197 inutiles
325 3142 684 3200 introducere.
719 3146 774 3201 ld
799 3158 977 3203 autem
1016 3150 1135 3205 ideo
1163 3153 1353 3221 agitur,
1387 3164 1443 3209 ut
1466 3153 1660 3211 Christi

74 3233 215 3285 ovile
249 3234 396 3287 nulla
437 3251 501 3289 ex
552 3245 701 3306 parte
738 3240 1155 3297 consolationem
1198 3246 1434 3301 invenire
1462 3256 1553 3301 aut
1577 3263 1663 3303 re-

72 3326 284 3393 spirare
310 3328 497 3383 valeat.
528 3328 652 3385 Haec
681 3346 857 3388 nonne
883 3335 1115 3389 millibus
1138 3337 1293 3407 digna
1321 3339 1664 3397 fulminibus?

74 3416 192 3470 haec
215 3434 393 3474 nonne
423 3420 804 3479 vehementiori
830 3426 989 3481 etiam
1022 3428 1259 3497 gehenna
1281 3471 1296 3497 ,
1320 3448 1475 3502 quam
1497 3448 1663 3490 saerze

70 3509 245 3564 literae
272 3514 698 3571 comminentur?
736 3520 983 3575 Attamen
1013 3521 1129 3577 hare
1154 3524 1292 3578 mala
1320 3526 1545 3583 sustinet
1572 3544 1664 3598 pa-

72 3602 313 3672 titurque
342 3606 430 3674 qui
456 3622 561 3662 non
586 3609 696 3663 vult
722 3622 947 3666 mortem
986 3617 1310 3682 peccatoris,
1338 3620 1430 3673 sed
1457 3630 1514 3675 ut
1538 3635 1665 3676 eon-

71 3704 317 3750 vertatur
336 3706 391 3751 et
410 3699 551 3754 vivat
576 3700 801 3771 (Ezech.
836 3705 923 3759 18.
949 3705 1040 3761 εδ.
1072 3717 1118 3760 ει
1141 3708 1229 3763 53.
1254 3711 1314 3763 il
1338 3711 1377 3781 ).
1398 3711 1535 3779 Quis
1557 3728 1663 3768 non

71 3786 196 3855 ejus
224 3788 562 3845 clementiam
592 3792 921 3850 admiretur?
946 3797 1065 3866 quis
1088 3813 1194 3852 non
1220 3799 1335 3870 ejus
1359 3802 1659 3858 misericor-

72 3879 221 3934 diam
260 3885 503 3950 stupeat?
547 3884 649 3953 Ipsi
678 3885 963 3941 Christiani
993 3903 1055 3942 ea
1078 3929 1094 3955 ,
1124 3906 1242 3959 qua:
1269 3891 1464 3946 Christi
1503 3904 1661 3961 sunt,

74 3970 198 4038 plus
223 3987 384 4040 quam
411 3973 591 4031 hostes
617 3986 670 4032 et
706 3978 902 4033 inimici
932 3981 1277 4048 pessumdant
1303 3999 1316 4035 :
1345 3992 1399 4038 at
1428 3985 1517 4041 ille
1561 3986 1661 4042 ho-

71 4077 177 4115 nus
209 4062 387 4118 adhuc
418 4064 794 4136 benignitatem
840 4070 1092 4139 praefert,
1125 4080 1179 4127 et
1203 4072 1270 4127 ad
1299 4076 1664 4143 ptenitentiam

72 4157 255 4214 vocat,
289 4148 472 4205 Gloria
499 4152 609 4212 tibi.
646 4154 866 4210 Domine
886 4198 900 4222 ,
928 4157 1095 4227 gloria
1133 4159 1226 4213 tibi
1259 4178 1272 4213 :
1304 4170 1497 4231 quanta
1525 4166 1663 4234 apud

74 4249 126 4294 te
154 4240 463 4297 clementiae
492 4245 743 4316 abyssus!
775 4257 1001 4317 quantus
1028 4251 1319 4308 tolerantiae
1346 4254 1659 4313 thesaurus!

70 4334 179 4401 Qui
212 4351 310 4405 per
337 4352 530 4392 nomen
564 4347 708 4394 tuum
738 4356 803 4395 ex
834 4342 1153 4411 ignobilibus
1191 4355 1244 4400 et
1270 4346 1511 4404 obscuris
1532 4351 1663 4405 clari

68 4436 125 4479 et
172 4429 453 4498 conspicui
495 4431 757 4499 evadunt,
790 4433 992 4488 honore
1032 4436 1125 4490 illo
1167 4448 1351 4493 contra
1392 4438 1662 4494 honoran-

68 4526 183 4571 tem
214 4532 273 4572 se
301 4530 550 4587 utuntur,
575 4530 628 4575 et
653 4537 758 4575 non
798 4524 1037 4579 audenda
1075 4526 1307 4593 audent,
1340 4538 1520 4584 sancta
1537 4546 1664 4585 con-

70 4612 317 4667 tumeliis
337 4613 591 4680 afficiunt,
619 4617 815 4685 probos
836 4619 1095 4687 repellunt
1118 4628 1172 4673 et
1195 4620 1432 4690 ejiciunt,
1452 4633 1509 4677 ut
1524 4626 1665 4693 quie-

69 4714 124 4759 te
156 4711 220 4760 et
246 4720 367 4759 cum
390 4721 596 4763 summa
619 4710 829 4764 licentia
860 4714 1169 4781 nequissimi
1196 4715 1371 4769 omnia
1404 4732 1499 4786 pro
1516 4718 1663 4774 libito

68 4801 395 4869 subvertere
412 4802 633 4868 possint.
658 4803 820 4873 Cujus
838 4806 961 4859 mali
982 4820 1169 4861 causas
1188 4808 1233 4861 si
1254 4808 1491 4865 ediscere
1510 4812 1659 4877 velis,

72 4892 198 4945 illas
226 4891 497 4960 prioribus
522 4894 720 4948 similes
750 4897 984 4964 reperies
1008 4912 1019 4949 :
1044 4898 1275 4953 radicem
1302 4901 1441 4954 enim
1467 4943 1481 4965 ,
1514 4902 1625 4957 sive
1645 4943 1661 4968 ,

69 4988 130 5034 ut
156 4982 230 5034 ita
253 4981 454 5057 dicam,
484 4992 709 5039 matrem
740 5002 897 5040 uuam
929 4987 1143 5054 habent,
1174 4990 1441 5046 invidiam.
1469 4993 1662 5047 Earum

68 5083 253 5127 autem
298 5090 407 5128 non
440 5090 540 5129 una
574 5086 775 5130 tantum
804 5078 1007 5146 species
1030 5088 1145 5143 est,
1170 5080 1263 5134 sed
1289 5081 1536 5137 diversre.
1569 5084 1664 5140 ilic

71 5166 242 5229 enim,
270 5165 444 5229 aiunt,
469 5168 591 5233 quia
608 5167 819 5236 juvenis
839 5178 941 5235 est,
966 5170 1234 5239 ejiciatur;
1268 5172 1374 5236 ille,
1402 5174 1522 5241 quia
1542 5174 1665 5229 adu-

70 5255 171 5307 lari
208 5258 413 5321 nescit;
448 5258 583 5311 alius
603 5300 617 5321 ,
660 5261 779 5328 quia
808 5261 859 5313 in
889 5261 1181 5331 cujuspiam
1208 5264 1552 5320 offensionem
1581 5266 1663 5319 in-

67 5351 271 5413 currit;
303 5351 461 5414 alius,
488 5366 553 5404 ne
580 5352 665 5405 ille
686 5352 944 5421 quispiam
968 5353 1162 5420 doleat,
1192 5356 1234 5408 si
1258 5372 1345 5422 eo,
1374 5373 1529 5427 quem
1553 5358 1665 5427 ipse

66 5442 370 5507 obtulerat,
397 5443 569 5511 ejeeto
597 5444 736 5499 hunc
757 5446 981 5499 electum
1011 5446 1213 5511 videat;
1244 5448 1351 5511 ille,
1377 5450 1495 5518 quia
1518 5450 1663 5504 mitis

68 5544 124 5584 et
154 5533 362 5602 probus
392 5543 504 5598 est;
534 5536 640 5598 ille,
665 5537 786 5606 quia
807 5538 1147 5605 peccantibus
1177 5538 1457 5603 terribilis;
1486 5540 1572 5595 ille
1594 5543 1664 5597 ob

67 5627 235 5699 aliam
256 5626 491 5680 similem
521 5642 734 5681 causam
766 5646 778 5681 :
809 5646 979 5698 neque
1007 5630 1149 5683 enim
1174 5630 1364 5683 desunt
1389 5631 1656 5696 obtentus,

72 5732 212 5784 quos
244 5732 343 5786 pro
376 5717 525 5772 libito
564 5718 822 5784 offerant;
873 5722 977 5773 imo
1014 5730 1067 5774 et
1104 5721 1411 5774 facultatum
1450 5722 1657 5789 copiam

74 5810 293 5871 crimini
338 5811 501 5881 dant,
546 5814 590 5868 si
635 5814 764 5887 nihil
813 5815 950 5871 aliud
996 5814 1369 5886 proferendum
1413 5813 1659 5873 habeant.

1281 369 1365 426 DE
1402 368 1848 426 SACEBDOTIO.
1888 370 2017 426 LIB.
2058 372 2145 428 Ill.

3255 384 3355 440 651

1776 488 2078 554 Quinetiam
2106 488 2233 545 illud
2253 531 2268 557 ,
2306 505 2412 545 non
2452 502 2711 562 oportere,
2729 496 2905 549 statim
2938 496 2988 550 in
3021 495 3162 552 hunc
3187 498 3358 555 hono-

1773 596 1886 636 rem
1909 582 2129 649 assumi,
2158 582 2252 638 sed
2283 584 2480 640 sensim
2506 595 2559 641 et
2591 587 2865 656 paulatim,
2894 590 3128 661 aliasque
3154 592 3357 648 similes

1772 688 1870 743 pro
1896 674 2167 729 voluntate
2204 690 2392 730 causas
2433 677 2765 733 comminisci
2812 690 3052 747 possunt.
3091 682 3203 753 Ego
3229 698 3358 739 vero

1772 765 1859 820 hic
1911 766 2080 821 libens
2115 766 2415 823 sciscitarer
2456 784 2469 822 :
2522 770 2659 837 Quid
2703 771 3007 841 episcopum
3046 783 3123 829 tot
3182 778 3355 831 ventis

1772 857 2023 926 agitatum
2066 858 2238 913 facere
2277 874 2413 929 opus
2451 862 2566 915 est?
2592 862 2859 931 quomodo
2886 864 3138 922 adversus
3179 878 3353 924 tantos

1771 945 1964 1002 fluctus
1990 958 2130 1002 stare
2162 950 2389 1019 poterit?
2416 952 2684 1019 quomodo
2722 960 2801 1006 tot
2831 955 3057 1024 impetus
3094 960 3357 1027 repellet?

1771 1037 1903 1093 Nam
1933 1039 1977 1093 si
2006 1049 2147 1094 recta
2176 1040 2384 1096 ratione
2412 1057 2524 1095 rem
2551 1053 2722 1113 gerat,
2749 1044 2942 1099 adsunt
2966 1061 3151 1102 omnes
3177 1059 3232 1104 et
3258 1052 3355 1120 ipsi

1771 1140 1826 1184 et
1846 1130 2030 1185 electis
2048 1131 2243 1185 inimici
2264 1140 2318 1187 et
2344 1132 2548 1200 hostes,
2571 1143 2625 1188 et
2646 1149 2740 1204 per
2762 1138 3155 1194 contentionem
3179 1144 3355 1197 omnia

1770 1236 1890 1276 cum
1912 1221 1998 1277 illo
2012 1231 2191 1292 agunt,
2211 1224 2543 1293 quotidianas
2556 1225 2842 1282 seditiones
2858 1239 3090 1295 movent,
3109 1242 3356 1286 sexcenta

1771 1311 1895 1365 item
1910 1324 2199 1366 scommata
2219 1314 2268 1366 in
2281 1313 2479 1368 electos
2494 1313 2815 1384 jaculantur,
2831 1306 3001 1373 donec
3018 1330 3109 1374 aut
3125 1320 3241 1376 illos
3257 1323 3359 1391 eje-

1740 1474 1743 1479 ν
1771 1404 1959 1470 cerint,
1984 1413 2075 1458 aut
2099 1419 2226 1459 suos
2246 1406 2587 1461 intruserint:
2614 1409 2829 1476 perinde
2854 1419 3010 1481 atque
3030 1413 3073 1466 si
3104 1414 3362 1483 guberna;

1772 1504 1854 1550 tor
1866 1496 1916 1549 in
1937 1498 2051 1550 navi
2073 1497 2270 1567 piratas
2282 1513 2460 1553 secum
2477 1500 2782 1571 navigantes
2796 1502 3005 1573 habeat,
3019 1505 3107 1575 qui
3120 1516 3171 1560 et
3190 1507 3287 1576 ips1
3305 1516 3359 1562 et

1772 1590 1945 1641 nautis
1966 1590 2331 1645 etvectoribus
2356 1592 2567 1647 assidue
2588 1592 2839 1665 horisque
2858 1595 3076 1667 singulis
3098 1598 3354 1653 insidien-

1772 1690 1875 1735 tur.
1890 1682 2041 1748 Quod
2054 1683 2098 1736 si
2112 1683 2322 1738 illorum
2336 1686 2558 1754 gratiam
2577 1686 2731 1740 saluti
2745 1703 2855 1741 suae
2869 1690 3359 1759 prteponat,admis-

1724 1827 1729 1832 .
1771 1776 1845 1830 sis
1876 1791 1981 1829 non
2008 1775 2372 1842 admittendis,
2404 1776 2614 1831 illorum
2642 1779 2757 1833 loco
2790 1779 2951 1834 Deum
2980 1782 3149 1849 ipsum
3177 1782 3357 1836 inimi-

1770 1882 1890 1922 cum
1928 1865 2142 1921 habebit
2170 1884 2182 1919 :
2211 1881 2316 1935 quo
2344 1866 2469 1937 quid
2498 1868 2731 1923 deterius
2758 1884 2880 1925 esse
2909 1872 3113 1940 possit?
3140 1882 3192 1928 et
3227 1889 3349 1927 eum

1771 1958 1876 2013 illis
1894 1959 2020 2028 ipsis
2039 1958 2304 2027 negotium
2329 1958 2593 2014 difficilius
2610 1976 2766 2030 quam
2785 1972 2938 2017 antea
2959 1964 3081 2033 erit,
3105 1967 3353 2021 omnibus

1770 2050 1927 2105 simul
1946 2049 2401 2105 consentientibus
2426 2092 2440 2114 ,
2470 2066 2532 2105 ac
2558 2051 2870 2115 fortioribus
2897 2069 2991 2125 per
3015 2057 3355 2112 concordiam

1769 2144 1991 2199 effectis.
2023 2142 2485 2209 Quemadmodum
2530 2144 2668 2197 enim
2717 2146 2874 2200 saevis
2916 2162 2977 2199 ex
3007 2147 3233 2202 adverso
3263 2165 3357 2218 pu-

1767 2234 2051 2305 gnantibus
2076 2235 2247 2289 ventis
2267 2275 2281 2297 ,
2312 2249 2460 2290 mare
2505 2243 2660 2291 antea
2705 2236 3039 2306 tranquillum
3070 2237 3357 2307 derepente

1767 2325 1894 2379 furit
1916 2332 2074 2393 atque
2099 2324 2432 2391 intumescit,
2458 2334 2804 2395 vectoresque
2838 2327 3039 2395 perdit;
3069 2329 3145 2382 sic
3170 2337 3223 2383 et
3246 2329 3347 2385 Ec-

1768 2415 1947 2471 clesiae
1977 2415 2329 2484 tranquillitas
2351 2457 2366 2481 ,
2398 2416 2796 2485 corruptoribus
2824 2417 3073 2473 admissis
3095 2461 3110 2487 ,
3136 2429 3341 2491 tempe-

1767 2518 1904 2565 state
1926 2520 1979 2564 et
2007 2508 2293 2579 naufragiis
2323 2508 2605 2563 infestatur
2627 2509 2830 2564 multis.

1790 2644 1795 2651 .
1838 2602 1927 2657 16.
1972 2602 2228 2668 Quantum
2254 2609 2481 2673 aporteat
2523 2618 2631 2655 esse
2657 2619 2767 2656 eum
2789 2643 2804 2668 ,
2853 2603 2938 2673 qui
2968 2609 3118 2659 tantis
3149 2616 3336 2677 tempe-

1767 2694 1979 2749 statibus
2021 2694 2312 2764 epponitur.
2345 2692 2620 2763 -—Cogita
2682 2708 2809 2764 ergo
2860 2695 3066 2764 qualem
3113 2707 3356 2766 Oporteat

1767 2802 1890 2843 eum
1920 2801 2039 2841 esse
2080 2786 2165 2839 cui
2194 2792 2351 2838 tantae
2392 2784 2693 2853 tempestati
2721 2785 2973 2841 resistere
3000 2801 3220 2843 necesse
3250 2789 3352 2856 sit,

1768 2888 1822 2934 et
1849 2887 1927 2933 tot
1956 2877 2335 2946 impedimenta
2381 2890 2559 2930 rerum
2589 2876 2861 2930 communi
2901 2878 3111 2933 utilitati
3150 2880 3355 2935 condu-

1767 2970 1997 3026 centium
2025 2968 2189 3037 probe
2217 2977 2534 3037 temperare.
2561 2965 2692 3020 Nam
2723 2978 2777 3021 et
2803 2982 3019 3038 gravem
3052 2969 3223 3038 illum,
3257 2972 3353 3028 sed

1768 3063 1985 3118 minime
2006 3061 2319 3127 fastuosum,
2348 3069 2401 3115 et
2420 3059 2824 3128 formidabilem,
2853 3061 2947 3117 sed
2971 3061 3284 3136 humanum,
3301 3077 3354 3124 et

1768 3155 2109 3226 imperiosum
2128 3195 2141 3220 ,
2182 3152 2274 3208 sed
2298 3168 2503 3207 comem
2530 3153 2779 3208 omnibus
2798 3194 2811 3218 ,
2843 3163 2898 3208 et
2932 3170 3211 3224 personam
3242 3173 3350 3213 non

1767 3246 2133 3314 accipientem,
2165 3243 2259 3299 sed
2286 3242 2602 3309 officiosum,
2629 3252 2680 3299 et
2712 3244 2987 3313 humilem,
3020 3246 3112 3302 sed
3134 3248 3353 3305 minime

1767 3336 2040 3399 servilem,
2069 3344 2123 3389 et
2151 3334 2544 3400 vehementem,
2572 3333 2665 3388 sed
2695 3344 3027 3391 mansuetum
3048 3352 3167 3393 esse
3194 3352 3354 3408 opor-

1768 3436 1864 3492 tet,
1893 3435 2158 3482 utcontra
2187 3425 2276 3480 illa
2303 3426 2480 3480 omnia
2510 3442 2747 3497 pugnare
2776 3426 2929 3483 facile
2964 3430 3158 3497 possit:
3190 3438 3350 3500 atque

1767 3535 1892 3576 eum
1928 3519 2018 3588 qui
2043 3518 2265 3573 idoneus
2283 3519 2371 3584 sit,
2397 3518 2642 3572 omnibus
2664 3519 2787 3574 licet
2805 3520 3202 3586 obsistentibus,
3224 3540 3345 3578 cum

1767 3624 1955 3679 magna
1986 3618 2244 3677 potestate
2294 3623 2641 3677 promovere;
2689 3608 2812 3664 huic
2861 3624 2990 3664 vero
3038 3610 3350 3669 dissimilem

1768 3715 1888 3754 cum
1918 3699 2103 3754 eadem
2142 3701 2485 3761 auctoritate,
2517 3700 2763 3754 omnibus
2803 3700 2964 3754 etiam
2993 3702 3348 3770 conspiranti-

1768 3791 1886 3854 bus,
1917 3805 2023 3844 non
2053 3789 2357 3856 admittere,
2403 3789 2498 3844 sed
2528 3806 2687 3844 unum
2719 3799 2921 3846 tantum
2948 3792 3018 3846 ob
3047 3793 3228 3848 oeulos
3256 3794 3350 3847 ha-

1767 3884 1895 3939 bere
1919 3926 1933 3949 ,
1964 3884 2215 3939 Ecclesiae
2262 3898 2453 3953 nempe
2492 3890 2809 3938 structuram
2832 3924 2847 3948 ,
2880 3883 3115 3954 nihilque
3151 3886 3234 3940 vel
3281 3886 3349 3940 ad

1769 3976 2099 4031 inimicitiam
2128 3976 2209 4031 vel
2237 3976 2303 4029 ad
2333 3975 2557 4044 gratiam
2603 3974 2797 4031 facere.
2823 3975 2957 4031 Num
2991 3978 3081 4033 tibi
3108 3977 3349 4033 videmur

1769 4068 1845 4123 rei
1877 4067 2177 4137 hujusmodi
2220 4067 2573 4121 ministerium
2617 4067 2810 4122 merito
2847 4069 3158 4123 recusasse?
3186 4070 3347 4139 Atqui

1769 4159 2002 4213 nondum
2030 4159 2210 4213 omnia
2239 4159 2517 4213 recensui:
2551 4167 2835 4228 suppetunt
2863 4167 2916 4214 et
2954 4160 3057 4214 alia
3100 4153 3342 4216 dicenda.

1769 4250 1965 4305 Verum
1993 4266 2059 4304 ne
2086 4249 2389 4319 defatigeris
2411 4248 2535 4303 dum
2564 4250 2719 4303 amici
2743 4264 2805 4303 ac
2835 4265 2960 4304 vere
2984 4252 3221 4320 germani
3247 4252 3346 4306 viri

1766 4356 1887 4397 sese
1916 4340 2055 4409 apud
2085 4350 2135 4395 te
2153 4341 2455 4395 excusantis
2477 4340 2769 4393 orationem
2792 4340 3005 4394 toleras.
3036 4340 3157 4395 lltec
3189 4356 3347 4410 porro

1773 4452 1880 4491 non
1910 4434 1976 4489 ad
2021 4435 2318 4504 apologiam
2364 4434 2522 4487 modo
2564 4442 2799 4488 nostram
2843 4433 2933 4486 tibi
2961 4442 3117 4487 erunt
3160 4435 3301 4488 utilia
3327 4477 3343 4501 ,

1768 4526 1863 4582 sed
1889 4526 1955 4579 ad
1983 4520 2148 4594 ipsam
2181 4526 2404 4578 fortasse
2432 4523 2664 4577 muneris
2691 4522 2757 4577 de
2778 4538 2882 4592 quo
2908 4523 3077 4592 agitur
3108 4523 3341 4579 functio-

1769 4634 1890 4673 nem
1914 4634 2018 4671 non
2052 4631 2234 4686 parum
2258 4615 2482 4671 afferent
2504 4615 2653 4669 lucri.
2679 4615 2810 4669 Eum
2837 4630 3087 4684 namque,
3115 4616 3201 4685 qui
3226 4617 3348 4672 vita;

1769 4709 2071 4780 hujusmodi
2093 4708 2334 4763 semitam
2365 4708 2696 4777 ingressurus
2717 4716 2819 4772 est,
2848 4708 3026 4762 omnia
3052 4708 3198 4777 prius
3223 4725 3346 4778 per-

1772 4812 2086 4867 scrutatum,
2134 4803 2211 4856 sic
2238 4801 2534 4856 ministerio
2562 4816 2776 4855 manum
2804 4800 3086 4855 admovere
3115 4810 3342 4870 oportet.

1769 4892 1984 4960 Quare?
2014 4892 2144 4959 Quia
2175 4891 2274 4945 etsi
2304 4891 2448 4945 nulla
2474 4892 2575 4945 alia
2611 4891 2852 4945 subesset
2875 4905 3034 4946 causa
3057 4932 3071 4956 ,
3103 4892 3343 4945 omnium

1771 4986 1935 5055 probe
1976 5000 2141 5055 gnaro
2184 4983 2232 5037 id
2263 4983 2393 5037 lucri
2433 4982 2648 5038 accedet
2670 5022 2685 5046 ,
2717 4990 2775 5035 ut
2823 4998 2926 5036 non
2958 4982 3033 5035 rei
3063 4982 3344 5036 insolentia

1775 5081 2046 5144 turbetur,
2092 5094 2211 5133 cum
2242 5079 2354 5131 haec
2393 5077 2718 5146 contingent.
2764 5075 2857 5129 Vis
2900 5075 3058 5144 igitur
3103 5084 3161 5127 ut
3204 5076 3348 5143 prius

1740 5220 1744 5224 .
1771 5171 1837 5226 ad
1864 5170 2137 5225 viduarum
2171 5167 2518 5239 patrocinium
2549 5166 2855 5229 veniamus,
2895 5179 2962 5217 an
2994 5164 3059 5217 ad
3088 5164 3347 5233 virginum

1770 5278 1973 5324 curam,
2016 5276 2081 5315 an
2110 5260 2174 5314 ad
2197 5258 2461 5329 judicialis
2500 5256 2662 5327 partis
2688 5244 3099 5309 difficultatem?
3136 5271 3257 5308 nam
3292 5256 3342 5308 in

1771 5354 1959 5407 horum
1990 5352 2209 5421 singulis
2234 5352 2373 5404 varia
2402 5358 2483 5404 est
2525 5346 2853 5412 sollicitudo,
2900 5355 2954 5399 et
2988 5346 3345 5401 sollicitudine

1771 5448 1941 5514 major
1964 5454 2153 5498 metus.
2183 5445 2258 5497 Ac
2283 5444 2529 5512 primum,
2561 5449 2618 5493 ut
2640 5440 2707 5494 ab
2727 5454 2809 5503 eo,
2842 5432 2989 5507 quod
3004 5438 3119 5492 aliis
3143 5437 3344 5493 facilius

1770 5554 1889 5592 esse
1915 5537 2143 5597 videtur,
2175 5534 2466 5597 ordiamur,
2496 5530 2767 5584 viduarum
2798 5544 2946 5593 cura,
2979 5529 3145 5597 ipsam
3176 5528 3345 5583 susci-

1770 5629 2033 5699 pientibus
2054 5626 2219 5680 Solam
2242 5634 2542 5693 sumptuum
2565 5621 2970 5677 sollicitudinem
2992 5619 3181 5673 afferre
3202 5619 3347 5672 vide-

1771 5724 1892 5790 tnr(
1921 5725 1971 5776 1.
2004 5720 2139 5773 Tim.
2169 5719 2220 5773 5.
2251 5718 2318 5771 16
2340 5720 2355 5785 )
2381 5734 2393 5769 :
2423 5725 2476 5769 at
2500 5730 2604 5769 non
2635 5714 2703 5767 ita
2725 5728 2783 5768 se
2812 5728 2894 5767 res
2925 5712 3116 5779 habet,
3137 5710 3231 5765 sed
3262 5709 3347 5764 hic

1772 5829 1978 5885 queque
2028 5811 2191 5867 multo
2232 5824 2365 5878 opus
2407 5815 2484 5863 est
2512 5805 2794 5871 examine,
2841 5803 2928 5857 ubi
2960 5802 3074 5857 illas
3111 5801 3343 5871 deligere
