3922 6238
487 378 593 435 655

488 502 699 561 oportet
731 508 744 544 :
778 483 1202 561 quandoquidem
1225 497 1347 538 cum
1371 490 1572 537 temere
1598 484 1653 533 et
1674 482 1735 532 ut
1762 488 1921 532 casus
1946 472 2070 528 tulit

492 587 546 640 in
574 584 752 639 album
786 582 966 637 relata:
994 585 1153 645 sunt,
1184 575 1239 631 id
1266 575 1542 630 innumera
1565 569 1775 641 peperit
1800 568 1960 623 mala.
1979 566 2074 621 Et-

492 677 633 731 enim
668 672 888 728 familias
913 665 1408 741 pessumdederunt,
1437 662 1677 733 conjugia
1706 659 2069 723 diremerunt,

493 778 549 824 et
591 769 641 821 in
668 766 854 831 furtis,
885 763 1141 833 cauponis
1184 760 1411 829 aliisque
1454 754 1716 812 similibus
1745 752 1973 822 turpiter
2014 764 2074 805 se

494 866 714 927 agentes
747 870 891 925 stupe
932 852 1280 923 deprehensa:
1322 858 1467 904 sunt.
1507 848 1675 902 Porro
1714 845 1847 900 tales
1886 842 2073 898 viduas

490 948 787 1019 sumptibus
807 944 1057 1004 Ecclesia:
1082 945 1177 1014 ali,
1194 944 1244 998 id
1267 950 1321 996 et
1347 958 1375 995 a
1397 941 1506 997 Deo
1523 936 1837 1010 supplicium
1857 942 1912 990 et
1934 933 2075 1005 apud

496 1045 743 1099 homines
785 1040 1052 1096 infamiam
1084 1050 1453 1105 summamque
1490 1032 1885 1089 damnationem
1916 1029 2072 1100 parit,

498 1134 963 1203 beneﬁcorumque
988 1131 1220 1185 animum
1250 1127 1549 1198 segniorem
1576 1124 1758 1181 efficit.
1794 1123 1927 1179 Nam
1955 1121 2077 1193 quis

500 1242 753 1298 umquam
784 1225 912 1281 velit
937 1223 1206 1292 pecunias,
1227 1235 1359 1291 quas
1383 1218 1595 1275 Christo
1612 1216 1742 1272 dare
1765 1217 1945 1286 jussus
1970 1224 2073 1278 est,

500 1320 567 1374 iis
588 1317 801 1389 largiri,
841 1316 929 1387 qui
971 1314 1170 1369 Christi
1211 1312 1412 1367 nomini
1460 1310 1780 1366 calumniam
1827 1307 2076 1377 pariunt?

500 1410 731 1481 Ideoque
756 1407 924 1463 multo
948 1416 1002 1462 ct
1028 1413 1276 1462 accurato
1302 1402 1559 1459 scrutinio
1587 1409 1671 1457 est
1696 1412 1854 1470 opus,
1881 1407 1940 1453 ut
1982 1412 2079 1452 ne-
2109 1468 2113 1473 ἢ

499 1517 605 1573 que
632 1502 764 1568 illte,
792 1513 963 1570 neque
987 1497 1105 1552 alias
1123 1538 1140 1563 ,
1166 1496 1359 1566 quibus
1399 1509 1487 1549 res
1516 1489 1791 1547 familiaris
1831 1489 2077 1545 sufﬁcere

499 1602 711 1665 potest,
754 1592 1054 1647 tenuiorum
1097 1601 1338 1643 mensam
1364 1585 1667 1641 absumant.
1695 1582 1844 1637 Hanc
1867 1579 2077 1650 perqui-

500 1686 749 1742 sitionem
774 1682 877 1739 alia
902 1698 1007 1737 non
1029 1696 1187 1752 parva
1210 1694 1337 1735 cura
1359 1676 1575 1747 excipit,
1599 1684 1657 1730 ut
1676 1674 1805 1745 ipsis
1824 1672 2077 1727 alimenta

500 1776 779 1832 confertim
810 1774 960 1845 quasi
987 1788 1053 1828 ex
1082 1770 1315 1826 fontibus
1334 1768 1571 1834 amuant,
1590 1782 1690 1822 nec
1708 1778 1958 1834 umquam
1982 1762 2079 1818 de-

501 1869 639 1923 sint:
667 1865 929 1937 siquidem
952 1862 1249 1920 insatiabile
1269 1860 1462 1915 malum
1482 1868 1568 1914 est
1585 1856 1750 1912 invita
1774 1862 2077 1925 paupertas,

506 1960 751 2031 querelas
801 1959 1171 2029 ingratumque
1208 1956 1445 2008 animum
1474 1966 1585 2020 pra:
1608 1964 1667 2005 se
1692 1948 1889 2003 ferens.
1920 1946 2080 2002 Multa

501 2050 782 2123 prudentia
802 2047 1180 2119 diligentiaque
1205 2052 1288 2100 est
1302 2058 1436 2113 opus
1456 2050 1515 2096 ut
1532 2054 1717 2096 eorum
1739 2039 2081 2093 obstruantur

503 2159 597 2199 ora
617 2185 633 2211 ,
663 2158 781 2212 qua:
807 2139 1100 2210 quamlibet
1124 2134 1508 2193 criminationis
1532 2132 1867 2189 occasionem
1894 2127 2083 2198 arripi-

504 2246 620 2291 unt.
662 2236 804 2291 Sane
839 2232 994 2287 multi
1018 2231 1105 2286 ubi
1143 2228 1446 2301 quempiam
1488 2225 1670 2281 vident
1696 2221 1933 2293 pecuniis
1975 2234 2083 2274 non

506 2327 744 2384 deditum
766 2368 782 2393 ,
821 2325 999 2380 statim
1027 2324 1201 2395 ipsum
1226 2321 1292 2376 ad
1320 2321 1456 2375 hanc
1481 2318 1802 2373 functionem
1833 2314 2082 2369 idoneum

507 2421 874 2493 pronuntiant.
914 2419 1025 2490 Ego
1056 2432 1183 2472 vero
1219 2430 1323 2471 non
1351 2412 1601 2469 existimo
1639 2410 1778 2465 hanc
1806 2408 1881 2463 illi
1918 2406 2081 2460 animi

508 2510 923 2582 magnitudinem
957 2509 1088 2565 satis
1109 2522 1259 2574 esse,
1303 2505 1397 2562 sed
1440 2512 1689 2575 oportere
1732 2510 1910 2556 tamen
1939 2499 2085 2554 illam

510 2606 720 2660 exteris
758 2603 993 2674 praeire:
1041 2616 1162 2657 nam
1207 2600 1348 2655 illius
1389 2611 1586 2669 expers
1629 2603 1867 2650 vastator
1908 2592 2085 2663 potius

508 2711 666 2767 quam
699 2704 951 2765 patronus
974 2734 989 2759 ,
1018 2702 1073 2748 et
1097 2706 1193 2763 pro
1228 2699 1441 2760 pastore
1466 2688 1624 2759 lupus
1664 2686 1862 2743 fuerit:
1900 2698 2084 2740 verum

509 2804 627 2843 cum
654 2787 741 2841 illa
782 2786 940 2840 aliam
968 2785 1022 2839 in
1053 2799 1117 2838 eo
1145 2783 1415 2853 requirere
1440 2787 1668 2851 oportet.
1699 2779 1773 2833 Ea
1797 2787 1975 2833 autem
2003 2783 2089 2832 est

510 2880 774 2936 bonorum
813 2877 1049 2931 omnium
1097 2874 1402 2930 hominibus
1437 2872 1769 2929 conciliatrix
1794 2870 2045 2941 patientia
2068 2909 2086 2936 ,

510 2989 631 3043 qua:
656 2971 809 3042 quasi
835 2971 885 3024 in
913 2968 1257 3037 tranquillum
1294 2965 1579 3036 quemdam
1604 2972 1816 3034 portum
1856 2962 2088 3017 animam

512 3064 746 3120 deducit.
773 3062 905 3117 Nam
946 3060 1222 3115 viduarum
1247 3073 1415 3129 genus
1442 3067 1554 3112 tum
1586 3054 1913 3127 paupertatis
1930 3093 1948 3121 ,
1978 3063 2089 3109 tum

515 3155 691 3211 artatis
712 3194 727 3218 ,
756 3165 866 3207 tum
893 3167 1053 3207 sexus
1089 3150 1335 3215 nomine,
1379 3148 1728 3203 immoderata
1754 3146 1978 3218 quadam
2012 3146 2093 3201 lo-

514 3246 712 3317 quendi
742 3246 987 3300 libertate
1011 3243 1210 3297 utitur:
1239 3242 1317 3296 sic
1345 3240 1487 3296 enim
1510 3239 1888 3309 congruentius
1908 3238 2093 3306 loque-

515 3354 667 3396 mur:
696 3339 995 3408 importune
1023 3336 1271 3400 clamant,
1302 3334 1396 3389 abs
1417 3348 1478 3389 re
1500 3340 1793 3403 queruntur
1813 3339 1869 3386 et
1886 3330 2093 3386 lamen-

517 3440 720 3496 tantur,
749 3431 836 3485 ubi
868 3429 1051 3500 gratia:
1089 3436 1243 3483 erant
1267 3426 1560 3490 habendae;
1592 3426 1836 3480 incusant
1872 3424 1961 3479 ubi
1985 3425 2098 3478 lau-

517 3522 754 3579 dandum
782 3529 936 3576 erat:
984 3519 1401 3590 prtefectumque
1438 3526 1646 3588 oportet
1681 3516 1858 3572 omnia
1893 3515 2098 3570 fortiter

518 3616 679 3683 ferre,
708 3630 881 3685 neque
903 3612 976 3668 ob
1000 3613 1330 3681 importunas
1357 3610 1500 3665 rixas
1527 3608 1614 3664 vel
1634 3607 1891 3663 absurdas
1916 3621 2100 3677 quere-

520 3706 603 3762 las
651 3706 730 3760 ira
768 3705 1112 3761 commoveri.
1146 3703 1356 3758 Illarum
1399 3702 1541 3757 enim
1579 3701 1859 3756 infelicitas
1893 3697 2102 3753 miseri-

518 3798 754 3856 eordiam
779 3797 973 3869 potius,
1001 3812 1159 3869 quam
1183 3795 1555 3852 contumeliam
1576 3802 1839 3850 meretur:
1866 3793 2102 3862 ipsarum

521 3898 700 3945 autem
754 3890 1007 3944 aerumnis
1072 3888 1325 3944 insultare
1358 3926 1375 3952 ,
1438 3896 1492 3942 et
1550 3886 1880 3956 paupertatis
1930 3880 2102 3939 dolori

521 3980 895 4035 contumeliam
938 3979 1135 4035 addere
1158 4020 1173 4045 ,
1232 3990 1486 4034 extrema:
1544 3978 1870 4033 crudelitatis
1921 3975 2102 4030 fuerit.

523 4071 887 4139 Quamobrem
935 4072 1019 4127 vir
1060 4071 1273 4141 quidam
1329 4071 1787 4140 sapientissimus,
1827 4071 2102 4125 avaritiam

523 4163 939 4234 superbiamque
991 4164 1235 4218 humanae
1267 4174 1475 4217 naturai
1499 4162 1846 4218 considerans
1867 4202 1882 4228 ,
1908 4177 2106 4231 gnarus

525 4262 895 4325 paupertatem
925 4252 1226 4323 hujusmodi
1250 4268 1391 4317 esse,
1418 4260 1478 4306 ut
1504 4253 1676 4321 possit
1700 4253 1782 4308 vel
1802 4255 2104 4323 generosis-

525 4348 720 4403 simum
748 4345 981 4401 animum
1005 4345 1254 4414 dejicere.
1285 4360 1457 4415 eoque
1475 4343 1737 4400 deducere
1763 4352 1824 4399 ut
1842 4344 2027 4399 iisdem
2054 4347 2105 4398 in

532 4439 694 4495 rebus
718 4439 911 4508 smpitts
932 4436 1267 4507 impudenter
1288 4444 1428 4506 agat,
1457 4451 1525 4490 ne
1547 4436 1663 4505 quis
1685 4436 1986 4525 pqtentibus
2009 4437 2109 4491 illis

527 4532 790 4586 irascatur
808 4570 823 4596 ,
852 4543 959 4585 neu
976 4568 991 4594 ,
1022 4527 1385 4597 frequentibus
1409 4542 1593 4581 eorum
1618 4527 1863 4596 precibus
1888 4543 2112 4598 exaspe-

527 4630 697 4687 ratus,
726 4618 954 4675 infestus
993 4617 1183 4673 evadat
1209 4617 1299 4673 ille
1318 4658 1331 4682 ,
1362 4618 1451 4686 qui
1480 4632 1635 4687 opem
1666 4616 1806 4672 ferre
1828 4615 2023 4682 debet,
2054 4626 2109 4671 ut

528 4727 650 4767 sese
695 4710 876 4765 mitem
905 4718 961 4764 et
1003 4708 1150 4763 aditu
1187 4710 1390 4764 facilem
1439 4709 1689 4763 exhibeat
1739 4708 1982 4763 hortatur
2027 4708 2109 4763 his

528 4802 745 4858 verbis:
795 4800 998 4855 Inclina
1028 4803 1239 4873 pauperi
1273 4803 1381 4856 sine
1416 4802 1617 4856 tristitia
1641 4819 1811 4856 aurem
1838 4812 1977 4855 tuam
1998 4842 2013 4867 ,
2062 4812 2111 4857 et

527 4893 777 4964 responde
794 4892 870 4947 illi
893 4895 946 4947 in
965 4894 1349 4948 mansuetudine
1372 4892 1623 4964 paci/ica(
1651 4893 1808 4947 Eccli.
1833 4894 1886 4948 4.
1917 4892 1989 4964 8)
2013 4911 2027 4948 :
2049 4908 2113 4949 ac

528 4984 751 5039 missum
774 4985 971 5040 faciens
998 4999 1118 5039 eum
1146 4984 1239 5054 qui
1259 4992 1540 5054 exasperat
1566 4983 1729 5055 (quid
1755 4984 1895 5039 enim
1913 4984 2111 5053 jacenti

526 5074 806 5145 dixeris?)
836 5091 957 5130 eum
977 5076 1264 5146 alloquitur
1297 5076 1386 5145 qui
1433 5076 1547 5144 ejus
1584 5074 1946 5131 inﬁrmitatem
1976 5076 2113 5131 ferre

530 5166 718 5235 possit,
748 5179 990 5229 monens,
1022 5174 1079 5221 ut
1105 5165 1281 5222 vultus
1300 5166 1551 5221 blanditie
1571 5181 1632 5220 ac
1656 5167 1937 5220 verborum
1958 5182 2110 5220 man-

530 5255 813 5309 suetudine
852 5257 1009 5311 etiam
1047 5265 1169 5312 ante
1195 5257 1430 5311 oblatum
1472 5257 1670 5310 donum
1708 5255 1879 5325 ipsum
1922 5257 2109 5326 erigat.

532 5344 684 5412 Quod
714 5344 759 5398 si
787 5347 905 5415 quis
944 5346 1151 5401 illarum
1190 5348 1406 5417 quidem
1441 5347 1577 5402 bona
1619 5362 1722 5401 non
1753 5357 1990 5417 usurpet,
2019 5349 2111 5403 sed

532 5436 834 5493 innumeris
879 5439 1020 5509 ipsas
1063 5441 1316 5495 conviciis
1359 5452 1412 5495 et
1439 5441 1775 5495 contumeliis
1812 5450 2030 5505 oneret,
2060 5451 2115 5496 ct

533 5528 791 5585 adversus
813 5546 906 5586 eas
932 5532 1200 5597 irritetur,
1240 5548 1345 5587 non
1378 5533 1534 5586 modo
1563 5542 1923 5603 paupertatem
1953 5533 2111 5602 largi-

536 5624 682 5678 tione
712 5638 819 5677 non
846 5624 1112 5691 sublevat,
1142 5624 1237 5680 sed
1264 5625 1625 5680 calamitatem
1655 5626 1822 5695 ipsam
1861 5626 2114 5680 conviciis

533 5725 706 5783 anget.
732 5715 950 5771 Etiamsi
971 5718 1113 5772 enim
1132 5717 1202 5773 ob
1222 5718 1418 5783 ventris
1439 5720 1805 5775 necessitatem
1827 5718 2112 5773 admodum

539 5807 877 5880 impudentes
920 5825 1039 5868 esse
1076 5821 1371 5883 cogantur,
1422 5822 1653 5869 attamen
1700 5814 1767 5871 de
1810 5813 2111 5885 hujusmodi

1191 364 1249 423 S.
1288 359 1567 422 JOANNIS
1600 352 2080 417 CHRYSOSTOIII
2118 350 2437 409 ARCHIEP.
2476 349 3019 409 CONSTANTINOP.

3646 358 3751 413 656

2181 466 2434 523 violentia
2470 466 2674 522 dolent.
2701 465 3054 538 Cum'itaque
3081 467 3235 525 famis
3275 470 3566 540 ingruentis
3606 485 3759 529 metu

2174 556 2479 613 mendicare
2502 567 2780 628 coguntur,
2804 568 2859 614 et
2882 559 3232 617 mendicando
3252 562 3589 633 impudentes
3610 581 3756 631 esse,

2175 664 2239 706 ac
2263 664 2473 705 rursum
2502 648 2825 721 impudentia
2862 652 2950 707 illa
2988 655 3360 711 contumeliam
3385 658 3533 726 pati,
3577 659 3762 713 multi-

2176 740 2361 795 formis
2379 741 2643 811 qutedam,
2670 752 2726 799 et
2751 753 2985 800 mentem
3005 746 3229 816 caligine
3249 747 3530 805 effundens
3553 750 3761 806 doloris

2176 831 2258 886 vis
2287 846 2471 886 earum
2511 834 2719 889 animos
2743 846 2990 906 occupat.
3017 836 3238 907 Oportet
3283 855 3412 895 vero
3451 850 3759 896 curatorem

2176 937 2362 978 earum
2402 934 2549 979 tanta
2577 940 2697 981 esse
2726 928 3119 998 aequanimitate
3138 970 3154 995 ,
3184 940 3243 984 ut
3288 947 3393 987 non
3422 932 3585 988 modo
3622 934 3763 987 indi-

2177 1017 2428 1086 gnatione
2457 1032 2552 1073 sua
2578 1018 2821 1075 dolorem
2847 1036 2953 1075 non
2983 1032 3211 1093 augeat,
3244 1024 3337 1079 sed
3361 1026 3522 1080 etiam
3563 1027 3760 1081 cohor-

2181 1108 2381 1166 tatione
2412 1125 2508 1166 sua
2544 1126 2833 1168 mterorem
2863 1114 3089 1186 mitiget.
3132 1115 3264 1170 Nam
3308 1119 3759 1187 quemadmodum

2180 1202 2274 1271 qui
2315 1202 2636 1259 contumelia
2664 1204 2929 1274 afﬁcitur,
2969 1216 3024 1262 et
3058 1208 3104 1263 si
3134 1208 3467 1264 facultatibus
3492 1210 3759 1279 abundet,

2178 1293 2523 1363 pecuniarum
2549 1296 2891 1351 commodum
2919 1314 3026 1353 non
3056 1300 3219 1355 sentit
3245 1302 3314 1355 ob
3344 1300 3600 1357 inﬁictam
3626 1318 3762 1359 con-

2180 1384 2410 1440 tumelia:
2435 1385 2672 1457 plagam;
2698 1386 2769 1441 ita
2788 1388 2878 1458 qui
2897 1388 3089 1447 blande
3107 1403 3161 1446 et
3182 1392 3372 1448 leniter
3388 1395 3759 1463 compellatur,

2179 1486 2377 1531 etcum
2404 1478 2770 1535 consolatione
2808 1479 3011 1537 donum
3046 1484 3267 1554 accipit,
3306 1485 3500 1556 gaudet
3527 1498 3582 1542 et
3610 1488 3762 1542 heta-

2182 1579 2287 1635 tur,
2310 1570 2611 1644 duplexque
2629 1589 2821 1630 munus
2849 1590 2914 1630 ex
2936 1575 3188 1647 largiendi
3219 1578 3377 1634 modo
3392 1581 3762 1651 consequitur,

2181 1660 2307 1717 lltec
2333 1677 2491 1731 porro
2516 1680 2622 1719 non
2646 1680 2677 1719 a
2704 1667 2911 1737 meipso
2933 1707 2948 1729 ,
2977 1667 3072 1722 sed
3101 1667 3168 1722 ab
3195 1669 3304 1735 illo,
3333 1672 3422 1740 qui
3447 1672 3611 1741 paulo
3638 1684 3763 1727 ante

2182 1752 2514 1823 hortabatur,
2545 1756 2752 1826 loquor.
2779 1758 2913 1814 Nam
2938 1758 3065 1823 Fili,
3094 1760 3265 1831 inquit
3291 1802 3305 1827 ,
3333 1764 3385 1817 in
3413 1764 3553 1819 bonis
3594 1783 3657 1819 ne
3680 1769 3767 1819 des

2181 1846 2503 1914 vituperium,
2531 1856 2579 1901 et
2602 1850 2655 1903 in
2684 1852 2822 1905 omni
2846 1850 2980 1906 dono
3017 1852 3241 1908 dolorem
3269 1854 3545 1909 verborum.
3582 1856 3770 1914 Nonne

2183 1947 2358 1993 malum
2385 1955 2469 1994 ros
2510 1939 2738 1995 sedabit?
2776 1940 2864 1996 Ita
2900 1943 3081 1998 melius
3107 1954 3178 1999 est
3203 1946 3404 2000 verbum
3443 1947 3601 2002 dono.
3636 1949 3770 2004 Ecce

2183 2031 2316 2083 enim
2352 2031 2553 2085 verbum
2578 2032 2763 2086 bonum
2788 2042 2859 2088 est
2883 2035 2997 2105 plus
3020 2052 3169 2104 quam
3185 2036 3403 2101 donum,
3430 2050 3477 2093 et
3504 2052 3774 2112 utrumque

2183 2130 2256 2175 est
2279 2122 2419 2191 apud
2446 2124 2608 2177 virum
2647 2125 2923 2195 gratiosum
2951 2126 2971 2197 (
2987 2124 3149 2182 Eccli.
3180 2129 3264 2183 18.
3307 2130 3526 2200 1547).
3554 2131 3772 2187 Illarum

2185 2214 2311 2269 item
2341 2215 2647 2284 praefectum
2677 2233 2782 2273 non
2809 2218 2991 2275 mitem
3016 2230 3219 2275 tantum
3248 2231 3302 2276 et
3331 2225 3646 2293 patientem,
3676 2228 3772 2281 sed

2186 2306 2408 2376 perinde
2432 2310 2821 2365 teconomicum
2848 2326 2969 2367 esse
2995 2322 3239 2382 Oportet:
3278 2314 3329 2368 id
3354 2330 3482 2370 vero
3508 2316 3552 2370 si
3582 2317 3775 2373 abfue-

2186 2397 2276 2462 rit,
2301 2413 2512 2453 rursum
2543 2415 2832 2471 pauperum
2865 2400 3143 2459 facultates
3165 2404 3218 2458 in
3245 2404 3383 2459 idem
3404 2405 3660 2462 damnum
3690 2425 3779 2463 re-

2186 2490 2392 2545 cidunt.
2433 2490 2614 2563 Nuper
2642 2493 2785 2549 enim
2829 2495 2949 2565 quis
2991 2494 3116 2550 huic
3158 2495 3456 2552 ministerio
3500 2498 3779 2567 adscitus,

2187 2582 2352 2637 multa
2368 2583 2484 2638 auri
2501 2584 2551 2638 vi
2568 2584 2809 2651 collecta,
2834 2586 2946 2657 ipse
2970 2602 3037 2642 ne
3055 2588 3399 2659 consumpsit,
3423 2605 3594 2661 neque
3614 2608 3785 2663 egen-

2193 2678 2332 2733 tibus
2356 2720 2371 2746 ,
2415 2678 2599 2748 paucis
2638 2680 2912 2749 exceptis,
2952 2679 3261 2746 distribuit;
3305 2683 3587 2737 maximam
3649 2701 3786 2741 vero

2190 2779 2394 2842 partem
2438 2780 2581 2827 terra
2621 2771 2833 2837 obruit,
2859 2770 3030 2826 donec
3074 2773 3477 2841 superveniente
3524 2777 3786 2832 tumultus

2195 2872 2436 2933 tempore
2477 2863 2707 2918 hostium
2750 2864 2994 2920 manibus
3037 2862 3179 2920 illam
3207 2865 3439 2919 tradidit.
3470 2865 3655 2936 Magna
3685 2870 3787 2922 ita.

2197 2970 2303 3025 que
2327 2954 2659 3025 providentia
2682 2963 2766 3011 est
2807 2970 2942 3027 opus
2962 2996 2978 3023 ,
3006 2965 3066 3012 ut
3089 2957 3340 3013 Ecclesia:
3381 2957 3655 3014 facultates
3683 2976 3787 3017 nec

2193 3046 2530 3115 redundent,
2559 3064 2660 3104 nec
2682 3048 2960 3105 deﬁciant:
3006 3051 3103 3106 sed
3132 3067 3249 3122 quae
3278 3063 3562 3123 erogantur
3601 3056 3785 3112 omnia

2196 3139 2374 3196 statim
2400 3150 2524 3195 sunt
2546 3140 2729 3211 egenis
2756 3140 3122 3197 distribuenda
3139 3184 3153 3207 ,
3186 3151 3344 3214 atque
3370 3146 3423 3199 in
3447 3146 3784 3203 subditorum

2197 3233 2286 3301 pio
2310 3232 2584 3303 proposito
2630 3231 2883 3287 Ecclesia:
2929 3232 3163 3288 thesauri
3207 3236 3489 3305 colligendi
3533 3248 3678 3291 sunt.
3726 3237 3785 3294 In

2199 3324 2499 3396 hospitibus
2526 3335 2706 3381 autem
2731 3326 3073 3396 excipiendis,
3108 3336 3163 3383 et
3185 3328 3236 3381 in
3265 3328 3515 3384 curandis
3540 3330 3780 3400 mgrotis,

2200 3428 2399 3489 quanto
2425 3428 2580 3487 putas
2604 3434 2738 3488 opus
2759 3434 2881 3475 esse
2920 3420 3259 3489 pecuniarum
3288 3432 3497 3492 sumptu
3524 3466 3540 3491 ,
3586 3434 3785 3493 quanta

2201 3512 2569 3582 praefectorum
2598 3511 2865 3581 diligentia
2904 3512 3326 3581 prudentiaque?
3352 3514 3496 3568 Hanc
3521 3516 3665 3569 enim
3692 3532 3785 3570 ex-

2206 3619 2428 3675 pensam
2458 3604 2545 3658 illa
2576 3620 2683 3659 non
2728 3605 2989 3659 minorem
3015 3645 3029 3669 ,
3058 3605 3167 3658 imo
3192 3619 3333 3675 saepe
3361 3606 3615 3674 majorem
3663 3622 3784 3662 esse

2210 3709 2435 3749 necesse
2463 3703 2564 3749 est.
2595 3694 3018 3765 Prtefectumque
3048 3697 3218 3766 ipsum
3248 3697 3300 3751 in
3330 3697 3604 3766 largitione
3632 3698 3789 3754 decet

2206 3788 2557 3843 reverentiam
2587 3798 2641 3843 et
2663 3788 2993 3857 prudentiam
3030 3788 3317 3854 adhibere;
3346 3804 3454 3857 quo
3482 3791 3566 3855 iis,
3606 3792 3698 3861 qui
3729 3807 3789 3846 re

2206 3879 2449 3935 familiari
2474 3879 2780 3947 abundant,
2810 3880 3064 3945 suadeat,
3092 3890 3150 3935 ut
3173 3883 3414 3936 certatim
3458 3892 3511 3937 et
3551 3882 3790 3939 hilariter

2207 3986 2300 4026 sua
2323 3972 2459 4025 dona
2480 3981 2719 4041 erogent,
2752 3988 2820 4027 ne
2847 3972 2972 4027 dum
2999 3974 3329 4027 inﬁrmorum
3352 3974 3637 4028 commodo
3660 3960 3789 4044 pro-

2208 4063 2381 4131 spicit,
2415 4064 2771 4118 beneﬁcorum
2795 4066 3005 4119 animos
3029 4075 3329 4134 exasperet.
3363 4066 3459 4120 Hic
3487 4080 3648 4135 perm
3671 4082 3789 4119 ma-

2205 4154 2376 4224 jorem
2413 4156 2740 4210 alacritatem
2767 4165 2822 4211 et
2852 4156 3176 4226 diligentiam
3203 4156 3453 4212 exhibere
3489 4160 3740 4211 convenit
3772 4177 3787 4213 :

2209 4258 2332 4304 sunt
2375 4251 2516 4304 enim
2560 4253 2683 4320 :egri
2714 4253 2908 4307 morosi
2938 4262 2992 4306 et
3016 4266 3239 4323 segnes:
3285 4267 3346 4308 ac
3374 4253 3474 4308 nisi
3516 4269 3789 4308 summam

2210 4340 2443 4409 undique
2466 4341 2793 4412 diligentiam
2822 4359 3113 4413 curamque
3142 4343 3396 4398 adhibeas
3422 4386 3437 4409 ,
3469 4345 3554 4397 vel
3580 4346 3788 4398 tantilla

2210 4432 2427 4501 quidem
2458 4435 2773 4503 negligentia
2805 4444 2978 4504 potest
3016 4450 3205 4506 magna
3231 4436 3504 4506 aegrotanti
3526 4436 3665 4489 mala
3694 4438 3790 4490 im-

2212 4535 2442 4592 portare.

2211 4675 2217 4681 ,
2285 4619 2371 4672 l7.
2413 4620 2644 4687 Quantus
2668 4620 2731 4673 sit
2759 4620 2811 4673 in
2855 4619 3211 4690 gubernatione
3254 4619 3498 4689 virginum
3524 4620 3695 4672 timor.
3725 4651 3791 4659 —

2212 4709 2364 4775 Quod
2398 4710 2462 4764 ad
2502 4710 2763 4779 virginum
2802 4726 2985 4765 curam
3014 4712 3220 4775 attinet,
3270 4719 3416 4765 tanto
3446 4710 3617 4780 major
3639 4712 3793 4765 adest

2214 4811 2406 4866 metus,
2453 4812 2653 4871 quanto
2676 4802 2973 4871 depositum
3004 4803 3305 4872 pretiosius,
3348 4812 3403 4858 et
3429 4812 3627 4874 quanto
3667 4820 3795 4873 rege

2213 4893 2419 4964 dignior
2445 4893 2529 4947 hic
2545 4908 2673 4963 grex
2698 4905 2797 4959 est,
2827 4909 2984 4964 quam
3002 4896 3108 4949 alii.
3136 4895 3315 4966 Nuper
3336 4896 3476 4950 enim
3498 4896 3793 4951 innumera!

2215 4982 2267 5039 in
2295 4994 2596 5038 sanctarum
2634 4984 2934 5053 hujusmodi
2962 4985 3185 5040 chorum
3216 4989 3500 5056 ingressui,
3545 4987 3793 5057 vitiisque

2214 5075 2393 5129 multis
2421 5074 2652 5140 refertae,
2680 5075 3018 5130 debacchatze
3042 5085 3183 5129 sunt.
3216 5076 3312 5131 llic
3330 5092 3457 5131 vero
3480 5077 3653 5130 luctus
3675 5093 3793 5131 ma-

2210 5166 2297 5235 jor
2324 5165 2422 5220 fuit
2449 5182 2463 5218 :
2493 5181 2556 5221 ac
2580 5166 3022 5237 quemadmodum
3055 5183 3158 5222 non
3183 5168 3401 5237 perinde
3434 5178 3517 5222 est
3549 5168 3797 5237 puellane

2218 5258 2404 5324 libera,
2426 5273 2493 5312 an
2522 5258 2637 5328 ejus
2665 5259 2854 5313 ancilla
2881 5269 3064 5329 peccet
3094 5278 3108 5314 :
3152 5260 3219 5314 ita
3250 5277 3356 5315 non
3382 5261 3609 5330 idipsum
3642 5273 3725 5317 est
3753 5264 3796 5317 si

2214 5351 2363 5420 virgo
2391 5367 2456 5404 an
2488 5352 2664 5405 vidua.
2697 5352 2789 5406 llis
2814 5352 2954 5406 enim
2979 5361 3036 5406 et
3064 5351 3269 5422 nugari,
3302 5361 3355 5407 et
3384 5354 3582 5407 mutuis
3607 5356 3793 5408 eonvi-

2214 5442 2311 5496 ciis
2336 5443 2561 5512 litigare,
2592 5453 2645 5496 ct
2671 5443 2875 5497 adulari
2900 5452 2953 5496 et
2989 5443 3325 5512 impudenter
3352 5458 3529 5512 agere,
3579 5453 3635 5498 et
3669 5460 3793 5497 nus~

2216 5553 2370 5606 quam
2403 5553 2507 5591 non
2535 5553 2789 5607 apparere
2815 5547 2868 5591 et
2899 5538 2948 5592 in
2978 5537 3093 5591 foro
3121 5552 3262 5605 stupe
3286 5536 3577 5601 ambulare,
3611 5536 3666 5590 in
3699 5552 3795 5590 usu

2216 5628 2474 5698 frequenti
2514 5639 2614 5683 est.
2659 5629 2815 5699 Virgo
2843 5640 3019 5684 autem
3049 5629 3219 5698 majus
3248 5636 3515 5683 certamen
3547 5626 3697 5691 adiit,
3746 5636 3798 5682 et

2218 5738 2517 5793 supremam
2564 5722 2952 5792 philosophiam
3005 5731 3257 5788 sectatur,
3312 5719 3697 5791 proﬁteturque
3741 5734 3797 5774 se

2227 5815 2516 5886 angelicam
2551 5815 2708 5869 vitam
2742 5813 2793 5869 in
2825 5821 2963 5871 terra
3000 5813 3218 5880 ducere,
3263 5826 3326 5868 ac
3350 5826 3473 5869 cum
3512 5809 3615 5867 hac
3638 5825 3796 5868 carne
