3864 6240
60 347 157 402 655

56 464 186 515 ὅταν
220 463 395 527 αὑτὰς
425 463 743 534 καταλέγειν
775 466 889 539 δέῃ,
914 468 989 531 ὡς
1015 469 1075 521 τό
1097 486 1159 537 γε
1187 468 1373 532 ἁπλῶς
1406 469 1494 521 καί
1518 468 1592 531 ὡς
1616 468 1737 523 ἐτυ-

55 568 143 621 χεν
183 552 361 613 αὑτὰς
387 553 760 623 ἐγγράφεσθαι
794 555 961 626 μυρία
989 557 1282 627 εἰργάσατο
1309 556 1479 610 δεινά.
1502 558 1611 609 Kal
1632 556 1740 627 γάρ

54 639 239 701 οἴκους
270 637 603 712 διέφθειραν,
642 641 737 694 καί¹
770 642 981 713 γάμους
1013 642 1334 703 διέσπασαν,
1364 644 1459 696 καὶ
1494 644 1587 694 ἐπὶ
1613 644 1739 696 κλο-

54 728 191 789 παῖς
217 727 483 791 πολλάκις
503 729 596 781 καὶ
621 729 713 782 ἐπὶ
744 730 1069 800 καπηλείαις
1096 733 1190 785 καί
1212 732 1417 805 ἑτέροις
1438 730 1738 796 τοιούτοιςει

54 815 475 885 ἀσχημονοῦσαι
498 816 765 871 ἑάλωσαν.
798 817 871 871 Τὸ
898 818 953 871 δέ
976 817 1076 884 τὰς
1096 819 1355 884 τοιαύτας
1378 819 1488 873 ἀπὸ
1510 819 1621 872 τῶν
1639 818 1740 890 τῆς

64 902 399 973 Ἐκκλησίας
434 903 730 975 τρέφεσθαι
766 905 1067 977 χρημάτων
1099 907 1194 960 καὶ
1224 906 1377 979 παρά
1406 906 1540 960 Θεοῦ
1567 924 1739 977 τιμω-

56 990 204 1060 ρίαν,
237 992 337 1044 καὶ
372 991 524 1061 παρά
552 992 856 1063 ἀνθρώπων
886 993 1041 1064 φέρει
1068 994 1167 1065 τὴν
1199 996 1435 1065 ἐσχάτην
1462 996 1742 1064 κατάγνω-

52 1096 160 1142 σιν,
206 1081 457 1143 καὶτοὺς
490 1076 549 1132 εὖ
586 1082 759 1132 ποιεῖν
793 1080 1149 1151 βουλομένους
1178 1082 1571 1154 όκνηροτέρους
1614 1082 1740 1136 καθ-

55 1166 261 1236 ίστησι.
296 1168 393 1231 Τίς
426 1168 536 1240 γάρ
565 1168 631 1223 ἂν
662 1168 835 1222 ἔλοιτό
864 1186 1019 1231 ποτε,
1054 1169 1090 1223 δι
1119 1170 1197 1241 τῷ
1226 1170 1446 1242 Χριστῷ
1471 1171 1733 1241 προσετά-

51 1255 154 1325 χθη
200 1254 386 1309 δοῦναι
421 1258 703 1328 χρήματα,
736 1255 911 1311 ταῦτα
948 1256 1262 1310 ἀναλίσκειν
1300 1258 1380 1321 εἰς
1412 1260 1539 1322 τοὺς
1562 1258 1624 1311 τὸ
1645 1258 1738 1312 τοῦ

52 1343 307 1410 Χριστοῦ
339 1344 726 1407 διαϐάλλοντας
754 1344 957 1413 δνομα;
986 1346 1085 1399 Διά
1110 1344 1282 1399 ταῦτα
1311 1346 1511 1418 πολλὴν
1537 1346 1620 1400 δεῖ
1646 1346 1740 1400 καὶ

50 1430 262 1502 ἀκριϐῆ
288 1429 559 1484 ποιεῖσθαι
582 1430 680 1498 τὴν
707 1429 974 1495 ἐξέτασιν,
1014 1432 1089 1495 ὡς
1111 1432 1140 1471 ιι
1172 1432 1246 1504 μὴ
1282 1433 1440 1503 μόνον
1464 1432 1565 1496 τὰς
1586 1434 1737 1505 εἰρη-

54 1519 253 1587 μένας,
286 1517 423 1571 ἀλλά
447 1517 580 1589 μηδέ
600 1517 697 1581 τάς
719 1519 941 1579 ἑαυταῖς
971 1519 1160 1589 ἀρκεῖν
1181 1519 1486 1589 δυναμένας
1511 1520 1610 1591 τὴν
1628 1519 1740 1574 τῶν

50 1606 346 1658 ἀδυνάτων
380 1603 737 1676 λυμαίνεσθαι
761 1604 1062 1677 τράπεζαν.
1096 1606 1252 1660 Μετὰ
1279 1606 1335 1660 δέ
1369 1606 1466 1677 τὴν
1493 1604 1737 1671 ἐξέτασιν

47 1692 265 1764 ταύτην
288 1692 451 1763 ἐτέρα
473 1691 775 1762 διαδέχεται
796 1692 1018 1761 φροντὶς
1045 1692 1106 1745 οὑ
1136 1693 1327 1765 μικρά,
1357 1693 1442 1746 ἵνα
1464 1694 1653 1756 αὑταῖς
1672 1693 1739 1749 τὰ

48 1779 153 1848 τῆς
185 1779 398 1849 τροφῆς
433 1778 667 1847 ἁθρόως,
703 1778 892 1849 ὥσπερ
931 1780 995 1832 ἐκ
1020 1778 1232 1849 πηγῶν,
1259 1779 1511 1850 ἐπιρρέῃ,
1540 1779 1632 1832 καί
1663 1778 1739 1850 μὴ

46 1859 397 1932 διαλιμπάνῃ
424 1861 577 1914 ποτέ.
605 1860 716 1914 Kal
736 1860 846 1932 γὰρ
867 1861 1160 1932 ἀκόρεστόν
1186 1878 1302 1925 πως
1328 1861 1495 1915 κακὸν
1522 1862 1555 1931 ή
1577 1860 1739 1914 ἀκού-

49 1966 173 2012 σιος
200 1949 365 2003 πενία
393 1950 486 2003 καὶ
514 1948 883 2021 μεμψίμοιρον
911 1947 1007 2003 καὶ
1029 1948 1342 2021 ἀχάριστον.
1374 1949 1483 2002 Καὶ
1507 1948 1587 2002 δεῖ
1611 1947 1741 2002 πολ-

46 2035 151 2105 λῆς
202 2036 307 2106 μὲν
345 2035 448 2106 τῆς
496 2036 787 2100 συνέσεως,
823 2035 1027 2107 πολλῆς
1068 2036 1126 2090 δέ
1162 2038 1261 2107 τῆς
1305 2038 1563 2108 σπουδῆς,
1598 2037 1739 2091 ὥστε

46 2124 241 2177 αὐτῶν
259 2125 596 2196 ἐμφράττειν
626 2124 692 2177 τὰ
723 2125 968 2196 στόματα
986 2164 1002 2190 ,
1037 2126 1220 2178 πᾶσαν
1250 2123 1570 2196 ἐξαιροῦντα
1608 2143 1741 2179 κατ-

46 2214 292 2283 ηγορίας
330 2213 622 2285 πρόφασιν.
664 2214 729 2266 Οἰ
772 2213 870 2285 μὲν
898 2206 1230 2278 οῦν⁹πολλοί,
1275 2213 1402 2267 ὅταν
1433 2213 1555 2268 τινὰ
1591 2213 1739 2269 ἴδωσι

45 2301 361 2371 χρημάτων
410 2302 717 2373 κρείττονα,
778 2300 983 2364 εὐθέως
1034 2299 1197 2354 αὑτὸν
1245 2300 1549 2371 ἐπιτήδειον
1599 2295 1741 2356 εἶναι

47 2387 195 2457 πρὸς
227 2388 437 2461 ταύτην
460 2388 857 2457 ἀποφαίνονται
882 2386 979 2461 τὴν
1002 2387 1338 2459 οἰκονομίαν.
1382 2387 1523 2458 Ἐγὼ
1555 2389 1611 2443 δὲ
1642 2390 1741 2463 οὑχ

46 2476 306 2547 ἡγοῦμαί
344 2494 473 2530 ποτε
510 2476 716 2549 ταύτην
753 2475 904 2547 αὑτῴ
948 2478 1049 2548 τὴν
1096 2476 1502 2547 μεγαλοψυχίαν
1550 2478 1740 2550 ἀρκεῖν

46 2566 254 2636 μόνην,
287 2564 425 2618 ἀλλὰ
446 2565 553 2618 δεῖν
581 2564 681 2635 μὲν
706 2564 877 2635 αὑτὴν
906 2564 1010 2636 πρὸ
1037 2564 1146 2618 τῶν
1170 2564 1344 2619 ἄλλων
1372 2564 1539 2635 ἔχειν·
1573 2567 1741 2639 χωρὶς

42 2653 165 2724 γὰρ
204 2651 411 2723 ταύτης
448 2651 663 2722 λυμεὼν
708 2652 776 2705 ἂν
809 2650 895 2722 εἴη
932 2652 1131 2722 μᾶλλον
1184 2651 1218 2723 ἦ
1265 2652 1602 2723 προστάτης,
1647 2654 1742 2708 καὶ

55 2742 233 2804 λύκος
266 2742 393 2794 ἀντὶ
422 2741 695 2811 ποιμένος
735 2739 874 2810 μετά
904 2739 960 2792 δὲ
993 2740 1164 2811 αὑτῆς
1195 2740 1291 2793 καὶ
1328 2738 1521 2812 ἑτέραν
1558 2740 1741 2812 ζητεῖν

50 2832 105 2884 εί
133 2841 159 2868 ιι
194 2828 538 2900 κεκτημένος
564 2828 843 2898 τυγχάνοι.
869 2827 1017 2898 Αὕτη
1044 2828 1101 2881 δέ
1130 2828 1278 2882 ἐστιν
1300 2830 1336 2899 ἡ
1357 2828 1574 2882 πάντων
1592 2830 1742 2884 αίτία

42 2916 375 2988 ἀνθρώποις
398 2915 507 2969 τῶν
533 2914 775 2982 ἀγαθῶν,
807 2914 1146 2979 ἀνεξικακία,
1174 2914 1364 2987 ὥσπερ
1396 2917 1477 2980 είς
1504 2933 1625 2970 τινα
1648 2916 1742 2969 εῦ-

39 3004 165 3058 διον
204 3003 407 3075 λιμένα
445 3001 749 3074 ὁρμίζουσα
790 3002 887 3056 καὶ
924 3002 1373 3074 παραπέμπουσα
1411 3002 1509 3075 τὴν
1538 3002 1737 3075 ψυχήν.

42 3091 124 3144 Τὸ
154 3092 276 3164 γὰρ
302 3089 412 3142 τῶν
438 3088 622 3160 χηρῶν
654 3086 810 3157 γένος
833 3088 928 3140 καὶ
954 3086 1041 3141 διὰ
1064 3087 1162 3160 τὴν
1186 3090 1395 3154 πενίαν,
1425 3090 1520 3143 κα)⁸
1538 3089 1625 3143 διὰ
1644 3088 1742 3161 τὴν

42 3180 302 3251 ἡλικίαν,
314 3178 507 3232 καὶδιὰ
518 3176 614 3248 τὴν
628 3175 789 3247 φύσιν
804 3175 1027 3248 ἀμέτρῳ
1042 3177 1149 3229 τινὶ
1161 3177 1423 3249 κέχρηται
1436 3178 1737 3249 παρρησίᾳ·

40 3266 198 3319 οῦτω
211 3265 287 3334 γά
294 3283 328 3335 ρ
338 3266 558 3334 ἄμεινον
571 3261 862 3316 είπεῖν·καὶ
875 3261 1069 3331 βοῶσιν
1080 3262 1343 3335 ἀκαίρως,
1357 3263 1451 3317 καὶ
1462 3264 1741 3317 αἰτιῶνται

44 3355 264 3426 μάτην,
289 3353 386 3406 καὶ
408 3350 766 3423 ἀποδύρονται
790 3350 930 3422 ὑπὲρ
947 3342 1022 3404 ὧν
1043 3350 1201 3421 χάριν
1216 3351 1413 3405 εἰδέναι
1433 3351 1623 3424 ἐχρῆν,
1646 3353 1742 3406 καὶ

40 3438 463 3511 κατηγοροῦσιν
485 3438 624 3508 ὑπὲρ
646 3430 720 3491 ὧν
742 3436 1105 3507 ἀποδέχεσθαι
1126 3436 1253 3491 ἔδει.
1274 3437 1393 3492 Kal
1407 3438 1488 3492 δεῖ
1504 3438 1595 3492 τὸν
1617 3456 1743 3513 προ-

38 3515 273 3582 εστῶτα
288 3526 507 3582 ἅπαντα
525 3526 715 3596 φέρειν
737 3525 1020 3595 γενναίως,
1044 3526 1138 3581 καὶ
1156 3526 1295 3598 μήτε
1311 3526 1450 3599 πρὸς
1471 3527 1569 3592 τάς
1590 3528 1743 3582 ἀκαί⁸

41 3630 190 3684 ρους
218 3611 556 3683 ἐνοχλήσεις,
603 3610 742 3681 μήτε
774 3610 912 3680 πρὸς
945 3609 1047 3672 τὰς
1081 3609 1311 3679 ἀλόγους
1342 3610 1741 3683 παροξύνεσθαι

46 3699 328 3772 μέμψεις.
362 3697 666 3753 Ἐλεεῖσθαι
690 3697 800 3768 γὰρ
819 3698 995 3751 ἐκεῖνο
1012 3696 1249 3767 τὸγένος
1276 3697 1418 3771 ὑπὲρ
1444 3691 1521 3753 ὧν
1546 3699 1741 3753 δυστυ-

42 3783 271 3853 χοῦσιν,
302 3781 405 3852 οὑχ
426 3779 768 3853 ὑϐρίζεσθαι,
813 3780 1039 3835 δίκαιονο
1074 3781 1152 3845 ὡς
1187 3782 1249 3835 τό
1280 3798 1346 3851 γε
1384 3781 1740 3853 ἐπεμϐαίνειν

40 3868 243 3922 αὐτῶν
272 3869 397 3931 ταῖς
430 3870 760 3939 συμφοραῖς,
780 3867 875 3921 καὶ
901 3870 966 3939 τῇ
995 3867 1084 3921 διὰ
1102 3868 1204 3939 τὴν
1233 3866 1426 3923 πενίαν
1450 3869 1615 3944 ὀδύνῃ
1640 3870 1741 3941 τὴν

41 3957 170 4010 ἀπὸ
190 3956 298 4026 τῆς
326 3954 540 4027 ’ύϐρεως
578 3954 930 4026 προστιθέναι
965 3955 1067 4026 τῆς
1101 3954 1339 4026 ἐσχάτης
1361 3956 1644 4029 ὠμότητος
1674 3958 1742 4012 ἂν

42 4046 168 4116 εἴη.
202 4044 309 4098 Διά
333 4042 496 4098 τοῦτο
522 4043 617 4097 καί
644 4060 729 4107 τις
752 4042 892 4115 ἀνὴρ
932 4042 1266 4111 σοφώτατος,
1304 4042 1387 4107 είς
1412 4060 1473 4097 τε
1496 4045 1557 4097 τέ
1592 4045 1740 4115 φιλο-

44 4133 256 4205 κερδὲς
307 4131 404 4186 καὶ
448 4131 511 4185 τδ
558 4130 927 4203 ὑπεροπτικὸν
978 4130 1079 4201 τῆς
1130 4129 1477 4203 ἀνθρωπίνης
1526 4132 1742 4202 φύσεως

42 4220 274 4276 ἀπιδὼν
296 4261 313 4285 ,
353 4220 449 4274 καὶ
495 4222 595 4291 τῆς
629 4219 822 4282 πενίας
866 4217 965 4288 τὴν
997 4217 1161 4287 φύσιν
1204 4217 1537 4291 καταμαθὼν
1562 4220 1741 4293 δεινὴν

46 4308 219 4383 [597]
238 4305 407 4362 οὖσαν
429 4308 524 4361 καὶ
539 4308 636 4378 τὴν
661 4306 1049 4378 γενναιοτάτην
1073 4306 1251 4379 ψυχὴν
1277 4307 1627 4376 καταϐαλεῖν,
1649 4310 1741 4363 καὶ

41 4402 254 4451 πεῖσαι
288 4395 417 4467 περὶ
454 4394 561 4448 τῶν
603 4394 785 4448 αὑτῶν
833 4394 1212 4464 ἀναισχυντεῖν
1238 4394 1517 4459 πολλάκις,
1544 4397 1632 4450 ἵνα
1656 4398 1739 4471 μή

38 4504 138 4549 τις
174 4484 500 4555 αίτούμενος
534 4483 663 4552 παρ’
696 4481 877 4535 αὐτῶν
910 4481 1220 4553 όργίζηται,
1253 4482 1390 4554 μηδὲ
1425 4482 1503 4555 τῷ
1529 4486 1745 4555 συνεχεῖ

40 4576 161 4644 τῆς
193 4570 493 4638 ἐντεύξεως
522 4568 883 4642 παροξυνθεὶς
922 4569 1183 4641 πολέμιος
1208 4569 1239 4623 ό
1272 4570 1484 4642 βοηθεῖν
1514 4571 1743 4641 ὀφείλων

44 4664 322 4732 γένηται,
352 4658 765 4731 παρασκευάζει
792 4658 1043 4730 προσηνῆ
1073 4675 1134 4711 τε
1158 4657 1322 4713 αὑτὸν
1361 4658 1456 4712 καὶ
1486 4660 1741 4732 εὐπρόσι-

54 4770 163 4806 τον
192 4744 337 4803 εἰναι
372 4746 451 4818 τῷ
485 4746 746 4817 δεομένῳ,
774 4745 969 4814 λέγων’
1005 4744 1230 4801 Κλῖνον
1258 4745 1473 4815 πτωχῷ
1496 4747 1743 4813 ἀλύπως

58 4842 132 4894 τὸ
170 4834 285 4905 οὖς
317 4852 455 4902 σου,
490 4834 593 4890 καί
629 4834 980 4904 ἀποκρίθητι
1025 4833 1185 4900 αὐτῷ
1229 4832 1300 4888 ἐν
1337 4835 1623 4904 πραότητι
1660 4838 1742 4891 εί-

37 4926 306 4999 ρηνικὰ.
333 4926 445 4980 Kal
470 4925 564 4979 τὸν
591 4923 966 4996 παροξύνοντα
1015 4923 1174 4993 ἀφεὶς
1202 4921 1275 4994 (τί
1313 4922 1422 4994 γάρ
1458 4923 1525 4977 ἄν
1549 4942 1633 4988 τις
1664 4925 1744 4997 τῷ

47 5016 311 5087 κειμένῳ
330 5011 566 5083 λέγοις),
590 5011 671 5082 τῷ
692 5010 972 5083 δυναμένῳ
1003 5011 1104 5082 τὴν
1132 5010 1339 5064 ἐκείνου
1368 5011 1554 5083 φέρειν
1581 5013 1742 5067 ἀσθέ-

50 5124 112 5158 νε
123 5121 217 5157 ιαν
238 5101 569 5169 διαλέγεται,
594 5096 931 5170 παρακαλῶν
975 5096 1053 5169 τῷ
1093 5114 1153 5151 τε
1196 5097 1389 5170 ἡμέρῳ
1412 5100 1509 5171 τῆς
1532 5099 1707 5170 ὅψεως
1724 5141 1741 5164 ,
1771 5140 1794 5171 ι,

52 5194 158 5247 καὶ
179 5193 249 5262 τῇ
280 5190 388 5243 τῶν
419 5188 595 5257 λόγων
624 5187 892 5260 πραότητι
914 5185 1021 5257 πρὸ
1042 5185 1139 5257 τῆς
1176 5185 1375 5248 δόσεως
1402 5186 1563 5241 αὐτὸν
1585 5188 1745 5261 ἀνορ-

51 5281 216 5333 θοῦν.
256 5280 357 5330 Ἂν
392 5276 450 5330 δέ
478 5293 564 5340 τις
600 5276 668 5330 τά
708 5274 807 5346 μὲν
835 5273 1059 5328 ἐκείνων
1109 5272 1183 5344 μὴ
1216 5273 1490 5345 λαμϐάνῃ,
1531 5275 1747 5349 μυρίοις

48 5371 113 5422 δέ
150 5366 328 5429 αύτάς
348 5361 887 5434 ὀνείδεσιπεριϐἀλλῃ
910 5362 1005 5413 καὶ
1026 5360 1226 5434 ὑϐρίζῃ
1248 5363 1343 5415 καὶ
1376 5354 1743 5435 παροξύνηται

52 5457 190 5512 κατ’
217 5453 425 5517 αὐτῶν,
446 5451 508 5504 οὑ
524 5446 1140 5521 μόνονούκέπεκούφισε
1168 5446 1267 5519 τὴν
1292 5449 1402 5504 ἀπὸ
1429 5450 1531 5520 τῆς
1553 5450 1745 5516 πενίας

56 5542 318 5616 ἀθυμίαν
331 5539 411 5613 τῷ
429 5538 612 5594 δοῦναι
637 5536 688 5603 ά,
713 5535 851 5591 ἀλλά
869 5535 965 5589 καί
981 5534 1165 5606 μεῖζον
1188 5536 1309 5599 ταῖς
1322 5534 1609 5608 λοιδορίαις
1629 5538 1745 5612 είρ-

122 5689 149 5715 ⁸
186 5680 293 5730 Alii
316 5677 401 5727 καὶ
425 5675 541 5741 πρὸς
555 5670 935 5741 ἕτερα-τοιαῦτα.

124 5746 155 5784 b
179 5744 282 5792 Alii
308 5732 531 5797 ὥστε,ἐι
550 5732 676 5786 inifa
698 5734 915 5797 ἐπαρκεῖν
936 5745 1023 5797 pro
1043 5732 1223 5797 ἀρκετν.

126 5812 152 5837 ε
183 5804 288 5855 Alii
311 5795 463 5858 ζητεῖν
486 5800 574 5856 δεῖ,
599 5800 655 5846 εί.
680 5799 733 5847 In
758 5795 907 5844 Silvii.
934 5796 1001 5858 δεῖ
1024 5795 1184 5842 deest.

126 5876 161 5911 α
182 5864 291 5917 Alii
408 5860 589 5921 δοῦναι,
610 5862 690 5910 alii
710 5861 779 5921 τῷ
807 5859 870 5919 μή
894 5856 1073 5906 δοῦναι.

1397 352 1483 406 DE
1524 352 1978 411 SACERDOTIO.
2022 355 2147 413 ΜΒ.
2189 357 2279 416 lll.

3401 366 3508 424 656

1841 471 2047 540 γάσατο
2066 474 2127 528 τὸ
2156 476 2347 531 δεινόν.
2372 477 2493 532 Κᾶν
2530 477 2637 548 γὰρ
2665 476 2786 531 λίαν
2808 477 3182 549 ἀναισχυντεῖν
3212 480 3505 550 βιάζωνται

1838 554 1927 607 διὰ
1950 554 2050 625 τὴν
2072 556 2172 628 τῆς
2201 560 2435 631 γαστρὸς
2474 560 2741 632 ἀνάγκην,
2794 561 2909 615 ἀλλ’
2940 563 3089 633 ὅμως
3118 562 3376 631 ἀλγοῦσιν
3409 567 3505 619 ἐπὶ

1837 638 1903 708 τῇ
1955 636 2047 710 βίᾳ
2091 639 2286 712 ταύτῃ.
2326 642 2498 694 Ὅταν
2548 637 2640 695 οὗν
2682 642 2770 698 διὰ
2811 644 2909 715 μὲν
2944 644 3007 697 τὸ
3044 644 3141 699 τοῦ
3186 645 3346 715 λιμοῦ
3386 647 3506 711 δέος

1802 716 2152 789 ’ὶπροσαιτεῖν
2173 723 2607 793 ἀναγκάζωνται,
2625 724 2715 778 διὰ
2735 725 2791 779 δέ
2812 727 2873 780 τὸ
2892 731 3205 799 προσαιτεῖν
3223 729 3503 784 ἀναιδεύει

1841 802 1999 867 σθαι,
2021 804 2109 858 διά
2138 804 2196 858 δὲ
2221 806 2283 860 τὸ
2307 806 2687 861 ἀναιδεύεσθαι
2716 807 2883 862 πάλιν
2908 809 3259 881 ὑϐρίζωνται,
3287 812 3506 885 ποικίλη

1837 901 1921 949 τις
1950 888 2047 941 καὶ
2070 889 2237 944 πολὺν
2261 890 2501 962 φέρουσα
2529 890 2622 945 τὸν
2646 892 2809 962 ζόφον
2831 892 2924 947 ἐπὶ
2952 894 3053 965 τὴν
3076 893 3255 967 ψυχὴν
3282 896 3507 951 ἐκείνων

1838 968 2220 1039 κατασκήπτει
2245 969 2349 1041 τῆς
2376 970 2616 1041 ἀθυμίας
2652 972 2687 1042 ἡ
2720 970 2970 1043 δύναμις.
3010 974 3121 1029 Kal
3156 976 3237 1028 δεῖ
3259 975 3352 1029 τὸν
3380 976 3506 1029 τού-

1837 1068 1946 1107 των
1973 1052 2402 1125 ἐπιμελούμενον
2422 1056 2517 1110 ἐπὶ
2554 1056 2807 1110 τοσοῦτον
2845 1052 2986 1111 εἷναι
3025 1059 3399 1132 μακρόθυμον,
3429 1060 3507 1126 ὼς

1840 1134 1917 1206 μὴ
1940 1137 2101 1205 μόνον
2128 1138 2321 1201 αὑταῖς
2343 1138 2418 1209 μὴ
2444 1138 2760 1203 πλεονάζειν
2778 1139 2878 1211 τὴν
2909 1141 3148 1213 ἀθυμίαν
3168 1147 3290 1205 ταῖς
3311 1146 3509 1213 ἀγανα-

1838 1220 2119 1291 κτήσεσιν,
2155 1221 2291 1275 ἀλλά
2316 1221 2540 1292 καὶτῆς
2592 1221 2763 1294 ούσης
2790 1222 2852 1277 τὸ
2896 1223 3059 1281 πλέον
3114 1226 3384 1298 κοιμίζειν
3419 1228 3508 1281 διὰ

1836 1302 1937 1373 τῆς
1966 1303 2382 1375 παρακλήσεως.
2423 1305 2633 1377 ’Ὥσπερ
2684 1306 2794 1378 γάρ
2840 1308 3047 1372 ἐκεῖνος
3079 1311 3108 1363 ό
3148 1311 3424 1381 ὑϐρισθεὶς
3451 1312 3510 1362 ἐν

1838 1386 2009 1458 πολλῇ
2042 1389 2330 1460 περιουσίᾳ
2348 1387 2449 1442 οὐκ
2476 1388 2785 1445 αίσθάνεται
2812 1390 2913 1462 τῆς
2933 1391 3040 1446 ἀπὸ
3068 1392 3175 1446 τῶν
3208 1393 3510 1465 χρημάτων

1838 1468 2107 1548 ὡφελείας
2156 1471 2245 1526 διὰ
2288 1470 2388 1546 τὴν
2420 1472 2528 1525 ἀπὸ
2575 1472 2678 1544 τῆς
2714 1473 2924 1546 ῦϐρεως
2971 1474 3207 1548 πληγήνο
3238 1475 3379 1529 οὓτω
3414 1476 3511 1530 καὶ

1839 1547 1993 1618 οὗτος
2018 1557 2046 1609 ό
2068 1553 2315 1627 προσηνῆ
2347 1555 2503 1625 λόγον
2529 1557 2661 1612 ἀκού
2672 1573 2787 1623 σας,
2807 1560 2901 1613 καὶ
2932 1547 3074 1631 μετά
3103 1560 3511 1632 παρακλήσεως

1841 1641 1906 1695 τὸ
1933 1639 2205 1712 διδόμενον
2240 1639 2551 1711 δεξάμενος,
2581 1641 2843 1710 γάννυται
2871 1641 3033 1697 πλέον
3068 1644 3159 1697 καὶ
3186 1646 3389 1716 χαίρει,
3414 1646 3509 1698 καὶ

1836 1723 2057 1779 διπλοῦν
2078 1724 2211 1778 αὐτὸ
2234 1725 2295 1778 τὸ
2323 1724 2475 1778 δοθέν
2499 1723 2576 1796 τῷ
2612 1725 2798 1797 τρόπῳ
2826 1726 3054 1795 γίνεται.
3076 1728 3187 1781 Kal
3210 1728 3384 1782 ταῦτα
3405 1729 3509 1783 οὑκ

1837 1808 1936 1861 ἀπ’
1967 1807 2227 1877 ἐμαυτοῦ,
2257 1806 2375 1861 ἀλλ’
2401 1809 2496 1862 ἀπ’
2520 1807 2729 1863 ἐκείνου
2759 1809 2853 1863 τοῦ
2871 1809 2939 1863 τά
2967 1810 3213 1883 πρότερα
3242 1811 3510 1882 παραινέ-

1841 1908 2053 1956 σαντος,
2082 1892 2411 1963 φθέγγομαι.
2434 1892 2654 1946 Τέκνον
2678 1892 2808 1965 γὰρ,
2840 1894 3028 1965 φησὶν,
3055 1895 3126 1949 ἐν
3153 1894 3400 1966 ἀγαθοῖς
3418 1892 3506 1963 μὴ

1839 1974 1956 2042 δῷς
1982 1974 2211 2045 μῶμον,
2229 1974 2328 2029 καὶ
2357 1975 2427 2029 ἐν
2449 1974 2615 2045 πάσῃ
2644 1974 2811 2031 δόσει
2837 1978 3044 2048 λύπην
3066 1980 3264 2049 λόγων
3294 1990 3341 2033 θ.
3360 1978 3509 2048 Οὑχέ

1839 2061 2125 2113 καύσωνα
2154 2059 2493 2116 ἀναπαύσει
2520 2059 2775 2127 δρόσος;
2817 2060 2981 2114 Οὕτω
3005 2062 3307 2130 κρείσσων
3325 2064 3511 2136 λόγος

1837 2142 1878 2212 ἢ
1903 2141 2097 2209 δόσις.
2150 2142 2299 2198 Ἰδοὺ
2348 2144 2461 2213 γὰρ
2502 2145 2684 2215 λόγος
2735 2144 2890 2213 ὑπὲρ
2926 2144 3081 2215 δόμα
3121 2146 3376 2215 ἀγαθόν’
3407 2143 3510 2200 καί

1838 2227 2141 2297 ἀμφότερα
2170 2226 2329 2296 παρὰ
2354 2226 2528 2296 ἀνδρί
2565 2226 3034 2299 κεχαριτωμένφ.
3065 2228 3181 2282 Οὑκ
3207 2229 3424 2301 ἐπιεικῆ
3451 2228 3507 2281 δὲ

1843 2312 2003 2383 μόνον
2036 2312 2131 2364 καί⁵
2155 2310 2477 2376 ἀνεξίκακον
2507 2311 2598 2365 τὸν
2626 2311 2833 2366 τούτων
2878 2312 3211 2384 προστάτην,
3240 2311 3376 2367 ἀλλά
3411 2314 3510 2367 καὶ

1838 2395 2180 2466 οἰκονομικὸν
2199 2395 2297 2466 οὑχ
2324 2390 2486 2469 ἦττον
2508 2389 2645 2449 εἶναι
2667 2396 2793 2468 χρή·
2820 2396 2917 2462 ὡς,
2939 2396 3035 2451 ἐὰν
3057 2395 3215 2450 τοῦτο
3237 2396 3376 2469 ἀπῇ,
3399 2397 3507 2451 πάο

1838 2478 1922 2532 λιν
1967 2480 2048 2542 είς
2078 2478 2177 2551 τὴν
2216 2478 2339 2551 ίσην
2377 2480 2723 2551 περιίσταται
2767 2477 2973 2551 ζημίαν
3005 2477 3076 2532 τὰ
3110 2479 3220 2534 τῶν
3263 2481 3511 2551 πενήτων

1809 2562 2115 2633 χρήματα.
2156 2561 2295 2632 Ἤδη
2341 2562 2451 2633 γάρ
2483 2579 2567 2625 τις
2597 2561 2801 2634 ταύτην
2851 2562 3163 2626 πιστευθεὶς
3192 2563 3291 2634 τὴν
3326 2563 3509 2616 διακο-

1772 5162 1811 5179 In

1839 2647 1960 2700 νίαν
1999 2647 2045 2712 ί,
2094 2648 2187 2700 καί
2225 2646 2423 2717 χρυσὸν
2480 2644 2803 2715 συναγαγὼν
2848 2644 3045 2709 πολὺν,
3088 2646 3252 2709 αὐτὸς
3297 2646 3395 2717 μὲν
3445 2646 3506 2699 ού

1841 2730 2177 2800 κατέφαγεν,
2208 2731 2323 2786 ἀλλ’
2362 2731 2483 2784 οὐδέ
2515 2731 2595 2794 είς
2641 2730 2769 2794 τοὺς
2812 2730 3101 2801 δεομένους
3140 2729 3283 2801 πλὴν
3312 2730 3510 2798 ὀλίγων

1840 2815 2106 2871 ἀνάλωσε·
2129 2814 2189 2868 τὸ
2220 2814 2278 2868 δὲ
2304 2814 2462 2867 πλέον
2488 2812 2791 2885 κατορύξας
2823 2813 3142 2883 ἐφύλαττεν,
3166 2813 3274 2879 ἕως
3303 2807 3365 2867 οὗ
3389 2831 3510 2867 και-

1842 2898 1937 2970 ρὸς
1963 2897 2196 2969 χαλεπὸς
2214 2897 2439 2961 ἐπιστὰς
2462 2898 2777 2968 παρέδωκεν
2804 2896 2945 2970 αὑτὰ
2962 2899 3083 2961 ταῖς
3113 2897 3220 2950 τῶν
3249 2897 3507 2950 ἐναντίων

1840 2982 2017 3056 χερσί.
2040 2981 2247 3052 Πολλῆς
2274 2979 2368 3035 οὖν
2395 2982 2478 3035 δεῖ
2501 2982 2601 3051 τῆς
2622 2980 2985 3053 προμηθείας,
3012 2982 3089 3045 ὡς
3114 2981 3252 3053 μήτε
3282 2980 3510 3035 πλεονά-

1840 3066 1956 3131 ζειν
1990 3067 2126 3138 μήτε
2166 3065 2431 3119 ἐλλείπειν
2472 3064 2574 3135 τῆς
2626 3063 2956 3135 Ἐκκλησίας
3005 3064 3105 3136 τὴν
3149 3065 3506 3137 περιουσίαν.

1840 3150 1977 3205 ἀλλά
2013 3150 2193 3205 πάντα
2234 3148 2332 3219 μὲν
2367 3147 2683 3219 σκορπίζειν
2710 3147 2925 3219 ταχέως
2972 3151 3087 3212 τοῖς
3123 3148 3398 3219 δεομένοις
3440 3148 3511 3202 τά

1841 3235 2193 3307 ποριζόμενα,
2210 3234 2267 3288 ἐν
2286 3233 2343 3288 δέ
2369 3236 2491 3298 ταῖς
2511 3232 2621 3287 τῶν
2647 3231 2963 3304 ἀρχομένων
2994 3232 3347 3304 προαιρέσεσι
3380 3248 3509 3284 συν-

1842 3320 1994 3390 άγειν
2010 3320 2110 3390 τῆς
2152 3317 2475 3390 Ἐκκλησίας
2492 3318 2615 3381 τοὺς
2639 3315 2965 3388 θησαυρούς.
2990 3315 3103 3381 Τάς
3124 3315 3181 3369 δέ
3208 3315 3316 3369 τῶν
3344 3314 3510 3379 ξένων

1842 3402 2127 3475 ὑποδοχὰς,
2158 3404 2252 3457 καὶ
2288 3401 2388 3466 τὰς
2429 3401 2537 3456 τῶν
2583 3398 2952 3454 ἀσθενούντων
2981 3398 3297 3470 θεραπείας,
3334 3398 3511 3469 πόσης

1844 3489 1943 3557 μὲν
1970 3489 2069 3541 οίει
2095 3485 2300 3541 δεῖσθαι
2331 3485 2631 3557 χρημάτων
2683 3482 2946 3555 δαπάνης,
2986 3483 3158 3554 πόσης
3186 3481 3243 3535 δέ
3268 3482 3368 3552 τῆς
3398 3482 3509 3536 τῶν

1841 3569 2277 3627 ἐπιστατούντων
2330 3568 2615 3641 ἀκριϐείας
2666 3584 2725 3620 τε
2775 3566 2873 3622 καὶ
2907 3563 3216 3632 συνέσεως;
3248 3565 3359 3619 Kal
3398 3565 3510 3637 γάρ

1840 3655 1939 3727 τῆς
1965 3653 2261 3726 εἰρημένης
2286 3650 2608 3712 ἀναλώσεως
2640 3649 2850 3719 ταύτην
2879 3648 3077 3718 ἥττονα
3104 3648 3203 3719 μέν
3232 3646 3508 3717 οὐδαμῶς,

1841 3738 2099 3799 πολλάκις
2124 3736 2181 3791 δὲ
2210 3733 2305 3789 καὶ
2346 3732 2568 3805 μείζονα
2609 3727 2747 3786 εἶναι
2771 3731 3008 3801 ἀνάγκη,
3042 3731 3137 3784 καὶ
3162 3730 3254 3783 τὸν
3280 3732 3509 3784 ἐπιστα-

1840 3820 2036 3877 τοῦντα
2069 3818 2385 3891 ποριστικόν
2414 3834 2539 3870 τινα
2570 3817 2688 3887 μετ’
2712 3813 2998 3877 εὐλαϐείας
3022 3812 3173 3885 [598]
3193 3814 3288 3868 καὶ
3314 3817 3510 3887 φρονή-

1844 3921 2003 3968 σεως,
2030 3904 2106 3967 ὼς
2138 3898 2576 3974 παρασκευάζειν
2602 3898 2695 3952 καὶ
2723 3896 3020 3968 φιλοτίμως
3045 3896 3139 3949 καὶ
3175 3896 3396 3960 ἀλύπως
3426 3897 3509 3950 δι-

1840 3990 1988 4043 δόναι
2018 3988 2143 4050 τοὺς
2172 3982 2542 4053 κεκτημένους
2562 3981 2630 4035 τά
2653 3980 2781 4051 παρ’
2810 3978 3040 4045 ἑαυτῶν,
3071 3980 3157 4033 ῖνα
3186 3980 3261 4053 μὴ
3280 3982 3376 4052 τῆς
3399 3980 3510 4035 τῶν

1841 4070 2207 4128 ἀσθενούντων
2234 4064 2596 4127 ἀναπαύσεως
2629 4063 2874 4136 προνοῶν
2896 4063 2995 4129 τὰς
3017 4062 3127 4117 τῶν
3162 4064 3513 4136 παρεχόντων

1844 4157 2052 4227 πλήττῃ
2088 4152 2284 4223 ψυχάς.
2328 4150 2443 4222 Τὴν
2489 4149 2546 4202 δέ
2593 4148 2901 4220 προθυμίαν
2942 4156 2968 4197 ς
3024 4150 3121 4201 καὶ
3151 4148 3251 4219 τὴν
3275 4150 3519 4221 σπουδὴ*

1843 4239 2023 4311 πολλῷ
2053 4238 2275 4291 πλείονα
2328 4232 2562 4288 ἐνταῦθα
2591 4232 3032 4287 ἐπειδείκνυσθαι
3062 4233 3159 4286 δεῖο
3182 4232 3517 4305 δυσάρεστον

1841 4325 1951 4396 γάρ
1968 4340 2084 4386 πως
2106 4322 2157 4374 οἱ
2184 4316 2466 4382 νοσοῦντες
2491 4316 2679 4389 χρῆμα
2707 4316 2803 4371 καὶ
2834 4316 3095 4389 ῥᾴθυμον,
3116 4316 3219 4369 κᾶν
3248 4317 3322 4389 μὴ
3342 4318 3514 4391 πολλὴ

1843 4406 2180 4479 πανταχόθεν
2209 4402 2531 4475 είσφέρηται
2560 4400 2815 4474 ἀκρίϐεια
2840 4402 2935 4455 καὶ
2964 4401 3207 4473 φροντὶς,
3241 4402 3403 4472 ἀρκεῖ
3418 4406 3512 4457 καὶ

1842 4494 1902 4547 τὸ
1941 4492 2135 4563 μικρὸν
2177 4489 2355 4543 ἐκεῖνο
2390 4485 2669 4559 παροφθὲν
2696 4484 2908 4557 μεγάλα
2948 4483 3289 4556 ἐργάσασθαι
3316 4486 3395 4559 τῷ
3426 4505 3511 4542 νο-

1842 4577 2024 4632 σοῦντι
2052 4573 2219 4629 κακά.

1914 4660 2001 4725 ιζ’.
2019 4658 2144 4712 Ἐπί
2162 4657 2220 4711 δὲ
2242 4656 2342 4727 τῆς
2358 4654 2468 4710 τῶν
2489 4652 2775 4727 παρθένων
2802 4652 3372 4727 ἐπιμελείαςτοσούτιρ
3395 4656 3511 4727 μεί.

1843 4744 1953 4809 ζων
1975 4743 2005 4795 ό
2035 4740 2218 4812 φόϐος,
2243 4740 2354 4811 ὅσῳ
2375 4739 2471 4794 καὶ
2496 4738 2559 4792 τὸ
2591 4737 2777 4809 κτῆμα
2802 4737 3148 4811 τιμιιίηερον,
3178 4741 3272 4794 καὶ
3302 4740 3519 4811 βασιλι-

1846 4826 2065 4898 κωτέρα
2091 4823 2229 4895 αῦτη
2260 4823 2372 4877 τῶν
2400 4822 2636 4894 ἄλλωνιὴ
2665 4821 2858 4894 ἀγέλη.
2894 4821 3033 4893 Ἤδη
3055 4823 3165 4895 γὰρ
3190 4824 3285 4877 καὶ
3314 4826 3394 4888 είς
3419 4825 3518 4877 τὸν

1848 4911 1955 4966 τῶν
1976 4910 2146 4979 ἁγίων
2166 4906 2371 4962 τούτων
2394 4907 2553 4980 χορὸν
2586 4906 2775 4978 μυρίαι
2805 4908 3014 4978 μυρίων
3038 4908 3305 4978 γέμουσαι
3324 4908 3511 4961 κακῶν

1845 4993 2250 5065 εἰσεκώμασαν·
2288 4992 2475 5063 μεῖζον
2506 4991 2565 5044 δὲ
2600 4989 2837 5044 ἐνταῦθα
2864 4990 2926 5043 τὸ
2969 4990 3185 5054 πένθος.
3208 4992 3319 5045 Καὶ
3342 4991 3512 5045 καθά-

1844 5097 1952 5152 περ
1978 5078 2081 5133 οὺκ
2104 5076 2237 5143 ίσον,
2273 5075 2442 5147 κόρην
2462 5092 2523 5128 τε
2548 5073 2837 5145 ἐλευθέραν
2863 5075 2960 5128 καὶ
2992 5074 3090 5147 τὴν
3110 5074 3311 5144 ταύτης
3345 5076 3508 5148 θερά-

1845 5180 2045 5219 παιναν
2068 5161 2357 5233 ἁμαρτεῖν,
2386 5158 2557 5223 οὕτως
2576 5157 2697 5212 οὐδὲ
2725 5158 2994 5229 παρθένον
3023 5160 3117 5214 καί
3150 5161 3345 5233 χήραν.
3376 5162 3508 5225 Ταῖς

1849 5248 1948 5321 μὲν
1968 5247 2077 5317 γὰρ
2102 5246 2196 5299 καί¹
2221 5244 2428 5315 ληρεῖν,
2463 5242 2556 5296 καί
2576 5241 2931 5314 λοιδορεῖσθαι
2976 5243 3113 5314 πρὸς
3136 5244 3391 5315 ἀλλήλας,
3415 5247 3510 5303 καὶ

1844 5329 2183 5394 κολακεύειν,
2215 5327 2309 5381 καὶ⁸
2332 5327 2727 5397 ἀναισχυντεῖν,
2756 5328 2849 5380 καὶ
2884 5326 3158 5398 πανταχοῦ
3191 5329 3509 5399 φαίνεσθαι,

1846 5416 1942 5469 καὶ
1966 5414 2029 5467 τὸ
2054 5410 2326 5484 περιιέναι
2359 5410 2458 5481 τὴν
2485 5408 2711 5480 ἀγορὰν,
2774 5409 2997 5479 γέγονεν
3047 5411 3358 5484 ἀδιάφορον’
3394 5413 3510 5485 ἠδὲ

1846 5498 2118 5571 παρθένος
2151 5498 2244 5551 ἐπὶ
2278 5496 2521 5567 μείζοσιν
2543 5493 2871 5559 ἀπεδύσατο,
2897 5496 2992 5549 καὶ
3018 5494 3117 5567 τὴν
3142 5497 3401 5550 ἀνωτάτω
3423 5514 3510 5565 φι-

1846 5584 2011 5651 λοσοφ
2021 5582 2102 5635 ίαν
2129 5579 2391 5651 ἐζήλωσε,
2409 5580 2504 5632 καί¹
2526 5578 2625 5650 τὴν
2645 5577 2753 5632 τῶν
2774 5578 3020 5648 ἀγγέλων
3041 5578 3316 5633 πολιτείαν
3338 5579 3508 5645 δεῖξαι

1908 5675 1933 5702 θ
1956 5671 2052 5720 Alii
2068 5670 2227 5731 λόγου.
2249 5668 2404 5732 Ριιιιὶο
2422 5673 2531 5731 post
2548 5668 2696 5717 Savil.
2720 5673 2771 5718 el
2789 5669 2999 5718 maxima
3025 5682 3134 5732 pars
3156 5671 3505 5731 manuscriplo-

1845 5746 1951 5795 rum
1974 5734 2090 5795 ὑπὲρ
2114 5732 2263 5795 δόμα,
2290 5731 2411 5795 Mor.
2434 5731 2551 5795 ὑπὲρ
2576 5732 2777 5793 δόματα.

1915 5793 1933 5832 ί
1957 5792 2055 5843 Alii
2068 5792 2157 5851 ’τὴν
2177 5792 2465 5854 οἰκονομίαν.

1913 5858 1937 5897 ε
1958 5856 2053 5906 Alii
2073 5853 2407 5918 μακροθυμίαν,
2423 5861 2475 5903 (ιι
2498 5867 2608 5903 mox
2632 5853 2753 5902 πολὺ
2776 5854 2983 5903 πλείονα.
