3922 6240
376 338 477 400 (bl

379 458 472 513 ἐπὶ
503 459 600 531 τῆς
632 457 736 528 γῆς
757 452 1168 525 ἐπαγγέλλεται,
1199 449 1294 504 καὶ
1320 446 1457 520 μετά
1483 447 1583 516 τῆς
1607 443 1808 516 σαρκὸς
1835 440 2040 531 ταύτης

377 550 448 602 τὰ
485 529 595 601 τῶν
639 545 948 616 ἀσωμάτων
993 543 1134 612 αὐτῇ
1189 537 1474 609 δυνάμεων
1521 533 1866 606 κατορθῶσαι
1910 529 2033 616 πρά

381 652 576 690 κειται.
609 635 719 688 Kal
741 615 801 686 οὐ
834 633 916 685 δεῖ
937 629 1059 683 οὐτε
1081 626 1344 699 προόδους
1363 620 1624 694 περιττὰς
1654 617 1925 672 ποιεῖσθαι
1950 615 2047 669 καὶ

379 722 601 786 πολλὰς,
632 719 755 772 οὐτε
782 720 1002 790 ῥήματα
1030 716 1168 784 αὐτῇ
1219 709 1552 782 φθέγγεσθαι
1577 709 1699 780 εἰκῆ
1748 707 1840 760 καὶ
1869 706 2045 776 μάτην

381 813 609 881 ἐφεῖται·
637 806 903 877 λοιδορίας
933 804 990 857 δὲ
1014 803 1108 856 καὶ
1128 798 1417 861 κολακείας
1439 797 1560 850 οὐδὲ
1584 794 1823 865 τοῦνομα
1843 791 2045 881 εἰδέναι

381 880 507 969 χρή.
553 895 652 948 Διά
693 893 852 948 τοῦτο
890 889 1306 963 ἀσφαλεστάτης
1359 884 1604 955 φυλακῆς
1645 882 1742 937 καὶ
1800 880 2045 969 πλείονος

378 966 546 1038 δεῖται
583 983 679 1054 τῆς
712 979 1048 1052 συμμαχίας.
1083 979 1150 1030 Ὀ
1177 993 1235 1029 τε
1267 975 1374 1046 γάρ
1394 973 1494 1043 τῆς
1515 969 1820 1040 ἁγιωσύνης
1854 966 2044 1038 ἐχθρὸς

376 1072 466 1126 ἀεὶ
490 1071 586 1124 καὶ
618 1069 816 1140 μᾶλλον
846 1069 1037 1130 αὐταῖς
1065 1065 1332 1134 ἐφέστηκε
1359 1061 1453 1114 καὶ
1476 1057 1847 1131 προσεδρεύει,
1877 1071 2044 1107 κατα-

377 1163 519 1214 πιεῖν
542 1159 777 1229 ἓτοιμος,
804 1157 956 1210 εἵπου
990 1149 1461 1220 τιςνέξολισθήσειε
1484 1149 1577 1200 καὶ
1601 1144 1923 1208 καταπέσοι,
1953 1144 2046 1195 ἀν-

377 1247 611 1319 θρὼπων
633 1264 694 1299 τε
731 1247 781 1299 οί
812 1240 1255 1302 ἐπιϐουλεύοντες
1288 1236 1492 1297 πολλοὶ,
1532 1234 1629 1288 καὶ
1672 1233 1808 1319 μετά
1828 1230 2044 1319 Δτούτων

374 1313 631 1386 ἁπάντων
655 1331 689 1401 ή
709 1329 811 1398 τῆς
833 1327 1046 1397 φύσεως
1082 1322 1266 1395 μανία·
1291 1321 1384 1374 καὶ
1403 1319 1590 1383 ἀπλῶς
1613 1330 1639 1358 ι
1660 1317 1796 1388 πρὸς
1822 1313 2044 1368 διπλοῦν

374 1419 468 1472 τὸν
487 1417 722 1489 πόλεμον
748 1419 782 1487 ή
809 1415 1115 1487 παράταξις
1138 1413 1298 1482 αὐτῇ,
1316 1410 1407 1464 τὸν
1434 1409 1532 1478 μέν
1561 1406 1758 1471 ἔξωθεν
1780 1403 2048 1476 προσϐάλ-

376 1506 557 1571 λοντα,
591 1506 682 1559 τὸν
712 1505 769 1558 δέ
797 1504 999 1557 ἐσωθεν
1049 1500 1390 1572 ἐνοχλοῦντα.
1436 1496 1536 1550 Διά
1580 1493 1754 1549 ταῦτα
1781 1493 1860 1563 τῷ
1913 1491 2046 1561 γοῦν

377 1594 755 1649 ἐπιστατοῦντι
796 1591 962 1654 πολὺς
1003 1591 1100 1662 μὲν
1133 1591 1162 1642 6
1194 1588 1378 1658 φόϐος,
1417 1584 1620 1657 μείζων
1654 1582 1710 1636 δὲ
1739 1583 1768 1634 6
1801 1577 2046 1644 κίνδυνος

376 1683 474 1736 καὶ
503 1685 537 1754 ή
567 1676 749 1752 ὀδύνη,
778 1680 832 1733 εἴ
853 1698 904 1733 τι
937 1678 1045 1731 τῶν
1081 1673 1394 1747 ἀϐουλήτων
1415 1716 1430 1740 ,
1480 1673 1509 1725 6
1544 1673 1618 1743 μὴ
1648 1667 1875 1739 γένοιτο,
1907 1684 2046 1739 συμ-

377 1773 507 1844 ϐαίη
537 1764 687 1826 ποτέ.
727 1763 791 1824 Εί
827 1764 934 1840 γάρ
978 1762 1153 1834 πατρὶ
1199 1763 1458 1833 θυγάτηρ
1485 1762 1833 1829 ἀπόκρυφος
1865 1757 2046 1826 ἀγρυ-

376 1861 542 1925 πνία,
565 1860 659 1912 καὶ
680 1860 712 1930 ή
741 1858 983 1928 μέριμνα
1008 1853 1176 1924 αὐτῆς
1203 1852 1408 1922 ἀφιστᾷ
1434 1848 1622 1914 ὕπνον,
1642 1846 1931 1930 ὅπουπερ).
1951 1844 2045 1898 τοῦ

378 1928 738 2018 στειρωθῆναι
771 1944 804 2014 ἢ
839 1939 1255 2014 παρακμάσαιῆ
1304 1936 1599 2011 μισηθῆναι
1624 1928 1876 1987 τοσοῦτον
1905 1932 2042 1995 δέος,

377 2034 431 2089 τί
460 2033 703 2087 πείσεται
735 2033 764 2086 6
787 2030 992 2084 τούτων
1024 2029 1122 2100 μὲν
1156 2027 1326 2090 οὐδὲν,
1370 2025 1532 2096 ἕτερα
1562 2023 1618 2077 δὲ
1641 2021 1843 2075 τούτων
1869 2019 2046 2091 πολλῷ

381 2118 605 2194 μείζονα
634 2118 914 2192 μεριμνῶν
935 2134 949 2182 ;
973 2117 1047 2171 Οὐ
1067 2116 1174 2186 γάρ
1194 2115 1331 2185 ἀνὴρ
1364 2110 1600 2165 ἐνταῦθα
1619 2112 1646 2163 6
1663 2108 1854 2163 ἀθετού
1863 2125 2042 2179 μενος,

375 2211 492 2264 ἀλλ’
518 2209 678 2272 αὐτὸς
706 2208 735 2259 6
765 2206 1020 2278 Χριστὸς,
1047 2203 1170 2256 οὐδέ
1208 2202 1399 2272 μέχρις
1427 2199 1642 2252 ὀνειδῶν
1671 2200 1704 2269 ὴ
1736 2197 2042 2268 στείρωσις,

377 2299 493 2352 ἀλλ’
528 2298 608 2361 είς
653 2294 928 2350 ἀπώλειαν
960 2292 1142 2363 ψυχῆς
1181 2289 1408 2359 τελευτᾷ
1447 2287 1508 2340 τὸ
1543 2285 1731 2339 δεινόν.
1782 2283 1913 2340 Πᾶν
1937 2284 2046 2355 γάρ

377 2384 649 2453 δένδρον.
685 2383 840 2454 φησὶ,
886 2380 972 2450 μὴ
1007 2378 1221 2432 ποιοῦν
1247 2374 1478 2444 καρπὸν
1522 2372 1735 2436 καλὸν,
1761 2372 2046 2426 ἐκκόπτε-

381 2489 494 2538 ται,
513 2473 614 2524 καὶ
643 2472 731 2535 είς
760 2469 878 2534 πῦρ
898 2465 1215 2532 βάλλεται.
1247 2463 1356 2516 Kal
1385 2456 1672 2533 μισηθείσῃ
1693 2459 1748 2512 δέ
1778 2459 1929 2529 παρά
1953 2457 2046 2511 τοῦ

379 2558 631 2630 Νυμφίου
662 2556 762 2608 οὐκ
787 2555 948 2626 ἀρκεῖ
965 2553 1149 2606 λαϐεῖν
1171 2549 1500 2604 ἀποστασίου
1533 2547 1736 2618 βιϐλίον
1760 2547 1854 2600 καὶ
1883 2546 2050 2599 ἀπελ-

379 2645 513 2713 θεῖν,
543 2645 679 2699 ἀλλά
704 2643 923 2697 κόλασιν
958 2639 1174 2695 αἰώνιον
1211 2638 1304 2691 τοῦ
1333 2637 1523 2707 μίσους
1550 2635 1732 2688 δίδωσι
1755 2634 1853 2706 τὴν
1879 2651 2047 2703 τιμω-

381 2734 524 2806 ρίαν.
574 2733 684 2786 Kal
727 2733 755 2784 6
802 2729 900 2801 μὲν
961 2727 1102 2793 κατά
1138 2727 1328 2796 σάρκα
1370 2723 1550 2794 πατὴρ
1590 2722 1760 2776 πολλὰ
1822 2722 1933 2792 ἔχει
1980 2721 2048 2774 τὰ

379 2820 636 2877 ποιοῦντα
669 2818 818 2890 αὐτῷ
840 2818 940 2889 τὴν
972 2815 1216 2886 φυλακὴν
1243 2812 1463 2866 εὐκολον
1488 2812 1586 2882 τῆς
1618 2810 1890 2880 θυγατρός
1908 2826 1922 2840 ο
1954 2809 2050 2862 καὶ

378 2910 487 2983 γὰρ
509 2911 604 2964 καὶ
635 2911 669 2980 ή
700 2909 901 2979 μήτηρ,
935 2903 1030 2965 καὶ
1066 2901 1284 2974 τροφὸς,
1312 2901 1406 2954 καὶ
1435 2897 1781 2969 θεραπαινῶν
1808 2896 2010 2966 πλῆθος
2033 2936 2047 2960 ,

379 2999 473 3053 καὶ
500 2995 675 3058 οίκίας
704 2993 992 3062 ἀσφάλεια,
1055 2987 1611 3058 συναντιλαμϐάνεται
1655 2984 1734 3054 τῷ
1786 3000 2052 3054 γεννησα-

382 3081 529 3156 μένῳ
563 3082 699 3154 πρὸς
739 3080 838 3150 τὴν
890 3078 992 3148 τῆς
1035 3076 1305 3148 παρθένου
1338 3075 1592 3145 τήρησιν.
1652 3070 1788 3126 Οὐτε
1827 3070 1935 3142 γὰρ
1964 3073 2046 3134 εἰς

379 3170 588 3244 ἀγορὰν
624 3169 795 3240 αὐτὴν
818 3166 1108 3239 ἐμϐάλλειν
1135 3167 1162 3205 ι)
1195 3165 1407 3234 ἐφίεται
1438 3162 1696 3234 συνεχῶς,
1722 3161 1867 3228 οὐτε,
1887 3160 2052 3232 ἡνίκα

382 3259 449 3314 ἂν
477 3257 740 3330 ἐμϐάλλῃ,
771 3254 1056 3326 φαίνεσθαί
1083 3271 1189 3307 τινι
1210 3252 1319 3306 τῶν
1347 3251 1781 3320 ἐντυγχανόντων
1807 3249 2050 3317 ἀναγκά-

381 3347 554 3412 ζεται,
591 3342 743 3416 [599]
778 3343 873 3397 τοῦ
928 3342 1151 3406 σκότους
1196 3342 1296 3412 τῆς
1325 3339 1566 3410 ἑσπέρας
1601 3338 1698 3408 οὐχ
1731 3332 1895 3409 ἦττον
1941 3337 2052 3390 τῶν

380 3431 482 3500 τῆς
508 3428 684 3492 οίκίας
714 3427 909 3498 τοίχων
940 3425 1305 3488 καλύπτοντος
1342 3424 1442 3495 τὴν
1473 3422 1708 3493 φανῆναι
1750 3421 1825 3494 μὴ
1857 3421 2046 3491 βουλο-

386 3515 574 3587 μένην.
604 3513 786 3584 Χωρὶς
815 3511 874 3566 δέ
900 3509 1105 3566 τούτων
1154 3511 1334 3580 πάσης
1363 3508 1541 3573 αἰτίας
1583 3508 1948 3578 ἀπήλλακται,
1978 3508 2054 3572 ὡς

366 3597 464 3676 μὴ
493 3603 558 3657 ἄν
588 3619 718 3656 ποτε
745 3604 826 3666 είς
847 3600 1056 3672 ἀνδρῶν
1085 3600 1207 3671 ὄψιν
1251 3598 1538 3670 βιασθῆναι
1562 3597 1757 3650 ἐλθεῖψ
1785 3596 1909 3650 οὔτε
1943 3596 2052 3666 γὰρ

382 3691 418 3762 ή
467 3690 574 3744 τῶν
624 3689 936 3757 ἀναγκαίων
982 3689 1234 3759 φροντὶς,
1285 3683 1408 3739 οὐτε
1456 3686 1514 3738 al
1569 3685 1677 3738 τῶν
1726 3684 2054 3739 ἀδικούντων

383 3779 663 3850 ἐπήρειαι,
707 3776 815 3830 οὐδ’
860 3776 988 3831 ἀλλο
1016 3775 1255 3830 τοιοῦτον
1293 3773 1444 3828 οὐδὲν
1479 3774 1560 3838 είς
1596 3773 1842 3845 ἀνάγκην
1885 3773 2053 3845 αὐτὴν

381 3865 640 3938 τοιαύτης
665 3865 956 3934 συντυχίας
986 3864 1329 3934 καθίστησιν,
1363 3863 1484 3916 ἀντὶ
1505 3861 1721 3916 πάντων
1743 3861 1879 3933 αὐτῇ
1906 3878 2052 3929 γινο-

388 3954 549 4026 μένου
580 3952 673 4007 τοῦ
703 3954 928 4022 πατρός.
957 3951 1108 4022 Αῦτη
1152 3951 1208 4003 δέ
1246 3950 1376 4020 μίαν
1426 3951 1540 4020 ἔχει
1573 3950 1834 4021 φροντίδα
1871 3947 2052 4019 μόνον,

382 4044 447 4096 τὸ
487 4041 653 4113 μηδὲν
687 4041 902 4105 ἀνάξιον
951 4041 1087 4111 μήτε
1134 4037 1358 4109 πρᾶξαι,
1403 4039 1541 4108 μήτε
1577 4040 1752 4090 εἰπεῖν
1782 4034 1881 4108 τῆς
1917 4036 2052 4109 αὐτῇ

385 4129 772 4202 προσηκούσης
831 4129 1204 4198 κοσμιότητος.
1287 4124 1548 4178 Ἐνταῦθα
1623 4125 1680 4178 δὲ
1757 4123 1925 4177 πολλὰ
1987 4126 2056 4180 τά

385 4207 648 4271 ποιοῦντα
672 4215 750 4285 τῷ
779 4215 948 4286 πατρὶ
969 4214 1242 4278 δύσκολον,
1270 4213 1467 4284 μᾶλλον
1493 4212 1548 4265 δὲ
1570 4212 1664 4267 καὶ
1683 4213 1938 4267 ἀδύνατον
1956 4213 2054 4284 τὴν

385 4306 674 4374 φυλακὴνο
709 4302 833 4355 οὐτε
867 4305 975 4374 γὰρ
1009 4303 1157 4356 ἔνδον
1198 4302 1343 4372 ἔχειν
1382 4300 1550 4372 αὐτὴν
1600 4300 1717 4371 μεθ’
1748 4301 1938 4354 ἑαυτοῦ
1965 4302 2056 4354 δύο

385 4394 526 4447 ναιτ’
559 4392 645 4446 ἀν·
671 4389 794 4444 οὐτε
820 4392 930 4462 γὰρ
959 4390 1269 4461 εὐσχήμων,
1301 4388 1424 4442 οὐτε
1454 4389 1735 4452 ἀκίνδυνος
1766 4392 1797 4460 ή
1832 4391 2054 4461 τοιαύτη

386 4481 719 4549 συνοίκησις.
752 4479 872 4533 Κᾶν
917 4478 1029 4549 ’γὰρ
1076 4478 1241 4548 μηδὲν
1268 4479 1418 4530 αὐτοὶ
1455 4476 1806 4547 ζημιωθῶσιν
1845 4489 1891 4543 ε,
1940 4478 2053 4533 ἀλλ’

386 4569 653 4640 ἀκεραίαν
680 4568 901 4638 μείνωσι
921 4567 1016 4638 τὴν
1040 4567 1348 4637 ἁγιωσύνην
1377 4566 1758 4637 φυλάττοντες,
1777 4568 1876 4620 οὐκ
1902 4569 2054 4622 ἐλάτ-

385 4673 518 4709 τονα
546 4654 776 4707 δώσουσι
804 4653 959 4722 λόγον
999 4655 1139 4725 ὐπέρ
1177 4648 1252 4709 ὧν
1281 4654 1671 4708 ἐσκανδάλισαν
1694 4653 1901 4725 ψυχῶν,
1931 4655 1962 4726 ἦ
2005 4657 2053 4709 εί

387 4747 470 4808 εἰς
499 4743 758 4813 ἀλλήλους
795 4743 1199 4814 ἁμαρτάνοντες
1232 4743 1439 4815 ἔτυχον.
1471 4742 1674 4797 Τούτου
1700 4743 1756 4796 δὲ
1781 4744 1881 4796 οὐκ
1905 4743 2054 4808 ὄντος

389 4830 639 4894 δυνατοῦ,
671 4828 793 4882 οὐτε
816 4829 888 4882 τά
918 4832 1194 4901 κινήματα
1235 4831 1336 4901 τῆς
1363 4831 1540 4901 ψυχῆς
1585 4831 1924 4901 καταμαθεῖν
1962 4832 2054 4884 εὐ-

391 4908 580 4992 πορον,
610 4917 705 4970 καὶ
729 4917 798 4971 τά
841 4917 939 4987 μὲν
967 4918 1216 4981 ἀτάκτως
1251 4919 1523 4990 φερόμενα
1561 4917 1877 4989 περικόψαι,
1904 4917 1974 4972 τά
1999 4919 2054 4972 δὲ

390 5009 449 5060 ἐν
472 5006 622 5072 τάξει
647 5005 742 5059 καὶ
772 5005 964 5077 ῥυθμῷ
997 5005 1198 5076 μᾶλλον
1220 5007 1478 5077 ἀσκῆσαι,
1513 5007 1607 5060 καὶ
1640 5007 1734 5059 ἐπὶ
1761 4998 2054 5076 τὸβέλτιον

389 5095 652 5162 ἀγαγεῖνο
694 5093 816 5148 οὔτε
849 5095 949 5158 τὰς
985 5092 1201 5160 ἐξόδους
1251 5093 1710 5167 περιεργάζεσθαι
1750 5095 1948 5165 ῥᾴδιον.
1990 5095 2053 5148 Ἡ

389 5183 499 5253 γάρ
542 5183 700 5236 πενία
743 5183 839 5237 καὶ
890 5183 952 5238 τὸ
1003 5183 1441 5255 ἀπροστάτευτον
1489 5183 1589 5236 οὐκ
1623 5181 1844 5252 ἀφίησιν
1894 5181 2053 5236 αὐτὸν

389 5268 591 5340 ἀκριϐῆ
647 5269 746 5340 τῆς
797 5269 979 5340 ἐκείνῃ
1027 5269 1410 5340 προσηκούσης
1467 5270 1763 5337 εὐκοσμίας
1802 5271 2053 5337 γενέσθαι

389 5355 704 5428 ἐξεταστήν.
723 5356 890 5411 ’Ὀταν
925 5357 1032 5436 γὰρ
1065 5357 1230 5429 ἑαυτῇ
1259 5357 1285 5396 ά
1321 5358 1496 5412 πάντα
1521 5357 1787 5410 διακονεῖν
1814 5359 2053 5427 ἀναγκάοι

450 5569 478 5599 ⁸
508 5565 699 5624 Ἀπλῶς
715 5567 860 5617 deest
884 5569 933 5616 in
953 5567 1242 5631 quibusdam
1264 5583 1380 5618 mss.

449 5638 479 5678 Ι)
505 5639 602 5687 Alii
623 5639 740 5701 αὐτῇ
765 5639 1011 5705 ἐμϐάλλειν
1035 5640 1114 5687 vel
1137 5640 1372 5701 ἐμϐαλεῖν,
1398 5639 1480 5687 alii
1495 5638 1642 5696 αὐτὴν
1665 5639 1927 5701 ἐμϐάλλειν.

451 5711 476 5740 ε
490 5711 688 5770 Aliquot
709 5724 820 5758 mss.
836 5711 946 5757 ὅταν
964 5711 1052 5772 γὰρ
1075 5707 1208 5756 αὐτοὶ
1229 5709 1369 5770 μηδὲν
1393 5711 1680 5771 ζημιαθῶσι.

451 5778 481 5820 ἆ
498 5782 594 5831 Alii
619 5783 730 5830 ὅταν
753 5781 840 5842 γὰρ
859 5781 998 5845 αὐτῇ,
1024 5780 1107 5832 alii
1127 5779 1259 5837 αὐτή.

1151 334 1209 390 S.
1261 328 1548 390 JOANNIS
1583 322 2074 386 CHRYSOSTOMI
2111 319 2429 378 ARCHIEP.
2470 318 3016 378 CONSTANTINOP.

3707 326 3821 383 658

2150 437 2328 509 ζηται,
2362 437 2584 504 πολλὰς,
2613 440 2666 492 εί
2699 456 2762 507 γε
2791 438 3030 509 βούλοιτο
3062 435 3136 508 μὴ
3171 439 3486 509 σωφρονεῖν,
3523 438 3635 493 τῶν
3678 459 3811 512 προ-

2142 520 2275 573 όδων
2309 519 2410 583 τάς
2439 521 2740 591 προφάσεις
2783 521 2915 591 ἔχει.
2957 519 3068 574 Kal
3115 519 3197 571 δεῖ
3225 519 3314 571 τὸν
3357 519 3651 574 κελεύοντα
3695 524 3821 579 δια-

2142 601 2340 665 παντὸς
2369 601 2506 656 οἴκοι
2539 602 2740 672 μένειν,
2771 605 2864 656 καὶ
2892 602 3094 665 ταύτας
3136 602 3427 672 περικόψαι
3458 604 3556 668 τάς
3599 609 3819 676 προφά-

2144 701 2255 748 σεις
2287 695 2332 751 θ,
2363 685 2456 738 καὶ
2479 685 2577 756 τὴν
2605 685 2712 738 τῶν
2744 685 3055 754 ἀναγκαίων
3075 685 3404 755 αὐτάρκειαν
3432 689 3817 758 παρασχόντα,

2141 765 2236 817 καὶ
2263 764 2361 836 τὴν
2411 765 2548 835 πρὸς
2590 764 2762 819 ταῦτα
2811 766 3270 837 διακονησομένην
3326 767 3484 839 αὐτῇο
3523 768 3687 822 δεῖδὲ
3718 770 3822 822 καὶ⁹

2144 843 2389 914 ἐκφορῶν
2417 847 2511 898 καὶ
2533 847 2866 916 παννυχίδων
2893 847 3196 916 ἀπείργειν.
3222 844 3344 900 Οίδε
3361 847 3489 919 γὰρ,
3508 844 3651 902 οίδεν
3671 851 3701 902 6
3723 869 3823 904 πο-

2142 923 2204 976 λυ
2211 931 2450 996 μήχανος
2467 925 2590 994 ὄφις
2611 927 2812 988 ἐκεῖνος
2840 925 2933 978 καὶ
2953 925 3041 978 διὰ
3068 925 3318 996 χρηστῶν
3341 927 3593 997 πράξεων
3611 929 3705 981 τὸν
3722 929 3824 982 αὐ-

2141 1003 2236 1056 τοῦ
2258 1006 2656 1076 παρασπείρειν
2675 1005 2767 1059 ίόν.
2796 1005 2903 1058 Kal
2931 1005 3035 1076 χρὴ
3066 1005 3161 1075 τὴν
3183 1005 3446 1076 παρθένον
3468 1008 3824 1076 πανταχόθεν

2143 1085 2492 1156 τειχίζεσθαι,
2509 1088 2600 1139 καὶ
2619 1085 2862 1154 ὀλιγάκις
2882 1085 2976 1138 τοῦ
3001 1086 3200 1149 παντὸς
3223 1085 3468 1140 ἐνιαυτοῦ
3491 1087 3823 1158 προϐαίνειν

2142 1164 2241 1235 τῆς
2263 1165 2472 1229 οἰκίας,
2513 1167 2642 1219 ὅταν
2679 1165 3044 1235 ἀπαραίτητοι
3087 1165 3182 1218 καὶ
3211 1166 3504 1233 ἀναγκαῖαι
3546 1169 3822 1220 κατεπεί-

2142 1260 2279 1312 γωσι
2329 1244 2648 1314 προφάσεις.
2680 1243 2744 1297 El
2777 1245 2833 1298 δέ
2875 1244 3023 1312 λέγοι
3051 1261 3166 1307 τις,
3211 1244 3366 1297 οὐδὲν
3411 1240 3553 1299 εἶναι
3594 1247 3820 1299 τούτων

2142 1321 2301 1394 ἔργον
2329 1323 2408 1394 τῷ
2437 1324 2716 1394 ἐπισκόπῳ
2747 1323 3165 1394 μεταχειρίςειν,
3203 1319 3260 1376 εὖ
3289 1324 3442 1389 ἵστω,
3473 1325 3556 1378 ὅτι
3585 1326 3701 1379 τῶν
3722 1328 3817 1396 ἐφ’

2143 1403 2378 1474 ἑκάστης
2399 1401 2419 1440 ί
2434 1403 2729 1472 γινομένων
2745 1403 2802 1456 αἱ
2820 1403 3096 1473 φροντίδες
3120 1402 3212 1455 καὶ
3235 1403 3290 1456 αἱ
3305 1403 3476 1457 αἰτίαι
3499 1405 3578 1468 είς
3598 1402 3819 1460 ἐκεῖνον

2143 1481 2324 1551 έχουσι
2361 1481 2458 1551 τὴν
2499 1483 2795 1552 ἀναφοράν.
2836 1480 3025 1550 Πολλῷ
3078 1481 3135 1534 δὲ
3173 1482 3610 1554 λυσιτελέστερον
3643 1486 3820 1539 αὐτὸν

2144 1561 2358 1614 ἅπαντα
2404 1560 2816 1632 διακονούμενον
2859 1559 3204 1631 ἀπηλλάχθαι
3231 1561 3613 1633 ἐγκλημάτων,
3643 1564 3682 1618 ἃ
3721 1565 3820 1618 διὰ

2141 1641 2238 1702 τάς
2260 1640 2366 1694 τῶν
2395 1641 2594 1712 ἐτέρων
2621 1641 2892 1712 ἁμαρτίας
2923 1640 3213 1711 ὑπομένειν
3236 1640 3471 1713 ἀνάγκη,
3497 1643 3530 1714 ἢ
3560 1645 3662 1714 τῆς
3690 1644 3818 1698 δια-

2143 1720 2325 1784 κονίας
2353 1720 2644 1790 ἀφειμένον
2673 1721 2771 1783 τάς
2809 1720 2948 1792 ὑπὲρ
2977 1714 3051 1773 ὧν
3081 1720 3321 1791 ἔπραξαν
3362 1721 3540 1794 ἕτεροι
3581 1725 3819 1795 τρέμειν

2143 1799 2392 1863 εὐθύνας.
2425 1799 2566 1871 Πρὸς
2590 1799 2647 1851 δὲ
2678 1800 2886 1864 τούτοις
2908 1802 2937 1852 6
2982 1801 3080 1870 μὲν
3112 1799 3179 1852 δι’
3210 1800 3402 1854 ἐαυτοῦ
3428 1802 3603 1857 ταῦτα
3632 1806 3819 1876 πράτ-

2143 1895 2250 1932 των
2280 1878 2418 1949 μετά
2447 1879 2644 1950 πολλῆς
2669 1879 2769 1947 τῆς
2791 1879 3042 1942 εὐκολίας
3066 1879 3280 1933 ἅπαντα
3303 1880 3641 1952 διεξέρχεται
3663 1901 3679 1914 ·
3707 1888 3737 1938 6
3754 1885 3819 1939 δὲ

2142 1957 2586 2030 ἀναγκαζόμενος
2631 1958 2769 2029 μετά
2809 1957 2904 2011 τοῦ
2932 1958 3138 2012 πείθειν
3173 1958 3272 2022 τάς
3294 1960 3552 2015 ἁπάντων
3583 1963 3818 2034 γνώμας

2141 2037 2298 2090 τοῦτο
2329 2041 2519 2100 ποιεῖν,
2569 2038 2628 2090 οὐ
2665 2036 2932 2108 τοσαύτην
2981 2037 3093 2108 ἔχει
3143 2038 3242 2109 τὴν
3273 2039 3455 2093 ἄνεσιν
3483 2043 3548 2094 ἐκ
3583 2043 3683 2096 τοῦ
3715 2047 3817 2115 τῆς

2143 2117 2469 2188 αὐτουργίας
2497 2117 2772 2186 ἀφεῖσθαι,
2805 2118 2905 2170 ὅσα
2944 2119 3244 2189 πράγματα
3275 2119 3369 2171 καὶ
3425 2119 3698 2190 θορύϐους
3726 2124 3815 2178 διὰ

2141 2199 2266 2259 τοὺς
2291 2197 2709 2259 ἀντιπίπτοντας
2737 2199 2831 2250 καὶ
2851 2199 2975 2260 ταῖς
3002 2197 3166 2251 αὐτοῦ
3189 2198 3403 2269 κρίσεσι
3439 2202 3812 2270 μαχομένους.

2155 2276 2314 2330 Ἀλλά
2349 2277 2527 2338 πάσας
2573 2276 2670 2347 μὲν
2693 2277 2792 2328 οὐκ
2824 2275 2890 2329 ἂν
2910 2276 3174 2347 δυναίμην
3197 2277 3517 2345 καταλέγειν
3540 2280 3646 2342 τάς
3671 2283 3814 2354 ὑπὲρ

2141 2356 2251 2408 τῶν
2281 2356 2566 2426 παρθένων
2601 2354 2906 2427 φροντίδας.
2949 2357 3058 2409 Kal
3078 2356 3186 2428 γάρ
3223 2357 3315 2409 καὶ
3351 2358 3479 2410 ὅταν
3504 2359 3687 2424 αὐτὰς
3719 2364 3812 2430 ἐγ-

2142 2435 2448 2505 γράφεσθαι
2485 2434 2577 2505 δέῃ
2619 2438 2663 2498 ⁸,
2709 2436 2771 2487 οὐ
2794 2435 2861 2487 τὰ
2890 2436 3118 2504 τυχόντα
3169 2435 3469 2506 παρέχουσι
3500 2439 3815 2510 πράγματα

2144 2513 2220 2584 τῷ
2254 2515 2453 2584 ταύτην
2488 2513 2903 2584 πεπιστευμένῳ
2930 2515 3026 2584 τὴν
3060 2515 3386 2586 οἰκονομίαν.

2215 2593 2287 2645 Τὸ
2332 2593 2388 2645 δὲ
2417 2592 2524 2644 τῶν
2559 2592 2791 2662 κρίσεων
2837 2593 3000 2663 μέρος
3043 2595 3241 2664 μυρίας
3281 2596 3378 2665 μὲν
3421 2595 3534 2665 ἔχει
3574 2597 3680 2661 τὰς
3719 2600 3819 2651 ἐπο

2144 2673 2385 2741 αχθείας,
2406 2670 2601 2742 πολλὴν
2617 2671 2788 2742 δὲτὴν
2811 2672 3086 2741 ἀσχολίαν,
3108 2674 3199 2726 καὶ
3223 2674 3501 2738 δυσκολίας
3515 2677 3815 2746 τοσαύτας,

2143 2754 2272 2814 ὅσας
2301 2751 2419 2804 οὐδὲ
2443 2751 2489 2804 οἱ
2520 2754 2629 2814 τοῖς
2650 2750 2846 2813 ἔξωθεν
2866 2750 3104 2814 δικάζειν
3121 2751 3421 2823 καθήμενοι
3442 2755 3700 2825 φέρουσι’
3723 2757 3818 2809 καὶ

2144 2834 2252 2902 γάρ
2268 2833 2445 2901 εὑρεῖν
2476 2830 2608 2882 αὐτὸ
2633 2830 2693 2883 τὸ
2718 2830 2925 2883 δίκαιον
2951 2829 3130 2899 ἔργον,
3165 2830 3314 2902 [400]
3345 2831 3438 2884 καὶ
3461 2833 3699 2904 εὑρόντα
3741 2835 3818 2907 μὴ

2143 2909 2449 2981 διαφθεῖραι
2473 2909 2725 2978 χαλεπόν.
2743 2910 2856 2962 Οὐκ
2884 2909 3108 2979 ἀσχολία
3139 2911 3196 2963 δὲ
3228 2911 3384 2982 μόνον
3415 2912 3508 2964 καὶ
3525 2912 3817 2984 δυσκολία,

2145 2991 2279 3044 ἀλλά
2310 2990 2401 3043 καὶ
2430 2989 2670 3053 κίνδυνος
2696 2990 2985 3062 πρόσεστιν
3019 2991 3080 3044 οὐ
3112 2992 3325 3062 μικρός.
3359 2991 3495 3063 Ἤδη
3529 2995 3641 3065 γάρ
3667 3012 3819 3057 τινες

2145 3070 2251 3122 τῶν
2285 3069 2688 3138 ἀσθενεστέρων
2712 3069 3030 3140 πράγμασιν
3061 3071 3414 3140 ἐμπεσόντες,
3442 3072 3635 3142 ἐπειδὴ
3675 3091 3818 3144 προ-

2149 3147 2372 3210 στασίας
2397 3147 2496 3200 οὐκ
2519 3147 2726 3217 ἔτυχον,
2746 3149 3090 3221 ἐναυάγησαν
3113 3152 3239 3221 περὶ
3263 3151 3361 3220 τὴν
3384 3150 3587 3215 πίστιν.
3621 3151 3822 3204 Πολλοὶ

2147 3228 2256 3300 γάρ
2277 3226 2385 3282 τῶν
2411 3227 2752 3297 ἠδικημένων
2781 3228 2876 3298 οὐχ
2902 3225 3062 3301 ἦττον
3087 3229 3194 3282 τῶν
3213 3225 3548 3300 ἠδικηκότων
3575 3232 3707 3292 τοὺς
3741 3233 3819 3302 μὴ

2149 3309 2476 3382 βοηθοῦντας
2489 3307 2725 3379 μισοῦσυ
2740 3309 2833 3362 καὶ
2848 3307 2968 3362 οὐτε
2982 3310 3318 3381 πραγμάτων
3331 3311 3484 3365 διαστ
3493 3311 3819 3382 ροφὴν,οὐτε

2148 3389 2355 3459 καιρῶν
2382 3389 2740 3459 χαλεπότητα,
2765 3386 2887 3440 οὐτε
2923 3389 3204 3460 ἱερατικῆς
3229 3390 3545 3454 δυναστείας
3571 3391 3780 3462 μέτρον
3801 3431 3818 3455 ,

2146 3469 2270 3521 οὐτε
2299 3467 2426 3521 ἄλλο
2474 3466 2685 3520 τοιοῦτο
2727 3467 2881 3521 οὐδὲν
2929 3468 3240 3537 λογίζεσθαι
3269 3471 3298 3510 h
3336 3469 3651 3540 βούλονται·
3695 3471 3817 3524 ἀλλ’

2147 3550 2284 3602 εἰσὶν
2317 3547 2689 3615 ἀσύγγνωστοι
2714 3546 2983 3612 δικασταὶ,
3015 3548 3142 3618 μίαν
3159 3549 3453 3618 ἀπολογίαν
3477 3550 3818 3621 είδότες,τὴν

2146 3630 2255 3684 τῶν
2302 3629 2634 3699 συνεχόντων
2680 3629 2877 3692 αὐτοὺς
2922 3629 3110 3682 κακῶν
3149 3628 3488 3701 ἀπαλλαγήν.
3530 3631 3588 3684 '0
3628 3629 3684 3682 δὲ
3740 3631 3819 3700 μὴ

2114 3710 2443 3780 δυνάμενος
2488 3707 2694 3779 ταύτην
2723 3707 3062 3780 παρασχεῖν,
3111 3708 3214 3763 κᾶν
3249 3711 3449 3780 μυρίας
3486 3709 3622 3780 λέγῃ
3674 3728 3817 3781 προ-

2149 3789 2376 3858 φάσεις,
2411 3788 2682 3842 οὐδέποτε
2711 3788 2810 3859 τὴν
2837 3790 3202 3857 κατάγνωσιν
3241 3789 3496 3858 φεύξεται
3538 3789 3637 3859 τὴν
3677 3790 3817 3860 παρ’

2149 3868 2393 3922 ἐκείνων.
2440 3867 2657 3939 Ἐπειδὴ
2687 3867 2745 3920 δέ
2772 3869 3107 3939 προστασίας
3126 3869 3425 3940 ἐμνήσθην,
3454 3869 3587 3939 φέρε
3611 3885 3695 3921 σοι
3717 3868 3820 3921 καὶ

2149 3949 2344 4018 ἑτέραν
2382 3947 2642 4018 μέμψεων
2679 3950 2709 4023 ,ί
2747 3947 3083 4018 ἀποκαλύψω
3124 3949 3416 4019 πρόφασιν.
3461 3948 3523 4002 El
3575 3948 3688 4017 γὰρ
3740 3947 3819 4018 μὴ

2150 4028 2273 4081 καθ’
2303 4027 2540 4097 ἑκάστην
2569 4028 2781 4098 ἡμέραν
2823 4028 3020 4098 μᾶλλον
3049 4028 3158 4082 τῶν
3191 4029 3468 4100 ἀγοραίων
3500 4030 3822 4100 περινοστεῖ

2149 4107 2246 4170 τάς
2271 4108 2448 4170 οἰκίας
2471 4108 2499 4158 6
2532 4105 2629 4178 τὴν
2665 4107 2969 4178 ἐπισκοπὴν
2997 4108 3156 4178 ἔχων,
3178 4109 3601 4180 προσκρούματα
3628 4107 3820 4160 ἐντεῦ-

2152 4186 2241 4240 Οεν
2264 4185 2541 4257 ἀμύθητα.
2574 4186 2708 4240 Οὐδὲ
2732 4187 2838 4256 γὰρ
2878 4189 3288 4259 ἀρρωστοῦντες
3329 4190 3509 4259 μόνον,
3559 4187 3696 4240 ἀλλὰ
3721 4185 3821 4238 καὶ

2151 4265 2485 4333 ὑγιαίνοντες
2512 4265 2926 4320 ἐπισκοπεῖσθαι
2956 4267 3255 4336 βούλονται,
3295 4269 3356 4321 οὐ
3390 4267 3487 4337 τῆς
3522 4266 3820 4326 εὐλαϐείας

2152 4347 2349 4408 αὐτοὺς
2363 4345 2455 4397 ἐπὶ
2478 4344 2636 4398 τοῦτο
2663 4347 3169 4418 προσκαλουμένης,
3194 4349 3359 4417 τιμῆς
3379 4347 3433 4399 δὲ
3456 4347 3548 4398 καὶ
3575 4345 3820 4414 ἀξιώμα-

2150 4436 2243 4489 τος
2271 4427 2319 4478 οἱ
2336 4425 2519 4478 πολλοὶ
2544 4426 2978 4498 ἀντιποιούμενοι
3005 4427 3224 4497 μᾶλλον.
3244 4427 3306 4479 Εἰ
3325 4425 3382 4479 δέ
3407 4443 3536 4478 ποτε
3569 4424 3818 4494 συμϐαίη

2150 4504 2272 4556 τινὰ
2295 4503 2401 4556 τῶν
2429 4503 2846 4576 πλουσιωτέρων
2878 4507 2972 4559 καὶ
3000 4507 3402 4575 δυνατωτέρων,
3448 4503 3636 4575 χρείας
3667 4503 3818 4564 τινὸς

2150 4584 2608 4657 κατεπειγούσης,
2663 4587 2742 4649 είς
2775 4585 2837 4637 τὸ
2881 4586 3058 4639 κοινὸν
3109 4587 3209 4656 τῆς
3265 4585 3590 4655 Έκκλησίας
3622 4583 3819 4652 κέρδος

2151 4664 2533 4733 συνεχέστερον
2568 4665 2715 4726 ἰδεῖν,
2753 4663 2955 4727 εὐθέως
2984 4663 3238 4717 ἐντεῦθεν
3267 4663 3508 4725 θωπείας
3534 4663 3629 4715 καὶ
3657 4662 3820 4714 κολα-

2127 4742 2304 4804 ·κείας
2328 4742 2730 4812 προσετρίψατο
2751 4740 2763 4792 i
2790 4743 2967 4807 δόξαν.
2985 4744 3093 4796 Kal
3117 4744 3169 4795 τί
3189 4743 3332 4811 λέγω
3359 4741 3698 4812 προστασίας
3721 4743 3820 4792 καὶ

2151 4820 2500 4889 ἐπισκέψεις;
2532 4821 2638 4874 ἀπὸ
2669 4822 2776 4893 γάρ
2811 4823 2918 4874 τῶν
2949 4824 3306 4894 προσρήσεων
3341 4822 3502 4892 μόνον
3560 4820 3821 4872 τοσοῦτον

2149 4901 2408 4971 φέρουσιν
2432 4899 2795 4972 ἐγκλημάτων
2823 4901 3006 4972 ἄχθος,
3036 4902 3110 4964 ὡς
3134 4902 3228 4954 καὶ
3255 4899 3581 4972 βαρύνεσθαι
3604 4900 3699 4951 καὶ
3720 4917 3821 4950 κα-

2147 4981 2438 5037 ταπίπτειν
2465 4980 2570 5033 ὐπὸ
2603 4981 2703 5050 τῆς
2733 4982 2970 5052 ἀθυμίας
3000 4980 3288 5043 πολλάκις·
3312 4979 3500 5050 ήδη-δέ
3529 4979 3623 5032 καὶ
3655 4978 3824 5048 βλέμ-

2153 5079 2322 5134 ματος
2362 5060 2592 5125 εὐθύνας
2629 5061 2910 5132 ὐπέχουσι.
2958 5062 3038 5114 Τά
3082 5061 3190 5132 γὰρ
3227 5059 3414 5124 ἁπλῶς
3463 5061 3597 5130 παρ’
3633 5058 3823 5111 αὐτῶν

2149 5141 2406 5214 γινόμενα
2449 5141 2830 5214 βασανίζουσιν
2864 5141 3110 5213 ἀκριϐῶς
3146 5143 3195 5194 οί
3223 5139 3425 5203 πολλοὶ,
3477 5140 3573 5192 καὶ
3617 5138 3822 5208 μέτρον

2213 5405 2235 5472 ξ
2261 5407 2357 5458 Alii
2390 5409 2472 5464 τὰς
2492 5409 2717 5472 ἀφορμάς.

2213 5462 2237 5533 ς
2263 5471 2357 5533 alii
2386 5462 2698 5533 ἐφ’-ἑκάστῳ,
2719 5469 2800 5520 alii
2826 5470 2896 5532 ἐφ’
2923 5470 3140 5533 ἑκάστης,

2214 5529 2237 5566 ⁸
2264 5525 2346 5580 Sic
2364 5520 2501 5581 re'cie
2525 5520 2684 5581 Savil:
2705 5539 2759 5580 el
2777 5520 2962 5592 alidum
2983 5520 3290 5581 Iussi—Monii.
3316 5530 3430 5579 δέοι.
3459 5529 3820 5582 Eum-Paulo

2151 5598 2411 5657 po§t_unus
2434 5597 2787 5657 πεπιστευμένῳ
2809 5595 2893 5651 τήν
2917 5594 3172 5642 διακονίαν.

2215 5651 2238 5716 l‘
2263 5655 2373 5703 Sav.
2396 5663 2446 5703 cl
2464 5651 2924 5716 διίὶἀναλογίξεσθαι.

2219 5713 2232 5780 ξ
2266 5719 2376 5766 SaV.
2399 5725 2451 5766 et
2472 5719 2553 5766 alii
2580 5713 2818 5780 μέμψεως.

2219 5774 2230 5823 l
2259 5783 2368 5830 δαν.
2402 5774 2789 5845 προσετρίψαντο.
