3922 6242
123 328 230 381 657

117 455 233 503 με
279 438 712 506 incorporearum
755 440 877 491 Sunt
916 442 1230 503 potestatum
1265 434 1365 486 sibi
1405 436 1697 503 praestanda

115 530 392 595 proponit.
432 527 541 582 Nec
578 528 699 581 licet
738 528 787 580 ei
832 526 1133 596 frequenter
1180 536 1232 580 et
1264 526 1516 580 inutiliter
1562 527 1701 581 foras

112 620 390 689 progredi,
424 635 522 673 nec
552 620 729 673 verba
751 617 923 673 futilia
949 634 1185 687 vanaque
1214 617 1451 687 proferre
1477 635 1489 670 :
1521 619 1702 673 convi«

112 711 179 764 cii
227 719 286 763 et
333 710 657 763 adulationis
700 725 765 763 ne
816 724 1007 762 nomen
1042 708 1254 778 quidem
1295 709 1435 762 norit
1471 716 1698 777 Oportet.

108 802 451 870 Quapropter
466 801 769 855 ﬁrmissima
785 800 1017 853 custodia
1035 808 1089 853 et
1104 799 1286 867 majori
1302 799 1542 867 prtesidio
1569 814 1701 868 opus

112 892 318 945 habet:
372 907 495 944 nam
539 890 833 945 sanctitatis
868 889 1033 943 hostis
1080 890 1218 958 ipsas
1247 889 1413 957 magis
1453 890 1699 944 observat

112 983 428 1051 insidiisque
456 983 687 1051 appetit,
727 981 793 1034 ad
825 980 1182 1033 devorandum
1230 988 1440 1049 paratus
1468 980 1511 1034 si
1540 995 1696 1048 quam

108 1073 378 1127 labentem
409 1072 795 1141 cadentemque
820 1071 993 1124 videat
1024 1088 1038 1126 :
1080 1070 1351 1123 hominum
1381 1071 1504 1124 item
1544 1071 1696 1125 multi

109 1163 236 1229 ipsis
266 1162 611 1225 insidiantur,
633 1177 753 1216 cum
776 1162 942 1229 iisque
965 1161 1207 1215 omnibus
1233 1168 1433 1214 natura:
1459 1162 1696 1230 petulan-

106 1256 196 1305 tia.
230 1253 291 1307 In
312 1268 526 1307 summa
551 1253 748 1321 duplex
780 1251 974 1305 bellum
1002 1250 1069 1304 ab
1093 1266 1153 1305 ea
1182 1252 1399 1320 geritur,
1428 1251 1567 1305 aliud
1595 1268 1691 1306 ex—

110 1346 377 1400 trinsecus
427 1346 774 1403 incumbens.
838 1344 979 1398 aliud
1023 1344 1337 1397 intrinsecus
1383 1343 1690 1398 obturbans.

109 1437 229 1493 Ideo
255 1452 484 1508 magnus
514 1439 677 1491 instat
701 1436 929 1490 curatori
961 1436 1136 1501 timor,
1173 1434 1341 1505 majus
1377 1436 1690 1504 periculum,

110 1530 262 1583 dolor
288 1531 501 1598 ingens,
548 1528 594 1582 si
623 1527 747 1597 quid
781 1536 963 1581 contra
988 1527 1148 1580 animi
1175 1526 1512 1589 sententiam,
1552 1526 1692 1596 quod

107 1622 263 1681 absit,
313 1620 545 1673 accidat.
599 1618 731 1672 Nam
761 1617 805 1671 si
853 1618 985 1685 patri
1017 1619 1126 1686 ﬁlia
1160 1618 1387 1671 occulta‘
1437 1617 1692 1686 vigilantia

106 1711 297 1779 (Eccli.
323 1712 417 1766 42.
440 1712 496 1781 9)
523 1720 626 1775 est,
673 1720 728 1765 et
764 1708 1065 1764 sollicitudo
1102 1710 1216 1777 ejus
1253 1723 1496 1762 somnum
1533 1708 1599 1761 ab
1626 1722 1692 1762 eo

106 1802 348 1871 depellit,
374 1804 596 1855 timente
620 1816 686 1855 ne
712 1810 800 1853 aut
819 1801 1015 1854 sterilis
1038 1801 1127 1863 sit,
1159 1800 1240 1853 vel
1267 1799 1495 1855 nubilem
1515 1809 1691 1853 trans-

105 1893 381 1960 grediatur
401 1901 635 1957 aetatem,
666 1893 749 1947 vel
780 1906 965 1961 perosa
991 1890 1061 1945 sit
1082 1893 1290 1961 conjugi
1322 1906 1337 1946 :
1379 1891 1501 1959 quid
1526 1892 1692 1961 patie-

104 2000 187 2042 tur
214 1989 284 2053 is,
312 1986 406 2056 qui
440 1986 629 2039 borum
660 1982 872 2054 quidem
896 1983 1044 2050 nihil,
1066 1982 1157 2037 sed
1180 1982 1278 2036 alia
1306 1983 1369 2036 iis
1397 1984 1551 2053 longe
1569 1997 1688 2051 gra-

103 2081 250 2131 viora
275 2075 511 2131 metuit?
536 2074 716 2144 Neque
742 2074 826 2128 hic
847 2075 925 2127 vir
942 2075 1207 2128 contemni
1230 2083 1424 2144 potest,
1450 2074 1544 2129 sed
1573 2075 1685 2143 ipse

102 2169 350 2222 Christus
382 2185 397 2220 :
428 2180 600 2234 neque
624 2165 871 2219 sterilitas
901 2165 951 2218 in
974 2165 1315 2233 ignominiam
1338 2172 1561 2231 tantum,
1593 2164 1687 2219 sed

100 2262 301 2314 malum
326 2260 381 2312 in
405 2258 692 2328 perniciem
716 2258 905 2311 animm
925 2256 1135 2311 desinit.
1158 2255 1289 2311 Nam
1315 2254 1490 2311 Omnis
1513 2259 1681 2325 arbor,

100 2352 191 2415 ait,
224 2366 343 2419 qua:
371 2366 472 2401 non
496 2349 617 2419 facit
634 2348 855 2417 fructum
885 2349 1089 2414 bonum,
1116 2348 1370 2403 excidatur
1390 2358 1433 2402 et
1452 2350 1505 2403 in
1519 2350 1684 2420 ignem

101 2444 329 2495 mittetur
362 2441 574 2511 (Matth.
604 2442 656 2495 5.
683 2440 790 2509 10).
836 2440 898 2493 Εἰ
926 2456 1051 2495 vero
1073 2456 1189 2509 qua:
1220 2441 1273 2495 in
1298 2442 1477 2509 sponsi
1505 2441 1681 2497 odium

100 2533 347 2595 incurrit,
381 2548 487 2584 non
524 2532 651 2585 satis
680 2540 760 2584 est
789 2539 1004 2598 accepto
1039 2530 1245 2599 repudii
1286 2531 1465 2586 libello
1496 2532 1679 2597 abire;

98 2624 188 2676 sed
215 2623 328 2675 odii
352 2623 493 2675 illius
521 2636 708 2690 pinnas
737 2622 851 2684 luit,
885 2620 1197 2690 supplicium
1219 2629 1493 2676 aeternum.
1525 2621 1681 2678 Certe

100 2723 255 2782 pater
282 2712 515 2767 carnalis
546 2711 711 2764 multa
738 2710 916 2776 habet,
939 2726 1057 2780 qua:
1089 2711 1294 2764 facilem
1322 2712 1416 2780 ipsi
1449 2710 1567 2766 ﬁlia:
1590 2726 1683 2766 cu-

98 2804 326 2857 stndiam
357 2804 615 2868 reddant;
654 2818 774 2856 nam
809 2814 862 2857 et
889 2813 1057 2857 mater
1083 2812 1136 2857 et
1164 2804 1341 2857 nutrix
1371 2812 1423 2858 et
1458 2803 1680 2860 famula-

99 2913 212 2949 rum
245 2896 404 2949 turba
444 2906 499 2949 et
522 2895 712 2948 domus
752 2893 971 2948 ﬁrmitas
1011 2904 1283 2963 parentem
1324 2895 1389 2948 ad
1427 2896 1679 2965 virginem

97 2987 414 3041 servandam
437 2987 639 3055 juvant.
661 2984 842 3054 Neque
866 2986 1007 3039 enim
1030 2985 1079 3038 in
1099 2984 1267 3039 forum
1292 3000 1408 3040 eam
1431 2986 1678 3055 frequen-

96 3090 175 3135 ter
202 3079 424 3148 prodire
459 3078 618 3143 sinit;
666 3092 838 3146 neque
882 3078 924 3131 si
955 3077 1191 3147 prodeat,
1225 3080 1451 3147 cuipiam
1486 3094 1677 3134 occur-

96 3171 327 3224 rentium
371 3184 630 3239 apparere
667 3168 890 3239 cogitur,
932 3183 1051 3222 cum
1093 3168 1677 3237 vespertintetenebrze

93 3261 333 3332 conspici
398 3261 594 3315 uolenti
644 3274 749 3314 non
811 3261 1067 3314 minorem
1106 3260 1311 3315 obicem
1361 3260 1675 3331 obtendant,

92 3371 248 3425 quam
333 3354 571 3423 parietes
637 3352 845 3407 domus.
914 3352 1116 3407 Praeter
1169 3351 1285 3407 haec
1345 3368 1472 3409 vero
1535 3355 1676 3410 nulla

90 3445 274 3499 subest
298 3458 481 3507 causa,
512 3458 630 3513 quae
658 3442 799 3497 illam
822 3457 1068 3511 umquam
1091 3441 1159 3496 ad
1186 3442 1417 3497 virorum
1444 3457 1673 3513 conspe-

88 3545 232 3589 ctum
265 3535 446 3603 adigat
475 3552 489 3587 :
517 3548 689 3602 neque
714 3534 853 3587 enim
883 3546 1055 3587 rerum
1084 3534 1501 3587 necessariarum
1523 3549 1671 3602 cura,

88 3640 263 3695 neque
305 3623 611 3678 ltedentium
652 3623 930 3687 molestiae,
974 3638 1147 3691 neque
1190 3624 1363 3678 simile
1406 3624 1671 3694 quidpiam

88 3716 231 3769 illam
262 3716 318 3768 in
349 3715 471 3768 talis
507 3728 823 3783 congressus
859 3713 1225 3767 necessitatem
1256 3714 1517 3781 impellit:
1549 3730 1671 3770 cum

88 3806 163 3859 illi
193 3815 346 3875 pater
372 3806 488 3860 vice
508 3805 745 3860 omnium
773 3804 861 3870 sit,
896 3803 1008 3874 ipsa
1036 3818 1161 3858 vero
1185 3819 1342 3858 unam
1366 3804 1671 3861 habeatcu-

86 3913 221 3963 ram,
268 3908 331 3951 ut
367 3897 500 3951 nihil
525 3896 611 3951 vel
637 3906 757 3965 agat
791 3897 875 3949 vel
904 3896 1150 3964 loquatur
1173 3896 1312 3964 quod
1337 3896 1669 3953 honestatem

86 3989 366 4044 dedeceat.
398 3988 465 4041 At
496 3987 583 4040 hic
607 3986 770 4040 multa
798 3994 921 4039 sunt
949 4001 1066 4056 quae
1090 3986 1384 4040 custodiam
1413 3989 1545 4056 patri
1568 3988 1669 4042 dif-

61 4081 302 4144 ‘ticilem,
352 4079 462 4132 imo
508 4086 625 4133 arte
668 4078 993 4146 superiorem
1034 4078 1277 4131 reddant.
1322 4077 1502 4148 Neque
1527 4081 1668 4135 enim

86 4180 257 4239 potest
283 4184 405 4224 eam
430 4168 571 4221 intus
593 4182 771 4221 secum
802 4167 995 4221 habere
1040 4185 1053 4219 ε
1101 4167 1203 4221 hoc
1242 4168 1435 4237 quippe
1475 4179 1665 4223 contu-

85 4263 331 4317 bernium
373 4276 476 4315 nec
510 4260 788 4313 honestum
819 4266 979 4325 esset,
1029 4274 1125 4313 nec
1165 4259 1399 4328 periculo
1434 4270 1664 4317 vacaret.

85 4354 233 4407 Licet
257 4352 405 4407 enim
435 4351 560 4404 hinc
599 4351 700 4403 illis
727 4350 853 4402 nihil
884 4349 1062 4402 damni
1089 4348 1318 4414 adesset,
1361 4350 1453 4405 sed
1485 4366 1663 4405 veram

82 4446 420 4499 sanctitatem
480 4456 693 4496 servare
740 4449 1052 4509 pergerent,
1099 4454 1203 4492 non
1242 4440 1499 4494 minorem
1540 4442 1663 4497 red-

82 4539 237 4592 dituri
269 4544 455 4592 essent
490 4535 749 4588 rationem
796 4547 889 4600 pro
930 4532 993 4585 iis
1042 4532 1333 4595 animabus,
1362 4533 1552 4602 quibus
1578 4533 1663 4588 of-

80 4631 350 4685 fendiculo
394 4627 638 4690 fuissent,
682 4641 837 4695 quam
874 4626 917 4680 si
960 4626 1117 4679 ambo
1145 4636 1473 4697 peccassent.
1528 4627 1660 4682 Cum

81 4732 256 4775 autem
286 4721 338 4773 id
374 4720 487 4772 ﬁeri
517 4727 763 4786 nequeat,
794 4732 898 4771 non
926 4716 1077 4771 facile
1107 4718 1205 4786 ipsi
1231 4727 1314 4773 est
1331 4720 1521 4773 anima:
1548 4735 1662 4775 mo-

77 4822 157 4867 tus
183 4812 454 4875 ediscere,
486 4818 540 4862 et
565 4823 660 4863 eos
683 4809 770 4877 qui
802 4808 1083 4862 inordinati
1120 4819 1242 4862 sunt
1272 4824 1534 4877 resecare,
1570 4812 1660 4882 qui

77 4917 201 4956 vero
227 4900 415 4955 debito
440 4898 625 4953 ordine
652 4906 707 4952 et
734 4897 891 4951 modo
920 4890 1213 4966 procedunt
1231 4901 1497 4968 excolere,
1527 4912 1580 4956 et
1605 4903 1658 4957 in

80 4993 267 5047 melius
288 4989 557 5044 deducere
585 5006 599 5042 :
646 5003 818 5058 neque
845 4988 1016 5043 exitus
1047 4989 1101 5042 in
1142 4989 1405 5059 publicum
1451 4994 1659 5048 curiose

78 5084 330 5153 indagare
372 5082 424 5135 in
466 5089 712 5150 promptu
740 5088 857 5145 est;
892 5095 1011 5133 nam
1038 5081 1178 5149 quod
1206 5080 1295 5135 illa
1332 5082 1482 5151 in0ps
1511 5083 1581 5138 sit
1605 5095 1658 5140 et

76 5175 371 5245 patrocinio
410 5173 681 5239 destituta,
730 5187 836 5227 non
881 5182 1056 5241 potest
1094 5174 1206 5241 ipse
1242 5183 1347 5227 tam
1382 5185 1656 5232 accuratus

71 5268 248 5322 decori
289 5274 345 5321 et
369 5265 581 5320 honesti
618 5264 918 5333 explorator
954 5278 1092 5318 esse.
1132 5264 1338 5318 Etenim
1383 5280 1500 5319 cum
1542 5268 1653 5334 ipsa

71 5361 168 5414 sibi
218 5358 404 5413 omnia
465 5356 838 5414 administrare
899 5365 1139 5424 cogatur,
1204 5355 1248 5408 si
1298 5364 1654 5425 temperanter

70 5450 248 5507 vivere
276 5449 430 5509 nolit,
474 5445 703 5501 exeundi
738 5445 1045 5499 occasiones
1090 5446 1419 5505 comminisci
1460 5457 1650 5516 potest.

129 5563 144 5594 ι
172 5564 434 5611 Sievocem
455 5559 732 5608 hebraicam
763 5541 922 5622 δέη
959 5559 1303 5619 interpretatur
1336 5560 1497 5623 Aquila
1531 5567 1650 5611 Gen.

72 5625 145 5683 ει,
168 5626 248 5684 425,
288 5639 386 5687 qua
410 5637 541 5688 voce,
574 5625 868 5685 signiﬁcatur
893 5629 1028 5688 virgo
1051 5640 1161 5688 qua:
1184 5627 1341 5677 clausa
1364 5637 1416 5677 et
1447 5630 1653 5680 virorum

69 5690 277 5751 aspectui
306 5686 597 5751 abscondita
634 5697 811 5738 manet.
834 5691 913 5738 llic
939 5686 1085 5737 locus
1105 5689 1227 5751 apud
1261 5691 1515 5741 Siracldem
1540 5689 1652 5743 loco

72 5746 280 5799 initextu
300 5750 451 5798 citato
482 5746 678 5809 legitur.

1342 322 1428 377 DE
1465 323 1911 383 SACERDOTIO.
1950 326 2077 383 LIB.
2119 328 2205 384 ΙΙΙ.

3268 346 3369 401 688

1809 438 2131 510 Oportetque
2157 442 2386 513 aliquem
2408 445 2681 514 jubenlem
2698 448 2839 504 domi
2860 467 3093 519 manere,
3124 458 3211 524 qui
3239 460 3370 514 tales

1802 530 2108 587 occasiones
2136 535 2402 601 prmeidat,
2420 552 2482 591 ac
2503 541 2798 595 necessaria
2824 544 3142 614 suppeditet,
3164 563 3369 606 necnon

1802 619 2051 677 feminam
2082 639 2193 679 rem
2216 625 2353 680 illius
2381 638 2653 684 curantem
2683 648 2696 683 :
2725 635 2951 689 arcenda
2977 635 3101 690 item
3128 647 3209 693 est
3230 655 3260 693 a
3282 640 3367 695 fu-

1802 715 2022 769 neribus
2047 730 2109 770 ac
2134 719 2439 789 pervigiliis.
2469 719 2625 776 Novit
2643 723 2806 789 enim,
2837 729 2982 782 novit
2999 728 3369 788 callidissimus

1799 802 1889 857 ille
1937 818 2156 874 serpens
2212 824 2306 877 per
2352 811 2489 866 bona
2538 814 2697 870 etiam
2742 831 2902 886 opera
2938 818 3082 875 virus
3121 837 3368 894 spargere

1796 907 1951 948 suum
1982 909 1997 946 :
2038 911 2275 967 opusque
2304 909 2386 955 est
2409 903 2660 973 virginem
2690 907 3034 980 undequaque
3062 916 3273 978 muniri,
3315 927 3369 971 et

1798 998 1921 1037 raro
1945 1000 2039 1053 per
2066 1002 2259 1042 annum
2291 989 2450 1046 domo
2475 992 2676 1062 egredi,
2714 1011 2905 1066 nempe
2926 1014 3045 1053 cum
3076 1000 3369 1058 indeclina—

1799 1073 1933 1130 biles
1957 1091 2019 1131 ac
2043 1082 2356 1135 necessariae
2377 1093 2566 1153 urgent
2591 1101 2781 1142 causzn.
2811 1089 2865 1144 Si
2903 1091 3020 1161 quis
3048 1086 3175 1149 véro
3202 1094 3363 1167 dicat,

1802 1179 1906 1218 non
1931 1183 2061 1236 opus
2076 1184 2194 1225 esse
2212 1182 2266 1224 ut
2286 1188 2371 1228 res
2399 1173 2696 1243 hujusmodi
2713 1179 2962 1251 episcopo
2983 1186 3362 1255 committatur,

1794 1261 2001 1313 noverit
2031 1261 2092 1326 is,
2125 1262 2453 1333 singularum
2491 1282 2664 1322 rerum
2693 1280 2955 1340 gestarum
2984 1270 3288 1332 occasiones
3312 1288 3369 1333 et

1793 1360 1982 1403 causas
2007 1350 2071 1403 ad
2098 1352 2266 1420 ipsum
2292 1354 2596 1412 referendas
2622 1374 2771 1425 esse;
2803 1362 2871 1415 ita
2894 1372 2949 1417 ut
2971 1365 3135 1421 multo
3162 1369 3362 1434 utilius,

1794 1440 1835 1491 si
1867 1442 2042 1496 omnia
2073 1443 2185 1512 ipse
2214 1445 2606 1516 administrans,
2641 1452 2703 1505 iis
2728 1454 3035 1512 criminibus
3064 1458 3196 1513 liber
3221 1460 3366 1515 futu-

1791 1544 1882 1584 rus
1914 1531 2002 1597 sit,
2050 1547 2169 1602 qua:
2199 1547 2414 1605 prapter
2441 1539 2662 1593 aliorum
2704 1552 2918 1611 peccata
2961 1549 3140 1603 subire
3185 1544 3361 1616 debet,

1791 1636 1947 1690 quam
2001 1624 2077 1691 si,
2128 1625 2345 1682 dimissa
2398 1631 2697 1703 hujusmodi
2745 1636 3218 1706 administratione,
3270 1657 3365 1710 pro

1790 1714 2015 1768 aliorum
2041 1719 2202 1785 gestis
2236 1719 2303 1775 de
2337 1723 2543 1777 ratione
2580 1726 2847 1782 reddenda
2873 1738 3100 1786 tremere
3123 1744 3360 1803 cogatur.

1788 1806 1869 1860 Ad
1900 1807 2032 1875 haec,
2065 1814 2151 1879 qui
2179 1826 2275 1878 per
2305 1828 2363 1868 se
2399 1814 2449 1867 id
2479 1816 2620 1885 agit,
2662 1817 2943 1874 admodum
2988 1822 3139 1878 facile
3184 1829 3361 1881 omnia

1789 1900 2048 1966 percurrit
2078 1919 2093 1954 :
2124 1903 2212 1970 qui
2236 1918 2364 1957 vero
2385 1907 2627 1961 omnibus
2656 1908 2773 1961 aliis
2792 1910 2856 1963 ad
2879 1926 3025 1965 suam
3045 1917 3361 1970 sententiam

1786 1991 2064 2056 pertractis
2103 1991 2153 2045 id
2196 2007 2352 2063 agere
2381 1998 2603 2065 cogitur,
2646 2014 2749 2052 non
2780 2009 2975 2055 tantam
3021 2003 3180 2058 habet
3218 2006 3361 2061 labo-

1783 2081 1859 2133 ris
1885 2082 2249 2139 remissionem
2290 2102 2353 2140 ex
2398 2102 2463 2142 eo
2487 2089 2626 2158 quod
2668 2106 2771 2144 non
2815 2093 2895 2146 sui
2937 2094 3103 2149 solius
3143 2097 3361 2154 arbitrio

1783 2182 1924 2244 agat,
1972 2187 2164 2245 quanta
2202 2181 2407 2248 negotia
2435 2190 2489 2235 et
2518 2183 2770 2237 tumultus
2798 2200 2891 2254 per
2924 2202 3015 2241 eos
3056 2190 3143 2257 qui
3169 2188 3360 2244 advert-

1784 2276 1967 2322 santur
1996 2278 2049 2323 et
2079 2285 2172 2338 pro
2199 2287 2293 2326 suo
2313 2282 2546 2343 pugnant
2569 2275 2791 2343 judicio.
2824 2277 3015 2332 Verum
3040 2294 3144 2334 non
3174 2296 3360 2337 omnes

1784 2356 1849 2412 de
1888 2359 2178 2428 virginibus
2212 2363 2595 2419 sollicitudines
2624 2368 2931 2421 recensendi
2978 2367 3200 2425 facultas
3229 2381 3311 2426 est
3342 2390 3355 2426 :

1785 2452 1982 2504 etenim
2009 2466 2127 2504 cum
2172 2452 2223 2505 in
2270 2454 2447 2508 album
2494 2456 2782 2511 referenda:
2823 2468 2979 2524 sunt,
3026 2475 3126 2514 non
3176 2477 3358 2530 parum

1782 2543 1978 2612 negotii
2008 2541 2275 2599 facessunt
2315 2548 2398 2613 ei,
2441 2550 2525 2601 cui
2574 2549 2685 2603 tunc
2723 2549 3108 2606 administratio
3136 2568 3358 2610 concre-

1782 2632 1887 2687 dita
1924 2641 2031 2688 est.“

1849 2722 2170 2779 Judiciorum
2202 2726 2417 2796 oﬂicium
2441 2746 2592 2799 quam
2617 2730 2898 2785 molestum.
2934 2763 3006 2773 —-
3030 2733 3355 2794 Judiciorum

1780 2812 2009 2868 ofﬁcium
2026 2812 2331 2872 innumeras
2349 2819 2487 2889 parit
2506 2820 3026 2886 molestias,multum
3043 2828 3255 2896 negotii,
3281 2837 3355 2883 tot

1779 2904 2137 2973 difﬁcultates,
2153 2919 2279 2978 quot
2297 2926 2362 2964 ne
2382 2910 2618 2967 forenses
2639 2913 2849 2982 quidem
2867 2915 3072 2984 judices
3093 2918 3315 2973 subeunt
3336 2934 3354 2974 :

1779 2996 2035 3066 siquidem
2069 2999 2156 3068 jus
2180 2999 2351 3069 ipsum
2379 3003 2614 3072 reperire
2634 3004 2784 3058 labor
2807 3014 2923 3059 est:
2954 3018 3219 3077 repertum
3248 3026 3354 3066 non

1778 3088 1979 3143 violare
2007 3089 2242 3145 difﬁcile.
2283 3092 2397 3146 Non
2428 3093 2587 3149 modo
2625 3104 2800 3149 autem
2835 3099 3100 3167 negotium
3128 3109 3183 3154 et
3210 3100 3357 3154 difﬁ-

1777 3180 1947 3235 cultas
1973 3181 2143 3250 adest,
2189 3182 2281 3237 sed
2307 3185 2468 3238 etiam
2499 3187 2790 3255 periculum
2820 3203 2923 3242 non
2963 3204 3201 3259 parvum.
3237 3190 3353 3246 Jam

1776 3277 1917 3328 enim
1948 3275 2160 3344 quidam
2183 3291 2249 3331 ex
2270 3278 2649 3334 inﬁrmioribus
2670 3280 2722 3334 in
2755 3281 2964 3349 negotia
2987 3281 3209 3352 delapsi,
3232 3284 3353 3354 quia

1776 3367 2123 3434 patrocinium
2174 3383 2278 3422 non
2333 3368 2615 3435 invenere,
2665 3370 2804 3425 circa
2858 3370 3013 3427 ﬁdem
3064 3374 3352 3444 nanfragati

1775 3466 1916 3511 sunt.
1970 3458 2113 3513 Multi
2148 3460 2287 3513 enim
2338 3476 2403 3515 ex
2441 3462 2689 3515 laesorum
2735 3477 2954 3517 numero
3001 3479 3108 3518 non
3152 3466 3347 3533 minus,

1773 3563 1929 3618 quam
1971 3548 2112 3617 ipsos
2153 3547 2426 3617 lmdentes,
2456 3566 2549 3605 eos
2576 3552 2665 3621 qui
2702 3553 2801 3606 sibi
2847 3569 2952 3608 non
2993 3553 3169 3608 ferunt
3195 3571 3350 3624 opem

1774 3638 1895 3693 odio
1912 3639 2107 3694 habent
2129 3658 2142 3693 :
2166 3655 2228 3695 ac
2256 3657 2425 3711 neque
2442 3647 2768 3712 negotiorum
2793 3643 3165 3712 distractionis,
3182 3662 3350 3716 neque

1775 3739 2067 3800 temporum
2094 3733 2403 3802 iniquitatis,
2429 3750 2598 3804 neque
2614 3735 2955 3790 sacerdotalis
2972 3739 3216 3806 potentia:
3238 3755 3349 3793 nie-

1752 3821 2083 3887 rdiocritatis,
2137 3839 2308 3893 neque
2351 3826 2485 3877 alius
2522 3825 2812 3895 cujuspiam
2853 3829 3107 3883 rationem
3154 3831 3348 3886 habere

1770 3913 1980 3978 volunt;
2032 3914 2124 3968 sed
2173 3924 2295 3969 sunt
2342 3916 2694 3971 inexorabiles
2729 3918 2953 3987 judices,
3012 3920 3146 3974 hanc
3189 3937 3345 3977 unam

1748 4006 1999 4059 scientes
2027 4006 2341 4076 apologiam,
2372 4009 2632 4062 malorum
2662 4024 2719 4064 se
2747 4012 3093 4079 prementium
3123 4015 3341 4068 exitum.

1768 4094 1866 4162 Qui
1898 4098 2036 4151 hunc
2059 4097 2291 4171 praebere
2322 4101 2518 4168 nequit,
2552 4102 2791 4169 quamvis
2832 4102 3135 4158 innumeras
3157 4120 3343 4161 causas

1768 4186 2019 4254 proferat,
2052 4205 2333 4258 numquam
2365 4206 2548 4244 eorum
2576 4191 3066 4249 condemnationem
3109 4195 3340 4265 effugiet.

1766 4277 1897 4344 Quia
1946 4293 2072 4332 vero
2111 4280 2387 4347 patrocinii
2430 4282 2751 4336 mentionem
2789 4282 2908 4347 feci,
2940 4299 3034 4354 age
3061 4286 3215 4339 aliam
3250 4287 3341 4341 tibi

1765 4370 1996 4437 quereltc
2021 4386 2232 4425 causam
2257 4372 2555 4427 declarabo.
2589 4374 2722 4429 Nam
2745 4377 2843 4429 nisi
2872 4376 3104 4445 quotidie
3131 4381 3339 4447 episco-

1763 4476 1862 4531 pus
1896 4462 2032 4531 plus,
2060 4479 2216 4534 quam
2251 4466 2347 4534 ipsi
2379 4465 2632 4531 forenses,
2662 4468 2847 4521 domos
2871 4470 3189 4538 circumeat,
3221 4473 3340 4527 hinc

1763 4555 2083 4612 offensiones
2124 4558 2433 4615 innumerzc.
2485 4559 2599 4613 Non
2644 4559 2783 4615 enim
2828 4561 2952 4629 :egri
2999 4562 3189 4627 solum,
3245 4564 3339 4619 sed

1762 4646 1920 4701 etiam
1950 4648 2038 4716 qui
2069 4648 2202 4702 bene
2228 4649 2424 4715 valent,
2463 4649 2616 4704 invisi
2643 4664 2701 4705 se
2726 4650 2936 4718 volunt;
2983 4668 3087 4706 non
3130 4654 3339 4724 pietatis

1760 4737 2097 4807 religionisve
2132 4754 2310 4804 causa,
2338 4738 2432 4794 sed
2462 4741 2677 4794 honoris
2701 4741 3073 4813 dignitatisque
3107 4744 3157 4799 id
3190 4746 3337 4800 multi

1738 4830 1995 4899 exigunt.
2030 4830 2181 4898 Quod
2210 4833 2254 4886 si
2280 4833 2415 4887 forte
2453 4835 2721 4904 contingat
2749 4846 2805 4889 ut
2829 4836 3053 4907 aliquem
3082 4855 3148 4893 ex
3176 4838 3335 4893 ditio-

1758 4922 1903 4977 ribus
1934 4924 2432 4993 potentioribusque,
2463 4936 2683 4996 urgente
2707 4942 2852 4993 casu,
2897 4929 2949 4982 in
2978 4928 3227 4983 Ecclesire
3254 4930 3334 4983 lu-

1758 5030 1906 5068 crum
1933 5014 2261 5086 frequentius
2282 5018 2476 5081 visitet,
2512 5021 2688 5073 statim
2718 5021 3001 5088 palpatoris
3025 5029 3180 5090 atque
3204 5022 3334 5075 adu-

1732 5106 1943 5171 ,latoris
1973 5116 2150 5161 notam
2179 5109 2277 5161 sibi
2306 5110 2482 5162 inurit.
2503 5108 2606 5163 Sed
2629 5110 2752 5179 quid
2778 5109 3063 5178 patrocinia
3091 5120 3143 5165 et
3162 5111 3332 5167 aditus

1732 5214 2027 5264 memoro,
2066 5199 2275 5268 quando
2300 5216 2367 5254 ex
2394 5200 2886 5268 compellationibus
2925 5202 3091 5256 solum
3132 5213 3328 5258 tantam

1755 5290 2183 5344 critniuationum
2220 5292 2413 5346 molem
2444 5292 2691 5358 aﬁ'erunt,
2723 5302 2781 5346 ut
2806 5309 2870 5348 ex
2899 5294 3057 5348 animi
3101 5312 3329 5353 maerore

1754 5396 1896 5451 saepe
1925 5383 1997 5436 illi
2034 5394 2317 5452 graventur
2346 5395 2399 5438 et
2425 5383 2847 5439 decidant?.lam
2878 5401 3000 5438 vero
3040 5388 3117 5441 vel
3149 5390 3329 5443 oculo-

1754 5488 1868 5526 rum
1891 5476 2155 5527 contuitus
2183 5474 2522 5542 explorantur
2560 5491 2575 5528 :
2608 5491 2730 5529 nam
2759 5476 2873 5545 ejus
2900 5475 2980 5530 vel
3006 5476 3326 5547 simpliciora

1753 5572 1901 5632 gesta
1928 5562 1991 5616 ad
2022 5564 2270 5616 trutinam
2312 5572 2503 5619 vocant
2533 5564 2666 5619 bene
2703 5565 2874 5631 multi,
2907 5567 3051 5620 vocis
3091 5568 3325 5634 modum,

1754 5654 2039 5722 aspiciendi
2078 5654 2395 5725 videndique
2440 5658 2717 5712 rationem.
2764 5658 2839 5713 llli
2879 5659 3126 5730 cuipiam,
3158 5661 3324 5727 aiunt,

1730 5744 1921 5803 effuse
1946 5745 2143 5819 arrisit,
2170 5746 2323 5804 hilari
2350 5748 2519 5820 ipsum
2535 5749 2680 5806 vultu
2704 5758 2757 5807 et
2774 5766 2961 5822 magna
2980 5765 3107 5807 voce
3126 5751 3323 5808 saluta-
