3864 6232
572 363 678 419 639

570 480 649 537 vit
677 496 692 534 :
736 491 823 532 me
846 488 975 530 vero
996 473 1151 541 longe
1175 462 1385 538 parcius
1429 468 1485 515 et
1520 450 1894 527 perfunctorie.
1923 444 2076 514 Quod
2103 442 2149 498 si

573 571 757 629 multis
798 537 1153 623 assidentibus
1178 537 1283 613 non
1322 552 1555 621 undique
1596 546 1777 603 oculos
1816 537 2153 629 circumferat

575 628 715 719 inter
763 655 1105 730 loquendum,
1151 650 1203 705 id
1248 662 1348 718 pro
1387 638 1706 698 contumelia
1744 631 1897 690 multi
1933 628 2149 685 habent.

574 755 703 825 Quis
728 726 887 824 igitur
912 748 1013 804 nisi
1042 742 1329 801 admodum
1366 735 1517 792 fortis
1541 742 1650 788 tam
1678 726 1859 784 multis
1878 728 2154 822 accusato-

574 810 721 900 ribus
748 810 1011 897 'suflicere
1052 833 1264 908 poterit,
1317 837 1373 884 ut
1397 826 1480 882 vel
1505 825 1573 880 ab
1601 821 1708 877 illis
1757 817 2058 908 nullatenus
2099 810 2154 864 in

575 936 779 990 crimen
805 940 1043 996 vocetur,
1054 904 1152 981 ‘ch
1178 929 1456 979 accusatus
1480 930 1599 971 sese
1622 907 1909 982 expediat?
1934 904 2157 996 Oportet

576 1028 719 1083 enim
762 1030 1126 1087 accusatorem
1168 1030 1286 1072 esse
1332 1009 1628 1069 neminem;
1671 1003 1715 1057 si
1750 1001 1802 1056 id
1831 998 2007 1053 minus
2044 993 2157 1049 fieri

578 1120 771 1190 possit,
798 1115 972 1171 oblata
996 1114 1180 1169 saltem
1206 1106 1427 1163 erimina
1452 1102 1690 1159 abluere.
1716 1094 1867 1164 Quod
1888 1093 1934 1148 si
1963 1106 2030 1146 ne
2057 1088 2160 1190 hoc

580 1180 796 1280 quidem
823 1206 972 1261 facile
1000 1212 1101 1267 est,
1127 1199 1221 1255 sed
1250 1196 1466 1268 quidam
1494 1201 1696 1247 temere
1732 1197 1786 1241 et
1820 1186 2014 1239 frustm
2040 1180 2158 1237 cnl-

584 1272 761 1370 pando
794 1296 1025 1369 gaudent
1068 1312 1080 1347 :
1128 1290 1332 1346 fortiter
1357 1282 1574 1341 ferenda
1604 1289 1684 1335 est
1711 1272 2161 1348 querimoniarum

586 1362 887 1459 huiusmodi
905 1383 1173 1441 mmstitia.
1198 1378 1407 1434 Etenim
1432 1374 1523 1444 qui
1545 1372 1665 1443 iure
1686 1375 1983 1431 accusatur,
2010 1362 2163 1418 facile

583 1490 922 1537 accusantem
953 1477 1130 1533 tulerit
1162 1492 1175 1527 :
1216 1466 1643 1543 quandoquidem
1684 1462 1826 1519 enim
1866 1459 2043 1514 nullus
2072 1470 2164 1510 ac-

583 1581 799 1628 cusator
834 1569 1076 1625 acerbior
1108 1574 1189 1619 est
1216 1564 1329 1634 ipsa
1354 1555 1713 1619 conscientia;
1742 1552 1809 1607 ab
1838 1550 1930 1606 illo
1950 1554 2166 1602 auctore

587 1664 821 1721 omnium
858 1657 1230 1715 molestissimo
1255 1654 1393 1724 capti
1438 1659 1687 1706 externos
1726 1650 2061 1699 accusatores
2085 1649 2169 1694 ut-

585 1762 713 1826 pote
749 1753 989 1808 mitiores
1025 1748 1179 1807 facile
1225 1744 1474 1816 patimur.
1517 1739 1617 1809 Qui
1646 1746 1822 1792 autem
1849 1732 2041 1788 nullius
2067 1728 2167 1785 sibi

587 1824 757 1915 culpa:
784 1843 1030 1899 conscius
1056 1851 1159 1902 est,
1205 1838 1340 1893 falso
1367 1843 1646 1890 accusatus
1677 1827 1930 1884 continuo
1954 1826 2007 1879 in
2035 1824 2169 1878 iram

588 1938 837 2002 vertitur,
879 1944 935 1989 et
975 1934 1028 1988 in
1053 1944 1338 1987 maerorem
1369 1926 1522 1981 facile
1548 1922 1761 1987 decidit,
1791 1919 1889 1974 nisi
1918 1917 2065 1989 prius
2103 1915 2171 1969 ad

590 2029 880 2083 multorum
911 2024 1158 2082 ferendas
1184 2021 1416 2078 insanias
1438 2016 1757 2074 exercitatus
1784 2012 1961 2068 fuerit.
1990 2008 2173 2080 Neque

591 2119 737 2174 enim
787 2117 899 2173 fieri
947 2123 1141 2186 potest,
1207 2111 1486 2168 calumniis
1531 2106 1827 2178 impetitum
1890 2111 1943 2158 et
1996 2102 2174 2172 inique

597 2209 908 2264 damnatum
939 2221 1045 2261 non
1089 2203 1310 2269 turbari,
1348 2209 1404 2256 et
1445 2200 1513 2255 de
1540 2208 1686 2253 tanta
1726 2195 2001 2266 iniquitate
2039 2191 2173 2247 nihil

595 2300 726 2370 pati.
754 2297 889 2367 Quid
920 2310 1209 2352 memorem
1238 2293 1504 2349 tristitiam
1533 2300 1643 2345 tum
1674 2286 2021 2351 subeundam,
2053 2298 2174 2339 cum

596 2390 896 2459 quempiam
938 2402 1003 2442 ex
1036 2394 1176 2442 cmtu
1198 2383 1452 2439 Ecclesia:
1488 2392 1735 2435 amovere
1760 2392 1895 2446 opus
1914 2374 2032 2431 est?
2056 2373 2167 2429 Uti-

596 2496 721 2535 nam
750 2496 879 2535 vero
900 2479 1094 2533 malum
1122 2485 1287 2531 totum
1317 2476 1369 2529 in
1398 2472 1611 2527 tristitia
1649 2470 1965 2526 consisteret
1990 2482 2005 2520 :
2036 2480 2178 2521 nunc

596 2586 728 2628 vero
746 2570 1006 2644 pernicies
1026 2583 1131 2623 non
1154 2566 1381 2621 modica.
1405 2562 1740 2619 Metuendum
1763 2559 1957 2630 quippe
1976 2565 2076 2621 est,
2105 2571 2172 2610 ne

1313 353 1371 403 S.
1398 339 1676 402 JOANNIS
1703 324 2173 393 CHRYSOSTOMI
2210 320 2530 379 ARCHIEP.
2557 313 3088 377 CONSTANTINOP.
3737 303 3818 357 660

2258 438 2397 493 ultra
2434 435 2651 490 modum
2694 433 2865 503 pmnis
2890 429 3111 486 affectus
3136 427 3225 483 ille
3262 425 3314 481 id
3356 424 3615 496 patiatur,
3642 420 3818 490 quod:

2254 529 2411 584 beato
2424 526 2589 584 Paulo
2607 525 2803 580 dictum
2830 531 2933 588 est,
2953 520 3036 576 Ne
3053 517 3411 574 abundantiori
3434 514 3647 568 tristitia
3664 510 3818 564 nitor.

2255 619 2428 673 beam
2456 616 2533 688 (2.
2561 615 2678 671 Cor.
2704 615 2759 670 2.
2786 612 2862 687 7).
2891 612 3116 667 Maxima
3144 623 3273 678 ergo
3291 606 3567 678 diligentia
3596 604 3687 658 hic
3709 618 3821 671 opus

2256 718 2359 776 est,
2383 724 2450 763 ne
2473 706 2612 779 quod
2632 705 2888 778 prodesse
2908 704 2984 759 illi
3000 703 3277 767 debuerat,
3302 698 3521 767 majoris
3537 695 3648 765 ipsi
3669 693 3821 748 damni

2257 804 2329 859 sit
2351 801 2561 858 occasio
2589 816 2603 854 :
2628 815 2752 855 nam
2780 807 3125 869 quaecumque
3158 795 3248 849 ille
3272 800 3395 864 post
3418 788 3733 859 huiusmodi
3751 802 3822 841 cu-

2259 903 2521 951 rationem
2578 899 2794 962 peccata
2842 886 3143 951 admiserit,
3194 896 3538 941 communem
3592 890 3704 933 tam
3747 878 3823 946 ipsi

2260 1000 2417 1057 quam
2446 984 2653 1041 medico
2674 984 2804 1037 iram
2831 978 3148 1041 accendunt,
3180 977 3223 1031 si
3247 975 3329 1031 hic
3354 988 3461 1030 non
3487 981 3644 1027 recte
3664 971 3825 1023 vulnus

2264 1076 2528 1132 inciderit.
2580 1074 2721 1142 Qu0t
2768 1080 2945 1128 autem
2990 1069 3247 1141 supplicia
3299 1063 3672 1137 exspectanda
3708 1071 3823 1123 sunt.

2262 1185 2382 1225 cum
2407 1167 2526 1239 quis
2561 1181 2666 1221 non
2696 1180 2760 1220 ex
2791 1163 3024 1235 peccatis
3053 1160 3212 1215 modo
3238 1158 3369 1224 suis,
3397 1156 3494 1212 sed
3524 1170 3599 1210 ex
3627 1154 3826 1207 aliorum

2263 1274 2477 1331 quoque
2512 1256 2722 1312 delictis
2761 1257 2811 1310 in
2842 1262 3139 1310 extremum
3182 1250 3480 1321 periculum
3522 1247 3827 1302 adducier

2265 1352 2396 1408 Nam
2435 1350 2481 1405 si
2510 1350 2576 1404 de
2603 1346 2832 1419 propriis
2860 1344 3150 1401 sceleribus
3177 1343 3435 1398 rationem
3468 1338 3733 1394 reddituri
3756 1353 3827 1391 ex-

2267 1443 2643 1508 horrescimus,
2662 1455 2725 1495 ac
2744 1440 2788 1495 si
2806 1455 2911 1494 non
2929 1438 3199 1493 valeamus
3222 1436 3394 1505 ignem
3416 1433 3575 1487 illum
3598 1431 3823 1500 eﬂ'ugcre,

2267 1534 2393 1608 quid
2418 1534 2495 1588 illi
2519 1532 2930 1601 exspectandum
2955 1538 3055 1595 est,
3085 1528 3175 1597 qui
3200 1534 3305 1580 tam
3322 1525 3621 1579 multorum
3645 1524 3826 1577 nomine

2268 1640 2482 1679 causam
2516 1622 2584 1677 sit
2608 1620 2883 1677 dicturus?
2905 1619 3055 1687 Quod
3074 1626 3249 1673 autem
3280 1617 3380 1671 hoc
3393 1630 3585 1671 verum
3616 1615 3702 1678 sit,
3730 1614 3825 1667 andi

2269 1717 2482 1771 beatum
2510 1714 2730 1769 Paulum
2757 1712 3052 1776 dicentem;
3088 1710 3194 1764 imo
3224 1708 3398 1777 potius
3419 1722 3527 1760 non
3555 1706 3730 1771 illum,
3755 1705 3825 1759 sed

2272 1808 2326 1862 in
2353 1807 2467 1878 ipso
2494 1805 2797 1875 loquentem
2831 1802 3103 1863 Christum
3148 1819 3162 1857 :
3216 1799 3421 1854 Obedite
3459 1798 3826 1867 premitis»-

2271 1900 2409 1965 stris,
2437 1907 2484 1953 et
2502 1896 2749 1968 subiacete
2770 1896 2842 1950 eis
2865 1911 2884 1949 :
2903 1895 3004 1965 ipsi
3032 1893 3164 1948 enim
3183 1890 3506 1962 pervigilant.
3531 1890 3687 1960 quasi
3703 1890 3825 1942 rotis-

2272 2008 2387 2044 nem
2430 2005 2522 2060 pro
2563 1988 2824 2043 animabus
2854 1985 3028 2041 vestris
3080 1983 3327 2037 reddituri
3374 1980 3561 2052 (Hebr.
3622 1982 3706 2037 I3.
3741 1982 3823 2047 ιη.

2273 2082 2409 2137 Num
2451 2081 2672 2151 exiguus
2712 2078 2921 2134 videtur
2956 2076 3041 2131 hic
3082 2073 3513 2130 comminationis
3559 2072 3760 2126 terror?
3791 2070 3825 2125 ις

2275 2181 2503 2245 quantus
2530 2172 2600 2227 sit
2631 2170 2735 2226 dici
2777 2170 2977 2239 nequit.
3009 2167 3206 2223 Verum
3236 2166 3350 2221 lucc
3387 2164 3521 2219 satis
3553 2173 3699 2228 sunt,
3737 2178 3825 2233 qua

2276 2267 2361 2321 vel
2391 2263 2833 2337 pertinacioribus
2877 2261 3034 2315 fidem
3074 2258 3287 2322 faciant,
3330 2271 3431 2312 nos
3462 2271 3573 2311 non
3618 2255 3824 2325 superba

2277 2358 2360 2412 vel
2381 2371 2513 2410 vana
2540 2355 2704 2425 gloria
2728 2361 2932 2421 captos,
2955 2348 3049 2406 sed
3076 2350 3227 2405 nobis
3249 2356 3456 2403 tantum
3486 2356 3773 2402 metuentes
3790 2357 3827 2399 et

2279 2449 2355 2504 rei
2383 2448 2574 2503 molem
2600 2445 2995 2502 considerantes
3021 2439 3322 2512 huiusmodi
3351 2438 3535 2510 fugam
3559 2438 3759 2494 fecisse.

605 2678 3825 2719 ___________________________———————————-————————

1542 2763 2019 2873 LIBER
2103 2760 2202 2886 ρ
2222 2754 2655 2864 ΠΑΒΤ
2672 2756 2874 2864 US.

1997 2971 2299 2981 ——_—————

1013 3070 1119 3109 nam
1148 3069 1317 3106 ωεσιςτ
1347 3066 1484 3104 ι.ωο
1515 3062 1720 3108 ρωιιτοε

599 3166 642 3212 ιο
672 3168 770 3212 κοιλ
793 3173 881 3212 eos
919 3165 1154 3233 -.ωηιιιιην
1192 3159 1278 3231 qui
1314 3155 1601 3233 asseres“
1641 3153 1927 3233 ,ηθτνςηίςεὶ
1963 3151 2179 3233 studet.

666 3236 839 3332 $331!“?
883 3224 1031 3274 etiam
1060 3216 1151 3284 qui
1187 3216 1284 3270 vim
1326 3218 1590 3282 patiuntur,
1634 3216 1699 3264 ob
1737 3221 1932 3277 peccata
1970 3216 2181 3276 graviter

783 3298 809 3331 r
833 3318 845 3331 .

604 3296 1021 3416 lifgiiﬂi‘ndiguqs’
1049 3344 1287 3416 ordinant,
1318 3342 1447 3392 idem

669 3413 806 3457 turos
828 3403 957 3463 esse,
984 3403 1101 3455 licet
1125 3407 1252 3467 ipsos
1274 3416 1369 3453 non
1392 3403 1566 3451 norint.

607 3456 683 3516 In.
711 3456 955 3517 Sacerdoti
990 3456 1314 3516 necessariam
1337 3476 1452 3515 esse
1494 3461 1769 3525 expeditam
1810 3459 2002 3509 dicendi
2041 3456 2184 3507 facul-

607 3536 1077 3654 lvfaltlguriuommvis
1097 3588 1507 3646 concertationes,
1531 3592 1582 3635 et
1603 3591 1889 3654 Grzecorum,
1917 3586 1967 3630 et
1990 3581 2183 3631 Judzeo-

668 3664 775 3701 rum
795 3650 847 3702 e't
862 3652 1199 3701 haereticorum
1224 3662 1339 3699 eum
1363 3655 1583 3710 paratum
1605 3658 1717 3696 esse
1736 3650 1985 3705 oportere.

608 3719 663 3761 v.
690 3721 923 3777 Perquam
946 3711 1439 3777 peritumdialecticm
1455 3721 1577 3777 esse
1601 3714 1851 3771 oportere.

608 3780 680 3823 Vl.
715 3781 764 3823 Β.
790 3772 986 3824 f'aulum
1008 3774 1054 3824 id
1071 3775 1252 3836 optime
1268 3772 1568 3836 praestitisse.

609 3837 960 3947 γυὰἓῶιᾳεω
977 3848 1072 3886 non
1094 3827 1248 3897 signis
1266 3827 1449 3884 iantum
1485 3831 1736 3889 claruisse,
1776 3827 1867 3878 sai
1901 3831 2049 3877 etiam
2080 3834 2187 3877 arte

706 3912 722 3947 ι
848 3913 881 3947 ι.

610 3935 979 4008 vriiI'Eiiﬁiuem
998 3957 1046 4006 id
1069 3970 1097 4019 a
1120 3957 1259 4006 nobis
1279 3967 1475 4019 quoque
1496 3953 1629 4004 velle
1643 3952 1899 4019 egterceri.

612 4025 687 4069 lx.
719 4026 820 4078 Quo
841 4022 932 4069 nisi
954 4018 1183 4081 praeditus
1202 4019 1267 4081 sit
1285 4010 1557 4080 episcopus,
1580 4014 1803 4064 subditos
1847 4026 1943 4062 non
1965 4010 2079 4062 leve
2107 4010 2189 4060 da-

673 4094 838 4131 mnum
856 4079 1133 4131 necessario
1144 4079 1329 4130 subire;

1619 3338 1667 3387 hi
1689 3336 1971 3400 supplicium
2002 3348 2182 3400 exper-

691 4297 745 4352 1.
788 4297 889 4364 Qui
912 4295 961 4350 vi
978 4296 1046 4349 ad
1070 4296 1259 4350 clerum
1285 4294 1557 4348 trahuntur
1576 4308 1677 4346 non
1698 4291 1811 4345 ideo
1827 4290 1983 4360 parmis
2007 4294 2190 4343 immu-

612 4404 726 4446 nes.
746 4418 817 4429 —-
836 4387 930 4442 llis
954 4387 1167 4453 auditis,
1202 4383 1504 4440 BASlLlUS
1539 4383 1755 4455 paulum
1782 4390 2089 4435 cunctatus:
2122 4380 2193 4434 At

609 4479 664 4537 si
708 4488 767 4533 tu
812 4478 1049 4550 quidem,
1104 4478 1290 4547 inquit,
1344 4477 1480 4531 hanc
1517 4473 1823 4543 dignitatem
1866 4471 2190 4537 all‘eclasses,

614 4570 764 4626 hunc
783 4570 903 4640 iure
930 4570 1174 4625 timorem
1212 4566 1494 4623 admittere
1522 4579 1728 4635 posses.
1756 4562 1883 4616 Nam
1910 4561 2000 4632 qui
2029 4562 2095 4616 ad
2115 4561 2194 4616 rei

611 4662 914 4733 cuiuspiam
928 4660 1436 4715 administrationem
1458 4672 1516 4713 se
1531 4656 1779 4711 idoneum
1792 4668 1910 4709 esse
1927 4652 2194 4725 professus

615 4759 739 4819 est,
770 4751 913 4821 quod
942 4766 1060 4806 eam
1089 4750 1323 4820 arripere
1342 4747 1623 4814 studuerit,
1656 4746 1744 4800 illa
1767 4746 1867 4799 sibi
1891 4743 2193 4799 concredita

616 4844 667 4899 si
694 4844 925 4911 labatur,
947 4857 1051 4898 non
1077 4850 1250 4912 potest
1275 4842 1339 4896 ad
1361 4841 1639 4910 imperitia:
1658 4837 2048 4893 excusationem
2070 4850 2197 4889 con—

620 4938 841 5010 fugere;
874 4946 1059 5007 utpote
1084 4937 1175 5006 qui
1212 4944 1550 4990 antevertens
1588 4932 1723 4987 hanc
1745 4931 1846 4985 sibi
1875 4931 1985 4999 ipse
2010 4928 2196 4983 defen-

619 5031 831 5087 sionem
860 5028 1139 5094 ademerit,
1184 5027 1325 5097 quod
1369 5024 1679 5090 accurrerit,
1722 5035 1948 5089 eamque
1978 5018 2075 5073 sibi
2106 5017 2200 5072 ad-

624 5121 1067 5178 ministrationem
1099 5118 1365 5189 rapuerit:
1396 5131 1568 5185 neque
1602 5114 1779 5169 dicere
1808 5120 1983 5182 potest
2010 5111 2075 5177 is,
2109 5108 2200 5173 qui

628 5214 821 5269 lubens
844 5222 902 5269 et
928 5222 1119 5283 sponte
1144 5211 1247 5266 huc
1270 5211 1514 5274 accessit,
1537 5207 1736 5262 Invitus
1759 5204 1861 5259 hac
1887 5204 1941 5258 in
1970 5217 2031 5257 re
2076 5216 2201 5271 pec-

628 5303 768 5367 cavi,
813 5304 1009 5358 invitus
1049 5302 1200 5357 illum
1243 5300 1543 5371 quempiam
1585 5295 1810 5367 perdidi.
1843 5292 2202 5362 Respondebit

633 5392 733 5459 illi,
754 5394 845 5464 qui
870 5403 977 5448 tum
1007 5394 1106 5449 hac
1126 5394 1178 5448 in
1204 5408 1263 5448 re
1287 5391 1450 5462 iudex
1476 5389 1682 5444 futurus
1702 5396 1784 5442 est
1806 5403 1820 5439 :
1851 5386 1915 5441 Et
1929 5400 2025 5439 cur
2043 5392 2203 5438 tanta:

633 5487 730 5541 ubi
756 5485 1000 5539 conscius
1025 5484 1322 5555 imperitiae,
1341 5497 1459 5538 cum
1483 5494 1633 5536 mens
1660 5478 1726 5533 ad
1752 5476 1909 5532 talem
1938 5474 2202 5544 inculpate

635 5574 963 5631 tractandam
992 5584 1161 5632 artem
1190 5575 1284 5630 tibi
1316 5590 1421 5629 non
1448 5572 1681 5636 adesset,
1720 5567 1984 5634 involasti,
2013 5580 2201 5621 ausus-

633 5682 738 5736 que
757 5681 817 5722 es
837 5669 1059 5736 maiora,
1087 5682 1243 5736 quam
1267 5666 1406 5720 vires
1436 5664 1655 5729 ferrent,
1675 5659 1879 5731 negotia
1908 5655 2203 5727 suscipere?

633 5760 763 5827 Quis
784 5769 836 5815 te
864 5761 1052 5829 coegit,
1086 5760 1203 5828 quis
1228 5759 1570 5813 reluctantem
1611 5763 1665 5811 et
1687 5753 1970 5823 fugientem
2001 5749 2051 5805 vi
2079 5763 2200 5820 per-

2289 3049 2485 3105 traxit?
2509 3050 2579 3104 At
2599 3057 2653 3103 tu
2674 3047 2804 3103 nihil
2830 3063 3078 3118 umquam
3104 3048 3278 3103 simile
3307 3047 3516 3111 audies,
3544 3063 3711 3118 neque
3732 3060 3819 3118 pos

2283 3140 2359 3197 sis
2388 3154 2634 3209 umquam
2665 3139 2963 3209 huiusmodi
2991 3138 3169 3193 delicti
3192 3140 3420 3207 teipsum
3446 3139 3723 3203 damnare,
3743 3154 3829 3191 orn-

2286 3233 2547 3302 nibusqnc
2575 3233 2787 3300 planum
2815 3238 2899 3286 est
2921 3240 2973 3285 te
2996 3246 3064 3286 ne
3094 3230 3360 3285 tantillum
3388 3230 3609 3300 quidem
3632 3230 3696 3285 ad
3723 3231 3828 3283 hunc

2286 3322 2679 3392 suscipiendum
2700 3322 2958 3379 honorem
2986 3322 3275 3389 laborasse,
3304 3320 3401 3376 sed
3426 3322 3477 3378 id
3500 3323 3723 3378 aliorum
3739 3337 3829 3388 0pc-

2286 3432 2347 3474 ra
2375 3418 2567 3479 factum
2610 3431 2747 3475 esse.
2777 3422 2951 3487 Atque
2977 3415 3113 3471 adeo
3138 3415 3279 3486 quod
3310 3415 3416 3471 illis
3453 3416 3655 3471 nullam
3684 3429 3829 3485 peca—

2286 3520 2460 3567 torum
2488 3511 2695 3567 veniam
2725 3510 2995 3578 relinquit,
3021 3508 3123 3563 hoc
3148 3507 3240 3563 tibi
3272 3523 3521 3577 magnam
3539 3507 3828 3563 defensione

2286 3600 2561 3658 materiam
2602 3599 2974 3671 suppeditabit.
3026 3597 3593 3656 CllRYSOSTOMUS.
3651 3599 3828 3654 Adhuc

2286 3708 2387 3761 ego
2411 3702 2569 3762 caput
2592 3706 2714 3749 cum
2745 3690 3052 3755 movissem.
3075 3691 3379 3763 sensimque
3404 3690 3730 3753 arrisissem,
3760 3693 3828 3743 bo-

2289 3786 2449 3842 minis
2496 3784 2889 3854 simplicitatem
2939 3785 3178 3850 miratus,
3229 3784 3344 3840 hare
3388 3786 3646 3855 loquutus
3689 3798 3826 3840 sua:

2290 3878 2552 3949 Equidem
2580 3876 2806 3948 optarim
2832 3892 2945 3933 rem
2974 3877 3044 3931 ita
3065 3892 3127 3932 se
3149 3876 3365 3940 habere,
3390 3884 3451 3933 ut
3472 3876 3631 3941 dicis,
3654 3877 3727 3931 vir
3740 3891 3827 3930 ou-

2291 3972 2437 4027 nium
2464 3971 2682 4041 optime,
2711 3985 2815 4026 non
2845 3980 2901 4024 ut
2926 3968 2976 4024 id
3007 3969 3278 4038 suscipere
3304 3981 3540 4039 possem,
3564 3968 3706 4039 quod
3725 3980 3830 4021 nunc

2288 4064 2479 4135 refugi.
2514 4063 2730 4118 Etiamsi
2759 4062 2899 4118 enim
2928 4061 3055 4117 mihi
3081 4062 3287 4118 nullum
3328 4060 3651 4129 supplicium
3676 4072 3831 4129 propo-

2291 4155 2452 4211 situm
2491 4164 2656 4220 esset,
2684 4152 2729 4208 si
2759 4151 3119 4223 perfunctorie
3156 4160 3211 4205 et
3255 4151 3506 4220 imperite
3534 4150 3725 4206 Christi
3746 4161 3829 4218 gn

2292 4261 2410 4317 gem
2432 4260 2701 4301 curassem
2724 4263 2740 4299 :
2767 4254 2824 4299 at
2864 4245 2993 4299 illud
3023 4243 3152 4298 mihi
3182 4244 3328 4298 omni
3370 4244 3636 4313 supplicio
3660 4243 3831 4312 gratim

2294 4338 2452 4402 foret,
2479 4338 2525 4392 si
2552 4346 2672 4407 post
2718 4346 2893 4392 tantas
2922 4335 3051 4391 mihi
3092 4335 3430 4390 concreditas
3454 4350 3549 4389 res
3572 4350 3697 4405 erga
3720 4348 3828 4391 eam.

2295 4430 2385 4501 qui
2411 4427 2850 4492 concredidisset,
2881 4427 2954 4482 ita
2984 4426 3222 4496 ingratus
3244 4425 3472 4481 viderer.
3505 4425 3684 4492 Quare
3714 4426 3831 4493 igitu'

2295 4520 2522 4591 optarim
2558 4519 2704 4575 illam
2731 4529 2873 4573 tuam
2916 4516 3220 4588 opinionem
3245 4530 3351 4571 non
3380 4515 3571 4572 falsam
3598 4516 3746 4571 esse?
3783 4512 3829 4567 Et

2296 4613 2508 4669 miseris
2530 4620 2587 4668 et
2629 4610 2931 4667 infelicibus
2972 4610 3071 4680 (sic
3106 4609 3247 4665 enim
3273 4608 3502 4664 vocandi
3527 4608 3589 4672 ii,
3634 4608 3717 4678 qui
3754 4606 3825 4659 hoc

2298 4706 2567 4777 negotium
2595 4705 2760 4775 probe
2791 4713 3021 4759 tractare
3061 4702 3323 4769 nesciunt,
3356 4703 3603 4773 quamvis
3641 4716 3827 4755 sesea-

2302 4800 2404 4857 ties
2431 4799 2576 4867 ipsos
2603 4798 2657 4851 vi
2682 4796 2899 4852 adactos
2923 4803 2979 4851 et
3005 4795 3312 4865 ignorantes
3340 4807 3567 4862 peccare
3593 4792 3769 4853 dicas}.
3793 4804 3827 4841 ιι

2300 4894 2426 4955 illis.
2460 4893 2695 4963 inquam,
2745 4891 2979 4961 eli'ugere
3004 4890 3161 4944 liceat
3205 4888 3381 4959 ignem
3410 4886 3561 4941 illum
3611 4887 3829 4940 inusta.

2301 4984 2573 5055 guibilem,
2618 4993 2672 5038 et
2710 4983 2959 5038 tenebras
2998 4980 3313 5044 exteriores,
3344 4993 3690 5047 vermemque
3713 4990 3830 5030 nua.

2301 5092 2460 5147 quam
2487 5075 2826 5138 morientem,
2872 5088 2940 5127 ne
2981 5072 3312 5127 dissecentur
3353 5077 3410 5124 et
3432 5084 3560 5125 cum
3589 5066 3831 5137 hypanis:

2303 5178 2545 5241 pereant.
2577 5169 2772 5224 Verum
2801 5166 2927 5238 quid
2954 5166 3050 5222 tibi
3072 5164 3308 5220 faciam?
3334 5162 3453 5217 Non
3479 5162 3552 5217 ita
3580 5176 3644 5217 se
3667 5174 3746 5215 res
3770 5157 3815 5209 ba

2305 5264 2413 5330 bet,
2445 5276 2550 5317 non
2577 5260 2648 5315 ita
2672 5274 2819 5314 sane.
2841 5259 2919 5313 Ac
2942 5258 2987 5312 si
3012 5257 3113 5322 vis,
3135 5264 3195 5311 ut
3215 5272 3246 5312 a
3269 5270 3437 5325 regno
3464 5248 3825 5325 primu-mai

2304 5355 2444 5427 apud
2472 5356 2639 5411 Deum
2666 5353 2799 5409 tanti
2827 5366 2935 5408 non
2962 5359 3047 5407 est
3074 5350 3257 5422 quanti
3284 5348 3661 5413 sacerdotium,
3690 5358 3827 5401 eorm

2305 5464 2423 5519 qum
2442 5447 2552 5503 dixi
2576 5445 2734 5501 ﬁdem
2762 5444 2971 5500 faciam.
2989 5441 3117 5497 Saul
3139 5441 3246 5506 ille,
3267 5439 3407 5494 filius
3425 5440 3533 5505 Cis,
3555 5454 3665 5492 non
3691 5445 3829 5499 saepe

2305 5548 2455 5595 motu
2477 5548 2531 5594 et
2553 5552 2679 5594 cura
2704 5552 2800 5592 rex
2822 5534 2994 5589 factus
3017 5542 3101 5589 est
3129 5533 3208 5602 (l.
3237 5530 3364 5602 Reg.
3397 5530 3493 5600 9);
3519 5529 3615 5585 sed
3640 5528 3770 5589 abiit,
3796 5534 3829 5573 si

2309 5638 2573 5701 qumreret
2602 5628 2797 5691 asinas,
2830 5635 2885 5681 et
2922 5639 3084 5694 super
3112 5624 3174 5677 iis
3204 5623 3515 5693 prolibetam
3548 5621 3831 5684 interrogare

2310 5722 2503 5792 coepit;
2532 5720 2623 5776 ille
2664 5733 2793 5775 vero
2821 5717 2887 5773 de
2910 5730 3074 5786 regno
3099 5715 3269 5785 ipsum
3313 5714 3614 5785 alloquutus
3643 5706 3829 5767 £51.»;-
