3922 6312
317 331 415 390 661

316 448 429 508 υἱὸς
461 446 557 498 οὐκ
580 443 738 506 αὐτὸς
767 441 1069 504 σπουδάσας
1102 441 1319 508 ἐγένετο
1345 439 1619 509 βασιλεὺς,
1640 440 1753 492 ἀλλ’
1771 435 1983 506 ἀπῆλθε

317 526 416 596 μὲν
447 526 539 577 ἐπὶ
572 526 668 594 τὴν
699 524 803 576 τῶν
841 523 978 574 ὄνων
1005 521 1254 591 ζήτησιν,
1288 521 1382 573 καὶ
1413 521 1554 590 ὑπὲρ
1595 519 1800 571 τούτων
1847 519 1976 587 ἐρω-

313 595 495 674 τήσων
527 605 616 656 τὸν
651 605 936 674 προφήτην
965 603 1185 672 ἢρχετο,
1227 602 1255 652 ό
1291 599 1348 652 δέ
1371 599 1521 669 αὐτῴ
1546 599 1674 668 περὶ
1705 597 1806 667 τῆς
1836 595 1987 674 βασιξ

313 672 461 746 λείας
483 672 769 751 διελέγετο.
809 683 915 734 Καὶ
941 681 1062 733 οὐδὲ
1085 679 1261 741 οὕτως
1298 677 1596 749 ἐπέδραμε,
1630 676 1808 730 καίτοι
1834 672 1989 744 παρά

313 763 505 832 ἀνδρὸς
531 762 740 815 ἀκούων
769 761 1052 831 προφήτου
1081 798 1095 816 ,
1122 757 1261 812 ἀλλά
1303 759 1399 810 καὶ
1434 756 1690 810 ἀνεδύετο
1715 756 1812 809 καὶ
1848 771 1991 824 παρ-

312 845 498 912 ῃτεῖτο
525 841 725 907 λέγων·
755 840 851 904 Τίς
869 842 984 906 εἰμι
1001 837 1135 906 ἐγὼ,
1155 838 1253 890 καί
1278 838 1368 903 τίς
1389 840 1422 890 ὀ
1447 837 1610 902 οἶκος
1637 835 1742 890 τοῦ
1764 833 1988 912 πατρός

308 911 460 991 you;
489 921 552 973 Τί
574 917 701 985 ούν;
737 920 924 989 ἐπειδή
951 918 1136 982 κακῶς
1160 919 1433 990 ἐχρήσατο
1452 919 1520 988 τῇ
1544 917 1693 988 παρά
1731 914 1825 969 τοῦ
1849 911 1986 967 Θεοῦ

310 1002 524 1072 δοθείσῃ
553 1003 708 1071 τιμῇ,
743 1000 960 1069 ἴσχυσεν
985 998 1147 1051 αὐτὸν
1177 997 1455 1062 ἐξελέσθαι
1480 997 1655 1050 ταῦτα
1676 996 1745 1050 τά
1766 995 1989 1066 ῥήματα

311 1081 412 1151 τῆς
463 1080 556 1133 τοῦ
589 1079 1006 1150 βασιλεύσαντος
1035 1078 1196 1132 αὐτὸν
1229 1079 1398 1148 ὀργῆς
1425 1091 1487 1143 ιι;
1540 1077 1735 1129 Καίτοι
1764 1092 1829 1144 γε
1858 1072 1988 1142 ἐνῆν

312 1159 492 1226 λέγειν
541 1159 677 1228 πρὸς
704 1158 798 1210 τὸν
848 1156 1100 1228 Σαμουὴλ
1146 1155 1488 1225 ἐγκαλοῦντα
1538 1154 1724 1225 αὐτῷ’
1755 1155 1846 1225 Μὴ
1878 1151 1986 1224 γὰρ

312 1239 472 1301 αὐτὸς
500 1238 810 1308 ἐπέδραμον
824 1239 891 1308 τῇ
924 1236 1206 1307 βασιλείᾳ;
1241 1236 1315 1306 μή
1330 1235 1440 1306 γὰρ
1459 1235 1780 1306 ἐπεπήδησα
1813 1231 1989 1305 ταύτῃ

312 1321 378 1388 τῇ
404 1318 728 1388 δυναστείᾳ;
763 1317 855 1369 τὸν
896 1315 1004 1368 τῶν
1037 1315 1266 1368 ἰδιωτῶν
1301 1314 1609 1385 ἐϐουλόμην
1632 1314 1746 1384 βίον
1773 1313 1873 1383 ζῇν
1896 1312 1987 1364 τὸν

311 1397 645 1467 ἀπράγμονα
677 1395 772 1448 καὶ
803 1395 1050 1466 ἡσύχιον,
1083 1397 1148 1447 σὺ
1185 1395 1243 1447 δέ
1280 1411 1348 1465 με
1391 1395 1484 1446 ἐπθι
1521 1393 1683 1446 τοῦτο
1726 1393 1987 1454 εἰλκυσας

310 1477 373 1528 τὸ
402 1477 645 1546 ἀξίωμα.
695 1476 784 1528 Ἐν
825 1476 1015 1548 ἐκείνῃ
1052 1475 1229 1546 μένων
1253 1475 1320 1544 τῇ
1362 1473 1714 1543 ταπεινότητι
1747 1471 1985 1533 εὐκόλως

313 1556 380 1608 ἂν
417 1555 590 1608 ταῦτα
644 1554 897 1620 ἐξέκλινα
949 1556 1018 1607 τὰ
1061 1552 1516 1626 προσκρούματα.
1555 1553 1631 1605 Οὐ
1679 1551 1788 1622 γάρ
1833 1549 1985 1621 1405]

312 1635 486 1705 δήπου
511 1635 620 1687 τῶν
654 1634 865 1687 πολλῶν
887 1630 967 1698 εἷς
1006 1633 1080 1686 ὢν
1110 1635 1204 1686 καὶ
1239 1633 1470 1703 ἀσήμων
1493 1633 1584 1686 ἐπὶ
1619 1631 1777 1684 τοῦτο
1803 1631 1869 1684 ἂν
1902 1628 1989 1694 ἐξ·-

315 1731 339 1766 ε
351 1714 412 1770 πέ
421 1713 604 1784 μφθην
619 1713 680 1765 τὸ
695 1712 876 1784 ἔργον,
889 1713 996 1766 οὐδ’
1010 1713 1076 1766 ἂν
1088 1713 1112 1765 ἐ
1122 1713 1212 1783 μοὶ
1226 1711 1315 1765 τὸν
1332 1711 1468 1784 πρὸς
1483 1713 1607 1775 τοὺς
1623 1711 1990 1782 Ἀμαληκίτας

313 1793 549 1862 πόλεμον
566 1792 892 1864 ἐνεχείρισεν
906 1795 934 1845 ὁ
950 1792 1104 1855 Θεόςο
1128 1792 1202 1862 μή
1215 1791 1577 1862 ἐγχειρισθεὶς
1592 1789 1647 1843 δέ
1662 1790 1761 1843 οὐκ
1777 1791 1842 1844 ἄν
1858 1807 1988 1843 ποτε

314 1873 562 1944 ταύτηνῆ
573 1890 774 1943 μαρτον
793 1872 891 1944 τὴν
909 1873 1202 1944 ἁμαρτίαν.
1221 1872 1386 1926 Ἀλλά
1405 1871 1580 1925 ταῦτα
1595 1872 1775 1925 πάντα
1785 1870 1989 1940 ἀσθενῆ

315 1954 450 2022 πρὸς
481 1952 798 2021 ἀπολογίαν,
825 1953 925 2006 οὐκ
951 1953 1152 2024 ἀσθενῆ
1181 1952 1238 2005 δὲ
1271 1954 1453 2022 μόνον,
1479 1950 1618 2006 ἀλλὰ
1655 1951 1750 2004 καὶ
1778 1950 1991 2003 ἐπικίν-

313 2033 466 2094 δυνα,
502 2033 596 2084 καὶ
621 2032 821 2103 μᾶλλον
845 2032 1137 2086 ἐκκαίοντα
1169 2032 1197 2070 b
1227 2031 1322 2084 τοῦ
1366 2030 1500 2084 Θεοῦ
1529 2031 1627 2101 τὴν
1657 2030 1850 2101 ὀργήν.
1887 2029 1990 2084 Τὸν

314 2113 425 2181 γὰρ
460 2113 554 2165 ἐπὶ
582 2113 681 2183 τὴν
715 2111 870 2176 ἀξίαν
900 2112 1199 2184 τιμηθέντα
1221 2112 1321 2164 οὐκ
1359 2111 1437 2174 εἰς
1466 2110 1565 2180 τὴν
1592 2109 1702 2162 τῶν
1736 2110 1990 2181 ἁμαρτη-

317 2195 504 2262 μάτων
545 2192 842 2260 ἀπολογίαν
872 2193 978 2263 χρὴ
1025 2190 1426 2263 προϐάλλεσθαι
1456 2191 1554 2260 τῆς
1589 2190 1756 2261 τιμῆς
1790 2191 1852 2243 τὸ
1892 2189 1990 2259 μέ-

314 2287 372 2340 γε
383 2272 491 2334 θος,
518 2271 632 2324 ἀλλ’
659 2273 738 2334 εἰς
763 2271 1008 2341 μείζονος
1031 2270 1363 2339 βελτιώσεως
1389 2269 1670 2341 προκοπὴν
1692 2268 1991 2340 κεχρῆσθαι

312 2354 379 2420 τῇ
409 2350 576 2420 πολλῇ
605 2350 736 2420 περὶ
769 2349 930 2402 αὐτὸν
951 2351 1047 2402 τοῦ
1073 2348 1208 2402 Θεοῦ
1234 2348 1456 2418 σπουδῇ.
1491 2349 1548 2401 Ὀ
1574 2348 1631 2401 δὲ
1649 2347 1782 2401 διότι
1811 2349 1994 2420 κρείτ-

312 2448 465 2494 τονος
514 2430 705 2501 ἔτυχεν
751 2429 1095 2501 ἀξιώματος,
1131 2431 1218 2483 διὰ
1262 2429 1421 2482 τοῦτο
1468 2428 1802 2499 ἁμαρτάνειν
1844 2428 1993 2499 αὐτῷ

314 2509 552 2581 νομίζων
583 2510 800 2575 ἐξεῖναι,
844 2509 994 2562 οὐδὲν
1041 2511 1227 2581 ἓτερον
1255 2509 1289 2578 ἢ
1339 2508 1437 2579 τὴν
1484 2508 1579 2560 τοῦ
1619 2507 1755 2561 Θεοῦ
1805 2507 1994 2576 φιλανθ

316 2589 569 2661 θρωπίαν
615 2591 795 2642 αἰτίαν
851 2588 961 2642 τῶν
1014 2589 1231 2641 οἰκείων
1274 2587 1684 2659 ἁμαρτημάτων
1731 2586 1993 2652 ἐπιδεῖξαι

315 2671 672 2731 ἐσπούδασεν,
697 2670 834 2741 ὅπερ
865 2673 976 2732 τοῖς
1001 2668 1224 2722 ἀσεϐέσι
1253 2669 1348 2722 καὶ
1379 2668 1638 2740 ῥαθύμως
1664 2667 1757 2720 τόν
1787 2667 1994 2720 ἑαυτῶν

315 2750 580 2804 διοικοῦσι
607 2749 722 2820 βίον
745 2749 924 2816 λέγειν
951 2747 1074 2812 ἐθος
1099 2747 1206 2802 ἀεί.
1244 2748 1385 2801 Ἀλλ’
1412 2749 1510 2818 οὐχ
1539 2748 1686 2818 ἡμᾶς
1713 2746 1856 2800 οὓτω
1881 2746 1998 2800 δια-

316 2831 533 2885 κεῖσθαι
584 2829 726 2902 χρὴ,
775 2828 897 2882 οὐδὲ
947 2830 1026 2891 εἰς
1073 2828 1173 2898 τὴν
1207 2826 1388 2899 αὐτὴν
1436 2826 1666 2887 ἐκείνοις
1707 2826 1998 2878 ἐκπίπτειν

319 2911 538 2981 μανίαν,
569 2909 706 2964 ἀλλὰ
734 2907 1009 2977 πανταχοῦ
1045 2906 1370 2972 σπουδάζειν
1391 2905 1462 2959 τά
1489 2906 1620 2976 παρ’
1650 2904 1858 2958 ἐαυτῶν
1887 2907 2000 2958 εἰσ-

316 2992 504 3062 φέρειν
547 2993 626 3053 είς
671 2987 901 3058 δύναμιν
948 2987 1048 3056 τὴν
1097 2986 1414 3057 ήμετέραν,
1454 2986 1546 3038 καὶ
1600 2981 1846 3054 εὔφημον
1903 2985 1998 3037 καὶ

316 3072 563 3141 γλῶτταν
592 3069 687 3122 καὶ
720 3067 960 3120 διάνοιαν
991 3065 1157 3135 ἔχειν.
1191 3065 1326 3117 Οὐδὲ
1366 3063 1475 3134 γὰρ
1517 3064 1546 3115 ό
1587 3062 1872 3141 Ἠλὶ-(ἵνα
1899 3062 1998 3135 τὴν

320 3138 600 3220 βασιλείαν
631 3146 863 3216 ἀφέντες
896 3145 989 3198 ἐπὶ
1032 3145 1130 3216 τὴν
1176 3144 1496 3215 ἱερωσύνην,
1534 3144 1662 3214 περὶ
1704 3138 1772 3214 ἦς
1807 3144 1938 3212 ἡμῖν
1971 3145 2001 3196 ὁ

317 3231 494 3298 λόγος,
533 3225 778 3296 ἔλθωμεν
812 3224 943 3295 νῦν)
983 3223 1287 3278 ἐσπούδασε
1326 3221 1631 3292 κτήσασθαι
1672 3222 1773 3292 τὴν
1799 3224 1994 3294 ἀρχήν.

319 3309 384 3360 Τί
434 3303 528 3360 οὖν
559 3306 723 3358 αὐτὸν
769 3303 950 3366 τοῦτο,
993 3304 1155 3375 ἡνίκα
1190 3303 1470 3374 ἥμαρτεν,
1511 3301 1752 3370 ῶνησεν;
1792 3303 1902 3355 Καὶ
1943 3302 1998 3355 τί

318 3386 462 3453 λέγω
487 3383 830 3455 κτήσασθαι,
871 3383 992 3436 οὐδὲ
1025 3383 1307 3451 διαφυγεῖν
1345 3380 1443 3452 μὲν
1475 3376 1590 3443 οῦν,
1626 3380 1784 3450 εἴπερ
1814 3381 1995 3453 ἤθελε,

318 3464 544 3518 δυνατὸν
576 3459 643 3534 ἦν
679 3461 828 3533 αὐτῴ
858 3462 948 3515 διὰ
977 3461 1074 3533 τὴν
1105 3463 1352 3529 ἀνάγκην
1383 3458 1479 3513 τοῦ
1523 3460 1688 3530 νόμου
1710 3477 1724 3491 ’
1760 3463 1858 3514 καὶ
1889 3463 1998 3535 γὰρ

318 3541 388 3614 ἦν
421 3545 520 3614 τῆς
568 3540 701 3596 Λευῒ
750 3541 960 3612 φυλῆς,
1016 3543 1111 3595 καὶ
1152 3543 1253 3612 τὴν
1305 3541 1479 3613 ἀρχὴν
1528 3540 1616 3593 διὰ
1663 3539 1758 3594 τοῦ
1806 3541 1998 3610 γένους

320 3625 528 3678 ἄνωθεν
578 3621 1015 3676 καταϐαίνουσαν
1058 3621 1165 3673 ἔδει
1206 3618 1480 3684 δέξασθαι.
1525 3619 1662 3672 Ἀλλ’
1705 3622 1856 3690 ὅμως
1902 3625 1998 3676 καὶ

319 3699 473 3766 οὗτος
523 3702 623 3772 τῆς
685 3701 794 3754 τῶν
847 3700 1054 3753 παίδων
1103 3700 1389 3771 παροινίας
1433 3711 1454 3738 ε
1517 3699 1684 3753 ἔδωκε
1735 3700 1892 3772 δίκην
1935 3703 1995 3755 οὐ

325 3786 546 3852 μικράν.
580 3781 645 3834 Τί
667 3781 724 3834 δέ
755 3781 917 3844 αὐτὸς
950 3782 978 3832 ὁ
1005 3780 1220 3852 πρῶτος
1257 3781 1548 3849 γενόμενος
1577 3779 1687 3831 τῶν
1730 3781 1997 3835 Ἰουδαίων

323 3867 523 3934 ἰερεὺς,
558 3862 685 3933 περὶ
715 3855 776 3915 οῦ
803 3860 1045 3915 τοσαῦτα
1084 3861 1334 3931 διελέχθη
1365 3860 1393 3910 ό
1436 3859 1566 3923 Θεὸς
1605 3860 1684 3929 τῷ
1732 3861 1995 3928 Μωῡσεῖ;

337 3944 550 4014 Ἐπειδὴ
568 3944 669 3996 οὐκ
701 3943 887 4012 ἰσχυσε
914 3941 1073 4011 μόνος
1099 3939 1235 4010 πρὸς
1266 3939 1519 3992 τοσούτου
1546 3938 1781 4009 πλήθους
1805 3939 1997 4010 στῆναι

323 4023 542 4092 μανίαν,
567 4025 626 4074 οὐ
661 4022 814 4092 παρά
847 4021 1046 4090 μικρὸν
1078 4015 1245 4090 ἦλθεν
1280 4017 1598 4078 ἀπολέσθαι,
1623 4019 1672 4069 εἰ
1712 4018 1787 4089 μὴ
1829 4021 1863 4090 ή
1903 4020 1997 4073 τοῦ

320 4101 552 4168 αδελςοῦ
578 4101 886 4172 προστασία
912 4099 1068 4152 ἔλυσε
1103 4097 1195 4150 τοῦ
1223 4097 1357 4150 Θεοῦ
1389 4097 1488 4166 τὴν
1523 4097 1730 4167 ὀργήν;
1779 4099 1998 4170 Ἐπειδὴ

321 4181 378 4233 δέ
425 4181 702 4244 Μωῦσέως
747 4181 1098 4251 ἐμνήσθημεν
1121 4177 1172 4240 ά,
1217 4176 1381 4230 καλὸν
1420 4175 1513 4228 καὶ
1551 4177 1615 4228 ἐκ
1658 4175 1764 4228 τῶν
1807 4178 2000 4248 ἐκείνῳ

325 4260 753 4332 συμϐεϐηκότων
801 4259 970 4323 δεῖξαι
1017 4257 1110 4311 τοῦ
1157 4257 1314 4326 λόγου
1371 4257 1469 4326 τὴν
1514 4254 1792 4325 ἀλήθειαν.
1829 4257 1999 4322 Αὐτὸς

324 4341 432 4408 γὰρ
455 4336 612 4403 οὗτος
639 4342 667 4393 ὁ
695 4339 968 4410 μακάριος
995 4337 1238 4406 Μωῦσῆς
1267 4335 1518 4389 τοσοῦτον
1549 4335 1755 4404 ἀπέσχε
1781 4334 1874 4388 τοῦ
1901 4338 2000 4408 τήν

323 4421 662 4492 προστασίαν
695 4413 960 4490 ἁρπάσαι
986 4417 1096 4470 τῶν
1131 4416 1421 4478 Ἰουδαίων,
1454 4415 1530 4478 ὡς
1577 4416 1672 4468 καὶ
1712 4413 2000 4488 διδομένην

323 4501 673 4572 παρῃτῆσθαι
710 4513 774 4561 υ,
827 4500 922 4552 καὶ
967 4499 1102 4551 Θεοῦ
1162 4496 1474 4559 κελεύοντος
1523 4493 1848 4561 ἀνανεῦσαι,
1905 4498 1999 4550 καὶ

322 4579 626 4652 παροξῦναι
662 4578 752 4632 τὸν
794 4579 1220 4650 προστάττοντα.
1251 4576 1361 4629 Καὶ
1389 4576 1449 4629 οὐ
1490 4576 1611 4628 τότε
1647 4575 1827 4646 μόνον,
1863 4575 1998 4630 ἀλλὰ

323 4662 418 4714 καὶ
459 4659 597 4723 μετά
650 4657 823 4711 ταῦτα
877 4658 1167 4729 γενόμενος
1213 4657 1306 4709 ἐπὶ
1335 4655 1436 4726 τῆς
1488 4655 1664 4726 ἀρχῆς
1715 4655 1856 4727 ὑπὲρ
1903 4658 1997 4711 τοῦ

322 4741 528 4810 ταύτης
594 4738 977 4808 ἀπαλλαγῆναι
1036 4738 1208 4808 ἡδέως
1254 4737 1320 4790 ἂν
1377 4735 1756 4806 ἀπέθνησκεν’
1827 4738 1998 4791 Ἀπό-

324 4837 564 4875 κτεινον
597 4819 705 4888 γάρ
749 4835 840 4884 με,
873 4819 1058 4888 φησὶν,
1105 4821 1156 4870 εἰ
1184 4817 1338 4870 οὕτω
1370 4835 1472 4886 μοι
1503 4816 1752 4886 μέλλεις
1783 4819 1992 4872 ποιεῖν.

324 4902 390 4953 Τί
434 4897 557 4962 οὖν,
608 4897 795 4969 ἐπειδὴ
852 4898 1098 4968 ἥμαρτεν
1137 4897 1228 4949 ἐπὶ
1272 4895 1364 4948 τοῦ
1397 4895 1618 4960 ὓδατος,
1673 4897 1899 4966 ἴσχυσαν
1940 4902 1994 4951 αἱ

325 4981 567 5048 συνεχεῖς
596 4971 755 5030 αὗται
785 4977 1147 5046 παραιτήσεις
1174 4973 1618 5044 ἀπολογήσασθαι
1641 4975 1781 5042 ὑπὲρ
1807 4975 1995 5039 αὐτοῦ,

324 5059 419 5112 καὶ
449 5062 628 5110 πεῖσαι
649 5059 740 5110 τὸν
771 5057 902 5109 Θεὸν
927 5055 1108 5108 δοῦναι
1137 5057 1500 5124 συγγνώμηνς
1536 5055 1631 5106 καὶ
1662 5053 1825 5104 πόθεν
1844 5052 1999 5107 ἀλλο-

325 5140 416 5192 θεν
441 5141 539 5208 τῆς
560 5138 975 5212 ἐπηγγελμένης
990 5139 1189 5190 ἀπεστε
1200 5137 1343 5207 ρεῖτο
1355 5137 1460 5205 γῆς
1478 5150 1492 5198 ;
1516 5132 1826 5202 Οὑδαμόθεν
1844 5133 1998 5186 ἄλλο·

325 5222 437 5282 θεν,
460 5222 536 5285 ὡς
566 5222 805 5283 ἅπαντες
833 5221 1013 5290 ῖσμεν,
1037 5217 1150 5270 ἀλλ’
1174 5217 1207 5288 ἢ
1234 5217 1322 5270 διὰ
1349 5217 1449 5285 τὴν
1476 5214 1752 5284 ἁμαρτίαν
1771 5212 2020 5282 ταύτην,’

387 5373 403 5395 ⁸
435 5375 549 5440 Post
579 5377 720 5440 ὀργῆς
741 5377 890 5426 Savil.
925 5383 977 5425 et
1004 5376 1202 5436 quidam
1223 5388 1336 5424 mss.
1363 5373 1584 5433 οὐδαμῶς
1608 5373 1848 5428 inserunt,
1887 5383 1998 5431 quae

325 5449 415 5486 vox
439 5438 581 5486 abest
602 5438 627 5485 εξ
649 5439 821 5486 Morel.
858 5445 910 5487 et
931 5440 1058 5486 aliis.

388 5499 415 5538 ι»
437 5501 520 5548 Sic
539 5500 686 5548 Savil.
715 5509 764 5548 ei
783 5502 980 5562 quidam
1006 5513 1118 5548 mss.
1143 5498 1315 5547 Morel.
1337 5509 1456 5545 vero
1475 5502 1527 5544 ei
1548 5493 1631 5544 alii
1651 5493 1845 5542 ἐκκαίει.
1870 5491 2000 5540 lnl‘ra

323 5564 518 5623 quidam
548 5563 843 5623 βελτιώσεως
864 5564 1151 5626 προτροπὴν.

388 5629 413 5685 f'
439 5624 536 5670 Alii
559 5625 869 5685 παρανομίας.

384 5683 409 5722 ά
439 5685 532 5732 ΑΙῘὶ
558 5683 807 5745 ἐμνήσθην.

384 5748 402 5768 ⁸
431 5744 525 5814 Alii
571 5739 918 5818 παραιτεῖσθαι,
948 5746 1032 5818 alii
1060 5746 1460 5810 παραιτήσασθαι,
1498 5741 1622 5792 Ibid.
1662 5741 1810 5790 Salil.
1839 5745 1890 5789 el
1913 5739 1997 5789 alii

324 5809 576 5858 ἀνανεῦσαι
598 5809 670 5856 ἐπὶ
697 5809 945 5870 τοσοῦτον,
965 5812 1046 5864 ὡς,

1061 325 1120 381 S.
1161 323 1449 380 JOANNIS
1486 319 1978 378 CllllYSOSTOMI
2021 316 2338 373 ARClIIEP.
2379 313 2929 372 CONSTANTINOP.

3657 309 3763 364 86$

2090 435 2154 486 δι’
2192 433 2257 503 ἣν
2293 435 2321 485 ό
2350 429 2664 502 θαυμαστὸς
2692 431 2901 492 ἐκεῖνος
2935 427 3076 502 ἀνὴρ
3109 426 3210 481 οὐκ
3242 427 3430 498 ἴσχυσε
3455 424 3564 478 τῶν
3585 423 3767 476 αὐτῶν

2086 516 2200 576 τοῖς
2233 511 2558 582 ἀρχομένοις
2584 513 2770 580 τυχεῖν
2789 527 2802 538 ο
2827 507 2965 562 ἀλλά
2996 505 3135 579 μετὰ
3161 507 3288 571 τοὺς
3318 505 3547 568 πολλοὺς
3572 504 3766 568 ἄθλους

2088 595 2182 647 καὶ
2221 593 2320 656 τὰς
2357 590 2770 661 ταλαιπωρίας,
2822 588 2961 659 μετά
3013 586 3117 659 τὴν
3153 587 3364 656 πλάνην
3415 587 3633 656 ἐκείνην
3668 583 3770 656 τὴν

2087 675 2314 742 ἄφατον,
2354 673 2450 725 καὶ
2486 673 2614 736 τοὺς
2648 670 2920 740 πολέμους
2971 670 3061 722 καὶ
3105 669 3174 722 τὰ
3218 669 3474 738 τρόπαια,
3525 665 3632 730 ἔξω
3665 667 3767 734 τῆς

2088 753 2190 822 γῆς
2229 751 2590 822 ἀπέθνησκεν,
2627 751 2768 820 ὑπὲρ
2810 745 2880 820 ἧς
2915 748 3154 801 τοσαῦτα
3197 748 3500 818 ἐμόχθησε·
3557 747 3655 799 καὶ
3698 747 3770 800 τά

2087 832 2182 884 τοῦ
2232 830 2501 899 πελάγους
2551 829 2854 900 ὑπομείνας
2911 828 3053 881 κατά
3096 827 3206 879 τῶν
3257 827 3351 880 τοῦ
3397 826 3618 896 λιμένος
3666 826 3768 878 οὐκ

2089 911 2403 982 ἀπήλαυσεν
2437 909 2680 978 ἀγαθῶν.
2721 909 2884 980 Ὁρᾷς
2912 908 2987 970 ὡς
3011 907 3072 960 οὐ
3096 909 3208 970 τοῖς
3241 907 3550 977 ἁρπάζουσι
3577 908 3766 976 μόνον,

2089 990 2204 1044 ἀλλ’
2236 990 2359 1044 οὐδέ
2400 993 2514 1054 τοῖς
2559 991 2625 1043 ἐκ
2655 988 2758 1058 τῆς
2797 988 2905 1041 τῶν
2953 987 3157 1058 ἐτέρων
3201 986 3434 1055 σπουδῆς
3482 982 3769 1037 ἐπὶτοῦτο

2090 1070 2427 1140 ἐρχομένοις,
2463 1068 2710 1122 λείπεταί
2745 1085 2828 1129 τις
2861 1067 2920 1119 ἐν
2946 1059 3028 1128 οἷς
3062 1067 3128 1119 ἂν
3151 1065 3451 1117 πταίσωσιν
3473 1065 3766 1133 ἀπολογία.

2093 1151 2264 1203 Ὅπου
2286 1150 2394 1222 γὰρ
2413 1151 2462 1202 οἰ
2483 1147 2578 1203 τοῦ
2601 1146 2736 1202 Θεοῦ
2757 1148 2775 1186 ί
2797 1147 2952 1220 [404]
2966 1146 3392 1217 χειροτονοῦντος
3417 1146 3768 1215 παραιτησὰο

2091 1247 2241 1301 μενοι
2268 1230 2525 1294 πολλάκις
2540 1227 2806 1297 τοσαύτην
2832 1227 3039 1281 ἔδωκαν
3061 1226 3236 1295 δίκην,
3256 1226 3351 1278 καὶ
3373 1225 3523 1278 οὐδὲν
3548 1226 3772 1295 ἴσχυσεν

2088 1309 2371 1373 ἐξελέσθαι
2402 1309 2498 1362 τοῦ
2519 1307 2765 1361 κινδύνου
2791 1305 2984 1358 τούτου
3006 1305 3132 1358 οὔτε
3155 1305 3244 1358 τὸν
3272 1304 3498 1375 Ἀαρὼν,
3521 1304 3648 1358 οὔτε
3673 1305 3769 1357 τὸν

2102 1391 2239 1455 Ἠλὶ,
2265 1389 2390 1443 οὐτε
2430 1389 2833 1460 τὸν’μακάριον
2869 1388 3079 1440 ἐκεῖνον
3119 1385 3308 1455 ἄνδρα,
3339 1387 3429 1438 τὸν
3464 1387 3641 1454 ἅγιον,
3674 1386 3769 1438 τὸν

2094 1475 2396 1544 προφήτην,
2425 1473 2517 1527 τὸν
2543 1470 2852 1543 θαυμαστὸν
2877 1511 2892 1535 ,
2929 1470 3023 1524 τὸν
3055 1471 3226 1539 πρᾶον
3267 1469 3498 1538 μάλιστα
3547 1469 3770 1523 πάντων

2090 1552 2196 1604 τῶν
2220 1553 2312 1605 ἐπὶ
2345 1552 2448 1622 τῆς
2475 1551 2601 1621 γῆς,
2627 1551 2720 1604 τὸν
2755 1549 2831 1612 ὡς
2857 1548 3009 1618 φίλον
3033 1548 3298 1602 λαλοῦντα
3322 1548 3400 1620 τῷ
3428 1548 3569 1619 Θεῷ,
3598 1549 3766 1620 σχολῇ

2090 1650 2153 1701 γε
2178 1635 2308 1705 ἡμῖν
2330 1637 2443 1697 τοῖς
2475 1633 2729 1686 τοσοῦτον
2758 1633 3047 1686 ἀποδέουσι
3071 1631 3165 1701 τῆς
3191 1631 3390 1702 ἀρετῆς
3428 1632 3528 1703 τῆς
3553 1634 3767 1686 ἐκείνου

2089 1715 2376 1784 δυνήσεται
2400 1713 2538 1785 πρὸς
2566 1713 2864 1780 ἀπολογίαν
2891 1710 3124 1782 ἀρκέσαι
3143 1711 3204 1763 τὸ
3229 1711 3526 1765 συνειδέναι
3554 1713 3769 1775 ἑαυτοῖς

2093 1794 2261 1866 μηδὲν
2310 1795 2451 1865 ὑπὲρ
2489 1792 2698 1863 ταύτης
2747 1790 3106 1844 ἐσπουδακόσι
3149 1789 3248 1859 τῆς
3285 1789 3488 1861 ἀρχῆς·
3532 1794 3628 1844 καὶ
3667 1792 3768 1862 μά-

2089 1873 2248 1928 λιστα
2271 1875 2361 1927 ὅτε
2402 1873 2597 1927 πολλαὶ
2623 1871 2829 1926 τούτων
2856 1871 2966 1924 τῶν
3004 1869 3349 1941 χειροτονιῶν
3379 1872 3478 1924 οὐκ
3517 1872 3630 1924 ἀπὸ
3669 1873 3767 1942 τῆς

2092 1955 2243 2019 θείας
2270 1955 2549 2024 γίγνονται
2571 1953 2814 2025 χάριτος,
2841 1951 2977 2005 ἀλλά
3016 1950 3109 2003 καὶ
3145 1949 3252 2002 ἀπὸ
3291 1950 3388 2022 τῆς
3418 1951 3526 2003 τῶν
3555 1952 3768 2023 ἀνθρώ⁴

2092 2052 2210 2088 πων
2236 2035 2492 2106 σπουδῆς.
2519 2035 2622 2088 Τὸν
2661 2033 2859 2086 Ἰούδαν
2883 2033 2912 2085 ό
2937 2031 3069 2094 Θεὸς
3103 2029 3404 2096 ἐξελέξατο,
3437 2033 3531 2086 καὶ
3566 2035 3649 2096 εἰς
3679 2034 3766 2085 τὸν

2093 2114 2246 2181 ἆγιον
2273 2117 2480 2169 ἐκεῖνον
2504 2113 2759 2176 κατέλεξε
2780 2112 2960 2183 χορὸν,
2981 2111 3073 2162 καὶ
3093 2110 3190 2181 τὴν
3215 2110 3581 2182 ἀποστολικὴν
3609 2113 3768 2178 ἀξίαν

2097 2195 2236 2266 μετά
2280 2196 2390 2248 τῶν
2436 2193 2640 2248 λοιπῶν
2693 2191 3054 2263 ἐνεχείρισεν·
3107 2191 3275 2244 ἔδωκε
3312 2191 3368 2244 δέ
3416 2209 3468 2244 τι
3508 2193 3608 2245 καὶ
3660 2194 3766 2246 τῶν

2093 2275 2268 2331 ἄλλων
2299 2277 2463 2331 πλέον
2503 2274 2674 2346 αὐτῷ,
2707 2275 2805 2345 τὴν
2840 2273 2949 2326 τῶν
2988 2273 3286 2344 χρημάτων
3335 2274 3670 2343 οἰκονομίαν.
3704 2275 3766 2326 Τί

2094 2353 2225 2422 οῦν;
2265 2355 2453 2426 ἐπειδὴ
2501 2353 2711 2417 τούτοις
2738 2352 3066 2423 ἀμφοτέροις
3113 2351 3365 2414 ἐναντίως
3416 2351 3696 2422 ἐχρήσατο
3719 2363 3768 2420 ι,

2096 2437 2191 2490 καὶ
2227 2437 2287 2490 ὂν
2321 2433 2614 2504 ἐπιστεύθη
2655 2431 2946 2505 κηρύττειν
2997 2429 3312 2501 προῦδωκε,
3366 2433 3458 2483 καὶ
3498 2431 3535 2485 ἀ
3585 2433 3768 2497 καλῶς

2094 2516 2317 2570 διοικεῖν
2358 2512 2730 2585 ἐνεχειρίσθη,
2762 2510 2932 2564 ταῦτα
2981 2509 3224 2581 ἀνήλωσε
3267 2509 3484 2570 κακῶς,
3531 2511 3768 2581 ἐξέφυγε

2094 2597 2195 2668 τὴν
2223 2593 2528 2666 τιμωρίαν;
2553 2591 2628 2646 Δι’
2659 2591 2792 2645 αὐτὸ
2819 2590 2917 2661 μὲν
2946 2585 3040 2642 οὖν
3071 2588 3229 2642 τοῦτο
3259 2589 3352 2641 καὶ
3378 2589 3768 2663 χαλεπωτέραν

2097 2675 2275 2746 ἐαυτῷ
2299 2675 2397 2744 τὴν
2434 2673 2588 2744 δίκην
2616 2670 2938 2742 εἰργάσατο·
2971 2670 3067 2722 καὶ
3114 2667 3258 2738 μάλα
3298 2685 3362 2736 γε
3395 2669 3647 2734 εἰκότως.
3690 2676 3766 2728 Οὐ

2095 2755 2205 2826 γὰρ
2241 2756 2319 2816 είς
2343 2752 2404 2806 τὺ
2427 2751 2505 2822 τῷ
2529 2749 2648 2820 Θεῷ
2681 2747 3043 2821 προσκρούειν
3064 2747 3144 2800 δεῖ
3171 2748 3620 2818 κατακεχρῆσθαι
3646 2755 3768 2815 ταῖς

2097 2835 2250 2906 παρὰ
2279 2833 2416 2886 Θεοῦ
2447 2831 2750 2901 διδομέναις
2777 2832 2986 2899 τιμαῖς,
3025 2827 3140 2882 ἀλλ’
3176 2831 3256 2891 είς
3293 2828 3354 2881 τὸ
3391 2830 3593 2898 μᾶλλον
3638 2833 3768 2903 ἀρέ-

2099 2932 2250 2968 σκειν
2281 2912 2450 2983 αὐτῷ.
2493 2910 2552 2966 Ὀ
2582 2910 2660 2974 δὲ,
2709 2908 2899 2981 ἐπειδὴ
2943 2910 3104 2962 πλέον
3141 2910 3449 2979 τετίμηται,
3477 2910 3566 2965 διὰ
3611 2913 3770 2968 τοῦτο

2097 2992 2265 3060 ἀξιῶν
2295 2992 2622 3061 ἀποφυγεῖν,
2656 2990 2715 3042 ἐν
2757 2983 2839 3052 οἷς
2868 2987 2934 3041 ἂν
2968 2987 3292 3051 κολάζεσθαι
3332 2989 3446 3059 δέῃ,
3473 2995 3770 3063 παραπλή-

2100 3089 2213 3125 σιον
2238 3073 2382 3126 ποιεῖ
2409 3069 2598 3140 ὥσπερ
2630 3067 2697 3121 ἂν
2727 3066 2782 3119 εἴ
2823 3084 2908 3130 τις
2937 3066 3032 3120 καὶ
3071 3065 3181 3119 τῶν
3223 3067 3464 3120 ἀπίστων
3501 3069 3772 3126 Ἰουδαίων

2099 3152 2337 3215 ἀκούσας
2370 3151 2463 3203 τοῦ
2498 3146 2735 3220 Χριστοῦ
2783 3146 3034 3213 λέγοντος
3064 3146 3168 3207 ὅτι,
3213 3147 3283 3199 Εἰ
3324 3147 3409 3214 μὴ
3440 3143 3634 3217 ἦλθον
3671 3155 3769 3206 καί

2098 3231 2374 3299 ἐλάλησα
2403 3230 2626 3295 αὐτοῖς,
2663 3227 2960 3301 ἁμαρτίαν
2987 3229 3098 3280 οὐκ
3128 3221 3295 3295 εἶχον
3315 3243 3328 3256 ’
3364 3227 3460 3280 καὶ
3493 3231 3545 3280 εἰ
3578 3230 3666 3299 μὴ
3701 3233 3771 3286 τὰ

2097 3311 2316 3380 σημεῖα
2339 3310 2588 3362 ἐποίουν
2609 3308 2678 3360 ἐν
2705 3305 2931 3371 αὐτοῖς,
2959 3304 2997 3358 ἃ
3015 3305 3224 3375 μηδείς
3247 3305 3433 3372 ἄλλος
3454 3308 3769 3376 ἐποίησεν.

2097 3391 2391 3461 ἁμαρτίαν
2413 3390 2524 3443 οὐκ
2549 3383 2736 3455 εἶχον,
2762 3384 3020 3456 ἐγκαλοίη
3041 3385 3119 3456 τῷ
3143 3385 3352 3458 Σωτῆρι
3379 3389 3473 3442 καὶ
3500 3390 3774 3464 εὐεργέτῃ

2098 3473 2271 3542 λέγων
2291 3489 2305 3502 ο
2337 3471 2402 3523 Τί
2429 3469 2538 3541 γάρ
2564 3469 2732 3539 ἠρχου
2757 3467 2851 3520 καὶ
2878 3465 3087 3529 ἐλάλεις
3108 3482 3122 3531 ;
3144 3466 3197 3518 τί
3221 3465 3276 3518 δὲ
3307 3467 3509 3530 ἐποίεις
3541 3474 3771 3539 σημεῖα.

2100 3556 2186 3607 ἵνα
2227 3549 2490 3622 μειζόνως
2532 3549 2678 3618 ἡμᾶς
2711 3546 2982 3617 κολάσῃς;
3025 3545 3186 3598 Ἀλλά
3223 3546 3416 3616 μανίας
3444 3548 3513 3599 τά
3549 3551 3776 3620 ῥήματα

2099 3633 2288 3697 ταῦτα,
2323 3630 2418 3684 καὶ
2457 3628 2559 3697 τῆς
2600 3626 2837 3696 ἐσχάτης
2890 3625 3295 3698 παραπληξίας,
3341 3627 3397 3677 '0
3441 3627 3548 3698 γὰρ
3586 3629 3774 3700 ξατρδς

2098 3715 2196 3782 οὐχ
2231 3713 2319 3764 ἵνα
2353 3727 2413 3762 σε
2444 3706 2749 3779 κατακρίνῃ
2777 3701 2962 3774 ἦλθεν,
2988 3704 3121 3758 ἀλλά
3151 3705 3349 3775 μᾶλλον
3377 3705 3735 3774 θεραπεύσων
3757 3726 3770 3737 ·

2099 3798 2196 3865 οὐχ
2226 3793 2314 3846 ἵνα
2349 3808 2408 3843 σε
2441 3786 2699 3841 νοσοῦντα
2733 3785 2958 3857 παρίδῃ,
2990 3785 3105 3838 ἀλλ’
3137 3787 3223 3840 ἵνα
3263 3802 3324 3838 σε
3351 3785 3637 3859 ἀπαλλάξῃ
3666 3789 3776 3856 τῆς

2099 3879 2255 3931 νόσου
2305 3872 2505 3926 τέλεον.
2563 3868 2636 3920 Σὺ
2683 3867 2740 3920 δέ
2786 3867 2980 3920 σαυτὸν
3032 3866 3174 3919 ἐκὼν
3233 3867 3610 3937 ἀπεστέρησας
3662 3870 3775 3921 τῶν

2101 3955 2308 4011 ἐκείνου
2337 3946 2535 4021 χειρῶν
2555 3963 2570 3978 ο
2613 3947 2784 4021 δέχου
2817 3946 2998 3998 τοίνυν
3038 3945 3422 4017 χαλεπωτέραν
3465 3949 3562 4016 τὴν
3593 3966 3771 4018 τιμω-

2102 4035 2243 4109 ρίαν,
2275 4019 2486 4098 Ὥσπερ
2510 4026 2619 4094 γὰρ
2653 4027 2699 4077 εἰ
2742 4019 2892 4090 εἴξας
2923 4027 2990 4095 τῇ
3035 4024 3322 4106 θεραπεία,
3358 4027 3449 4078 καὶ
3483 4027 3592 4080 τῶν
3636 4046 3773 4098 προ-

2099 4096 2270 4184 Ῑεέρων
2315 4109 2380 4163 ἂν
2409 4096 2727 4176 ἀπηλλάγης
2771 4103 2977 4184 κακῶν,
3014 4103 3187 4168 οὕτως
3229 4096 3415 4176 ἐπειδὴ
3462 4096 3774 4176 παραγενόβ

2104 4182 2263 4265 μενον
2295 4187 2417 4242 ἰδὼν
2463 4183 2826 4265 ἔφυγεςηούκ
2865 4182 2943 4265 ἐτι
2984 4182 3357 4265 ἀπονίψασθαι
3385 4185 3409 4222 h
3455 4184 3631 4238 ταῦτα
3679 4189 3772 4238 δυ-

2099 4261 2260 4345 ﬂown,
2291 4268 2365 4338 μὴ
2387 4267 2684 4332 δυνάμενος
2706 4263 2762 4314 δέ
2792 4261 3108 4316 καὶτούτων
3127 4261 3320 4326 δώσεις
3340 4263 3436 4334 τὴν
3465 4266 3742 4336 τιμωρίαν
3759 4286 3772 4298 ·

2101 4341 2194 4408 κάλ
2213 4341 2340 4405 νὰνθ,
2367 4341 2440 4400 ὧν
2472 4342 2620 4411 αὑτῷ
2652 4341 2888 4413 ματαίαν
2919 4343 3019 4412 τὴν
3049 4343 3286 4413 σπουδὴν
3307 4343 3590 4414 ἐποίησας,
3619 4347 3682 4398 τό
3708 4363 3774 4412 γε

2105 4435 2268 4505 μέρος
2296 4429 2358 4481 τὸ
2389 4421 2635 4505 σὸν,-διά
2656 4420 2852 4505 ’ταῦτα
2883 4422 2984 4505 οὐκ
3033 4422 3154 4505 ῐσην
3185 4422 3290 4505 πρδ
3337 4422 3440 4505 τοῦ,
3466 4423 3776 4494 τιμηθῆναι

2101 4501 2255 4583 παρά
2280 4506 2373 4561 τοῦ
2407 4501 2542 4557 Θεοῦ
2585 4502 2679 4554 καὶ
2726 4501 2862 4570 μετὰ
2894 4501 2993 4564 τὰς
3032 4501 3197 4570 τιμὰς
3239 4501 3338 4572 τὴν
3383 4503 3613 4572 βάσανον
3638 4505 3776 4557 ὑπο,

2105 4579 2360 4664 μένομεν,
2383 4582 2517 4664 ἀλλά
2545 4579 2725 4664 πολλῴ
2758 4580 3112 4664 σφοδρότερον
3136 4579 3379 4664 ὓστερον..
3417 4583 3473 4634 '0
3502 4584 3610 4664 γὰρ
3633 4585 3775 4654 μηδὲ

2101 4657 2179 4738 τῷ
2222 4657 2414 4723 παθεῖν
2457 4657 2514 4714 εὖ
2561 4658 2850 4729 γενόμενος
2893 4658 3096 4738 ἀγαθὸς
3147 4661 3480 4729 πικροτέρως
3511 4663 3526 4700 i
3557 4661 3773 4727 δίκαις)ἰ

2101 4734 2168 4808 ἂν
2217 4748 2303 4818 εἴη
2355 4739 2698 4803 κολάζεσθαι.
2748 4739 2900 4791 Ἐπεὶ
2941 4734 3035 4792 οῦν
3085 4738 3316 4810 ἀσθενὴς
3368 4743 3498 4809 ἡμῖν
3547 4742 3689 4814 αῦτη
3739 4749 3773 4814 ἡ

2099 4825 2366 4894 ἀπολογία
2414 4821 2718 4879 δέδεικται,
2767 4820 2863 4871 καὶ
2899 4819 2960 4872 οὐ
3001 4818 3161 4888 μόνον
3205 4820 3265 4872 οὐ
3307 4819 3466 4885 σώζει
3516 4823 3645 4885 τούς
3690 4826 3778 4888 είς

2101 4910 2270 4977 αὐτὴν
2300 4899 2775 4970 καταφεύγοντας,
2809 4897 2948 4951 ἀλλά
2977 4898 3071 4951 καὶ
3105 4897 3393 4968 προδίδωσι
3438 4899 3618 4963 πλέον,
3657 4904 3773 4955 ἐτέ-

2104 5009 2202 5063 ραν
2229 4988 2380 5063 ἡμῖν
2397 4979 2684 5063 ποριστέον
2709 4977 3030 5063 ἀσςράλειαεὲ

2171 5055 2339 5121 Ποίαν
2363 5061 2428 5132 δὴ
2457 5059 2660 5128 ταύτην
2682 5074 2696 5123 ;
2723 5059 2751 5109 ὁ
2790 5057 3146 5110 ΒΑΣΙΛΕΙοΣ
3167 5055 3291 5127 ἔφη,
3327 5057 3402 5120 ὡς
3429 5057 3607 5125 ἔγωγε
3649 5060 3776 5113 οὐδὲ

2100 5153 2160 5205 ἐν
2189 5142 2412 5218 ἐμαυτῴ
2431 5141 2665 5210 δύναμαι
2694 5133 2835 5191 εἶναι
2873 5137 2990 5201 νῦν,
3018 5135 3159 5189 οὕτω
3193 5154 3259 5218 με
3289 5135 3524 5206 ἔμφοϐον
3555 5141 3653 5191 καὶ
3684 5140 3777 5190 ἐν-

2099 5217 2302 5302 τρομον
2353 5226 2468 5285 τοῖς
2504 5223 2726 5302 ῥήμασι
2753 5217 3114 5302 κατέστησας
3161 5217 3390 5302 τούτοιςί
3429 5219 3773 5272 ΧΡΥΣοΣ-ιτ,

2245 5306 2456 5375 δέομαι,
2488 5301 2644 5380 ἐφην,
2681 5297 2775 5380 καὶ
2803 5297 3088 5380 ἀντιϐολῶ,
3235 5296 3484 5380 τοσοῦτον
3530 5298 3776 5380 xui-164-

2099 5377 2199 5461 λῃς
2225 5385 2441 5439 σαυτόν.
2473 5379 2634 5461 Ἔστι
2656 5378 2785 5447 γὰρ,
2809 5377 2970 5461 ἐστιν
2991 5377 3259 5461 ἀσφάλεια
3285 5379 3398 5461 τοῖς
3425 5378 3524 5446 μὲν
3550 5378 3772 5432 ἀσθενέ-

2140 5449 2192 5522 ἱζ
2225 5469 2356 5538 ἡμῖν
2395 5463 2455 5516 τὸ
2499 5459 2766 5532 μηδέποτε
2801 5460 3084 5529 ἐμπεσεῖν,
3121 5459 3250 5528 ὑμῖν
3280 5457 3335 5510 δέ
3372 5461 3481 5522 τοῖς
3532 5462 3774 5532 ἰσχυροῖς

2166 5614 2181 5648 ι
2213 5610 2308 5659 Alii
2333 5608 2422 5670 γὰρ
2441 5604 2571 5670 οὗτοι
2593 5601 2679 5652 τοῦ
2700 5601 2840 5651 Θεοῦ.
2857 5602 2984 5652 Infra
3010 5605 3158 5664 aliqui
3190 5604 3338 5653 Ἡλεί.

2166 5675 2190 5710 ε
2216 5671 2311 5720 Alii
2331 5668 2653 5730 ἀπεχρήσατο.

2165 5735 2196 5774 Ι
2222 5730 2314 5781 Alii
2335 5729 2490 5778 οὐκέτ’
2513 5731 2568 5777 ἂν
2587 5729 2722 5776 ἀπον.

2177 5798 2194 5837 i
2221 5793 2372 5846 Sai'il.
2399 5799 2453 5842 ei
2472 5792 2659 5853 almum
2679 5803 2795 5840 mss.
2819 5790 3111 5854 πικρότερον.
