  <div class='ocr_page' id='page_1' title='image "/cluster/home/n/w/nwhite01/storage/ocr_20150623/48/hvd.32044014784250/144.png"; bbox 0 0 3864 6272; ppageno 0'>
   <div class='ocr_carea' id='block_1_1' title="bbox 252 366 353 421">
    <p class='ocr_par' dir='ltr' id='par_1_1' title="bbox 252 366 353 421">
     <span class='ocr_line' id='line_1_1' title="bbox 252 366 353 421; baseline 0 -2"><span class='ocrx_word' id='word_1_1' title='bbox 252 366 353 421; x_wconf 60' lang='grc'><strong>661</strong></span> 
     </span>
    </p>
   </div>
   <div class='ocr_carea' id='block_1_2' title="bbox 253 485 1824 559">
    <p class='ocr_par' dir='ltr' id='par_1_2' title="bbox 253 485 1824 559">
     <span class='ocr_line' id='line_1_2' title="bbox 253 485 1824 559; baseline 0.001 -20"><span class='ocrx_word' id='word_1_2' title='bbox 253 500 356 555; x_wconf 88' lang='lat' dir='ltr'><strong>que</strong></span> <span class='ocrx_word' id='word_1_3' title='bbox 404 494 578 541; x_wconf 89' lang='lat' dir='ltr'><strong>tamen</strong></span> <span class='ocrx_word' id='word_1_4' title='bbox 624 485 710 541; x_wconf 90' lang='lat' dir='ltr'><strong>ille</strong></span> <span class='ocrx_word' id='word_1_5' title='bbox 732 486 917 541; x_wconf 88' lang='lat' dir='ltr'><strong>statim</strong></span> <span class='ocrx_word' id='word_1_6' title='bbox 964 502 1182 559; x_wconf 86' lang='lat' dir='ltr'><strong>regnum</strong></span> <span class='ocrx_word' id='word_1_7' title='bbox 1210 488 1356 554; x_wconf 88' lang='lat' dir='ltr'><strong>adiit,</strong></span> <span class='ocrx_word' id='word_1_8' title='bbox 1407 489 1527 542; x_wconf 81' lang='lat' dir='ltr'><strong>licet</strong></span> <span class='ocrx_word' id='word_1_9' title='bbox 1557 488 1606 541; x_wconf 87' lang='lat' dir='ltr'><strong>id</strong></span> <span class='ocrx_word' id='word_1_10' title='bbox 1637 504 1664 539; x_wconf 90' lang='lat' dir='ltr'><strong>a</strong></span> <span class='ocrx_word' id='word_1_11' title='bbox 1695 502 1824 556; x_wconf 89' lang='lat' dir='ltr'><strong>pro-</strong></span> 
     </span>
    </p>
   </div>
   <div class='ocr_carea' id='block_1_3' title="bbox 251 575 1823 647">
    <p class='ocr_par' dir='ltr' id='par_1_3' title="bbox 251 575 1823 647">
     <span class='ocr_line' id='line_1_3' title="bbox 251 575 1823 647; baseline 0.001 -19"><span class='ocrx_word' id='word_1_12' title='bbox 251 576 411 644; x_wconf 85' lang='lat' dir='ltr'><strong>pheta</strong></span> <span class='ocrx_word' id='word_1_13' title='bbox 434 575 687 641; x_wconf 85' lang='lat' dir='ltr'><strong>audisset,</strong></span> <span class='ocrx_word' id='word_1_14' title='bbox 709 577 802 631; x_wconf 92' lang='lat' dir='ltr'><strong>sed</strong></span> <span class='ocrx_word' id='word_1_15' title='bbox 823 576 1229 646; x_wconf 69' lang='lat' dir='ltr'><strong>deprecabatur,</strong></span> <span class='ocrx_word' id='word_1_16' title='bbox 1244 578 1604 647; x_wconf 90' lang='lat' dir='ltr'><strong>renuebatqne</strong></span> <span class='ocrx_word' id='word_1_17' title='bbox 1624 578 1823 630; x_wconf 83' lang='lat' dir='ltr'><strong>dicens:</strong></span> 
     </span>
    </p>
   </div>
   <div class='ocr_carea' id='block_1_4' title="bbox 243 668 1827 739">
    <p class='ocr_par' dir='ltr' id='par_1_4' title="bbox 243 668 1827 739">
     <span class='ocr_line' id='line_1_4' title="bbox 243 668 1827 739; baseline 0.001 -21"><span class='ocrx_word' id='word_1_18' title='bbox 243 668 377 734; x_wconf 73' lang='lat' dir='ltr'><strong>Quis</strong></span> <span class='ocrx_word' id='word_1_19' title='bbox 401 682 516 722; x_wconf 89' lang='lat' dir='ltr'><strong>sum</strong></span> <span class='ocrx_word' id='word_1_20' title='bbox 546 683 666 737; x_wconf 88' lang='lat' dir='ltr'><strong>ego,</strong></span> <span class='ocrx_word' id='word_1_21' title='bbox 698 677 753 723; x_wconf 92' lang='lat' dir='ltr'><strong>et</strong></span> <span class='ocrx_word' id='word_1_22' title='bbox 787 684 904 739; x_wconf 79' lang='lat' dir='ltr'><strong>quae</strong></span> <span class='ocrx_word' id='word_1_23' title='bbox 930 669 1119 724; x_wconf 90' lang='lat' dir='ltr'><strong>domus</strong></span> <span class='ocrx_word' id='word_1_24' title='bbox 1146 670 1310 738; x_wconf 83' lang='lat' dir='ltr'><strong>patris</strong></span> <span class='ocrx_word' id='word_1_25' title='bbox 1337 670 1478 724; x_wconf 84' lang='lat' dir='ltr'><strong>mel?</strong></span> <span class='ocrx_word' id='word_1_26' title='bbox 1502 669 1635 737; x_wconf 87' lang='lat' dir='ltr'><strong>Quid</strong></span> <span class='ocrx_word' id='word_1_27' title='bbox 1660 670 1827 738; x_wconf 87' lang='lat' dir='ltr'><strong>ergo?</strong></span> 
     </span>
    </p>
   </div>
   <div class='ocr_carea' id='block_1_5' title="bbox 247 757 1820 826">
    <p class='ocr_par' dir='ltr' id='par_1_5' title="bbox 247 757 1820 826">
     <span class='ocr_line' id='line_1_5' title="bbox 247 757 1820 826; baseline 0.002 -19"><span class='ocrx_word' id='word_1_28' title='bbox 247 773 316 810; x_wconf 85' lang='lat' dir='ltr'><strong>an</strong></span> <span class='ocrx_word' id='word_1_29' title='bbox 340 773 457 811; x_wconf 88' lang='lat' dir='ltr'><strong>cum</strong></span> <span class='ocrx_word' id='word_1_30' title='bbox 483 757 686 813; x_wconf 87' lang='lat' dir='ltr'><strong>honore</strong></span> <span class='ocrx_word' id='word_1_31' title='bbox 704 758 803 811; x_wconf 88' lang='lat' dir='ltr'><strong>sibi</strong></span> <span class='ocrx_word' id='word_1_32' title='bbox 829 773 923 826; x_wconf 91' lang='lat' dir='ltr'><strong>per</strong></span> <span class='ocrx_word' id='word_1_33' title='bbox 947 758 1113 813; x_wconf 89' lang='lat' dir='ltr'><strong>Deum</strong></span> <span class='ocrx_word' id='word_1_34' title='bbox 1137 758 1327 812; x_wconf 91' lang='lat' dir='ltr'><strong>tradito</strong></span> <span class='ocrx_word' id='word_1_35' title='bbox 1353 758 1488 814; x_wconf 86' lang='lat' dir='ltr'><strong>male</strong></span> <span class='ocrx_word' id='word_1_36' title='bbox 1510 772 1634 811; x_wconf 87' lang='lat' dir='ltr'><strong>usus</strong></span> <span class='ocrx_word' id='word_1_37' title='bbox 1662 766 1820 821; x_wconf 86' lang='lat' dir='ltr'><strong>esset,</strong></span> 
     </span>
    </p>
   </div>
   <div class='ocr_carea' id='block_1_6' title="bbox 247 846 1823 918">
    <p class='ocr_par' dir='ltr' id='par_1_6' title="bbox 247 846 1823 918">
     <span class='ocr_line' id='line_1_6' title="bbox 247 846 1823 918; baseline 0.001 -19"><span class='ocrx_word' id='word_1_38' title='bbox 247 847 417 915; x_wconf 91' lang='lat' dir='ltr'><strong>potuit</strong></span> <span class='ocrx_word' id='word_1_39' title='bbox 461 846 541 900; x_wconf 85' lang='lat' dir='ltr'><strong>his</strong></span> <span class='ocrx_word' id='word_1_40' title='bbox 569 847 750 901; x_wconf 82' lang='lat' dir='ltr'><strong>verbis</strong></span> <span class='ocrx_word' id='word_1_41' title='bbox 774 847 937 901; x_wconf 78' lang='lat' dir='ltr'><strong>eximi</strong></span> <span class='ocrx_word' id='word_1_42' title='bbox 966 846 1034 901; x_wconf 90' lang='lat' dir='ltr'><strong>ab</strong></span> <span class='ocrx_word' id='word_1_43' title='bbox 1078 847 1154 901; x_wconf 89' lang='lat' dir='ltr'><strong>ira</strong></span> <span class='ocrx_word' id='word_1_44' title='bbox 1177 848 1312 918; x_wconf 85' lang='lat' dir='ltr'><strong>ejus,</strong></span> <span class='ocrx_word' id='word_1_45' title='bbox 1341 849 1431 917; x_wconf 88' lang='lat' dir='ltr'><strong>qui</strong></span> <span class='ocrx_word' id='word_1_46' title='bbox 1476 861 1534 901; x_wconf 88' lang='lat' dir='ltr'><strong>se</strong></span> <span class='ocrx_word' id='word_1_47' title='bbox 1562 848 1613 901; x_wconf 87' lang='lat' dir='ltr'><strong>in</strong></span> <span class='ocrx_word' id='word_1_48' title='bbox 1643 862 1823 917; x_wconf 81' lang='lat' dir='ltr'><strong>regem</strong></span> 
     </span>
    </p>
   </div>
   <div class='ocr_carea' id='block_1_7' title="bbox 242 938 1820 1008">
    <p class='ocr_par' dir='ltr' id='par_1_7' title="bbox 242 938 1820 1008">
     <span class='ocr_line' id='line_1_7' title="bbox 242 938 1820 1008; baseline -0.001 -17"><span class='ocrx_word' id='word_1_49' title='bbox 242 938 631 993; x_wconf 74' lang='lat' dir='ltr'><strong>constituerat?</strong></span> <span class='ocrx_word' id='word_1_50' title='bbox 657 940 811 1008; x_wconf 87' lang='lat' dir='ltr'><strong>Atqui</strong></span> <span class='ocrx_word' id='word_1_51' title='bbox 852 946 1058 1008; x_wconf 86' lang='lat' dir='ltr'><strong>poterat</strong></span> <span class='ocrx_word' id='word_1_52' title='bbox 1093 941 1161 993; x_wconf 85' lang='lat' dir='ltr'><strong>ad</strong></span> <span class='ocrx_word' id='word_1_53' title='bbox 1195 938 1496 994; x_wconf 91' lang='lat' dir='ltr'><strong>Samuelem</strong></span> <span class='ocrx_word' id='word_1_54' title='bbox 1539 940 1820 1007; x_wconf 83' lang='lat' dir='ltr'><strong>increpan-</strong></span> 
     </span>
    </p>
   </div>
   <div class='ocr_carea' id='block_1_8' title="bbox 245 1030 1817 1101">
    <p class='ocr_par' dir='ltr' id='par_1_8' title="bbox 245 1030 1817 1101">
     <span class='ocr_line' id='line_1_8' title="bbox 245 1030 1817 1101; baseline -0.001 -17"><span class='ocrx_word' id='word_1_55' title='bbox 245 1041 353 1085; x_wconf 85' lang='lat' dir='ltr'><strong>tem</strong></span> <span class='ocrx_word' id='word_1_56' title='bbox 376 1030 587 1086; x_wconf 84' lang='lat' dir='ltr'><strong>dicere:</strong></span> <span class='ocrx_word' id='word_1_57' title='bbox 612 1030 749 1085; x_wconf 89' lang='lat' dir='ltr'><strong>Num</strong></span> <span class='ocrx_word' id='word_1_58' title='bbox 776 1045 876 1100; x_wconf 90' lang='lat' dir='ltr'><strong>ego</strong></span> <span class='ocrx_word' id='word_1_59' title='bbox 901 1046 1121 1101; x_wconf 81' lang='lat' dir='ltr'><strong>regnum</strong></span> <span class='ocrx_word' id='word_1_60' title='bbox 1150 1031 1361 1085; x_wconf 84' lang='lat' dir='ltr'><strong>invasi?</strong></span> <span class='ocrx_word' id='word_1_61' title='bbox 1387 1046 1512 1084; x_wconf 92' lang='lat' dir='ltr'><strong>num</strong></span> <span class='ocrx_word' id='word_1_62' title='bbox 1540 1030 1734 1085; x_wconf 79' lang='lat' dir='ltr'><strong>insi‘livi</strong></span> <span class='ocrx_word' id='word_1_63' title='bbox 1760 1031 1817 1084; x_wconf 88' lang='lat' dir='ltr'><strong>in</strong></span> 
     </span>
    </p>
   </div>
   <div class='ocr_carea' id='block_1_9' title="bbox 243 1121 1815 1192">
    <p class='ocr_par' dir='ltr' id='par_1_9' title="bbox 243 1121 1815 1192">
     <span class='ocr_line' id='line_1_9' title="bbox 243 1121 1815 1192; baseline 0.001 -19"><span class='ocrx_word' id='word_1_64' title='bbox 243 1121 381 1176; x_wconf 85' lang='lat' dir='ltr'><strong>hanc</strong></span> <span class='ocrx_word' id='word_1_65' title='bbox 412 1122 737 1192; x_wconf 83' lang='lat' dir='ltr'><strong>potentiam?</strong></span> <span class='ocrx_word' id='word_1_66' title='bbox 767 1123 924 1176; x_wconf 89' lang='lat' dir='ltr'><strong>vitam</strong></span> <span class='ocrx_word' id='word_1_67' title='bbox 951 1124 1226 1192; x_wconf 83' lang='lat' dir='ltr'><strong>privatam,</strong></span> <span class='ocrx_word' id='word_1_68' title='bbox 1255 1123 1477 1177; x_wconf 87' lang='lat' dir='ltr'><strong>otiosam</strong></span> <span class='ocrx_word' id='word_1_69' title='bbox 1507 1136 1559 1175; x_wconf 88' lang='lat' dir='ltr'><strong>et</strong></span> <span class='ocrx_word' id='word_1_70' title='bbox 1584 1124 1815 1192; x_wconf 87' lang='lat' dir='ltr'><strong>quietam</strong></span> 
     </span>
    </p>
   </div>
   <div class='ocr_carea' id='block_1_10' title="bbox 239 1215 1816 1285">
    <p class='ocr_par' dir='ltr' id='par_1_10' title="bbox 239 1215 1816 1285">
     <span class='ocr_line' id='line_1_10' title="bbox 239 1215 1816 1285; baseline 0.002 -18"><span class='ocrx_word' id='word_1_71' title='bbox 239 1215 441 1270; x_wconf 89' lang='lat' dir='ltr'><strong>ducere</strong></span> <span class='ocrx_word' id='word_1_72' title='bbox 466 1215 707 1269; x_wconf 76' lang='lat' dir='ltr'><strong>volebam</strong></span> <span class='ocrx_word' id='word_1_73' title='bbox 732 1233 745 1268; x_wconf 90' lang='lat'><strong>:</strong></span> <span class='ocrx_word' id='word_1_74' title='bbox 776 1223 833 1269; x_wconf 92' lang='lat' dir='ltr'><strong>tu</strong></span> <span class='ocrx_word' id='word_1_75' title='bbox 856 1229 984 1269; x_wconf 89' lang='lat' dir='ltr'><strong>vero</strong></span> <span class='ocrx_word' id='word_1_76' title='bbox 1009 1230 1096 1269; x_wconf 89' lang='lat' dir='ltr'><strong>me</strong></span> <span class='ocrx_word' id='word_1_77' title='bbox 1121 1216 1172 1268; x_wconf 91' lang='lat' dir='ltr'><strong>in</strong></span> <span class='ocrx_word' id='word_1_78' title='bbox 1194 1215 1330 1269; x_wconf 88' lang='lat' dir='ltr'><strong>hanc</strong></span> <span class='ocrx_word' id='word_1_79' title='bbox 1357 1215 1663 1285; x_wconf 81' lang='lat' dir='ltr'><strong>dignitatem</strong></span> <span class='ocrx_word' id='word_1_80' title='bbox 1689 1232 1816 1284; x_wconf 90' lang='lat' dir='ltr'><strong>per-</strong></span> 
     </span>
    </p>
   </div>
   <div class='ocr_carea' id='block_1_11' title="bbox 243 1307 1821 1378">
    <p class='ocr_par' dir='ltr' id='par_1_11' title="bbox 243 1307 1821 1378">
     <span class='ocr_line' id='line_1_11' title="bbox 243 1307 1821 1378; baseline 0.001 -19"><span class='ocrx_word' id='word_1_81' title='bbox 243 1307 467 1360; x_wconf 80' lang='lat' dir='ltr'><strong>traxisti.</strong></span> <span class='ocrx_word' id='word_1_82' title='bbox 492 1307 547 1361; x_wconf 88' lang='lat' dir='ltr'><strong>Si</strong></span> <span class='ocrx_word' id='word_1_83' title='bbox 578 1308 628 1361; x_wconf 90' lang='lat' dir='ltr'><strong>in</strong></span> <span class='ocrx_word' id='word_1_84' title='bbox 670 1308 757 1363; x_wconf 90' lang='lat' dir='ltr'><strong>illa</strong></span> <span class='ocrx_word' id='word_1_85' title='bbox 780 1308 1076 1362; x_wconf 85' lang='lat' dir='ltr'><strong>humilitate</strong></span> <span class='ocrx_word' id='word_1_86' title='bbox 1106 1308 1539 1378; x_wconf 88' lang='lat' dir='ltr'><strong>permansissem,</strong></span> <span class='ocrx_word' id='word_1_87' title='bbox 1594 1309 1706 1364; x_wconf 74' lang='lat' dir='ltr'><strong>ha-c</strong></span> <span class='ocrx_word' id='word_1_88' title='bbox 1735 1307 1821 1360; x_wconf 86' lang='lat' dir='ltr'><strong>of-</strong></span> 
     </span>
    </p>
   </div>
   <div class='ocr_carea' id='block_1_12' title="bbox 243 1395 1820 1468">
    <p class='ocr_par' dir='ltr' id='par_1_12' title="bbox 243 1395 1820 1468">
     <span class='ocr_line' id='line_1_12' title="bbox 243 1395 1820 1468; baseline 0.002 -19"><span class='ocrx_word' id='word_1_89' title='bbox 243 1395 509 1452; x_wconf 88' lang='lat' dir='ltr'><strong>fendicula</strong></span> <span class='ocrx_word' id='word_1_90' title='bbox 537 1398 690 1453; x_wconf 80' lang='lat' dir='ltr'><strong>facile</strong></span> <span class='ocrx_word' id='word_1_91' title='bbox 719 1397 1071 1454; x_wconf 90' lang='lat' dir='ltr'><strong>declinassem</strong></span> <span class='ocrx_word' id='word_1_92' title='bbox 1095 1415 1111 1464; x_wconf 92' lang='lat'><strong>;</strong></span> <span class='ocrx_word' id='word_1_93' title='bbox 1140 1414 1260 1452; x_wconf 88' lang='lat' dir='ltr'><strong>nam</strong></span> <span class='ocrx_word' id='word_1_94' title='bbox 1287 1414 1405 1452; x_wconf 91' lang='lat' dir='ltr'><strong>cum</strong></span> <span class='ocrx_word' id='word_1_95' title='bbox 1432 1415 1496 1452; x_wconf 82' lang='lat' dir='ltr'><strong>ex</strong></span> <span class='ocrx_word' id='word_1_96' title='bbox 1530 1399 1820 1468; x_wconf 83' lang='lat' dir='ltr'><strong>vulgarium</strong></span> 
     </span>
    </p>
   </div>
   <div class='ocr_carea' id='block_1_13' title="bbox 240 1489 1823 1559">
    <p class='ocr_par' dir='ltr' id='par_1_13' title="bbox 240 1489 1823 1559">
     <span class='ocr_line' id='line_1_13' title="bbox 240 1489 1823 1559; baseline -0.001 -18"><span class='ocrx_word' id='word_1_97' title='bbox 240 1496 296 1542; x_wconf 92' lang='lat' dir='ltr'><strong>et</strong></span> <span class='ocrx_word' id='word_1_98' title='bbox 316 1489 619 1558; x_wconf 78' lang='lat' dir='ltr'><strong>ignobilium</strong></span> <span class='ocrx_word' id='word_1_99' title='bbox 645 1504 822 1544; x_wconf 88' lang='lat' dir='ltr'><strong>essem</strong></span> <span class='ocrx_word' id='word_1_100' title='bbox 844 1504 1084 1555; x_wconf 90' lang='lat' dir='ltr'><strong>numero,</strong></span> <span class='ocrx_word' id='word_1_101' title='bbox 1103 1489 1167 1544; x_wconf 91' lang='lat' dir='ltr'><strong>ad</strong></span> <span class='ocrx_word' id='word_1_102' title='bbox 1186 1489 1286 1543; x_wconf 90' lang='lat' dir='ltr'><strong>hoc</strong></span> <span class='ocrx_word' id='word_1_103' title='bbox 1305 1504 1437 1559; x_wconf 91' lang='lat' dir='ltr'><strong>opus</strong></span> <span class='ocrx_word' id='word_1_104' title='bbox 1454 1489 1648 1545; x_wconf 89' lang='lat' dir='ltr'><strong>missus</strong></span> <span class='ocrx_word' id='word_1_105' title='bbox 1671 1506 1823 1542; x_wconf 83' lang='lat' dir='ltr'><strong>num-</strong></span> 
     </span>
    </p>
   </div>
   <div class='ocr_carea' id='block_1_14' title="bbox 238 1579 1818 1650">
    <p class='ocr_par' dir='ltr' id='par_1_14' title="bbox 238 1579 1818 1650">
     <span class='ocr_line' id='line_1_14' title="bbox 238 1579 1818 1650; baseline -0.001 -17"><span class='ocrx_word' id='word_1_106' title='bbox 238 1595 402 1649; x_wconf 88' lang='lat' dir='ltr'><strong>quam</strong></span> <span class='ocrx_word' id='word_1_107' title='bbox 425 1579 676 1635; x_wconf 91' lang='lat' dir='ltr'><strong>fuissem:</strong></span> <span class='ocrx_word' id='word_1_108' title='bbox 706 1595 876 1650; x_wconf 90' lang='lat' dir='ltr'><strong>neque</strong></span> <span class='ocrx_word' id='word_1_109' title='bbox 900 1579 1029 1635; x_wconf 91' lang='lat' dir='ltr'><strong>mihi</strong></span> <span class='ocrx_word' id='word_1_110' title='bbox 1053 1579 1247 1636; x_wconf 90' lang='lat' dir='ltr'><strong>bellum</strong></span> <span class='ocrx_word' id='word_1_111' title='bbox 1280 1590 1464 1635; x_wconf 90' lang='lat' dir='ltr'><strong>contra</strong></span> <span class='ocrx_word' id='word_1_112' title='bbox 1494 1580 1818 1635; x_wconf 85' lang='lat' dir='ltr'><strong>Amalecitas</strong></span> 
     </span>
    </p>
   </div>
   <div class='ocr_carea' id='block_1_15' title="bbox 243 1672 1817 1743">
    <p class='ocr_par' dir='ltr' id='par_1_15' title="bbox 243 1672 1817 1743">
     <span class='ocr_line' id='line_1_15' title="bbox 243 1672 1817 1743; baseline -0.002 -15"><span class='ocrx_word' id='word_1_113' title='bbox 243 1674 386 1728; x_wconf 87' lang='lat' dir='ltr'><strong>Deus</strong></span> <span class='ocrx_word' id='word_1_114' title='bbox 411 1673 799 1737; x_wconf 88' lang='lat' dir='ltr'><strong>commisisset;</strong></span> <span class='ocrx_word' id='word_1_115' title='bbox 827 1687 935 1743; x_wconf 92' lang='lat' dir='ltr'><strong>quo</strong></span> <span class='ocrx_word' id='word_1_116' title='bbox 959 1672 1087 1727; x_wconf 90' lang='lat' dir='ltr'><strong>mihi</strong></span> <span class='ocrx_word' id='word_1_117' title='bbox 1112 1688 1216 1727; x_wconf 91' lang='lat' dir='ltr'><strong>non</strong></span> <span class='ocrx_word' id='word_1_118' title='bbox 1245 1673 1530 1727; x_wconf 91' lang='lat' dir='ltr'><strong>commisso</strong></span> <span class='ocrx_word' id='word_1_119' title='bbox 1552 1673 1603 1726; x_wconf 94' lang='lat' dir='ltr'><strong>in</strong></span> <span class='ocrx_word' id='word_1_120' title='bbox 1631 1688 1817 1742; x_wconf 89' lang='lat' dir='ltr'><strong>pecca-</strong></span> 
     </span>
    </p>
   </div>
   <div class='ocr_carea' id='block_1_16' title="bbox 241 1754 1820 1834">
    <p class='ocr_par' dir='ltr' id='par_1_16' title="bbox 241 1754 1820 1834">
     <span class='ocr_line' id='line_1_16' title="bbox 241 1754 1820 1834; baseline 0 -17"><span class='ocrx_word' id='word_1_121' title='bbox 241 1774 357 1817; x_wconf 88' lang='lat' dir='ltr'><strong>tum</strong></span> <span class='ocrx_word' id='word_1_122' title='bbox 396 1763 696 1834; x_wconf 89' lang='lat' dir='ltr'><strong>huiusmodi</strong></span> <span class='ocrx_word' id='word_1_123' title='bbox 743 1778 1030 1834; x_wconf 83' lang='lat' dir='ltr'><strong>numquam</strong></span> <span class='ocrx_word' id='word_1_124' title='bbox 1071 1763 1396 1818; x_wconf 90' lang='lat' dir='ltr'><strong>incidissem.</strong></span> <span class='ocrx_word' id='word_1_125' title='bbox 1457 1754 1651 1817; x_wconf 87' lang='lat' dir='ltr'><strong>Verum</strong></span> <span class='ocrx_word' id='word_1_126' title='bbox 1706 1762 1820 1817; x_wconf 58' lang='lat' dir='ltr'><strong>haec</strong></span> 
     </span>
    </p>
   </div>
   <div class='ocr_carea' id='block_1_17' title="bbox 239 1857 1818 1921">
    <p class='ocr_par' dir='ltr' id='par_1_17' title="bbox 239 1857 1818 1921">
     <span class='ocr_line' id='line_1_17' title="bbox 239 1857 1818 1921; baseline 0.001 -10"><span class='ocrx_word' id='word_1_127' title='bbox 239 1860 423 1913; x_wconf 83' lang='lat' dir='ltr'><strong>omnia</strong></span> <span class='ocrx_word' id='word_1_128' title='bbox 464 1858 529 1912; x_wconf 89' lang='lat' dir='ltr'><strong>ad</strong></span> <span class='ocrx_word' id='word_1_129' title='bbox 576 1857 941 1914; x_wconf 79' lang='lat' dir='ltr'><strong>defensionem</strong></span> <span class='ocrx_word' id='word_1_130' title='bbox 993 1857 1203 1912; x_wconf 89' lang='lat' dir='ltr'><strong>inﬁrma</strong></span> <span class='ocrx_word' id='word_1_131' title='bbox 1252 1867 1410 1921; x_wconf 92' lang='lat' dir='ltr'><strong>sunt;</strong></span> <span class='ocrx_word' id='word_1_132' title='bbox 1467 1874 1566 1912; x_wconf 87' lang='lat' dir='ltr'><strong>nec</strong></span> <span class='ocrx_word' id='word_1_133' title='bbox 1612 1858 1818 1912; x_wconf 89' lang='lat' dir='ltr'><strong>inﬁrma</strong></span> 
     </span>
    </p>
   </div>
   <div class='ocr_carea' id='block_1_18' title="bbox 239 1950 1815 2022">
    <p class='ocr_par' dir='ltr' id='par_1_18' title="bbox 239 1950 1815 2022">
     <span class='ocr_line' id='line_1_18' title="bbox 239 1950 1815 2022; baseline -0.003 -16"><span class='ocrx_word' id='word_1_134' title='bbox 239 1951 424 2018; x_wconf 86' lang='lat' dir='ltr'><strong>modo,</strong></span> <span class='ocrx_word' id='word_1_135' title='bbox 446 1951 539 2006; x_wconf 88' lang='lat' dir='ltr'><strong>sed</strong></span> <span class='ocrx_word' id='word_1_136' title='bbox 566 1951 879 2022; x_wconf 89' lang='lat' dir='ltr'><strong>periculosa,</strong></span> <span class='ocrx_word' id='word_1_137' title='bbox 902 1966 1021 2021; x_wconf 72' lang='lat' dir='ltr'><strong>qua:</strong></span> <span class='ocrx_word' id='word_1_138' title='bbox 1046 1950 1136 2006; x_wconf 85' lang='lat' dir='ltr'><strong>Dei</strong></span> <span class='ocrx_word' id='word_1_139' title='bbox 1164 1951 1332 2020; x_wconf 89' lang='lat' dir='ltr'><strong>magis</strong></span> <span class='ocrx_word' id='word_1_140' title='bbox 1354 1951 1485 2004; x_wconf 85' lang='lat' dir='ltr'><strong>iram</strong></span> <span class='ocrx_word' id='word_1_141' title='bbox 1508 1950 1815 2005; x_wconf 90' lang='lat' dir='ltr'><strong>accendant.</strong></span> 
     </span>
    </p>
   </div>
   <div class='ocr_carea' id='block_1_19' title="bbox 241 2040 1814 2111">
    <p class='ocr_par' dir='ltr' id='par_1_19' title="bbox 241 2040 1814 2111">
     <span class='ocr_line' id='line_1_19' title="bbox 241 2040 1814 2111; baseline -0.003 -14"><span class='ocrx_word' id='word_1_142' title='bbox 241 2042 377 2097; x_wconf 78' lang='lat' dir='ltr'><strong>Eum</strong></span> <span class='ocrx_word' id='word_1_143' title='bbox 405 2043 566 2104; x_wconf 89' lang='lat' dir='ltr'><strong>enim,</strong></span> <span class='ocrx_word' id='word_1_144' title='bbox 598 2043 688 2111; x_wconf 89' lang='lat' dir='ltr'><strong>qui</strong></span> <span class='ocrx_word' id='word_1_145' title='bbox 730 2041 934 2097; x_wconf 91' lang='lat' dir='ltr'><strong>meritis</strong></span> <span class='ocrx_word' id='word_1_146' title='bbox 961 2040 1216 2109; x_wconf 87' lang='lat' dir='ltr'><strong>majorem</strong></span> <span class='ocrx_word' id='word_1_147' title='bbox 1247 2040 1553 2111; x_wconf 90' lang='lat' dir='ltr'><strong>dignitatem</strong></span> <span class='ocrx_word' id='word_1_148' title='bbox 1594 2041 1814 2109; x_wconf 89' lang='lat' dir='ltr'><strong>accepit,</strong></span> 
     </span>
    </p>
   </div>
   <div class='ocr_carea' id='block_1_20' title="bbox 238 2131 1819 2202">
    <p class='ocr_par' dir='ltr' id='par_1_20' title="bbox 238 2131 1819 2202">
     <span class='ocr_line' id='line_1_20' title="bbox 238 2131 1819 2202; baseline -0.001 -16"><span class='ocrx_word' id='word_1_149' title='bbox 238 2149 350 2187; x_wconf 87' lang='lat' dir='ltr'><strong>non</strong></span> <span class='ocrx_word' id='word_1_150' title='bbox 371 2142 581 2202; x_wconf 84' lang='lat' dir='ltr'><strong>oportet</strong></span> <span class='ocrx_word' id='word_1_151' title='bbox 603 2134 668 2187; x_wconf 90' lang='lat' dir='ltr'><strong>ad</strong></span> <span class='ocrx_word' id='word_1_152' title='bbox 692 2142 1023 2202; x_wconf 86' lang='lat' dir='ltr'><strong>peccatorum</strong></span> <span class='ocrx_word' id='word_1_153' title='bbox 1041 2131 1442 2186; x_wconf 77' lang='lat' dir='ltr'><strong>excusationem</strong></span> <span class='ocrx_word' id='word_1_154' title='bbox 1467 2131 1683 2186; x_wconf 90' lang='lat' dir='ltr'><strong>honoris</strong></span> <span class='ocrx_word' id='word_1_155' title='bbox 1707 2146 1819 2185; x_wconf 88' lang='lat' dir='ltr'><strong>ma-</strong></span> 
     </span>
    </p>
   </div>
   <div class='ocr_carea' id='block_1_21' title="bbox 238 2222 1816 2294">
    <p class='ocr_par' dir='ltr' id='par_1_21' title="bbox 238 2222 1816 2294">
     <span class='ocr_line' id='line_1_21' title="bbox 238 2222 1816 2294; baseline 0 -17"><span class='ocrx_word' id='word_1_156' title='bbox 238 2223 570 2294; x_wconf 88' lang='lat' dir='ltr'><strong>gnitudinem</strong></span> <span class='ocrx_word' id='word_1_157' title='bbox 598 2223 900 2288; x_wconf 87' lang='lat' dir='ltr'><strong>ostendere,</strong></span> <span class='ocrx_word' id='word_1_158' title='bbox 925 2222 1018 2278; x_wconf 86' lang='lat' dir='ltr'><strong>sed</strong></span> <span class='ocrx_word' id='word_1_159' title='bbox 1040 2223 1105 2278; x_wconf 87' lang='lat' dir='ltr'><strong>ad</strong></span> <span class='ocrx_word' id='word_1_160' title='bbox 1132 2222 1387 2292; x_wconf 86' lang='lat' dir='ltr'><strong>majorem</strong></span> <span class='ocrx_word' id='word_1_161' title='bbox 1408 2223 1460 2277; x_wconf 93' lang='lat' dir='ltr'><strong>in</strong></span> <span class='ocrx_word' id='word_1_162' title='bbox 1481 2223 1675 2278; x_wconf 87' lang='lat' dir='ltr'><strong>virtute</strong></span> <span class='ocrx_word' id='word_1_163' title='bbox 1696 2238 1816 2292; x_wconf 86' lang='lat' dir='ltr'><strong>pro-</strong></span> 
     </span>
    </p>
   </div>
   <div class='ocr_carea' id='block_1_22' title="bbox 239 2310 1818 2383">
    <p class='ocr_par' dir='ltr' id='par_1_22' title="bbox 239 2310 1818 2383">
     <span class='ocr_line' id='line_1_22' title="bbox 239 2310 1818 2383; baseline 0 -16"><span class='ocrx_word' id='word_1_164' title='bbox 239 2314 441 2368; x_wconf 80' lang='lat' dir='ltr'><strong>fectum</strong></span> <span class='ocrx_word' id='word_1_165' title='bbox 471 2314 546 2367; x_wconf 87' lang='lat' dir='ltr'><strong>uti</strong></span> <span class='ocrx_word' id='word_1_166' title='bbox 593 2327 783 2381; x_wconf 88' lang='lat' dir='ltr'><strong>magno</strong></span> <span class='ocrx_word' id='word_1_167' title='bbox 809 2312 899 2367; x_wconf 92' lang='lat' dir='ltr'><strong>illo</strong></span> <span class='ocrx_word' id='word_1_168' title='bbox 928 2313 1021 2367; x_wconf 89' lang='lat' dir='ltr'><strong>Dei</strong></span> <span class='ocrx_word' id='word_1_169' title='bbox 1068 2328 1189 2383; x_wconf 85' lang='lat' dir='ltr'><strong>erga</strong></span> <span class='ocrx_word' id='word_1_170' title='bbox 1220 2328 1278 2367; x_wconf 93' lang='lat' dir='ltr'><strong>se</strong></span> <span class='ocrx_word' id='word_1_171' title='bbox 1306 2312 1501 2367; x_wconf 87' lang='lat' dir='ltr'><strong>studio.</strong></span> <span class='ocrx_word' id='word_1_172' title='bbox 1556 2310 1649 2367; x_wconf 92' lang='lat' dir='ltr'><strong>Ille</strong></span> <span class='ocrx_word' id='word_1_173' title='bbox 1689 2327 1818 2368; x_wconf 88' lang='lat' dir='ltr'><strong>vero</strong></span> 
     </span>
    </p>
   </div>
   <div class='ocr_carea' id='block_1_23' title="bbox 236 2402 1817 2474">
    <p class='ocr_par' dir='ltr' id='par_1_23' title="bbox 236 2402 1817 2474">
     <span class='ocr_line' id='line_1_23' title="bbox 236 2402 1817 2474; baseline 0 -16"><span class='ocrx_word' id='word_1_174' title='bbox 236 2405 364 2473; x_wconf 84' lang='lat' dir='ltr'><strong>quia</strong></span> <span class='ocrx_word' id='word_1_175' title='bbox 407 2405 679 2459; x_wconf 88' lang='lat' dir='ltr'><strong>meliorem</strong></span> <span class='ocrx_word' id='word_1_176' title='bbox 725 2413 910 2459; x_wconf 89' lang='lat' dir='ltr'><strong>nactus</strong></span> <span class='ocrx_word' id='word_1_177' title='bbox 935 2402 1267 2473; x_wconf 88' lang='lat' dir='ltr'><strong>dignitatem,</strong></span> <span class='ocrx_word' id='word_1_178' title='bbox 1302 2402 1420 2458; x_wconf 93' lang='lat' dir='ltr'><strong>ideo</strong></span> <span class='ocrx_word' id='word_1_179' title='bbox 1463 2418 1685 2474; x_wconf 88' lang='lat' dir='ltr'><strong>peccare</strong></span> <span class='ocrx_word' id='word_1_180' title='bbox 1715 2404 1817 2458; x_wconf 87' lang='lat' dir='ltr'><strong>sibi</strong></span> 
     </span>
    </p>
   </div>
   <div class='ocr_carea' id='block_1_24' title="bbox 235 2495 1815 2565">
    <p class='ocr_par' dir='ltr' id='par_1_24' title="bbox 235 2495 1815 2565">
     <span class='ocr_line' id='line_1_24' title="bbox 235 2495 1815 2565; baseline -0.001 -13"><span class='ocrx_word' id='word_1_181' title='bbox 235 2498 440 2552; x_wconf 86' lang='lat' dir='ltr'><strong>licitum</strong></span> <span class='ocrx_word' id='word_1_182' title='bbox 468 2511 587 2552; x_wconf 91' lang='lat' dir='ltr'><strong>esse</strong></span> <span class='ocrx_word' id='word_1_183' title='bbox 629 2497 983 2561; x_wconf 81' lang='lat' dir='ltr'><strong>existimabat,</strong></span> <span class='ocrx_word' id='word_1_184' title='bbox 1013 2497 1145 2550; x_wconf 90' lang='lat' dir='ltr'><strong>nihil</strong></span> <span class='ocrx_word' id='word_1_185' title='bbox 1190 2495 1349 2558; x_wconf 85' lang='lat' dir='ltr'><strong>aliud,</strong></span> <span class='ocrx_word' id='word_1_186' title='bbox 1400 2511 1557 2565; x_wconf 90' lang='lat' dir='ltr'><strong>quam</strong></span> <span class='ocrx_word' id='word_1_187' title='bbox 1589 2495 1680 2549; x_wconf 89' lang='lat' dir='ltr'><strong>Dei</strong></span> <span class='ocrx_word' id='word_1_188' title='bbox 1704 2495 1815 2550; x_wconf 89' lang='lat' dir='ltr'><strong>cle-</strong></span> 
     </span>
    </p>
   </div>
   <div class='ocr_carea' id='block_1_25' title="bbox 237 2587 1817 2658">
    <p class='ocr_par' dir='ltr' id='par_1_25' title="bbox 237 2587 1817 2658">
     <span class='ocr_line' id='line_1_25' title="bbox 237 2587 1817 2658; baseline -0.003 -14"><span class='ocrx_word' id='word_1_189' title='bbox 237 2591 490 2645; x_wconf 85' lang='lat' dir='ltr'><strong>mentiam</strong></span> <span class='ocrx_word' id='word_1_190' title='bbox 537 2599 871 2658; x_wconf 88' lang='lat' dir='ltr'><strong>peccatorum</strong></span> <span class='ocrx_word' id='word_1_191' title='bbox 899 2603 1115 2642; x_wconf 90' lang='lat' dir='ltr'><strong>suorum</strong></span> <span class='ocrx_word' id='word_1_192' title='bbox 1143 2602 1359 2642; x_wconf 85' lang='lat' dir='ltr'><strong>causam</strong></span> <span class='ocrx_word' id='word_1_193' title='bbox 1398 2587 1573 2642; x_wconf 91' lang='lat' dir='ltr'><strong>facere</strong></span> <span class='ocrx_word' id='word_1_194' title='bbox 1598 2597 1817 2642; x_wconf 86' lang='lat' dir='ltr'><strong>conatus</strong></span> 
     </span>
    </p>
   </div>
   <div class='ocr_carea' id='block_1_26' title="bbox 236 2679 1812 2750">
    <p class='ocr_par' dir='ltr' id='par_1_26' title="bbox 236 2679 1812 2750">
     <span class='ocr_line' id='line_1_26' title="bbox 236 2679 1812 2750; baseline -0.003 -14"><span class='ocrx_word' id='word_1_195' title='bbox 236 2692 343 2736; x_wconf 87' lang='lat' dir='ltr'><strong>est.</strong></span> <span class='ocrx_word' id='word_1_196' title='bbox 373 2680 523 2749; x_wconf 84' lang='lat' dir='ltr'><strong>Quod</strong></span> <span class='ocrx_word' id='word_1_197' title='bbox 548 2695 677 2735; x_wconf 86' lang='lat' dir='ltr'><strong>sane</strong></span> <span class='ocrx_word' id='word_1_198' title='bbox 698 2680 891 2750; x_wconf 89' lang='lat' dir='ltr'><strong>impiis,</strong></span> <span class='ocrx_word' id='word_1_199' title='bbox 921 2690 975 2734; x_wconf 92' lang='lat' dir='ltr'><strong>et</strong></span> <span class='ocrx_word' id='word_1_200' title='bbox 1000 2680 1063 2734; x_wconf 91' lang='lat' dir='ltr'><strong>iis</strong></span> <span class='ocrx_word' id='word_1_201' title='bbox 1081 2680 1169 2749; x_wconf 91' lang='lat' dir='ltr'><strong>qui</strong></span> <span class='ocrx_word' id='word_1_202' title='bbox 1197 2679 1359 2733; x_wconf 89' lang='lat' dir='ltr'><strong>vitam</strong></span> <span class='ocrx_word' id='word_1_203' title='bbox 1382 2680 1566 2750; x_wconf 80' lang='lat' dir='ltr'><strong>ignave</strong></span> <span class='ocrx_word' id='word_1_204' title='bbox 1595 2680 1812 2745; x_wconf 91' lang='lat' dir='ltr'><strong>ducunt,</strong></span> 
     </span>
    </p>
   </div>
   <div class='ocr_carea' id='block_1_27' title="bbox 236 2769 1816 2835">
    <p class='ocr_par' dir='ltr' id='par_1_27' title="bbox 236 2769 1816 2835">
     <span class='ocr_line' id='line_1_27' title="bbox 236 2769 1816 2835; baseline -0.001 -9"><span class='ocrx_word' id='word_1_205' title='bbox 236 2787 359 2826; x_wconf 87' lang='lat' dir='ltr'><strong>mus</strong></span> <span class='ocrx_word' id='word_1_206' title='bbox 386 2781 466 2826; x_wconf 92' lang='lat' dir='ltr'><strong>est</strong></span> <span class='ocrx_word' id='word_1_207' title='bbox 488 2771 683 2826; x_wconf 88' lang='lat' dir='ltr'><strong>dicere.</strong></span> <span class='ocrx_word' id='word_1_208' title='bbox 722 2770 829 2826; x_wconf 88' lang='lat' dir='ltr'><strong>Nos</strong></span> <span class='ocrx_word' id='word_1_209' title='bbox 853 2779 1029 2826; x_wconf 90' lang='lat' dir='ltr'><strong>autem</strong></span> <span class='ocrx_word' id='word_1_210' title='bbox 1054 2786 1161 2825; x_wconf 91' lang='lat' dir='ltr'><strong>non</strong></span> <span class='ocrx_word' id='word_1_211' title='bbox 1190 2772 1269 2825; x_wconf 90' lang='lat' dir='ltr'><strong>sic</strong></span> <span class='ocrx_word' id='word_1_212' title='bbox 1310 2769 1526 2826; x_wconf 70' lang='lat' dir='ltr'><strong>affectos</strong></span> <span class='ocrx_word' id='word_1_213' title='bbox 1549 2784 1690 2835; x_wconf 91' lang='lat' dir='ltr'><strong>esse,</strong></span> <span class='ocrx_word' id='word_1_214' title='bbox 1717 2785 1816 2825; x_wconf 90' lang='lat' dir='ltr'><strong>nec</strong></span> 
     </span>
    </p>
   </div>
   <div class='ocr_carea' id='block_1_28' title="bbox 236 2860 1814 2931">
    <p class='ocr_par' dir='ltr' id='par_1_28' title="bbox 236 2860 1814 2931">
     <span class='ocr_line' id='line_1_28' title="bbox 236 2860 1814 2931; baseline 0 -14"><span class='ocrx_word' id='word_1_215' title='bbox 236 2864 297 2917; x_wconf 81' lang='lat' dir='ltr'><strong>in</strong></span> <span class='ocrx_word' id='word_1_216' title='bbox 323 2862 543 2917; x_wconf 89' lang='lat' dir='ltr'><strong>similem</strong></span> <span class='ocrx_word' id='word_1_217' title='bbox 581 2861 828 2917; x_wconf 87' lang='lat' dir='ltr'><strong>decidere</strong></span> <span class='ocrx_word' id='word_1_218' title='bbox 874 2862 1132 2915; x_wconf 83' lang='lat' dir='ltr'><strong>insaniam</strong></span> <span class='ocrx_word' id='word_1_219' title='bbox 1161 2860 1334 2928; x_wconf 90' lang='lat' dir='ltr'><strong>decet,</strong></span> <span class='ocrx_word' id='word_1_220' title='bbox 1365 2860 1460 2915; x_wconf 88' lang='lat' dir='ltr'><strong>sed</strong></span> <span class='ocrx_word' id='word_1_221' title='bbox 1499 2861 1693 2931; x_wconf 89' lang='lat' dir='ltr'><strong>ubique</strong></span> <span class='ocrx_word' id='word_1_222' title='bbox 1718 2877 1814 2917; x_wconf 91' lang='lat' dir='ltr'><strong>cu-</strong></span> 
     </span>
    </p>
   </div>
   <div class='ocr_carea' id='block_1_29' title="bbox 238 2951 1817 3023">
    <p class='ocr_par' dir='ltr' id='par_1_29' title="bbox 238 2951 1817 3023">
     <span class='ocr_line' id='line_1_29' title="bbox 238 2951 1817 3023; baseline 0 -17"><span class='ocrx_word' id='word_1_223' title='bbox 238 2969 362 3006; x_wconf 89' lang='lat' dir='ltr'><strong>rare</strong></span> <span class='ocrx_word' id='word_1_224' title='bbox 406 2962 460 3006; x_wconf 90' lang='lat' dir='ltr'><strong>ut</strong></span> <span class='ocrx_word' id='word_1_225' title='bbox 486 2968 602 3023; x_wconf 65' lang='lat' dir='ltr'><strong>qua:</strong></span> <span class='ocrx_word' id='word_1_226' title='bbox 647 2952 908 3007; x_wconf 80' lang='lat' dir='ltr'><strong>facultatis</strong></span> <span class='ocrx_word' id='word_1_227' title='bbox 937 2961 1134 3007; x_wconf 67' lang='lat' dir='ltr'><strong>nostra:</strong></span> <span class='ocrx_word' id='word_1_228' title='bbox 1178 2961 1301 3006; x_wconf 90' lang='lat' dir='ltr'><strong>sunt</strong></span> <span class='ocrx_word' id='word_1_229' title='bbox 1343 2951 1723 3017; x_wconf 89' lang='lat' dir='ltr'><strong>adhibeamus,</strong></span> <span class='ocrx_word' id='word_1_230' title='bbox 1754 2966 1817 3006; x_wconf 88' lang='lat' dir='ltr'><strong>ac</strong></span> 
     </span>
    </p>
   </div>
   <div class='ocr_carea' id='block_1_30' title="bbox 236 3041 1813 3113">
    <p class='ocr_par' dir='ltr' id='par_1_30' title="bbox 236 3041 1813 3113">
     <span class='ocr_line' id='line_1_30' title="bbox 236 3041 1813 3113; baseline -0.001 -17"><span class='ocrx_word' id='word_1_231' title='bbox 236 3042 377 3096; x_wconf 90' lang='lat' dir='ltr'><strong>bene</strong></span> <span class='ocrx_word' id='word_1_232' title='bbox 398 3042 462 3096; x_wconf 88' lang='lat' dir='ltr'><strong>de</strong></span> <span class='ocrx_word' id='word_1_233' title='bbox 487 3043 592 3096; x_wconf 89' lang='lat' dir='ltr'><strong>Deo</strong></span> <span class='ocrx_word' id='word_1_234' title='bbox 612 3041 905 3111; x_wconf 75' lang='lat' dir='ltr'><strong>cogitemus</strong></span> <span class='ocrx_word' id='word_1_235' title='bbox 927 3050 981 3096; x_wconf 92' lang='lat' dir='ltr'><strong>et</strong></span> <span class='ocrx_word' id='word_1_236' title='bbox 1010 3042 1305 3111; x_wconf 87' lang='lat' dir='ltr'><strong>loquamur.</strong></span> <span class='ocrx_word' id='word_1_237' title='bbox 1334 3041 1514 3113; x_wconf 80' lang='lat' dir='ltr'><strong>Neque</strong></span> <span class='ocrx_word' id='word_1_238' title='bbox 1532 3041 1674 3096; x_wconf 92' lang='lat' dir='ltr'><strong>enim</strong></span> <span class='ocrx_word' id='word_1_239' title='bbox 1701 3042 1813 3104; x_wconf 79' lang='lat' dir='ltr'><strong>Heli</strong></span> 
     </span>
    </p>
   </div>
   <div class='ocr_carea' id='block_1_31' title="bbox 238 3131 1817 3203">
    <p class='ocr_par' dir='ltr' id='par_1_31' title="bbox 238 3131 1817 3203">
     <span class='ocr_line' id='line_1_31' title="bbox 238 3131 1817 3203; baseline -0.001 -16"><span class='ocrx_word' id='word_1_240' title='bbox 238 3136 320 3202; x_wconf 79' lang='lat' dir='ltr'><strong>(t.</strong></span> <span class='ocrx_word' id='word_1_241' title='bbox 362 3133 488 3203; x_wconf 84' lang='lat' dir='ltr'><strong>Reg.</strong></span> <span class='ocrx_word' id='word_1_242' title='bbox 518 3132 571 3187; x_wconf 72' lang='grc'><strong>4.</strong></span> <span class='ocrx_word' id='word_1_243' title='bbox 623 3132 734 3202; x_wconf 81' lang='grc'><strong>18),</strong></span> <span class='ocrx_word' id='word_1_244' title='bbox 764 3141 822 3186; x_wconf 92' lang='lat' dir='ltr'><strong>ut</strong></span> <span class='ocrx_word' id='word_1_245' title='bbox 848 3133 1011 3188; x_wconf 92' lang='lat' dir='ltr'><strong>misso</strong></span> <span class='ocrx_word' id='word_1_246' title='bbox 1037 3146 1204 3203; x_wconf 90' lang='lat' dir='ltr'><strong>regno</strong></span> <span class='ocrx_word' id='word_1_247' title='bbox 1232 3131 1298 3185; x_wconf 90' lang='lat' dir='ltr'><strong>ad</strong></span> <span class='ocrx_word' id='word_1_248' title='bbox 1329 3132 1709 3195; x_wconf 89' lang='lat' dir='ltr'><strong>sacerdotium,</strong></span> <span class='ocrx_word' id='word_1_249' title='bbox 1751 3133 1817 3186; x_wconf 90' lang='lat' dir='ltr'><strong>de</strong></span> 
     </span>
    </p>
   </div>
   <div class='ocr_carea' id='block_1_32' title="bbox 234 3223 1815 3294">
    <p class='ocr_par' dir='ltr' id='par_1_32' title="bbox 234 3223 1815 3294">
     <span class='ocr_line' id='line_1_32' title="bbox 234 3223 1815 3294; baseline 0.001 -18"><span class='ocrx_word' id='word_1_250' title='bbox 234 3240 346 3294; x_wconf 89' lang='lat' dir='ltr'><strong>quo</strong></span> <span class='ocrx_word' id='word_1_251' title='bbox 372 3238 508 3278; x_wconf 92' lang='lat' dir='ltr'><strong>nunc</strong></span> <span class='ocrx_word' id='word_1_252' title='bbox 532 3224 725 3294; x_wconf 86' lang='lat' dir='ltr'><strong>agitur,</strong></span> <span class='ocrx_word' id='word_1_253' title='bbox 758 3232 1107 3290; x_wconf 88' lang='lat' dir='ltr'><strong>transeamus,</strong></span> <span class='ocrx_word' id='word_1_254' title='bbox 1146 3223 1497 3293; x_wconf 87' lang='lat' dir='ltr'><strong>principatum</strong></span> <span class='ocrx_word' id='word_1_255' title='bbox 1526 3223 1704 3279; x_wconf 90' lang='lat' dir='ltr'><strong>studio</strong></span> <span class='ocrx_word' id='word_1_256' title='bbox 1723 3238 1815 3278; x_wconf 86' lang='lat' dir='ltr'><strong>ac-</strong></span> 
     </span>
    </p>
   </div>
   <div class='ocr_carea' id='block_1_33' title="bbox 233 3314 1816 3385">
    <p class='ocr_par' dir='ltr' id='par_1_33' title="bbox 233 3314 1816 3385">
     <span class='ocr_line' id='line_1_33' title="bbox 233 3314 1816 3385; baseline -0.003 -16"><span class='ocrx_word' id='word_1_257' title='bbox 233 3316 515 3385; x_wconf 85' lang='lat' dir='ltr'><strong>quisierat.</strong></span> <span class='ocrx_word' id='word_1_258' title='bbox 541 3315 678 3383; x_wconf 85' lang='lat' dir='ltr'><strong>Quid</strong></span> <span class='ocrx_word' id='word_1_259' title='bbox 719 3315 875 3385; x_wconf 78' lang='lat' dir='ltr'><strong>igitur</strong></span> <span class='ocrx_word' id='word_1_260' title='bbox 899 3315 950 3369; x_wconf 89' lang='lat' dir='ltr'><strong>id</strong></span> <span class='ocrx_word' id='word_1_261' title='bbox 993 3315 1064 3369; x_wconf 88' lang='lat' dir='ltr'><strong>illi</strong></span> <span class='ocrx_word' id='word_1_262' title='bbox 1111 3314 1318 3384; x_wconf 90' lang='lat' dir='ltr'><strong>profuit,</strong></span> <span class='ocrx_word' id='word_1_263' title='bbox 1352 3328 1472 3369; x_wconf 91' lang='lat' dir='ltr'><strong>cum</strong></span> <span class='ocrx_word' id='word_1_264' title='bbox 1496 3314 1816 3384; x_wconf 73' lang='lat' dir='ltr'><strong>peccasset?</strong></span> 
     </span>
    </p>
   </div>
   <div class='ocr_carea' id='block_1_34' title="bbox 234 3407 1818 3477">
    <p class='ocr_par' dir='ltr' id='par_1_34' title="bbox 234 3407 1818 3477">
     <span class='ocr_line' id='line_1_34' title="bbox 234 3407 1818 3477; baseline -0.001 -18"><span class='ocrx_word' id='word_1_265' title='bbox 234 3408 376 3476; x_wconf 87' lang='lat' dir='ltr'><strong>Quid</strong></span> <span class='ocrx_word' id='word_1_266' title='bbox 415 3408 554 3470; x_wconf 89' lang='lat' dir='ltr'><strong>dico,</strong></span> <span class='ocrx_word' id='word_1_267' title='bbox 585 3408 941 3477; x_wconf 86' lang='lat' dir='ltr'><strong>acquisicrat?</strong></span> <span class='ocrx_word' id='word_1_268' title='bbox 973 3422 1037 3462; x_wconf 90' lang='lat' dir='ltr'><strong>ne</strong></span> <span class='ocrx_word' id='word_1_269' title='bbox 1073 3408 1118 3461; x_wconf 89' lang='lat' dir='ltr'><strong>si</strong></span> <span class='ocrx_word' id='word_1_270' title='bbox 1158 3407 1414 3461; x_wconf 87' lang='lat' dir='ltr'><strong>voluisset</strong></span> <span class='ocrx_word' id='word_1_271' title='bbox 1437 3407 1671 3476; x_wconf 89' lang='lat' dir='ltr'><strong>quidem,</strong></span> <span class='ocrx_word' id='word_1_272' title='bbox 1704 3408 1818 3475; x_wconf 84' lang='lat' dir='ltr'><strong>lege</strong></span> 
     </span>
    </p>
   </div>
   <div class='ocr_carea' id='block_1_35' title="bbox 236 3498 1815 3570">
    <p class='ocr_par' dir='ltr' id='par_1_35' title="bbox 236 3498 1815 3570">
     <span class='ocr_line' id='line_1_35' title="bbox 236 3498 1815 3570; baseline -0.001 -16"><span class='ocrx_word' id='word_1_273' title='bbox 236 3502 313 3554; x_wconf 87' lang='lat' dir='ltr'><strong>ita</strong></span> <span class='ocrx_word' id='word_1_274' title='bbox 364 3509 603 3570; x_wconf 87' lang='lat' dir='ltr'><strong>cogente,</strong></span> <span class='ocrx_word' id='word_1_275' title='bbox 659 3510 865 3568; x_wconf 85' lang='lat' dir='ltr'><strong>poterat</strong></span> <span class='ocrx_word' id='word_1_276' title='bbox 913 3499 1143 3569; x_wconf 75' lang='lat' dir='ltr'><strong>effugere</strong></span> <span class='ocrx_word' id='word_1_277' title='bbox 1178 3516 1191 3554; x_wconf 90' lang='lat'>:</span> <span class='ocrx_word' id='word_1_278' title='bbox 1226 3514 1347 3551; x_wconf 90' lang='lat' dir='ltr'><strong>nam</strong></span> <span class='ocrx_word' id='word_1_279' title='bbox 1388 3514 1456 3553; x_wconf 84' lang='lat' dir='ltr'><strong>ex</strong></span> <span class='ocrx_word' id='word_1_280' title='bbox 1507 3498 1642 3553; x_wconf 91' lang='lat' dir='ltr'><strong>tribu</strong></span> <span class='ocrx_word' id='word_1_281' title='bbox 1693 3498 1815 3553; x_wconf 83' lang='lat' dir='ltr'><strong>Levi</strong></span> 
     </span>
    </p>
   </div>
   <div class='ocr_carea' id='block_1_36' title="bbox 235 3592 1817 3663">
    <p class='ocr_par' dir='ltr' id='par_1_36' title="bbox 235 3592 1817 3663">
     <span class='ocr_line' id='line_1_36' title="bbox 235 3592 1817 3663; baseline -0.001 -16"><span class='ocrx_word' id='word_1_282' title='bbox 235 3603 396 3658; x_wconf 81' lang='lat' dir='ltr'><strong>erat,</strong></span> <span class='ocrx_word' id='word_1_283' title='bbox 427 3602 481 3648; x_wconf 92' lang='lat' dir='ltr'><strong>et</strong></span> <span class='ocrx_word' id='word_1_284' title='bbox 515 3592 862 3663; x_wconf 88' lang='lat' dir='ltr'><strong>principatum</strong></span> <span class='ocrx_word' id='word_1_285' title='bbox 914 3607 979 3646; x_wconf 80' lang='lat' dir='ltr'><strong>ex</strong></span> <span class='ocrx_word' id='word_1_286' title='bbox 1029 3592 1236 3662; x_wconf 81' lang='lat' dir='ltr'><strong>generis</strong></span> <span class='ocrx_word' id='word_1_287' title='bbox 1290 3599 1435 3645; x_wconf 89' lang='lat' dir='ltr'><strong>retro</strong></span> <span class='ocrx_word' id='word_1_288' title='bbox 1482 3592 1817 3646; x_wconf 88' lang='lat' dir='ltr'><strong>successione</strong></span> 
     </span>
    </p>
   </div>
   <div class='ocr_carea' id='block_1_37' title="bbox 236 3683 1817 3757">
    <p class='ocr_par' dir='ltr' id='par_1_37' title="bbox 236 3683 1817 3757">
     <span class='ocr_line' id='line_1_37' title="bbox 236 3683 1817 3757; baseline -0.002 -18"><span class='ocrx_word' id='word_1_289' title='bbox 236 3689 484 3757; x_wconf 85' lang='lat' dir='ltr'><strong>accipere</strong></span> <span class='ocrx_word' id='word_1_290' title='bbox 533 3688 679 3741; x_wconf 92' lang='lat' dir='ltr'><strong>illum</strong></span> <span class='ocrx_word' id='word_1_291' title='bbox 728 3685 1025 3757; x_wconf 87' lang='lat' dir='ltr'><strong>oportebat.</strong></span> <span class='ocrx_word' id='word_1_292' title='bbox 1071 3684 1316 3739; x_wconf 82' lang='lat' dir='ltr'><strong>Attamen</strong></span> <span class='ocrx_word' id='word_1_293' title='bbox 1367 3693 1421 3737; x_wconf 90' lang='lat' dir='ltr'><strong>et</strong></span> <span class='ocrx_word' id='word_1_294' title='bbox 1468 3683 1551 3737; x_wconf 89' lang='lat' dir='ltr'><strong>hic</strong></span> <span class='ocrx_word' id='word_1_295' title='bbox 1577 3699 1681 3737; x_wconf 91' lang='lat' dir='ltr'><strong>non</strong></span> <span class='ocrx_word' id='word_1_296' title='bbox 1713 3684 1817 3736; x_wconf 78' lang='lat' dir='ltr'><strong>nii-</strong></span> 
     </span>
    </p>
   </div>
   <div class='ocr_carea' id='block_1_38' title="bbox 236 3774 1816 3847">
    <p class='ocr_par' dir='ltr' id='par_1_38' title="bbox 236 3774 1816 3847">
     <span class='ocr_line' id='line_1_38' title="bbox 236 3774 1816 3847; baseline -0.004 -14"><span class='ocrx_word' id='word_1_297' title='bbox 236 3780 414 3834; x_wconf 85' lang='lat' dir='ltr'><strong>nimas</strong></span> <span class='ocrx_word' id='word_1_298' title='bbox 470 3778 695 3833; x_wconf 88' lang='lat' dir='ltr'><strong>ﬁliorum</strong></span> <span class='ocrx_word' id='word_1_299' title='bbox 751 3776 1052 3847; x_wconf 75' lang='lat' dir='ltr'><strong>petulantia:</strong></span> <span class='ocrx_word' id='word_1_300' title='bbox 1095 3778 1110 3806; x_wconf 76' lang='grc'>³</span> <span class='ocrx_word' id='word_1_301' title='bbox 1158 3791 1338 3843; x_wconf 71' lang='lat' dir='ltr'><strong>pmnas</strong></span> <span class='ocrx_word' id='word_1_302' title='bbox 1384 3774 1495 3827; x_wconf 90' lang='lat' dir='ltr'><strong>luit.</strong></span> <span class='ocrx_word' id='word_1_303' title='bbox 1548 3774 1682 3841; x_wconf 85' lang='lat' dir='ltr'><strong>Quid</strong></span> <span class='ocrx_word' id='word_1_304' title='bbox 1720 3789 1816 3826; x_wconf 89' lang='lat' dir='ltr'><strong>au-</strong></span> 
     </span>
    </p>
   </div>
   <div class='ocr_carea' id='block_1_39' title="bbox 240 3866 1820 3941">
    <p class='ocr_par' dir='ltr' id='par_1_39' title="bbox 240 3866 1820 3941">
     <span class='ocr_line' id='line_1_39' title="bbox 240 3866 1820 3941; baseline -0.004 -15"><span class='ocrx_word' id='word_1_305' title='bbox 240 3884 353 3927; x_wconf 90' lang='lat' dir='ltr'><strong>tem</strong></span> <span class='ocrx_word' id='word_1_306' title='bbox 394 3872 482 3926; x_wconf 90' lang='lat' dir='ltr'><strong>ille</strong></span> <span class='ocrx_word' id='word_1_307' title='bbox 512 3872 598 3941; x_wconf 91' lang='lat' dir='ltr'><strong>qui</strong></span> <span class='ocrx_word' id='word_1_308' title='bbox 646 3871 847 3941; x_wconf 90' lang='lat' dir='ltr'><strong>primus</strong></span> <span class='ocrx_word' id='word_1_309' title='bbox 870 3869 1175 3924; x_wconf 66' lang='lat' dir='ltr'><strong>Iudaeorum</strong></span> <span class='ocrx_word' id='word_1_310' title='bbox 1202 3867 1449 3923; x_wconf 78' lang='lat' dir='ltr'><strong>sacerdos</strong></span> <span class='ocrx_word' id='word_1_311' title='bbox 1477 3866 1592 3929; x_wconf 88' lang='lat' dir='ltr'><strong>fuit,</strong></span> <span class='ocrx_word' id='word_1_312' title='bbox 1619 3866 1687 3919; x_wconf 84' lang='lat' dir='ltr'><strong>de</strong></span> <span class='ocrx_word' id='word_1_313' title='bbox 1713 3881 1820 3933; x_wconf 86' lang='lat' dir='ltr'><strong>quo</strong></span> 
     </span>
    </p>
   </div>
   <div class='ocr_carea' id='block_1_40' title="bbox 240 3958 1818 4033">
    <p class='ocr_par' dir='ltr' id='par_1_40' title="bbox 240 3958 1818 4033">
     <span class='ocr_line' id='line_1_40' title="bbox 240 3958 1818 4033; baseline -0.005 -14"><span class='ocrx_word' id='word_1_314' title='bbox 240 3976 355 4020; x_wconf 87' lang='lat' dir='ltr'><strong>tam</strong></span> <span class='ocrx_word' id='word_1_315' title='bbox 400 3965 563 4018; x_wconf 90' lang='lat' dir='ltr'><strong>multa</strong></span> <span class='ocrx_word' id='word_1_316' title='bbox 594 3979 714 4018; x_wconf 91' lang='lat' dir='ltr'><strong>cum</strong></span> <span class='ocrx_word' id='word_1_317' title='bbox 762 3962 941 4033; x_wconf 78' lang='lat' dir='ltr'><strong>Moyse</strong></span> <span class='ocrx_word' id='word_1_318' title='bbox 971 3963 1109 4015; x_wconf 91' lang='lat' dir='ltr'><strong>Deus</strong></span> <span class='ocrx_word' id='word_1_319' title='bbox 1138 3960 1298 4015; x_wconf 82' lang='lat' dir='ltr'><strong>verba</strong></span> <span class='ocrx_word' id='word_1_320' title='bbox 1339 3958 1499 4014; x_wconf 89' lang='lat' dir='ltr'><strong>fecit?</strong></span> <span class='ocrx_word' id='word_1_321' title='bbox 1542 3959 1672 4026; x_wconf 87' lang='lat' dir='ltr'><strong>Quia</strong></span> <span class='ocrx_word' id='word_1_322' title='bbox 1715 3975 1818 4011; x_wconf 88' lang='lat' dir='ltr'><strong>non</strong></span> 
     </span>
    </p>
   </div>
   <div class='ocr_carea' id='block_1_41' title="bbox 237 4051 1817 4128">
    <p class='ocr_par' dir='ltr' id='par_1_41' title="bbox 237 4051 1817 4128">
     <span class='ocr_line' id='line_1_41' title="bbox 237 4051 1817 4128; baseline -0.005 -17"><span class='ocrx_word' id='word_1_323' title='bbox 237 4059 414 4128; x_wconf 85' lang='lat' dir='ltr'><strong>potuit</strong></span> <span class='ocrx_word' id='word_1_324' title='bbox 439 4059 583 4112; x_wconf 89' lang='lat' dir='ltr'><strong>solus</strong></span> <span class='ocrx_word' id='word_1_325' title='bbox 600 4066 756 4111; x_wconf 78' lang='lat' dir='ltr'><strong>tanta:</strong></span> <span class='ocrx_word' id='word_1_326' title='bbox 777 4054 1131 4111; x_wconf 91' lang='lat' dir='ltr'><strong>multitudinis</strong></span> <span class='ocrx_word' id='word_1_327' title='bbox 1156 4053 1319 4107; x_wconf 92' lang='lat' dir='ltr'><strong>furori</strong></span> <span class='ocrx_word' id='word_1_328' title='bbox 1341 4052 1602 4107; x_wconf 89' lang='lat' dir='ltr'><strong>obsistere</strong></span> <span class='ocrx_word' id='word_1_329' title='bbox 1625 4051 1817 4123; x_wconf 76' lang='lat' dir='ltr'><strong>(Exod.</strong></span> 
     </span>
    </p>
   </div>
   <div class='ocr_carea' id='block_1_42' title="bbox 242 4142 1822 4219">
    <p class='ocr_par' dir='ltr' id='par_1_42' title="bbox 242 4142 1822 4219">
     <span class='ocr_line' id='line_1_42' title="bbox 242 4142 1822 4219; baseline -0.004 -15"><span class='ocrx_word' id='word_1_330' title='bbox 242 4148 338 4204; x_wconf 74' lang='lat'><strong>52.</strong></span> <span class='ocrx_word' id='word_1_331' title='bbox 372 4146 480 4219; x_wconf 80' lang='grc'><strong>10),</strong></span> <span class='ocrx_word' id='word_1_332' title='bbox 507 4162 679 4201; x_wconf 86' lang='lat' dir='ltr'><strong>annon</strong></span> <span class='ocrx_word' id='word_1_333' title='bbox 704 4162 886 4217; x_wconf 89' lang='lat' dir='ltr'><strong>parum</strong></span> <span class='ocrx_word' id='word_1_334' title='bbox 915 4145 1081 4199; x_wconf 88' lang='lat' dir='ltr'><strong>abfuit</strong></span> <span class='ocrx_word' id='word_1_335' title='bbox 1110 4145 1234 4215; x_wconf 92' lang='lat' dir='ltr'><strong>quin</strong></span> <span class='ocrx_word' id='word_1_336' title='bbox 1274 4143 1489 4213; x_wconf 85' lang='lat' dir='ltr'><strong>periret,</strong></span> <span class='ocrx_word' id='word_1_337' title='bbox 1518 4143 1618 4197; x_wconf 89' lang='lat' dir='ltr'><strong>nisi</strong></span> <span class='ocrx_word' id='word_1_338' title='bbox 1644 4142 1822 4197; x_wconf 88' lang='lat' dir='ltr'><strong>fratris</strong></span> 
     </span>
    </p>
   </div>
   <div class='ocr_carea' id='block_1_43' title="bbox 239 4236 1821 4312">
    <p class='ocr_par' dir='ltr' id='par_1_43' title="bbox 239 4236 1821 4312">
     <span class='ocr_line' id='line_1_43' title="bbox 239 4236 1821 4312; baseline -0.003 -17"><span class='ocrx_word' id='word_1_339' title='bbox 239 4241 593 4312; x_wconf 85' lang='lat' dir='ltr'><strong>patrocinium</strong></span> <span class='ocrx_word' id='word_1_340' title='bbox 625 4240 718 4295; x_wconf 90' lang='lat' dir='ltr'><strong>Dei</strong></span> <span class='ocrx_word' id='word_1_341' title='bbox 765 4240 895 4294; x_wconf 89' lang='lat' dir='ltr'><strong>iram</strong></span> <span class='ocrx_word' id='word_1_342' title='bbox 940 4238 1249 4292; x_wconf 83' lang='lat' dir='ltr'><strong>avertisset?</strong></span> <span class='ocrx_word' id='word_1_343' title='bbox 1274 4237 1405 4305; x_wconf 91' lang='lat' dir='ltr'><strong>Quia</strong></span> <span class='ocrx_word' id='word_1_344' title='bbox 1452 4252 1579 4291; x_wconf 86' lang='lat' dir='ltr'><strong>vero</strong></span> <span class='ocrx_word' id='word_1_345' title='bbox 1624 4236 1821 4307; x_wconf 84' lang='lat' dir='ltr'><strong>Moysis</strong></span> 
     </span>
    </p>
   </div>
   <div class='ocr_carea' id='block_1_44' title="bbox 240 4327 1821 4397">
    <p class='ocr_par' dir='ltr' id='par_1_44' title="bbox 240 4327 1821 4397">
     <span class='ocr_line' id='line_1_44' title="bbox 240 4327 1821 4397; baseline -0.004 -10"><span class='ocrx_word' id='word_1_346' title='bbox 240 4334 568 4387; x_wconf 85' lang='lat' dir='ltr'><strong>mentionem</strong></span> <span class='ocrx_word' id='word_1_347' title='bbox 603 4329 848 4397; x_wconf 84' lang='lat' dir='ltr'><strong>fecimus,</strong></span> <span class='ocrx_word' id='word_1_348' title='bbox 875 4345 906 4385; x_wconf 93' lang='lat' dir='ltr'><strong>e</strong></span> <span class='ocrx_word' id='word_1_349' title='bbox 934 4346 991 4385; x_wconf 91' lang='lat' dir='ltr'><strong>re</strong></span> <span class='ocrx_word' id='word_1_350' title='bbox 1025 4327 1183 4383; x_wconf 90' lang='lat' dir='ltr'><strong>fuerit</strong></span> <span class='ocrx_word' id='word_1_351' title='bbox 1207 4329 1364 4383; x_wconf 90' lang='lat' dir='ltr'><strong>etiam</strong></span> <span class='ocrx_word' id='word_1_352' title='bbox 1393 4343 1461 4382; x_wconf 81' lang='lat' dir='ltr'><strong>ex</strong></span> <span class='ocrx_word' id='word_1_353' title='bbox 1491 4327 1554 4381; x_wconf 88' lang='lat' dir='ltr'><strong>iis</strong></span> <span class='ocrx_word' id='word_1_354' title='bbox 1576 4343 1694 4397; x_wconf 71' lang='lat' dir='ltr'><strong>qua:</strong></span> <span class='ocrx_word' id='word_1_355' title='bbox 1725 4328 1821 4397; x_wconf 90' lang='lat' dir='ltr'><strong>ipsi</strong></span> 
     </span>
    </p>
   </div>
   <div class='ocr_carea' id='block_1_45' title="bbox 240 4419 1820 4492">
    <p class='ocr_par' dir='ltr' id='par_1_45' title="bbox 240 4419 1820 4492">
     <span class='ocr_line' id='line_1_45' title="bbox 240 4419 1820 4492; baseline -0.007 -13"><span class='ocrx_word' id='word_1_356' title='bbox 240 4426 579 4492; x_wconf 86' lang='lat' dir='ltr'><strong>contigerunt</strong></span> <span class='ocrx_word' id='word_1_357' title='bbox 604 4424 682 4477; x_wconf 91' lang='lat' dir='ltr'><strong>rei</strong></span> <span class='ocrx_word' id='word_1_358' title='bbox 702 4423 977 4478; x_wconf 90' lang='lat' dir='ltr'><strong>veritatem</strong></span> <span class='ocrx_word' id='word_1_359' title='bbox 1000 4421 1246 4490; x_wconf 88' lang='lat' dir='ltr'><strong>probare.</strong></span> <span class='ocrx_word' id='word_1_360' title='bbox 1272 4420 1367 4473; x_wconf 85' lang='lat' dir='ltr'><strong>Hic</strong></span> <span class='ocrx_word' id='word_1_361' title='bbox 1388 4420 1582 4489; x_wconf 88' lang='lat' dir='ltr'><strong>quippe</strong></span> <span class='ocrx_word' id='word_1_362' title='bbox 1601 4419 1657 4473; x_wconf 86' lang='grc' dir='ltr'><strong>Β.</strong></span> <span class='ocrx_word' id='word_1_363' title='bbox 1676 4419 1820 4488; x_wconf 84' lang='lat' dir='ltr'><strong>Moy-</strong></span> 
     </span>
    </p>
   </div>
   <div class='ocr_carea' id='block_1_46' title="bbox 229 4511 1809 4586">
    <p class='ocr_par' dir='ltr' id='par_1_46' title="bbox 229 4511 1809 4586">
     <span class='ocr_line' id='line_1_46' title="bbox 229 4511 1809 4586; baseline -0.005 -14"><span class='ocrx_word' id='word_1_364' title='bbox 229 4534 327 4574; x_wconf 88' lang='lat' dir='ltr'><strong>ses</strong></span> <span class='ocrx_word' id='word_1_365' title='bbox 357 4526 566 4571; x_wconf 89' lang='lat' dir='ltr'><strong>tantum</strong></span> <span class='ocrx_word' id='word_1_366' title='bbox 595 4517 790 4579; x_wconf 88' lang='lat' dir='ltr'><strong>abfuit,</strong></span> <span class='ocrx_word' id='word_1_367' title='bbox 816 4524 877 4570; x_wconf 89' lang='lat' dir='ltr'><strong>ut</strong></span> <span class='ocrx_word' id='word_1_368' title='bbox 899 4515 1279 4586; x_wconf 71' lang='lat' dir='ltr'><strong>praefecturam</strong></span> <span class='ocrx_word' id='word_1_369' title='bbox 1309 4512 1619 4566; x_wconf 61' lang='lat' dir='ltr'><strong>.ludmorum</strong></span> <span class='ocrx_word' id='word_1_370' title='bbox 1652 4511 1809 4565; x_wconf 64' lang='lat' dir='ltr'><strong>invav</strong></span> 
     </span>
    </p>
   </div>
   <div class='ocr_carea' id='block_1_47' title="bbox 230 4602 1814 4673">
    <p class='ocr_par' dir='ltr' id='par_1_47' title="bbox 230 4602 1814 4673">
     <span class='ocr_line' id='line_1_47' title="bbox 230 4602 1814 4673; baseline -0.005 -9"><span class='ocrx_word' id='word_1_371' title='bbox 230 4612 413 4671; x_wconf 85' lang='lat' dir='ltr'><strong>deret,</strong></span> <span class='ocrx_word' id='word_1_372' title='bbox 449 4618 507 4663; x_wconf 92' lang='lat' dir='ltr'><strong>ut</strong></span> <span class='ocrx_word' id='word_1_373' title='bbox 531 4610 769 4663; x_wconf 88' lang='lat' dir='ltr'><strong>oblatam</strong></span> <span class='ocrx_word' id='word_1_374' title='bbox 807 4616 1089 4663; x_wconf 90' lang='lat' dir='ltr'><strong>recusaret</strong></span> <span class='ocrx_word' id='word_1_375' title='bbox 1119 4608 1135 4673; x_wconf 96' lang='lat'>(</span> <span class='ocrx_word' id='word_1_376' title='bbox 1162 4604 1335 4659; x_wconf 76' lang='lat' dir='ltr'><strong>Exod.</strong></span> <span class='ocrx_word' id='word_1_377' title='bbox 1363 4607 1416 4659; x_wconf 73' lang='grc'><strong>4.</strong></span> <span class='ocrx_word' id='word_1_378' title='bbox 1459 4604 1568 4672; x_wconf 75' lang='lat'><strong>1’5),</strong></span> <span class='ocrx_word' id='word_1_379' title='bbox 1596 4602 1814 4671; x_wconf 89' lang='lat' dir='ltr'><strong>Deoque</strong></span> 
     </span>
    </p>
   </div>
   <div class='ocr_carea' id='block_1_48' title="bbox 227 4694 1816 4768">
    <p class='ocr_par' dir='ltr' id='par_1_48' title="bbox 227 4694 1816 4768">
     <span class='ocr_line' id='line_1_48' title="bbox 227 4694 1816 4768; baseline -0.005 -15"><span class='ocrx_word' id='word_1_380' title='bbox 227 4700 461 4768; x_wconf 89' lang='lat' dir='ltr'><strong>iubente</strong></span> <span class='ocrx_word' id='word_1_381' title='bbox 493 4705 765 4761; x_wconf 87' lang='lat' dir='ltr'><strong>renueret,</strong></span> <span class='ocrx_word' id='word_1_382' title='bbox 793 4706 956 4765; x_wconf 84' lang='lat' dir='ltr'><strong>atque</strong></span> <span class='ocrx_word' id='word_1_383' title='bbox 978 4698 1156 4766; x_wconf 89' lang='lat' dir='ltr'><strong>ipsum</strong></span> <span class='ocrx_word' id='word_1_384' title='bbox 1189 4696 1447 4748; x_wconf 87' lang='lat' dir='ltr'><strong>irritaret.</strong></span> <span class='ocrx_word' id='word_1_385' title='bbox 1472 4694 1659 4763; x_wconf 85' lang='lat' dir='ltr'><strong>Neque</strong></span> <span class='ocrx_word' id='word_1_386' title='bbox 1685 4702 1816 4746; x_wconf 87' lang='lat' dir='ltr'><strong>tunc</strong></span> 
     </span>
    </p>
   </div>
   <div class='ocr_carea' id='block_1_49' title="bbox 243 4781 1822 4854">
    <p class='ocr_par' dir='ltr' id='par_1_49' title="bbox 243 4781 1822 4854">
     <span class='ocr_line' id='line_1_49' title="bbox 243 4781 1822 4854; baseline -0.007 -12"><span class='ocrx_word' id='word_1_387' title='bbox 243 4799 473 4851; x_wconf 83' lang='lat' dir='ltr'><strong>tantum,</strong></span> <span class='ocrx_word' id='word_1_388' title='bbox 498 4786 588 4840; x_wconf 87' lang='lat' dir='ltr'><strong>sed</strong></span> <span class='ocrx_word' id='word_1_389' title='bbox 611 4788 768 4840; x_wconf 89' lang='lat' dir='ltr'><strong>etiam</strong></span> <span class='ocrx_word' id='word_1_390' title='bbox 796 4792 999 4853; x_wconf 90' lang='lat' dir='ltr'><strong>postea,</strong></span> <span class='ocrx_word' id='word_1_391' title='bbox 1025 4799 1145 4854; x_wconf 85' lang='lat' dir='ltr'><strong>cum</strong></span> <span class='ocrx_word' id='word_1_392' title='bbox 1169 4783 1518 4851; x_wconf 89' lang='lat' dir='ltr'><strong>principatum</strong></span> <span class='ocrx_word' id='word_1_393' title='bbox 1540 4781 1822 4842; x_wconf 87' lang='lat' dir='ltr'><strong>obtineret,</strong></span> 
     </span>
    </p>
   </div>
   <div class='ocr_carea' id='block_1_50' title="bbox 243 4869 1821 4938">
    <p class='ocr_par' dir='ltr' id='par_1_50' title="bbox 243 4869 1821 4938">
     <span class='ocr_line' id='line_1_50' title="bbox 243 4869 1821 4938; baseline -0.009 -4"><span class='ocrx_word' id='word_1_394' title='bbox 243 4880 439 4934; x_wconf 87' lang='lat' dir='ltr'><strong>lubens</strong></span> <span class='ocrx_word' id='word_1_395' title='bbox 465 4886 689 4932; x_wconf 88' lang='lat' dir='ltr'><strong>mortem</strong></span> <span class='ocrx_word' id='word_1_396' title='bbox 724 4876 993 4938; x_wconf 89' lang='lat' dir='ltr'><strong>subiisset,</strong></span> <span class='ocrx_word' id='word_1_397' title='bbox 1017 4883 1077 4927; x_wconf 94' lang='lat' dir='ltr'><strong>ut</strong></span> <span class='ocrx_word' id='word_1_398' title='bbox 1095 4889 1213 4928; x_wconf 93' lang='lat' dir='ltr'><strong>eum</strong></span> <span class='ocrx_word' id='word_1_399' title='bbox 1242 4882 1459 4926; x_wconf 73' lang='lat' dir='ltr'><strong>exueret</strong></span> <span class='ocrx_word' id='word_1_400' title='bbox 1485 4889 1497 4923; x_wconf 91' lang='lat'>:</span> <span class='ocrx_word' id='word_1_401' title='bbox 1525 4869 1709 4923; x_wconf 82' lang='lat' dir='ltr'><strong>Occide</strong></span> <span class='ocrx_word' id='word_1_402' title='bbox 1729 4886 1821 4932; x_wconf 83' lang='lat' dir='ltr'><strong>me,</strong></span> 
     </span>
    </p>
   </div>
   <div class='ocr_carea' id='block_1_51' title="bbox 241 4964 1827 5041">
    <p class='ocr_par' dir='ltr' id='par_1_51' title="bbox 241 4964 1827 5041">
     <span class='ocr_line' id='line_1_51' title="bbox 241 4964 1827 5041; baseline -0.006 -15"><span class='ocrx_word' id='word_1_403' title='bbox 241 4972 437 5041; x_wconf 82' lang='lat' dir='ltr'><strong>inquit,</strong></span> <span class='ocrx_word' id='word_1_404' title='bbox 460 4971 502 5023; x_wconf 97' lang='lat' dir='ltr'><strong>si</strong></span> <span class='ocrx_word' id='word_1_405' title='bbox 529 4972 598 5022; x_wconf 86' lang='lat' dir='ltr'><strong>ita</strong></span> <span class='ocrx_word' id='word_1_406' title='bbox 635 4985 826 5022; x_wconf 87' lang='lat' dir='ltr'><strong>mecum</strong></span> <span class='ocrx_word' id='word_1_407' title='bbox 857 4971 1084 5039; x_wconf 79' lang='lat' dir='ltr'><strong>facturus</strong></span> <span class='ocrx_word' id='word_1_408' title='bbox 1108 4983 1160 5020; x_wconf 85' lang='lat' dir='ltr'><strong>cs</strong></span> <span class='ocrx_word' id='word_1_409' title='bbox 1194 4965 1380 5035; x_wconf 83' lang='lat' dir='ltr'><strong>(Num.</strong></span> <span class='ocrx_word' id='word_1_410' title='bbox 1420 4966 1505 5019; x_wconf 79' lang='lat' dir='ltr'><strong>II.</strong></span> <span class='ocrx_word' id='word_1_411' title='bbox 1536 4965 1652 5035; x_wconf 73' lang='lat'><strong>15).</strong></span> <span class='ocrx_word' id='word_1_412' title='bbox 1691 4964 1827 5029; x_wconf 86' lang='lat' dir='ltr'><strong>Quid</strong></span> 
     </span>
    </p>
   </div>
   <div class='ocr_carea' id='block_1_52' title="bbox 241 5055 1827 5134">
    <p class='ocr_par' dir='ltr' id='par_1_52' title="bbox 241 5055 1827 5134">
     <span class='ocr_line' id='line_1_52' title="bbox 241 5055 1827 5134; baseline -0.008 -15"><span class='ocrx_word' id='word_1_413' title='bbox 241 5066 429 5134; x_wconf 78' lang='lat' dir='ltr'><strong>igitur,</strong></span> <span class='ocrx_word' id='word_1_414' title='bbox 475 5072 749 5131; x_wconf 86' lang='lat' dir='ltr'><strong>postquam</strong></span> <span class='ocrx_word' id='word_1_415' title='bbox 774 5060 1008 5131; x_wconf 88' lang='lat' dir='ltr'><strong>peccavit</strong></span> <span class='ocrx_word' id='word_1_416' title='bbox 1037 5059 1101 5112; x_wconf 87' lang='lat' dir='ltr'><strong>ad</strong></span> <span class='ocrx_word' id='word_1_417' title='bbox 1130 5073 1342 5127; x_wconf 85' lang='lat' dir='ltr'><strong>aquam,</strong></span> <span class='ocrx_word' id='word_1_418' title='bbox 1377 5066 1666 5124; x_wconf 88' lang='lat' dir='ltr'><strong>potuerene</strong></span> <span class='ocrx_word' id='word_1_419' title='bbox 1695 5055 1827 5107; x_wconf 87' lang='lat' dir='ltr'><strong>assi-</strong></span> 
     </span>
    </p>
   </div>
   <div class='ocr_carea' id='block_1_53' title="bbox 241 5149 1831 5222">
    <p class='ocr_par' dir='ltr' id='par_1_53' title="bbox 241 5149 1831 5222">
     <span class='ocr_line' id='line_1_53' title="bbox 241 5149 1831 5222; baseline -0.006 -11"><span class='ocrx_word' id='word_1_420' title='bbox 241 5160 367 5211; x_wconf 71' lang='lat' dir='ltr'><strong>duze</strong></span> <span class='ocrx_word' id='word_1_421' title='bbox 407 5157 508 5209; x_wconf 81' lang='lat' dir='ltr'><strong>illae</strong></span> <span class='ocrx_word' id='word_1_422' title='bbox 537 5155 897 5210; x_wconf 90' lang='lat' dir='ltr'><strong>recusationes</strong></span> <span class='ocrx_word' id='word_1_423' title='bbox 932 5153 1104 5222; x_wconf 91' lang='lat' dir='ltr'><strong>ipsum</strong></span> <span class='ocrx_word' id='word_1_424' title='bbox 1136 5151 1444 5213; x_wconf 88' lang='lat' dir='ltr'><strong>defendere,</strong></span> <span class='ocrx_word' id='word_1_425' title='bbox 1471 5159 1523 5203; x_wconf 89' lang='lat' dir='ltr'><strong>et</strong></span> <span class='ocrx_word' id='word_1_426' title='bbox 1550 5164 1576 5201; x_wconf 88' lang='lat' dir='ltr'><strong>a</strong></span> <span class='ocrx_word' id='word_1_427' title='bbox 1607 5149 1715 5202; x_wconf 88' lang='lat' dir='ltr'><strong>Deo</strong></span> <span class='ocrx_word' id='word_1_428' title='bbox 1740 5163 1831 5202; x_wconf 87' lang='lat' dir='ltr'><strong>vc-</strong></span> 
     </span>
    </p>
   </div>
   <div class='ocr_carea' id='block_1_54' title="bbox 202 5236 1831 5318">
    <p class='ocr_par' dir='ltr' id='par_1_54' title="bbox 202 5236 1831 5318">
     <span class='ocr_line' id='line_1_54' title="bbox 202 5236 1831 5318; baseline -0.009 -11"><span class='ocrx_word' id='word_1_429' title='bbox 202 5236 393 5306; x_wconf 45' lang='lat' dir='ltr'><strong>&#39;niam</strong></span> <span class='ocrx_word' id='word_1_430' title='bbox 444 5250 726 5317; x_wconf 88' lang='lat' dir='ltr'><strong>impetrare</strong></span> <span class='ocrx_word' id='word_1_431' title='bbox 767 5245 953 5318; x_wconf 85' lang='lat' dir='ltr'><strong>(Num.</strong></span> <span class='ocrx_word' id='word_1_432' title='bbox 992 5242 1241 5312; x_wconf 68' lang='lat'><strong>20.12)?</strong></span> <span class='ocrx_word' id='word_1_433' title='bbox 1285 5254 1571 5311; x_wconf 77' lang='lat' dir='ltr'><strong>ecquanam</strong></span> <span class='ocrx_word' id='word_1_434' title='bbox 1622 5236 1720 5292; x_wconf 90' lang='lat' dir='ltr'><strong>alia</strong></span> <span class='ocrx_word' id='word_1_435' title='bbox 1764 5240 1831 5293; x_wconf 89' lang='lat' dir='ltr'><strong>de</strong></span> 
     </span>
    </p>
   </div>
   <div class='ocr_carea' id='block_1_55' title="bbox 241 5335 1831 5410">
    <p class='ocr_par' dir='ltr' id='par_1_55' title="bbox 241 5335 1831 5410">
     <span class='ocr_line' id='line_1_55' title="bbox 241 5335 1831 5410; baseline -0.009 -11"><span class='ocrx_word' id='word_1_436' title='bbox 241 5359 409 5400; x_wconf 87' lang='lat' dir='ltr'><strong>causa</strong></span> <span class='ocrx_word' id='word_1_437' title='bbox 453 5354 592 5398; x_wconf 86' lang='lat' dir='ltr'><strong>terra</strong></span> <span class='ocrx_word' id='word_1_438' title='bbox 619 5342 707 5396; x_wconf 91' lang='lat' dir='ltr'><strong>illa</strong></span> <span class='ocrx_word' id='word_1_439' title='bbox 736 5338 1103 5410; x_wconf 90' lang='lat' dir='ltr'><strong>promissionis</strong></span> <span class='ocrx_word' id='word_1_440' title='bbox 1130 5338 1361 5406; x_wconf 89' lang='lat' dir='ltr'><strong>privatus</strong></span> <span class='ocrx_word' id='word_1_441' title='bbox 1385 5335 1502 5390; x_wconf 88' lang='lat' dir='ltr'><strong>est?</strong></span> <span class='ocrx_word' id='word_1_442' title='bbox 1532 5336 1686 5389; x_wconf 88' lang='lat' dir='ltr'><strong>Certe</strong></span> <span class='ocrx_word' id='word_1_443' title='bbox 1724 5348 1831 5387; x_wconf 91' lang='lat' dir='ltr'><strong>non</strong></span> 
     </span>
    </p>
   </div>
   <div class='ocr_carea' id='block_1_56' title="bbox 243 5428 1828 5500">
    <p class='ocr_par' dir='ltr' id='par_1_56' title="bbox 243 5428 1828 5500">
     <span class='ocr_line' id='line_1_56' title="bbox 243 5428 1828 5500; baseline -0.008 -9"><span class='ocrx_word' id='word_1_444' title='bbox 243 5439 373 5500; x_wconf 89' lang='lat' dir='ltr'><strong>alia,</strong></span> <span class='ocrx_word' id='word_1_445' title='bbox 407 5444 465 5489; x_wconf 89' lang='lat' dir='ltr'><strong>ut</strong></span> <span class='ocrx_word' id='word_1_446' title='bbox 503 5447 690 5488; x_wconf 91' lang='lat' dir='ltr'><strong>omnes</strong></span> <span class='ocrx_word' id='word_1_447' title='bbox 727 5432 945 5495; x_wconf 89' lang='lat' dir='ltr'><strong>scimus,</strong></span> <span class='ocrx_word' id='word_1_448' title='bbox 978 5446 1136 5500; x_wconf 90' lang='lat' dir='ltr'><strong>quam</strong></span> <span class='ocrx_word' id='word_1_449' title='bbox 1167 5438 1385 5498; x_wconf 88' lang='lat' dir='ltr'><strong>propter</strong></span> <span class='ocrx_word' id='word_1_450' title='bbox 1415 5428 1514 5482; x_wconf 93' lang='lat' dir='ltr'><strong>boc</strong></span> <span class='ocrx_word' id='word_1_451' title='bbox 1539 5435 1828 5496; x_wconf 88' lang='lat' dir='ltr'><strong>peccatum,</strong></span> 
     </span>
    </p>
   </div>
   <div class='ocr_carea' id='block_1_57' title="bbox 1455 370 2316 430">
    <p class='ocr_par' dir='ltr' id='par_1_57' title="bbox 1455 370 2316 430">
     <span class='ocr_line' id='line_1_57' title="bbox 1455 370 2316 430; baseline -0.003 0"><span class='ocrx_word' id='word_1_452' title='bbox 1455 373 1538 430; x_wconf 85' lang='lat' dir='ltr'><strong>DE</strong></span> <span class='ocrx_word' id='word_1_453' title='bbox 1576 370 2019 429; x_wconf 80' lang='lat' dir='ltr'><strong>SACERDOTIO.</strong></span> <span class='ocrx_word' id='word_1_454' title='bbox 2060 372 2187 428; x_wconf 89' lang='lat' dir='ltr'><strong>LIB.</strong></span> <span class='ocrx_word' id='word_1_455' title='bbox 2232 373 2316 429; x_wconf 85' lang='lat' dir='ltr'><strong>IV.</strong></span> 
     </span>
    </p>
   </div>
   <div class='ocr_carea' id='block_1_58' title="bbox 3406 392 3511 451">
    <p class='ocr_par' dir='ltr' id='par_1_58' title="bbox 3406 392 3511 451">
     <span class='ocr_line' id='line_1_58' title="bbox 3406 392 3511 451; baseline 0 -1"><span class='ocrx_word' id='word_1_456' title='bbox 3406 392 3511 451; x_wconf 70' lang='lat'><strong>662</strong></span> 
     </span>
    </p>
   </div>
   <div class='ocr_carea' id='block_1_59' title="bbox 1937 486 3508 578">
    <p class='ocr_par' dir='ltr' id='par_1_59' title="bbox 1937 486 3508 578">
     <span class='ocr_line' id='line_1_59' title="bbox 1937 486 3508 578; baseline 0.017 -41"><span class='ocrx_word' id='word_1_457' title='bbox 1937 497 2056 554; x_wconf 89' lang='lat' dir='ltr'><strong>post</strong></span> <span class='ocrx_word' id='word_1_458' title='bbox 2084 486 2217 541; x_wconf 88' lang='lat' dir='ltr'><strong>bella</strong></span> <span class='ocrx_word' id='word_1_459' title='bbox 2241 499 2291 543; x_wconf 89' lang='lat' dir='ltr'><strong>et</strong></span> <span class='ocrx_word' id='word_1_460' title='bbox 2321 500 2512 561; x_wconf 66' lang='lat' dir='ltr'><strong>tropaza</strong></span> <span class='ocrx_word' id='word_1_461' title='bbox 2540 501 2686 548; x_wconf 76' lang='lat' dir='ltr'><strong>extra</strong></span> <span class='ocrx_word' id='word_1_462' title='bbox 2717 504 2910 552; x_wconf 87' lang='lat' dir='ltr'><strong>terram</strong></span> <span class='ocrx_word' id='word_1_463' title='bbox 2944 498 3083 553; x_wconf 85' lang='lat' dir='ltr'><strong>illam</strong></span> <span class='ocrx_word' id='word_1_464' title='bbox 3112 500 3261 568; x_wconf 90' lang='lat' dir='ltr'><strong>obiit,</strong></span> <span class='ocrx_word' id='word_1_465' title='bbox 3284 520 3378 573; x_wconf 82' lang='lat' dir='ltr'><strong>pro</strong></span> <span class='ocrx_word' id='word_1_466' title='bbox 3406 526 3508 578; x_wconf 88' lang='lat' dir='ltr'><strong>qua</strong></span> 
     </span>
    </p>
   </div>
   <div class='ocr_carea' id='block_1_60' title="bbox 1933 582 3504 668">
    <p class='ocr_par' dir='ltr' id='par_1_60' title="bbox 1933 582 3504 668">
     <span class='ocr_line' id='line_1_60' title="bbox 1933 582 3504 668; baseline 0.015 -39"><span class='ocrx_word' id='word_1_467' title='bbox 1933 585 2007 630; x_wconf 89' lang='lat' dir='ltr'><strong>tot</strong></span> <span class='ocrx_word' id='word_1_468' title='bbox 2035 589 2338 648; x_wconf 88' lang='lat' dir='ltr'><strong>susceperat</strong></span> <span class='ocrx_word' id='word_1_469' title='bbox 2386 582 2611 648; x_wconf 84' lang='lat' dir='ltr'><strong>labores,</strong></span> <span class='ocrx_word' id='word_1_470' title='bbox 2645 590 2907 658; x_wconf 86' lang='lat' dir='ltr'><strong>marisque</strong></span> <span class='ocrx_word' id='word_1_471' title='bbox 2933 591 3266 648; x_wconf 90' lang='lat' dir='ltr'><strong>incommoda</strong></span> <span class='ocrx_word' id='word_1_472' title='bbox 3298 613 3504 668; x_wconf 83' lang='lat' dir='ltr'><strong>passus,</strong></span> 
     </span>
    </p>
   </div>
   <div class='ocr_carea' id='block_1_61' title="bbox 1930 672 3507 747">
    <p class='ocr_par' dir='ltr' id='par_1_61' title="bbox 1930 672 3507 747">
     <span class='ocr_line' id='line_1_61' title="bbox 1930 672 3507 747; baseline 0.018 -29"><span class='ocrx_word' id='word_1_473' title='bbox 1930 680 2112 735; x_wconf 88' lang='lat' dir='ltr'><strong>portus</strong></span> <span class='ocrx_word' id='word_1_474' title='bbox 2129 672 2407 727; x_wconf 90' lang='lat' dir='ltr'><strong>commoda</strong></span> <span class='ocrx_word' id='word_1_475' title='bbox 2437 689 2541 728; x_wconf 89' lang='lat' dir='ltr'><strong>non</strong></span> <span class='ocrx_word' id='word_1_476' title='bbox 2569 690 2883 747; x_wconf 81' lang='lat' dir='ltr'><strong>assequutus</strong></span> <span class='ocrx_word' id='word_1_477' title='bbox 2903 691 3002 735; x_wconf 90' lang='lat' dir='ltr'><strong>est.</strong></span> <span class='ocrx_word' id='word_1_478' title='bbox 3031 681 3192 738; x_wconf 80' lang='lat' dir='ltr'><strong>Vides</strong></span> <span class='ocrx_word' id='word_1_479' title='bbox 3221 702 3322 740; x_wconf 89' lang='lat' dir='ltr'><strong>non</strong></span> <span class='ocrx_word' id='word_1_480' title='bbox 3347 692 3507 746; x_wconf 72' lang='lat' dir='ltr'><strong>tundo</strong></span> 
     </span>
    </p>
   </div>
   <div class='ocr_carea' id='block_1_62' title="bbox 1929 761 3505 839">
    <p class='ocr_par' dir='ltr' id='par_1_62' title="bbox 1929 761 3505 839">
     <span class='ocr_line' id='line_1_62' title="bbox 1929 761 3505 839; baseline 0.015 -27"><span class='ocrx_word' id='word_1_481' title='bbox 1929 761 2248 828; x_wconf 88' lang='lat' dir='ltr'><strong>raptoribus,</strong></span> <span class='ocrx_word' id='word_1_482' title='bbox 2281 765 2374 819; x_wconf 90' lang='lat' dir='ltr'><strong>sed</strong></span> <span class='ocrx_word' id='word_1_483' title='bbox 2395 767 2555 821; x_wconf 88' lang='lat' dir='ltr'><strong>etiam</strong></span> <span class='ocrx_word' id='word_1_484' title='bbox 2587 769 2650 823; x_wconf 91' lang='lat' dir='ltr'><strong>iis</strong></span> <span class='ocrx_word' id='word_1_485' title='bbox 2675 772 2762 839; x_wconf 91' lang='lat' dir='ltr'><strong>qui</strong></span> <span class='ocrx_word' id='word_1_486' title='bbox 2792 772 3012 827; x_wconf 89' lang='lat' dir='ltr'><strong>aliorum</strong></span> <span class='ocrx_word' id='word_1_487' title='bbox 3041 777 3214 830; x_wconf 89' lang='lat' dir='ltr'><strong>studio</strong></span> <span class='ocrx_word' id='word_1_488' title='bbox 3246 777 3348 833; x_wconf 87' lang='lat' dir='ltr'><strong>huc</strong></span> <span class='ocrx_word' id='word_1_489' title='bbox 3377 796 3505 835; x_wconf 83' lang='lat' dir='ltr'><strong>eve-</strong></span> 
     </span>
    </p>
   </div>
   <div class='ocr_carea' id='block_1_63' title="bbox 1929 850 3502 929">
    <p class='ocr_par' dir='ltr' id='par_1_63' title="bbox 1929 850 3502 929">
     <span class='ocr_line' id='line_1_63' title="bbox 1929 850 3502 929; baseline 0.013 -25"><span class='ocrx_word' id='word_1_490' title='bbox 1929 850 2144 916; x_wconf 91' lang='lat' dir='ltr'><strong>huntur,</strong></span> <span class='ocrx_word' id='word_1_491' title='bbox 2193 854 2388 909; x_wconf 90' lang='lat' dir='ltr'><strong>nullam</strong></span> <span class='ocrx_word' id='word_1_492' title='bbox 2439 858 2665 928; x_wconf 89' lang='lat' dir='ltr'><strong>relinqui</strong></span> <span class='ocrx_word' id='word_1_493' title='bbox 2712 871 3043 929; x_wconf 88' lang='lat' dir='ltr'><strong>peccatorum</strong></span> <span class='ocrx_word' id='word_1_494' title='bbox 3084 870 3502 925; x_wconf 83' lang='lat' dir='ltr'><strong>excusationem.</strong></span> 
     </span>
    </p>
   </div>
   <div class='ocr_carea' id='block_1_64' title="bbox 1926 941 3499 1025">
    <p class='ocr_par' dir='ltr' id='par_1_64' title="bbox 1926 941 3499 1025">
     <span class='ocr_line' id='line_1_64' title="bbox 1926 941 3499 1025; baseline 0.015 -32"><span class='ocrx_word' id='word_1_495' title='bbox 1926 941 2147 1008; x_wconf 91' lang='lat' dir='ltr'><strong>Quando</strong></span> <span class='ocrx_word' id='word_1_496' title='bbox 2191 947 2334 1000; x_wconf 87' lang='lat' dir='ltr'><strong>enim</strong></span> <span class='ocrx_word' id='word_1_497' title='bbox 2363 948 2418 1014; x_wconf 91' lang='lat' dir='ltr'><strong>ii,</strong></span> <span class='ocrx_word' id='word_1_498' title='bbox 2445 950 2532 1017; x_wconf 90' lang='lat' dir='ltr'><strong>qui</strong></span> <span class='ocrx_word' id='word_1_499' title='bbox 2582 950 2688 1003; x_wconf 87' lang='lat' dir='ltr'><strong>Deo</strong></span> <span class='ocrx_word' id='word_1_500' title='bbox 2715 967 2775 1006; x_wconf 90' lang='lat' dir='ltr'><strong>se</strong></span> <span class='ocrx_word' id='word_1_501' title='bbox 2801 953 3077 1011; x_wconf 90' lang='lat' dir='ltr'><strong>ordinante</strong></span> <span class='ocrx_word' id='word_1_502' title='bbox 3107 974 3499 1025; x_wconf 85' lang='lat' dir='ltr'><strong>recusaverant,</strong></span> 
     </span>
    </p>
   </div>
   <div class='ocr_carea' id='block_1_65' title="bbox 1922 1037 3501 1120">
    <p class='ocr_par' dir='ltr' id='par_1_65' title="bbox 1922 1037 3501 1120">
     <span class='ocr_line' id='line_1_65' title="bbox 1922 1037 3501 1120; baseline 0.015 -37"><span class='ocrx_word' id='word_1_503' title='bbox 1922 1040 2102 1087; x_wconf 84' lang='lat' dir='ltr'><strong>tantas</strong></span> <span class='ocrx_word' id='word_1_504' title='bbox 2128 1050 2311 1103; x_wconf 61' lang='lat' dir='ltr'><strong>poenas</strong></span> <span class='ocrx_word' id='word_1_505' title='bbox 2335 1037 2562 1105; x_wconf 89' lang='lat' dir='ltr'><strong>luerunt,</strong></span> <span class='ocrx_word' id='word_1_506' title='bbox 2593 1041 2824 1110; x_wconf 89' lang='lat' dir='ltr'><strong>nihilque</strong></span> <span class='ocrx_word' id='word_1_507' title='bbox 2851 1047 3018 1112; x_wconf 90' lang='lat' dir='ltr'><strong>potuit</strong></span> <span class='ocrx_word' id='word_1_508' title='bbox 3049 1047 3117 1100; x_wconf 88' lang='lat' dir='ltr'><strong>ab</strong></span> <span class='ocrx_word' id='word_1_509' title='bbox 3141 1047 3240 1103; x_wconf 86' lang='lat' dir='ltr'><strong>hoc</strong></span> <span class='ocrx_word' id='word_1_510' title='bbox 3268 1053 3501 1120; x_wconf 91' lang='lat' dir='ltr'><strong>periculo</strong></span> 
     </span>
    </p>
   </div>
   <div class='ocr_carea' id='block_1_66' title="bbox 1938 1121 3503 1194">
    <p class='ocr_par' dir='ltr' id='par_1_66' title="bbox 1938 1121 3503 1194">
     <span class='ocr_line' id='line_1_66' title="bbox 1938 1121 3503 1194; baseline 0.009 -24"><span class='ocrx_word' id='word_1_511' title='bbox 1938 1121 2177 1174; x_wconf 81' lang='lat' dir='ltr'><strong>eximere</strong></span> <span class='ocrx_word' id='word_1_512' title='bbox 2207 1124 2409 1178; x_wconf 82' lang='lat' dir='ltr'><strong>Aaron.</strong></span> <span class='ocrx_word' id='word_1_513' title='bbox 2431 1142 2537 1179; x_wconf 87' lang='lat' dir='ltr'><strong>non</strong></span> <span class='ocrx_word' id='word_1_514' title='bbox 2565 1125 2703 1188; x_wconf 83' lang='lat' dir='ltr'><strong>Heli,</strong></span> <span class='ocrx_word' id='word_1_515' title='bbox 2738 1144 2845 1181; x_wconf 91' lang='lat' dir='ltr'><strong>non</strong></span> <span class='ocrx_word' id='word_1_516' title='bbox 2876 1131 3089 1182; x_wconf 69' lang='lat' dir='ltr'><strong>beatum</strong></span> <span class='ocrx_word' id='word_1_517' title='bbox 3124 1130 3270 1183; x_wconf 87' lang='lat' dir='ltr'><strong>illum</strong></span> <span class='ocrx_word' id='word_1_518' title='bbox 3305 1132 3503 1194; x_wconf 87' lang='lat' dir='ltr'><strong>virum,</strong></span> 
     </span>
    </p>
   </div>
   <div class='ocr_carea' id='block_1_67' title="bbox 1929 1217 3507 1284">
    <p class='ocr_par' dir='ltr' id='par_1_67' title="bbox 1929 1217 3507 1284">
     <span class='ocr_line' id='line_1_67' title="bbox 1929 1217 3507 1284; baseline 0.008 -21"><span class='ocrx_word' id='word_1_519' title='bbox 1929 1220 2199 1277; x_wconf 85' lang='lat' dir='ltr'><strong>sanctum,</strong></span> <span class='ocrx_word' id='word_1_520' title='bbox 2229 1217 2571 1284; x_wconf 81' lang='lat' dir='ltr'><strong>prophetam,</strong></span> <span class='ocrx_word' id='word_1_521' title='bbox 2612 1220 2911 1273; x_wconf 84' lang='lat' dir='ltr'><strong>mirabilem</strong></span> <span class='ocrx_word' id='word_1_522' title='bbox 2942 1261 2956 1282; x_wconf 89' lang='lat'><strong>,</strong></span> <span class='ocrx_word' id='word_1_523' title='bbox 2995 1221 3346 1275; x_wconf 89' lang='lat' dir='ltr'><strong>mitissimum</strong></span> <span class='ocrx_word' id='word_1_524' title='bbox 3383 1238 3507 1276; x_wconf 87' lang='lat' dir='ltr'><strong>om-</strong></span> 
     </span>
    </p>
   </div>
   <div class='ocr_carea' id='block_1_68' title="bbox 1929 1302 3508 1384">
    <p class='ocr_par' dir='ltr' id='par_1_68' title="bbox 1929 1302 3508 1384">
     <span class='ocr_line' id='line_1_68' title="bbox 1929 1302 3508 1384; baseline 0.008 -28"><span class='ocrx_word' id='word_1_525' title='bbox 1929 1302 2080 1357; x_wconf 89' lang='lat' dir='ltr'><strong>nium</strong></span> <span class='ocrx_word' id='word_1_526' title='bbox 2107 1306 2200 1375; x_wconf 89' lang='lat' dir='ltr'><strong>qui</strong></span> <span class='ocrx_word' id='word_1_527' title='bbox 2222 1318 2376 1361; x_wconf 89' lang='lat' dir='ltr'><strong>erant</strong></span> <span class='ocrx_word' id='word_1_528' title='bbox 2397 1325 2562 1379; x_wconf 86' lang='lat' dir='ltr'><strong>super</strong></span> <span class='ocrx_word' id='word_1_529' title='bbox 2588 1321 2788 1366; x_wconf 91' lang='lat' dir='ltr'><strong>terram</strong></span> <span class='ocrx_word' id='word_1_530' title='bbox 2810 1314 2998 1380; x_wconf 86' lang='lat' dir='ltr'><strong>(Num.</strong></span> <span class='ocrx_word' id='word_1_531' title='bbox 3024 1314 3108 1368; x_wconf 71' lang='grc'><strong>12.</strong></span> <span class='ocrx_word' id='word_1_532' title='bbox 3125 1315 3178 1383; x_wconf 80' lang='grc'><strong>5)</strong></span> <span class='ocrx_word' id='word_1_533' title='bbox 3196 1316 3350 1384; x_wconf 90' lang='lat' dir='ltr'><strong>quasi</strong></span> <span class='ocrx_word' id='word_1_534' title='bbox 3375 1317 3508 1369; x_wconf 85' lang='lat' dir='ltr'><strong>ami-</strong></span> 
     </span>
    </p>
   </div>
   <div class='ocr_carea' id='block_1_69' title="bbox 1931 1398 3504 1477">
    <p class='ocr_par' dir='ltr' id='par_1_69' title="bbox 1931 1398 3504 1477">
     <span class='ocr_line' id='line_1_69' title="bbox 1931 1398 3504 1477; baseline 0.01 -28"><span class='ocrx_word' id='word_1_535' title='bbox 1931 1411 2051 1449; x_wconf 84' lang='lat' dir='ltr'><strong>cum</strong></span> <span class='ocrx_word' id='word_1_536' title='bbox 2072 1412 2195 1452; x_wconf 88' lang='lat' dir='ltr'><strong>cum</strong></span> <span class='ocrx_word' id='word_1_537' title='bbox 2215 1398 2323 1454; x_wconf 86' lang='lat' dir='ltr'><strong>Deo</strong></span> <span class='ocrx_word' id='word_1_538' title='bbox 2339 1403 2737 1473; x_wconf 80' lang='lat' dir='ltr'><strong>colloquentem</strong></span> <span class='ocrx_word' id='word_1_539' title='bbox 2760 1405 2954 1474; x_wconf 73' lang='lat' dir='ltr'><strong>(Exod.</strong></span> <span class='ocrx_word' id='word_1_540' title='bbox 2976 1408 3062 1460; x_wconf 83' lang='grc'><strong>55.</strong></span> <span class='ocrx_word' id='word_1_541' title='bbox 3086 1409 3201 1477; x_wconf 83' lang='lat' dir='ltr'><strong>II):</strong></span> <span class='ocrx_word' id='word_1_542' title='bbox 3222 1409 3307 1462; x_wconf 82' lang='lat' dir='ltr'><strong>vix</strong></span> <span class='ocrx_word' id='word_1_543' title='bbox 3326 1409 3504 1471; x_wconf 87' lang='lat' dir='ltr'><strong>nobis,</strong></span> 
     </span>
    </p>
   </div>
   <div class='ocr_carea' id='block_1_70' title="bbox 1922 1489 3498 1559">
    <p class='ocr_par' dir='ltr' id='par_1_70' title="bbox 1922 1489 3498 1559">
     <span class='ocr_line' id='line_1_70' title="bbox 1922 1489 3498 1559; baseline 0.01 -20"><span class='ocrx_word' id='word_1_544' title='bbox 1922 1489 2010 1556; x_wconf 90' lang='lat' dir='ltr'><strong>qui</strong></span> <span class='ocrx_word' id='word_1_545' title='bbox 2038 1489 2106 1543; x_wconf 92' lang='lat' dir='ltr'><strong>ab</strong></span> <span class='ocrx_word' id='word_1_546' title='bbox 2134 1491 2275 1544; x_wconf 90' lang='lat' dir='ltr'><strong>illius</strong></span> <span class='ocrx_word' id='word_1_547' title='bbox 2307 1496 2494 1546; x_wconf 86' lang='lat' dir='ltr'><strong>virtute</strong></span> <span class='ocrx_word' id='word_1_548' title='bbox 2524 1503 2722 1548; x_wconf 88' lang='lat' dir='ltr'><strong>tantum</strong></span> <span class='ocrx_word' id='word_1_549' title='bbox 2755 1496 3023 1559; x_wconf 90' lang='lat' dir='ltr'><strong>absumus,</strong></span> <span class='ocrx_word' id='word_1_550' title='bbox 3059 1499 3188 1552; x_wconf 86' lang='lat' dir='ltr'><strong>satis</strong></span> <span class='ocrx_word' id='word_1_551' title='bbox 3213 1498 3277 1553; x_wconf 88' lang='lat' dir='ltr'><strong>ad</strong></span> <span class='ocrx_word' id='word_1_552' title='bbox 3309 1499 3498 1554; x_wconf 87' lang='lat' dir='ltr'><strong>defen-</strong></span> 
     </span>
    </p>
   </div>
   <div class='ocr_carea' id='block_1_71' title="bbox 1921 1582 3498 1656">
    <p class='ocr_par' dir='ltr' id='par_1_71' title="bbox 1921 1582 3498 1656">
     <span class='ocr_line' id='line_1_71' title="bbox 1921 1582 3498 1656; baseline 0.008 -23"><span class='ocrx_word' id='word_1_553' title='bbox 1921 1582 2123 1636; x_wconf 91' lang='lat' dir='ltr'><strong>sionem</strong></span> <span class='ocrx_word' id='word_1_554' title='bbox 2167 1598 2286 1637; x_wconf 75' lang='lat' dir='ltr'><strong>esse</strong></span> <span class='ocrx_word' id='word_1_555' title='bbox 2336 1586 2549 1653; x_wconf 84' lang='lat' dir='ltr'><strong>poterit,</strong></span> <span class='ocrx_word' id='word_1_556' title='bbox 2596 1587 2731 1656; x_wconf 91' lang='lat' dir='ltr'><strong>quod</strong></span> <span class='ocrx_word' id='word_1_557' title='bbox 2764 1587 2917 1644; x_wconf 91' lang='lat' dir='ltr'><strong>nobis</strong></span> <span class='ocrx_word' id='word_1_558' title='bbox 2955 1591 3153 1643; x_wconf 79' lang='lat' dir='ltr'><strong>conscii</strong></span> <span class='ocrx_word' id='word_1_559' title='bbox 3182 1590 3367 1656; x_wconf 90' lang='lat' dir='ltr'><strong>simus,</strong></span> <span class='ocrx_word' id='word_1_560' title='bbox 3401 1606 3498 1645; x_wconf 90' lang='lat' dir='ltr'><strong>nos</strong></span> 
     </span>
    </p>
   </div>
   <div class='ocr_carea' id='block_1_72' title="bbox 1922 1674 3496 1750">
    <p class='ocr_par' dir='ltr' id='par_1_72' title="bbox 1922 1674 3496 1750">
     <span class='ocr_line' id='line_1_72' title="bbox 1922 1674 3496 1750; baseline 0.006 -22"><span class='ocrx_word' id='word_1_561' title='bbox 1922 1674 2220 1741; x_wconf 90' lang='lat' dir='ltr'><strong>huiusmodi</strong></span> <span class='ocrx_word' id='word_1_562' title='bbox 2242 1692 2430 1731; x_wconf 92' lang='lat' dir='ltr'><strong>munus</strong></span> <span class='ocrx_word' id='word_1_563' title='bbox 2453 1678 2597 1731; x_wconf 86' lang='lat' dir='ltr'><strong>nullo</strong></span> <span class='ocrx_word' id='word_1_564' title='bbox 2620 1679 2795 1733; x_wconf 92' lang='lat' dir='ltr'><strong>studio</strong></span> <span class='ocrx_word' id='word_1_565' title='bbox 2814 1691 3166 1750; x_wconf 90' lang='lat' dir='ltr'><strong>consequutos</strong></span> <span class='ocrx_word' id='word_1_566' title='bbox 3183 1697 3302 1736; x_wconf 88' lang='lat' dir='ltr'><strong>esse</strong></span> <span class='ocrx_word' id='word_1_567' title='bbox 3335 1698 3353 1738; x_wconf 84' lang='lat'><strong>:</strong></span> <span class='ocrx_word' id='word_1_568' title='bbox 3376 1698 3496 1737; x_wconf 93' lang='lat' dir='ltr'><strong>cum</strong></span> 
     </span>
    </p>
   </div>
   <div class='ocr_carea' id='block_1_73' title="bbox 1922 1767 3495 1837">
    <p class='ocr_par' dir='ltr' id='par_1_73' title="bbox 1922 1767 3495 1837">
     <span class='ocr_line' id='line_1_73' title="bbox 1922 1767 3495 1837; baseline 0.006 -20"><span class='ocrx_word' id='word_1_569' title='bbox 1922 1768 2150 1819; x_wconf 81' lang='lat' dir='ltr'><strong>maxime</strong></span> <span class='ocrx_word' id='word_1_570' title='bbox 2200 1767 2377 1821; x_wconf 68' lang='lat' dir='ltr'><strong>multm</strong></span> <span class='ocrx_word' id='word_1_571' title='bbox 2404 1783 2467 1821; x_wconf 75' lang='lat' dir='ltr'><strong>ex</strong></span> <span class='ocrx_word' id='word_1_572' title='bbox 2499 1767 2801 1837; x_wconf 89' lang='lat' dir='ltr'><strong>huiusmodi</strong></span> <span class='ocrx_word' id='word_1_573' title='bbox 2831 1770 3250 1825; x_wconf 88' lang='lat' dir='ltr'><strong>ordinationibus</strong></span> <span class='ocrx_word' id='word_1_574' title='bbox 3280 1788 3382 1826; x_wconf 89' lang='lat' dir='ltr'><strong>non</strong></span> <span class='ocrx_word' id='word_1_575' title='bbox 3409 1773 3495 1826; x_wconf 89' lang='lat' dir='ltr'><strong>di-</strong></span> 
     </span>
    </p>
   </div>
   <div class='ocr_carea' id='block_1_74' title="bbox 1920 1858 3496 1927">
    <p class='ocr_par' dir='ltr' id='par_1_74' title="bbox 1920 1858 3496 1927">
     <span class='ocr_line' id='line_1_74' title="bbox 1920 1858 3496 1927; baseline 0.005 -18"><span class='ocrx_word' id='word_1_576' title='bbox 1920 1858 2039 1911; x_wconf 89' lang='lat' dir='ltr'><strong>vina</strong></span> <span class='ocrx_word' id='word_1_577' title='bbox 2082 1859 2249 1927; x_wconf 89' lang='lat' dir='ltr'><strong>gratia</strong></span> <span class='ocrx_word' id='word_1_578' title='bbox 2283 1858 2431 1923; x_wconf 90' lang='lat' dir='ltr'><strong>ﬁant,</strong></span> <span class='ocrx_word' id='word_1_579' title='bbox 2475 1860 2568 1914; x_wconf 91' lang='lat' dir='ltr'><strong>sed</strong></span> <span class='ocrx_word' id='word_1_580' title='bbox 2600 1860 2872 1915; x_wconf 91' lang='lat' dir='ltr'><strong>hominum</strong></span> <span class='ocrx_word' id='word_1_581' title='bbox 2902 1862 3094 1916; x_wconf 91' lang='lat' dir='ltr'><strong>studio.</strong></span> <span class='ocrx_word' id='word_1_582' title='bbox 3138 1861 3327 1917; x_wconf 82' lang='lat' dir='ltr'><strong>Judam</strong></span> <span class='ocrx_word' id='word_1_583' title='bbox 3358 1863 3496 1917; x_wconf 91' lang='lat' dir='ltr'><strong>Deus</strong></span> 
     </span>
    </p>
   </div>
   <div class='ocr_carea' id='block_1_75' title="bbox 1920 1947 3498 2023">
    <p class='ocr_par' dir='ltr' id='par_1_75' title="bbox 1920 1947 3498 2023">
     <span class='ocr_line' id='line_1_75' title="bbox 1920 1947 3498 2023; baseline 0.004 -22"><span class='ocrx_word' id='word_1_584' title='bbox 1920 1947 2098 2017; x_wconf 87' lang='lat' dir='ltr'><strong>elegit,</strong></span> <span class='ocrx_word' id='word_1_585' title='bbox 2141 1958 2194 2002; x_wconf 90' lang='lat' dir='ltr'><strong>et</strong></span> <span class='ocrx_word' id='word_1_586' title='bbox 2224 1948 2277 2001; x_wconf 92' lang='lat' dir='ltr'><strong>in</strong></span> <span class='ocrx_word' id='word_1_587' title='bbox 2312 1958 2554 2004; x_wconf 91' lang='lat' dir='ltr'><strong>sanctum</strong></span> <span class='ocrx_word' id='word_1_588' title='bbox 2584 1952 2730 2004; x_wconf 89' lang='lat' dir='ltr'><strong>illum</strong></span> <span class='ocrx_word' id='word_1_589' title='bbox 2758 1952 2978 2006; x_wconf 88' lang='lat' dir='ltr'><strong>chorum</strong></span> <span class='ocrx_word' id='word_1_590' title='bbox 3007 1953 3293 2021; x_wconf 85' lang='lat' dir='ltr'><strong>cooptavit,</strong></span> <span class='ocrx_word' id='word_1_591' title='bbox 3337 1964 3498 2023; x_wconf 89' lang='lat' dir='ltr'><strong>atque</strong></span> 
     </span>
    </p>
   </div>
   <div class='ocr_carea' id='block_1_76' title="bbox 1919 2037 3497 2111">
    <p class='ocr_par' dir='ltr' id='par_1_76' title="bbox 1919 2037 3497 2111">
     <span class='ocr_line' id='line_1_76' title="bbox 1919 2037 3497 2111; baseline 0.001 -21"><span class='ocrx_word' id='word_1_592' title='bbox 1919 2037 2019 2106; x_wconf 88' lang='lat' dir='ltr'><strong>ipsi</strong></span> <span class='ocrx_word' id='word_1_593' title='bbox 2050 2039 2393 2106; x_wconf 90' lang='lat' dir='ltr'><strong>apostolicam</strong></span> <span class='ocrx_word' id='word_1_594' title='bbox 2424 2039 2732 2110; x_wconf 87' lang='lat' dir='ltr'><strong>dignitatem</strong></span> <span class='ocrx_word' id='word_1_595' title='bbox 2760 2049 2821 2094; x_wconf 91' lang='lat' dir='ltr'><strong>ut</strong></span> <span class='ocrx_word' id='word_1_596' title='bbox 2849 2040 3065 2111; x_wconf 91' lang='lat' dir='ltr'><strong>reliquis</strong></span> <span class='ocrx_word' id='word_1_597' title='bbox 3093 2042 3340 2103; x_wconf 90' lang='lat' dir='ltr'><strong>tradidit;</strong></span> <span class='ocrx_word' id='word_1_598' title='bbox 3389 2044 3497 2097; x_wconf 80' lang='lat' dir='ltr'><strong>imo</strong></span> 
     </span>
    </p>
   </div>
   <div class='ocr_carea' id='block_1_77' title="bbox 1917 2128 3495 2203">
    <p class='ocr_par' dir='ltr' id='par_1_77' title="bbox 1917 2128 3495 2203">
     <span class='ocr_line' id='line_1_77' title="bbox 1917 2128 3495 2203; baseline 0.004 -22"><span class='ocrx_word' id='word_1_599' title='bbox 1917 2128 2183 2198; x_wconf 88' lang='lat' dir='ltr'><strong>quidpiam</strong></span> <span class='ocrx_word' id='word_1_600' title='bbox 2218 2130 2332 2198; x_wconf 90' lang='lat' dir='ltr'><strong>plus</strong></span> <span class='ocrx_word' id='word_1_601' title='bbox 2359 2130 2506 2185; x_wconf 86' lang='lat' dir='ltr'><strong>dedit</strong></span> <span class='ocrx_word' id='word_1_602' title='bbox 2549 2146 2705 2199; x_wconf 89' lang='lat' dir='ltr'><strong>quam</strong></span> <span class='ocrx_word' id='word_1_603' title='bbox 2748 2132 2887 2197; x_wconf 89' lang='lat' dir='ltr'><strong>aliis,</strong></span> <span class='ocrx_word' id='word_1_604' title='bbox 2934 2135 3275 2200; x_wconf 85' lang='lat' dir='ltr'><strong>pecuniarum</strong></span> <span class='ocrx_word' id='word_1_605' title='bbox 3306 2149 3495 2203; x_wconf 87' lang='lat' dir='ltr'><strong>nempe</strong></span> 
     </span>
    </p>
   </div>
   <div class='ocr_carea' id='block_1_78' title="bbox 1918 2218 3498 2292">
    <p class='ocr_par' dir='ltr' id='par_1_78' title="bbox 1918 2218 3498 2292">
     <span class='ocr_line' id='line_1_78' title="bbox 1918 2218 3498 2292; baseline 0.004 -20"><span class='ocrx_word' id='word_1_606' title='bbox 1918 2218 2370 2287; x_wconf 87' lang='lat' dir='ltr'><strong>dispensationem</strong></span> <span class='ocrx_word' id='word_1_607' title='bbox 2418 2220 2715 2290; x_wconf 74' lang='lat' dir='ltr'><strong>(Joan.12.</strong></span> <span class='ocrx_word' id='word_1_608' title='bbox 2762 2220 2838 2291; x_wconf 88' lang='grc'><strong>6).</strong></span> <span class='ocrx_word' id='word_1_609' title='bbox 2880 2221 3017 2289; x_wconf 87' lang='lat' dir='ltr'><strong>Quid</strong></span> <span class='ocrx_word' id='word_1_610' title='bbox 3047 2223 3243 2291; x_wconf 85' lang='lat' dir='ltr'><strong>igitur?</strong></span> <span class='ocrx_word' id='word_1_611' title='bbox 3268 2238 3335 2277; x_wconf 91' lang='lat' dir='ltr'><strong>an</strong></span> <span class='ocrx_word' id='word_1_612' title='bbox 3373 2224 3498 2292; x_wconf 85' lang='lat' dir='ltr'><strong>quia</strong></span> 
     </span>
    </p>
   </div>
   <div class='ocr_carea' id='block_1_79' title="bbox 1916 2298 3497 2383">
    <p class='ocr_par' dir='ltr' id='par_1_79' title="bbox 1916 2298 3497 2383">
     <span class='ocr_line' id='line_1_79' title="bbox 1916 2298 3497 2383; baseline 0.004 -18"><span class='ocrx_word' id='word_1_613' title='bbox 1916 2298 2144 2381; x_wconf 85' lang='lat' dir='ltr'><strong>utroque</strong></span> <span class='ocrx_word' id='word_1_614' title='bbox 2181 2328 2402 2367; x_wconf 91' lang='lat' dir='ltr'><strong>munere</strong></span> <span class='ocrx_word' id='word_1_615' title='bbox 2428 2323 2613 2368; x_wconf 89' lang='lat' dir='ltr'><strong>contra</strong></span> <span class='ocrx_word' id='word_1_616' title='bbox 2654 2329 2811 2383; x_wconf 88' lang='lat' dir='ltr'><strong>quam</strong></span> <span class='ocrx_word' id='word_1_617' title='bbox 2842 2314 3027 2370; x_wconf 89' lang='lat' dir='ltr'><strong>debuit</strong></span> <span class='ocrx_word' id='word_1_618' title='bbox 3067 2331 3194 2371; x_wconf 91' lang='lat' dir='ltr'><strong>usus</strong></span> <span class='ocrx_word' id='word_1_619' title='bbox 3220 2325 3324 2381; x_wconf 89' lang='lat' dir='ltr'><strong>est,</strong></span> <span class='ocrx_word' id='word_1_620' title='bbox 3374 2331 3497 2371; x_wconf 91' lang='lat' dir='ltr'><strong>cum</strong></span> 
     </span>
    </p>
   </div>
   <div class='ocr_carea' id='block_1_80' title="bbox 1917 2405 3498 2477">
    <p class='ocr_par' dir='ltr' id='par_1_80' title="bbox 1917 2405 3498 2477">
     <span class='ocr_line' id='line_1_80' title="bbox 1917 2405 3498 2477; baseline 0.004 -20"><span class='ocrx_word' id='word_1_621' title='bbox 1917 2418 2058 2467; x_wconf 91' lang='lat' dir='ltr'><strong>eum,</strong></span> <span class='ocrx_word' id='word_1_622' title='bbox 2108 2419 2265 2474; x_wconf 92' lang='lat' dir='ltr'><strong>quem</strong></span> <span class='ocrx_word' id='word_1_623' title='bbox 2310 2405 2709 2475; x_wconf 69' lang='lat' dir='ltr'><strong>praedicandum</strong></span> <span class='ocrx_word' id='word_1_624' title='bbox 2755 2415 3092 2476; x_wconf 87' lang='lat' dir='ltr'><strong>susceperat,</strong></span> <span class='ocrx_word' id='word_1_625' title='bbox 3140 2408 3395 2477; x_wconf 88' lang='lat' dir='ltr'><strong>prodidit,</strong></span> <span class='ocrx_word' id='word_1_626' title='bbox 3443 2418 3498 2463; x_wconf 92' lang='lat' dir='ltr'><strong>et</strong></span> 
     </span>
    </p>
   </div>
   <div class='ocr_carea' id='block_1_81' title="bbox 1918 2496 3498 2568">
    <p class='ocr_par' dir='ltr' id='par_1_81' title="bbox 1918 2496 3498 2568">
     <span class='ocr_line' id='line_1_81' title="bbox 1918 2496 3498 2568; baseline 0.001 -18"><span class='ocrx_word' id='word_1_627' title='bbox 1918 2496 2150 2551; x_wconf 88' lang='lat' dir='ltr'><strong>creditas</strong></span> <span class='ocrx_word' id='word_1_628' title='bbox 2181 2497 2430 2566; x_wconf 91' lang='lat' dir='ltr'><strong>pecunias</strong></span> <span class='ocrx_word' id='word_1_629' title='bbox 2459 2497 2597 2551; x_wconf 89' lang='lat' dir='ltr'><strong>male</strong></span> <span class='ocrx_word' id='word_1_630' title='bbox 2633 2497 2908 2568; x_wconf 91' lang='lat' dir='ltr'><strong>impendit,</strong></span> <span class='ocrx_word' id='word_1_631' title='bbox 2938 2497 3253 2567; x_wconf 90' lang='lat' dir='ltr'><strong>supplicium</strong></span> <span class='ocrx_word' id='word_1_632' title='bbox 3279 2498 3498 2567; x_wconf 83' lang='lat' dir='ltr'><strong>effugit?</strong></span> 
     </span>
    </p>
   </div>
   <div class='ocr_carea' id='block_1_82' title="bbox 1918 2584 3496 2658">
    <p class='ocr_par' dir='ltr' id='par_1_82' title="bbox 1918 2584 3496 2658">
     <span class='ocr_line' id='line_1_82' title="bbox 1918 2584 3496 2658; baseline 0.001 -17"><span class='ocrx_word' id='word_1_633' title='bbox 1918 2584 2073 2641; x_wconf 87' lang='lat' dir='ltr'><strong>Certe</strong></span> <span class='ocrx_word' id='word_1_634' title='bbox 2100 2586 2200 2642; x_wconf 90' lang='lat' dir='ltr'><strong>hoc</strong></span> <span class='ocrx_word' id='word_1_635' title='bbox 2231 2587 2564 2656; x_wconf 89' lang='lat' dir='ltr'><strong>potissimum</strong></span> <span class='ocrx_word' id='word_1_636' title='bbox 2597 2588 2812 2642; x_wconf 82' lang='lat' dir='ltr'><strong>nomine</strong></span> <span class='ocrx_word' id='word_1_637' title='bbox 2838 2587 3052 2658; x_wconf 88' lang='lat' dir='ltr'><strong>gravius</strong></span> <span class='ocrx_word' id='word_1_638' title='bbox 3081 2588 3202 2643; x_wconf 92' lang='lat' dir='ltr'><strong>inde</strong></span> <span class='ocrx_word' id='word_1_639' title='bbox 3229 2589 3329 2643; x_wconf 91' lang='lat' dir='ltr'><strong>sibi</strong></span> <span class='ocrx_word' id='word_1_640' title='bbox 3367 2604 3496 2658; x_wconf 85' lang='lat' dir='ltr'><strong>sup-</strong></span> 
     </span>
    </p>
   </div>
   <div class='ocr_carea' id='block_1_83' title="bbox 1920 2678 3497 2749">
    <p class='ocr_par' dir='ltr' id='par_1_83' title="bbox 1920 2678 3497 2749">
     <span class='ocr_line' id='line_1_83' title="bbox 1920 2678 3497 2749; baseline 0.003 -18"><span class='ocrx_word' id='word_1_641' title='bbox 1920 2678 2133 2747; x_wconf 90' lang='lat' dir='ltr'><strong>plicium</strong></span> <span class='ocrx_word' id='word_1_642' title='bbox 2159 2680 2406 2742; x_wconf 78' lang='lat' dir='ltr'><strong>attraxit;</strong></span> <span class='ocrx_word' id='word_1_643' title='bbox 2439 2679 2597 2749; x_wconf 88' lang='lat' dir='ltr'><strong>idque</strong></span> <span class='ocrx_word' id='word_1_644' title='bbox 2618 2679 2736 2747; x_wconf 90' lang='lat' dir='ltr'><strong>iure</strong></span> <span class='ocrx_word' id='word_1_645' title='bbox 2762 2680 2972 2734; x_wconf 92' lang='lat' dir='ltr'><strong>merito.</strong></span> <span class='ocrx_word' id='word_1_646' title='bbox 3004 2679 3120 2735; x_wconf 90' lang='lat' dir='ltr'><strong>Non</strong></span> <span class='ocrx_word' id='word_1_647' title='bbox 3149 2681 3289 2734; x_wconf 89' lang='lat' dir='ltr'><strong>enim</strong></span> <span class='ocrx_word' id='word_1_648' title='bbox 3320 2696 3350 2735; x_wconf 89' lang='lat' dir='ltr'><strong>a</strong></span> <span class='ocrx_word' id='word_1_649' title='bbox 3386 2681 3497 2736; x_wconf 88' lang='lat' dir='ltr'><strong>Deo</strong></span> 
     </span>
    </p>
   </div>
   <div class='ocr_carea' id='block_1_84' title="bbox 1919 2768 3488 2839">
    <p class='ocr_par' dir='ltr' id='par_1_84' title="bbox 1919 2768 3488 2839">
     <span class='ocr_line' id='line_1_84' title="bbox 1919 2768 3488 2839; baseline -0.001 -15"><span class='ocrx_word' id='word_1_650' title='bbox 1919 2772 2152 2839; x_wconf 84' lang='lat' dir='ltr'><strong>acceptis</strong></span> <span class='ocrx_word' id='word_1_651' title='bbox 2181 2769 2473 2824; x_wconf 92' lang='lat' dir='ltr'><strong>honoribus</strong></span> <span class='ocrx_word' id='word_1_652' title='bbox 2498 2770 2563 2823; x_wconf 92' lang='lat' dir='ltr'><strong>ad</strong></span> <span class='ocrx_word' id='word_1_653' title='bbox 2591 2770 2707 2838; x_wconf 90' lang='lat' dir='ltr'><strong>eius</strong></span> <span class='ocrx_word' id='word_1_654' title='bbox 2732 2768 3081 2825; x_wconf 75' lang='lat' dir='ltr'><strong>offensionem</strong></span> <span class='ocrx_word' id='word_1_655' title='bbox 3107 2771 3359 2825; x_wconf 89' lang='lat' dir='ltr'><strong>utendum</strong></span> <span class='ocrx_word' id='word_1_656' title='bbox 3386 2781 3488 2835; x_wconf 84' lang='lat' dir='ltr'><strong>est,</strong></span> 
     </span>
    </p>
   </div>
   <div class='ocr_carea' id='block_1_85' title="bbox 1917 2857 3496 2930">
    <p class='ocr_par' dir='ltr' id='par_1_85' title="bbox 1917 2857 3496 2930">
     <span class='ocr_line' id='line_1_85' title="bbox 1917 2857 3496 2930; baseline 0.001 -17"><span class='ocrx_word' id='word_1_657' title='bbox 1917 2857 2011 2914; x_wconf 88' lang='lat' dir='ltr'><strong>sed</strong></span> <span class='ocrx_word' id='word_1_658' title='bbox 2040 2859 2107 2913; x_wconf 92' lang='lat' dir='ltr'><strong>ad</strong></span> <span class='ocrx_word' id='word_1_659' title='bbox 2153 2859 2201 2914; x_wconf 92' lang='lat' dir='ltr'><strong>ei</strong></span> <span class='ocrx_word' id='word_1_660' title='bbox 2242 2859 2411 2929; x_wconf 87' lang='lat' dir='ltr'><strong>magis</strong></span> <span class='ocrx_word' id='word_1_661' title='bbox 2438 2859 2771 2929; x_wconf 89' lang='lat' dir='ltr'><strong>placendum.</strong></span> <span class='ocrx_word' id='word_1_662' title='bbox 2823 2860 2917 2915; x_wconf 90' lang='lat' dir='ltr'><strong>Ille</strong></span> <span class='ocrx_word' id='word_1_663' title='bbox 2941 2875 3089 2927; x_wconf 92' lang='lat' dir='ltr'><strong>vero,</strong></span> <span class='ocrx_word' id='word_1_664' title='bbox 3125 2862 3247 2930; x_wconf 92' lang='lat' dir='ltr'><strong>quia</strong></span> <span class='ocrx_word' id='word_1_665' title='bbox 3294 2861 3496 2930; x_wconf 90' lang='lat' dir='ltr'><strong>maiore</strong></span> 
     </span>
    </p>
   </div>
   <div class='ocr_carea' id='block_1_86' title="bbox 1917 2953 3497 3025">
    <p class='ocr_par' dir='ltr' id='par_1_86' title="bbox 1917 2953 3497 3025">
     <span class='ocr_line' id='line_1_86' title="bbox 1917 2953 3497 3025; baseline -0.001 -17"><span class='ocrx_word' id='word_1_666' title='bbox 1917 2954 2164 3025; x_wconf 87' lang='lat' dir='ltr'><strong>dignatus</strong></span> <span class='ocrx_word' id='word_1_667' title='bbox 2192 2953 2416 3020; x_wconf 86' lang='lat' dir='ltr'><strong>honore,</strong></span> <span class='ocrx_word' id='word_1_668' title='bbox 2439 2953 2565 3008; x_wconf 90' lang='lat' dir='ltr'><strong>dum</strong></span> <span class='ocrx_word' id='word_1_669' title='bbox 2593 2962 2765 3023; x_wconf 89' lang='lat' dir='ltr'><strong>rogat,</strong></span> <span class='ocrx_word' id='word_1_670' title='bbox 2790 2953 3026 3009; x_wconf 90' lang='lat' dir='ltr'><strong>debitum</strong></span> <span class='ocrx_word' id='word_1_671' title='bbox 3052 2954 3152 3008; x_wconf 89' lang='lat' dir='ltr'><strong>sibi</strong></span> <span class='ocrx_word' id='word_1_672' title='bbox 3181 2954 3497 3023; x_wconf 90' lang='lat' dir='ltr'><strong>supplicium</strong></span> 
     </span>
    </p>
   </div>
   <div class='ocr_carea' id='block_1_87' title="bbox 1918 3043 3498 3114">
    <p class='ocr_par' dir='ltr' id='par_1_87' title="bbox 1918 3043 3498 3114">
     <span class='ocr_line' id='line_1_87' title="bbox 1918 3043 3498 3114; baseline -0.002 -14"><span class='ocrx_word' id='word_1_673' title='bbox 1918 3045 2151 3114; x_wconf 70' lang='lat' dir='ltr'><strong>effugere</strong></span> <span class='ocrx_word' id='word_1_674' title='bbox 2191 3059 2348 3114; x_wconf 90' lang='lat' dir='ltr'><strong>posse</strong></span> <span class='ocrx_word' id='word_1_675' title='bbox 2379 3045 2554 3108; x_wconf 89' lang='lat' dir='ltr'><strong>liceat,</strong></span> <span class='ocrx_word' id='word_1_676' title='bbox 2585 3043 2805 3112; x_wconf 89' lang='lat' dir='ltr'><strong>perinde</strong></span> <span class='ocrx_word' id='word_1_677' title='bbox 2843 3045 2951 3113; x_wconf 92' lang='lat' dir='ltr'><strong>agit</strong></span> <span class='ocrx_word' id='word_1_678' title='bbox 2985 3059 3047 3099; x_wconf 91' lang='lat' dir='ltr'><strong>ac</strong></span> <span class='ocrx_word' id='word_1_679' title='bbox 3072 3044 3117 3099; x_wconf 90' lang='lat' dir='ltr'><strong>si</strong></span> <span class='ocrx_word' id='word_1_680' title='bbox 3162 3045 3280 3114; x_wconf 93' lang='lat' dir='ltr'><strong>quis</strong></span> <span class='ocrx_word' id='word_1_681' title='bbox 3308 3060 3372 3098; x_wconf 83' lang='lat' dir='ltr'><strong>ex</strong></span> <span class='ocrx_word' id='word_1_682' title='bbox 3417 3044 3498 3098; x_wconf 90' lang='lat' dir='ltr'><strong>in-</strong></span> 
     </span>
    </p>
   </div>
   <div class='ocr_carea' id='block_1_88' title="bbox 1918 3135 3498 3201">
    <p class='ocr_par' dir='ltr' id='par_1_88' title="bbox 1918 3135 3498 3201">
     <span class='ocr_line' id='line_1_88' title="bbox 1918 3135 3498 3201; baseline -0.001 -9"><span class='ocrx_word' id='word_1_683' title='bbox 1918 3137 2147 3192; x_wconf 89' lang='lat' dir='ltr'><strong>credulis</strong></span> <span class='ocrx_word' id='word_1_684' title='bbox 2176 3136 2373 3191; x_wconf 68' lang='lat' dir='ltr'><strong>Judaeis</strong></span> <span class='ocrx_word' id='word_1_685' title='bbox 2396 3135 2664 3190; x_wconf 90' lang='lat' dir='ltr'><strong>Christum</strong></span> <span class='ocrx_word' id='word_1_686' title='bbox 2698 3136 2920 3191; x_wconf 89' lang='lat' dir='ltr'><strong>audiens</strong></span> <span class='ocrx_word' id='word_1_687' title='bbox 2949 3137 3232 3201; x_wconf 91' lang='lat' dir='ltr'><strong>dicentem,</strong></span> <span class='ocrx_word' id='word_1_688' title='bbox 3263 3135 3379 3190; x_wconf 83' lang='lat' dir='ltr'><strong>Nisi</strong></span> <span class='ocrx_word' id='word_1_689' title='bbox 3416 3154 3498 3190; x_wconf 83' lang='lat' dir='ltr'><strong>ve-</strong></span> 
     </span>
    </p>
   </div>
   <div class='ocr_carea' id='block_1_89' title="bbox 1918 3229 3497 3298">
    <p class='ocr_par' dir='ltr' id='par_1_89' title="bbox 1918 3229 3497 3298">
     <span class='ocr_line' id='line_1_89' title="bbox 1918 3229 3497 3298; baseline 0 -16"><span class='ocrx_word' id='word_1_690' title='bbox 1918 3231 2119 3291; x_wconf 84' lang='lat' dir='ltr'><strong>nissem,</strong></span> <span class='ocrx_word' id='word_1_691' title='bbox 2146 3238 2191 3282; x_wconf 88' lang='lat' dir='ltr'><strong>et</strong></span> <span class='ocrx_word' id='word_1_692' title='bbox 2220 3229 2455 3298; x_wconf 79' lang='lat' dir='ltr'><strong>loquutus</strong></span> <span class='ocrx_word' id='word_1_693' title='bbox 2484 3229 2689 3297; x_wconf 80' lang='lat' dir='ltr'><strong>fuissem</strong></span> <span class='ocrx_word' id='word_1_694' title='bbox 2719 3230 2810 3294; x_wconf 83' lang='lat' dir='ltr'><strong>eis,</strong></span> <span class='ocrx_word' id='word_1_695' title='bbox 2835 3239 3090 3298; x_wconf 83' lang='lat' dir='ltr'><strong>peccatum</strong></span> <span class='ocrx_word' id='word_1_696' title='bbox 3113 3247 3213 3283; x_wconf 86' lang='lat' dir='ltr'><strong>non</strong></span> <span class='ocrx_word' id='word_1_697' title='bbox 3239 3229 3497 3292; x_wconf 83' lang='lat' dir='ltr'><strong>haberent;</strong></span> 
     </span>
    </p>
   </div>
   <div class='ocr_carea' id='block_1_90' title="bbox 1919 3321 3503 3393">
    <p class='ocr_par' dir='ltr' id='par_1_90' title="bbox 1919 3321 3503 3393">
     <span class='ocr_line' id='line_1_90' title="bbox 1919 3321 3503 3393; baseline -0.001 -18"><span class='ocrx_word' id='word_1_698' title='bbox 1919 3332 1965 3375; x_wconf 80' lang='lat' dir='ltr'><strong>et</strong></span> <span class='ocrx_word' id='word_1_699' title='bbox 1992 3322 2089 3375; x_wconf 85' lang='lat' dir='ltr'><strong>nisi</strong></span> <span class='ocrx_word' id='word_1_700' title='bbox 2115 3322 2260 3391; x_wconf 84' lang='lat' dir='ltr'><strong>signa</strong></span> <span class='ocrx_word' id='word_1_701' title='bbox 2288 3321 2512 3389; x_wconf 81' lang='lat' dir='ltr'><strong>fecissem</strong></span> <span class='ocrx_word' id='word_1_702' title='bbox 2538 3322 2630 3388; x_wconf 79' lang='lat' dir='ltr'><strong>eis,</strong></span> <span class='ocrx_word' id='word_1_703' title='bbox 2663 3338 2773 3391; x_wconf 76' lang='lat' dir='ltr'><strong>qua:</strong></span> <span class='ocrx_word' id='word_1_704' title='bbox 2801 3321 2971 3375; x_wconf 79' lang='lat' dir='ltr'><strong>nullus</strong></span> <span class='ocrx_word' id='word_1_705' title='bbox 2995 3322 3127 3375; x_wconf 81' lang='lat' dir='ltr'><strong>alius</strong></span> <span class='ocrx_word' id='word_1_706' title='bbox 3157 3325 3359 3393; x_wconf 81' lang='lat' dir='ltr'><strong>fecerat,</strong></span> <span class='ocrx_word' id='word_1_707' title='bbox 3384 3339 3503 3392; x_wconf 71' lang='lat' dir='ltr'><strong>per.</strong></span> 
     </span>
    </p>
   </div>
   <div class='ocr_carea' id='block_1_91' title="bbox 1918 3411 3498 3485">
    <p class='ocr_par' dir='ltr' id='par_1_91' title="bbox 1918 3411 3498 3485">
     <span class='ocr_line' id='line_1_91' title="bbox 1918 3411 3498 3485; baseline 0.003 -21"><span class='ocrx_word' id='word_1_708' title='bbox 1918 3423 2085 3465; x_wconf 85' lang='lat' dir='ltr'><strong>catum</strong></span> <span class='ocrx_word' id='word_1_709' title='bbox 2114 3429 2214 3467; x_wconf 80' lang='lat' dir='ltr'><strong>non</strong></span> <span class='ocrx_word' id='word_1_710' title='bbox 2234 3412 2467 3467; x_wconf 80' lang='lat' dir='ltr'><strong>haberent</strong></span> <span class='ocrx_word' id='word_1_711' title='bbox 2488 3411 2666 3482; x_wconf 84' lang='lat' dir='ltr'><strong>(Joan.</strong></span> <span class='ocrx_word' id='word_1_712' title='bbox 2693 3414 2778 3467; x_wconf 78' lang='grc'><strong>15.</strong></span> <span class='ocrx_word' id='word_1_713' title='bbox 2803 3412 2892 3466; x_wconf 72' lang='grc'><strong>22.</strong></span> <span class='ocrx_word' id='word_1_714' title='bbox 2922 3412 3038 3485; x_wconf 69' lang='grc'><strong>24),</strong></span> <span class='ocrx_word' id='word_1_715' title='bbox 3069 3413 3404 3468; x_wconf 79' lang='lat' dir='ltr'><strong>Serratorem</strong></span> <span class='ocrx_word' id='word_1_716' title='bbox 3434 3429 3498 3468; x_wconf 86' lang='lat' dir='ltr'><strong>ac</strong></span> 
     </span>
    </p>
   </div>
   <div class='ocr_carea' id='block_1_92' title="bbox 1918 3503 3500 3575">
    <p class='ocr_par' dir='ltr' id='par_1_92' title="bbox 1918 3503 3500 3575">
     <span class='ocr_line' id='line_1_92' title="bbox 1918 3503 3500 3575; baseline 0 -17"><span class='ocrx_word' id='word_1_717' title='bbox 1918 3504 2213 3559; x_wconf 91' lang='lat' dir='ltr'><strong>beneﬁcum</strong></span> <span class='ocrx_word' id='word_1_718' title='bbox 2236 3506 2501 3559; x_wconf 85' lang='lat' dir='ltr'><strong>incusaret</strong></span> <span class='ocrx_word' id='word_1_719' title='bbox 2528 3505 2609 3557; x_wconf 92' lang='lat' dir='ltr'><strong>bis</strong></span> <span class='ocrx_word' id='word_1_720' title='bbox 2630 3505 2840 3559; x_wconf 87' lang='lat' dir='ltr'><strong>verbis:</strong></span> <span class='ocrx_word' id='word_1_721' title='bbox 2870 3504 2977 3558; x_wconf 89' lang='lat' dir='ltr'><strong>Cur</strong></span> <span class='ocrx_word' id='word_1_722' title='bbox 3003 3505 3193 3559; x_wconf 88' lang='lat' dir='ltr'><strong>venisti</strong></span> <span class='ocrx_word' id='word_1_723' title='bbox 3220 3519 3283 3560; x_wconf 90' lang='lat' dir='ltr'><strong>ac</strong></span> <span class='ocrx_word' id='word_1_724' title='bbox 3310 3503 3500 3575; x_wconf 80' lang='lat' dir='ltr'><strong>loquu-</strong></span> 
     </span>
    </p>
   </div>
   <div class='ocr_carea' id='block_1_93' title="bbox 1919 3595 3498 3666">
    <p class='ocr_par' dir='ltr' id='par_1_93' title="bbox 1919 3595 3498 3666">
     <span class='ocr_line' id='line_1_93' title="bbox 1919 3595 3498 3666; baseline -0.001 -17"><span class='ocrx_word' id='word_1_725' title='bbox 1919 3606 2005 3649; x_wconf 92' lang='lat' dir='ltr'><strong>tus</strong></span> <span class='ocrx_word' id='word_1_726' title='bbox 2029 3595 2124 3650; x_wconf 87' lang='lat' dir='ltr'><strong>es?</strong></span> <span class='ocrx_word' id='word_1_727' title='bbox 2149 3610 2247 3649; x_wconf 90' lang='lat' dir='ltr'><strong>cur</strong></span> <span class='ocrx_word' id='word_1_728' title='bbox 2270 3597 2420 3666; x_wconf 74' lang='lat' dir='ltr'><strong>signa</strong></span> <span class='ocrx_word' id='word_1_729' title='bbox 2468 3595 2654 3661; x_wconf 88' lang='lat' dir='ltr'><strong>fecisti,</strong></span> <span class='ocrx_word' id='word_1_730' title='bbox 2688 3604 2747 3648; x_wconf 91' lang='lat' dir='ltr'><strong>ut</strong></span> <span class='ocrx_word' id='word_1_731' title='bbox 2776 3595 2978 3665; x_wconf 87' lang='lat' dir='ltr'><strong>maiore</strong></span> <span class='ocrx_word' id='word_1_732' title='bbox 3004 3610 3100 3651; x_wconf 89' lang='lat' dir='ltr'><strong>nos</strong></span> <span class='ocrx_word' id='word_1_733' title='bbox 3126 3596 3380 3665; x_wconf 90' lang='lat' dir='ltr'><strong>supplicio</strong></span> <span class='ocrx_word' id='word_1_734' title='bbox 3417 3595 3498 3649; x_wconf 90' lang='lat' dir='ltr'><strong>af-</strong></span> 
     </span>
    </p>
   </div>
   <div class='ocr_carea' id='block_1_94' title="bbox 1921 3685 3500 3742">
    <p class='ocr_par' dir='ltr' id='par_1_94' title="bbox 1921 3685 3500 3742">
     <span class='ocr_line' id='line_1_94' title="bbox 1921 3685 3500 3742; baseline 0 -2"><span class='ocrx_word' id='word_1_735' title='bbox 1921 3686 2144 3741; x_wconf 87' lang='lat' dir='ltr'><strong>ﬁceres?</strong></span> <span class='ocrx_word' id='word_1_736' title='bbox 2167 3686 2274 3742; x_wconf 90' lang='lat' dir='ltr'><strong>Sed</strong></span> <span class='ocrx_word' id='word_1_737' title='bbox 2297 3685 2493 3740; x_wconf 90' lang='lat' dir='ltr'><strong>furoris</strong></span> <span class='ocrx_word' id='word_1_738' title='bbox 2513 3701 2575 3740; x_wconf 88' lang='lat' dir='ltr'><strong>ac</strong></span> <span class='ocrx_word' id='word_1_739' title='bbox 2604 3700 2825 3740; x_wconf 74' lang='lat' dir='ltr'><strong>summa:</strong></span> <span class='ocrx_word' id='word_1_740' title='bbox 2856 3686 3075 3741; x_wconf 69' lang='lat' dir='ltr'><strong>insania:</strong></span> <span class='ocrx_word' id='word_1_741' title='bbox 3096 3699 3218 3741; x_wconf 90' lang='lat' dir='ltr'><strong>sunt</strong></span> <span class='ocrx_word' id='word_1_742' title='bbox 3238 3686 3353 3742; x_wconf 70' lang='lat' dir='ltr'><strong>hrcc</strong></span> <span class='ocrx_word' id='word_1_743' title='bbox 3375 3702 3500 3741; x_wconf 89' lang='lat' dir='ltr'><strong>ver-</strong></span> 
     </span>
    </p>
   </div>
   <div class='ocr_carea' id='block_1_95' title="bbox 1922 3776 3502 3843">
    <p class='ocr_par' dir='ltr' id='par_1_95' title="bbox 1922 3776 3502 3843">
     <span class='ocr_line' id='line_1_95' title="bbox 1922 3776 3502 3843; baseline 0.001 -12"><span class='ocrx_word' id='word_1_744' title='bbox 1922 3780 2006 3832; x_wconf 90' lang='lat' dir='ltr'><strong>ba.</strong></span> <span class='ocrx_word' id='word_1_745' title='bbox 2063 3777 2299 3832; x_wconf 83' lang='lat' dir='ltr'><strong>Medicus</strong></span> <span class='ocrx_word' id='word_1_746' title='bbox 2327 3777 2468 3832; x_wconf 91' lang='lat' dir='ltr'><strong>enim</strong></span> <span class='ocrx_word' id='word_1_747' title='bbox 2501 3792 2605 3830; x_wconf 91' lang='lat' dir='ltr'><strong>non</strong></span> <span class='ocrx_word' id='word_1_748' title='bbox 2637 3787 2694 3831; x_wconf 91' lang='lat' dir='ltr'><strong>ut</strong></span> <span class='ocrx_word' id='word_1_749' title='bbox 2720 3788 2770 3831; x_wconf 92' lang='lat' dir='ltr'><strong>te</strong></span> <span class='ocrx_word' id='word_1_750' title='bbox 2799 3776 3074 3831; x_wconf 88' lang='lat' dir='ltr'><strong>damnaret</strong></span> <span class='ocrx_word' id='word_1_751' title='bbox 3096 3778 3278 3843; x_wconf 80' lang='lat' dir='ltr'><strong>venit,</strong></span> <span class='ocrx_word' id='word_1_752' title='bbox 3318 3777 3411 3833; x_wconf 91' lang='lat' dir='ltr'><strong>sed</strong></span> <span class='ocrx_word' id='word_1_753' title='bbox 3442 3786 3502 3832; x_wconf 84' lang='lat' dir='ltr'><strong>ut</strong></span> 
     </span>
    </p>
   </div>
   <div class='ocr_carea' id='block_1_96' title="bbox 1920 3867 3502 3937">
    <p class='ocr_par' dir='ltr' id='par_1_96' title="bbox 1920 3867 3502 3937">
     <span class='ocr_line' id='line_1_96' title="bbox 1920 3867 3502 3937; baseline -0.001 -13"><span class='ocrx_word' id='word_1_754' title='bbox 1920 3879 2180 3933; x_wconf 88' lang='lat' dir='ltr'><strong>curaret;</strong></span> <span class='ocrx_word' id='word_1_755' title='bbox 2222 3882 2326 3921; x_wconf 90' lang='lat' dir='ltr'><strong>non</strong></span> <span class='ocrx_word' id='word_1_756' title='bbox 2368 3877 2427 3921; x_wconf 92' lang='lat' dir='ltr'><strong>ut</strong></span> <span class='ocrx_word' id='word_1_757' title='bbox 2471 3876 2523 3921; x_wconf 92' lang='lat' dir='ltr'><strong>te</strong></span> <span class='ocrx_word' id='word_1_758' title='bbox 2550 3877 2893 3937; x_wconf 65' lang='lat' dir='ltr'><strong>aegrotantem</strong></span> <span class='ocrx_word' id='word_1_759' title='bbox 2941 3867 3257 3937; x_wconf 82' lang='lat' dir='ltr'><strong>despiceret,</strong></span> <span class='ocrx_word' id='word_1_760' title='bbox 3300 3867 3393 3923; x_wconf 90' lang='lat' dir='ltr'><strong>sed</strong></span> <span class='ocrx_word' id='word_1_761' title='bbox 3443 3877 3502 3923; x_wconf 88' lang='lat' dir='ltr'><strong>ut</strong></span> 
     </span>
    </p>
   </div>
   <div class='ocr_carea' id='block_1_97' title="bbox 1920 3957 3501 4028">
    <p class='ocr_par' dir='ltr' id='par_1_97' title="bbox 1920 3957 3501 4028">
     <span class='ocr_line' id='line_1_97' title="bbox 1920 3957 3501 4028; baseline -0.001 -15"><span class='ocrx_word' id='word_1_762' title='bbox 1920 3976 1949 4013; x_wconf 88' lang='lat' dir='ltr'><strong>a</strong></span> <span class='ocrx_word' id='word_1_763' title='bbox 1967 3958 2156 4015; x_wconf 89' lang='lat' dir='ltr'><strong>morbo</strong></span> <span class='ocrx_word' id='word_1_764' title='bbox 2179 3958 2386 4028; x_wconf 90' lang='lat' dir='ltr'><strong>penitus</strong></span> <span class='ocrx_word' id='word_1_765' title='bbox 2399 3958 2666 4014; x_wconf 86' lang='lat' dir='ltr'><strong>liberaret.</strong></span> <span class='ocrx_word' id='word_1_766' title='bbox 2682 3957 2757 4012; x_wconf 85' lang='lat' dir='ltr'><strong>Te</strong></span> <span class='ocrx_word' id='word_1_767' title='bbox 2774 3966 2949 4011; x_wconf 90' lang='lat' dir='ltr'><strong>autem</strong></span> <span class='ocrx_word' id='word_1_768' title='bbox 2971 3958 3109 4012; x_wconf 93' lang='lat' dir='ltr'><strong>ultro</strong></span> <span class='ocrx_word' id='word_1_769' title='bbox 3120 3958 3235 4027; x_wconf 92' lang='lat' dir='ltr'><strong>eius</strong></span> <span class='ocrx_word' id='word_1_770' title='bbox 3256 3958 3501 4012; x_wconf 88' lang='lat' dir='ltr'><strong>manibus</strong></span> 
     </span>
    </p>
   </div>
   <div class='ocr_carea' id='block_1_98' title="bbox 1921 4046 3501 4118">
    <p class='ocr_par' dir='ltr' id='par_1_98' title="bbox 1921 4046 3501 4118">
     <span class='ocr_line' id='line_1_98' title="bbox 1921 4046 3501 4118; baseline -0.001 -15"><span class='ocrx_word' id='word_1_771' title='bbox 1921 4048 2285 4104; x_wconf 86' lang='lat' dir='ltr'><strong>summovisti:</strong></span> <span class='ocrx_word' id='word_1_772' title='bbox 2315 4048 2528 4118; x_wconf 90' lang='lat' dir='ltr'><strong>gravius</strong></span> <span class='ocrx_word' id='word_1_773' title='bbox 2548 4048 2704 4117; x_wconf 86' lang='lat' dir='ltr'><strong>igitur</strong></span> <span class='ocrx_word' id='word_1_774' title='bbox 2730 4047 3047 4117; x_wconf 83' lang='lat' dir='ltr'><strong>supplicium</strong></span> <span class='ocrx_word' id='word_1_775' title='bbox 3064 4048 3273 4101; x_wconf 89' lang='lat' dir='ltr'><strong>subeas.</strong></span> <span class='ocrx_word' id='word_1_776' title='bbox 3301 4046 3501 4113; x_wconf 83' lang='lat' dir='ltr'><strong>Quem-</strong></span> 
     </span>
    </p>
   </div>
   <div class='ocr_carea' id='block_1_99' title="bbox 1921 4138 3500 4209">
    <p class='ocr_par' dir='ltr' id='par_1_99' title="bbox 1921 4138 3500 4209">
     <span class='ocr_line' id='line_1_99' title="bbox 1921 4138 3500 4209; baseline -0.001 -13"><span class='ocrx_word' id='word_1_777' title='bbox 1921 4139 2206 4196; x_wconf 88' lang='lat' dir='ltr'><strong>admodum</strong></span> <span class='ocrx_word' id='word_1_778' title='bbox 2233 4141 2373 4195; x_wconf 90' lang='lat' dir='ltr'><strong>enim</strong></span> <span class='ocrx_word' id='word_1_779' title='bbox 2400 4140 2444 4193; x_wconf 87' lang='lat' dir='ltr'><strong>si</strong></span> <span class='ocrx_word' id='word_1_780' title='bbox 2468 4140 2726 4194; x_wconf 91' lang='lat' dir='ltr'><strong>curationi</strong></span> <span class='ocrx_word' id='word_1_781' title='bbox 2758 4148 2808 4193; x_wconf 91' lang='lat' dir='ltr'><strong>te</strong></span> <span class='ocrx_word' id='word_1_782' title='bbox 2833 4138 3178 4201; x_wconf 87' lang='lat' dir='ltr'><strong>subdidisses,</strong></span> <span class='ocrx_word' id='word_1_783' title='bbox 3207 4155 3236 4193; x_wconf 92' lang='lat' dir='ltr'><strong>a</strong></span> <span class='ocrx_word' id='word_1_784' title='bbox 3265 4139 3500 4209; x_wconf 91' lang='lat' dir='ltr'><strong>pristinis</strong></span> 
     </span>
    </p>
   </div>
   <div class='ocr_carea' id='block_1_100' title="bbox 1923 4229 3501 4299">
    <p class='ocr_par' dir='ltr' id='par_1_100' title="bbox 1923 4229 3501 4299">
     <span class='ocr_line' id='line_1_100' title="bbox 1923 4229 3501 4299; baseline -0.003 -12"><span class='ocrx_word' id='word_1_785' title='bbox 1923 4232 2078 4288; x_wconf 92' lang='lat' dir='ltr'><strong>malis</strong></span> <span class='ocrx_word' id='word_1_786' title='bbox 2107 4231 2418 4286; x_wconf 84' lang='lat' dir='ltr'><strong>liberareris</strong></span> <span class='ocrx_word' id='word_1_787' title='bbox 2456 4248 2469 4283; x_wconf 92' lang='lat'><strong>:</strong></span> <span class='ocrx_word' id='word_1_788' title='bbox 2520 4231 2599 4285; x_wconf 90' lang='lat' dir='ltr'><strong>sic</strong></span> <span class='ocrx_word' id='word_1_789' title='bbox 2625 4230 2746 4299; x_wconf 90' lang='lat' dir='ltr'><strong>quia</strong></span> <span class='ocrx_word' id='word_1_790' title='bbox 2778 4238 3089 4298; x_wconf 74' lang='lat' dir='ltr'><strong>prtesentem</strong></span> <span class='ocrx_word' id='word_1_791' title='bbox 3115 4229 3364 4299; x_wconf 78' lang='lat' dir='ltr'><strong>effugisti,</strong></span> <span class='ocrx_word' id='word_1_792' title='bbox 3396 4245 3501 4283; x_wconf 86' lang='lat' dir='ltr'><strong>non</strong></span> 
     </span>
    </p>
   </div>
   <div class='ocr_carea' id='block_1_101' title="bbox 1924 4318 3503 4394">
    <p class='ocr_par' dir='ltr' id='par_1_101' title="bbox 1924 4318 3503 4394">
     <span class='ocr_line' id='line_1_101' title="bbox 1924 4318 3503 4394; baseline -0.005 -15"><span class='ocrx_word' id='word_1_793' title='bbox 1924 4326 2058 4379; x_wconf 92' lang='lat' dir='ltr'><strong>ultra</strong></span> <span class='ocrx_word' id='word_1_794' title='bbox 2090 4323 2291 4394; x_wconf 86' lang='lat' dir='ltr'><strong>poteris</strong></span> <span class='ocrx_word' id='word_1_795' title='bbox 2321 4322 2407 4376; x_wconf 90' lang='lat' dir='ltr'><strong>illa</strong></span> <span class='ocrx_word' id='word_1_796' title='bbox 2436 4322 2762 4390; x_wconf 88' lang='lat' dir='ltr'><strong>abstergere,</strong></span> <span class='ocrx_word' id='word_1_797' title='bbox 2794 4334 3022 4388; x_wconf 87' lang='lat' dir='ltr'><strong>cumque</strong></span> <span class='ocrx_word' id='word_1_798' title='bbox 3050 4333 3152 4374; x_wconf 91' lang='lat' dir='ltr'><strong>non</strong></span> <span class='ocrx_word' id='word_1_799' title='bbox 3185 4319 3375 4388; x_wconf 88' lang='lat' dir='ltr'><strong>possis,</strong></span> <span class='ocrx_word' id='word_1_800' title='bbox 3408 4318 3503 4371; x_wconf 89' lang='lat' dir='ltr'><strong>ho-</strong></span> 
     </span>
    </p>
   </div>
   <div class='ocr_carea' id='block_1_102' title="bbox 1925 4413 3505 4485">
    <p class='ocr_par' dir='ltr' id='par_1_102' title="bbox 1925 4413 3505 4485">
     <span class='ocr_line' id='line_1_102' title="bbox 1925 4413 3505 4485; baseline -0.004 -14"><span class='ocrx_word' id='word_1_801' title='bbox 1925 4434 2042 4472; x_wconf 92' lang='lat' dir='ltr'><strong>rum</strong></span> <span class='ocrx_word' id='word_1_802' title='bbox 2073 4430 2255 4485; x_wconf 67' lang='lat' dir='ltr'><strong>pinnas</strong></span> <span class='ocrx_word' id='word_1_803' title='bbox 2279 4414 2464 4477; x_wconf 89' lang='lat' dir='ltr'><strong>dabis;</strong></span> <span class='ocrx_word' id='word_1_804' title='bbox 2509 4423 2562 4467; x_wconf 92' lang='lat' dir='ltr'><strong>et</strong></span> <span class='ocrx_word' id='word_1_805' title='bbox 2585 4413 2707 4482; x_wconf 90' lang='lat' dir='ltr'><strong>quia</strong></span> <span class='ocrx_word' id='word_1_806' title='bbox 2738 4427 2948 4475; x_wconf 91' lang='lat' dir='ltr'><strong>vanam,</strong></span> <span class='ocrx_word' id='word_1_807' title='bbox 2977 4420 3229 4480; x_wconf 88' lang='lat' dir='ltr'><strong>quantum</strong></span> <span class='ocrx_word' id='word_1_808' title='bbox 3262 4425 3426 4480; x_wconf 88' lang='lat' dir='ltr'><strong>penes</strong></span> <span class='ocrx_word' id='word_1_809' title='bbox 3451 4421 3505 4465; x_wconf 91' lang='lat' dir='ltr'><strong>te</strong></span> 
     </span>
    </p>
   </div>
   <div class='ocr_carea' id='block_1_103' title="bbox 1927 4502 3503 4576">
    <p class='ocr_par' dir='ltr' id='par_1_103' title="bbox 1927 4502 3503 4576">
     <span class='ocr_line' id='line_1_103' title="bbox 1927 4502 3503 4576; baseline -0.004 -15"><span class='ocrx_word' id='word_1_810' title='bbox 1927 4507 2170 4576; x_wconf 90' lang='lat' dir='ltr'><strong>fuit,eius</strong></span> <span class='ocrx_word' id='word_1_811' title='bbox 2194 4504 2602 4560; x_wconf 88' lang='lat' dir='ltr'><strong>sollicitudinem</strong></span> <span class='ocrx_word' id='word_1_812' title='bbox 2632 4502 2821 4566; x_wconf 84' lang='lat' dir='ltr'><strong>fecisti,</strong></span> <span class='ocrx_word' id='word_1_813' title='bbox 2847 4502 2965 4556; x_wconf 91' lang='lat' dir='ltr'><strong>ideo</strong></span> <span class='ocrx_word' id='word_1_814' title='bbox 2988 4516 3090 4555; x_wconf 92' lang='lat' dir='ltr'><strong>non</strong></span> <span class='ocrx_word' id='word_1_815' title='bbox 3121 4517 3321 4570; x_wconf 91' lang='lat' dir='ltr'><strong>parem,</strong></span> <span class='ocrx_word' id='word_1_816' title='bbox 3345 4515 3503 4568; x_wconf 89' lang='lat' dir='ltr'><strong>quam</strong></span> 
     </span>
    </p>
   </div>
   <div class='ocr_carea' id='block_1_104' title="bbox 1925 4594 3504 4664">
    <p class='ocr_par' dir='ltr' id='par_1_104' title="bbox 1925 4594 3504 4664">
     <span class='ocr_line' id='line_1_104' title="bbox 1925 4594 3504 4664; baseline -0.003 -13"><span class='ocrx_word' id='word_1_817' title='bbox 1925 4610 2048 4652; x_wconf 93' lang='lat' dir='ltr'><strong>ante</strong></span> <span class='ocrx_word' id='word_1_818' title='bbox 2076 4598 2326 4651; x_wconf 89' lang='lat' dir='ltr'><strong>collatum</strong></span> <span class='ocrx_word' id='word_1_819' title='bbox 2358 4611 2387 4649; x_wconf 92' lang='lat' dir='ltr'><strong>a</strong></span> <span class='ocrx_word' id='word_1_820' title='bbox 2422 4596 2528 4648; x_wconf 90' lang='lat' dir='ltr'><strong>Deo</strong></span> <span class='ocrx_word' id='word_1_821' title='bbox 2576 4595 2853 4659; x_wconf 88' lang='lat' dir='ltr'><strong>honorem,</strong></span> <span class='ocrx_word' id='word_1_822' title='bbox 2888 4594 2981 4648; x_wconf 90' lang='lat' dir='ltr'><strong>sed</strong></span> <span class='ocrx_word' id='word_1_823' title='bbox 3012 4595 3167 4664; x_wconf 82' lang='lat' dir='ltr'><strong>longe</strong></span> <span class='ocrx_word' id='word_1_824' title='bbox 3205 4594 3504 4663; x_wconf 89' lang='lat' dir='ltr'><strong>graviorem</strong></span> 
     </span>
    </p>
   </div>
   <div class='ocr_carea' id='block_1_105' title="bbox 1926 4686 3503 4755">
    <p class='ocr_par' dir='ltr' id='par_1_105' title="bbox 1926 4686 3503 4755">
     <span class='ocr_line' id='line_1_105' title="bbox 1926 4686 3503 4755; baseline -0.002 -12"><span class='ocrx_word' id='word_1_825' title='bbox 1926 4689 2217 4743; x_wconf 87' lang='lat' dir='ltr'><strong>cruciatum</strong></span> <span class='ocrx_word' id='word_1_826' title='bbox 2246 4687 2551 4741; x_wconf 88' lang='lat' dir='ltr'><strong>sustinebis.</strong></span> <span class='ocrx_word' id='word_1_827' title='bbox 2599 4688 2808 4741; x_wconf 85' lang='lat' dir='ltr'><strong>Etenim</strong></span> <span class='ocrx_word' id='word_1_828' title='bbox 2851 4687 2914 4752; x_wconf 89' lang='lat' dir='ltr'><strong>is,</strong></span> <span class='ocrx_word' id='word_1_829' title='bbox 2947 4702 3103 4755; x_wconf 90' lang='lat' dir='ltr'><strong>quem</strong></span> <span class='ocrx_word' id='word_1_830' title='bbox 3134 4686 3387 4742; x_wconf 89' lang='lat' dir='ltr'><strong>beneﬁcia</strong></span> <span class='ocrx_word' id='word_1_831' title='bbox 3416 4700 3503 4740; x_wconf 85' lang='lat' dir='ltr'><strong>ac-</strong></span> 
     </span>
    </p>
   </div>
   <div class='ocr_carea' id='block_1_106' title="bbox 1926 4779 3506 4850">
    <p class='ocr_par' dir='ltr' id='par_1_106' title="bbox 1926 4779 3506 4850">
     <span class='ocr_line' id='line_1_106' title="bbox 1926 4779 3506 4850; baseline -0.001 -16"><span class='ocrx_word' id='word_1_832' title='bbox 1926 4790 2078 4850; x_wconf 89' lang='lat' dir='ltr'><strong>cepta</strong></span> <span class='ocrx_word' id='word_1_833' title='bbox 2106 4782 2379 4835; x_wconf 87' lang='lat' dir='ltr'><strong>meliorem</strong></span> <span class='ocrx_word' id='word_1_834' title='bbox 2403 4796 2507 4834; x_wconf 90' lang='lat' dir='ltr'><strong>non</strong></span> <span class='ocrx_word' id='word_1_835' title='bbox 2530 4779 2779 4843; x_wconf 86' lang='lat' dir='ltr'><strong>reddunt,</strong></span> <span class='ocrx_word' id='word_1_836' title='bbox 2805 4780 2924 4846; x_wconf 88' lang='lat' dir='ltr'><strong>jure</strong></span> <span class='ocrx_word' id='word_1_837' title='bbox 2947 4779 3191 4833; x_wconf 92' lang='lat' dir='ltr'><strong>acerbius</strong></span> <span class='ocrx_word' id='word_1_838' title='bbox 3217 4779 3370 4848; x_wconf 90' lang='lat' dir='ltr'><strong>plecti</strong></span> <span class='ocrx_word' id='word_1_839' title='bbox 3393 4793 3506 4833; x_wconf 84' lang='lat' dir='ltr'><strong>me-</strong></span> 
     </span>
    </p>
   </div>
   <div class='ocr_carea' id='block_1_107' title="bbox 1927 4869 3506 4941">
    <p class='ocr_par' dir='ltr' id='par_1_107' title="bbox 1927 4869 3506 4941">
     <span class='ocr_line' id='line_1_107' title="bbox 1927 4869 3506 4941; baseline -0.001 -16"><span class='ocrx_word' id='word_1_840' title='bbox 1927 4882 2092 4926; x_wconf 91' lang='lat' dir='ltr'><strong>retur.</strong></span> <span class='ocrx_word' id='word_1_841' title='bbox 2140 4873 2270 4939; x_wconf 89' lang='lat' dir='ltr'><strong>Quia</strong></span> <span class='ocrx_word' id='word_1_842' title='bbox 2320 4873 2479 4941; x_wconf 90' lang='lat' dir='ltr'><strong>igitur</strong></span> <span class='ocrx_word' id='word_1_843' title='bbox 2518 4871 2819 4939; x_wconf 88' lang='lat' dir='ltr'><strong>huiusmodi</strong></span> <span class='ocrx_word' id='word_1_844' title='bbox 2868 4869 3107 4924; x_wconf 86' lang='lat' dir='ltr'><strong>defensio</strong></span> <span class='ocrx_word' id='word_1_845' title='bbox 3153 4869 3358 4922; x_wconf 90' lang='lat' dir='ltr'><strong>inﬁrma</strong></span> <span class='ocrx_word' id='word_1_846' title='bbox 3386 4883 3506 4923; x_wconf 85' lang='lat' dir='ltr'><strong>esse</strong></span> 
     </span>
    </p>
   </div>
   <div class='ocr_carea' id='block_1_108' title="bbox 1929 4959 3507 5028">
    <p class='ocr_par' dir='ltr' id='par_1_108' title="bbox 1929 4959 3507 5028">
     <span class='ocr_line' id='line_1_108' title="bbox 1929 4959 3507 5028; baseline -0.003 -11"><span class='ocrx_word' id='word_1_847' title='bbox 1929 4964 2346 5027; x_wconf 90' lang='lat' dir='ltr'><strong>demonstratur,</strong></span> <span class='ocrx_word' id='word_1_848' title='bbox 2396 4978 2496 5018; x_wconf 90' lang='lat' dir='ltr'><strong>nec</strong></span> <span class='ocrx_word' id='word_1_849' title='bbox 2524 4964 2695 5017; x_wconf 91' lang='lat' dir='ltr'><strong>solum</strong></span> <span class='ocrx_word' id='word_1_850' title='bbox 2746 4977 2848 5015; x_wconf 90' lang='lat' dir='ltr'><strong>non</strong></span> <span class='ocrx_word' id='word_1_851' title='bbox 2879 4970 3081 5014; x_wconf 89' lang='lat' dir='ltr'><strong>tutatur</strong></span> <span class='ocrx_word' id='word_1_852' title='bbox 3116 4975 3209 5015; x_wconf 91' lang='lat' dir='ltr'><strong>eos</strong></span> <span class='ocrx_word' id='word_1_853' title='bbox 3235 4960 3324 5028; x_wconf 91' lang='lat' dir='ltr'><strong>qui</strong></span> <span class='ocrx_word' id='word_1_854' title='bbox 3350 4959 3415 5014; x_wconf 91' lang='lat' dir='ltr'><strong>ad</strong></span> <span class='ocrx_word' id='word_1_855' title='bbox 3445 4961 3507 5013; x_wconf 80' lang='lat' dir='ltr'><strong>il-</strong></span> 
     </span>
    </p>
   </div>
   <div class='ocr_carea' id='block_1_109' title="bbox 1932 5049 3508 5123">
    <p class='ocr_par' dir='ltr' id='par_1_109' title="bbox 1932 5049 3508 5123">
     <span class='ocr_line' id='line_1_109' title="bbox 1932 5049 3508 5123; baseline -0.002 -16"><span class='ocrx_word' id='word_1_856' title='bbox 1932 5056 2032 5107; x_wconf 90' lang='lat' dir='ltr'><strong>lam</strong></span> <span class='ocrx_word' id='word_1_857' title='bbox 2060 5054 2389 5123; x_wconf 85' lang='lat' dir='ltr'><strong>confugiunt,</strong></span> <span class='ocrx_word' id='word_1_858' title='bbox 2437 5053 2530 5106; x_wconf 93' lang='lat' dir='ltr'><strong>sed</strong></span> <span class='ocrx_word' id='word_1_859' title='bbox 2560 5053 2728 5121; x_wconf 90' lang='lat' dir='ltr'><strong>magis</strong></span> <span class='ocrx_word' id='word_1_860' title='bbox 2758 5052 2917 5105; x_wconf 87' lang='lat' dir='ltr'><strong>etiam</strong></span> <span class='ocrx_word' id='word_1_861' title='bbox 2959 5050 3153 5119; x_wconf 90' lang='lat' dir='ltr'><strong>prodit,</strong></span> <span class='ocrx_word' id='word_1_862' title='bbox 3182 5049 3323 5103; x_wconf 89' lang='lat' dir='ltr'><strong>aliud</strong></span> <span class='ocrx_word' id='word_1_863' title='bbox 3354 5049 3508 5105; x_wconf 81' lang='lat' dir='ltr'><strong>nobis</strong></span> 
     </span>
    </p>
   </div>
   <div class='ocr_carea' id='block_1_110' title="bbox 1930 5144 2627 5214">
    <p class='ocr_par' dir='ltr' id='par_1_110' title="bbox 1930 5144 2627 5214">
     <span class='ocr_line' id='line_1_110' title="bbox 1930 5144 2627 5214; baseline -0.004 -16"><span class='ocrx_word' id='word_1_864' title='bbox 1930 5145 2233 5214; x_wconf 74' lang='lat' dir='ltr'><strong>praesidium</strong></span> <span class='ocrx_word' id='word_1_865' title='bbox 2264 5144 2627 5212; x_wconf 61' lang='lat' dir='ltr'><strong>quaerendum.</strong></span> 
     </span>
    </p>
   </div>
   <div class='ocr_carea' id='block_1_111' title="bbox 2002 5228 3563 5302">
    <p class='ocr_par' dir='ltr' id='par_1_111' title="bbox 2002 5228 3563 5302">
     <span class='ocr_line' id='line_1_111' title="bbox 2002 5228 3563 5302; baseline -0.002 -14"><span class='ocrx_word' id='word_1_866' title='bbox 2002 5235 2276 5301; x_wconf 91' lang='lat' dir='ltr'><strong>Quodnam</strong></span> <span class='ocrx_word' id='word_1_867' title='bbox 2304 5232 2470 5287; x_wconf 86' lang='lat' dir='ltr'><strong>illud?</strong></span> <span class='ocrx_word' id='word_1_868' title='bbox 2515 5233 2682 5302; x_wconf 83' lang='lat' dir='ltr'><strong>inquit</strong></span> <span class='ocrx_word' id='word_1_869' title='bbox 2726 5229 3048 5294; x_wconf 86' lang='lat' dir='ltr'><strong>BASILIUS,</strong></span> <span class='ocrx_word' id='word_1_870' title='bbox 3079 5228 3506 5299; x_wconf 86' lang='lat' dir='ltr'><strong>quandoquidem</strong></span> <span class='ocrx_word' id='word_1_871' title='bbox 3558 5280 3563 5285; x_wconf 81' lang='lat'><strong>.</strong></span> 
     </span>
    </p>
   </div>
   <div class='ocr_carea' id='block_1_112' title="bbox 1933 5320 3508 5396">
    <p class='ocr_par' dir='ltr' id='par_1_112' title="bbox 1933 5320 3508 5396">
     <span class='ocr_line' id='line_1_112' title="bbox 1933 5320 3508 5396; baseline -0.005 -15"><span class='ocrx_word' id='word_1_872' title='bbox 1933 5341 2032 5396; x_wconf 84' lang='lat' dir='ltr'><strong>ego</strong></span> <span class='ocrx_word' id='word_1_873' title='bbox 2070 5326 2120 5379; x_wconf 94' lang='lat' dir='ltr'><strong>in</strong></span> <span class='ocrx_word' id='word_1_874' title='bbox 2152 5325 2356 5394; x_wconf 88' lang='lat' dir='ltr'><strong>meipso</strong></span> <span class='ocrx_word' id='word_1_875' title='bbox 2384 5339 2505 5378; x_wconf 92' lang='lat' dir='ltr'><strong>esse</strong></span> <span class='ocrx_word' id='word_1_876' title='bbox 2538 5339 2642 5378; x_wconf 92' lang='lat' dir='ltr'><strong>non</strong></span> <span class='ocrx_word' id='word_1_877' title='bbox 2668 5337 2884 5394; x_wconf 85' lang='lat' dir='ltr'><strong>possum</strong></span> <span class='ocrx_word' id='word_1_878' title='bbox 2910 5340 2923 5373; x_wconf 90' lang='lat'>:</span> <span class='ocrx_word' id='word_1_879' title='bbox 2957 5331 3159 5375; x_wconf 86' lang='lat' dir='ltr'><strong>tantum</strong></span> <span class='ocrx_word' id='word_1_880' title='bbox 3183 5320 3310 5374; x_wconf 89' lang='lat' dir='ltr'><strong>mihi</strong></span> <span class='ocrx_word' id='word_1_881' title='bbox 3337 5329 3508 5376; x_wconf 80' lang='lat' dir='ltr'><strong>terro-</strong></span> 
     </span>
    </p>
   </div>
   <div class='ocr_carea' id='block_1_113' title="bbox 1938 5412 3506 5473">
    <p class='ocr_par' dir='ltr' id='par_1_113' title="bbox 1938 5412 3506 5473">
     <span class='ocr_line' id='line_1_113' title="bbox 1938 5412 3506 5473; baseline -0.005 0"><span class='ocrx_word' id='word_1_882' title='bbox 1938 5420 2012 5473; x_wconf 91' lang='lat' dir='ltr'><strong>ris</strong></span> <span class='ocrx_word' id='word_1_883' title='bbox 2037 5434 2099 5473; x_wconf 89' lang='lat' dir='ltr'><strong>ac</strong></span> <span class='ocrx_word' id='word_1_884' title='bbox 2121 5418 2415 5473; x_wconf 90' lang='lat' dir='ltr'><strong>formidinis</strong></span> <span class='ocrx_word' id='word_1_885' title='bbox 2444 5417 2602 5471; x_wconf 90' lang='lat' dir='ltr'><strong>verba</strong></span> <span class='ocrx_word' id='word_1_886' title='bbox 2635 5425 2721 5470; x_wconf 92' lang='lat' dir='ltr'><strong>tua</strong></span> <span class='ocrx_word' id='word_1_887' title='bbox 2755 5416 3108 5469; x_wconf 89' lang='lat' dir='ltr'><strong>incusserunt.</strong></span> <span class='ocrx_word' id='word_1_888' title='bbox 3131 5412 3506 5469; x_wconf 75' lang='lat' dir='ltr'><strong>CHRYSOS’I‘.</strong></span> 
     </span>
    </p>
   </div>
   <div class='ocr_carea' id='block_1_114' title="bbox 242 5505 3506 5598">
    <p class='ocr_par' dir='ltr' id='par_1_114' title="bbox 242 5505 3506 5598">
     <span class='ocr_line' id='line_1_114' title="bbox 242 5505 3506 5598; baseline -0.008 -14"><span class='ocrx_word' id='word_1_889' title='bbox 242 5529 401 5598; x_wconf 86' lang='lat' dir='ltr'><strong>cuius</strong></span> <span class='ocrx_word' id='word_1_890' title='bbox 428 5541 587 5581; x_wconf 89' lang='lat' dir='ltr'><strong>causa</strong></span> <span class='ocrx_word' id='word_1_891' title='bbox 615 5522 958 5580; x_wconf 89' lang='lat' dir='ltr'><strong>admirandus</strong></span> <span class='ocrx_word' id='word_1_892' title='bbox 981 5522 1070 5577; x_wconf 91' lang='lat' dir='ltr'><strong>ille</strong></span> <span class='ocrx_word' id='word_1_893' title='bbox 1095 5521 1173 5575; x_wconf 87' lang='lat' dir='ltr'><strong>vir</strong></span> <span class='ocrx_word' id='word_1_894' title='bbox 1200 5536 1306 5575; x_wconf 91' lang='lat' dir='ltr'><strong>non</strong></span> <span class='ocrx_word' id='word_1_895' title='bbox 1334 5520 1544 5584; x_wconf 89' lang='lat' dir='ltr'><strong>eadem,</strong></span> <span class='ocrx_word' id='word_1_896' title='bbox 1575 5533 1693 5589; x_wconf 71' lang='lat' dir='ltr'><strong>qua:</strong></span> <span class='ocrx_word' id='word_1_897' title='bbox 1716 5518 1838 5572; x_wconf 82' lang='lat' dir='ltr'><strong>sub-</strong></span> <span class='ocrx_word' id='word_1_898' title='bbox 1936 5513 2033 5579; x_wconf 89' lang='lat' dir='ltr'><strong>Ne,</strong></span> <span class='ocrx_word' id='word_1_899' title='bbox 2059 5527 2239 5583; x_wconf 66' lang='lat' dir='ltr'><strong>quasso</strong></span> <span class='ocrx_word' id='word_1_900' title='bbox 2271 5520 2324 5565; x_wconf 90' lang='lat' dir='ltr'><strong>et</strong></span> <span class='ocrx_word' id='word_1_901' title='bbox 2351 5510 2598 5574; x_wconf 86' lang='lat' dir='ltr'><strong>obsecro,</strong></span> <span class='ocrx_word' id='word_1_902' title='bbox 2622 5518 2674 5563; x_wconf 92' lang='lat' dir='ltr'><strong>te</strong></span> <span class='ocrx_word' id='word_1_903' title='bbox 2701 5522 2934 5575; x_wconf 89' lang='lat' dir='ltr'><strong>eousque</strong></span> <span class='ocrx_word' id='word_1_904' title='bbox 2958 5507 3196 5576; x_wconf 89' lang='lat' dir='ltr'><strong>deiicias.</strong></span> <span class='ocrx_word' id='word_1_905' title='bbox 3229 5505 3324 5560; x_wconf 87' lang='lat' dir='ltr'><strong>Est</strong></span> <span class='ocrx_word' id='word_1_906' title='bbox 3344 5506 3506 5569; x_wconf 86' lang='lat' dir='ltr'><strong>enim’,</strong></span> 
     </span>
    </p>
   </div>
   <div class='ocr_carea' id='block_1_115' title="bbox 245 5599 3510 5687">
    <p class='ocr_par' dir='ltr' id='par_1_115' title="bbox 245 5599 3510 5687">
     <span class='ocr_line' id='line_1_115' title="bbox 245 5599 3510 5687; baseline -0.008 -11"><span class='ocrx_word' id='word_1_907' title='bbox 245 5621 365 5683; x_wconf 84' lang='lat' dir='ltr'><strong>diti,</strong></span> <span class='ocrx_word' id='word_1_908' title='bbox 395 5618 646 5687; x_wconf 86' lang='lat' dir='ltr'><strong>consequi</strong></span> <span class='ocrx_word' id='word_1_909' title='bbox 671 5616 875 5685; x_wconf 90' lang='lat' dir='ltr'><strong>potuit;</strong></span> <span class='ocrx_word' id='word_1_910' title='bbox 905 5614 996 5668; x_wconf 88' lang='lat' dir='ltr'><strong>sed</strong></span> <span class='ocrx_word' id='word_1_911' title='bbox 1025 5621 1144 5683; x_wconf 89' lang='lat' dir='ltr'><strong>post</strong></span> <span class='ocrx_word' id='word_1_912' title='bbox 1168 5612 1365 5666; x_wconf 90' lang='lat' dir='ltr'><strong>multos</strong></span> <span class='ocrx_word' id='word_1_913' title='bbox 1384 5609 1594 5664; x_wconf 89' lang='lat' dir='ltr'><strong>labores</strong></span> <span class='ocrx_word' id='word_1_914' title='bbox 1619 5608 1838 5662; x_wconf 88' lang='lat' dir='ltr'><strong>multas-</strong></span> <span class='ocrx_word' id='word_1_915' title='bbox 1940 5617 2022 5662; x_wconf 89' lang='lat' dir='ltr'><strong>est</strong></span> <span class='ocrx_word' id='word_1_916' title='bbox 2059 5621 2188 5659; x_wconf 86' lang='lat' dir='ltr'><strong>sane</strong></span> <span class='ocrx_word' id='word_1_917' title='bbox 2218 5602 2520 5673; x_wconf 60' lang='lat' dir='ltr'><strong>prasidium</strong></span> <span class='ocrx_word' id='word_1_918' title='bbox 2559 5602 2710 5655; x_wconf 89' lang='lat' dir='ltr'><strong>nobis</strong></span> <span class='ocrx_word' id='word_1_919' title='bbox 2753 5599 2998 5666; x_wconf 90' lang='lat' dir='ltr'><strong>inﬁrmis,</strong></span> <span class='ocrx_word' id='word_1_920' title='bbox 3028 5608 3085 5651; x_wconf 90' lang='lat' dir='ltr'><strong>ut</strong></span> <span class='ocrx_word' id='word_1_921' title='bbox 3113 5612 3399 5665; x_wconf 81' lang='lat' dir='ltr'><strong>numquam</strong></span> <span class='ocrx_word' id='word_1_922' title='bbox 3445 5611 3510 5651; x_wconf 86' lang='lat' dir='ltr'><strong>eo</strong></span> 
     </span>
    </p>
   </div>
   <div class='ocr_carea' id='block_1_116' title="bbox 250 5700 1834 5784">
    <p class='ocr_par' dir='ltr' id='par_1_116' title="bbox 250 5700 1834 5784">
     <span class='ocr_line' id='line_1_116' title="bbox 250 5700 1834 5784; baseline -0.009 -16"><span class='ocrx_word' id='word_1_923' title='bbox 250 5728 362 5784; x_wconf 80' lang='lat' dir='ltr'><strong>que</strong></span> <span class='ocrx_word' id='word_1_924' title='bbox 389 5711 654 5773; x_wconf 84' lang='lat' dir='ltr'><strong>miserias,</strong></span> <span class='ocrx_word' id='word_1_925' title='bbox 678 5716 797 5778; x_wconf 87' lang='lat' dir='ltr'><strong>post</strong></span> <span class='ocrx_word' id='word_1_926' title='bbox 822 5705 1183 5778; x_wconf 87' lang='lat' dir='ltr'><strong>evagationem</strong></span> <span class='ocrx_word' id='word_1_927' title='bbox 1222 5703 1363 5757; x_wconf 89' lang='lat' dir='ltr'><strong>illam</strong></span> <span class='ocrx_word' id='word_1_928' title='bbox 1407 5700 1834 5767; x_wconf 85' lang='lat' dir='ltr'><strong>inenarrabilem,</strong></span> 
     </span>
    </p>
   </div>
   <div class='ocr_carea' id='block_1_117' title="bbox 317 5817 942 5868">
    <p class='ocr_par' dir='ltr' id='par_1_117' title="bbox 317 5817 942 5868">
     <span class='ocr_line' id='line_1_117' title="bbox 317 5817 942 5868; baseline -0.013 -2"><span class='ocrx_word' id='word_1_929' title='bbox 317 5823 334 5853; x_wconf 81' lang='grc' dir='ltr'>ι</span> <span class='ocrx_word' id='word_1_930' title='bbox 372 5817 474 5866; x_wconf 69' lang='lat' dir='ltr'><strong>alii.</strong></span> <span class='ocrx_word' id='word_1_931' title='bbox 496 5818 775 5868; x_wconf 60' lang='lat' dir='ltr'><strong>undantium.</strong></span> <span class='ocrx_word' id='word_1_932' title='bbox 939 5817 942 5819; x_wconf 72' lang='lat'><strong>‘</strong></span> 
     </span>
    </p>
   </div>
   <div class='ocr_carea' id='block_1_118' title="bbox 1942 5688 3510 5759">
    <p class='ocr_par' dir='ltr' id='par_1_118' title="bbox 1942 5688 3510 5759">
     <span class='ocr_line' id='line_1_118' title="bbox 1942 5688 3510 5759; baseline -0.008 -7"><span class='ocrx_word' id='word_1_933' title='bbox 1942 5696 2264 5759; x_wconf 85' lang='lat' dir='ltr'><strong>incidamus;</strong></span> <span class='ocrx_word' id='word_1_934' title='bbox 2290 5694 2438 5747; x_wconf 78' lang='lat' dir='ltr'><strong>vobis</strong></span> <span class='ocrx_word' id='word_1_935' title='bbox 2463 5702 2638 5746; x_wconf 89' lang='lat' dir='ltr'><strong>autem</strong></span> <span class='ocrx_word' id='word_1_936' title='bbox 2669 5692 2909 5755; x_wconf 83' lang='lat' dir='ltr'><strong>fortibus,</strong></span> <span class='ocrx_word' id='word_1_937' title='bbox 2935 5700 2990 5743; x_wconf 93' lang='lat' dir='ltr'><strong>ut</strong></span> <span class='ocrx_word' id='word_1_938' title='bbox 3010 5704 3159 5758; x_wconf 90' lang='lat' dir='ltr'><strong>spem</strong></span> <span class='ocrx_word' id='word_1_939' title='bbox 3186 5688 3371 5741; x_wconf 90' lang='lat' dir='ltr'><strong>salutis</strong></span> <span class='ocrx_word' id='word_1_940' title='bbox 3394 5696 3510 5754; x_wconf 88' lang='lat' dir='ltr'><strong>post</strong></span> 
     </span>
    </p>
   </div>
   <div class='ocr_carea' id='block_1_119' title="bbox 1947 5775 3513 5858">
    <p class='ocr_par' dir='ltr' id='par_1_119' title="bbox 1947 5775 3513 5858">
     <span class='ocr_line' id='line_1_119' title="bbox 1947 5775 3513 5858; baseline -0.008 -13"><span class='ocrx_word' id='word_1_941' title='bbox 1947 5790 2040 5845; x_wconf 90' lang='lat' dir='ltr'><strong>Dei</strong></span> <span class='ocrx_word' id='word_1_942' title='bbox 2066 5789 2287 5858; x_wconf 86' lang='lat' dir='ltr'><strong>gratiam</strong></span> <span class='ocrx_word' id='word_1_943' title='bbox 2316 5801 2419 5841; x_wconf 89' lang='lat' dir='ltr'><strong>non</strong></span> <span class='ocrx_word' id='word_1_944' title='bbox 2446 5785 2569 5840; x_wconf 87' lang='lat' dir='ltr'><strong>alibi</strong></span> <span class='ocrx_word' id='word_1_945' title='bbox 2600 5784 2824 5855; x_wconf 84' lang='lat' dir='ltr'><strong>ponatis,</strong></span> <span class='ocrx_word' id='word_1_946' title='bbox 2843 5796 2997 5853; x_wconf 87' lang='lat' dir='ltr'><strong>quam</strong></span> <span class='ocrx_word' id='word_1_947' title='bbox 3016 5790 3071 5836; x_wconf 89' lang='lat' dir='ltr'><strong>ut</strong></span> <span class='ocrx_word' id='word_1_948' title='bbox 3090 5779 3216 5835; x_wconf 91' lang='lat' dir='ltr'><strong>nihil</strong></span> <span class='ocrx_word' id='word_1_949' title='bbox 3246 5775 3513 5849; x_wconf 74' lang='lat' dir='ltr'><strong>indignum</strong></span> 
     </span>
    </p>
   </div>
  </div>
