3864 6236
399 335 503 392 663

401 448 602 504 faciatis
629 447 716 502 illo
744 445 882 500 dono
912 451 963 497 et
994 444 1108 513 ipso
1139 441 1387 510 largitore
1414 437 1541 490 Deo.
1571 433 1797 488 Maximo
1823 430 1978 499 quip—

400 557 466 611 pe
505 537 768 610 supplicio
796 533 939 605 digni
965 541 1122 587 erunt
1158 531 1212 595 ii,
1243 528 1334 599 qui
1365 537 1646 597 postquam
1684 520 1858 575 studio
1885 534 1982 611 suo

398 610 713 702 dignitatem
740 624 1040 696 hujusmodi
1072 631 1196 676 sunt
1219 620 1416 689 adepti,
1447 617 1529 671 vel
1558 632 1624 670 ex
1655 613 1879 684 ignavia,
1900 610 1984 664 vel

395 741 462 781 ex
488 722 844 792 improbitate,
874 717 959 772 vel
987 732 1050 771 ex
1085 713 1368 783 imperitia,
1398 726 1502 764 non
1532 716 1678 763 recte
1705 705 1793 760 illa
1821 714 1981 758 utun-

397 827 502 871 tur.
527 814 708 883 Neque
735 821 913 866 tamen
940 807 1060 863 ideo
1092 808 1174 874 iis,
1198 805 1290 876 qui
1317 803 1460 858 nullo
1486 800 1661 856 studio
1692 800 1859 868 ipsam
1898 811 1986 850 as-

398 905 607 976 sequuti
648 913 791 966 sunt,
825 901 980 956 venia
1010 898 1346 966 relinquitur,
1378 893 1474 950 sed
1501 909 1569 946 ne
1610 891 1739 960 ipsis
1768 889 1982 958 quidem

403 996 505 1049 ulla
531 1002 776 1064 superest
795 991 1086 1046 excusatio.
1103 988 1320 1057 Oportet
1339 985 1500 1051 enim,
1529 982 1775 1046 arbitror,
1793 993 1982 1048 quam-

400 1088 481 1142 vis
513 1086 751 1142 sexcenti
795 1084 1057 1138 advocent
1085 1089 1138 1136 et
1161 1087 1376 1149 cogant,
1404 1092 1509 1130 non
1543 1075 1662 1129 illos
1688 1072 1980 1143 respicere,

396 1180 490 1234 sed
535 1179 708 1250 primo
734 1177 971 1231 animum
1001 1173 1280 1243 explorare
1307 1186 1485 1234 suum,
1528 1177 1581 1222 et
1606 1166 1784 1220 omnia
1821 1177 1982 1218 accu-

397 1283 511 1326 rate
537 1279 830 1326 scrutatum
860 1269 930 1322 ita
963 1268 1065 1320 vim
1095 1263 1446 1319 inferentibus
1475 1260 1688 1315 cedere.
1719 1255 1835 1312 Jam
1864 1256 1983 1308 nul-

398 1365 481 1418 lus
509 1380 568 1420 se
596 1363 813 1418 domum
841 1361 1226 1416 tedificaturum
1253 1355 1490 1427 polliceri
1532 1352 1745 1416 audeat,
1774 1349 1875 1403 nisi
1913 1348 1984 1402 sit

401 1456 745 1521 architectus,
787 1468 960 1522 neque
1001 1449 1311 1520 aegrotantia
1353 1461 1577 1515 corpora
1623 1457 1833 1506 curare,
1881 1440 1981 1494 nisi

403 1548 718 1603 medicinam
747 1545 970 1608 callent;
1016 1541 1108 1595 sed
1130 1539 1337 1595 etiamsi
1361 1538 1467 1592 vim
1492 1534 1738 1596 inferant,
1771 1545 1984 1600 semper

401 1640 642 1703 obsistet,
667 1652 764 1691 nec
792 1635 1012 1707 pudebit
1038 1648 1162 1688 eum
1189 1629 1517 1701 ignorantim.
1549 1626 1643 1682 Cui
1667 1636 1844 1680 autem
1874 1635 1981 1677 tam

401 1731 685 1785 multarum
712 1729 1006 1782 animarum
1043 1738 1169 1779 cura
1200 1720 1566 1777 concredenda
1598 1728 1698 1782 est,
1731 1717 1775 1771 is
1804 1730 1982 1770 nonne

401 1822 547 1892 prius
567 1821 802 1890 seipsum
829 1815 1146 1888 explorabit,
1169 1814 1286 1879 sed,
1319 1811 1526 1868 etiamsi
1549 1809 1786 1864 omnium
1814 1808 1981 1876 impe-

400 1913 684 1969 ritissimus
712 1911 802 1976 sit,
831 1907 1181 1963 ministerium
1212 1905 1484 1973 suscipiet,
1518 1901 1640 1971 quia
1669 1899 1806 1954 alius
1833 1898 1982 1968 quis-

400 2006 540 2078 piam
564 2003 615 2058 id
641 2003 814 2073 jubet,
855 2001 1096 2069 aliusque
1134 1997 1296 2066 cogit,
1327 2005 1381 2050 et
1406 2011 1474 2048 ne
1503 1995 1555 2048 in
1578 1992 1870 2063 cujuspiam
1898 1987 1982 2044 of-

401 2097 697 2153 fensionem
729 2093 1000 2149 incurrat?
1028 2093 1217 2146 Annon
1245 2105 1304 2144 se
1349 2090 1462 2159 ipse
1491 2097 1682 2158 sponte
1717 2101 1838 2142 cum
1881 2085 1984 2139 illis

403 2191 456 2244 in
497 2186 846 2258 prmeipitium
885 2184 1132 2253 conjicit?
1159 2180 1292 2236 Cum
1321 2180 1504 2235 liceret
1532 2179 1632 2234 sibi
1673 2178 1829 2232 saluti
1873 2193 1983 2232 suae

399 2279 708 2344 consulere,
742 2278 876 2331 alios
903 2290 1084 2330 secum
1113 2275 1165 2328 in
1188 2272 1475 2344 perniciem
1500 2271 1681 2324 trahit.
1709 2270 1984 2326 Undenam

402 2373 631 2426 salutem
664 2383 884 2440 sperare
924 2366 1132 2438 possit?
1160 2364 1298 2420 unde
1325 2365 1532 2417 veniam
1555 2362 1808 2431 consequi
1826 2362 1849 2412 ?
1867 2359 1985 2430 qui-

405 2479 527 2518 nam
559 2472 685 2518 tunc
710 2461 864 2516 nobis
893 2457 1404 2531 patrocinabuntur?
1430 2472 1497 2510 an
1521 2456 1555 2509 ii
1585 2455 1673 2525 qui
1706 2454 1857 2510 nobis
1878 2455 1984 2508 vim

405 2569 545 2608 nunc
589 2552 838 2618 inferunt,
876 2561 931 2606 et
979 2551 1044 2604 ad
1089 2550 1462 2604 necessitatem
1488 2546 1744 2617 adigunt?
1771 2546 1842 2600 At
1887 2545 1986 2599 hos

405 2648 550 2717 ipsos
578 2647 696 2716 quis
742 2645 832 2700 illo
861 2652 1101 2714 tempore
1129 2641 1392 2696 servabit?
1430 2654 1553 2693 nam
1579 2648 1634 2694 et
1663 2638 1761 2708 ipsi
1791 2637 1985 2707 depre-

401 2738 671 2793 catoribus
708 2736 1041 2806 indigebunt,
1076 2744 1131 2787 ut
1177 2735 1351 2802 ignem
1392 2731 1662 2801 effugiant.
1691 2729 1844 2797 Quod
1889 2745 1986 2784 au-

406 2842 510 2886 tem
537 2831 652 2886 inec
677 2831 851 2885 dicam
881 2845 986 2883 non
1014 2837 1071 2883 ut
1097 2829 1188 2882 tibi
1223 2839 1479 2881 terrorem
1512 2825 1788 2890 incutiam,
1812 2822 1906 2878 sed
1932 2831 1988 2877 ut

405 2923 603 2977 veritas
646 2921 902 2992 postulat,
950 2919 1074 2974 audi
1114 2918 1240 2988 quid
1284 2918 1477 2972 Paulus
1519 2917 1661 2971 dicat
1704 2916 1988 2971 Timotheo

405 3011 686 3081 discipulo,
733 3025 988 3082 germano
1031 3011 1141 3064 tilio
1185 3018 1344 3079 atque
1387 3008 1625 3062 dilecto:
1671 3007 1856 3060 Manus
1885 3006 1985 3059 cito

407 3104 591 3156 nemini
611 3103 1089 3172 imposueris,neque
1100 3100 1565 3156 communicaveris
1579 3099 1808 3170 peccatis
1820 3097 2006 3153 alienis

408 3195 486 3260 (i.
517 3191 648 3245 Tim.
682 3193 734 3247 5.
757 3191 872 3263 92).
905 3192 1090 3246 Viden‘
1115 3198 1311 3260 quanta
1339 3204 1454 3255 eos,
1500 3191 1593 3259 qui
1636 3204 1734 3243 nos
1772 3191 1838 3244 ad
1868 3203 1989 3244 eam

409 3285 724 3356 dignitatem
740 3285 1045 3354 perducturi
1058 3291 1230 3350 erant,
1251 3298 1356 3340 non
1374 3283 1787 3353 reprehensione
1808 3282 1988 3349 modo,

407 3377 504 3434 sed
530 3378 690 3432 etiam
719 3391 897 3446 paena,
927 3384 1181 3445 quantum
1211 3376 1265 3428 in
1295 3374 1446 3429 nobis
1475 3373 1591 3438 fuit,
1614 3371 1991 3442 eripuerimus?

483 3469 539 3523 2.
567 3470 668 3536 Qui
685 3469 833 3523 etiam
855 3483 942 3537 per
965 3466 1302 3536 ignorantiam
1327 3466 1561 3536 indignos
1581 3464 1838 3530 ordinant,
1859 3479 1994 3533 swpe

412 3561 674 3633 puniendi.
704 3590 776 3600 —
801 3560 951 3613 Sicut
975 3559 1115 3614 enim
1143 3558 1228 3623 iis,
1253 3562 1339 3627 qui
1361 3557 1514 3612 electi
1543 3557 1708 3622 fuere,
1735 3572 1841 3611 non
1865 3558 1992 3611 satis

411 3665 493 3712 cst
518 3655 584 3710 ad
611 3654 976 3712 defensionem
1007 3653 1207 3718 dicere,
1239 3651 1355 3705 Non
1401 3659 1590 3720 sponte
1618 3651 1842 3714 accessi,
1892 3665 1992 3704 nec

411 3763 524 3803 rem
567 3745 896 3816 prospiciens
926 3742 1104 3813 effugi,
1138 3744 1210 3796 ita
1253 3757 1352 3796 nec
1387 3757 1502 3807 eos,
1552 3743 1640 3811 qui
1690 3740 1989 3810 elegerunt,

407 3838 632 3909 juvabit,
677 3838 722 3892 si
773 3837 973 3902 dicant,
1023 3852 1082 3890 se
1110 3835 1412 3890 ordinatum
1457 3851 1562 3888 non
1609 3835 1850 3899 novisse;
1897 3833 1991 3888 sed

415 3931 535 3986 ideo
563 3929 734 4000 majus
757 3930 961 3985 crimen
991 3929 1237 3993 efficitur,
1263 3927 1385 3998 quia
1411 3943 1569 3996 quem
1599 3941 1706 3981 non
1735 3933 1994 3980 noverant

415 4021 798 4092 produxerunt,
833 4031 888 4075 et
923 4037 1042 4090 qua:
1079 4020 1290 4074 videtur
1315 4034 1437 4074 esse
1477 4018 1741 4085 defensio,
1788 4019 1992 4072 crimen

416 4122 590 4183 auget.
621 4112 901 4178 Quomodo
928 4113 1072 4166 enim
1103 4125 1207 4165 non
1238 4109 1527 4164 absurdum
1555 4109 1731 4172 fuerit,
1781 4124 1876 4164 eos
1905 4109 1996 4177 qui

417 4204 740 4272 mancipium
769 4217 950 4258 emere
994 4203 1198 4268 volunt,
1248 4212 1300 4256 et
1340 4201 1563 4256 medicis
1591 4199 1895 4263 ostendere,
1944 4210 1998 4254 et

419 4295 708 4366 emptionis
728 4310 1014 4365 sponsores
1033 4294 1322 4363 postulare,
1342 4303 1396 4348 et
1421 4293 1623 4348 vicinos
1643 4294 1996 4363 interrogare,

420 4407 520 4448 nec
545 4401 720 4448 tamen
750 4401 931 4461 postea
971 4390 1261 4456 confidere,
1305 4389 1398 4445 sed
1426 4389 1733 4445 diuturnum
1759 4389 1826 4443 ad
1869 4402 1997 4457 pro-

421 4485 689 4540 bationem
737 4493 946 4552 tempus
991 4498 1214 4554 poscere
1240 4502 1251 4536 :
1282 4484 1335 4537 in
1367 4491 1572 4536 tantum
1600 4497 1727 4536 vero
1756 4481 2000 4535 ministe-

420 4577 560 4631 rium
586 4576 878 4630 inscribere
900 4575 1202 4644 quempiam
1228 4575 1486 4640 volentes,
1512 4582 1714 4628 temere
1734 4582 1788 4627 et
1809 4582 1868 4626 ut
1889 4571 2001 4626 fors

421 4667 578 4733 ferat,
609 4668 722 4723 sive
750 4667 818 4722 ad
853 4669 1100 4737 gratiam,
1127 4667 1242 4722 sive
1267 4667 1333 4721 ad
1359 4667 1609 4721 invidiam
1636 4666 1998 4722 teStimonium

417 4759 782 4832 judiciumque
824 4757 987 4825 ferre,
1035 4758 1180 4812 nullo
1207 4759 1315 4811 alio
1341 4757 1538 4812 habito
1557 4758 1842 4812 examine?
1870 4757 2000 4823 Quis

421 4867 550 4922 ergo
566 4867 662 4922 pro
679 4851 832 4905 nobis
850 4862 972 4904 tunc
988 4849 1380 4918 deprecabitur,
1399 4865 1519 4903 cum
1539 4851 1638 4919 ipsi
1656 4850 1746 4919 qui
1767 4851 1996 4918 patroci-

422 4946 538 4999 nari
552 4944 823 4999 debebunt
836 4944 1130 5013 patrocinio
1145 4945 1372 5012 egeant?
1389 4941 1619 4996 Proinde
1632 4952 1842 5010 oportet
1855 4958 1998 5008 eum,

421 5037 510 5107 qui
527 5035 865 5091 ordinaturus
885 5043 988 5098 est,
1019 5033 1181 5088 multa
1207 5034 1350 5103 prius
1380 5033 1760 5102 perquisitione
1780 5033 1852 5086 uti
1874 5050 1888 5097 ;
1909 5033 2003 5086 sed

423 5131 589 5183 multo
611 5129 813 5198 majore
839 5144 984 5195 eum,
1013 5127 1102 5197 qui
1133 5125 1459 5180 ordinandus
1483 5135 1584 5180 est.
1619 5125 1837 5179 Etiamsi
1861 5127 2003 5178 enim

343 5273 352 5280 ,
427 5230 763 5286 peccatorum
795 5218 1040 5289 supplicii
1067 5226 1344 5273 consortes
1375 5217 1653 5271 habiturus
1678 5219 1748 5270 sit
1777 5231 1871 5272 eos
1915 5219 2004 5288 qui

430 5310 723 5379 elegerunt,
747 5319 981 5364 attamen
1013 5325 1118 5363 non
1151 5312 1263 5378 ipse
1289 5309 1501 5378 quidem
1527 5309 1624 5362 hac
1641 5309 1848 5364 ratione
1875 5323 2005 5379 sup-

430 5400 644 5467 plicium
675 5401 871 5465 evadit,
903 5402 1010 5455 imo
1037 5401 1247 5471 gravius
1265 5401 1526 5466 sustinet;
1553 5400 1653 5454 nisi
1681 5402 1904 5456 fortasse
1931 5401 2007 5454 illi

427 5490 659 5543 humana
687 5491 861 5559 aliqua
890 5492 1095 5546 ratione
1123 5493 1297 5554 ducti,
1325 5500 1510 5546 contra
1533 5507 1694 5560 quam
1724 5501 2008 5546 consenta-

433 5599 591 5657 neuom
621 5583 720 5637 sibi
764 5583 1059 5646 videbatur,
1102 5585 1417 5638 electionem
1446 5583 1691 5638 fecerint.
1721 5584 1852 5639 Nam
1882 5585 1927 5639 si
1954 5585 2007 5639 in

432 5674 694 5744 ejusmodi
718 5675 909 5730 delicto
920 5677 1236 5743 deprehensi
1257 5677 1468 5740 fuerint,
1488 5687 1543 5732 et
1561 5694 1719 5748 quem
1737 5678 2008 5747 indignum

432 5775 578 5820 certo
599 5767 1050 5838 scirent,quadam
1071 5767 1136 5822 de
1161 5783 1318 5823 causa
1345 5777 1664 5840 c00ptartnt,
1697 5770 1843 5842 paria
1863 5769 2010 5829 luent

1105 327 1160 382 S.
1201 319 1477 379 JOANNIS
1515 311 1992 372 CllRYSOSTOMl
2038 307 2357 364 ARClllEl’.
2387 305 2920 362 CONSTANTINOI’.

3581 307 3680 362 66$

2092 422 2346 493 supplicia
2372 441 2384 476 :
2414 422 2639 478 fortasse
2667 438 2796 478 vero
2820 423 3054 493 majores
3075 437 3260 493 ponas
3279 423 3433 478 dabit
3460 424 3554 494 qui
3579 439 3678 478 nou

2087 518 2335 574 idoneum
2361 517 2656 573 constituit.
2706 517 2838 571 Nam
2876 517 2968 588 qui
3017 526 3332 588 potestatem
3361 517 3458 572 dat
3482 517 3687 574 volt-nti

2089 609 2381 664 Ecclesiam
2410 624 2774 678 corrumpere,
2815 609 2862 664 is
2891 609 3185 663 facinorum
3211 609 3328 678 ejus
3358 618 3554 664 auctor
3575 609 3684 663 fue-

2088 703 2178 756 rit.
2200 701 2352 768 Quod
2378 703 2423 757 si
2453 702 2580 756 nulli
2606 717 2791 756 eorum
2812 702 3076 757 obnoxius
3100 702 3214 771 ipse
3241 703 3420 769 fuerit,
3444 701 3546 757 sed
3572 702 3683 756 vul-

2087 794 2137 862 gi
2159 793 2409 863 opinione
2429 807 2488 848 se
2516 791 2798 862 deceptmn
2819 792 2984 859 dicat,
3015 808 3084 847 ne
3107 791 3186 848 sic
3210 792 3429 863 quidem
3461 792 3681 860 impune

2087 886 2264 951 fuerit,
2307 884 2400 940 sed
2430 885 2587 955 paulo
2634 885 2891 949 minores,
2943 899 3102 952 quam
3145 885 3236 954 qui
3267 883 3560 938 ordinatus
3582 893 3679 941 est.

2089 977 2236 1031 dabit
2265 992 2470 1046 ptenas.
2503 975 2716 1043 Quare?
2743 975 2876 1041 Quia
2909 975 3194 1030 verisimile
3226 975 3437 1030 videtur
3467 989 3568 1029 eos
3594 973 3680 1042 qui

2088 1067 2302 1134 elegere
2329 1066 2458 1120 falsa
2498 1066 2636 1136 vulgi
2663 1067 2914 1136 opinione
2938 1065 3192 1135 deceptos
3224 1080 3290 1120 eo
3314 1066 3562 1119 animum
3586 1078 3679 1133 ap-

2088 1160 2316 1230 pulisse;
2336 1159 2429 1214 sed
2450 1160 2539 1229 qui
2560 1159 2763 1214 electus
2792 1157 2890 1212 fuit
2912 1173 3016 1214 non
3039 1157 3260 1228 perinde
3279 1157 3463 1213 dicere
3481 1165 3677 1226 potest.

2088 1251 2345 1321 Meipsum
2391 1250 2719 1320 ignorabam,
2752 1259 2808 1304 ut
2849 1249 2937 1304 alii
2967 1265 3025 1305 se
3069 1250 3343 1319 ignorasse
3385 1250 3570 1318 ipsum
3596 1247 3678 1301 di-

2086 1353 2233 1397 cunt.
2267 1341 2417 1398 Sicut
2445 1342 2604 1412 igitur
2627 1343 2840 1412 gravius
2864 1342 3178 1412 plectendas
3203 1349 3305 1406 est,
3337 1356 3506 1412 quam
3532 1341 3570 1394 ii
3591 1341 3680 1408 qui

2089 1435 2259 1504 ipsum
2293 1442 2628 1504 cooptarunt,
2668 1434 2740 1488 ita
2774 1436 3073 1491 accuratius
3115 1435 3195 1488 sui
3227 1435 3394 1504 ipsius
3424 1450 3679 1498 examen,

2086 1541 2244 1597 quam
2289 1526 2383 1591 illi,
2415 1526 2587 1582 facere
2625 1525 2822 1581 debet:
2855 1541 2920 1582 ac
2941 1527 2989 1582 si
3033 1527 3206 1597 ipsum
3244 1527 3321 1582 illi
3366 1508 3682 1596 ignorantes

2085 1617 2414 1687 pertrahant,
2457 1617 2665 1671 obviam
2695 1619 2774 1672 ire
2799 1618 2978 1683 debet,
3017 1619 3315 1688 docereque
3341 1635 3536 1674 causas
3561 1635 3679 1683 eas,

2088 1721 2182 1776 per
2209 1721 2340 1777 quas
2366 1706 2432 1760 ab
2463 1722 2647 1762 errore
2695 1707 2974 1770 desistant,
3020 1723 3184 1778 seque
3224 1710 3308 1764 vel
3357 1709 3682 1778 probatione

2088 1801 2359 1871 indignum
2387 1800 2693 1865 ostendens,
2723 1815 2755 1854 a
2784 1812 3044 1856 tantarum
3071 1817 3248 1856 rerum
3277 1803 3418 1856 mole
3455 1802 3680 1857 eximat.

2087 1890 2193 1946 Cur
2218 1893 2358 1948 enim
2388 1908 2510 1948 cum
2540 1891 2608 1948 de
2632 1909 2691 1949 re
2721 1893 2954 1960 militari,
2991 1893 3060 1948 de
3089 1904 3408 1959 mercatura,
3439 1894 3509 1949 de
3535 1896 3682 1963 agri-

2087 1987 2310 2051 cultura,
2359 1987 2530 2058 deque
2558 1987 2676 2042 aliis
2720 1986 3071 2042 smcularibus
3114 1987 3276 2041 rebus
3317 1985 3680 2051 deliberatur,

2086 2094 2192 2133 non
2221 2079 2452 2150 agricola
2485 2079 2898 2149 navigationem,
2945 2093 3043 2132 nec
3073 2078 3226 2133 miles
3269 2079 3681 2148 agriculturam,

2087 2186 2187 2226 nec
2232 2171 2557 2242 gubernator
2599 2171 2838 2226 militiam
2890 2169 3163 2238 suscipiat,
3194 2169 3400 2225 etiamsi
3447 2178 3680 2225 mortem

2089 2264 2194 2319 illis
2215 2263 2517 2319 sexcenties
2535 2263 2911 2319 commineris?
2927 2263 3127 2334 Nempe
3142 2263 3261 2334 quia
3289 2264 3592 2333 periculum
3615 2279 3682 2319 ex

2089 2356 2351 2423 imperitia
2398 2372 2680 2426 emergens
2723 2357 2914 2427 singuli
2962 2357 3308 2427 prospiciunt.
3349 2357 3496 2412 Itane
3545 2372 3681 2427 ergo

2089 2445 2176 2500 ubi
2203 2446 2270 2502 de
2296 2445 2518 2501 modicis
2549 2447 2708 2502 rebus
2736 2447 3116 2515 periclitamur,
3147 2457 3292 2502 tanta
3318 2457 3530 2502 utemur
3554 2464 3666 2517 pro

2089 2537 2342 2604 videntia,
2396 2553 2570 2608 neque
2609 2538 2910 2609 cogentium
2952 2538 3218 2594 violentiae
3261 2540 3555 2595 cedemus:
3590 2539 3680 2592 ubt

2089 2640 2267 2686 autem
2297 2637 2558 2685 aeternum
2585 2629 2898 2699 supplicium
2930 2639 3163 2699 paratur,
3195 2631 3261 2685 iis
3281 2645 3414 2700 quos
3443 2645 3550 2685 non
3578 2645 3680 2685 no-

2089 2732 2235 2788 runt,
2273 2723 2630 2778 sacerdotium
2681 2724 2914 2789 tradunt,
2941 2738 3010 2778 an
3042 2734 3242 2780 temere
3269 2733 3324 2779 et
3352 2725 3680 2790 inconsulto,

2089 2817 2197 2872 vim
2222 2817 2290 2872 ab
2315 2816 2433 2871 aliis
2468 2816 2666 2871 illatam
2693 2817 3065 2881 obtendentes,
3097 2817 3148 2871 in
3173 2826 3378 2872 tantum
3404 2833 3503 2873 nos
3532 2819 3681 2888 peri-

2091 2908 2272 2964 culum
2306 2908 2696 2979 conjiciemns?
2735 2913 2806 2963 At
2844 2908 2959 2964 haec
2989 2924 3096 2964 non
3126 2909 3371 2965 tolerabit
3415 2912 3505 2980 qui
3553 2921 3685 2965 tunc

2092 3015 2191 3058 nos
2233 3001 2565 3071 judicaturns
2605 3013 2710 3058 est.
2751 3001 3039 3072 Oportebat
3067 3003 3207 3057 enim
3249 3003 3505 3073 majorem
3535 3003 3682 3057 circa

2093 3093 2386 3163 spiritualia
2415 3095 2736 3161 cautionem,
2766 3109 2923 3163 quam
2950 3093 3090 3149 circa
3120 3095 3351 3148 carnalia
3381 3093 3678 3149 exhibere:

2089 3186 2200 3256 jam
2223 3200 2350 3241 vero
2380 3201 2446 3240 ne
2472 3201 2652 3256 parem
2683 3186 2898 3255 quidem
2925 3186 3179 3240 exhibere
3203 3185 3680 3255 deprehendimur.

2094 3281 2188 3334 Dic
2215 3280 2358 3334 enim
2381 3280 2532 3344 mihi,
2557 3281 2601 3333 si
2623 3295 2778 3348 quem
2807 3280 3060 3348 suspicati
3084 3278 3288 3334 fabrum
3315 3294 3454 3344 esse,
3488 3279 3579 3348 qui
3606 3290 3686 3332 ta.

2095 3387 2219 3426 men
2268 3371 2415 3425 faber
2445 3387 2550 3424 non
2583 3379 2745 3436 esset,
2777 3371 2842 3425 ad
2883 3387 3017 3439 opus
3042 3385 3376 3436 vocaremus,
3419 3385 3683 3439 sequere-

2096 3475 2284 3534 turque
2309 3464 2440 3533 ipse,
2469 3463 2561 3533 qui
2589 3478 2776 3517 manus
2796 3463 2863 3518 ad
2893 3463 3169 3516 materiam
3190 3462 3414 3517 mditicio
3442 3474 3682 3532 paratam

2097 3557 2407 3620 admovens,
2439 3557 2600 3626 ligna,
2632 3556 2939 3625 lapidesque
2978 3555 3336 3622 labefactaret,
3367 3558 3552 3624 sicque
3587 3556 3683 3608 do-

2097 3666 2242 3704 mum
2269 3658 2622 3714 construeret,
2663 3659 2718 3702 ut
2750 3651 2928 3703 statim
2955 3648 3331 3712 collaberetur,
3363 3664 3489 3700 num
3518 3647 3588 3700 ad
3617 3649 3682 3702 ilo

2099 3744 2199 3798 lius
2221 3743 2585 3799 defensionem
2617 3745 2744 3797 satis
2769 3752 2933 3806 esset,
2963 3740 3104 3811 quod
3127 3753 3347 3796 coactus
3371 3757 3472 3794 nec
3493 3750 3684 3808 suopte

2098 3847 2246 3890 motu
2287 3836 2558 3890 venisset?
2605 3834 2968 3902 Nequaquam,
3001 3831 3160 3901 idque
3210 3831 3330 3899 jure
3359 3847 3422 3885 ac
3453 3833 3680 3885 merito:

2098 3927 2377 3998 oportebat
2417 3927 2560 3981 enim
2590 3927 2748 3979 etiam
2789 3924 2909 3978 aliis
2937 3923 3252 3978 vocantibus
3279 3923 3508 3976 resilire.
3537 3922 3683 3975 Itane

2099 4019 2185 4087 qui
2219 4019 2354 4088 ligna
2381 4029 2435 4071 et
2462 4017 2663 4086 lapides
2709 4015 3062 4080 labefactavit,
3093 4015 3299 4068 debitas
3327 4028 3514 4082 pmnas
3537 4013 3682 4067 nullo

2101 4108 2261 4163 modo
2289 4107 2525 4178 effugiat,
2569 4107 2660 4176 qui
2700 4116 2877 4160 autem
2918 4108 3122 4160 animas
3154 4105 3465 4175 perdiderit,
3496 4120 3559 4158 ac
3587 4122 3683 4160 ne-

2099 4201 2360 4270 gligenter
2381 4199 2746 4265 aedificaverit,
2777 4199 2881 4253 vim
2908 4199 3007 4252 sibi
3041 4198 3238 4252 illatam
3267 4198 3335 4251 ad
3365 4197 3682 4266 supplicium

2101 4293 2474 4348 declinandum
2499 4292 2599 4346 sibi
2628 4291 2759 4346 satis
2781 4305 2901 4345 esse
2933 4290 3174 4357 putabit?
3200 4289 3472 4359 quomodo
3506 4290 3555 4342 id
3580 4305 3682 4344 non

2101 4387 2386 4442 admodum
2417 4386 2655 4455 ineptum
2686 4384 2882 4438 fuerit?
2912 4383 3158 4438 Nondum
3186 4384 3328 4437 enim
3351 4383 3567 4452 adjicio,
3595 4398 3687 4435 no-

2103 4478 2299 4532 lentem
2327 4492 2358 4530 a
2387 4475 2600 4530 nemine
2627 4475 2871 4544 compelli
2900 4489 3076 4543 posse.
3105 4473 3210 4550 Sed
3237 4483 3376 4535 esto.
3418 4475 3685 4544 ingentem

2103 4573 2209 4626 vim
2243 4585 2430 4640 passus
2457 4572 2547 4636 sit,
2580 4569 2945 4638 machinisque
2988 4568 3149 4622 variis
3176 4568 3451 4637 impetitus
3475 4568 3687 4622 decide-

2104 4664 2209 4716 rit:
2243 4678 2309 4714 an
2337 4661 2437 4716 hoc
2467 4661 2615 4714 illum
2653 4661 2916 4730 supplicio
2941 4659 3178 4714 eximet?
3205 4658 3301 4722 Ne,
3333 4659 3586 4719 obsecro.
3620 4675 3686 4713 ne

2105 4769 2340 4823 eousque
2370 4768 2467 4806 nos
2498 4754 2641 4820 ipsos
2664 4753 3030 4820 decipiamus;
3073 4767 3143 4805 ne
3187 4766 3287 4805 nos
3317 4751 3568 4820 ignorare
3620 4753 3686 4806 si-

2107 4846 2367 4900 mulemus
2387 4860 2472 4909 ea,
2495 4860 2612 4913 qua:
2631 4844 2714 4896 vel
2737 4843 2970 4911 puerulis
2999 4853 3122 4897 nota
3142 4851 3284 4896 sunt.
3316 4843 3504 4912 Neque
3524 4845 3681 4906 enim,

2109 4939 2198 4993 ubi
2244 4940 2473 4992 rationes
2515 4938 2798 4992 reddenda:
2837 4947 3011 5002 erunt,
3069 4938 3383 5008 ignorantiae
3423 4941 3689 4993 simulatio

2108 5031 2261 5085 nobis
2302 5031 2555 5100 prodesse
2585 5031 2796 5099 poterit.
2831 5029 3190 5098 Principatum
3229 5029 3540 5098 lmjusmodi
3588 5047 3686 5084 non

2109 5123 2222 5192 ipse
2251 5122 2515 5177 ambivisti
2562 5122 2938 5176 imbecillitatis
2971 5131 3073 5175 tute
3118 5121 3406 5175 conscius?
3440 5122 3610 5190 probe
3639 5134 3687 5175 et

2110 5216 2310 5283 Optime
2358 5213 2510 5267 illud.
2561 5211 2852 5282 Oportebat
2897 5227 3044 5281 ergo,
3085 5226 3207 5266 cum
3236 5211 3288 5264 id
3331 5222 3478 5266 esset
3509 5215 3688 5269 animi.

2111 5309 2269 5362 etiam
2295 5307 2415 5360 aliis
2439 5305 2748 5360 vocantibus
2771 5304 2998 5358 resilire.
3022 5306 3103 5358 An
3124 5319 3247 5359 cum
3274 5321 3436 5359 nemo
3454 5315 3687 5363 vocaret,

2113 5399 2353 5456 infirmus
2391 5409 2445 5454 et
2474 5415 2578 5452 non
2611 5397 2835 5452 idoneus
2863 5411 3004 5463 eras,
3051 5397 3230 5450 statim
3257 5412 3386 5449 vero
3415 5405 3579 5465 atque
3609 5412 3689 5449 re-

2115 5493 2252 5561 perti
2294 5502 2419 5546 sunt
2440 5491 2528 5558 qui
2573 5489 2715 5543 hunc
2747 5488 2840 5542 tibi
2872 5487 3130 5542 honorem
3157 5486 3488 5550 conferrent,
3518 5488 3689 5541 statim

2114 5582 2268 5638 fortis
2293 5582 2512 5637 effectus
2541 5581 2638 5636 es?
2666 5581 2792 5634 Haec
2830 5581 2942 5635 risu
2968 5581 3124 5650 digna
3161 5590 3216 5635 et
3243 5597 3399 5652 nugae
3427 5593 3576 5646 sunt,
3603 5599 3689 5636 ex-

2115 5685 2392 5744 tremoque
2422 5673 2683 5743 supplicio
2705 5673 2879 5743 digna.
2907 5673 3034 5727 Nam
3065 5686 3343 5744 propterea
3377 5687 3560 5731 monet
3591 5678 3688 5728 lto-

2118 5771 2296 5825 minus
2332 5767 2477 5840 (Luc.
2532 5768 2611 5824 14.
2653 5766 2766 5836 ‘28),
2817 5782 2883 5821 ne
2929 5767 3016 5838 qui
3061 5769 3245 5823 turrim
3276 5773 3388 5826 vult
3433 5773 3691 5828 aedificare
