3864 6236
41 398 146 456 663

40 516 101 569 τὸ
132 516 233 580 τὰς
259 514 477 578 ἐλπίδας
504 515 601 585 τῆς
629 512 899 585 σωτηρίας
926 515 1004 576 εἰς
1028 511 1213 584 ἕτερον
1246 513 1344 583 μὲν
1373 508 1710 582 ἀνηρτῆσθαι

44 598 213 671 μηδὲν
252 599 390 669 μετὰ
418 598 517 669 τὴν
553 596 649 649 τοῦ
682 598 817 649 Θεοῦ
851 598 1031 668 χάριν,
1062 595 1177 648 ἀλλ’
1212 596 1245 667 ἢ
1281 597 1361 659 εἰς
1396 594 1458 646 τὸ
1487 606 1512 634 α
1546 590 1714 661 μηδὲν

42 681 264 745 ἀνάξιον
303 682 563 752 πράττειν
592 681 691 750 τῆς
724 680 875 752 [405]
906 680 1117 751 δωρεᾶς
1145 678 1349 749 ταύτης
1381 676 1477 732 καὶ
1505 675 1595 729 τοῦ
1627 675 1714 728 δε-

42 765 281 828 δωκότος
299 766 465 833 αὐτὴν
488 763 643 817 Θεοῦ.
670 762 946 832 Μεγίστης
974 761 1072 833 μὲν
1092 761 1201 833 γὰρ
1224 760 1287 814 ἂν
1311 756 1418 812 εἷεν
1440 759 1714 819 κολάσεως

45 850 186 914 ἄξιοι
232 851 281 902 οἱ
320 848 456 918 μετά
485 847 547 899 τὸ
587 847 653 901 δι’
682 847 887 909 οἰκείας
927 845 1164 916 σπουδῆς
1191 844 1395 914 ταύτης
1435 845 1714 912 ἐπιτυχεῖν

46 932 149 1001 τῆς
182 932 379 1002 ἀρχῆς.
416 931 449 1000 ἢ
481 930 571 983 διὰ
614 929 906 1000 ρᾳθυμίαν,
945 928 978 997 ἢ
1016 928 1104 982 διὰ
1134 929 1418 1001 πονηρίαν,
1448 928 1481 998 ἢ
1509 927 1603 979 καὶ
1645 925 1714 978 δι’

48 1016 305 1086 ἀπειρίαν
334 1014 521 1077 κακῶς
552 1014 882 1084 κεχρημένοι
910 1012 987 1082 τῷ
1025 1013 1330 1083 πράγματι.
1367 1012 1441 1063 υὺ
1478 1010 1583 1080 μὴν
1626 1010 1717 1062 διὰ

48 1099 208 1151 τοῦτο
234 1101 345 1161 τοῖς
370 1097 468 1150 οὑκ
495 1096 852 1151 ἐσπουδακόσι
874 1095 1259 1149 καταλείπεταί
1290 1113 1373 1158 τις
1396 1093 1713 1163 συγγνώμη,

48 1182 191 1234 ἀλλά
220 1182 315 1235 καὶ
340 1174 487 1234 οὗτοι
505 1181 683 1249 πάσης
704 1179 999 1246 ἀπολογίας
1015 1179 1353 1250 ἐστέρηνται.
1372 1181 1464 1231 Δεῖ
1488 1177 1616 1249 γὰρ,
1634 1175 1714 1229 οἰ-

55 1282 175 1333 μαι,
212 1264 316 1319 κᾶν
349 1264 532 1335 μυρίοι
568 1262 773 1317 καλῶσι
812 1263 906 1316 καὶ
948 1262 1421 1331 καταναγκάζωσι,
1470 1260 1545 1330 μὴ
1581 1260 1716 1330 πρὸς

52 1348 300 1409 ἐκείνους
334 1350 486 1419 όρᾷν,
517 1346 655 1400 ἀλλά
694 1346 959 1417 πρότερον
988 1347 1084 1416 τὴν
1114 1345 1309 1399 ἑαυτοῦ
1356 1344 1718 1413 βασανίσαντα

51 1432 254 1500 ψυχὴν,
287 1432 384 1483 καὶ
410 1431 589 1484 πάντα
623 1430 1107 1501 διερευνησάμενον
1132 1428 1395 1501 ἀκριϐῶς,
1436 1428 1609 1490 οὑτως
1638 1424 1717 1480 εἰ-

54 1515 138 1578 ξαι
163 1518 277 1577 τοῖς
308 1513 667 1585 βιαζομένοις.
695 1513 811 1568 Νῦν
841 1513 897 1566 δὲ
930 1513 1108 1568 οἰκίαν
1138 1514 1236 1583 μὲν
1264 1510 1719 1585 οἰκοδομήσασθαι

51 1598 230 1660 οὐδεὶς
271 1598 336 1651 ἂν
362 1597 692 1666 ὑποσχέσθαι
721 1597 1006 1667 τολμήσειε
1043 1597 1152 1648 τῶν
1177 1596 1276 1648 οὑκ
1306 1595 1473 1648 ὄντων
1514 1594 1720 1647 οἰκοδο·

56 1683 258 1753 μικῶν,
302 1682 423 1735 ούδέ
474 1682 740 1751 σωμάτων
768 1680 1008 1749 ἅψασθαι
1039 1679 1406 1748 νενοσηκότων
1446 1679 1724 1748 ἐπιχειρή-

54 1782 200 1817 σειεν
240 1765 303 1819 ἄν
335 1783 417 1828 τις
444 1764 552 1817 τῶν
584 1764 851 1834 ἰατρεύειν
884 1764 982 1816 οὑκ
1015 1763 1255 1825 εἰδότων,
1293 1762 1428 1815 ἀλλὰ
1462 1760 1563 1815 κᾶν
1592 1762 1721 1813 πολ-

53 1847 133 1900 λοὶ
161 1850 213 1900 οἱ
246 1849 383 1921 προς
415 1848 534 1917 βίαν
571 1847 835 1910 ὠθοῦντες
869 1841 1022 1907 ὦσιν,
1052 1847 1465 1917 παραιτήσεται,
1502 1848 1597 1899 καὶ
1624 1846 1723 1897 οὑκ

53 1932 371 2003 ἐρυθριάσει
410 1932 505 2002 τὴν
547 1933 787 2000 ἀγνοιαψ
832 1930 1018 2001 ψυχῶν
1056 1932 1112 1983 δὲ
1144 1931 1461 1999 ἐπιμέλειαν
1514 1929 1725 1999 μέλλων

52 2013 410 2067 πιστεύεσθαι
439 2015 466 2053 δ
490 2014 759 2066 τοσούτων
792 2014 891 2066 οὑκ
928 2013 1170 2077 ἐξετάσει
1204 2014 1469 2083 πρότερον
1509 2015 1724 2075 ἑαυτὸν,

52 2098 214 2161 ἀλλά,
250 2098 352 2150 κᾶν
389 2098 647 2151 ἁπάντων
680 2097 1039 2165 ἀπειρότατος
1076 2092 1132 2170 ᾖ,
1164 2097 1373 2161 δέξεται
1417 2095 1515 2165 τὴν
1555 2096 1730 2148 διακψ

53 2183 195 2243 νέαν,
242 2180 430 2251 ἐπειδὴ
459 2184 487 2234 6
516 2180 663 2233 δεῖνα
697 2178 929 2237 κελεύει,
966 2182 1061 2232 καὶ
1094 2182 1123 2232 6
1158 2179 1307 2231 δεῖνα
1336 2178 1604 2247 βιάζεται,
1632 2180 1730 2231 καὶ

56 2267 141 2318 ῖνα
168 2266 248 2335 μὴ
274 2264 623 2335 προσκρούσῃ
644 2264 723 2334 τῷ
751 2264 879 2316 δεῖνι
901 2280 915 2328 ;
940 2264 1050 2316 Καὶ
1070 2263 1188 2325 πῶς
1216 2264 1317 2315 οὐκ
1346 2264 1424 2325 είς
1453 2264 1729 2331 προῦπτον

56 2348 254 2399 ἑαυτὸν
295 2347 412 2416 μετ’
457 2347 679 2399 ἐκείνων
722 2346 948 2415 ἐμϐαλεῖ
986 2346 1182 2408 κακόν;
1231 2345 1379 2411 Ἐξὸν
1426 2346 1535 2417 γὰρ
1582 2346 1731 2415 αὑτῷ

58 2431 332 2496 σώζεσθαι
375 2430 496 2483 καθ’
535 2430 744 2493 ἑαυτὸν,
790 2430 884 2482 νῦν
927 2429 1020 2483 καί⁵
1065 2431 1283 2500 ἑτέρους
1326 2431 1731 2501 προσαπόλλυσι

60 2516 179 2585 μεθ’
216 2514 437 2569 ἑαυτοῦ.
470 2514 640 2566 Πόθεν
662 2514 771 2584 γὰρ
807 2514 953 2567 ἔστιν
976 2514 1193 2567 ἐλπίσαι
1223 2515 1530 2585 σωτηρίαν;
1569 2514 1733 2567 πόθεν

58 2598 395 2669 συγγνώμης
423 2600 643 2667 τυχεῖνς
678 2598 822 2659 τίνες
860 2598 1008 2666 ἡμᾶς
1046 2597 1418 2667 ἐξαιτήσονται
1458 2600 1575 2651 τότε
1596 2610 1617 2637 ο
1644 2616 1655 2662 ;
1685 2601 1733 2651 οί

60 2682 377 2751 βιαζόμενοι
399 2679 493 2732 νῦν
517 2679 645 2742 ἴσως
668 2680 762 2731 καὶ
795 2679 929 2744 πρὸς
956 2680 1203 2749 ἀνάγκην
1227 2678 1507 2743 ἐλκοντεςς
1537 2680 1735 2742 αὑτοὺς

57 2767 111 2819 δὲ
135 2766 363 2826 τούτους
392 2764 473 2826 τίς
496 2766 616 2817 κατ’
640 2764 846 2815 ἐκεῖνον
872 2762 1123 2815 διασώσει
1148 2762 1239 2814 τὸν
1268 2765 1490 2833 καιρόν;
1515 2769 1608 2817 καὶ
1629 2766 1738 2834 γὰρ

59 2852 151 2903 καὶ
203 2849 361 2902 αὑτοὶ
405 2846 750 2918 προσδέονται
783 2846 1002 2916 ἐτέρων,
1040 2845 1126 2898 ἵνα
1153 2845 1456 2914 διαφύγωσι
1498 2848 1559 2899 τὸ
1600 2848 1734 2917 πῦρ.

61 2938 184 2987 Ὀτι
214 2934 274 2987 δέ
311 2950 368 2985 σε
396 2932 458 2985 οὑ
489 2930 855 2999 δεδιττόμενος
877 2928 1047 2981 ταῦτα
1071 2928 1214 2996 λέγω
1236 2928 1351 2992 νῦν,
1373 2929 1486 2982 ἀλλ’
1520 2930 1594 2993 ὡς
1628 2932 1738 3000 ἔχει

60 3020 119 3071 τ>.
134 3018 374 3089 πρᾶγμα
397 3014 673 3083 ἀληθείας,
692 3012 855 3065 ἄκουε
887 3011 936 3063 τί
960 3010 1036 3079 τῷ
1070 3011 1282 3081 μαθητῇ
1312 3029 1475 3080 φησιν
1505 3015 1532 3065 6
1562 3014 1740 3081 μακά-

65 3120 177 3172 ριος
216 3098 430 3159 Παῦλος
462 3094 731 3166 Τιμοθέῳ,
765 3093 843 3163 τῷ
872 3093 1077 3164 γνησίῳ
1107 3094 1282 3165 τέκνῳ
1313 3096 1409 3149 καὶ
1445 3095 1732 3166 ἀγαπητῷ·

62 3188 277 3253 Χεζοας
302 3181 528 3251 ταχέως
543 3178 761 3248 μηδένι
789 3178 1053 3239 ἐπιτίθει,
1075 3178 1231 3247 μηδὲ
1254 3179 1524 3233 κοινώνει
1557 3181 1737 3248 ἁμαρ-

64 3271 221 3334 τίαις
280 3265 646 3331 ἀλλοτρίαις.
708 3258 859 3325 Εἶδες
905 3263 1036 3332 ὅσης
1083 3265 1207 3325 τοὺς
1256 3264 1545 3333 μέλλοντας
1590 3269 1739 3336 ἡμᾶς

64 3352 155 3402 ἐπὶ
180 3348 345 3402 τοῦτο
381 3344 649 3417 παράγειν
676 3342 701 3380 ἀ
731 3346 794 3397 οὐ
824 3344 1083 3414 μέμψεως
1123 3348 1303 3414 μόνον,
1352 3348 1487 3401 ἀλλά
1522 3351 1614 3401 καὶ
1656 3368 1741 3402 τι-

66 3434 285 3506 μωρίας
311 3431 371 3484 τό
390 3447 452 3498 γε
481 3429 743 3500 ἡμέτερον
772 3427 1161 3499 ἀπηλλάξαμεν
1190 3430 1387 3500 μέρος;

137 3516 429 3585 β’.”Ωσπερ
448 3514 554 3583 γάρ
570 3515 681 3575 τοῖς
696 3512 991 3582 αἱρεθεῖσιν
1005 3512 1103 3563 οὑκ
1116 3512 1387 3583 αὔταρκες
1406 3514 1541 3581 πρὸς
1556 3516 1744 3569 ἀπολο-

65 3602 193 3667 γίαν
218 3599 281 3651 τὸ
303 3598 505 3664 λέγειν·
527 3596 629 3649 ούκ
653 3595 981 3664 αὐτόκλητος
1012 3591 1193 3665 ἦλθον,
1224 3596 1343 3648 ούδέ
1367 3598 1629 3665 προειδὼς
1646 3602 1743 3653 οὐκ

66 3685 376 3751 ἀπέφυγον·
416 3678 591 3741 οὕτως
616 3678 737 3731 οὐδὲ
766 3678 891 3741 τοὺς
924 3678 1363 3748 χειροτονοῦντας
1389 3681 1669 3750 ὠφελῆσαί
1692 3700 1744 3735 τι

67 3773 318 3832 δύναται,
347 3770 396 3821 εί
422 3767 629 3833 λέγοιεν
654 3766 744 3818 τὸν
774 3766 1215 3836 χειροτονηθέντα
1241 3769 1471 3834 ἀγνοεῖν.
1506 3770 1641 3822 ἀλλά
1659 3771 1745 3823 διὰ

68 3858 233 3909 τοῦτο
256 3855 350 3907 καὶ
375 3852 557 3922 μεῖζον
577 3850 637 3902 τὸ
654 3849 904 3919 ἔγκλημα
924 3850 1155 3917 γίνεται,
1176 3851 1254 3902 ὅτι
1274 3850 1333 3902 ὃν
1355 3851 1582 3919 ἠγνόουν
1603 3870 1745 3922 παρ-

70 3945 304 4010 ήγαγον,
324 3939 418 3991 καὶ
441 3939 472 4006 ἡ
493 3934 723 3989 δοκοῦσα
753 3930 892 3986 εἶναι
918 3933 1183 3999 ἀπολογία
1217 3933 1370 3999 αὔξει
1397 3934 1494 4003 τὴν
1514 3953 1748 4005 κατηγο.

75 4027 219 4095 ρίαν.
254 4023 381 4083 Πῶς
408 4020 517 4090 γάρ
556 4020 655 4071 οὑκ
707 4018 924 4079 ἄτοπον,
969 4018 1297 4087 ἀνδράποδον
1340 4018 1438 4087 μὲν
1486 4019 1746 4089 πρίασθαι

74 4106 436 4176 βουλομένους
468 4104 561 4156 καὶ
590 4104 793 4171 ἰατροῖς
818 4101 1201 4156 ἐπιδεικνύναι.
1229 4102 1320 4153 καὶ
1356 4102 1455 4171 τῆς
1494 4103 1749 4173 πράσεως

71 4189 351 4260 ἐγγυητὰς
380 4188 650 4243 ἀπαιτεῖν.
682 4186 775 4238 καὶ
799 4185 1053 4252 γειτόνων
1083 4183 1468 4247 πυνθάνεσθαι,
1494 4187 1588 4239 καὶ
1612 4190 1751 4257 μετά

72 4274 247 4326 ταῦτα
286 4270 467 4322 πάντα
508 4268 729 4337 μηδέπω
771 4267 1013 4337 Θαρρεῖν,
1051 4266 1188 4319 ἀλλά
1218 4266 1314 4319 καὶ
1353 4268 1543 4337 χρόνον
1584 4272 1751 4323 πολὺν

73 4358 215 4427 πρὶς
262 4353 589 4421 δοκιμασίαν
644 4353 832 4403 αἰτεῖν·
882 4351 961 4412 είς
1007 4350 1063 4402 δὲ
1103 4351 1371 4420 τοσαύτην
1408 4352 1753 4424 λειτουργίαν

76 4438 378 4510 μέλλοντάς
410 4452 531 4485 τινα
559 4433 856 4502 ἐγγράφειν
877 4444 923 4494 θ,
972 4432 1155 4495 ἁπλῶς
1205 4434 1296 4485 καὶ
1332 4434 1407 4496 ώς
1446 4434 1653 4505 ἔτυχεν,
1688 4437 1753 4489 ἂν

74 4526 152 4594 τῷ
198 4524 332 4575 δεῖνι
383 4517 531 4588 δόξῃ,
582 4516 716 4587 πρὸς
749 4516 909 4587 χάριν
949 4517 981 4585 ἢ
1033 4516 1167 4586 πρὸς
1214 4517 1511 4585 ἀπέχθειαν
1550 4519 1752 4589 ἐτέρων

79 4602 458 4675 μαρτυρῆσαι,
505 4599 800 4669 ἐγκρίνειν,
843 4599 1114 4668 μηδεμίαν
1157 4600 1512 4669 ποιουμένους
1561 4602 1754 4672 ἑτέραν

79 4688 330 4751 ἐξέτασιν
358 4700 372 4747 ;
405 4682 500 4745 Τίς
534 4677 624 4733 οὖν
652 4682 803 4750 ἡμᾶς
843 4681 1187 4750 ἐξαιτήσεται
1235 4682 1253 4719 ί
1291 4683 1432 4745 τότε,
1468 4683 1576 4734 τῶν
1608 4684 1753 4751 ὀφει-

77 4772 284 4822 λόντων
314 4764 618 4835 προστῆναι
646 4764 739 4816 καὶ
764 4764 940 4816 αὑτῶν
980 4764 1298 4832 προστατῶν
1325 4766 1631 4834 δεομένων;
1666 4770 1756 4819 Δεῖ

82 4856 182 4924 μὲν
220 4848 318 4905 οὖν
351 4850 449 4902 καὶ
480 4850 573 4901 τὸν
606 4850 931 4919 χειροτονεῖν
963 4848 1224 4917 μέλλοντα
1250 4849 1448 4919 πολλὴν
1481 4850 1754 4903 ποιεῖσθαι

79 4936 180 5004 τὴν
208 4934 462 5005 ἔρευναν,
506 4930 683 5000 πολλῷ
716 4931 771 4983 δὲ
810 4930 1030 4982 πλείονα
1062 4932 1252 4983 τούτου
1296 4932 1387 4983 τὸν
1417 4936 1755 5005 χειροτονού-

86 5034 267 5085 μενον.
320 5016 381 5066 Εἰ
412 5014 520 5081 γὰρ
557 5014 651 5065 καὶ
695 5014 983 5074 κοινωνοὺς
1032 5012 1144 5081 ἔχει
1182 5013 1283 5080 τῆς
1321 5014 1593 5077 κολάσεως
1630 5018 1756 5078 τοὺς

84 5102 381 5169 ἑλομένους
403 5097 553 5169 [406]
588 5099 644 5149 ὲν
666 5091 745 5159 οἷς
772 5096 837 5148 ἂν
867 5096 1108 5166 ἁμάρτῃ,
1138 5096 1252 5147 ἀλλ’
1275 5097 1421 5165 ὅμως
1447 5097 1567 5149 οὐδὲ
1597 5100 1755 5163 αὐτὸς

85 5183 436 5252 ἀπήλλακται
483 5180 582 5247 τῆς
626 5179 917 5250 τιμωρίας,
956 5178 1089 5230 ἀλλά
1148 5180 1243 5229 καὶ
1290 5177 1512 5247 μείζονα
1552 5178 1754 5230 δίδωσι·

90 5268 252 5335 μόνον
289 5267 339 5317 εἰ
369 5265 443 5333 μὴ
472 5263 560 5316 διά
584 5281 705 5316 τινα
735 5263 1082 5333 ἀνθρωπίνην
1104 5260 1282 5312 αἰτίαν
1321 5262 1469 5331 παρά
1497 5262 1556 5314 τὸ
1592 5262 1758 5330 φανὲν

87 5351 275 5412 αὐτοῖς
303 5348 528 5415 εὔλογον
562 5350 585 5386 ε
616 5344 853 5416 ἔπραξαν
879 5346 928 5396 οἱ
957 5346 1217 5415 ἑλόμενοι.
1266 5346 1327 5397 Εἰ
1365 5344 1474 5415 γὰρ
1508 5347 1564 5395 ἐν
1588 5350 1758 5415 τούτῳ

152 5487 178 5513 ι
200 5486 407 5545 Aliquot
425 5496 538 5529 mss.
564 5483 705 5543 μηδὲν
726 5482 914 5545 μετὰῗδὲ
934 5484 1016 5537 τὴν
1037 5482 1119 5545 τοῦ
1139 5481 1265 5545 ﬂeo?!
1280 5482 1418 5545 χάριν
1454 5484 1515 5535 εἰς
1532 5498 1602 5528 το,

149 5548 181 5586 b
207 5543 361 5595 Savil.
387 5550 441 5591 et
462 5545 649 5604 aliquot
680 5556 794 5590 mss.
836 5543 1212 5603 ἐμπιστεύεσθαι,
1251 5543 1425 5591 Morel.
1476 5552 1525 5591 et
1565 5544 1647 5591 alii
1683 5561 1760 5590 πι-

92 5608 361 5660 στύεσθαι.

154 5674 176 5699 ⁸
207 5669 309 5717 Alii
332 5667 454 5721 τίνες
474 5667 585 5726 ἡμῖν
604 5666 988 5727 παραστήσονται
1012 5666 1133 5713 τότε.

155 5733 183 5769 ά
220 5730 428 5788 Aliquot
449 5741 561 5774 mss.
585 5727 823 5789 προάγειν.

162 5806 184 5851 ε
213 5792 311 5851 Alii
336 5790 666 5851 ἐγγράφεσθαϋ

161 5850 180 5887 ί
211 5849 305 5899 Alii
327 5849 639 5910 ἐξαιρήσεται.

158 5915 181 5953 ι
213 5910 293 5963 Sic
315 5907 466 5964 Savil.
510 5918 559 5960 οι
582 5913 785 5961 maxima
808 5925 916 5974 pars
940 5924 1053 5959 mss.
1082 5907 1251 5958 Morel.
1280 5920 1392 5958 vero
1418 5912 1625 5962 ε’)ιολον.

1342 394 1428 449 DE
1466 390 1915 448 SACERDO'HO.
1958 390 2082 444 ΜΒ.
2126 389 2211 443 IV.

3376 393 3480 453 666

1816 506 2141 576 φωραθεῖεν,
2179 507 2271 559 καὶ
2314 508 2403 558 τὸν
2444 506 2659 571 ἀνάξιον
2697 506 2895 569 εἰδότες
2937 507 3023 560 διὰ
3063 525 3183 561 τινα
3211 508 3481 579 πρόφασιν

1814 591 1974 642 αὑτὸν
2012 591 2354 661 παρήγαγον,
2398 589 2457 654 ἐξ
2491 591 2612 659 ἴσης
2642 590 2711 642 τὰ
2743 590 2849 643 τῶν
2875 590 3246 661 κολαστηρίων
3274 593 3475 656 αὐτοῖς’

1814 674 1952 744 τάχα
1995 673 2051 726 δὲ
2089 675 2183 726 καὶ
2220 671 2439 743 μείζονα
2483 672 2559 744 τῷ
2596 674 2685 725 τὸν
2723 676 2822 727 οὑκ
2858 674 3162 744 ἐπιτήδειον
3207 681 3479 749 καταστή-

1816 774 1989 810 σαντι.
2036 757 2092 809 Ὀ
2129 757 2237 827 γὰρ
2273 758 2371 826 τὴν
2412 757 2661 821 ἐξουσίαν
2712 758 3010 828 παρασχὼν
3058 759 3134 829 τῷ
3175 759 3481 833 βουλομένῳ

1814 842 2121 912 διαφθεῖραι
2150 841 2247 911 τὴν
2284 840 2639 912 Ἐκκλησίαν,
2670 835 2823 904 οὗτος
2854 841 2919 894 ἂν
2950 843 3035 913 εἴη
3069 844 3177 896 τῶν
3212 845 3302 897 ὑπ’
3332 847 3476 898 ὲκεί-

1816 944 1907 979 νου
1931 926 2304 997 τολμηθέντων
2329 927 2517 988 αίτιος.
2552 926 2613 977 Εἰ
2634 926 2689 977 δέ
2716 926 2919 979 τούτων
2953 928 3047 996 μέν
3079 929 3251 981 οὐδενί
3275 930 3480 997 γένοιτο

1819 1008 2136 1071 ὑπεύθυνος,
2169 1009 2278 1061 ἀπὸ
2313 1009 2371 1061 δὲ
2400 1008 2499 1075 τῆς
2526 1007 2633 1060 τῶν
2666 1008 2873 1061 πολλῶν
2906 1009 3227 1081 ὑπολήψεως
3268 1017 3484 1083 ὴπατῆ-

1820 1094 1944 1145 σθαι
1989 1093 2155 1160 λέγοι,
2199 1094 2543 1166 ἀτιμώρητος
2583 1093 2679 1162 μὲν
2714 1091 2833 1144 ούδέ
2869 1092 3011 1145 οὑτω
3051 1094 3204 1162 μένοι
3232 1098 3281 1154 h.
3321 1098 3485 1169 ὀλίγῳ

1820 1177 1878 1230 δέ
1912 1177 2166 1229 ἐλάττονα
2187 1177 2280 1229 τοῦ
2316 1176 2785 1247 χειροτωηθέντος
2810 1178 2989 1229 δίδωσι
3024 1179 3197 1250 δίκην.
3233 1182 3297 1233 Τί
3330 1184 3488 1251 δήπο-

1818 1279 1910 1325 τε;
1939 1263 2058 1314 Ὅτι
2095 1263 2221 1325 τοὺς
2264 1264 2363 1332 μὲν
2402 1263 2687 1333 ἑλομένους
2723 1264 2871 1327 είκὸς
2920 1265 3024 1317 ὑπὸ
3057 1265 3213 1337 δόξης
3260 1268 3487 1336 ψευδοῦς

1819 1346 2196 1416 ἀπατηθέντας
2232 1348 2324 1399 ἐπὶ
2353 1347 2511 1400 τοῦτο
2540 1348 2734 1400 ἐλθεῖψ
2762 1349 2791 1399 ὁ
2824 1348 2882 1400 δὲ
2915 1349 3156 1421 αἱρεθεὶς
3186 1352 3285 1404 οὑκ
3318 1352 3395 1404 ἔτι
3423 1352 3489 1406 ἂν

1820 1430 2036 1483 δύναιτο
2076 1430 2276 1497 λέγειν,
2311 1432 2392 1483 ὅτι
2434 1431 2693 1498 Ἢγνόουν
2727 1432 2985 1501 ἐμαυτὸν,
3028 1432 3280 1505 καθάπερ
3332 1436 3491 1489 αὑτὸν

1821 1513 2021 1585 ἐτεροι.
2072 1514 2159 1577 Ὠς
2212 1511 2304 1568 οὖν
2363 1515 2661 1586 βαρύτερον
2702 1518 2964 1587 μέλλοντα
3009 1518 3331 1583 κολάζεσθαι
3377 1520 3492 1572 τῶν

1824 1598 2277 1668 παραγαγόντων,
2294 1596 2465 1662 οὕτως
2488 1600 2872 1672 ἀκριὸέστερον
2897 1602 3075 1656 αὑτῶν
3095 1602 3201 1673 χρὴ
3222 1604 3491 1656 ποιεῖσθαι

1822 1679 1922 1751 τήν
1952 1681 2146 1733 ἐαυτοῦ
2188 1681 2532 1751 δοκιμασίανσ
2575 1682 2680 1736 κᾶν
2710 1683 3029 1751 ἀγνοοῦντες
3066 1685 3296 1737 ἕλκωσιν
3352 1688 3488 1738 ἐκεῖο

1826 1781 1929 1829 νοι,
1988 1764 2281 1834 προσιόντα
2333 1765 2603 1819 διδάσκειν
2650 1765 2897 1837 ἀκριϐῶς
2937 1768 3034 1830 τὰς
3075 1768 3275 1831 αἰτίας,
3316 1768 3382 1821 δι’
3414 1763 3491 1822 ὧν

1826 1847 2213 1917 ἠπατημένους
2239 1848 2456 1909 παύσει,
2484 1851 2577 1902 καὶ
2596 1850 2812 1915 ἀνάξιον
2834 1852 3025 1905 ἐαυτὸν
3052 1854 3150 1923 τῆς
3170 1853 3493 1923 δοκιμασίας

1827 1929 2115 1995 ἀποδείξας
2149 1929 2471 1999 ἐκφεύξεται
2498 1932 2767 1985 τοσούτων
2797 1934 3136 2005 πραγμάτων
3170 1935 3355 2003 δγκον.
3394 1936 3495 1988 Διά

1826 2014 1879 2067 τί
1903 2014 2012 2083 γὰρ
2048 2015 2174 2085 περὶ
2216 2015 2500 2084 στρατείας
2536 2021 2630 2069 καὶ
2661 2017 2928 2087 ἐμπορίας
2960 2018 3054 2069 καὶ
3097 2018 3370 2088 γεωργίας
3400 2020 3495 2070 καὶ

1827 2096 1935 2150 τῶν
1962 2096 2135 2151 ἄλλων
2185 2098 2294 2149 τῶν
2345 2097 2611 2167 βιωτικῶν
2660 2099 2854 2171 βουλῆς
2895 2100 3282 2171 προκειμένης,
3311 2098 3434 2153 οὔτε
3463 2100 3492 2152 6

1830 2182 2073 2252 γεωργὸς
2114 2181 2272 2233 ἕλοιτ’
2308 2182 2374 2235 ἂν
2408 2182 2581 2243 πλεῖν,
2610 2182 2732 2235 οὔτε
2781 2186 2808 2235 ὁ
2843 2182 3180 2252 στρατιώτης
3205 2185 3490 2252 γεωργεῖν,

1830 2261 1954 2315 οὕτε
1983 2265 2011 2315 6
2043 2263 2384 2335 κυϐερνήτης
2414 2264 2824 2335 στρατεύεσθαι,
2852 2265 2951 2317 κᾶν
2984 2265 3209 2336 μυρίους
3226 2265 3308 2328 τίς
3334 2267 3496 2319 ἀπει-

1830 2348 1972 2420 λήσῃ
2008 2348 2025 2387 ί
2059 2346 2357 2411 θανάτους;
2416 2350 2484 2401 ’Ἡ
2538 2349 2695 2418 δῆλον
2748 2350 2829 2401 ὅτι
2857 2349 2948 2401 τὸν
2985 2350 3048 2400 ἐκ
3086 2348 3184 2418 τῆς
3243 2350 3499 2420 ἀπειρίας

1834 2430 2207 2501 προορώμενοι
2245 2432 2485 2485 κίνδυνον
2513 2434 2759 2495 ἕκαστος.
2802 2431 2952 2495 Εἶτα,
2982 2432 3115 2486 ὅπου
3146 2434 3299 2504 μένή
3327 2435 3500 2506 ζημία

1836 2516 1966 2585 περὶ
1999 2516 2230 2584 μικρῶν,
2260 2514 2496 2587 τοσαύτῃ
2517 2514 2833 2585 χρησόμεθα
2860 2518 3105 2587 προνοίᾳ,
3130 2518 3222 2570 καὶ
3245 2518 3343 2569 οὐκ
3364 2517 3501 2583 εἴξο-

1840 2617 1938 2669 μεν
1965 2603 2031 2669 τῇ
2078 2599 2185 2651 τῶν
2230 2599 2562 2669 βιαζομένων
2613 2600 2861 2670 ἀνάγκῃ⁹
2908 2602 3045 2655 ὅπου
3090 2602 3146 2654 δὲ
3190 2606 3222 2673 ή
3279 2602 3500 2666 κόλασις

1838 2684 2055 2743 αἰώνιος
2094 2686 2204 2745 τοῖς
2235 2684 2333 2736 οὑκ
2352 2683 2514 2736 εἰδόσι
2541 2683 2936 2753 μεταχειρίζειν
2973 2685 3292 2756 ἱερωσύνην,
3312 2686 3501 2751 ἁπλῶς

1838 2770 1931 2821 καὶ
1964 2769 2041 2831 ώς
2072 2770 2227 2837 ἔτυχε
2257 2767 2513 2819 τοσοῦτον
2548 2766 2914 2836 ἀναδεξόμεθα
2955 2768 3215 2832 κίνδυνον,
3248 2769 3349 2839 τὴν
3379 2770 3500 2823 ἐτέ-

1843 2870 1949 2922 ρων
1998 2851 2422 2922 προὸαλλόμενοι
2476 2850 2635 2919 βίαν;
2681 2849 2818 2902 Ἀλλ’
2853 2851 2952 2903 οὑκ
2991 2851 3236 2917 ἀνέξεται
3264 2850 3436 2907 ταῦτα
3474 2855 3503 2906 6

1838 2937 1958 2991 τότε
1999 2935 2200 3007 κρίνων
2228 2937 2395 3005 ἡμᾶς.
2425 2932 2571 2986 Ἔδει
2608 2934 2703 3002 μὲν
2731 2934 2837 3003 γὰρ
2860 2935 2953 2986 καὶ
2983 2935 3164 3005 πολλῷ
3190 2935 3357 2988 πλείω
3392 2937 3502 2991 τῶν

1842 3020 2120 3091 σαρκικῶν
2151 3020 2278 3090 περί
2302 3019 2372 3071 τὰ
2412 3017 2756 3087 πνευματικά
2783 3018 2881 3088 τὴν
2905 3018 3203 3087 ἀσφάλειαν
3230 3020 3503 3085 ἐπιδείξα-

1843 3105 1993 3157 σθαι·
2024 3103 2118 3157 νῦν
2150 3103 2206 3155 δέ
2236 3102 2356 3155 ούδέ
2399 3101 2520 3171 ἴσην
2554 3101 2920 3173 εὑρισκόμεθα
2953 3103 3337 3173 παρεχόμενοι.
3366 3104 3504 3158 Εἰπέ

1841 3188 1950 3257 γάρ
1986 3202 2095 3256 μοι,
2124 3184 2178 3236 εί
2209 3201 2331 3237 τινα
2356 3183 2790 3246 ὑποπτεύσαντες
2817 3183 2988 3253 ἀνδρα
3014 3180 3155 3237 εἶναι
3194 3185 3504 3239 τεκτονικὸν

1840 3273 1939 3324 οὑκ
1963 3270 2089 3323 δντα
2112 3267 2421 3321 τεκτονικὸν
2451 3270 2587 3337 πρὸς
2606 3269 2705 3337 τὴν
2733 3268 2991 3337 ἐργασίαν
3033 3270 3312 3338 καλοῖμεν,
3341 3269 3504 3335 αὐτὸς

1842 3356 1898 3408 δέ
1946 3352 2216 3415 ἓποιτοΊ,
2262 3347 2380 3403 εἶτα
2427 3351 2703 3420 ἁψάμενος
2746 3352 2845 3421 τῆς
2896 3352 3033 3423 πρὸς
3076 3354 3176 3424 τήν
3216 3354 3504 3425 οἰκοδομὴν

1844 3436 2367 3509 παρεσκευασμένης
2413 3434 2564 3505 ὕλης,
2620 3434 2873 3503 ἀφανίζοι
2925 3438 3024 3507 μὲν
3066 3436 3219 3502 ξύλα,
3252 3438 3503 3507 ἀφανίζοι

1842 3523 1898 3575 δέ
1925 3520 2125 3583 λίθους,
2168 3519 2453 3589 ἐργάζοιτο
2504 3518 2560 3570 δὲ
2603 3520 2701 3589 τὴν
2752 3521 2927 3573 οἰκίαν
2957 3520 3149 3588 οὑτως,
3194 3521 3270 3584 ώς
3304 3521 3505 3585 εὐθέως

1844 3607 2193 3667 καταπεσεῖν,
2236 3599 2345 3672 ἆρα
2372 3602 2595 3673 ἀρκέσει
2640 3600 2775 3672 πρὸς
2811 3603 3102 3671 ἀπολογίαν
3127 3604 3276 3674 αύτῷ
3297 3604 3358 3657 τὸ
3374 3606 3503 3674 παρ’

1846 3689 2051 3759 ἐτέρων
2078 3685 2440 3756 ήναγκάσθαι,
2462 3687 2557 3737 καλ⁵
2589 3686 2662 3756 μὴ
2702 3686 3137 3753 αύτεπάγγελτον
3169 3688 3366 3755 ἦκεινς
3401 3687 3507 3739 Οὐ-

1845 3771 2031 3840 δαμῶς
2050 3787 2063 3801 ·
2101 3770 2194 3822 καὶ
2221 3768 2365 3838 μάλα
2402 3784 2464 3834 γε
2505 3768 2727 3829 εἰκότως
2752 3768 2843 3819 καὶ
2866 3767 3108 3831 δικαίως.
3155 3767 3353 3838 Ἐρχῆν
3375 3768 3505 3838 γὰρ,

1845 3855 1940 3908 καὶ
1962 3851 2161 3921 ἐτέρων
2195 3849 2522 3911 καλούντων,
2575 3849 2881 3918 ἀποπηδᾷν.
2933 3846 3065 3902 Εἶτα
3119 3849 3196 3920 τῷ
3231 3851 3328 3920 μὲν
3376 3850 3508 3915 ξύλα

1847 3936 2159 4005 ἀφανίζοντι
2191 3936 2281 3986 καὶ
2332 3932 2509 3995 λίθους
2542 3932 2765 4002 οὐδεμία
2804 3932 2955 3984 ἔσται
2982 3933 3269 4004 καταφυγὴ
3291 3935 3426 4004 πρὸς
3448 3936 3509 3985 τὸ

1852 4023 1926 4093 μὴ
1946 4019 2127 4074 δοῦναι
2146 4018 2302 4088 δίκην
2321 4034 2332 4044 ·
2359 4018 2386 4069 6
2412 4016 2467 4068 δὲ
2496 4016 2592 4077 τὰς
2619 4015 2795 4085 ψυχάς
2814 4014 3068 4079 ἀπολλὺς,
3091 4016 3185 4069 καὶ
3211 4016 3509 4087 οἰκοδομῶν

1849 4104 2086 4172 ἀμελῶς,
2135 4102 2233 4171 τὴν
2272 4101 2472 4170 ἐτέρων
2511 4099 2754 4168 ἀνάγκην
2796 4099 3042 4167 ἀποχρῆν
3083 4098 3232 4168 αύτῷ
3272 4098 3405 4171 πρὸς
3450 4100 3510 4149 τὸ

1849 4189 2130 4257 διαφυγεῖν
2149 4186 2173 4223 ¹ί
2211 4185 2378 4236 οἴεται
2404 4200 2417 4247 ;
2451 4183 2544 4234 καὶ
2578 4182 2692 4245 πῶς
2718 4182 2778 4234 οὑ
2809 4182 2928 4235 λίαν
2965 4180 3191 4253 εῦηθεςς
3216 4180 3383 4236 Οῦπω
3404 4182 3509 4253 γὰρ

1852 4269 2203 4341 προστίθημι.
2255 4269 2335 4320 ὅτι
2384 4266 2472 4317 τὸν
2516 4265 2588 4335 μὴ
2628 4265 2947 4334 βουλόμενον
2986 4265 3159 4328 οὐδεὶς
3204 4265 3511 4333 ἀναγκάσαι

1850 4353 2156 4422 δυνήσεται.
2201 4350 2339 4401 Ἀλλ’
2382 4349 2521 4400 ἔστω
2584 4349 2783 4417 μυρίαν
2827 4348 2987 4401 αὑτὸν
3034 4349 3510 4418 ὑπομεμενηκέναι

1856 4438 1997 4507 βίαν,
2019 4426 2125 4486 ’καὶ
2165 4431 2410 4503 μηχανάς
2444 4432 2833 4503 πολυτρόπους,
2867 4430 3015 4501 1407]
3050 4431 3187 4484 ὥστε
3218 4433 3472 4502 ἐμπεσεῖν
3495 4446 3506 4458 ·

1852 4521 2011 4574 τοῦτο
2041 4517 2133 4573 οῦν
2171 4518 2329 4570 αὑτὸν
2354 4517 2696 4586 ἐξαιρήσεται
2724 4516 2821 4584 τῆς
2843 4515 3112 4578 κολάσεως
3137 4532 3150 4579 ;
3186 4516 3296 4585 Μή,
3336 4532 3512 4584 παρα-

1857 4601 2025 4654 καλῶ.
2082 4600 2154 4668 μὴ
2196 4598 2286 4649 ἐπὶ
2316 4595 2568 4647 τοσοῦτον
2601 4596 2896 4664 ἁπατῶμεν
2938 4596 3182 4656 ἑαυτοὺς,
3214 4594 3345 4664 μηδὲ
3380 4595 3513 4646 ὑπο-

1859 4677 2169 4751 κρινώμεθα
2202 4678 2412 4742 ἀγνοεῖν
2447 4674 2515 4727 τὰ
2549 4676 2641 4726 καὶ
2680 4676 2790 4736 τοῖς
2820 4676 2955 4742 ἄγαν
2993 4675 3147 4727 παισί
3181 4675 3405 4745 φανερά.
3439 4675 3513 4725 Οὐ

1858 4759 1965 4829 γὰρ
1994 4760 2162 4826 δήπου
2202 4756 2295 4807 καὶ
2346 4754 2438 4805 ἐπὶ
2494 4754 2600 4805 τῶν
2632 4753 2868 4805 εὐθυνῶν
2927 4752 3061 4822 αῦτη
3098 4753 3195 4822 τῆς
3232 4752 3452 4817 ἀγνοίας
3479 4754 3512 4803 ᾖ

1860 4838 2216 4908 προσποίησις
2243 4835 2389 4904 ἡμᾶς
2416 4834 2693 4902 ὠφελῆσαι
2716 4832 3023 4901 δυνήσεται.
3045 4834 3157 4885 Οὐκ
3180 4831 3516 4893 ἐσπούδασας

1856 4917 2016 4979 αὑτὸς
2062 4914 2265 4980 ταύτην
2308 4912 2560 4976 δέξασθαι
2610 4912 2708 4982 τὴν
2740 4912 2933 4981 ἀρχὴν,
2980 4911 3262 4964 ἀσθένειαν
3307 4910 3517 4977 σεαυτῴ

1858 4994 2144 5056 συνειδώς;
2175 4988 2232 5046 εὖ
2287 4993 2381 5044 καὶ
2416 4992 2614 5053 καλῶς.
2669 4993 2867 5060 Ἐχρῆν
2921 4987 3014 5043 οὖν
3048 4990 3183 5059 μετὰ
3217 4990 3315 5058 τῆς
3348 4989 3517 5057 αὑτῆς

1856 5075 2248 5146 προαιρέσεως,
2274 5073 2366 5123 καὶ
2396 5072 2595 5140 ἐτέρων
2618 5070 2942 5132 καλούντων,
2986 5070 3291 5140 ἀποπηδᾷν.
3326 5070 3394 5120 Ἢ
3430 5068 3518 5120 ὅτε

1861 5157 1958 5225 μὲν
1990 5154 2159 5215 οὐδεὶς
2190 5150 2389 5208 ἐκάλει.
2421 5150 2652 5217 ἀσθενής
2689 5151 2752 5201 σὺ
2787 5150 2879 5201 καὶ
2908 5149 3007 5201 οὑκ
3037 5148 3369 5217 ἐπιτήδειος·
3398 5148 3518 5199 ἐπεὶ

1856 5238 1913 5289 δὲ
1963 5232 1980 5271 1
2049 5232 2349 5301 εὑρέθησαν
2382 5231 2431 5281 οἰ
2458 5228 2721 5291 δώσοντες
2748 5228 2848 5298 τὴν
2893 5230 3081 5298 τιμὴν,
3117 5228 3343 5295 γέγονας
3374 5228 3517 5291 ἐξαί-

1860 5332 1994 5383 φνης
2030 5311 2278 5381 ἱσχυρόςς
2315 5309 2487 5371 Γέλως
2518 5309 2687 5361 ταῦτα
2728 5309 2821 5359 καὶ
2862 5307 3024 5377 λῆρος
3056 5311 3147 5360 καὶ
3168 5308 3265 5377 τῆς
3285 5310 3519 5378 ἐσχάτης

1861 5395 1982 5459 ἀξια
2004 5391 2288 5461 τιμωρίας.
2317 5389 2415 5441 Διά
2447 5390 2554 5460 γὰρ
2576 5386 2734 5440 τοῦτο
2766 5387 2858 5439 καὶ
2875 5390 2903 5440 6
2933 5387 3134 5459 Κύριος
3153 5406 3224 5439 πα
3237 5392 3425 5456 ραινεῖ,
3447 5388 3520 5457 μὴ

1920 5538 1947 5576 ιι
1976 5539 2069 5587 Alii
2094 5539 2224 5598 μένῃ,

1929 5556 1947 5576 ιι
1976 5581 1987 5587 ,
2023 5556 2069 5585 ιιι
2103 5556 2174 5585 λεν
2215 5578 2224 5586 ,

1929 5608 1939 5639 ι
1970 5556 2061 5648 lilii
2084 5556 2269 5660 ἀπείῃλῇ.
2302 5597 2426 5646 Infra
2450 5596 2533 5645 alii
2557 5598 2636 5643 καί
2663 5597 2749 5644 οὐκ
2774 5598 2829 5643 ἂν
2854 5598 3062 5657 εἶξωμεν.
3090 5596 3213 5646 Infra
3246 5596 3324 5643 alii
3351 5592 3520 5640 ἐπιδεί-

1861 5666 2068 5711 κνυσθοιι.

1932 5738 1944 5771 1
1979 5728 2175 5781 Aluum
2197 5736 2308 5769 mss.
2340 5723 2580 5781 καλοῖμεν.
2614 5720 2673 5769 ιΟ
2698 5722 2747 5769 δὲ
2771 5722 2948 5769 ἕποιτο.

1928 5788 1950 5823 ιε
1978 5775 2085 5832 Sani
2115 5823 2125 5832 .
2152 5793 2197 5829 nl
2218 5786 2403 5842 aliquot
2425 5775 2534 5829 més.
2567 5784 2679 5844 πρὸς
2700 5784 2753 5829 τὸ
2776 5782 3027 5844 διαφυγεῖν,
3052 5780 3220 5829 Morel.
3247 5786 3295 5827 cl
3321 5775 3522 5838 aliinpb;

1869 5848 1921 5896 τὸ
1962 5849 2023 5905 μή
2049 5848 2196 5904 διαρ,
2225 5852 2275 5891 «τι
2301 5844 2420 5893 infra
2445 5846 2523 5892 alii
2548 5848 2667 5891 ὥστε
2690 5848 2753 5904 μὴ
2784 5843 3019 5907 ἐμπεσεῖν.

1923 5909 2065 5959 lAlli
2090 5909 2243 5963 ἐπειδὴ
2268 5910 2334 5955 δέ.
