3864 6232
193 384 301 440 685

192 504 343 573 prius
365 500 524 570 jaciat
565 499 984 564 fundamentum,
1012 512 1167 569 quam
1194 494 1335 550 vires
1378 507 1501 547 suas
1524 488 1768 559 explora-

191 595 350 657 verit,
380 609 446 647 ne
469 590 909 663 praetereuntibus
928 595 1205 643 sexcentas
1224 582 1429 639 ridendi
1455 596 1611 635 ansas
1638 593 1773 648 pra:-

191 686 339 740 beat.
380 685 450 739 At
478 684 615 738 illius
643 681 855 752 quidem
897 681 1100 750 jactura
1130 678 1240 731 sola
1280 674 1545 730 derisione
1591 669 1771 724 terrui-

195 788 391 841 natur;
430 776 513 830 liic
540 790 668 830 vero
714 772 1027 845 supplicium
1072 779 1153 825 est
1186 768 1316 840 ignis
1354 760 1773 833 inexstinguibilis

197 867 412 939 (Matth.
445 869 499 922 5.
524 866 635 937 12),
667 864 864 920 vermis
889 863 979 933 qui
1005 877 1110 916 non
1150 859 1391 919 moritur,
1419 854 1617 910 stridor
1644 853 1773 907 den-

199 960 356 1023 tium,
388 957 623 1011 tenebra:
650 953 961 1009 exteriores.
993 948 1269 1011 dissecari,
1304 948 1354 1001 in
1378 943 1771 1015 hypocritarum

195 1054 427 1095 numero
447 1038 707 1095 constitui
728 1037 885 1109 (Isai.
906 1037 1094 1093 66.24.
1118 1038 1312 1093 Matth.
1329 1037 1419 1092 25.
1439 1037 1551 1110 50).
1572 1038 1774 1094 Horum

197 1140 382 1186 tamen
409 1133 653 1186 omnium
686 1131 822 1185 nihil
848 1132 1181 1201 perpendere
1214 1132 1401 1186 volunt
1423 1142 1775 1187 accusatores

195 1225 370 1278 nostri
394 1242 407 1277 :
428 1223 669 1293 alioquin
688 1222 847 1278 finem
869 1224 1123 1293 culpandi
1140 1225 1259 1294 ejus
1278 1222 1534 1287 facerent,
1554 1224 1643 1295 qui
1664 1240 1773 1279 non

194 1318 394 1372 frustra
422 1318 593 1387 perire
619 1316 765 1372 velit.
786 1316 899 1371 Non
929 1316 1100 1385 agitur
1124 1327 1265 1367 nunc
1292 1312 1360 1367 de
1382 1310 1776 1380 dispensatione

195 1410 450 1465 frumenti
472 1422 524 1465 et
550 1408 755 1475 hordei,
782 1407 941 1463 boum
965 1413 1019 1461 et
1046 1405 1245 1470 ovium,
1271 1403 1598 1470 aliorumque
1627 1399 1777 1454 simi-

198 1500 351 1567 lium,
383 1500 477 1555 sed
500 1499 568 1555 de
596 1500 712 1568 ipso
738 1498 862 1554 Jesu
883 1512 1126 1567 corpore.
1155 1494 1286 1548 Nam
1315 1492 1551 1547 Ecclesia
1580 1489 1778 1545 Christi

198 1594 492 1648 secundum
524 1593 733 1647 beatum
762 1590 981 1646 Paulum
1006 1604 1199 1658 corpus
1223 1587 1419 1643 Christi
1448 1594 1529 1641 est
1558 1584 1775 1656 (Coloss.

201 1687 255 1740 1.
285 1685 373 1752 18)
419 1702 434 1738 :
464 1700 663 1754 parque
706 1693 789 1740 est
814 1699 957 1749 eum,
988 1682 1075 1738 cui
1121 1695 1317 1751 corpus
1360 1679 1486 1734 illud
1515 1678 1775 1733 creditum

198 1785 302 1841 est,
331 1775 445 1846 ejus
472 1775 707 1830 habitum
735 1776 1014 1845 optimum,
1043 1783 1098 1829 et
1131 1775 1396 1843 ingentem
1426 1768 1778 1842 pulchritudi-

198 1884 324 1922 nem
369 1882 576 1921 summe
618 1881 832 1933 curare,
871 1876 925 1921 et
964 1866 1200 1935 undique
1234 1864 1665 1931 circumspicere,
1714 1878 1780 1915 ne

197 1962 430 2025 macula,
464 1962 547 2016 vel
596 1976 749 2032 ruga,
791 1961 874 2015 vel
904 1960 1049 2015 labes
1089 1958 1277 2013 similis
1305 1957 1418 2026 eju‘s
1446 1957 1678 2026 speciem
1718 1970 1782 2011 ac

197 2055 448 2109 decorem
494 2053 810 2109 dehonestet
856 2053 1070 2122 (Epiros.
1115 2054 1169 2108 5.
1214 2051 1325 2119 27).
1377 2050 1444 2104 Et
1471 2050 1595 2120 quid
1637 2048 1781 2105 aliud

197 2157 439 2215 ιιι-αδδιδι,
469 2158 625 2213 quam
663 2155 718 2199 ut
741 2145 867 2200 illud
899 2146 1071 2213 capite
1110 2143 1393 2198 immortali
1420 2158 1482 2197 ac
1515 2143 1670 2197 beato
1694 2142 1780 2195 di-

199 2254 363 2308 gnum
412 2238 696 2292 exhibeat?
722 2236 851 2290 Nam
893 2239 980 2307 qui
1024 2237 1287 2291 atlileticze
1312 2234 1604 2289 habitudini
1648 2233 1778 2287 dant

199 2347 453 2401 operam,
501 2347 633 2400 opus
681 2330 877 2384 habent
935 2329 1186 2394 medicis,
1240 2325 1580 2397 pzedotribis,
1622 2325 1781 2381 ditata

205 2431 520 2490 temperata,
543 2421 921 2476 exercitatione
952 2420 1236 2490 frequenti,
1263 2418 1569 2489 infinitaque
1593 2420 1782 2474 obser-

204 2514 419 2568 vatione
457 2531 470 2567 :
518 2513 714 2567 etenim
745 2514 788 2565 si
816 2512 939 2581 quid
969 2513 1052 2567 vel
1078 2512 1354 2566 minimum
1386 2511 1695 2582 negligatur,
1730 2510 1783 2565 id

202 2608 380 2659 omnia
410 2607 599 2660 evertit
626 2620 688 2660 ac
730 2602 910 2673 dejicit
948 2622 961 2657 :
1003 2604 1036 2658 ii
1074 2605 1265 2675 quibus
1304 2604 1545 2674 corporis
1586 2603 1781 2658 Christi

202 2713 330 2752 cura
358 2697 631 2759 incumbit,
660 2697 743 2750 cui
772 2697 982 2765 corpori
1012 2705 1281 2750 certamen
1312 2706 1415 2761 eSt,
1457 2709 1562 2748 non
1597 2703 1780 2749 contra

201 2803 451 2857 corpora,
499 2786 591 2841 sed
620 2797 806 2841 contra
834 2786 1122 2841 invisibiles
1162 2795 1468 2856 potestates,
1517 2784 1786 2854 quomodo

203 2880 333 2934 illud
366 2880 625 2950 integrum
652 2889 706 2935 et
733 2894 920 2934 sanum
953 2894 1171 2934 servare
1217 2889 1487 2949 poterunt,
1540 2880 1639 2933 nisi
1687 2880 1788 2931 hu-

203 2986 418 3024 manam
464 2972 712 3025 virtutem
756 2971 976 3024 multum
1029 2970 1426 3036 transcendant,
1476 2978 1530 3024 et
1571 2985 1783 3024 omnem

201 3065 397 3118 animae
422 3063 604 3118 utilem
633 3062 851 3117 curandi
872 3062 1090 3117 modum
1122 3064 1287 3133 probe
1317 3063 1537 3118 norint?

273 3156 327 3211 5.
363 3157 630 3213 Sacerdoti
674 3157 1003 3211 necessariam
1026 3172 1133 3210 esse
1163 3158 1449 3226 expeditam
1476 3158 1673 3211 dicendi
1697 3160 1784 3228 [a-

202 3252 462 3304 cultatem.
486 3281 554 3290 —
581 3252 663 3302 An
695 3248 909 3318 ignoras
936 3249 1036 3303 hoc
1067 3264 1263 3317 corpus
1298 3248 1537 3319 pluribus
1563 3260 1617 3304 et
1643 3264 1784 3304 mor-

202 3341 285 3395 bis
311 3352 365 3395 et
392 3341 593 3395 insidiis
614 3339 907 3394 obnoxium
936 3354 1076 3404 esse,
1105 3356 1263 3409 quam
1289 3355 1502 3395 carnem
1526 3351 1781 3408 nostram,

200 3434 438 3502 itemque
467 3432 623 3485 citius
658 3430 928 3499 corrumpi
958 3430 1265 3500 tardiusque
1302 3432 1517 3485 sanari?
1545 3432 1783 3487 Humana

202 3534 351 3579 certe
389 3540 615 3595 corpora
642 3524 952 3578 curantibus
978 3524 1121 3578 varia
1153 3524 1365 3579 inventa
1402 3534 1526 3579 sunt
1554 3526 1787 3581 medica-

201 3617 368 3681 mina,
419 3616 750 3671 diversorum
799 3615 1271 3670 instrumentorum
1325 3625 1630 3687 apparatus,
1684 3619 1784 3672 ali-

201 3716 382 3762 menta
407 3707 564 3776 aegris
601 3707 943 3777 congruentia
974 3723 987 3760 :
1020 3708 1158 3761 aeris
1186 3722 1396 3778 quoque
1429 3720 1614 3763 natura
1642 3725 1786 3778 saepe

199 3799 399 3853 sufficit
424 3799 489 3853 ad
526 3799 656 3868 azgri
695 3797 1082 3865 valetudinem;
1115 3808 1195 3853 est
1221 3799 1380 3854 etiam
1419 3815 1539 3855 cum
1568 3815 1786 3855 somnus

198 3902 499 3965 opportune
536 3891 732 3947 cadens
784 3909 997 3948 omnem
1040 3893 1246 3948 medico
1284 3893 1520 3951 laborem
1559 3894 1783 3949 auferat.

203 3986 301 4040 llic
328 4000 458 4039 vero
483 3984 611 4039 nihil
642 3985 815 4039 simile
854 3985 1145 4055 excogitari
1177 3994 1382 4053 potest;
1411 3986 1505 4041 sed
1536 4000 1637 4039 una
1668 3996 1788 4056 post

202 4092 428 4147 operum
458 4076 763 4146 exemplum
795 4076 952 4131 datur
976 4077 1219 4131 machina
1248 4077 1437 4147 viaque
1461 4076 1528 4131 ad
1556 4078 1787 4134 curatio-

200 4185 351 4233 nem,
387 4182 578 4237 nempe
608 4168 753 4222 verbi
789 4168 1050 4222 doctrina.
1096 4167 1206 4223 Hoc
1235 4176 1317 4223 est
1345 4168 1783 4235 instrumentum,

201 4260 305 4314 hoc
333 4272 458 4313 esca
482 4298 497 4322 ,
545 4258 648 4313 hoc
675 4259 816 4314 aeris
848 4260 1131 4329 temperies
1156 4260 1378 4330 optima,
1412 4260 1513 4315 hoc
1535 4262 1650 4317 vice
1676 4278 1786 4315 nne-

200 4352 488 4406 dicarnenti
509 4393 524 4416 ,
566 4350 667 4405 hoc
697 4352 812 4406 vice
840 4352 977 4422 ignis
1020 4367 1084 4406 ac
1123 4353 1237 4407 vice
1281 4353 1403 4407 ferri
1438 4371 1451 4406 ε
1484 4354 1595 4408 sive
1630 4370 1789 4409 uren-

200 4446 352 4509 dum,
376 4445 488 4498 sive
516 4444 803 4499 secandum
831 4446 917 4509 sit,
951 4445 1042 4499 illo
1071 4445 1143 4498 uti
1180 4459 1399 4500 necesse
1424 4456 1507 4502 est
1533 4464 1545 4497 :
1579 4447 1623 4500 si
1656 4446 1785 4501 illud

201 4536 337 4590 nihil
383 4535 567 4604 possit,
596 4535 801 4605 reliqua
827 4536 1005 4589 omnia
1036 4536 1302 4591 incassum
1348 4536 1563 4591 abeunt.
1598 4537 1709 4593 Hoc
1737 4545 1791 4591 et

198 4628 467 4699 jacentem
496 4628 726 4680 animam
754 4628 1066 4693 excitamus,
1092 4639 1145 4681 et
1176 4636 1467 4686 tumentem
1496 4629 1792 4698 compesci-

204 4738 327 4775 mus
353 4763 368 4785 ,
395 4729 451 4774 et
488 4718 839 4774 redundantia
869 4719 1234 4787 prmeidimus,
1263 4729 1316 4773 et
1342 4719 1639 4774 deficientia
1666 4736 1792 4788 sup-

202 4814 435 4885 plemus,
481 4821 533 4867 et
563 4812 765 4881 reliqua
806 4810 982 4865 omnia
1021 4809 1264 4876 facimus,
1316 4827 1432 4881 quae
1481 4811 1545 4863 ad
1600 4811 1792 4866 animm

202 4903 489 4959 conferunt
510 4902 951 4957 incolumitatem.
979 4901 1110 4955 Nam
1141 4902 1206 4954 ad
1236 4903 1358 4956 vita:
1388 4904 1640 4974 Optimam
1664 4919 1793 4958 con-

203 4997 538 5051 stitutionem
561 4995 780 5051 alterius
806 4996 910 5048 vita
940 4995 1007 5049 ad
1039 4995 1212 5051 simile
1241 4996 1468 5049 studium
1495 5006 1547 5051 et
1573 4998 1793 5051 :emula-

206 5090 409 5141 tionem
441 5102 693 5142 revocare
720 5087 904 5155 possit.
932 5087 1063 5165 Cum
1090 5094 1268 5140 autem
1296 5087 1467 5140 anima
1500 5089 1638 5141 circa
1661 5105 1789 5159 spu—

206 5181 285 5235 ria
317 5179 565 5250 dogmata
593 5190 835 5250 aegrotat,
866 5188 992 5234 tunc
1020 5180 1165 5235 verbi
1190 5168 1316 5234 usus
1344 5181 1574 5236 maxime
1602 5198 1790 5238 neces-

206 5271 384 5325 sarius
406 5282 508 5336 est,
532 5286 637 5325 non
664 5271 728 5324 ad
753 5272 1173 5327 domesticorum
1198 5272 1537 5327 securitatem
1563 5282 1787 5341 tantum,

204 5378 396 5418 verum
431 5364 589 5417 etiam
616 5363 687 5418 ad
712 5373 930 5419 externa
963 5364 1115 5419 bella.
1146 5364 1278 5419 Nam
1309 5366 1352 5419 si
1379 5366 1497 5436 quis
1538 5367 1789 5424 frameam

206 5454 429 5524 spiritus
456 5453 666 5517 habeat,
692 5456 1041 5525 clypeumque
1060 5454 1184 5511 fidei
1213 5457 1390 5520 talem,
1424 5466 1481 5511 ut
1504 5460 1671 5528 possit
1695 5463 1795 5515 mi-

204 5544 390 5597 racula
420 5544 600 5610 edere,
635 5553 688 5598 et
719 5545 975 5614 portentis
1003 5544 1388 5614 impudentiam
1433 5562 1524 5600 ora
1550 5549 1795 5604 obstrue-

204 5652 290 5703 re,
322 5636 450 5689 nihil
483 5652 619 5705 Opus
643 5635 802 5692 fuerit
828 5637 1024 5701 verbo;
1058 5638 1165 5692 imo
1192 5653 1259 5692 ne
1290 5647 1413 5692 tunc
1435 5639 1646 5708 quidem
1673 5642 1793 5695 inu-

204 5729 317 5781 tilis
346 5736 493 5783 esset
521 5728 639 5797 ejus
678 5737 885 5796 natura,
917 5729 1011 5783 sed
1038 5730 1197 5784 etiam
1223 5729 1508 5783 admodum
1550 5746 1795 5787 necessa-

205 5821 307 5873 ria.
337 5818 547 5873 Etenim
575 5819 637 5874 Β.
664 5817 858 5877 Paulus
890 5822 1058 5890 ipsum
1091 5820 1345 5887 adhibuit,
1377 5820 1582 5878 etiamsi
1616 5823 1791 5897 signo-
1825 5814 1848 5886 ,ί

1391 373 1476 429 DE
1513 370 1958 429 SACERDOTIO.
2000 370 2125 426 LIB.
2169 373 2256 428 ιν.

3354 384 3453 437 666

1882 504 1999 542 rum
2029 491 2197 559 gratia
2223 490 2413 563 ubique
2438 490 2774 549 admirationi
2800 504 2957 550 esset.
2994 495 3059 549 Et
3084 496 3217 551 ulius
3245 498 3456 568 quidam

1877 597 1939 635 ex
1971 582 2158 636 eodem
2179 582 2344 637 choro
2366 626 2380 650 ,
2431 595 2489 639 ut
2518 586 2663 640 verbi
2691 588 2895 642 virtutis
2921 602 3100 642 curam
3145 588 3456 650 habeamus.

1878 684 2063 729 monet
2093 674 2176 730 his
2227 675 2406 730 verbis
2452 688 2467 730 ε
2523 676 2702 731 Parati
2752 689 2905 733 estote
2946 679 3015 732 ad
3064 680 3458 750 satisfactionem

1877 766 2013 818 onmi
2040 768 2260 835 poscenti
2290 784 2374 821 vos
2411 769 2654 822 rationem
2676 769 2738 822 de
2770 787 2848 835 ea,
2882 787 2994 839 quia
3017 772 3069 824 in
3094 773 3229 826 vobis
3252 781 3343 839 est,
3372 789 3462 842 spe

1878 858 1928 926 (l
1962 857 2105 912 Petr.
2158 860 2212 914 5.
2242 858 2354 930 l5).
2404 859 2469 914 Et
2508 860 2719 929 quidem
2749 863 2888 915 nulla
2919 863 3020 917 alia
3048 862 3116 918 de
3144 878 3303 917 causa
3335 872 3461 917 tunc

1877 963 2064 1003 omnes
2086 949 2357 1020 Stephano
2378 950 2652 1005 viduarum
2675 953 3029 1006 oeconomiam
3052 953 3456 1014 commiserunt,

1878 1056 2035 1109 quam
2082 1049 2137 1094 ut
2174 1041 2273 1110 ipsi
2314 1041 2462 1097 verbi
2492 1042 2787 1097 ministerio
2831 1052 3077 1097 vacarent
3102 1044 3247 1113 (Act.
3272 1043 3325 1098 6.
3362 1043 3397 1096 ἓ
3420 1046 3458 1113 ).

1879 1133 2253 1190 Verumtamen
2274 1151 2379 1189 non
2401 1135 2619 1204 perinde
2635 1136 2851 1190 verbum
2868 1137 3277 1205 requireremus,
3297 1136 3340 1190 si
3361 1139 3465 1190 vir-

1879 1232 2045 1279 tutem
2075 1225 2347 1296 signorum
2378 1226 2718 1282 haberemus.
2749 1227 2840 1282 Sin
2873 1227 3083 1281 virtutis
3107 1227 3245 1281 illius
3275 1243 3344 1282 ne
3374 1245 3464 1281 ve—

1878 1317 2095 1388 stigium
2136 1318 2352 1388 quidem
2385 1301 2734 1387 relinquitur,
2776 1319 2926 1373 multi
2956 1334 3082 1374 vero
3121 1320 3354 1389 undique
3385 1320 3465 1372 in—

1880 1420 2022 1465 stant
2071 1411 2289 1476 inimici,
2342 1427 2589 1467 sermone
2636 1413 2935 1467 muniamur
2982 1427 3202 1467 necesse
3245 1421 3346 1477 est,
3399 1428 3465 1465 ne

1882 1502 2215 1558 inimicorum
2258 1504 2373 1561 telis
2427 1504 2824 1569 confodiamur,
2865 1505 2971 1559 imo
2996 1505 3173 1576 potius
3218 1516 3273 1558 ut
3323 1506 3465 1574 ipsos

1882 1593 2158 1649 feriamus.

1953 1687 2006 1740 4.
2041 1686 2119 1739 Ad
2137 1684 2334 1755 quasvis
2353 1687 2714 1742 controversias
2733 1699 2966 1757 paratum
2992 1705 3098 1743 esse
3121 1697 3368 1757 oportere.
3397 1716 3467 1727 --

1883 1779 2215 1851 Quapropter
2234 1782 2417 1850 ingens
2441 1781 2691 1836 adhibere
2717 1782 2949 1835 studium
2971 1791 3199 1851 oportet,
3230 1792 3285 1834 ut
3311 1780 3467 1835 Cirri-

1884 1876 1949 1926 sti
1982 1873 2197 1928 verbum
2242 1874 2442 1929 affatim
2474 1875 2524 1928 in
2566 1874 2719 1928 nobis
2763 1874 2962 1929 habitet
2988 1872 3007 1945 (
3030 1873 3221 1927 Coloss.
3253 1873 3308 1927 5.
3338 1870 3464 1942 16).

1883 1965 2067 2035 Neque
2097 1967 2237 2019 enim
2269 1964 2335 2019 ad
2363 1981 2524 2019 unum
2567 1980 2753 2035 pugna:
2776 1978 2944 2035 genus
2972 1972 3254 2033 apparatus
3284 1972 3468 2017 noster

1884 2068 1964 2110 est
1985 2097 1999 2120 ,
2030 2055 2121 2110 sed
2150 2057 2421 2126 multiplex
2452 2057 2553 2112 hoc
2577 2057 2772 2111 bellum
2800 2065 2882 2110 est
2904 2098 2921 2123 ,
2964 2071 3029 2110 ex
3056 2056 3319 2125 variisque
3347 2071 3467 2109 cou-

1883 2158 2033 2208 stans
2050 2148 2295 2205 inimicis.
2320 2148 2501 2219 Neque
2521 2148 2620 2218 ipsi
2648 2147 2835 2202 iisdem
2856 2156 3073 2201 utuntur
3095 2147 3277 2211 armis,
3299 2162 3469 2216 neque

1885 2255 1993 2294 uno
2021 2248 2225 2293 tantum
2276 2237 2435 2293 modo
2477 2238 2752 2293 nobiscum
2805 2237 3055 2308 congredi
3101 2237 3464 2292 meditantur:

1884 2346 2123 2402 opusque
2143 2340 2225 2386 est
2250 2346 2393 2397 eum,
2424 2331 2512 2400 qui
2539 2346 2661 2385 cum
2687 2330 2933 2386 omnibus
2963 2345 3188 2400 pugnam
3214 2329 3467 2385 commis-

1884 2438 2041 2479 surus
2066 2432 2167 2487 est,
2199 2423 2433 2477 omnimn
2466 2421 2686 2477 technas
2712 2430 2861 2477 notas
2888 2422 3102 2486 habere,
3132 2436 3196 2476 ac
3221 2421 3468 2475 eumdem

1886 2531 2006 2570 esse
2032 2514 2359 2584 sagittarium
2388 2521 2441 2567 et
2467 2511 2788 2567 funditorem
2808 2553 2823 2577 ,
2852 2512 3121 2566 tribunum
3144 2520 3198 2566 ct
3219 2511 3469 2580 manipuli

1888 2607 2187 2669 ductorem,
2215 2604 2434 2660 militem
2465 2602 2745 2667 etducem,
2769 2602 2998 2672 peditem
3025 2611 3077 2656 et
3099 2602 3349 2672 equitem,
3377 2617 3470 2655 na-

1892 2699 2023 2753 valis
2051 2708 2103 2752 et
2125 2697 2339 2751 muralis
2365 2709 2551 2765 pugna:
2572 2694 2816 2764 peritum.
2847 2692 3057 2748 Etenim
3078 2693 3129 2747 in
3156 2692 3470 2748 militaribus

1889 2790 2101 2860 przeliis,
2135 2789 2277 2859 quod
2302 2789 2522 2859 quisque
2549 2802 2683 2857 opus
2709 2786 3064 2857 peragendum
3092 2788 3331 2857 suscipit,
3366 2788 3469 2842 hoc

1890 2883 2150 2937 irruemes
2180 2881 2451 2951 propulsat
2484 2897 2497 2933 :
2528 2879 2614 2936 hic
2638 2895 2765 2934 vero
2803 2895 2908 2934 non
2932 2881 3003 2934 ita
3047 2895 3107 2935 se
3150 2894 3236 2935 res
3274 2879 3467 2943 habet;

1890 2975 1990 3030 nisi
2016 2975 2158 3030 enim
2185 2975 2273 3044 qui
2302 2974 2575 3029 victoriam
2599 2981 2961 3043 reportaturus
2982 2981 3083 3039 est,
3111 2987 3296 3027 omnes
3316 2973 3470 3027 dimi-

1888 3067 2042 3122 candi
2069 3078 2211 3122 artes
2238 3068 2463 3131 noverit,
2491 3065 2636 3119 novit
2661 3063 2902 3139 diabolus
2926 3064 3011 3119 vel
3037 3080 3131 3134 per
3160 3079 3317 3118 unam
3342 3080 3467 3135 par-

1890 3169 2018 3225 tem,
2049 3161 2092 3214 si
2118 3175 2180 3215 ea
2221 3159 2536 3230 negligatur,
2562 3157 2899 3228 praedonibus
2926 3157 3035 3211 suis
3063 3156 3314 3212 immissis
3342 3171 3469 3212 oves

1889 3253 2140 3323 diripere.
2172 3253 2239 3306 At
2286 3267 2389 3307 non
2439 3252 2562 3307 item
2589 3266 2708 3306 cum
2756 3260 3023 3321 pastorem
3072 3251 3301 3306 senserit
3326 3250 3471 3305 omni

1889 3346 2111 3401 scientia
2144 3344 2418 3414 praeditum
2443 3358 2582 3408 esse,
2612 3359 2903 3413 omnesque
2924 3344 3093 3413 ipsius
3113 3343 3329 3397 insidias
3352 3358 3471 3412 pro-

1890 3437 1957 3493 be
1985 3438 2199 3491 callere.
2225 3435 2583 3503 Quamobrem
2611 3443 2822 3505 Oportet
2849 3450 2947 3490 nos
2976 3436 3223 3490 omnibus
3251 3452 3316 3489 ex
3346 3450 3472 3505 pars

1893 3529 2032 3583 tibus
2067 3527 2301 3582 munitos
2338 3540 2477 3582 esse.
2503 3526 2711 3581 Etenim
2739 3526 2865 3580 urbs
2893 3527 3065 3581 donec
3107 3526 3335 3596 undique
3363 3528 3471 3581 cir-

1890 3618 2213 3675 cumrnunita
2244 3629 2345 3684 est,
2372 3618 2679 3672 obsidentes
2706 3632 2764 3672 se
2794 3618 3008 3680 irridet,
3053 3633 3116 3671 ac
3161 3633 3347 3673 secure
3374 3619 3472 3672 ad-

1892 3711 2107 3765 modum
2133 3711 2269 3780 agit;
2302 3711 2348 3764 si
2375 3710 2494 3779 quis
2539 3725 2665 3764 vero
2687 3725 2895 3764 murum
2938 3709 3160 3764 diruerit
3197 3711 3262 3764 ad
3296 3711 3473 3779 janua:

1893 3805 2065 3859 solum
2094 3804 2531 3874 magnitudinem,
2562 3813 2685 3858 tunc
2714 3802 2845 3857 nihil
2872 3803 2947 3857 illi
2972 3803 3189 3873 prodest
3220 3815 3429 3873 septum
3456 3845 3470 3867 ,

1894 3897 2015 3951 licet
2041 3897 2303 3967 reliquum
2348 3911 2507 3951 omne
2550 3897 2813 3950 munitum
2862 3897 2950 3950 sit.
2993 3895 3193 3950 Eodem
3236 3896 3394 3950 modo
3419 3904 3475 3951 et

1895 3988 1986 4042 Dei
2013 3989 2221 4055 civitas,
2243 3988 2366 4042 dum
2387 4002 2503 4043 eam
2534 3986 2766 4058 undique
2798 4001 2893 4057 pro
2920 4002 3076 4042 muro
3102 3987 3264 4042 ambit
3292 3996 3473 4057 pasto-

1893 4081 1967 4135 ris
1992 4081 2205 4135 solertia
2234 4090 2393 4150 atque
2420 4080 2694 4148 prudentia
2715 4121 2731 4146 ,
2777 4079 3093 4135 adversariis
3133 4094 3243 4133 sua:
3288 4093 3475 4135 omnes

1894 4173 2155 4226 machina:
2199 4172 2251 4225 in
2298 4171 2641 4241 opprobrium
2669 4172 2941 4241 risumque
2993 4170 3205 4233 cedunt,
3252 4184 3476 4240 eamque

1893 4264 2185 4319 incolentes
2222 4263 2370 4318 illam
2402 4262 2662 4327 evadunt;
2707 4263 2793 4317 ubi
2836 4271 3011 4316 autem
3066 4262 3324 4331 quispiam
3355 4276 3476 4315 eam

1893 4371 1958 4411 ex
1984 4364 2134 4426 parte
2155 4355 2401 4411 demoliri
2425 4355 2612 4424 possit,
2635 4354 2843 4409 etiamsi
2870 4370 2975 4408 non
3010 4364 3168 4408 totam
3197 4353 3477 4409 destruxe-

1895 4449 1982 4514 rit,
2011 4462 2040 4501 a
2069 4456 2217 4517 parte
2249 4455 2418 4501 totum
2438 4488 2452 4509 ,
2485 4457 2542 4506 ut
2566 4446 2635 4500 ita
2665 4445 2862 4511 dicam,
2900 4445 3149 4515 deinceps
3190 4445 3475 4501 labefacta-

1898 4551 2003 4595 tur.
2033 4538 2169 4607 Quid
2199 4539 2342 4593 enim
2395 4538 2623 4608 cuipiam
2675 4536 2933 4607 profuerit
2972 4536 3227 4591 adversus
3250 4537 3476 4607 gentiles

1897 4630 2109 4685 fortiter
2134 4644 2370 4699 pugnare
2388 4670 2404 4695 ,
2434 4630 2479 4682 si
2506 4629 2651 4683 illtnn
2679 4628 3000 4697 populentur
3021 4627 3227 4684 Judwi?
3258 4628 3383 4698 quid
3408 4630 3473 4691 si,

1899 4724 2136 4791 utrisque
2169 4722 2426 4786 devictis,
2455 4736 2485 4775 a
2511 4720 2811 4775 Manichteis
2850 4720 3163 4789 diripiatur?
3196 4721 3278 4775 vel
3323 4721 3368 4775 si
3395 4720 3480 4774 his

1896 4815 2056 4869 etiam
2088 4815 2396 4883 prostratis,
2450 4813 2538 4883 qui
2564 4812 2730 4866 fatum
2778 4812 3055 4879 inducunt,
3110 4812 3251 4865 intus
3281 4812 3480 4881 positas

1896 4920 2025 4961 oves
2048 4903 2329 4974 juguleut?
2359 4903 2561 4974 Ecquid
2592 4918 2725 4973 Opus
2755 4910 2837 4957 est
2864 4918 3049 4957 omnes
3077 4903 3271 4957 diaboli
3311 4904 3481 4957 haere-

1899 5010 1986 5051 ses
2014 4996 2334 5051 recensere?
2353 5010 2485 5064 quas
2508 5008 2695 5049 omnes
2724 4994 2824 5047 nisi
2856 5001 3037 5062 pastor
3060 4993 3192 5047 sciat
3210 4992 3377 5063 probe
3396 5007 3480 5047 re-

1898 5091 2098 5155 fellere,
2130 5091 2212 5144 vel
2260 5105 2353 5158 per
2379 5104 2536 5142 unam
2576 5089 2746 5158 possit
2786 5088 2942 5157 lupus
2986 5090 3268 5142 maximam
3298 5100 3480 5142 ovtum

1897 5195 2101 5256 partem
2132 5186 2413 5239 devorare.
2444 5184 2585 5240 Sane
2621 5200 2741 5239 cum
2783 5184 2849 5239 de
2890 5185 3143 5240 militibus
3190 5187 3383 5256 agitur,
3415 5189 3482 5243 ab
3530 5256 3533 5259 _

1899 5278 1963 5333 iis
1991 5278 2079 5348 qui
2107 5286 2249 5333 stant
2269 5286 2321 5331 et
2340 5278 2611 5341 dimicant,
2638 5278 2751 5332 sive
2777 5277 3018 5343 victoria,
3046 5280 3157 5333 sive
3180 5278 3360 5334 clades
3387 5296 3481 5335 ex—

1897 5370 2182 5439 spectanda
2220 5380 2300 5425 est
2335 5388 2348 5423 :
2384 5370 2468 5424 hic
2497 5384 2626 5423 vero
2667 5370 2825 5440 longe
2853 5384 3027 5425 secus.
3058 5370 3212 5439 Stepe
3254 5388 3482 5442 namque

1898 5462 2123 5515 aliorum
2155 5476 2349 5530 pugna,
2378 5476 2471 5515 eos
2490 5462 2578 5530 qui
2612 5477 2678 5514 ne
2698 5462 2766 5514 ab
2792 5461 2944 5515 initio
2965 5463 3177 5531 quidem
3207 5464 3481 5533 congressi

1898 5562 2041 5619 sunt,
2069 5554 2263 5622 quique
2300 5553 2501 5607 nullum
2545 5567 2830 5622 suscepere
2859 5554 3116 5621 laborem,
3145 5556 3484 5624 quiescentes

1898 5644 2250 5714 sedentesque
2291 5646 2522 5700 victores
2545 5646 2819 5701 constituit
2847 5662 2860 5697 :
2895 5656 3006 5699 tum
3034 5648 3077 5701 is
3101 5648 3191 5715 qui
3222 5663 3326 5701 non
3365 5663 3482 5701 ma-

1899 5751 2131 5805 gnopere
2160 5737 2482 5791 exercitatus
2508 5748 2619 5803 est,
2661 5738 2876 5808 proprio
2901 5737 3181 5792 confossus
3207 5736 3397 5806 gladio,
3428 5748 3483 5791 et

1900 5828 2083 5885 amicis
2105 5837 2159 5883 et
2174 5828 2401 5886 inimicis
2427 5843 2485 5885 se
2507 5829 2853 5886 deridendum
2884 5828 3144 5900 propinat.
3182 5827 3335 5882 Verbi
3356 5844 3477 5896 gra-
