3922 6268
396 355 502 414 667

395 477 464 527 tia
498 472 642 544 (nam
671 471 764 527 tibi
789 471 928 534 dicta
959 484 1073 524 mea
1100 464 1344 537 exemplo
1379 465 1552 536 palam
1581 463 1754 517 facere
1805 477 1965 514 cona-

396 565 539 634 bor),
569 565 738 633 legem
759 579 788 616 a
820 563 927 616 Deo
948 560 1112 632 Moysi
1135 560 1310 614 datam
1333 567 1442 612 tum
1471 556 1725 612 Valentini
1757 565 1809 608 et
1830 553 1968 607 Mar-

395 656 564 709 cionis
617 655 833 708 insanire
878 665 1154 721 sequaces.
1203 659 1312 702 tum
1351 648 1440 702 alii
1478 655 1735 716 quotquot
1781 644 1968 697 eodem

399 748 585 802 morbo
609 746 836 801 contacti
857 754 978 799 sunt
997 759 1062 799 ex
1089 743 1385 798 divinarum
1409 741 1795 808 Scripturarnm
1822 746 1968 792 cata-

403 839 523 911 iogo
552 849 894 910 expungunt:
924 837 1093 894 Judzei
1140 852 1268 890 vero
1298 845 1444 890 tanto
1473 835 1613 888 illam
1664 832 1717 887 in
1771 830 1972 885 honore

401 930 615 998 habent,
645 939 702 984 ut
724 931 884 985 etiam
913 936 1124 984 vetante
1155 937 1392 997 tempore
1415 925 1591 980 omnia
1621 924 1966 986 contentiose,

402 1022 482 1075 vel
515 1029 706 1090 praeter
751 1021 843 1074 Dei
867 1019 1138 1090 placitum
1167 1016 1467 1072 observent.
1501 1017 1566 1070 At
1612 1014 1846 1068 Ecclesia
1882 1012 1973 1066 Dei

400 1113 677 1166 amborum
723 1111 1124 1167 immoderatam
1173 1109 1488 1164 sententiam
1517 1107 1756 1161 devitans
1802 1103 1973 1158 media

403 1203 596 1258 Incedit
624 1204 728 1268 via,
774 1211 833 1257 ut
879 1216 978 1258 nec
1031 1202 1168 1256 illius
1183 1201 1310 1271 jugo
1358 1215 1416 1255 se
1441 1199 1703 1267 subjiciat,
1737 1211 1833 1251 nec
1856 1211 1972 1250 eam

402 1295 686 1365 improbari
718 1295 981 1365 patiatur;
1014 1293 1120 1346 imo
1159 1293 1303 1346 illam
1332 1292 1417 1346 vel
1445 1299 1741 1346 cessantem
1763 1288 1972 1350 laudat,

401 1391 522 1458 quia
552 1388 674 1442 olim
719 1389 769 1442 in
800 1398 1035 1455 tempore
1081 1401 1178 1440 suo
1208 1385 1349 1439 utilis
1387 1383 1503 1439 fuit.
1533 1383 1754 1452 Oportet
1798 1390 1973 1434 autem

401 1495 547 1544 eum,
580 1480 668 1548 qui
719 1479 974 1532 adversus
1003 1477 1284 1531 utroslibet
1331 1474 1692 1530 debellaturus
1719 1472 1806 1534 sit,
1837 1471 1977 1524 hunc

403 1571 617 1624 modum
658 1570 870 1624 callere.
901 1567 1028 1622 Nam
1058 1566 1103 1621 si
1131 1567 1345 1622 Judceos
1381 1565 1574 1620 docere
1599 1564 1802 1628 volens,
1836 1563 1974 1632 quod

403 1657 771 1729 intempestive
810 1659 912 1729 legi
948 1659 1114 1714 veteri
1160 1657 1412 1723 Intereaut,
1439 1657 1632 1710 acriter
1656 1655 1796 1708 illam
1827 1654 1975 1707 incu-

403 1766 523 1806 sare
547 1749 912 1820 aggrediatur,
937 1747 1199 1802 luereticis
1229 1748 1393 1816 ipsam
1421 1747 1723 1814 vituperare
1749 1743 1975 1797 volenti-

402 1844 502 1898 bus
525 1858 627 1898 non
650 1857 869 1912 parvam
889 1841 1095 1896 dederit
1117 1855 1298 1894 ansam
1329 1857 1341 1892 :
1365 1838 1466 1901 sin,
1492 1838 1861 1891 luereticorum
1883 1850 1976 1888 ora

406 1935 654 1988 obturare
695 1933 878 1987 volens
903 1975 918 1999 ,
951 1932 1092 1986 illam
1123 1929 1406 1984 immodice
1449 1927 1722 1991 extulerit,
1751 1936 1805 1980 et
1827 1927 1975 1995 quasi

403 2024 456 2078 in
489 2023 736 2092 przesenti
767 2022 1118 2077 necessariam
1149 2017 1600 2073 conunendaverit
1621 2059 1634 2079 ,
1673 2016 1974 2071 Judmorum

404 2129 496 2168 ora
523 2114 744 2181 aperiet.
798 2111 1002 2166 Rursus
1045 2113 1282 2180 quicum
1334 2108 1566 2163 Sabellio
1609 2108 1894 2170 insaniunt,
1925 2115 1979 2160 et

401 2217 536 2272 quos
563 2203 672 2256 Arii
700 2199 874 2255 rabies
894 2199 1110 2263 invasit,
1137 2198 1294 2252 ambo
1325 2198 1456 2250 ultra
1486 2195 1701 2250 modum
1727 2211 1976 2265 progres-

403 2294 469 2355 si,
499 2307 528 2346 a
557 2306 682 2346 sana
713 2291 816 2346 fide
845 2291 975 2359 lapsi
1005 2299 1154 2352 sunt;
1187 2305 1247 2342 ac
1274 2303 1466 2342 nomen
1489 2287 1697 2356 quidem
1719 2286 1973 2339 Christia-

407 2397 597 2437 norum
620 2381 827 2451 utrique
853 2381 1091 2434 obtinent
1119 2398 1130 2432 :
1162 2380 1204 2431 si
1236 2380 1354 2448 quis
1379 2393 1503 2432 vero
1529 2393 1710 2431 eorum
1735 2378 1978 2446 dogmata

405 2473 719 2542 expendcrit
742 2515 756 2538 ,
789 2472 920 2527 alios
946 2471 1083 2524 haud
1118 2471 1305 2524 melius
1332 2485 1489 2539 quam
1519 2469 1730 2524 Judazos
1759 2468 1977 2521 affectos

404 2579 525 2620 esse
552 2563 950 2634 deprehendet,
987 2577 1092 2617 uno
1119 2570 1318 2616 tantum
1355 2571 1578 2630 excepto
1603 2560 1874 2614 nominum
1895 2559 1978 2613 di-

406 2655 685 2720 scrimine;
735 2655 867 2708 alios
892 2669 1018 2706 vero
1046 2667 1287 2721 magnam
1333 2651 1639 2706 affinitatem
1683 2666 1800 2704 cum
1833 2649 1979 2704 Pauli

405 2747 734 2800 Samosateni
791 2745 987 2799 hteresi
1037 2745 1234 2799 habere
1268 2761 1280 2796 :
1315 2743 1407 2796 sed
1438 2752 1687 2811 utrosque
1731 2742 1910 2811 procul
1949 2756 1978 2794 a

404 2838 627 2892 veritate
653 2852 791 2892 esse.
823 2837 1064 2907 Magnum
1112 2837 1272 2905 igitur
1297 2834 1384 2890 hic
1411 2834 1725 2903 periculum,
1754 2845 1897 2887 arcta
1927 2841 1981 2887 et

406 2937 626 2998 angusta
682 2929 764 2982 via
811 2937 912 2992 est,
969 2926 1271 2996 przecipitiis
1321 2926 1587 2990 utrimque
1643 2923 1976 2992 intercepta:

407 3028 684 3086 unctusque
709 3027 792 3072 est
815 3033 918 3071 non
945 3017 1206 3081 modicus,
1246 3032 1314 3071 ne
1340 3016 1455 3085 quis
1481 3015 1639 3068 alium
1675 3013 1835 3069 ferire
1859 3025 1974 3068 stu~

407 3109 541 3163 dens
568 3108 633 3164 ab
659 3107 765 3162 alio
791 3107 1141 3163 confodiatur.
1165 3107 1295 3161 Nam
1317 3107 1360 3160 si
1383 3107 1502 3176 quis
1522 3121 1677 3159 unam
1705 3106 1844 3159 dicat
1867 3106 1981 3159 dei-

409 3209 596 3262 tatem,
629 3201 764 3253 hauc
797 3199 972 3253 statim
995 3212 1176 3252 vocem
1205 3197 1463 3253 Sabellius
1487 3197 1552 3251 ad
1585 3212 1733 3250 suam
1775 3205 1980 3265 pertra-

408 3288 502 3344 hct
522 3290 852 3354 insaniamâ€˜;
898 3289 978 3343 sln
1009 3276 1326 3351 distinxerit,
1383 3297 1437 3342 et
1481 3288 1640 3341 alium
1687 3288 1828 3342 dicat
1863 3303 1982 3342 esse

409 3379 641 3445 Patrem,
663 3380 823 3434 alium
845 3381 1058 3447 Filium,
1081 3379 1239 3434 alium
1261 3380 1512 3448 Spiritum
1539 3389 1798 3444 sanctum,
1824 3380 1984 3434 instat

412 3471 570 3526 Arius
597 3470 650 3525 in
693 3470 1048 3525 diversitatem
1079 3471 1384 3525 substantim
1421 3486 1764 3540 personarum
1790 3470 1981 3526 distin-

409 3565 640 3618 ctionem
663 3565 901 3620 trahens.
928 3565 1145 3634 Oportet
1170 3576 1346 3621 autem
1373 3577 1424 3621 et
1455 3566 1665 3636 impiam
1692 3565 1831 3619 illius
1857 3581 1984 3620 con-

412 3654 673 3710 fusionem
713 3664 769 3709 et
797 3655 1048 3711 furiosam
1096 3657 1252 3726 hujus
1301 3658 1610 3712 divisionem
1663 3658 1892 3711 aversari
1931 3666 1986 3711 ct

412 3745 618 3815 fugere,
663 3745 990 3801 divinitatem
1041 3747 1232 3811 Patris,
1284 3745 1403 3802 Filii
1453 3759 1505 3803 et
1544 3748 1770 3818 Spiritus
1815 3749 1982 3802 sancti

415 3853 571 3893 unam
599 3840 933 3904 conï¬tentes,
962 3850 1071 3894 tres
1099 3849 1275 3895 autem
1298 3841 1606 3912 hypostases
1635 3841 1943 3910 adjicientes
1968 3859 1983 3896 :

415 3929 513 3984 hac
537 3931 732 4000 quippe
760 3933 964 3986 ratione
991 3942 1330 4001 utrorumque
1359 3934 1599 3986 incursus
1626 3946 1812 3986 arcere
1832 3939 1984 4000 pote-

412 4021 602 4074 rimus.
631 4021 821 4075 Multos
842 4023 966 4076 item
989 4023 1120 4076 alios
1141 4038 1455 4090 congressus
1475 4039 1724 4077 enarrare
1749 4023 1839 4077 tibi
1863 4037 1985 4091 pos-

411 4126 629 4178 scmus,
661 4114 711 4166 in
749 4115 960 4182 quibus,
1001 4115 1098 4167 nisi
1125 4114 1339 4169 fortiter
1366 4115 1753 4184 diligenterque
1781 4131 1975 4184 pugna-

413 4205 576 4269 veris,
607 4203 832 4274 plurima
861 4220 925 4258 ex
947 4207 1235 4260 certamine
1257 4206 1473 4259 vulnera
1507 4205 1726 4261 referes.

482 4297 538 4347 á½….
573 4294 781 4362 Oportet
805 4295 949 4348 illum
974 4295 1186 4364 peritum
1208 4313 1312 4349 esse
1332 4296 1623 4351 diatecticaz.
1647 4329 1713 4337 â€”
1730 4298 1845 4353 Jam
1867 4300 1986 4368 quis

413 4399 696 4440 recensere
724 4386 889 4454 possit
917 4385 1330 4440 domesticorum
1357 4387 1540 4442 rixas?
1567 4387 1679 4442 Non
1711 4389 1851 4444 enim
1883 4389 1988 4444 illa:

414 4477 650 4530 minores
673 4486 796 4530 sunt
815 4477 1052 4531 externis
1079 4477 1375 4541 insultibus,
1400 4479 1506 4533 imo
1528 4480 1753 4550 majores
1779 4483 1990 4552 pariunt

412 4567 625 4622 docenti
653 4567 893 4621 sudores.
925 4568 1024 4621 Alii
1058 4584 1284 4639 namque
1317 4586 1425 4639 pra:
1455 4571 1757 4626 curiositate
1786 4581 1988 4629 temere

415 4661 592 4716 omnia
625 4659 873 4728 indagare
902 4659 1122 4725 volunt,
1152 4676 1214 4715 ex
1243 4677 1466 4730 quorum
1495 4665 1678 4718 notitia
1705 4665 1834 4719 nihil
1862 4682 1987 4721 eve-

417 4747 530 4806 niat
571 4750 726 4814 lucri,
767 4750 876 4804 imo
910 4766 1028 4821 quas
1067 4752 1230 4806 edisci
1271 4754 1571 4823 neutiquam
1607 4766 1827 4824 possunt
1857 4776 1869 4810 :
1901 4759 1989 4814 alii

417 4858 602 4899 rursus
641 4843 735 4898 Dei
771 4843 1089 4912 judiciorum
1130 4846 1361 4900 rationes
1398 4848 1465 4901 ab
1503 4863 1568 4902 eo
1602 4851 1904 4919 postulant,
1937 4862 1991 4906 ct

417 4935 666 5006 abyssum
714 4934 857 4988 illam
905 4937 1123 4990 multam
1167 4937 1406 4991 demetiri
1454 4952 1713 4995 conantur
1742 4960 1756 4998 :
1785 4943 1991 4998 Iudicia

417 5039 646 5094 namque
678 5034 783 5093 tua,
814 5026 979 5094 inquit
997 5068 1012 5090 ,
1041 5027 1250 5098 abyssus
1277 5031 1434 5082 multa
1455 5032 1473 5100 (
1498 5031 1641 5087 Psal.
1673 5035 1761 5089 55.
1789 5037 1822 5090 â€™á¼²
1915 5037 1990 5092 De

418 5117 523 5173 ï¬de
547 5129 726 5172 autem
755 5128 810 5174 et
832 5119 900 5174 de
928 5120 1049 5174 vita:
1084 5120 1415 5179 institutione
1449 5141 1641 5192 paucos
1678 5143 1865 5183 curare
1892 5129 1989 5183 de-

417 5207 714 5278 prehendas
738 5250 754 5275 ,
787 5210 880 5266 sed
915 5213 1080 5266 multo
1111 5214 1289 5282 plures
1319 5215 1432 5269 lucc
1457 5219 1666 5272 curiose
1694 5231 1992 5276 scrutantes

419 5301 909 5372 perquirentesque,
931 5319 1048 5373 qua:
1068 5320 1166 5359 nec
1190 5307 1409 5362 inveniri
1436 5311 1656 5377 possint,
1679 5327 1740 5366 ac
1761 5328 1989 5382 quorum

418 5391 702 5460 exquisitio
723 5393 885 5448 Deum
909 5394 1099 5451 irritet.
1121 5396 1251 5452 Nam
1275 5399 1362 5452 ubi
1383 5415 1442 5453 ea
1461 5401 1698 5456 ediscere
1713 5418 1986 5473 conamur,

417 5498 537 5552 quae
566 5482 654 5538 ille
683 5499 781 5539 nos
811 5485 949 5540 scire
988 5501 1094 5541 non
1122 5490 1287 5555 velit,
1317 5506 1416 5545 nec
1442 5492 1672 5546 sciemus
1697 5511 1945 5565 umquam
1971 5539 1986 5563 ,

419 5573 438 5640 (
463 5574 554 5642 qui
579 5575 721 5629 enim
753 5577 967 5632 nolente
992 5578 1142 5634 Deo?
1167 5581 1186 5649 )
1213 5581 1264 5635 id
1291 5597 1450 5636 unum
1477 5585 1865 5652 reportabimus
1889 5629 1904 5652 ,
1935 5598 1992 5643 ut

421 5665 710 5733 qtuerendo
734 5669 1111 5736 periclitemur.
1139 5672 1408 5739 Attamen,
1434 5672 1547 5728 haec
1571 5690 1692 5730 cum
1716 5677 1784 5733 ita
1811 5692 1870 5736 se
1897 5679 1992 5736 ha-

479 5755 500 5789 â¸
535 5753 638 5815 Alii,
661 5757 972 5821 aequitatem.

1106 349 1166 404 S.
1203 344 1485 403 JOANNIS
1521 335 1999 400 CllllYSOSTOMl
2036 336 2351 394 ARCHIEP.
2393 340 2924 401 CONSTANTINOP.

3540 352 3648 408 608

2075 460 2231 512 beant
2254 502 2269 524 ,
2299 475 2418 514 cum
2462 464 2579 532 quis
2619 465 2934 521 auctoritate
2973 465 3277 537 interposita
3312 471 3651 533 curiosorum

2075 550 2345 605 hominum
2387 567 2479 607 ora
2527 553 2870 619 obstruxerit,
2915 562 3230 629 arrogantiae
3270 572 3325 617 et
3369 565 3655 634 imperitia:

2073 654 2252 698 notam
2291 647 2390 700 sibi
2433 647 2611 702 inurit.
2643 648 2999 716 Quamobrem
3036 652 3121 707 hic
3159 654 3320 707 multa
3352 673 3488 727 opus
3513 661 3657 712 anti-

2073 737 2182 791 stiti
2214 737 2489 806 prudentia
2513 779 2528 799 .
2559 750 2616 794 ut
2646 744 2812 810 possit
2834 758 2927 796 eos
2955 759 2983 795 a
3011 747 3386 814 quaestionibus
3417 760 3522 804 tam
3552 751 3655 804 ah-

2073 828 2249 882 surdis
2285 829 2583 892 abducere.
2609 841 2662 884 et
2699 847 2859 901 supra
2897 845 3213 890 memoratas
3252 838 3656 894 criminationes

2074 917 2360 974 declinare.
2388 921 2656 976 Adversus
2681 922 2792 976 haec
2813 925 2986 977 omnia
3009 925 3138 978 nihil
3159 926 3296 981 aliud
3320 944 3476 997 quam
3499 931 3654 986 verbi

2076 1010 2334 1065 auxilium
2361 1011 2539 1066 datum
2569 1023 2648 1067 est
2670 1053 2684 1078 ,
2713 1031 2812 1082 qua
2847 1013 3088 1072 facultate
3115 1018 3159 1071 si
3189 1020 3410 1075 antistes
3433 1034 3615 1078 careat
3635 1065 3653 1088 ,

2076 1100 2403 1154 subditorum
2434 1103 2596 1156 animi
2637 1104 2803 1158 nihilo
2833 1106 3019 1161 melius
3045 1123 3200 1176 quam
3236 1110 3491 1166 naviculae
3520 1129 3654 1182 pro-

2075 1191 2223 1246 cellis
2250 1193 2462 1260 agitatze
2496 1193 2668 1248 affecti
2696 1203 2850 1248 erunt
2878 1213 2892 1250 :
2919 1196 2985 1250 de
3021 1198 3086 1252 iis
3128 1198 3334 1268 loquor,
3370 1204 3458 1272 qui
3500 1203 3654 1259 inlir-

2078 1282 2273 1337 miores
2295 1292 2346 1338 et
2369 1284 2686 1340 curiosiorcs
2710 1295 2850 1340 sunt.
2875 1288 3227 1352 Quamobrem
3254 1308 3350 1360 par
3374 1305 3454 1349 est
3473 1311 3655 1352 sacer-

2076 1374 2254 1429 dotem
2280 1375 2411 1430 nihil
2441 1393 2542 1431 non
2567 1393 2758 1447 agere,
2789 1388 2845 1433 ut
2873 1380 2973 1435 sibi
2998 1379 3296 1439 facultatem
3333 1385 3467 1441 hanc
3493 1405 3651 1444 com-

2082 1477 2251 1537 paret.

2148 1557 2281 1614 Tum
2312 1559 2614 1616 BASlLlUS
2642 1577 2654 1619 :
2685 1561 2793 1616 Cur
2819 1577 2918 1632 ego
2945 1563 3160 1630 Paulus,
3191 1566 3379 1635 inquit,
3412 1569 3548 1624 hanc
3576 1572 3657 1625 si-

2079 1649 2130 1704 bi
2153 1651 2453 1706 facultatem
2480 1668 2789 1721 comparare
2809 1655 2825 1685 â€˜
2855 1671 2959 1708 non
2987 1660 3211 1723 curavit,
3246 1675 3415 1728 neque
3439 1662 3504 1715 de
3531 1664 3652 1715 eloâ€”

2078 1743 2303 1811 quentia:
2333 1743 2505 1810 inopia
2533 1744 2770 1807 erubuit,
2802 1745 2908 1798 imo
2937 1749 3103 1816 palam
3133 1748 3322 1804 fatetur
3349 1767 3404 1805 se
3431 1751 3652 1806 idiotam

2078 1835 2378 1902 esse,idque
2395 1836 2458 1888 ad
2476 1833 2775 1890 Corinthios
2788 1837 3045 1903 scribens,
3064 1840 3150 1909 qui
3168 1842 3480 1910 eloquentia:
3494 1844 3657 1899 laude

2082 1924 2359 1990 ï¬‚orebant,
2388 1924 2454 1979 de
2479 1942 2580 1993 qua
2609 1941 2812 1981 summe
2838 1929 3197 1997 gloriabantur
3214 1933 3288 2001 (2.
3310 1931 3424 1987 Cor.
3453 1935 3535 1988 11.
3560 1935 3657 2006 6)?

2176 2017 2226 2072 6.
2281 2017 2499 2070 Paulum
2555 2020 2607 2072 in
2657 2020 2752 2073 hoc
2801 2023 3032 2075 maxime
3062 2035 3309 2078 versatum
3357 2029 3529 2098 fuisse.
3581 2059 3646 2072 --

2080 2108 2447 2165 (lllRYSOST.
2488 2109 2598 2165 Hoc
2624 2121 2724 2177 est,
2758 2114 2992 2182 inquam,
3025 2115 3126 2170 hoc
3151 2126 3253 2182 est,
3282 2121 3418 2188 quod
3453 2123 3658 2190 pleros-

2079 2216 2183 2268 que
2213 2201 2473 2268 perdidit,
2511 2210 2564 2255 et
2588 2202 2726 2256 circa
2759 2220 2936 2259 veram
2963 2206 3254 2262 doctrinam
3282 2212 3553 2280 segniores
3576 2213 3659 2267 ef-

2081 2290 2220 2343 fecit.
2245 2289 2376 2344 Cum
2403 2290 2544 2346 enim
2569 2295 2869 2362 apostolica:
2897 2298 3088 2351 mentis
3116 2299 3442 2355 altitudinem
3467 2314 3656 2358 exacte

2080 2392 2252 2434 scruta
2263 2384 2302 2435 ri
2326 2399 2428 2437 non
2452 2396 2688 2453 possent,
2713 2404 2884 2457 neque
2904 2390 3183 2446 verborum
3206 2409 3417 2448 sensum
3438 2412 3650 2466 capere,

2080 2489 2238 2528 omne
2275 2484 2484 2545 tempus
2524 2479 2894 2535 somnolentis:
2933 2491 2987 2536 et
3024 2485 3314 2540 oscitantia:
3347 2487 3653 2556 dederunt,

2083 2563 2342 2618 inscitiam
2371 2565 2512 2619 illam
2540 2569 2844 2638 amplexati,
2870 2586 2974 2624 non
2999 2589 3097 2642 qua
3125 2574 3319 2629 Paulus
3343 2593 3398 2631 se
3424 2577 3650 2633 inscium

2082 2667 2200 2707 esse
2224 2652 2368 2718 dicit,
2391 2654 2486 2709 sed
2513 2671 2540 2710 a
2571 2673 2670 2726 qua
2700 2667 2844 2714 tanto
2866 2661 2954 2715 ille
2975 2662 3140 2717 abfuit
3159 2665 3456 2732 intervallo,
3478 2685 3653 2738 quan-

2085 2754 2136 2798 to
2163 2745 2337 2800 nullus
2366 2745 2661 2817 hominum,
2691 2752 2779 2818 qui
2808 2753 2907 2807 sub
2933 2754 3064 2810 caelo
3093 2765 3234 2810 sunt.
3267 2756 3527 2813 Cmterum
3556 2762 3659 2817 hoc

2083 2840 2504 2906 pertractandum
2537 2841 2677 2895 aliud
2717 2843 2767 2896 in
2802 2852 3010 2913 tempus
3039 2862 3368 2905 reservamus
3401 2869 3412 2904 :
3440 2851 3656 2907 interim

2085 2928 2209 2982 illud
2240 2929 2410 2982 dicam
2445 2948 2456 2982 :
2491 2931 2753 2989 Ponamus
2781 2933 3001 2989 Paulum
3027 2953 3146 2992 esse
3170 2939 3382 2994 idiotam
3409 2944 3571 2998 etiam
3603 2946 3656 3000 in

2084 3019 2194 3085 illa,
2227 3036 2326 3089 qua
2358 3021 2455 3088 ipsi
2485 3023 2687 3087 volunt,
2719 3037 2868 3095 parte
2899 3044 2912 3080 :
2943 3028 3067 3096 quid
3090 3033 3191 3084 hoc
3214 3031 3278 3084 ad
3303 3042 3496 3088 nostra:
3525 3044 3656 3088 arta-

2085 3111 2152 3164 tis
2179 3111 2460 3167 homines?
2485 3113 2578 3168 llle
2605 3116 2800 3186 quippe
2830 3117 2995 3172 multo
3022 3121 3275 3189 majorem
3304 3124 3468 3179 verbo
3494 3126 3660 3182 virtu-

2085 3210 2190 3256 tem
2231 3200 2441 3268 habuit,
2472 3220 2588 3273 qute
2627 3206 2781 3275 longe
2818 3207 2967 3276 plura
3007 3220 3257 3278 praestare
3295 3225 3504 3282 posset;
3533 3233 3658 3272 nam

2084 3293 2368 3348 ostendens
2397 3309 2454 3349 se
2481 3303 2684 3350 tantum
2709 3313 2772 3352 ac
2797 3306 2975 3353 tacens
3001 3301 3326 3360 dtemonihus
3349 3308 3661 3365 formidabi-

2085 3386 2154 3444 lis
2170 3398 2287 3442 erat
2304 3407 2316 3441 :
2345 3389 2589 3444 hodierni
2611 3397 2790 3444 autem
2814 3390 3062 3446 homines
3079 3408 3269 3447 omnes
3285 3395 3446 3448 simul
3459 3400 3664 3457 coacti,

2086 3479 2316 3535 infinitis
2342 3492 2454 3534 tum
2476 3482 2751 3550 precibus.
2777 3489 2892 3536 tum
2920 3484 3198 3555 lacrymis,
3231 3501 3508 3556 nunquam
3535 3499 3664 3543 tanâ€˜

2083 3581 2199 3625 tum
2217 3572 2450 3641 possint.
2475 3582 2736 3641 quantum
2759 3573 2886 3628 olim
2909 3573 3058 3629 Pauli
3077 3577 3412 3631 semicinctia
3433 3588 3667 3648 potuere

2085 3665 2228 3732 (Act.
2255 3663 2340 3718 19.
2360 3656 2473 3725 Î—).
2506 3661 2707 3717 Paulus
2741 3663 2958 3733 quidem
2985 3666 3240 3734 precihus
3266 3677 3510 3724 mortuos
3536 3687 3669 3725 sus-

2083 3754 2308 3820 citabat,
2331 3755 2500 3807 etalia
2525 3754 2748 3825 insuper
2769 3756 3028 3810 miracula
3057 3759 3322 3826 ejusmodi
3351 3761 3563 3826 edebat,
3598 3773 3664 3817 ut

2085 3846 2154 3901 ab
2168 3847 2411 3902 externis
2427 3846 2563 3900 deus
2585 3864 2708 3902 esse
2730 3849 3134 3920 putaretur(lb.
3158 3851 3245 3904 H.
3268 3853 3376 3918 ll),
3396 3869 3477 3916 ac,
3509 3855 3666 3924 prius

2083 3953 2246 4008 quam
2274 3954 2339 3993 ex
2371 3939 2472 3992 hac
2509 3939 2620 3991 vita
2650 3941 3065 4005 transferretur,
3099 3943 3299 4014 dignus
3330 3945 3544 4001 habitus
3573 3958 3666 4002 est

2085 4032 2176 4101 qui
2200 4039 2484 4102 raperetur
2507 4048 2680 4102 usque
2699 4034 2766 4088 ad
2791 4035 3008 4088 tertium
3029 4037 3240 4098 crelum,
3261 4036 3666 4108 verborumque

2085 4124 2355 4194 particeps
2384 4124 2555 4184 ï¬eret,
2583 4140 2700 4194 qua:
2727 4125 3017 4179 humanam
3048 4127 3238 4181 audire
3269 4136 3517 4180 naturam
3550 4146 3664 4183 non

2087 4217 2211 4272 licet
2234 4216 2308 4286 (2.
2346 4216 2469 4271 Cor.
2504 4218 2592 4271 12.
2635 4218 2710 4286 á¼“).
2748 4218 2815 4270 At
2844 4219 2934 4287 qui
2966 4235 3108 4273 nunc
3137 4220 3327 4273 vivunt
3361 4220 3529 4289 (nihil
3559 4237 3668 4291 ego

2083 4307 2264 4376 eloqui
2293 4321 2511 4375 possunt
2539 4309 2559 4338 â€™
2574 4307 2718 4377 quod
2740 4308 3028 4362 molestum
3047 4308 3129 4362 vel
3152 4323 3316 4378 grave
3335 4324 3456 4364 esse
3471 4309 3666 4362 videa-

2085 4407 2207 4453 tur:
2235 4398 2350 4452 haec
2368 4397 2569 4469 quippe
2582 4413 2692 4453 non
2718 4399 2990 4454 insultans
3013 4399 3094 4453 eis
3117 4399 3265 4465 dico,
3297 4397 3392 4454 sed
3418 4398 3666 4453 admirao

2086 4493 2234 4547 tione
2257 4491 2507 4562 captus),
2527 4492 2800 4564 quomodo
2831 4508 2936 4546 non
2965 4493 3411 4561 perhorrescunt,
3447 4491 3572 4546 dum
3602 4508 3669 4546 se

2085 4586 2180 4640 tali
2199 4587 2314 4640 viro
2327 4594 2642 4653 comparant
2662 4586 2675 4638 !
2693 4583 2827 4639 Nam
2844 4584 3207 4648 si,miracnlis
3220 4584 3459 4648 omissis,
3492 4584 3556 4637 ad
3581 4585 3662 4637 vi-

2085 4687 2195 4732 tam
2221 4677 2362 4732 beati
2385 4676 2532 4732 illius
2548 4674 2649 4729 viri
2674 4675 3024 4739 accedamus,
3044 4675 3274 4744 ejusque
3290 4689 3470 4729 mores
3492 4688 3658 4743 auge-

2087 4769 2223 4821 licos
2255 4764 2645 4835 disquiramus,
2677 4763 2730 4818 in
2755 4763 2858 4817 hac
2880 4778 2940 4818 re
2967 4763 3159 4833 magis.
3185 4778 3348 4832 quam
3376 4762 3430 4816 in
3457 4763 3662 4830 signis,

2086 4855 2292 4910 Christi
2309 4853 2565 4908 athletam
2580 4853 2600 4883 Â³
2620 4862 2968 4921 superantem
2989 4851 3370 4918 videbis.Quid
3387 4853 3529 4906 enim
3550 4867 3665 4905 me-

2087 4961 2267 5001 mores
2285 4943 2547 5008 studium,
2564 4944 2912 5013 probitatem,
2929 4942 3229 5012 frequentia
3256 4943 3516 5011 pericula,
3537 4958 3669 4996 con-

2089 5041 2269 5094 tinuas
2280 5035 2697 5101 sollicitudines,
2724 5036 3118 5090 indesinentem
3144 5050 3240 5103 pro
3259 5034 3518 5089 Ecclesiis
3534 5049 3669 5088 mu:-

2088 5145 2267 5186 rorem
2291 5127 2397 5199 (Ib.
2424 5129 2512 5184 11.
2533 5129 2646 5198 26),
2670 5144 2797 5200 erga
2826 5129 3073 5183 inlirmns
3095 5129 3661 5192 commiserationem,

2086 5227 2288 5281 multas
2306 5239 2600 5286 aerumnas,
2628 5239 2798 5278 novas
2816 5224 3292 5293 persequutiones,
3316 5221 3668 5292 quotidiauas

2088 5328 2294 5376 mortes
2311 5321 2382 5390 (l.
2401 5312 2704 5385 Cor.9.?.2)?
2720 5314 2853 5381 Quis
2873 5316 3019 5372 orbis
3039 5317 3338 5384 locus,qua2
3351 5315 3665 5375 continens,

2095 5403 2233 5472 quod
2266 5418 2408 5456 mare
2434 5403 2560 5470 justi
2589 5401 2746 5469 hujus
2771 5402 3054 5456 certamina
3082 5401 3382 5471 ignoravit?
3405 5402 3551 5457 Illum
3581 5403 3667 5457 in-

2162 5589 2176 5618 Â¹
2213 5585 2372 5644 Savil.,
2407 5585 2530 5649 hunc
2573 5583 2667 5649 sibi
2697 5583 2969 5649 facultatem
3013 5599 3308 5647 comparare.
3345 5592 3507 5649 Magna
3557 5600 3672 5649 pars

2097 5658 2223 5718 Mss,
2235 5649 2357 5718 hanc
2524 5644 2709 5718 Ï‰ÏƒÎ¹-Î²Ï‰
2719 5644 2845 5718 Itane
2858 5644 3156 5714 comparare.
3172 5649 3390 5701 saviliutn
3399 5644 3669 5712 sequimur.

2165 5714 2182 5740 á½·
2219 5711 2321 5767 Alii,
2344 5708 2464 5758 nihil
2483 5720 2570 5769 ego
2589 5708 2746 5769 eloqui
2767 5710 2885 5760 volo.

2163 5772 2184 5805 Î¹
2217 5771 2320 5832 nn,
2350 5770 2431 5820 Dei
2455 5768 2698 5820 athletam.
