3864 6230
9 330 74 388 ἲθτ
1289 332 1379 390 DE
1417 334 1467 390 Si

1819 336 1875 395 Ο.
1920 339 2050 395 LIB.
2091 339 2180 396 IV.

13 447 69 518 ἢν
95 448 228 519 περὶ
249 447 427 503 ταῦτα
461 447 562 520 τὴν
591 448 890 520 ἐμπειρίαν
916 446 1078 520 ἔχων,
1103 449 1199 504 καὶ
1225 453 1338 515 τοῖς
1369 451 1545 522 φίλοις
1567 452 1661 505 καὶ⁵

11 540 80 600 οἷς
108 538 392 608 πολεμίοις
421 537 826 606 καταγέλαστος
853 539 1085 608 γίνεται.
1123 538 1251 593 Οίον
1282 541 1659 612 (πειράσομαι

9 626 79 694 ’ἀρ
103 643 189 678 σοι
217 627 314 679 καὶ
337 627 431 679 ἐπὶ⁸
453 627 901 700 παραδείγματος
925 627 954 680 ὃ
977 628 1122 697 λέγω
1151 628 1375 700 ποιῆσαι
1400 629 1656 700 φανερὸν)

10 713 60 764 ὸν
92 713 203 765 ὑπὸ
234 713 329 766 τοῦ
359 713 495 767 Θεοῦ
525 715 748 770 δοθέντα
772 716 850 787 τῷ
877 718 1084 787 Μωῦσῇ
1118 717 1284 789 νόμον
1309 719 1358 770 οἱ
1391 716 1490 789 τὴν
1515 719 1658 770 Οὑα-

10 803 213 854 εντῖνου
262 803 356 856 καὶ
407 804 733 874 Μαρκίωνος
788 803 1161 876 διαδεξάμενοι
1205 805 1655 876 φρενοϐλάϐειαν,

13 891 63 943 αὶ
91 892 210 945 ὅσοι
247 894 319 945 τὰ
351 892 491 945 αὐτὰ
523 892 770 947 νοσοῦσιν
798 894 1051 958 ἐκείνοις,
1083 895 1177 948 τοῦ
1211 895 1514 964 καταλόγου
1548 896 1657 949 τῶν

10 981 136 1034 είων
167 981 491 1036 ἐκϐάλλουσι
524 982 758 1054 Γραφῶν
779 1001 792 1012 ·
843 983 1086 1036 Ἰουδαῖοι
1116 983 1174 1036 δέ
1204 983 1368 1037 αὐτὸν
1407 983 1550 1037 οὑτω
1576 1001 1658 1038 τι-

9 1069 170 1134 ῶσιν,
201 1070 276 1134 ὡς
305 1073 400 1125 καὶ
430 1071 525 1125 τοῦ
553 1072 743 1143 καιροῦ
765 1070 1066 1136 κωλύοντος
1095 1072 1416 1141 φιλονεικεῖν
1440 1073 1656 1126 ἅπαντα

14 1161 283 1226 υλάττειν,
319 1161 471 1232 παρά
497 1161 559 1213 τὸ
591 1160 668 1232 τῷ
693 1160 812 1231 Θεῷ
837 1159 1046 1214 δοκοῦν.
1062 1161 1127 1213 Ἠ
1153 1161 1210 1213 δέ
1236 1160 1534 1232 Ἐκκλησία
1558 1158 1654 1214 τοῦ

9 1248 129 1311 θεοῦ,
168 1248 270 1320 τὴν
301 1248 632 1321 ἀμφοτέρων
658 1249 924 1322 ἀμετρίαν
950 1249 1288 1318 φεύγουσαα,
1324 1249 1496 1320 μέσην
1521 1249 1654 1302 ἐϐά-

9 1355 99 1397 ισε,
133 1340 227 1392 καὶ
251 1339 372 1392 οὔτε
403 1339 722 1392 ὑποκεῖσθαι
757 1337 921 1393 αὑτοῦ
946 1340 1024 1410 τῷ
1055 1338 1205 1409 ζυγῷ
1230 1338 1499 1401 πείθεται,
1527 1338 1654 1392 οὔτε

9 1427 278 1480 ιαϐάλλειν
302 1427 466 1480 αὑτὸν
499 1427 773 1497 ἀνέχεται,
806 1427 943 1481 ἀλλά
986 1427 1080 1481 καὶ
1116 1427 1466 1498 πεπαυμένον
1494 1428 1653 1480 ἐπαι-

9 1517 63 1576 εῖ,
89 1515 184 1570 διὰ
213 1516 275 1568 τὸ
295 1515 665 1587 χρησιμεῦσαί
692 1533 823 1569 ποτε
851 1517 932 1579 είς
966 1516 1176 1586 καιρόν.
1206 1517 1298 1568 Δεῖ
1322 1514 1386 1585 δὴ
1411 1516 1501 1568 τὸν
1527 1515 1654 1584 μέλ-

9 1621 124 1656 ιντα
152 1605 292 1675 πρὸς
312 1605 655 1676 ἀμφοτέρους
681 1605 948 1676 μάχεσθαι
970 1605 1067 1676 τὴν
1089 1604 1432 1674 συμμετρίαν
1455 1603 1652 1659 εἰδέναι

9 1693 303 1764 ιύτην.¹’Δν
332 1711 390 1747 τε
423 1693 830 1766 γάρΊουδαίους
856 1691 1066 1757 διδάξαι
1097 1691 1526 1762 βούλομενος,ώς
1552 1692 1653 1746 οὑκ

9 1800 23 1833 θ
47 1781 231 1852 καιρῷ
251 1783 350 1850 τῆς
374 1782 610 1844 παλαιᾶς
647 1781 863 1851 ἔχονται
895 1779 1236 1850 νομοθεσίας,
1261 1779 1494 1850 ἄρξηται
1521 1796 1654 1833 κατ-

9 1873 184 1940 γορεῖν
215 1869 388 1939 αὐτῆς
417 1869 669 1938 ἀφειδῶς,
688 1870 854 1922 ἔδωκε
879 1872 990 1931 τοῖς
1013 1867 1290 1938 διασύρειν
1311 1866 1650 1937 βουλομένοις

9 1959 66 2011 ὒν
94 1959 396 2029 αἱρετικῶν
422 1958 590 2028 λαϐὴν
618 1959 680 2011 οὑ
718 1959 939 2028 μικράν·
964 1956 1030 2011 ἄν
1046 1974 1106 2009 τε
1121 1956 1343 2020 τούτους
1365 1956 1652 2026 ἐπιστομίη

9 2065 51 2100 ιι
77 2048 428 2112 σπουδάζων,
442 2049 698 2118 ἀμέτρως
716 2048 877 2101 αὑτὸν
897 2048 1121 2119 ἐπαίρῃ,
1136 2047 1230 2100 καὶ
1254 2046 1330 2109 ώς
1352 2047 1650 2112 ἀναγκαῖον

9 2155 20 2186 ι
63 2136 148 2205 τῷ
181 2136 414 2208 παρόντι
441 2136 780 2206 τυγχάνοντα
813 2135 1093 2206 θαυμάζῃ,
1130 2135 1198 2188 τά
1234 2133 1343 2188 τῶν
1378 2134 1648 2188 Ἰουδαίων

10 2226 168 2294 νέῳξε
199 2227 468 2296 στόματα.
489 2225 658 2278 Πάλιν
693 2225 743 2277 οἱ
761 2225 859 2294 τὴν
875 2223 1170 2277 Σαϐελλίου
1201 2223 1520 2293 μαινόμενοι
1547 2240 1648 2293 μα-

13 2331 98 2375 αν,
140 2314 238 2366 καί⁵
267 2315 317 2366 οί
345 2313 415 2367 τά
466 2313 675 2382 Ἀρείου
703 2312 1031 2375 λυττῶντες,
1063 2309 1126 2376 ἐξ
1168 2311 1440 2382 ἀμετρίας
1470 2311 1649 2380 ἀμφό-

9 2419 105 2469 ;ροι
140 2402 246 2472 τῆς
280 2401 467 2469 ὑγιοῦς
497 2401 754 2468 ἐξέπεσον
792 2403 1050 2463 πίστεωςο
1088 2401 1184 2453 καὶ⁸
1225 2400 1286 2453 τὸ
1318 2401 1416 2470 μὲν
1476 2399 1648 2469 ὄνομα

11 2491 318 2560 ριστιανῶν
349 2491 685 2562 ἀμφοτέροις
707 2490 1000 2543 ἐπίκειται’
1031 2491 1081 2542 εί
1113 2489 1170 2542 δέ
1197 2507 1280 2553 τις
1305 2487 1373 2541 τὰ
1401 2489 1649 2558 δόγματα

9 2581 239 2643 ξετάσειε
264 2580 314 2645 δ,
338 2582 465 2644 τοὺς
502 2580 607 2650 μὲν
655 2578 810 2633 οὐδὲν
852 2579 1076 2650 ἄμεινον
1129 2577 1398 2631 Ἰουδαίων
1437 2577 1648 2631 διακει-

9 2668 161 2731 ἐνους
201 2669 452 2740 εὑρήσει,
490 2668 634 2739 πλὴν
667 2669 792 2722 ὅσον
828 2667 968 2738 ὑπὲρ
993 2667 1275 2735 ὀνομάτων
1301 2665 1647 2736 διαφέρονται

9 2758 146 2820 ὀνον,
173 2759 307 2820 τοὺς
352 2758 409 2810 δέ
436 2757 640 2828 πολλὴν
687 2756 786 2826 τὴν
820 2755 1124 2826 ἐμφέρειαν
1156 2754 1292 2825 πρὸς
1318 2755 1414 2822 τὴν
1437 2753 1648 2823 αἵρεσιν

10 2847 179 2898 αύλου
222 2845 318 2899 τοῦ
367 2846 730 2916 Σαμοσατέως
774 2844 1019 2914 ἔχοντας,
1065 2843 1410 2914 ἀμφοτέρους
1438 2841 1494 2894 δὲ
1547 2840 1649 2909 τῆς

10 2936 223 3006 ιηθείας
269 2935 448 2998 ἐκτός,
477 2933 650 2998 Πολὺς
679 2929 772 2987 οὖν
811 2931 1092 2987 κάνταῦθα
1127 2942 1148 2969 ε
1180 2933 1209 2984 6
1260 2929 1523 2992 κίνδυνος,
1555 2931 1648 2982 καὶ

9 3026 118 3092 τενὴ
155 3024 256 3077 καὶ
303 3023 640 3094 τεθλιμμένη
673 3023 708 3092 ἡ
741 3021 860 3084 ὁδὸς
902 3023 935 3090 ἡ
980 3019 1086 3072 ὑπὸ
1118 3019 1379 3091 κρημνῶν
1407 3018 1648 3088 ἀμφοτέ-

9 3113 134 3166 οθεν
165 3111 580 3182 ἀπειλημμένη·
616 3110 712 3164 καὶ
740 3109 857 3173 δέος
878 3110 939 3162 οὑ
983 3109 1200 3179 μικρὸν,
1231 3108 1306 3178 μὴ
1339 3107 1432 3160 τὸν
1461 3107 1647 3178 ἕτερον

11 3221 37 3266 ς
75 3203 261 3255 θέλων
298 3201 503 3270 βαλεῖν,
539 3200 646 3252 ὑπὸ
671 3198 900 3271 θατέρου
931 3197 1136 3268 πληγῇ.
1168 3198 1268 3249 Ἀν
1297 3214 1358 3248 τε
1388 3197 1498 3268 γὰρ
1517 3197 1646 3266 μίαν

13 3311 33 3354 ς
59 3295 199 3363 εῐπῃ
235 3290 489 3360 θεότητα,
521 3288 660 3360 πρὸς
689 3287 788 3359 τὴν
815 3287 1012 3341 ἑαυτοῦ
1046 3286 1334 3356 παροινίαν
1361 3285 1386 3324 ἀ
1444 3285 1646 3348 εὐθέως

9 3383 181 3432 λκυσε
206 3379 310 3450 τὴν
340 3379 533 3448 φωνὴν
562 3379 593 3430 6
632 3376 787 3448 [H0]
825 3374 1132 3437 Σαϐέλλιοςο
1173 3373 1238 3427 ἀν
1264 3390 1323 3426 τε
1364 3373 1514 3444 διέλη
1542 3373 1647 3426 πά-

9 3490 52 3533 ν,
85 3470 289 3539 ἕτερον
319 3468 418 3536 μὲν
455 3464 548 3518 τὸν
585 3465 828 3535 Πατέρα,
856 3463 1047 3533 ἓτερον
1071 3462 1127 3515 δὲ
1159 3462 1248 3515 τὸν
1288 3462 1436 3526 Υίὸν,
1469 3461 1647 3515 καὶτὸ

9 3559 189 3627 νεῦμα
243 3557 301 3608 δὲ
354 3556 416 3608 τὸ
463 3556 618 3623 ἅγιον
665 3554 852 3623 ἓτερον
903 3547 1044 3605 εἶναι
1105 3551 1300 3620 λέγων,
1344 3550 1646 3622 ἐφέστηκεν

9 3665 202 3716 τρειος,
226 3648 308 3708 είς
330 3644 686 3716 παραλλαγὴν
707 3645 896 3705 οὐσίας
927 3642 1100 3694 ἕλκων
1139 3642 1237 3709 τὴν
1267 3642 1324 3692 ἐν
1341 3644 1452 3702 τοῖς
1473 3656 1645 3710 προσ-

9 3754 128 3798 ποις
184 3735 476 3804 διαφοράν.
514 3735 607 3784 Δεῖ
645 3734 702 3786 δὲ
749 3733 843 3785 καὶ
874 3731 972 3802 τὴν
999 3730 1172 3801 ἀσεϐῆ
1205 3730 1468 3798 σύγχυσιν
1501 3728 1646 3781 ἐκεί-

10 3845 66 3886 υ,
111 3823 212 3876 καὶ
239 3822 342 3892 τὴν
393 3821 638 3892 μανιώδη
665 3820 861 3872 τούτου
898 3818 1164 3888 διαίρεσιν
1203 3816 1646 3886 ἀποστρέφεσθαι

9 3914 43 3964 ιὶ
65 3912 324 3988 φεύγειν,
356 3909 456 3981 τὴν
488 3911 586 3980 μὲν
604 3909 834 3979 θεότητα
857 3907 1070 3976 Πατρὸς
1095 3907 1189 3959 καὶ
1211 3905 1340 3958 Υίοῦ
1364 3906 1458 3957 καὶ
1487 3907 1646 3972 ἁγίου

9 4001 95 4054 ιεύ
106 4017 283 4070 ματος
313 4000 445 4069 μίαν
477 3997 896 4068 ὁμολογοῦντας,
930 3993 1325 4067 προστιθέντας
1348 3994 1404 4046 δὲ
1432 3995 1526 4046 καὶ
1549 3994 1646 4057 τὰς

10 4093 100 4152 κείς
121 4089 480 4150 ὑποστάσεις·
513 4085 657 4139 οὕτω
681 4087 788 4157 γάρ
818 4085 1162 4153 ἀποτειχίσαι
1185 4083 1526 4153 δυνησόμεθα
1547 4083 1647 4147 τὰς

9 4179 291 4251 ιφοτέρων
327 4175 575 4245 ἐφόδους.
607 4174 815 4236 Πολλὰς
841 4174 897 4226 δέ
936 4175 1029 4227 καὶ
1056 4173 1250 4244 ἐτέρας
1281 4171 1407 4241 ἐνῆν
1446 4189 1525 4223 σοι
1554 4171 1645 4223 λέ-

14 4287 65 4320 ιν
106 4281 131 4306 θ
184 4264 538 4335 συμπλοκὰς,
579 4264 716 4334 πρὸς
771 4263 837 4327 ἀς
895 4261 960 4315 ἂν
995 4261 1070 4332 μὴ
1119 4260 1385 4328 γενναίως
1419 4276 1502 4322 τις
1551 4262 1646 4313 καὶ

9 4358 198 4430 εριϐῶς
231 4355 498 4425 μάχηται,
537 4355 706 4425 μυρία
736 4351 913 4405 λαϐὼν
943 4351 1126 4404 ἄπεισι
1154 4348 1467 4421 τραύματα.

13 4458 79 4504 ε’.
110 4452 180 4502 Τί
210 4451 277 4504 ἀν
301 4467 385 4512 τις
410 4448 560 4515 λέγοι
583 4445 681 4507 τὰς
703 4443 812 4495 τῶν
831 4440 1046 4494 οἰκείων
1078 4438 1420 4511 ἐρεσχελίας;
1446 4439 1518 4489 Οὐ
1537 4439 1645 4507 γάρ

9 4557 88 4591 σιν
131 4540 397 4600 ἐλάττους
436 4529 597 4588 αῦται
635 4532 744 4584 τῶν
776 4530 975 4597 ἔξωθεν
1010 4527 1352 4599 προσϐολῶν,
1384 4525 1522 4579 ἀλλά
1551 4528 1646 4579 καὶ

10 4629 179 4681 ,είονα
204 4627 286 4697 τῷ
305 4626 610 4678 διδάσκοντι
632 4620 932 4693 παρέχουσι
955 4618 1046 4670 τὸν
1079 4617 1294 4687 ἱδρῶτα.
1327 4616 1387 4668 Οί
1414 4615 1512 4685 μὲν
1537 4613 1644 4684 γάρ

9 4717 51 4768 τὺ
92 4711 644 4784 πολυπραγμοσύνης
683 4707 870 4770 ἁπλῶς
904 4707 996 4759 καὶ
1023 4705 1146 4774 είκῆ
1184 4703 1644 4774 περιεργάζεσθαι

9 4806 230 4868 λουσιν,
260 4802 296 4856 ἀ
333 4803 474 4873 μήτε
506 4799 778 4870 μαθόντας
814 4796 930 4848 ἔστι
961 4793 1241 4864 κερδᾶναι,
1284 4794 1420 4862 μήτε
1451 4792 1644 4862 μαθεῖν

9 4894 202 4948 νατὸν·
233 4893 416 4963 ἕτεροι
446 4889 608 4944 πάλιν
637 4887 746 4941 τῶν
776 4884 870 4938 τοῦ
913 4883 1051 4936 Θεοῦ
1095 4883 1382 4953 κριμάτων
1413 4881 1644 4945 εὐθύνας

11 4987 115 5039 τὸν
153 4981 509 5041 ἀπαιτοῦσιν,
545 4980 639 5032 καὶ
669 4978 767 5047 τὴν
797 4974 1036 5030 ἄϐυσσον
1068 4972 1168 5042 τὴν
1202 4969 1401 5041 πολλὴν
1433 4970 1641 5039 ἀναμε-

10 5079 95 5128 εῖν
132 5071 440 5144 βιάζονται’
473 5068 548 5122 Τὰ
581 5068 688 5138 γὰρ
719 5065 971 5134 χρίματὰ
995 5081 1134 5125 σου,
1161 5062 1345 5144 φησὶν,
1370 5062 1642 5126 ἄϐυσσος

10 5143 186 5222 alii.
215 5157 324 5207 Καὶ
359 5155 600 5215 πίστεως
631 5152 732 5220 μὲν
769 5149 899 5220 πέρι
953 5149 1047 5199 καὶ
1103 5143 1378 5205 πολιτείας
1428 5145 1640 5212 ὀλίγους

33 5241 238 5314 εὕροις
263 5235 698 5300 σπουδάζοντας⁹
727 5234 852 5294 τοὺς
877 5231 932 5284 δέ
964 5229 1183 5291 πλείους
1209 5226 1384 5280 ταῦτα
1417 5244 1640 5298 περιερ-

11 5310 296 5396 ζομένους
324 5321 422 5374 καὶ
450 5317 771 5388 ζητοῦντας,
809 5317 843 5367 ἀ
875 5315 1012 5384 μήτε
1036 5312 1219 5381 εὑρεῖν
1256 5310 1498 5373 δυνατὸν,
1547 5311 1640 5363 καὶ

9 5430 27 5462 θ
52 5409 206 5462 Θεὸν
237 5404 535 5476 παροξύνει
567 5401 894 5472 ζητούμενα.
944 5400 1112 5450 Ὅταν
1148 5396 1278 5466 γὰρ,
1311 5396 1452 5467 άπερ
1476 5396 1642 5459 αὐτὸς

9 5519 24 5545 ι
64 5513 282 5575 Αιίαυοι
317 5509 638 5575 manuscripli
686 5503 918 5571 φυγοῦσα,
945 5511 996 5551 et
1020 5503 1143 5552 infra
1178 5505 1474 5565 πεπαυμένον
1497 5504 1640 5552 αὑτὸν

35 5574 277 5625 Μηχαιίἱ
314 5575 387 5624 δεῖ
409 5576 461 5622 δέ
483 5574 583 5621 τόν.
619 5634 628 5636 μ
661 5633 707 5636 Η
871 5629 882 5636 ,
929 5631 950 5636 _
1045 5629 1054 5636 _
1101 5629 1144 5636 μ

10 5654 26 5678 ›
51 5636 276 5687 Codices
303 5651 405 5686 non
429 5636 570 5698 pauci
594 5634 634 5682 εἰ
657 5633 707 5681 δέ
728 5649 796 5686 τις
831 5629 986 5677 αὐτῶν
1009 5629 1066 5675 τὰ
1095 5629 1307 5688 δόγματα
1337 5629 1545 5691 ἀκριϐῶς
1568 5629 1640 5708 έξτ

9 5720 161 5750 ισειε.

9 5771 20 5792 '-
67 5763 181 5812 Alli
205 5762 350 5816 πολὺς
373 5762 425 5808 δὲ
448 5759 555 5807 κᾶν.

10 5827 26 5866 1
59 5827 100 5873 Α
113 5827 171 5872 lii
191 5824 508 5886 παρανομίαν.

9 5892 31 5916 ἐ
63 5893 100 5931 δ
119 5886 226 5934 ενιι.
247 5876 300 5932 (ἱι
325 5876 538 5934 minima
569 5897 678 5948 pars
702 5896 814 5933 mss.
845 5881 948 5939 ἐνῆν
972 5896 1049 5928 σοι
1078 5879 1244 5941 λέγειν,
1271 5876 1442 5928 Morel.
1475 5886 1525 5929 el
1551 5880 1635 5930 ali-

10 5956 63 6000 o!
95 5951 170 5998 ενι
196 5950 302 5996 συλλ
314 5950 455 6009 ἑγειν.

3332 351 3436 411 668

1765 455 1914 524 ἡμᾶς
1936 456 2038 510 οὑκ
2075 455 2341 528 ἠθέλησεν
2377 459 2596 525 εἰδέναι,
2625 462 2800 516 ταῦτα
2855 462 3176 536 βιαζώμεθα
3227 469 3438 540 μανθά-

1764 558 1894 604 νειν,
1916 542 2038 596 οὕτε
2057 545 2336 614 εἰσόμεθα,
2357 547 2498 617 (πῶς
2521 550 2651 620 γὰρ,
2674 550 2769 604 τοῦ
2793 551 2931 606 Θεοῦ
2961 553 3037 625 μὴ
3058 554 3380 628 βουλομένου
3397 558 3438 630 ;)

1765 630 1860 682 καὶ
1892 631 1952 684 τὸ
1973 631 2307 687 κινδυνεύειν
2333 636 2465 705 ἡμῖν
2494 638 2558 690 ἐκ
2595 639 2689 691 τοῦ
2717 640 2899 711 ζητεῖν
2941 644 3225 714 περιέσται
3256 646 3438 716 μόνον.

1778 717 1917 771 Ἀλλ’
1947 721 2096 790 ὅμως
2126 722 2221 775 καὶ
2249 721 2456 777 τούτων
2503 726 2764 780 τοιούτων
2807 728 2999 798 ὄντων,
3032 734 3160 788 ὅταν
3185 752 3266 798 τις
3302 735 3441 806 μετά

1763 807 2053 873 αὑθεντίας
2074 811 2402 884 ἐπιστομίζῃ
2432 815 2560 878 τοὺς
2584 815 2654 868 τὰ
2677 816 2863 888 ἄπορα
2885 819 3060 876 ταῦτα
3079 824 3437 893 ἐρευνῶντας,

1763 844 2051 873 ...σνς’-ω.»
2075 844 2198 864 saw
2213 844 2402 884 ww“.
2432 844 2558 878 -ιυυι,
2585 844 2654 868 mu.
2677 844 2863 888 υιίιυρα
2885 844 3060 876 ταυτα
3079 844 3437 893 ερευνωντας,

1763 896 2024 962 ἀπονοίας
2058 915 2121 952 τε
2167 900 2265 954 καὶ
2310 900 2554 972 ἀμαθίας
2607 905 2788 976 ἐαυτῷ
2817 909 3220 980 προσετρίψατο
3256 844 3461 977 δόξανὲ

1763 984 1854 1036 Διὸ
1872 985 1978 1058 χρὴ
2012 987 2293 1044 κάνταῦθα
2323 990 2492 1062 πολλῇ
2541 993 2849 1064 κεχρῆσθαι
2874 998 2942 1067 τῇ
2971 999 3204 1065 συνέσει,
3230 1000 3307 1064 ώς
3345 1002 3440 1054 καὶ

1761 1073 2001 1142 ἀπάγειν
2029 1075 2228 1142 αὐτοὺς
2250 1078 2360 1131 τῶν
2386 1079 2604 1134 ἀτόπων
2635 1082 2958 1154 ἐρωτήσεων
2974 1085 3065 1140 τὸν
3095 1089 3436 1158 προεστῶτα,

1762 1163 1984 1228 καὶτὰς
2023 1167 2324 1238 εἰρημένας
2351 1169 2644 1239 ἐκφεύγειν
2688 1173 2889 1238 αἰτίας.
2917 1175 3078 1245 Ἠρὸς
3118 1175 3337 1232 ἅπαντα
3381 1179 3440 1233 δέ

1759 1251 1936 1306 ταῦτα
1968 1253 2156 1327 ἕτερον
2178 1256 2278 1327 μὲν
2307 1258 2484 1324 οὐδὲν,
2525 1261 2637 1330 ἡδὲ
2671 1261 2766 1315 τοῦ
2787 1262 2948 1331 λόγου
2979 1263 3204 1334 βοήθεια
3229 1262 3439 1321 δέδοται

1765 1340 1924 1412 μόνη·
1955 1342 2058 1397 κάν
2087 1361 2172 1408 τις
2194 1344 2400 1416 ταύτης
2437 1348 2886 1422 ἀπεστερημένος
3001 1353 3102 1422 τῆς
3131 1352 3435 1422 δυνάμεως,

1759 1429 1912 1484 οὐδὲν
1945 1430 2171 1502 ἄμεινον
2221 1435 2333 1488 τῶν
2381 1438 2793 1509 χειμαζομένων
2827 1440 3030 1493 πλοίων
3084 1441 3348 1510 διηνεκῶς
3381 1445 3436 1496 αί

1759 1513 1934 1586 ψυχαὶ
1957 1517 2064 1572 τῶν
2094 1518 2187 1571 ὑπ’
2217 1521 2366 1593 αὐτῷ
2407 1524 2758 1595 τεταγμένων
2800 1526 3011 1600 ἀνδρῶν
3048 1526 3436 1592 διακείσονται,

1758 1601 1869 1654 τῶν
1920 1604 2329 1678 ἀσθενεστέρων
2375 1612 2472 1664 καὶ
2507 1614 2947 1686 περιεργοτέρων
2999 1614 3163 1684 λέγω.
3203 1617 3296 1670 Διὸ
3332 1618 3437 1688 χρὴ

1759 1690 1852 1744 τὸν
1889 1693 2042 1763 ἱερέα
2071 1695 2250 1750 πάντα
2269 1701 2446 1752 ποιεῖν
2474 1699 2614 1771 ὑπὲρ
2635 1701 2730 1754 τοῦ
2763 1701 2970 1774 ταύτην
3009 1705 3317 1775 κτήσασθαι
3339 1705 3437 1776 τὴν

1762 1779 1941 1849 ίσχύν.

1831 1869 1942 1920 Καὶ
1992 1872 2020 1922 6
2069 1871 2449 1940 ΒΑΣΙΛΕΙΟΣ,
2506 1875 2572 1928 Τί
2612 1872 2706 1930 οῦν
2736 1880 2765 1930 ὁ
2803 1876 3037 1943 Παῦλος,
3093 1880 3283 1950 φησὶν,
3336 1881 3437 1934 οὑκ

1757 1955 2059 2011 ἐσπούδασε
2090 1959 2296 2031 ταύτην
2323 1963 2471 2034 αύτῷ
2491 1965 2900 2036 κατορθωθῆναι
2931 1967 2950 2005 ί
2971 1967 3070 2038 τὴν
3090 1968 3313 2040 ἀρετὴν,
3343 1970 3436 2022 οὑ-

1756 2042 1812 2096 δὲ
1842 2045 2249 2112 ἐγκαλύπτεται
2275 2051 2366 2102 ἐπὶ
2384 2054 2448 2122 τῇ
2475 2051 2570 2106 τοῦ
2607 2052 2768 2121 λόγου
2797 2054 2978 2125 πενίᾳ,
3009 2055 3146 2109 ἀλλά
3174 2056 3438 2129 καὶδιαρ-

1760 2133 1928 2204 ρήδην
1953 2136 2210 2205 ὁμολογεῖ
2244 2139 2462 2211 ἰδιώτην
2488 2143 2682 2196 ἑαυτὸν
2715 2138 2878 2206 εἶναι,
2910 2143 3004 2197 καὶ
3038 2143 3216 2198 ταῦτα
3238 2147 3437 2218 Κοριν-

1757 2221 1893 2287 θίοις
1920 2225 2274 2290 ἐπιστέλλων,
2301 2232 2416 2293 τοῖς
2466 2230 2575 2284 ἀπὸ
2616 2231 2712 2284 τοῦ
2755 2230 2935 2300 λέγειν
2975 2231 3434 2304 θαυμαζομένοις,

1757 2312 1851 2366 καὶ
1878 2313 2021 2383 μέγα
2067 2317 2161 2370 ἐπὶ
2185 2317 2344 2371 τοῦτο
2372 2319 2631 2390 φρονοῦσι
2654 2338 2669 2386 ;

1829 2409 1903 2466 ς’.
1935 2405 2269 2460 ΧΡΥΣΟΣΤ.
2303 2407 2478 2462 Τοῦτο
2511 2413 2640 2482 γὰρ,
2678 2411 2836 2484 ἔφην,
2873 2415 3031 2470 τοῦτό
3067 2419 3238 2482 ἐστιν,
3261 2419 3438 2483 ὂτοὺς

1757 2489 1986 2555 πολλοὺς
2005 2492 2255 2548 ἀπώλεσε
2285 2498 2330 2561 ε,
2355 2496 2448 2549 καὶ
2471 2498 2878 2572 ρᾳθυμοτέρους
2897 2505 3026 2575 περὶ
3044 2507 3143 2578 τὴν
3163 2508 3338 2577 ἀληθῆ
3362 2509 3438 2561 δι-

1754 2578 2052 2635 δασκαλίαν
2069 2583 2318 2654 ἐποίησε.
2342 2586 2433 2655 Μὴ
2453 2586 2560 2656 γὰρ
2582 2588 2902 2657 δυνηθέντες
2919 2593 3162 2663 ἀκριϐῶς
3184 2595 3436 2660 ἐξετάσαι

1754 2665 1862 2719 τῶν
1877 2668 2249 2724 ἀποστολικῶν
2272 2673 2482 2742 φρενῶν
2503 2674 2564 2727 τὸ
2586 2675 2766 2743 βάθος.
2791 2679 2926 2749 μηδὲ
2945 2683 3188 2736 συνιέναι
3209 2686 3308 2755 τὴν
3328 2686 3436 2739 τῶν

1757 2756 2018 2825 ῥημάτων
2041 2757 2297 2818 διάνοιαν,
2328 2760 2634 2815 διετέλεσαν
2665 2764 2756 2819 τὸν
2780 2767 2994 2820 ἅπαντα
3021 2771 3214 2840 χρόνον
3240 2775 3437 2828 νυστὰ-

1756 2842 1940 2909 ξοντες
1974 2847 2068 2900 καὶ
2092 2848 2445 2919 χασμώμενοι
2478 2853 2574 2904 καὶ
2612 2854 2712 2922 τὴν
2741 2855 2986 2925 ἀμαθίαν
3005 2859 3275 2929 τιμῶντες
3302 2864 3438 2916 ταύ·

1754 2950 1874 3004 την,
1888 2935 1985 3006 οὐχ
2003 2936 2070 3007 ἣν
2084 2939 2111 2989 ὁ
2128 2936 2337 3002 Παῦλός
2355 2957 2520 3010 φησιν
2542 2935 2682 2995 εἶναι
2709 2943 2949 3016 ἀμαθὴς,
2968 2946 3085 3000 ἀλλ’
3099 2944 3166 3020 ἦς
3183 2950 3435 3005 τοσοῦτον

1753 3021 2000 3092 ἀπεῖχεν,
2023 3025 2147 3077 ὅσον
2177 3027 2297 3080 ούδέ
2328 3028 2485 3092 ἄλλος
2506 3047 2589 3093 τις
2612 3031 2720 3085 τῶν
2751 3032 2856 3085 ὑπὸ
2888 3034 2980 3088 τὸν
3001 3035 3228 3106 οὐρανὸν
3246 3038 3436 3094 τοῦτον

1754 3109 2074 3181 ἀνθρώπων.
2097 3113 2245 3187 [411]
2281 3116 2421 3168 Ἀλλ’
2439 3113 2594 3182 οὗτος
2618 3121 2715 3190 μὲν
2736 3124 2884 3191 ἡμᾶς
2906 3125 2986 3188 είς
3016 3127 3206 3198 καιρὸν
3227 3127 3254 3178 6
3278 3127 3435 3198 λόγος

1753 3200 2088 3281 ἀναμενέτω,
2117 3204 2256 3266 τέως
2271 3204 2326 3257 δέ
2342 3207 2520 3260 ἐκεῖνό
2542 3225 2705 3278 φημι·
2725 3207 2908 3280 θῶμεν
2930 3213 3092 3266 αὑτὸν
3119 3209 3259 3269 εἶναι
3293 3215 3435 3270 ἰδιώ-

1753 3303 1853 3356 την
1880 3288 2037 3342 τοῦτο
2077 3290 2136 3342 τὸ
2167 3291 2355 3361 μέρος,
2391 3293 2530 3364 ὅπερ
2551 3297 2705 3349 αὑτοὶ
2734 3296 3035 3365 βούλονται·
3071 3302 3124 3353 τί
3158 3299 3251 3356 οὖν
3278 3303 3437 3357 τοῦτο

1754 3376 1890 3464 πρδς
1914 3379 2041 3464 τοὺς
2063 3379 2262 3450 ἄνδρας
2279 3383 2405 3444 τοὺς
2429 3383 2554 3447 νῦν;
2602 3385 2840 3452 Ἐκεῖνος
2862 3389 2964 3458 μὲν
2988 3390 3098 3462 γάρ
3119 3388 3263 3463 εἶχεν
3283 3396 3435 3464 ισχὺν

1753 3463 1935 3533 πολλῷ
1962 3464 2057 3518 τοῦ
2077 3465 2236 3535 λόγου
2257 3470 2478 3540 μείζονα
2508 3473 2603 3524 καὶ
2638 3474 2861 3530 πλείονα
2897 3477 3204 3550 δυναμένην
3234 3463 3434 3555 κατορ-

1755 3549 1898 3640 θοῦνζ
1933 3556 2260 3624 φαινόμενος
2292 3559 2389 3627 μέν
2418 3560 2528 3630 γάρ
2566 3561 2723 3630 μόνον
2745 3565 2841 3616 καὶ
2873 3567 3062 3634 σιγῶν,
3097 3549 3210 3632 τοῖς
3242 3549 3435 3640 δαίμο-

1754 3655 1838 3691 σιν
1864 3635 1932 3710 ἦν
1965 3642 2216 3713 φοϐερός·
2236 3647 2284 3698 οἱ
2312 3647 2369 3698 δὲ
2393 3647 2491 3700 νῦν
2526 3649 2727 3714 πάντες
2748 3651 2883 3721 ὁμοῦ
2921 3654 3264 3719 συνελθόντες
3297 3659 3436 3728 μετά

1757 3730 1969 3799 μυρίων
1991 3732 2165 3800 εὐχῶν
2187 3733 2282 3785 καὶ
2313 3734 2566 3804 δακρύων
2596 3739 2696 3792 οὑκ
2724 3739 2790 3793 ἂν
2814 3740 3094 3812 δυνηθεῖεν
3122 3745 3221 3797 ὅσα
3248 3746 3434 3816 ἴσχυσε

1753 3816 1821 3867 τά
1844 3819 2146 3887 σιμικίνθια
2174 3820 2388 3874 Παύλου
2426 3825 2579 3878 ποτέ.
2625 3827 2735 3880 Καὶ
2764 3827 2979 3892 Παῦλος
3016 3831 3115 3900 μὲν
3142 3832 3435 3901 εὐχόμενος

1755 3907 1984 3974 νεκροὺς
2031 3909 2245 3977 ἀνίστη,
2276 3911 2370 3963 καὶ
2405 3912 2543 3965 ἀλλα
2586 3914 3028 3987 ἐθαυματούργει
3066 3920 3313 3984 τοιαῦτα,
3358 3924 3432 3986 ώς

1755 3994 1849 4081 καὶ
1876 3994 2007 4071 ¹θεὸς
2034 3998 2363 4068 νομισθῆναι
2403 4001 2556 4074 παρὰ
2583 4007 2697 4067 τοῖς
2743 4003 2964 4069 ἔξωθενσ
2999 4008 3096 4061 καὶ
3129 4010 3256 4080 πρὶν
3281 4010 3312 4081 ἢ
3337 4011 3432 4063 τοῦ

1755 4079 1872 4148 βίου
1898 4086 2229 4155 μεταστῆναι
2260 4087 2471 4149 τούτου,
2501 4091 2812 4162 κατηξιώθη
2849 4079 3433 4167 ἀρπαγῆναιέωςήτρίυ

1752 4187 1846 4221 του
1879 4172 2132 4239 οὐρανοῦ,
2156 4178 2252 4228 καὶ⁹
2289 4177 2553 4247 ῥημάτων
2598 4184 2908 4250 μετασχεῖν,
2934 4176 3008 4235 ὧν
3043 4185 3102 4236 ού
3139 4184 3297 4254 θέμις
3341 4189 3434 4239 ἀνι

1755 4257 2034 4328 θρωπείαν
2061 4263 2291 4318 ἀκοῦσαι
2339 4265 2520 4333 φύσιν.
2549 4269 2611 4320 Οἱ
2640 4268 2696 4321 δέ
2716 4269 2810 4320 νῦν
2834 4269 2985 4334 ὄντες
3003 4273 3140 4340 (ἀλλ’
3165 4273 3316 4327 οὐδὲν
3341 4275 3434 4328 δύ-

1753 4364 1920 4416 ναμαι
1953 4349 2207 4421 δυσχερὲς
2242 4353 2268 4392 h
2311 4356 2488 4407 εἰπεῖν
2530 4356 2652 4409 οὑδὲ
2679 4357 2839 4427 βαρύο
2877 4360 2970 4410 καὶ
3002 4359 3112 4431 γάρ
3139 4362 3232 4414 καὶ
3260 4361 3432 4416 ταῦτα

1751 4436 1852 4486 οὐκ
1890 4437 2240 4507 ἐπεμϐαίνων
2276 4443 2462 4505 αὑτοῖς
2490 4443 2634 4512 λέγω
2660 4447 2774 4509 νῦν,
2810 4445 2944 4498 ἀλλά
2965 4447 3284 4518 θαυμάζων)
3314 4452 3432 4515 πῶς

1752 4523 1812 4574 οὑ
1840 4525 2174 4594 φρίττουσιν,
2199 4530 2355 4601 ἀνδρὶ¹
2377 4532 2681 4603 τηλικούτῳ
2704 4534 3079 4605 παραϐάλλοντ
3090 4554 3146 4600 ες
3168 4539 3426 4607 έαυτούς;

1753 4610 1816 4664 Εἰ
1845 4614 1952 4684 γάρ
1987 4616 2079 4667 καὶ
2114 4618 2185 4669 τὰ
2226 4616 2481 4689 θαύματα
2521 4620 2772 4689 ἀφέντες,
2810 4625 2904 4676 ἐπὶ
2923 4624 3015 4676 τὸν
3043 4625 3155 4694 βίον
3182 4626 3428 4699 ἔλθοιμεν

1751 4699 1845 4752 τοῦ
1873 4705 2166 4774 μακαρίου,
2196 4708 2290 4759 καὶ
2317 4708 2418 4778 τὴν
2448 4708 2726 4764 πολιτείαν
2755 4711 3111 4783 ἐξετάσωμεν
3138 4716 3300 4769 αὑτοῦ
3333 4717 3428 4788 τὴν

1751 4789 2072 4863 ἀγγελικὴν,
2097 4795 2189 4846 καὶ
2220 4797 2276 4846 ἐν
2303 4796 2474 4868 ταύτῃ
2499 4798 2716 4867 μᾶλλον,
2744 4800 2776 4870 ἢ
2804 4802 2860 4851 ἐν
2889 4804 3001 4864 τοῖς
3026 4804 3426 4874 σημείοις,ὅῷει

1750 4877 1986 4932 νικῶντα
2014 4880 2104 4933 τὸν
2133 4881 2372 4952 ἀθλητὴν
2398 4886 2492 4937 τοῦ
2523 4886 2758 4956 Χριστοῦ
2783 4889 2825 4938 ί.
2860 4887 2924 4939 Τί
2951 4888 3056 4959 γὰρ
3101 4892 3162 4945 ἄν
3182 4907 3263 4954 τις
3284 4892 3426 4943 εἴποι

1750 4966 1840 5020 τὸν
1871 4967 2053 5036 ζῆλον.
2085 4969 2185 5038 τὴν
2208 4971 2529 5035 ἐπιείκειαν,
2561 4976 2686 5036 τοὺς
2728 4979 2971 5044 συνεχεῖς
2998 4977 3295 5042 κινδύνους,
3329 4979 3426 5042 τὰς

1751 5056 2084 5128 ἐπαλλήλους
2109 5059 2415 5130 φροντίδας,
2450 5062 2548 5122 τὰς
2579 5061 2958 5127 ἀδιαλείπτους
2979 5064 3118 5134 ὑπὲρ
3150 5065 3258 5118 τῶν
3304 5067 3426 5120 Ἐκ-

1751 5144 1987 5215 κλησιῶν
2013 5146 2272 5215 ἀθυμίας,
2299 5147 2360 5199 τὸ
2376 5147 2508 5218 πρὸς
2540 5150 2664 5211 τοὺς
2705 5149 2950 5214 ἀσθενεῖς
2991 5154 3296 5222 συμπαθὲς,
3325 5156 3424 5219 τάς

1750 5232 1952 5297 πολλὰς
1989 5233 2218 5302 θλίψεις,
2246 5236 2370 5298 τοὺς
2402 5237 2749 5308 καινοτέρους
2791 5237 3085 5308 διωγμοὺς,
3125 5243 3251 5305 τοὺς
3285 5245 3421 5297 καθ-

1747 5324 2044 5395 ημερινοῦς
2067 5322 2358 5388 θανάτους;
2382 5324 2476 5387 Τίς
2505 5324 2613 5394 γάρ
2636 5325 2799 5389 τόπος
2819 5327 2916 5396 τῆς
2934 5330 3082 5382 οίκου
3092 5330 3277 5400 μένης,
3293 5332 3423 5386 ποία

1748 5411 1995 5482 ἤπειρος,
2026 5411 2154 5464 ποία
2187 5409 2425 5464 θάλαττα
2455 5410 2547 5463 τοῦ
2580 5411 2788 5465 δικαίου
2823 5413 3012 5468 τούτου
3057 5417 3184 5480 τοὺς
3225 5417 3420 5482 ἄθλους

1749 5500 2048 5569 ἠγνόησεν;
2086 5497 2323 5550 Ἐκεῖνον
2359 5498 2452 5551 καὶ
2493 5501 2524 5568 ἡ
2570 5499 2820 5570 ἀοίκητος
2854 5502 3015 5571 ἔγνω,
3046 5505 3420 5561 κινδυνεύοντα

1747 5587 2011 5658 δεξαμένη
2037 5587 2317 5650 πολλάκις.
2348 5589 2462 5641 Πᾶν
2491 5588 2598 5660 γὰρ
2615 5585 2754 5654 εἶδος
2788 5593 3077 5664 ὑπέμεινεν
3109 5597 3419 5670 ἐπιϐουλῆς,

1819 5691 1837 5764 ξ
1871 5693 1955 5741 Sic
1990 5691 2162 5764 Sa\'il.,
2206 5707 2382 5756 magna
2420 5709 2533 5756 pars
2573 5711 2688 5746 mss.
2711 5697 2886 5755 ταύτην
2909 5717 2985 5749 σοι
3008 5704 3218 5764 κατορθ.,
3247 5702 3413 5754 Morel.

1752 5755 1920 5812 ταύτην
1937 5757 2124 5818 κατορθ.

1815 5820 1838 5855 Β
1861 5819 1956 5865 Alii
1981 5818 2272 5866 ἀπολώλεκε.

1811 5877 1839 5916 ι
1991 5879 2123 5946 οῦδὲν
2140 5880 2373 5946 βούλομαι
2397 5883 2533 5946 δυσχ.

1821 5953 1835 5981 ι
1867 5942 1961 5993 Alli
1983 5943 2184 6000 ἀθλητὴν
2207 5943 2290 6006 τοῦ
2315 5943 2457 5993 θεοῦ.
