  <div class='ocr_page' id='page_1' title='image "/cluster/home/n/w/nwhite01/storage/ocr_20150623/48/hvd.32044014784250/151.png"; bbox 0 0 3922 6240; ppageno 0'>
   <div class='ocr_carea' id='block_1_1' title="bbox 481 360 586 416">
    <p class='ocr_par' dir='ltr' id='par_1_1' title="bbox 481 360 586 416">
     <span class='ocr_line' id='line_1_1' title="bbox 481 360 586 416; baseline -0.019 0"><span class='ocrx_word' id='word_1_1' title='bbox 481 360 586 416; x_wconf 77' lang='lat'><strong>669</strong></span> 
     </span>
    </p>
   </div>
   <div class='ocr_carea' id='block_1_2' title="bbox 482 470 2158 548">
    <p class='ocr_par' dir='ltr' id='par_1_2' title="bbox 482 470 2158 548">
     <span class='ocr_line' id='line_1_2' title="bbox 482 470 2158 548; baseline -0.008 -14"><span class='ocrx_word' id='word_1_2' title='bbox 482 479 576 534; x_wconf 74' lang='grc' dir='ltr'>καὶ</span> <span class='ocrx_word' id='word_1_3' title='bbox 595 477 772 532; x_wconf 85' lang='grc' dir='ltr'>πάντα</span> <span class='ocrx_word' id='word_1_4' title='bbox 795 477 994 548; x_wconf 84' lang='grc' dir='ltr'>τρόπον</span> <span class='ocrx_word' id='word_1_5' title='bbox 1029 473 1232 546; x_wconf 81' lang='grc' dir='ltr'>ἐπῆλθε</span> <span class='ocrx_word' id='word_1_6' title='bbox 1267 474 1446 546; x_wconf 89' lang='grc' dir='ltr'>νίκης·</span> <span class='ocrx_word' id='word_1_7' title='bbox 1472 474 1566 528; x_wconf 67' lang='grc' dir='ltr'>καί⁸</span> <span class='ocrx_word' id='word_1_8' title='bbox 1587 471 1710 525; x_wconf 75' lang='grc' dir='ltr'>οὗτε</span> <span class='ocrx_word' id='word_1_9' title='bbox 1735 470 2158 541; x_wconf 75' lang='grc' dir='ltr'>ἀγωνιζόμενος,</span> 
     </span>
    </p>
   </div>
   <div class='ocr_carea' id='block_1_3' title="bbox 483 551 2163 634">
    <p class='ocr_par' dir='ltr' id='par_1_3' title="bbox 483 551 2163 634">
     <span class='ocr_line' id='line_1_3' title="bbox 483 551 2163 634; baseline -0.007 -16"><span class='ocrx_word' id='word_1_10' title='bbox 483 565 608 620; x_wconf 77' lang='grc' dir='ltr'>οὒτε</span> <span class='ocrx_word' id='word_1_11' title='bbox 637 565 1072 634; x_wconf 80' lang='grc' dir='ltr'>στεφανούμενος</span> <span class='ocrx_word' id='word_1_12' title='bbox 1103 562 1310 616; x_wconf 89' lang='grc' dir='ltr'>διέλιπέ</span> <span class='ocrx_word' id='word_1_13' title='bbox 1359 579 1510 616; x_wconf 89' lang='grc' dir='ltr'>ποτε.</span> <span class='ocrx_word' id='word_1_14' title='bbox 1553 560 1714 613; x_wconf 82' lang='grc' dir='ltr'>Ἀλλά</span> <span class='ocrx_word' id='word_1_15' title='bbox 1754 561 1862 630; x_wconf 82' lang='grc' dir='ltr'>γὰρ</span> <span class='ocrx_word' id='word_1_16' title='bbox 1898 558 1999 610; x_wconf 89' lang='grc' dir='ltr'>οὑκ</span> <span class='ocrx_word' id='word_1_17' title='bbox 2045 551 2163 608; x_wconf 80' lang='grc' dir='ltr'>οἰδα</span> 
     </span>
    </p>
   </div>
   <div class='ocr_carea' id='block_1_4' title="bbox 489 641 2163 722">
    <p class='ocr_par' dir='ltr' id='par_1_4' title="bbox 489 641 2163 722">
     <span class='ocr_line' id='line_1_4' title="bbox 489 641 2163 722; baseline -0.009 -12"><span class='ocrx_word' id='word_1_18' title='bbox 489 655 606 720; x_wconf 89' lang='grc' dir='ltr'>πῶς</span> <span class='ocrx_word' id='word_1_19' title='bbox 656 655 749 707; x_wconf 80' lang='grc' dir='ltr'>τὸν</span> <span class='ocrx_word' id='word_1_20' title='bbox 789 653 958 720; x_wconf 77' lang='grc' dir='ltr'>ἄνδρα</span> <span class='ocrx_word' id='word_1_21' title='bbox 997 649 1285 722; x_wconf 80' lang='grc' dir='ltr'>προήχθην</span> <span class='ocrx_word' id='word_1_22' title='bbox 1324 648 1588 720; x_wconf 74' lang='grc' dir='ltr'>ὑϐρίζειν.</span> <span class='ocrx_word' id='word_1_23' title='bbox 1625 647 1705 701; x_wconf 83' lang='grc' dir='ltr'>Τά</span> <span class='ocrx_word' id='word_1_24' title='bbox 1749 646 1858 716; x_wconf 82' lang='grc' dir='ltr'>γὰρ</span> <span class='ocrx_word' id='word_1_25' title='bbox 1887 641 2163 714; x_wconf 80' lang='grc' dir='ltr'>κατορθώο</span> 
     </span>
    </p>
   </div>
   <div class='ocr_carea' id='block_1_5' title="bbox 492 730 2162 816">
    <p class='ocr_par' dir='ltr' id='par_1_5' title="bbox 492 730 2162 816">
     <span class='ocr_line' id='line_1_5' title="bbox 492 730 2162 816; baseline -0.01 -19"><span class='ocrx_word' id='word_1_26' title='bbox 492 761 639 816; x_wconf 91' lang='grc' dir='ltr'><strong>ματα</strong></span> <span class='ocrx_word' id='word_1_27' title='bbox 663 741 828 797; x_wconf 86' lang='grc' dir='ltr'>αὑτοῦ</span> <span class='ocrx_word' id='word_1_28' title='bbox 859 740 1038 794; x_wconf 86' lang='grc' dir='ltr'>πάντα</span> <span class='ocrx_word' id='word_1_29' title='bbox 1080 739 1178 809; x_wconf 82' lang='grc' dir='ltr'>μὲν</span> <span class='ocrx_word' id='word_1_30' title='bbox 1223 736 1542 807; x_wconf 76' lang='grc' dir='ltr'>ὑπερϐαίνει</span> <span class='ocrx_word' id='word_1_31' title='bbox 1565 734 1744 803; x_wconf 88' lang='grc' dir='ltr'>λόγον,</span> <span class='ocrx_word' id='word_1_32' title='bbox 1765 733 1856 786; x_wconf 85' lang='grc' dir='ltr'>τὸν</span> <span class='ocrx_word' id='word_1_33' title='bbox 1883 731 1942 784; x_wconf 92' lang='grc' dir='ltr'>δέ</span> <span class='ocrx_word' id='word_1_34' title='bbox 1961 730 2162 802; x_wconf 87' lang='grc' dir='ltr'>ἠμέτε-</span> 
     </span>
    </p>
   </div>
   <div class='ocr_carea' id='block_1_6' title="bbox 489 817 2165 910">
    <p class='ocr_par' dir='ltr' id='par_1_6' title="bbox 489 817 2165 910">
     <span class='ocr_line' id='line_1_6' title="bbox 489 817 2165 910; baseline -0.011 -20"><span class='ocrx_word' id='word_1_35' title='bbox 489 855 582 910; x_wconf 89' lang='grc' dir='ltr'>ρον</span> <span class='ocrx_word' id='word_1_36' title='bbox 600 833 870 892; x_wconf 87' lang='grc' dir='ltr'>τοσοῦτον,</span> <span class='ocrx_word' id='word_1_37' title='bbox 891 832 1016 884; x_wconf 83' lang='grc' dir='ltr'>ὅσον</span> <span class='ocrx_word' id='word_1_38' title='bbox 1050 829 1143 882; x_wconf 74' lang='grc' dir='ltr'>καὶ</span> <span class='ocrx_word' id='word_1_39' title='bbox 1159 827 1306 897; x_wconf 76' lang='grc' dir='ltr'>ἡμᾶς</span> <span class='ocrx_word' id='word_1_40' title='bbox 1333 828 1383 878; x_wconf 88' lang='grc' dir='ltr'>οἰ</span> <span class='ocrx_word' id='word_1_41' title='bbox 1410 825 1587 893; x_wconf 89' lang='grc' dir='ltr'>λέγειν</span> <span class='ocrx_word' id='word_1_42' title='bbox 1616 822 1834 910; x_wconf 84' lang='grc' dir='ltr'>εἰδότες.</span> <span class='ocrx_word' id='word_1_43' title='bbox 1865 819 2011 910; x_wconf 79' lang='grc' dir='ltr'>Πλὴν</span> <span class='ocrx_word' id='word_1_44' title='bbox 2027 817 2165 910; x_wconf 78' lang='grc' dir='ltr'>άλλά</span> 
     </span>
    </p>
   </div>
   <div class='ocr_carea' id='block_1_7' title="bbox 487 906 2164 988">
    <p class='ocr_par' dir='ltr' id='par_1_7' title="bbox 487 906 2164 988">
     <span class='ocr_line' id='line_1_7' title="bbox 487 906 2164 988; baseline -0.012 -9"><span class='ocrx_word' id='word_1_45' title='bbox 487 906 582 979; x_wconf 70' lang='grc' dir='ltr'>καὶ</span> <span class='ocrx_word' id='word_1_46' title='bbox 621 923 794 984; x_wconf 85' lang='grc' dir='ltr'>οὑτως</span> <span class='ocrx_word' id='word_1_47' title='bbox 831 919 976 988; x_wconf 82' lang='grc' dir='ltr'>(οὑδὲ</span> <span class='ocrx_word' id='word_1_48' title='bbox 1009 917 1119 986; x_wconf 84' lang='grc' dir='ltr'>γὰρ</span> <span class='ocrx_word' id='word_1_49' title='bbox 1159 915 1268 968; x_wconf 84' lang='grc' dir='ltr'>ἀπὸ</span> <span class='ocrx_word' id='word_1_50' title='bbox 1293 913 1392 984; x_wconf 82' lang='grc' dir='ltr'>τῆς</span> <span class='ocrx_word' id='word_1_51' title='bbox 1415 911 1713 974; x_wconf 80' lang='grc' dir='ltr'>ἐκϐάσεως,</span> <span class='ocrx_word' id='word_1_52' title='bbox 1745 909 1881 964; x_wconf 84' lang='grc' dir='ltr'>ἀλλά</span> <span class='ocrx_word' id='word_1_53' title='bbox 1907 908 2015 961; x_wconf 84' lang='grc' dir='ltr'>ἀπὸ</span> <span class='ocrx_word' id='word_1_54' title='bbox 2059 906 2164 976; x_wconf 82' lang='grc' dir='ltr'>τῆς</span> 
     </span>
    </p>
   </div>
   <div class='ocr_carea' id='block_1_8' title="bbox 487 997 2158 1086">
    <p class='ocr_par' dir='ltr' id='par_1_8' title="bbox 487 997 2158 1086">
     <span class='ocr_line' id='line_1_8' title="bbox 487 997 2158 1086; baseline -0.013 -19"><span class='ocrx_word' id='word_1_55' title='bbox 487 1010 862 1086; x_wconf 83' lang='grc' dir='ltr'>προαιρέσεως</span> <span class='ocrx_word' id='word_1_56' title='bbox 892 1007 1039 1077; x_wconf 76' lang='grc' dir='ltr'>ἡμᾶς</span> <span class='ocrx_word' id='word_1_57' title='bbox 1062 1006 1091 1056; x_wconf 84' lang='grc' dir='ltr'>ὁ</span> <span class='ocrx_word' id='word_1_58' title='bbox 1115 1002 1380 1074; x_wconf 90' lang='grc' dir='ltr'>μακάριος</span> <span class='ocrx_word' id='word_1_59' title='bbox 1414 1001 1609 1071; x_wconf 83' lang='grc' dir='ltr'>κρινεῖ)</span> <span class='ocrx_word' id='word_1_60' title='bbox 1637 998 1736 1051; x_wconf 91' lang='grc' dir='ltr'>οὑκ</span> <span class='ocrx_word' id='word_1_61' title='bbox 1760 997 2158 1086; x_wconf 76' lang='grc' dir='ltr'>ἀποστήσομαι,</span> 
     </span>
    </p>
   </div>
   <div class='ocr_carea' id='block_1_9' title="bbox 485 1082 2162 1164">
    <p class='ocr_par' dir='ltr' id='par_1_9' title="bbox 485 1082 2162 1164">
     <span class='ocr_line' id='line_1_9' title="bbox 485 1082 2162 1164; baseline -0.013 -9"><span class='ocrx_word' id='word_1_62' title='bbox 485 1082 594 1164; x_wconf 78' lang='grc' dir='ltr'>ἓως</span> <span class='ocrx_word' id='word_1_63' title='bbox 623 1100 690 1153; x_wconf 84' lang='grc' dir='ltr'>ἂν</span> <span class='ocrx_word' id='word_1_64' title='bbox 712 1097 851 1151; x_wconf 82' lang='grc' dir='ltr'>εῐπω</span> <span class='ocrx_word' id='word_1_65' title='bbox 877 1093 1055 1156; x_wconf 87' lang='grc' dir='ltr'>τοῦτο,</span> <span class='ocrx_word' id='word_1_66' title='bbox 1093 1092 1122 1145; x_wconf 83' lang='grc' dir='ltr'><strong>ὃ</strong></span> <span class='ocrx_word' id='word_1_67' title='bbox 1149 1088 1389 1158; x_wconf 84' lang='grc' dir='ltr'>τοσούτῳ</span> <span class='ocrx_word' id='word_1_68' title='bbox 1434 1086 1542 1140; x_wconf 89' lang='grc' dir='ltr'>τῶν</span> <span class='ocrx_word' id='word_1_69' title='bbox 1579 1084 1884 1156; x_wconf 79' lang='grc' dir='ltr'>εἰρημένων</span> <span class='ocrx_word' id='word_1_70' title='bbox 1917 1082 2162 1152; x_wconf 86' lang='grc' dir='ltr'>κρεῖττόν</span> 
     </span>
    </p>
   </div>
   <div class='ocr_carea' id='block_1_10' title="bbox 488 1165 2164 1250">
    <p class='ocr_par' dir='ltr' id='par_1_10' title="bbox 488 1165 2164 1250">
     <span class='ocr_line' id='line_1_10' title="bbox 488 1165 2164 1250; baseline -0.014 -5"><span class='ocrx_word' id='word_1_71' title='bbox 488 1194 659 1250; x_wconf 86' lang='grc' dir='ltr'>ἐστιν,</span> <span class='ocrx_word' id='word_1_72' title='bbox 689 1187 813 1240; x_wconf 82' lang='grc' dir='ltr'>ὅσον</span> <span class='ocrx_word' id='word_1_73' title='bbox 849 1182 1106 1237; x_wconf 84' lang='grc' dir='ltr'>ἁπάντων</span> <span class='ocrx_word' id='word_1_74' title='bbox 1148 1177 1452 1247; x_wconf 84' lang='grc' dir='ltr'>ἀνθρώπων</span> <span class='ocrx_word' id='word_1_75' title='bbox 1497 1175 1723 1235; x_wconf 85' lang='grc' dir='ltr'>ἐκεῖνος.</span> <span class='ocrx_word' id='word_1_76' title='bbox 1779 1170 1846 1223; x_wconf 92' lang='grc' dir='ltr'>Τί</span> <span class='ocrx_word' id='word_1_77' title='bbox 1884 1165 1978 1224; x_wconf 85' lang='grc' dir='ltr'>οὖν</span> <span class='ocrx_word' id='word_1_78' title='bbox 2005 1168 2164 1222; x_wconf 81' lang='grc' dir='ltr'>τοῦτό</span> 
     </span>
    </p>
   </div>
   <div class='ocr_carea' id='block_1_11' title="bbox 489 1258 2162 1339">
    <p class='ocr_par' dir='ltr' id='par_1_11' title="bbox 489 1258 2162 1339">
     <span class='ocr_line' id='line_1_11' title="bbox 489 1258 2162 1339; baseline -0.016 -4"><span class='ocrx_word' id='word_1_79' title='bbox 489 1281 674 1339; x_wconf 75' lang='grc' dir='ltr'>ἐστινς</span> <span class='ocrx_word' id='word_1_80' title='bbox 706 1273 861 1329; x_wconf 86' lang='grc' dir='ltr'>Μετά</span> <span class='ocrx_word' id='word_1_81' title='bbox 892 1269 1130 1324; x_wconf 89' lang='grc' dir='ltr'>τοσαῦτα</span> <span class='ocrx_word' id='word_1_82' title='bbox 1163 1263 1585 1334; x_wconf 80' lang='grc' dir='ltr'>κατορθώματα,</span> <span class='ocrx_word' id='word_1_83' title='bbox 1616 1259 1752 1330; x_wconf 88' lang='grc' dir='ltr'>μετά</span> <span class='ocrx_word' id='word_1_84' title='bbox 1780 1259 1904 1321; x_wconf 78' lang='grc' dir='ltr'>τοὺς</span> <span class='ocrx_word' id='word_1_85' title='bbox 1935 1258 2162 1328; x_wconf 80' lang='grc' dir='ltr'>μυρίους</span> 
     </span>
    </p>
   </div>
   <div class='ocr_carea' id='block_1_12' title="bbox 491 1347 2162 1434">
    <p class='ocr_par' dir='ltr' id='par_1_12' title="bbox 491 1347 2162 1434">
     <span class='ocr_line' id='line_1_12' title="bbox 491 1347 2162 1434; baseline -0.015 -11"><span class='ocrx_word' id='word_1_86' title='bbox 491 1366 790 1434; x_wconf 80' lang='grc' dir='ltr'>στεφάνους</span> <span class='ocrx_word' id='word_1_87' title='bbox 809 1360 1013 1434; x_wconf 79' lang='grc' dir='ltr'>ηὑξατο</span> <span class='ocrx_word' id='word_1_88' title='bbox 1043 1359 1122 1419; x_wconf 89' lang='grc' dir='ltr'>εἰς</span> <span class='ocrx_word' id='word_1_89' title='bbox 1142 1355 1370 1424; x_wconf 76' lang='grc' dir='ltr'>γέενναν</span> <span class='ocrx_word' id='word_1_90' title='bbox 1399 1351 1675 1412; x_wconf 80' lang='grc' dir='ltr'>ἀπελθεῖν,</span> <span class='ocrx_word' id='word_1_91' title='bbox 1711 1350 1806 1402; x_wconf 69' lang='grc' dir='ltr'>καὶ</span> <span class='ocrx_word' id='word_1_92' title='bbox 1825 1347 2028 1417; x_wconf 87' lang='grc' dir='ltr'>αἰωνίῳ</span> <span class='ocrx_word' id='word_1_93' title='bbox 2057 1362 2162 1399; x_wconf 88' lang='grc' dir='ltr'>πα-</span> 
     </span>
    </p>
   </div>
   <div class='ocr_carea' id='block_1_13' title="bbox 494 1435 2162 1529">
    <p class='ocr_par' dir='ltr' id='par_1_13' title="bbox 494 1435 2162 1529">
     <span class='ocr_line' id='line_1_13' title="bbox 494 1435 2162 1529; baseline -0.014 -18"><span class='ocrx_word' id='word_1_94' title='bbox 494 1454 784 1529; x_wconf 82' lang='grc' dir='ltr'>ραδοθῆναι</span> <span class='ocrx_word' id='word_1_95' title='bbox 825 1449 1066 1510; x_wconf 84' lang='grc' dir='ltr'>κολάσει,</span> <span class='ocrx_word' id='word_1_96' title='bbox 1099 1444 1242 1516; x_wconf 85' lang='grc' dir='ltr'>ὑπὲρ</span> <span class='ocrx_word' id='word_1_97' title='bbox 1275 1441 1370 1495; x_wconf 87' lang='grc' dir='ltr'>τοῦ</span> <span class='ocrx_word' id='word_1_98' title='bbox 1407 1442 1533 1503; x_wconf 82' lang='grc' dir='ltr'>τοὺς</span> <span class='ocrx_word' id='word_1_99' title='bbox 1566 1439 1824 1529; x_wconf 65' lang='grc' dir='ltr'>πολλάκις</span> <span class='ocrx_word' id='word_1_100' title='bbox 1860 1435 2162 1529; x_wconf 40' lang='grc' dir='ltr'>αὑτὸνηκαὶ</span> 
     </span>
    </p>
   </div>
   <div class='ocr_carea' id='block_1_14' title="bbox 489 1523 2162 1602">
    <p class='ocr_par' dir='ltr' id='par_1_14' title="bbox 489 1523 2162 1602">
     <span class='ocr_line' id='line_1_14' title="bbox 489 1523 2162 1602; baseline -0.014 -4"><span class='ocrx_word' id='word_1_101' title='bbox 489 1523 834 1602; x_wconf 82' lang='grc' dir='ltr'>λιθάσαντας.</span> <span class='ocrx_word' id='word_1_102' title='bbox 886 1538 978 1590; x_wconf 77' lang='grc' dir='ltr'>καὶ</span> <span class='ocrx_word' id='word_1_103' title='bbox 1033 1533 1338 1593; x_wconf 85' lang='grc' dir='ltr'>ἀνελόντας,</span> <span class='ocrx_word' id='word_1_104' title='bbox 1379 1529 1442 1581; x_wconf 90' lang='grc' dir='ltr'>τό</span> <span class='ocrx_word' id='word_1_105' title='bbox 1487 1544 1550 1596; x_wconf 91' lang='grc' dir='ltr'>γε</span> <span class='ocrx_word' id='word_1_106' title='bbox 1579 1525 1758 1580; x_wconf 91' lang='grc' dir='ltr'>αὑτῶν</span> <span class='ocrx_word' id='word_1_107' title='bbox 1803 1525 1992 1594; x_wconf 80' lang='grc' dir='ltr'>μέρος,</span> <span class='ocrx_word' id='word_1_108' title='bbox 2032 1523 2162 1575; x_wconf 80' lang='grc' dir='ltr'>Ἰου-</span> 
     </span>
    </p>
   </div>
   <div class='ocr_carea' id='block_1_15' title="bbox 489 1608 2161 1698">
    <p class='ocr_par' dir='ltr' id='par_1_15' title="bbox 489 1608 2161 1698">
     <span class='ocr_line' id='line_1_15' title="bbox 489 1608 2161 1698; baseline -0.016 -11"><span class='ocrx_word' id='word_1_109' title='bbox 489 1633 672 1695; x_wconf 90' lang='grc' dir='ltr'>δαίους</span> <span class='ocrx_word' id='word_1_110' title='bbox 701 1628 958 1698; x_wconf 83' lang='grc' dir='ltr'>σωθῆναι,</span> <span class='ocrx_word' id='word_1_111' title='bbox 991 1623 1086 1678; x_wconf 79' lang='grc' dir='ltr'>καὶ</span> <span class='ocrx_word' id='word_1_112' title='bbox 1115 1620 1193 1690; x_wconf 83' lang='grc' dir='ltr'>τῶ</span> <span class='ocrx_word' id='word_1_113' title='bbox 1226 1615 1445 1689; x_wconf 86' lang='grc' dir='ltr'>Χριστῷ</span> <span class='ocrx_word' id='word_1_114' title='bbox 1482 1613 1819 1684; x_wconf 88' lang='grc' dir='ltr'>προσελθεῖν.</span> <span class='ocrx_word' id='word_1_115' title='bbox 1840 1611 1934 1674; x_wconf 88' lang='grc' dir='ltr'>Τίς</span> <span class='ocrx_word' id='word_1_116' title='bbox 1988 1608 2161 1698; x_wconf 83' lang='grc' dir='ltr'>οὑτως</span> 
     </span>
    </p>
   </div>
   <div class='ocr_carea' id='block_1_16' title="bbox 490 1697 2159 1791">
    <p class='ocr_par' dir='ltr' id='par_1_16' title="bbox 490 1697 2159 1791">
     <span class='ocr_line' id='line_1_16' title="bbox 490 1697 2159 1791; baseline -0.016 -15"><span class='ocrx_word' id='word_1_117' title='bbox 490 1721 727 1791; x_wconf 87' lang='grc' dir='ltr'>ἐπόθησε</span> <span class='ocrx_word' id='word_1_118' title='bbox 748 1697 845 1771; x_wconf 81' lang='grc' dir='ltr'>τὸν</span> <span class='ocrx_word' id='word_1_119' title='bbox 871 1711 1139 1786; x_wconf 88' lang='grc' dir='ltr'>Χριστόν;</span> <span class='ocrx_word' id='word_1_120' title='bbox 1166 1710 1296 1775; x_wconf 84' lang='grc' dir='ltr'>είγε</span> <span class='ocrx_word' id='word_1_121' title='bbox 1337 1705 1502 1759; x_wconf 85' lang='grc' dir='ltr'>πόθον</span> <span class='ocrx_word' id='word_1_122' title='bbox 1533 1703 1666 1791; x_wconf 68' lang='grc' dir='ltr'>αὐτὸ</span> <span class='ocrx_word' id='word_1_123' title='bbox 1696 1703 1776 1756; x_wconf 91' lang='grc' dir='ltr'>δεῖ</span> <span class='ocrx_word' id='word_1_124' title='bbox 1807 1700 2010 1791; x_wconf 82' lang='grc' dir='ltr'>καλεῖν,</span> <span class='ocrx_word' id='word_1_125' title='bbox 2042 1697 2159 1791; x_wconf 75' lang='grc' dir='ltr'>ἀλλ’</span> 
     </span>
    </p>
   </div>
   <div class='ocr_carea' id='block_1_17' title="bbox 488 1787 2161 1882">
    <p class='ocr_par' dir='ltr' id='par_1_17' title="bbox 488 1787 2161 1882">
     <span class='ocr_line' id='line_1_17' title="bbox 488 1787 2161 1882; baseline -0.022 -16"><span class='ocrx_word' id='word_1_126' title='bbox 488 1813 586 1882; x_wconf 79' lang='grc' dir='ltr'>οὑχ</span> <span class='ocrx_word' id='word_1_127' title='bbox 609 1787 794 1880; x_wconf 81' lang='grc' dir='ltr'>’έτερόν</span> <span class='ocrx_word' id='word_1_128' title='bbox 827 1821 878 1856; x_wconf 90' lang='grc' dir='ltr'>τι</span> <span class='ocrx_word' id='word_1_129' title='bbox 901 1800 996 1854; x_wconf 92' lang='grc' dir='ltr'>τοῦ</span> <span class='ocrx_word' id='word_1_130' title='bbox 1029 1797 1195 1852; x_wconf 85' lang='grc' dir='ltr'>πόθου</span> <span class='ocrx_word' id='word_1_131' title='bbox 1220 1794 1400 1848; x_wconf 83' lang='grc' dir='ltr'>πλέον.</span> <span class='ocrx_word' id='word_1_132' title='bbox 1435 1787 1674 1882; x_wconf 79' lang='grc' dir='ltr'>Ἔτιοῦν</span> <span class='ocrx_word' id='word_1_133' title='bbox 1711 1790 1945 1882; x_wconf 71' lang='grc' dir='ltr'>ἑαυτοὺς</span> <span class='ocrx_word' id='word_1_134' title='bbox 1967 1787 2161 1882; x_wconf 41' lang='grc' dir='ltr'>ἐκεινῳ</span> 
     </span>
    </p>
   </div>
   <div class='ocr_carea' id='block_1_18' title="bbox 489 1868 2163 1970">
    <p class='ocr_par' dir='ltr' id='par_1_18' title="bbox 489 1868 2163 1970">
     <span class='ocr_line' id='line_1_18' title="bbox 489 1868 2163 1970; baseline -0.015 -17"><span class='ocrx_word' id='word_1_135' title='bbox 489 1868 918 1970; x_wconf 69' lang='grc' dir='ltr'>παραϐαλοῦμεν</span> <span class='ocrx_word' id='word_1_136' title='bbox 946 1888 1088 1960; x_wconf 87' lang='grc' dir='ltr'>μετά</span> <span class='ocrx_word' id='word_1_137' title='bbox 1106 1887 1205 1957; x_wconf 88' lang='grc' dir='ltr'>τὴν</span> <span class='ocrx_word' id='word_1_138' title='bbox 1229 1883 1498 1952; x_wconf 81' lang='grc' dir='ltr'>τοσαύτην</span> <span class='ocrx_word' id='word_1_139' title='bbox 1521 1881 1796 1970; x_wconf 37' lang='grc' dir='ltr'>χάρμη-ἠν</span> <span class='ocrx_word' id='word_1_140' title='bbox 1817 1877 2163 1970; x_wconf 17' lang='grc' dir='ltr'>έλαδενμάνω-</span> 
     </span>
    </p>
   </div>
   <div class='ocr_carea' id='block_1_19' title="bbox 489 1965 2158 2054">
    <p class='ocr_par' dir='ltr' id='par_1_19' title="bbox 489 1965 2158 2054">
     <span class='ocr_line' id='line_1_19' title="bbox 489 1965 2158 2054; baseline -0.014 -16"><span class='ocrx_word' id='word_1_141' title='bbox 489 1965 603 2047; x_wconf 75' lang='grc' dir='ltr'>θεν,</span> <span class='ocrx_word' id='word_1_142' title='bbox 637 1981 774 2054; x_wconf 85' lang='grc' dir='ltr'>μετά</span> <span class='ocrx_word' id='word_1_143' title='bbox 800 1981 901 2050; x_wconf 80' lang='grc' dir='ltr'>τὴν</span> <span class='ocrx_word' id='word_1_144' title='bbox 934 1975 1202 2044; x_wconf 83' lang='grc' dir='ltr'>τοσαύτην</span> <span class='ocrx_word' id='word_1_145' title='bbox 1229 1971 1450 2043; x_wconf 81' lang='grc' dir='ltr'>ἀρετὴν,</span> <span class='ocrx_word' id='word_1_146' title='bbox 1485 1971 1550 2040; x_wconf 84' lang='grc' dir='ltr'>ἦν</span> <span class='ocrx_word' id='word_1_147' title='bbox 1580 1965 2158 2054; x_wconf 76' lang='grc' dir='ltr'>οἴκοθενέπεδείξατος</span> 
     </span>
    </p>
   </div>
   <div class='ocr_carea' id='block_1_20' title="bbox 491 2052 2161 2131">
    <p class='ocr_par' dir='ltr' id='par_1_20' title="bbox 491 2052 2161 2131">
     <span class='ocr_line' id='line_1_20' title="bbox 491 2052 2161 2131; baseline -0.012 -5"><span class='ocrx_word' id='word_1_148' title='bbox 491 2072 600 2126; x_wconf 74' lang='grc' dir='ltr'>Καὶ</span> <span class='ocrx_word' id='word_1_149' title='bbox 631 2052 685 2122; x_wconf 82' lang='grc' dir='ltr'>τί</span> <span class='ocrx_word' id='word_1_150' title='bbox 718 2066 908 2120; x_wconf 92' lang='grc' dir='ltr'>τούτου</span> <span class='ocrx_word' id='word_1_151' title='bbox 955 2062 1157 2131; x_wconf 80' lang='grc' dir='ltr'>γένοιτ’</span> <span class='ocrx_word' id='word_1_152' title='bbox 1206 2060 1272 2113; x_wconf 82' lang='grc' dir='ltr'>ἂν</span> <span class='ocrx_word' id='word_1_153' title='bbox 1314 2057 1736 2128; x_wconf 87' lang='grc' dir='ltr'>τολμηρότερον;</span> <span class='ocrx_word' id='word_1_154' title='bbox 1789 2053 1910 2106; x_wconf 80' lang='grc' dir='ltr'>Ὅτι</span> <span class='ocrx_word' id='word_1_155' title='bbox 1943 2052 2000 2106; x_wconf 82' lang='grc' dir='ltr'>δὲ</span> <span class='ocrx_word' id='word_1_156' title='bbox 2041 2053 2161 2106; x_wconf 80' lang='grc' dir='ltr'>οὑδέ</span> 
     </span>
    </p>
   </div>
   <div class='ocr_carea' id='block_1_21' title="bbox 487 2138 2164 2224">
    <p class='ocr_par' dir='ltr' id='par_1_21' title="bbox 487 2138 2164 2224">
     <span class='ocr_line' id='line_1_21' title="bbox 487 2138 2164 2224; baseline -0.014 -10"><span class='ocrx_word' id='word_1_157' title='bbox 487 2158 662 2221; x_wconf 77' lang='grc' dir='ltr'>οὑτως</span> <span class='ocrx_word' id='word_1_158' title='bbox 691 2169 717 2196; x_wconf 80' lang='grc' dir='ltr'>ι</span> <span class='ocrx_word' id='word_1_159' title='bbox 746 2151 814 2224; x_wconf 83' lang='grc' dir='ltr'>ἦν</span> <span class='ocrx_word' id='word_1_160' title='bbox 848 2153 1082 2220; x_wconf 82' lang='grc' dir='ltr'>ἰδιώτης,</span> <span class='ocrx_word' id='word_1_161' title='bbox 1114 2148 1190 2210; x_wconf 85' lang='grc' dir='ltr'>ὼς</span> <span class='ocrx_word' id='word_1_162' title='bbox 1223 2138 1369 2199; x_wconf 76' lang='grc' dir='ltr'>οὗτοι</span> <span class='ocrx_word' id='word_1_163' title='bbox 1408 2142 1706 2214; x_wconf 73' lang='grc' dir='ltr'>νομίζουσι,</span> <span class='ocrx_word' id='word_1_164' title='bbox 1739 2141 1834 2194; x_wconf 78' lang='grc' dir='ltr'>καὶ</span> <span class='ocrx_word' id='word_1_165' title='bbox 1867 2139 2024 2193; x_wconf 82' lang='grc' dir='ltr'>τοῦτο</span> <span class='ocrx_word' id='word_1_166' title='bbox 2054 2138 2164 2192; x_wconf 89' lang='grc' dir='ltr'>λοι-</span> 
     </span>
    </p>
   </div>
   <div class='ocr_carea' id='block_1_22' title="bbox 492 2225 2162 2308">
    <p class='ocr_par' dir='ltr' id='par_1_22' title="bbox 492 2225 2162 2308">
     <span class='ocr_line' id='line_1_22' title="bbox 492 2225 2162 2308; baseline -0.014 -7"><span class='ocrx_word' id='word_1_167' title='bbox 492 2247 592 2300; x_wconf 80' lang='grc' dir='ltr'>πὸν</span> <span class='ocrx_word' id='word_1_168' title='bbox 624 2241 907 2307; x_wconf 78' lang='grc' dir='ltr'>ἀποδεῖξαι</span> <span class='ocrx_word' id='word_1_169' title='bbox 941 2235 1296 2308; x_wconf 83' lang='grc' dir='ltr'>πειράσομαι.</span> <span class='ocrx_word' id='word_1_170' title='bbox 1327 2225 1486 2286; x_wconf 78' lang='grc' dir='ltr'>Οὗτοι</span> <span class='ocrx_word' id='word_1_171' title='bbox 1529 2231 1626 2301; x_wconf 83' lang='grc' dir='ltr'>μὲν</span> <span class='ocrx_word' id='word_1_172' title='bbox 1663 2229 1772 2300; x_wconf 77' lang='grc' dir='ltr'>γὰρ</span> <span class='ocrx_word' id='word_1_173' title='bbox 1803 2228 1864 2281; x_wconf 86' lang='grc' dir='ltr'>οὑ</span> <span class='ocrx_word' id='word_1_174' title='bbox 1894 2227 2051 2297; x_wconf 89' lang='grc' dir='ltr'>μόνον</span> <span class='ocrx_word' id='word_1_175' title='bbox 2074 2225 2162 2278; x_wconf 83' lang='grc' dir='ltr'>τὸν</span> 
     </span>
    </p>
   </div>
   <div class='ocr_carea' id='block_1_23' title="bbox 491 2312 2162 2403">
    <p class='ocr_par' dir='ltr' id='par_1_23' title="bbox 491 2312 2162 2403">
     <span class='ocr_line' id='line_1_23' title="bbox 491 2312 2162 2403; baseline -0.014 -15"><span class='ocrx_word' id='word_1_176' title='bbox 491 2337 593 2388; x_wconf 89' lang='grc' dir='ltr'>οὑκ</span> <span class='ocrx_word' id='word_1_177' title='bbox 629 2331 941 2403; x_wconf 72' lang='grc' dir='ltr'>ἠσκημένον</span> <span class='ocrx_word' id='word_1_178' title='bbox 976 2327 1075 2396; x_wconf 84' lang='grc' dir='ltr'>τὴν</span> <span class='ocrx_word' id='word_1_179' title='bbox 1105 2323 1213 2377; x_wconf 91' lang='grc' dir='ltr'>τῶν</span> <span class='ocrx_word' id='word_1_180' title='bbox 1241 2319 1438 2387; x_wconf 77' lang='grc' dir='ltr'>ἔξωθεν</span> <span class='ocrx_word' id='word_1_181' title='bbox 1487 2319 1660 2385; x_wconf 85' lang='grc' dir='ltr'>λόγων</span> <span class='ocrx_word' id='word_1_182' title='bbox 1707 2314 1991 2387; x_wconf 85' lang='grc' dir='ltr'>τερθρείαν</span> <span class='ocrx_word' id='word_1_183' title='bbox 2023 2312 2162 2368; x_wconf 83' lang='grc' dir='ltr'>ἰδιώ-</span> 
     </span>
    </p>
   </div>
   <div class='ocr_carea' id='block_1_24' title="bbox 489 2403 2162 2493">
    <p class='ocr_par' dir='ltr' id='par_1_24' title="bbox 489 2403 2162 2493">
     <span class='ocr_line' id='line_1_24' title="bbox 489 2403 2162 2493; baseline -0.013 -17"><span class='ocrx_word' id='word_1_184' title='bbox 489 2438 590 2493; x_wconf 93' lang='grc' dir='ltr'>την</span> <span class='ocrx_word' id='word_1_185' title='bbox 622 2419 898 2480; x_wconf 89' lang='grc' dir='ltr'>καλοῦσιν,</span> <span class='ocrx_word' id='word_1_186' title='bbox 931 2415 1068 2469; x_wconf 90' lang='grc' dir='ltr'>ἀλλά</span> <span class='ocrx_word' id='word_1_187' title='bbox 1113 2411 1208 2466; x_wconf 71' lang='grc' dir='ltr'>καί⁵</span> <span class='ocrx_word' id='word_1_188' title='bbox 1240 2410 1330 2462; x_wconf 81' lang='grc' dir='ltr'>τὸν</span> <span class='ocrx_word' id='word_1_189' title='bbox 1354 2409 1454 2461; x_wconf 90' lang='grc' dir='ltr'>οὑκ</span> <span class='ocrx_word' id='word_1_190' title='bbox 1491 2407 1665 2460; x_wconf 84' lang='grc' dir='ltr'>εἰδότα</span> <span class='ocrx_word' id='word_1_191' title='bbox 1699 2404 1966 2493; x_wconf 82' lang='grc' dir='ltr'>μάχεσθαι</span> <span class='ocrx_word' id='word_1_192' title='bbox 2023 2403 2162 2474; x_wconf 87' lang='grc' dir='ltr'>ὑπὲρ</span> 
     </span>
    </p>
   </div>
   <div class='ocr_carea' id='block_1_25' title="bbox 489 2491 2164 2578">
    <p class='ocr_par' dir='ltr' id='par_1_25' title="bbox 489 2491 2164 2578">
     <span class='ocr_line' id='line_1_25' title="bbox 489 2491 2164 2578; baseline -0.012 -13"><span class='ocrx_word' id='word_1_193' title='bbox 489 2491 600 2564; x_wconf 89' lang='grc' dir='ltr'>τῶν</span> <span class='ocrx_word' id='word_1_194' title='bbox 631 2509 732 2578; x_wconf 83' lang='grc' dir='ltr'>τῆς</span> <span class='ocrx_word' id='word_1_195' title='bbox 770 2505 1022 2576; x_wconf 84' lang='grc' dir='ltr'>ἀληθείας</span> <span class='ocrx_word' id='word_1_196' title='bbox 1049 2500 1353 2572; x_wconf 60' lang='grc' dir='ltr'>δογμάτων</span> <span class='ocrx_word' id='word_1_197' title='bbox 1387 2497 1481 2550; x_wconf 82' lang='grc' dir='ltr'>καὶ</span> <span class='ocrx_word' id='word_1_198' title='bbox 1505 2495 1684 2558; x_wconf 90' lang='grc' dir='ltr'>καλῶς</span> <span class='ocrx_word' id='word_1_199' title='bbox 1717 2491 2048 2564; x_wconf 78' lang='grc' dir='ltr'>νομίζουσιν.</span> <span class='ocrx_word' id='word_1_200' title='bbox 2105 2493 2164 2545; x_wconf 82' lang='grc' dir='ltr'>Ὀ</span> 
     </span>
    </p>
   </div>
   <div class='ocr_carea' id='block_1_26' title="bbox 488 2577 2162 2662">
    <p class='ocr_par' dir='ltr' id='par_1_26' title="bbox 488 2577 2162 2662">
     <span class='ocr_line' id='line_1_26' title="bbox 488 2577 2162 2662; baseline -0.013 -8"><span class='ocrx_word' id='word_1_201' title='bbox 488 2599 547 2653; x_wconf 81' lang='grc' dir='ltr'>δὲ</span> <span class='ocrx_word' id='word_1_202' title='bbox 576 2577 787 2660; x_wconf 90' lang='grc' dir='ltr'>Παῦλος</span> <span class='ocrx_word' id='word_1_203' title='bbox 809 2597 909 2648; x_wconf 86' lang='grc' dir='ltr'>οὑκ</span> <span class='ocrx_word' id='word_1_204' title='bbox 931 2595 987 2646; x_wconf 86' lang='grc' dir='ltr'>ἐν</span> <span class='ocrx_word' id='word_1_205' title='bbox 1016 2589 1348 2662; x_wconf 78' lang='grc' dir='ltr'>ἀμφοτέροις</span> <span class='ocrx_word' id='word_1_206' title='bbox 1367 2584 1512 2657; x_wconf 65' lang='lat' dir='ltr'>[HQ]</span> <span class='ocrx_word' id='word_1_207' title='bbox 1538 2583 1737 2654; x_wconf 73' lang='grc' dir='ltr'>ἔφησεν</span> <span class='ocrx_word' id='word_1_208' title='bbox 1759 2581 1974 2652; x_wconf 78' lang='grc' dir='ltr'>ἰδιώτης</span> <span class='ocrx_word' id='word_1_209' title='bbox 2002 2577 2162 2646; x_wconf 79' lang='grc' dir='ltr'>εἶναι,</span> 
     </span>
    </p>
   </div>
   <div class='ocr_carea' id='block_1_27' title="bbox 489 2672 2166 2754">
    <p class='ocr_par' dir='ltr' id='par_1_27' title="bbox 489 2672 2166 2754">
     <span class='ocr_line' id='line_1_27' title="bbox 489 2672 2166 2754; baseline -0.013 -11"><span class='ocrx_word' id='word_1_210' title='bbox 489 2689 604 2743; x_wconf 86' lang='grc' dir='ltr'>ἀλλ’</span> <span class='ocrx_word' id='word_1_211' title='bbox 635 2689 692 2741; x_wconf 82' lang='grc' dir='ltr'>ἐν</span> <span class='ocrx_word' id='word_1_212' title='bbox 717 2685 930 2754; x_wconf 76' lang='grc' dir='ltr'>θατέρῳ</span> <span class='ocrx_word' id='word_1_213' title='bbox 960 2682 1140 2752; x_wconf 89' lang='grc' dir='ltr'>μόνον·</span> <span class='ocrx_word' id='word_1_214' title='bbox 1170 2679 1264 2732; x_wconf 74' lang='grc' dir='ltr'>καὶ</span> <span class='ocrx_word' id='word_1_215' title='bbox 1301 2676 1460 2730; x_wconf 86' lang='grc' dir='ltr'>τοῦτο</span> <span class='ocrx_word' id='word_1_216' title='bbox 1482 2673 1932 2742; x_wconf 78' lang='grc' dir='ltr'>ἀσφαλιζόμενος,</span> <span class='ocrx_word' id='word_1_217' title='bbox 1963 2672 2053 2724; x_wconf 79' lang='grc' dir='ltr'>τὸν</span> <span class='ocrx_word' id='word_1_218' title='bbox 2089 2672 2166 2724; x_wconf 83' lang='grc' dir='ltr'>δι-</span> 
     </span>
    </p>
   </div>
   <div class='ocr_carea' id='block_1_28' title="bbox 489 2759 2166 2850">
    <p class='ocr_par' dir='ltr' id='par_1_28' title="bbox 489 2759 2166 2850">
     <span class='ocr_line' id='line_1_28' title="bbox 489 2759 2166 2850; baseline -0.014 -17"><span class='ocrx_word' id='word_1_219' title='bbox 489 2776 716 2850; x_wconf 80' lang='grc' dir='ltr'>ορισμὸν</span> <span class='ocrx_word' id='word_1_220' title='bbox 763 2770 1010 2844; x_wconf 77' lang='grc' dir='ltr'>ἀκριϐῶς</span> <span class='ocrx_word' id='word_1_221' title='bbox 1058 2767 1385 2837; x_wconf 88' lang='grc' dir='ltr'>πεποίηται,</span> <span class='ocrx_word' id='word_1_222' title='bbox 1428 2763 1605 2829; x_wconf 89' lang='grc' dir='ltr'>λέγων</span> <span class='ocrx_word' id='word_1_223' title='bbox 1772 2761 1927 2850; x_wconf 11' lang='grc' dir='ltr'>λόγῳᾷ</span> <span class='ocrx_word' id='word_1_224' title='bbox 1953 2759 2166 2850; x_wconf 78' lang='grc' dir='ltr'>ἰδιώτης</span> 
     </span>
    </p>
   </div>
   <div class='ocr_carea' id='block_1_29' title="bbox 485 2847 2166 2930">
    <p class='ocr_par' dir='ltr' id='par_1_29' title="bbox 485 2847 2166 2930">
     <span class='ocr_line' id='line_1_29' title="bbox 485 2847 2166 2930; baseline -0.013 -9"><span class='ocrx_word' id='word_1_225' title='bbox 485 2847 855 2930; x_wconf 71' lang='grc' dir='ltr'>εἷναι,άλλ⁹οὑ</span> <span class='ocrx_word' id='word_1_226' title='bbox 885 2860 952 2930; x_wconf 81' lang='grc' dir='ltr'>τῇ</span> <span class='ocrx_word' id='word_1_227' title='bbox 984 2856 1203 2926; x_wconf 83' lang='grc' dir='ltr'>γνώσει.</span> <span class='ocrx_word' id='word_1_228' title='bbox 1247 2851 1390 2920; x_wconf 83' lang='grc' dir='ltr'>Ἐγὼ</span> <span class='ocrx_word' id='word_1_229' title='bbox 1449 2851 1506 2904; x_wconf 85' lang='grc' dir='ltr'>δέ</span> <span class='ocrx_word' id='word_1_230' title='bbox 1543 2851 1592 2902; x_wconf 93' lang='grc' dir='ltr'>εἰ</span> <span class='ocrx_word' id='word_1_231' title='bbox 1629 2849 1730 2920; x_wconf 81' lang='grc' dir='ltr'>μὲν</span> <span class='ocrx_word' id='word_1_232' title='bbox 1775 2847 1872 2918; x_wconf 85' lang='grc' dir='ltr'>τὴν</span> <span class='ocrx_word' id='word_1_233' title='bbox 1917 2848 2166 2917; x_wconf 79' lang='grc' dir='ltr'>λειότητα</span> 
     </span>
    </p>
   </div>
   <div class='ocr_carea' id='block_1_30' title="bbox 499 2936 2167 3022">
    <p class='ocr_par' dir='ltr' id='par_1_30' title="bbox 499 2936 2167 3022">
     <span class='ocr_line' id='line_1_30' title="bbox 499 2936 2167 3022; baseline -0.012 -16"><span class='ocrx_word' id='word_1_234' title='bbox 499 2953 839 3022; x_wconf 74' lang='grc' dir='ltr'>Ἰσοκράτους</span> <span class='ocrx_word' id='word_1_235' title='bbox 881 2947 908 2986; x_wconf 72' lang='grc' dir='ltr'>ι)</span> <span class='ocrx_word' id='word_1_236' title='bbox 935 2946 1195 3017; x_wconf 62' lang='grc' dir='ltr'>ἀπῄτουν,</span> <span class='ocrx_word' id='word_1_237' title='bbox 1220 2943 1315 2995; x_wconf 80' lang='grc' dir='ltr'>καί</span> <span class='ocrx_word' id='word_1_238' title='bbox 1347 2942 1436 2993; x_wconf 76' lang='grc' dir='ltr'>τὸν</span> <span class='ocrx_word' id='word_1_239' title='bbox 1463 2937 1838 3009; x_wconf 84' lang='grc' dir='ltr'>Δημοσθένους</span> <span class='ocrx_word' id='word_1_240' title='bbox 1864 2936 2046 3004; x_wconf 78' lang='grc' dir='ltr'>ὄγκον,</span> <span class='ocrx_word' id='word_1_241' title='bbox 2072 2936 2167 2988; x_wconf 78' lang='grc' dir='ltr'>καὶ</span> 
     </span>
    </p>
   </div>
   <div class='ocr_carea' id='block_1_31' title="bbox 487 3024 2165 3110">
    <p class='ocr_par' dir='ltr' id='par_1_31' title="bbox 487 3024 2165 3110">
     <span class='ocr_line' id='line_1_31' title="bbox 487 3024 2165 3110; baseline -0.011 -16"><span class='ocrx_word' id='word_1_242' title='bbox 487 3041 587 3110; x_wconf 79' lang='grc' dir='ltr'>τήν</span> <span class='ocrx_word' id='word_1_243' title='bbox 616 3036 938 3091; x_wconf 76' lang='grc' dir='ltr'>Θουκυδίδου</span> <span class='ocrx_word' id='word_1_244' title='bbox 972 3032 1298 3103; x_wconf 87' lang='grc' dir='ltr'>σεμνότητα,</span> <span class='ocrx_word' id='word_1_245' title='bbox 1340 3029 1435 3081; x_wconf 71' lang='grc' dir='ltr'>καὶ</span> <span class='ocrx_word' id='word_1_246' title='bbox 1463 3027 1524 3080; x_wconf 85' lang='grc' dir='ltr'>τδ</span> <span class='ocrx_word' id='word_1_247' title='bbox 1561 3026 1846 3088; x_wconf 82' lang='grc' dir='ltr'>Πλάτωνος</span> <span class='ocrx_word' id='word_1_248' title='bbox 1876 3024 2028 3093; x_wconf 76' lang='grc' dir='ltr'>ὑψος,</span> <span class='ocrx_word' id='word_1_249' title='bbox 2060 3024 2165 3077; x_wconf 74' lang='grc' dir='ltr'>ἔδει</span> 
     </span>
    </p>
   </div>
   <div class='ocr_carea' id='block_1_32' title="bbox 490 3112 2166 3198">
    <p class='ocr_par' dir='ltr' id='par_1_32' title="bbox 490 3112 2166 3198">
     <span class='ocr_line' id='line_1_32' title="bbox 490 3112 2166 3198; baseline -0.009 -17"><span class='ocrx_word' id='word_1_250' title='bbox 490 3129 676 3198; x_wconf 80' lang='grc' dir='ltr'>φέρειν</span> <span class='ocrx_word' id='word_1_251' title='bbox 704 3127 784 3189; x_wconf 91' lang='grc' dir='ltr'>εἰς</span> <span class='ocrx_word' id='word_1_252' title='bbox 812 3124 974 3195; x_wconf 83' lang='grc' dir='ltr'>μέσον</span> <span class='ocrx_word' id='word_1_253' title='bbox 999 3121 1200 3189; x_wconf 81' lang='grc' dir='ltr'>ταύτην</span> <span class='ocrx_word' id='word_1_254' title='bbox 1226 3116 1320 3170; x_wconf 90' lang='grc' dir='ltr'>τοῦ</span> <span class='ocrx_word' id='word_1_255' title='bbox 1359 3115 1573 3169; x_wconf 84' lang='grc' dir='ltr'>Παύλου</span> <span class='ocrx_word' id='word_1_256' title='bbox 1601 3115 1699 3186; x_wconf 87' lang='grc' dir='ltr'>τὴν</span> <span class='ocrx_word' id='word_1_257' title='bbox 1729 3114 2050 3185; x_wconf 82' lang='grc' dir='ltr'>μαρτυρίαν·</span> <span class='ocrx_word' id='word_1_258' title='bbox 2072 3112 2166 3166; x_wconf 87' lang='grc' dir='ltr'>νῦν</span> 
     </span>
    </p>
   </div>
   <div class='ocr_carea' id='block_1_33' title="bbox 491 3201 2166 3284">
    <p class='ocr_par' dir='ltr' id='par_1_33' title="bbox 491 3201 2166 3284">
     <span class='ocr_line' id='line_1_33' title="bbox 491 3201 2166 3284; baseline -0.01 -14"><span class='ocrx_word' id='word_1_259' title='bbox 491 3218 550 3271; x_wconf 82' lang='grc' dir='ltr'>δὲ</span> <span class='ocrx_word' id='word_1_260' title='bbox 580 3219 764 3270; x_wconf 79' lang='grc' dir='ltr'>ἐκεῖνα</span> <span class='ocrx_word' id='word_1_261' title='bbox 809 3213 905 3284; x_wconf 83' lang='grc' dir='ltr'>μὲν</span> <span class='ocrx_word' id='word_1_262' title='bbox 941 3211 1116 3264; x_wconf 85' lang='grc' dir='ltr'>πάντα</span> <span class='ocrx_word' id='word_1_263' title='bbox 1137 3207 1336 3276; x_wconf 78' lang='grc' dir='ltr'>ἀφίημι</span> <span class='ocrx_word' id='word_1_264' title='bbox 1367 3206 1461 3257; x_wconf 75' lang='grc' dir='ltr'>καί⁸</span> <span class='ocrx_word' id='word_1_265' title='bbox 1501 3205 1592 3258; x_wconf 81' lang='grc' dir='ltr'>τὸν</span> <span class='ocrx_word' id='word_1_266' title='bbox 1620 3204 1910 3276; x_wconf 89' lang='grc' dir='ltr'>περίεργον</span> <span class='ocrx_word' id='word_1_267' title='bbox 1941 3203 2050 3256; x_wconf 89' lang='grc' dir='ltr'>τῶν</span> <span class='ocrx_word' id='word_1_268' title='bbox 2082 3201 2166 3269; x_wconf 74' lang='grc' dir='ltr'>ἐξ·</span> 
     </span>
    </p>
   </div>
   <div class='ocr_carea' id='block_1_34' title="bbox 491 3293 2167 3370">
    <p class='ocr_par' dir='ltr' id='par_1_34' title="bbox 491 3293 2167 3370">
     <span class='ocr_line' id='line_1_34' title="bbox 491 3293 2167 3370; baseline -0.01 -10"><span class='ocrx_word' id='word_1_269' title='bbox 491 3305 632 3359; x_wconf 88' lang='grc' dir='ltr'>ωθεν</span> <span class='ocrx_word' id='word_1_270' title='bbox 664 3299 1047 3370; x_wconf 80' lang='grc' dir='ltr'>καλλωπισμὸν</span> <span class='ocrx_word' id='word_1_271' title='bbox 1065 3338 1079 3356; x_wconf 90' lang='grc'>,</span> <span class='ocrx_word' id='word_1_272' title='bbox 1131 3297 1226 3350; x_wconf 69' lang='grc' dir='ltr'>καὶ</span> <span class='ocrx_word' id='word_1_273' title='bbox 1251 3294 1402 3348; x_wconf 81' lang='grc' dir='ltr'>οὐδέν</span> <span class='ocrx_word' id='word_1_274' title='bbox 1435 3311 1526 3364; x_wconf 91' lang='grc' dir='ltr'>μοι</span> <span class='ocrx_word' id='word_1_275' title='bbox 1552 3293 1808 3364; x_wconf 87' lang='grc' dir='ltr'>φράσεως</span> <span class='ocrx_word' id='word_1_276' title='bbox 1836 3293 1958 3345; x_wconf 82' lang='grc' dir='ltr'>οὑδὲ</span> <span class='ocrx_word' id='word_1_277' title='bbox 1981 3294 2167 3359; x_wconf 83' lang='grc' dir='ltr'>ἀπαγ-</span> 
     </span>
    </p>
   </div>
   <div class='ocr_carea' id='block_1_35' title="bbox 491 3379 2166 3464">
    <p class='ocr_par' dir='ltr' id='par_1_35' title="bbox 491 3379 2166 3464">
     <span class='ocr_line' id='line_1_35' title="bbox 491 3379 2166 3464; baseline -0.009 -16"><span class='ocrx_word' id='word_1_278' title='bbox 491 3393 720 3464; x_wconf 69' lang='grc' dir='ltr'>γελίαςε</span> <span class='ocrx_word' id='word_1_279' title='bbox 757 3389 927 3461; x_wconf 88' lang='grc' dir='ltr'>μέλει.</span> <span class='ocrx_word' id='word_1_280' title='bbox 984 3385 1122 3439; x_wconf 78' lang='grc' dir='ltr'>Ἀλλ’</span> <span class='ocrx_word' id='word_1_281' title='bbox 1169 3383 1371 3448; x_wconf 78' lang='grc' dir='ltr'>ἐξέστω</span> <span class='ocrx_word' id='word_1_282' title='bbox 1403 3382 1499 3435; x_wconf 82' lang='grc' dir='ltr'>καὶ</span> <span class='ocrx_word' id='word_1_283' title='bbox 1532 3383 1598 3452; x_wconf 81' lang='grc' dir='ltr'>τῇ</span> <span class='ocrx_word' id='word_1_284' title='bbox 1655 3379 1796 3446; x_wconf 81' lang='grc' dir='ltr'>λέξει</span> <span class='ocrx_word' id='word_1_285' title='bbox 1843 3381 2166 3450; x_wconf 80' lang='grc' dir='ltr'>πτωχεύειν,</span> 
     </span>
    </p>
   </div>
   <div class='ocr_carea' id='block_1_36' title="bbox 493 3465 2167 3552">
    <p class='ocr_par' dir='ltr' id='par_1_36' title="bbox 493 3465 2167 3552">
     <span class='ocr_line' id='line_1_36' title="bbox 493 3465 2167 3552; baseline -0.008 -15"><span class='ocrx_word' id='word_1_286' title='bbox 493 3485 589 3538; x_wconf 79' lang='grc' dir='ltr'>καί</span> <span class='ocrx_word' id='word_1_287' title='bbox 619 3483 719 3552; x_wconf 83' lang='grc' dir='ltr'>τήν</span> <span class='ocrx_word' id='word_1_288' title='bbox 750 3477 1025 3549; x_wconf 78' lang='grc' dir='ltr'>συνθήκην</span> <span class='ocrx_word' id='word_1_289' title='bbox 1057 3473 1164 3526; x_wconf 86' lang='grc' dir='ltr'>τῶν</span> <span class='ocrx_word' id='word_1_290' title='bbox 1204 3471 1485 3542; x_wconf 84' lang='grc' dir='ltr'>ὀνομάτων</span> <span class='ocrx_word' id='word_1_291' title='bbox 1514 3470 1690 3537; x_wconf 79' lang='grc' dir='ltr'>ἁπλῆν</span> <span class='ocrx_word' id='word_1_292' title='bbox 1731 3487 1854 3523; x_wconf 91' lang='grc' dir='ltr'>τινα</span> <span class='ocrx_word' id='word_1_293' title='bbox 1885 3465 2025 3523; x_wconf 72' lang='grc' dir='ltr'>εἶναι</span> <span class='ocrx_word' id='word_1_294' title='bbox 2073 3472 2167 3524; x_wconf 79' lang='grc' dir='ltr'>καὶ</span> 
     </span>
    </p>
   </div>
   <div class='ocr_carea' id='block_1_37' title="bbox 495 3559 2167 3642">
    <p class='ocr_par' dir='ltr' id='par_1_37' title="bbox 495 3559 2167 3642">
     <span class='ocr_line' id='line_1_37' title="bbox 495 3559 2167 3642; baseline -0.008 -16"><span class='ocrx_word' id='word_1_295' title='bbox 495 3572 688 3642; x_wconf 83' lang='grc' dir='ltr'>ἀφελῆ,</span> <span class='ocrx_word' id='word_1_296' title='bbox 717 3569 877 3640; x_wconf 88' lang='grc' dir='ltr'>μόνον</span> <span class='ocrx_word' id='word_1_297' title='bbox 906 3566 979 3636; x_wconf 80' lang='grc' dir='ltr'>μὴ</span> <span class='ocrx_word' id='word_1_298' title='bbox 1005 3567 1070 3635; x_wconf 82' lang='grc' dir='ltr'>τῇ</span> <span class='ocrx_word' id='word_1_299' title='bbox 1115 3561 1315 3632; x_wconf 88' lang='grc' dir='ltr'>γνώσει</span> <span class='ocrx_word' id='word_1_300' title='bbox 1364 3577 1450 3624; x_wconf 88' lang='grc' dir='ltr'>τις</span> <span class='ocrx_word' id='word_1_301' title='bbox 1484 3562 1580 3614; x_wconf 79' lang='grc' dir='ltr'>καὶ</span> <span class='ocrx_word' id='word_1_302' title='bbox 1622 3562 1688 3632; x_wconf 79' lang='grc' dir='ltr'>τῇ</span> <span class='ocrx_word' id='word_1_303' title='bbox 1727 3559 1837 3614; x_wconf 89' lang='grc' dir='ltr'>τῶν</span> <span class='ocrx_word' id='word_1_304' title='bbox 1878 3560 2167 3630; x_wconf 80' lang='grc' dir='ltr'>δογμάτων</span> 
     </span>
    </p>
   </div>
   <div class='ocr_carea' id='block_1_38' title="bbox 491 3650 2167 3731">
    <p class='ocr_par' dir='ltr' id='par_1_38' title="bbox 491 3650 2167 3731">
     <span class='ocr_line' id='line_1_38' title="bbox 491 3650 2167 3731; baseline -0.007 -16"><span class='ocrx_word' id='word_1_305' title='bbox 491 3659 744 3731; x_wconf 71' lang='grc' dir='ltr'>ἀκριϐείᾳ</span> <span class='ocrx_word' id='word_1_306' title='bbox 792 3656 1005 3725; x_wconf 82' lang='grc' dir='ltr'>ἰδιώτης</span> <span class='ocrx_word' id='word_1_307' title='bbox 1061 3652 1220 3706; x_wconf 83' lang='grc' dir='ltr'>έστω·</span> <span class='ocrx_word' id='word_1_308' title='bbox 1255 3651 1400 3723; x_wconf 79' lang='grc' dir='ltr'>μηδ’,</span> <span class='ocrx_word' id='word_1_309' title='bbox 1432 3650 1520 3704; x_wconf 80' lang='grc' dir='ltr'>ἵνα</span> <span class='ocrx_word' id='word_1_310' title='bbox 1564 3651 1666 3722; x_wconf 78' lang='grc' dir='ltr'>τήν</span> <span class='ocrx_word' id='word_1_311' title='bbox 1717 3650 1922 3704; x_wconf 87' lang='grc' dir='ltr'>οἰκείαν</span> <span class='ocrx_word' id='word_1_312' title='bbox 1967 3651 2167 3721; x_wconf 88' lang='grc' dir='ltr'>ἀργίαν</span> 
     </span>
    </p>
   </div>
   <div class='ocr_carea' id='block_1_39' title="bbox 495 3737 2167 3816">
    <p class='ocr_par' dir='ltr' id='par_1_39' title="bbox 495 3737 2167 3816">
     <span class='ocr_line' id='line_1_39' title="bbox 495 3737 2167 3816; baseline -0.007 -13"><span class='ocrx_word' id='word_1_313' title='bbox 495 3746 823 3816; x_wconf 76' lang='grc' dir='ltr'>ἐπικαλύψῃ,</span> <span class='ocrx_word' id='word_1_314' title='bbox 846 3743 938 3796; x_wconf 82' lang='grc' dir='ltr'>τὸν</span> <span class='ocrx_word' id='word_1_315' title='bbox 962 3741 1229 3813; x_wconf 87' lang='grc' dir='ltr'>μακάριον</span> <span class='ocrx_word' id='word_1_316' title='bbox 1246 3741 1452 3792; x_wconf 87' lang='grc' dir='ltr'>ἐκεῖνον</span> <span class='ocrx_word' id='word_1_317' title='bbox 1466 3737 1803 3809; x_wconf 82' lang='grc' dir='ltr'>ἀφαιρείσθω</span> <span class='ocrx_word' id='word_1_318' title='bbox 1821 3738 1884 3791; x_wconf 83' lang='grc' dir='ltr'>τὸ</span> <span class='ocrx_word' id='word_1_319' title='bbox 1910 3738 2167 3810; x_wconf 88' lang='grc' dir='ltr'>μέγιστον</span> 
     </span>
    </p>
   </div>
   <div class='ocr_carea' id='block_1_40' title="bbox 491 3828 1844 3904">
    <p class='ocr_par' dir='ltr' id='par_1_40' title="bbox 491 3828 1844 3904">
     <span class='ocr_line' id='line_1_40' title="bbox 491 3828 1844 3904; baseline -0.009 -12"><span class='ocrx_word' id='word_1_320' title='bbox 491 3839 600 3892; x_wconf 90' lang='grc' dir='ltr'>τῶν</span> <span class='ocrx_word' id='word_1_321' title='bbox 625 3835 846 3904; x_wconf 85' lang='grc' dir='ltr'>ἀγαθῶν</span> <span class='ocrx_word' id='word_1_322' title='bbox 877 3833 972 3886; x_wconf 74' lang='grc' dir='ltr'>καὶ</span> <span class='ocrx_word' id='word_1_323' title='bbox 998 3830 1060 3884; x_wconf 81' lang='grc' dir='ltr'>τὺ</span> <span class='ocrx_word' id='word_1_324' title='bbox 1079 3829 1186 3882; x_wconf 88' lang='grc' dir='ltr'>τῶν</span> <span class='ocrx_word' id='word_1_325' title='bbox 1213 3828 1508 3899; x_wconf 77' lang='grc' dir='ltr'>ἐγκωμίων</span> <span class='ocrx_word' id='word_1_326' title='bbox 1531 3828 1844 3895; x_wconf 84' lang='grc' dir='ltr'>κεφάλαιον.</span> 
     </span>
    </p>
   </div>
   <div class='ocr_carea' id='block_1_41' title="bbox 561 3915 2165 3992">
    <p class='ocr_par' dir='ltr' id='par_1_41' title="bbox 561 3915 2165 3992">
     <span class='ocr_line' id='line_1_41' title="bbox 561 3915 2165 3992; baseline -0.006 -14"><span class='ocrx_word' id='word_1_327' title='bbox 561 3926 628 3990; x_wconf 79' lang='grc' dir='ltr'>ς’,</span> <span class='ocrx_word' id='word_1_328' title='bbox 647 3923 816 3978; x_wconf 86' lang='grc' dir='ltr'>Πόθεν</span> <span class='ocrx_word' id='word_1_329' title='bbox 830 3922 962 3992; x_wconf 85' lang='grc' dir='ltr'>γὰρ,</span> <span class='ocrx_word' id='word_1_330' title='bbox 981 3919 1103 3972; x_wconf 86' lang='grc' dir='ltr'>εἰπέ</span> <span class='ocrx_word' id='word_1_331' title='bbox 1124 3935 1233 3988; x_wconf 91' lang='grc' dir='ltr'>μοι,</span> <span class='ocrx_word' id='word_1_332' title='bbox 1257 3917 1384 3979; x_wconf 79' lang='grc' dir='ltr'>τοὺς</span> <span class='ocrx_word' id='word_1_333' title='bbox 1414 3915 1702 3978; x_wconf 87' lang='grc' dir='ltr'>Ἰουδαίους</span> <span class='ocrx_word' id='word_1_334' title='bbox 1721 3916 1942 3986; x_wconf 84' lang='grc' dir='ltr'>συνέχεε</span> <span class='ocrx_word' id='word_1_335' title='bbox 1958 3916 2085 3980; x_wconf 78' lang='grc' dir='ltr'>τοὺς</span> <span class='ocrx_word' id='word_1_336' title='bbox 2105 3919 2165 3970; x_wconf 90' lang='grc' dir='ltr'>ἐν</span> 
     </span>
    </p>
   </div>
   <div class='ocr_carea' id='block_1_42' title="bbox 492 4003 2164 4086">
    <p class='ocr_par' dir='ltr' id='par_1_42' title="bbox 492 4003 2164 4086">
     <span class='ocr_line' id='line_1_42' title="bbox 492 4003 2164 4086; baseline -0.008 -16"><span class='ocrx_word' id='word_1_337' title='bbox 492 4013 768 4086; x_wconf 84' lang='grc' dir='ltr'>Δαμασκῷ</span> <span class='ocrx_word' id='word_1_338' title='bbox 801 4006 1215 4069; x_wconf 90' lang='grc' dir='ltr'>κατοικοῦντας,</span> <span class='ocrx_word' id='word_1_339' title='bbox 1249 4005 1462 4058; x_wconf 77' lang='grc' dir='ltr'>οὐδέπω</span> <span class='ocrx_word' id='word_1_340' title='bbox 1496 4003 1604 4056; x_wconf 92' lang='grc' dir='ltr'>τῶν</span> <span class='ocrx_word' id='word_1_341' title='bbox 1639 4003 1883 4072; x_wconf 87' lang='grc' dir='ltr'>σημείων</span> <span class='ocrx_word' id='word_1_342' title='bbox 1924 4004 2164 4075; x_wconf 63' lang='grc' dir='ltr'>ἀρξάμε-</span> 
     </span>
    </p>
   </div>
   <div class='ocr_carea' id='block_1_43' title="bbox 491 4091 2165 4167">
    <p class='ocr_par' dir='ltr' id='par_1_43' title="bbox 491 4091 2165 4167">
     <span class='ocr_line' id='line_1_43' title="bbox 491 4091 2165 4167; baseline -0.002 -17"><span class='ocrx_word' id='word_1_343' title='bbox 491 4123 580 4167; x_wconf 78' lang='grc' dir='ltr'>νος</span> <span class='ocrx_word' id='word_1_344' title='bbox 604 4120 617 4166; x_wconf 90' lang='grc'><strong>;</strong></span> <span class='ocrx_word' id='word_1_345' title='bbox 657 4101 819 4154; x_wconf 85' lang='grc' dir='ltr'>πόθεν</span> <span class='ocrx_word' id='word_1_346' title='bbox 845 4100 971 4159; x_wconf 87' lang='grc' dir='ltr'>τοὺς</span> <span class='ocrx_word' id='word_1_347' title='bbox 1011 4093 1358 4164; x_wconf 72' lang='grc' dir='ltr'>Ἑλληνιστάς</span> <span class='ocrx_word' id='word_1_348' title='bbox 1383 4091 1747 4144; x_wconf 84' lang='grc' dir='ltr'>κατεπάλαισε</span> <span class='ocrx_word' id='word_1_349' title='bbox 1769 4107 1783 4156; x_wconf 80' lang='grc' dir='ltr'>ς</span> <span class='ocrx_word' id='word_1_350' title='bbox 1807 4091 1905 4144; x_wconf 66' lang='grc' dir='ltr'>διὰ</span> <span class='ocrx_word' id='word_1_351' title='bbox 1923 4093 1976 4144; x_wconf 92' lang='grc' dir='ltr'>τί</span> <span class='ocrx_word' id='word_1_352' title='bbox 2003 4093 2057 4146; x_wconf 80' lang='grc' dir='ltr'>δὲ</span> <span class='ocrx_word' id='word_1_353' title='bbox 2085 4097 2165 4158; x_wconf 88' lang='grc' dir='ltr'>εἰς</span> 
     </span>
    </p>
   </div>
   <div class='ocr_carea' id='block_1_44' title="bbox 492 4179 2164 4263">
    <p class='ocr_par' dir='ltr' id='par_1_44' title="bbox 492 4179 2164 4263">
     <span class='ocr_line' id='line_1_44' title="bbox 492 4179 2164 4263; baseline -0.008 -17"><span class='ocrx_word' id='word_1_354' title='bbox 492 4191 704 4263; x_wconf 83' lang='grc' dir='ltr'>Ταρσὸν</span> <span class='ocrx_word' id='word_1_355' title='bbox 732 4186 1102 4255; x_wconf 77' lang='grc' dir='ltr'>ἐξεπέμπετος</span> <span class='ocrx_word' id='word_1_356' title='bbox 1135 4183 1234 4235; x_wconf 91' lang='grc' dir='ltr'>οὑκ</span> <span class='ocrx_word' id='word_1_357' title='bbox 1262 4179 1452 4250; x_wconf 83' lang='grc' dir='ltr'>ἐπειδὴ</span> <span class='ocrx_word' id='word_1_358' title='bbox 1499 4181 1641 4233; x_wconf 85' lang='grc' dir='ltr'>κατά</span> <span class='ocrx_word' id='word_1_359' title='bbox 1665 4179 1863 4250; x_wconf 87' lang='grc' dir='ltr'>κράτος</span> <span class='ocrx_word' id='word_1_360' title='bbox 1902 4179 2054 4234; x_wconf 84' lang='grc' dir='ltr'>ἐνίκα</span> <span class='ocrx_word' id='word_1_361' title='bbox 2088 4182 2164 4252; x_wconf 85' lang='grc' dir='ltr'>τῷ</span> 
     </span>
    </p>
   </div>
   <div class='ocr_carea' id='block_1_45' title="bbox 491 4268 2165 4348">
    <p class='ocr_par' dir='ltr' id='par_1_45' title="bbox 491 4268 2165 4348">
     <span class='ocr_line' id='line_1_45' title="bbox 491 4268 2165 4348; baseline -0.007 -15"><span class='ocrx_word' id='word_1_362' title='bbox 491 4281 656 4348; x_wconf 81' lang='grc' dir='ltr'>λόγῳ,</span> <span class='ocrx_word' id='word_1_363' title='bbox 683 4278 778 4332; x_wconf 80' lang='grc' dir='ltr'>καὶ</span> <span class='ocrx_word' id='word_1_364' title='bbox 815 4277 896 4337; x_wconf 89' lang='grc' dir='ltr'>εἰς</span> <span class='ocrx_word' id='word_1_365' title='bbox 926 4271 1179 4326; x_wconf 82' lang='grc' dir='ltr'>τοσοῦτον</span> <span class='ocrx_word' id='word_1_366' title='bbox 1203 4271 1399 4331; x_wconf 82' lang='grc' dir='ltr'>αὑτοὺς</span> <span class='ocrx_word' id='word_1_367' title='bbox 1429 4268 1678 4339; x_wconf 82' lang='grc' dir='ltr'>ἠλαυνεν,</span> <span class='ocrx_word' id='word_1_368' title='bbox 1721 4269 1795 4331; x_wconf 85' lang='grc' dir='ltr'>ὼς</span> <span class='ocrx_word' id='word_1_369' title='bbox 1839 4270 1933 4321; x_wconf 83' lang='grc' dir='ltr'>καί</span> <span class='ocrx_word' id='word_1_370' title='bbox 1960 4270 2038 4333; x_wconf 84' lang='grc' dir='ltr'>εἰς</span> <span class='ocrx_word' id='word_1_371' title='bbox 2069 4271 2165 4340; x_wconf 82' lang='grc' dir='ltr'>φό-</span> 
     </span>
    </p>
   </div>
   <div class='ocr_carea' id='block_1_46' title="bbox 493 4353 2164 4433">
    <p class='ocr_par' dir='ltr' id='par_1_46' title="bbox 493 4353 2164 4433">
     <span class='ocr_line' id='line_1_46' title="bbox 493 4353 2164 4433; baseline -0.005 -12"><span class='ocrx_word' id='word_1_372' title='bbox 493 4387 582 4420; x_wconf 89' lang='grc' dir='ltr'>νον</span> <span class='ocrx_word' id='word_1_373' title='bbox 605 4363 1032 4433; x_wconf 68' lang='grc' dir='ltr'>παροξυνθῆναι,</span> <span class='ocrx_word' id='word_1_374' title='bbox 1075 4360 1149 4430; x_wconf 87' lang='grc' dir='ltr'>μή</span> <span class='ocrx_word' id='word_1_375' title='bbox 1198 4360 1464 4430; x_wconf 82' lang='grc' dir='ltr'>φέροντας</span> <span class='ocrx_word' id='word_1_376' title='bbox 1513 4357 1614 4428; x_wconf 84' lang='grc' dir='ltr'>τὴν</span> <span class='ocrx_word' id='word_1_377' title='bbox 1651 4353 1852 4428; x_wconf 86' lang='grc' dir='ltr'>ἦτταν;</span> <span class='ocrx_word' id='word_1_378' title='bbox 1902 4359 2164 4413; x_wconf 79' lang='grc' dir='ltr'>Ἐνταῦθα</span> 
     </span>
    </p>
   </div>
   <div class='ocr_carea' id='block_1_47' title="bbox 491 4445 2162 4528">
    <p class='ocr_par' dir='ltr' id='par_1_47' title="bbox 491 4445 2162 4528">
     <span class='ocr_line' id='line_1_47' title="bbox 491 4445 2162 4528; baseline -0.005 -19"><span class='ocrx_word' id='word_1_379' title='bbox 491 4457 600 4528; x_wconf 73' lang='grc' dir='ltr'>γὰρ</span> <span class='ocrx_word' id='word_1_380' title='bbox 619 4454 834 4508; x_wconf 88' lang='grc' dir='ltr'>οὑδέπω</span> <span class='ocrx_word' id='word_1_381' title='bbox 858 4451 950 4504; x_wconf 86' lang='grc' dir='ltr'>τοῦ</span> <span class='ocrx_word' id='word_1_382' title='bbox 976 4451 1251 4520; x_wconf 88' lang='grc' dir='ltr'>θαυματου</span> <span class='ocrx_word' id='word_1_383' title='bbox 1261 4449 1408 4519; x_wconf 87' lang='grc' dir='ltr'>ργεῖν</span> <span class='ocrx_word' id='word_1_384' title='bbox 1451 4445 1673 4516; x_wconf 82' lang='grc' dir='ltr'>ἠρξατο,</span> <span class='ocrx_word' id='word_1_385' title='bbox 1697 4447 1806 4500; x_wconf 77' lang='grc' dir='ltr'>οὐδ’</span> <span class='ocrx_word' id='word_1_386' title='bbox 1836 4446 1902 4500; x_wconf 80' lang='grc' dir='ltr'>ἂν</span> <span class='ocrx_word' id='word_1_387' title='bbox 1925 4447 2037 4518; x_wconf 81' lang='grc' dir='ltr'>ἔχοι</span> <span class='ocrx_word' id='word_1_388' title='bbox 2077 4466 2162 4513; x_wconf 88' lang='grc' dir='ltr'>τις</span> 
     </span>
    </p>
   </div>
   <div class='ocr_carea' id='block_1_48' title="bbox 490 4533 2162 4607">
    <p class='ocr_par' dir='ltr' id='par_1_48' title="bbox 490 4533 2162 4607">
     <span class='ocr_line' id='line_1_48' title="bbox 490 4533 2162 4607; baseline -0.005 -10"><span class='ocrx_word' id='word_1_389' title='bbox 490 4545 666 4597; x_wconf 83' lang='grc' dir='ltr'>εἰπεῖν</span> <span class='ocrx_word' id='word_1_390' title='bbox 685 4545 767 4595; x_wconf 87' lang='grc' dir='ltr'>ὃτι</span> <span class='ocrx_word' id='word_1_391' title='bbox 801 4540 910 4594; x_wconf 83' lang='grc' dir='ltr'>ἀπὸ</span> <span class='ocrx_word' id='word_1_392' title='bbox 942 4538 1040 4605; x_wconf 86' lang='grc' dir='ltr'>τῆς</span> <span class='ocrx_word' id='word_1_393' title='bbox 1072 4535 1202 4607; x_wconf 81' lang='grc' dir='ltr'>περὶ</span> <span class='ocrx_word' id='word_1_394' title='bbox 1234 4536 1302 4587; x_wconf 83' lang='grc' dir='ltr'>τά</span> <span class='ocrx_word' id='word_1_395' title='bbox 1329 4533 1592 4604; x_wconf 79' lang='grc' dir='ltr'>τεράστια</span> <span class='ocrx_word' id='word_1_396' title='bbox 1641 4533 1801 4604; x_wconf 76' lang='grc' dir='ltr'>δόξης</span> <span class='ocrx_word' id='word_1_397' title='bbox 1851 4534 2162 4606; x_wconf 77' lang='grc' dir='ltr'>θαυμαστὸν</span> 
     </span>
    </p>
   </div>
   <div class='ocr_carea' id='block_1_49' title="bbox 493 4621 2161 4700">
    <p class='ocr_par' dir='ltr' id='par_1_49' title="bbox 493 4621 2161 4700">
     <span class='ocr_line' id='line_1_49' title="bbox 493 4621 2161 4700; baseline -0.01 -15"><span class='ocrx_word' id='word_1_398' title='bbox 493 4632 655 4686; x_wconf 80' lang='grc' dir='ltr'>αὑτὸν</span> <span class='ocrx_word' id='word_1_399' title='bbox 691 4627 920 4700; x_wconf 80' lang='grc' dir='ltr'>ἡγοῦντο</span> <span class='ocrx_word' id='word_1_400' title='bbox 952 4621 980 4663; x_wconf 71' lang='grc' dir='ltr'><strong><em>ἀ</em></strong></span> <span class='ocrx_word' id='word_1_401' title='bbox 1006 4626 1054 4677; x_wconf 90' lang='grc' dir='ltr'>οἰ</span> <span class='ocrx_word' id='word_1_402' title='bbox 1085 4621 1287 4684; x_wconf 71' lang='grc' dir='ltr'>πολλοὶ,</span> <span class='ocrx_word' id='word_1_403' title='bbox 1321 4623 1414 4674; x_wconf 72' lang='grc' dir='ltr'>καὶ</span> <span class='ocrx_word' id='word_1_404' title='bbox 1435 4623 1485 4674; x_wconf 91' lang='grc' dir='ltr'>οἰ</span> <span class='ocrx_word' id='word_1_405' title='bbox 1525 4622 1817 4692; x_wconf 87' lang='grc' dir='ltr'>μαχόμενοι</span> <span class='ocrx_word' id='word_1_406' title='bbox 1839 4624 1974 4694; x_wconf 74' lang='grc' dir='ltr'>πρὸς</span> <span class='ocrx_word' id='word_1_407' title='bbox 1999 4624 2161 4678; x_wconf 64' lang='grc' dir='ltr'>αὑτὸν</span> 
     </span>
    </p>
   </div>
   <div class='ocr_carea' id='block_1_50' title="bbox 495 4708 2162 4787">
    <p class='ocr_par' dir='ltr' id='par_1_50' title="bbox 495 4708 2162 4787">
     <span class='ocr_line' id='line_1_50' title="bbox 495 4708 2162 4787; baseline -0.005 -14"><span class='ocrx_word' id='word_1_408' title='bbox 495 4719 604 4773; x_wconf 81' lang='grc' dir='ltr'>ἀπὸ</span> <span class='ocrx_word' id='word_1_409' title='bbox 625 4717 724 4787; x_wconf 82' lang='grc' dir='ltr'>τῆς</span> <span class='ocrx_word' id='word_1_410' title='bbox 769 4713 1092 4784; x_wconf 79' lang='grc' dir='ltr'>ὑπολήψεως</span> <span class='ocrx_word' id='word_1_411' title='bbox 1117 4708 1495 4781; x_wconf 81' lang='grc' dir='ltr'>ἠπηρεάζοντο</span> <span class='ocrx_word' id='word_1_412' title='bbox 1521 4709 1617 4762; x_wconf 87' lang='grc' dir='ltr'>τοῦ</span> <span class='ocrx_word' id='word_1_413' title='bbox 1644 4709 1856 4781; x_wconf 86' lang='grc' dir='ltr'>ἀνδρός·</span> <span class='ocrx_word' id='word_1_414' title='bbox 1890 4712 2025 4774; x_wconf 86' lang='grc' dir='ltr'>τέως</span> <span class='ocrx_word' id='word_1_415' title='bbox 2054 4713 2162 4783; x_wconf 90' lang='grc' dir='ltr'>γάρ</span> 
     </span>
    </p>
   </div>
   <div class='ocr_carea' id='block_1_51' title="bbox 495 4797 2161 4872">
    <p class='ocr_par' dir='ltr' id='par_1_51' title="bbox 495 4797 2161 4872">
     <span class='ocr_line' id='line_1_51' title="bbox 495 4797 2161 4872; baseline -0.004 -13"><span class='ocrx_word' id='word_1_416' title='bbox 495 4807 603 4860; x_wconf 81' lang='grc' dir='ltr'>ἀπὸ</span> <span class='ocrx_word' id='word_1_417' title='bbox 626 4804 720 4857; x_wconf 89' lang='grc' dir='ltr'>τοῦ</span> <span class='ocrx_word' id='word_1_418' title='bbox 765 4803 944 4870; x_wconf 85' lang='grc' dir='ltr'>λέγειν</span> <span class='ocrx_word' id='word_1_419' title='bbox 969 4801 1127 4872; x_wconf 87' lang='grc' dir='ltr'>μόνον</span> <span class='ocrx_word' id='word_1_420' title='bbox 1158 4798 1398 4868; x_wconf 82' lang='grc' dir='ltr'>ἐκράτει.</span> <span class='ocrx_word' id='word_1_421' title='bbox 1435 4797 1579 4868; x_wconf 77' lang='grc' dir='ltr'>Πρὸς</span> <span class='ocrx_word' id='word_1_422' title='bbox 1623 4797 1680 4850; x_wconf 88' lang='grc' dir='ltr'>δὲ</span> <span class='ocrx_word' id='word_1_423' title='bbox 1718 4799 1843 4861; x_wconf 81' lang='grc' dir='ltr'>τοὺς</span> <span class='ocrx_word' id='word_1_424' title='bbox 1878 4798 2161 4863; x_wconf 78' lang='grc' dir='ltr'>ἰουδαΐζειν</span> 
     </span>
    </p>
   </div>
   <div class='ocr_carea' id='block_1_52' title="bbox 493 4885 2160 4963">
    <p class='ocr_par' dir='ltr' id='par_1_52' title="bbox 493 4885 2160 4963">
     <span class='ocr_line' id='line_1_52' title="bbox 493 4885 2160 4963; baseline -0.005 -16"><span class='ocrx_word' id='word_1_425' title='bbox 493 4891 902 4963; x_wconf 78' lang='grc' dir='ltr'>ἐπιχειροῦντας</span> <span class='ocrx_word' id='word_1_426' title='bbox 934 4892 992 4942; x_wconf 87' lang='grc' dir='ltr'>ἐν</span> <span class='ocrx_word' id='word_1_427' title='bbox 1033 4886 1334 4956; x_wconf 81' lang='grc' dir='ltr'>Ἀντιοχείᾳ</span> <span class='ocrx_word' id='word_1_428' title='bbox 1373 4885 1537 4938; x_wconf 90' lang='grc' dir='ltr'>πόθεν</span> <span class='ocrx_word' id='word_1_429' title='bbox 1576 4885 1872 4954; x_wconf 74' lang='grc' dir='ltr'>ἠγωνίζετο</span> <span class='ocrx_word' id='word_1_430' title='bbox 1903 4889 1989 4939; x_wconf 73' lang='grc' dir='ltr'>καί</span> <span class='ocrx_word' id='word_1_431' title='bbox 2031 4905 2160 4940; x_wconf 89' lang='grc' dir='ltr'>συν-</span> 
     </span>
    </p>
   </div>
   <div class='ocr_carea' id='block_1_53' title="bbox 492 4974 2160 5052">
    <p class='ocr_par' dir='ltr' id='par_1_53' title="bbox 492 4974 2160 5052">
     <span class='ocr_line' id='line_1_53' title="bbox 492 4974 2160 5052; baseline -0.004 -16"><span class='ocrx_word' id='word_1_432' title='bbox 492 4982 705 5052; x_wconf 75' lang='grc' dir='ltr'>εζήτει;</span> <span class='ocrx_word' id='word_1_433' title='bbox 754 4981 814 5031; x_wconf 87' lang='lat'>&#39;0</span> <span class='ocrx_word' id='word_1_434' title='bbox 841 4979 896 5031; x_wconf 88' lang='grc' dir='ltr'>δέ</span> <span class='ocrx_word' id='word_1_435' title='bbox 939 4975 1330 5048; x_wconf 78' lang='grc' dir='ltr'>’Δρεοπαγίτης</span> <span class='ocrx_word' id='word_1_436' title='bbox 1363 4977 1589 5038; x_wconf 88' lang='grc' dir='ltr'>ἐκεῖνος,</span> <span class='ocrx_word' id='word_1_437' title='bbox 1639 4977 1666 5027; x_wconf 88' lang='grc' dir='ltr'>ό</span> <span class='ocrx_word' id='word_1_438' title='bbox 1702 4977 1799 5045; x_wconf 80' lang='grc' dir='ltr'>τῆς</span> <span class='ocrx_word' id='word_1_439' title='bbox 1835 4974 2160 5045; x_wconf 80' lang='grc' dir='ltr'>δεισιδαιμοο</span> 
     </span>
    </p>
   </div>
   <div class='ocr_carea' id='block_1_54' title="bbox 491 5064 2162 5140">
    <p class='ocr_par' dir='ltr' id='par_1_54' title="bbox 491 5064 2162 5140">
     <span class='ocr_line' id='line_1_54' title="bbox 491 5064 2162 5140; baseline -0.006 -14"><span class='ocrx_word' id='word_1_440' title='bbox 491 5073 751 5140; x_wconf 87' lang='grc' dir='ltr'>νεστάτης</span> <span class='ocrx_word' id='word_1_441' title='bbox 806 5069 1012 5130; x_wconf 90' lang='grc' dir='ltr'>πόλεως</span> <span class='ocrx_word' id='word_1_442' title='bbox 1061 5066 1298 5136; x_wconf 82' lang='grc' dir='ltr'>ἐκείνης,</span> <span class='ocrx_word' id='word_1_443' title='bbox 1351 5066 1451 5117; x_wconf 84' lang='grc' dir='ltr'>οὑκ</span> <span class='ocrx_word' id='word_1_444' title='bbox 1489 5065 1596 5118; x_wconf 73' lang='grc' dir='ltr'>ἀπὸ</span> <span class='ocrx_word' id='word_1_445' title='bbox 1621 5064 1958 5134; x_wconf 80' lang='grc' dir='ltr'>δημηγορίας</span> <span class='ocrx_word' id='word_1_446' title='bbox 1993 5066 2162 5136; x_wconf 84' lang='grc' dir='ltr'>μόνης</span> 
     </span>
    </p>
   </div>
   <div class='ocr_carea' id='block_1_55' title="bbox 493 5151 2161 5231">
    <p class='ocr_par' dir='ltr' id='par_1_55' title="bbox 493 5151 2161 5231">
     <span class='ocr_line' id='line_1_55' title="bbox 493 5151 2161 5231; baseline -0.005 -17"><span class='ocrx_word' id='word_1_447' title='bbox 493 5161 858 5231; x_wconf 70' lang='grc' dir='ltr'>ἠκολούθησεν</span> <span class='ocrx_word' id='word_1_448' title='bbox 881 5155 1028 5226; x_wconf 87' lang='grc' dir='ltr'>αὑτῷ</span> <span class='ocrx_word' id='word_1_449' title='bbox 1064 5154 1202 5226; x_wconf 85' lang='grc' dir='ltr'>μετά</span> <span class='ocrx_word' id='word_1_450' title='bbox 1235 5155 1332 5224; x_wconf 82' lang='grc' dir='ltr'>τῆς</span> <span class='ocrx_word' id='word_1_451' title='bbox 1387 5154 1674 5222; x_wconf 86' lang='grc' dir='ltr'>γυναικός;</span> <span class='ocrx_word' id='word_1_452' title='bbox 1723 5153 1780 5206; x_wconf 86' lang='grc' dir='ltr'>Ὀ</span> <span class='ocrx_word' id='word_1_453' title='bbox 1813 5153 1868 5205; x_wconf 78' lang='grc' dir='ltr'>δὲ</span> <span class='ocrx_word' id='word_1_454' title='bbox 1925 5151 2161 5223; x_wconf 81' lang='grc' dir='ltr'>Εὔτυχος</span> 
     </span>
    </p>
   </div>
   <div class='ocr_carea' id='block_1_56' title="bbox 494 5239 2160 5312">
    <p class='ocr_par' dir='ltr' id='par_1_56' title="bbox 494 5239 2160 5312">
     <span class='ocr_line' id='line_1_56' title="bbox 494 5239 2160 5312; baseline -0.007 -11"><span class='ocrx_word' id='word_1_455' title='bbox 494 5247 610 5312; x_wconf 90' lang='grc' dir='ltr'>πῶς</span> <span class='ocrx_word' id='word_1_456' title='bbox 643 5248 940 5299; x_wconf 82' lang='grc' dir='ltr'>κατέπεσεν</span> <span class='ocrx_word' id='word_1_457' title='bbox 969 5243 1075 5295; x_wconf 85' lang='grc' dir='ltr'>ἀπὸ</span> <span class='ocrx_word' id='word_1_458' title='bbox 1098 5242 1194 5312; x_wconf 82' lang='grc' dir='ltr'>τῆς</span> <span class='ocrx_word' id='word_1_459' title='bbox 1235 5241 1482 5312; x_wconf 80' lang='grc' dir='ltr'>θυρίδος;</span> <span class='ocrx_word' id='word_1_460' title='bbox 1513 5240 1612 5292; x_wconf 80' lang='grc' dir='ltr'>οὑκ</span> <span class='ocrx_word' id='word_1_461' title='bbox 1642 5239 1827 5308; x_wconf 77' lang='grc' dir='ltr'>ἐπειδὴ</span> <span class='ocrx_word' id='word_1_462' title='bbox 1866 5241 2029 5309; x_wconf 84' lang='grc' dir='ltr'>μέχρι</span> <span class='ocrx_word' id='word_1_463' title='bbox 2067 5241 2160 5310; x_wconf 85' lang='grc' dir='ltr'>βα-</span> 
     </span>
    </p>
   </div>
   <div class='ocr_carea' id='block_1_57' title="bbox 493 5325 2161 5398">
    <p class='ocr_par' dir='ltr' id='par_1_57' title="bbox 493 5325 2161 5398">
     <span class='ocr_line' id='line_1_57' title="bbox 493 5325 2161 5398; baseline -0.005 -9"><span class='ocrx_word' id='word_1_464' title='bbox 493 5336 640 5398; x_wconf 86' lang='grc' dir='ltr'>θείας</span> <span class='ocrx_word' id='word_1_465' title='bbox 668 5334 860 5394; x_wconf 85' lang='grc' dir='ltr'>νυκτὸς</span> <span class='ocrx_word' id='word_1_466' title='bbox 889 5333 968 5394; x_wconf 91' lang='grc' dir='ltr'>είς</span> <span class='ocrx_word' id='word_1_467' title='bbox 995 5329 1210 5398; x_wconf 71' lang='grc' dir='ltr'>τὸντῆς</span> <span class='ocrx_word' id='word_1_468' title='bbox 1239 5328 1586 5390; x_wconf 81' lang='grc' dir='ltr'>διδασκαλίας</span> <span class='ocrx_word' id='word_1_469' title='bbox 1613 5325 1774 5378; x_wconf 85' lang='grc' dir='ltr'>αὑτοῦ</span> <span class='ocrx_word' id='word_1_470' title='bbox 1803 5328 2161 5397; x_wconf 86' lang='grc' dir='ltr'>ἀπησχολείτο</span> 
     </span>
    </p>
   </div>
   <div class='ocr_carea' id='block_1_58' title="bbox 490 5415 2158 5492">
    <p class='ocr_par' dir='ltr' id='par_1_58' title="bbox 490 5415 2158 5492">
     <span class='ocr_line' id='line_1_58' title="bbox 490 5415 2158 5492; baseline -0.008 -13"><span class='ocrx_word' id='word_1_471' title='bbox 490 5424 680 5492; x_wconf 84' lang='grc' dir='ltr'>λόγον;</span> <span class='ocrx_word' id='word_1_472' title='bbox 724 5421 788 5474; x_wconf 90' lang='grc' dir='ltr'>Τί</span> <span class='ocrx_word' id='word_1_473' title='bbox 820 5420 878 5472; x_wconf 88' lang='grc' dir='ltr'>δέ</span> <span class='ocrx_word' id='word_1_474' title='bbox 908 5422 966 5472; x_wconf 85' lang='grc' dir='ltr'>ἐν</span> <span class='ocrx_word' id='word_1_475' title='bbox 1008 5417 1373 5488; x_wconf 82' lang='grc' dir='ltr'>Θεσσαλονίκῃ</span> <span class='ocrx_word' id='word_1_476' title='bbox 1408 5418 1498 5470; x_wconf 74' lang='grc' dir='ltr'>καὶ</span> <span class='ocrx_word' id='word_1_477' title='bbox 1531 5417 1591 5468; x_wconf 88' lang='grc' dir='ltr'>ὲν</span> <span class='ocrx_word' id='word_1_478' title='bbox 1619 5415 1903 5486; x_wconf 59' lang='grc' dir='ltr'>Κορίνθηη</span> <span class='ocrx_word' id='word_1_479' title='bbox 1935 5418 1987 5468; x_wconf 88' lang='grc' dir='ltr'>τί</span> <span class='ocrx_word' id='word_1_480' title='bbox 2018 5417 2072 5470; x_wconf 85' lang='grc' dir='ltr'>δὲ</span> <span class='ocrx_word' id='word_1_481' title='bbox 2103 5419 2158 5470; x_wconf 80' lang='grc' dir='ltr'>ὲν</span> 
     </span>
    </p>
   </div>
   <div class='ocr_carea' id='block_1_59' title="bbox 553 5631 1826 5694">
    <p class='ocr_par' dir='ltr' id='par_1_59' title="bbox 553 5631 1826 5694">
     <span class='ocr_line' id='line_1_59' title="bbox 553 5631 1826 5694; baseline -0.002 -12"><span class='ocrx_word' id='word_1_482' title='bbox 553 5635 577 5663; x_wconf 86' lang='grc'><strong><em>⁸</em></strong></span> <span class='ocrx_word' id='word_1_483' title='bbox 599 5633 679 5682; x_wconf 88' lang='lat' dir='ltr'>Sic</span> <span class='ocrx_word' id='word_1_484' title='bbox 702 5634 834 5682; x_wconf 82' lang='lat' dir='ltr'>Savil</span> <span class='ocrx_word' id='word_1_485' title='bbox 876 5639 929 5681; x_wconf 76' lang='lat' dir='ltr'>et</span> <span class='ocrx_word' id='word_1_486' title='bbox 952 5633 1147 5694; x_wconf 86' lang='lat' dir='ltr'>plurimi</span> <span class='ocrx_word' id='word_1_487' title='bbox 1175 5646 1311 5685; x_wconf 80' lang='lat' dir='ltr'>mss..</span> <span class='ocrx_word' id='word_1_488' title='bbox 1337 5631 1506 5680; x_wconf 75' lang='lat' dir='ltr'>Morel.</span> <span class='ocrx_word' id='word_1_489' title='bbox 1537 5644 1654 5678; x_wconf 64' lang='grc' dir='ltr'>γίντο</span> <span class='ocrx_word' id='word_1_490' title='bbox 1677 5631 1826 5688; x_wconf 81' lang='grc' dir='ltr'>οὗτος.</span> 
     </span>
    </p>
   </div>
   <div class='ocr_carea' id='block_1_60' title="bbox 550 5694 2151 5806">
    <p class='ocr_par' dir='ltr' id='par_1_60' title="bbox 550 5694 2151 5806">
     <span class='ocr_line' id='line_1_60' title="bbox 550 5694 2151 5806; baseline 0.003 -64"><span class='ocrx_word' id='word_1_491' title='bbox 550 5695 580 5788; x_wconf 59' lang='grc' dir='ltr'>ξ</span> <span class='ocrx_word' id='word_1_492' title='bbox 600 5697 782 5806; x_wconf 48' lang='grc' dir='ltr'>ὶῗταῆν</span> <span class='ocrx_word' id='word_1_493' title='bbox 802 5696 1052 5756; x_wconf 76' lang='grc' dir='ltr'>λογιότητα</span> <span class='ocrx_word' id='word_1_494' title='bbox 1083 5694 1450 5756; x_wconf 70' lang='grc' dir='ltr'>Ἰσοκράτους,ιιι</span> <span class='ocrx_word' id='word_1_495' title='bbox 1484 5694 1567 5749; x_wconf 76' lang='grc' dir='ltr'>τήν</span> <span class='ocrx_word' id='word_1_496' title='bbox 1589 5694 1840 5753; x_wconf 83' lang='grc' dir='ltr'>λογιότητα</span> <span class='ocrx_word' id='word_1_497' title='bbox 1863 5697 2151 5762; x_wconf 73' lang='grc' dir='ltr'>Σωκράτους.</span> 
     </span>
     <span class='ocr_line' id='line_1_61' title="bbox 662 5757 986 5806; baseline -0.006 -1"><span class='ocrx_word' id='word_1_498' title='bbox 662 5769 695 5805; x_wconf 80' lang='grc' dir='ltr'>ιι</span> <span class='ocrx_word' id='word_1_499' title='bbox 716 5757 986 5806; x_wconf 76' lang='grc' dir='ltr'>ἀπολογίας.</span> 
     </span>
    </p>
   </div>
   <div class='ocr_carea' id='block_1_61' title="bbox 546 5773 1755 5879">
    <p class='ocr_par' dir='ltr' id='par_1_61' title="bbox 546 5773 1755 5879">
     <span class='ocr_line' id='line_1_62' title="bbox 550 5773 986 5818; baseline -0.009 -11"><span class='ocrx_word' id='word_1_500' title='bbox 550 5773 573 5788; x_wconf 63' lang='grc' dir='ltr'>δ</span> <span class='ocrx_word' id='word_1_501' title='bbox 600 5773 695 5806; x_wconf 68' lang='lat' dir='ltr'>nm</span> <span class='ocrx_word' id='word_1_502' title='bbox 716 5773 986 5818; x_wconf 79' lang='grc' dir='ltr'>αποιογιας.</span> 
     </span>
     <span class='ocr_line' id='line_1_63' title="bbox 546 5815 1755 5879; baseline -0.002 -9"><span class='ocrx_word' id='word_1_503' title='bbox 546 5816 577 5860; x_wconf 65' lang='grc' dir='ltr'>ἆ</span> <span class='ocrx_word' id='word_1_504' title='bbox 595 5819 676 5870; x_wconf 78' lang='lat' dir='ltr'>Sic</span> <span class='ocrx_word' id='word_1_505' title='bbox 695 5819 845 5868; x_wconf 73' lang='lat' dir='ltr'>Savil.</span> <span class='ocrx_word' id='word_1_506' title='bbox 873 5823 924 5868; x_wconf 73' lang='lat' dir='ltr'><strong>et</strong></span> <span class='ocrx_word' id='word_1_507' title='bbox 941 5815 1128 5878; x_wconf 81' lang='lat' dir='ltr'>aliquot</span> <span class='ocrx_word' id='word_1_508' title='bbox 1149 5830 1261 5866; x_wconf 75' lang='lat' dir='ltr'>mss.</span> <span class='ocrx_word' id='word_1_509' title='bbox 1292 5816 1458 5866; x_wconf 74' lang='lat' dir='ltr'>Morel.</span> <span class='ocrx_word' id='word_1_510' title='bbox 1491 5830 1606 5867; x_wconf 65' lang='lat' dir='ltr'>vero</span> <span class='ocrx_word' id='word_1_511' title='bbox 1623 5817 1755 5879; x_wconf 77' lang='grc' dir='ltr'>ήγον.</span> 
     </span>
    </p>
   </div>
   <div class='ocr_carea' id='block_1_62' title="bbox 1273 349 3901 415">
    <p class='ocr_par' dir='ltr' id='par_1_62' title="bbox 1273 349 3901 415">
     <span class='ocr_line' id='line_1_64' title="bbox 1273 349 3901 415; baseline 0 -1"><span class='ocrx_word' id='word_1_512' title='bbox 1273 359 1332 414; x_wconf 90' lang='lat' dir='ltr'>s.</span> <span class='ocrx_word' id='word_1_513' title='bbox 1372 355 1660 415; x_wconf 79' lang='lat' dir='ltr'>JOANNIS</span> <span class='ocrx_word' id='word_1_514' title='bbox 1700 349 2194 412; x_wconf 67' lang='lat' dir='ltr'>cumsosrom</span> <span class='ocrx_word' id='word_1_515' title='bbox 2236 351 2560 412; x_wconf 80' lang='lat' dir='ltr'>ARCHIEP.</span> <span class='ocrx_word' id='word_1_516' title='bbox 2602 355 3155 415; x_wconf 71' lang='lat' dir='ltr'>CONSTANTINOP.</span> <span class='ocrx_word' id='word_1_517' title='bbox 3835 362 3901 414; x_wconf 59' lang='grc' dir='ltr'>οτι</span> 
     </span>
    </p>
   </div>
   <div class='ocr_carea' id='block_1_63' title="bbox 2288 470 3901 548">
    <p class='ocr_par' dir='ltr' id='par_1_63' title="bbox 2288 470 3901 548">
     <span class='ocr_line' id='line_1_65' title="bbox 2288 470 3901 548; baseline 0.004 -26"><span class='ocrx_word' id='word_1_518' title='bbox 2288 470 2496 541; x_wconf 65' lang='grc' dir='ltr'>Ἐφέσῳ</span> <span class='ocrx_word' id='word_1_519' title='bbox 2526 474 2617 526; x_wconf 79' lang='grc' dir='ltr'>καὶ</span> <span class='ocrx_word' id='word_1_520' title='bbox 2649 476 2708 527; x_wconf 83' lang='grc' dir='ltr'>ἐν</span> <span class='ocrx_word' id='word_1_521' title='bbox 2751 477 2886 546; x_wconf 83' lang='grc' dir='ltr'>αὑτῇ</span> <span class='ocrx_word' id='word_1_522' title='bbox 2917 479 2984 546; x_wconf 83' lang='grc' dir='ltr'>τῇ</span> <span class='ocrx_word' id='word_1_523' title='bbox 3032 475 3249 548; x_wconf 82' lang='grc' dir='ltr'>Ῥώμῃ;</span> <span class='ocrx_word' id='word_1_524' title='bbox 3287 477 3384 547; x_wconf 86' lang='grc' dir='ltr'>οὑχ</span> <span class='ocrx_word' id='word_1_525' title='bbox 3425 477 3553 539; x_wconf 83' lang='grc' dir='ltr'>ὅλας</span> <span class='ocrx_word' id='word_1_526' title='bbox 3589 475 3805 546; x_wconf 80' lang='grc' dir='ltr'>ἠμέρας</span> <span class='ocrx_word' id='word_1_527' title='bbox 3845 496 3901 529; x_wconf 81' lang='grc' dir='ltr'>κα</span> 
     </span>
    </p>
   </div>
   <div class='ocr_carea' id='block_1_64' title="bbox 2270 558 3900 636">
    <p class='ocr_par' dir='ltr' id='par_1_64' title="bbox 2270 558 3900 636">
     <span class='ocr_line' id='line_1_66' title="bbox 2270 558 3900 636; baseline 0.005 -26"><span class='ocrx_word' id='word_1_528' title='bbox 2270 558 2468 622; x_wconf 78' lang='grc' dir='ltr'>νύκτας</span> <span class='ocrx_word' id='word_1_529' title='bbox 2504 562 2790 632; x_wconf 72' lang='grc' dir='ltr'>ἀνήλισκεν</span> <span class='ocrx_word' id='word_1_530' title='bbox 2837 562 3030 634; x_wconf 70' lang='grc' dir='ltr'>ἐφεξῆς</span> <span class='ocrx_word' id='word_1_531' title='bbox 3049 565 3128 627; x_wconf 87' lang='grc' dir='ltr'>εἰς</span> <span class='ocrx_word' id='word_1_532' title='bbox 3154 565 3251 636; x_wconf 74' lang='grc' dir='ltr'>τὴν</span> <span class='ocrx_word' id='word_1_533' title='bbox 3276 564 3532 635; x_wconf 78' lang='grc' dir='ltr'>ἐξήγησιν</span> <span class='ocrx_word' id='word_1_534' title='bbox 3547 566 3654 616; x_wconf 63' lang='grc' dir='ltr'>τῶν</span> <span class='ocrx_word' id='word_1_535' title='bbox 3679 565 3719 616; x_wconf 87' lang='grc' dir='ltr'><strong>Γ</strong></span> <span class='ocrx_word' id='word_1_536' title='bbox 3725 565 3900 634; x_wconf 61' lang='grc' dir='ltr'>ραφῶν</span> 
     </span>
    </p>
   </div>
   <div class='ocr_carea' id='block_1_65' title="bbox 2271 652 3901 726">
    <p class='ocr_par' dir='ltr' id='par_1_65' title="bbox 2271 652 3901 726">
     <span class='ocr_line' id='line_1_67' title="bbox 2271 652 3901 726; baseline 0.003 -22"><span class='ocrx_word' id='word_1_537' title='bbox 2271 652 2336 704; x_wconf 88' lang='grc' dir='ltr'>Τί</span> <span class='ocrx_word' id='word_1_538' title='bbox 2364 652 2427 704; x_wconf 86' lang='grc' dir='ltr'>ἄν</span> <span class='ocrx_word' id='word_1_539' title='bbox 2460 670 2543 716; x_wconf 85' lang='grc' dir='ltr'>τις</span> <span class='ocrx_word' id='word_1_540' title='bbox 2570 653 2720 721; x_wconf 86' lang='grc' dir='ltr'>λέγοι</span> <span class='ocrx_word' id='word_1_541' title='bbox 2749 655 2846 716; x_wconf 79' lang='grc' dir='ltr'>τὰς</span> <span class='ocrx_word' id='word_1_542' title='bbox 2888 655 3024 726; x_wconf 81' lang='grc' dir='ltr'>πρὸς</span> <span class='ocrx_word' id='word_1_543' title='bbox 3067 655 3192 719; x_wconf 75' lang='grc' dir='ltr'>τοὺς</span> <span class='ocrx_word' id='word_1_544' title='bbox 3244 655 3650 726; x_wconf 81' lang='grc' dir='ltr'>Ἐπικουρείους</span> <span class='ocrx_word' id='word_1_545' title='bbox 3681 655 3901 720; x_wconf 81' lang='grc' dir='ltr'>διαλέξει</span> 
     </span>
    </p>
   </div>
   <div class='ocr_carea' id='block_1_66' title="bbox 2272 741 3901 815">
    <p class='ocr_par' dir='ltr' id='par_1_66' title="bbox 2272 741 3901 815">
     <span class='ocr_line' id='line_1_68' title="bbox 2272 741 3901 815; baseline 0.002 -22"><span class='ocrx_word' id='word_1_546' title='bbox 2272 742 2366 794; x_wconf 68' lang='grc' dir='ltr'>καί⁸</span> <span class='ocrx_word' id='word_1_547' title='bbox 2393 741 2693 807; x_wconf 83' lang='grc' dir='ltr'>Στωϊκούς;</span> <span class='ocrx_word' id='word_1_548' title='bbox 2734 744 2798 796; x_wconf 85' lang='grc' dir='ltr'>Εἰ</span> <span class='ocrx_word' id='word_1_549' title='bbox 2824 743 2933 813; x_wconf 84' lang='grc' dir='ltr'>γάρ</span> <span class='ocrx_word' id='word_1_550' title='bbox 2968 744 3182 796; x_wconf 79' lang='grc' dir='ltr'>ἅπαντα</span> <span class='ocrx_word' id='word_1_551' title='bbox 3212 744 3458 815; x_wconf 88' lang='grc' dir='ltr'>θέλοιμεν</span> <span class='ocrx_word' id='word_1_552' title='bbox 3487 743 3833 810; x_wconf 77' lang='grc' dir='ltr'>καταλέγειν,</span> <span class='ocrx_word' id='word_1_553' title='bbox 3863 748 3901 796; x_wconf 86' lang='grc' dir='ltr'>εξ</span> 
     </span>
    </p>
   </div>
   <div class='ocr_carea' id='block_1_67' title="bbox 2275 828 3902 904">
    <p class='ocr_par' dir='ltr' id='par_1_67' title="bbox 2275 828 3902 904">
     <span class='ocr_line' id='line_1_69' title="bbox 2275 828 3902 904; baseline 0.001 -21"><span class='ocrx_word' id='word_1_554' title='bbox 2275 828 2483 900; x_wconf 74' lang='grc' dir='ltr'>μακρὸν</span> <span class='ocrx_word' id='word_1_555' title='bbox 2505 831 2816 884; x_wconf 84' lang='grc' dir='ltr'>ἐκπεσεῖται</span> <span class='ocrx_word' id='word_1_556' title='bbox 2846 833 3016 902; x_wconf 80' lang='grc' dir='ltr'>μῆκος</span> <span class='ocrx_word' id='word_1_557' title='bbox 3041 835 3070 885; x_wconf 84' lang='grc' dir='ltr'>ὁ</span> <span class='ocrx_word' id='word_1_558' title='bbox 3089 831 3262 900; x_wconf 86' lang='grc' dir='ltr'>λόγος.</span> <span class='ocrx_word' id='word_1_559' title='bbox 3287 834 3450 886; x_wconf 81' lang='grc' dir='ltr'>Ὅταν</span> <span class='ocrx_word' id='word_1_560' title='bbox 3465 829 3557 886; x_wconf 85' lang='grc' dir='ltr'>οὑν</span> <span class='ocrx_word' id='word_1_561' title='bbox 3588 833 3689 886; x_wconf 80' lang='grc' dir='ltr'>καὶ</span> <span class='ocrx_word' id='word_1_562' title='bbox 3712 833 3816 904; x_wconf 82' lang='grc' dir='ltr'>πρὸ</span> <span class='ocrx_word' id='word_1_563' title='bbox 3839 834 3902 885; x_wconf 82' lang='grc' dir='ltr'>τῶ</span> 
     </span>
    </p>
   </div>
   <div class='ocr_carea' id='block_1_68' title="bbox 2275 906 3901 998">
    <p class='ocr_par' dir='ltr' id='par_1_68' title="bbox 2275 906 3901 996">
     <span class='ocr_line' id='line_1_70' title="bbox 2275 906 3901 996; baseline 0.002 -25"><span class='ocrx_word' id='word_1_564' title='bbox 2275 918 2516 989; x_wconf 88' lang='grc' dir='ltr'>σημείων</span> <span class='ocrx_word' id='word_1_565' title='bbox 2549 920 2645 972; x_wconf 72' lang='grc' dir='ltr'>καί⁸</span> <span class='ocrx_word' id='word_1_566' title='bbox 2670 921 2727 972; x_wconf 85' lang='grc' dir='ltr'>ἐν</span> <span class='ocrx_word' id='word_1_567' title='bbox 2753 919 2938 990; x_wconf 89' lang='grc' dir='ltr'>μέσοις</span> <span class='ocrx_word' id='word_1_568' title='bbox 2958 921 3137 984; x_wconf 84' lang='grc' dir='ltr'>αὑτοῖς</span> <span class='ocrx_word' id='word_1_569' title='bbox 3173 921 3426 990; x_wconf 77' lang='grc' dir='ltr'>φαίνηται</span> <span class='ocrx_word' id='word_1_570' title='bbox 3450 921 3631 992; x_wconf 83' lang='grc' dir='ltr'>πολλῷ</span> 
     </span>
    </p>
   </div>
   <div class='ocr_carea' id='block_1_69' title="bbox 2271 1006 3902 1078">
    <p class='ocr_par' dir='ltr' id='par_1_69' title="bbox 2271 1006 3902 1078">
     <span class='ocr_line' id='line_1_71' title="bbox 2271 1006 3902 1078; baseline 0.001 -21"><span class='ocrx_word' id='word_1_571' title='bbox 2271 1024 2360 1070; x_wconf 91' lang='grc' dir='ltr'>νος</span> <span class='ocrx_word' id='word_1_572' title='bbox 2393 1006 2470 1076; x_wconf 84' lang='grc' dir='ltr'>τῷ</span> <span class='ocrx_word' id='word_1_573' title='bbox 2517 1006 2684 1077; x_wconf 84' lang='grc' dir='ltr'>λόγῳ,</span> <span class='ocrx_word' id='word_1_574' title='bbox 2723 1007 2842 1071; x_wconf 89' lang='grc' dir='ltr'>πῶς</span> <span class='ocrx_word' id='word_1_575' title='bbox 2870 1008 2952 1061; x_wconf 78' lang='grc' dir='ltr'>ἔτι</span> <span class='ocrx_word' id='word_1_576' title='bbox 3003 1007 3361 1078; x_wconf 79' lang='grc' dir='ltr'>τολμήσουσιν</span> <span class='ocrx_word' id='word_1_577' title='bbox 3399 1008 3610 1078; x_wconf 82' lang='grc' dir='ltr'>ἰδιώτην</span> <span class='ocrx_word' id='word_1_578' title='bbox 3645 1010 3824 1061; x_wconf 86' lang='grc' dir='ltr'>εἰπεῖν</span> <span class='ocrx_word' id='word_1_579' title='bbox 3854 1009 3902 1059; x_wconf 69' lang='grc' dir='ltr'>τί</span> 
     </span>
    </p>
   </div>
   <div class='ocr_carea' id='block_1_70' title="bbox 2271 1092 3902 1167">
    <p class='ocr_par' dir='ltr' id='par_1_70' title="bbox 2271 1092 3902 1167">
     <span class='ocr_line' id='line_1_72' title="bbox 2271 1092 3902 1167; baseline 0.001 -22"><span class='ocrx_word' id='word_1_580' title='bbox 2271 1092 2367 1146; x_wconf 80' lang='grc' dir='ltr'>καί</span> <span class='ocrx_word' id='word_1_581' title='bbox 2394 1094 2503 1148; x_wconf 80' lang='grc' dir='ltr'>ἀπὸ</span> <span class='ocrx_word' id='word_1_582' title='bbox 2537 1093 2634 1147; x_wconf 90' lang='grc' dir='ltr'>τοῦ</span> <span class='ocrx_word' id='word_1_583' title='bbox 2663 1094 3008 1164; x_wconf 89' lang='grc' dir='ltr'>διαλέγεσθαι</span> <span class='ocrx_word' id='word_1_584' title='bbox 3055 1097 3148 1149; x_wconf 84' lang='grc' dir='ltr'>καί</span> <span class='ocrx_word' id='word_1_585' title='bbox 3176 1096 3508 1167; x_wconf 84' lang='grc' dir='ltr'>δημηγορεῖν</span> <span class='ocrx_word' id='word_1_586' title='bbox 3540 1097 3784 1166; x_wconf 86' lang='grc' dir='ltr'>μάλιστα</span> <span class='ocrx_word' id='word_1_587' title='bbox 3819 1097 3902 1148; x_wconf 70' lang='grc' dir='ltr'>θαι</span> 
     </span>
    </p>
   </div>
   <div class='ocr_carea' id='block_1_71' title="bbox 2273 1181 3902 1255">
    <p class='ocr_par' dir='ltr' id='par_1_71' title="bbox 2273 1181 3902 1255">
     <span class='ocr_line' id='line_1_73' title="bbox 2273 1181 3902 1255; baseline -0.001 -21"><span class='ocrx_word' id='word_1_588' title='bbox 2273 1181 2545 1251; x_wconf 90' lang='grc' dir='ltr'>μασθέντα</span> <span class='ocrx_word' id='word_1_589' title='bbox 2571 1183 2722 1254; x_wconf 85' lang='grc' dir='ltr'>παρὰ</span> <span class='ocrx_word' id='word_1_590' title='bbox 2744 1185 2878 1236; x_wconf 81' lang='grc' dir='ltr'>πᾶσι</span> <span class='ocrx_word' id='word_1_591' title='bbox 2899 1199 2913 1246; x_wconf 88' lang='lat'><strong>;</strong></span> <span class='ocrx_word' id='word_1_592' title='bbox 2933 1184 3028 1236; x_wconf 89' lang='grc' dir='ltr'>Διά</span> <span class='ocrx_word' id='word_1_593' title='bbox 3043 1183 3095 1236; x_wconf 93' lang='grc' dir='ltr'>τί</span> <span class='ocrx_word' id='word_1_594' title='bbox 3118 1183 3226 1255; x_wconf 85' lang='grc' dir='ltr'>γάρ</span> <span class='ocrx_word' id='word_1_595' title='bbox 3254 1185 3528 1246; x_wconf 79' lang='grc' dir='ltr'>Λυκάονες</span> <span class='ocrx_word' id='word_1_596' title='bbox 3551 1184 3720 1237; x_wconf 75' lang='grc' dir='ltr'>αὑτὸν</span> <span class='ocrx_word' id='word_1_597' title='bbox 3746 1183 3902 1235; x_wconf 78' lang='grc' dir='ltr'>ὑπέὶσ</span> 
     </span>
    </p>
   </div>
   <div class='ocr_carea' id='block_1_72' title="bbox 2270 1265 3902 1344">
    <p class='ocr_par' dir='ltr' id='par_1_72' title="bbox 2270 1265 3902 1344">
     <span class='ocr_line' id='line_1_74' title="bbox 2270 1265 3902 1344; baseline 0.001 -23"><span class='ocrx_word' id='word_1_598' title='bbox 2270 1269 2364 1322; x_wconf 85' lang='grc' dir='ltr'>6ον</span> <span class='ocrx_word' id='word_1_599' title='bbox 2397 1265 2540 1324; x_wconf 84' lang='grc' dir='ltr'>εἶναι</span> <span class='ocrx_word' id='word_1_600' title='bbox 2583 1271 2825 1343; x_wconf 79' lang='grc' dir='ltr'>Ἐρμῆνς</span> <span class='ocrx_word' id='word_1_601' title='bbox 2861 1272 2934 1324; x_wconf 85' lang='grc' dir='ltr'>Τὸ</span> <span class='ocrx_word' id='word_1_602' title='bbox 2966 1272 3065 1342; x_wconf 89' lang='grc' dir='ltr'>μὲν</span> <span class='ocrx_word' id='word_1_603' title='bbox 3098 1273 3206 1344; x_wconf 85' lang='grc' dir='ltr'>γὰρ</span> <span class='ocrx_word' id='word_1_604' title='bbox 3245 1271 3403 1335; x_wconf 80' lang='grc' dir='ltr'>θεοὺς</span> <span class='ocrx_word' id='word_1_605' title='bbox 3443 1273 3642 1335; x_wconf 79' lang='grc' dir='ltr'>αὑτοὺς</span> <span class='ocrx_word' id='word_1_606' title='bbox 3690 1271 3902 1340; x_wconf 64' lang='grc' dir='ltr'>νομισθῖή</span> 
     </span>
    </p>
   </div>
   <div class='ocr_carea' id='block_1_73' title="bbox 2268 1357 3898 1431">
    <p class='ocr_par' dir='ltr' id='par_1_73' title="bbox 2268 1357 3898 1431">
     <span class='ocr_line' id='line_1_75' title="bbox 2268 1357 3898 1431; baseline 0.001 -23"><span class='ocrx_word' id='word_1_607' title='bbox 2268 1374 2357 1410; x_wconf 90' lang='grc' dir='ltr'>ναι</span> <span class='ocrx_word' id='word_1_608' title='bbox 2392 1357 2501 1411; x_wconf 82' lang='grc' dir='ltr'>ἀπὸ</span> <span class='ocrx_word' id='word_1_609' title='bbox 2524 1358 2632 1412; x_wconf 91' lang='grc' dir='ltr'>τῶν</span> <span class='ocrx_word' id='word_1_610' title='bbox 2660 1358 2898 1430; x_wconf 88' lang='grc' dir='ltr'>σημείων</span> <span class='ocrx_word' id='word_1_611' title='bbox 2924 1359 3160 1426; x_wconf 83' lang='grc' dir='ltr'>ἐγένετο,</span> <span class='ocrx_word' id='word_1_612' title='bbox 3194 1359 3254 1413; x_wconf 80' lang='grc' dir='ltr'>τὸ</span> <span class='ocrx_word' id='word_1_613' title='bbox 3273 1360 3328 1412; x_wconf 87' lang='grc' dir='ltr'>δὲ</span> <span class='ocrx_word' id='word_1_614' title='bbox 3357 1359 3544 1414; x_wconf 90' lang='grc' dir='ltr'>τοῦτον</span> <span class='ocrx_word' id='word_1_615' title='bbox 3587 1361 3823 1431; x_wconf 79' lang='grc' dir='ltr'>Ἐρμῆν,</span> <span class='ocrx_word' id='word_1_616' title='bbox 3847 1361 3898 1409; x_wconf 72' lang='grc' dir='ltr'>οὐ</span> 
     </span>
    </p>
   </div>
   <div class='ocr_carea' id='block_1_74' title="bbox 2269 1444 3902 1516">
    <p class='ocr_par' dir='ltr' id='par_1_74' title="bbox 2269 1444 3902 1516">
     <span class='ocr_line' id='line_1_76' title="bbox 2269 1444 3902 1516; baseline 0.001 -19"><span class='ocrx_word' id='word_1_617' title='bbox 2269 1444 2350 1498; x_wconf 77' lang='grc' dir='ltr'>ἔτι</span> <span class='ocrx_word' id='word_1_618' title='bbox 2380 1446 2474 1498; x_wconf 84' lang='grc' dir='ltr'>ἀπ’</span> <span class='ocrx_word' id='word_1_619' title='bbox 2515 1446 2740 1500; x_wconf 85' lang='grc' dir='ltr'>ἐκείνων</span> <span class='ocrx_word' id='word_1_620' title='bbox 2769 1447 3002 1514; x_wconf 82' lang='grc' dir='ltr'>ἐγένετο,</span> <span class='ocrx_word' id='word_1_621' title='bbox 3027 1447 3140 1499; x_wconf 83' lang='grc' dir='ltr'>ἀλλ’</span> <span class='ocrx_word' id='word_1_622' title='bbox 3159 1447 3268 1500; x_wconf 82' lang='grc' dir='ltr'>ἀπὸ</span> <span class='ocrx_word' id='word_1_623' title='bbox 3291 1447 3384 1500; x_wconf 90' lang='grc' dir='ltr'>τοῦ</span> <span class='ocrx_word' id='word_1_624' title='bbox 3413 1447 3591 1516; x_wconf 89' lang='grc' dir='ltr'>λόγου.</span> <span class='ocrx_word' id='word_1_625' title='bbox 3627 1448 3754 1500; x_wconf 86' lang='grc' dir='ltr'>Τίνι</span> <span class='ocrx_word' id='word_1_626' title='bbox 3781 1448 3835 1499; x_wconf 78' lang='grc' dir='ltr'>δὲ</span> <span class='ocrx_word' id='word_1_627' title='bbox 3852 1465 3902 1500; x_wconf 73' lang='grc' dir='ltr'>κο</span> 
     </span>
    </p>
   </div>
   <div class='ocr_carea' id='block_1_75' title="bbox 2267 1529 3898 1605">
    <p class='ocr_par' dir='ltr' id='par_1_75' title="bbox 2267 1529 3898 1605">
     <span class='ocr_line' id='line_1_77' title="bbox 2267 1529 3898 1605; baseline 0.001 -21"><span class='ocrx_word' id='word_1_628' title='bbox 2267 1532 2378 1585; x_wconf 92' lang='grc' dir='ltr'>τῶν</span> <span class='ocrx_word' id='word_1_629' title='bbox 2410 1532 2587 1587; x_wconf 79' lang='grc' dir='ltr'>ἄλλων</span> <span class='ocrx_word' id='word_1_630' title='bbox 2609 1533 2922 1586; x_wconf 81' lang='grc' dir='ltr'>ἀποστόλων</span> <span class='ocrx_word' id='word_1_631' title='bbox 2946 1533 3369 1605; x_wconf 84' lang='grc' dir='ltr'>ἐπλεονέκτησεν</span> <span class='ocrx_word' id='word_1_632' title='bbox 3399 1536 3426 1587; x_wconf 90' lang='grc' dir='ltr'>ὁ</span> <span class='ocrx_word' id='word_1_633' title='bbox 3455 1535 3730 1605; x_wconf 82' lang='grc' dir='ltr'>μακάριος</span> <span class='ocrx_word' id='word_1_634' title='bbox 3759 1529 3898 1597; x_wconf 65' lang='grc' dir='ltr'>οὗτος</span> 
     </span>
    </p>
   </div>
   <div class='ocr_carea' id='block_1_76' title="bbox 2269 1620 3902 1692">
    <p class='ocr_par' dir='ltr' id='par_1_76' title="bbox 2269 1620 3902 1692">
     <span class='ocr_line' id='line_1_78' title="bbox 2269 1620 3902 1692; baseline 0 -20"><span class='ocrx_word' id='word_1_635' title='bbox 2269 1620 2362 1673; x_wconf 86' lang='grc' dir='ltr'>καί</span> <span class='ocrx_word' id='word_1_636' title='bbox 2385 1621 2546 1674; x_wconf 86' lang='grc' dir='ltr'>πόθεν</span> <span class='ocrx_word' id='word_1_637' title='bbox 2561 1620 2664 1673; x_wconf 87' lang='grc' dir='ltr'>ἀνά</span> <span class='ocrx_word' id='word_1_638' title='bbox 2676 1620 2774 1692; x_wconf 88' lang='grc' dir='ltr'>τήν</span> <span class='ocrx_word' id='word_1_639' title='bbox 2791 1621 3114 1692; x_wconf 79' lang='grc' dir='ltr'>οἰκουμένην</span> <span class='ocrx_word' id='word_1_640' title='bbox 3135 1621 3350 1675; x_wconf 79' lang='grc' dir='ltr'>ἃπασαν</span> <span class='ocrx_word' id='word_1_641' title='bbox 3374 1623 3538 1686; x_wconf 72' lang='grc' dir='ltr'>πολὺς</span> <span class='ocrx_word' id='word_1_642' title='bbox 3562 1624 3619 1674; x_wconf 92' lang='grc' dir='ltr'>ἐν</span> <span class='ocrx_word' id='word_1_643' title='bbox 3643 1625 3759 1685; x_wconf 83' lang='grc' dir='ltr'>τοῖς</span> <span class='ocrx_word' id='word_1_644' title='bbox 3780 1624 3902 1675; x_wconf 70' lang='grc' dir='ltr'>ἀπάι</span> 
     </span>
    </p>
   </div>
   <div class='ocr_carea' id='block_1_77' title="bbox 2267 1709 3902 1780">
    <p class='ocr_par' dir='ltr' id='par_1_77' title="bbox 2267 1709 3902 1780">
     <span class='ocr_line' id='line_1_79' title="bbox 2267 1709 3902 1780; baseline 0.002 -21"><span class='ocrx_word' id='word_1_645' title='bbox 2267 1723 2377 1762; x_wconf 89' lang='grc' dir='ltr'>των</span> <span class='ocrx_word' id='word_1_646' title='bbox 2403 1711 2519 1761; x_wconf 83' lang='grc' dir='ltr'>ἐστί</span> <span class='ocrx_word' id='word_1_647' title='bbox 2546 1709 2842 1779; x_wconf 75' lang='grc' dir='ltr'>στόμασινς</span> <span class='ocrx_word' id='word_1_648' title='bbox 2869 1710 3032 1764; x_wconf 84' lang='grc' dir='ltr'>πόθεν</span> <span class='ocrx_word' id='word_1_649' title='bbox 3055 1709 3116 1761; x_wconf 91' lang='grc' dir='ltr'>οὑ</span> <span class='ocrx_word' id='word_1_650' title='bbox 3150 1711 3279 1780; x_wconf 78' lang='grc' dir='ltr'>παρ’</span> <span class='ocrx_word' id='word_1_651' title='bbox 3323 1712 3452 1780; x_wconf 87' lang='grc' dir='ltr'>ήμῖν</span> <span class='ocrx_word' id='word_1_652' title='bbox 3485 1714 3667 1780; x_wconf 84' lang='grc' dir='ltr'>μόνον,</span> <span class='ocrx_word' id='word_1_653' title='bbox 3693 1709 3828 1764; x_wconf 78' lang='grc' dir='ltr'>ἀλλά</span> <span class='ocrx_word' id='word_1_654' title='bbox 3851 1727 3902 1762; x_wconf 72' lang='grc' dir='ltr'>κε</span> 
     </span>
    </p>
   </div>
   <div class='ocr_carea' id='block_1_78' title="bbox 2269 1795 3898 1868">
    <p class='ocr_par' dir='ltr' id='par_1_78' title="bbox 2269 1795 3898 1868">
     <span class='ocr_line' id='line_1_80' title="bbox 2269 1795 3898 1868; baseline -0.001 -21"><span class='ocrx_word' id='word_1_655' title='bbox 2269 1795 2422 1867; x_wconf 86' lang='grc' dir='ltr'>παρὰ</span> <span class='ocrx_word' id='word_1_656' title='bbox 2437 1796 2712 1861; x_wconf 85' lang='grc' dir='ltr'>Ἰουδαίοις</span> <span class='ocrx_word' id='word_1_657' title='bbox 2735 1797 3058 1867; x_wconf 77' lang='grc' dir='ltr'>καίἚλλησι</span> <span class='ocrx_word' id='word_1_658' title='bbox 3084 1796 3318 1868; x_wconf 87' lang='grc' dir='ltr'>μάλιστα</span> <span class='ocrx_word' id='word_1_659' title='bbox 3341 1798 3554 1852; x_wconf 85' lang='grc' dir='ltr'>πάντων</span> <span class='ocrx_word' id='word_1_660' title='bbox 3569 1797 3898 1867; x_wconf 73' lang='grc' dir='ltr'>θαυμάζεται</span> 
     </span>
    </p>
   </div>
   <div class='ocr_carea' id='block_1_79' title="bbox 2267 1881 3901 1956">
    <p class='ocr_par' dir='ltr' id='par_1_79' title="bbox 2267 1881 3901 1956">
     <span class='ocr_line' id='line_1_81' title="bbox 2267 1881 3901 1956; baseline -0.001 -20"><span class='ocrx_word' id='word_1_661' title='bbox 2267 1884 2370 1937; x_wconf 89' lang='grc' dir='ltr'>οὑκ</span> <span class='ocrx_word' id='word_1_662' title='bbox 2401 1884 2510 1937; x_wconf 86' lang='grc' dir='ltr'>ἀπὸ</span> <span class='ocrx_word' id='word_1_663' title='bbox 2537 1886 2636 1955; x_wconf 81' lang='grc' dir='ltr'>τῆς</span> <span class='ocrx_word' id='word_1_664' title='bbox 2659 1885 2768 1938; x_wconf 90' lang='grc' dir='ltr'>τῶν</span> <span class='ocrx_word' id='word_1_665' title='bbox 2813 1884 3114 1938; x_wconf 86' lang='grc' dir='ltr'>ἐπιστολῶν</span> <span class='ocrx_word' id='word_1_666' title='bbox 3141 1884 3368 1955; x_wconf 77' lang='grc' dir='ltr'>ἀρετῆς.</span> <span class='ocrx_word' id='word_1_667' title='bbox 3403 1881 3550 1956; x_wconf 76' lang='grc' dir='ltr'>δι’ἦς</span> <span class='ocrx_word' id='word_1_668' title='bbox 3575 1885 3637 1936; x_wconf 86' lang='grc' dir='ltr'>οὑ</span> <span class='ocrx_word' id='word_1_669' title='bbox 3669 1886 3796 1946; x_wconf 74' lang='grc' dir='ltr'>τοὺς</span> <span class='ocrx_word' id='word_1_670' title='bbox 3824 1884 3901 1934; x_wconf 83' lang='grc' dir='ltr'>τότ</span> 
     </span>
    </p>
   </div>
   <div class='ocr_carea' id='block_1_80' title="bbox 2270 1972 3901 2042">
    <p class='ocr_par' dir='ltr' id='par_1_80' title="bbox 2270 1972 3901 2042">
     <span class='ocr_line' id='line_1_82' title="bbox 2270 1972 3901 2042; baseline -0.002 -16"><span class='ocrx_word' id='word_1_671' title='bbox 2270 1973 2430 2042; x_wconf 85' lang='grc' dir='ltr'>μόνον</span> <span class='ocrx_word' id='word_1_672' title='bbox 2464 1975 2707 2038; x_wconf 84' lang='grc' dir='ltr'>πιστοὺς,</span> <span class='ocrx_word' id='word_1_673' title='bbox 2733 1972 2976 2027; x_wconf 74' lang='grc' dir='ltr'>ἀλλὰκαὶ</span> <span class='ocrx_word' id='word_1_674' title='bbox 3003 1972 3128 2036; x_wconf 82' lang='grc' dir='ltr'>τοὺς</span> <span class='ocrx_word' id='word_1_675' title='bbox 3151 1972 3208 2038; x_wconf 83' lang='grc' dir='ltr'>ἐξ</span> <span class='ocrx_word' id='word_1_676' title='bbox 3235 1973 3444 2026; x_wconf 90' lang='grc' dir='ltr'>ἐκείνου</span> <span class='ocrx_word' id='word_1_677' title='bbox 3466 1972 3625 2040; x_wconf 83' lang='grc' dir='ltr'>μέχρι</span> <span class='ocrx_word' id='word_1_678' title='bbox 3655 1972 3760 2041; x_wconf 81' lang='grc' dir='ltr'>τῆς</span> <span class='ocrx_word' id='word_1_679' title='bbox 3782 1974 3901 2039; x_wconf 76' lang='grc' dir='ltr'>σήμε</span> 
     </span>
    </p>
   </div>
   <div class='ocr_carea' id='block_1_81' title="bbox 2275 2059 3901 2132">
    <p class='ocr_par' dir='ltr' id='par_1_81' title="bbox 2275 2059 3901 2132">
     <span class='ocr_line' id='line_1_83' title="bbox 2275 2059 3901 2132; baseline -0.001 -20"><span class='ocrx_word' id='word_1_680' title='bbox 2275 2077 2365 2131; x_wconf 87' lang='grc' dir='ltr'>ρον</span> <span class='ocrx_word' id='word_1_681' title='bbox 2395 2061 2740 2132; x_wconf 85' lang='grc' dir='ltr'>γενομένους,</span> <span class='ocrx_word' id='word_1_682' title='bbox 2763 2061 3001 2124; x_wconf 75' lang='grc' dir='ltr'>καὶτοὺς</span> <span class='ocrx_word' id='word_1_683' title='bbox 3025 2060 3316 2132; x_wconf 88' lang='grc' dir='ltr'>μέλλοντας</span> <span class='ocrx_word' id='word_1_684' title='bbox 3343 2061 3398 2113; x_wconf 85' lang='grc' dir='ltr'>δὲ</span> <span class='ocrx_word' id='word_1_685' title='bbox 3418 2059 3634 2112; x_wconf 77' lang='grc' dir='ltr'>ἔσεσθαι</span> <span class='ocrx_word' id='word_1_686' title='bbox 3669 2060 3827 2129; x_wconf 87' lang='grc' dir='ltr'>μέχρι</span> <span class='ocrx_word' id='word_1_687' title='bbox 3847 2061 3901 2128; x_wconf 75' lang='grc' dir='ltr'>τῆ</span> 
     </span>
    </p>
   </div>
   <div class='ocr_carea' id='block_1_82' title="bbox 2271 2146 3900 2220">
    <p class='ocr_par' dir='ltr' id='par_1_82' title="bbox 2271 2146 3900 2220">
     <span class='ocr_line' id='line_1_84' title="bbox 2271 2146 3900 2220; baseline -0.002 -20"><span class='ocrx_word' id='word_1_688' title='bbox 2271 2150 2508 2219; x_wconf 90' lang='grc' dir='ltr'>ὲσχάτης</span> <span class='ocrx_word' id='word_1_689' title='bbox 2550 2160 2573 2188; x_wconf 76' lang='grc' dir='ltr'>ε</span> <span class='ocrx_word' id='word_1_690' title='bbox 2597 2147 2692 2201; x_wconf 80' lang='grc' dir='ltr'>τοῦ</span> <span class='ocrx_word' id='word_1_691' title='bbox 2731 2148 2966 2220; x_wconf 84' lang='grc' dir='ltr'>Χριστοῦ</span> <span class='ocrx_word' id='word_1_692' title='bbox 2999 2148 3298 2220; x_wconf 89' lang='grc' dir='ltr'>παρουσίας</span> <span class='ocrx_word' id='word_1_693' title='bbox 3329 2146 3576 2216; x_wconf 85' lang='grc' dir='ltr'>ῶφέλησέ</span> <span class='ocrx_word' id='word_1_694' title='bbox 3597 2163 3659 2198; x_wconf 90' lang='grc' dir='ltr'>τε</span> <span class='ocrx_word' id='word_1_695' title='bbox 3685 2148 3779 2199; x_wconf 74' lang='grc' dir='ltr'>καὶ</span> <span class='ocrx_word' id='word_1_696' title='bbox 3805 2147 3900 2214; x_wconf 78' lang='grc' dir='ltr'>ὡφε</span> 
     </span>
    </p>
   </div>
   <div class='ocr_carea' id='block_1_83' title="bbox 2271 2234 3902 2306">
    <p class='ocr_par' dir='ltr' id='par_1_83' title="bbox 2271 2234 3902 2306">
     <span class='ocr_line' id='line_1_85' title="bbox 2271 2234 3902 2306; baseline -0.001 -19"><span class='ocrx_word' id='word_1_697' title='bbox 2271 2237 2444 2306; x_wconf 89' lang='grc' dir='ltr'>λήσει,</span> <span class='ocrx_word' id='word_1_698' title='bbox 2465 2239 2558 2289; x_wconf 76' lang='grc' dir='ltr'>καὶ</span> <span class='ocrx_word' id='word_1_699' title='bbox 2585 2239 2646 2290; x_wconf 92' lang='grc' dir='ltr'>οὑ</span> <span class='ocrx_word' id='word_1_700' title='bbox 2663 2237 2928 2290; x_wconf 89' lang='grc' dir='ltr'>παύσεται</span> <span class='ocrx_word' id='word_1_701' title='bbox 2953 2237 3110 2290; x_wconf 89' lang='grc' dir='ltr'>τοῦτο</span> <span class='ocrx_word' id='word_1_702' title='bbox 3138 2236 3307 2290; x_wconf 89' lang='grc' dir='ltr'>ποιῶν</span> <span class='ocrx_word' id='word_1_703' title='bbox 3329 2235 3432 2298; x_wconf 76' lang='grc' dir='ltr'>ἕως</span> <span class='ocrx_word' id='word_1_704' title='bbox 3450 2234 3516 2288; x_wconf 80' lang='grc' dir='ltr'>ἂν</span> <span class='ocrx_word' id='word_1_705' title='bbox 3530 2235 3592 2287; x_wconf 87' lang='grc' dir='ltr'>τὺ</span> <span class='ocrx_word' id='word_1_706' title='bbox 3605 2235 3721 2288; x_wconf 88' lang='grc' dir='ltr'>τῶν</span> <span class='ocrx_word' id='word_1_707' title='bbox 3742 2234 3902 2304; x_wconf 80' lang='grc' dir='ltr'>ἀνθρώ</span> 
     </span>
    </p>
   </div>
   <div class='ocr_carea' id='block_1_84' title="bbox 2272 2323 3901 2397">
    <p class='ocr_par' dir='ltr' id='par_1_84' title="bbox 2272 2323 3901 2397">
     <span class='ocr_line' id='line_1_86' title="bbox 2272 2323 3901 2397; baseline -0.002 -21"><span class='ocrx_word' id='word_1_708' title='bbox 2272 2341 2390 2377; x_wconf 91' lang='grc' dir='ltr'>πων</span> <span class='ocrx_word' id='word_1_709' title='bbox 2417 2325 2647 2397; x_wconf 70' lang='grc' dir='ltr'>διαμένῃ</span> <span class='ocrx_word' id='word_1_710' title='bbox 2663 2325 2817 2393; x_wconf 86' lang='grc' dir='ltr'>γένος</span> <span class='ocrx_word' id='word_1_711' title='bbox 2835 2343 2848 2391; x_wconf 85' lang='grc'>;</span> <span class='ocrx_word' id='word_1_712' title='bbox 2875 2327 3085 2395; x_wconf 82' lang='grc' dir='ltr'>Ὥσπερ</span> <span class='ocrx_word' id='word_1_713' title='bbox 3103 2323 3250 2397; x_wconf 71' lang='grc'>[415]</span> <span class='ocrx_word' id='word_1_714' title='bbox 3265 2325 3372 2395; x_wconf 87' lang='grc' dir='ltr'>γάρ</span> <span class='ocrx_word' id='word_1_715' title='bbox 3382 2327 3558 2395; x_wconf 83' lang='grc' dir='ltr'>τεῖχος</span> <span class='ocrx_word' id='word_1_716' title='bbox 3568 2323 3626 2388; x_wconf 79' lang='grc' dir='ltr'>ἐξ</span> <span class='ocrx_word' id='word_1_717' title='bbox 3639 2325 3901 2393; x_wconf 73' lang='grc' dir='ltr'>ἀδάμαντι</span> 
     </span>
    </p>
   </div>
   <div class='ocr_carea' id='block_1_85' title="bbox 2273 2411 3902 2482">
    <p class='ocr_par' dir='ltr' id='par_1_85' title="bbox 2273 2411 3902 2482">
     <span class='ocr_line' id='line_1_87' title="bbox 2273 2411 3902 2482; baseline -0.002 -16"><span class='ocrx_word' id='word_1_718' title='bbox 2273 2414 2730 2476; x_wconf 82' lang='grc' dir='ltr'>κατασκευασθὲν,</span> <span class='ocrx_word' id='word_1_719' title='bbox 2751 2411 2894 2466; x_wconf 78' lang='grc' dir='ltr'>οὕτω</span> <span class='ocrx_word' id='word_1_720' title='bbox 2923 2415 3022 2476; x_wconf 84' lang='grc' dir='ltr'>τὰς</span> <span class='ocrx_word' id='word_1_721' title='bbox 3054 2411 3330 2482; x_wconf 81' lang='grc' dir='ltr'>πανταχοῦ</span> <span class='ocrx_word' id='word_1_722' title='bbox 3354 2411 3453 2480; x_wconf 80' lang='grc' dir='ltr'>τῆς</span> <span class='ocrx_word' id='word_1_723' title='bbox 3476 2413 3803 2482; x_wconf 84' lang='grc' dir='ltr'>οἰκουμένης</span> <span class='ocrx_word' id='word_1_724' title='bbox 3825 2411 3902 2463; x_wconf 76' lang='grc' dir='ltr'>Ἐκ</span> 
     </span>
    </p>
   </div>
   <div class='ocr_carea' id='block_1_86' title="bbox 2274 2498 3902 2572">
    <p class='ocr_par' dir='ltr' id='par_1_86' title="bbox 2274 2498 3902 2572">
     <span class='ocr_line' id='line_1_88' title="bbox 2274 2498 3902 2572; baseline -0.002 -18"><span class='ocrx_word' id='word_1_725' title='bbox 2274 2501 2505 2570; x_wconf 86' lang='grc' dir='ltr'>κλησίας</span> <span class='ocrx_word' id='word_1_726' title='bbox 2542 2501 2613 2554; x_wconf 82' lang='grc' dir='ltr'>τά</span> <span class='ocrx_word' id='word_1_727' title='bbox 2645 2500 2838 2554; x_wconf 89' lang='grc' dir='ltr'>τούτου</span> <span class='ocrx_word' id='word_1_728' title='bbox 2872 2501 3094 2571; x_wconf 79' lang='grc' dir='ltr'>τειχίζει</span> <span class='ocrx_word' id='word_1_729' title='bbox 3117 2501 3439 2572; x_wconf 77' lang='grc' dir='ltr'>γράμματα’</span> <span class='ocrx_word' id='word_1_730' title='bbox 3471 2501 3566 2554; x_wconf 78' lang='grc' dir='ltr'>καὶ</span> <span class='ocrx_word' id='word_1_731' title='bbox 3591 2498 3842 2570; x_wconf 83' lang='grc' dir='ltr'>καθάπερ</span> <span class='ocrx_word' id='word_1_732' title='bbox 3859 2517 3902 2552; x_wconf 85' lang='grc' dir='ltr'>τι</span> 
     </span>
    </p>
   </div>
   <div class='ocr_carea' id='block_1_87' title="bbox 2273 2589 3902 2660">
    <p class='ocr_par' dir='ltr' id='par_1_87' title="bbox 2273 2589 3902 2660">
     <span class='ocr_line' id='line_1_89' title="bbox 2273 2589 3902 2660; baseline -0.004 -16"><span class='ocrx_word' id='word_1_733' title='bbox 2273 2591 2530 2659; x_wconf 81' lang='grc' dir='ltr'>ἀριστεὺς</span> <span class='ocrx_word' id='word_1_734' title='bbox 2550 2591 2928 2658; x_wconf 87' lang='grc' dir='ltr'>γενναιότατος</span> <span class='ocrx_word' id='word_1_735' title='bbox 2944 2591 3142 2660; x_wconf 70' lang='grc' dir='ltr'>ἕστηκε</span> <span class='ocrx_word' id='word_1_736' title='bbox 3163 2590 3256 2660; x_wconf 74' lang='grc' dir='ltr'>καὶ</span> <span class='ocrx_word' id='word_1_737' title='bbox 3295 2589 3389 2643; x_wconf 89' lang='grc' dir='ltr'>νῦν</span> <span class='ocrx_word' id='word_1_738' title='bbox 3407 2589 3590 2660; x_wconf 86' lang='grc' dir='ltr'>μέσος,</span> <span class='ocrx_word' id='word_1_739' title='bbox 3608 2589 3902 2660; x_wconf 84' lang='grc' dir='ltr'>αἰχμαλωτί</span> 
     </span>
    </p>
   </div>
   <div class='ocr_carea' id='block_1_88' title="bbox 2273 2675 3902 2749">
    <p class='ocr_par' dir='ltr' id='par_1_88' title="bbox 2273 2675 3902 2749">
     <span class='ocr_line' id='line_1_90' title="bbox 2273 2675 3902 2749; baseline 0 -19"><span class='ocrx_word' id='word_1_740' title='bbox 2273 2675 2381 2742; x_wconf 84' lang='grc' dir='ltr'>ζων</span> <span class='ocrx_word' id='word_1_741' title='bbox 2399 2680 2504 2731; x_wconf 81' lang='grc' dir='ltr'>πᾶν</span> <span class='ocrx_word' id='word_1_742' title='bbox 2520 2679 2698 2748; x_wconf 87' lang='grc' dir='ltr'>νόημα</span> <span class='ocrx_word' id='word_1_743' title='bbox 2719 2679 2800 2741; x_wconf 90' lang='grc' dir='ltr'>εἰς</span> <span class='ocrx_word' id='word_1_744' title='bbox 2814 2677 2912 2749; x_wconf 85' lang='grc' dir='ltr'>τήν</span> <span class='ocrx_word' id='word_1_745' title='bbox 2934 2679 3180 2748; x_wconf 76' lang='grc' dir='ltr'>ὑπακοὴν</span> <span class='ocrx_word' id='word_1_746' title='bbox 3201 2678 3296 2731; x_wconf 91' lang='grc' dir='ltr'>τοῦ</span> <span class='ocrx_word' id='word_1_747' title='bbox 3311 2677 3545 2749; x_wconf 83' lang='grc' dir='ltr'>Χριστοῦ</span> <span class='ocrx_word' id='word_1_748' title='bbox 3558 2678 3655 2731; x_wconf 74' lang='grc' dir='ltr'>καὶ</span> <span class='ocrx_word' id='word_1_749' title='bbox 3667 2678 3902 2746; x_wconf 80' lang='grc' dir='ltr'>καθαιρῶ</span> 
     </span>
    </p>
   </div>
   <div class='ocr_carea' id='block_1_89' title="bbox 2273 2759 3902 2836">
    <p class='ocr_par' dir='ltr' id='par_1_89' title="bbox 2273 2759 3902 2836">
     <span class='ocr_line' id='line_1_91' title="bbox 2273 2759 3902 2836; baseline 0.001 -20"><span class='ocrx_word' id='word_1_750' title='bbox 2273 2759 2567 2835; x_wconf 79' lang='grc' dir='ltr'>λογισμοὺς</span> <span class='ocrx_word' id='word_1_751' title='bbox 2606 2767 2700 2819; x_wconf 78' lang='grc' dir='ltr'>καὶ</span> <span class='ocrx_word' id='word_1_752' title='bbox 2747 2769 2856 2819; x_wconf 80' lang='grc' dir='ltr'>πᾶν</span> <span class='ocrx_word' id='word_1_753' title='bbox 2889 2764 3090 2834; x_wconf 72' lang='grc' dir='ltr'>ὕψωμα</span> <span class='ocrx_word' id='word_1_754' title='bbox 3121 2767 3483 2836; x_wconf 84' lang='grc' dir='ltr'>ἐπαιρόμενον</span> <span class='ocrx_word' id='word_1_755' title='bbox 3509 2765 3648 2819; x_wconf 88' lang='grc' dir='ltr'>κατά</span> <span class='ocrx_word' id='word_1_756' title='bbox 3678 2765 3781 2835; x_wconf 85' lang='grc' dir='ltr'>τῆς</span> <span class='ocrx_word' id='word_1_757' title='bbox 3805 2764 3902 2832; x_wconf 81' lang='grc' dir='ltr'>γνὼ</span> 
     </span>
    </p>
   </div>
   <div class='ocr_carea' id='block_1_90' title="bbox 2277 2849 3902 2923">
    <p class='ocr_par' dir='ltr' id='par_1_90' title="bbox 2277 2849 3902 2923">
     <span class='ocr_line' id='line_1_92' title="bbox 2277 2849 3902 2923; baseline -0.001 -16"><span class='ocrx_word' id='word_1_758' title='bbox 2277 2871 2414 2917; x_wconf 92' lang='grc' dir='ltr'>σεως</span> <span class='ocrx_word' id='word_1_759' title='bbox 2451 2853 2546 2906; x_wconf 89' lang='grc' dir='ltr'>τοῦ</span> <span class='ocrx_word' id='word_1_760' title='bbox 2597 2852 2754 2906; x_wconf 87' lang='grc' dir='ltr'>Θεοῦ.</span> <span class='ocrx_word' id='word_1_761' title='bbox 2782 2853 2968 2907; x_wconf 90' lang='grc' dir='ltr'>Ταῦτα</span> <span class='ocrx_word' id='word_1_762' title='bbox 2999 2854 3057 2906; x_wconf 82' lang='grc' dir='ltr'>δὲ</span> <span class='ocrx_word' id='word_1_763' title='bbox 3088 2854 3268 2907; x_wconf 89' lang='grc' dir='ltr'>πάντα</span> <span class='ocrx_word' id='word_1_764' title='bbox 3294 2853 3586 2922; x_wconf 73' lang='grc' dir='ltr'>ἐργάζεται</span> <span class='ocrx_word' id='word_1_765' title='bbox 3617 2855 3689 2908; x_wconf 79' lang='grc' dir='ltr'>δι’</span> <span class='ocrx_word' id='word_1_766' title='bbox 3712 2849 3787 2906; x_wconf 82' lang='grc' dir='ltr'>ῶν</span> <span class='ocrx_word' id='word_1_767' title='bbox 3816 2857 3902 2923; x_wconf 79' lang='grc' dir='ltr'>ήμῐ</span> 
     </span>
    </p>
   </div>
   <div class='ocr_carea' id='block_1_91' title="bbox 2275 2942 3902 3013">
    <p class='ocr_par' dir='ltr' id='par_1_91' title="bbox 2275 2942 3902 3013">
     <span class='ocr_line' id='line_1_93' title="bbox 2275 2942 3902 3013; baseline -0.001 -17"><span class='ocrx_word' id='word_1_768' title='bbox 2275 2942 2563 2996; x_wconf 86' lang='grc' dir='ltr'>κατέλιπεν</span> <span class='ocrx_word' id='word_1_769' title='bbox 2606 2943 2904 2996; x_wconf 85' lang='grc' dir='ltr'>ἐπιστολῶν</span> <span class='ocrx_word' id='word_1_770' title='bbox 2949 2943 3057 2995; x_wconf 92' lang='grc' dir='ltr'>τῶν</span> <span class='ocrx_word' id='word_1_771' title='bbox 3112 2942 3426 3012; x_wconf 85' lang='grc' dir='ltr'>θαυμασίων</span> <span class='ocrx_word' id='word_1_772' title='bbox 3474 2945 3570 2998; x_wconf 74' lang='grc' dir='ltr'>καὶ</span> <span class='ocrx_word' id='word_1_773' title='bbox 3601 2943 3620 2983; x_wconf 74' lang='grc' dir='ltr'>ί</span> <span class='ocrx_word' id='word_1_774' title='bbox 3655 2945 3763 3013; x_wconf 75' lang='grc' dir='ltr'>τῆς</span> <span class='ocrx_word' id='word_1_775' title='bbox 3797 2945 3902 2996; x_wconf 77' lang='grc' dir='ltr'>θεία</span> 
     </span>
    </p>
   </div>
   <div class='ocr_carea' id='block_1_92' title="bbox 2275 3031 3901 3103">
    <p class='ocr_par' dir='ltr' id='par_1_92' title="bbox 2275 3031 3901 3103">
     <span class='ocr_line' id='line_1_94' title="bbox 2275 3031 3901 3103; baseline 0 -19"><span class='ocrx_word' id='word_1_776' title='bbox 2275 3031 2718 3103; x_wconf 84' lang='grc' dir='ltr'>πεπληρωμένων</span> <span class='ocrx_word' id='word_1_777' title='bbox 2771 3031 2980 3100; x_wconf 84' lang='grc' dir='ltr'>σοφίας.</span> <span class='ocrx_word' id='word_1_778' title='bbox 3032 3033 3108 3083; x_wconf 85' lang='grc' dir='ltr'>υὺ</span> <span class='ocrx_word' id='word_1_779' title='bbox 3154 3031 3294 3102; x_wconf 86' lang='grc' dir='ltr'>πρὸς</span> <span class='ocrx_word' id='word_1_780' title='bbox 3343 3031 3732 3102; x_wconf 66' lang='grc' dir='ltr'>δογμάτων,δέ</span> <span class='ocrx_word' id='word_1_781' title='bbox 3785 3035 3901 3102; x_wconf 86' lang='grc' dir='ltr'>μόνο</span> 
     </span>
    </p>
   </div>
   <div class='ocr_carea' id='block_1_93' title="bbox 2274 3111 3899 3192">
    <p class='ocr_par' dir='ltr' id='par_1_93' title="bbox 2274 3111 3899 3192">
     <span class='ocr_line' id='line_1_95' title="bbox 2274 3111 3899 3192; baseline -0.001 -19"><span class='ocrx_word' id='word_1_782' title='bbox 2274 3121 2444 3174; x_wconf 87' lang='grc' dir='ltr'>νόθων</span> <span class='ocrx_word' id='word_1_783' title='bbox 2471 3139 2530 3173; x_wconf 89' lang='grc' dir='ltr'>τε</span> <span class='ocrx_word' id='word_1_784' title='bbox 2575 3121 2888 3192; x_wconf 81' lang='grc' dir='ltr'>ἀνατροπὴν</span> <span class='ocrx_word' id='word_1_785' title='bbox 2919 3121 3012 3172; x_wconf 75' lang='grc' dir='ltr'>καὶ</span> <span class='ocrx_word' id='word_1_786' title='bbox 3045 3121 3286 3189; x_wconf 84' lang='grc' dir='ltr'>γνησίων</span> <span class='ocrx_word' id='word_1_787' title='bbox 3322 3120 3624 3190; x_wconf 83' lang='grc' dir='ltr'>ἀσφάλειαν</span> <span class='ocrx_word' id='word_1_788' title='bbox 3656 3111 3899 3191; x_wconf 77' lang='grc' dir='ltr'>ἐπιτήδει</span> 
     </span>
    </p>
   </div>
   <div class='ocr_carea' id='block_1_94' title="bbox 2273 3207 3898 3282">
    <p class='ocr_par' dir='ltr' id='par_1_94' title="bbox 2273 3207 3898 3282">
     <span class='ocr_line' id='line_1_96' title="bbox 2273 3207 3898 3282; baseline -0.001 -20"><span class='ocrx_word' id='word_1_789' title='bbox 2273 3211 2406 3280; x_wconf 82' lang='grc' dir='ltr'>ήμῖν</span> <span class='ocrx_word' id='word_1_790' title='bbox 2435 3209 2599 3266; x_wconf 82' lang='grc' dir='ltr'>αὑτοῦ</span> <span class='ocrx_word' id='word_1_791' title='bbox 2635 3211 2703 3262; x_wconf 76' lang='grc' dir='ltr'>τὰ</span> <span class='ocrx_word' id='word_1_792' title='bbox 2748 3210 3074 3279; x_wconf 87' lang='grc' dir='ltr'>γράμματα,</span> <span class='ocrx_word' id='word_1_793' title='bbox 3118 3207 3255 3261; x_wconf 83' lang='grc' dir='ltr'>ἀλλά</span> <span class='ocrx_word' id='word_1_794' title='bbox 3285 3210 3379 3262; x_wconf 70' lang='grc' dir='ltr'>καὶ</span> <span class='ocrx_word' id='word_1_795' title='bbox 3425 3210 3561 3282; x_wconf 83' lang='grc' dir='ltr'>πρὸς</span> <span class='ocrx_word' id='word_1_796' title='bbox 3593 3210 3652 3262; x_wconf 80' lang='grc' dir='ltr'>τὸ</span> <span class='ocrx_word' id='word_1_797' title='bbox 3689 3210 3840 3280; x_wconf 71' lang='grc' dir='ltr'>βιοῦν</span> <span class='ocrx_word' id='word_1_798' title='bbox 3876 3228 3898 3261; x_wconf 84' lang='grc' dir='ltr'>ε</span> 
     </span>
    </p>
   </div>
   <div class='ocr_carea' id='block_1_95' title="bbox 2273 3297 3900 3369">
    <p class='ocr_par' dir='ltr' id='par_1_95' title="bbox 2273 3297 3900 3369">
     <span class='ocr_line' id='line_1_97' title="bbox 2273 3297 3900 3369; baseline -0.001 -17"><span class='ocrx_word' id='word_1_799' title='bbox 2273 3300 2374 3352; x_wconf 85' lang='grc' dir='ltr'>οὑκ</span> <span class='ocrx_word' id='word_1_800' title='bbox 2421 3299 2702 3368; x_wconf 88' lang='grc' dir='ltr'>ἐλάχιστον</span> <span class='ocrx_word' id='word_1_801' title='bbox 2742 3299 2873 3367; x_wconf 85' lang='grc' dir='ltr'>ἠμῖν</span> <span class='ocrx_word' id='word_1_802' title='bbox 2923 3298 3170 3351; x_wconf 87' lang='grc' dir='ltr'>συντελεῖ</span> <span class='ocrx_word' id='word_1_803' title='bbox 3216 3297 3401 3368; x_wconf 85' lang='grc' dir='ltr'>μέρος.</span> <span class='ocrx_word' id='word_1_804' title='bbox 3433 3297 3656 3361; x_wconf 84' lang='grc' dir='ltr'>Τούτοις</span> <span class='ocrx_word' id='word_1_805' title='bbox 3702 3299 3811 3369; x_wconf 75' lang='grc' dir='ltr'>γὰρ</span> <span class='ocrx_word' id='word_1_806' title='bbox 3860 3301 3900 3350; x_wconf 75' lang='grc' dir='ltr'>ἐι</span> 
     </span>
    </p>
   </div>
   <div class='ocr_carea' id='block_1_96' title="bbox 2274 3386 3899 3458">
    <p class='ocr_par' dir='ltr' id='par_1_96' title="bbox 2274 3386 3899 3458">
     <span class='ocr_line' id='line_1_98' title="bbox 2274 3386 3899 3458; baseline -0.001 -18"><span class='ocrx_word' id='word_1_807' title='bbox 2274 3388 2368 3440; x_wconf 74' lang='grc' dir='ltr'>καὶ</span> <span class='ocrx_word' id='word_1_808' title='bbox 2396 3386 2491 3439; x_wconf 91' lang='grc' dir='ltr'>νῦν</span> <span class='ocrx_word' id='word_1_809' title='bbox 2522 3389 2570 3440; x_wconf 92' lang='grc' dir='ltr'>οἰ</span> <span class='ocrx_word' id='word_1_810' title='bbox 2614 3387 2722 3440; x_wconf 92' lang='grc' dir='ltr'>τῶν</span> <span class='ocrx_word' id='word_1_811' title='bbox 2764 3387 3104 3457; x_wconf 83' lang='grc' dir='ltr'>Ἐκκλησιῶν</span> <span class='ocrx_word' id='word_1_812' title='bbox 3137 3387 3484 3458; x_wconf 77' lang='grc' dir='ltr'>προεστῶτες</span> <span class='ocrx_word' id='word_1_813' title='bbox 3512 3386 3810 3458; x_wconf 84' lang='grc' dir='ltr'>χρώμενοι,</span> <span class='ocrx_word' id='word_1_814' title='bbox 3845 3389 3899 3457; x_wconf 75' lang='grc' dir='ltr'>τὴ</span> 
     </span>
    </p>
   </div>
   <div class='ocr_carea' id='block_1_97' title="bbox 2274 3475 3900 3548">
    <p class='ocr_par' dir='ltr' id='par_1_97' title="bbox 2274 3475 3900 3548">
     <span class='ocr_line' id='line_1_99' title="bbox 2274 3475 3900 3548; baseline 0 -19"><span class='ocrx_word' id='word_1_815' title='bbox 2274 3476 2442 3548; x_wconf 81' lang='grc' dir='ltr'>άγνὴν</span> <span class='ocrx_word' id='word_1_816' title='bbox 2471 3475 2766 3546; x_wconf 82' lang='grc' dir='ltr'>παρθένον,</span> <span class='ocrx_word' id='word_1_817' title='bbox 2797 3477 2862 3546; x_wconf 77' lang='grc' dir='ltr'>ἠν</span> <span class='ocrx_word' id='word_1_818' title='bbox 2905 3475 3188 3547; x_wconf 82' lang='grc' dir='ltr'>ἡρμόσατο</span> <span class='ocrx_word' id='word_1_819' title='bbox 3221 3475 3300 3546; x_wconf 82' lang='grc' dir='ltr'>τῷ</span> <span class='ocrx_word' id='word_1_820' title='bbox 3331 3476 3574 3547; x_wconf 76' lang='grc' dir='ltr'>Χριστῷ,</span> <span class='ocrx_word' id='word_1_821' title='bbox 3622 3477 3900 3548; x_wconf 71' lang='grc' dir='ltr'>ρυθμίζουι</span> 
     </span>
    </p>
   </div>
   <div class='ocr_carea' id='block_1_98' title="bbox 2271 3549 3900 3634">
    <p class='ocr_par' dir='ltr' id='par_1_98' title="bbox 2271 3549 3900 3634">
     <span class='ocr_line' id='line_1_100' title="bbox 2271 3549 3900 3634; baseline -0.001 -18"><span class='ocrx_word' id='word_1_822' title='bbox 2271 3581 2332 3616; x_wconf 89' lang='grc' dir='ltr'>τε</span> <span class='ocrx_word' id='word_1_823' title='bbox 2383 3565 2476 3619; x_wconf 82' lang='grc' dir='ltr'>καί</span> <span class='ocrx_word' id='word_1_824' title='bbox 2515 3549 2861 3626; x_wconf 70' lang='grc' dir='ltr'>πλάττουσι,</span> <span class='ocrx_word' id='word_1_825' title='bbox 2892 3565 2988 3617; x_wconf 76' lang='grc' dir='ltr'>καὶ</span> <span class='ocrx_word' id='word_1_826' title='bbox 3046 3565 3184 3634; x_wconf 83' lang='grc' dir='ltr'>πρὸς</span> <span class='ocrx_word' id='word_1_827' title='bbox 3219 3565 3281 3616; x_wconf 83' lang='grc' dir='ltr'>τὸ</span> <span class='ocrx_word' id='word_1_828' title='bbox 3329 3567 3700 3634; x_wconf 77' lang='grc' dir='ltr'>πνευματικὸν</span> <span class='ocrx_word' id='word_1_829' title='bbox 3755 3565 3900 3634; x_wconf 73' lang='grc' dir='ltr'>ἄγουα</span> 
     </span>
    </p>
   </div>
   <div class='ocr_carea' id='block_1_99' title="bbox 2273 3651 3897 3730">
    <p class='ocr_par' dir='ltr' id='par_1_99' title="bbox 2273 3651 3897 3730">
     <span class='ocr_line' id='line_1_101' title="bbox 2273 3651 3897 3730; baseline 0.001 -26"><span class='ocrx_word' id='word_1_830' title='bbox 2273 3651 2488 3715; x_wconf 88' lang='grc' dir='ltr'>κάλλος.</span> <span class='ocrx_word' id='word_1_831' title='bbox 2519 3651 2742 3715; x_wconf 88' lang='grc' dir='ltr'>Τούτοις</span> <span class='ocrx_word' id='word_1_832' title='bbox 2784 3652 2878 3704; x_wconf 72' lang='grc' dir='ltr'>καί⁸</span> <span class='ocrx_word' id='word_1_833' title='bbox 2917 3651 2988 3705; x_wconf 82' lang='grc' dir='ltr'>τὰ</span> <span class='ocrx_word' id='word_1_834' title='bbox 3019 3653 3427 3724; x_wconf 84' lang='grc' dir='ltr'>ἐπισκήπτοντα</span> <span class='ocrx_word' id='word_1_835' title='bbox 3472 3655 3611 3730; x_wconf 76' lang='grc' dir='ltr'>αὑτῇ</span> <span class='ocrx_word' id='word_1_836' title='bbox 3658 3657 3897 3726; x_wconf 48' lang='grc' dir='ltr'>νοσήματξ</span> 
     </span>
    </p>
   </div>
   <div class='ocr_carea' id='block_1_100' title="bbox 2273 3741 3894 3816">
    <p class='ocr_par' dir='ltr' id='par_1_100' title="bbox 2273 3741 3894 3816">
     <span class='ocr_line' id='line_1_102' title="bbox 2273 3741 3894 3816; baseline 0.001 -22"><span class='ocrx_word' id='word_1_837' title='bbox 2273 3741 2701 3814; x_wconf 86' lang='grc' dir='ltr'>ἀποκρούονται,</span> <span class='ocrx_word' id='word_1_838' title='bbox 2760 3742 2856 3795; x_wconf 76' lang='grc' dir='ltr'>καὶ</span> <span class='ocrx_word' id='word_1_839' title='bbox 2920 3742 3021 3814; x_wconf 83' lang='grc' dir='ltr'>τήν</span> <span class='ocrx_word' id='word_1_840' title='bbox 3089 3743 3527 3813; x_wconf 78' lang='grc' dir='ltr'>προσγινομένην</span> <span class='ocrx_word' id='word_1_841' title='bbox 3590 3745 3894 3816; x_wconf 78' lang='grc' dir='ltr'>διατηροῦσι</span> 
     </span>
    </p>
   </div>
   <div class='ocr_carea' id='block_1_101' title="bbox 2273 3829 3894 3903">
    <p class='ocr_par' dir='ltr' id='par_1_101' title="bbox 2273 3829 3894 3903">
     <span class='ocr_line' id='line_1_103' title="bbox 2273 3829 3894 3903; baseline 0.001 -21"><span class='ocrx_word' id='word_1_842' title='bbox 2273 3829 2480 3897; x_wconf 89' lang='grc' dir='ltr'>ὑγείαν.</span> <span class='ocrx_word' id='word_1_843' title='bbox 2535 3829 2772 3882; x_wconf 87' lang='grc' dir='ltr'>Τοιαῦτα</span> <span class='ocrx_word' id='word_1_844' title='bbox 2824 3831 2956 3900; x_wconf 79' lang='grc' dir='ltr'>ἡμῖν</span> <span class='ocrx_word' id='word_1_845' title='bbox 2995 3831 3024 3881; x_wconf 86' lang='grc' dir='ltr'>ό</span> <span class='ocrx_word' id='word_1_846' title='bbox 3075 3829 3288 3901; x_wconf 80' lang='grc' dir='ltr'>ἰδιώτης</span> <span class='ocrx_word' id='word_1_847' title='bbox 3333 3831 3593 3884; x_wconf 88' lang='grc' dir='ltr'>κατέλιπε</span> <span class='ocrx_word' id='word_1_848' title='bbox 3642 3835 3894 3903; x_wconf 70' lang='grc' dir='ltr'>φάρμακα</span> 
     </span>
    </p>
   </div>
   <div class='ocr_carea' id='block_1_102' title="bbox 2271 3912 3897 3991">
    <p class='ocr_par' dir='ltr' id='par_1_102' title="bbox 2271 3912 3897 3991">
     <span class='ocr_line' id='line_1_104' title="bbox 2271 3912 3897 3991; baseline 0.001 -21"><span class='ocrx_word' id='word_1_849' title='bbox 2271 3919 2538 3988; x_wconf 85' lang='grc' dir='ltr'>τοσαύτην</span> <span class='ocrx_word' id='word_1_850' title='bbox 2572 3917 2761 3987; x_wconf 77' lang='grc' dir='ltr'>ἔχοντα</span> <span class='ocrx_word' id='word_1_851' title='bbox 2804 3917 3054 3988; x_wconf 89' lang='grc' dir='ltr'>δύναμιν,</span> <span class='ocrx_word' id='word_1_852' title='bbox 3085 3912 3159 3970; x_wconf 83' lang='grc' dir='ltr'>ῶν</span> <span class='ocrx_word' id='word_1_853' title='bbox 3197 3919 3342 3971; x_wconf 77' lang='grc' dir='ltr'>[σα-σι</span> <span class='ocrx_word' id='word_1_854' title='bbox 3384 3919 3482 3990; x_wconf 86' lang='grc' dir='ltr'>τήν</span> <span class='ocrx_word' id='word_1_855' title='bbox 3528 3923 3730 3991; x_wconf 84' lang='grc' dir='ltr'>πεῖραν</span> <span class='ocrx_word' id='word_1_856' title='bbox 3763 3922 3897 3975; x_wconf 78' lang='grc' dir='ltr'>καλὼ</span> 
     </span>
    </p>
   </div>
   <div class='ocr_carea' id='block_1_103' title="bbox 2271 4004 3897 4080">
    <p class='ocr_par' dir='ltr' id='par_1_103' title="bbox 2271 4004 3897 4080">
     <span class='ocr_line' id='line_1_105' title="bbox 2271 4004 3897 4080; baseline 0.001 -22"><span class='ocrx_word' id='word_1_857' title='bbox 2271 4007 2320 4058; x_wconf 90' lang='grc' dir='ltr'>οἰ</span> <span class='ocrx_word' id='word_1_858' title='bbox 2384 4004 2655 4074; x_wconf 84' lang='grc' dir='ltr'>χρώμενοι</span> <span class='ocrx_word' id='word_1_859' title='bbox 2717 4005 2974 4074; x_wconf 86' lang='grc' dir='ltr'>συνεχῶς.</span> <span class='ocrx_word' id='word_1_860' title='bbox 3039 4006 3147 4060; x_wconf 67' lang='grc' dir='ltr'>Καὶ</span> <span class='ocrx_word' id='word_1_861' title='bbox 3211 4007 3293 4058; x_wconf 86' lang='grc' dir='ltr'>ὃτι</span> <span class='ocrx_word' id='word_1_862' title='bbox 3361 4008 3460 4076; x_wconf 80' lang='grc' dir='ltr'>μὲν</span> <span class='ocrx_word' id='word_1_863' title='bbox 3517 4009 3724 4080; x_wconf 81' lang='grc' dir='ltr'>πολλήν</span> <span class='ocrx_word' id='word_1_864' title='bbox 3781 4010 3897 4062; x_wconf 64' lang='grc' dir='ltr'>αὐτὸ</span> 
     </span>
    </p>
   </div>
   <div class='ocr_carea' id='block_1_104' title="bbox 2271 4094 3898 4168">
    <p class='ocr_par' dir='ltr' id='par_1_104' title="bbox 2271 4094 3898 4168">
     <span class='ocr_line' id='line_1_106' title="bbox 2271 4094 3898 4168; baseline 0.001 -20"><span class='ocrx_word' id='word_1_865' title='bbox 2271 4097 2507 4148; x_wconf 83' lang='grc' dir='ltr'>ἐποιεῖτο</span> <span class='ocrx_word' id='word_1_866' title='bbox 2533 4095 2628 4147; x_wconf 85' lang='grc' dir='ltr'>τοῦ</span> <span class='ocrx_word' id='word_1_867' title='bbox 2673 4095 2874 4164; x_wconf 86' lang='grc' dir='ltr'>μέρους</span> <span class='ocrx_word' id='word_1_868' title='bbox 2910 4096 3100 4148; x_wconf 84' lang='grc' dir='ltr'>τούτου</span> <span class='ocrx_word' id='word_1_869' title='bbox 3133 4094 3390 4166; x_wconf 81' lang='grc' dir='ltr'>σπουδὴν,</span> <span class='ocrx_word' id='word_1_870' title='bbox 3425 4099 3487 4150; x_wconf 81' lang='grc' dir='ltr'>ἐκ</span> <span class='ocrx_word' id='word_1_871' title='bbox 3517 4098 3727 4151; x_wconf 89' lang='grc' dir='ltr'>τούτων</span> <span class='ocrx_word' id='word_1_872' title='bbox 3764 4101 3898 4168; x_wconf 65' lang='grc' dir='ltr'>δῆλον</span> 
     </span>
    </p>
   </div>
   <div class='ocr_carea' id='block_1_105' title="bbox 2323 4183 3896 4256">
    <p class='ocr_par' dir='ltr' id='par_1_105' title="bbox 2323 4183 3896 4256">
     <span class='ocr_line' id='line_1_107' title="bbox 2323 4183 3896 4256; baseline 0.001 -17"><span class='ocrx_word' id='word_1_873' title='bbox 2323 4184 2602 4254; x_wconf 83' lang='grc' dir='ltr'>η’.”Ακουε</span> <span class='ocrx_word' id='word_1_874' title='bbox 2615 4183 2671 4236; x_wconf 83' lang='grc' dir='ltr'>δὲ</span> <span class='ocrx_word' id='word_1_875' title='bbox 2690 4183 2875 4252; x_wconf 83' lang='grc' dir='ltr'>καίτῷ</span> <span class='ocrx_word' id='word_1_876' title='bbox 2895 4183 3109 4256; x_wconf 82' lang='grc' dir='ltr'>μαθητῇ</span> <span class='ocrx_word' id='word_1_877' title='bbox 3128 4186 3179 4238; x_wconf 87' lang='grc' dir='ltr'>τί</span> <span class='ocrx_word' id='word_1_878' title='bbox 3199 4203 3362 4255; x_wconf 82' lang='grc' dir='ltr'>φησιν</span> <span class='ocrx_word' id='word_1_879' title='bbox 3379 4188 3735 4241; x_wconf 74' lang='grc' dir='ltr'>ἐπιστέλλωνο</span> <span class='ocrx_word' id='word_1_880' title='bbox 3752 4190 3896 4255; x_wconf 70' lang='grc' dir='ltr'>Ηρόσ</span> 
     </span>
    </p>
   </div>
   <div class='ocr_carea' id='block_1_106' title="bbox 2269 4265 3896 4338">
    <p class='ocr_par' dir='ltr' id='par_1_106' title="bbox 2269 4265 3896 4338">
     <span class='ocr_line' id='line_1_108' title="bbox 2269 4265 3896 4338; baseline 0.001 -18"><span class='ocrx_word' id='word_1_881' title='bbox 2269 4284 2372 4336; x_wconf 84' lang='grc' dir='ltr'>εχε</span> <span class='ocrx_word' id='word_1_882' title='bbox 2403 4265 2478 4334; x_wconf 78' lang='grc' dir='ltr'>τῇ</span> <span class='ocrx_word' id='word_1_883' title='bbox 2507 4266 2865 4336; x_wconf 76' lang='grc' dir='ltr'>ἀναγνώσει,</span> <span class='ocrx_word' id='word_1_884' title='bbox 2900 4266 2974 4335; x_wconf 77' lang='grc' dir='ltr'>τῇ</span> <span class='ocrx_word' id='word_1_885' title='bbox 3009 4269 3410 4336; x_wconf 74' lang='grc' dir='ltr'>παρακλήσει.</span> <span class='ocrx_word' id='word_1_886' title='bbox 3443 4269 3516 4337; x_wconf 76' lang='grc' dir='ltr'>τῇ</span> <span class='ocrx_word' id='word_1_887' title='bbox 3548 4270 3896 4338; x_wconf 67' lang='grc' dir='ltr'>διδασκαλίᾳ</span> 
     </span>
    </p>
   </div>
   <div class='ocr_carea' id='block_1_107' title="bbox 2271 4356 3896 4428">
    <p class='ocr_par' dir='ltr' id='par_1_107' title="bbox 2271 4356 3896 4428">
     <span class='ocr_line' id='line_1_109' title="bbox 2271 4356 3896 4428; baseline -0.001 -18"><span class='ocrx_word' id='word_1_888' title='bbox 2271 4357 2382 4410; x_wconf 74' lang='grc' dir='ltr'>Καὶ</span> <span class='ocrx_word' id='word_1_889' title='bbox 2407 4356 2499 4408; x_wconf 83' lang='grc' dir='ltr'>τὸν</span> <span class='ocrx_word' id='word_1_890' title='bbox 2529 4357 2640 4408; x_wconf 79' lang='grc' dir='ltr'>ἀπὸ</span> <span class='ocrx_word' id='word_1_891' title='bbox 2679 4356 2868 4409; x_wconf 89' lang='grc' dir='ltr'>τούτου</span> <span class='ocrx_word' id='word_1_892' title='bbox 2909 4357 3121 4427; x_wconf 84' lang='grc' dir='ltr'>καρπὸν</span> <span class='ocrx_word' id='word_1_893' title='bbox 3153 4359 3474 4428; x_wconf 87' lang='grc' dir='ltr'>προστίθησι</span> <span class='ocrx_word' id='word_1_894' title='bbox 3519 4360 3728 4428; x_wconf 83' lang='grc' dir='ltr'>λέγων·</span> <span class='ocrx_word' id='word_1_895' title='bbox 3764 4365 3820 4413; x_wconf 78' lang='grc' dir='ltr'>Τι</span> <span class='ocrx_word' id='word_1_896' title='bbox 3835 4360 3896 4411; x_wconf 56' lang='lat' dir='ltr'>ﬁt.</span> 
     </span>
    </p>
   </div>
   <div class='ocr_carea' id='block_1_108' title="bbox 2269 4443 3896 4523">
    <p class='ocr_par' dir='ltr' id='par_1_108' title="bbox 2269 4443 3896 4523">
     <span class='ocr_line' id='line_1_110' title="bbox 2269 4443 3896 4523; baseline 0.002 -27"><span class='ocrx_word' id='word_1_897' title='bbox 2269 4446 2379 4523; x_wconf 70' lang='grc' dir='ltr'>γᾴρ</span> <span class='ocrx_word' id='word_1_898' title='bbox 2406 4443 2594 4498; x_wconf 81' lang='grc' dir='ltr'>,ποιῶν</span> <span class='ocrx_word' id='word_1_899' title='bbox 2619 4443 2717 4497; x_wconf 82' lang='grc' dir='ltr'>καί</span> <span class='ocrx_word' id='word_1_900' title='bbox 2753 4446 3017 4498; x_wconf 66' lang='grc' dir='ltr'>σεαυτὸν</span> <span class='ocrx_word' id='word_1_901' title='bbox 3044 4445 3264 4512; x_wconf 78' lang='grc' dir='ltr'>σώσεις</span> <span class='ocrx_word' id='word_1_902' title='bbox 3291 4447 3388 4500; x_wconf 82' lang='grc' dir='ltr'>καί</span> <span class='ocrx_word' id='word_1_903' title='bbox 3427 4448 3565 4513; x_wconf 84' lang='grc' dir='ltr'>τοὺς</span> <span class='ocrx_word' id='word_1_904' title='bbox 3606 4446 3896 4503; x_wconf 73' lang='grc' dir='ltr'>ἀκούοντά</span> 
     </span>
    </p>
   </div>
   <div class='ocr_carea' id='block_1_109' title="bbox 2269 4532 3895 4606">
    <p class='ocr_par' dir='ltr' id='par_1_109' title="bbox 2269 4532 3895 4606">
     <span class='ocr_line' id='line_1_111' title="bbox 2269 4532 3895 4606; baseline 0.002 -20"><span class='ocrx_word' id='word_1_905' title='bbox 2269 4549 2406 4588; x_wconf 82' lang='grc' dir='ltr'>σου.</span> <span class='ocrx_word' id='word_1_906' title='bbox 2441 4533 2550 4585; x_wconf 71' lang='grc' dir='ltr'>Καὶ</span> <span class='ocrx_word' id='word_1_907' title='bbox 2585 4532 2773 4586; x_wconf 80' lang='grc' dir='ltr'>πάλιν’</span> <span class='ocrx_word' id='word_1_908' title='bbox 2804 4533 3036 4587; x_wconf 77' lang='grc' dir='ltr'>Δοῦ.ὶον</span> <span class='ocrx_word' id='word_1_909' title='bbox 3055 4533 3124 4586; x_wconf 81' lang='grc' dir='ltr'>δὲ</span> <span class='ocrx_word' id='word_1_910' title='bbox 3154 4536 3375 4603; x_wconf 78' lang='grc' dir='ltr'>Κυρίου</span> <span class='ocrx_word' id='word_1_911' title='bbox 3401 4539 3472 4589; x_wconf 89' lang='grc' dir='ltr'>οὺ</span> <span class='ocrx_word' id='word_1_912' title='bbox 3502 4536 3597 4590; x_wconf 85' lang='grc' dir='ltr'>δεῖ</span> <span class='ocrx_word' id='word_1_913' title='bbox 3614 4538 3895 4606; x_wconf 78' lang='grc' dir='ltr'>μάχεσθαι</span> 
     </span>
    </p>
   </div>
   <div class='ocr_carea' id='block_1_110' title="bbox 2268 4616 3892 4689">
    <p class='ocr_par' dir='ltr' id='par_1_110' title="bbox 2268 4616 3892 4689">
     <span class='ocr_line' id='line_1_112' title="bbox 2268 4616 3892 4689; baseline 0.002 -16"><span class='ocrx_word' id='word_1_914' title='bbox 2268 4620 2405 4674; x_wconf 68' lang='grc' dir='ltr'>ἀλλ’</span> <span class='ocrx_word' id='word_1_915' title='bbox 2432 4620 2617 4689; x_wconf 77' lang='grc' dir='ltr'>ἤπιον</span> <span class='ocrx_word' id='word_1_916' title='bbox 2649 4616 2801 4673; x_wconf 71' lang='grc' dir='ltr'>εἶναι</span> <span class='ocrx_word' id='word_1_917' title='bbox 2845 4619 2996 4688; x_wconf 77' lang='grc' dir='ltr'>πρὸς</span> <span class='ocrx_word' id='word_1_918' title='bbox 3029 4622 3280 4688; x_wconf 75' lang='grc' dir='ltr'>πάντας,</span> <span class='ocrx_word' id='word_1_919' title='bbox 3321 4621 3691 4686; x_wconf 72' lang='grc' dir='ltr'>διδακτικόν,</span> <span class='ocrx_word' id='word_1_920' title='bbox 3737 4625 3892 4688; x_wconf 72' lang='grc' dir='ltr'>ἀνεξί</span> 
     </span>
    </p>
   </div>
   <div class='ocr_carea' id='block_1_111' title="bbox 2269 4707 3893 4785">
    <p class='ocr_par' dir='ltr' id='par_1_111' title="bbox 2269 4707 3893 4785">
     <span class='ocr_line' id='line_1_113' title="bbox 2269 4707 3893 4785; baseline 0.004 -25"><span class='ocrx_word' id='word_1_921' title='bbox 2269 4726 2476 4763; x_wconf 78' lang='grc' dir='ltr'>κακον.</span> <span class='ocrx_word' id='word_1_922' title='bbox 2509 4708 2616 4760; x_wconf 76' lang='grc' dir='ltr'>Καὶ</span> <span class='ocrx_word' id='word_1_923' title='bbox 2651 4707 2855 4776; x_wconf 84' lang='grc' dir='ltr'>προῖὼν</span> <span class='ocrx_word' id='word_1_924' title='bbox 2883 4707 2941 4760; x_wconf 87' lang='grc' dir='ltr'>δέ</span> <span class='ocrx_word' id='word_1_925' title='bbox 2973 4725 3135 4778; x_wconf 72' lang='grc' dir='ltr'>φησιο</span> <span class='ocrx_word' id='word_1_926' title='bbox 3168 4709 3258 4762; x_wconf 53' lang='grc' dir='ltr'>Σὺν</span> <span class='ocrx_word' id='word_1_927' title='bbox 3292 4709 3360 4762; x_wconf 82' lang='grc' dir='ltr'>δὲ</span> <span class='ocrx_word' id='word_1_928' title='bbox 3395 4709 3542 4778; x_wconf 79' lang='grc' dir='ltr'>μένε</span> <span class='ocrx_word' id='word_1_929' title='bbox 3575 4713 3649 4764; x_wconf 76' lang='grc' dir='ltr'>ἐν</span> <span class='ocrx_word' id='word_1_930' title='bbox 3679 4714 3769 4780; x_wconf 78' lang='grc' dir='ltr'>οἷς</span> <span class='ocrx_word' id='word_1_931' title='bbox 3794 4714 3893 4785; x_wconf 68' lang='grc' dir='ltr'>ἐμω</span> 
     </span>
    </p>
   </div>
   <div class='ocr_carea' id='block_1_112' title="bbox 2269 4795 3894 4869">
    <p class='ocr_par' dir='ltr' id='par_1_112' title="bbox 2269 4795 3894 4869">
     <span class='ocr_line' id='line_1_114' title="bbox 2269 4795 3894 4869; baseline 0.004 -20"><span class='ocrx_word' id='word_1_932' title='bbox 2269 4799 2370 4860; x_wconf 84' lang='grc' dir='ltr'>θες</span> <span class='ocrx_word' id='word_1_933' title='bbox 2396 4795 2491 4848; x_wconf 78' lang='grc' dir='ltr'>καὶ</span> <span class='ocrx_word' id='word_1_934' title='bbox 2518 4796 2878 4862; x_wconf 82' lang='grc' dir='ltr'>ἐπιστεύθης</span> <span class='ocrx_word' id='word_1_935' title='bbox 2900 4805 2945 4858; x_wconf 78' lang='lat'>8,</span> <span class='ocrx_word' id='word_1_936' title='bbox 2979 4796 3150 4860; x_wconf 81' lang='grc' dir='ltr'>εἰδὼς</span> <span class='ocrx_word' id='word_1_937' title='bbox 3187 4798 3347 4865; x_wconf 77' lang='grc' dir='ltr'>παρὰ</span> <span class='ocrx_word' id='word_1_938' title='bbox 3378 4799 3538 4864; x_wconf 81' lang='grc' dir='ltr'>τίνος</span> <span class='ocrx_word' id='word_1_939' title='bbox 3573 4801 3810 4869; x_wconf 75' lang='grc' dir='ltr'>ἔμαθες,</span> <span class='ocrx_word' id='word_1_940' title='bbox 3835 4817 3894 4856; x_wconf 73' lang='grc' dir='ltr'>κα</span> 
     </span>
    </p>
   </div>
   <div class='ocr_carea' id='block_1_113' title="bbox 2269 4883 3893 4954">
    <p class='ocr_par' dir='ltr' id='par_1_113' title="bbox 2269 4883 3893 4954">
     <span class='ocr_line' id='line_1_115' title="bbox 2269 4883 3893 4954; baseline 0.005 -20"><span class='ocrx_word' id='word_1_941' title='bbox 2269 4885 2354 4936; x_wconf 76' lang='grc' dir='ltr'>ὅτι</span> <span class='ocrx_word' id='word_1_942' title='bbox 2397 4883 2514 4937; x_wconf 79' lang='grc' dir='ltr'>ἀπὸ</span> <span class='ocrx_word' id='word_1_943' title='bbox 2544 4883 2813 4952; x_wconf 58' lang='grc' dir='ltr'>βρέφους</span> <span class='ocrx_word' id='word_1_944' title='bbox 2841 4885 2912 4938; x_wconf 81' lang='grc' dir='ltr'>τὰ</span> <span class='ocrx_word' id='word_1_945' title='bbox 2939 4884 3065 4953; x_wconf 70' lang='grc' dir='ltr'>ἱερὰ</span> <span class='ocrx_word' id='word_1_946' title='bbox 3095 4885 3400 4954; x_wconf 75' lang='grc' dir='ltr'>γράμματα</span> <span class='ocrx_word' id='word_1_947' title='bbox 3428 4883 3615 4952; x_wconf 79' lang='grc' dir='ltr'>οἶδας.</span> <span class='ocrx_word' id='word_1_948' title='bbox 3649 4891 3722 4943; x_wconf 78' lang='grc' dir='ltr'>τὰ</span> <span class='ocrx_word' id='word_1_949' title='bbox 3759 4888 3893 4943; x_wconf 71' lang='grc' dir='ltr'>δυνᾶ</span> 
     </span>
    </p>
   </div>
   <div class='ocr_carea' id='block_1_114' title="bbox 2263 4968 3894 5039">
    <p class='ocr_par' dir='ltr' id='par_1_114' title="bbox 2263 4968 3894 5039">
     <span class='ocr_line' id='line_1_116' title="bbox 2263 4968 3894 5039; baseline 0.006 -18"><span class='ocrx_word' id='word_1_950' title='bbox 2263 4968 2419 5038; x_wconf 78' lang='grc' dir='ltr'>μενά</span> <span class='ocrx_word' id='word_1_951' title='bbox 2464 4987 2538 5023; x_wconf 88' lang='grc' dir='ltr'>σε</span> <span class='ocrx_word' id='word_1_952' title='bbox 2577 4971 2830 5039; x_wconf 66' lang='grc' dir='ltr'>σοφίσαι</span> <span class='ocrx_word' id='word_1_953' title='bbox 2870 4974 2957 5036; x_wconf 76' lang='grc' dir='ltr'>εἰς</span> <span class='ocrx_word' id='word_1_954' title='bbox 2997 4974 3319 5038; x_wconf 83' lang='grc' dir='ltr'>σωτηρίαν.</span> <span class='ocrx_word' id='word_1_955' title='bbox 3370 4975 3478 5026; x_wconf 79' lang='grc' dir='ltr'>Καὶ</span> <span class='ocrx_word' id='word_1_956' title='bbox 3525 4975 3724 5028; x_wconf 73' lang='grc' dir='ltr'>πάλινσ</span> <span class='ocrx_word' id='word_1_957' title='bbox 3766 4977 3894 5031; x_wconf 76' lang='lat' dir='ltr'><strong><em>(hic:</em></strong></span> 
     </span>
    </p>
   </div>
   <div class='ocr_carea' id='block_1_115' title="bbox 2267 5059 3893 5133">
    <p class='ocr_par' dir='ltr' id='par_1_115' title="bbox 2267 5059 3893 5133">
     <span class='ocr_line' id='line_1_117' title="bbox 2267 5059 3893 5133; baseline 0.003 -23"><span class='ocrx_word' id='word_1_958' title='bbox 2267 5059 2480 5126; x_wconf 58' lang='grc' dir='ltr'>Γραρὴ</span> <span class='ocrx_word' id='word_1_959' title='bbox 2521 5062 2945 5124; x_wconf 77' lang='grc' dir='ltr'>θεόπνευστος,</span> <span class='ocrx_word' id='word_1_960' title='bbox 2983 5061 3137 5128; x_wconf 81' lang='grc' dir='ltr'>φησί,</span> <span class='ocrx_word' id='word_1_961' title='bbox 3178 5060 3275 5113; x_wconf 79' lang='grc' dir='ltr'>καί</span> <span class='ocrx_word' id='word_1_962' title='bbox 3319 5061 3617 5131; x_wconf 64' lang='grc' dir='ltr'>ὠφέλιμος</span> <span class='ocrx_word' id='word_1_963' title='bbox 3666 5065 3810 5133; x_wconf 75' lang='grc' dir='ltr'>πρὸς</span> <span class='ocrx_word' id='word_1_964' title='bbox 3843 5065 3893 5115; x_wconf 80' lang='grc' dir='ltr'>δι·</span> 
     </span>
    </p>
   </div>
   <div class='ocr_carea' id='block_1_116' title="bbox 2267 5146 3894 5217">
    <p class='ocr_par' dir='ltr' id='par_1_116' title="bbox 2267 5146 3894 5217">
     <span class='ocr_line' id='line_1_118' title="bbox 2267 5146 3894 5217; baseline 0.002 -19"><span class='ocrx_word' id='word_1_965' title='bbox 2267 5146 2626 5210; x_wconf 77' lang='grc' dir='ltr'>δασκιιλίαν,</span> <span class='ocrx_word' id='word_1_966' title='bbox 2659 5147 2806 5215; x_wconf 78' lang='grc' dir='ltr'>πρὸς</span> <span class='ocrx_word' id='word_1_967' title='bbox 2833 5147 3109 5215; x_wconf 76' lang='grc' dir='ltr'>ἔλεγχον,</span> <span class='ocrx_word' id='word_1_968' title='bbox 3140 5149 3289 5215; x_wconf 79' lang='grc' dir='ltr'>πρὸς</span> <span class='ocrx_word' id='word_1_969' title='bbox 3320 5149 3754 5217; x_wconf 75' lang='grc' dir='ltr'>ἐπανόρθωσιν,</span> <span class='ocrx_word' id='word_1_970' title='bbox 3787 5150 3894 5217; x_wconf 59' lang='grc' dir='ltr'>πμίι</span> 
     </span>
    </p>
   </div>
   <div class='ocr_carea' id='block_1_117' title="bbox 2267 5235 3892 5311">
    <p class='ocr_par' dir='ltr' id='par_1_117' title="bbox 2267 5235 3892 5311">
     <span class='ocr_line' id='line_1_119' title="bbox 2267 5235 3892 5311; baseline 0.002 -24"><span class='ocrx_word' id='word_1_971' title='bbox 2267 5235 2590 5288; x_wconf 77' lang='grc' dir='ltr'>παίδευσιν</span> <span class='ocrx_word' id='word_1_972' title='bbox 2613 5236 2641 5276; x_wconf 73' lang='grc' dir='ltr'>ιι</span> <span class='ocrx_word' id='word_1_973' title='bbox 2678 5235 2793 5302; x_wconf 79' lang='grc' dir='ltr'>τὴν</span> <span class='ocrx_word' id='word_1_974' title='bbox 2826 5236 2895 5288; x_wconf 81' lang='grc' dir='ltr'>ἐν</span> <span class='ocrx_word' id='word_1_975' title='bbox 2918 5236 3294 5304; x_wconf 80' lang='grc' dir='ltr'>δικαιοσύνῃ,</span> <span class='ocrx_word' id='word_1_976' title='bbox 3325 5238 3423 5291; x_wconf 82' lang='grc' dir='ltr'>ἵνα</span> <span class='ocrx_word' id='word_1_977' title='bbox 3453 5239 3656 5306; x_wconf 77' lang='grc' dir='ltr'>ἄρτιος</span> <span class='ocrx_word' id='word_1_978' title='bbox 3693 5237 3732 5311; x_wconf 80' lang='grc' dir='ltr'><em>ᾖ</em></span> <span class='ocrx_word' id='word_1_979' title='bbox 3761 5245 3791 5293; x_wconf 77' lang='grc' dir='ltr'><em>ὁ</em></span> <span class='ocrx_word' id='word_1_980' title='bbox 3827 5237 3892 5290; x_wconf 76' lang='grc' dir='ltr'>τοί</span> 
     </span>
    </p>
   </div>
   <div class='ocr_carea' id='block_1_118' title="bbox 2269 5323 3892 5399">
    <p class='ocr_par' dir='ltr' id='par_1_118' title="bbox 2269 5323 3892 5399">
     <span class='ocr_line' id='line_1_120' title="bbox 2269 5323 3892 5399; baseline 0.001 -23"><span class='ocrx_word' id='word_1_981' title='bbox 2269 5324 2417 5377; x_wconf 85' lang='grc' dir='ltr'>Θεοῦ</span> <span class='ocrx_word' id='word_1_982' title='bbox 2443 5323 2774 5391; x_wconf 75' lang='grc' dir='ltr'>ἅνθρωπος.</span> <span class='ocrx_word' id='word_1_983' title='bbox 2808 5326 3006 5376; x_wconf 80' lang='grc' dir='ltr'>Ἀκουε</span> <span class='ocrx_word' id='word_1_984' title='bbox 3040 5323 3096 5376; x_wconf 83' lang='grc' dir='ltr'>δὲ</span> <span class='ocrx_word' id='word_1_985' title='bbox 3127 5326 3220 5377; x_wconf 76' lang='grc' dir='ltr'>καὶ</span> <span class='ocrx_word' id='word_1_986' title='bbox 3255 5325 3333 5395; x_wconf 82' lang='grc' dir='ltr'>τῷ</span> <span class='ocrx_word' id='word_1_987' title='bbox 3362 5326 3508 5396; x_wconf 79' lang='grc' dir='ltr'>Τίτῳ</span> <span class='ocrx_word' id='word_1_988' title='bbox 3536 5329 3666 5399; x_wconf 86' lang='grc' dir='ltr'>περί</span> <span class='ocrx_word' id='word_1_989' title='bbox 3695 5329 3789 5397; x_wconf 73' lang='grc' dir='ltr'>τῆς</span> <span class='ocrx_word' id='word_1_990' title='bbox 3822 5325 3892 5378; x_wconf 56' lang='grc' dir='ltr'>τᾶν</span> 
     </span>
    </p>
   </div>
   <div class='ocr_carea' id='block_1_119' title="bbox 2267 5411 3874 5485">
    <p class='ocr_par' dir='ltr' id='par_1_119' title="bbox 2267 5411 3874 5485">
     <span class='ocr_line' id='line_1_121' title="bbox 2267 5411 3874 5485; baseline 0.001 -23"><span class='ocrx_word' id='word_1_991' title='bbox 2267 5411 2582 5463; x_wconf 81' lang='grc' dir='ltr'>ἐπισκόπων</span> <span class='ocrx_word' id='word_1_992' title='bbox 2625 5413 3012 5474; x_wconf 80' lang='grc' dir='ltr'>καταστάσεως</span> <span class='ocrx_word' id='word_1_993' title='bbox 3075 5411 3457 5483; x_wconf 72' lang='grc' dir='ltr'>διαλεγόμενος</span> <span class='ocrx_word' id='word_1_994' title='bbox 3504 5414 3560 5467; x_wconf 86' lang='grc' dir='ltr'>τί</span> <span class='ocrx_word' id='word_1_995' title='bbox 3607 5415 3874 5485; x_wconf 66' lang='grc' dir='ltr'>προτίθητι</span> 
     </span>
    </p>
   </div>
   <div class='ocr_carea' id='block_1_120' title="bbox 2323 5638 3231 5701">
    <p class='ocr_par' dir='ltr' id='par_1_120' title="bbox 2323 5638 3231 5701">
     <span class='ocr_line' id='line_1_122' title="bbox 2323 5638 3231 5701; baseline 0.002 -14"><span class='ocrx_word' id='word_1_996' title='bbox 2323 5642 2346 5701; x_wconf 58' lang='lat'>9</span> <span class='ocrx_word' id='word_1_997' title='bbox 2379 5640 2612 5701; x_wconf 83' lang='grc' dir='ltr'>Ἐσχάτης</span> <span class='ocrx_word' id='word_1_998' title='bbox 2633 5639 2777 5686; x_wconf 74' lang='lat' dir='ltr'>deest</span> <span class='ocrx_word' id='word_1_999' title='bbox 2799 5640 2845 5686; x_wconf 84' lang='lat' dir='ltr'><strong>in</strong></span> <span class='ocrx_word' id='word_1_1000' title='bbox 2874 5638 3096 5699; x_wconf 83' lang='lat' dir='ltr'>plurimis</span> <span class='ocrx_word' id='word_1_1001' title='bbox 3120 5653 3231 5701; x_wconf 68' lang='lat' dir='ltr'><strong>mss,</strong></span> 
     </span>
    </p>
   </div>
   <div class='ocr_carea' id='block_1_121' title="bbox 2334 5699 3222 5762">
    <p class='ocr_par' dir='ltr' id='par_1_121' title="bbox 2334 5699 3222 5762">
     <span class='ocr_line' id='line_1_123' title="bbox 2334 5699 3222 5762; baseline 0.003 -14"><span class='ocrx_word' id='word_1_1002' title='bbox 2334 5700 2352 5738; x_wconf 68' lang='grc' dir='ltr'>ί</span> <span class='ocrx_word' id='word_1_1003' title='bbox 2378 5699 2525 5750; x_wconf 66' lang='grc' dir='ltr'>83ιῖ1.</span> <span class='ocrx_word' id='word_1_1004' title='bbox 2550 5702 2824 5762; x_wconf 83' lang='grc' dir='ltr'>θαυμασίων</span> <span class='ocrx_word' id='word_1_1005' title='bbox 2849 5702 3056 5760; x_wconf 81' lang='grc' dir='ltr'>ἐκείνων,</span> <span class='ocrx_word' id='word_1_1006' title='bbox 3082 5703 3178 5752; x_wconf 79' lang='grc' dir='ltr'>καί.</span> <span class='ocrx_word' id='word_1_1007' title='bbox 3213 5699 3222 5704; x_wconf 68' lang='grc'><em>’</em></span> 
     </span>
    </p>
   </div>
   <div class='ocr_carea' id='block_1_122' title="bbox 2330 5763 2777 5817">
    <p class='ocr_par' dir='ltr' id='par_1_122' title="bbox 2330 5763 2777 5817">
     <span class='ocr_line' id='line_1_124' title="bbox 2330 5763 2777 5817; baseline -0.004 -5"><span class='ocrx_word' id='word_1_1008' title='bbox 2330 5766 2352 5801; x_wconf 72' lang='grc' dir='ltr'><strong>Β</strong></span> <span class='ocrx_word' id='word_1_1009' title='bbox 2380 5763 2476 5811; x_wconf 76' lang='lat' dir='ltr'>Alii</span> <span class='ocrx_word' id='word_1_1010' title='bbox 2500 5763 2777 5817; x_wconf 78' lang='grc' dir='ltr'>ἐπιστώθης.</span> 
     </span>
    </p>
   </div>
   <div class='ocr_carea' id='block_1_123' title="bbox 2329 5824 2869 5888">
    <p class='ocr_par' dir='ltr' id='par_1_123' title="bbox 2329 5824 2869 5888">
     <span class='ocr_line' id='line_1_125' title="bbox 2329 5824 2869 5888; baseline -0.004 -13"><span class='ocrx_word' id='word_1_1011' title='bbox 2329 5824 2355 5864; x_wconf 70' lang='lat' dir='ltr'><strong>h</strong></span> <span class='ocrx_word' id='word_1_1012' title='bbox 2378 5826 2478 5880; x_wconf 70' lang='lat' dir='ltr'>Alﬁ</span> <span class='ocrx_word' id='word_1_1013' title='bbox 2501 5825 2615 5888; x_wconf 81' lang='grc' dir='ltr'>πρὸς</span> <span class='ocrx_word' id='word_1_1014' title='bbox 2638 5825 2869 5874; x_wconf 78' lang='grc' dir='ltr'>παιδείαν.</span> 
     </span>
    </p>
   </div>
  </div>
