3922 6232
57 354 158 409 669

54 474 188 521 entta
217 480 431 537 quoque
459 474 596 520 terra
628 471 848 519 noverat
872 506 886 527 .
918 462 1044 520 dum
1079 480 1200 522 eum
1240 481 1383 537 sape
1410 468 1626 538 pericli-

60 569 252 613 tantem
297 559 621 626 excipiebat.
669 559 841 613 Omne
879 560 1075 630 quippe
1116 574 1284 630 genus
1321 560 1629 615 insidiarum

56 652 187 711 tulit.
214 659 271 704 et
294 665 510 705 onmem
540 651 773 705 victoria:
798 650 1010 705 modum
1036 658 1285 719 expertus
1314 660 1419 717 est,
1446 666 1509 705 ac
1537 667 1631 706 ne-

56 759 152 812 que
176 743 526 797 certaminum
555 756 725 813 neque
752 756 1066 797 coronarum
1093 741 1253 795 linem
1282 742 1498 795 invenit.
1529 742 1630 796 Ve-

55 850 163 887 rum
205 834 389 887 nescio
430 849 535 901 quo
574 844 728 901 pacto
768 848 833 886 eo
870 833 1100 886 animum
1136 831 1343 902 appuli,
1372 846 1429 887 ut
1456 833 1626 889 virum

54 924 366 977 Contumelia
395 922 687 977 afticerem.
718 922 876 979 Gesta
903 924 1097 992 quippe
1128 924 1244 994 ejus
1272 940 1484 978 omnem
1513 940 1626 980 scr-

55 1032 256 1069 mortem
288 1026 541 1083 superant
566 1056 582 1077 ,
610 1031 782 1069 meum
814 1031 941 1071 vero
968 1026 1172 1070 tantum
1198 1059 1213 1081 ο
1244 1028 1494 1087 quantum
1528 1035 1626 1074 I105

52 1116 291 1174 superant
320 1106 534 1161 dicendi
566 1108 741 1175 periti.
775 1109 1017 1161 Attamen
1053 1123 1118 1162 ne
1142 1107 1219 1162 sic
1243 1110 1458 1177 quidem
1488 1110 1623 1179 (nc-

52 1211 144 1263 quo
179 1196 321 1249 enim
362 1198 431 1250 ab
458 1196 623 1260 exitu,
656 1197 748 1251 sed
790 1211 820 1250 a
866 1197 1134 1251 voluntate
1176 1197 1360 1252 beatus
1402 1200 1488 1255 ille
1527 1214 1623 1253 nos

54 1285 327 1355 metitur),
362 1300 471 1341 non
511 1287 733 1340 cessabo
772 1286 942 1340 donec
982 1286 1082 1340 hoc
1116 1286 1408 1353 addiderim
1435 1330 1448 1353 ,
1480 1290 1621 1359 quod

52 1387 185 1430 tanto
213 1376 558 1446 praestantius
594 1384 678 1431 est
712 1391 871 1445 supra
900 1377 1059 1432 dictis
1080 1417 1096 1439 ,
1131 1386 1327 1447 quanto
1364 1379 1453 1434 ille
1482 1395 1621 1448 pra!-

50 1470 263 1524 stantior
280 1470 533 1524 omnibus
552 1469 872 1525 hominibus.
900 1468 1034 1537 Quid
1064 1471 1189 1525 illud
1218 1471 1336 1525 est?
1360 1472 1487 1527 Post
1513 1482 1619 1528 tam

50 1560 201 1614 multa
238 1560 454 1630 egregia
486 1558 717 1615 facinora
743 1600 759 1622 ,
788 1568 908 1628 post
943 1560 1246 1616 innumeras
1275 1576 1498 1618 coronas
1518 1602 1537 1630 ,
1566 1565 1618 1618 in

48 1656 331 1720 gehennam
361 1652 529 1714 abire,
559 1660 613 1705 et
639 1662 839 1705 artemo
870 1651 1003 1706 tradi
1030 1653 1289 1722 supplicio
1311 1654 1533 1723 optavit,
1561 1664 1621 1712 ut

47 1742 224 1805 Judaei,
250 1744 344 1812 qui
374 1742 549 1811 ipsum
574 1756 713 1810 saepe
730 1740 1109 1811 lapidaverant,
1128 1743 1254 1810 imo,
1280 1754 1533 1814 quantum
1561 1745 1617 1801 in

48 1836 160 1901 ipsis
178 1844 318 1899 erat,
338 1833 665 1899 occiderant,
689 1833 820 1889 salvi
842 1843 1022 1889 essent
1039 1844 1093 1889 et
1110 1835 1175 1889 ad
1192 1835 1455 1891 Christum
1474 1852 1619 1893 acce-

45 1927 217 1980 derent
238 1926 421 1995 (Rom.
440 1926 496 1980 9.
514 1926 592 1995 5).
610 1925 740 1994 Quis
757 1926 824 1980 ita
846 1926 1112 1981 Christum
1134 1928 1360 1982 amavit?
1376 1929 1419 1984 si
1439 1938 1614 1985 tamen

46 2016 89 2067 id
106 2030 256 2069 amor
274 2015 558 2071 dicendum
576 2027 677 2080 est,
694 2024 750 2070 et
764 2032 870 2069 non
888 2018 1153 2087 quidpiam
1171 2034 1351 2074 amore
1367 2031 1617 2090 prmstan-

44 2108 149 2159 tius.
186 2106 439 2161 Etiamne
475 2107 631 2176 igitur
666 2122 764 2162 nos
797 2107 939 2175 ipsos
972 2124 1092 2163 cum
1119 2109 1212 2163 illo
1233 2110 1563 2166 conferemus
1594 2152 1613 2180 ,

45 2207 146 2267 post
176 2206 384 2252 tantam
409 2213 567 2268 quam
594 2199 795 2253 caelitus
823 2200 1024 2268 accepit
1058 2202 1280 2269 gratiam
1305 2243 1320 2267 ,
1349 2212 1469 2272 post
1494 2212 1612 2259 tan-

46 2303 135 2343 Lam
161 2291 417 2344 virtutem
442 2330 460 2354 ,
485 2305 641 2359 quam
671 2306 739 2346 ex
767 2291 942 2360 seipso
966 2291 1252 2349 exhibuit?
1291 2294 1490 2368 Ecquid
1521 2298 1615 2357 illo

42 2381 320 2434 audacius?
357 2380 510 2448 Quod
539 2391 719 2438 autem
747 2396 852 2443 non
882 2387 1017 2443 adeo
1046 2389 1205 2444 idiota
1236 2390 1408 2452 fuerit.
1434 2401 1489 2446 ut
1513 2393 1613 2462 ipsi

44 2476 376 2545 arbitrantur,
402 2473 585 2548 idjam
606 2490 1025 2538 commonstrare
1053 2484 1343 2553 aggrediar.
1377 2484 1439 2539 Hi
1468 2486 1611 2540 enim

40 2581 134 2623 non
150 2569 310 2624 modo
327 2570 547 2626 idiotam
566 2582 917 2640 vocanteum,
935 2575 1025 2645 qui
1046 2575 1097 2629 in
1118 2584 1454 2631 externarum
1487 2578 1610 2633 lite-

38 2676 203 2715 rarum
222 2662 511 2732 prmstigiis
533 2678 637 2716 non
661 2665 980 2719 exercitatus
1000 2665 1175 2733 fuerit,
1200 2666 1292 2722 sed
1309 2670 1465 2722 etiam
1487 2684 1608 2723 eum

37 2752 118 2815 qui
158 2768 253 2819 pro
282 2754 431 2807 veris
468 2752 804 2822 dogmatibus
832 2770 1071 2826 pugnare
1099 2758 1304 2812 nesciat
1334 2775 1348 2811 :
1376 2774 1438 2813 ac
1465 2769 1609 2815 recte

36 2841 261 2909 quidem.
291 2844 358 2896 At
388 2843 584 2898 Paulus
612 2860 715 2898 non
749 2846 1025 2915 utrobique
1053 2862 1114 2903 se
1142 2847 1357 2903 idiotam
1385 2850 1604 2918 proﬁte-

42 2942 137 2993 tur,
158 2932 250 2986 sed
273 2933 326 2986 in
356 2933 545 2986 horum
566 2934 735 2988 altero
756 2943 978 2989 tantum.
1002 2936 1069 2991 Et
1088 2946 1145 2991 ut
1170 2938 1220 2991 id
1245 2940 1602 3006 continuaret,

34 3022 417 3077 distinctionem
445 3035 690 3079 accurate
716 3026 928 3094 posuit,
958 3040 1077 3081 cum
1106 3026 1329 3094 diceret,
1356 3044 1605 3085 sermone

36 3130 87 3168 se
112 3115 324 3169 idiotam
345 3130 488 3181 esse,
520 3116 612 3171 sed
645 3132 747 3172 non
775 3118 1076 3188 cognitione
1107 3120 1201 3189 (2.
1231 3119 1349 3176 Cor.
1379 3122 1466 3176 11.
1498 3123 1531 3178 6
1559 3124 1599 3192 ).

35 3207 161 3261 Sane
184 3207 227 3260 si
255 3205 502 3262 Isocratis
525 3207 760 3276 leporem
792 3210 808 3241 ¹
836 3211 1122 3281 exigerem,
1150 3213 1196 3266 si
1229 3212 1603 3271 Demosthenis

36 3311 267 3364 acumen,
297 3300 342 3352 si
369 3298 695 3369 Thucydidis
720 3302 1030 3369 gravitatem
1050 3343 1067 3369 ,
1095 3304 1140 3358 si
1167 3303 1401 3360 Platonis
1427 3306 1598 3362 subli-

34 3390 295 3456 tilitatem,
327 3390 430 3444 hoc
466 3390 613 3445 Pauli
642 3392 1000 3449 testimonium
1027 3396 1081 3450 in
1110 3397 1337 3452 medium
1368 3398 1597 3455 adcreu-

30 3479 142 3532 dum
174 3489 338 3535 esset.
366 3481 518 3536 Nunc
540 3491 719 3537 autem
751 3483 839 3537 illa
868 3487 1045 3540 omnia
1074 3487 1233 3542 missa
1260 3488 1397 3544 facio
1423 3530 1437 3553 ,
1467 3506 1596 3547 nec-

30 3587 122 3625 non
164 3572 431 3626 curiosum
479 3572 627 3627 illum
678 3584 978 3630 exterorum
1026 3587 1309 3644 ornatum,
1358 3581 1596 3653 nihilque

28 3677 146 3715 curo
168 3663 457 3718 dictionem
484 3666 1060 3737 enuntiationemque’.
1079 3669 1185 3725 Sed
1210 3683 1327 3727 esto
1344 3674 1489 3729 illum
1508 3676 1595 3730 di-

26 3757 190 3809 ctione
214 3756 428 3825 inopem
458 3771 600 3824 esse,
626 3766 681 3811 et
703 3760 1137 3829 compositionem
1163 3766 1434 3819 nominum
1461 3767 1593 3822 sim-

28 3849 202 3913 pliccm
230 3864 293 3903 ac
320 3850 623 3913 remissam,
646 3849 770 3905 dum
794 3866 863 3907 ne
889 3854 1188 3923 cognitione
1212 3866 1267 3911 et
1284 3857 1591 3928 dogmatum

26 3941 347 3995 accuratione
368 3941 529 3995 idiota
548 3943 647 4009 sit;
668 3959 734 3998 ne
750 3944 888 4009 ideo,
908 3955 965 4000 ut
981 3948 1243 4017 ignaviam
1264 3958 1403 4020 tegat
1416 3966 1590 4024 suam,

27 4028 165 4085 beato
190 4032 264 4085 illi
287 4032 428 4102 quod
452 4032 737 4089 maximum
761 4036 816 4091 in
838 4036 991 4093 bonis
1014 4048 1096 4095 est
1119 4040 1434 4112 laudemque
1455 4060 1591 4114 prte-

26 4122 218 4188 ciyuam
251 4122 478 4178 auferat.

85 4213 133 4264 7.
176 4210 399 4267 Paulum
429 4230 533 4267 non
556 4214 815 4271 miraculis
834 4219 998 4272 solum
1025 4221 1293 4289 claruisse,
1323 4227 1413 4280 sed
1436 4228 1589 4283 etiam

25 4310 117 4354 arte
134 4303 353 4357 dicendi.
370 4333 442 4343 —
458 4302 754 4369 Undenam,
774 4308 1016 4374 obsecro,
1040 4312 1250 4368 Judzcos
1274 4317 1584 4376 Damascum

28 4382 319 4439 incolentes
345 4385 598 4440 confudit
622 4388 761 4457 (Act.
780 4387 833 4442 9.
859 4388 977 4459 22),
1006 4406 1129 4445 cum
1155 4394 1399 4446 nomium
1424 4394 1597 4448 mira-

29 4479 133 4529 cula
160 4476 329 4554 edere
358 4478 653 4548 cepisset?
680 4478 826 4535 unde
844 4478 1176 4537 Hellenistas
1198 4482 1328 4537 item
1351 4493 1597 4554 prostra-

26 4573 86 4625 vit
103 4574 125 4625 ?
143 4552 320 4643 quare
341 4571 578 4629 Tarsum
596 4574 802 4630 missus
822 4581 906 4631 est
928 4573 1038 4645 (Ib.
1061 4593 1109 4631 υ.
1136 4577 1226 4632 29.
1246 4552 1382 4647 50)?
1411 4595 1593 4636 nonne

25 4666 133 4733 quia
153 4666 203 4719 vi
225 4665 379 4720 verbi
401 4666 720 4735 superabat,
739 4674 795 4721 et
812 4667 865 4722 in
887 4676 1100 4722 tantum
1124 4668 1275 4741 ipsos
1288 4671 1589 4742 premebat,

24 4769 90 4817 nl,
121 4773 179 4811 se
207 4757 389 4811 victos
422 4773 548 4812 esse
578 4774 687 4813 non
725 4758 984 4824 ferentes,
1019 4760 1084 4815 ad
1112 4763 1261 4818 illius
1289 4780 1477 4818 necem
1506 4766 1592 4820 in-

24 4846 620 4905 llammarentur?’l‘um
653 4851 800 4906 enim
838 4853 1082 4907 nondum
1124 4856 1389 4911 miracula
1428 4857 1591 4913 edere

24 4952 250 5010 coeperat
300 4961 313 4996 :
360 4958 540 5013 neque
584 4945 762 5013 possit
806 4944 1079 5015 quispiam
1128 4947 1335 5011 dicere,
1388 4950 1589 5007 multos

26 5033 186 5101 ipsum
230 5036 304 5090 ob
358 5037 756 5090 miraculorum
809 5037 1041 5108 gloriam
1076 5039 1458 5094 admirandum
1491 5042 1588 5098 ha-

24 5125 212 5192 buisse,
242 5143 453 5196 eosque
471 5129 564 5197 qui
598 5143 723 5182 cum
757 5144 826 5184 eo
850 5130 1589 5200 pugnabantviriexistima-

23 5226 154 5273 ιεοιιε
193 5219 367 5273 fuisse
398 5227 713 5289 prostratos
749 5238 762 5274 :
798 5236 925 5280 nam
957 5222 1022 5274 ad
1058 5222 1111 5277 id
1153 5239 1329 5293 usque
1366 5233 1585 5295 tempus

23 5312 274 5366 sermonis
306 5313 359 5364 vi
387 5312 706 5380 superabat.
732 5312 1010 5370 Adversus
1032 5329 1128 5371 eos
1147 5324 1328 5370 autem
1348 5318 1438 5386 qui
1473 5318 1586 5375 An-

24 5400 219 5456 tiochia:
239 5398 529 5472 judaizare
551 5402 1030 5473 aggrediehantur,
1060 5408 1337 5476 quomodo
1359 5411 1585 5466 dimica-

25 5489 101 5544 bat
117 5492 548 5563 disputabatqne
570 5492 717 5564 (Gal.
736 5496 789 5547 2.
818 5495 905 5560 11)
924 5496 947 5549 ?
966 5498 1293 5569 Areopagita
1317 5516 1447 5555 vero
1466 5502 1578 5568 ille,

27 5584 571 5651 superstitiosissitnae
607 5586 759 5641 urbis
786 5587 936 5642 illius
967 5587 1125 5650 civis,
1154 5605 1333 5644 nonne
1363 5607 1428 5645 ex
1459 5593 1574 5648 sola

25 5677 122 5742 ejus
139 5679 409 5733 concione
440 5694 566 5732 cum
586 5695 757 5734 uxore
777 5689 1040 5750 sequutus
1060 5698 1183 5737 cum
1207 5693 1290 5737 cst
1322 5683 1462 5753 (Act.
1491 5685 1573 5739 l7.

74 5815 89 5881 ξ
118 5816 206 5864 Alii
246 5811 484 5881 Isocratis
504 5812 816 5875 facundimn;
841 5816 943 5874 alii,
968 5815 1171 5866 socratis
1191 5816 1488 5881 facundiam.

75 5877 90 5905 ⁸
118 5881 229 5929 Alii.
257 5879 651 5937 aocloqmntqtte.

1254 350 1344 409 DE
1380 351 1823 413 SACERDOTIO.
1868 359 1995 417 LIB.
2036 363 2121 419 iV.

3190 388 3291 446 070

1719 466 1812 538 54)
1834 470 1858 522 ?
1884 471 2163 562 Eutychus
2185 484 2365 532 autem
2391 483 2664 549 quomodo
2689 484 2756 540 de
2776 486 3012 544 fenestra
3031 490 3292 562 delapsus

1719 564 1805 611 cst
1840 560 1977 626 (Act.
2009 563 2099 618 20.
2130 565 2230 633 9)?
2257 582 2437 623 nonne
2466 573 2595 639 quia
2625 588 2803 643 usque
2830 578 2897 630 ad
2933 560 3168 635 multam
3190 599 3289 636 no-

1716 650 1861 732 ctem
1895 648 2017 717 ejus
2059 651 2346 709 audienda:
2388 656 2652 714 doctrina:
2685 664 2953 717 vacabat?
2985 667 3127 732 Quid
3161 686 3293 723 vero

1718 730 2128 827 Thessalonicae
2166 748 2220 794 et
2250 740 2541 799 Corinthi?
2567 748 2697 817 quid
2747 748 2969 820 Ephesi,
2995 730 3050 809 et
3083 755 3139 810 in
3170 758 3288 827 ipsa

1715 817 1926 877 Roma?
1945 840 2126 884 nonne
2146 829 2264 886 dies
2285 842 2579 904 noctesque
2598 817 2907 894 insumebat
2925 842 2980 896 in
3009 817 3289 915 exponen-

1714 906 1799 1002 dis
1824 911 2291 983 Scripturis?.lam
2315 921 2445 989 quid
2469 922 2677 979 dixeris
2696 925 2763 981 de
2782 927 2929 984 illius
2955 906 3315 1002 dispittatiou

1714 998 1876 1091 nibus
1905 1018 2028 1058 cum
2068 1004 2349 1073 Epicureis
2377 1018 2433 1066 et
2481 1011 2685 1070 Stoicis
2721 1016 2828 1086 (Id.
2867 1020 2953 1083 17,
2989 998 3118 1091 l8)?
3149 1024 3284 1081 Nam

1714 1087 1758 1140 si
1785 1091 1968 1145 omnia
1992 1108 2281 1152 recensere
2294 1100 2549 1163 velimus.
2571 1104 2788 1175 longius
2809 1087 3293 1175 excurretoratio.

1712 1174 1847 1229 Cum
1878 1178 2063 1249 itaque
2091 1191 2146 1236 et
2177 1194 2303 1240 ante
2319 1187 2570 1258 signa,et
2593 1191 2647 1245 in
2676 1174 2870 1250 mediis
2906 1198 3080 1267 signis
3105 1200 3282 1269 ipsum

1716 1266 1886 1354 multa
1914 1269 2132 1327 dicendi
2156 1276 2207 1329 vi
2239 1292 2399 1332 usum
2425 1294 2548 1334 esse
2575 1282 2752 1350 palam
2772 1283 2866 1347 sit,
2890 1266 3170 1354 quomodo
3187 1289 3287 1344 ad-

1716 1352 1822 1408 huc
1838 1358 2076 1414 audeant
2096 1364 2316 1419 idiotam
2337 1366 2522 1422 dicere
2542 1386 2688 1435 eum,
2705 1373 2795 1441 qui
2814 1352 3287 1444 disputationibus

1713 1447 1767 1493 et
1789 1447 2149 1504 concionibus
2178 1467 2427 1521 magnam
2452 1456 2556 1512 sibi
2580 1460 2722 1527 apud
2748 1475 2941 1517 omnes
2964 1463 3284 1520 admiratio-

1712 1543 1834 1582 nem
1855 1535 2194 1590 conciliavit?
2207 1538 2313 1609 Cur
2325 1539 2793 1614 Lycaonesipsum
2815 1547 3140 1606 Mercurium
3159 1570 3288 1612 esse

1711 1620 1996 1712 suspicati
2010 1631 2141 1677 sunt
2167 1625 2229 1693 (Α
2240 1638 2307 1683 et.
2322 1628 2403 1683 l4.
2418 1630 2437 1682 l
2452 1630 2503 1699 1)
2524 1632 2546 1684 ?
2572 1631 2705 1687 Nam
2727 1638 2871 1705 quod
2888 1639 2961 1693 dii
2982 1656 3106 1696 esse
3121 1652 3281 1712 puta-

1708 1715 1920 1791 rentur.
1946 1708 2001 1764 id
2025 1726 2090 1764 ex
2120 1713 2297 1783 signis
2318 1716 2687 1788 elﬁciebatur;
2717 1724 2864 1791 quod
2890 1742 3020 1782 vero
3047 1708 3279 1786 Paulum

1707 1790 2035 1851 Mercurium
2056 1814 2180 1856 esse
2201 1811 2477 1872 putarent,
2500 1807 2550 1861 id
2576 1825 2685 1863 non
2718 1790 3021 1882 signorum,
3042 1817 3136 1872 sed
3160 1819 3277 1874 elo-

1702 1883 1942 1947 quentia:
1961 1899 2127 1942 causa
2150 1892 2352 1948 evenit.
2376 1892 2555 1959 Quare
2577 1896 2771 1954 beatus
2791 1898 2881 1953 ille
2902 1901 2987 1953 vir
3002 1916 3277 1975 praeroga-

1705 1970 1870 2061 tivam
1893 1974 2276 2035 intercaateros
2295 1986 2576 2053 apostolos
2601 1986 2815 2042 habuit?
2827 1989 2970 2045 unde
2989 1970 3274 2061 pertotum

1700 2057 1889 2113 orbem
1918 2063 2123 2120 multus
2149 2066 2201 2121 in
2237 2070 2483 2123 omnium
2508 2087 2604 2127 ore
2630 2074 2925 2131 versatur?
2952 2057 3132 2145 Quare
3156 2096 3269 2137 non

1698 2148 1840 2216 apud
1872 2165 1974 2205 nos
2008 2154 2191 2215 modo.
2223 2159 2315 2211 sed
2346 2168 2401 2214 et
2427 2161 2803 2231 apudludteos
2830 2176 2885 2221 et
2907 2167 3130 2226 Graecos
3161 2188 3272 2226 ma-

1698 2235 1844 2291 xime
1871 2242 2117 2297 omnium
2148 2245 2497 2303 admirationi
2532 2251 2802 2308 habetur?
2836 2272 3021 2312 nonne
3047 2274 3113 2314 ex
3139 2259 3269 2330 Epi-

1696 2325 1961 2380 stolarum
1978 2330 2202 2391 virtute.
2221 2350 2327 2403 qua
2349 2353 2455 2392 non
2479 2339 2546 2394 iis
2563 2342 2767 2406 solum,
2794 2345 2891 2412 qui
2916 2361 3062 2400 nunc
3087 2325 3266 2411 erant,

1696 2410 1971 2479 ﬁdelibus,
2002 2418 2274 2474 sedetiam
2308 2424 2397 2485 iis,
2426 2426 2519 2494 qui
2549 2426 2618 2480 ab
2653 2428 2747 2481 illo
2780 2410 3027 2501 tempore
3048 2434 3103 2487 in
3127 2410 3275 2490 hunc

1696 2514 1872 2571 usque
1891 2503 2033 2559 diem
2053 2506 2225 2571 luere.
2251 2520 2306 2565 et
2323 2512 2392 2567 iis
2414 2514 2505 2582 qui
2524 2522 2648 2582 post
2670 2515 2839 2571 futuri
2864 2528 2992 2573 sunt
3016 2523 3275 2592 usquead

1692 2589 2053 2648 novissimum
2068 2594 2273 2651 Christi
2292 2599 2605 2663 adventum,
2623 2618 2719 2671 pro
2729 2604 2827 2658 fuit
2842 2589 3274 2680 proluturnsque

1692 2683 1797 2741 est,
1814 2680 2150 2749 necjuvandi
2171 2683 2333 2739 linem
2360 2687 2547 2752 laciet,
2570 2689 2746 2746 donec
2776 2692 3076 2749 humanum
3098 2713 3274 2767 genus

1691 2770 2100 2834 permanserit?
2130 2771 2602 2838 Quemadmodum
2642 2779 2788 2833 enim
2822 2796 3016 2836 murus
3047 2798 3111 2837 ex
3139 2785 3272 2837 ada-

1691 2866 1877 2913 mante
1903 2869 2280 2925 constructus,
2306 2862 2387 2919 sic
2422 2866 2629 2935 scripta
2652 2866 2773 2936 ejus
2796 2869 3085 2925 universas
3117 2873 3268 2928 orbis

1691 2942 1966 3002 Ecclesias
1993 2948 2491 3007 circummuniunt:
2511 2954 2738 3025 ipseque
2766 2956 2945 3012 instar
2975 2958 3265 3015 fortissimi

1692 3032 1912 3088 athleta:
1935 3042 2043 3089 stat
2060 3038 2360 3092 etiamnum
2385 3040 2618 3103 medius,
2634 3044 2908 3113 captivam
2934 3045 3144 3102 ducens
3159 3063 3269 3101 om-

1690 3134 1816 3174 nem
1871 3125 2263 3193 cogitationem
2296 3125 2353 3180 in
2388 3127 2758 3184 obedientiam
2791 3131 3021 3200 Christi,
3070 3142 3127 3189 et
3168 3134 3263 3190 de-

1690 3217 1916 3266 struens
1948 3226 2164 3267 omnem
2196 3214 2578 3270 celsitudinem
2610 3218 2915 3274 elevantem
2965 3236 3027 3277 se
3074 3230 3271 3278 contra

1689 3297 2061 3367 cognitionem
2100 3299 2193 3356 Dei
2225 3303 2302 3367 (2.
2336 3301 2465 3357 Cor.
2496 3304 2585 3361 10.
2617 3306 2695 3374 5).
2726 3305 2851 3361 Haec
2885 3323 3051 3378 porro
3081 3312 3268 3365 omnia

1687 3394 1952 3454 operatur
1981 3403 2079 3458 per
2106 3389 2460 3447 admirandas
2489 3392 2612 3447 illas
2641 3394 2915 3463 Epistolas
2943 3396 3126 3452 divina
3155 3399 3270 3469 ple-

1688 3488 1790 3529 nas
1819 3476 2113 3544 sapientia,
2142 3493 2285 3548 quas
2312 3480 2537 3548 reliquit
2561 3481 2743 3537 nobis.
2773 3481 2961 3554 Neque
2984 3485 3162 3541 solum
3186 3488 3257 3540 azl

1688 3561 1943 3632 dogmata
1995 3565 2185 3633 spuria
2235 3565 2571 3621 confutamla
2622 3584 2994 3640 germanaque
3042 3574 3271 3628 tutanda

1690 3649 1885 3705 idonea
1909 3662 2039 3707 sunt
2066 3654 2189 3723 ejus
2220 3656 2448 3725 scripta,
2471 3657 2566 3711 sed
2594 3658 2758 3711 etiam
2783 3659 2849 3713 ad
2879 3659 3077 3714 bonam
3102 3661 3270 3715 vitam

1691 3738 2086 3793 instituendam
2104 3757 2213 3795 non
2229 3743 2469 3798 minimae
2483 3745 2736 3799 utilitatis
2748 3746 3109 3801 sunt.llorum
3125 3750 3271 3803 enim

1688 3825 1941 3881 subsidio
1962 3827 2232 3900 hodieque
2256 3829 2624 3885 Ecclesiarum
2653 3833 2898 3902 praefecti
2926 3842 3145 3890 utentes
3162 3836 3270 3889 vir-

1687 3916 1868 3984 ginem
1895 3927 2128 3984 castam,
2160 3934 2325 3989 quam
2362 3920 2452 3975 ille
2478 3920 2702 3976 Christo
2725 3921 3005 3991 adaptavit
3028 3922 3103 3993 (2.
3128 3922 3255 3978 Cor.

1689 4014 1777 4068 11.
1805 4014 1885 4085 2),
1919 4014 2256 4068 concinnant
2284 4012 2704 4084 ell'ormantque,
2735 4024 2790 4070 et
2818 4014 2883 4069 ad
2918 4015 3263 4085 spiritualem

1692 4107 2161 4179 pulchritudinem
2189 4108 2488 4164 deducunt.
2532 4107 2629 4164 His
2657 4109 2784 4164 item
2815 4109 3089 4165 irruentes
3114 4108 3171 4163 in
3204 4109 3269 4162 il-

1688 4200 1792 4254 lam
1811 4200 2032 4256 morbos
2056 4199 2351 4271 depellunt,
2378 4213 2701 4272 partamque
2722 4202 3009 4257 sanitatem
3036 4215 3264 4271 conser-

1686 4304 1843 4350 vant.
1874 4292 2030 4348 Talia
2058 4295 2218 4349 nobis
2248 4295 2419 4349 idiota
2451 4296 2543 4350 ille
2571 4297 2811 4351 remedia
2838 4294 3081 4365 reliquit,
3111 4303 3264 4348 tanta

1686 4388 1891 4444 virtute
1920 4389 2173 4459 praedita,
2191 4405 2424 4460 quorum
2449 4391 2841 4459 experientiam
2868 4389 3176 4459 habentqui
3205 4389 3270 4442 il-

1687 4483 1755 4537 lis
1778 4479 2095 4553 frequenter
2114 4490 2366 4536 utuntur.
2396 4482 2749 4549 Quodautem
2776 4483 2868 4537 ille
2896 4483 2999 4537 hac
3032 4482 3087 4536 in
3112 4490 3271 4551 parte

1685 4589 1938 4646 magnam
1971 4575 2399 4631 sollicitudinem
2427 4578 2695 4647 posuerit,
2721 4576 2845 4631 hinc
2868 4576 3044 4647 palam
3067 4585 3172 4631 est.

1772 4774 1823 4829 8.
1866 4773 2086 4828 Paulum
2106 4776 2160 4827 id
2187 4793 2218 4829 a
2247 4778 2387 4831 nobis
2414 4796 2608 4848 quoque
2636 4781 2761 4834 velle
2785 4785 3017 4837 exerceri.
3042 4815 3110 4824 ——-
3133 4779 3268 4841 Audi

1699 4880 1828 4919 vero
1855 4865 1979 4935 quid
2005 4865 2056 4919 in
2088 4867 2318 4936 Epistula
2351 4884 2441 4923 sua
2470 4870 2728 4942 discipulo
2751 4872 2891 4926 dicat
2917 4892 2929 4926 :
2956 4875 3167 4929 Attende
3193 4876 3268 4928 le-

1699 4956 1871 5021 ctioni,
1890 4957 2243 5021 exhortationi,
2266 4960 2541 5025 doctrinm;
2558 4963 2707 5031 cujus
2726 4964 2800 5018 rei
2822 4963 3048 5018 fructum
3065 4966 3265 5032 adjicit,

1698 5049 1881 5104 dicens
1912 5067 1925 5103 :
1961 5049 2073 5105 Hoc
2098 5053 2227 5105 enim
2256 5053 2464 5122 faciens,
2492 5064 2539 5107 et
2567 5060 2778 5123 teipsum
2803 5056 2995 5109 salvum
3021 5057 3192 5127 facits,
3224 5068 3269 5109 et

1699 5157 1781 5196 eos
1802 5142 1888 5211 qui
1914 5151 1960 5195 te
1982 5142 2192 5197 audiunt
2221 5143 2293 5216 (l.
2319 5144 2447 5199 Tim.
2473 5150 2525 5198 4.
2562 5146 2667 5214 16).
2698 5148 2774 5199 Ac
2804 5162 3035 5211 rursum,
3058 5146 3268 5201 Servum

1698 5227 1905 5282 Domini
1944 5245 2045 5282 non
2087 5240 2281 5298 oportet
2318 5229 2540 5301 litigare,
2572 5234 2660 5284 sed
2701 5243 3009 5285 mansuetum
3053 5251 3159 5287 esse
3201 5237 3269 5288 ad

1699 5336 1870 5375 omnes
1889 5361 1903 5386 ,
1931 5320 2191 5374 docibilem
2209 5362 2224 5387 ,
2254 5323 2518 5390 patientem
2540 5323 2614 5395 (2.
2649 5322 2779 5376 Tim.
2809 5323 2864 5376 2.
2892 5323 3006 5395 24).
3038 5328 3114 5381 Ac
3144 5342 3266 5395 pro-

1697 5426 1913 5481 gressus
1940 5411 2016 5469 ait
2046 5429 2059 5465 :
2097 5411 2172 5466 Tu
2210 5428 2324 5466 vero
2362 5430 2597 5484 permane
2622 5415 2674 5468 in
2700 5415 2761 5469 iis
2784 5456 2799 5479 ,
2827 5432 2940 5486 qua:
2967 5418 3186 5471 didicisti
3224 5431 3268 5473 et

1697 5506 1886 5559 credita
1914 5515 2029 5558 sunt
2058 5505 2179 5569 tibi,
2210 5506 2369 5558 sciens
2393 5522 2424 5557 a
2452 5522 2548 5574 quo
2574 5508 2808 5561 didiceris
2826 5551 2840 5570 ,
2874 5520 2921 5563 et
2948 5511 3064 5579 quia
3097 5511 3159 5564 ab
3185 5512 3268 5564 in-

1699 5597 1859 5667 fantia
1895 5612 2065 5649 sacras
2106 5597 2275 5650 literas
2314 5598 2465 5661 nosti,
2489 5615 2599 5666 qua:
2632 5609 2679 5654 te
2714 5602 2900 5669 possint
2935 5604 3179 5657 instruere
3201 5602 3269 5657 ad

1697 5688 1911 5741 salutem
1961 5686 2089 5756 (Id.
2128 5688 2178 5741 5.
2220 5689 2304 5742 14.
2353 5688 2479 5758 15).
2524 5692 2600 5745 Ac
2651 5708 2862 5757 rursus,
2917 5693 3093 5748 Omnis
3142 5696 3269 5747 scri-

1700 5788 1848 5847 ptura
1871 5778 2109 5833 divinitus
2131 5779 2394 5847 inspirata,
2420 5778 2604 5849 inquit,
2634 5784 2768 5837 utilis
2792 5793 2861 5837 est
2882 5784 2950 5836 ad
2969 5785 3265 5849 docendam,

1699 5875 1764 5927 ad
1807 5871 2154 5941 urguendum,
2188 5871 2255 5927 ad
2297 5873 2700 5942 rorripicndum,
2742 5879 2808 5931 ad
2853 5878 3177 5932 erudiendum
3220 5884 3269 5934 in
