3922 6268
573 379 667 432 671

575 493 790 558 iustitia,
813 502 865 547 ut
889 491 1140 564 perfectus
1165 493 1228 546 sit
1254 495 1404 548 homo
1428 493 1526 548 Dei
1540 494 1615 560 (2.
1643 493 1773 547 Tim.
1795 494 1849 548 3.
1880 492 1988 562 l6).
2020 491 2156 546 Audi

579 585 704 640 item
726 585 851 654 quid
873 583 1080 639 Tito.de
1099 584 1472 655 episcoporum
1493 585 1866 639 constitutione
1887 583 2158 637 disserens

576 675 812 730 declaret
840 692 854 727 :
885 673 1093 745 Oportet
1136 676 1278 730 enim
1298 717 1312 740 ,
1345 671 1514 746 inquit
1539 717 1555 742 ,
1585 676 1875 745 episwpum
1923 673 2160 742 amplecti

577 784 711 830 cum,
733 767 819 836 qui
843 767 1117 822 secundum
1141 767 1424 820 doctrinam
1448 777 1540 831 est,
1563 766 1762 834 ﬁdelem
1783 781 2080 830 sermonem,
2105 775 2160 819 ut

577 859 735 929 possit
764 875 849 912 eos
868 899 883 925 ,
911 858 996 928 qui
1023 858 1408 921 contradicunt,
1433 872 1644 929 arguere
1672 857 1690 927 (
1711 856 1816 911 Tit.
1845 857 1898 911 1.
1924 856 1958 913 9
1988 856 2028 927 ).
2058 857 2161 923 Qui

575 963 704 1017 ergo
731 946 893 1028 idiota
916 989 932 1014 ,
963 957 1018 1002 ut
1050 947 1101 1002 hi
1137 947 1346 1009 dicunt,
1376 947 1801 1002 contradicentes
1839 962 2063 1017 arguere
2102 953 2158 1001 et

578 1039 867 1094 refrtenare
887 1040 1115 1108 poterit?
1135 1041 1396 1108 Quorsum
1418 1038 1692 1094 attendere
1713 1039 1922 1093 lectioni
1939 1047 1992 1093 et
2013 1038 2157 1093 Scri-

583 1131 786 1202 pluris,
817 1131 861 1186 si
891 1147 950 1185 ea
991 1132 1144 1186 nobis
1172 1132 1465 1202 ignorantia
1496 1129 1861 1200 amplectenda
1891 1129 2011 1184 est?
2041 1129 2166 1183 Haec

583 1223 834 1278 obtentus
870 1232 992 1278 sunt
1020 1231 1076 1277 et
1116 1232 1402 1292 praetextas
1425 1264 1439 1286 ,
1471 1236 1535 1278 ac
1562 1221 1801 1292 segnitiei
1835 1220 2166 1291 ignaviaeque

584 1315 975 1368 excusationes.
1010 1313 1205 1367 Verum
1229 1355 1244 1378 ,
1275 1313 1480 1382 inquies
1501 1353 1517 1380 ,
1547 1312 1660 1368 haec
1684 1311 1946 1381 episcopis
1975 1311 2164 1380 praeci-

586 1405 802 1474 piuntur
825 1423 840 1459 :
865 1419 986 1458 nam
1009 1403 1076 1459 de
1104 1404 1366 1474 episcopis
1387 1404 1539 1459 nobis
1562 1403 1670 1474 jam
1691 1412 1775 1458 est
1793 1417 1994 1458 sermo.
2015 1401 2166 1469 Quod

586 1507 766 1552 autem
791 1505 847 1551 et
867 1497 1090 1552 subditis
1111 1497 1334 1566 idipsum
1362 1496 1662 1562 conveniat,
1686 1495 1806 1550 audi
1830 1494 1953 1565 quid
1983 1494 2039 1548 in
2064 1493 2166 1547 alia

588 1585 821 1656 Epistula
865 1587 982 1641 aliis
1020 1586 1202 1640 dicat:
1241 1585 1454 1639 Verbum
1497 1586 1680 1639 Christi
1721 1584 1907 1638 habitet
1943 1585 1997 1637 in
2033 1582 2169 1638 vobis

587 1677 904 1730 abundanter
927 1678 980 1730 in
1006 1679 1142 1730 οηιηὶ
1168 1677 1415 1747 sapientia
1441 1675 1669 1750 (Coloss.
1697 1677 1749 1732 3.
1785 1675 1924 1748 16-);
1953 1689 2016 1730 ac
2045 1690 2168 1730 rur-

587 1783 704 1822 sum
737 1787 750 1823 :
781 1768 959 1823 Sermo
983 1781 1140 1823 vester
1165 1785 1359 1840 semper
1395 1769 1447 1822 in
1476 1770 1637 1839 gratia
1661 1768 1768 1821 sale
1799 1768 1862 1821 sit
1893 1767 2124 1821 conditus
2145 1808 2163 1833 ,

586 1868 641 1913 ut
676 1859 846 1914 sciatis
884 1860 1132 1929 quomodo
1172 1869 1398 1930 aporteat
1437 1875 1521 1912 vos
1558 1858 1823 1928 unicuique
1859 1857 2164 1926 respondere

589 1949 696 2020 (Id.
749 1953 802 2005 4.
850 1951 928 2022 6).
957 1951 1071 2006 .lam
1099 1952 1238 2022 quod
1289 1952 1413 2006 velit
1450 1952 1515 2006 ad
1570 1951 1994 2021 respondendum
2049 1966 2170 2006 esse

590 2053 825 2114 paratos,
858 2045 908 2098 id
927 2046 1172 2099 omnibus
1197 2045 1388 2099 dicitur
1419 2045 1494 2118 (l.
1519 2044 1658 2099 Petr.
1687 2046 1871 2114 3.15).
1899 2044 1978 2099 Ad
2003 2043 2170 2099 Thes-

590 2133 954 2189 salonicenses
979 2150 1130 2202 vero,
1164 2135 1463 2206 .Ediﬁcate,
1492 2119 1679 2205 inquit,
1702 2137 2019 2201 alterutrum,
2045 2137 2171 2190 sicut

590 2235 637 2276 et
661 2225 828 2293 facitis
854 2223 1112 2295 (LThess.
1137 2227 1190 2281 5.
1217 2227 1326 2296 ll).
1358 2225 1488 2282 Cum
1517 2237 1690 2281 autem
1718 2227 1790 2297 de
1807 2226 2171 2282 sacerdotibus

590 2315 750 2368 verba
775 2314 918 2382 facit,
943 2316 1042 2382 Qui
1063 2317 1185 2370 bene
1209 2327 1430 2386 praesunt
1455 2317 1748 2388 presbyteri,
1771 2318 1958 2386 inquit,
1982 2317 2172 2389 duplici

593 2408 782 2462 honore
803 2409 940 2481 digni
967 2410 1259 2474 habeantur,
1289 2412 1504 2465 maxime
1526 2412 1610 2478 qui
1634 2411 1862 2466 laborant
1887 2411 1939 2463 in
1959 2411 2103 2464 verbo
2123 2422 2172 2465 et

593 2501 821 2553 doctrina
875 2500 921 2570 (l
953 2501 1084 2555 Tim.
1105 2502 1157 2560 5,
1183 2503 1293 2574 17).
1322 2503 1528 2557 Etenim
1553 2502 1638 2557 hic
1655 2513 1736 2557 est
1759 2502 2171 2572 perfectissimus

591 2591 846 2646 doctrinae
874 2595 1153 2660 terminus,
1182 2611 1301 2649 cum
1329 2605 1380 2650 et
1404 2595 1656 2665 operibus
1683 2605 1736 2650 et
1760 2596 1918 2652 dictis
1945 2597 2056 2653 suis
2085 2597 2169 2651 di-

592 2683 824 2750 scipulos
855 2683 909 2737 in
936 2684 1142 2738 beatam
1181 2700 1208 2737 a
1240 2685 1453 2739 Christo
1480 2685 1772 2740 institutam
1804 2687 1965 2741 vitam
1998 2687 2172 2742 dedu-

591 2781 740 2827 cunt.
767 2772 948 2843 Neque
977 2775 1117 2829 enim
1149 2774 1283 2828 facta
1314 2775 1584 2830 sufliciunt
1610 2776 1675 2830 ad
1705 2777 2022 2832 docendum.
2053 2776 2171 2832 Non

595 2878 747 2916 meus
770 2875 852 2918 est
873 2880 1068 2929 sermo,
1094 2865 1188 2920 sed
1218 2865 1383 2936 ipsius
1405 2866 1740 2922 Servatoris:
1767 2869 1864 2932 Qui
1888 2869 2052 2932 enim,
2075 2868 2169 2934 ait,

593 2954 761 3024 fecerit
787 2965 834 3008 et
857 2956 1099 3022 docuerit,
1125 2957 1205 3011 hic
1229 2974 1441 3028 magnus
1465 2957 1720 3012 vocabitur
1741 2958 1957 3029 (Matth.
1981 2959 2034 3015 5.
2060 2960 2170 3028 19).

591 3047 724 3102 Nam
752 3049 796 3102 si
833 3048 1008 3104 facere
1036 3051 1173 3104 idem
1197 3059 1342 3106 esset
1370 3051 1507 3120 quod
1536 3051 1729 3106 docere
1751 3092 1766 3116 ,
1798 3052 2063 3120 superflue
2089 3067 2174 3107 se-

595 3141 824 3196 cundum
866 3143 994 3198 illud
1040 3144 1356 3211 adderetur;
1399 3147 1527 3201 satis
1569 3149 1708 3202 enim
1750 3147 1935 3202 fuisset
1973 3147 2173 3202 dixisse

594 3241 797 3289 tantum
816 3274 832 3298 ,
887 3230 992 3296 Qui
1011 3232 1375 3301 fecerit-Nunc
1397 3255 1524 3294 vero
1548 3241 1688 3310 quod
1719 3241 1856 3296 inter
1882 3249 2167 3310 utrumque

593 3323 901 3395 distinguat,
935 3328 1166 3382 ostendit
1187 3368 1202 3391 ,
1231 3328 1362 3383 alias
1389 3345 1509 3385 esse
1537 3345 1758 3401 operum
1802 3341 1977 3400 partes
1996 3373 2012 3396 ,
2042 3332 2174 3386 alias

595 3415 876 3480 sermonis,
902 3417 1072 3487 adque
1094 3419 1376 3488 perfectam
1400 3422 1804 3477 aedificationem
1825 3439 1984 3477 unum
2007 3425 2174 3478 altero

595 3503 856 3576 indigere.
897 3509 1087 3562 Annon
1123 3511 1274 3565 audis
1307 3512 1430 3581 quid
1463 3512 1811 3582 Ephesiorum
1849 3513 2174 3586 presbyteris

595 3595 738 3651 dicat
761 3614 851 3652 vas
877 3599 1003 3654 illud
1031 3601 1255 3657 electum
1285 3603 1522 3658 Christi?
1552 3606 1770 3675 Propter
1788 3591 1945 3677 quod,
1975 3607 2164 3676 inquit,

595 3688 815 3758 vigilate,
839 3693 1078 3746 memoria
1101 3695 1384 3761 retinentes,
1406 3699 1643 3764 quoniam
1666 3716 1754 3769 per
1780 3699 2047 3752 triennium
2073 3715 2174 3752 non

596 3783 784 3834 cessari
805 3824 818 3844 ,
851 3799 964 3838 cum
1008 3786 1244 3856 lacrymis
1284 3805 1488 3842 monens
1529 3807 1928 3845 unumquemque
1960 3800 2173 3842 vestrum

1275 381 1334 436 S.
1373 378 1650 436 JOANNIS
1685 375 2157 435 CllllYSOSTODII
2197 373 2508 434 ARCﬂlEP.
2548 370 3085 432 CONSTANTINOP.

3741 371 3843 426 6τί

2263 488 2282 560 (
2310 489 2421 542 Act.
2452 487 2543 542 20.
2572 488 2633 544 ’51
2665 487 2708 554 ).
2747 486 2880 542 Nam
2915 486 3042 556 quid
3071 500 3205 556 opus
3238 484 3488 557 lacrymis
3509 525 3526 551 ,
3553 484 3640 539 vel
3676 487 3844 539 verbis

2261 578 2684 634 commonitoriis
2707 619 2724 644 ,
2765 578 2878 632 .vita
2915 577 2972 631 in
3013 577 3107 631 illo
3137 575 3423 645 apostolica
3458 576 3531 630 ita
3574 574 3846 644 fulgente?

2263 669 2369 724 Sed
2405 669 2471 723 ad
2500 680 2884 739 praeceptorum
2912 667 3340 724 observationem
3381 667 3434 722 id
3468 668 3629 722 nobis
3664 668 3845 722 admo-

2264 761 2390 816 dum
2412 759 2658 815 confcrre
2685 760 2884 829 possit;
2913 775 3086 830 neque
3111 761 3251 814 enim
3277 760 3448 829 ipsum
3469 760 3650 815 solum
3673 760 3846 815 omnia

2266 863 2521 924 prmstare
2551 869 2708 924 posse
2735 854 2981 909 dixerim.

2337 948 2391 1003 9.
2435 947 2694 1014 Quantum
2723 946 2965 999 damnum
2993 961 3055 1000 ea:
3077 945 3364 1016 ignorantia
3384 943 3763 1014 episcoporum.
3788 976 3849 985 —

2266 1037 2396 1093 Cum
2423 1047 2598 1092 autem
2640 1037 2707 1098 de
2750 1036 3082 1106 dogmatibus
3115 1042 3383 1090 certamen
3413 1035 3603 1102 fuerit,
3636 1051 3848 1090 omnes-

2268 1147 2371 1202 que
2401 1131 2468 1184 ah
2497 1129 2682 1184 iisdem
2711 1129 3001 1197 Scripturis
3029 1128 3416 1191 dimicaverint,
3445 1143 3606 1195 quam
3632 1129 3742 1181 vim
3773 1129 3851 1182 hic

2268 1225 2390 1276 vita:
2417 1221 2712 1274 institutum
2742 1219 3002 1274 exhibere
3029 1217 3232 1287 possit?
3256 1217 3390 1284 Quid
3421 1218 3670 1273 utilitatis
3698 1219 3852 1272 sudo-

2270 1329 2357 1369 res
2396 1312 2549 1366 multi
2587 1310 2831 1376 afferant,
2861 1326 2979 1364 cum
3022 1318 3140 1379 post
3179 1318 3352 1364 tantos
3384 1309 3502 1363 illos
3534 1309 3757 1372 labores
3791 1325 3850 1362 ex

2270 1417 2459 1473 magna
2486 1416 2579 1456 sua
2609 1401 2873 1471 imperitia
2897 1401 3018 1471 quis
3045 1401 3097 1454 in
3129 1399 3374 1454 haeresim
3405 1399 3582 1469 lapsus
3603 1441 3619 1463 ,
3657 1401 3727 1454 ab
3757 1400 3850 1453 Ec-

2270 1496 2450 1551 clesia:
2486 1507 2712 1564 corpore
2753 1493 3020 1548 abscissus
3064 1491 3260 1548 fuerit?
3301 1490 3442 1561 quod
3481 1491 3706 1562 quidem
3748 1491 3853 1546 scio

2270 1587 2451 1643 multis
2472 1586 2744 1642 accidisse.
2767 1583 2918 1653 Quod
2943 1584 3145 1638 lucrum
3173 1583 3271 1652 ipsi
3297 1597 3361 1637 ex
3389 1581 3710 1638 tolerantia?
3732 1581 3849 1635 Nul-

2273 1679 2382 1736 lum
2415 1697 2429 1733 :
2457 1679 2596 1734 sicut
2632 1691 2731 1731 nec
2759 1692 2828 1732 ex
2855 1690 2982 1730 sana
3013 1674 3116 1730 ﬁde
3140 1715 3157 1741 ,
3188 1675 3232 1728 si
3261 1674 3368 1728 vita
3395 1683 3646 1742 corrupta
3676 1672 3845 1727 fuerit.

2272 1773 2366 1828 His
2409 1786 2539 1826 sane
2575 1770 2643 1826 de
2681 1769 2858 1826 causis
2900 1767 3087 1823 harum
3127 1766 3575 1822 concertationum
3624 1767 3853 1821 maxime

2272 1863 2510 1920 omnium
2543 1864 2771 1933 peritum
2801 1875 2921 1916 esse
2950 1869 3199 1930 oportet,
3229 1874 3348 1914 eum
3379 1860 3464 1929 qui
3495 1858 3732 1913 aliorum
3763 1858 3852 1912 do-

2273 1955 2561 2013 cendorum
2591 1969 2783 2008 munus
2810 1953 3028 2007 sortitus
3053 1960 3154 2006 est.
3178 1950 3310 2006 Nam
3340 1951 3543 2005 etiamsi
3570 1958 3724 2005 tutus
3748 1951 3853 2019 ipse

2274 2055 2514 2117 perstet.
2556 2045 2686 2100 nihil
2724 2045 2792 2098 ab
2832 2042 3151 2098 adversariis
3189 2042 3383 2105 laesus,
3427 2051 3482 2096 at
3518 2041 3851 2096 subditorum

2273 2139 2656 2210 simpliciorum
2676 2135 2976 2201 multitudo,
2992 2151 3111 2190 cum
3129 2135 3320 2189 viderit
3337 2134 3524 2189 ducem
3545 2145 3850 2204 superatum

2273 2230 2404 2285 nihil
2447 2243 2603 2298 posse
2641 2225 2958 2282 adversariis
2994 2239 3264 2295 opponere
3286 2265 3301 2288 ,
3346 2239 3452 2279 non
3491 2224 3851 2279 inﬁrmitatem

2273 2320 2428 2390 ejus,
2471 2317 2566 2374 sed
2611 2317 2873 2387 dogmatis
2915 2315 3326 2370 imbecillitatem
3369 2323 3697 2384 prostratam
3740 2330 3853 2369 esse

2273 2412 2538 2481 putabunt
2566 2427 2578 2461 ε
2607 2420 2766 2478 atque
2786 2408 2854 2462 ob
2877 2407 3031 2461 unius
3055 2406 3371 2475 imperitiam
3400 2406 3594 2459 multus
3625 2407 3848 2476 populus

2273 2501 2326 2555 in
2348 2511 2638 2554 extremam
2661 2497 2946 2568 perniciem
2968 2495 3233 2564 dcjicitur.
3261 2495 3478 2549 Etiamsi
3501 2497 3644 2549 enim
3669 2512 3731 2550 se
3751 2513 3849 2550 non

2273 2593 2699 2648 adversariorum
2729 2591 2780 2644 in
2807 2597 2983 2659 partes
3009 2587 3286 2656 recipiant,
3315 2597 3546 2641 attamen
3571 2587 3643 2642 de
3667 2589 3855 2657 quibus

2275 2687 2542 2744 conlidere
2572 2696 2858 2758 poterant,
2886 2686 2954 2742 de
2980 2685 3168 2742 iisdem
3198 2683 3439 2740 dubitare
3463 2693 3734 2751 coguntur
3765 2701 3781 2738 :
3805 2695 3856 2740 et
3880 2683 3881 2688 “

2276 2781 2342 2835 iis
2363 2822 2380 2844 ,
2412 2795 2530 2849 quae
2573 2795 2692 2834 cum
2733 2779 3046 2834 inconcussa
3077 2777 3181 2832 ﬁde
3209 2777 3483 2842 adierant,
3513 2790 3637 2829 cum
3671 2775 3854 2830 eadem
3880 2787 3881 2792 ‘

2271 2873 2380 2942 jam
2406 2872 2652 2927 ﬁrmitate
2680 2871 2957 2926 adlnerere
2987 2887 3091 2925 non
3121 2879 3339 2939 possunt
3371 2888 3387 2925 :
3417 2869 3512 2923 sed
3545 2877 3693 2923 tanta
3723 2878 3855 2923 tem-

2276 2974 2455 3035 pestas
2476 2979 2659 3019 corutn
2686 2964 2824 3018 inest
2842 2963 3052 3030 animis,
3073 2963 3230 3034 idque
3247 2977 3316 3018 ex
3335 2962 3567 3016 doctoris
3586 2962 3663 3015 tui
3687 2961 3853 3024 clade,

2277 3065 2334 3112 ut
2361 3057 2413 3110 in
2442 3055 2770 3125 naufragium
2797 3055 3010 3110 tandem
3039 3055 3324 3125 pessimum
3355 3053 3620 3108 desinant.
3647 3053 3855 3120 Quanta

2279 3165 2410 3205 vero
2453 3149 2747 3218 pernicies,
2793 3156 3125 3219 quantusque
3164 3147 3300 3217 ignis
3327 3146 3378 3201 in
3405 3146 3661 3200 miserum
3703 3152 3857 3213 caput

2278 3241 2421 3296 illius
2449 3255 2545 3310 pro
2569 3240 2792 3310 singulis
2819 3239 3161 3310 pereuntibus
3183 3247 3567 3303 coarcervetur,
3593 3253 3704 3291 nun
3727 3251 3854 3306 opus

2277 3340 2436 3386 estut
2462 3347 2492 3385 a
2513 3346 2599 3387 mc
2618 3330 2812 3396 discas,
2834 3345 2955 3385 cum
2977 3329 3152 3384 omnia
3174 3336 3418 3384 accurate
3443 3328 3599 3383 scias.
3621 3328 3854 3385 Huncine

2279 3423 2436 3492 igitur
2463 3431 2545 3477 est
2572 3420 2909 3492 arrogantiae,
2939 3420 3159 3476 hoccine
3185 3435 3336 3474 vana:
3361 3419 3562 3490 gloriae,
3589 3419 3736 3489 quod
3766 3434 3855 3472 ηο⁴

2280 3513 2467 3567 luerim
2517 3521 2594 3567 tot
2640 3512 2913 3567 hominum
2957 3510 3209 3581 perniciei
3245 3525 3402 3565 causa
3438 3525 3594 3572 esse.
3631 3519 3694 3564 ct
3732 3508 3854 3563 mihi

2281 3604 2450 3672 majus
2480 3603 2748 3658 attrahere
2773 3602 3110 3672 supplicium,
3133 3617 3290 3672 quam
3322 3600 3373 3655 id
3397 3600 3536 3670 quod
3565 3603 3851 3668 repositum

2279 3696 2400 3751 est?
2424 3696 2616 3766 Ecquis
2642 3695 2755 3750 haec
2777 3694 3000 3750 dixerit?
3022 3709 3196 3760 nemo,
3218 3695 3317 3748 nisi
3345 3692 3538 3748 frustra
3563 3693 3853 3754 criminari,

2281 3799 2335 3843 et
2365 3789 2415 3842 in
2446 3789 2632 3843 alienis
2658 3787 3046 3843 calamitatibus
3071 3787 3433 3857 plulosOphari
3462 3787 3606 3841 velit.

595 3909 3827 3935 ...._________________________________________________________

1481 3940 1488 3947 ’
1552 3999 2024 4104 LIBER
2113 3993 2847 4123 QUINTUS.

1040 4301 1145 4335 ΠΕΟ
1169 4302 1338 4337 INSUNT
1360 4304 1497 4340 ιιιιιιο
1519 4306 1690 4345 QUINTO
1713 4306 1725 4341 ἒ

597 4389 632 4431 1.
660 4383 858 4461 attritum
878 4387 1056 4437 laboris
1083 4402 1140 4461 ac
1156 4391 1298 4440 studii
1323 4391 1646 4442 adhibendum
1681 4397 1726 4444 in
1748 4395 1954 4446 homiliis
1977 4399 2176 4461 pepula-

659 4447 795 4494 ribus
810 4452 1165 4499 concumandis.

597 4509 1016 4586 ll.“:lluic_muner_i
1039 4512 1296 4573 deputatos
1318 4513 1486 4565 laudes
1513 4530 1771 4581 spernere,
1796 4532 1852 4570 ac
1872 4521 2061 4571 dicendi
2086 4538 2174 4586 pe-

660 4572 778 4616 ritos
801 4584 912 4620 esse
935 4572 1142 4622 debere.

601 4631 798 4739 ιιιίδιέὲδὶ
839 4639 1048 4696 utroque
1089 4637 1316 4688 sacerdos
1357 4641 1421 4689 sit
1465 4641 1710 4703 praeditus,
1749 4642 1968 4694 inutilem
1997 4646 2175 4710 papulo

597 4759 670 4822 tv.
688 4753 945 4822 _lnv1'_diam_
960 4764 1235 4822 contemnat
1257 4769 1505 4822 oportere.

599 4815 877 4923 triliatitgjto
901 4815 1009 4878 plus
1041 4821 1187 4869 studii
1211 4829 1263 4872 et
1290 4815 1570 4886 diligentia:
1592 4839 1714 4890 opus
1747 4840 1877 4890 esse,
1905 4843 2048 4892 quam
2065 4833 2174 4880 inc-

598 4942 674 5014 \'|.‘
688 4937 934 5014 judicium
978 4940 1296 4994 multitudinis
1324 4946 1572 5014 imperitae
1623 4963 1787 5014 neque
1824 4954 2019 5001 omnino
2057 4967 2173 5004 con-

660 5001 995 5071 temnendum,
1022 5017 1185 5067 neque
1208 5009 1335 5056 omni
1363 5001 1427 5057 ex
1446 5018 1582 5071 parte
1599 5001 1861 5062 cura'ndum
1889 5027 2018 5062 esse.

599 5064 976 5171 \‘thugegggnes
989 5064 1161 5116 omnes
1183 5082 1260 5128 eo,
1285 5077 1338 5118 ut
1356 5064 1459 5120 Ded
1471 5079 1653 5123 tantum
1670 5074 1936 5137 placeatur,
1957 5076 2175 5139 dirigen-

598 5185 958 5296 s'lgilstaunieplpltar
980 5189 1044 5238 sit
1065 5187 1218 5241 laudis
1253 5199 1571 5256 contemptor,
1601 5198 1647 5246 ci
1688 5196 1836 5248 multa
1853 5200 2016 5262 gravia
2062 5213 2175 5250 esse

671 5437 722 5491 1.
781 5437 998 5494 Multum
1053 5444 1238 5499 laboris
1300 5448 1353 5501 in
1407 5450 1624 5505 homiliis
1678 5454 2058 5510 concinnandis.
2101 5485 2174 5498 -—

600 5529 806 5594 Quanta
859 5535 927 5587 sit
965 5535 1170 5591 doctori
1223 5543 1548 5610 experientia
1600 5561 1733 5614 opus
1778 5547 1843 5600 ad
1882 5551 2171 5604 certamina

601 5634 697 5690 pro
725 5625 942 5678 veritate
985 5629 1340 5697 suscipienda,
1383 5643 1523 5688 sata
1571 5637 1724 5691 nobis
1755 5638 2174 5696 demonstratum

601 5729 722 5769 esse
748 5727 893 5784 puto.
928 5718 1084 5772 Aliud
1113 5731 1366 5789 prmterea
1397 5724 1677 5781 dicendum
1706 5737 1888 5796 restat,
1916 5730 2055 5799 quod
2091 5741 2174 5786 est

601 5805 925 5864 inﬁnitorum
969 5826 1125 5867 causa
1154 5815 1538 5887 periculorum;
1584 5820 1691 5877 imo
1725 5838 1852 5878 vero
1896 5838 2000 5880 non
2042 5825 2170 5882 illud

2279 4308 2399 4349 csse
2431 4307 2646 4347 causam
2685 4290 2932 4357 dixerim,
2962 4289 3054 4346 sed
3081 4305 3175 4345 eos
3202 4291 3290 4360 qui
3319 4289 3409 4344 illo
3445 4291 3615 4360 probe
3658 4291 3734 4344 uti
3764 4309 3852 4345 nc-

2279 4384 2454 4437 sciunt
2483 4402 2496 4438 :
2528 4382 2952 4453 quandoquidem
2984 4398 3072 4436 res
3101 4383 3210 4450 ipsa
3255 4391 3308 4436 et
3348 4382 3535 4436 salutis
3575 4391 3632 4437 et
3670 4383 3854 4436 multo-

2278 4492 2394 4530 rum
2424 4475 2682 4528 bonorum
2715 4474 3041 4528 conciliatrix
3071 4483 3173 4539 est,
3197 4475 3321 4527 dum
3365 4489 3393 4526 a
3425 4475 3553 4528 viris
3584 4475 3766 4543 probis
3806 4483 3854 4527 et

2279 4566 2620 4635 diligentibus
2673 4565 3093 4635 administretur.
3142 4565 3277 4632 Quid
3333 4565 3467 4619 illud
3514 4567 3637 4619 est?
3688 4565 3854 4619 Labor

2282 4658 2481 4711 inultus
2504 4657 2554 4710 in
2582 4656 3027 4725 disputationibus
3054 4657 3261 4725 publice
3287 4656 3350 4709 ad
3379 4655 3630 4723 populum
3660 4656 3854 4710 haben-

2281 4748 2364 4801 dis
2386 4748 2703 4815 insumptus.
2731 4747 2963 4800 Primum
2988 4749 3131 4801 enim
3163 4763 3348 4816 magna
3377 4747 3712 4800 subditorum
3739 4761 3853 4816 pars

2278 4837 2468 4891 nolunt
2509 4852 2603 4891 cos
2647 4837 2734 4906 qui
2781 4838 3087 4907 loquuntur,
3130 4838 3181 4891 in
3228 4846 3613 4906 praeceptorum
3665 4837 3852 4891 habere

2281 4928 2429 4992 loco;
2458 4927 2570 4993 sed,
2608 4927 2988 4997 discipulorum
3019 4929 3259 4981 ordinem
3291 4928 3641 4997 supergressi,
3673 4944 3852 4983 eorum

2282 5019 2640 5073 conditionem
2663 5029 2938 5088 usurpant,
2963 5019 3123 5088 quiin
3145 5027 3483 5072 externorum
3507 5018 3733 5072 theatris
3753 5035 3854 5071 ρριο

2284 5112 2479 5165 lamina
2542 5111 2827 5180 Spectaturi
2885 5111 3091 5166 sedent.
3157 5109 3729 5180 Acquemadmodum
3790 5110 3852 5162 ibi

2282 5205 2564 5258 multitudo
2606 5205 2658 5258 in
2704 5205 2969 5258 contraria
3023 5203 3195 5258 studia
3240 5203 3515 5267 scinditur,
3556 5204 3676 5258 aliis
3716 5203 3850 5260 huic.

2283 5296 2401 5352 aliis
2440 5297 2513 5352 illi
2543 5295 2884 5352 faventibus:
2912 5297 2981 5352 ita
3023 5306 3078 5352 et
3117 5299 3201 5351 hic
3228 5297 3404 5362 divisi,
3447 5297 3533 5351 alii
3578 5297 3649 5352 ad
3677 5297 3846 5366 hujus,

2279 5389 2367 5443 alii
2395 5389 2460 5443 ad
2488 5389 2630 5444 illius
2660 5401 2835 5460 partes
2869 5400 3166 5458 transeunt,
3202 5391 3286 5445 vel
3311 5390 3376 5444 ad
3405 5390 3628 5460 gratiam
3662 5391 3746 5445 vel
3787 5390 3846 5443 ad
3879 5409 3881 5436 ι

2279 5479 2461 5534 odium
2507 5482 2524 5512 ι
2571 5496 2728 5537 aures
2784 5483 3084 5538 dicentibus
3148 5483 3633 5538 accommodantes.
3678 5481 3881 5549 Nequcl

2279 5572 2332 5626 id
2362 5573 2531 5628 solum
2561 5574 2842 5629 molestum
2870 5583 2972 5639 est,
2999 5575 3093 5630 scd
3125 5583 3178 5630 et
3203 5573 3343 5628 aliud
3369 5573 3618 5643 quiddam
3646 5588 3754 5626 non
3783 5574 3848 5625 le-
3880 5569 3881 5614 ἕ

2281 5662 2417 5719 vius.
2449 5663 2580 5720 Nam
2606 5666 2651 5720 si
2680 5681 2838 5737 quem
2864 5667 3134 5737 contingat
3163 5675 3366 5736 partem
3388 5666 3619 5735 aliquam
3648 5679 3844 5727 eorum,
3880 5673 3881 5698 ι

2345 5836 2358 5861 ⁸
2384 5837 2457 5887 sic
2477 5837 2668 5898 quidam
2692 5844 2796 5888 uss.
2820 5837 2935 5888 aditi
2955 5849 3069 5890 vero
3110 5839 3175 5889 ad
3196 5843 3400 5902 gratiam
3422 5843 3466 5888 ct
3486 5835 3551 5887 ad
3573 5838 3758 5890 Odttlﬂl.
