3922 6236
62 320 172 375 673

54 449 188 503 qua:
242 435 319 488 ab
360 434 480 489 aliis
514 432 781 489 elaborata
810 442 953 500 sunt,
985 432 1229 487 concioni
1269 446 1379 486 sua:
1404 434 1665 498 intexere,

56 526 349 594 pluribus,
383 541 541 596 quam
577 525 667 596 qui
703 525 953 594 pecunias
994 522 1340 588 suti'urantur,
1371 523 1669 593 opprobriis

53 629 361 674 oneratur.
402 620 557 689 Saepe
592 634 724 675 vero
749 618 879 673 nihil
908 618 978 672 ab
1002 617 1121 670 aliis
1147 625 1434 679 mutuatus,
1476 617 1572 671 sed
1614 619 1666 670 in

54 710 178 777 ejus
204 710 292 764 rei
320 721 533 765 tantum
557 709 913 777 suspicionem
936 707 1176 771 veniens,
1209 707 1352 776 paria
1385 709 1580 776 patitur
1601 722 1666 762 ac

52 802 97 853 si
132 801 530 870 deprehensus
577 800 781 855 fuisset.
824 800 1026 867 Ecquid
1068 799 1190 854 dico
1223 815 1429 863 eorum,
1453 815 1570 868 qua:
1596 800 1665 856 ab

53 892 181 944 aliis
207 893 496 948 elaborata
532 891 768 945 fuerint?
794 902 939 944 certe
976 905 1045 944 ne
1083 889 1157 944 illi
1186 890 1398 960 quidem
1435 891 1555 945 licet
1584 892 1666 945 in-

51 988 248 1038 ventis
286 986 408 1039 suis
432 984 647 1038 assidue
673 982 747 1037 uti
781 1002 795 1037 :
822 997 925 1037 non
971 983 1113 1037 enim
1141 982 1207 1036 ad
1235 983 1537 1047 utilitatem,
1564 982 1664 1039 sed

50 1076 118 1127 ad
144 1076 497 1143 voluptatem
526 1075 737 1143 plurimi
765 1074 950 1128 audire
976 1074 1150 1128 solent
1176 1091 1191 1126 :
1218 1074 1663 1143 quemadmodum

51 1166 144 1232 qui
182 1166 262 1220 de
291 1166 553 1236 trsgtedis
577 1166 659 1219 vel
702 1166 770 1219 de
807 1164 1114 1219 cithartedis
1132 1165 1414 1233 judicaturi
1452 1164 1658 1220 sedent.

52 1260 246 1324 Atque
280 1257 424 1312 adeo
450 1257 661 1311 dicendi
699 1256 778 1310 vis
808 1257 916 1319 illa,
949 1272 1105 1326 quam
1148 1272 1316 1326 nuper
1344 1257 1663 1326 cxplodeba-

52 1362 204 1410 mus,
242 1348 319 1401 ita
346 1346 759 1402 desiderabilem
791 1362 931 1402 nunc
958 1363 1017 1402 se
1046 1346 1265 1417 prwbet,
1298 1355 1353 1401 ut
1392 1362 1460 1402 ne
1490 1348 1540 1402 in
1567 1362 1660 1402 so-

52 1440 262 1507 phistis
287 1439 533 1510 quidem,
566 1455 687 1495 cum
719 1448 906 1495 mutuo
933 1440 1180 1496 altercari
1206 1449 1490 1509 coguntur,
1515 1448 1659 1496 tanta

50 1531 399 1599 requiratur.

121 1621 183 1674 2.
234 1619 494 1675 Doctrina
521 1620 763 1691 prwditus
796 1621 881 1686 sit,
922 1630 969 1675 et
1007 1621 1182 1677 laudes
1223 1632 1427 1692 spernat
1465 1631 1660 1692 Oportet

47 1714 418 1766 contionator.
446 1711 804 1766 —Geueroso
837 1713 1015 1783 itaque
1058 1713 1143 1767 hic
1180 1728 1315 1783 opus
1343 1722 1426 1770 est
1457 1714 1655 1778 animo,

45 1806 141 1873 qui
177 1812 438 1857 nostram
466 1804 812 1873 exiguitatem
834 1803 1000 1875 longe
1037 1815 1271 1874 superet,
1300 1816 1360 1860 ut
1385 1806 1657 1861 inordina-

46 1906 161 1950 tam
204 1895 365 1950 illam
398 1894 879 1965 infructuosamque
906 1894 1043 1965 vulgi
1074 1896 1392 1965 voluptatem
1436 1911 1656 1966 compeo

41 1996 190 2051 seat,
225 1995 287 2040 et
325 1984 566 2039 auditum
597 2000 780 2039 eorum
810 1986 876 2040 ad
907 1986 1114 2041 utiliora
1142 1985 1429 2042 transferat
1458 2005 1471 2040 :
1503 1986 1574 2041 ita
1602 1998 1657 2043 ut

38 2078 294 2147 populus
331 2076 507 2145 ipsum
537 2086 807 2146 sequatur,
851 2077 1057 2147 ipsique
1096 2093 1298 2133 morem
1343 2085 1510 2149 gerat,
1561 2079 1655 2134 sed

42 2186 157 2222 non
194 2169 296 2223 ille
337 2167 633 2223 secundum
664 2168 805 2238 vulgi
840 2168 1142 2238 cupidinem
1185 2170 1400 2226 feratur.
1443 2170 1499 2226 ld
1526 2186 1656 2226 vero

43 2260 207 2312 nullo
256 2257 425 2312 modo
449 2259 702 2328 consequi
733 2259 921 2329 possis,
971 2259 1072 2313 nisi
1114 2259 1215 2315 hoc
1253 2271 1535 2332 utrumque
1564 2262 1657 2317 ad-

42 2351 241 2414 fuerit,
270 2348 493 2404 laudum
521 2360 880 2420 contemptus,
906 2359 959 2406 et
987 2351 1067 2407 vis
1091 2351 1321 2409 dicendi.
1346 2352 1477 2407 Nam
1506 2354 1550 2407 si
1579 2354 1655 2410 al-

42 2451 235 2494 terum
270 2439 437 2503 absit,
463 2439 607 2494 aliud
636 2440 704 2494 ab
732 2441 900 2497 altero
927 2441 1247 2512 disiunctum
1278 2444 1464 2500 inutile
1485 2444 1651 2500 efﬁci-

42 2546 155 2587 tur.
194 2532 423 2587 Etenim
461 2532 508 2585 si
535 2530 721 2587 laudes
760 2547 1052 2603 aspernans
1094 2535 1111 2565 ί
1141 2550 1245 2590 non
1300 2536 1534 2616 proferat
1556 2536 1651 2592 do-

38 2628 289 2679 ctrinam
307 2624 483 2694 gratia
502 2634 553 2679 et
576 2624 687 2679 sale
707 2625 974 2680 conditam
992 2623 1127 2697 (Col.
1146 2627 1198 2681 4.
1218 2625 1296 2696 6),
1317 2627 1650 2697 despicabilis

37 2718 189 2786 apud
220 2718 430 2771 multos
458 2716 655 2783 evadit,
684 2718 815 2773 nihil
844 2718 976 2773 lucri
1019 2734 1086 2773 ex
1114 2720 1201 2775 illa
1242 2719 1404 2775 animi
1447 2721 1651 2793 magni-

40 2810 248 2864 tudine
291 2807 575 2873 referens;
605 2810 685 2863 sin
730 2809 829 2864 hac
854 2819 1003 2879 parte
1046 2818 1261 2865 strenue
1305 2826 1364 2867 se
1399 2828 1591 2883 gerens
1619 2829 1649 2869 a

38 2902 301 2971 populari
347 2916 480 2955 aura
528 2903 789 2967 vincatur,
839 2913 948 2957 tum
991 2900 1111 2972 ipsi,
1158 2912 1269 2957 tum
1323 2905 1518 2974 pepulo
1566 2904 1647 2959 id-

39 2998 231 3064 ipsurn
263 2996 466 3051 accidit
484 2996 810 3063 detrimenti,
832 3011 952 3051 cum
978 3012 1041 3052 ex
1069 2992 1285 3051 laudum
1311 2998 1558 3069 cupidine
1582 3013 1648 3053 eo

37 3090 310 3153 ducatur,
342 3103 467 3142 cum
511 3087 575 3141 ad
601 3090 825 3158 gratiam
870 3090 1038 3160 magis
1073 3106 1230 3160 quam
1272 3090 1338 3145 ad
1368 3091 1645 3147 utilitatem

38 3182 368 3235 auditorum
418 3180 724 3236 concionari
768 3182 996 3238 studeat.
1044 3186 1121 3239 Ac
1174 3184 1643 3255 quemadmodum,

37 3274 129 3341 qui
168 3287 284 3326 nec
323 3272 571 3327 laudibus
618 3282 881 3341 movetur,
925 3290 1023 3330 nec
1059 3275 1269 3331 dicendi
1311 3276 1363 3331 vi
1396 3276 1646 3347 praeditus

35 3374 144 3427 est,
175 3364 231 3418 is
280 3379 457 3434 neque
481 3365 621 3435 vulgi
652 3366 1003 3433 voluptatibus
1047 3368 1258 3432 cedere,
1302 3385 1474 3439 neque
1524 3380 1645 3425 tan-

38 3458 220 3510 tillam
268 3457 556 3512 utilitatem
598 3458 668 3513 ob
696 3459 1013 3529 imperitiam
1046 3461 1289 3531 loquendi
1329 3462 1519 3519 all'erre
1545 3478 1643 3534 po-

38 3560 148 3603 test
174 3591 189 3602 .
218 3550 296 3603 ita
325 3549 417 3619 qui
459 3549 674 3604 laudum
712 3567 894 3607 amore
935 3553 1162 3621 capitur,
1210 3562 1395 3609 nactus
1421 3570 1537 3609 eam
1569 3554 1646 3609 fa-

35 3644 338 3704 cultatem,
370 3655 473 3709 qua
504 3642 699 3695 multos
737 3642 804 3696 ad
847 3644 1120 3699 meliorem
1151 3643 1355 3715 frugem
1386 3645 1644 3701 reducere

36 3732 247 3801 possit,
287 3732 493 3785 mavult
529 3742 706 3787 tamen
731 3733 1059 3789 delectabilia
1104 3736 1361 3806 proferre,
1394 3737 1520 3792 dum
1550 3752 1644 3808 po-

38 3824 273 3891 pulares
299 3823 354 3876 in
384 3822 684 3891 plaudendo
713 3825 968 3880 tumultus
997 3826 1249 3882 lucretur.

115 3919 174 3971 3.
238 3915 495 3970 Utrolibet
533 3917 810 3985 deﬁciente,
860 3920 1051 3973 inutilis
1095 3920 1283 3990 populo
1329 3922 1441 3975 erit.
1483 3950 1555 3962 —
1594 3920 1643 3976 Is

33 4010 231 4078 itaque
260 4008 353 4078 qui
384 4008 619 4078 Optimus
648 4011 823 4078 populi
856 4010 1043 4067 ductor
1069 4012 1273 4068 futurus
1322 4015 1409 4081 sit,
1436 4023 1643 4073 utrum-

30 4114 148 4166 que
180 4097 401 4153 fortiter
421 4110 597 4153 teneat
621 4110 848 4169 oportet,
881 4111 935 4157 ut
962 4120 1027 4158 ne
1047 4105 1270 4161 alterum
1293 4108 1459 4163 altero
1487 4128 1643 4168 ever.

33 4201 210 4245 tatur.
259 4188 397 4245 Cum
435 4191 578 4246 enim
619 4193 670 4246 in
717 4195 890 4249 medio
931 4212 1153 4265 surgens
1194 4214 1254 4253 ea
1282 4199 1493 4268 dixerit,
1519 4178 1643 4274 quae

35 4282 276 4350 ignavos
328 4282 692 4354 perstringere
737 4285 958 4354 possint,
1006 4287 1050 4342 si
1101 4287 1291 4345 deinde
1335 4291 1541 4349 labatur
1588 4306 1642 4351 ct

32 4384 285 4445 decidat,
333 4397 398 4437 ac
440 4397 549 4452 pne
588 4382 792 4438 dicendi
833 4383 1005 4453 inopia
1047 4386 1359 4443 erubescere
1401 4398 1638 4461 cogatur,

31 4479 150 4545 jam
188 4474 465 4529 dictorum
511 4474 715 4529 lucrum
759 4477 936 4530 statim
964 4476 1151 4532 efﬂuit.
1190 4478 1319 4533 Nam
1351 4482 1437 4551 qui
1478 4484 1635 4538 corri

38 4572 296 4636 piantur,
334 4566 463 4621 dum
493 4566 562 4621 de
586 4566 742 4622 dictis
766 4568 965 4633 dolent,
998 4584 1096 4624 nec
1136 4585 1196 4626 se
1239 4573 1343 4627 alio
1369 4575 1527 4630 modo
1553 4577 1639 4630 ul-

35 4660 171 4712 cisci
216 4667 470 4728 possunt,
509 4660 856 4728 ignorantiam
901 4660 1000 4729 ipsi
1030 4662 1370 4732 exprobrant,
1416 4667 1514 4720 hac
1550 4684 1643 4736 pu-

37 4760 227 4806 tantes
261 4766 321 4805 se
363 4750 569 4805 ratione
604 4753 886 4821 Opprobria
931 4763 1107 4821 tegere
1141 4770 1254 4809 sua.
1285 4757 1639 4825 Quamobrem

36 4850 271 4911 oportet
315 4856 440 4896 eum
467 4857 564 4897 ceu
604 4845 840 4913 aurigam
882 4845 1139 4914 optimum
1170 4848 1307 4902 inter
1342 4847 1477 4904 duas
1523 4851 1642 4906 illas

36 4940 280 4990 virtutes
300 4942 555 4989 accurate
582 4935 890 5004 procedere,
916 4946 972 4991 ut
996 4946 1272 5009 utramque
1291 4939 1394 4995 rite
1417 4950 1643 4997 tractare

34 5030 238 5097 possit.
289 5012 506 5080 Etenim
540 5041 663 5080 cum
706 5027 794 5082 ille
833 5041 892 5082 se
919 5029 1057 5096 apud
1097 5045 1284 5085 omnes
1320 5032 1639 5101 inculpatum

37 5119 388 5189 praestiterit,
428 5128 554 5173 tunc
593 5128 787 5189 quanta
827 5130 1087 5191 potestate
1128 5123 1371 5190 voluerit,
1407 5126 1643 5182 subditos

35 5228 173 5266 suos
215 5225 413 5266 omnes
454 5226 553 5282 pro
595 5212 762 5267 lubito
790 5213 875 5269 vel
916 5214 1198 5285 castigare,
1238 5217 1323 5272 vel
1368 5219 1643 5276 remissius

39 5314 289 5357 tractare
314 5305 532 5371 poterit.
574 5302 686 5360 Hoc
722 5306 822 5360 nisi
853 5306 997 5375 prius
1022 5316 1227 5377 agatur,
1257 5308 1397 5364 haud
1424 5308 1562 5365 factu
1590 5311 1643 5365 id

40 5397 210 5450 facile
241 5394 423 5451 fuerit.
455 5397 630 5452 Animi
659 5413 817 5468 porro
846 5402 1258 5471 magnitudinem
1303 5420 1408 5459 non
1450 5404 1503 5458 in
1532 5406 1644 5461 lau-

40 5489 175 5543 dum
200 5498 517 5558 contemptu
549 5499 751 5545 tantum
772 5492 1024 5549 exhibere
1050 5509 1144 5564 par
1167 5505 1269 5562 cst,
1301 5498 1393 5553 scd
1423 5498 1641 5553 ulterius

114 5712 131 5739 ⁸
166 5715 300 5757 Unus
323 5708 496 5765 habet,
526 5711 701 5760 Etenim
726 5711 783 5769 si,
811 5712 1003 5762 landum
1030 5726 1143 5774 stipe
1175 5712 1264 5763 bra:
1285 5720 1327 5761 et
1353 5713 1567 5774 putentur
1592 5715 1640 5763 in

45 5774 263 5822 du:me
288 5782 497 5834 spretor.

1304 314 1391 369 DE
1430 314 1874 371 SACERDOTIO.
1918 316 2043 372 LIB.
2086 318 2150 373 Υ.
2804 348 2809 363 ι
3244 336 3345 389 67!,

1778 430 2242 499 progrediendum,
2277 449 2341 488 ne
2367 434 2729 505 imperfectum
2756 438 2957 494 lucrum
2986 442 3216 497 accedat.

1846 521 1897 574 4.
1939 520 2193 575 Invidiam
2220 534 2501 580 contemnat
2545 538 2757 595 Oportet.
2785 561 2852 569 ——-
2877 531 3153 597 Quodnam
3191 536 3345 589 icitur

1772 609 1914 664 aliud
1943 614 2388 669 contemnendum
2414 618 2535 670 est?
2565 617 2722 692 Livor
2749 627 2802 673 et
2833 621 3049 676 invidia.
3089 622 3349 692 Intempe-

1769 702 1932 755 stivas
1952 711 2127 757 autem
2157 705 2519 760 accusationes
2547 709 2565 740 ⁸
2594 690 2836 780 (necesse
2884 712 3077 782 quippe
3126 724 3210 768 est
3251 690 3348 768 an-

1772 792 1991 847 tistitem
2045 794 2303 849 absurdas
2355 796 2514 851 etiam
2568 799 3008 868 reprehensiones
3055 804 3345 875 sustinere)

1768 897 1943 953 neque
1968 885 2251 939 admodum
2283 887 2469 943 timere
2496 889 2906 960 formidareque,
2930 908 3098 962 neque
3128 910 3347 964 prorsus

1767 972 2037 1043 negligere
2091 977 2338 1031 convenit
2381 994 2393 1029 :
2434 978 2527 1033 sed
2577 980 2785 1035 etiamsi
2847 981 2949 1036 illa:
3004 982 3147 1038 falsa:
3202 985 3338 1050 sint,

1766 1066 1974 1120 etiamsi
2002 1081 2033 1120 a
2061 1067 2279 1135 plebeiis
2318 1068 2626 1130 offerantur.
2665 1072 2845 1134 statim
2883 1087 2975 1128 eas
3009 1075 3346 1145 exstinguere

1765 1155 2065 1210 conandum
2091 1166 2192 1211 est.
2221 1158 2357 1212 Nihil
2392 1161 2532 1214 enim
2565 1160 2633 1215 ita
2660 1160 2852 1217 famam
2883 1178 2976 1218 seu
3002 1163 3215 1232 bonam,
3248 1182 3343 1222 seu

1765 1245 1958 1299 malam
2003 1257 2177 1317 auget,
2228 1258 2285 1301 ut
2330 1249 2732 1320 incompositum
2772 1252 2963 1323 vulgus
2991 1270 3147 1310 :cum
3199 1257 3342 1311 enim

1764 1338 1882 1392 sine
1910 1340 2156 1395 examine
2196 1350 2251 1395 et
2290 1342 2473 1397 audire
2524 1354 2577 1398 et
2629 1344 2833 1414 garrire
2858 1346 2880 1377 ³
2904 1346 3095 1413 soleat,
3143 1357 3344 1404 temere

1764 1427 2020 1497 quidquid
2045 1431 2277 1485 occurrit
2310 1432 2563 1501 loquitur,
2589 1434 2729 1488 nulla
2760 1449 2979 1504 prorsus
3001 1437 3109 1490 veri
3138 1438 3344 1492 ratione

1766 1516 1965 1571 habita.
1992 1516 2351 1583 Quamobrem
2394 1536 2501 1576 non
2524 1531 2732 1592 oportet
2754 1524 2942 1594 vulgus
2974 1534 3337 1595 contemnere,

1762 1609 1856 1664 scd
1892 1624 2077 1678 pravas
2112 1613 2439 1681 suspiciones
2482 1615 2659 1668 statim
2698 1614 2767 1669 ab
2813 1615 2964 1670 initio
3001 1617 3334 1684 exscindere,

1761 1709 2100 1755 accusatores
2127 1701 2194 1757 de
2233 1703 2500 1757 contrario
2527 1704 2909 1772 persuadendo,
2955 1707 3161 1762 etiamsi
3204 1708 3277 1763 illi
3308 1724 3340 1764 a

1762 1790 1967 1845 ratione
1986 1791 2296 1846 alienissimi
2317 1793 2423 1848 sint
2444 1793 2686 1849 :demum
2712 1795 2842 1851 nihil
2865 1805 3011 1852 retro
3037 1799 3337 1868 relinquere

1760 1883 2030 1949 convenit,
2086 1884 2229 1954 quod
2268 1900 2479 1954 pravam
2521 1886 2542 1917 ³
2582 1887 2885 1956 Opinionem
2926 1889 3107 1945 delere
3131 1892 3333 1959 possit:

1761 1975 1841 2028 sin
1872 1988 2019 2039 vero,
2050 1985 2328 2045 postquam
2372 1978 2549 2032 omnia
2574 1979 2999 2046 praestiterimus,
3039 1981 3207 2035 nolint
3244 1997 3334 2036 ac-

1761 2076 2034 2121 cusatores
2076 2082 2278 2121 morem
2321 2083 2526 2138 gerere,
2572 2078 2697 2124 tunc
2724 2078 3033 2139 contemptu
3055 2086 3187 2141 opus
3214 2074 3332 2127 erit.

1758 2156 2197 2227 Quandoquidem
2228 2158 2272 2212 si
2302 2159 2420 2229 quis
2455 2158 2667 2214 casibus
2693 2159 2995 2229 hujusmodi
3032 2160 3210 2215 animo
3236 2161 3336 2216 de-

1753 2248 1987 2318 jiciatur,
2030 2249 2075 2302 is
2116 2265 2399 2320 numquam
2431 2251 2626 2320 poterit
2663 2250 2932 2322 quidpiam
2977 2253 3222 2321 generosi
3250 2254 3334 2308 vel

1757 2338 2052 2394 admirandi
2082 2349 2357 2409 prazstare.
2384 2340 2518 2395 Nam
2562 2355 2760 2397 mteror
2795 2342 2958 2396 animi
3004 2342 3334 2414 assiduaeque

1756 2430 2141 2486 Sollicitudines
2186 2432 2351 2486 animi
2394 2433 2501 2487 vim
2532 2442 2870 2502 prosternere
2898 2444 3141 2504 possunt,
3185 2444 3239 2492 et
3278 2436 3330 2491 in

1756 2530 2047 2576 extremam
2080 2522 2495 2577 imbecillitatem
2515 2523 2798 2577 deducere.
2829 2524 2916 2579 Sic
2936 2524 3094 2594 igitur
3120 2535 3335 2594 oportet

1755 2611 2085 2667 sacerdotem
2112 2628 2236 2682 erga
2260 2612 2500 2668 subditos
2535 2613 2780 2668 affectum
2823 2628 2963 2680 esse,
2994 2624 3048 2669 ut
3075 2625 3226 2685 pater
3252 2628 3333 2671 est

1753 2717 1876 2773 erga
1922 2704 2236 2759 tenerrimos
2280 2704 2544 2758 lilioszac
2589 2702 3033 2773 quemadmodum
3081 2707 3183 2759 illis
3231 2724 3330 2761 nec

1755 2794 2233 2859 insolescentibus,
2288 2809 2385 2848 nec
2432 2795 2884 2864 percutientibus,
2932 2810 3032 2850 nec
3085 2795 3332 2851 flentibus

1751 2900 2171 2949 commoremur,
2217 2885 2311 2940 sed
2340 2900 2510 2955 neque
2538 2900 2657 2940 cum
2702 2901 2797 2940 nos
2841 2884 3021 2940 ellusis
3058 2886 3330 2941 cachinnis

1752 2973 2039 3041 irriserint,
2070 2974 2352 3029 admodum
2383 2990 2649 3042 curamus,
2677 2976 2747 3030 ita
2773 2991 2871 3030 nec
2892 2976 3078 3031 horum
3107 2977 3189 3031 vel
3216 2978 3329 3030 lau-

1750 3065 1906 3122 dibus
1933 3066 2307 3130 intumescere,
2344 3066 2425 3122 vel
2467 3066 2739 3137 vituperiis
2766 3066 2921 3137 dejici
2947 3076 3175 3137 oportet,
3207 3083 3325 3123 cum

1751 3160 1866 3216 haec
1901 3162 1975 3217 illi
2018 3161 2386 3231 intempetive
2416 3159 2631 3215 faciunt.
2673 3158 2845 3216 Grave
2880 3160 3005 3215 illud
3047 3170 3149 3227 est,
3186 3175 3221 3215 ο
3247 3162 3328 3214 vir

1749 3252 1924 3318 beate,
1952 3254 2059 3307 imo
2085 3253 2188 3307 tale
2221 3255 2445 3308 fortasse
2471 3261 2618 3321 puto,
2641 3250 2781 3322 quod
2813 3252 3047 3320 prmstari
3069 3267 3172 3305 non
3200 3266 3327 3321 pos-

1749 3346 1835 3400 sit.
1878 3344 2148 3415 Siquidem
2180 3345 2447 3409 laudatum
2492 3344 2758 3398 hominem
2799 3359 2901 3397 non
2941 3343 3190 3413 gaudere,
3235 3360 3327 3397 nc-

1748 3440 1861 3493 scio
1888 3454 1954 3493 an
1983 3438 2209 3508 cuipiam
2233 3438 2312 3493 vel
2344 3452 2532 3507 magna
2571 3438 2764 3492 virtute
2803 3435 3024 3506 praedito
3050 3436 3323 3490 acciderit.

1747 3531 2077 3587 Gaudentem
2114 3545 2245 3585 vero
2286 3544 2506 3584 necesse
2530 3528 2737 3583 videtur
2763 3527 2814 3581 id
2849 3527 3149 3582 desiderare
3186 3527 3327 3581 unde

1746 3623 1935 3695 gaudio
1963 3623 2173 3691 fruitur,
2200 3622 2587 3677 desiderantem
2616 3636 2776 3691 porro
2807 3619 2998 3690 gaudio
3025 3618 3146 3682 frui,
3175 3635 3324 3688 pror-

1748 3732 1839 3772 sus
1886 3731 2103 3772 necesse
2132 3725 2234 3783 est,
2271 3717 2315 3771 si
2344 3715 2396 3769 id
2427 3729 2532 3769 non
2573 3721 2943 3783 consequatur,
2976 3712 3177 3777 dolere,
3209 3720 3320 3766 tor-

1746 3810 1917 3881 queri,
1973 3809 2217 3874 cruciari,
2272 3824 2335 3863 ac
2384 3821 2614 3862 maerore
2654 3805 2814 3860 affici.
2866 3804 3319 3872 Quemadmodum

1746 3901 1886 3956 enim
1910 3900 1968 3969 ii,
1995 3899 2084 3969 qui
2112 3899 2164 3953 in
2192 3899 2389 3953 divitiis
2412 3898 2678 3961 lzetantur,
2706 3897 2752 3952 si
2774 3895 2986 3967 quando
3013 3896 3064 3949 in
3093 3909 3319 3966 pauper-

1748 3998 1909 4044 tatem
1952 3988 2220 4055 decidant,
2265 4003 2405 4059 :egre
2433 3986 2611 4043 ferunt
2638 4005 2651 4042 :
2677 3994 2732 4041 et
2760 3985 2865 4054 qui
2908 3984 3147 4039 delicatis
3184 3985 3322 4040 cibis

1746 4088 2114 4145 assueverunt,
2151 4096 2433 4150 numquam
2465 4079 2730 4149 patiantur
2758 4076 2901 4134 tenui
2934 4078 3006 4131 uti
3036 4077 3204 4131 victus
3230 4092 3317 4129 ra-

1748 4173 1892 4229 tione
1921 4191 1935 4228 :
1963 4173 2042 4229 sic
2064 4183 2118 4228 et
2144 4172 2313 4227 laudis
2339 4181 2623 4235 amatores,
2654 4186 2760 4226 non
2786 4170 2941 4224 modo
2969 4184 3089 4225 cum
3118 4179 3319 4223 temere

1749 4266 2132 4335 vituperantur,
2161 4264 2253 4320 sed
2282 4265 2439 4319 etiam
2468 4278 2588 4318 cum
2627 4278 2732 4317 non
2769 4260 2981 4318 assidue
3021 4261 3319 4325 laudantur,

1748 4375 1844 4413 ceu
1875 4358 2013 4413 fame
2043 4357 2267 4428 quadam
2307 4356 2717 4419 contabescunt;
2747 4354 2975 4408 maxime
3019 4354 3063 4408 si
3105 4353 3156 4407 in
3193 4354 3320 4422 ipsis

1748 4449 1990 4504 laudibus
2010 4448 2215 4503 educati
2239 4446 2450 4510 fuerint,
2482 4455 2572 4500 aut
2591 4445 2635 4500 si
2656 4445 2787 4499 alios
2809 4444 3007 4499 laudari
3031 4444 3314 4498 audierint.

1747 4542 1845 4608 Qui
1870 4556 1996 4597 vero
2021 4556 2138 4595 cum
2171 4540 2259 4595 tali
2287 4539 2533 4609 cupidine
2558 4539 2611 4592 in
2637 4536 2890 4592 doctrina:
2925 4545 3190 4591 certamen
3228 4536 3322 4590 de-

1750 4631 2033 4695 scenderit,
2064 4646 2219 4701 quam
2263 4630 2440 4685 multis
2471 4630 2614 4683 illum
2662 4627 2910 4697 negotiis,
2941 4641 3099 4697 quam
3144 4627 3323 4681 multis

1746 4722 2017 4778 doloribus
2036 4721 2320 4776 obnoxium
2346 4721 2459 4776 fore
2488 4719 2675 4789 putas?
2700 4718 2879 4789 Neque
2902 4733 3047 4774 mare
3073 4734 3321 4789 umquam

1750 4825 1922 4887 potest
1947 4814 2191 4869 ﬂuctibus
2218 4829 2422 4882 carere,
2450 4828 2622 4885 neque
2659 4813 2797 4867 illius
2825 4811 3035 4866 animus
3061 4812 3319 4867 sollicitus

1746 4910 1871 4965 dine
1897 4917 1951 4964 et
1976 4906 2246 4962 maestitia.

1818 5002 1875 5056 5.
1908 4999 2125 5053 Erudito
2149 4998 2261 5068 plus
2290 4997 2442 5050 studii
2479 5005 2525 5049 et
2552 4995 2826 5065 diligentia:
2861 5011 2987 5065 opus
3019 5010 3145 5060 esse,
3172 5009 3321 5062 quam

1746 5091 2015 5147 inerudito.
2042 5118 2114 5132 —-
2137 5089 2269 5145 Nam
2297 5089 2340 5141 si
2368 5087 2414 5141 is
2437 5087 2591 5142 fuerit
2618 5101 2801 5155 magna
2827 5085 3032 5139 dicendi
3060 5083 3111 5138 vi
3133 5083 3323 5152 praedi-

1748 5195 1832 5238 tus
1857 5182 1983 5257 (hoc
2005 5193 2179 5237 autem
2210 5180 2260 5234 in
2290 5178 2469 5249 paucis
2494 5174 2799 5245 invenitur),
2829 5191 2895 5231 ne
2915 5176 2989 5228 sic
3016 5175 3225 5243 quidem
3255 5173 3322 5227 ab

1751 5273 1965 5330 assiduo
1986 5272 2147 5328 animi
2178 5284 2405 5325 mterore
2438 5283 2630 5323 vacuus
2674 5267 2793 5323 erit.
2827 5266 3034 5321 Etenim
3070 5279 3187 5319 cum
3215 5264 3327 5319 elo-

1753 5363 2020 5438 quentiam
2061 5377 2164 5417 non
2193 5371 2398 5427 natura,
2430 5359 2523 5414 sed
2565 5356 2840 5426 disciplina
2882 5354 3071 5424 pariat,
3099 5355 3222 5409 licet
3260 5355 3325 5408 ad

1749 5473 2016 5514 summum
2058 5458 2173 5527 ejus
2213 5456 2415 5526 apicem
2443 5454 2558 5524 quis
2583 5450 2903 5522 pervenerit,
2952 5450 3020 5506 ab
3059 5450 3146 5504 illa
3192 5460 3332 5505 certe

1810 5655 1825 5685 ι
1868 5651 1971 5709 Alii,
1998 5650 2343 5711 intemptatum
2367 5647 2467 5711 injzz
2500 5650 2592 5711 ius;
2618 5662 2754 5709 unus,
2783 5648 3003 5699 molitm.

1808 5718 1826 5747 ¹
1868 5716 1963 5769 Alii,
1990 5713 2199 5771 t‘t'l.‘t;:o"‘u
2230 5726 2273 5762 ρ.

1812 5778 1831 5809 ⁸
1867 5776 1965 5831 διεδ,
1991 5790 2078 5823 non
2108 5788 2281 5823 ιρι-,ηιμ
