3922 6262
504 351 608 407 675

501 461 837 530 destituctur,
863 462 966 521 nisi
993 466 1208 522 assiduo
1231 468 1407 522 studio
1434 478 1488 524 et
1528 470 1906 526 exercitatione
1932 470 2073 525 illam

504 556 795 610 excoluerit
823 574 835 606 :
868 557 936 611 ita
967 567 1024 613 ut
1056 559 1222 629 magis
1259 559 1618 630 peritioribus,
1661 576 1817 631 quam
1861 562 2078 632 imperi-

506 645 730 699 tioribus
771 646 840 700 sit
893 647 1261 703 laborandum.
1308 649 1492 720 Neque
1534 652 1676 706 enim
1725 666 1822 720 par
1871 649 2077 720 jactura

507 743 774 805 utrosque,
801 739 1182 810 sinegligentes
1211 739 1424 807 fuerint,
1455 752 1665 807 manet;
1688 742 1782 797 sed
1803 751 1949 798 tanto
1971 758 2081 795 ma-

500 824 584 894 jor
619 825 752 892 hare,
797 839 1050 897 quantum
1090 840 1174 885 est
1214 831 1350 886 inter
1380 830 1623 900 peritiam
1671 841 1724 887 et
1762 831 2078 900 imperitiam

503 921 856 976 intervallum.
889 925 1061 993 Atque
1100 924 1222 978 illos
1245 925 1461 995 quidem
1492 939 1650 979 nemo
1680 925 1993 994 culpaverit,
2034 924 2081 979 si

503 1011 633 1065 nihil
661 1013 911 1067 eximium
938 1015 1240 1081 attulerint;
1264 1016 1350 1070 hic
1375 1031 1504 1070 vero
1532 1017 1633 1070 nisi
1668 1016 1934 1086 quidpiam
1964 1030 2079 1068 ma-

502 1101 591 1171 jus
635 1104 1046 1170 existimatione,
1091 1122 1195 1176 qua
1240 1109 1380 1162 valet
1421 1111 1560 1178 apud
1609 1123 1814 1174 omnes,
1868 1121 2081 1178 semper

505 1194 809 1262 protulerit,
845 1196 896 1248 in
943 1198 1180 1252 omnium
1221 1199 1690 1269 reprehensionem
1728 1201 1969 1254 incurrit.
1999 1199 2080 1254 Ad

505 1283 621 1338 haec
666 1285 742 1338 illi
788 1301 885 1355 pro
935 1287 1156 1342 modicis
1206 1291 1548 1345 concienibus
1603 1305 1846 1359 magnam
1889 1305 2082 1345 conse-

505 1385 738 1445 quuntur
767 1377 1013 1443 laudem;
1046 1379 1096 1432 hi
1133 1396 1280 1445 vero,
1311 1382 1412 1436 nisi
1453 1382 1712 1437 mirabilia
1745 1393 1798 1438 et
1823 1383 2082 1452 stupenda

507 1468 794 1537 proferant,
819 1486 922 1525 non
954 1473 1111 1525 modo
1135 1474 1372 1529 laudibus
1400 1475 1692 1543 privantur,
1730 1477 1824 1530 sed
1859 1476 2020 1530 etiam
2047 1491 2078 1530 a

506 1561 692 1615 multis
732 1562 1140 1633 redarguuntur.
1189 1565 1472 1621 Auditores
1500 1566 1693 1636 quippe
1732 1581 1835 1621 non
1877 1577 1982 1621 tam
2012 1566 2080 1622 de

506 1653 786 1718 concione,
817 1668 972 1722 quam
1001 1655 1067 1708 de
1101 1657 1462 1710 concionantis
1482 1657 1869 1712 existimatione
1894 1657 2082 1712 sedent

502 1741 728 1810 judices.
777 1743 1108 1815 Quapropter
1153 1748 1242 1801 ubi
1280 1748 1538 1818 quiSpiam
1585 1749 1862 1805 universos
1900 1748 1951 1802 vi
1997 1747 2079 1803 di-

505 1832 658 1887 cendi
683 1845 917 1904 superat,
942 1846 1050 1890 tum
1082 1837 1157 1891 illi
1187 1839 1325 1907 plus,
1353 1854 1510 1908 quam
1549 1841 1775 1907 caeteris,
1799 1840 1973 1895 studio
1999 1839 2078 1893 la-

503 1922 738 1994 boreque
772 1940 906 1995 opus
951 1938 1051 1982 est.
1100 1927 1281 1999 Neque
1321 1931 1462 1985 enim
1500 1931 1624 1986 licet
1660 1931 1732 1985 illi
1771 1932 1824 1986 id
1853 1930 2076 2001 perpeti,

503 2014 646 2083 quod
677 2016 772 2069 toti
810 2017 1054 2071 humana:
1100 2027 1302 2074 natura:
1342 2035 1624 2077 commune
1650 2031 1753 2088 est,
1786 2030 1844 2075 ut
1879 2021 2080 2076 scilicet

507 2121 615 2160 non
643 2121 854 2177 semper
877 2108 929 2162 in
955 2109 1200 2164 omnibus
1232 2111 1396 2179 probe
1425 2127 1536 2168 rem
1557 2122 1707 2182 gerat
1735 2131 1749 2167 :
1779 2111 1872 2167 sed
1893 2112 1938 2167 si
1963 2112 2072 2178 illa,

505 2215 624 2269 quae
660 2201 1025 2256 concionando
1049 2202 1194 2268 dicit,
1224 2219 1343 2258 cum
1385 2203 1538 2260 famae
1575 2205 1934 2276 magnitudine
1970 2220 2077 2259 non

507 2290 859 2359 consentiant,
887 2303 1177 2349 scommata
1206 2293 1530 2363 dicteriaque
1568 2311 1599 2349 a
1629 2296 1964 2351 multitudine
1987 2310 2076 2350 re-

506 2380 630 2436 fert.
658 2381 826 2437 Nemo
855 2400 1035 2440 secum
1066 2395 1275 2456 reputat
1301 2397 1394 2441 aut
1418 2387 1736 2442 incidentem
1767 2401 2075 2452 mterorent,

504 2485 597 2530 aut
621 2476 913 2546 angustiam
943 2479 1128 2544 animi,
1166 2478 1248 2534 vel
1278 2479 1702 2547 sollicitudinem,
1729 2481 1811 2536 vel
1841 2494 2080 2550 persaipe

507 2567 639 2623 iram
667 2571 858 2624 mentis
899 2571 1066 2626 aciem
1095 2573 1326 2628 tenebris
1369 2572 1639 2640 offudisse,
1681 2588 1852 2644 neque
1891 2575 2078 2630 sivisse

505 2672 660 2714 sensa
683 2660 796 2730 ejus
821 2675 952 2731 pura
982 2664 1292 2734 sinceraque
1318 2665 1529 2734 prodire
1557 2684 1568 2718 :
1593 2675 1750 2736 atque
1775 2667 1931 2719 homo
1956 2679 2080 2721 eum

504 2753 597 2819 sit,
644 2767 748 2807 non
776 2768 932 2824 posse
975 2770 1190 2825 semper
1237 2771 1360 2810 cum
1405 2757 1574 2826 ipsum
1623 2771 1760 2824 esse,
1811 2772 1984 2828 neque
2026 2757 2078 2812 in

506 2847 748 2902 omnibus
778 2862 1031 2920 prospere
1073 2865 1249 2920 agere,
1292 2850 1383 2904 sed
1412 2849 1555 2920 quod-
1602 2851 1711 2905 fieri
1757 2850 1913 2918 solet,
1941 2851 2081 2904 acci-

505 2937 637 2994 dere
675 2949 734 2994 ut
775 2955 1169 3011 nonnumquam
1199 2941 1421 3005 labatur,
1462 2956 1524 2996 ac
1566 2943 1770 2996 minora
1799 2956 1954 3012 quam
1983 2956 2080 3010 pro

505 3029 660 3083 solita
684 3030 878 3086 virtute
906 3031 1172 3088 exhibeat.
1202 3032 1340 3088 Nihil
1365 3032 1574 3097 horum,
1606 3042 1661 3087 ut
1684 3032 1812 3099 dixi,
1848 3033 2080 3104 cogitare

505 3120 730 3176 volunt:
758 3120 872 3188 sed,
905 3136 968 3176 ac
1017 3123 1061 3178 si
1107 3124 1175 3177 de
1214 3123 1404 3194 angelo
1438 3123 1694 3193 judicium
1735 3123 1954 3188 ferrent,
2007 3123 2077 3177 ita

506 3211 678 3280 ipsum
718 3210 1061 3282 redarguunt.
1107 3213 1354 3283 Alioquin
1394 3228 1518 3268 vero
1557 3214 1694 3268 solet
1741 3215 1901 3268 homo
1945 3229 2080 3283 prte-

505 3301 647 3367 clara
677 3303 904 3371 proximi
927 3304 1007 3359 sui
1037 3314 1203 3375 gesta,
1235 3307 1570 3374 quantumvis
1600 3305 1762 3360 multa
1787 3315 1840 3360 et
1866 3321 2073 3376 magna,

506 3396 811 3464 despicere;
857 3396 905 3451 si
944 3405 1120 3451 autem
1155 3397 1266 3452 vitii
1304 3397 1571 3468 quidpiam
1605 3407 1876 3468 appareat,
1906 3413 2076 3468 quan-

509 3486 701 3540 tumvis
747 3486 863 3541 leve
908 3487 996 3554 sit,
1037 3488 1278 3558 quamvis
1324 3489 1527 3557 jamdiu
1570 3491 1837 3555 acciderit,
1897 3489 2076 3545 statim

505 3577 855 3646 dignoscitur,
883 3579 1158 3634 confestim
1199 3581 1464 3651 arripitur,
1496 3593 1550 3636 et
1587 3599 1870 3653 numquam
1902 3599 1932 3638 e
1966 3599 2078 3640 me-

506 3670 674 3724 moria
713 3670 909 3724 excidit
933 3689 946 3725 :
971 3680 1128 3742 atque
1155 3673 1282 3727 illud
1323 3689 1575 3743 perquam
1614 3687 1769 3730 tenue
1799 3676 2076 3744 exiguum-

505 3777 624 3829 que,
662 3763 946 3818 multorum
985 3781 1399 3837 magnorumque
1433 3769 1666 3822 virorum
1706 3783 1848 3838 saepe
1882 3771 2074 3823 famam

508 3856 790 3912 imminuit.

576 3949 628 4004 6.
668 3947 924 4003 Iudicium
974 3951 1307 4005 multitudinis
1350 3953 1594 4022 imperita:
1634 3970 1733 4006 non
1771 3969 1876 4008 esse
1907 3968 2077 4009 conte-

505 4041 1050 4105 mucndum.Vidcs,
1142 4044 1226 4096 vir
1244 4057 1522 4111 generose,
1547 4059 1665 4097 eum
1697 4046 1782 4114 qui
1804 4045 2076 4099 vidicendi

507 4129 762 4200 praeditus
804 4132 892 4197 sit,
941 4133 1145 4202 majore
1184 4133 1535 4187 sollicitudine
1574 4149 1709 4202 opus
1749 4135 1986 4191 habere:
2016 4151 2079 4191 ac

507 4232 702 4292 praeter
726 4222 957 4277 studium
990 4233 1132 4278 tanta
1163 4225 1438 4280 tolerantia
1466 4226 1722 4297 indigere,
1749 4236 1941 4295 quanta
1973 4243 2075 4282 non

508 4327 714 4379 omnes,
747 4329 970 4382 quorum
1014 4315 1159 4383 prius
1199 4317 1436 4382 memini,
1486 4331 1620 4386 epus
1663 4317 1912 4372 habuere.
1946 4318 2075 4372 Nam

506 4403 656 4457 multi
695 4417 838 4472 smpe
884 4404 1029 4458 illum
1080 4413 1280 4460 temere
1315 4406 1645 4471 adoriuntur,
1695 4417 1746 4461 et
1788 4423 1908 4462 cum
1948 4409 2076 4463 nihil

504 4495 742 4550 criminis
762 4494 939 4550 oll'erri
967 4497 1151 4564 possit,
1183 4512 1287 4551 non
1310 4497 1464 4551 aliam
1491 4497 1597 4552 odii
1625 4513 1835 4553 causam
1859 4499 2072 4564 habent,

505 4601 664 4656 quam
686 4587 807 4656 quia
837 4586 976 4656 apud
1014 4601 1200 4642 omnes
1229 4587 1364 4644 bene
1399 4589 1566 4644 audit.
1600 4589 1796 4644 Horum
1826 4591 2076 4646 invidiam

506 4675 713 4730 fortiter
746 4675 885 4731 ferre
925 4691 1018 4745 par
1053 4685 1135 4732 est
1201 4693 1321 4732 nam
1351 4679 1730 4734 exsecrandum
1778 4679 2073 4749 hujusmodi

504 4767 706 4834 odium,
750 4766 891 4837 quod
933 4776 1132 4824 temere
1168 4781 1544 4840 conceperunt,
1589 4787 1708 4827 cum
1748 4781 1925 4842 tegere
1969 4788 2074 4827 non

505 4857 733 4924 valeant,
762 4859 895 4912 clam
931 4861 1314 4929 conviciantur,
1361 4862 1622 4929 incusant,
1664 4863 2073 4932 calumniantur,

505 4948 786 5018 palamque
820 4949 1072 5005 malitiam
1101 4961 1376 5007 exercent.
1413 4955 1634 5010 Animus
1670 4966 1843 5009 autem
1873 4956 1963 5026 qui
2007 4957 2074 5010 ad

505 5038 596 5092 illa
632 5039 836 5109 singula
875 5041 1058 5098 dolere
1095 5052 1252 5114 atque
1277 5044 1472 5099 irritari
1519 5046 1760 5114 emperit,
1806 5063 1909 5102 non
1941 5049 2073 5103 ultra

507 5132 752 5204 progredi
793 5144 985 5204 potest,
1028 5135 1122 5191 sed
1151 5137 1333 5193 dolore
1358 5139 1701 5194 contabescit.
1732 5139 1940 5194 Etenim
1969 5157 2073 5195 non

505 5239 600 5293 per
625 5240 682 5279 se
704 5234 904 5280 tantum
941 5243 999 5283 se
1029 5228 1127 5298 ipsi
1162 5229 1500 5293 ulciscuntur,
1538 5229 1630 5285 sed
1667 5231 1824 5284 etiam
1849 5231 2074 5286 aliorum

505 5325 723 5370 utuntur
747 5332 906 5386 opera
931 5337 942 5373 :
963 5335 1026 5374 ac
1052 5335 1194 5390 saepe
1229 5337 1389 5376 unum
1417 5321 1716 5391 quempiam
1744 5321 1948 5376 dicendi
1977 5323 2076 5376 im-

510 5409 732 5475 peritum
753 5419 1081 5480 coaptantes,
1110 5413 1351 5469 laudibus
1383 5415 1652 5471 celebrant
1687 5430 1749 5469 ac
1775 5429 1932 5482 supra
1958 5432 2073 5470 me-

512 5502 669 5552 ritutn
720 5501 1067 5572 admirantur,
1121 5506 1208 5559 alii
1253 5506 1430 5561 furore
1460 5507 1623 5571 ducti,
1670 5507 1760 5561 alii
1812 5508 2072 5576 imperi.ia

509 5591 664 5644 simul
691 5602 745 5646 et
783 5593 945 5650 livore
984 5595 1231 5664 impulsi;
1260 5611 1363 5652 non
1386 5607 1441 5651 ut
1466 5597 1757 5652 mirabilem
1792 5599 2075 5654 exhibeant

509 5696 652 5748 eum,
708 5685 798 5753 qui
854 5685 972 5740 talis
1022 5701 1126 5741 non
1165 5699 1264 5752 est,
1306 5687 1400 5743 sed
1445 5702 1501 5741 ut
1544 5687 1699 5757 hujus
1749 5689 1970 5759 gloriam
2008 5690 2074 5745 de

510 5775 682 5831 medio
716 5777 921 5833 tollant.
951 5780 1128 5852 Neque
1167 5783 1420 5840 adversus
1463 5773 1592 5837 i'stos
1631 5790 1828 5835 tantum
1859 5781 2070 5838 athletae

1200 353 1258 414 S.
1296 355 1573 413 JOANNlS
1606 357 2084 415 CllllYSOSTOMl
2117 356 2436 414 ARCHIEP.
2477 356 3005 413 CONSTANTINOP.

3648 358 3752 412 676

2185 469 2258 523 illi
2289 479 2560 523 certamen
2588 480 2688 534 est,
2718 469 2811 522 sed
2843 469 3150 538 plerumque
3171 469 3424 524 adversus
3461 472 3627 526 totius
3655 487 3753 541 po-

2181 560 2289 628 puli
2321 559 2655 629 imperitiam.
2683 560 2812 626 Quia
2840 560 2979 612 euim
3013 561 3125 615 fieri
3153 561 3351 631 nequit,
3377 572 3435 616 ut
3475 570 3620 617 totus
3646 578 3756 617 em-

2183 660 2265 704 tns
2301 665 2369 705 ex
2408 650 2627 704 literatis
2653 649 2778 702 viris
2821 649 3098 713 eoaluerit,
3141 651 3234 705 sed
3269 666 3458 720 magna
3500 652 3758 708 Ecclesia:

2182 755 2306 809 pars
2357 756 2422 794 ex
2463 740 2639 794 idiotis
2662 747 2902 804 constat;
2944 739 3132 808 reliqui
3164 754 3290 795 vero
3322 742 3424 797 illis
3452 743 3757 812 sagaciorcs

2182 831 2394 900 quidem
2437 840 2578 897 sunt,
2623 831 2718 885 sed
2761 830 2830 884 ab
2881 831 2964 896 iis,
3016 830 3105 899 qui
3151 829 3218 884 de
3261 830 3467 886 dicendi
3508 833 3758 887 facultate

2178 923 2436 994 judicium
2463 923 2602 978 ferre
2626 923 2820 988 valent,
2855 931 3056 975 tantum
3083 921 3547 988 numerodistant,
3580 940 3754 994 quan-

2183 1027 2294 1070 tum
2321 1016 2478 1070 iidem
2503 1031 2535 1068 a
2559 1015 2779 1084 reliquis
2808 1014 3052 1068 omnibus
3083 1031 3098 1068 :
3121 1029 3255 1068 unus
3279 1014 3482 1069 scilicet
3507 1017 3592 1070 vel
3619 1019 3757 1072 alter

2151 1107 2334 1162 'sedet
2362 1109 2461 1161 hac
2495 1107 2748 1177 pratditus
2772 1106 3038 1169 facultate,
3081 1121 3402 1176 necesseque
3445 1115 3528 1161 est
3569 1115 3629 1161 ut
3666 1110 3756 1178 qui

2184 1197 2518 1266 eloquentius
2544 1196 2756 1261 dixertt,
2783 1197 3040 1250 minorem
3071 1194 3172 1248 sibi
3211 1194 3453 1264 plausum
3479 1198 3752 1262 conciliet,

2183 1300 2236 1344 et
2265 1289 2549 1358 aliquando
2573 1289 2690 1342 sine
2718 1283 2872 1341 laude
2911 1287 3169 1347 discedat.
3198 1286 3337 1342 Sane
3362 1297 3545 1348 contra
3572 1288 3756 1358 hujus-

2183 1379 2326 1433 modi
2371 1378 2835 1447 inaequabilitatem
2883 1378 3118 1430 animum
3161 1393 3418 1446 generose
3454 1394 3756 1448 praeparare

2183 1470 2355 1534 decet,
2385 1471 2556 1539 iisque
2581 1484 2797 1538 parcere
2816 1469 2906 1538 qui
2938 1483 3031 1536 per
3051 1469 3396 1537 ignorantiam
3420 1470 3548 1525 illud
3565 1479 3752 1542 agunt,

2186 1577 2280 1617 eos
2305 1571 2504 1626 autem,
2538 1561 2627 1630 qui
2651 1575 2745 1628 per
2769 1559 3036 1622 invidiam,
3068 1568 3127 1613 ut
3167 1560 3390 1615 miseros
3412 1561 3755 1633 infelicesque

2181 1654 2479 1724 deplorare,
2503 1669 2534 1708 a
2560 1662 2851 1722 neutroque
2885 1653 3072 1707 horum
3099 1653 3362 1723 quidpiam
3393 1666 3577 1723 putare
3600 1671 3632 1708 a
3656 1671 3752 1709 sua

2180 1746 2232 1801 vi
2273 1743 2479 1799 dicendi
2519 1758 2639 1799 esse
2677 1743 2988 1799 detractum.
3027 1743 3207 1813 Neque
3250 1745 3389 1798 enim
3435 1746 3480 1800 si
3521 1748 3752 1816 optimus

2181 1834 2374 1904 pictor,
2402 1833 2493 1904 qui
2515 1848 2700 1888 omnes
2725 1833 2778 1886 in
2803 1833 2900 1888 hac
2921 1841 3036 1887 arte
3070 1834 3352 1902 praecellat,
3383 1849 3634 1905 perquam
3661 1837 3745 1890 di-

2181 1927 2406 1998 ligenter
2430 1941 2464 1980 a
2490 1941 2550 1982 se
2561 1926 2821 1996 depictam
2839 1925 3119 1996 imaginem
3145 1927 3211 1979 ab
3237 1923 3492 1994 imperitis
3523 1927 3750 1984 derideri

2179 2020 2376 2086 videat,
2406 2018 2526 2074 ideo
2547 2019 2708 2075 debet
2731 2019 2908 2072 animo
2934 2018 3235 2084 concidere,
3264 2033 3362 2072 nec
3387 2019 3748 2088 imperitorum

2177 2112 2378 2184 judicio
2400 2113 2657 2184 picturam
2684 2113 2832 2182 parvi
2860 2112 3083 2177 ducere;
3109 2112 3550 2182 quemadmodum
3577 2129 3748 2182 neque

2179 2207 2440 2276 picturam
2465 2219 2586 2275 quae
2612 2203 2760 2258 nihili
2787 2205 2875 2270 sit,
2915 2218 2980 2258 ex
3006 2203 3368 2273 imperitorum
3405 2203 3752 2258 admiratione

2178 2299 2356 2368 magni
2386 2295 2580 2353 facere.

2251 2391 2306 2444 7.
2346 2388 2616 2444 Sermones
2639 2403 2808 2442 omnes
2836 2403 2894 2442 eo
2936 2396 3131 2441 tantum
3165 2397 3219 2440 ut
3254 2385 3364 2441 Deo
3390 2388 3649 2457 placentur
3673 2389 3751 2440 di-

2179 2480 2414 2553 rigenda:
2458 2477 2821 2535 essenNam
2867 2479 3099 2548 optimus
3133 2479 3320 2534 artifex
3373 2480 3490 2548 ipse
3533 2493 3750 2534 suorum

2181 2572 2511 2644 opiciorum
2535 2573 2702 2644 judex
2727 2583 2863 2640 esto,
2893 2582 2946 2628 et
2975 2575 3185 2643 pulchra
3213 2573 3419 2628 foedave
3449 2573 3534 2627 illa
3561 2575 3748 2628 existi-

2179 2677 2311 2732 met,
2332 2681 2455 2721 cum
2484 2681 2636 2721 mens
2673 2666 2877 2734 eadem,
2918 2683 3036 2738 qua:
3065 2668 3146 2720 illa
3186 2667 3367 2732 edidit,
3393 2667 3535 2721 hunc
3574 2668 3752 2723 calcu-

2184 2758 2293 2812 lum
2337 2756 2510 2813 feret:
2541 2757 2766 2814 aliorum
2809 2755 2986 2812 autem
3027 2759 3329 2827 Opinionem
3374 2773 3652 2813 erroneam
3696 2771 3750 2813 et

2181 2848 2312 2904 artis
2356 2848 2654 2918 imperitam
2701 2863 2768 2903 ne
2812 2847 2867 2903 in
2909 2859 3085 2903 mente
3122 2849 3333 2918 quidem
3383 2859 3620 2918 reponat.
3673 2850 3752 2906 Ne

2182 2939 2360 3009 itaque
2386 2942 2431 2993 is
2450 2939 2540 3009 qui
2567 2938 2823 2994 doctrina:
2842 2939 3076 2994 laborem
3107 2939 3357 3008 suscepit,
3379 2941 3602 2994 aliorum
3632 2941 3748 2995 lau-

2181 3031 2277 3086 des
2314 3031 2570 3096 attendat,
2627 3046 2798 3101 neque
2844 3031 2926 3086 his
2965 3031 3330 3087 deficientibus
3372 3032 3605 3086 animum
3656 3032 3749 3087 de-

2181 3122 2462 3192 spondeat.
2493 3123 2688 3177 Verum
2727 3138 3029 3178 sermonem
3070 3139 3224 3176 suum
3261 3123 3328 3178 ad
3375 3125 3466 3179 Dei
3499 3124 3744 3193 placitum

2180 3215 2506 3269 concinnans
2529 3213 2668 3284 (hate
2707 3214 2848 3268 enim
2874 3213 2988 3282 ejus
3019 3229 3220 3278 norma,
3253 3214 3340 3269 hic
3380 3216 3634 3268 terminus
3659 3231 3744 3268 ar-

2181 3305 2330 3360 tificii
2353 3305 2511 3360 debet
2546 3319 2684 3371 esse,
2715 3320 2820 3359 non
2849 3305 3064 3374 plausus
3092 3305 3175 3360 vel
3203 3303 3428 3376 laudes),
3461 3305 3504 3358 si
3535 3305 3743 3374 quidem

2180 3398 2248 3453 ab
2273 3397 2575 3452 hominibus
2600 3398 2759 3452 etiam
2799 3397 3061 3464 laudetur,
3090 3397 3271 3452 laudes
3295 3413 3361 3451 ne
3396 3397 3633 3465 rejiciat;
3665 3398 3740 3450 sin

2181 3489 2364 3545 laudes
2398 3489 2466 3542 ab
2507 3488 2833 3544 auditoribus
2875 3504 2980 3543 non
3023 3487 3237 3554 referat,
3277 3503 3342 3541 ne
3367 3497 3573 3557 quaerat
3613 3488 3740 3550 illas,

2181 3597 2282 3638 nec
2310 3581 2428 3638 ideo
2461 3581 2656 3636 doleat.
2684 3580 2949 3635 Laborem
2971 3582 3167 3651 quippe
3185 3580 3431 3634 solatium
3461 3579 3594 3633 illud
3621 3580 3742 3633 satis

2179 3673 2285 3728 erit
2307 3673 2647 3743 omniumque
2670 3673 2980 3738 maximum,
3010 3673 3057 3727 si
3088 3673 3330 3727 conscius
3356 3673 3455 3726 sibi
3485 3672 3660 3736 fuerit,
3689 3687 3744 3726 se

2180 3766 2246 3820 ad
2272 3766 2363 3820 Dei
2392 3765 2638 3834 placitum
2664 3765 2955 3819 doctrinam
2976 3765 3320 3818 concinnasse
3348 3778 3520 3816 suam.

2251 3856 2306 3911 8.
2349 3856 2448 3920 Qui
2487 3872 2588 3910 non
2624 3857 2686 3909 sit
2713 3854 2921 3908 laudum
2956 3864 3283 3923 contemptor,
3314 3855 3355 3906 ei
3395 3852 3554 3906 multa
3579 3853 3750 3923 gravia

2181 3948 2425 4002 accidere.
2557 3946 2689 4001 Nam
2733 3948 2776 4002 si
2825 3947 3094 4015 contingat
3130 3960 3249 4000 eum
3293 3945 3460 3998 laudis
3502 3944 3749 4013 cupidine

2180 4039 2381 4109 abripi,
2429 4038 2556 4092 nihil
2601 4037 2856 4107 juvabunt
2911 4037 3150 4105 ingentes
3197 4037 3270 4091 illi
3323 4035 3569 4101 labores,
3621 4035 3746 4088 nihil

2179 4131 2389 4186 dicendi
2443 4131 2681 4185 facultas.
2732 4129 2952 4183 Animus
2992 4129 3155 4188 enim.
3185 4128 3274 4196 qui
3317 4128 3504 4181 stultas
3549 4126 3744 4180 multo-

2180 4239 2298 4277 rum
2339 4223 2777 4292 reprehensiones
2813 4223 2950 4276 ferre
2993 4222 3188 4289 nequit,
3215 4219 3539 4283 dissolvitur,
3577 4233 3640 4272 ac
3663 4218 3746 4271 di-

2181 4315 2333 4369 cendi
2377 4313 2608 4369 studium
2645 4312 2840 4382 abjicit.
2871 4311 3223 4378 Quamobrem
3269 4309 3365 4363 hac
3403 4311 3630 4379 primum
3660 4309 3743 4361 di-

2179 4405 2401 4475 sciplina
2453 4402 2616 4459 imbui
2657 4417 2752 4472 par
2785 4412 2885 4466 est,
2931 4417 3120 4470 nempe
3159 4401 3572 4456 contemnendas
3625 4414 3742 4453 esse

2181 4495 2384 4551 laudes.
2430 4494 2612 4566 Neque
2655 4494 2796 4549 enim
2838 4495 2967 4547 satis
3007 4501 3091 4547 est
3130 4490 3337 4546 dicendi
3378 4491 3426 4542 vi
3468 4489 3741 4558 praeditum

2180 4604 2299 4645 esse
2318 4588 2384 4643 ad
2411 4603 2527 4644 eam
2558 4587 2856 4643 facultatem
2881 4585 3315 4647 conservandam,
3348 4584 3444 4638 nisi
3467 4582 3568 4637 hoc
3586 4583 3745 4637 etiam

2179 4679 2338 4735 adsit.
2369 4678 2520 4746 Quod
2559 4679 2605 4734 si
2651 4678 2770 4748 quis
2809 4692 2930 4732 eum
2969 4685 3213 4730 accurate
3250 4675 3553 4729 examinare
3597 4674 3741 4735 velit,

2179 4771 2270 4842 qui
2295 4769 2542 4825 facultate
2576 4771 2674 4824 ista
2699 4777 2864 4834 caret,
2891 4767 3182 4836 comperiet
3223 4781 3326 4820 non
3357 4766 3530 4818 minus
3569 4764 3742 4828 illum,

2178 4877 2334 4936 quam
2363 4863 2502 4918 hunc
2519 4861 2730 4918 laudum
2757 4869 3062 4929 contemptu
3085 4874 3260 4929 egere.
3289 4857 3418 4913 Nam
3445 4857 3490 4911 si
3515 4871 3545 4910 a
3575 4871 3738 4925 popu-

2180 4959 2306 5013 laris
2335 4972 2479 5013 aura:
2499 4956 2744 5026 cupidine
2771 4955 2912 5010 vinci
2949 4969 3008 5010 se
3037 4953 3278 5022 patiatur,
3308 4951 3487 5006 multis
3512 4951 3564 5004 in
3590 4951 3742 5006 rebus

2180 5049 2478 5104 necessario
2499 5047 2786 5114 delinqnet.
2804 5046 2936 5101 Cum
2955 5046 3096 5100 enim
3115 5058 3181 5100 eo
3199 5042 3470 5114 pervenire
3497 5051 3744 5111 nequeat,

2181 5151 2238 5196 ut
2260 5141 2468 5196 dicendi
2499 5139 2652 5194 laude
2679 5138 2986 5193 orentibus
3009 5137 3226 5208 :equalis
3250 5136 3338 5200 sit,
3371 5136 3498 5205 ipsis
3526 5143 3638 5188 tum
3660 5135 3741 5187 in-

2181 5234 2382 5298 sidiari,
2416 5241 2528 5288 tum
2572 5231 2828 5296 invidere,
2865 5239 2972 5284 tum
2998 5231 3199 5284 crimen
3237 5228 3446 5291 offerre,
3477 5239 3584 5281 tum
3616 5228 3747 5280 alias

2181 5327 2402 5394 turpiter
2441 5323 2660 5393 injurias
2683 5322 2877 5376 inferre
2911 5336 3016 5375 non
3046 5319 3323 5385 dubitabit,
3365 5318 3458 5372 sed
3484 5317 3614 5371 nihil
3645 5332 3746 5371 non

2179 5419 2410 5480 audebit,
2454 5417 2660 5471 etiamsi
2699 5417 2928 5469 animam
2967 5414 3187 5484 perdere
3230 5427 3364 5482 Opus
3405 5411 3494 5473 sit,
3538 5421 3594 5463 ut
3637 5411 3748 5477 ejus

2178 5511 2400 5580 gloriam
2439 5512 2491 5564 in
2539 5525 2650 5564 sua:
2679 5509 2947 5565 tenuitatis
2983 5506 3338 5562 conditionem
3379 5504 3623 5560 deducat.
3665 5503 3741 5556 Ad

2179 5603 2296 5657 btec
2335 5618 2363 5654 a
2401 5601 2682 5656 sudoribus
2721 5600 3090 5669 laboribusque
3132 5597 3433 5661 abstinebit,
3477 5611 3576 5650 ceu
3615 5611 3739 5662 qua-

2181 5692 2300 5745 dant
2325 5691 2600 5760 torpedine
2625 5693 2742 5760 ejus
2780 5691 2956 5744 animo
2994 5688 3330 5746 circumfusa.
3360 5686 3489 5739 Nam
3521 5687 3737 5738 tnultum

2185 5781 2509 5838 laborantem
2538 5779 2794 5836 modicam
2833 5780 3031 5836 referre
3057 5778 3286 5846 laudem,
3324 5776 3372 5832 id
3413 5790 3539 5832 sane
3574 5775 3628 5829 in
3666 5775 3738 5829 al-
