3922 6236
61 334 157 389 {'75

60 450 184 502 (ιύδέ
240 449 355 519 γάρ
394 446 534 515 ὐπὲρ
572 444 681 497 τῶν
727 442 907 496 αὐτῶν
944 445 976 514 ή
1016 443 1187 515 ζημία
1231 446 1495 515 ἀμελοῦσι
1527 448 1739 511 τούτοις

62 539 359 599 κάκείνοις.
411 535 547 588 ἀλλά
589 531 844 585 τοσοῦτον
883 532 1023 603 αὕτη
1072 532 1302 595 πλείων,
1337 535 1461 588 ὅσον
1506 539 1598 590 καὶ
1641 537 1741 607 τῆς

61 628 311 695 κτήσεως
334 623 603 692 ἑκατέρας
635 620 697 672 τὸ
725 620 907 690 μέσον.
934 621 1223 683 Κάκείνοις
1244 622 1340 691 μὲν
1356 623 1462 676 οὐδ’
1480 624 1545 677 ἂν
1576 627 1743 692 ἐγκα-

1372 336 1458 380 ma
1498 328 1952 388 bACERDOTlO.
1998 333 2126 388 LIB.
2170 333 2231 387 ν.

3407 340 3511 395 676

1842 452 2051 523 τέρους,
2080 453 2189 505 τῶν
2217 453 2273 506 δὲ
2310 452 2498 520 λόγους
2527 454 2707 523 κρῖναι
2738 452 3049 523 δυναμένων
3075 453 3357 509 λείπεσθαι
3382 455 3514 509 πολ-

1842 538 1917 610 λῷ
1957 540 2139 601 πλέον,
2171 541 2203 611 ἢ
2230 542 2352 594 ὅσον
2384 541 2605 593 ἐκείνων
2630 544 2678 594 οἰ
2707 540 2882 595 λοιποί
2906 543 3126 608 πάντες,
3148 544 3245 598 ’ένα
3268 544 3323 596 δὲ
3359 543 3512 613 μόλις

1842 627 1874 698 ἢ
1906 628 2157 699 δεύτερον
2181 629 2450 701 καθῆσθαι
2475 629 2566 682 τὸν
2592 629 2791 699 ταύτην
2812 632 3147 703 κεκτημένον
3170 632 3265 702 τὴν
3290 630 3511 702 ἀρετὴν,

62 716 233 767 λέσειέ
270 730 375 775 τις,
414 712 582 782 μηδὲν
615 710 767 775 ἀξιον
818 710 977 776 λόγου
1018 709 1350 780 παρέχουσιν
1374 729 1387 741 '
1418 709 1562 765 οὗτοι
1587 713 1664 773 δὲ,
1694 714 1742 765 εἰ
1777 781 1802 788 Α
1842 717 2054 788 ἀνάγκη
2095 717 2186 769 τὸν
2226 718 2446 788 ἄμεινον
2488 718 2707 771 εἰπόντα
2756 717 3041 781 ἐλάττονας
3100 718 3513 785 ἀπενέγκασθαι

64 805 132 874 μὴ
169 802 400 871 μείζονα
428 801 529 869 τῆς
558 798 719 869 δόξης
739 838 754 860 ,
793 794 861 869 ἧς
888 798 1127 861 ἅπαντες
1166 800 1348 868 έχουσι
1383 801 1512 870 περὶ
1540 800 1741 864 αὐτῶν,

61 894 141 944 ἀεὶ
168 890 523 960 προφέροιεν,
553 888 726 941 πολλὰ
756 887 907 957 παρά
941 888 1162 940 πάντων
1207 888 1400 948 ἕπεται
1438 888 1505 941 τὰ
1554 888 1745 955 ἐγκλήο

64 995 225 1047 ματα.
266 978 410 1048 Πρὸς
441 977 499 1029 δὲ
536 975 747 1039 τούτοις
780 976 978 1028 ἐκεῖνοι
1018 975 1115 1045 μὲν
1152 977 1245 1027 καὶ
1276 976 1367 1027 ἐπὶ¹
1401 977 1619 1045 μικροῖς
1649 991 1744 1044 με-

64 1066 241 1133 γάλων
282 1064 348 1118 ἀν
389 1064 611 1133 τύχοιεν
642 1063 751 1116 τῶν
787 1061 1054 1126 ἐπαίνων,
1088 1062 1156 1115 τά
1204 1062 1262 1115 δὲ
1301 1062 1531 1127 τούτων,
1567 1061 1633 1115 ἀν
1669 1062 1743 1133 μὴ

62 1155 177 1206 λίαν
300 1150 595 1221 θαυμαστά
643 1153 737 1204 καὶ
785 1150 1091 1219 έκπληκτα,
1135 1149 1194 1203 οὐ
1234 1149 1396 1220 μόνον
1450 1150 1745 1219 ἐγκωμίων

65 1243 369 1311 ἐστέρηται.
399 1240 541 1292 ἀλλά
588 1241 683 1292 καὶ
731 1242 857 1303 τοὺς
904 1238 1289 1308 μεμφομένους
1334 1238 1448 1307 ἔχει
1492 1237 1740 1300 πολλούς.

65 1332 130 1381 03
162 1331 275 1400 γάρ
322 1332 438 1392 τοῖς
480 1329 830 1399 λεγομένοις,
862 1328 938 1390 ώς
972 1326 1150 1398 [418]
1179 1330 1299 1389 ταῖς
1328 1327 1436 1379 τῶν
1478 1327 1745 1395 λεγόντων

64 1418 260 1481 δῦξαις,
312 1416 585 1487 κάθηνται
631 1416 946 1479 δικάζοντες
994 1415 1044 1466 οἰ
1092 1414 1381 1484 ἀκροαταί.
1412 1415 1574 1467 Ὥστε
1616 1414 1745 1467 ὅταν

67 1510 237 1575 κρατῇ
269 1523 354 1567 τις
386 1504 642 1560 ἁπάντων
681 1505 739 1556 ἐν
765 1503 842 1573 τῷ
871 1503 1071 1571 λέγειν,
1106 1502 1229 1555 τότε
1253 1501 1489 1573 μάλιστα
1528 1502 1763 1559 πάντων,

67 1594 209 1663 αὐτῷ
231 1593 316 1645 δεῖ
333 1593 715 1665 πεπονημένης
737 1591 974 1661 σπουδῆς
988 1607 1003 1621 ·
1019 1591 1141 1644 οὐδὲ
1161 1591 1268 1664 γάρ
1304 1589 1463 1644 τοῦτο
1479 1631 1493 1653 ,
1511 1590 1541 1643 ὅ
1569 1590 1747 1645 κοινὸν

67 1682 157 1750 τῆς
188 1680 544 1751 ἀνθρωπείας
565 1681 777 1751 φύσεώς
803 1683 941 1744 ἐστι,
967 1681 1028 1733 τὸ
1065 1680 1139 1751 μὴ
1159 1680 1338 1732 πάντα
1370 1678 1748 1749 ἐπιτυγχάνειν

68 1770 273 1833 ἔξεστιν
304 1768 501 1839 ἐκείνῳ
549 1768 744 1822 παθεῖν
771 1785 783 1798 ·
820 1768 957 1831 ἀλλ’,
988 1767 1051 1822 ἂν
1084 1766 1158 1838 μὴ
1201 1766 1268 1819 δι’
1307 1766 1429 1819 ὅλου
1479 1768 1747 1837 συμφωνῇ

69 1857 138 1925 τῷ
180 1856 409 1926 μεγέθει
458 1857 559 1927 τῆς
594 1857 919 1929 ὑπολήψεως
956 1854 1123 1909 αὐτοῦ
1147 1856 1217 1909 τὰ
1244 1855 1536 1926 λεγόμενα,
1564 1853 1749 1924 σκώμ-

73 1964 209 2013 ματα
244 1947 422 2016 μυρία
453 1947 548 1998 καὶ
580 1945 817 2016 μέμψεις
859 1944 1037 1997 λαϐὼν
1074 1944 1260 1999 ἄπεισι
1295 1944 1447 2013 παρὰ
1476 1943 1585 1996 τῶν
1620 1943 1750 1995 πολ-

70 2034 189 2085 λῶν.
235 2035 352 2087 Καὶ
388 2034 570 2097 οὐδεὶς
614 2035 791 2087 ἐκεῖνο
824 2032 1097 2101 λογίζεται
1126 2032 1264 2103 πρὸς
1295 2031 1509 2093 ἑαυτὸν,
1534 2031 1617 2085 ὅτι
1653 2031 1749 2084 καὶ

71 2124 272 2193 ἀθυμία
297 2122 715 2194 προσπεσοῦσα,
744 2124 841 2176 καὶ
875 2122 1104 2191 ἀγωνία,
1148 2123 1242 2175 καὶ
1272 2122 1513 2193 φροντὶς,
1548 2119 1749 2173 πολλά-

72 2229 149 2273 κις
166 2212 223 2265 δὲ
256 2212 355 2265 καὶ
387 2212 560 2282 θυμὸς
587 2212 923 2283 ἐπεσκότησε
944 2223 971 2251 ιι
1000 2209 1080 2281 τῷ
1106 2211 1206 2281 τῆς
1235 2210 1475 2271 διανοίας
1499 2207 1748 2279 καθαρῷ.

73 2302 158 2351 καὶ
182 2301 252 2353 τὰ
294 2300 595 2371 τικτόμενα
622 2301 722 2353 οὐκ
754 2301 965 2371 ἀφῆκεν
999 2298 1284 2371 προελθεῖν
1320 2298 1583 2368 εἰλικρινῆ
1618 2311 1630 2324 ·
1659 2298 1752 2350 καὶ

72 2391 143 2441 ὅτι
181 2390 327 2452 ὅλως
369 2388 656 2459 ἄνθρωπον
688 2389 820 2444 ὅντα
855 2390 954 2443 οὐκ
982 2388 1098 2441 ἐστι
1130 2386 1218 2440 διὰ
1260 2387 1458 2451 παντὸς
1490 2381 1629 2440 εἶναι
1661 2386 1751 2440 τὸν

76 2477 263 2540 αὐτὸν,
299 2476 427 2529 οὐδέ
465 2479 525 2529 ἐν
564 2476 769 2531 ἀπασιν
812 2478 1127 2548 εὐημερεῖν,
1159 2476 1275 2529 ἀλλ’
1306 2475 1453 2539 εἰκός
1496 2491 1629 2528 ποτε
1658 2475 1752 2527 καὶ

74 2564 419 2635 διαμαρτεῖν,
452 2566 548 2618 καὶ
585 2566 845 2619 ἐλάττονα
888 2564 987 2635 τῆς
1020 2562 1228 2626 οίκείας
1276 2562 1551 2634 δειχθῆναι
1598 2562 1755 2615 δυνά-

80 2673 234 2722 μεως.
287 2656 512 2709 Τούτων
548 2656 733 2717 οὐδὲν,
763 2657 901 2727 ὅπερ
934 2654 1104 2726 ἔφην,
1152 2654 1401 2725 ἐννοῆσαι
1453 2650 1753 2721 βούλονται,

80 2745 184 2794 αλλ’
217 2744 420 2816 ὥσπερ
470 2746 689 2815 ἀγγέλῳ
722 2746 1039 2808 δικάζοντες
1084 2744 1353 2812 ἐπάγουσι
1402 2742 1502 2804 τάς
1555 2740 1753 2802 αἰτίας.

82 2835 177 2885 Καὶ
203 2834 388 2897 ἄλλως
414 2834 471 2887 δὲ
505 2834 752 2904 πέφυκεν
788 2834 1075 2906 ἄνθρωπος
1109 2834 1178 2887 τὰ
1218 2832 1320 2904 μὲν
1352 2828 1757 2902 κατορθώματα

80 2922 162 2973 τοῦ
190 2922 430 2993 πλησίον
469 2922 565 2975 καὶ
608 2922 780 2976 πολλά
824 2922 953 2975 ὅντα
990 2924 1085 2975 καὶ
1120 2921 1335 2992 μεγάλα
1379 2920 1626 2992 παρορᾷν
1660 2918 1759 2989 ’ἢν

80 3010 128 3062 δὲ
152 3010 452 3081 ἐλάττωμά
479 3027 582 3063 που
612 3012 778 3082 φανῇ,
810 3010 914 3064 κᾶν
948 3009 1010 3063 τὸ
1036 3009 1199 3081 τυχὸν
1222 3005 1277 3081 ᾗ,
1309 3007 1411 3062 κᾶν
1439 3008 1529 3061 διὰ
1561 3006 1758 3061 πολλοῦ

84 3099 456 3171 συμὸεόηκὺς,
493 3100 590 3152 καὶ
634 3098 1026 3152 ἐπαισθάνεται
1054 3098 1286 3169 ταχέως,
1321 3097 1416 3152 καὶ
1453 3095 1763 3167 ἐπιλαμὸάο

82 3205 225 3242 νεται
272 3188 589 3258 προχείρως
624 3189 718 3240 καὶ
761 3187 1036 3258 μέμνηται
1070 3187 1364 3249 διαπαντός
1392 3203 1405 3216 ·
1444 3187 1537 3239 καὶ
1572 3187 1633 3238 τὸ
1670 3202 1761 3253 μι-

86 3279 207 3347 κρὸν
248 3277 415 3329 τοῦτο
456 3278 550 3330 καὶ
598 3276 835 3340 εὐτελὲς,
865 3275 963 3348 τὴν
997 3276 1106 3329 τῶν
1145 3274 1358 3329 πολλῶν
1386 3275 1482 3329 καὶ
1512 3273 1765 3346 μεγάλων

84 3368 364 3435 ἠλάττωσε
402 3368 560 3432 δόξαν
592 3368 872 3431 πολλάκις.

151 3463 225 3520 ς’.
261 3457 453 3527 Ὀρᾷς,
474 3450 520 3509 ὦ
542 3458 778 3524 γενναῖε,
801 3457 883 3509 ὅτι
915 3455 1151 3526 μάλιστα
1174 3454 1255 3526 τῷ
1279 3454 1459 3523 λέγειν
1486 3452 1768 3523 δυναμένῳ

88 3545 329 3612 πλείονος
345 3545 425 3598 δεῖ
445 3535 544 3615 τῆς
566 3546 593 3584 b
618 3546 872 3617 σπουδῆς,
891 3546 1028 3616 πρὸς
1058 3545 1115 3598 δὲ
1145 3548 1210 3616 τῇ
1237 3544 1441 3615 σπουδῇ
1471 3544 1566 3595 καί⁵
1594 3541 1769 3606 ἀνεξι-

90 3635 278 3698 κακίας
309 3632 603 3703 τοσαύτης,
622 3634 754 3704 ὅσης
783 3634 904 3687 οὐδὲ
927 3634 1186 3699 ἅπαντες,
1207 3634 1366 3696 ὅσους
1392 3629 1656 3702 πρότερόν
1687 3646 1769 3681 σοι

90 3722 322 3792 διῆλθον,
356 3722 588 3776 ἐδέοντο.
628 3722 821 3775 Πολλοὶ
854 3721 963 3791 γάρ
998 3720 1148 3791 αὐτῷ
1180 3720 1417 3791 συνεχῶς
1450 3717 1771 3788 ἐπιφύονται

96 3812 264 3881 μάτην
290 3811 389 3863 καὶ
415 3810 561 3880 εἰκῆ,
592 3812 687 3864 καὶ
716 3810 868 3864 οὐδὲν
900 3809 1116 3881 ἔχοντες
1140 3810 1414 3878 ἐγκαλεῖν,
1445 3808 1588 3880 πλὴν
1618 3805 1774 3877 παρὰ

94 3902 253 3952 πᾶσιν
279 3899 615 3969 εὐδοκιμεῖν,
644 3899 1060 3970 ἀπεχθάνονται.
1114 3898 1227 3952 Καὶ
1269 3898 1351 3950 δεῖ
1378 3896 1643 3965 γενναίως
1679 3894 1776 3963 φέ-

99 4004 202 4057 ρειν
229 3989 337 4059 τὴν
372 3988 578 4059 πικράν
611 3988 817 4041 τούτων
865 3986 1182 4059 βασκανίαν.
1239 3986 1312 4038 Τὸ
1352 3984 1462 4055 γάρ
1502 3985 1776 4054 ἐπάρατον

95 4078 244 4130 τοῦτο
277 4081 460 4149 μῖσος,
495 4077 633 4148 ὅπερ
663 4078 787 4149 είκῆ
821 4076 1192 4144 συλλέγουσιν,
1229 4076 1290 4128 οὐ
1319 4074 1602 4141 στέγοντες
1636 4070 1775 4143 κρύ-

98 4184 262 4232 πτειν,
318 4168 415 4219 καὶ
459 4164 820 4236 λοιδοροῦνται
863 4166 956 4219 καὶ
991 4165 1300 4235 μέμφονται
1333 4174 1381 4224 ο,
1418 4163 1516 4216 καὶ
1554 4160 1775 4215 διαϐάλ-

97 4256 238 4309 λουσι
263 4255 466 4327 λάθρα,
496 4255 593 4308 καὶ
627 4253 1021 4325 πονηρεύονται
1049 4252 1319 4323 φανερῶς.
1346 4252 1511 4323 Ψυχὴ
1533 4250 1588 4303 δὲ
1612 4250 1780 4321 ἀρξα-

102 4346 227 4416 μένη
256 4345 384 4399 καθ’
407 4344 639 4397 ἕκαστον
660 4343 865 4396 τούτων
895 4342 1082 4411 ἀλγεῖν
1110 4343 1205 4395 καὶ
1232 4339 1651 4411 παροξύνεσθαι,
1680 4341 1778 4393 οὐκ

102 4436 159 4489 ἂν
191 4436 425 4505 φθάσειε
445 4433 809 4504 διαφθαρεῖσα
838 4436 903 4503 τῇ
922 4432 1087 4503 λύπῃ.
1128 4431 1238 4485 Καὶ
1260 4432 1366 4503 γὰρ
1395 4430 1456 4483 οὐ
1487 4430 1552 4483 δι’
1574 4430 1780 4483 ἑαυτῶν

102 4526 254 4579 αὐτὸν
288 4524 589 4593 ἀμύνονται
624 4523 805 4593 μόνον,
852 4521 986 4576 ἀλλά
1014 4522 1109 4575 καί
1144 4521 1213 4574 δι’
1238 4519 1445 4589 ἐτέρων
1474 4517 1631 4571 τοῦτο
1663 4536 1781 4571 ποι-

102 4621 172 4670 εῖν
213 4615 586 4688 ἐπιχειροῦσι·
628 4615 725 4668 καὶ
763 4613 1022 4676 πολλάκις
1054 4612 1177 4665 τινὰ
1220 4610 1330 4664 τῶν
1367 4609 1520 4663 οὐδὲν
1550 4608 1853 4696 δυναμέοκ

103 4726 200 4759 νων
243 4707 425 4760 εἰπεῖν
460 4702 830 4775 ἐκλεξάμενοι,
866 4704 978 4766 τοῖς
1025 4701 1269 4763 ἐπαίνοις
1318 4698 1628 4771 ἐπαίρουσι,
1685 4698 1777 4750 καὶ

104 4796 475 4867 θαυμάζουσιν
500 4795 642 4865 ὑπὲρ
669 4795 768 4865 τὴν
801 4793 990 4857 ἀξίαν⁶
1019 4793 1066 4844 οἱ
1101 4791 1199 4861 μὲν
1238 4789 1402 4860 μανίᾳ
1432 4790 1611 4859 μόνον,
1647 4790 1696 4841 οἱ
1726 4787 1783 4840 δὲ

106 4887 191 4938 καὶ
220 4885 442 4956 ἀμαθία
477 4884 573 4936 καὶ⁵
610 4883 789 4953 φθόνῳ
821 4880 978 4935 τοῦτο
1023 4879 1325 4942 ποιοῦντες,
1364 4879 1450 4931 ἵνα
1489 4877 1586 4949 τὴν
1624 4875 1783 4941 δόξαν

106 4974 287 5029 τούτου
326 4974 654 5034 καθέλωσιν,
710 4974 808 5041 οὐχ
850 4971 937 5024 ἵνα
967 4969 1182 5035 δείξωσι
1228 4967 1539 5038 θαυμαστὸν
1564 4967 1655 5019 τὸν
1685 4968 1784 5019 οὐκ

107 5066 222 5119 ὅντα
241 5064 512 5118 τοιοῦτον.
547 5062 621 5115 Οὐ
653 5060 787 5130 πρὸς
816 5058 1034 5121 τούτους
1056 5058 1113 5110 δὲ
1143 5058 1301 5127 μόνον
1331 5056 1525 5126 ἐκείνῳ
1553 5056 1630 5127 τῷ
1657 5074 1781 5125 γεν-

109 5156 234 5225 ναίῳ
260 5156 290 5207 ὅ
319 5152 492 5220 ἀγὼν,
530 5149 666 5203 ἀλλά
708 5151 803 5202 καὶ
835 5147 969 5217 πρὸς
997 5147 1253 5217 ἀπειρίαν
1285 5146 1408 5199 ὅλου
1450 5146 1624 5216 δήμου
1655 5145 1786 5199 πολ-

110 5243 279 5307 λάκις.
347 5239 566 5311 Ἐπειδὴ
609 5239 717 5309 γὰρ
760 5238 860 5289 οὐκ
890 5236 1097 5288 ἔνεστιν
1131 5235 1191 5299 ἐξ
1238 5234 1535 5304 ἐλλογίμων
1575 5235 1785 5304 ἀνδρῶν

114 5328 460 5398 συλλέγεσθαι
485 5328 610 5390 τοὺς
629 5326 1056 5395 συνερχομένους
1080 5327 1348 5389 ἅπαντας,
1368 5323 1503 5377 ἀλλά
1530 5323 1591 5375 τὸ
1622 5323 1784 5376 πλέον

112 5422 199 5489 τῆς
242 5416 575 5487 Ἑκκλησίας
620 5414 784 5487 μέρος
812 5414 869 5480 ἐξ
920 5414 1145 5467 ἰδιωτῶν
1179 5412 1441 5484 συνῆχθαι
1474 5413 1783 5483 συμϐαίνει,

114 5510 227 5572 τούς
258 5509 316 5562 δὲ
363 5507 587 5569 λοιποὺς
625 5504 719 5557 καὶ
749 5503 947 5567 αὐτοὺς
978 5504 1202 5557 ἐκείνων
1250 5505 1348 5574 μὲν
1376 5499 1515 5557 εἶναι
1554 5520 1784 5556 συνετω-

171 5653 197 5682 ⁸
219 5653 314 5702 Alii
342 5657 395 5699 Pl.
417 5652 565 5700 Savil.
596 5651 893 5699 ἔπεσκὸτισε.

174 5716 199 5753 la
220 5718 317 5762 Alii
344 5714 509 5762 δεῖται.
544 5713 698 5762 Paulo
719 5716 825 5774 post
852 5712 935 5761 alii
956 5712 1182 5774 σπουδῆς,
1212 5710 1286 5757 ἐπὶ
1320 5711 1369 5757 δὲ
1389 5715 1445 5771 τῇ
1467 5711 1668 5771 σπουδῇ.

177 5782 197 5808 ε
224 5774 321 5826 Alii
350 5768 756 5839 καταμέμφονται.
784 5774 911 5822 Infra
951 5772 1100 5821 Savil.
1129 5781 1179 5820 et
1199 5775 1394 5833 quidam
1420 5768 1534 5820 inss.
1567 5768 1654 5819 κάν
1679 5768 1768 5833 φθά

121 5857 208 5891 nu
230 5841 557 5899 διαφθαρῆναι.

533 5907 797 5969 ΡΑτιιοῐ..
844 5907 959 5969 Gn.
1007 5907 1285 5968 XLVIII.

1843 804 2099 871 κρότους,
2130 806 2243 860 ἐστι
2267 807 2323 859 δὲ
2352 808 2439 859 ὅτε
2473 806 2606 876 μηδὲ
2635 806 2989 860 ἐπαινεθέντα
3016 808 3271 861 ἀπελθεῖν
3290 807 3339 859 ἀ.
3364 804 3512 879 [H9]

1842 893 1953 946 Καὶ
1984 893 2065 945 δεῖ
2094 894 2231 965 πρὸς
2257 894 2459 957 ταύτας
2480 893 2742 961 γενναίως
2772 896 3215 966 παρεσκευάσθαι
3246 895 3343 959 τάς
3378 896 3517 949 ἀνω-

1846 978 2065 1051 μαλίας,
2100 982 2192 1034 καὶ
2222 984 2334 1046 τοῖς
2368 983 2468 1054 μὲν
2494 981 2562 1035 δι’
2605 983 2848 1048 ἀμαθίαν
2873 984 3047 1037 ταῦτα
3079 986 3349 1057 πάσχουσι
3386 1000 3519 1053 συγ-

1842 1069 2151 1136 γινώσκειν,
2201 1071 2327 1134 τοὺς
2375 1070 2432 1124 δὲ
2480 1071 2569 1124 διὰ
2609 1070 2802 1140 φθόνον
2827 1071 2983 1125 τοῦτο
3026 1073 3392 1143 ὑπομένοντας
3422 1063 3521 1126 ’δα-

1845 1156 2031 1227 κρύειν
2056 1158 2131 1217 ώς
2154 1158 2372 1222 ἀθλίους
2397 1160 2554 1221 ὄντας
2582 1161 2675 1212 καὶ
2700 1160 2982 1223 ἐλεεινοὺς,
3012 1161 3288 1232 μηδετέρῳ
3316 1161 3373 1213 δὲ
3398 1159 3523 1213 τού-

1844 1262 1950 1297 των
1995 1244 2203 1299 ἐλάττω
2240 1245 2338 1316 τὴν
2384 1247 2550 1300 αὐτοῦ
2602 1246 2844 1318 νομίζειν
2900 1248 3226 1318 γεγενῆσθαι
3269 1248 3517 1318 δύναμιν.

1844 1333 1979 1387 Οὐδὲ
2028 1335 2136 1405 γὰρ
2178 1336 2224 1387 εἰ
2254 1333 2543 1405 ζωγράφος
2582 1335 2656 1389 ῶν
2691 1337 2937 1407 ἀριστος,
2987 1338 3082 1391 καὶ
3115 1338 3334 1391 πάντων
3380 1335 3523 1390 κατά

1843 1421 1941 1492 τὴν
1967 1422 2161 1493 τέχνην
2177 1423 2415 1493 κρατῶν,
2440 1423 2537 1495 τὴν
2570 1425 2708 1495 μετά
2731 1425 2933 1496 πολλῆς
2952 1425 3053 1497 τῆς
3078 1424 3367 1496 ἀκριϐείας
3392 1425 3522 1478 ἀνα-

1844 1512 2235 1582 γεγραμμένην
2268 1512 2450 1565 εἰκόνα
2482 1512 2587 1565 ὐπὸ
2611 1515 2717 1565 τῶν
2749 1513 2849 1584 τῆς
2877 1513 3073 1584 τέχνης
3106 1513 3351 1584 ἀπείρων
3383 1530 3525 1564 σκω-

1847 1600 2119 1670 πτομένην
2151 1600 2318 1671 ἐώρα,
2345 1602 2452 1654 ἔδει
2479 1605 2829 1665 καταπεσεῖν,
2867 1596 2962 1655 καὶ
2986 1604 3052 1673 τῇ
3078 1602 3256 1672 κρίσει
3286 1600 3394 1653 τῶν
3424 1600 3525 1653 οὐκ

1846 1684 2062 1739 εἰδότων
2098 1687 2307 1755 φαύλην
2356 1689 2604 1759 ἡγεῖσθαι
2637 1690 2734 1759 τὴν
2769 1689 3008 1761 γραφὴν,
3056 1688 3244 1760 ῶσπερ
3277 1687 3400 1741 οὐδὲ
3426 1688 3525 1757 τὴν

1844 1771 2011 1837 ὅντως
2046 1774 2255 1845 φαύλην
2297 1775 2615 1846 θαυμαστήν
2648 1794 2767 1829 τινα
2818 1776 2912 1829 καὶ
2944 1776 3241 1847 ἐπέραστον
3276 1776 3383 1828 ἀπὸ
3427 1775 3527 1846 τῆς

1846 1862 1953 1916 τῶν
1991 1864 2231 1935 ἀτέχνων
2272 1868 2605 1938 ἐκπλήξεως.
3218 1932 3221 1935 λ

1918 1957 1981 2020 ζ’.
2036 1957 2094 2008 'O
2134 1957 2243 2026 γὰρ
2284 1959 2505 2029 ἀριστος
2555 1960 2883 2030 δημιουργὸς
2919 1958 3077 2021 αὐτὸς
3107 1958 3247 2011 ἔστω
3278 1959 3373 2011 καὶ
3403 1974 3526 2030 κρι⁹

1847 2044 1945 2115 τὴς
1972 2045 2080 2097 τῶν
2111 2048 2276 2100 αὐτοῦ
2311 2049 2689 2120 τεχνημάτων,
2729 2050 2823 2103 καί
2861 2050 3000 2103 καλὰ
3028 2050 3122 2103 καὶ
3165 2048 3347 2115 φαῦλα
3393 2048 3525 2102 ταύ-

1849 2149 1917 2204 τῃ
1957 2135 2192 2189 τιθέσθω
2236 2137 2304 2189 τά
2349 2138 2632 2207 γινόμενα,
2683 2139 2809 2192 ὅταν
2855 2141 2883 2192 ό
2936 2129 3336 2209 τεχνησάμενος
3386 2135 3529 2190 αὐτά

1851 2223 1976 2286 νοῦς
2007 2224 2209 2288 ταύτας
2236 2226 2375 2298 φέρῃ
2406 2227 2505 2289 τὰς
2548 2226 2762 2298 ψήφους
2783 2245 2795 2257 ·
2846 2227 2947 2296 τὴν
2985 2226 3041 2279 δὲ
3078 2226 3187 2279 τῶν
3219 2224 3415 2291 ἔξωθεν
3441 2225 3529 2277 δό-

1852 2309 1968 2376 ξαν,
2026 2312 2126 2382 τὴν
2176 2314 2602 2386 πεπλανημένην
2652 2316 2745 2368 καὶ
2800 2314 3044 2386 ἄτεχνον,
3096 2314 3231 2384 μηδέ
3281 2314 3358 2376 εἰς
3406 2313 3531 2366 νοῦν

1855 2394 2127 2466 βαλλέσθω
2167 2400 2315 2455 ποτέ.
2360 2402 2452 2473 Μὴ
2477 2402 2657 2454 τοίνυν
2692 2404 2829 2472 μήτε
2863 2404 2891 2455 ὁ
2917 2402 3015 2472 τῆς
3053 2396 3397 2463 διδασκαλίας
3411 2400 3528 2453 ἀνα-

1851 2485 2138 2557 δεξάμενος
2236 2489 2328 2540 τὸν
2391 2488 2617 2557 ἀγῶνα,
2667 2492 2785 2552 ταῖς
2838 2489 2946 2541 τῶν
2996 2487 3193 2552 ἔξωθεν
3234 2484 3532 2556 εὐφημίαις

1856 2574 2188 2642 προσεχέτω.
2229 2575 2363 2647 μηδὲ
2400 2577 2509 2630 ἀπὸ
2541 2575 2744 2629 τούτων
2788 2576 2885 2647 τὴν
2919 2575 3114 2630 ἑαυτοῦ
3142 2573 3532 2629 καταϐαλλέτω

1852 2659 2054 2730 ψυχήψ
2106 2662 2221 2715 ἀλλ’
2262 2663 2626 2736 ἐργαζόμενος
2672 2666 2799 2728 τοὺς
2844 2664 3058 2733 λόγους,
3102 2664 3179 2727 ώς
3216 2664 3280 2717 ἀν
3316 2662 3531 2732 ἀρέσειε

1853 2747 1931 2817 τῷ
1957 2748 2077 2821 Θεῷ
2110 2745 2282 2820 (οὗτος
2322 2752 2431 2823 γάρ
2482 2751 2628 2823 αὐτῷ
2676 2752 2858 2807 κανὼν
2889 2754 2986 2806 καὶ
3024 2752 3149 2823 ὅρος
3196 2751 3337 2804 έστω
3371 2749 3531 2822 μόνος

1855 2837 1952 2906 τῆς
1991 2837 2217 2909 ἀρίστης
2251 2841 2611 2912 δημιουργίας
2638 2841 2881 2905 ἐκείνων,
2924 2840 2998 2912 μὴ
3028 2840 3234 2911 κρότοι,
3278 2838 3411 2909 μηδέ
3442 2836 3533 2889 εὐ-

1859 2926 2101 2997 φημίαι),
2152 2930 2201 2981 εἰ
2248 2929 2347 2998 μὲν
2392 2930 2662 2982 ἐπαινοῖτο
2689 2940 2714 2969 ε
2748 2929 2842 2982 καί
2884 2928 3036 3000 παρά
3071 2927 3181 2981 τῶν
3206 2925 3533 2998 ἀνθρώπων,

1864 3008 1937 3081 μὴ
1963 3010 2332 3081 διακρουέσθω
2373 3013 2443 3067 τά
2490 3012 2764 3083 ἐγκώμια,
2819 3013 2894 3085 μὴ
2937 3013 3287 3085 παρεχόντων
3313 3010 3369 3063 δὲ
3398 3010 3537 3064 αὐτά

1860 3096 1967 3149 τῶν
2004 3099 2308 3170 ἀκροατῶν,
2340 3100 2415 3173 μὴ
2462 3100 2716 3173 ζητείτω,
2762 3102 2895 3173 μηδὲ
2939 3100 3207 3170 ἀλγείτω·
3239 3098 3397 3166 ἱκανὴ
3429 3096 3540 3169 γὰρ

1862 3185 2010 3257 αὐτῷ
2040 3189 2359 3260 παραμυθία
2389 3189 2496 3243 τῶν
2531 3192 2728 3255 πόνων,
2764 3191 2861 3245 καὶ
2892 3191 3110 3245 πάντων
3146 3188 3370 3261 μείζων,
3405 3188 3536 3242 ὅταν

1864 3275 2039 3346 ἐαυτῷ
2062 3266 2357 3331 συνειδέναι
2383 3278 2628 3351 δύνηται,
2663 3278 2800 3351 πρὸς
2818 3279 3108 3350 ἀρέσκειαν
3122 3277 3217 3332 τοῦ
3242 3275 3377 3331 Θεοῦ
3410 3292 3539 3331 συν·

1864 3363 2031 3429 τιθεὶς
2063 3367 2157 3419 καὶ
2186 3366 2466 3437 ῥυθμίζων
2498 3368 2595 3439 τὴν
2621 3368 2990 3423 διδασκαλίαν.

1936 3460 2006 3523 η’.
2026 3455 2135 3508 Καὶ
2151 3456 2260 3525 γάρ
2274 3455 2338 3509 ἂν
2354 3456 2534 3529 φθάσῃ
2554 3460 2620 3528 τῇ
2648 3458 2756 3511 τῶν
2779 3457 2987 3526 ἀλόγων
3009 3457 3247 3511 ἐπαίνων
3274 3454 3543 3525 ἐπιθυμία

1869 3540 2092 3608 ἁλῶναι,
2117 3542 2267 3596 οὐδὲν
2281 3532 2431 3615 αὐτῷ
2446 3545 2554 3598 τῶν
2572 3545 2783 3599 πολλῶν
2798 3547 2975 3600 πόνων
2992 3545 3206 3615 ὅφελος,
3229 3544 3351 3597 οὐδέ
3370 3544 3469 3614 τῆς
3485 3543 3543 3597 ἐν

1868 3629 1945 3699 τῷ
1962 3630 2139 3699 λέγειν
2155 3630 2456 3703 δυνάμεως.
2475 3633 2586 3697 Τάς
2609 3633 2719 3705 γὰρ
2734 3634 2995 3705 ἀνοήτους
3018 3632 3127 3685 τῶν
3156 3632 3365 3685 πολλῶν
3385 3648 3545 3686 κατα·

1870 3718 2097 3785 γνώσεις
2129 3721 2203 3791 μὴ
2226 3720 2498 3791 δυναμένη
2525 3722 2710 3793 φέρειν
2729 3722 2874 3793 ψυχὴ
2894 3720 3165 3779 ἐκλύεται.
3188 3722 3285 3774 καὶ
3300 3721 3399 3790 τὴν
3418 3720 3545 3791 περὶ

1870 3807 1931 3858 τὸ
1952 3806 2130 3875 λέγειν
2157 3808 2335 3880 ῥίπτει
2359 3810 2616 3879 σπουδήν.
2648 3810 2746 3863 Διά
2765 3808 2922 3864 τοῦτο
2948 3810 3053 3882 χρὴ
3078 3808 3314 3880 μάλιστα
3329 3807 3547 3862 πάντων

1874 3896 2265 3952 πεπαιδεῦσθαι
2293 3898 2530 3952 ἐπαίνων
2557 3899 2850 3971 ὐπερορᾷνο
2873 3899 2935 3951 οὐ
2961 3898 3071 3970 γὰρ
3097 3900 3259 3970 ἀρκεῖ
3286 3897 3348 3951 τδ
3368 3896 3547 3964 λέγειν

1876 3980 2073 4041 εἰδέναι
2108 3988 2245 4060 πρὸς
2269 3990 2368 4060 τὴν
2400 3991 2599 4059 ταύτης
2628 3989 2728 4058 τῆς
2760 3988 3040 4057 δυνάμεως
3069 3986 3338 4057 φυλακὴν,
3379 3986 3446 4040 ἂν
3472 3986 3548 4056 μὴ

1876 4077 1971 4130 καὶ
1996 4076 2152 4130 τοῦτο
2190 4080 2387 4149 προσῇ.
2424 4078 2486 4131 Εἰ
2514 4076 2571 4131 δέ
2593 4094 2675 4140 τις
2703 4074 2947 4148 ἀκριϐῶς
2979 4076 3252 4142 ἐξετάζειν
3268 4073 3438 4128 ἐθέλοι
3456 4073 3549 4127 καὶ

1877 4164 1967 4217 τὸν
2010 4165 2070 4217 ἐν
2121 4165 2296 4237 ἐνδείᾳ
2346 4165 2663 4218 καθεστῶτα
2695 4165 2897 4235 ταύτης
2928 4165 3028 4234 τῆς
3068 4164 3291 4234 ἀρετῆς,
3329 4164 3551 4235 εὑρήσει

1876 4252 2128 4324 δεόμενον
2157 4253 2249 4307 τοῦ
2277 4254 2385 4307 τῶν
2411 4254 2648 4307 ἐπαίνων
2678 4258 3041 4324 καταφρονεῖν
3066 4254 3164 4324 οὐχ
3184 4248 3345 4324 ἦττον
3369 4251 3402 4321 ἦ
3431 4250 3549 4304 τοῦ-

1877 4360 1988 4396 τον.
2037 4342 2145 4395 Καὶ
2182 4344 2291 4413 γάρ
2331 4342 2500 4396 πολλὰ
2539 4343 2877 4416 ἁμαρτάνειν
2924 4341 3422 4411 ἀναγκασθήσεται,
3455 4339 3554 4409 τῆς

1877 4430 1986 4483 τῶν
2008 4430 2221 4484 πολλῶν
2236 4430 2394 4501 δόξης
2418 4430 2595 4501 ἥττων
2626 4431 2938 4501 γενόμενος.
2964 4418 3194 4483 Ἃτονῶν
3223 4429 3333 4500 γὰρ
3360 4426 3555 4492 ἐξισω-

1880 4522 2037 4593 θῆναι
2071 4523 2183 4585 τοῖς
2229 4520 2579 4591 εὐδοκιμοῦσι
2617 4520 2759 4574 κατά
2806 4519 2904 4590 τὴν
2953 4519 3049 4572 τοῦ
3095 4519 3275 4587 λέγειν
3328 4516 3555 4588 ἀρετὴν,

1881 4612 2250 4666 ἐπιϐουλεύειν
2290 4629 2348 4665 τε
2384 4610 2479 4664 καὶ⁹
2521 4609 2923 4679 διαφθονεῖσθαι
2960 4610 3162 4673 αὐτοῖς,
3217 4606 3311 4659 καὶ
3341 4606 3557 4677 μέμφε-

1883 4702 2003 4754 σθαι
2035 4701 2231 4771 μάτην,
2257 4700 2351 4753 καὶ
2380 4698 2549 4753 πολλά
2578 4697 2801 4751 τοιαῦτα
2829 4698 3160 4767 ἀσχημονεῖν
3188 4695 3249 4748 οὐ
3280 4694 3556 4766 παραιτή-

1884 4805 2052 4852 σεται,
2090 4789 2226 4842 ἀλλά
2262 4789 2439 4842 πάντα
2478 4787 2762 4858 τολμήσει,
2808 4785 2914 4839 κᾶν
2943 4787 3042 4855 τὴν
3073 4784 3250 4854 ψυχὴν
3282 4781 3554 4836 ἀπολέσαι

1881 4880 1995 4950 δὲῃ,
2024 4879 2164 4950 ὑπὲρ
2194 4877 2289 4931 τοῦ
2313 4878 2411 4947 τὴν
2444 4876 2667 4930 ἐκείνων
2692 4874 2851 4939 δόξαν
2878 4875 2959 4935 εἰς
2990 4874 3088 4942 τὴν
3111 4873 3211 4941 τῆς
3248 4872 3381 4934 ἰδίας
3408 4871 3561 4923 εὐτε-

1884 4968 2034 5031 λείας
2060 4969 2394 5037 καταγαγεῖν
2415 4965 2801 5033 ταπεινότητα.
2833 4962 2977 5032 Πρὸς
2994 4963 3051 5015 δὲ
3084 4961 3295 5024 τούτοις
3325 4962 3421 5013 καὶ
3443 4958 3555 5011 τῶν

1887 5057 2125 5127 ἱδρώτων
2148 5056 2516 5127 ἀποστήσεται
2540 5053 2647 5105 τῶν
2680 5053 2807 5122 περὶ
2831 5051 2895 5104 τὸ
2920 5054 3125 5115 πονεῖν,
3141 5050 3348 5120 νάρκης
3365 5047 3558 5118 ῶσπερ

1881 5147 2027 5211 τινὸς
2053 5143 2585 5211 κατασκεδασθείσης
2616 5140 2782 5193 αὐτοῦ
2815 5141 2880 5209 τῇ
2913 5138 3080 5209 ψυχῇ.
3139 5138 3212 5189 Τὸ
3246 5136 3355 5208 γάρ
3385 5136 3560 5191 πολλά

1887 5234 2187 5306 μοχθοῦντα
2211 5233 2469 5287 ἐλάττονα
2495 5228 2837 5301 καρποῦσθαι
2862 5227 3137 5297 ἐγκώμια,
3170 5225 3357 5279 ἰκανὸν
3386 5243 3559 5279 κατα-

1885 5322 2068 5374 δαλεῖν
2087 5321 2181 5373 καὶ
2209 5318 2407 5390 τρέψαι
2454 5316 2591 5388 πρὸς
2636 5314 2803 5367 ὕπνον
2837 5313 3004 5383 βαθὺν
3042 5313 3133 5365 τὸν
3165 5313 3228 5365 οὐ
3259 5310 3559 5380 δυνάμενον

1885 5409 2175 5478 ἐγκωμίων
2202 5408 2581 5477 καταφρονεῖν.
2636 5404 2788 5455 Ἐπεὶ
2816 5401 2911 5456 καὶ
2957 5404 2985 5454 ὀ
3018 5399 3285 5472 γεωργὸς,
3320 5400 3449 5453 ὅταν
3479 5400 3561 5462 εἰς

1885 5497 2239 5567 λεπτόγεων(
2286 5496 2471 5568 κάμνῃ
2506 5492 2736 5564 χωρίον,
2787 5491 2883 5546 καὶ
2928 5490 3137 5562 πέτρας
3181 5486 3563 5558 ἀναγκάζηται

1951 5640 1975 5677 τί
2005 5640 2100 5688 Alii
2129 5634 2405 5685 ἐπανελθεῖν.
2694 5694 2710 5697 ς
2827 5694 2842 5697 _
2887 5692 2904 5697 _
3141 5690 3154 5697 _
3200 5692 3210 5697 _
3281 5691 3305 5697 _
3371 5691 3385 5697 -
3496 5683 3509 5697 ρ

1955 5706 1977 5733 ⁸
2002 5703 2097 5751 Alii
2122 5698 2395 5756 ἐπαινεῖται,
2419 5698 2503 5745 alii
2530 5694 2784 5745 ἐπαινοῖτο.
2826 5692 2951 5744 Infra
2995 5694 3077 5741 alii
3102 5690 3224 5739 αὐτά
3243 5691 3340 5739 τῶν
3364 5690 3563 5740 ἀκουόν-

1888 5784 1983 5815 των
2009 5764 2127 5825 μήτε
2150 5761 2361 5825 ζητείτω.

1961 5825 1980 5866 ί
2011 5822 2046 5875 Ᾱ
2058 5824 2108 5876 lii
2130 5822 2423 5883 λεπτόγαιον.

3068 5886 3141 5948 10
