3922 6262
153 392 253 444 (ΓΠ

144 508 251 548 ιυιιι
278 509 525 547 somnum
555 492 804 562 conjiciat
830 500 883 546 et
911 500 1081 546 vertat
1109 506 1252 557 cum,
1275 491 1364 560 qui
1391 492 1578 546 laudes
1601 509 1733 548 col:-

147 599 384 641 pmnere
424 586 624 655 nequit.
661 584 1103 654 Quandoquidem
1139 595 1193 640 et
1230 585 1484 655 agricola,
1527 603 1649 639 cum
1683 588 1733 639 in

142 680 308 733 sterili
336 694 467 748 agro
493 678 719 740 laborat,
754 688 804 731 ct
826 687 1038 748 petrosa
1069 693 1222 732 arare
1248 678 1476 746 cogitur.
1505 680 1611 732 cito
1635 679 1732 733 ab-

142 765 278 816 sistit
322 763 392 816 ab
445 777 628 831 opere,
674 763 770 814 nisi
823 778 1010 830 magna
1065 762 1338 816 laborandi
1395 762 1642 816 alacritas
1679 773 1734 816 et

144 855 292 908 famis
325 855 486 908 timor
507 863 711 922 urgeat.
752 853 961 908 Etenim
992 853 1034 907 si
1072 852 1128 918 ii,
1159 854 1349 922 quibus
1378 869 1564 923 magna
1595 854 1731 908 inest

139 945 352 999 dicendi
383 943 630 1007 facultas,
674 955 817 998 tanta
849 945 1233 1000 exercitatione
1272 961 1409 1014 opus
1450 946 1647 1000 habent
1675 956 1732 1000 ut

138 1038 276 1090 illam
300 1046 628 1092 conservent
653 1055 666 1088 :
695 1038 785 1106 qui
811 1037 942 1091 nihil
968 1037 1186 1090 omnino
1219 1037 1449 1108 collegit,
1491 1037 1586 1092 sed
1615 1041 1730 1107 ipso

140 1129 447 1183 certaminis
478 1139 721 1198 tempore
752 1129 999 1184 meditari
1037 1129 1264 1197 cogitur,
1293 1137 1546 1199 quantam
1587 1130 1728 1184 difti-

140 1222 412 1283 cultatem,
458 1232 714 1290 quantum
753 1221 1056 1286 tumultum,
1085 1231 1335 1291 quantam
1373 1223 1727 1291 perturbatio-

141 1331 256 1366 nem
312 1313 569 1382 patietur,
615 1322 677 1368 ut
720 1315 889 1369 multo
933 1315 1115 1369 labore
1150 1315 1410 1368 tantillum
1455 1314 1726 1384 quidpiam

138 1422 464 1476 congri-gare
495 1407 698 1477 possit?
739 1407 794 1461 Si
823 1407 942 1477 quis
983 1423 1110 1462 vero
1155 1407 1422 1463 inferioris
1456 1408 1726 1478 dignitatis

138 1509 188 1550 et
235 1499 445 1552 ordinis
475 1498 659 1553 hacin
712 1510 861 1568 parte
907 1500 1043 1568 plus,
1074 1515 1234 1570 quam
1276 1502 1383 1564 ille,
1428 1501 1725 1556 clarescere

137 1592 324 1659 possit,
357 1590 542 1645 divino
570 1592 801 1661 quodam
845 1592 934 1647 hic
959 1608 1092 1660 Opus
1123 1601 1206 1647 est
1242 1593 1442 1659 animo,
1477 1603 1536 1646 ut
1563 1609 1630 1646 ne
1658 1594 1723 1645 li-

136 1697 258 1736 vore
297 1682 565 1751 capiatur,
614 1697 718 1737 neu
768 1684 820 1736 in
873 1698 1160 1738 mmrorem
1209 1683 1438 1738 decidat.
1484 1683 1615 1738 Nam
1656 1685 1724 1740 ab

136 1773 478 1828 inferioribus
507 1775 749 1842 superari
779 1791 925 1841 eum,
952 1777 1040 1844 qui
1081 1778 1297 1845 majoris
1335 1779 1404 1831 sit
1428 1778 1720 1846 dignitatis,

137 1867 376 1935 illudque
418 1866 627 1920 fortiter
658 1867 820 1932 ferre,
861 1883 965 1922 non
1007 1868 1209 1938 exigui,
1250 1883 1349 1922 uec
1395 1871 1580 1934 nostri,
1627 1871 1722 1925 sed

133 1960 462 2013 adamantini
507 1958 666 2013 fuerit
703 1961 887 2012 animi.
921 1962 995 2013 Ac
1027 1962 1068 2014 si
1111 1960 1323 2029 quidem
1366 1941 1431 2027 is,
1463 1961 1550 2030 qui
1583 1977 1720 2028 pra:-

130 2053 292 2112 ceilit,
335 2053 539 2122 probus
572 2053 968 2122 admodumque
1007 2055 1285 2109 modestus
1315 2054 1494 2118 fuerit,
1520 2056 1719 2108 malum

133 2155 428 2206 utcumque
479 2145 695 2198 tolerari
735 2154 944 2214 potest;
992 2145 1074 2199 sin
1119 2147 1313 2208 audax,
1363 2161 1617 2216 arrogans
1667 2156 1722 2200 et

132 2251 276 2289 ranae
304 2237 494 2306 glorim
518 2236 762 2305 cupidus,
794 2252 939 2291 mors
969 2237 1046 2292 illi
1076 2237 1312 2307 quotidie
1340 2239 1571 2307 Optanda
1597 2247 1681 2292 est
1706 2255 1718 2290 :

130 2332 194 2382 ita
224 2343 426 2398 nempe
454 2330 554 2399 ipsi
583 2330 744 2384 vitam
776 2345 1011 2385 amaram
1045 2331 1251 2395 reddet,
1279 2331 1402 2384 dum
1437 2330 1608 2400 palam
1640 2331 1723 2383 in-

128 2422 514 2488 sultat',clam
549 2421 753 2486 irridet,
795 2436 857 2475 ac
896 2423 1133 2492 quotidie
1180 2422 1450 2492 quidpiam
1498 2438 1561 2476 ex
1606 2421 1720 2489 ejus

125 2515 448 2568 auctoritate
476 2510 700 2578 divellit,
728 2515 1015 2584 omniaque
1051 2515 1165 2584 ipse
1195 2529 1313 2570 esse
1340 2517 1507 2582 cupit.
1541 2513 1716 2569 Maxi-

128 2623 386 2678 mumque
429 2608 482 2662 in
513 2607 596 2662 his
623 2608 872 2663 omnibus
900 2607 1202 2678 praisidium
1236 2609 1392 2663 habet
1422 2609 1716 2662 libertatem

126 2699 174 2751 in
206 2699 464 2765 dicendo,
506 2708 562 2755 et
595 2701 951 2756 multitudinis
985 2702 1036 2756 in
1081 2717 1140 2757 se
1184 2700 1440 2766 studium,
1476 2699 1718 2754 subdito-

125 2807 352 2858 namque
381 2808 620 2847 omnium
651 2809 774 2862 erga
807 2807 1134 2849 seamorem.
1153 2794 1230 2847 An
1249 2794 1456 2861 ignoras
1471 2802 1720 2862 quantum

185 2885 203 2914 ³
239 2884 316 2932 sic
338 2881 559 2932 nonnulli
581 2891 689 2934 MSS.
717 2889 766 2932 In
790 2889 860 2944 8.,
883 2883 1119 2934 antecellit
1141 2896 1157 2933 :
1183 2885 1340 2934 minus
1362 2884 1511 2932 bene.

1357 375 1442 431 DE
1482 376 1929 432 SACERDOTIO.
1978 377 2102 430 LIB.
2149 379 2233 430 Vl.

3315 380 3421 436 6'78

1843 493 2050 546 animos
2069 491 2489 547 Christianorum
2510 493 2702 548 invasit
2725 509 2862 550 nunc
2879 496 3191 550 concinnum
3214 497 3398 554 deside

1841 585 2000 652 rium,
2033 596 2192 654 atque
2217 599 2311 640 eos
2340 587 2429 654 qui
2457 585 2601 639 illam
2641 599 2894 642 exercent
2921 597 3110 652 artem,
3146 605 3249 644 non
3287 590 3423 660 apud

1838 685 2058 730 exteros
2089 677 2267 744 modo,
2297 677 2392 732 sed
2423 679 2581 731 etiam
2599 678 2736 748 apud
2767 695 2949 733 servus
2981 680 3103 735 ﬁdei
3135 682 3188 736 iu
3220 681 3426 738 honore

1840 767 2020 822 haberi
2039 769 2062 822 ?
2081 768 2210 835 Quis
2241 770 2398 838 igitur
2425 779 2628 824 tantum
2655 770 2885 824 dedecus
2905 771 3058 835 ferat,
3086 789 3208 829 cum
3231 791 3424 844 nempe

1839 861 1955 926 ipso
1985 859 2233 926 loquente
2259 869 2466 914 taceant
2486 877 2673 916 omnes
2703 871 2756 913 et
2782 864 3077 916 molestiam
3107 866 3207 920 sibi
3238 865 3421 921 inferri

1837 961 2040 1021 putent,
2069 953 2432 1022 orationisque
2458 952 2618 1008 ﬁnem
2645 954 2797 1024 quasi
2821 971 2850 1008 a
2885 955 3153 1011 laboribus
3185 960 3422 1027 requiem

1834 1053 2161 1112 eXSpectent,
2203 1044 2373 1099 altero
2414 1055 2590 1100 autem
2622 1046 2879 1114 prolixius
2920 1058 3126 1114 orante,
3173 1049 3424 1105 alacriter

1833 1134 2148 1194 auscultem,
2184 1150 2246 1189 ac
2282 1135 2439 1188 linem
2467 1136 2674 1191 dicendi
2708 1136 2934 1203 facturo,
2964 1155 3106 1210 aegre
3133 1139 3324 1205 ferant,
3370 1152 3424 1196 et
3441 1115 3460 1171 θ’

1835 1235 2008 1277 tacere
2039 1224 2266 1287 volente,
2295 1228 2746 1281 exacerbescaut?
2775 1228 2896 1282 lla-c
2925 1230 3046 1283 licet
3085 1246 3224 1284 nunc
3265 1229 3448 1301 parva’

1834 1315 1922 1364 lilii
1944 1314 2219 1368 videantur
2243 1331 2305 1370 ac
2325 1317 2684 1386 despicabilia,
2715 1328 2894 1386 utpote
2915 1321 3190 1388 inexperto
3211 1339 3222 1376 :
3247 1333 3420 1377 tamen

1831 1407 1962 1458 satis
1989 1416 2114 1460 sunt
2144 1416 2200 1459 ut
2227 1416 2282 1460 et
2309 1408 2471 1462 animi
2501 1409 2732 1462 studium
2755 1411 3091 1479 exstingnant
3117 1415 3423 1483 mentisque

1831 1497 1938 1551 vim
1966 1509 2242 1563 enervem,
2287 1501 2388 1555 nisi
2415 1503 2534 1570 quis
2573 1501 2818 1557 humanis
2847 1505 3096 1558 omnibus
3125 1521 3184 1560 se
3217 1507 3417 1561 morbis

1829 1591 2091 1654 eximens,
2121 1591 2340 1660 perinde
2387 1602 2544 1662 atque
2587 1593 2916 1663 incorporea:
2958 1605 3244 1664 potestates
3287 1598 3419 1651 affe-

1829 1690 1946 1733 etus
1986 1695 2106 1735 esse
2157 1681 2386 1747 studeat,
2436 1698 2553 1750 quae
2604 1697 2703 1737 nec
2742 1684 2957 1748 invidia,
3015 1701 3184 1751 neque
3233 1685 3418 1754 gloria:

1827 1786 2032 1835 amore,
2066 1787 2239 1841 neque
2266 1772 2372 1826 alio
2407 1775 2654 1842 qu0piam
2707 1773 2862 1828 simili
2906 1775 3091 1828 morbo
3121 1778 3416 1844 rapiuntur.

1827 1864 1883 1916 Si
1910 1865 2031 1933 quis
2058 1865 2216 1934 igitur
2243 1864 2514 1919 hominum
2538 1865 2655 1919 talis
2681 1874 2780 1930 est,
2817 1875 2875 1920 ut
2902 1865 3069 1935 possit
3099 1865 3235 1920 hanc
3261 1875 3417 1936 captu

1825 1955 2119 2018 difticilem,
2155 1955 2620 2026 inexpugnabilem
2658 1965 2713 2010 et
2738 1955 3047 2011 indomitam
3092 1955 3279 2020 feram,
3324 1973 3418 2025 po-

1830 2046 2064 2114 pularem
2110 2047 2313 2100 scilicet
2353 2062 2558 2118 auram,
2606 2048 2940 2112 conculcare,
2985 2061 3047 2100 ac
3095 2047 3409 2115 multiplicia

1828 2139 1969 2193 illius
2001 2139 2171 2206 capita
2203 2139 2512 2208 pra:ciderc,
2557 2139 2662 2192 imo
2693 2155 2759 2193 ne
2788 2141 2934 2193 nasci
2960 2138 3172 2208 quidem
3209 2139 3408 2203 sinere,

1829 2235 1870 2285 is
1899 2232 2053 2288 facile
2083 2234 2278 2303 poterit
2307 2233 2600 2303 permultos
2637 2234 2755 2287 illos
2782 2234 3007 2289 insultus
3035 2233 3321 2305 depellere,
3352 2249 3414 2288 ac

1828 2325 2112 2395 tranquillo
2141 2325 2368 2395 quodam
2399 2335 2551 2394 portu
2589 2326 2708 2380 frui.
2743 2330 2811 2380 At.
2852 2327 2896 2381 si
2925 2325 2992 2379 ab
3019 2325 3108 2380 illa
3139 2325 3275 2382 liber
3304 2340 3412 2382 non

1826 2417 2008 2483 fuerit,
2035 2432 2164 2472 sane
2188 2417 2465 2487 multiplex
2490 2419 2706 2482 bellum,
2739 2419 3068 2488 frequentem
3097 2421 3404 2488 tumultum,

1824 2510 1986 2563 animi
2011 2511 2339 2574 mcestitiam,
2371 2519 2789 2580 cacterarumque
2803 2512 3168 2582 aegritudinum
3198 2512 3407 2568 turbam

1823 2610 2008 2654 contra
2035 2603 2263 2655 animam
2292 2603 2404 2671 ipse
2428 2615 2576 2655 suam
2609 2602 2945 2670 praeparabit.
2980 2602 3243 2670 Quorsum
3281 2612 3410 2658 atti-

1826 2703 1915 2746 net
1958 2693 2192 2762 reliquas
2236 2707 2552 2748 enumerare
2595 2692 2956 2760 difficultates,
3003 2710 3134 2762 quas
3179 2710 3278 2750 nec
3315 2693 3412 2751 do-

1823 2798 1968 2848 ccrc,
2002 2800 2172 2851 neque
2197 2784 2436 2839 ediscere
2475 2785 2753 2854 quisquam
2794 2785 2981 2854 possit,
3010 2785 3109 2839 nisi
3152 2785 3205 2839 in
3249 2783 3411 2842 rebus

1826 2875 1956 2945 ipsis
1986 2875 2143 2930 fuerit
2160 2878 2182 2929 ?

1139 3081 1611 3190 LIBER
1723 3079 2384 3190 SEXTUS.

580 3392 685 3425 HAEC
706 3392 878 3426 INSUNT
902 3391 1037 3426 ΜΒηο
1061 3391 1210 3426 SEXTO
1240 3390 1255 3426 Ξ

122 3497 154 3537 t.
189 3496 362 3538 Pinnas
385 3484 504 3536 dare
537 3482 821 3536 sacerdotes
845 3483 990 3530 etiam
1016 3495 1103 3544 pro
1126 3481 1287 3544 populi
1310 3482 1518 3531 delictis.

122 3557 167 3599 ιι.
203 3552 380 3612 majore
415 3561 563 3611 quam
596 3550 726 3610 ipsos
749 3545 1010 3596 monachos
1048 3545 1159 3592 vitae
1193 3544 1448 3607 diligentia
1468 3558 1590 3607 opus
1627 3545 1711 3594 ha-

121 3615 454 3721 ιιιἚιὲἷιὶοι-εξ
509 3673 620 3722 vice
646 3672 834 3720 ratione
856 3668 948 3718 frui
973 3666 1277 3727 monachum,
1321 3680 1465 3731 quam
1491 3667 1712 3718 Ecclesiae

121 3736 536 3846 ltuitsiaegzﬁigizm
574 3802 814 3844 terrarum
859 3795 965 3843 orbi
1003 3792 1210 3856 aliisque
1249 3793 1401 3842 rebus
1444 3792 1713 3842 tremendis

182 3859 494 3920 praepositum
518 3870 648 3920 esse.

121 3915 516 3969 v.'5ac'erdotem
535 3919 594 3966 ad
612 3918 772 3966 omnia
793 3925 958 3978 aptum
982 3929 1094 3966 esse
1117 3915 1322 3966 debere.

123 3989 188 4028 γι.
226 3984 382 4030 vitam
405 3983 718 4029 monasticam
739 3992 834 4027 non
867 3986 1054 4030 tantum
1088 3980 1333 4040 patientiae
1371 3983 1712 4040 argumentum

181 4056 314 4099 esse,
339 4050 574 4104 quantum
599 4041 917 4089 multitudinis
934 4041 1538 4104 prtet'ecturameximiam.

122 4111 206 4154 vn.
256 4101 375 4151 Enni
397 4105 482 4166 qui
522 4105 726 4152 seorsim
745 4104 888 4166 vivat,
928 4101 1139 4165 eumque
1163 4103 1246 4164 qui
1277 4103 1327 4152 in
1350 4114 1513 4150 rerum
1549 4101 1711 4150 medio

182 4165 430 4221 versetur,
453 4179 548 4214 non
569 4178 718 4226 super
741 4165 912 4213 iisdem
936 4166 1213 4214 exercitari.

123 4235 224 4275 \‘ttt.
258 4228 464 4276 Facilius
488 4241 576 4276 eos
597 4224 678 4289 qui
702 4226 917 4275 solitarie
942 4228 1126 4283 vivunt,
1147 4240 1291 4289 quam
1316 4238 1401 4275 eos
1422 4227 1505 4287 qui
1537 4224 1712 4274 multo-

183 4303 286 4337 rum
311 4303 478 4337 curam
502 4296 701 4350 gerunt,
727 4289 952 4337 virtutem
976 4301 1236 4350 exercere.

121 4360 195 4459 1Χὶ
227 4360 322 4459 riu
365 4349 750 4400 contemnendas
807 4363 921 4400 esse
959 4349 1088 4412 vulgi
1111 4351 1412 4413 suspiciones
1435 4387 1452 4410 ,
1492 4349 1711 4412 quamvis

198 4425 226 4459 ει
245 4426 340 4459 sas.

184 4417 340 4460 ialsas.

125 4482 175 4521 Χ.
211 4482 306 4522 Son
331 4476 491 4536 magni
517 4487 630 4522 esse
653 4475 837 4536 negotii
860 4487 1073 4535 seipsum
1088 4487 1305 4522 servare.

125 4543 194 4583 λι.
228 4542 390 4598 longe
413 4535 692 4598 graviorem
717 4535 907 4598 [lienam
930 4549 1133 4585 manere
1166 4535 1470 4586 sacerdotum
1494 4541 1708 4596 peccata,

183 4611 326 4659 quam
352 4598 627 4646 idiotarum.

126 4658 214 4706 xu.
251 4659 498 4720 Exemplis
522 4659 752 4720 probatur
795 4666 846 4708 et
866 4658 1085 4708 dolorem
1109 4666 1309 4722 propter
1330 4658 1586 4708 sacerdotii
1619 4671 1709 4706 ex-

179 4723 534 4780 spectationem
553 4722 664 4770 oriri
690 4727 740 4769 et
760 4723 1001 4770 timorem.

124 4787 229 4830 xm.
265 4784 403 4830 Omni
427 4782 563 4832 bello
585 4781 919 4833 molestiorem
939 4796 1054 4832 esse
1077 4784 1399 4832 tentationem
1421 4781 1615 4832 diaboli.

188 5003 238 5054 1.
289 4999 478 5054 Ρωηαςς
517 5002 638 5055 dare
677 5003 957 5056 sacerdotes
979 5005 1128 5057 etiam
1160 5022 1251 5073 pro
1279 5007 1456 5075 populi
1493 5007 1705 5060 delictis.

119 5122 182 5132 ——
215 5093 323 5148 Res
350 5092 564 5162 quidem
597 5094 752 5163 hujus
782 5095 960 5148 mundi
993 5096 1124 5150 tales
1152 5108 1273 5150 sunt
1295 5139 1308 5160 ,
1347 5097 1528 5165 quales
1557 5099 1708 5152 audi-

115 5188 180 5240 sti
209 5204 225 5242 :
252 5186 401 5240 illius
429 5196 608 5240 autem
633 5189 755 5240 vitae
789 5188 1024 5259 (futurze)
1053 5204 1139 5243 res
1163 5191 1428 5256 quomodo
1453 5189 1706 5256 feremus,

116 5295 234 5334 cum
266 5291 335 5333 ue
363 5276 588 5349 singulis
614 5279 767 5336 nobis
791 5283 1092 5336 commissis
1119 5283 1420 5336 hominibus
1447 5283 1704 5336 rationem

115 5371 338 5426 reddere
352 5370 644 5441 cogemur?
670 5370 784 5426 Non
812 5373 952 5427 enim
975 5372 1027 5426 in
1054 5373 1254 5443 pudore
1276 5374 1415 5428 sistit
1433 5373 1704 5436 damnum,

113 5464 201 5516 sed
252 5474 520 5517 aeternum
568 5475 905 5532 exspectatur
952 5465 1290 5534 supplicium.
1343 5463 1476 5519 illud
1524 5467 1703 5530 enim,

115 5553 323 5609 Obedite
351 5557 640 5626 praepositis
656 5558 847 5621 vestris,
866 5568 912 5611 et
937 5559 1186 5629 aubjacete
1207 5559 1298 5625 eis,
1321 5560 1439 5627 quia
1463 5560 1560 5629 ipsi
1584 5561 1707 5628 viai-

112 5646 212 5698 lant
239 5664 337 5716 pro
360 5646 631 5700 animabus
657 5650 861 5706 vestris.
894 5659 948 5703 ut
976 5652 1221 5704 rationem
1245 5653 1490 5707 reddituri
1516 5652 1701 5724 (Hebr.

111 5741 345 5811 13.17),
390 5741 604 5796 etiamsi
648 5742 790 5810 prius
831 5742 1089 5808 dixeram,
1121 5754 1294 5798 tamen
1326 5759 1394 5800 ne
1421 5761 1560 5801 nunc
1584 5762 1704 5816 qut-

108 5832 225 5888 dcm
249 5834 450 5890 tacebo
476 5849 490 5885 :
522 5848 646 5888 nam
678 5843 835 5890 tanta:
865 5835 1291 5895 comminatiouis
1340 5845 1512 5891 melus
1589 5839 1698 5895 fre-

1823 3385 2047 3446 quenter
2083 3376 2314 3430 animum
2353 3375 2586 3429 concutit
2617 3389 2812 3427 meum.
2857 3373 2912 3427 Si
2940 3374 3080 3428 enim
3109 3373 3179 3439 ei,
3209 3373 3297 3443 qui
3325 3375 3406 3431 vel

1825 3470 2100 3522 minimum
2129 3482 2291 3521 unum
2312 3465 2746 3521 scandalizaverit
2773 3464 2982 3537 (Matth.
3017 3466 3102 3520 18.
3133 3465 3212 3534 6),
3243 3480 3406 3535 cxpe-

1821 3560 1899 3612 dit
1927 3569 1983 3612 ut
2013 3559 2153 3613 mola
2177 3559 2405 3613 asinaria
2433 3556 2782 3625 suspendatur
2810 3557 2862 3609 in
2887 3556 3025 3611 collo
3049 3557 3195 3626 ejus,
3229 3566 3283 3611 et
3305 3555 3403 3610 de-

1819 3661 2084 3722 mergatur
2115 3653 2164 3704 in
2193 3665 2359 3714 mare,
2378 3658 2431 3704 et
2454 3664 2640 3703 omnes
2662 3649 2748 3717 qui
2770 3649 3147 3702 conscientiam
3177 3647 3400 3702 fratrum

1819 3751 2042 3790 suorum
2080 3733 2416 3803 percutiunt,
2456 3733 2511 3787 in
2558 3735 2736 3802 ipsum
2766 3733 3040 3789 Christum
3065 3743 3295 3804 peccant
3323 3733 3398 3805 (1.

1819 3829 1941 3883 Cor.
1968 3829 2021 3882 8.
2050 3827 2138 3896 12)
2166 3844 2179 3880 :
2203 3828 2296 3896 qui
2323 3842 2432 3880 non
2457 3842 2627 3880 unum
2643 3829 2828 3890 modo,
2850 3827 3089 3882 velduos
3118 3826 3202 3881 vel
3227 3828 3398 3892 tres',

1820 3922 1915 3977 sed
1982 3927 2189 3973 tantam
2232 3916 2639 3974 multitudinem
2701 3920 2962 3989 perdant,
3003 3919 3135 3988 quid
3185 3920 3398 3987 passuri

1819 4022 1969 4077 sunt,
2005 4021 2060 4066 et
2096 4028 2235 4082 quas
2268 4027 2460 4082 pinnas
2489 4012 2710 4066 daturi?
2738 4011 2922 4081 Neque
2951 4014 3094 4066 enim
3127 4011 3396 4080 imperitia

1817 4109 1866 4162 in
1894 4121 2109 4161 causam
2139 4104 2408 4160 ail‘erenda
2431 4113 2534 4170 est,
2564 4118 2736 4174 neque
2779 4102 2846 4157 ad
2892 4103 3240 4173 ignorantiam
3267 4116 3400 4157 con-

1813 4197 2140 4269 fugiendum,
2175 4211 2346 4266 ueque
2374 4194 2664 4250 necessitas
2703 4203 2795 4248 aut
2825 4193 2906 4247 vis
2946 4193 3160 4248 obtendi
3192 4202 3397 4264 potest;

1816 4292 1908 4346 sed
1942 4292 2112 4361 potius
2137 4289 2398 4355 subditus,
2421 4289 2465 4344 si
2493 4288 2705 4359 quidem
2733 4288 2935 4350 liceret,
2967 4287 3065 4341 hoc
3093 4287 3146 4341 in
3173 4288 3402 4357 propriis

1818 4383 2046 4452 peccatis
2072 4381 2266 4451 eil‘ugio
2291 4379 2367 4434 uti
2396 4388 2596 4450 posset,
2626 4393 2784 4450 quam
2825 4379 2876 4432 in
2920 4378 3144 4432 aliorum
3189 4377 3404 4433 delictis
3495 4425 3503 4449 ε

1814 4476 2098 4530 antistites.
2146 4473 2358 4540 Quare?
2405 4472 2536 4540 Quia
2570 4474 2614 4526 is
2642 4473 2731 4542 qui
2756 4471 2821 4525 ad
2847 4471 2948 4525 hoc
2970 4471 3252 4540 deputatus
3288 4481 3399 4535 est,

1817 4579 1873 4622 ut
1897 4568 2120 4622 aliorum
2151 4567 2497 4636 ignorantiam
2527 4565 2806 4629 emendet,
2835 4573 2890 4617 et
2927 4563 3248 4617 diabolicum
3281 4563 3399 4618 bel-

1817 4663 1922 4715 lum
1961 4661 2163 4714 instans
2210 4659 2548 4728 pra‘nuntict,
2579 4657 2762 4726 nequit
2811 4657 3157 4725 ignorantiam
3200 4655 3394 4710 obten-

1815 4756 1962 4819 dere,
1995 4767 2091 4807 nec
2120 4752 2317 4815 dicere,
2341 4749 2454 4805 Non
2477 4750 2650 4803 audivi
2682 4751 2881 4814 tubam,
2907 4751 3102 4804 bellum
3136 4765 3238 4804 non
3273 4763 3404 4818 pra:-

1814 4846 1941 4900 vidi.
1967 4845 2047 4899 Ad
2078 4845 2177 4899 hoc
2200 4845 2393 4914 quippe
2423 4843 2661 4906 sedebat,
2696 4854 2751 4896 ut
2794 4842 3038 4896 Ezechiel
3065 4845 3158 4907 ait,
3195 4851 3250 4894 ut
3287 4841 3404 4894 aliis

1817 4937 1939 4990 tuba
1986 4945 2242 5000 caneret,
2307 4944 2363 4988 et
2430 4934 2631 4988 futuras
2696 4948 2963 4987 aerumnas
3021 4932 3404 5001 prmnuntiaret

1815 5030 2024 5100 (Ezech.
2059 5031 2148 5084 55.
2177 5030 2252 5099 '5).
2287 5027 2512 5096 Ideoque
2542 5026 2856 5095 Supplicium
2887 5026 3025 5079 nulla
3057 5026 3401 5079 excusatione

1813 5126 1963 5178 vitari
2006 5134 2215 5192 potest,
2257 5123 2462 5176 etiamsi
2492 5137 2623 5174 unus
2653 5130 2855 5173 tantum
2889 5120 3151 5188 periisset.
3193 5117 3322 5171 Nam
3355 5119 3399 5171 si

1813 5218 2096 5272 accedente
2124 5217 2320 5271 framea
2344 5216 2538 5285 populo
2565 5229 2667 5267 non
2695 5215 2817 5268 tuba
2841 5213 3124 5278 cecinerit,
3163 5212 3270 5277 ait,
3302 5225 3398 5268 nec

1813 5313 2112 5379 speculator
2141 5313 2347 5380 signum
2374 5307 2598 5370 dederit,
2631 5306 3023 5375 adveniensque
3050 5303 3248 5359 framea
3278 5305 3365 5358 ani

1813 5419 1952 5457 mam
1983 5403 2252 5464 invaserit,
2283 5401 2392 5469 ipsa
2415 5398 2626 5469 quidem
2654 5407 2870 5466 propter
2895 5397 3219 5467 iniquitatem
3245 5409 3396 5450 suam

1813 5505 1963 5564 capta
1995 5504 2096 5561 est,
2127 5494 2436 5564 sanguinem
2463 5505 2589 5546 vero
2613 5491 2726 5559 ejus
2756 5491 2824 5546 de
2861 5507 3016 5544 manu
3051 5489 3397 5560 speculatoris

1814 5585 2100 5655 requiram.
2133 5585 2325 5639 Desine
2347 5596 2478 5652 ergo
2496 5595 2595 5636 nos
2615 5581 2667 5635 in
2691 5591 2795 5635 tam
2821 5581 3119 5636 inevitabile
3135 5581 3392 5652 judicium

1814 5675 2085 5744 impellere
2117 5693 2129 5728 :
2161 5689 2331 5745 neque
2378 5674 2520 5729 enim
2563 5671 2630 5726 de
2671 5671 2914 5727 ducendo
2943 5673 3195 5736 exercitu,
3225 5685 3394 5744 neque

1876 5857 1890 5887 ¹
1928 5853 2066 5906 savii.
2094 5863 2142 5905 et
2175 5855 2355 5915 aliquot
2386 5859 2511 5914 λιες,
2536 5864 2686 5915 neque
2719 5853 2840 5903 duos
2859 5864 3008 5915 neque
3030 5857 3144 5900 tres.
