3922 6240
489 361 599 417 679

500 483 569 534 de
609 494 769 548 regno
807 490 1109 538 sermonem
1139 475 1416 537 habemus.
1447 475 1539 530 sed
1568 475 1637 530 de
1673 477 1905 546 negotio,
1935 475 2076 546 quod

505 568 739 638 angelica
771 569 958 620 virtute
986 581 1118 636 opus
1146 566 1355 621 habeat.

576 658 630 712 Ξ.
665 659 834 728 Major
853 659 1090 729 perfectio
1117 658 1171 712 in
1191 659 1445 730 episcopo,
1473 674 1623 728 quam
1643 660 1695 712 in
1717 659 1975 712 monachis
2003 675 2083 712 re-

508 751 738 820 quiritttr.
780 778 851 789 —-
899 751 1104 804 Etenim
1149 750 1410 806 solaribus
1460 751 1619 805 radiis
1658 751 1924 820 puriorem
1965 765 2084 805 esse

509 848 718 908 oportet
735 840 1023 894 sacerdotis
1047 840 1297 908 animam,
1324 841 1603 911 nequando
1623 841 1851 911 Spiritus
1872 851 2086 896 sanctus

514 931 658 987 illunt
681 932 948 985 desertum
971 931 1257 1000 relinquat;
1279 943 1327 986 ut
1351 934 1514 1002 possit
1532 933 1709 988 dicere
1736 951 1750 986 :
1778 932 1899 987 Vivo
1923 942 2086 986 autem

510 1023 620 1092 jam
646 1039 745 1075 non
770 1039 858 1092 ego
880 1039 900 1075 :
924 1023 1038 1076 vivit
1061 1039 1173 1075 vero
1196 1025 1248 1077 in
1273 1040 1352 1078 me
1373 1022 1603 1079 Christus
1641 1023 1846 1097 (Galat.
1871 1023 1925 1077 2.
1954 1023 2026 1078 20
2045 1027 2086 1090 ).

517 1112 646 1167 Nam
676 1113 721 1166 si
747 1113 803 1178 ii,
837 1115 925 1182 qui
970 1128 1206 1168 eremum
1248 1114 1502 1181 incolunt,
1545 1125 1600 1169 et
1637 1115 1768 1169 urbe
1808 1123 1862 1168 et
1899 1114 2014 1168 ioro
2038 1122 2092 1168 et

519 1204 829 1260 tumultibus
868 1207 1069 1273 procul,
1110 1219 1321 1276 semper
1362 1215 1516 1274 portu
1553 1215 1607 1260 et
1647 1204 1928 1274 tranquillo
1955 1203 2091 1258 ca-lu

496 1295 774 1361 'l‘ruentes,
798 1294 984 1349 nolunt
1023 1305 1194 1350 tamen
1221 1295 1478 1364 ejusmodi
1507 1295 1624 1349 vita:
1655 1294 1890 1349 instituto
1923 1294 2090 1347 conli-

523 1389 672 1454 dere,
691 1403 870 1442 verum
901 1396 1176 1442 sescentas
1196 1387 1326 1441 alias
1343 1387 1610 1443 custodias
1638 1387 1909 1452 adhibent,
1944 1385 2094 1440 undi-

503 1493 626 1547 que
651 1493 710 1533 se
731 1478 1246 1542 eircnmmunientes,
1271 1488 1325 1534 et
1364 1493 1483 1534 cum
1527 1493 1714 1549 magna
1763 1478 2097 1533 accuratione

525 1571 702 1624 omnia
731 1579 784 1624 et
812 1569 988 1625 dicere
1011 1579 1062 1624 et
1091 1569 1263 1626 facere
1289 1580 1610 1640 satagentes,
1654 1580 1711 1625 ut
1748 1584 1870 1624 cum
1910 1569 2095 1624 ﬁducia

527 1672 581 1715 et
607 1662 830 1731 puritate
859 1662 1085 1725 sincera,
1111 1669 1364 1731 quantum
1388 1662 1627 1716 humanae
1651 1662 1788 1716 vires
1809 1661 2094 1730 patiuntur,

527 1752 779 1806 accedere
823 1751 888 1804 ad
939 1753 1099 1805 Deum
1153 1752 1353 1819 possint
1382 1767 1395 1804 :
1424 1760 1620 1821 quanta
1671 1760 1821 1820 putas
1856 1758 2101 1820 oportere

508 1843 856 1898 sacerdotem
889 1843 960 1896 uti
990 1843 1040 1896 vi
1070 1851 1226 1912 atque
1246 1843 1528 1908 violentia,
1571 1853 1628 1897 ut
1672 1846 1836 1912 possit
1872 1842 2100 1896 animant

530 1934 597 1988 ab
621 1935 762 1987 omni
791 1934 1186 1999 inquinamento
1207 1935 1432 2002 eripere,
1455 1946 1509 1989 et
1529 1934 1852 2001 spiritualem
1875 1933 2105 2003 pulchri-

504 2027 769 2081 tudinem
821 2027 1040 2081 illtesam
1096 2026 1344 2081 servare?
1399 2027 1601 2081 Etenim
1651 2027 1816 2080 multo
1868 2026 2102 2094 majore,

533 2133 690 2183 quam
721 2115 815 2183 illi,
855 2125 976 2187 eget
1005 2117 1232 2186 puritate
1261 2139 1274 2171 :
1307 2132 1366 2170 ac
1393 2119 1480 2187 qui
1512 2118 1710 2187 majore
1749 2117 1982 2188 indiget,
2020 2116 2108 2171 ille

521 2206 772 2280 pluribus
810 2207 1214 2262 necessitatibus
1249 2207 1516 2276 subjacet,
1557 2224 1676 2278 qua:
1720 2208 1922 2277 possint
1963 2207 2106 2262 illum

537 2299 848 2367 inquinare,
891 2299 990 2352 nisi
1032 2297 1244 2352 assidua
1285 2298 1589 2368 vigilantia,
1635 2298 1904 2367 multaque
1945 2296 2106 2352 animi

514 2391 827 2446 attentione
843 2404 988 2455 usus,
1003 2389 1326 2444 inaccessum
1349 2390 1450 2444 illis
1469 2389 1702 2444 animum
1723 2388 1908 2445 reddat
1933 2403 2108 2444 suum.

537 2481 669 2538 Nam
700 2491 756 2538 et
782 2483 890 2537 oris
911 2491 1180 2548 venustas,
1207 2493 1260 2538 et
1285 2493 1521 2536 motuum
1547 2483 1819 2547 mollities,
1849 2491 1902 2536 et
1928 2482 2102 2536 inces-

539 2592 630 2632 sus
667 2575 905 2632 aﬁ‘ectata
948 2577 1102 2642 ratio,
1147 2586 1202 2631 et
1238 2575 1384 2630 vocis
1411 2574 1722 2637 confractio,
1752 2574 2028 2629 oculorum
2057 2582 2113 2628 et

522 2668 796 2726 malarum
825 2667 1068 2739 stigmata
1086 2667 1125 2730 ⁸,
1165 2667 1524 2721 cincinnorum
1549 2666 1986 2735 compositiones,
2021 2679 2113 2718 ca-

540 2759 712 2831 pillitii
756 2759 980 2814 tinctura
1006 2800 1022 2824 ,
1067 2759 1286 2813 vestium
1327 2757 1702 2827 sumptuositas
1728 2799 1744 2825 ,
1789 2757 1901 2811 auri
1939 2755 2115 2810 varius

531 2861 760 2904 ornatus
791 2890 807 2916 ,
856 2864 1183 2920 gemmarum
1243 2837 1576 2918 pulchritudo
1621 2849 1678 2914 ’,
1727 2856 2116 2918 unguentorum

542 2940 847 3011 iragrantia,
873 2940 1079 3009 aliaque
1112 2939 1308 3003 omnia,
1340 2954 1460 3008 quae
1492 2937 1750 2992 muliebre
1785 2952 1953 3008 genus
1989 2935 2118 2991 alie-

536 3040 689 3087 ctare
707 3032 862 3098 solet,
884 3033 1116 3084 animum
1139 3031 1350 3084 turbare
1370 3037 1609 3098 possunt,
1633 3029 1732 3083 nisi
1755 3026 2117 3096 temperantiae

544 3124 854 3178 austeritate
883 3137 942 3177 se
965 3122 1230 3176 munierit.
1259 3121 1362 3175 Sed
1396 3120 1463 3174 ab
1488 3120 1554 3174 iis
1578 3119 1775 3174 turbari
1796 3120 1987 3173 mirum
2012 3133 2117 3173 non

542 3224 657 3280 est;
699 3224 753 3268 at
793 3230 887 3285 per
913 3229 998 3269 res
1027 3214 1094 3268 iis
1119 3213 1410 3268 contrarias
1451 3225 1608 3281 posse
1639 3210 1903 3266 diabolum
1933 3209 2118 3266 huma-

541 3319 644 3372 nas
668 3305 870 3358 animas
895 3302 1180 3358 confodere
1197 3342 1213 3368 ,
1244 3301 1293 3356 id
1320 3316 1447 3356 sane
1475 3310 1691 3370 stupore
1717 3309 1770 3355 et
1794 3300 2119 3356 dubitatione

548 3395 780 3464 plenum.
825 3393 942 3448 iam
968 3392 1107 3447 enim
1133 3392 1367 3447 nonnulli
1389 3432 1404 3454 ,
1431 3393 1519 3462 qui
1553 3390 1667 3445 hzec
1700 3391 1955 3446 venabula
1983 3389 2116 3444 eﬁ‘u-

547 3495 772 3557 gerant,
812 3501 840 3538 a
887 3485 1042 3554 longe
1064 3484 1289 3539 diversis
1311 3485 1448 3553 capti
1470 3490 1612 3538 sunt.
1646 3483 1851 3537 Etenim
1878 3483 2115 3550 neglecta

550 3576 734 3642 facies,
765 3576 1001 3646 squalida
1023 3590 1196 3643 coma,
1227 3575 1368 3630 sordi
1393 3579 1434 3627 la
1467 3574 1648 3640 vestis,
1678 3572 1890 3627 habitus
1915 3574 2116 3626 incom-

550 3666 775 3736 positus,
822 3681 1027 3721 murum
1076 3665 1461 3734 verborumque
1506 3664 1836 3734 simplicitas,
1883 3663 2121 3717 incessus

551 3771 654 3810 non
677 3755 970 3819 aﬂectatus,
988 3771 1090 3810 vox
1113 3756 1446 3822 inconcinna,
1473 3756 1641 3810 victus
1667 3763 1968 3824 paupertas,
1993 3767 2123 3807 con-

552 3852 780 3917 temptus
804 3861 867 3901 ac
893 3846 1120 3916 prtesidii
1148 3847 1387 3916 penuria,
1411 3846 1642 3915 itemque
1666 3842 1894 3898 solitudo
1915 3852 2121 3914 Specta-

552 3947 719 3991 torem
769 3938 994 4007 primum
1033 3936 1100 3991 ad
1141 3936 1579 4002 miscricordiam,
1609 3935 1798 3990 deinde
1839 3924 1894 3989 in
1940 3943 2118 3989 extre-

551 4045 691 4084 mam
725 4030 1010 4100 perniciem
1042 4037 1423 4100 pertraxerunt.

620 4122 674 4175 5.
707 4119 1011 4174 Facitiorem
1035 4136 1140 4173 esse
1162 4121 1274 4173 vita:
1300 4120 1542 4172 rationem
1561 4117 1945 4182 monachorum,
1970 4133 2120 4186 quant

553 4211 845 4284 prmium.
869 4239 941 4250 -—
983 4210 1234 4280 Multique
1273 4223 1340 4265 ex
1381 4207 1643 4279 prioribus
1686 4207 1850 4276 elapsi
1898 4208 2119 4275 retibus,

555 4318 743 4373 nempe
772 4302 946 4357 aureis
982 4301 1254 4356 ornatibus
1273 4341 1289 4368 ,
1321 4301 1620 4372 unguentis,
1642 4299 1990 4364 vestimentis,
2021 4316 2124 4355 ca:-

554 4399 785 4466 terisque
810 4411 967 4465 supra
990 4395 1311 4461 memoratis,
1334 4395 1385 4449 in
1410 4394 1521 4448 haec
1547 4393 1680 4448 adeo
1700 4393 1767 4448 ab
1791 4393 1891 4448 illis
1914 4393 2120 4447 diversa

552 4487 857 4543 ceciderunt
886 4486 1280 4556 perieruutque.
1325 4484 1455 4539 Cum
1485 4500 1611 4554 ergo
1640 4499 1734 4554 per
1763 4493 2121 4554 paupertatem

554 4588 608 4633 et
642 4577 871 4644 divitias,
907 4593 1004 4647 per
1039 4587 1284 4632 ornatum
1327 4588 1382 4632 et
1427 4577 1632 4631 habitus
1674 4576 1985 4646 neglectum,
2031 4591 2124 4646 per

554 4673 876 4741 compositos
907 4687 1082 4726 mores
1121 4681 1174 4725 et
1216 4671 1613 4741 incompositos,
1647 4680 1804 4740 atque
1832 4685 1936 4724 uno
1963 4669 2123 4723 verbo

555 4780 651 4834 per
677 4765 851 4820 omnia
877 4765 979 4818 alia
1006 4780 1161 4832 supra
1192 4773 1514 4829 enumerata,
1536 4763 1730 4829 bellum
1758 4765 1808 4818 in
1840 4763 2125 4834 spectantis

555 4859 733 4913 animo
773 4858 1108 4922 accendatur,
1152 4868 1203 4912 et
1247 4857 1664 4912 machinamenta
1705 4857 1851 4911 illum
1893 4856 2124 4922 undique

555 4952 964 5016 circumsistant,
997 4949 1256 5004 undenam
1285 4950 1543 5018 respirare
1577 4950 1769 5018 poterit
1807 4956 1884 5002 tot
1921 4947 1993 5000 illi
2021 4947 2126 5000 cir-

554 5046 866 5116 cumpositis
889 5044 1125 5115 laqueis?
1157 5058 1288 5111 quas
1316 5044 1544 5098 inveniat
1584 5043 1830 5107 latebras,
1857 5055 1960 5094 non
1983 5040 2122 5106 dico,

555 5155 621 5194 ne
649 5139 698 5193 vi
723 5140 958 5209 capiatur
987 5138 1062 5208 (id
1090 5137 1281 5207 quippe
1308 5153 1410 5190 non
1438 5134 1719 5189 admodum
1747 5131 1957 5187 difﬁcile
1982 5131 2122 5200 est),

554 5230 649 5285 sed
676 5240 730 5282 ut
754 5232 986 5284 animum
1015 5245 1166 5283 suum
1193 5245 1220 5279 a
1249 5227 1404 5282 {tedis
1422 5225 1826 5296 cogitationibus
1853 5225 2130 5292 impertur-

557 5330 736 5374 oatum
767 5319 1053 5375 custodiat?
1095 5321 1240 5374 Mitto
1279 5319 1530 5384 honores,
1563 5317 1960 5370 innumerorum
1996 5329 2127 5368 cau-

556 5424 643 5463 sas
687 5411 964 5465 malorum.
1014 5411 1220 5465 Etenim
1250 5409 1336 5476 qui
1373 5425 1404 5462 a
1446 5407 1752 5462 mulieribus
1795 5404 2124 5468 deferuntur,

623 5590 638 5620 ¹
673 5583 810 5638 savii.
838 5599 889 5638 et
920 5588 1098 5650 aliquct
1136 5597 1259 5645 Mssa,
1303 5594 1347 5637 ct
1382 5585 1626 5650 oculorum
1648 5583 1886 5650 stigmata,
1909 5589 1953 5650 et
1976 5581 2127 5630 mala-

559 5663 667 5724 rum
688 5653 909 5724 putarat;
931 5645 1038 5724 alii,
1055 5656 1099 5699 ct
1122 5651 1422 5724 araturumIet
1441 5646 1767 5724 cincirtnorum
1788 5645 2063 5706 fueutiones.

625 5703 1159 5824 mSa\*il.'ctaliquot
1182 5719 1315 5774 Mss;
1338 5709 1434 5770 alii,
1475 5710 1583 5759 auri
1613 5717 1665 5760 et
1701 5703 1997 5771 gemmarum
2021 5703 2128 5768 pui-

755 5788 782 5825 ο

1235 361 1290 416 s.
1331 359 1608 416 JOANNIS
1644 359 2120 420 cnnvsosrout
2159 341 2472 416 necuter.
2514 355 3048 413 CONSTANTINOP.

3657 362 3758 413 680

2185 475 2544 544 temperantiae
2612 472 2921 527 assiduitate
2962 474 2977 505 ¹
3022 482 3375 535 enervantur;
3435 485 3670 530 attamen
3728 477 3760 529 ii

2185 581 2328 636 stupe
2351 566 2603 635 dejiciunt
2626 579 2770 631 eum,
2793 565 2881 634 qui
2907 573 3091 618 contra
3113 565 3246 619 tales
3270 565 3486 619 insidias
3509 579 3765 634 perpetuo

2186 659 2403 729 vigilare
2431 658 2615 737 nescit.
2645 657 2885 711 Honores
2906 665 3082 711 autem
3102 671 3132 709 a
3157 656 3280 711 viris
3302 657 3505 711 delatos
3526 658 3627 711 nisi
3651 659 3766 726 quis

2188 767 2376 821 magna
2425 766 2546 805 cum
2600 750 2761 804 animi
2797 749 3092 803 constantia
3133 750 3435 818 exceperit,
3484 765 3516 803 a
3555 750 3768 803 duobus

2188 841 2469 898 contrariis
2499 840 2696 894 morbis
2718 839 3018 908 corripitur,
3056 853 3084 892 a
3119 839 3369 893 servitute
3409 839 3611 893 scilicet
3649 856 3769 908 quae

2190 949 2254 989 ex
2281 933 2580 987 adulatione
2604 932 2860 998 nascitur,
2883 939 2936 986 et
2960 931 3028 986 ab
3052 931 3367 999 arrogantiae
3394 930 3621 994 insania,
3640 929 3770 982 dum

2191 1025 2551 1081 adulatoribus
2572 1024 2681 1078 suis
2704 1038 2762 1078 se
2785 1022 3046 1092 subjicere
3063 1020 3288 1091 cogitur,
3309 1029 3365 1075 et
3383 1037 3449 1075 ex
3477 1021 3773 1074 honoribus

2194 1134 2291 1189 per
2334 1133 2428 1173 eos
2469 1118 2658 1186 delatis
2710 1116 2965 1171 adversus
3016 1118 3283 1170 tenuiores
3330 1114 3560 1179 inﬂatur,
3611 1123 3667 1168 et
3718 1115 3773 1169 in

2195 1213 2440 1267 amentiae
2478 1211 2781 1266 barathrum
2820 1211 3082 1278 dejicitur.
3131 1209 3253 1264 HERC
3297 1207 3508 1278 quidem
3549 1223 3578 1261 a
3619 1208 3777 1262 nobis

2196 1305 2333 1359 dicta
2363 1313 2486 1357 sunt
2516 1320 2530 1356 :
2557 1317 2712 1370 quam
2740 1316 2866 1355 vero
2902 1301 3156 1355 damnosa
3186 1300 3309 1363 sint,
3341 1299 3548 1353 nonnisi
3574 1313 3776 1367 exper-

2201 1406 2282 1450 tus
2309 1395 2472 1464 probe
2506 1395 2714 1450 discere
2744 1404 2934 1462 potest.
2977 1392 3160 1460 Neque
3199 1392 3341 1445 enim
3381 1391 3495 1446 hac
3533 1400 3774 1451 tantum,

2198 1487 2292 1541 sed
2322 1488 2479 1556 longe
2503 1486 2586 1541 his
2612 1487 2757 1554 plura
2782 1495 2835 1540 et
2861 1485 3234 1554 periculosiora
3261 1485 3316 1538 in
3342 1484 3517 1538 medio
3540 1485 3778 1537 venanti

2201 1579 2443 1634 accidere
2486 1593 2706 1633 necesse
2753 1578 2928 1632 fuerit.
2977 1576 3078 1644 Qui
3105 1590 3232 1632 vero
3257 1575 3589 1631 solitudinem
3622 1576 3776 1640 colit,

2203 1671 2392 1727 horum
2421 1672 2655 1725 omnium
2687 1670 3070 1724 immunitatem
3096 1669 3438 1738 consequitur
3462 1685 3474 1720 :
3495 1667 3539 1722 si
3564 1668 3782 1737 quando

2203 1762 2428 1820 absurda
2471 1763 2721 1833 cogitatio
2767 1761 2891 1832 quid
2933 1762 3106 1816 simile
3154 1761 3249 1829 ipsi
3294 1760 3780 1829 reprtcsentaverit,

2205 1857 2464 1914 imbecilla
2497 1865 2669 1912 tamen
2701 1866 2782 1910 est
2806 1857 3103 1924 phantasia,
3127 1868 3244 1922 quae
3267 1851 3374 1906 cito
3401 1850 3564 1920 possit
3583 1849 3786 1903 exstin-

2204 1950 2313 2022 gui,
2341 1951 2460 2018 quia
2487 1948 2631 2003 nulla
2657 1947 2984 2002 extrinsecus
3008 1943 3235 1998 ﬂamma:
3261 1943 3478 1997 materia
3502 1957 3567 1995 ex
3591 1941 3784 1995 oculo-

2207 2057 2323 2096 rum
2354 2050 2572 2109 aspectu
2607 2037 2995 2107 suppeditatur.
3029 2037 3104 2089 Ac
3131 2033 3418 2088 monachus
3440 2032 3655 2103 quidem
3681 2033 3788 2087 sibi

2208 2133 2308 2188 soli
2336 2134 2512 2194 timet;
2543 2131 2588 2184 si
2608 2145 2736 2185 vero
2759 2128 2826 2184 de
2852 2129 2970 2181 aliis
2995 2126 3309 2196 quandoque
3337 2139 3523 2178 Curare
3540 2133 3784 2193 cogatur,

2209 2234 2355 2281 certe
2384 2223 2684 2294 paucissimi
2708 2221 2779 2274 illi
2809 2229 2965 2284 sunt;
2995 2219 3076 2272 sin
3097 2219 3276 2288 plures
3301 2216 3515 2282 iuerint,
3537 2224 3588 2269 at
3615 2215 3792 2269 multo

2213 2320 2447 2374 minores
2476 2331 2700 2371 numero
2727 2328 2883 2384 quam
2916 2313 2951 2367 ii
2981 2313 3070 2381 qui
3099 2311 3150 2364 in
3187 2309 3442 2364 Ecclesiis
3467 2317 3789 2371 versantur,

2212 2422 2370 2480 atque
2412 2411 2447 2465 ii
2492 2407 2658 2463 multo
2692 2407 2943 2460 leviorem
2977 2403 3224 2473 pra-tecto
3249 2416 3348 2456 suo
3372 2399 3786 2455 sollicitudinem

2213 2501 2482 2564 exhibent,
2530 2514 2636 2553 non
2673 2496 2741 2552 ob
2780 2496 3097 2567 paucitatem
3144 2502 3367 2558 tantum,
3401 2490 3495 2546 sed
3537 2491 3793 2559 quoniam

2214 2609 2400 2650 omnes
2423 2607 2452 2644 a
2476 2589 2814 2646 saecularibus
2841 2587 2998 2642 rebus
3021 2585 3171 2638 vacui
3198 2582 3412 2652 degunt,
3443 2595 3542 2636 nec
3568 2582 3789 2645 liberos,

2216 2701 2315 2742 nec
2335 2699 2577 2750 uxorem,
2607 2696 2777 2751 neque
2811 2679 2968 2732 ullam
3000 2674 3363 2745 hujuscemodi
3392 2688 3571 2728 curam
3609 2686 3798 2726 susce.

2218 2785 2423 2848 perunt.
2470 2773 2525 2828 ld
2561 2788 2717 2842 porro
2743 2771 2863 2825 illos
2887 2767 3171 2823 admodum
3200 2762 3466 2836 praefectis
3495 2762 3798 2832 morigeros

2197 2869 2396 2933 ,eiﬁcit,
2424 2865 2635 2937 etquod
2663 2863 2928 2919 communi
2951 2859 3219 2916 domicilio
3242 2868 3474 2921 utantur,
3492 2854 3646 2909 facile
3673 2869 3799 2924 pos-

2218 2970 2341 3017 sunt
2377 2973 2558 3015 eorum
2597 2956 2788 3012 delicta
2828 2963 2883 3009 et
2917 2951 3166 3024 cognosci
3206 2959 3261 3005 et
3302 2947 3570 3004 emendari
3601 2965 3614 3000 :
3647 2945 3798 3016 quod

2219 3068 2325 3110 non
2351 3051 2618 3106 modicum
2646 3047 2852 3104 confert
2886 3045 2951 3100 ad
2991 3043 3199 3102 virtutis
3239 3042 3642 3100 incrementum,
3670 3053 3800 3092 cum

2219 3143 2422 3199 scilicet
2446 3140 2697 3208 magister
2720 3147 3029 3208 perpetuam
3054 3140 3204 3204 gerat
3230 3129 3658 3187 sollicitudinem.

2288 3236 2343 3292 4.
2386 3232 2709 3287 Sacerdotem
2755 3230 2862 3284 orbi
2904 3237 3151 3282 terrarum
3201 3241 3307 3279 esse
3355 3222 3700 3294 praepositum.
3723 3249 3804 3261 -—

2221 3330 2418 3386 Eorum
2445 3342 2594 3390 vero,
2624 3325 2714 3395 qui
2742 3321 3002 3378 sacerdoti
3024 3321 3269 3384 subsunt,
3295 3317 3520 3371 maxima
3543 3328 3668 3384 pars
3697 3328 3804 3366 sa:-

2221 3423 2485 3480 cularibus
2519 3419 2660 3476 curis
2700 3427 2823 3472 sunt
2858 3413 3051 3470 addicti
3091 3411 3232 3483 quod
3262 3410 3381 3465 illos
3409 3407 3476 3462 ad
3500 3404 3802 3476 spiritualia

2220 3531 2380 3588 opera
2411 3510 2706 3585 peragenda
2733 3508 3006 3579 segniores
3035 3504 3228 3561 reddit.
3270 3499 3420 3557 Unde
3443 3507 3498 3554 et
3521 3497 3802 3551 doctorem

2222 3620 2440 3663 necesse
2475 3612 2556 3659 est
2591 3600 2839 3672 singulis,
2872 3607 2928 3652 ut
2953 3598 3023 3652 ita
3052 3595 3224 3651 dicam
3245 3635 3259 3658 ,
3292 3591 3478 3646 diebus
3502 3597 3801 3643 sementem

2218 3699 2423 3768 jacere,
2454 3703 2512 3750 ut
2551 3692 2856 3748 assiduitate
2884 3690 2904 3721 ’
2939 3689 3027 3743 illa
3067 3685 3234 3756 possit
3274 3680 3526 3737 doctrina:
3579 3677 3803 3733 verbum

2221 3790 2290 3845 ab
2313 3785 2640 3842 auditoribus
2665 3781 2903 3837 retineri.
2934 3778 3142 3832 Etenim
3172 3774 3365 3829 divitiae
3391 3773 3631 3841 ingentes
3651 3810 3667 3833 ,
3699 3781 3805 3836 po-

2223 3880 2400 3934 tentia:
2427 3873 2752 3946 magnitudo,
2783 3870 3032 3941 segnities
3057 3883 3122 3922 ex
3143 3866 3415 3934 voluptate
3442 3869 3583 3925 nata,
3609 3860 3808 3913 multa-

2222 3985 2326 4041 que
2363 3968 2465 4024 alia
2500 3967 2699 4036 jactum
2739 3978 2920 4018 semen
2963 3958 3221 4015 suﬁ‘ocant
3253 3973 3267 4009 :
3295 3968 3436 4021 saepe
3464 3967 3593 4007 vero
3620 3951 3806 4020 spina-

2223 4078 2340 4118 rum
2374 4058 2689 4131 i'requentia,
2722 4072 2788 4111 ne
2823 4054 2888 4108 ad
2927 4049 3261 4121 superficiem
3290 4045 3502 4117 quidem
3532 4053 3690 4098 terra:
3717 4057 3807 4096 se-

2225 4171 2346 4210 men
2373 4153 2564 4208 cadere
2589 4151 2730 4206 sinit.
2775 4147 2908 4202 Hinc
2933 4157 3063 4198 vero
3091 4152 3444 4195 aerumnarum
3470 4135 3800 4204 magnitudo,

2222 4251 2305 4303 vis
2328 4244 2672 4318 paupertatis,
2692 4239 2951 4296 molestiae
2974 4233 3222 4298 assidam,
3241 4231 3444 4298 aliaque
3473 4227 3803 4296 lmjusmodi,

2227 4341 2488 4411 prioribus
2524 4335 2820 4398 contraria,
2863 4347 2892 4384 a
2943 4329 3242 4384 divinorum
3289 4321 3463 4378 studio
3511 4319 3803 4374 abducunt.

2225 4435 2568 4489 Peccatorum
2607 4435 2783 4482 autem
2815 4439 2881 4478 ne
2910 4418 3108 4476 tantilla
3144 4415 3358 4487 quidem
3395 4427 3518 4483 pars
3546 4420 3727 4482 potest
3754 4412 3805 4464 in

2225 4538 2408 4580 eorum
2449 4519 2684 4576 notitiam
2715 4516 2895 4570 venire
2927 4530 2938 4564 :
2973 4506 3240 4581 quomodo
3279 4505 3441 4568 enim,
3465 4516 3584 4556 cum
3629 4497 3806 4554 ma'xi-

2228 4630 2366 4670 mam
2404 4627 2586 4668 eorum
2636 4617 2838 4677 partem
2876 4618 2942 4657 ne
2980 4601 3046 4655 de
3085 4598 3220 4653 facie
3257 4591 3468 4666 quidem
3509 4591 3686 4645 norit?
3731 4592 3807 4645 Ac

2227 4722 2344 4776 qua:
2383 4703 2447 4756 ad
2486 4701 2734 4771 populant
2773 4695 2984 4766 quidem
3011 4696 3252 4760 spectant
3278 4687 3360 4741 his
3389 4695 3511 4738 sunt
3549 4682 3807 4753 perplexa

2227 4798 2638 4855 difﬁcultatibus.
2671 4794 2819 4862 Quod
2847 4793 2889 4846 si
2920 4791 3038 4861 quis
3064 4803 3126 4843 ea
3180 4801 3298 4856 qua:
3338 4784 3403 4837 ad
3441 4783 3608 4837 Deum
3640 4785 3809 4852 perti-

2229 4901 2376 4957 nent,
2407 4887 2780 4957 exploraverit,
2816 4883 2990 4953 priora
3015 4879 3143 4934 nihil
3174 4889 3389 4948 prorsus
3411 4889 3531 4929 esse
3551 4872 3811 4927 videbuuo

2232 4995 2316 5040 tur
2342 5001 2355 5038 :
2387 4985 2458 5038 ita
2485 4980 2737 5048 majorem
2762 4977 2877 5030 hzec
2895 4971 3392 5042 diligentioremque
3419 4975 3602 5019 curam
3637 4976 3812 5033 postu-

2229 5079 2360 5133 lant.
2389 5076 2518 5130 Nam
2545 5073 2630 5143 qui
2660 5079 2754 5141 pro
2784 5078 2891 5122 tota
2920 5066 3148 5124 civitate,
3185 5071 3238 5118 et
3264 5059 3388 5131 quid
3413 5058 3533 5113 dico
3562 5057 3812 5110 civitate?

2231 5171 2337 5225 imo
2367 5182 2462 5237 pro
2489 5166 2732 5219 universa
2761 5172 2899 5214 terra
2921 5166 3190 5211 oratorem
3217 5153 3343 5222 agit,
3370 5151 3580 5217 Deoque
3611 5147 3811 5214 suppli-

2229 5277 2356 5317 cans
2377 5268 2436 5314 ut
2474 5256 2710 5312 omnium
2742 5251 2967 5322 peccatis
3007 5248 3075 5303 sit
3106 5245 3382 5316 propitius,
3423 5254 3530 5294 non
3568 5239 3807 5290 vivorum

2234 5362 2464 5415 tantum,
2517 5348 2611 5403 sed
2661 5346 2820 5402 etiam
2865 5357 3052 5398 eorum
3105 5340 3192 5410 qui
3237 5337 3518 5398 obierunt,
3559 5330 3808 5401 qualem,

2229 5457 2432 5516 quaeso,
2462 5447 2672 5510 Oportet
2699 5435 2860 5492 esse?

2295 5581 2312 5612 ι
2350 5585 2452 5636 Pro,
2476 5569 2802 5634 temperantia:
2833 5566 3134 5626 assiduitate;
3157 5576 3295 5619 unus,
3322 5556 3649 5622 temperamus
3669 5554 3812 5602 mole-

2231 5639 2487 5750 “?savil.
2504 5705 2566 5760 iet
2588 5695 2780 5760 plurimi
2801 5700 2930 5752 Mss,
2947 5688 3242 5742 assiduitate.
3270 5681 3431 5734 Morel.
3453 5689 3506 5732 et
3529 5679 3666 5742 pauci
3687 5683 3812 5736 διεδ..

2231 5759 2589 5816 consuetudine.
