3922 6240
37 365 147 422 679

37 483 192 551 ὑπὲρ
224 479 515 549 βασιλείας
544 478 676 547 ἡμῖν
700 476 728 527 ό
755 475 933 541 λόγος,
970 474 1084 527 ἀλλ’
1119 473 1259 544 ύπὲρ
1290 474 1613 544 πράγματος
1641 471 1742 539 ἀγ-

38 569 287 637 γελικῆς
319 567 524 638 ἀρετῆς
554 564 832 634 δεομένου.

116 658 194 725 β’.
242 655 363 708 Καὶ
401 655 511 725 γὰρ
560 651 670 704 τῶν
721 649 952 704 ἀκτίνων
1001 647 1181 701 αὐτῶν
1230 645 1622 716 καθαρωτέραν
1667 645 1744 716 τῷ

43 746 192 814 ἱερεῖ
225 745 335 814 τὴν
370 741 552 811 ψυχὴν
576 735 718 791 εἶναι
744 739 842 802 δεῖ,
903 739 989 790 ἵνα
1045 735 1312 807 μηδέποτε
1348 735 1549 806 ἔρημον
1582 734 1746 786 αὑτὸν

40 830 456 898 καταλιμπάνη
489 840 515 867 ι
566 827 627 879 :0
673 825 895 894 Πνεῦμα
946 825 1006 877 τὸ
1050 824 1227 892 ἆγιον,
1274 824 1360 875 ἴνα
1395 821 1617 892 δύνηται
1658 822 1746 874 λέ-

40 941 195 988 γειν,
235 917 337 973 Ζῶ
372 917 442 970 δὲ
485 919 598 969 οὐκ
644 917 732 968 ἑτι
765 913 900 983 ἐγὼ,
961 912 1027 982 ζῇ
1081 911 1148 965 δὲ
1195 913 1264 964 ἐν
1299 913 1428 980 ἐμοὶ
1471 913 1743 978 Χριστός.

43 1010 108 1062 ΕΞ
139 1008 258 1078 γάρ
296 1009 350 1058 οἱ
397 1007 496 1075 τὴν
532 1004 738 1074 ἔρημον
765 1001 1064 1064 οἰκοῦντες,
1114 1001 1210 1054 καὶ
1259 1000 1466 1062 πόλεως
1495 1000 1589 1052 καὶ
1617 999 1747 1066 ἀγο-

47 1099 152 1167 ρΞς
187 1097 289 1147 καὶ
330 1093 442 1145 τῶν
486 1091 696 1144 ἐκεῖθεν
736 1088 1146 1159 ἀπηλλαγμένοι
1193 1087 1458 1158 θορύϐων,
1506 1086 1600 1138 κα)⁸
1636 1085 1748 1137 δια-

45 1184 264 1245 παντὸς
326 1180 567 1249 λιμένων
623 1179 719 1231 καὶ
767 1177 1010 1246 γαλήνης
1057 1175 1422 1238 ἀπολαύοντες
1473 1177 1572 1227 ούκ
1623 1174 1747 1226 ἐθέ-

43 1275 207 1324 λουσι
236 1271 472 1340 θαρρεῖν
505 1268 552 1328 δ,
581 1269 646 1336 τῇ
674 1266 772 1335 τῆς
803 1265 1012 1334 διαίτης
1039 1264 1255 1333 ἐκείνης
1284 1263 1576 1332 ἀσφαλείᾳ,
1609 1262 1746 1315 ἀλλά

45 1361 144 1411 καὶ
188 1358 404 1427 μυρίας
426 1355 620 1426 ἐτέρας
643 1351 998 1422 προστιθέασι
1023 1350 1292 1420 φυλακάς,
1325 1349 1592 1403 πάντοθεν
1623 1350 1747 1401 ἐαυ-

47 1447 179 1508 τοῦς
228 1442 723 1514 περιφράττοντες,
762 1440 857 1492 καὶ
903 1439 1044 1507 μετά
1078 1438 1273 1508 πολλῆς
1308 1438 1411 1506 τῆς
1455 1437 1748 1508 ἀκριϐείας

46 1535 147 1586 καὶ
177 1533 370 1599 λέγειν
393 1531 610 1584 ἅπαντα
637 1530 730 1581 καὶ
757 1527 1017 1599 πράττειν
1042 1526 1455 1590 σπουδάζοντες,
1486 1525 1572 1577 ἵνα
1611 1525 1749 1594 μετά

47 1620 390 1692 παρρησίας
436 1619 530 1671 καὶ
563 1615 937 1687 καθαρότητος
970 1613 1321 1684 εἰλικρινοῦς,
1356 1613 1480 1666 ὅσον
1535 1614 1613 1675 είς
1655 1613 1749 1665 ἀν-

47 1709 350 1779 θρωπείαν
390 1702 492 1778 ἧκε
535 1704 786 1774 δύναμιν,
833 1703 1126 1775 προσιέναι
1154 1700 1234 1770 τῷ
1282 1699 1401 1770 Θεῷ
1449 1701 1748 1753 δύνωνταιο

48 1798 239 1865 πός-ης
281 1794 390 1846 οἴει
425 1792 537 1844 δεῖν
570 1789 646 1860 τῷ
694 1789 974 1858 ἱερωμένῳ
1016 1787 1112 1840 καὶ
1144 1787 1428 1857 δυνάμεως
1458 1788 1550 1839 καὶ
1605 1786 1748 1853 βίας,

45 1884 196 1936 ὣστε
223 1879 527 1950 δυνηθῆναι
554 1875 752 1940 παντὸς
774 1875 1085 1946 ἐξαρπάσαι
1110 1872 1390 1944 μολυσμοῦ
1418 1873 1519 1944 τὴν
1541 1873 1748 1943 ψυχὴν,

46 1972 146 2021 καὶ
179 1967 381 2030 ἀσινὲς
402 1967 496 2019 τὸν
520 1962 891 2034 πνευματικὸν
915 1964 1153 2032 τηρῆσαι
1177 1972 1200 1999 ο
1236 1960 1432 2024 κάλλος
1455 1978 1468 2021 ;
1505 1961 1616 2014 Καὶ
1643 1960 1752 2029 γὰρ

48 2056 245 2126 πολλῷ
299 2054 550 2124 μείζονος
583 2050 832 2122 αύτῷδεί
867 2048 1264 2120 καθαρότητος,
1293 2047 1326 2118 ἢ
1352 2047 1610 2112 ἐκείνοιςο
1656 2048 1753 2100 καὶ

48 2139 90 2212 ᾧ
140 2141 410 2214 μείζονος
435 2141 536 2202 δεῖ,
572 2133 727 2202 οὗτος
753 2137 996 2190 πλείοσιν
1031 2135 1301 2203 ἀνάγκαις
1340 2134 1568 2188 ἐκείνων
1606 2135 1744 2186 ὑπό-

51 2250 245 2285 κειται
281 2233 410 2292 ταῖς
440 2227 770 2297 δυναμέναις
814 2223 980 2278 αὐτὸν
1007 2223 1234 2295 ρυποῦν,
1265 2223 1332 2292 ῆν
1363 2222 1439 2294 μὴ
1472 2225 1538 2294 τῇ
1569 2223 1751 2294 διηνε-

49 2325 136 2373 κεῖ
169 2319 350 2388 νήψει
387 2316 484 2369 καὶ
525 2313 605 2384 τῷ
639 2313 820 2383 πολλῷ
855 2311 995 2382 τόνῳ
1026 2311 1393 2382 χρησάμενος,
1429 2309 1629 2364 ἄϐατον
1656 2311 1752 2363 αύ-

47 2411 173 2470 ταῖς
223 2405 539 2476 ἐργάσηται
568 2401 666 2471 τὴν
687 2400 890 2470 ψυχήν.
933 2400 1043 2452 Καὶ
1076 2400 1185 2470 γὰρ
1217 2398 1525 2469 προσώπων
1549 2398 1752 2469 εὐμορ-

53 2497 181 2562 φία,
244 2493 349 2547 καὶ
401 2489 720 2560 κινημάτων
757 2487 1070 2558 διάθρυψις,
1119 2487 1213 2542 καὶ
1253 2487 1512 2556 βαδίσεως
1558 2487 1752 2556 ἐπιτή-

45 2582 271 2642 δευσις,
305 2577 406 2631 καὶ
433 2576 617 2646 φωνῆς
645 2574 949 2638 διάκλασις,
977 2574 1071 2627 καὶ
1094 2573 1387 2644 ὀφθαλμῶν
1410 2574 1750 2644 ὑπογραφαὶ,

50 2670 148 2721 καὶ
187 2663 456 2736 παρειῶν
501 2662 829 2734 ἐπιγραφαὶ,
872 2662 968 2714 καὶ
1009 2661 1337 2731 πλεγμάτων
1376 2661 1403 2699 ά
1451 2661 1751 2726 συνθέσεις,

50 2758 149 2808 καί
167 2753 398 2826 τριχῶν
423 2751 614 2821 βαφαὶ,
641 2751 735 2804 καὶ
766 2750 1000 2820 ἱματίων
1024 2749 1368 2810 πολυτέλεια,
1397 2748 1491 2802 καὶ
1518 2749 1752 2818 χρυσίων

55 2842 344 2902 ποικιλία,
366 2841 462 2893 καὶ
482 2838 646 2891 λίθων
671 2836 884 2900 κάλλος,
912 2836 1004 2889 καὶ
1031 2835 1216 2909 μύρων
1233 2835 1452 2899 εὐωδία,
1472 2837 1566 2888 καὶ
1589 2836 1753 2890 τᾶλλα

54 2933 266 2993 πάντα,
295 2928 336 2982 ἃ
359 2927 424 2981 :0
456 2928 765 2996 γυναικεῖον
789 2923 1098 2994 ἐπιτηδεύει
1128 2924 1305 2991 γένος,
1335 2924 1493 2977 ἱκανά
1521 2923 1752 2994 θορυϐῆ-

57 3038 146 3072 σαι
201 3018 420 3088 ψυχὴν,
456 3017 524 3086 ἢν
566 3015 640 3086 μὴ
669 3012 836 3084 πολλῇ
863 3013 930 3082 τῇ
962 3013 1060 3082 τῆς
1102 3011 1455 3081 σωφροσύνης
1485 3011 1753 3081 αύστηρό-

52 3125 178 3178 τητι
228 3103 628 3174 ἀπσκληκυῖα
651 3102 810 3172 τύχῃ.
857 3099 1020 3154 Ἀλλά
1056 3098 1118 3151 τὸ
1150 3099 1250 3169 μέν
1289 3098 1393 3151 ὑπὸ
1417 3097 1623 3150 τούτοιν
1657 3117 1754 3151 τα-

57 3194 396 3266 ράττεσθαι,
423 3190 738 3262 θαυμαστὸν
759 3188 943 3241 οὐδέν·
977 3188 1039 3240 τὸ
1065 3185 1121 3239 δὲ
1155 3187 1248 3238 καὶ
1276 3186 1364 3238 διὰ
1399 3186 1511 3238 τῶν
1544 3186 1754 3250 τούτοις

55 3283 338 3338 ἐναντίων
389 3277 649 3332 δύνασθαι
689 3275 904 3346 βάλλειν
947 3269 1058 3327 τδιΓ
1085 3273 1334 3326 διάϐολον
1369 3274 1464 3326 καὶ
1516 3291 1751 3326 κατατο-

56 3371 247 3435 ξεύειν
273 3368 384 3430 τὰς
425 3365 533 3419 τῶν
568 3363 872 3435 ἀνθρώπων
900 3362 1098 3432 ψυχὰς,
1131 3361 1288 3414 τοῦτο
1314 3361 1430 3414 ἐστι
1461 3361 1525 3413 :0
1554 3361 1756 3430 πολλῆς

57 3457 402 3527 ἐκπλήξεως
435 3455 531 3507 καὶ
560 3452 795 3522 ἀπορίας
836 3450 1055 3521 μεστόν.
1097 3449 1236 3519 Ἤδη
1266 3448 1377 3519 γάρ
1409 3465 1552 3511 τινες
1585 3448 1757 3502 ταῦτα

52 3547 415 3617 ἐκφυγόντες
442 3541 513 3594 τά
545 3539 816 3610 θήρατρα,
848 3539 963 3600 τοῖς
986 3536 1123 3590 πολὺ
1157 3536 1363 3590 τούτων
1389 3536 1757 3606 ἀφεστηκόσιν

57 3639 349 3692 ἑάλωσαν.
389 3631 500 3684 Καὶ
526 3627 636 3700 γὰρ
666 3628 760 3680 καὶ
802 3625 1124 3696 ἠμελημένῃ
1159 3623 1302 3693 ὄψις,
1350 3623 1445 3678 καὶ
1487 3624 1759 3694 αὐχμῶσα

55 3726 240 3792 κόμη,
277 3719 380 3773 καὶ
405 3715 635 3788 ρυπῶσα
665 3713 849 3784 στολὴ,
869 3712 965 3766 καὶ
992 3712 1177 3782 σχῆμα
1206 3711 1627 3776 ἀνεπίπλαστον,
1661 3712 1758 3764 καὶ

55 3808 194 3883 ἦθος
228 3805 470 3867 ἁπλοῦν,
495 3803 590 3855 καὶ
624 3800 776 3872 ῥῆμα
801 3799 1020 3870 ἀφελὲς,
1042 3801 1136 3852 καὶ
1164 3799 1372 3869 βάδισις
1407 3799 1756 3870 ἀνεπιτήδευ-

55 3917 174 3962 τος,
226 3894 333 3950 καὶ
371 3889 776 3960 ἀσχημάτιστος
801 3887 976 3958 φωνὴ,
1018 3886 1115 3941 καὶ
1145 3886 1206 3939 :0
1240 3886 1404 3954 πενίᾳ.
1439 3886 1630 3955 συζῇν,
1665 3886 1760 3938 καὶ

58 3989 120 4041 :0
148 3977 652 4053 καταφρονεῖσθαι,
681 3977 776 4029 καὶ
811 3976 872 4028 :0
899 3973 1359 4046 άπροστάτευτον,
1387 3975 1480 4026 καὶ
1505 3975 1538 4044 ἡ
1582 3973 1758 4042 μόνω-

61 4093 169 4138 σις,
203 4071 438 4144 πρῶτον
476 4069 575 4139 μὲν
595 4069 676 4129 είς
699 4065 844 4118 ἔλεον
867 4064 956 4116 τὸν
981 4062 1213 4133 δρῶντα,
1243 4062 1338 4113 ἀπ’
1368 4061 1577 4113 ἐκείνου
1599 4061 1656 4113 δέ
1680 4064 1760 4125 εἰς

59 4164 152 4215 τὸν
187 4161 434 4229 ἔσχατον
473 4157 681 4226 ἢγαγεν
727 4151 969 4222 ὄλεθρον.

130 4260 211 4317 γ’.
243 4249 368 4302 Καὶ
408 4246 594 4298 πολλοὶ
637 4241 707 4296 τά
755 4240 998 4310 πρότερα
1053 4239 1384 4308 ἐκφυγόντες
1430 4237 1641 4300 δίκτυα,
1691 4238 1760 4291 τά

60 4339 152 4392 διὰ
206 4336 337 4390 τῶν
383 4333 645 4405 χρυσίων,
691 4330 786 4383 καὶ
831 4327 939 4381 τῶν
985 4327 1194 4398 μύρων,
1244 4326 1474 4381 καὶτῶν
1508 4327 1759 4398 ἱματίων,

63 4429 160 4480 καὶ
199 4424 330 4478 τῶν
354 4419 559 4474 λοιπῶν
589 4412 664 4472 ὧν
691 4412 845 4471 εἷπον
876 4416 1228 4484 συγκείμενα,
1263 4417 1470 4480 τούτοις
1499 4419 1608 4478 τοῖς
1636 4433 1760 4468 τοσ-

62 4515 234 4566 οῦτον
302 4507 493 4564 αὐτῶν
542 4505 880 4576 ἀφεστηκόσι
933 4503 1173 4568 εὐκόλως
1215 4504 1472 4556 ἐνέπεσον
1523 4506 1618 4557 καὶ
1659 4505 1763 4557 ἀπ-

63 4602 307 4655 ώλοντο.
370 4596 542 4648 Ὅταν
581 4589 676 4648 οὖν
715 4594 810 4647 καὶ
842 4592 931 4645 διὰ
961 4591 1174 4656 πενίας,
1232 4592 1326 4645 καὶ
1377 4591 1463 4645 διά
1506 4591 1760 4655 πλούτου,

64 4692 162 4744 καὶ
207 4687 310 4742 διά
364 4681 757 4752 καλλωπισμοῦ
812 4681 906 4734 καὶ
947 4680 1036 4734 διὰ
1074 4681 1352 4750 σχήματος
1396 4680 1518 4750 εἰκῆ
1574 4680 1761 4750 κειμέ-

65 4797 185 4840 νου,
246 4775 354 4828 καὶ
405 4772 495 4826 διὰ
543 4771 762 4842 τρόπων
810 4769 920 4822 τῶν
975 4785 1036 4822 τε
1089 4767 1460 4837 ἐπιτηδευτῶν
1513 4768 1608 4820 καὶ
1657 4768 1764 4823 τῶν

67 4867 408 4921 ἀπλάστων,
442 4860 535 4912 καὶ
566 4859 654 4912 διὰ
691 4858 909 4912 πάντων
933 4853 1120 4919 ἀπλῶς
1149 4848 1224 4908 ὧν
1265 4855 1761 4926 ἀπηριθμησάμην,

68 4957 98 5008 δ
123 4954 388 5021 πόλεμος
417 4943 844 5018 ἀναῤῥιπίζηται
871 4947 938 5016 τῇ
961 4942 1055 4997 τοῦ
1082 4942 1353 5013 θεωμένου
1376 4943 1545 5013 ψυχῇ,
1577 4945 1671 4996 καὶ
1697 4945 1765 4996 τά

71 5041 470 5111 μηχανήματα
523 5033 675 5106 [όῖὄῖ
724 5033 886 5086 αὑτὸν
950 5031 1327 5103 περιστοιχίζῃ
1394 5031 1760 5101 πανταχόθεν⁹

1348 358 1434 412 DE
1475 353 1926 412 SACERDOTIU.
1974 356 2099 414 [ΑΒ.
2142 358 2227 412 Vl.

3401 357 3538 414 680‘-

1847 472 1997 542 σμῶν
2024 474 2123 544 τὴν
2149 475 2343 528 ἐαυτοῦ
2383 474 2614 543 φυλάξαι
2640 475 2850 546 ψυχήν;
2892 476 3000 528 Kal
3032 474 3268 545 παρίημι
3291 473 3384 537 τάς
3424 493 3507 527 τι-

1849 563 1977 632 μάς,
2012 565 2111 625 τὰς
2149 561 2258 614 τῶν
2287 563 2496 634 μυρίων
2541 563 2718 626 αἰτίας
2747 565 2951 618 κακῶν.
2985 564 3050 617 Δί
3097 564 3192 633 μὲν
3220 563 3326 630 γάρ
3358 561 3508 632 παρά
3535 595 3538 600 ι

1848 649 1954 702 τῶν
1979 651 2253 718 γυναικῶν
2277 650 2582 720 γινόμεναι,
2611 651 2689 721 τῷ
2712 652 2812 718 τῆς
2844 650 3194 722 σωφροσύνης
3220 651 3280 702 λυ
3291 651 3508 720 μαίνον-

1849 755 1939 791 ται
1968 739 2126 809 τόνῳ,
2160 740 2253 790 καὶ
2285 739 2684 792 καταϐάλλουσι
2717 751 2738 777 ε
2764 741 2821 792 δὲ
2845 739 3128 803 πολλάκις,
3159 741 3287 794 ὅταν
3318 756 3402 802 τις
3437 739 3511 808 μὴ

1824 826 2139 890 διαπαντὸς
2159 829 2458 899 ἀγρυπνεῖν
2485 828 2599 898 είδῇ
2630 827 2766 898 πρὸς
2792 829 2887 890 τὰς
2913 828 3168 891 τοιαύτας
3191 828 3509 891 ἐπιϐουλάς·

1849 913 1946 976 τὰς
1969 915 2026 966 δέ
2055 915 2204 983 παρά
2230 915 2339 967 τῶν
2366 915 2574 984 ἀνδρῶν
2597 916 2646 966 εί
2677 914 2750 985 μὴ
2784 914 2921 985 μετά
2953 915 3152 985 πολλῆς
3179 933 3262 977 τις
3291 916 3512 986 δέξηται

1849 1001 1946 1070 τῆς
1978 1003 2404 1073 μεγαλοψυχίας,
2435 1003 2528 1056 δύο
2555 1007 2667 1066 τοῖς
2689 1004 2953 1064 ἐναντίοις
2983 1003 3263 1056 ἁλίσκεται
3292 1006 3510 1067 πάθεσι,

1847 1091 1912 1158 τῇ
1933 1105 1992 1140 τε
2028 1089 2126 1158 τῆς
2153 1089 2392 1153 θωπείας
2419 1091 2839 1163 δουλοπρεπείᾳ,
2864 1092 2958 1142 καὶ
2983 1093 3048 1160 τῇ
3076 1092 3175 1160 τῆς
3199 1091 3512 1156 ἀλαζονείας

1849 1175 2004 1246 ἀνοία
2026 1174 2070 1240 τ,
2093 1178 2207 1240 τοῖς
2241 1177 2337 1246 μὲν
2362 1177 2759 1248 θεραπεύουσιν
2785 1177 2948 1230 αὑτὸν
2977 1177 3313 1231 ύποκύπτειν
3346 1180 3516 1246 ἀναγ-

1849 1262 2170 1334 καζόμενος,
2213 1264 2300 1316 διὰ
2335 1264 2393 1316 δέ
2433 1266 2533 1328 τὰς
2575 1267 2707 1335 παρ’
2737 1266 2960 1318 ἐκείνων
3015 1266 3181 1337 τιμάς
3224 1266 3366 1318 κατὰ
3405 1265 3515 1318 τῶν

1849 1350 2145 1404 ἐλαττόνων
2175 1351 2587 1420 ἐξογκούμενος,
2621 1354 2714 1406 καὶ
2747 1354 2827 1416 είς
2856 1353 2916 1406 τὸ
2945 1353 3042 1424 τῆς
3066 1353 3324 1415 ἀπονοίας
3347 1353 3518 1404 ὠθού-

1853 1456 2012 1508 μενος
2042 1437 2335 1510 βάραθρον.
2374 1439 2559 1492 Ταῦτα
2592 1441 2805 1512 εἴρηται
2845 1441 2944 1510 μὲν
2987 1441 3117 1511 παρ’
3155 1439 3314 1510 ἡμῶν
3336 1457 3350 1469 ο
3386 1441 3517 1511 ὅσην

1847 1526 1904 1579 δέ
1943 1526 2055 1596 ἔχει
2089 1527 2188 1597 τὴν
2219 1527 2424 1598 βλάϐην
2455 1529 2554 1580 ούκ
2585 1528 2648 1582 ἄν
2677 1547 2758 1590 τις
2797 1528 2924 1582 ἄνευ
2959 1528 3060 1598 τῆς
3102 1528 3302 1598 πείρας
3354 1528 3516 1597 μάθοι

1850 1612 2050 1676 καλῶς.
2083 1614 2156 1666 Οὐ
2184 1614 2292 1684 γάρ
2328 1614 2392 1684 δὴ
2435 1613 2607 1667 ταῦτα
2641 1615 2822 1684 μόνον,
2873 1615 3010 1668 ἀλλά
3057 1617 3151 1668 καὶ
3190 1616 3260 1668 τὰ
3311 1615 3517 1668 τούτων

1851 1699 2032 1770 πολλῷ
2064 1700 2286 1755 πλείονα
2329 1701 2422 1753 καὶ
2457 1702 2847 1774 σφαλερώτερα
2873 1703 2950 1773 τῷ
2994 1704 3052 1754 ὲν
3085 1702 3236 1772 μέσῳ
3284 1720 3517 1773 στρεφο-

1855 1787 1999 1857 μένῳ
2031 1789 2056 1827 3
2085 1788 2420 1858 συμπίπτειν
2444 1789 2655 1859 ἀνάγκη
2697 1790 2894 1858 γένοιτ’
2925 1790 3008 1843 ἄν.
3059 1790 3115 1842 '0
3150 1791 3207 1843 δέ
3245 1790 3343 1860 τὴν
3388 1792 3517 1862 ἐρηο

1854 1876 1982 1946 μίαν
2010 1876 2272 1946 στέργων,
2301 1878 2519 1930 πάντων
2550 1878 2647 1946 μὲν
2673 1877 2785 1947 ἔχει
2811 1877 2908 1947 τὴν
2937 1877 3213 1930 ἀτέλειανο
3239 1879 3288 1929 εἰ
3306 1877 3363 1929 δέ
3388 1895 3517 1930 ποτε

1852 1963 2002 2034 αύτῷ
2033 1966 2126 2017 καὶ
2153 1964 2411 2034 λογισμὸς
2441 1965 2642 2028 άτοπος
2672 1965 3012 2035 ύπογράψειέ
3034 1983 3086 2018 τι
3113 1965 3378 2028 τοιοῦτον,
3401 1964 3538 2018 ἀλλ’

1851 2052 2084 2122 ἀσθενὴς
2126 2054 2158 2123 ἡ
2186 2053 2478 2121 φαντασία,
2514 2054 2608 2106 καὶ
2637 2053 2849 2123 ταχέως
2897 2053 3188 2124 σϐεσθῆναι
3218 2054 3514 2123 δυναμένη.

1850 2139 1938 2192 διὰ
1955 2140 2016 2193 :0
2043 2141 2117 2211 μὴ
2144 2141 2504 2212 προσκεῖσθαι
2531 2140 2731 2205 ἔξωθεν
2754 2140 2852 2212 τὴν
2868 2141 2976 2194 ἀπὸ
2998 2141 3099 2208 τῆς
3121 2141 3356 2211 θεωρίας
3381 2141 3517 2209 ὓλην

1851 2231 1916 2299 τῇ
1949 2228 2128 2297 φλογί.
2166 2229 2275 2281 Καὶ
2302 2232 2330 2282 ό
2365 2231 2463 2299 μὲν
2498 2229 2731 2299 μοναχὺς
2763 2229 2902 2298 ὑπὲρ
2936 2229 3129 2282 ἐαυτοῦ
3162 2229 3325 2299 μόνου
3356 2229 3523 2281 δέδοι-

1852 2331 1982 2369 κεν·
2030 2319 2077 2369 εί
2117 2317 2174 2370 δὲ
2210 2317 2305 2371 καὶ
2349 2317 2551 2388 ἐτέρων
2595 2315 2906 2387 φροντίζειν
2955 2317 3350 2388 ἀναγκασθείη,
3401 2319 3542 2370 άλλ⁹’“

1852 2404 2238 2476 εὐαριθμήτων
2259 2405 2407 2457 λίανο
2437 2406 2486 2456 εί
2521 2403 2578 2458 δέ
2604 2405 2694 2457 καὶ
2725 2405 2971 2467 πλείονες
2999 2400 3132 2467 εἶεν,
3162 2405 3296 2457 ἀλλά
3318 2405 3428 2458 τῶν
3461 2406 3522 2456 ἐν

1851 2496 1974 2555 ταῖς
2008 2492 2354 2562 Ἐκκλησίαις
2377 2492 2630 2556 ἐλάττους
2654 2491 2712 2544 τέ
2743 2494 2871 2554 εἰσι,
2899 2493 2993 2545 καὶ
3019 2492 3118 2554 τάς
3146 2493 3286 2563 ὑπὲρ
3307 2493 3543 2548 ἐαυτῶνκ·

1855 2581 2143 2652 φροντίδας
2159 2579 2338 2652 πολλῷ
2354 2580 2693 2652 κουφοτέρας
2712 2581 3012 2651 παρέχουσι
3032 2581 3110 2651 τῷ
3135 2581 3439 2652 προεστῶτι
3467 2579 3517 2644 ιι,

1852 2674 1912 2726 ού
1942 2674 2030 2726 διά
2057 2673 2152 2744 τὴν
2181 2672 2473 2741 ὀλιγότητα
2509 2672 2688 2740 μόνον,
2732 2671 2846 2724 ἀλλ’
2892 2671 2974 2724 δτι
3021 2671 3114 2724 καὶ
3159 2671 3361 2734 πάντες
3406 2671 3534 2724 τῶν

1853 2760 2134 2830 κοσμικῶν
2181 2763 2319 2813 εἰσιν
2363 2759 2777 2830 ἀπηλλαγμένοι
2841 2761 3202 2829 πραγμάτων,
3251 2760 3345 2812 καὶ
3394 2758 3519 2812 οὔτε

1856 2849 2070 2912 παῖδας,
2118 2848 2242 2902 οὔτε
2274 2851 2524 2916 γυναῖκα,
2578 2847 2701 2900 οὔτε
2751 2847 2881 2900 ἄλλο
2920 2865 2972 2899 τι
3018 2849 3288 2918 μεριμνᾷν
3335 2847 3521 2916 ἔχουσι

1853 2937 2082 2990 τοιοῦτο.
2125 2938 2293 2990 Τοῦτο
2332 2937 2388 2990 δὲ
2431 2937 2629 3000 αὐτοὺς
2673 2936 2793 2990 λίαν
2829 2953 2885 2988 τε
2924 2932 3062 2988 εἶναι
3098 2935 3370 2998 εὐπειθεῖς
3407 2939 3522 2999 τοῖς

1854 3025 2179 3096 ἡγουμένοις
2210 3026 2301 3078 καὶ
2344 3025 2405 3076 :0
2431 3023 2614 3094 κοινὴν
2653 3025 2753 3094 τὴν
2796 3025 3010 3094 οἴκησιν
3057 3023 3200 3092 ἐχειν
3235 3024 3518 3094 ἐποίησεν,

1853 3113 1928 3175 ὡς
1961 3112 2218 3167 δύνασθαι
2246 3111 2426 3165 αὐτῶν
2470 3111 2536 3166 τὰ
2567 3112 2886 3182 πταίσματα
2929 3111 3171 3183 ἀκριϐῶς
3202 3113 3431 3183 συνορᾷν
3461 3129 3520 3164 τε

1857 3202 1949 3252 καὶ
1977 3199 2326 3270 ἐπανορθοῦν,
2369 3199 2503 3270 ὅπερ
2542 3200 2600 3251 ού
2631 3200 2825 3270 μικρὸν
2856 3199 2993 3270 πρὸς
3022 3199 3223 3270 ἀρετῆς
3251 3200 3517 3262 ἐπίδοσιν,

1855 3287 2146 3340 ἐπιστασία
2176 3282 2506 3340 διδασκάλων
2541 3287 2556 3326 ί
2587 3286 2866 3358 διηνεκής.

1924 3379 1986 3430 δ’.
2003 3377 2122 3428 Τῶν
2152 3377 2206 3428 δέ
2229 3376 2334 3428 ὑπὸ
2355 3373 2432 3444 τῷ
2457 3376 2594 3446 ἱερεῖ
2619 3376 2967 3446 τεταγμένων
2983 3377 3042 3429 :0
3063 3375 3222 3428 πλέον
3244 3374 3534 3445 βιωτικαῖς.

1859 3461 2152 3532 πεπέδηται
2187 3461 2454 3530 φροντίσι,
2487 3460 2764 3512 καὶτοῦτο
2796 3461 2992 3523 αὐτοὺς
3022 3460 3353 3530 ἀργοτέρους
3385 3460 3522 3528 πρὸς

1855 3545 1953 3616 τὴν
1970 3546 2076 3597 τῶν
2106 3545 2486 3614 πνευματικῶν
2514 3544 2776 3612 ἐργασίαν
2796 3543 3135 3612 καθίστησιν.
3166 3542 3330 3596 Ὅθεν
3355 3543 3522 3608 ἀνάγ-

1858 3645 1928 3696 κη
1958 3626 2036 3695 τῷ
2078 3625 2384 3695 διδασκάλῳ
2427 3626 2672 3694 σπείρειν
2712 3623 2833 3677 καθ’
2880 3625 3168 3692 ἑκάστην,
3197 3625 3273 3687 ὡς
3325 3626 3520 3686 εἰπεῖν,

1859 3709 2088 3779 ἡμέραν,
2110 3709 2195 3760 ἵνα
2218 3711 2282 3778 τῇ
2309 3708 2437 3776 γοῦν
2467 3706 2750 3776 συνεχείαί
2779 3706 2978 3776 δυνηθῇ
3008 3705 3349 3776 κρατηθῆναι
3371 3708 3523 3775 παρά

1857 3793 1968 3853 τοῖς
1995 3790 2252 3843 ἀκούουσι
2274 3792 2372 3860 τῆς
2399 3789 2745 3849 διδασκαλίας
2766 3790 2793 3840 ό
2820 3787 2998 3854 λόγος.
3032 3788 3139 3838 Καὶ
3163 3786 3272 3855 γάρ
3293 3786 3522 3850 πλοῦτος

1860 3873 2182 3944 ὑπέρογκος,
2219 3873 2313 3926 καὶ
2345 3872 2662 3935 δυναστείας
2697 3870 2945 3941 μέγεθος,
2989 3871 3083 3923 καὶ
3127 3869 3368 3940 ῥᾳθυμία
3414 3871 3524 3923 ἀπὸ

1856 3961 2066 4030 τρυφῆς
2099 3957 2519 4027 προσγινομένη,
2552 3957 2644 4008 καὶ
2695 3953 2861 4007 πολλά
2901 3954 3066 4024 ἐτερα
3109 3952 3248 4023 πρὸς
3285 3952 3521 4017 τούτοις,

1860 4042 2152 4113 συμπνίγει
2177 4041 2246 4094 τά
2271 4040 2718 4110 καταϐαλλόμενα
2749 4038 3036 4109 σπέρματα
3055 4053 3069 4068 °
3109 4037 3364 4098 πολλάκις
3393 4036 3449 4088 δὲ
3488 4039 3520 4107 η

1858 4126 1966 4180 τῶν
1982 4125 2232 4180 ἀκανθῶν
2257 4125 2528 4195 πυκνότης
2551 4124 2672 4177 ούδέ
2693 4123 2858 4194 μέχρι
2873 4124 2972 4192 τῆς
2992 4122 3312 4191 ἐπιφανείας
3328 4121 3524 4192 ἀφίησι

1858 4211 1920 4264 τὸ
1950 4212 2306 4282 σπειρόμενον
2340 4212 2545 4262 πεσεῖν.
2582 4207 2722 4277 Ἤδη
2753 4207 2810 4260 δὲ
2835 4206 2932 4259 καὶ
2963 4205 3195 4276 θλίψεως
3225 4205 3521 4276 ὑπερϐολὴ,

1861 4297 1956 4368 καὶ
1986 4295 2175 4358 πενίας
2214 4295 2447 4361 ἀνάγκη,
2498 4293 2591 4344 καὶ
2623 4292 2879 4360 ἐπήρειαι
2928 4292 3202 4360 συνεχεῖς,
3251 4290 3343 4340 καὶ
3387 4290 3525 4344 ἄλλα

1862 4377 2084 4432 τοιαῦτα
2107 4380 2216 4439 τοῖς
2242 4375 2528 4446 προτέροις
2551 4375 2788 4436 ἐναντία,
2820 4373 3021 4440 ἀπάγει
3047 4373 3144 4442 τῆς
3173 4372 3299 4440 περὶ
3320 4371 3388 4423 τὰ
3404 4371 3524 4424 θεῖα

1866 4461 2102 4532 σπουδῆς
2122 4478 2135 4490 ·
2164 4459 2349 4530 τῶν,δέ
2379 4458 2797 4530 ἁμαρτημάτων
2843 4458 2965 4510 ούδέ
3004 4457 3064 4509 τὸ
3097 4455 3389 4508 πολλοστὸν
3422 4457 3548 4508 αύοο

1863 4547 1974 4606 τοῖς
2029 4542 2194 4614 μέρος
2244 4542 2467 4595 δυνατὸν
2518 4539 2771 4610 γενέσθαι
2832 4539 3171 4606 καταφανές·
3224 4537 3340 4598 πῶς
3393 4538 3522 4609 γὰρ,

1865 4623 2013 4697 [424]
2048 4617 2122 4678 ὧν
2160 4625 2288 4687 τοὺς
2321 4623 2574 4686 πλείονας
2616 4623 2738 4676 ούδὲ
2767 4625 2831 4676 ἐκ
2865 4621 3180 4693 προσόψεως
3210 4622 3386 4685 ίσασις
3423 4621 3525 4674 Καὶ

1861 4711 1931 4764 τὰ
1970 4710 2068 4781 μέν
2093 4709 2229 4780 πρὸς
2257 4711 2348 4763 τὸν
2383 4709 2510 4762 λαὸν
2538 4709 2689 4779 αύτῷ
2720 4709 2992 4777 τοσαύτην
3031 4708 3143 4778 ἔχει
3177 4707 3274 4777 τὴν
3305 4707 3523 4777 ἀμηχα-

1863 4795 1980 4848 νίαν
2001 4810 2014 4823 ’
2056 4795 2103 4847 εί
2131 4793 2188 4846 δέ
2222 4811 2306 4857 τις
2331 4793 2400 4847 τά
2424 4793 2560 4864 πρὸς
2587 4793 2676 4846 τὸν
2705 4793 2836 4846 Θεὸν
2859 4792 3183 4856 ἐξετάσειεν,
3213 4791 3366 4844 ούδέν
3396 4791 3546 4843 όντα-

1864 4878 2086 4948 εὑρήσει
2109 4876 2310 4930 ταῦτα’
2341 4875 2484 4930 οὕτω
2509 4876 2754 4946 μείζονος
2781 4877 2874 4928 καὶ
2912 4868 3306 4946 ἀκριϐεστέρας
3342 4875 3524 4925 ἐκεῖνα

1862 4961 2029 5014 δεῖται
2051 4960 2151 5030 τῆς
2178 4961 2432 5031 σπουδῆς.
2457 4961 2560 5013 Τὸν
2581 4961 2688 5032 γάρ
2728 4961 2867 5030 ὑπὲρ
2889 4961 3014 5030 ὅλης
3041 4960 3138 5029 τῆς
3169 4958 3396 5020 πόλεως,
3431 4958 3525 5009 καὶ

1863 5045 1915 5097 τί
1958 5045 2100 5114 λέγω
2144 5045 2385 5110 πόλεως;
2417 5045 2598 5114 πάσης
2632 5045 2732 5115 μὲν
2761 5041 2852 5096 οῦν
2896 5044 2994 5111 τῆς
3031 5041 3351 5111 οἰκουμένης
3389 5056 3524 5110 πρε-

71 5130 247 5182 πόθεν
283 5122 628 5179 ἀναπνεῦσαι
663 5120 971 5192 δυνήσεται,
1003 5118 1274 5172 τοσούτων
1300 5117 1486 5188 κύκλῳ
1519 5136 1582 5170 πε
1595 5136 1756 5188 ρικει-
1795 5117 1843 5160 δ’*
1867 5129 2147 5196 σϐεὐοντα’
2180 5131 2276 5183 καὶ
2316 5130 2569 5200 δεόμενον
2603 5131 2719 5190 ταῖς
2760 5127 3010 5180 ἁπάντων
3040 5125 3332 5195 ἁμαρτίαις
3366 5124 3525 5176 ἵλεων

70 5221 267 5289 μένων
295 5211 583 5280 παγίδωνς
619 5210 779 5263 ποίαν
807 5209 1098 5262 κατάδυσιν
1135 5208 1337 5278 εὑρεῖν,
1366 5207 1426 5260 ού
1457 5207 1600 5274 λέγω
1631 5207 1766 5277 πρὸς

65 5309 128 5359 :0
168 5307 255 5375 μὴ
285 5300 436 5356 κατά
458 5299 659 5372 κράτος
688 5297 892 5351 ἀλῶναι
927 5295 1106 5367 (τοῦτο
1137 5297 1236 5366 μὲν
1264 5295 1372 5366 γάρ
1397 5295 1456 5346 ού
1491 5295 1633 5347 πάνυ
1664 5312 1762 5364 χα-

70 5397 290 5459 λεπδν),
327 5390 469 5444 ἀλλά
511 5391 605 5442 καὶ
639 5389 776 5460 πρὸς
805 5388 867 5442 :0
912 5387 1185 5458 ἀτάραχον
1218 5385 1326 5440 τῶν
1362 5389 1570 5456 μιαρῶν
1620 5386 1765 5454 λογι-

133 5518 160 5545 ³
192 5515 300 5564 Διὶἰ
340 5511 748 5572 ἐγκαταλιμπάνῃ.

131 5578 163 5618 δ
193 5577 298 5626 Alii
323 5575 418 5622 οὐκ
442 5571 690 5634 ἀνέχονται
717 5571 914 5636 θαρρεῖν.

137 5643 162 5670 ε
190 5639 298 5687 ΑΙιί
317 5641 634 5694 σνντηρὴσοι.

136 5701 164 5738 δ
190 5697 352 5749 Savil.
379 5702 434 5743 et
457 5692 644 5755 aliquot
666 5708 782 5741 mss.
817 5695 896 5741 καὶ
931 5694 1138 5755 παρειῶν
1179 5692 1508 5755 ἐπιτρίμματα.
1533 5694 1613 5738 καὶ
1652 5693 1764 5739 πλε-

76 5766 298 5824 γμάτων,
325 5758 412 5824 alii
452 5753 772 5824 gulixapglclliv
801 5753 1046 5824 ἐπιγραφαὶ
1073 5756 1151 5824 καὶ
1191 5755 1343 5824 πλεγ.Δ
1360 5753 1512 5824 ίξαυιιξ
1551 5760 1658 5824 ρρςῐ
1669 5755 1763 5824 filii

80 5815 294 5890 θεῖ-δαίων
317 5819 574 5880 εὐπρέπεια
596 5815 837 5866 καὶλίθων.
863 5815 932 5866 Ib.
954 5819 1034 5865 alii
1059 5817 1216 5878 μύρων
1239 5815 1448 5875 εύοδμία,
1470 5815 1515 5863 al
1568 5815 1756 5863 εὐωδία.

1863 5213 2115 5280 γενέσθαι
2151 5214 2241 5267 τὸν
2267 5213 2424 5276 Θεὸν,
2448 5213 2509 5264 ού
2543 5211 2651 5266 τῶν
2691 5210 2906 5274 ζώντων
2934 5209 3115 5279 μόνον,
3139 5207 3274 5260 ἀλλά
3300 5208 3395 5261 καὶ
3414 5205 3528 5260 τῶν.

1865 5295 2228 5360 ἀπελθόντων,
2267 5295 2452 5349 ὁποῖόν
2480 5311 2603 5347 τινα.
2643 5291 2783 5346 εἶναι
2807 5296 2940 5363 χρήζ

1926 5437 1950 5498 ἶ
1971 5436 2106 5486 Unus
2124 5438 2423 5498 λυμαίνονται
2444 5437 2574 5498 πόνῳ
2595 5437 2675 5483 καὶ
2699 5435 3065 5482 καταϐάλλουσι.

1935 5497 1952 5534 τ
1977 5500 2067 5547 Alii
2088 5497 2355 5560 ἀλαζονείας
2375 5497 2588 5560 ἀπονοία.

1931 5562 1954 5596 κ
1979 5563 2123 5608 Savil.
2150 5571 2202 5609 et
2220 5559 2303 5608 alii
2328 5559 2425 5615 τοῖς
2445 5561 2492 5608 ἐν
2532 5557 2664 5620 μέσῳ
2687 5559 3029 5621 στρεφομένοις.
3069 5557 3176 5606 Mox
3209 5558 3291 5621 alii
3333 5559 3523 5621 ἓρημοᾼ.

1929 5620 1953 5658 h
1980 5621 2130 5670 Savil.
2178 5630 2231 5670 el.
2268 5621 2462 5681 quidam
2502 5617 2572 5683 τῷ
2614 5617 2895 5684 προεστῶτι.
2923 5619 3093 5669 Mur-el.
3117 5629 3170 5669 et
3201 5619 3279 5667 alii
3309 5617 3420 5665 Mss.
3448 5617 3522 5680 τῷ

1864 5701 2122 5746 προστάτῃ.
2265 5712 2271 5718 -

1931 5748 1945 5811 ᾗ
1981 5746 2424 5811 ᾼΙίἱ.διδαο-ἰιάλου.⁸
2765 5806 2774 5811 _
2860 5804 2896 5811 __
2994 5804 3007 5811 _
3251 5800 3260 5808 .
3406 5800 3427 5811 Δ
3462 5799 3471 5809 Ι

1935 5809 1947 5856 i
1977 5808 2123 5857 Savll.
2156 5815 2207 5857 el
2231 5807 2428 5869 plurimi
2452 5819 2564 5856 mss.
2593 5806 2826 5868 συνεχείᾳ,
2860 5804 3026 5854 Morel.
3054 5811 3104 5853 el
3125 5800 3264 5866 pauci
3286 5800 3526 5865 συνηθείᾳ.
