3922 6236
198 377 307 433 6‘31

278 491 551 559 Equidem
583 503 761 559 neque
804 487 1019 558 Moysis,
1050 504 1226 558 neque
1261 488 1423 544 Helia:
1453 491 1703 546 ﬁduciam
1734 492 1802 546 ad

200 580 533 649 hujusmodi
553 578 1005 649 supplicationem
1035 578 1280 635 suliicere
1297 595 1454 651 posse
1475 581 1798 652 putaverim.

199 672 433 726 Etenim
466 687 529 726 ac
558 671 603 725 si
646 670 883 724 mundus
922 678 1069 725 totus
1093 671 1196 725 sibi
1229 672 1578 727 concreditus
1614 673 1702 735 sit,
1740 690 1803 728 ac

202 766 251 818 si
287 764 539 819 omnium
569 774 722 833 pater
750 764 866 832 ipse
896 764 984 827 sit,
1016 764 1106 819 sic
1146 765 1213 819 ad
1257 765 1424 820 Deum
1455 767 1677 830 accedit,
1711 783 1802 820 ro-

200 873 347 926 gans
376 856 560 911 omnia
596 856 784 910 mundi
816 856 955 910 bella
982 857 1273 928 exstingui,
1314 859 1576 913 tumultus
1603 859 1799 924 sedari,

202 968 425 1019 pacem,
474 952 915 1020 prosperitatem,
970 952 1214 1005 omnium
1261 953 1485 1023 singulis
1511 953 1801 1007 imminen-

203 1044 372 1103 tium,
404 1058 511 1110 qua
542 1040 820 1110 privatim,
878 1056 981 1110 qua
1026 1042 1239 1110 publice
1270 1038 1536 1095 malorum
1570 1040 1799 1094 celerem

198 1134 616 1203 depulsionem.
658 1132 885 1202 Oportet
944 1145 1123 1187 autem
1178 1134 1327 1195 illum
1378 1134 1636 1205 singulos,
1701 1148 1803 1202 pro

199 1229 413 1295 quibus
462 1238 735 1297 precatur,
776 1227 913 1280 adeo
958 1227 1010 1279 in
1059 1227 1311 1281 omnibus
1352 1228 1701 1291 antecellere,
1743 1236 1803 1282 ut

202 1321 509 1391 pnefectus
543 1320 773 1373 subditis
802 1320 1110 1388 przecellere
1136 1320 1315 1373 debet.

296 1405 558 1459 [avocatio
602 1404 824 1473 Spiritus
866 1406 1021 1458 sancti
1060 1406 1109 1456 in
1147 1406 1391 1457 oblatione
1444 1403 1697 1469 sacriﬁcii.
1727 1432 1793 1439 —

213 1497 357 1551 Cum
382 1508 559 1552 autem
590 1497 843 1566 Spiritum
869 1507 1106 1552 sanctum
1138 1497 1476 1557 invocaverit,
1504 1506 1555 1549 et
1577 1496 1797 1548 horren-

214 1591 350 1642 dum
374 1588 502 1642 illud
523 1589 838 1643 sacrificium
859 1589 1125 1652 obtulerit,
1139 1598 1191 1641 et
1210 1602 1542 1642 communem
1561 1587 1793 1640 omnium

220 1680 512 1735 Dominum
556 1680 769 1735 assidue
812 1679 1143 1743 tractaverit,
1175 1694 1279 1748 quo
1309 1678 1452 1731 illum
1472 1720 1485 1743 ,
1518 1693 1715 1744 quaaso,
1745 1677 1795 1730 iu

215 1775 416 1828 ordine
457 1772 871 1828 constituemus?
915 1786 1192 1840 quamnam
1244 1770 1310 1823 ab
1361 1770 1449 1822 illo
1494 1770 1793 1838 puritatem,

215 1881 387 1933 quam
409 1867 654 1934 pietatem
676 1863 979 1933 exigemus?
1006 1860 1184 1930 Cogita
1207 1862 1386 1930 quales
1412 1870 1652 1928 oporteat
1680 1874 1797 1912 esse

217 1972 419 2011 manus
448 1958 582 2021 illas,
613 1957 820 2025 qualem
847 1970 962 2010 eam
996 1955 1245 2023 linguam,
1277 1968 1393 2022 (ιυιε
1421 1952 1506 2005 illa
1535 1952 1691 2005 verba
1716 1951 1796 2005 ef-

217 2049 433 2113 hindat,
451 2064 551 2118 qua
569 2047 794 2117 denique
814 2062 915 2101 non
935 2048 1195 2116 puriorem
1218 2046 1638 2113 sanctioremque
1654 2044 1796 2097 illam

214 2141 478 2204 animam,
508 2155 623 2209 quze
656 2148 854 2191 tantum
884 2137 1135 2206 Spiritum
1166 2136 1434 2204 suscipiat.
1459 2135 1607 2189 Tunc
1629 2135 1797 2203 angeli

214 2230 490 2285 sacerdoti
534 2230 744 2295 adsunt,
788 2239 1029 2298 totusque
1066 2228 1353 2281 caelestium
1380 2226 1640 2280 Virtutum
1670 2228 1799 2279 ordo

214 2323 484 2386 clamat‘,
501 2336 560 2375 ac
587 2322 787 2375 vicinus
803 2320 952 2373 altari
971 2321 1117 2373 locus
1134 2318 1182 2371 in
1198 2318 1333 2371 illius
1349 2318 1435 2387 qui
1458 2317 1647 2371 ibidem
1661 2316 1801 2385 jacet

218 2413 488 2466 honorem
529 2412 592 2465 iis
628 2411 864 2480 repletus
891 2418 1007 2464 est:
1041 2410 1197 2478 idque
1224 2409 1303 2463 vel
1330 2424 1393 2463 ex
1424 2408 1506 2473 iis,
1538 2424 1653 2477 qua:
1680 2418 1801 2461 tunc

216 2514 572 2573 peraguntur,
603 2503 860 2557 credibile
887 2511 987 2557 est.
1021 2502 1129 2571 Ego
1152 2516 1279 2555 vero
1299 2501 1523 2569 aliquem
1542 2499 1666 2553 olim
1686 2513 1801 2552 nar-

218 2606 437 2649 rantem
465 2594 657 2659 audivi,
686 2594 966 2664 quemdam
998 2608 1198 2657 senem,
1232 2592 1401 2645 virum
1437 2589 1799 2645 admirabilem

214 2702 288 2741 ac
310 2686 720 2740 revelationibus
740 2693 1027 2748 assuetum,
1051 2683 1265 2747 dixisse,
1285 2682 1487 2736 visione
1504 2679 1799 2749 hujnsmodi

215 2795 285 2834 se
326 2778 557 2848 quodam
594 2786 829 2846 tempore
858 2776 1070 2846 dignum
1112 2775 1343 2828 habitum
1372 2773 1530 2828 fuisse
1559 2791 1573 2825 :
1605 2773 1801 2827 scilicet

217 2869 616 2923 multitudinem
643 2868 949 2937 angelorum
978 2868 1262 2935 derepente
1292 2866 1523 2930 vidisse,
1550 2875 1798 2933 quantum

214 2962 347 3029 ejus
377 2960 592 3014 facultas
614 2960 830 3026 ferebat,
853 2960 1143 3029 splendidis
1161 2960 1393 3015 vestibus
1414 2959 1734 3022 indutorum,
1749 2967 1796 3011 et

218 3055 400 3107 altare
426 3053 884 3117 circumdantium,
914 3052 1164 3105 inclinato
1191 3052 1382 3119 capite,
1413 3067 1474 3103 ac
1503 3051 1545 3103 si
1572 3051 1687 3118 quis
1709 3050 1801 3103 mi-

218 3147 349 3200 lites
395 3156 652 3215 prassente
690 3144 1010 3214 lmperatore
1052 3153 1254 3199 stantes
1298 3145 1501 3198 videret
1531 3144 1705 3213 :quod
1749 3153 1803 3197 et

218 3238 344 3306 ipse
374 3236 500 3289 mihi
534 3237 843 3304 persuadeo.
893 3236 1043 3289 Alius
1081 3237 1204 3289 item
1240 3236 1470 3288 narravit
1506 3235 1663 3297 mihi,
1696 3249 1800 3287 non

215 3329 293 3381 ab
315 3328 426 3381 alio
446 3327 681 3393 edoctus,
707 3327 799 3382 sed
828 3342 946 3381 cum
978 3328 1091 3397 ipse
1108 3327 1324 3381 vidisset
1348 3336 1400 3381 et
1424 3326 1675 3391 audisset,
1699 3327 1801 3379 sci-

216 3419 353 3472 licet
380 3433 471 3472 eos
498 3419 583 3488 qui
627 3433 692 3472 ex
738 3419 835 3471 hac
862 3419 963 3471 vita
992 3419 1263 3487 migraturi
1288 3430 1429 3482 sunt,
1462 3420 1503 3471 si
1540 3419 1802 3489 mysteriis

217 3525 362 3578 pura
406 3510 729 3563 conscientia
771 3510 1214 3579 participaverint,
1246 3511 1471 3563 animam
1511 3509 1798 3576 efﬂaturus,

216 3599 294 3652 ab
318 3600 523 3668 angelis
547 3600 830 3654 satellitum
856 3615 1003 3655 more
1020 3602 1180 3669 ipsos,
1198 3601 1265 3654 ob
1288 3601 1411 3654 illud
1426 3602 1563 3669 quod
1580 3616 1801 3669 accepe-

217 3699 353 3743 runt
379 3691 691 3758 stipantibus
720 3691 859 3744 illinc
884 3691 1089 3745 abduci.
1122 3691 1200 3745 Tu
1221 3706 1345 3745 vero
1361 3692 1591 3746 nondum
1612 3692 1801 3745 exhor-

218 3781 431 3844 rescis,
462 3780 759 3848 llujnsmodi
787 3782 1011 3833 animam
1046 3782 1093 3833 in
1125 3790 1227 3834 tam
1257 3797 1461 3835 sacrum
1494 3784 1798 3852 mysterium

220 3874 593 3939 introducens,
621 3885 672 3928 et
702 3875 929 3929 sordidis
956 3875 1191 3928 indutum
1220 3878 1449 3930 vestibus
1478 3878 1526 3929 in
1558 3877 1803 3930 sacerdo-

218 3979 337 4020 tum
368 3965 672 4035 dignitatem
696 3966 841 4019 illum
866 3982 1200 4034 promovens,
1221 3982 1376 4035 quem
1399 3982 1426 4018 a
1450 3966 1651 4035 reliquo
1676 3981 1802 4018 con-

224 4058 473 4109 vivarum
518 4055 683 4109 choro
725 4055 964 4109 Christus
1006 4057 1209 4123 expulit
1259 4055 1481 4128 (Matth.
1527 4056 1617 4109 22.
1657 4054 1801 4124 ιδῃ

216 4148 474 4201 Animam
503 4147 698 4216 quippe
724 4148 1011 4203 sacerdotis
1051 4147 1215 4200 instar
1259 4148 1389 4200 lucis
1429 4158 1590 4200 totum
1618 4148 1799 4201 orbem

219 4237 544 4292 illustrantis
586 4236 866 4304 splendere
905 4246 1129 4306 Oportet.
1181 4238 1368 4291 Nostra
1410 4246 1585 4290 autem
1625 4238 1798 4291 anima

214 4329 292 4379 ob
319 4343 535 4397 pravam
564 4328 937 4382 conscientiam
973 4336 1141 4382 tantas
1167 4327 1325 4382 habet
1349 4328 1691 4382 circumfusas
1720 4337 1799 4383 te-

218 4422 448 4485 nebras,
476 4430 527 4473 ut
564 4436 774 4489 semper
800 4435 858 4474 se
886 4420 1060 4483 abdat,
1096 4436 1191 4475 nec
1214 4421 1381 4490 possit
1409 4436 1653 4490 umquam
1680 4437 1798 4474 cum

219 4513 418 4565 ﬁducia
453 4512 729 4565 Dominum
761 4527 912 4566 suum
941 4512 1165 4566 obtueri.
1214 4512 1526 4567 Sacerdotes
1562 4514 1639 4566 sal
1677 4523 1797 4566 sunt

218 4603 409 4656 mundi
442 4621 456 4656 :
488 4614 720 4657 nostram
769 4618 897 4658 vero
936 4603 1283 4671 insipientiam
1308 4646 1322 4670 ,
1367 4613 1420 4658 et
1462 4605 1511 4657 in
1556 4604 1800 4658 omnibus

217 4695 569 4761 imperitiam,
600 4694 718 4763 quis
748 4694 898 4748 facile
926 4694 1119 4758 tulerit,
1159 4695 1258 4748 nisi
1285 4709 1379 4748 vos
1406 4697 1493 4764 qui
1536 4710 1631 4749 nos
1663 4697 1797 4749 ultra

217 4785 444 4839 modum
466 4800 645 4838 amare
670 4786 1051 4839 consuevistis?
1076 4785 1253 4854 Neque
1272 4786 1410 4839 enim
1437 4802 1623 4856 purum
1645 4786 1798 4839 dum-

218 4888 369 4930 taxat
399 4892 517 4930 esse
543 4884 772 4944 oportet,
803 4886 981 4946 utpote
1009 4876 1095 4946 qui
1129 4886 1271 4930 tanto
1302 4877 1593 4931 ministerio
1612 4879 1797 4947 digna-

218 4976 310 5020 tus
341 4967 431 5029 sit,
466 4966 558 5019 sed
603 4967 760 5019 etiam
800 4966 1107 5034 prudentem
1133 4976 1187 5019 et
1216 4976 1390 5019 rerUm
1419 4969 1640 5035 peritum
1667 4968 1795 5021 mul-

218 5067 400 5109 tarum
432 5074 446 5108 :
477 5058 637 5109 multa
683 5071 891 5125 quoque
944 5058 1215 5110 smcularia
1266 5072 1422 5111 nosse
1463 5057 1649 5122 debet,
1695 5073 1798 5111 non

216 5150 401 5201 minus
430 5162 589 5215 quam
626 5147 660 5200 ii
686 5148 773 5217 qui
808 5149 859 5201 in
891 5148 1065 5203 medio
1105 5164 1277 5203 rerum
1304 5158 1598 5210 versantur,
1632 5152 1803 5203 omni-

220 5240 432 5307 busque
479 5248 654 5293 tamen
696 5250 911 5292 exutum
959 5239 1124 5308 magis
1178 5255 1333 5309 quam
1385 5241 1667 5306 monachi,
1712 5244 1799 5311 qui

216 5340 436 5385 montes
467 5341 811 5399 occuparunt.
860 5330 989 5385 Nam
1034 5346 1153 5386 cum
1193 5347 1407 5387 necesse
1436 5334 1647 5387 sitcum
1680 5350 1799 5389 cum

219 5424 354 5475 viris
384 5426 607 5484 versari,
636 5426 721 5492 qui
757 5434 810 5478 et
848 5441 1037 5480 uxores
1076 5427 1288 5489 habent,
1318 5437 1371 5480 et
1410 5426 1606 5480 liberos
1630 5428 1795 5494 alunt,

214 5525 277 5567 ct
305 5530 494 5568 servus
525 5516 812 5584 possident,
844 5520 932 5587 qui
962 5518 1156 5573 divitiis
1184 5518 1568 5580 circumﬂuunt,
1596 5532 1681 5571 res
1701 5533 1799 5586 pu-

290 5677 308 5708 ι
347 5682 473 5739 Pro._
486 5682 715 5739 totusque
738 5675 993 5726 calestium
1014 5674 1237 5739 virtutum
1258 5676 1377 5739 ordo
1391 5674 1662 5739 clamat,gac
1680 5673 1796 5725 rici-

222 5752 405 5795 nm...,
428 5735 609 5799 aliquot
634 5735 762 5799 Mss,
781 5744 992 5801 Musque
1022 5738 1278 5789 ca'lestiwn
1305 5738 1526 5790 virtutum
1549 5737 1720 5787 chorus
1740 5748 1800 5786 ac

217 5813 488 5851 MIHI...-

1433 388 1519 442 ΒΕ
1554 375 1995 438 SACERDOTIO.
2038 373 2162 429 LIB.
2208 374 2292 430 γι.

3355 384 3457 437 68‘!

1900 490 2062 544 blicas
2101 498 2279 558 agunt,
2303 497 2357 544 et
2382 491 2434 543 in
2464 490 2850 559 magistratibus
2877 502 3171 558 versantur,
3199 496 3460 551 multifor-

1898 598 2036 637 mem
2068 582 2213 636 illum
2238 597 2356 637 esse
2385 599 2477 652 par
2501 593 2582 637 est
2612 603 2624 638 :
2653 586 3019 640 multiformem
3043 587 3181 652 dico,
3206 603 3307 641 non
3329 590 3460 644 sub-

1897 674 2095 736 dolum,
2124 690 2228 727 non
2268 675 2611 739 adulatorem,
2650 692 2752 729 non
2783 676 3139 747 hypocritam;
3174 681 3265 734 sed
3300 682 3459 734 multa

1900 765 2137 819 libertate
2162 780 2224 820 ac
2251 764 2436 819 ﬁducia
2462 766 2694 835 plenum,
2722 768 2808 835 qui
2836 783 2952 821 sese
2980 770 3175 824 utiliter
3200 778 3457 839 attempe~

1899 870 2017 909 rare
2064 856 2227 921 sciat,
2276 872 2393 909 cum
2446 856 2496 910 id
2546 858 2871 926 negOtiorum
2921 860 3147 913 conditio
3195 861 3452 930 postulat:
3494 876 3541 939 ςε

1898 958 2228 1000 mansuetum
2254 947 2376 1001 item
2402 956 2451 1001 et
2476 960 2762 1002 austerum.
2790 948 2904 1003 Non
2926 952 3063 1004 enim
3092 968 3196 1006 uno
3217 955 3287 1006 uti
3304 968 3462 1022 opor-

1901 1048 1977 1091 tet
2022 1039 2179 1092 modo
2221 1055 2343 1108 erga
2385 1041 2624 1095 subditos
2652 1056 2856 1106 omnes,
2889 1043 3310 1111 quandoquidem
3366 1062 3464 1100 nec

1901 1128 2118 1182 medicis
2144 1145 2244 1183 una
2271 1145 2392 1199 erga
2426 1141 2651 1198 aegrotos
2689 1146 2873 1186 omnes
2913 1134 3027 1202 lege
3048 1135 3064 1165 ¹
3096 1134 3169 1188 ιιιί
3199 1137 3463 1203 convenit,

1902 1238 2071 1290 neque
2100 1222 2435 1291 gubernatori
2460 1238 2613 1276 unam
2643 1233 2845 1278 tantum
2869 1240 2986 1277 cum
3010 1225 3176 1279 ventis
3199 1226 3466 1295 pugnandi

1898 1321 2064 1364 artem
2095 1311 2288 1365 callere
2320 1331 2331 1364 :
2362 1314 2555 1367 etenim
2600 1315 2733 1367 hanc
2770 1328 2979 1383 quoque
3023 1331 3209 1368 navem
3240 1315 3465 1383 assiduae

1902 1413 2239 1471 tempestates
2273 1405 2473 1473 jae‘ant
2511 1406 2756 1473 undique.
2804 1408 3112 1474 llujnsmodi
3139 1418 3309 1462 autem
3340 1424 3456 1476 pro-

1899 1496 2047 1549 cella:
2088 1511 2191 1550 non
2230 1499 2556 1551 extrinsecus
2595 1509 2793 1552 tantum
2832 1500 3160 1561 adoriuntur,
3189 1500 3279 1554 sed
3307 1500 3463 1554 etiam

1901 1588 2217 1642 intrinsecus
2243 1601 2543 1652 nascuntur,
2582 1590 2848 1660 multaque
2879 1607 3012 1660 opus
3039 1601 3119 1645 est
3146 1602 3253 1644 tum
3274 1600 3464 1644 attem-

1903 1680 2191 1746 peratione,
2219 1690 2327 1732 tum
2352 1679 2637 1748 diligentia.

1972 1769 2024 1822 5.
2058 1769 2380 1822 Sacerdotem
2407 1772 2473 1821 ad
2500 1771 2669 1822 omnia
2696 1781 2867 1840 aptum
2897 1788 3000 1825 esse
3027 1771 3219 1825 debere.
3246 1802 3316 1811 —
3342 1772 3465 1826 Hmc

1901 1875 2060 1928 porro
2088 1861 2263 1914 omnia
2282 1904 2295 1923 ,
2323 1863 2527 1915 diversa
2573 1863 2723 1928 licet,
2764 1863 2919 1917 linem
2956 1862 3239 1934 respiciunt
3270 1882 3465 1933 unum,

1905 1967 2093 2020 nempe
2141 1953 2230 2007 Dei
2283 1953 2523 2023 gloriam,
2554 1962 2710 2023 atque
2754 1954 3006 2009 Ecclesia:
3043 1954 3464 2010 mdiﬁcationem.

1902 2043 2143 2112 Magnum
2174 2054 2254 2097 est
2282 2044 2655 2097 monachorum
2689 2052 2977 2111 certamen,
3006 2060 3292 2114 eorumque
3321 2046 3471 2100 labor

1905 2133 2133 2186 multus:
2153 2133 2245 2186 sed
2274 2134 2317 2186 si
2343 2133 2463 2203 quis
2490 2134 2652 2203 probe
2679 2134 3096 2188 administratum
3118 2135 3464 2189 sacerdotium

1903 2239 2021 2278 cum
2060 2225 2264 2278 illorum
2293 2226 2559 2280 laboribus
2586 2226 2842 2289 conferat,
2871 2236 3070 2280 tantum
3102 2229 3327 2297 reperiet
3362 2229 3472 2282 dis-

1904 2315 2101 2369 crimen
2122 2356 2136 2379 ,
2167 2326 2416 2385 quantum
2446 2326 2525 2371 est
2555 2318 2691 2372 inter
2714 2318 2925 2371 idiotam
2949 2328 3001 2372 et
3022 2334 3196 2387 regem
3223 2320 3469 2372 interval-

1904 2405 2034 2460 lum.
2086 2404 2197 2461 Illic
2231 2407 2369 2461 enim
2412 2406 2617 2462 etiamsi
2654 2409 2846 2462 multus
2877 2409 3013 2461 adsit
3042 2410 3207 2471 labor,
3233 2419 3286 2462 at
3319 2423 3466 2463 com-

1906 2498 2079 2552 munis
2116 2500 2307 2552 animce
2349 2500 2689 2569 corporisque
2730 2502 3085 2566 concertatio;
3143 2503 3249 2556 imo
3292 2502 3467 2571 potius

1906 2605 1969 2643 ex
1999 2590 2235 2659 corporis
2268 2591 2641 2645 exercitatione
2667 2607 2852 2660 magna
2882 2592 3075 2647 laboris
3106 2608 3226 2663 pars
3257 2595 3467 2662 perlici-

1908 2694 2020 2748 tur;
2068 2696 2131 2736 ac
2171 2682 2216 2736 si
2260 2682 2385 2736 illud
2425 2682 2698 2737 robustum
2729 2699 2831 2737 non
2864 2683 3052 2749 fuerit,
3081 2685 3189 2738 sola
3220 2694 3275 2738 et
3299 2684 3466 2739 otiosa

1905 2784 2085 2830 manet
2108 2775 2349 2829 alacritas
2375 2775 2557 2838 animi,
2577 2790 2696 2829 cum
2719 2790 2820 2828 non
2851 2776 3014 2843 possit
3042 2776 3093 2829 in
3125 2790 3258 2843 opus
3286 2778 3465 2840 exire;

1904 2867 2160 2936 siquidem
2188 2866 2455 2920 assiduum
2477 2866 2735 2935 jejunium
2757 2867 2800 2932 ’,
2825 2864 2966 2920 lmmi
2992 2866 3220 2931 cubatio,
3255 2865 3466 2935 vigilize,

1906 2959 2075 3013 balnei
2118 2959 2361 3029 privatio,
2406 2958 2568 3012 sudor
2613 2958 2815 3027 ingens,
2857 2968 3151 3027 cmteraque
3192 2958 3365 3011 omnia
3402 2958 3468 3011 ad
3506 2981 3513 2989 ·

1904 3066 2095 3120 corpus
2111 3051 2481 3105 macerandum
2500 3050 2705 3115 idonea,
2722 3051 2898 3104 statim
2915 3050 2980 3105 de
3001 3050 3174 3105 medio
3193 3052 3465 3116 tolluntur,

1903 3162 2022 3198 cum
2050 3144 2099 3198 id
2126 3144 2264 3214 quod
2289 3144 2647 3214 caStigandum
2667 3152 2781 3197 erat
2801 3144 2988 3198 robore
3007 3152 3183 3199 careat
3205 3162 3217 3197 :
3240 3143 3324 3199 hic
3344 3160 3469 3198 vero

1904 3237 2011 3289 sola
2053 3251 2287 3305 puraque
2334 3252 2420 3289 ars
2462 3236 2623 3288 animi
2671 3234 2981 3303 requiritur,
3028 3250 3196 3305 neque
3232 3235 3469 3303 corporis

1907 3328 2210 3382 habitudine
2238 3336 2318 3381 est
2340 3342 2493 3395 Opus,
2520 3330 2574 3379 ut
2593 3327 2752 3380 animi
2778 3327 2943 3380 virtus
2970 3327 3297 3381 exhibeatur.
3329 3326 3466 3393 Quid

1905 3423 2045 3475 enim
2076 3422 2225 3475 nobis
2254 3420 2458 3475 confert
2487 3419 2722 3488 corporis
2763 3420 2922 3472 robur
2941 3459 2955 3480 ,
2987 3428 3043 3472 ut
3072 3433 3138 3472 ne
3164 3428 3470 3487 arrogantes

1904 3512 2088 3576 simus,
2126 3526 2297 3580 neque
2340 3508 2596 3572 iracundi,
2629 3523 2799 3577 neque
2840 3509 3169 3577 petulantes;
3211 3510 3304 3563 sed
3342 3509 3469 3578 vigi-

1906 3605 2107 3668 lantes,
2157 3612 2549 3672 temperantes,
2606 3602 2810 3665 ornati,
2861 3602 3171 3670 exterisque
3222 3601 3465 3656 omnibus

1909 3695 2111 3765 praediti
2141 3695 2331 3765 quibus
2359 3694 2545 3749 beatus
2574 3692 2768 3747 Paulus
2794 3694 2974 3761 optimi
3006 3692 3295 3754 sacerdotis
3334 3693 3469 3747 ima-

1902 3792 2075 3857 ginem
2102 3788 2251 3841 nobis
2272 3786 2505 3855 depinxit
2536 3787 2611 3855 (1.
2634 3784 2765 3837 Tim.
2794 3785 2844 3838 ’5.
2874 3783 2951 3854 2).
2983 3784 3172 3837 Verum
3193 3783 3241 3837 id
3265 3782 3331 3837 de
3358 3798 3464 3837 mo-

1905 3881 2057 3933 nachi
2088 3881 2279 3933 virtute
2303 3879 2405 3932 dici
2437 3878 2616 3946 nequit
2642 3895 2655 3929 :
2687 3876 2780 3930 sed
2804 3874 3243 3945 quemadmodum
3271 3876 3354 3937 iis,
3377 3875 3466 3943 qui

1904 3988 1989 4027 res
2017 3970 2300 4041 stupendas
2328 3968 2599 4027 exhibent.
2630 3968 2988 4021 instrumentis
3013 3967 3190 4020 multis
3210 3976 3286 4020 est
3312 3980 3464 4035 opus,

1904 4068 2135 4135 itemque
2174 4063 2323 4127 rotis,
2359 4062 2603 4116 funiculis
2640 4071 2692 4115 et
2732 4060 2935 4129 gladiis,
2972 4058 3310 4127 philosophus
3343 4073 3468 4111 vero

1905 4168 2065 4211 totam
2106 4158 2155 4210 in
2196 4165 2373 4210 mente
2400 4163 2565 4209 artem
2593 4152 2917 4207 reconditam
2950 4151 3106 4205 habet
3131 4150 3469 4219 externisque

1902 4250 2061 4304 rebus
2086 4264 2190 4301 non
2222 4247 2418 4316 indiget
2450 4263 2462 4298 :
2493 4246 2562 4298 ita
2587 4253 2639 4299 et
2666 4243 2764 4297 hoc
2790 4243 2906 4296 loco
2932 4257 2989 4296 se
3018 4257 3102 4294 res
3130 4240 3307 4295 habet.
3337 4240 3465 4293 Nam

1902 4341 2191 4396 monachus
2215 4339 2423 4408 quidem
2450 4338 2688 4405 corporis
2724 4335 3083 4389 incolumitate
3106 4349 3240 4402 opus
3268 4332 3459 4397 habet,

1904 4435 2134 4501 itemque
2175 4432 2302 4485 locis
2339 4430 2403 4483 ad
2430 4431 2588 4483 vitam
2637 4426 2772 4481 hanc
2818 4424 3189 4479 instituendam
3234 4423 3461 4486 idoneis,

1901 4535 1957 4577 ut
1986 4538 2155 4591 neque
2182 4522 2336 4575 nimis
2355 4520 2421 4574 ab
2442 4518 2712 4573 hominum
2733 4516 2997 4571 consortio
3017 4522 3269 4579 remotus,
3291 4523 3466 4566 tamen

1902 4612 2198 4667 solitudinis
2242 4612 2471 4682 quietem
2521 4609 2872 4672 nanciscatur,
2904 4608 3220 4675 insuperque
3260 4614 3465 4673 tempe-

1904 4708 2030 4761 ratis
2057 4706 2176 4759 anni
2207 4704 2605 4773 tempestatibus
2633 4716 2735 4755 non
2762 4709 2938 4754 careat
2971 4716 2983 4753 :
3018 4698 3145 4751 nihil
3173 4698 3366 4767 quippe
3390 4698 3468 4751 sic

1904 4798 2230 4853 intolerabile
2272 4797 2342 4862 ei,
2386 4796 2473 4866 qui
2515 4793 2731 4863 jejnniis
2778 4801 3092 4855 maceratur,
3131 4804 3287 4860 quam
3327 4789 3467 4843 aeris

1903 4893 2260 4961 intemperies.

1974 4984 2026 5036 6.
2077 4982 2247 5052 Major
2291 4983 2446 5033 virtus
2491 4980 2543 5030 in
2604 4976 2835 5044 episcopo
2867 5012 2882 5037 ,
2932 4988 3081 5041 quam
3125 4970 3179 5022 in
3221 4972 3479 5022 monacho

1902 5073 2185 5141 requiritur.
2227 5100 2298 5110 -—
2339 5070 2451 5125 Non
2492 5068 2677 5135 loquor
2724 5064 2807 5119 hic
2830 5064 2895 5117 de
2931 5062 3156 5115 vestium
3206 5069 3261 5113 et
3296 5058 3481 5111 victus

1902 5175 2151 5235 apparatu
2177 5206 2193 5231 ,
2238 5180 2394 5233 quem
2423 5171 2480 5213 ut
2504 5159 2604 5213 sibi
2647 5153 2890 5211 monachi
2918 5152 3246 5222 suppeditent
3272 5192 3286 5215 ,
3314 5166 3466 5219 mag-

1903 5271 2101 5325 nOpere
2146 5255 2421 5317 laborant,
2458 5251 2567 5304 suis
2593 5248 2688 5316 ipsi
2738 5246 2978 5300 manibus
3005 5244 3181 5297 omnia
3226 5241 3478 5297 conferre-

1902 5347 2192 5401 studentes.
2241 5343 2499 5398 Sacerdos
2545 5349 2722 5393 autem
2766 5336 2961 5391 nullius
3005 5348 3188 5388 eorum
3216 5334 3266 5387 in
3314 5347 3469 5386 usum

1903 5454 2054 5492 suum
2085 5453 2219 5505 opus
2246 5434 2458 5487 habebit
2481 5474 2494 5493 ,
2524 5441 2701 5498 utpote
2732 5428 2819 5498 qui
2848 5441 2952 5480 non
2980 5425 3301 5499 peculiarem
3333 5425 3463 5488 sibi,

1903 5530 1995 5585 sed
2023 5543 2355 5584 communem
2400 5524 2559 5579 vitam
2595 5523 2756 5577 ducat
2799 5522 2850 5575 in
2878 5521 2942 5574 iis
2966 5519 3145 5583 rebus,
3178 5533 3293 5587 qua:
3322 5516 3467 5569 dam.

1905 5639 2028 5677 num
2077 5636 2180 5674 non
2229 5618 2497 5673 aderant:
2548 5624 2813 5685 totamque
2863 5612 3133 5667 scientiam
3180 5610 3232 5662 in
3276 5610 3481 5663 animae

1967 5740 1983 5767 ι
2007 5734 2197 5792 Quidam
2220 5740 2347 5789 Mss,
2365 5743 2455 5779 uno
2476 5728 2634 5784 modo,
2659 5722 2755 5792 alii,
2774 5740 2864 5792 uno
2886 5725 3241 5777 ittrdicamcnto.

1968 5800 1989 5829 ³
2023 5788 2127 5857 Μὴ,
2152 5788 2345 5847 assidua
2358 5793 2563 5856 jejunio,
2587 5793 2633 5841 iu
2660 5788 2846 5854 plurali.
