3922 6302
84 379 170 435 685

79 497 182 562 λίας
209 498 578 571 ἐκτρέπεσθαι
621 502 926 574 θαυμάζοι,
964 505 1063 576 τῆς
1113 507 1411 577 καρτερίας
1444 510 1543 578 μὲν
1583 512 1743 567 τοῦτο

77 587 262 655 ἀεῖγμα
315 591 412 643 καὶ
433 592 595 655 αὐτὸς
623 588 761 645 εῖναι
811 593 976 662 φαίην
1010 593 1098 657 ἂν,
1142 594 1203 646 οὐ
1238 595 1346 666 μὴν
1389 597 1612 670 ἁπάσης
1639 601 1743 670 τῆς

76 677 322 746 ἀνδρείας
344 678 446 747 τῆς
472 681 530 730 ἐν
554 683 620 751 τῇ
645 681 788 752 ψυχῇ
833 683 1129 754 τεκμήριον
1163 684 1368 740 ἱκανόν.
1411 685 1469 739 'O
1507 687 1605 757 μὲν
1635 689 1744 761 γὰρ

77 765 191 816 εἵσω
220 765 464 835 λιμένων
494 769 587 820 ἐπὶ
611 769 719 821 τῶν
747 770 948 825 οἰάκων
984 770 1311 841 καθήμενος,
1340 772 1495 827 οῦπω
1529 775 1629 846 τῆς
1651 777 1744 829 τέ-

76 872 194 923 χνης
225 857 438 928 ἀκριϐῆ
468 857 653 912 δίδωσι
688 859 918 928 βάσανον
937 874 950 889 ·
984 860 1076 914 τὸν
1104 861 1159 914 δὲ
1199 863 1256 914 ἐν
1292 862 1442 933 μέσῳ
1472 863 1551 934 τῷ
1581 865 1745 918 πελά-

74 958 148 1007 γει
186 945 287 996 καὶ
312 943 390 1014 τῷ
431 945 661 1017 χειμῶνι
690 947 984 1017 δυνηθέντα
1011 948 1275 1003 διασῶσαι
1308 951 1369 1002 τὸ
1397 950 1626 1020 σκάφος,
1657 953 1745 1005 οὐ·
1778 973 1793 993 κ

72 1031 168 1093 δεὶς
204 1031 361 1095 ὅστις
404 1033 506 1086 οὐκ
539 1033 608 1088 ἂν
645 1030 781 1089 εἶναι
819 1035 951 1107 φαίη
1005 1036 1343 1108 κυϐερνήτην
1387 1038 1626 1110 ἄριστον.

133 1118 199 1182 ς’.
231 1119 310 1171 υύ
326 1119 508 1173 τοίνυν
529 1123 661 1191 ἡμῖν
675 1123 795 1175 οὐδέ
809 1123 902 1176 τὸν
921 1123 1150 1195 μοναχὸν
1169 1123 1508 1195 θαυμαστέον
1530 1139 1553 1166 ε
1574 1126 1639 1179 ἂν
1659 1125 1743 1198 είη

71 1203 182 1259 λίαν
208 1207 306 1260 καὶ
330 1209 450 1277 μεθ’
475 1209 800 1282 ὑπερϐολῆς,
829 1212 910 1264 ὃτι
931 1211 1106 1282 μένων
1128 1213 1213 1280 ἐφ’
1231 1213 1426 1266 ἐαυτοῦ
1449 1214 1507 1265 οὐ
1539 1215 1742 1286 ταράτ-

70 1311 234 1355 aut,
262 1296 388 1349 οὐδέ
407 1296 767 1370 διαμαρτάνει
793 1298 963 1351 πολλὰ
989 1299 1083 1352 καὶ
1111 1299 1320 1370 μεγάλα
1350 1301 1739 1372 ἁμαρτήματα·

70 1382 182 1435 οὐδὲ
213 1382 329 1453 γάρ
348 1384 466 1454 ἔχει
493 1385 564 1438 τὰ
593 1387 998 1457 παρακνίζοντα
1027 1387 1121 1440 καὶ
1151 1386 1486 1457 διεγείροντα
1523 1387 1620 1457 τὴν
1645 1388 1742 1458 ψυο

70 1471 185 1538 χήν.
239 1469 383 1522 Ἀλλ’
406 1470 569 1534 εἴτις
595 1472 856 1544 πλήθεσιν
893 1473 1036 1536 ὅλοις
1065 1474 1255 1527 ἐαυτὸν
1285 1473 1622 1538 ἐνδεδωκὼς,
1652 1476 1746 1528 καὶ

68 1557 159 1619 τὰς
192 1557 309 1611 τῶν
347 1559 562 1612 πολλῶν
594 1561 780 1630 φέρειν
807 1561 1082 1633 ἁμαρτίας
1114 1561 1508 1629 ἀναγκασθεὶς,
1534 1561 1745 1632 ἐμεινεν

68 1645 292 1717 ἀκλινὴς
317 1648 416 1699 καὶ
446 1650 703 1721 στερρὸς,
736 1649 926 1721 ὥσπερ
951 1651 1009 1704 ἐν
1039 1649 1250 1722 γαλήνῃ
1277 1649 1356 1720 τῷ
1389 1649 1620 1720 χειμῶνι
1647 1649 1745 1720 τὴν

65 1733 239 1805 ψυχὴν
269 1735 671 1806 διακυϐερνῶν,
701 1732 855 1802 οὗτος
888 1739 1204 1810 κροτεῖσθαι
1238 1737 1333 1791 καὶ⁸
1366 1736 1745 1808 θαυμάζεσθαι

66 1823 217 1892 παρά
255 1823 481 1876 πάντων
531 1824 596 1878 ἂν
629 1827 712 1895 είη
747 1825 988 1888 δίκαιοςο
1025 1825 1216 1894 ἱκανὴν
1245 1826 1352 1897 γὰρ
1398 1825 1497 1895 τῆς
1540 1825 1746 1888 οἰκείας

64 1911 319 1979 ἀνδρείας
360 1911 462 1979 τὴν
489 1911 813 1982 δοκιμασίαν
847 1913 1181 1980 ἐπεδείξατο.
1237 1914 1328 1984 Μὴ
1381 1914 1560 1966 τοίνυν
1613 1913 1746 1983 μηδὲ

64 1999 225 2060 αὐτὸς
253 1998 570 2070 θαυμάσῃς,
604 2003 654 2052 εἰ
678 2001 775 2071 τὴν
798 2001 825 2040 ι)
857 2000 1064 2073 ἀγορὰν
1095 2000 1389 2069 φεύγοντες
1423 2003 1584 2072 ἡμεῖς
1608 2041 1622 2064 ,
1653 2001 1747 2052 καὶ

60 2084 152 2148 τάς
185 2086 304 2138 τῶν
356 2086 568 2138 πολλῶν
616 2087 898 2152 συνουσίας
921 2130 936 2154 ,
983 2088 1085 2141 οὐκ
1123 2088 1318 2159 ἔχομεν
1355 2089 1482 2151 τοὺς
1513 2103 1749 2157 κατηγο-

65 2172 299 2241 ροῦντας
341 2173 601 2238 πολλούς·
637 2175 758 2229 οὐδέ
800 2175 910 2247 γὰρ
957 2177 1004 2228 εί
1048 2175 1329 2230 καθεύδων
1356 2175 1455 2247 οὐχ
1494 2174 1747 2246 ἡμάρτα-

63 2279 162 2324 νον,
200 2263 319 2314 οὐδ’
351 2265 400 2315 εἰ
434 2262 508 2333 μὴ
540 2263 782 2317 παλαίων
810 2265 910 2317 οὐκ
955 2264 1206 2331 ἔπιπτον,
1246 2264 1353 2317 οὐδ’
1388 2264 1438 2316 εἰ
1467 2263 1543 2334 μὴ
1576 2262 1749 2332 μαχό-

63 2365 221 2419 μενος
248 2351 358 2404 οὐκ
391 2351 717 2424 ἐϐαλλόμην,
751 2351 1052 2421 Θαυμάζειν
1082 2353 1269 2424 ἐχρῆν.
1303 2352 1401 2416 Τίς
1439 2351 1570 2423 γὰρ,
1602 2351 1746 2414 εἰπὲ,

61 2439 134 2500 τίς
159 2439 465 2508 δυνήσεται
493 2443 773 2494 κατειπεῖν
804 2442 897 2494 καὶ
927 2439 1276 2510 ἀποκαλύψαι
1310 2441 1409 2510 τὴν
1441 2439 1749 2510 μοχθηρίαν

57 2525 149 2592 τὴν
182 2525 372 2596 ἐμήνς
404 2528 434 2579 ό
463 2526 660 2597 ὄροφος
689 2521 841 2591 οὗτος
869 2529 962 2581 καὶ
994 2531 1022 2581 ὁ
1054 2528 1327 2593 οἰκίσκος;
1375 2526 1516 2580 Ἀλλ’
1554 2528 1654 2580 οὐκ
1684 2525 1750 2579 ἂν

56 2611 310 2666 δύναιντο
341 2614 501 2685 ῥῆξαι
531 2619 735 2686 φωνήν.
765 2615 906 2669 Ἀλλ’
932 2618 966 2688 ἡ
998 2617 1181 2688 μήτηρ
1205 2618 1238 2688 ή
1273 2615 1507 2689 μάλιστα
1533 2614 1752 2687 πάντων

56 2699 229 2752 εἰδυῖα
257 2700 334 2754 τά
365 2702 500 2772 ἐμά;
534 2702 785 2756 Μάλιστα
832 2703 930 2774 μὲν
958 2703 1079 2756 οὐδὲ
1126 2703 1262 2774 πρὸς
1299 2704 1470 2775 αὐτήν
1507 2702 1625 2755 ἐστί
1657 2701 1752 2772 μοί

55 2787 338 2853 τικοινόν,
375 2789 492 2841 ούδέ
525 2790 606 2853 είς
653 2791 987 2858 φιλονεικίαν
1013 2791 1248 2862 ἧλθομεν
1292 2792 1536 2845 πώποτε.
1576 2791 1638 2842 El
1697 2789 1754 2842 δὲ

54 2875 148 2929 καὶ
170 2875 346 2929 τοῦτο
372 2873 442 2948 ἦν
472 2878 705 2948 συμϐάν,
737 2879 964 2949 οὐδεμία
990 2878 1165 2942 οὕτως
1193 2880 1312 2933 ἐστὶ
1347 2879 1530 2950 μήτηρ
1555 2879 1753 2948 ἀστορ-

53 2981 146 3030 γος
177 2966 284 3018 καὶ
316 2967 669 3036 μισότεκνος,
699 2967 775 3030 ὡς
815 2965 1026 3033 τοῦτον,
1066 2967 1126 3021 ὃν
1163 2967 1317 3020 ὧδινε
1351 2968 1445 3020 καὶ
1473 2967 1627 3019 ἔτεκε
1661 2966 1754 3019 καὶ

53 3052 258 3124 ἔθρεψε
286 3065 310 3092 ε
345 3055 619 3125 μηδεμιᾶς
642 3055 1067 3126 ἀναγκαζούσης
1096 3057 1442 3128 προφάσεως,
1479 3056 1612 3127 μηδὲ
1641 3055 1756 3126 βια-

54 3139 296 3212 ζομένου
347 3143 529 3208 τινὸς,
575 3143 824 3208 κακίζειν
875 3144 970 3197 καὶ
1008 3141 1318 3198 διαϐάλλειν
1361 3143 1512 3214 παρᾶ
1565 3145 1751 3196 πᾶσιν.

64 3233 224 3284 Ἐπεὶ
249 3233 339 3284 ὅτι
368 3249 452 3300 γε,
480 3233 532 3284 εί
555 3250 640 3296 τις
665 3233 764 3303 τὴν
791 3234 1067 3304 ἡμετέραν
1103 3231 1237 3303 πρὸς
1262 3232 1548 3302 ἀκρίϐειαν
1582 3232 1753 3285 ἐθέλοι

52 3319 387 3388 βασανίζειν
416 3319 618 3391 ψυχὴν,
650 3320 820 3373 πολλὰ
850 3321 1019 3391 αὐτῆς
1048 3321 1270 3391 εὑρήσει
1294 3319 1364 3373 τά
1403 3320 1597 3392 σαθρὰ,
1634 3321 1753 3395 οὐδέ

52 3410 222 3471 αὐτὸς
257 3410 481 3477 ἀγνοεῖς
516 3410 546 3460 ὁ
596 3409 830 3478 μάλιστα
878 3409 1093 3461 πάντων
1123 3410 1272 3478 ἡμᾶς
1301 3410 1414 3472 τοῖς
1451 3409 1754 3479 ἐγκωμίοις

49 3500 318 3572 ἐπαίρειν
348 3497 502 3568 παρά
531 3498 699 3550 πᾶσιν
737 3495 964 3559 εἰωθώς.
1005 3497 1113 3548 Καὶ
1156 3497 1238 3550 ὅτι
1266 3513 1328 3564 γε
1353 3497 1415 3549 οὐ
1449 3499 1754 3568 μετριάζων

48 3587 235 3641 ταῦτα
277 3586 429 3653 λέγω
461 3583 579 3652 νῦν,
602 3584 915 3656 ἀνάμνησον
944 3583 1162 3648 σαυτὸν,
1203 3585 1393 3648 ὁσάκις
1425 3581 1579 3638 εἶπον
1621 3586 1756 3656 πρὸς

48 3678 133 3736 σὲ,
162 3674 343 3742 λόγου
371 3671 616 3725 τοιούτου
645 3671 941 3742 γενομένου
972 3671 1234 3736 πολλάκις
1261 3675 1396 3744 ἡμῖν
1417 3691 1432 3707 ο
1463 3676 1566 3735 ὅτι,
1597 3676 1757 3740 εἴτις

46 3763 276 3836 αἰρεσίν
309 3779 403 3832 μοι
429 3761 733 3833 προυτίθει,
759 3760 862 3813 ποῦ
889 3760 1090 3831 μᾶλλον
1112 3761 1404 3833 βουλοίμην
1423 3763 1752 3832 εὐδοκιμεῖν,

43 3855 106 3906 ἐν
137 3856 207 3922 τῇ
245 3849 348 3920 τῆς
387 3849 713 3920 Ἐκκλησίας
737 3850 1068 3922 προστασίᾳ,
1099 3849 1132 3921 ἢ
1161 3850 1302 3903 κατά
1340 3850 1432 3904 τὸν
1453 3851 1560 3905 τῶν
1593 3871 1755 3923 μονα-

45 3943 165 4012 χῶν
182 3940 328 4010 βίον,
359 3938 585 4010 μυρίαις
599 3937 664 3991 ἂν
685 3937 888 4008 ψήφοις
901 3939 963 3992 τὸ
988 3939 1536 4012 πρότερονέδεξάμην
1557 3941 1753 4011 ἔγωγε.

43 4031 130 4083 Οὐ
155 4029 273 4098 γάρ
315 4026 561 4080 διέλιπόν
594 4026 1080 4097 ποτεμακαρίζων
1113 4027 1250 4098 πρὸς
1281 4027 1341 4080 σέ
1384 4029 1513 4091 τοὺς
1543 4029 1758 4099 ἐκείνης

41 4120 155 4187 τῆς
198 4115 493 4178 διακονίας
522 4115 826 4185 προστῆναι
855 4115 1184 4185 δυνηθέντας
1213 4116 1415 4182 καλῶς.
1453 4117 1576 4171 Ὀτι
1605 4117 1756 4191 [49.7]

41 4207 104 4259 δὲ
137 4210 288 4276 ὅπερ
311 4204 677 4276 ἐμακάριζον,
708 4205 807 4257 οὐκ
838 4204 904 4256 ἂν
931 4203 1152 4273 ἔφυγον,
1181 4206 1382 4268 ἱκανῶς
1405 4205 1542 4277 ἔχων
1568 4208 1758 4277 μετελ-

43 4297 197 4359 θεῖν,
229 4295 417 4356 οὐδεὶς
449 4295 684 4364 ἀντερεῖ.
731 4292 892 4346 Ἀλλά
929 4293 984 4345 τί
1018 4293 1208 4358 ﬁdem;
1242 4294 1408 4347 Οὐδὲν
1442 4295 1548 4367 γάρ
1589 4296 1761 4360 οὕτως

43 4385 346 4455 ἄχρηστον
377 4384 458 4444 είς
503 4380 831 4448 Ἑκκλησίας
877 4381 1217 4452 προστασίαν
1245 4381 1320 4445 ὡς
1353 4383 1489 4455 αὐτὴ
1523 4385 1554 4454 ἡ
1591 4386 1760 4454 ἀργία

41 4477 150 4526 καὶ
185 4475 222 4542 ή
275 4469 651 4540 ἀμελετησία,
696 4469 762 4540 ἣν
801 4470 977 4540 ἐτεροι
1036 4469 1134 4539 μὲν
1180 4470 1411 4541 ἀσκησίν
1458 4489 1576 4525 τινα
1625 4473 1757 4526 θαυ-

45 4562 284 4631 μαστὴν
334 4553 474 4610 εἶναι
509 4556 851 4627 νομίζουσιν·
903 4555 1014 4625 ἐγὼ
1055 4557 1113 4610 δέ
1151 4558 1322 4630 αὐτὴν
1366 4560 1606 4630 ὡσπερεὶ
1659 4579 1762 4613 πα-

41 4648 406 4720 ραπέτασμα
455 4645 555 4714 τῆς
597 4643 804 4708 οἰκείας
853 4644 961 4714 ἔχω
1013 4645 1381 4717 φαυλότητος,
1423 4647 1488 4700 τὰ
1541 4649 1762 4702 πλείονα

37 4739 167 4791 τῶν
211 4733 629 4804 ἐλαττωμάτων
679 4734 790 4786 τῶν
834 4735 1074 4804 ἐμαυτοῦ
1119 4734 1292 4806 ταύτῃ
1340 4738 1758 4804 συγκαλύπτων,

39 4829 154 4882 καὶ
180 4826 296 4880 οὐκ
345 4821 454 4875 ἐῶν
498 4821 804 4890 φαίνεσθαι.
854 4822 912 4876 '0
958 4822 1069 4893 γὰρ
1094 4823 1390 4888 ἐνεθισθεὶς
1432 4822 1459 4864 d
1491 4827 1761 4897 τοσαύτης

37 4915 374 4971 ἀπολαύειν
402 4911 838 4982 ἀπραγμοσύνης
856 4954 870 4978 ,
895 4912 990 4964 καὶ
1019 4913 1078 4964 ἐν
1104 4913 1305 4984 ἡσυχίᾳ
1332 4913 1536 4982 διάγειν
1567 4916 1757 4983 πολλῇ,

35 5005 161 5058 κᾶν
194 5001 454 5073 μεγάλης
559 4999 794 5068 φύσεως,
827 4999 932 5052 ὐπὸ
959 5000 1058 5070 τῆς
1087 5000 1424 5070 ἀνασκησίας
1453 5001 1760 5073 θορυϐεῖται

37 5094 152 5146 καὶ
173 5089 520 5162 ταράττεται
547 5129 561 5149 ,
589 5089 684 5141 καὶ
727 5089 827 5158 τῆς
865 5086 1071 5152 οἰκείας
1104 5088 1390 5159 δυνάμεως
1434 5093 1760 5162 περικόπτει

33 5181 235 5252 μέρος
273 5179 338 5230 οὐ
380 5175 578 5245 μικρὸν
599 5175 660 5227 τὸ
685 5174 1058 5245 ἀγύμναστον.
1089 5176 1258 5230 Ὅταν
1279 5177 1336 5229 δέ
1359 5175 1494 5247 ὁμοῦ
1516 5177 1608 5231 καὶ
1637 5179 1763 5251 βρα-

25 5268 208 5329 δείας
329 5263 594 5326 διανοίας,
643 5263 737 5316 καὶ
763 5262 872 5315 τῶν
909 5262 1168 5316 τοιούτων
1202 5263 1377 5332 λόγων
1409 5265 1500 5318 καὶ
1534 5264 1762 5334 ἀγώνων

25 5358 317 5425 ἀπειρος,
355 5351 518 5405 τοῦτο
545 5351 609 5423 δὴ
638 5352 700 5404 τδ
737 5351 1028 5423 ἡμέτερον,
1063 5352 1175 5406 τῶν
1213 5352 1429 5406 λιθίνων
1451 5353 1604 5406 οὐδὲν
1633 5353 1758 5407 διοί-

31 5460 160 5499 σει.
191 5441 416 5508 ταύτην
457 5439 752 5510 δεξάμενος
787 5439 887 5510 τὴν
920 5442 1256 5512 οἰκονομίαν.
1306 5440 1408 5494 Διά
1449 5441 1608 5495 τοῦτο
1653 5443 1760 5496 τῶν

29 5536 110 5601 ἐξ
149 5530 388 5600 ἐκείνης
424 5530 739 5600 ἐρχομένων
774 5529 870 5600 τῆς
902 5529 1240 5601 παλαίστρας
1274 5530 1354 5593 είς
1387 5530 1513 5595 τοὺς
1541 5531 1761 5601 ἀγῶνας

119 5705 150 5765 ε
175 5706 286 5754 Alii
309 5706 602 5765 θαυμαστόν.

115 5764 148 5807 b
174 5767 281 5814 Alii
307 5767 385 5813 ὅτι

121 5827 146 5862 ⁸
175 5828 288 5876 Alli
310 5829 544 5890 ἐξέθρεψε.

119 5899 154 5931 ο
171 5891 282 5940 Alii
320 5889 540 5947 ἐθισθείς.

1351 390 1440 446 DE
1483 393 1937 456 SACERDOTIO.
1979 396 2110 464 LIB,
2151 396 2240 453 Vl.

3411 393 3513 448 ιιδι

1846 514 2066 576 τούτους
2098 513 2267 580 ὀλίγοι
2311 511 2715 580 διαφαίνονταιο
2765 510 2816 562 οί
2863 509 2920 562 δὲ
2955 507 3168 571 πλείους
3206 508 3517 577 ἐλέγχονται

1844 602 1938 654 καλ⁵
1967 600 2387 661 καταπίπτουσι,
2415 600 2510 651 καὶ
2539 598 2838 669 πράγματα
2863 595 3227 665 ὑπομένουσιν
3255 595 3393 666 ἀηδῆ
3422 604 3517 647 καί⁸

1844 688 2074 760 χαλεπά.
2100 688 2208 738 Καὶ
2234 687 2383 739 οὐδὲν
2406 686 2656 748 ἀπεικός.
2687 686 2854 737 Ὅταν
2886 683 2992 754 γάρ
3019 682 3092 753 μὴ
3121 683 3249 752 1:391
3279 682 3386 734 τῶν
3416 683 3517 733 αὐ-

1843 778 1951 830 τῶν
1980 778 2033 831 οἴ
2066 795 2124 830 τε
2155 776 2365 845 ἀγῶνες
2401 770 2505 828 ὦσι
2553 777 2647 828 καὶ
2684 774 2753 827 τά
2785 775 3086 844 γυμνάσια,
3129 773 3236 824 τῶν
3270 771 3520 841 ἀγυμνά-

1846 882 1986 918 στων
2025 867 2053 917 6
2089 864 2491 935 ἀγωνιζόμενος
2535 863 2686 916 οὐδὲν
2734 863 3028 932 διενήνοχε.
3074 860 3244 931 Δόξης
3282 861 3520 930 μάλιστα

1844 952 1925 1005 δεῖ
1971 955 2329 1023 καταφρονεῖν
2376 952 2466 1004 τὸν
2508 951 2588 1014 είς
2630 950 2790 1003 τοῦτο
2837 950 3130 1019 ἐρχόμενον
3175 949 3234 1000 τὸ
3283 947 3517 1014 στάδιον,

1845 1039 2011 1109 ὀργῆς
2040 1038 2309 1110 ἀνώτερον
2334 1035 2492 1102 εἶναι,
2520 1037 2783 1100 συνέσεως
2805 1036 3056 1107 ἔμπλεων
3077 1036 3298 1106 πολλῆς.
3331 1035 3520 1106 Τούτῳ

1845 1127 1897 1180 δὲ
1943 1127 2018 1198 τῷ
2062 1129 2150 1180 τὸν
2193 1130 2399 1199 μονήρη
2436 1127 2713 1196 στέργοντι
2751 1125 2862 1195 βίον
2894 1123 3119 1194 οὐδεμία
3145 1136 3167 1161 θ
3214 1125 3523 1194 γυμνασίας

1845 1215 2100 1280 ὑπόθεσις
2142 1217 2445 1288 πρόκειται.
2495 1214 2631 1267 Οὔτε
2667 1213 2776 1284 γὰρ
2807 1214 2933 1276 τοὺς
2975 1203 3380 1283 παροξύνοῦτας
3407 1211 3523 1282 ἔχει

1847 1302 2100 1368 πολλοὺς,
2144 1303 2233 1356 ἵνα
2279 1290 2845 1374 μελετήσηκολάζειν
2888 1300 2982 1353 τοῦ
3031 1299 3203 1370 θυμοῦ
3242 1300 3340 1368 τὴν
3370 1299 3526 1353 δύνα-

1849 1408 1972 1461 μιν’
2001 1389 2124 1444 οὔτε
2155 1391 2282 1454 τοὺς
2319 1390 2724 1462 μακαρίζοντας
2763 1389 2857 1442 κοιλ¹
2885 1386 3215 1461 κροτοῦντας
3238 1428 3251 1450 ,
3286 1387 3374 1440 ἵνα
3400 1404 3528 1439 παι-

1845 1478 2006 1550 δευθῇ
2037 1480 2164 1542 τοὺς
2194 1479 2345 1551 παρά
2387 1478 2494 1532 τῶν
2536 1477 2747 1530 πολλῶν
2777 1475 3056 1530 διαπτύειν
3100 1468 3202 1528 ὧδε
3236 1473 3523 1537 ἐπαίνους·

1845 1569 1945 1638 τῆς
1977 1584 2034 1619 τε
2069 1567 2127 1619 ἐν
2165 1570 2286 1631 ταῖς
2325 1565 2674 1637 Ἐκκλησίαις
2711 1564 3118 1634 ἀπαιτουμένης
3161 1562 3432 1624 συνέσεως
3464 1563 3527 1614 οὐ

1849 1653 2015 1718 πολὺς
2040 1655 2219 1718 αὐτοῖς
2252 1658 2280 1707 ὁ
2311 1653 2486 1724 λόγος.
2516 1655 2686 1707 Ὅταν
2713 1649 2807 1706 οὖν
2841 1651 3071 1704 ἔλθωσιν
3106 1651 3187 1713 είς
3223 1651 3349 1711 τοὺς
3378 1647 3527 1718 ἀγῶ-

1847 1758 1974 1807 νας,
2022 1735 2098 1795 ὧν
2147 1742 2221 1813 μὴ
2274 1743 2681 1813 μεμελετήκασι
2734 1742 2832 1810 τὴν
2889 1743 3105 1809 πεῖραν,
3157 1737 3526 1809 ἀποροῦνται,

1852 1828 2171 1898 ίλιγγιῶσιν,
2220 1831 2298 1893 εἰς
2340 1829 2646 1900 ἀμηχανίαν
2689 1827 3015 1880 ἐκπίπτουσι
3061 1824 3105 1889 ἲ,
3160 1823 3421 1894 καὶπρὸς
3451 1822 3529 1893 τῷ

1853 1915 2016 1986 μηδὲν
2052 1915 2326 1968 ἐπιδοῦναι
2360 1915 2494 1986 πρὸς
2542 1913 2762 1984 ἀρετὴν,
2805 1914 2898 1967 καὶ
2926 1913 3070 1984 άπερ
3104 1910 3318 1981 ἔχοντες
3361 1905 3528 1980 ἦλθον

1849 2003 2038 2056 πολλοὶ
2065 2003 2325 2066 πολλάκις
2350 2003 2660 2057 ἀπώλεσαν.
3060 2051 3064 2055 .

1913 2091 2112 2160 η’.Καὶ
2141 2092 2169 2142 ὁ
2194 2090 2568 2144 ΒΑΣΙΛΕΙΟΣ.
2603 2090 2668 2142 Τί
2698 2085 2825 2152 οὗνς
2848 2089 2974 2153 τοὺς
2997 2091 3054 2142 ἐν
3087 2091 3164 2161 τῷ
3203 2093 3352 2162 μέσῳ
3380 2108 3532 2162 στρε-

1850 2179 2138 2249 φομένους,
2186 2179 2280 2232 καὶ
2323 2178 2668 2250 πραγμάτων
2701 2178 3086 2249 φροντίζοντας
3119 2179 3407 2249 βιωτικῶν,
3438 2179 3534 2233 καὶ

1848 2267 2249 2338 τετριμμένους
2274 2267 2410 2338 πρὸς
2438 2268 2618 2337 μάχας
2645 2267 2739 2320 καὶ
2767 2267 3054 2339 λοιδορίας,
3077 2270 3171 2321 καὶ
3203 2269 3402 2338 μυρίας
3425 2268 3534 2320 δει-

1849 2357 2071 2429 νότητος
2096 2357 2366 2427 γέμοντας
2385 2396 2399 2419 ,
2429 2358 2523 2410 καὶ
2547 2357 2762 2428 τρυφᾷν
2790 2356 2999 2420 εἰδότας
3017 2397 3032 2418 ,
3066 2359 3435 2428 ἐπιστήσομεν
3459 2358 3526 2427 τῇ

1850 2445 1950 2516 τῆς
1993 2445 2325 2515 Ἐκκλησίας
2357 2445 2676 2516 οἰκονομίας
2721 2445 2926 2498 ΧΡΥΣ.
2974 2444 3260 2514 Εὐφήμει,
3293 2445 3450 2516 ἔφην.
3488 2438 3534 2496 ὦ

1855 2534 2093 2604 μακάριε
2128 2533 2211 2586 σύ.
2249 2531 2485 2594 Τούτους
2513 2531 2622 2603 γάρ
2648 2534 2672 2572 ε
2703 2532 2813 2585 οὐδ’
2848 2533 2928 2596 εἰς
2957 2533 3086 2587 νοῦν
3113 2533 3403 2602 βάλλεσθαι
3430 2533 3532 2597 δεῖ,

1855 2622 1984 2675 ὅταν
2031 2621 2220 2694 ἱερέων
2259 2620 2507 2687 ἐξέτασις
2656 2620 2771 2673 ἀλλ’
2803 2621 2857 2672 εῐ
2904 2637 2990 2684 τις
3044 2620 3184 2691 μετὰ
3226 2621 3318 2674 τοῦ
3367 2623 3536 2674 πᾶσιν

1853 2711 2064 2780 ὁμιλεῖν
2093 2709 2190 2762 καὶ
2223 2708 2763 2780 συναναστρέφεσθαι
2801 2709 3018 2763 δύναιτο
3050 2709 3150 2779 τὴν
3184 2709 3536 2782 καθαρότητα

1853 2798 1948 2851 καὶ
2000 2798 2100 2867 τὴν
2150 2795 2477 2867 ἀταραξίαν,
2516 2797 2614 2868 τήν
2661 2815 2720 2850 τε
2762 2796 3077 2866 ἁγιωσύνην
3121 2797 3214 2849 καὶ
3251 2796 3349 2867 τὴν
3396 2815 3537 2869 καρ-

1851 2884 2038 2955 τερίαν
2066 2884 2159 2938 καὶ
2186 2884 2365 2954 νῆψιν,
2420 2885 2514 2938 καὶ¹
2552 2883 2622 2938 τὰ
2656 2883 2794 2937 ἄλλα
2823 2883 2893 2938 τά
2925 2887 3038 2946 τοῖς
3077 2887 3330 2955 μοναχοῖς
3369 2901 3538 2955 προσ-

1853 2973 1979 3026 ὁντα
2040 2971 2256 3040 ἀγαθά,
2308 2972 2600 3040 φυλάττειν
2655 2971 2890 3042 ἀκέραια
2937 2973 3032 3025 καὶ
3107 2972 3537 3044 ἀπαρασάλευτα

1858 3061 2057 3132 μᾶλλον
2091 3060 2203 3112 τῶν
2244 3059 2648 3130 μεμονωμένων
2703 3061 2933 3113 ἐκείνων
2967 3061 3032 3100 ιι·
3080 3059 3156 3123 ὡς
3195 3061 3224 3113 ὅ
3257 3077 3322 3128 γε
3366 3060 3540 3113 πολλά

1857 3154 1958 3224 μὲν
1993 3152 2133 3226 ἔχων
2181 3150 2578 3222 ἐλαττώματα,
2630 3151 2927 3222 δυνάμενος
2963 3150 3020 3204 δέ
3069 3151 3208 3205 αὐτά
3254 3154 3321 3221 τῇ
3363 3149 3538 3221 μονὼ-

1856 3258 1938 3294 σει
1986 3240 2284 3295 καλύπτειν
2324 3240 2420 3294 καὶ
2457 3241 2631 3292 ποιεῖν
2659 3240 2919 3309 ἄπρακτα
2961 3238 3039 3310 τῷ
3079 3239 3266 3310 μηδενὶ
3305 3255 3540 3308 καταμι-

1853 3330 2048 3399 γνύναι
2097 3330 2321 3382 ἑαυτόν·
2349 3323 2503 3391 οὗτος
2544 3330 2621 3391 είς
2649 3328 2814 3398 μέσον
2859 3326 3052 3393 ἐλθὼν,
3102 3327 3254 3381 οὐδὲν
3288 3328 3476 3397 ἕτερον
3501 3326 3536 3397 ἢ

1854 3414 1916 3467 τὸ
1968 3413 2378 3483 καταγέλαστος
2435 3411 2693 3480 γενέσθαι
2742 3413 3012 3481 κερδανεῖ,
3065 3412 3161 3464 καὶ
3205 3409 3539 3465 κινδυνεύσει

1859 3497 2156 3569 μειζόνωςο
2198 3499 2226 3551 ὃ
2267 3497 2467 3569 μικροῦ
2500 3498 2613 3550 δεῖν
2650 3497 2929 3569 ἐπάθομεν
2973 3497 3038 3551 ἂν
3074 3500 3258 3569 ἡμεῖς,
3307 3499 3356 3550 εἰ
3397 3496 3472 3566 μὴ
3504 3497 3539 3566 ἡ

1855 3587 1951 3640 τοῦ
1981 3587 2116 3640 Θεοῦ
2145 3587 2444 3657 κηδεμονία
2469 3587 2532 3639 τὸ
2552 3585 2663 3658 πῦρ
2689 3586 2899 3657 ταχέως
2922 3587 3117 3656 ἀνέσχε
3140 3587 3240 3656 τῆς
3265 3585 3540 3656 ἡμετέρας

1857 3675 2120 3745 κεφαλῆς.
2146 3673 2298 3747 [49.8]
2322 3675 2396 3727 Ού
2415 3675 2523 3745 γάρ
2550 3674 2664 3726 ἐστι
2687 3673 2978 3744 λαθεῖνοτὸν
3005 3673 3148 3728 οὐτω
3170 3675 3537 3742 διακείμενον,

1857 3765 1982 3818 ὅταν
2005 3763 2155 3832 ἐντῷ
2189 3762 2414 3833 φανεφῷ
2437 3764 2702 3832 καταστῇ,
2736 3761 2873 3814 ἀλλά
2898 3762 3128 3816 πάντοτε
3164 3763 3447 3832 ἐλέγχεται
3485 3762 3536 3825 ί,

1860 3851 1958 3905 καὶ
2005 3849 2262 3922 καθάπερ
2297 3852 2396 3914 τάς
2435 3848 2766 3920 μεταλλικὰς
2797 3848 2928 3914 ὐλας
2969 3848 3254 3920 δοκιμάζει
3300 3849 3362 3902 τὸ
3405 3847 3537 3920 πῦρ,

1860 3939 2010 3993 οὕτω
2043 3941 2136 3992 καὶ
2183 3941 2217 4010 ἡ
2259 3939 2352 3991 τοῦ
2397 3937 2602 4009 κλήρου
2658 3937 2890 4010 βάσανος
2935 3937 3036 4002 τὰς
3086 3937 3192 3990 τῶν
3237 3935 3540 4004 ἀνθρώπων

1859 4027 2121 4099 διακρίνει
2150 4027 2362 4097 ψυχὰς,
2397 4025 2499 4080 κάν
2540 4026 2757 4096 ὀργίλος
2795 4044 2879 4090 τις
2916 4021 2986 4100 ᾖ,
3030 4025 3135 4079 κᾶν
3172 4024 3537 4096 μικρόψυχος,

1861 4116 1962 4170 κάν
2003 4115 2311 4186 φιλόδοξος,
2350 4115 2458 4168 κᾶν
2505 4114 2743 4179 ἀλαζὼν,
2782 4113 2884 4167 κάν
2928 4115 2956 4167 ὃ
2989 4131 3041 4166 τι
3083 4112 3284 4184 δήποτε
3317 4113 3538 4182 ἕτερον.

1862 4206 2080 4259 ἅπαντα
2123 4202 2458 4258 ἐκκαλύπτει
2494 4201 2542 4265 ἰ,
2577 4202 2674 4256 καὶ
2711 4204 2912 4272 γυμνοῖ
2949 4201 3164 4272 ταχέως
3200 4201 3266 4254 τά
3304 4199 3541 4252 ἐλαττώ-

1866 4311 2013 4365 ματα
2040 4311 2052 4324 ·
2091 4294 2151 4346 οὐ
2199 4295 2398 4363 γυμνοῖ
2441 4291 2499 4345 δὲ
2543 4291 2728 4361 μόνον,
2771 4289 2908 4344 ἀλλά
2939 4290 3033 4344 καὶ
3063 4287 3419 4360 χαλεπώτερα
3448 4289 3543 4342 καὶ

1867 4381 2194 4453 ἰσχυρότερα
2245 4381 2383 4434 αὐτά
2422 4379 2738 4450 καθίστησι.
2776 4380 2886 4432 Καὶ
2916 4380 3024 4449 γάρ
3052 4379 3121 4431 τὰ
3149 4378 3242 4431 τοῦ
3289 4379 3541 4442 σώματος

1863 4470 2157 4543 τραύματα
2199 4468 2645 4542 προστριϐόμενα
2678 4467 2906 4521 δυσίατα
2947 4467 3176 4535 γίνεται.
3213 4467 3308 4518 καὶ
3343 4466 3410 4518 τὰ
3441 4465 3541 4534 τῆς

1862 4559 2040 4630 ψυχῆς
2063 4558 2212 4630 πάθη
2241 4557 2537 4627 κνιζόμενα
2559 4558 2654 4610 καὶ
2673 4556 3083 4626 παροξυνόμενα
3114 4555 3313 4625 μᾶλλον
3330 4551 3544 4624 ἀγριαί-

1863 4647 2049 4700 νεσθαι
2078 4647 2314 4715 πέφυκε,
2351 4645 2596 4707 καὶτοὺς
2625 4643 2845 4714 ἔχοντας
2874 4643 3012 4696 αύτά
3043 4642 3264 4696 πλείονα
3296 4641 3544 4712 ἁμαρτά-

1864 4749 1978 4788 νειν
2009 4731 2274 4803 βιάζεται.
2313 4733 2424 4785 Καὶ
2448 4737 2558 4802 γάρ
2593 4733 2672 4794 είς
2699 4730 2878 4801 ἔρωτα
2910 4730 3070 4801 δόξης
3104 4731 3320 4801 ἐπαίρει
3352 4730 3444 4783 τὸν
3469 4729 3544 4800 μὴ

1869 4822 2227 4895 προσέχοντα,
2257 4821 2352 4876 καὶ
2391 4823 2470 4884 εἱς
2496 4821 2836 4887 ἀλαζονείαν,
2863 4821 2959 4873 καὶ
2981 4821 3062 4883 είς
3089 4819 3388 4890 χρημάτων
3419 4820 3544 4870 ἐπι-

1864 4911 2065 4981 θυμίαν
2088 4927 2102 4942 ·
2133 4910 2400 4982 ὐποσύρει
2438 4909 2494 4962 δέ
2529 4911 2622 4963 καὶ
2650 4911 2728 4973 είς
2757 4909 2973 4980 τρυφὴν
3012 4907 3106 4960 καὶ
3131 4909 3210 4970 είς
3240 4906 3422 4960 ἄνεσιν
3452 4908 3545 4959 καὶ

1867 4999 2168 5071 ρᾳθυμίαν,
2204 5000 2300 5053 καὶ
2343 4998 2485 5053 κατά
2527 4999 2723 5069 μικρὸν
2761 4999 2841 5061 εἰς
2868 4998 2938 5050 τά
2971 4995 3284 5068 περαιτέρω
3314 4993 3542 5058 τούτων,

1865 5089 1962 5142 καὶ
1991 5090 2055 5142 ἐκ
2084 5087 2290 5141 τούτων
2316 5086 2612 5156 τικτόμενα
2651 5087 2817 5140 κακά.
2847 5083 3025 5138 Πολλά
3062 5084 3170 5155 γάρ
3191 5086 3338 5136 ἐστιν
3371 5084 3430 5136 ἐν
3467 5084 3546 5154 τῷ

1871 5177 2024 5248 μέσῳ
2044 5177 2113 5229 τὰ
2138 5177 2412 5240 δυνάμενα
2433 5173 2609 5246 ψυχῆς
2630 5174 2916 5244 ἀκρίϐειαν
2944 5171 3190 5234 ἐκλῦσαι,
3220 5171 3314 5225 καὶ
3337 5171 3429 5224 τὸν
3455 5173 3543 5224 ἐπ”

1865 5265 1998 5318 θεὸν
2031 5264 2288 5334 διακόψαι
2319 5263 2347 5302 ιί
2383 5262 2583 5334 δρόμον
2605 5278 2618 5291 ⁸
2652 5262 2748 5314 καὶ
2781 5261 2992 5332 πρῶτον
3023 5259 3281 5313 ἀπάντων
3320 5261 3377 5312 al
3408 5261 3543 5330 πρὸς

1862 5351 1962 5416 τὰς
1986 5355 2257 5421 γυναῖκας
2277 5350 2509 5424 ὁμιλίαι.
2540 5349 2674 5402 Οὐδέ
2704 5352 2811 5419 γὰρ
2841 5348 2955 5402 ἔστι
2986 5348 3075 5402 τὸν
3103 5347 3423 5418 προεστῶτα
3453 5350 3537 5400 και

1931 5462 1953 5488 ε
1977 5459 2077 5508 Alii
2109 5460 2344 5521 οὐδεμιᾶς.
2359 5457 2498 5521 jnfra
2521 5458 2674 5507 Savil.
2697 5463 2750 5505 el
2772 5457 2961 5518 aliquot
3001 5469 3116 5506 mss.
3163 5455 3274 5505 οὐτε
3298 5455 3409 5512 τούς
3432 5456 3538 5505 θαν-

1863 5521 2090 5584 μάζοντας
2112 5524 2192 5569 καὶ
2214 5517 2511 5584 κροτοῦντας.

1931 5581 1953 5657 ξ
2097 5581 2445 5657 είς-ἀμηχανίας
2467 5581 2768 5643 ἐμπίπτουσι.

1927 5647 1953 5706 f5
1979 5646 2073 5706 Alii
2095 5646 2236 5692 τοῦτο
2259 5646 2364 5706 γάρ.

1925 5703 1955 5743 ι
1979 5705 2114 5768 Unus
2149 5703 2333 5768 μᾶλλον⁷
2344 5705 2439 5752 τῶν
2462 5705 2750 5766 φαινομένων
2770 5705 2978 5754 ἐκείνων.

1930 5777 1945 5806 ι
1987 5766 2084 5816 Alii
2106 5766 2228 5815 ἀλλὰ
2247 5767 2401 5814 πάντα
2422 5768 2530 5815 τὸσε
2552 5767 2621 5815 ἐλ.

1932 5842 1944 5878 l
1980 5828 2076 5877 Alii
2101 5829 2225 5876 άπαν
2253 5830 2355 5876 ἐκκ.

1927 5891 1955 5929 κ
1990 5888 2088 5941 Alii
2105 5891 2186 5938 τὸν
2211 5891 2282 5939 ἐπ’
2300 5891 2477 5948 εὐθείας
2496 5891 2738 5953 διακόψαι.
