3864 6250
131 385 234 440 ess

130 499 280 562 dare,
309 500 559 553 mulieres
575 513 702 552 vero
733 496 1000 566 negligere
1025 512 1037 546 :
1068 509 1166 564 qua
1192 495 1241 547 in
1266 509 1323 548 re
1346 494 1548 562 majore
1570 507 1705 561 opus

129 601 216 645 est
255 589 585 658 providentia
606 629 622 653 ,
653 588 795 658 quod
834 587 898 640 ad
931 585 1254 657 peccandum
1283 583 1369 638 hic
1394 599 1552 638 sexus
1583 598 1705 650 pro—

131 683 286 736 clivis
311 682 411 739 sit;
445 680 538 734 sed
579 689 789 747 oportet
825 694 948 732 eum
990 678 1454 746 quiepiscopatum
1483 675 1704 728 sortitus

129 774 202 825 sit
221 813 236 836 ,
284 787 468 826 carum
497 769 746 824 curanda:
774 768 1157 830 incolumitati,
1185 769 1229 821 si
1263 782 1364 820 non
1395 766 1652 836 majorem
1684 805 1700 830 ,

126 873 277 916 certe
293 877 471 932 parem
488 860 896 915 sollicitudinem
921 858 1241 928 impendere.
1261 858 1488 912 Necesse
1512 858 1706 926 quippe

125 963 212 1006 est
242 953 356 1006 iilas
383 953 609 1007 invisere
641 960 956 1021 a‘grotztntes
976 991 990 1012 ,
1023 951 1281 1004 consolari
1325 949 1591 1017 lugentes,
1625 948 1704 1000 in-

87 1059 349 1112 _crepare
403 1044 688 1106 socordes,
744 1044 928 1110 juvare
999 1042 1313 1094 laborantes.
1394 1041 1525 1093 Dum
1590 1039 1705 1093 haec

126 1151 258 1190 vero
288 1136 440 1201 fiunt,
462 1137 656 1190 multos
679 1136 962 1204 adrependi
993 1136 1163 1188 aditus
1185 1134 1413 1188 inveniet
1443 1133 1703 1202 malignus

127 1228 240 1291 ille,
273 1227 374 1280 nisi
405 1227 524 1296 quis
562 1237 812 1280 accurata
863 1241 920 1279 se
965 1225 1204 1279 cnsmdia
1236 1225 1458 1278 muniat.
1493 1224 1701 1278 Etenim

125 1338 233 1374 non
262 1320 542 1388 impudica:
569 1320 760 1385 solum,
785 1319 877 1372 sed
901 1318 1100 1388 pudicze
1125 1319 1284 1371 etiam
1318 1317 1551 1370 nmlieris
1577 1330 1704 1370 ocu-

125 1414 210 1465 lus
235 1411 470 1465 animum
499 1409 652 1474 ferit,
677 1410 1006 1464 adulationes
1033 1409 1345 1471 emolliunt,
1379 1408 1610 1462 honores
1645 1408 1698 1461 in

122 1505 436 1558 servitutem
485 1503 774 1572 redigunt:
819 1504 1118 1570 caritasque
1153 1501 1393 1564 fervens,
1440 1499 1700 1554 bonorum

122 1609 284 1648 causa
311 1594 569 1659 omnium,
601 1609 702 1648 non
725 1603 869 1648 recte
897 1593 983 1646 illa
1003 1593 1272 1648 utentibus
1292 1591 1549 1645 malorum
1581 1607 1699 1644 om-

122 1611 284 1648 causa
311 1611 398 1648 ctu
423 1611 569 1659 num,
601 1611 702 1648 non
725 1611 869 1648 reCte
897 1611 983 1646 tua
1003 1611 1272 1648 utentibus
1292 1611 1549 1645 maiorum
1581 1611 1698 1644 om-

121 1685 270 1738 nimn
303 1611 460 1740 cauis
506 1684 752 1739 efficitur.
803 1685 1100 1754 Aliquando
1125 1685 1282 1740 etiam
1319 1684 1698 1738 sollicitudines

120 1777 432 1845 frequentes
479 1777 672 1829 mentis
719 1791 942 1830 acumen
991 1775 1287 1840 hebetant,
1322 1776 1715 1844 volucremque.

120 1869 341 1936 plumbo
366 1869 666 1938 graviorem
683 1868 929 1923 reddunt.
946 1868 1183 1937 Denique
1209 1869 1304 1929 ira,
1327 1884 1444 1938 quae
1460 1869 1693 1921 animmn

118 1960 381 2012 invaserit
409 2001 425 2024 ,
479 1958 608 2013 fumi
642 1960 806 2014 instar
835 1960 1084 2014 interiora
1116 1960 1320 2014 obtinet
1343 1960 1539 2013 omnia.
1569 1959 1696 2025 Quis

117 2048 336 2103 tandem
391 2050 588 2119 reliqua
639 2059 912 2104 recenseat
953 2050 1140 2103 damna
1188 2050 1206 2082 ⁸
1241 2091 1255 2114 ,
1307 2049 1651 2104 contumelias
1680 2091 1694 2113 ,

117 2144 422 2200 molestias.
455 2145 834 2214 querimonias,
865 2155 974 2198 ttttn
1004 2145 1300 2213 digniorum
1323 2186 1337 2207 ,
1367 2152 1474 2195 ttttn
1507 2144 1694 2212 vulga-

113 2234 278 2297 rium,
312 2246 420 2287 tum
446 2235 782 2302 prudentium
801 2276 814 2298 ,
850 2245 956 2289 tum
987 2235 1443 2302 imprudentium?

181 2326 239 2381 9.
273 2324 397 2379 Non
434 2343 540 2379 esse
565 2327 968 2381 cvndemnanda:
999 2328 1129 2396 vulgi
1187 2328 1492 2394 suspiciones
1542 2327 1692 2380 etiam

107 2418 296 2487 falsas.
330 2444 400 2457 -ο
427 2420 534 2472 lloc
564 2420 703 2473 enim
736 2421 962 2473 maxime
990 2434 1157 2488 genus
1183 2435 1368 2472 eorum
1395 2461 1408 2482 ,
1432 2419 1520 2487 qui
1548 2432 1694 2472 reeto

104 2511 275 2563 animi
301 2511 502 2579 judicio
530 2523 733 2574 carent,
762 2512 992 2580 querelis
1022 2511 1255 2564 deditum
1283 2520 1384 2572 est,
1418 2525 1517 2568 nec
1539 2509 1693 2564 facile

105 2607 514 2661 excasationem
556 2607 805 2660 admittit.
850 2606 1076 2660 Probum
1114 2621 1241 2658 vero
1290 2605 1579 2659 antistitem
1626 2621 1693 2659 ne

105 2699 208 2751 hos
235 2699 452 2767 quidem
483 2708 823 2753 contemnere
849 2715 943 2776 par
967 2708 1048 2753 est
1071 2741 1084 2764 ,
1127 2697 1220 2753 sed
1244 2697 1380 2766 apud
1409 2712 1595 2752 omnes
1623 2697 1693 2751 de

101 2791 306 2844 oblatis
337 2791 794 2845 criminationibus
841 2805 958 2846 sese
1006 2807 1233 2860 purgare
1259 2833 1273 2854 ,
1326 2791 1484 2861 idque
1524 2791 1690 2845 multa

99 2897 231 2934 cum
259 2883 513 2937 comitate
539 2893 591 2936 et
617 2882 1055 2949 mansuetudine,
1084 2883 1290 2952 iniquas
1313 2884 1486 2952 potius
1513 2881 1690 2937 crimi-

101 2973 358 3027 nationes
383 2973 772 3029 condonantem
794 3015 808 3037 ,
842 2989 998 3044 quam
1023 2974 1235 3041 indigne
1263 2983 1315 3027 et
1352 2989 1490 3042 :egre
1513 2973 1690 3027 feren-

99 3077 237 3116 tem.
267 3063 328 3118 Si
357 3064 499 3118 enim
532 3065 715 3118 beatus
735 3063 929 3118 Paulus
956 3080 1021 3118 ne
1045 3063 1098 3117 in
1140 3062 1262 3117 furti
1289 3063 1426 3132 apud
1457 3063 1687 3132 discipu-

97 3155 184 3206 los
222 3153 584 3222 suspicionem
633 3154 839 3208 veniret
869 3154 1074 3219 timuit,
1127 3153 1350 3223 ideoque
1376 3163 1430 3207 et
1473 3155 1604 3208 alios
1637 3155 1686 3207 in

95 3245 457 3312 pecuniarum
480 3245 990 3300 administrationem
1015 3260 1194 3300 secum
1237 3245 1556 3314 assumpsit:
1610 3244 1691 3300 Ne

95 3337 238 3402 quis,
273 3336 468 3404 inquit,
494 3352 584 3389 nos
612 3337 852 3406 vituperet
879 3336 933 3390 in
961 3337 1055 3389 hac
1079 3336 1388 3407 plenitudine
1415 3377 1429 3400 ,
1459 3352 1570 3404 qua:
1595 3337 1690 3388 mi-

93 3430 359 3481 nistratur
386 3443 416 3480 a
443 3427 581 3482 nobis
602 3427 679 3495 (Ξ.
709 3426 826 3483 Cor.
847 3428 898 3483 8.
925 3427 1054 3492 ‘20);
1094 3428 1359 3498 quomodo
1379 3443 1483 3482 non
1510 3429 1686 3482 omnia

93 3536 122 3568 a
156 3519 321 3572 nobis
353 3518 552 3588 agenda
576 3529 736 3581 sunt,
765 3528 824 3573 ut
851 3535 1041 3590 pravas
1064 3521 1393 3590 suspiciones
1417 3521 1484 3574 de
1513 3522 1687 3575 medio

91 3614 378 3674 tollamus,
406 3613 505 3667 etsi
538 3613 682 3668 falsze
705 3613 830 3678 illm,
862 3623 912 3668 et
934 3615 978 3667 si
1007 3613 1248 3668 absurdae
1265 3613 1476 3680 fuerint,
1497 3615 1686 3670 etiam-

89 3706 134 3755 si
161 3707 236 3756 ab
265 3704 661 3759 existimatione
691 3715 868 3759 nostra
897 3706 1054 3792 lor-tge
1079 3707 1186 3761 sint
1213 3707 1441 3761 alienae?
1469 3710 1504 3761 Α
1539 3709 1686 3762 nullo

87 3795 300 3865 quippe
329 3812 428 3850 nos
457 3806 671 3865 peccato
692 3807 895 3852 tantum
923 3799 1204 3863 abmmus,
1224 3811 1475 3869 quantum
1496 3802 1686 3855 Paulus

84 3906 114 3938 a
171 3887 361 3942 furto:
399 3897 629 3942 attamen
678 3905 796 3944 cum
837 3905 866 3943 a
910 3905 1072 3959 pravo
1118 3890 1416 3961 hnjusmodi
1449 3892 1684 3947 facinore

86 3979 233 4032 adeo
263 3989 504 4034 remotus
535 3989 706 4046 esset,
754 3997 821 4034 ne
859 3981 936 4036 sic
962 3981 1172 4052 quidem
1201 3985 1481 4038 tnultorum
1505 3985 1683 4054 suspi-

81 4073 311 4122 cionem
367 4071 641 4140 neglexit,
694 4074 900 4127 etiamsi
953 4074 1235 4129 admodum
1264 4077 1494 4145 iniquam
1521 4087 1680 4148 atque

87 4162 374 4214 insanam.
405 4162 606 4216 Insania
637 4165 774 4218 enim
801 4164 986 4219 fuisset
1014 4167 1116 4220 tale
1141 4168 1406 4237 quidpiam
1427 4171 1680 4239 suspicari

78 4251 150 4305 de
180 4252 352 4306 beato
384 4252 474 4307 illo
501 4263 554 4308 et
583 4255 890 4309 admirando
917 4257 1088 4324 capite
1118 4261 1138 4290 ³
1170 4276 1182 4311 :
1222 4258 1565 4316 nihilominus
1593 4271 1676 4316 ta-

80 4359 215 4396 men
253 4343 348 4397 ille
396 4345 712 4414 suspicionis
749 4355 853 4400 tam
893 4347 1137 4402 absurda:
1167 4391 1181 4414 ,
1225 4366 1344 4420 qum
1387 4354 1594 4406 nonnisi
1625 4354 1675 4407 in

81 4436 290 4490 furiosi
315 4437 612 4507 cujuspiam
644 4447 876 4494 mentem
901 4442 1080 4496 venire
1110 4451 1344 4512 poterat,
1372 4447 1681 4502 occasiones

75 4531 176 4581 diu
204 4537 340 4584 ante
359 4531 512 4583 tollit:
535 4548 702 4600 neque
727 4549 855 4588 vero
883 4535 1020 4603 vulgi
1049 4538 1370 4607 contempsit
1395 4539 1674 4604 insaniam,

73 4640 276 4693 neque
306 4612 477 4677 dixit:
507 4623 600 4679 Cui
630 4643 874 4695 umquam
906 4628 958 4682 in
992 4640 1221 4684 mentem
1249 4631 1424 4685 veniat
1465 4633 1582 4686 talia
1614 4633 1680 4688 de

72 4719 248 4770 nobis
285 4717 544 4783 suSpicari
562 4759 576 4782 ,
606 4719 816 4787 quando
842 4720 1074 4775 universi
1102 4736 1200 4776 nos
1225 4733 1333 4775 tum
1354 4739 1380 4774 a
1397 4724 1559 4793 signis
1581 4724 1682 4777 mi-

70 4809 402 4876 raculisqne
436 4850 449 4871 ,
485 4819 592 4861 tum
620 4823 649 4861 a
679 4811 937 4878 probitate
985 4812 1105 4866 vita:
1150 4812 1340 4867 honori
1369 4823 1424 4868 et
1449 4815 1682 4870 admira-

72 4903 223 4955 tioni
267 4901 627 4956 babent?sed
655 4915 838 4958 contra
865 4904 955 4960 ille
1008 4913 1063 4961 et
1109 4907 1408 4975 suspicatus
1434 4920 1516 4963 est
1559 4910 1579 4940 ³
1626 4920 1678 4964 et

66 4991 434 5058 exspectavit
465 4990 602 5046 hanc
631 4995 743 5048 fore
772 4995 963 5049 malam
991 4997 1368 5066 suspicionem,
1410 5009 1464 5054 et
1491 5001 1680 5056 radici-

68 5095 159 5136 tus
194 5082 358 5136 illam
389 5083 615 5146 avulsit;
650 5088 756 5138 imo
786 5087 958 5155 potius
986 5087 1128 5141 illam
1161 5105 1227 5143 ne
1247 5091 1442 5144 exoriri
1463 5094 1675 5162 quidem

67 5191 287 5242 passus
315 5182 416 5229 est.
441 5174 660 5241 Quare?
690 5177 1020 5234 Providemus
1044 5223 1059 5245 ,
1104 5181 1274 5252 inquit
1305 5225 1320 5246 ,
1352 5183 1482 5237 bona
1512 5227 1528 5250 ,
1576 5203 1675 5240 non

65 5279 294 5321 tantum
333 5283 505 5319 coram
552 5267 769 5324 Domino
802 5313 818 5337 ,
849 5272 938 5326 sed
973 5273 1122 5326 etiam
1177 5291 1346 5328 coram
1396 5276 1676 5332 hominibus

65 5360 264 5428 (Rom.
312 5357 399 5412 12.
435 5359 523 5429 17)
577 5360 800 5416 Tantum
829 5363 1062 5429 scilicet,
1109 5365 1217 5419 imo
1258 5367 1428 5437 majus
1466 5378 1676 5439 oportet

134 5563 149 5589 ν
197 5557 555 5628 t‘r-o_verl)is,_
579 5559 691 5628 ouis
733 5561 926 5610 tandem
969 5561 1155 5624 reliqua
1195 5573 1434 5628 recenseat
1476 5569 1673 5628 damna,

61 5621 272 5731 abripiet
309 5625 442 5680 λιες..
467 5621 579 5680 Quis
601 5625 794 5683 (tantoa,
828 5636 938 5686 qua:
972 5637 1036 5675 ea;
1073 5621 1357 5688 a’grttudine
1394 5621 1672 5693 nasczmtur,

100 5698 116 5731 :
152 5704 181 5728 tl
237 5721 248 5730 .

100 5717 150 5812 Mf
171 5717 444 5812 lingavil.
471 5742 647 5812 et‘alii;
682 5746 866 5809 ﬂoreb,
889 5745 1178 5801 admiranda
1197 5751 1370 5802 αηὶηια.

130 5810 152 5840 ³
193 5805 295 5855 alii
335 5805 584 5866 praevidit.

1297 369 1381 434 DE
1417 372 1776 437 SACERDUY
1781 377 1864 434 10.
1907 369 2036 434 LIB.
2076 377 2164 435 Ἣ.

3288 385 3394 444 055

1817 492 2050 546 studium
2081 493 2334 548 adhibere
2357 537 2372 561 ,
2398 505 2455 548 ut
2480 513 2582 549 non
2614 497 2769 551 modo
2799 498 2989 552 maiant
3011 498 3282 553 subortam
3313 501 3392 553 la-

1816 600 1957 638 mam
1997 600 2272 639 arceamus
2297 626 2312 649 ,
2358 587 2450 639 sed
2479 586 2637 640 etiam
2669 597 2725 640 ut
2749 589 2932 657 procul
2963 589 3344 658 prOSpiciamus
3375 630 3390 653 ,

1818 678 1955 731 unde
1982 693 2042 732 ea
2073 678 2198 731 oriri
2221 679 2387 746 possit
2413 695 2426 731 :
2455 688 2507 733 et
2525 681 2830 748 occasiones
2851 681 3222 750 przescindere,
3250 680 3393 735 unde

1814 785 1876 824 ea
1907 771 2140 824 nascitur
2159 811 2174 834 ,
2197 755 2388 840 'neque
2426 784 2739 841 exspectare
2765 774 2889 827 dum
2911 773 3309 844 p'ercrebrescat
3336 782 3391 828 et

1817 862 1867 914 in
1892 862 2030 931 vulgi
2061 877 2155 916 ore
2179 871 2438 917 versetur.
2485 862 2632 918 Tunc
2665 867 2806 918 enim
2836 879 2940 918 non
2982 864 3134 919 facile
3162 875 3244 918 est
3268 879 3386 920 eam

1812 953 1990 1007 delere
2009 994 2023 1016 ,
2075 955 2181 1006 imo
2227 955 2514 1008 admodum
2542 955 2757 1010 difficile
2778 995 2794 1021 ,
2824 954 3066 1025 forteque
3095 956 3239 1010 nulla
3269 965 3385 1010 arte

1815 1045 1924 1098 fieri
1957 1046 2155 1112 possit;
2186 1060 2356 1114 neque
2371 1047 2604 1114 periculo
2621 1055 2787 1108 vacat,
2808 1062 2871 1100 ne
2889 1047 3172 1100 multorum
3191 1046 3386 1101 damno

1813 1143 1936 1188 tunc
1964 1138 2070 1189 fiat.
2099 1137 2200 1190 Sed
2232 1152 2508 1206 quousque
2540 1137 2753 1192 tandem
2778 1139 3101 1193 immorabor
3127 1140 3178 1192 in
3207 1153 3388 1207 perse-

1810 1227 2034 1294 quendis
2053 1228 2135 1292 iis,
2159 1243 2276 1296 qua:
2297 1231 2507 1298 assequi
2526 1230 2741 1284 minime
2764 1231 2958 1298 possim
2981 1230 3005 1282 ἶ)
3028 1246 3151 1284 nam
3173 1233 3382 1291 omnes,

1809 1333 1926 1385 qua:
1967 1319 2072 1371 illic
2113 1329 2437 1384 occurrunt,
2487 1320 2828 1374 difficultates
2875 1337 3158 1376 recensere
3188 1362 3204 1387 ,
3253 1322 3383 1374 nihil

1807 1409 1946 1462 aliud
2005 1410 2160 1464 fuerit
2191 1453 2205 1475 _.
2255 1427 2411 1479 quam
2463 1412 2681 1480 pelagus
2731 1413 2904 1482 ipsum
2953 1413 3204 1467 dimetiri.
3250 1413 3382 1468 Nam

1808 1501 2015 1553 etiamsi
2057 1500 2174 1569 quis
2202 1500 2268 1554 ab
2308 1502 2449 1554 omni
2478 1502 2639 1555 animi
2667 1503 2978 1573 :rgritndine
3021 1518 3182 1572 purus
3206 1512 3380 1566 esset,

1807 1593 1947 1662 quod
1977 1595 2193 1647 minime
2225 1594 2335 1648 fieri
2361 1605 2553 1664 potest,
2573 1605 2630 1648 ut
2658 1596 2882 1650 aliorum
2909 1597 3100 1651 delicta
3129 1599 3379 1666 corrigat,

1809 1686 2082 1738 innumera
2108 1687 2213 1755 pati
2242 1689 2448 1754 cogitur
2474 1688 2629 1740 mala.
2654 1688 2855 1754 Quibus
2879 1689 2921 1742 si
2948 1689 3110 1742 addas
3139 1690 3382 1759 proprias

1805 1776 2145 1844 :egritudines
2174 1817 2188 1840 ,
2246 1777 2364 1830 vide
2414 1777 2540 1831 mibi
2589 1778 2827 1831 laborum
2866 1779 3382 1848 sollicitudinumque

1803 1868 2049 1937 abyssum
2078 1868 2343 1935 ingentem
2377 1907 2392 1932 ,
2438 1879 2492 1922 et
2525 1880 2720 1938 quanta
2745 1869 2960 1924 ferenda
2991 1871 3097 1925 sint
3137 1872 3185 1924 in
3219 1886 3378 1939 supe-

1804 1961 1986 2012 randis
2015 1961 2239 2030 propriis
2262 1961 2554 2030 alienisque
2583 1964 2743 2015 vitiis.

1878 2053 1960 2106 IO.
1993 2051 2110 2106 Non
2137 2054 2305 2122 magni
2334 2069 2440 2106 esse
2468 2055 2650 2123 negotii
2671 2055 2889 2122 scipsum
2912 2071 3126 2108 scrvare.
3149 2083 3218 2095 —-
3244 2055 3378 2108 Tum

1802 2143 2126 2200 BASILIUS.
2159 2143 2311 2198 Nunc
2334 2159 2484 2208 vero,
2510 2145 2696 2215 inquit,
2728 2146 2929 2199 nullum
2953 2146 3048 2200 tibi
3079 2146 3266 2199 horum
3293 2147 3376 2199 la-

1801 2235 1985 2289 borum
2015 2245 2318 2300 certamen;
2351 2244 2405 2290 et
2437 2237 2582 2290 curis
2602 2252 2794 2302 vacas,
2838 2238 2964 2292 dum
3009 2247 3178 2292 tecum
3216 2237 3374 2292 vivis.

1798 2326 2168 2381 CIIRYSOST.
2193 2326 2398 2381 Adsunt
2425 2337 2480 2382 et
2509 2343 2649 2383 nunc
2673 2344 2832 2390 curm,
2861 2331 3092 2398 inquam.
3116 2329 3214 2396 Qui
3233 2329 3374 2383 enim

1800 2419 1909 2472 fieri
1942 2427 2112 2484 potest
2143 2418 2410 2472 hominem
2442 2417 2580 2473 hanc
2610 2434 2966 2474 zerumnosam
2993 2420 3154 2473 vitam
3177 2418 3376 2473 ducen-

1803 2517 1908 2561 tem
1931 2510 2072 2560 cnris
2093 2510 2457 2578 angustiisque
2473 2510 2700 2564 vacare?
2721 2508 2915 2563 Verum
2941 2526 3044 2564 non
3065 2511 3202 2564 idem
3225 2511 3376 2564 labor

1797 2609 1898 2663 est,
1946 2602 2259 2654 immensum
2308 2601 2358 2654 in
2404 2601 2620 2671 pelagus
2657 2601 2910 2666 incidere,
2942 2611 2996 2655 et
3027 2600 3222 2655 flumen
3267 2610 3374 2655 tra-

1792 2691 1956 2758 jicerc
1982 2709 1994 2744 :
2025 2706 2119 2760 par
2145 2693 2340 2760 quippe
2367 2702 2450 2746 est
2489 2693 2626 2746 inter
2651 2694 2745 2745 has
2787 2701 2842 2746 et
2883 2693 3000 2747 illas
3027 2708 3184 2747 curas
3213 2694 3374 2747 inter-

1796 2781 2014 2835 vallum.
2063 2782 2318 2852 Equidem
2365 2784 2408 2836 si
2459 2798 2672 2853 possem
2717 2783 2939 2838 aliorum
2985 2786 3188 2839 servire
3228 2800 3373 2839 com-

1796 2872 1992 2937 modis,
2027 2874 2075 2926 id
2106 2874 2292 2928 vellem
2319 2887 2381 2928 ac
2408 2875 2587 2928 multis
2605 2876 2742 2928 votis
2763 2886 3069 2944 cxoptarem
3097 2894 3110 2930 :
3138 2877 3217 2929 sin
3240 2875 3373 2929 alios

1789 2963 1977 3034 juvare
2016 2981 2120 3019 non
2151 2969 2370 3034 possim,
2399 2977 2452 3020 at
2483 2967 2614 3020 mihi
2648 2976 2793 3022 certe
2821 2967 2949 3021 satis
2978 2983 3097 3023 esse
3138 2961 3372 3038 putabo;

1792 3055 1836 3110 si
1863 3071 1947 3109 me
1975 3071 2190 3111 servare
2219 3067 2272 3110 et
2296 3073 2360 3111 ex
2391 3056 2636 3112 fluctibus
2656 3073 2843 3113 eruere
2871 3059 3087 3127 possim.
3119 3059 3370 3124 Putasne,

1793 3147 1962 3217 inquit
1991 3147 2315 3212 BASlLlUS,
2346 3158 2396 3203 te
2416 3150 2639 3204 salutem
2659 3153 2908 3221 consequi
2933 3165 3110 3220 posse,
3129 3154 3215 3221 qui
3241 3153 3371 3206 alio-

1792 3255 1908 3293 rum
1952 3241 2216 3295 neminem
2258 3242 2362 3296 ulla
2405 3243 2456 3296 in
2505 3259 2565 3298 re
2596 3243 3236 3312 jnveris?CHRYSOST.
3265 3247 3371 3315 Op—

1791 3333 1939 3397 time,
1960 3333 2192 3402 inquam,
2220 3332 2433 3387 dixisti:
2458 3349 2630 3403 neque
2657 3337 2801 3391 enim
2827 3335 2879 3390 id
2899 3336 3119 3392 credere
3142 3337 3369 3399 valeam,

1791 3439 1947 3493 posse
1983 3426 2285 3495 quempiam
2333 3425 2559 3480 salutem
2590 3421 2866 3496 consequi,
2907 3429 2998 3498 qui
3039 3429 3105 3482 ad
3143 3431 3368 3498 proximi

1789 3519 1870 3572 sui
1893 3519 2115 3574 salutem
2144 3520 2276 3575 nihil
2304 3536 2555 3590 umquam
2585 3522 2774 3590 egerit.
2801 3521 2916 3576 Non
2944 3523 3087 3577 enim
3113 3523 3369 3578 miserum

1790 3610 1938 3663 illum
1973 3611 2144 3679 juvit,
2189 3610 2330 3681 quod
2377 3612 2632 3666 talentum
2683 3627 2788 3666 non
2841 3613 3120 3667 minuisset
3150 3612 3366 3683 (Matth.

1787 3701 1878 3757 25.
1909 3703 2029 3772 24);
2059 3702 2168 3756 imo
2195 3714 2249 3756 et
2275 3702 2505 3772 perdidit
2527 3703 2684 3769 illud,
2715 3703 2859 3772 quod
2891 3718 2994 3756 non
3023 3707 3278 3766 auxisset,
3305 3717 3368 3758 ac
3400 3727 3405 3731 λ

1787 3796 2003 3864 duplum
2047 3805 2388 3864 reportasset.
2437 3793 2816 3849 Verumtamen
2861 3794 2987 3848 mihi
3039 3794 3204 3849 levius
3253 3794 3367 3848 fore

1786 3889 2102 3958 Supplicium
2157 3889 2402 3942 existimo
2421 3930 2436 3954 ,
2463 3904 2580 3941 cum
2609 3888 2898 3942 accusabor
2925 3886 3068 3958 quod
3097 3902 3201 3941 non
3231 3887 3366 3940 alio-

1787 3996 1904 4034 rum
1930 3981 2156 4034 salutem
2176 3982 2523 4050 procurarim,
2552 3995 2709 4048 quam
2730 3979 2774 4032 si
2804 3987 2859 4034 et
2880 3979 3011 4033 alios
3028 3989 3079 4033 et
3101 3980 3364 4047 meipsum

1786 4071 2156 4140 perdidissem,
2182 4071 2345 4124 multo
2384 4071 2618 4125 deterior
2647 4070 2867 4126 effectus
2896 4080 3017 4141 post
3041 4080 3244 4125 tantum
3274 4084 3366 4124 su-

1785 4171 2022 4230 sceptum
2049 4161 2326 4216 honorem.
2343 4161 2490 4215 Nunc
2511 4163 2652 4215 enim
2680 4171 2882 4216 tantum
2906 4161 3034 4216 mihi
3061 4161 3222 4216 credo
3249 4159 3367 4214 fore

1784 4243 2118 4324 supplicium,
2139 4265 2391 4323 quantum
2416 4262 2751 4323 peccatorum
2773 4254 3081 4325 magnitudo
3099 4254 3360 4322 postulat;

1785 4353 2063 4415 postquam
2089 4356 2264 4400 autem
2292 4345 2663 4415 praefecturam
2686 4346 2823 4401 hanc
2849 4347 3224 4414 suscepissem,
3254 4360 3362 4398 non

1782 4438 2000 4506 duplum
2033 4437 2192 4491 modo
2239 4437 2547 4507 triplumve,
2588 4436 2682 4492 sed
2714 4437 3020 4507 multiplex,
3051 4436 3193 4506 quod
3237 4436 3360 4505 plu-

1785 4530 1930 4583 ribus
1957 4529 2277 4584 offendiculo
2303 4528 2521 4583 fuissem
2541 4571 2554 4591 ,
2581 4529 2831 4598 quodque
2851 4527 3111 4596 majorem
3135 4527 3361 4597 adeptus

1783 4621 2089 4691 dignitatem
2121 4622 2284 4675 Deum
2310 4637 2398 4675 me
2424 4621 2772 4675 honorantem
2800 4619 3162 4675 offendissem.

1853 4715 1940 4767 H.
1961 4711 2250 4766 Graviorem
2274 4728 2468 4781 poenam
2491 4728 2690 4766 manere
2714 4719 2916 4781 peccata
2939 4712 3274 4765 sacerdotum.
3291 4740 3361 4754 —-

1782 4806 2116 4874 Quapropter
2143 4804 2409 4860 lsraelitas
2435 4807 2800 4860 vehementius
2840 4818 3119 4873 accusans,
3146 4819 3211 4858 eo
3237 4804 3360 4858 illos

1782 4895 1982 4963 majore
2005 4893 2192 4964 dignos
2217 4895 2477 4965 supplicio
2497 4895 2740 4959 exhibet,
2770 4894 2912 4965 quod
2935 4903 3055 4965 post
3074 4895 3269 4948 multos
3291 4894 3360 4948 ab

1780 5002 1838 5039 se
1866 4996 2142 5056 susceptos
2171 4987 2401 5042 honores
2427 4997 2761 5056 peccassent,
2791 4986 2950 5040 modo
2985 4986 3169 5040 dicens
3201 5002 3215 5038 :
3255 4983 3354 5037 Ve-

1779 5087 2057 5131 rumtamen
2090 5094 2176 5131 vos
2203 5079 2317 5131 noui
2349 5094 2412 5132 ea:
2449 5079 2676 5131 omnibus
2714 5077 2938 5130 tribubus
2976 5085 3122 5130 terra:
3145 5092 3164 5128 :
3205 5091 3359 5144 prop-

1790 5182 1922 5224 terea
1942 5170 2202 5224 vindicabo
2219 5187 2371 5240 super
2385 5186 2468 5225 vos
2483 5171 2762 5239 impietate:
2779 5176 2794 5200 ¹
2812 5179 3001 5222 vestras
3013 5168 3188 5239 (Amos
3206 5167 3258 5221 ὅ.
3274 5166 3354 5234 2);

1781 5263 1939 5316 modo
1964 5255 2139 5318 autem
2167 5281 2181 5318 :
2208 5264 2387 5334 Accepi
2411 5279 2472 5317 ea:
2499 5264 2618 5332 ﬁliis
2639 5265 2812 5316 vestris
2835 5263 2884 5316 in
2907 5263 3207 5332 prophetas,
3227 5270 3274 5314 et
3295 5277 3356 5315 ex

1770 5355 2034 5423 juvenibus
2077 5356 2250 5409 vestris
2290 5359 2342 5408 in
2379 5356 2822 5424 sanctiﬁcationem
2860 5354 2970 5424 (Id.
3015 5354 3068 5408 2.
3120 5353 3228 5420 Η).
3287 5352 3351 5408 Et

1779 5456 1903 5501 ante
1942 5447 2315 5517 prophetarum
2362 5458 2600 5517 tempora
2645 5462 2764 5502 cum
2801 5447 2870 5502 de
2909 5447 3182 5502 sacrificiis
3225 5461 3350 5516 age-

1778 5551 1927 5594 retur
1965 5541 2247 5595 ostendere
2288 5542 2506 5607 volens,
2559 5551 2774 5610 peccata
2815 5541 2969 5612 longe
3004 5541 3189 5610 majori
3227 5555 3350 5608 sup-

1778 5631 1936 5703 plicio
1983 5632 2224 5701 expiari,
2267 5646 2386 5687 cum
2427 5647 2457 5688 a
2502 5633 2900 5701 sacerdotibus,
2949 5647 3105 5704 quam
3151 5647 3271 5687 cum
3316 5646 3349 5688 a

1839 5816 1856 5848 ι
1894 5811 1998 5875 Αιιὶ,
