3922 6248
463 381 566 436 687

459 491 681 564 privatis
703 495 1076 563 perpetrantur
1095 525 1110 550 ,
1143 481 1384 554 prmeipit
1413 489 1614 534 tantum
1660 492 1754 547 pro
1784 473 2035 530 sacerdo—

463 585 604 638 tibus
632 579 813 634 offerri
846 575 1163 632 sacrificium
1187 616 1201 636 ,
1240 581 1496 641 quantum
1527 585 1622 639 pro
1661 567 1910 621 universo
1941 579 2036 633 po-

459 676 584 746 pulo
610 672 792 747 (Leuit.
837 671 890 724 4.
917 670 970 724 5.
1011 666 1122 737 Η).
1166 664 1319 734 Quod
1361 661 1496 718 nihil
1539 659 1805 728 signiﬁcat
1850 655 2032 721 aliud,

457 781 619 836 quam
665 761 960 817 sacerdotis
1001 759 1216 812 vulnera
1265 754 1465 822 majore
1513 749 1712 804 auxilio
1761 748 2034 817 indigere,

457 870 617 928 atque
647 867 824 918 tanto,
851 861 1050 924 quanto
1086 850 1370 918 conjuncta
1399 844 1558 901 simul
1585 842 1818 897 universi
1855 839 2036 909 pOpllli

461 953 682 1006 vulnera
729 947 964 1016 indigent
1016 961 1029 996 :
1078 955 1238 1011 porro
1283 936 1473 1004 majori
1522 947 1854 1003 nequaquam
1903 929 2040 984 indi-

457 1050 666 1114 gerent,
692 1039 793 1093 nisi
814 1035 1054 1108 graviora
1079 1038 1258 1087 essent
1284 1049 1296 1082 :
1321 1028 1563 1099 graviora
1586 1033 1763 1078 autem
1788 1029 1912 1076 sunt
1934 1037 2038 1074 non

464 1147 653 1188 natura
678 1145 797 1196 sua,
823 1127 918 1182 sed
945 1125 1196 1195 dignitate
1215 1120 1507 1178 sacerdotis
1525 1117 1611 1171 illa
1639 1114 1916 1168 admittere
1941 1127 2038 1165 au-

461 1224 639 1279 dentis
665 1219 776 1290 (1d.
815 1218 904 1272 2f.
950 1216 1026 1286 9).
1055 1213 1122 1268 Et
1149 1211 1274 1282 quid
1308 1210 1496 1279 loquor
1543 1206 1612 1260 de
1660 1205 1786 1265 viris
1813 1203 1914 1258 hoc
1941 1203 2040 1256 mi-

465 1313 741 1370 nisterium
772 1303 1252 1379 pertractantibus?
1278 1300 1413 1368 Nam
1444 1309 1499 1353 et
1523 1296 1857 1354 sacerdotum
1886 1294 2030 1357 filiae,

460 1405 654 1475 quibus
693 1400 825 1456 nihil
849 1415 970 1454 cum
1000 1393 1299 1450 sacerdotio
1333 1403 1637 1455 commune,
1687 1394 1902 1457 propter
1954 1399 2046 1453 pa-

466 1508 671 1552 ternam
699 1503 877 1548 tamen
913 1489 1221 1561 dignitatem
1245 1493 1584 1556 peccatorum
1615 1494 1832 1535 suorum
1875 1478 2044 1530 multo

463 1585 791 1641 acerbiorem
818 1595 1027 1650 pinnam
1057 1578 1284 1633 subeunt
1317 1573 1490 1647 (Deut.
1512 1569 1625 1640 Ἡ).
1656 1572 1734 1622 Ac
1760 1577 2041 1638 peccatum

463 1677 676 1748 quidem
698 1690 883 1732 earum
909 1685 1140 1743 peccans
1160 1669 1387 1723 aliarum
1408 1681 1472 1720 ex
1496 1663 1713 1734 privatis
1735 1660 2045 1731 parentibus

463 1778 844 1840 prognatarnm
895 1780 991 1836 par
1043 1773 1097 1818 et
1142 1761 1348 1830 aequale
1401 1768 1484 1813 est
1526 1775 1540 1810 :
1591 1772 1714 1810 nam
1763 1753 2045 1809 foruicatio

463 1862 730 1932 utrimque
754 1867 838 1914 est
863 1876 876 1911 :
908 1856 1002 1913 sed
1027 1853 1343 1924 supplicium
1371 1851 1527 1920 longe
1555 1848 1788 1917 gravius.

536 1951 623 2007 12.
660 1949 924 2020 Exemplis
962 1946 1204 2017 probatur
1242 1942 1518 1997 timendum
1555 1949 1601 1994 et
1645 1937 1917 1992 dolendum
1946 1953 2051 1990 esse

463 2041 730 2097 sacerdoti.
767 2067 844 2081 —-
892 2035 1078 2092 Viden’
1123 2049 1282 2104 quam
1331 2031 1541 2086 abunde
1585 2028 1825 2084 declaret
1867 2027 2046 2092 Deus,

466 2135 623 2203 longe
668 2133 926 2200 majorem
963 2143 1024 2183 se
1063 2141 1276 2196 pmnam
1303 2139 1335 2179 a
1363 2123 1602 2193 principe
1622 2163 1637 2187 ,
1670 2136 1832 2191 quam
1858 2135 1886 2171 a
1918 2119 2049 2173 sub-

465 2225 590 2280 ditis
619 2221 942 2293 exposcere?
970 2219 1150 2288 Neque
1179 2218 1319 2272 enim
1347 2216 1437 2286 qui
1481 2216 1532 2270 in
1563 2212 1859 2268 sacerdotis
1886 2211 2045 2264 ﬁliam

469 2316 636 2385 patris
675 2328 836 2368 causa
876 2311 1123 2383 gravius,
1165 2309 1324 2380 quam
1371 2307 1426 2362 in
1469 2306 1602 2361 alias
1651 2303 2047 2367 animadvertit,

469 2422 626 2470 eum,
659 2405 749 2474 qui
792 2404 867 2459 illi
913 2400 1332 2457 additamentum
1386 2412 1557 2469 poma:
1603 2405 1886 2466 procurat,
1938 2393 2050 2464 pari

468 2515 588 2553 cum
629 2497 750 2551 aliis
780 2509 935 2564 pmna
980 2493 1198 2564 plectet,
1229 2490 1325 2545 sed
1365 2489 1532 2544 multo
1571 2488 1816 2558 graviore
1850 2504 1862 2539 :
1893 2486 2053 2556 idque

468 2581 587 2661 jure
613 2604 676 2645 ac
703 2588 913 2643 merito.
947 2585 1060 2640 Non
1084 2585 1225 2638 enim
1253 2582 1505 2637 damnum
1546 2581 1599 2636 in
1628 2581 1743 2650 ipso
1777 2578 1894 2634 solo
1918 2592 2050 2632 con-

469 2684 629 2745 sistit,
653 2682 745 2737 sed
768 2681 929 2736 etiam
953 2675 1442 2746 inflriniorum,oqui
1466 2675 1518 2728 in
1543 2673 1716 2744 ipsum
1740 2671 2050 2740 respiciunt,

470 2776 681 2828 animos
705 2773 904 2843 dejicit.
939 2771 1052 2825 lloc
1085 2770 1256 2838 ipsum
1301 2767 1495 2822 docere
1521 2766 1538 2797 ¹
1566 2779 1688 2819 cum
1729 2762 1893 2817 vellet
1923 2762 2054 2816 Eze.

470 2867 606 2921 chiel
629 2907 644 2929 ,
676 2867 872 2920 arietes
911 2864 978 2917 ab
1004 2862 1193 2916 ovibus
1228 2859 1486 2915 discernit
1524 2858 1576 2912 in
1601 2856 1802 2926 judicio
1840 2851 2051 2925 (Ezech.

477 2962 567 3017 34.
605 2959 717 3030 17).
759 2959 840 3012 An
868 2957 960 3010 tibi
989 2969 1131 3010 nunc
1169 2953 1414 3008 videmur
1438 2952 1562 3021 jure
1607 2947 1884 3003 timuisse?
1914 2945 2046 3000 Nam

472 3063 670 3124 praster
697 3051 807 3114 illa,
837 3064 956 3118 qua:
984 3047 1126 3101 dicta
1146 3052 1289 3110 sunt,
1318 3055 1639 3113 quamquam
1664 3038 1888 3092 multum
1917 3050 2058 3090 nunc

475 3147 710 3200 laborem
732 3141 914 3195 subire
934 3146 1166 3208 oportet,
1187 3151 1253 3190 ne
1279 3136 1346 3190 ab
1368 3133 1528 3188 animi
1551 3130 1826 3186 affectibus
1841 3127 2059 3182 omnino

475 3245 815 3307 prosternar,
849 3241 1084 3286 attamen
1112 3229 1347 3284 laborem
1373 3226 1628 3296 suscipio,
1658 3238 1758 3278 nec
1782 3232 2056 3278 certamen

476 3323 828 3393 subterfugio.
869 3322 1079 3376 Etenim
1106 3334 1136 3372 a
1175 3332 1306 3372 vana
1347 3316 1562 3386 quidem
1600 3314 1769 3385 gloria
1805 3327 1944 3366 nunc
1968 3327 2059 3366 ca-

480 3419 625 3488 pior;
653 3425 887 3470 attamen
931 3427 1075 3482 sarpe
1112 3410 1400 3480 resipisco,
1431 3416 1486 3464 et
1523 3423 1610 3463 me
1648 3416 1858 3477 captum
1896 3405 2059 3460 fuisse

478 3511 670 3566 video:
710 3506 978 3563 interdum
1016 3519 1144 3558 vero
1185 3504 1237 3557 in
1273 3502 1583 3556 servitutem
1631 3499 1905 3554 redactum
1944 3497 2060 3550 ani-

481 3619 626 3660 mum
651 3603 887 3671 increpo.
918 3596 1179 3653 Absurdaa
1203 3594 1480 3667 cupidines
1507 3609 1595 3648 me
1622 3593 1786 3648 etiam
1813 3605 1953 3646 nunc
1981 3591 2061 3645 in-

479 3702 716 3756 cessunt,
761 3691 856 3747 sed
893 3705 1012 3760 qua:
1039 3688 1403 3743 remissiorem
1431 3684 1702 3740 ﬂammant
1741 3683 2057 3747 accendant,

478 3785 620 3858 quod
646 3783 881 3840 externis
904 3780 1072 3836 oculis
1100 3778 1321 3834 materia
1349 3777 1491 3833 nulla
1513 3777 1620 3847 igni
1645 3783 1766 3847 apta
1787 3784 2057 3845 suppetat.

479 3879 522 3932 Α
555 3875 959 3932 maledictorum
987 3871 1183 3942 probro
1212 3879 1267 3924 et
1294 3869 1476 3924 auditu
1504 3882 1726 3938 prorsus
1755 3881 1906 3931 vaco,
1938 3880 2061 3920 cum

481 3971 634 4035 nulli,
667 3969 756 4039 qui
784 3983 869 4021 me
893 3967 1250 4035 alloquantur,
1276 3962 1491 4016 adsint:
1523 3975 1692 4030 neque
1719 3960 1861 4015 enim
1893 3959 1948 4013 hi
1972 3974 2064 4028 pa-

483 4062 648 4116 rietes
691 4060 936 4114 emittere
971 4070 1156 4110 voeem
1185 4062 1400 4124 queant.
1429 4051 1535 4108 Sed
1575 4067 1673 4106 nec
1702 4052 1769 4106 ab
1816 4051 1893 4104 ira
1923 4059 2062 4105 tem-

483 4165 674 4222 perare
714 4163 954 4219 possum,
985 4145 1199 4201 etiamsi
1241 4144 1418 4198 nullus
1443 4141 1582 4196 adsit
1617 4143 1706 4210 qui
1734 4149 2016 4210 exasperet
2046 4156 2061 4195 :

484 4240 785 4309 iniquorum
837 4237 1032 4306 quippe
1077 4234 1312 4288 virorum
1369 4233 1710 4302 ipsorumque
1761 4230 2057 4284 facinorum

485 4329 744 4388 memoria
768 4327 1006 4382 animum
1051 4323 1184 4380 mihi
1211 4324 1567 4378 intumescere
1606 4321 1764 4388 facit;
1800 4336 1988 4376 verum
2013 4319 2064 4376 id

485 4438 591 4479 non
621 4435 793 4492 usque
831 4421 886 4475 in
927 4421 1130 4473 ﬁnem:
1163 4417 1342 4472 statim
1385 4417 1530 4471 enim
1571 4415 1744 4484 ipsum
1789 4413 2064 4468 ardentem

485 4513 898 4585 compescimus,
922 4521 978 4567 et
995 4510 1061 4564 ad
1077 4507 1458 4580 quiescendum
1484 4506 1815 4570 deducimus,
1844 4505 1895 4559 in
1913 4504 2067 4560 nobis

488 4609 620 4679 ipsis
663 4607 940 4671 dicentes,
1007 4603 1293 4658 admodum
1346 4601 1604 4656 insulsum
1644 4601 1665 4632 ³
1710 4609 2068 4669 extremasque

489 4699 719 4754 miseria:
740 4711 881 4761 esse,
915 4694 1040 4749 dum
1067 4703 1248 4749 nostra
1275 4692 1568 4747 omittimus
1597 4691 1758 4758 mala,
1787 4691 1853 4745 de
1877 4689 2068 4745 alienis

490 4801 598 4846 tam
614 4789 854 4844 curiosos
875 4801 1013 4844 esse.
1038 4787 1234 4841 Verum
1262 4784 1306 4839 si
1337 4783 1402 4839 ad
1425 4784 1630 4838 turbam
1660 4798 1747 4838 me
1771 4781 2066 4847 conferam,

488 4881 893 4951 innumerisque
913 4879 1223 4934 tumultibus
1241 4891 1489 4945 oecuper,
1503 4875 1612 4946 jam
1635 4892 1740 4930 non
1767 4874 2070 4944 huiusmodi

489 4975 853 5031 admonitione
894 4972 1088 5042 perfrui
1119 4980 1326 5040 potero,
1369 4984 1540 5038 neque
1563 4969 1913 5039 cogitationes
1953 4969 2071 5021 illas

491 5083 579 5123 me
608 5067 774 5137 probe
805 5065 1147 5119 instituentes
1171 5063 1409 5131 reperire
1440 5079 1452 5114 :
1498 5059 1593 5115 sed
1621 5058 2068 5129 quemadmodum

490 5163 561 5224 ii,
605 5160 694 5229 qui
723 5174 819 5229 per
844 5155 1132 5227 praecipitia
1160 5154 1243 5209 vel
1270 5152 1481 5208 fluentis
1504 5152 1803 5222 aliquibus,
1829 5151 1913 5206 vel
1964 5150 2068 5205 alio

491 5254 722 5324 quodam
751 5252 910 5306 modo
925 5250 1209 5310 ducuntur,
1234 5249 1529 5318 proximam
1548 5246 1758 5318 quidem
1782 5247 2068 5317 perniciem

494 5343 791 5414 prmvidcre
819 5350 1062 5410 possunt,
1093 5339 1343 5395 auxilium
1374 5355 1501 5395 vero
1531 5339 1732 5394 nullum
1771 5337 1876 5392 sibi
1904 5351 2068 5392 exco-

491 5439 660 5506 gitare
689 5435 900 5489 valent:
933 5435 1009 5489 sic
1044 5443 1099 5489 et
1140 5449 1256 5504 ego,
1298 5433 1342 5487 si
1387 5433 1438 5487 in
1466 5440 1668 5487 tantum
1700 5430 2067 5502 aegritudinum

555 5596 568 5624 ¹
611 5589 752 5640 savil.
778 5598 829 5640 et
853 5589 951 5649 alii,
976 5590 1239 5641 ostendere.

549 5659 570 5687 ι
614 5654 714 5711 Alii,
739 5653 950 5703 nmium.

550 5719 571 5750 ³
611 5718 682 5763 Sic
702 5713 862 5776 Morel.
890 5724 940 5764 et
961 5713 1039 5765 alii
1061 5729 1074 5776 ;
1100 5713 1187 5763 scd
1210 5722 1347 5762 sam.
1393 5719 1442 5762 et
1482 5711 1660 5774 aliquot
1684 5720 1769 5761 Mss
1792 5746 1806 5772 ,
1829 5712 1927 5762 alta
1946 5723 2066 5774 qua-

488 5785 600 5828 dam
632 5775 922 5827 necessitate.

1203 369 1260 424 S.
1300 365 1512 424 JOANN
1520 365 1577 418 IS
1614 358 2053 418 CllRYSUS'l'OM

2158 354 2439 412 iliCHlEl’.
2479 357 3012 415 CONSTANTINOP.

3615 361 3722 417 688

2145 472 2423 527 tumultum
2453 473 2704 539 incidam,
2733 473 3046 543 supplicium
3093 475 3303 543 quidem
3329 477 3564 546 quotidie
3591 481 3726 535 mihi

2142 565 2320 633 augeri
2358 579 2581 619 cernere
2612 574 2830 634 potero:
2865 566 2916 618 in
2952 566 3155 634 meipso
3192 577 3368 621 autem
3399 571 3637 638 ciigitare
3667 580 3730 623 ut

2143 673 2284 712 nunc
2311 659 2504 727 cogito,
2535 672 2598 712 ac
2626 657 2863 713 furentes
2891 659 3052 713 animi
3083 660 3309 728 impetus
3340 661 3584 726 fnenare,
3615 678 3724 716 non

2146 751 2216 805 ita
2247 749 2400 804 facile
2427 751 2528 805 erit
2562 751 2710 815 mihi,
2739 761 2796 805 ut
2823 751 2969 820 prius
2997 762 3131 806 erat.
3171 752 3297 807 Mihi
3324 770 3518 822 quippe
3549 757 3729 808 anima

2144 854 2224 896 est
2246 843 2472 907 infirma,
2503 842 2707 910 pusilla,
2735 853 2998 911 captuque
3041 843 3226 908 facilis,
3269 859 3375 898 non
3429 846 3512 899 his
3553 847 3730 900 soluunt

2146 932 2447 998 affectibus,
2481 931 2574 986 sed
2617 941 2670 986 et
2713 933 2948 986 omnium
2999 933 3362 998 acerbissimo,
3404 950 3597 1004 nempe
3646 936 3734 988 in-

2148 1025 2305 1078 vidite
2333 1042 2347 1078 :
2377 1040 2547 1094 neque
2593 1025 2680 1079 illa
2721 1026 3089 1090 contumelias,
3123 1043 3293 1095 neque
3344 1027 3578 1083 honores
3609 1045 3732 1082 mo—

2147 1116 2330 1171 derate
2350 1117 2692 1181 ferrenovit;
2718 1117 2809 1171 sed
2839 1125 2891 1170 et
2918 1117 3020 1171 illis
3039 1118 3320 1172 admodum
3351 1119 3648 1183 extollitur,
3674 1131 3734 1174 et

2148 1207 2232 1261 his
2260 1207 2412 1262 valde
2453 1207 2787 1276 deprimitur.
2815 1207 3267 1276 Quemadmodum
3313 1225 3440 1280 ergo
3474 1210 3601 1265 ferte
3628 1211 3734 1264 im-

2149 1313 2354 1366 manes,
2382 1298 2508 1354 dum
2537 1313 2760 1368 corpore
2786 1300 2920 1354 bene
2946 1301 3122 1354 valent
3147 1316 3211 1356 ac
3234 1303 3487 1371 gestiunt,
3513 1317 3572 1357 se
3593 1303 3723 1356 ado-

2149 1390 2348 1443 rientes
2389 1388 2542 1444 facile
2586 1389 2837 1455 vincunt,
2879 1391 2923 1445 si
2971 1393 3198 1446 maxime
3228 1393 3263 1446 ii
3306 1392 3508 1446 .inﬁrmi
3546 1394 3729 1447 sintet

2151 1483 2377 1552 imperiti
2401 1500 2416 1548 ;
2444 1484 2488 1537 si
2509 1485 2626 1553 quis
2655 1500 2783 1539 vero
2812 1485 2928 1539 illas
2953 1485 3090 1540 fame
3121 1487 3421 1552 maceraril,
3451 1487 3574 1542 hinc
3603 1503 3734 1542 eve~

2151 1578 2229 1628 nit
2253 1584 2309 1628 ut
2329 1576 2536 1630 illarum
2579 1575 2726 1631 furor
2763 1579 3028 1647 sopiatur,
3059 1579 3357 1648 viriumque
3387 1595 3575 1647 magna
3607 1595 3736 1649 pars

2116 1731 2121 1735 π
2151 1665 2521 1735 exstinguatur
2555 1670 2570 1718 :’
2592 1667 2669 1720 sic
2688 1674 2744 1721 et
2757 1668 2920 1721 animi
2948 1668 3264 1739 affectusqui
3284 1670 3580 1725 imbecillos
3605 1671 3734 1724 red-

2151 1756 2246 1818 dit,
2279 1758 2496 1812 eosdem
2531 1768 2691 1814 recta:
2728 1761 2919 1815 rationi
2947 1761 3192 1830 subjicit;
3218 1764 3260 1817 si
3291 1763 3410 1832 quis
3438 1772 3625 1817 contra
3652 1763 3736 1817 di-

2155 1849 2379 1917 ligenter
2417 1849 2643 1915 aluerit,
2698 1851 2994 1921 graviorem
3035 1853 3132 1906 sibi
3185 1853 3438 1908 adversus
3484 1869 3578 1908 eos
3632 1869 3737 1924 pn-

2150 1956 2308 2009 gnam
2336 1949 2508 2008 parat,
2537 1952 2592 1996 et
2619 1942 2688 1995 ita
2731 1942 2993 1998 terribiles
3024 1953 3041 1982 ι
3061 1944 3252 2010 reddit,
3300 1947 3430 2000 utin
3473 1947 3739 2000 servitute

2151 2047 2213 2086 ac
2236 2044 2379 2087 metu
2402 2043 2565 2088 totam
2588 2036 2747 2088 vitam
2772 2035 2948 2092 ducat.
2976 2037 3227 2104 Qumnam
3252 2039 3407 2108 igitur
3437 2040 3736 2095 belluarum

2154 2123 2342 2178 harmn
2389 2125 2676 2182 alimenta?
2725 2127 2884 2182 Vana:
2927 2129 3108 2200 gloriae
3153 2130 3367 2199 quidem
3414 2131 3646 2188 honores
3683 2143 3738 2189 et

2154 2215 2362 2279 laudes,
2410 2219 2727 2287 arrogantia:
2772 2234 2899 2274 vero
2927 2221 3162 2289 potentia
3206 2231 3261 2277 et
3301 2221 3569 2290 dignitatis
3616 2240 3737 2276 ma-

2153 2310 2373 2380 gnitudo
2393 2351 2406 2372 ,
2437 2311 2621 2366 livoris
2646 2312 2868 2366 aliorum
2896 2313 3176 2369 celebritas
3193 2357 3207 2381 ,
3234 2316 3470 2369 avaritia:
3500 2315 3736 2386 largien~

2156 2404 2286 2456 tium
2336 2402 2666 2470 liberalitas,
2695 2405 2916 2459 luxuriae
2957 2405 3192 2471 delicia},
3221 2415 3274 2460 et
3317 2407 3565 2476 frequens
3609 2423 3734 2461 mu-

2158 2497 2354 2551 lierum
2394 2495 2723 2551 consuetudo
2748 2515 2761 2551 :
2792 2506 2847 2552 et
2871 2497 2948 2551 sic
2973 2497 3114 2551 aliud
3141 2498 3208 2552 ab
3237 2497 3342 2552 alio
3380 2497 3604 2552 fovetur.
3644 2498 3739 2552 lla:

2156 2602 2317 2658 porro
2337 2601 2522 2642 omnes
2548 2588 2737 2642 bellua;
2765 2603 2850 2643 me
2871 2589 2921 2643 in
2942 2605 3117 2642 rerum
3143 2588 3373 2644 medium
3397 2590 3739 2645 accedentem

2157 2678 2439 2743 invadent,
2470 2680 2704 2734 animam
2741 2696 2910 2734 meam
2955 2681 3318 2747 dilaniahunt,
3360 2690 3615 2736 terrorem
3658 2684 3740 2736 in-

2163 2774 2400 2840 cutient,
2428 2782 2483 2828 et
2523 2773 2734 2842 gravius
2771 2773 2902 2828 mihi
2929 2773 3184 2829 adversus
3210 2773 3296 2827 illa
3337 2774 3534 2828 bellum
3577 2790 3739 2843 para-

2157 2865 2321 2924 bunt:
2354 2863 2443 2919 hic
2463 2879 2588 2919 vero
2605 2863 2808 2918 sedenti
2843 2864 2993 2929 mihi,
3017 2880 3204 2934 magna
3223 2879 3353 2919 sane
3372 2864 3604 2920 adhibita
3621 2865 3744 2920 vio—

2159 2955 2354 3019 lentia,
2386 2955 2470 3008 vix
2519 2954 2894 3024 subjicientur;
2920 2955 3267 3024 subjicientur
3305 2964 3478 3010 tamen
3508 2971 3603 3024 per
3644 2955 3740 3011 Dei

2156 3047 2412 3116 gratiam,
2445 3047 2515 3101 ita
2561 3055 2619 3100 ut
2646 3055 2839 3115 praeter
2881 3047 3127 3101 latratum
3171 3047 3303 3102 nihil
3344 3047 3462 3118 plus
3488 3045 3739 3102 habeant.

2159 3139 2283 3193 ldeo
2314 3137 2452 3193 hanc
2496 3137 2869 3194 domunculam
2921 3139 3124 3203 incolo,
3156 3139 3355 3195 nemini
3400 3139 3602 3194 aditum
3633 3139 3739 3202 do,

2160 3247 2282 3286 cum
2326 3232 2541 3286 nemine
2568 3231 2893 3286 consortium
2932 3230 3362 3302 colloquiumque
3403 3232 3632 3294 misceo,
3669 3232 3742 3286 si-

2159 3323 2419 3392 milesque
2438 3322 2570 3376 alias
2591 3321 2988 3376 criminationes
3012 3321 3319 3376 innumeras
3337 3321 3560 3377 audiens
3580 3320 3740 3376 facile

2161 3413 2290 3478 fero,
2336 3427 2470 3482 quas
2515 3413 2740 3467 libenter
2780 3411 2993 3482 quidem
3037 3413 3430 3482 abstergerem;
3465 3428 3585 3466 cum
3609 3427 3744 3468 vero

2162 3521 2266 3559 non
2295 3505 2517 3574 possim,
2561 3504 2838 3560 excrucior
2863 3504 3146 3574 doleoque.
3189 3504 3373 3574 Neque
3419 3505 3561 3558 enim
3609 3505 3741 3559 mihi

2163 3598 2314 3653 facile
2341 3605 2425 3652 est
2471 3595 2634 3652 simul
2661 3596 2934 3652 hominum
2964 3596 3348 3652 consuetudine
3385 3598 3480 3662 uti,
3503 3606 3662 3666 atque
3687 3599 3741 3651 in

2164 3690 2414 3761 praesenti
2434 3691 2722 3745 securitate
2746 3705 2963 3745 manere
2989 3707 3003 3745 :
3028 3690 3373 3758 quamobrem
3400 3700 3453 3744 te
3477 3703 3606 3758 rogo
3635 3690 3741 3743 niei

2163 3782 2338 3852 potius
2389 3789 2533 3834 tanta
2566 3781 2843 3850 intercepti
2869 3779 3180 3835 difﬁcultate
3227 3780 3549 3837 miserearis.
3581 3794 3740 3848 quam

2166 3889 2252 3928 me
2280 3872 2622 3927 calumnieris
2653 3889 2668 3926 :
2696 3880 2751 3926 at
2783 3871 3018 3926 nondum
3070 3871 3123 3926 id
3152 3871 3245 3926 tibi
3293 3871 3611 3940 persuadere
3643 3887 3738 3940 po-

2166 3966 2262 4019 tui.
2294 3965 2525 4035 Tempus
2553 3965 2729 4033 itaque
2754 3972 2858 4028 est,
2889 3973 2947 4018 ut
2972 3964 3113 4034 quod
3137 3979 3302 4018 unum
3331 3964 3457 4018 mihi
3485 3974 3736 4032 superest

2165 4070 2451 4120 arcanum,
2476 4053 2530 4108 id
2574 4055 2626 4108 in
2657 4064 2708 4108 te
2745 4054 2958 4109 tandem
2998 4053 3263 4109 effundam
3287 4070 3301 4118 ;
3329 4053 3473 4122 quod
3516 4054 3744 4108 fortasse

2171 4147 2351 4201 multis
2384 4145 2694 4201 incredibile
2722 4145 2999 4200 videatur:
3027 4161 3200 4215 neque
3225 4154 3404 4200 tamen
3428 4145 3480 4199 in
3503 4144 3739 4200 medium

2167 4240 2404 4308 proferre
2427 4238 2665 4308 pudebit.
2697 4237 2919 4292 Etiamsi
2947 4238 3088 4293 enim
3117 4236 3259 4307 quod
3288 4237 3523 4291 dicturus
3544 4252 3661 4292 sum
3687 4246 3746 4292 et

2168 4331 2324 4388 make
2347 4329 2687 4386 conscientia:
2717 4338 2771 4385 et
2803 4329 3202 4384 innumerorum
3243 4328 3556 4384 delictorum
3586 4343 3746 4397 argu-

2145 4427 2407 4479 ‘mentum
2452 4423 2558 4490 sit,
2609 4436 2730 4478 cum
2767 4421 2818 4476 is
2863 4422 2953 4492 qui
2982 4436 3080 4476 nos
3119 4421 3447 4488 judiCaturus
3482 4429 3566 4474 est
3605 4420 3744 4475 Dens

2169 4516 2345 4569 omnia
2367 4521 2617 4568 accurate
2645 4513 2873 4580 noverit,
2901 4511 3028 4582 quid
3049 4513 3184 4566 ultra
3210 4513 3363 4566 nobis
3377 4528 3439 4567 ex
3468 4511 3742 4566 hominum

2172 4605 2467 4676 ignorantia
2507 4603 2736 4659 conferri
2767 4604 2992 4673 poterit?
3021 4603 3157 4670 Quid
3203 4605 3467 4673 estigitur
3498 4603 3625 4657 illud
3660 4620 3744 4657 ar-

2169 4697 2402 4752 canum?
2425 4697 2508 4752 Ab
2535 4711 2602 4752 eo
2641 4695 2758 4767 ipso
2783 4696 2890 4760 die,
2923 4710 3029 4764 quo
3065 4697 3192 4750 mihi
3223 4695 3359 4749 hanc
3385 4695 3743 4764 suspicionem

2173 4788 2422 4858 iniecisti,
2446 4802 2588 4856 srepe
2609 4787 2701 4840 fuit
2732 4787 3029 4856 periculum
3059 4797 3117 4841 ut
3139 4787 3238 4842 hoc
3266 4801 3460 4856 corpus
3486 4787 3613 4840 mihi
3649 4804 3744 4854 pe-

2173 4881 2315 4934 nitus
2356 4879 2767 4945 dissolveretur;
2802 4889 2978 4934 lantus
3017 4880 3176 4934 timor
3219 4888 3497 4950 tantusque
3544 4896 3747 4934 maeror

2173 4972 2407 5026 animum
2466 4987 2640 5025 meum
2695 4972 2994 5040 occupavit.
3045 4971 3249 5026 Mecum
3303 4971 3445 5026 enim
3493 4983 3748 5041 reputans

2173 5062 2368 5118 Christi
2395 5077 2604 5132 sponsa!
2627 5063 2868 5132 gloriam,
2897 5063 3254 5130 sanctitatem,
3277 5062 3603 5132 spiritualem
3627 5065 3746 5132 pul-

2173 5154 2527 5209 chritudinem
2549 5195 2565 5221 ,
2597 5155 2955 5225 prudentiam,
2983 5165 3229 5210 ornatum
3251 5195 3266 5220 ,
3311 5170 3534 5225 meaque
3571 5158 3750 5212 consi-

2173 5245 2368 5300 derans
2398 5245 2554 5304 mala,
2583 5260 2686 5299 non
2713 5247 2984 5300 cessabam
3013 5245 3154 5300 illam
3183 5244 3401 5313 deflere,
3431 5261 3624 5315 meque
3649 5249 3748 5300 mi-

2173 5352 2352 5392 serum
2399 5336 2601 5403 dicere,
2642 5351 2705 5390 ac
2745 5335 3051 5406 frequenter
3097 5352 3351 5407 gemens,
3397 5335 3747 5407 haerensque,

2175 5429 2299 5483 talia
2340 5444 2548 5484 mecum
2599 5429 2888 5498 loquebar:
2939 5429 3067 5497 Quis
3111 5429 3317 5484 consilii
3362 5428 3518 5498 huius
3566 5440 3750 5483 auctor

2174 5519 2314 5575 fuit?
2379 5518 2505 5590 quid
2564 5528 2765 5573 tantum
2827 5520 3066 5590 peccavit
3132 5519 3371 5575 Ecclesia
3431 5519 3572 5575 Dei?
3630 5535 3748 5589 qua

2175 5621 2319 5672 tanta
2373 5627 2461 5668 res
2509 5612 2788 5668 Dominum
2837 5612 2955 5685 ejus
2989 5614 3357 5680 exacerbavit,
3411 5621 3470 5669 ut
3509 5613 3752 5669 omnium

2240 5774 2258 5806 ι
2294 5770 2398 5833 Alii,
2415 5768 2741 5822 terribiiiores.
