3922 6234
77 379 182 435 εδτ

76 497 219 567 ὑπὲρ
267 494 380 547 τῶν
419 494 614 564 ἱερέων
661 490 1027 564 προσάγεσθαι
1067 489 1166 554 τὴν
1203 489 1416 554 θυσίαν,
1450 493 1584 561 ὅσην
1615 489 1756 560 ὑπὲρ

79 584 281 644 παντὸς
316 582 410 636 τοῦ
447 582 600 634 λαοῦ.
633 580 804 633 Τοῦτο
829 580 884 632 δὲ
909 579 1062 632 οὐδὲν
1089 578 1274 649 ἕτερον
1307 577 1590 648 δηλοῦντός
1612 579 1761 629 ἐστιν

75 674 106 741 ἦ
139 673 221 724 ὅτι
250 670 508 740 μείζονος
542 668 795 738 βοηθείας
820 665 1079 720 δεῖταιτά
1105 666 1199 719 τοῦ
1238 665 1424 736 ἱερέως
1449 666 1760 736 τραύματα,

74 761 172 812 καὶ
201 758 499 828 τοσαύτης,
528 759 662 827 ὅσης
693 754 829 826 ὁμοῦ
860 754 930 808 τὰ
962 755 1164 817 παντὸς
1200 754 1292 807 τοῦ
1324 754 1481 807 λαοῦο
1519 755 1761 824 μείζονος

75 849 130 899 δὲ
156 849 260 899 οὐκ
299 848 369 899 ἂν
400 847 592 908 ἐδεῖτο,
623 847 672 898 εἰ
706 844 779 915 μὴ
810 843 1165 914 χαλεπώτερα
1191 838 1284 912 ἦν·
1318 839 1672 914 χαλεπώτερα
1702 840 1760 892 δὲ

74 937 311 1001 γίνεται.
341 935 403 985 οὐ
426 936 494 1003 τῇ
522 933 704 1001 φύσει,
729 932 864 984 ἀλλά
883 934 950 1001 τῇ
975 930 1101 1000 ἀξία
1123 943 1148 969 ι
1177 929 1269 982 τοῦ
1294 928 1601 998 τολμῶντος
1619 929 1760 982 αὐτὰ

77 1023 270 1094 ἱερέως
308 1022 646 1092 βαρούμενα.
688 1021 799 1072 Καὶ
839 1020 891 1074 τί
922 1019 1063 1086 λέγω
1091 1020 1217 1080 τοὺς
1260 1016 1459 1088 ἄνδρας
1495 1018 1619 1079 τοὺς
1659 1017 1758 1087 τὴν

75 1110 427 1181 λειτουργίαν
472 1109 792 1178 μετιόντας;
825 1109 892 1159 Αἰ
928 1106 1036 1177 γάρ
1076 1105 1372 1175 θυγατέρες
1402 1103 1509 1155 τῶν
1546 1104 1757 1174 ἱερέων,

75 1194 163 1261 αἷς
190 1200 373 1260 οὐδεὶς
404 1198 544 1268 πρὸς
571 1198 671 1267 τὴν
713 1194 1010 1266 ἱερωσύνην
1049 1193 1226 1262 λόγος,
1267 1195 1415 1264 ὅμως
1445 1191 1533 1245 διὰ
1566 1193 1629 1245 τὸ
1655 1209 1759 1244 πα-

73 1289 262 1358 τρικὸν
296 1287 516 1356 ἀξίωμα
539 1285 646 1338 τῶν
677 1283 856 1337 αὐτῶν
886 1282 1300 1354 ἁμαρτημάτων
1342 1281 1474 1333 πολὺ
1505 1281 1757 1350 πικροτέ-

77 1393 177 1446 ραν
211 1376 480 1444 ὑπέχουσι
524 1375 624 1443 τὴν
663 1373 964 1442 τιμωρίαν·
1005 1370 1096 1423 καὶ
1138 1371 1198 1422 τὸ
1237 1371 1334 1440 μὲν
1380 1369 1755 1439 πλημμέλημα

76 1466 188 1514 ἴσον
233 1465 434 1523 αὐταῖς
472 1461 568 1514 καὶ
596 1463 717 1522 ταῖς
756 1458 862 1512 τῶν
907 1457 1130 1512 ἰδιωτῶν
1168 1456 1488 1527 θυγατράσι,
1531 1455 1754 1524 πορνεία

71 1553 181 1622 γάρ
214 1553 536 1622 ἀμφότερα,
573 1549 634 1602 τὸ
663 1549 720 1601 δέ
751 1548 1027 1618 ἐπιτίμιον
1057 1545 1236 1616 πολλῷ
1261 1547 1464 1598 τούτων
1503 1541 1754 1614 χαλεπώ-

71 1658 251 1709 τερον.

142 1818 230 1887 ιβ’.
275 1818 449 1890 Ὁρᾷς
479 1817 597 1888 μεθ’
627 1818 758 1888 ὅσης
785 1834 866 1870 σοι
889 1816 1160 1870 δείκνυσιν
1190 1814 1492 1885 ὑπερϐολῆς
1517 1816 1545 1867 6
1572 1815 1702 1877 Θεὸς
1723 1814 1751 1854 δ

69 1907 148 1958 δτι
421 1899 644 1958 πλείονα
679 1904 788 1957 τῶν
818 1905 1136 1975 ἀρχομένων
1161 1905 1377 1956 ἀπαιτεῖ
1402 1903 1494 1954 τὸν
1519 1902 1754 1974 ἄρχοντα

69 1994 476 2064 τιμωρίανςοὺ
500 1992 610 2064 γὰρ
633 1993 807 2062 δήπου
834 1992 971 2062 ότὴν
989 1991 1195 2043 ἐκείνου
1221 1990 1498 2061 θυγατέρα
1522 1990 1590 2042 δι’
1619 1993 1754 2043 ἐκεῖ·

67 2101 152 2135 νον
170 2101 235 2152 με
247 2083 444 2146 ιζόνως
459 2081 567 2134 τῶν
585 2081 758 2135 ἄλλων
771 2080 1033 2143 κολάζων,
1053 2080 1139 2132 τὸν
1156 2081 1247 2132 καὶ
1265 2079 1446 2149 ἐκείνῃ
1462 2079 1562 2148 τῆς
1581 2096 1752 2150 προσ-

67 2170 239 2239 θήκης
274 2170 390 2220 τῶν
441 2168 688 2238 βασάνων
727 2168 898 2220 αἴτιον
941 2167 1062 2236 ἴσην
1089 2169 1200 2229 τοῖς
1229 2166 1442 2230 πολλοῖς
1465 2178 1486 2205 ε
1525 2167 1753 2238 εἰσπρά-

71 2261 217 2322 ξεται
249 2260 437 2329 δίκην,
469 2259 604 2312 ἀλλά
628 2257 810 2329 πολλῷ
838 2258 1060 2329 μείζονα
1081 2275 1094 2287 ·
1115 2258 1207 2310 καὶ
1234 2257 1377 2327 μάλα
1405 2275 1468 2326 γε
1504 2261 1749 2321 εἰκότως.

72 2350 142 2398 Ub
165 2351 276 2417 γάρ
295 2349 380 2410 εἰς
403 2347 566 2399 αὑτὸν
581 2346 926 2418 περιίσταται
947 2344 1104 2415 μόνον
1128 2347 1159 2414 ή
1184 2343 1376 2415 ζημία,
1399 2345 1532 2398 ἀλλὰ
1553 2346 1751 2409 καὶτὰς

71 2437 175 2489 τῶν
204 2437 629 2508 ἀσθενεστέρων
663 2436 758 2489 καὶ
788 2435 869 2496 εἰς
900 2433 1059 2486 αὑτὸν
1094 2433 1394 2504 βλεπόντων
1426 2433 1751 2488 καταϐάλλει

69 2525 264 2593 ψυχάς,
326 2523 500 2576 Τοῦτο
557 2524 650 2576 καὶ
704 2525 733 2576 6
784 2521 1043 2593 Ἰεζεκιὴλ
1095 2521 1299 2587 διδάξαι
1331 2522 1356 2560 ἀ
1406 2523 1749 2592 βουλόμενος,

67 2614 338 2682 διίστησιν
369 2613 468 2664 ἀπ’
495 2610 736 2682 ἀλλήλων
765 2610 865 2680 τὴν
895 2609 1000 2661 τῶν
1034 2609 1204 2680 κριῶν
1229 2613 1322 2662 καὶ
1358 2610 1454 2680 τὴν
1478 2611 1586 2662 τῶν
1619 2627 1750 2680 προ-

67 2702 244 2752 ϐάτων
289 2702 497 2771 κρίσιν.
539 2696 686 2771 τΑρά
730 2715 810 2751 σοι
855 2697 1117 2767 δοκοῦμεν
1166 2696 1322 2764 λόγον
1361 2698 1550 2767 ἔχοντα
1579 2715 1748 2767 πεφο-

67 2789 267 2856 ϐῆσθαι
293 2788 492 2858 φόϐονς
529 2789 672 2858 Πρὸς
701 2788 808 2858 γάρ
837 2791 950 2849 τοῖς
973 2785 1285 2856 εἰρημένοις
1309 2787 1402 2838 νῦν
1439 2787 1538 2856 μὲν
1570 2789 1618 2839 εί
1654 2788 1750 2840 καὶ

69 2877 262 2929 πολλοῦ
312 2895 405 2947 μοι
441 2877 523 2928 δεῖ
554 2877 714 2928 πόνου
752 2876 888 2944 πρὸς
938 2875 1000 2927 τὸ
1038 2875 1112 2945 μὴ
1154 2875 1216 2944 δὴ
1272 2875 1744 2947 καταγωνισθῆναι

67 2965 246 3017 τέλεον
272 2967 380 3016 ὑπὺ
415 2964 524 3015 τῶν
551 2965 645 3034 τῆς
677 2963 855 3033 ψυχῆς
895 2963 1103 3026 παθῶν,
1152 2963 1266 3015 ἀλλ’
1299 2965 1446 3032 ὅμως
1480 2965 1748 3034 ἀνέχομαι

68 3056 153 3105 τὸν
199 3055 388 3116 πόνον,
443 3053 534 3104 καὶ
574 3054 635 3103 οὐ
690 3052 876 3120 φεύγω
926 3052 1017 3103 τὸν
1063 3050 1268 3117 ἀγῶνα.
1331 3053 1437 3104 Καὶ
1488 3053 1597 3122 γάρ
1643 3053 1750 3105 ὑπὸ

67 3140 379 3204 κενοδοξίας
433 3139 723 3207 ἁλίσκομαι
784 3139 883 3208 μὲν
934 3139 1027 3190 καὶ
1058 3136 1208 3208 [451]
1240 3137 1352 3199 νῦν,
1401 3139 1660 3209 ἀναφέρω
1693 3140 1749 3192 δὲ

69 3229 354 3288 πολλάκις,
397 3227 493 3278 καὶ
527 3227 608 3278 ὅτι
633 3226 806 3279 ἐάλων
845 3225 1084 3297 συνορῶ’
1121 3227 1234 3278 ἐστι
1275 3227 1330 3278 δέ
1367 3228 1454 3279 ὅτε
1490 3231 1582 3280 καὶ
1628 3230 1750 3280 ἐπι-

67 3315 211 3384 τιμῶ
267 3316 337 3384 τῇ
391 3313 720 3384 δουλωθείσῃ
767 3313 935 3384 ψυχῇ.
991 3314 1307 3384 Ἑπιθυμίαι
1362 3333 1451 3384 μοι
1506 3317 1746 3386 προσπί-

66 3422 266 3456 πτουσι
302 3404 403 3474 μὲν
435 3406 624 3458 ἄτοποι
660 3406 755 3458 καὶ
804 3404 922 3468 νῦν,
957 3405 1070 3457 ἀλλ’
1104 3406 1408 3476 ἀργοτέραν
1449 3409 1748 3462 ἀνάπτουσι

65 3494 160 3563 τὴν
213 3494 416 3561 φλόγα,
473 3492 580 3546 τῶν
632 3492 930 3562 ὀφθαλμῶν
973 3493 1082 3547 τῶν
1141 3494 1339 3559 ἔξωθεν
1384 3496 1483 3548 οὐκ
1517 3497 1747 3566 ἐχόντων

67 3580 431 3634 ἐπιλαϐέσθαι
468 3581 568 3649 τῆς
615 3579 709 3633 τοῦ
760 3580 934 3648 πυρὸς
980 3580 1145 3650 ὑληςο
1189 3580 1283 3634 τοῦ
1326 3582 1382 3636 δὲ
1430 3585 1614 3648 κακῶς
1657 3587 1747 3640 τὸν

65 3670 217 3722 δεῖνα
250 3671 454 3736 λέγειν,
490 3670 582 3721 καὶ
606 3669 895 3739 λεγόμενον
937 3671 1175 3734 ἀκούειν,
1216 3671 1573 3743 ἀπήλλαγμαι
1600 3692 1747 3727 παν-

65 3758 260 3821 τελῶς,
292 3759 404 3809 τῶν
435 3757 832 3827 διαλεγομένων
870 3757 930 3810 οὐ
962 3759 1245 3828 παρόντων
1264 3775 1278 3792 ’
1322 3761 1383 3813 οὐ
1431 3761 1540 3830 γάρ
1568 3761 1631 3834 δὴ
1663 3759 1749 3817 οὗ·

63 3863 143 3897 τοι
175 3847 226 3897 οἱ
252 3848 427 3915 τοῖχοι
468 3843 700 3898 δύναιντ’
733 3844 799 3897 ἂν
827 3847 1043 3913 ἀφεῖναι
1069 3849 1276 3918 φωνήν.
1323 3849 1462 3900 Ἀλλ’
1505 3852 1624 3921 οὐχὶ
1654 3853 1748 3906 καὶ

62 3934 159 4005 τήν
215 3934 389 4004 ὀργὴν
447 3933 661 4012 ὁμοίως
697 3932 919 3986 δυνατὸν
963 3933 1261 4003 διαφυγεῖν,
1309 3937 1487 3990 καίτοι
1536 3955 1599 4007 γε
1640 3941 1746 3993 τῶν

65 4024 482 4095 παροξυνόντων
508 4022 608 4076 οὐκ
639 4023 828 4078 ὄντων.
857 4024 1062 4095 Μνήμη
1095 4026 1203 4094 γάρ
1232 4025 1494 4090 πολλάκις
1536 4029 1748 4100 ἀνδρῶν

65 4115 286 4166 ἀτόπων
337 4111 744 4182 προσπεσοῦσα,
784 4111 878 4164 καὶ
917 4111 1026 4164 τῶν
1063 4113 1154 4166 ὑπ’
1202 4113 1382 4166 αὐτῶν
1417 4117 1746 4187 γενομένων,

65 4201 291 4266 ἐξοιδεῖν
316 4217 408 4269 μοι
438 4199 537 4269 τὴν
565 4199 793 4269 καρδίαν
829 4203 992 4264 ποιεῖ,
1016 4201 1154 4272 πλὴν
1186 4200 1298 4255 ἀλλ’
1330 4204 1430 4256 οὐκ
1451 4205 1531 4267 εἰς
1557 4207 1710 4271 τέλος
1728 4223 1743 4237 ο

64 4289 274 4357 ταχέως
314 4285 425 4357 γὰρ
459 4287 630 4356 αὐτὴν
669 4286 1107 4357 φλεγμαίνουσαν
1158 4292 1615 4364 καταστέλλομεν,
1653 4297 1746 4350 καὶ

65 4376 331 4444 πείθομεν
355 4374 648 4445 ἡσυχάζειν
677 4375 924 4439 εἰπόντες
957 4377 1038 4429 ὅτι
1069 4376 1188 4430 λίαν
1214 4379 1544 4449 ἀσύμφωνον
1586 4395 1609 4422 ο
1652 4386 1748 4438 καὶ

62 4463 163 4532 τῆς⁹
191 4463 430 4532 ἐσχάτης
458 4462 802 4533 ἀθλιότητος,
842 4464 910 4516 τά
944 4467 1119 4519 οἰκεῖα.
1169 4468 1405 4536 ἀφέντας
1453 4472 1617 4538 κακά,
1677 4474 1746 4528 τὰ

63 4552 170 4604 τῶν
211 4550 441 4622 πλησίον
488 4551 966 4622 περιεργάζεσθαι.
1009 4554 1148 4607 Ἀλλ’
1181 4558 1280 4608 οὐκ
1326 4560 1406 4618 εἰς
1442 4559 1503 4611 τὸ
1542 4561 1745 4632 πλῆθος

63 4639 255 4695 ἐλθὼν.
306 4641 401 4692 καί
447 4642 568 4702 ταῖς
607 4640 827 4710 μυρίαις
876 4641 1208 4712 ἀποληφθεὶς
1251 4649 1538 4715 ταραχαῖς,
1589 4649 1748 4722 δυνή-

65 4745 231 4798 σομαι
263 4727 470 4798 ταύτης
496 4729 786 4782 ἀπολαύειν
812 4729 910 4800 τῆς
943 4729 1244 4796 νουθεσίας,
1269 4735 1388 4786 οὐδὲ
1413 4737 1537 4801 τοὺς
1575 4739 1746 4792 ταῦτα

63 4817 552 4886 παιᾶαγωγοῦντας
581 4816 875 4888 λογισμοὺς
905 4821 1114 4888 εὐρεῖνο
1142 4820 1253 4874 ἀλλ’
1295 4822 1484 4895 ὥσπερ
1517 4827 1564 4878 οἱ
1603 4829 1745 4881 κατὰ

63 4904 333 4974 κρημνῶν
357 4903 464 4956 ὑπό
499 4920 644 4966 τινος
690 4905 958 4976 ῥεύματος
981 4907 1013 4978 ἢ
1039 4907 1134 4960 καὶ
1167 4908 1366 4978 ἑτέρως
1391 4910 1692 4982 ὠθούμενοι
1726 4916 1742 4953 ί

64 4995 159 5062 τὴν
190 4994 292 5063 μὲν
332 4990 631 5054 ἀπώλειαν,
657 4995 736 5056 εἰς
762 4995 827 5064 ἢν
851 4994 1163 5059 τελευτῶσι,
1203 4999 1442 5068 προορᾷν
1467 4999 1743 5065 δύνανται,

67 5080 327 5151 βοήθειαν
355 5079 414 5132 δέ
447 5097 570 5133 τινα
608 5082 841 5134 ἐπινοεῖν
876 5084 974 5134 οὐκ
1025 5082 1236 5152 ἔχουσιν
1261 5101 1275 5114 ⁸
1310 5085 1454 5138 οὕτω
1501 5090 1596 5142 καὶ
1649 5093 1747 5143 αὑ-

63 5171 152 5232 τὸς
191 5172 272 5232 εἰς
303 5169 399 5221 τὸν
429 5169 596 5221 πολὺν
611 5170 718 5223 τῶν
749 5171 936 5224 παθῶν
961 5173 1188 5243 Θόρυϐον
1209 5175 1487 5244 ἐμπεσὼν,
1519 5178 1616 5249 τὴν
1647 5180 1746 5250 μὲν

64 5259 292 5312 κόλασιν
320 5258 445 5311 καθ’
481 5258 720 5330 ἑκάστην
739 5259 1043 5329 αὐξομένην
1079 5279 1168 5331 μοι
1200 5262 1298 5334 τὴν
1339 5265 1555 5336 ἡμέραν
1581 5267 1745 5341 δυνή-

123 5453 150 5481 ³
174 5451 351 5512 Aliqui
377 5451 482 5498 ἀλλ’
508 5451 600 5498 ὑπὸ
622 5456 706 5508 τῆς
729 5452 876 5507 ἀξίας.

123 5514 153 5554 δ
179 5514 281 5562 Alii
305 5512 515 5559 δείκνυσι
533 5517 615 5575 τῆς
641 5514 910 5575 περιουσίας
930 5515 956 5561 6
983 5515 1117 5570 Θεὸς.

122 5581 145 5607 ⁸
175 5576 273 5624 Alii
294 5576 410 5630 ῐσην
430 5575 529 5628 τοῖς
553 5574 727 5629 ἄλλοις.

121 5640 147 5678 d
175 5637 330 5685 εει-ΙΙ.
361 5642 417 5681 et
439 5637 520 5682 alii
561 5637 718 5688 δεῖξαι.

123 5714 148 5763 ε
174 5700 273 5747 Alii
297 5697 591 5763 ἀσύμφορον.
623 5697 743 5744 Infra
766 5699 847 5763 alii
885 5699 1069 5761 μυρίαις
1093 5699 1403 5763 ἀπολειφθείς.

121 5756 146 5828 f
175 5763 341 5828 Savi_l_._
359 5756 412 5828 e_t
431 5759 619 5828 ali_ql_lo}
645 5761 808 5828 ωεξλή
833 5756 910 5809 καὶ
934 5756 1092 5824 ἑτέρας
1115 5756 1319 5823 ἀνάγκης
1339 5756 1614 5828 ὠθούμενοι.
1637 5767 1742 5818 Mo-

69 5822 152 5868 re}.
179 5830 229 5870 el
256 5822 343 5870 alii
373 5822 404 5878 ἢ
429 5821 508 5867 καὶ
534 5821 700 5884 ἑτέρως
720 5822 802 5869 ὠθ.

1359 372 1449 430 DE
1487 371 1940 431 SACEBDOTIO.
1986 373 2110 428 LIB.
2153 375 2243 431 Vl.

3426 382 3531 441 688

1871 507 2032 560 σομαι
2061 493 2312 563 συνορᾷν,
2356 494 2414 545 ἐν
2451 493 2676 564 ἐμαυτῷ
2729 495 2786 548 δὲ
2839 494 3092 563 γενέσθαι
3139 495 3388 570 καθάπερ
3435 499 3532 554 καὶ

1867 577 1982 644 νῦν,
2015 579 2109 632 καὶ
2135 580 2457 651 ἐπιτιμῆσαι
2499 580 2762 635 πάντοθεν
2809 585 2921 646 τοῖς
2976 585 3248 654 νοσήμασι
3297 585 3531 640 λυττῶσι

1864 666 2094 731 τούτοις,
2138 668 2238 720 οὐκ
2295 669 2374 720 ἐτι
2422 669 2626 739 ὁμοίως
2670 671 2900 742 εὔπορον
2933 674 3075 743 ἐμοὶ,
3131 673 3384 744 καθάπερ
3438 677 3534 730 καὶ

1865 754 2146 824 πρότερον.
2194 756 2344 826 Ἐμοὶ
2372 757 2479 828 γὰρ
2511 757 2655 828 ψυχή
2688 759 2770 821 τίς
2809 761 2957 813 ἐστιν
2987 761 3216 832 ἀσθενής
3237 763 3331 815 καὶ
3361 765 3533 834 μικρά

1864 843 1956 894 καὶ
1988 843 2308 913 εὐχείρωτος
2331 845 2391 897 οὐ
2420 845 2630 909 τούτοις
2662 848 2820 916 μόνον
2850 851 2961 912 τοῖς
2993 850 3238 916 πάθεσιν,
3271 852 3407 904 ἀλλά
3437 854 3534 906 καὶ

1861 929 1941 999 τῷ
1976 933 2191 984 πάντων
2239 934 2548 1005 πικροτέρῳ
2603 935 2802 1006 φθόνῳ,
2853 937 2947 988 καὶ
2993 936 3118 990 οὐτε
3175 937 3363 1010 ὑϐρεις
3407 940 3532 992 οὐτε

1859 1017 2027 1088 τιμὰς
2060 1019 2296 1090 μετρίως
2323 1021 2609 1075 ἐπίσταται
2645 1024 2852 1094 φέρειν,
2885 1023 3020 1077 ἀλλά
3070 1025 3186 1094 μεθ’
3228 1027 3534 1099 ὑπερϐολῆς

1861 1106 2064 1159 ἐκεῖναί
2097 1123 2156 1158 τε
2187 1108 2505 1179 ἐπαίρουσιν
2559 1111 2749 1182 αὐτὴν,
2793 1111 2890 1164 καὶ
2943 1112 3290 1165 ταπεινοῦσιν
3347 1107 3528 1169 αὗται.

1864 1193 2075 1264 Ὥσπερ
2131 1190 2224 1248 οὖν
2267 1194 2430 1267 θηρία
2475 1196 2706 1267 χαλεπά,
2762 1198 2888 1251 ὅταν
2941 1199 3040 1267 μὲν
3090 1198 3380 1271 εύσωματῇ
3437 1203 3533 1255 καὶ

1863 1283 2087 1353 σφριγᾷ,
2116 1282 2222 1336 τῶν
2249 1283 2386 1354 πρδς
2407 1286 2544 1339 αὑτά
2571 1287 2892 1355 μαχομένων
2922 1290 3131 1356 κρατεῖ,
3163 1287 3256 1339 καὶ
3298 1287 3534 1358 μάλιστα

1860 1369 1988 1422 ὅταν
2039 1369 2286 1434 ἀσθενεῖς
2335 1366 2437 1427 ὦσι
2490 1374 2583 1426 καὶ
2633 1375 2870 1444 ἄπειροι,
2901 1375 2950 1426 εἰ
2979 1373 3035 1426 δέ
3061 1391 3146 1436 τις
3195 1375 3335 1428 αὐτά
3386 1376 3532 1448 λιμῷ

1860 1457 2200 1528 κατατήξειε,
2246 1459 2336 1512 τόν
2373 1477 2432 1513 τε
2479 1460 2648 1532 θυμὸν
2697 1462 2881 1524 αὐτοῖς
2945 1463 3216 1532 ἐκοίμισε,
3286 1465 3382 1518 καὶ⁸
3429 1464 3533 1536 τῆς

1858 1545 2138 1616 δυνάμεως
2163 1547 2223 1600 τὸ
2249 1549 2411 1602 πλέον
2445 1549 2684 1614 ἔσϐεσεν,
2715 1551 2789 1614 ὡς
2815 1552 2903 1604 καὶ
2931 1552 3021 1605 τὸν
3051 1553 3123 1623 μὴ
3147 1552 3264 1606 λίαν
3287 1559 3534 1623 γενναῖον

1858 1635 2214 1700 ἀναδέξασθαι
2253 1638 2343 1691 τὸν
2378 1639 2514 1709 πρὸς
2537 1640 2713 1694 ταῦτα
2735 1641 2919 1708 ἀγῶνα
2949 1642 3042 1694 καὶ
3073 1642 3308 1714 πόλεμον
3330 1660 3342 1673 ·
3386 1644 3530 1697 οὑτω

1858 1725 1953 1776 καὶ
1981 1725 2048 1778 τά
2071 1725 2215 1796 πάθη
2242 1726 2342 1797 τῆς
2374 1727 2573 1797 ψυχῆς,
2606 1730 2633 1781 ό
2669 1727 2768 1797 μὲν
2797 1728 2998 1800 ἀσθενῆ
3028 1730 3218 1794 ποιῶν,
3243 1731 3531 1803 ὑποχείρια

1856 1815 1968 1875 τοῖς
2004 1813 2184 1884 ὀρθοῖς
2209 1816 2233 1855 ⁸
2279 1815 2416 1868 αὐτὰ
2453 1815 2631 1887 τίθησι
2659 1815 2967 1888 λογισμοῖς·
3006 1821 3034 1871 6
3065 1819 3121 1870 δὲ
3148 1820 3361 1890 τρέφων
3406 1823 3532 1874 ἐπι-

1861 1899 2039 1969 μελῶς
2102 1901 2487 1974 χαλεπωτέραν
2532 1902 2679 1974 αὑτῷ
2727 1903 2824 1974 τὴν
2869 1901 3005 1975 πρὸς
3045 1905 3184 1960 αὐτά
3241 1906 3531 1978 καθίστησι

1861 1987 2061 2058 μάχην,
2102 1991 2196 2042 καὶ
2227 1989 2398 2055 οὑτως
2437 1991 2587 2062 αὑτῷ
2629 1991 2836 2063 φοϐερά
2862 1992 2889 2032 b
2932 1992 3323 2066 ἀπεργάζεται,
3365 1996 3440 2060 ὡς
3473 1999 3532 2051 ἐν

1856 2075 2067 2147 δουλείᾳ
2091 2077 2185 2129 καὶ
2218 2077 2390 2148 δειλίᾳ
2424 2078 2514 2132 τὸν
2541 2080 2718 2132 πάντα
2757 2079 2947 2150 χρόνον
2975 2079 3145 2150 βιοῦν.
3178 2083 3275 2146 Τίς
3299 2078 3391 2136 οὑν
3418 2082 3527 2138 τῶν

1857 2162 2062 2234 θηρίων
2110 2164 2312 2218 τούτων
2362 2169 2394 2238 ἡ
2446 2167 2659 2237 τροφή;
2719 2167 3040 2232 Κενοδοξίας
3087 2170 3186 2239 μὲν
3230 2171 3389 2240 τιμαὶ
3435 2171 3531 2224 καὶ

1857 2250 2088 2313 ἔπαινοι,
2130 2253 2386 2316 ἀπονοίας
2413 2254 2470 2307 δὲ
2499 2254 2718 2321 ἐξουσία
2764 2257 2859 2308 καὶ
2906 2256 3227 2321 δυναστείας
3264 2257 3519 2327 μέγεθος,

1858 2338 2154 2409 βασκανίας
2204 2340 2260 2392 δέ
2292 2343 2347 2394 αἰ
2392 2342 2500 2395 τῶν
2546 2341 2774 2414 πλησίον
2815 2343 3219 2415 εὐδοκιμήσεις,
3257 2346 3528 2417 φιλαργυ-

1856 2428 1978 2498 ρίας
2017 2430 2072 2481 αἱ
2118 2428 2227 2482 τῶν
2271 2431 2618 2501 παρεχόντων
2667 2432 2990 2503 φιλοτιμίαι,
3022 2433 3318 2496 ἀκολασίας
3347 2436 3528 2506 τρυφὴ

1854 2517 1947 2569 καὶ
2001 2519 2056 2569 αἱ
2105 2519 2345 2587 συνεχεῖς
2389 2519 2498 2570 τῶν
2543 2519 2818 2586 γυναικῶν
2860 2521 3153 2585 ἐντεύξεις,
3210 2522 3306 2574 καὶ
3339 2522 3528 2592 ἕτερον

1853 2604 2060 2674 ἐτέρου.
2091 2605 2274 2659 Πάντα
2303 2605 2360 2658 δὲ
2391 2605 2562 2660 ταῦτα
2595 2609 2674 2670 εἰς
2709 2608 2808 2678 μὲν
2851 2608 2914 2661 τὸ
2953 2609 3118 2680 μέσον
3155 2608 3362 2663 ἐλθόντι
3396 2625 3529 2678 σφο-

1853 2691 1993 2761 δρῶς
2033 2691 2370 2763 ἐπιθήσεται,
2423 2694 2514 2746 καὶ
2578 2694 2846 2766 σπαράξει
2896 2711 2985 2766 μοι
3039 2696 3138 2767 τήν
3185 2695 3390 2768 ψυχὴν,
3431 2697 3528 2750 καὶ

1856 2780 2059 2851 φοϐερά
2088 2779 2260 2840 ἔσται,
2301 2783 2393 2834 καὶ
2433 2775 2812 2854 χάλεπὼτερόν
2865 2801 2954 2854 μοι
3005 2784 3100 2836 τὸν
3153 2786 3295 2856 πρὸς
3345 2784 3526 2840 ταῦτα

1856 2869 2070 2938 ποιήσει
2116 2869 2368 2940 πόλεμον.
2418 2870 2680 2924 Ἐνταῦθα
2708 2871 2766 2924 δέ
2807 2870 3103 2942 καθημένῳ
3144 2873 3283 2942 μετά
3325 2873 3528 2944 πολλῆς

1857 2956 1955 3025 μὲν
1989 2957 2080 3010 καὶ
2107 2956 2280 3022 οὑτως
2309 2959 2713 3030 ὑποταγήσεται
2751 2959 2890 3030 βίας,
2927 2962 3334 3032 ὑποταγήσεται
3357 2962 3401 3014 δ’
3432 2960 3526 3015 οὑν

1851 3043 1998 3113 ὅμως
2025 3047 2091 3114 τῇ
2118 3045 2212 3097 τοῦ
2257 3045 2392 3098 Θεοῦ
2421 3047 2623 3117 χάριτι,
2660 3049 2755 3101 καὶ
2784 3051 2883 3118 τῆς
2914 3048 3122 3118 ὑλακῆς
3161 3050 3344 3114 αὐτοῖς
3372 3050 3527 3104 οὐδὲν

1851 3131 2004 3185 ἔσται
2034 3132 2212 3186 πλέον.
2263 3132 2360 3186 Διά
2415 3134 2588 3186 ταῦτα
2620 3135 2712 3188 τὸν
2743 3136 2985 3190 οἰκίσκον
3034 3137 3288 3202 φυλάττω
3336 3135 3527 3192 τοῦτον

1853 3220 1946 3270 καὶ
1989 3219 2244 3290 ἀπρόῖτος
2287 3222 2380 3276 καὶ
2428 3221 2790 3293 ἁκοινώνητός
2838 3226 2951 3293 εἰμι
2983 3223 3131 3296 [452]
3165 3227 3259 3278 καὶ
3299 3226 3528 3278 ἀσυνου-

1855 3306 2091 3369 σίαστος,
2142 3309 2236 3361 καὶ
2282 3308 2479 3380 μυρίας
2513 3309 2707 3380 ἐτέρας
2740 3311 2992 3375 τοιαύτας
3029 3313 3264 3382 μέμψεις
3305 3313 3525 3367 ἀκούειν

1851 3394 2135 3464 ἀνέχομαι·
2189 3395 2361 3466 ήδέως
2409 3397 2506 3467 μὲν
2542 3397 2608 3451 ἂν
2650 3399 2821 3462 αὑτὰς
2854 3400 3316 3470 ἀποτριψάμενος,
3359 3401 3436 3472 τῷ
3466 3401 3525 3454 δὲ

1855 3483 1928 3553 μὴ
1959 3481 2215 3536 δύνασθαι
2252 3484 2577 3556 δακνόμενος
2616 3486 2710 3539 καὶ
2739 3486 2938 3555 ἀλγῶν.
2988 3487 3122 3541 Οὐδὲ
3151 3488 3259 3560 γὰρ
3289 3487 3522 3559 εὔπορόν

1855 3587 1966 3640 μοι,
1994 3570 2307 3642 όμιλητικόν
2329 3589 2384 3625 τε
2405 3573 2541 3643 ὁμοῦ
2571 3573 2848 3640 γενέσθαι,
2875 3576 2970 3628 καλ⁸
2997 3576 3089 3628 ἐπὶ
3119 3576 3220 3644 τῆς
3242 3575 3526 3646 παρούσης

1851 3659 2150 3728 ἀσφαλείας
2196 3661 2399 3729 μένειν.
2447 3663 2526 3714 Δι’
2569 3662 2597 3715 ὂ
2648 3664 2742 3716 καὶ
2786 3663 2948 3715 αὐτόν
2983 3680 3040 3714 σε
3074 3663 3397 3733 παρακαλῶ,
3432 3665 3525 3719 τὸν

1851 3745 1956 3798 ὑπὸ
1990 3745 2258 3817 τοσαύτης
2289 3747 2606 3819 δυσχερείας
2652 3748 3052 3820 ἐπειλημμένον
3106 3750 3274 3802 ἐλεεῖν
3325 3751 3525 3820 μᾶλλον

1853 3831 1884 3901 ἢ
1912 3832 2219 3886 διαϐάλλειν
2237 3851 2250 3863 ·
2287 3834 2401 3887 ἀλλ’
2425 3835 2636 3887 οὐδέπω
2665 3852 2724 3888 σε
2747 3836 3025 3906 πείθομεν.
3060 3836 3267 3888 Οὐκοῦν
3288 3836 3406 3907 ῶρα
3434 3855 3525 3908 μοι

1852 3920 2058 3983 λοιπὸν,
2099 3921 2127 3974 ὃ
2167 3922 2327 3992 μόνον
2379 3919 2523 3992 εἶχον
2584 3923 2917 3994 ἀπόρρητον,
2964 3925 3099 3995 πρὸς
3149 3925 3208 3976 σὲ
3247 3925 3526 3979 καὶτοῦτο

1853 4010 2122 4066 ἐκϐαλεῖν.
2160 4014 2270 4066 Καὶ
2304 4014 2432 4076 ἴσως
2475 4013 2574 4084 μὲν
2607 4013 2835 4067 ἄπιστον
2887 4008 3028 4066 εἶναι
3083 4013 3222 4078 δόξει
3279 4013 3523 4078 πολλοῖς’

1853 4098 1964 4167 ἐγὼ
1985 4100 2041 4152 δὲ
2079 4101 2210 4153 αὐτὸ
2238 4101 2360 4154 οὐδὲ
2381 4101 2552 4165 οὑτως
2581 4105 2660 4166 είς
2693 4101 2855 4172 μέσον
2887 4104 3130 4169 ἐνεγκεῖν
3170 4104 3527 4174 αἰσχυνθήσο-

1858 4206 1974 4258 μαι.
2029 4189 2092 4240 Εί
2136 4188 2244 4259 γάρ
2300 4190 2393 4241 καὶ
2451 4191 2692 4260 πονηρᾶς
2756 4191 3112 4261 συνειδήσεως
3165 4192 3258 4244 καὶ
3313 4193 3525 4263 μυρίων

1855 4278 2268 4347 ἁμαρτημάτων
2318 4278 2534 4348 ἔλεγχος
2567 4279 2628 4332 τὸ
2657 4279 2945 4349 λεγόμενον
2981 4275 3038 4352 ᾖ,
3085 4279 3178 4333 τοῦ
3241 4279 3526 4351 μέλλοντος

1852 4366 2000 4437 ήμᾶς
2044 4367 2248 4438 κρίνειν
2286 4367 2419 4420 Θεοῦ
2465 4368 2640 4420 πάντα
2691 4369 2890 4431 εἰδότος
2945 4367 3207 4433 ἀκριϐῶς,
3259 4368 3314 4420 τί
3361 4369 3526 4421 πλέον

1855 4454 1984 4524 ἡμῖν
2006 4455 2068 4507 ἐκ
2099 4455 2195 4525 τῆς
2223 4453 2329 4507 τῶν
2361 4454 2663 4526 ἀνθρώπων
2692 4455 2912 4522 ἀγνοίας
2952 4455 3270 4524 ἐγγενέσθαι
3301 4455 3526 4528 δυνήσε-

1852 4557 1971 4611 ται;
2013 4542 2078 4595 Τί
2105 4539 2197 4596 οὖν
2226 4545 2342 4595 ἐστι
2367 4543 2427 4595 τὸ
2459 4543 2796 4615 ἀπόρρητον;
2849 4543 2980 4596 ’Λπό
3004 4544 3103 4613 τῆς
3138 4545 3352 4615 ἡμέρας
3377 4547 3525 4601 ἐκεὶτ

1854 4647 1970 4701 νης,
2004 4623 2119 4704 ἐνῇ
2154 4633 2355 4700 ταύτην
2381 4630 2640 4701 ἐνέθηκάς
2682 4649 2769 4700 μοι
2809 4631 2907 4703 τὴν
2953 4632 3208 4702 ὑποψίαν,
3259 4633 3522 4699 πολλάκις

1855 4719 2195 4772 ἐκινδύνευσέ
2227 4736 2316 4788 μοι
2350 4719 2728 4791 παραλυθῆναι
2753 4721 2814 4773 τὸ
2846 4721 3004 4790 σῶμα
3025 4722 3207 4774 τέλεον
3230 4740 3242 4751 ο
3269 4722 3523 4786 τοσοῦτος

1859 4807 1956 4876 μὲν
1973 4805 2154 4875 φόϐος,
2189 4805 2424 4877 τοσαύτη
2455 4807 2511 4860 δέ
2547 4807 2753 4873 ἀθυμία
2799 4810 3029 4878 κατέσχε
3061 4826 3161 4878 μου
3188 4809 3289 4879 τὴν
3318 4808 3516 4879 ψυχήν.

1854 4896 1965 4965 Τῆς
1998 4895 2105 4965 γάρ
2133 4897 2368 4965 Χριστοῦ
2390 4895 2608 4967 νύμφης
2633 4896 2729 4966 τὴν
2758 4896 2915 4963 δόξαν
2959 4897 3176 4961 ἐννοῶν,
3219 4897 3316 4967 τὴν
3350 4899 3520 4964 ἁγιω-

1859 4984 2039 5055 ιύνην,
2071 4984 2133 5036 τὸ
2160 4985 2354 5048 κάλλος
2380 4985 2440 5038 τὸ
2471 4985 2861 5054 πνευματικὸν,
2893 4986 2990 5056 τὴν
3023 4986 3259 5049 σύνεσιν,
3297 4987 3394 5056 τὴν
3431 4985 3520 5037 εύο

1853 5072 2105 5142 κοσμίαν,
2141 5073 2242 5124 καῖ
2274 5072 2342 5124 τά
2376 5071 2613 5142 ἐμαυτοῦ
2646 5072 2993 5144 λογιζόμενος
3023 5073 3188 5135 κακά,
3226 5073 3287 5125 οὐ
3314 5073 3519 5143 διελίμ-

1853 5177 2020 5214 πανον
2046 5161 2260 5230 ἐκείνην
2287 5177 2346 5213 τε
2387 5160 2617 5224 πενθῶν,
2658 5162 2750 5214 καὶ
2793 5163 3028 5232 ἐμαυτὸν
3076 5162 3396 5226 ταλανίζων,
3426 5162 3520 5214 καὶ

1855 5250 2054 5302 στένων
2096 5249 2332 5318 συνεχῶς
2387 5249 2480 5303 καὶ
2529 5249 2803 5320 διαπορῶν
2854 5251 2990 5322 πρὸς
3041 5252 3280 5322 ἐμαυτὸν
3335 5253 3520 5321 ἔλεγον

1850 5337 2049 5390 ταῦτα·
2084 5338 2179 5401 Τίς
2207 5334 2314 5408 ἆρα
2346 5338 2516 5392 ταῦτα
2544 5339 2962 5401 συνεϐούλευσε;
2995 5340 3047 5392 τί
3070 5341 3321 5396 τοσοῦτον
3346 5345 3518 5415 ἦμαρ-

1849 5443 1941 5478 τεν
1966 5428 1998 5496 ή
2021 5425 2116 5478 τοῦ
2159 5426 2292 5478 Θεοῦ
2328 5425 2654 5497 Ἐκκλησία;
2689 5429 2740 5481 τί
2769 5429 3084 5499 τηλικοῦτον
3119 5431 3400 5502 παρώξυνε
3431 5433 3520 5486 τὸν

1850 5513 2019 5583 αὐτῆς
2045 5514 2342 5584 Δεσπότην,
2372 5513 2446 5577 ὠς
2466 5514 2543 5586 τῷ
2566 5517 2780 5570 πάντων
2810 5519 3121 5591 ἁτιμοτάτῳ
3148 5521 3519 5593 παραδοθῆναι

1913 5709 1939 5776 _8
1962 5707 2096 5776 HaAng
2117 5711 2472 5776 (τοιςι-ρριὶοιιρηι
2495 5725 2518 5758 a
2535 5711 2684 5762 Savil.
2702 5716 2908 5764 mutuati
2927 5728 3112 5765 sumus.
3129 5715 3408 5776 Legebatur
3423 5712 3516 5764 ὑπὸ

1845 5770 1944 5825 τοῖς
1966 5770 2132 5831 ὀρθοῖς.
2167 5771 2293 5816 Ιεζωτ.

1908 5840 1937 5869 ι
1961 5830 2060 5881 Alii
2083 5832 2398 5896 φοϐερώτερα.
