3864 6262
113 393 210 447 689

106 503 596 573 ignominiosissimo
643 502 770 557 mihi
824 502 1152 568 traderetur,
1208 511 1261 557 et
1307 511 1504 557 tantam
1561 517 1656 571 pa-

105 604 295 648 teretur
343 592 652 649 infamiam?
709 594 832 648 llzec
882 594 1188 665 frequenter
1232 611 1436 650 mecum
1488 597 1659 650 revid-

103 700 265 751 vens,
333 701 455 740 cum
523 685 849 756 indignitatis
925 694 1084 740 tantze
1153 699 1222 740 ne
1283 687 1652 756 cogitationem

99 777 304 845 quidem
350 777 494 832 ferre
547 792 794 846 possem,
841 777 990 847 quasi
1039 777 1292 832 attonitus
1340 786 1395 831 et
1438 786 1656 846 stupore

98 868 364 935 perculsus
389 907 404 930 ,
436 882 533 923 nec
561 868 742 922 videre
769 883 866 922 nec
893 867 1075 922 audire
1100 868 1364 938 quidpiam
1395 877 1650 937 poteram.

95 958 222 1012 Cum
264 974 350 1012 me
397 959 497 1012 hoc
524 959 680 1012 animi
728 957 1011 1027 deliquium
1055 957 1324 1012 desereret
1355 957 1654 1028 (interdum

95 1051 281 1118 quippe
304 1049 629 1117 desistebat),
649 1047 1000 1102 succedebant
1026 1049 1272 1118 laerymze
1292 1056 1346 1101 et
1371 1049 1615 1103 intestina
1638 1066 1651 1101 :

97 1157 199 1197 tum
244 1153 361 1212 post
391 1144 738 1214 lacrymarum
767 1141 1060 1196 satietatem
1107 1142 1293 1194 iterum
1343 1139 1655 1194 adventabat

93 1237 279 1299 timor,
323 1246 551 1288 mentem
603 1233 854 1296 turbans,
899 1231 1118 1284 tumultu
1165 1231 1374 1298 replens
1417 1246 1478 1284 ac
1521 1246 1651 1284 con-

90 1329 309 1379 cutiens.
341 1323 394 1376 In
424 1334 555 1378 aestu
598 1330 742 1376 tanto
772 1322 1090 1390 praeteritum
1136 1318 1364 1388 transegi
1409 1328 1649 1386 tempus;

91 1427 138 1470 tu
187 1432 312 1471 vero
354 1415 670 1486 ignorabas,
714 1422 770 1467 et
811 1413 862 1465 in
911 1412 1284 1479 tranquillitate
1329 1426 1411 1464 me
1453 1411 1652 1464 versari

87 1508 426 1560 arbitrabare.
451 1507 518 1558 At
542 1519 680 1558 nunc
705 1503 796 1557 tibi
821 1503 1010 1555 animm
1035 1516 1166 1554 mea:
1195 1500 1476 1568 procellam
1506 1515 1652 1554 reve-

88 1599 191 1650 lare
238 1596 450 1650 tentabo
481 1611 496 1647 :
528 1593 649 1647 hinc
691 1591 912 1646 fortasse
956 1591 1082 1643 mihi
1107 1630 1121 1654 ,
1172 1589 1358 1657 positis
1399 1588 1648 1643 crimina-

86 1688 313 1742 tionibus
335 1728 350 1753 ,
380 1686 586 1741 veniam
614 1683 891 1739 concedes.
931 1682 1030 1750 Qui
1059 1681 1197 1734 illam
1229 1682 1318 1734 tibi
1343 1721 1360 1746 ,
1387 1681 1474 1750 qui
1501 1681 1650 1735 dete-

81 1797 203 1850 gere
231 1779 472 1849 possim?
497 1779 552 1834 Si
580 1777 790 1847 quidem
816 1776 957 1831 clare
986 1774 1164 1828 videre
1187 1775 1350 1828 velles
1373 1813 1389 1837 ,
1420 1787 1522 1827 non
1547 1774 1650 1827 alio

81 1874 239 1928 modo
265 1887 496 1942 possem,
511 1885 668 1941 quam
692 1884 783 1923 cor
797 1866 1090 1937 detegendo
1108 1881 1282 1920 meum
1305 1879 1455 1920 :cum
1475 1874 1648 1927 autem

80 1967 273 2020 idlieri
316 1973 578 2035 nequeat,
621 1977 714 2032 per
739 1961 1018 2015 obscuram
1059 1957 1339 2029 quamdam
1370 1958 1647 2025 imaginem

78 2075 172 2125 pro
211 2057 465 2112 facultate
490 2071 605 2110 mea
637 2053 900 2108 mmstitize
927 2067 1058 2105 mea:
1088 2051 1292 2104 interim
1321 2048 1519 2102 fumum
1550 2047 1644 2103 tibi

73 2149 359 2217 depingere
384 2145 642 2207 conabor;
669 2152 721 2198 tu
737 2159 862 2197 vero
877 2157 943 2196 ex
967 2143 1077 2210 ipsa
1095 2139 1319 2209 imagine
1344 2138 1645 2194 maestitiam

73 2240 246 2293 solum
295 2237 513 2304 colligas
561 2243 786 2304 Oportet.
837 2232 1204 2300 Supponamus
1253 2243 1372 2282 esse
1422 2228 1644 2297 puellam

69 2329 281 2382 cuidam
308 2328 645 2396 desponsam,
664 2325 801 2394 regis
829 2323 916 2392 qui
944 2322 1188 2375 universo
1216 2319 1329 2372 orbi
1345 2318 1646 2372 dominetur

71 2422 236 2473 filiam
260 2461 276 2483 ,
309 2417 642 2472 inenarrabili
690 2411 1072 2484 pulchritudine
1095 2451 1110 2478 ,
1144 2411 1212 2464 ita
1258 2419 1315 2462 ut
1363 2409 1643 2461 humanam

66 2511 413 2565 transcendat
455 2519 691 2563 naturam
717 2547 731 2572 ,
760 2513 814 2560 et
857 2504 954 2558 hac
996 2504 1049 2556 in
1091 2516 1150 2556 re
1190 2509 1354 2555 totum
1385 2499 1645 2552 muliebre

63 2619 238 2673 genus
267 2615 466 2671 magno
485 2598 767 2652 admodum
796 2594 1098 2650 discrimine
1134 2601 1346 2662 superet
1379 2604 1392 2644 :
1426 2590 1491 2645 ad
1531 2591 1646 2647 haec

59 2694 232 2747 animi
261 2693 453 2744 virtute
482 2700 621 2743 tanta
647 2731 662 2754 ,
693 2696 749 2741 ut
774 2690 1006 2740 virorum
1036 2699 1204 2754 genus
1230 2698 1411 2737 eorum
1442 2681 1528 2751 qui
1559 2681 1642 2735 vel

60 2797 184 2840 ante
237 2786 482 2847 fuerunt,
532 2781 613 2836 vel
661 2789 779 2849 post
819 2777 974 2831 futuri
1018 2786 1178 2841 sunt,
1226 2777 1381 2843 longo
1423 2782 1541 2842 post
1585 2788 1644 2828 se

59 2877 352 2930 intervallo
405 2873 702 2941 relinquat;
763 2883 1072 2937 morumque
1129 2866 1403 2920 honestate
1457 2879 1642 2918 omnes

56 2966 418 3036 plzilosOphia:
467 2962 716 3017 terminos
763 2959 1019 3022 excedat,
1067 2955 1322 3025 facieique
1369 2962 1644 3018 venustate

53 3072 383 3127 corporeum
429 3069 638 3108 omnem
680 3051 926 3106 decorem
972 3048 1220 3102 obscuret
1264 3062 1277 3098 :
1323 3059 1644 3114 procumque

53 3152 173 3219 ejus
205 3166 318 3203 non
350 3149 417 3201 ob
447 3162 507 3202 ea
539 3152 758 3206 tantum,
790 3157 905 3210 (tum
933 3140 1182 3201 diximus,
1214 3135 1431 3204 virginis
1461 3150 1642 3195 amore

51 3245 255 3298 ardere
279 3283 294 3306 ,
325 3239 420 3295 sed
464 3237 716 3309 prwterea
759 3236 864 3288 alio
891 3232 1069 3286 nescio
1107 3243 1211 3299 quo
1235 3243 1357 3298 erga
1385 3227 1526 3280 illam
1559 3226 1642 3279 fu-

50 3353 178 3390 rore
206 3334 354 3388 affici
381 3375 395 3397 ,
426 3332 494 3386 ita
524 3341 578 3384 ut
606 3327 964 3383 insanissimos
988 3363 1004 3390 ,
1035 3323 1121 3392 qui
1151 3336 1397 3390 umquam
1427 3317 1639 3382 fuerint,

49 3435 335 3480 amatores
364 3423 515 3491 longe
542 3431 686 3474 retro
716 3417 978 3484 relinquat
1001 3431 1014 3466 :
1040 3412 1162 3466 hinc
1188 3423 1443 3480 ponamus
1470 3409 1640 3471 illum,

47 3519 129 3574 sic
156 3529 357 3570 amore
385 3512 716 3582 flagrantem,
742 3505 984 3561 alicunde
1008 3503 1291 3568 audivisse,
1326 3500 1556 3554 futurum
1589 3510 1642 3553 ut

45 3610 299 3680 puellam
331 3607 471 3660 illam
501 3604 568 3658 ab
595 3617 653 3658 se
678 3601 972 3655 adamatam
997 3638 1011 3662 ,
1038 3595 1304 3649 vilissimae
1328 3594 1642 3648 conditionis

43 3707 129 3760 vir
155 3747 172 3771 ,
205 3699 465 3773 ignobilis
487 3739 502 3763 ,
546 3710 768 3764 corpore
798 3692 1012 3747 mutilus
1034 3731 1049 3752 ,
1077 3688 1416 3756 omniumque
1443 3697 1643 3739 morta-

41 3801 183 3853 lium
231 3794 595 3850 neouissimus
626 3791 676 3843 in
709 3801 925 3841 uxorem
967 3784 1140 3837 ducat.
1171 3783 1252 3835 An
1282 3780 1371 3834 tibi
1400 3780 1640 3848 exiguam

40 3890 264 3945 doloris
322 3884 492 3940 nostri
544 3879 822 3949 imaginem
867 3870 1402 3944 repra:sentavimus?
1445 3870 1644 3923 satisne

37 3985 144 4034 erit
173 3979 477 4048 imaginem
520 3973 789 4040 hucusque
813 3964 1135 4023 deduxisse?
1163 3963 1289 4016 Mea:
1314 3961 1640 4015 declaranda!

34 4073 336 4130 mcestitia:
363 4069 492 4122 satis
515 4080 633 4121 esse
658 4073 804 4133 puto,
829 4061 976 4128 cujus
993 4058 1145 4111 unius
1171 4067 1324 4108 causa
1343 4052 1640 4120 exemplum

35 4167 144 4219 hoc
197 4160 576 4216 adhibuimus.
621 4154 689 4210 Ut
729 4162 904 4206 autem
947 4160 1116 4202 metus
1157 4143 1493 4214 stuporisque
1540 4141 1644 4196 mei

30 4251 488 4326 magnitudinem
536 4247 628 4300 tibi
678 4242 845 4297 oculis
899 4237 1209 4306 subjiciam,
1262 4233 1327 4289 ad
1371 4231 1508 4285 aliud
1559 4248 1643 4284 me

27 4321 278 4402 confero
327 4339 654 4406 exemplum.
699 4335 962 4388 Ponamus
1007 4327 1294 4382 exercitum
1342 4321 1640 4392 peditibus,

24 4438 332 4509 equitibus
391 4429 718 4497 nauticisque
778 4423 903 4476 viris
958 4421 1268 4474 instructum
1317 4430 1332 4467 :
1384 4429 1447 4468 ac
1500 4429 1646 4468 mare

26 4529 272 4601 quidem
293 4523 509 4591 operiat
523 4518 815 4572 triremium
833 4525 1100 4574 numerus;
1117 4521 1427 4574 rursumque
1443 4521 1648 4574 eampo-

20 4595 153 4677 rum
186 4615 486 4688 planities,
506 4608 866 4675 montiumque
893 4603 1115 4656 vertices
1129 4609 1388 4667 occupent
1415 4595 1646 4664 peditum

19 4684 413 4781 equitumque
441 4701 725 4771 phalanges
759 4713 771 4748 :
805 4708 878 4748 :es
901 4705 1166 4746 armorum
1196 4689 1322 4742 solis
1364 4684 1646 4753 Splendore

18 4777 296 4860 re-luceat
321 4839 342 4862 ,
383 4805 544 4863 atque
574 4792 693 4844 hinc
719 4786 926 4842 emissis
949 4783 1108 4837 radiis
1134 4781 1402 4850 galearum
1429 4777 1644 4848 clypeo-

17 4907 277 4963 rumque
315 4883 622 4942 coruscatio
651 4883 884 4933 vibretur
915 4893 928 4928 :
961 4875 1226 4951 hastarum
1258 4870 1450 4938 fragor,
1479 4883 1646 4936 equo-

18 4961 278 5055 rumque
336 4976 580 5032 hinnitus
621 4970 900 5038 adipsum
945 4965 1129 5019 caelum
1175 4961 1370 5014 feratur
1414 4974 1428 5009 :
1479 4972 1648 5028 neque

18 5053 206 5141 mare,
227 5087 432 5141 neque
449 5078 588 5123 terra
606 5073 875 5134 appareat,
893 5059 984 5122 sed
1003 5073 1075 5111 aes
1096 5067 1149 5109 et
1173 5056 1363 5108 ferrum
1383 5053 1609 5122 undique
1630 5065 1643 5103 :

17 5173 289 5243 ipsisque
310 5159 669 5217 bellatoribus
682 5153 886 5207 adversi
902 5151 1014 5204 acie
1028 5153 1274 5201 instructa
1293 5153 1432 5198 stent
1447 5142 1649 5243 lito-stes,

15 5230 125 5320 feri
181 5230 438 5330 quidam
494 5260 773 5316 trucesque
825 5242 943 5296 viri.
1000 5241 1161 5293 lnstet
1211 5239 1317 5304 jam
1374 5230 1648 5286 conflictus

15 5325 255 5426 tempus
285 5367 302 5401 :
335 5346 472 5400 hinc
495 5350 703 5412 raptum
731 5336 989 5407 quispiam
1019 5330 1427 5392 adolescentem,
1453 5325 1502 5378 in
1524 5339 1650 5393 agro

15 5415 345 5504 educatum
378 5477 395 5502 ,
427 5434 515 5506 qui
560 5439 751 5501 prmter
781 5424 1102 5497 pastoritiam
1149 5421 1313 5492 lyram
1361 5427 1412 5471 et
1460 5415 1648 5484 pedum

15 5537 156 5595 nihil
196 5541 453 5604 prorsus
481 5525 613 5577 sciat
644 5537 660 5575 :
691 5520 965 5589 ipsumque
996 5521 1256 5567 armatura
1283 5524 1420 5564 aerea
1448 5506 1649 5604 induat,

15 5647 80 5684 ac
155 5595 270 5696 per
355 5624 530 5670 totum
595 5609 885 5666 exercitum
950 5601 1352 5663 circumducat,
1409 5595 1653 5652 ostendat

16 5691 368 5790 manipulos
417 5702 919 5771 'manipulorumque
970 5696 1255 5755 ductores,
1312 5691 1648 5760 sagittarios,

16 5780 394 5870 indi-tores.
429 5797 674 5852 Ordinum
719 5791 1016 5863 praefectos,
1050 5786 1233 5851 duces,
1265 5780 1650 5852 cataphractos,

1293 388 1382 446 DE
1417 389 1860 446 SACERDOTIO.
1899 388 2027 444 LIB.
2073 388 2155 444 Vl.

1767 502 1990 571 equites,
2031 501 2366 571 iaculatores,
2405 505 2666 571 triremes,
2701 507 2997 564 triremium
3029 510 3326 580 praefectos,

1764 595 1990 648 munitos
2006 595 2198 648 ibidem
2218 596 2430 662 milites,
2447 599 2804 654 machinarum
2819 602 3082 656 navalium
3099 605 3325 672 copiam:

1761 685 2004 741 ostendat
2027 687 2153 742 item
2178 687 2406 742 hostium
2430 689 2597 745 aciem
2621 691 2939 758 universam,
2959 694 3327 751 formidolosus

1760 788 2024 846 aspectus,
2059 794 2322 834 armorum
2363 791 2672 850 apparatum
2701 783 2985 852 diversum,
3019 787 3328 842 immensam

1761 868 2186 933 multitudinem,
2246 871 2448 937 valles,
2513 872 2618 926 alta
2685 875 3010 944 praecipitia,
3071 882 3326 933 montium

1760 959 2007 1014 scabrosa
2055 977 2069 1012 :
2117 960 2358 1014 ostendat
2401 963 2523 1016 item
2567 963 2706 1031 apud
2751 962 3078 1022 adversarios
3123 971 3328 1037 equites

1759 1050 2067 1120 quibusdam
2114 1054 2389 1122 praestigiis
2419 1054 2658 1109 volantes
2683 1095 2698 1115 .
2740 1065 2793 1110 et
2819 1057 3185 1126 cataphractos
3231 1075 3328 1129 per

1756 1157 1932 1196 aerem
1947 1144 2167 1201 delatos.
2183 1145 2457 1214 omnisque
2473 1146 2840 1201 incantationis
2852 1150 2954 1201 vim
2966 1150 3323 1220 Speciemque:

1757 1245 2026 1287 recenseat
2045 1234 2141 1302 ipsi
2158 1234 2413 1288 bellorum
2431 1235 2774 1298 calamitates,
2794 1237 3066 1292 missilium
3092 1240 3284 1296 nubem
3303 1283 3321 1307 ,

1757 1323 1979 1376 telorum
2012 1324 2255 1387 imbrem,
2275 1323 2398 1378 hinc
2424 1340 2662 1394 magnam
2683 1327 2958 1395 caliginem
2985 1337 3038 1383 et
3055 1331 3320 1395 tenebras,

1755 1412 2181 1467 obscurissimam
2211 1424 2441 1481 noctem,
2473 1431 2628 1484 quam
2659 1418 2966 1487 sagittarum
2995 1419 3076 1473 vis
3104 1420 3320 1486 efficiat,

1755 1504 1824 1556 ita
1867 1513 1924 1558 ut
1965 1504 2054 1558 illa
2096 1513 2238 1559 tanta
2278 1503 2569 1575 frequentia
2615 1508 2818 1563 solares
2855 1509 3029 1562 radios
3070 1519 3271 1565 avertat
3303 1529 3329 1566 :-

1753 1594 2023 1664 pulverem
2053 1611 2156 1649 non
2202 1595 2415 1658 minus,
2459 1612 2614 1665 quam
2665 1599 2947 1665 tenebras,
2993 1600 3176 1654 oculos
3221 1602 3320 1655 ob-

1753 1696 2093 1752 scurantem,
2146 1686 2415 1756 sanguinis
2466 1690 2645 1753 rivos,
2702 1689 2998 1742 cadentium
3052 1692 3318 1760 gemitus,

1753 1773 2008 1832 stantium
2057 1778 2358 1844 clamores,
2417 1790 2795 1848 prostratorum
2859 1795 3076 1836 acervos
3101 1823 3116 1846 ,
3176 1794 3321 1838 rotas

1752 1871 2004 1940 sanguine
2047 1871 2232 1924 tinctas
2257 1910 2272 1932 ,
2311 1886 2475 1939 equos
2517 1887 2637 1925 cum
2683 1873 2979 1926 sessoribus
3023 1870 3314 1943 praecipites

1751 1970 1897 2015 actos
1924 1976 1952 2013 a
1981 1961 2316 2016 multitudine
2356 1961 2668 2021 cadaverum
2692 2002 2710 2030 ,
2755 1973 2946 2018 terram
2975 1967 3174 2020 mixtim
3204 1968 3318 2022 hzee

1750 2052 1926 2106 omnia
1967 2051 2230 2106 tenentem
2254 2092 2269 2116 ,
2298 2053 2603 2121 sanguinem
2625 2091 2644 2119 ,
2673 2069 2826 2107 arcus
2848 2096 2862 2117 ,
2892 2055 2992 2108 tela
3019 2095 3031 2116 ,
3060 2072 3317 2124 equorum

1751 2142 1990 2212 ungulas,
2013 2142 2387 2212 hominumque
2402 2143 2573 2213 capita
2591 2145 2746 2198 simul
2765 2144 2992 2213 jacentia
3011 2156 3064 2201 ct
3081 2145 3313 2212 brachia,

1749 2235 1940 2287 collum
1966 2275 1981 2299 ,
2005 2228 2226 2300 tibiam,
2256 2241 2438 2302 pectus
2481 2233 2767 2288 dissectum
2792 2274 2806 2298 ,
2833 2234 3092 2290 cerebella
3131 2235 3319 2305 gladiis

1750 2324 1998 2379 luereutia
2025 2365 2040 2390 ,
2073 2325 2162 2379 teli
2206 2324 2480 2394 cuspidem
2522 2324 2790 2380 effractam
2814 2367 2832 2388 ,
2862 2327 3177 2396 oculumque
3218 2344 3317 2382 cett

1749 2415 2076 2470 inflbulatum
2128 2415 2407 2470 habentem
2456 2430 2471 2469 :
2520 2426 2732 2471 enarret
2777 2417 2902 2472 item
2955 2401 3148 2473 nautici
3194 2419 3316 2476 belli

1749 2507 1906 2574 mala,
1925 2507 2168 2562 triremes
2191 2507 2323 2562 alias
2353 2507 2540 2562 mediis
2565 2509 2616 2561 in
2646 2507 2888 2563 fluctibus
2911 2511 3314 2580 conflagrantes,

1747 2599 1878 2653 alias
1919 2613 2040 2652 cum
2083 2599 2335 2653 militibus
2382 2598 2510 2666 ipsis
2550 2598 2856 2664 demersas,
2909 2600 3159 2656 fluctuum
3205 2602 3318 2656 fra-

1745 2703 1965 2758 gorem,
2016 2698 2292 2743 nautarum
2347 2689 2667 2754 tumultum,
2716 2691 2936 2746 militum
2987 2693 3314 2760 clamorem,

1747 2780 1884 2833 unda
1930 2780 2284 2850 sanguineque
2314 2782 2528 2834 mixtam
2572 2795 2812 2848 spumam
2839 2823 2854 2844 ,
2885 2782 3231 2852 eamdemque
3263 2786 3313 2838 in

1748 2869 1968 2922 navibus
2009 2870 2163 2922 simul
2214 2869 2457 2923 omnibus
2506 2869 2926 2938 irrumpentem,
2973 2872 3026 2925 in
3070 2873 3316 2929 tabulatis

1746 2959 2038 3024 cadavera,
2087 2960 2186 3014 alia
2233 2960 2357 3013 item
2402 2960 2640 3014 demersa
2667 3001 2682 3023 ,
2729 2961 2831 3014 alia
2878 2965 3312 3031 supernatantia,

1745 3051 1844 3104 alia
1872 3059 2002 3103 :estu
2048 3051 2209 3103 maris
2233 3049 2299 3103 ad
2343 3049 2487 3103 littus
2527 3051 2743 3119 appulsa
2767 3090 2783 3114 ,
2813 3051 2913 3104 alia
2959 3053 3009 3105 in
3039 3053 3164 3120 ipsis
3208 3053 3312 3107 flu-

1745 3143 1918 3222 ctibus
1946 3143 2152 3209 obruta,
2172 3158 2289 3212 quae
2315 3141 2533 3197 navibus
2551 3143 2649 3196 iter
2671 3142 2948 3196 claudant:
2968 3145 3316 3214 omnibuSque

1747 3235 1868 3289 belli
1893 3234 2158 3304 tragmdiis
2187 3243 2430 3289 accurate
2459 3233 2723 3296 exhibitis,
2747 3233 2903 3287 addat
2922 3244 2976 3289 et
3000 3236 3317 3305 captivitatis

1746 3328 2110 3393 calamitates,
2158 3336 2212 3381 et
2260 3327 2402 3380 omni
2455 3336 2624 3380 morte
2669 3325 2935 3380 duriorem
2981 3329 3314 3383 servitutem.

1747 3419 1839 3473 liis
1863 3433 2021 3489 porro
2059 3417 2210 3470 dictis
2233 3458 2249 3480 ,
2276 3417 2462 3487 iubeat
2494 3431 2685 3486 equum
2714 3415 2888 3468 Statim
2916 3418 3273 3472 conscendere
3291 3459 3307 3482 ,

1748 3512 2086 3579 universique
2127 3510 2266 3565 illius
2294 3509 2557 3565 exercitus
2599 3508 2786 3563 ducem
2830 3523 3007 3577 agere.
3039 3511 3118 3562 An
3163 3516 3308 3578 putat

1746 3602 2196 3657 adolescentulum
2231 3601 2374 3654 illum
2393 3601 2474 3654 vel
2494 3600 2658 3653 solam
2679 3598 2868 3652 horum
2906 3593 3259 3653 narrationem
3290 3607 3327 3661 ,

1749 3695 1886 3748 ferre
1915 3707 2067 3761 posse
2092 3732 2106 3756 ,
2151 3707 2213 3743 ac
2256 3706 2362 3744 non
2405 3691 2579 3758 potius
2608 3689 2691 3742 vel
2719 3704 2748 3742 a
2779 3689 2949 3756 primo
2978 3690 3053 3742 rei
3096 3697 3313 3758 aspectu

1747 3786 1926 3836 animo
1947 3782 2272 3836 defecturam
2294 3781 2446 3834 esse?

1820 3875 1904 3928 l5.
1943 3872 2091 3926 Omni
2135 3888 2300 3941 pugna
2329 3870 2734 3924 vehementiorem
2776 3885 2881 3922 esse
2917 3868 3100 3920 diaboli
3128 3868 3181 3921 in
3226 3884 3317 3922 nos

1749 3964 2008 4019 assultum.
2114 3963 2188 4016 Ac
2205 3977 2271 4015 ne
2298 3970 2447 4029 putes
2471 3977 2555 4013 me
2569 3975 2682 4017 rem
2709 3960 2948 4013 oratione
2970 3959 3312 4026 amplificare,

1748 4069 1880 4109 neve
1921 4055 2041 4123 quia
2085 4038 2429 4119 hoccorpore
2457 4065 2552 4104 ceu
2578 4049 2804 4119 quodam
2847 4065 3058 4103 carcere
3086 4049 3314 4112 inclusi,

1750 4146 2087 4200 invisibilium
2119 4145 2244 4198 nihil
2278 4159 2492 4211 prorsus
2532 4158 2752 4197 cernere
2779 4157 3059 4210 possumus
3083 4182 3098 4204 ,
3129 4155 3316 4207 magna

1748 4253 1866 4292 eSse
1883 4237 2043 4291 ducas
2065 4251 2147 4298 ca,
2167 4252 2282 4304 qua:
2299 4253 2327 4288 a
2347 4250 2428 4289 me
2443 4234 2579 4288 dicta
2602 4243 2742 4288 sunt.
2763 4233 2924 4287 Multo
2951 4233 3047 4289 hac
3065 4233 3316 4300 majorem

1748 4339 1804 4384 et
1829 4329 2212 4383 horribiliorem
2243 4332 2466 4397 pugnam
2493 4325 2721 4390 videres,
2753 4325 2796 4378 si
2825 4324 3317 4394 caliginosissimam

1749 4421 1942 4476 diaboli
1988 4421 2190 4486 aciem,
2240 4419 2598 4488 furiosumque
2643 4419 2945 4472 conictum
2992 4417 3158 4477 oculis
3203 4418 3320 4471 istis

1750 4529 1970 4568 cernere
2013 4527 2213 4581 posses.
2241 4511 2356 4566 Non
2399 4513 2540 4566 enim
2585 4511 2691 4565 illic
2721 4511 2914 4565 ferrum
2953 4517 3043 4562 aut
3069 4524 3144 4564 ars
3164 4549 3181 4577 ,
3212 4526 3316 4562 non

1750 4608 1912 4677 equi,
1945 4620 2129 4660 currus
2171 4613 2226 4658 et
2265 4612 2396 4658 rotae
2419 4645 2435 4670 ,
2469 4619 2574 4657 non
2615 4602 2750 4672 ignis
2791 4610 2846 4656 et
2883 4601 2985 4656 tela
3008 4641 3026 4669 ,
3058 4615 3160 4654 non
3207 4601 3320 4654 haec

1754 4699 2004 4762 visibilia;
2029 4697 2119 4750 sed
2138 4697 2235 4749 alia
2256 4697 2420 4750 multo
2447 4695 2528 4748 his
2546 4694 2854 4749 terribiliora
2876 4694 3319 4747 machinamenta.

1752 4789 2082 4844 Atlversariis
2110 4789 2224 4841 istis
2257 4787 2383 4841 nihil
2411 4801 2544 4855 opus
2569 4795 2649 4840 est
2680 4785 2893 4838 thorace
2916 4825 2930 4848 ,
2960 4801 3061 4836 non
3090 4784 3278 4853 clypeo
3303 4824 3317 4844 ,

1753 4895 1855 4934 non
1884 4879 2098 4933 ensibus
2122 4887 2175 4932 et
2201 4878 2364 4932 hastis
2389 4892 2404 4941 ;
2435 4877 2527 4931 sed
2551 4876 2637 4931 vel
2661 4877 2804 4930 solus
2828 4873 3166 4929 exsecranda:
3189 4871 3320 4925 aciei

1754 4971 1997 5040 aspectus
2048 4969 2275 5022 animam
2305 4967 2594 5021 dissolvere
2645 4968 2851 5034 possit,
2885 4964 2984 5017 nisi
3036 4961 3319 5017 admodum

1752 5075 2008 5131 generosa
2037 5060 2192 5114 fuerit
2217 5103 2230 5122 ,
2261 5069 2314 5112 et
2340 5074 2448 5127 pra:
2474 5059 2666 5110 virtute
2693 5056 2904 5125 propria
2935 5054 3095 5106 multa
3120 5053 3321 5105 fruatur

1754 5169 1782 5206 a
1815 5154 1921 5206 Deo
1965 5151 2312 5221 providentia.
2343 5151 2419 5202 Ac
2462 5148 2506 5202 si
2552 5147 2661 5201 fieri
2712 5155 2886 5215 posset
2914 5155 2972 5198 ut
3014 5143 3116 5197 hoc
3160 5152 3320 5195 exuto

1754 5254 2013 5314 corpore,
2040 5243 2125 5298 vel
2169 5258 2287 5297 cum
2332 5241 2446 5310 ipso
2488 5236 2748 5309 carpore,
2777 5237 3059 5305 conspicue
3102 5250 3164 5289 ac
3207 5234 3321 5288 sine

1758 5337 1944 5388 timore
1987 5342 2150 5388 totam
2180 5331 2294 5401 ejus
2336 5331 2503 5385 aciem
2550 5338 2604 5382 et
2649 5327 2842 5381 bellum
2871 5335 3052 5408 centrft
3097 5341 3193 5379 nos
3238 5324 3321 5378 in-

1756 5434 2011 5479 structum
2057 5423 2185 5494 ipsis
2213 5422 2380 5476 oculis
2420 5435 2710 5475 cerneres:
2743 5417 2948 5471 videres
2991 5418 3169 5486 utique
3217 5431 3321 5471 non

1757 5516 2023 5585 sanguinis
2073 5521 2334 5568 torrentes
2357 5553 2372 5578 ,
2406 5528 2508 5565 non
2561 5509 2815 5563 cadavera
2841 5547 2858 5574 ,
2889 5507 2980 5561 sed
3028 5508 3320 5560 animarum

1757 5609 1936 5664 ruinas
1975 5616 2148 5661 tantas
2169 5647 2184 5671 ,
2213 5604 2452 5674 adeoque
2491 5602 2669 5673 gravia
2696 5600 2913 5654 vulnera
2937 5640 2953 5665 ,
2986 5607 3042 5652 ut
3087 5606 3193 5652 tota
3237 5596 3322 5651 illa

1873 5783 1945 5832 sic
1964 5779 2128 5830 Morel.
2149 5792 2163 5842 ;
2186 5777 2274 5828 sed
2291 5775 2428 5825 Suvil.
2456 5781 2506 5824 et
2525 5773 2705 5836 aliquot
2737 5779 2862 5828 Mss,
2880 5767 3242 5820 ordinationem.
