  <div class='ocr_page' id='page_1' title='image "/cluster/home/n/w/nwhite01/storage/ocr_20150623/48/hvd.32044014784250/173.png"; bbox 0 0 3922 6256; ppageno 0'>
   <div class='ocr_carea' id='block_1_1' title="bbox 539 393 632 450">
    <p class='ocr_par' dir='ltr' id='par_1_1' title="bbox 539 393 632 450">
     <span class='ocr_line' id='line_1_1' title="bbox 539 393 632 450; baseline -0.022 0"><span class='ocrx_word' id='word_1_1' title='bbox 539 393 632 450; x_wconf 75' lang='grc'><strong>691</strong></span> 
     </span>
    </p>
   </div>
   <div class='ocr_carea' id='block_1_2' title="bbox 541 505 2100 574">
    <p class='ocr_par' dir='ltr' id='par_1_2' title="bbox 541 505 2100 574">
     <span class='ocr_line' id='line_1_2' title="bbox 541 505 2100 574; baseline -0.003 -14"><span class='ocrx_word' id='word_1_2' title='bbox 541 506 664 560; x_wconf 82' lang='lat' dir='ltr'><strong>belli</strong></span> <span class='ocrx_word' id='word_1_3' title='bbox 715 505 1036 574; x_wconf 88' lang='lat' dir='ltr'><strong>descriptio,</strong></span> <span class='ocrx_word' id='word_1_4' title='bbox 1084 521 1241 574; x_wconf 88' lang='lat' dir='ltr'><strong>quam</strong></span> <span class='ocrx_word' id='word_1_5' title='bbox 1291 505 1448 559; x_wconf 88' lang='lat' dir='ltr'><strong>modo</strong></span> <span class='ocrx_word' id='word_1_6' title='bbox 1493 505 1764 572; x_wconf 81' lang='lat' dir='ltr'><strong>expressi,</strong></span> <span class='ocrx_word' id='word_1_7' title='bbox 1819 517 2100 572; x_wconf 90' lang='lat' dir='ltr'><strong>puerorum</strong></span> 
     </span>
    </p>
   </div>
   <div class='ocr_carea' id='block_1_3' title="bbox 538 594 2102 663">
    <p class='ocr_par' dir='ltr' id='par_1_3' title="bbox 538 594 2102 663">
     <span class='ocr_line' id='line_1_3' title="bbox 538 594 2102 663; baseline -0.001 -14"><span class='ocrx_word' id='word_1_8' title='bbox 538 598 920 650; x_wconf 86' lang='lat' dir='ltr'><strong>oblectamenta</strong></span> <span class='ocrx_word' id='word_1_9' title='bbox 971 604 1026 650; x_wconf 91' lang='lat' dir='ltr'><strong>et</strong></span> <span class='ocrx_word' id='word_1_10' title='bbox 1073 595 1182 650; x_wconf 89' lang='lat' dir='ltr'><strong>ludi</strong></span> <span class='ocrx_word' id='word_1_11' title='bbox 1232 611 1350 650; x_wconf 91' lang='lat' dir='ltr'><strong>esse</strong></span> <span class='ocrx_word' id='word_1_12' title='bbox 1377 596 1653 649; x_wconf 90' lang='lat' dir='ltr'><strong>videantur</strong></span> <span class='ocrx_word' id='word_1_13' title='bbox 1705 594 1914 663; x_wconf 89' lang='lat' dir='ltr'><strong>potius,</strong></span> <span class='ocrx_word' id='word_1_14' title='bbox 1945 603 2102 662; x_wconf 88' lang='lat' dir='ltr'><strong>quam</strong></span> 
     </span>
    </p>
   </div>
   <div class='ocr_carea' id='block_1_4' title="bbox 539 685 2102 755">
    <p class='ocr_par' dir='ltr' id='par_1_4' title="bbox 539 685 2102 755">
     <span class='ocr_line' id='line_1_4' title="bbox 539 685 2102 755; baseline -0.001 -15"><span class='ocrx_word' id='word_1_15' title='bbox 539 687 778 740; x_wconf 92' lang='lat' dir='ltr'><strong>bellum:</strong></span> <span class='ocrx_word' id='word_1_16' title='bbox 815 697 916 738; x_wconf 91' lang='lat' dir='ltr'><strong>tam</strong></span> <span class='ocrx_word' id='word_1_17' title='bbox 961 687 1106 740; x_wconf 88' lang='lat' dir='ltr'><strong>multi</strong></span> <span class='ocrx_word' id='word_1_18' title='bbox 1153 686 1353 740; x_wconf 89' lang='lat' dir='ltr'><strong>scilicet</strong></span> <span class='ocrx_word' id='word_1_19' title='bbox 1396 687 1428 740; x_wconf 90' lang='lat' dir='ltr'><strong>ii</strong></span> <span class='ocrx_word' id='word_1_20' title='bbox 1473 686 1707 755; x_wconf 90' lang='lat' dir='ltr'><strong>suntqui</strong></span> <span class='ocrx_word' id='word_1_21' title='bbox 1747 686 1978 755; x_wconf 90' lang='lat' dir='ltr'><strong>quotidie</strong></span> <span class='ocrx_word' id='word_1_22' title='bbox 2023 685 2102 740; x_wconf 89' lang='lat' dir='ltr'><strong>fe-</strong></span> 
     </span>
    </p>
   </div>
   <div class='ocr_carea' id='block_1_5' title="bbox 541 777 2100 840">
    <p class='ocr_par' dir='ltr' id='par_1_5' title="bbox 541 777 2100 840">
     <span class='ocr_line' id='line_1_5' title="bbox 541 777 2100 840; baseline -0.003 -7"><span class='ocrx_word' id='word_1_23' title='bbox 541 782 766 833; x_wconf 85' lang='lat' dir='ltr'><strong>riuntur.</strong></span> <span class='ocrx_word' id='word_1_24' title='bbox 790 777 1021 833; x_wconf 76' lang='lat' dir='ltr'><strong>Vulnera</strong></span> <span class='ocrx_word' id='word_1_25' title='bbox 1045 789 1220 832; x_wconf 87' lang='lat' dir='ltr'><strong>autem</strong></span> <span class='ocrx_word' id='word_1_26' title='bbox 1247 794 1348 832; x_wconf 90' lang='lat' dir='ltr'><strong>non</strong></span> <span class='ocrx_word' id='word_1_27' title='bbox 1373 779 1609 831; x_wconf 90' lang='lat' dir='ltr'><strong>eamdem</strong></span> <span class='ocrx_word' id='word_1_28' title='bbox 1638 778 1868 831; x_wconf 88' lang='lat' dir='ltr'><strong>inferunt</strong></span> <span class='ocrx_word' id='word_1_29' title='bbox 1894 791 2100 840; x_wconf 84' lang='lat' dir='ltr'><strong>necem,</strong></span> 
     </span>
    </p>
   </div>
   <div class='ocr_carea' id='block_1_6' title="bbox 543 867 2101 938">
    <p class='ocr_par' dir='ltr' id='par_1_6' title="bbox 543 867 2101 938">
     <span class='ocr_line' id='line_1_6' title="bbox 543 867 2101 938; baseline -0.003 -15"><span class='ocrx_word' id='word_1_30' title='bbox 543 871 630 924; x_wconf 74' lang='lat' dir='ltr'><strong>sed</strong></span> <span class='ocrx_word' id='word_1_31' title='bbox 657 881 911 938; x_wconf 59' lang='lat' dir='ltr'><strong>quantum</strong></span> <span class='ocrx_word' id='word_1_32' title='bbox 939 878 1020 923; x_wconf 89' lang='lat' dir='ltr'><strong>est</strong></span> <span class='ocrx_word' id='word_1_33' title='bbox 1061 869 1200 924; x_wconf 88' lang='lat' dir='ltr'><strong>inter</strong></span> <span class='ocrx_word' id='word_1_34' title='bbox 1227 870 1455 922; x_wconf 81' lang='lat' dir='ltr'><strong>animam</strong></span> <span class='ocrx_word' id='word_1_35' title='bbox 1485 877 1539 921; x_wconf 91' lang='lat' dir='ltr'><strong>et</strong></span> <span class='ocrx_word' id='word_1_36' title='bbox 1565 882 1756 935; x_wconf 90' lang='lat' dir='ltr'><strong>corpus</strong></span> <span class='ocrx_word' id='word_1_37' title='bbox 1781 867 2061 920; x_wconf 90' lang='lat' dir='ltr'><strong>discrimen</strong></span> <span class='ocrx_word' id='word_1_38' title='bbox 2086 906 2101 929; x_wconf 90' lang='lat'><strong>,</strong></span> 
     </span>
    </p>
   </div>
   <div class='ocr_carea' id='block_1_7' title="bbox 541 955 2102 1015">
    <p class='ocr_par' dir='ltr' id='par_1_7' title="bbox 541 955 2102 1015">
     <span class='ocr_line' id='line_1_7' title="bbox 541 955 2102 1015; baseline -0.003 -1"><span class='ocrx_word' id='word_1_39' title='bbox 541 968 682 1015; x_wconf 83' lang='lat' dir='ltr'><strong>tanta</strong></span> <span class='ocrx_word' id='word_1_40' title='bbox 726 971 809 1014; x_wconf 91' lang='lat' dir='ltr'><strong>est</strong></span> <span class='ocrx_word' id='word_1_41' title='bbox 851 960 988 1014; x_wconf 82' lang='lat' dir='ltr'><strong>inter</strong></span> <span class='ocrx_word' id='word_1_42' title='bbox 1031 961 1164 1014; x_wconf 89' lang='lat' dir='ltr'><strong>hanc</strong></span> <span class='ocrx_word' id='word_1_43' title='bbox 1205 968 1260 1013; x_wconf 92' lang='lat' dir='ltr'><strong>et</strong></span> <span class='ocrx_word' id='word_1_44' title='bbox 1301 960 1442 1014; x_wconf 82' lang='lat' dir='ltr'><strong>illam</strong></span> <span class='ocrx_word' id='word_1_45' title='bbox 1472 957 1780 1012; x_wconf 74' lang='lat' dir='ltr'><strong>differentia.</strong></span> <span class='ocrx_word' id='word_1_46' title='bbox 1811 955 1940 1011; x_wconf 83' lang='lat' dir='ltr'><strong>Nam</strong></span> <span class='ocrx_word' id='word_1_47' title='bbox 1985 972 2102 1010; x_wconf 91' lang='lat' dir='ltr'><strong>cum</strong></span> 
     </span>
    </p>
   </div>
   <div class='ocr_carea' id='block_1_8' title="bbox 534 1050 2107 1121">
    <p class='ocr_par' dir='ltr' id='par_1_8' title="bbox 534 1050 2107 1121">
     <span class='ocr_line' id='line_1_8' title="bbox 534 1050 2107 1121; baseline 0.002 -20"><span class='ocrx_word' id='word_1_48' title='bbox 534 1055 712 1106; x_wconf 87' lang='lat' dir='ltr'><strong>anima</strong></span> <span class='ocrx_word' id='word_1_49' title='bbox 745 1053 944 1121; x_wconf 79' lang='lat' dir='ltr'><strong>plagam</strong></span> <span class='ocrx_word' id='word_1_50' title='bbox 974 1053 1162 1121; x_wconf 87' lang='lat' dir='ltr'><strong>accipit</strong></span> <span class='ocrx_word' id='word_1_51' title='bbox 1201 1060 1255 1106; x_wconf 90' lang='lat' dir='ltr'><strong>et</strong></span> <span class='ocrx_word' id='word_1_52' title='bbox 1290 1052 1468 1118; x_wconf 91' lang='lat' dir='ltr'><strong>cadit,</strong></span> <span class='ocrx_word' id='word_1_53' title='bbox 1509 1066 1613 1105; x_wconf 92' lang='lat' dir='ltr'><strong>non</strong></span> <span class='ocrx_word' id='word_1_54' title='bbox 1641 1051 1757 1105; x_wconf 85' lang='lat' dir='ltr'><strong>sine</strong></span> <span class='ocrx_word' id='word_1_55' title='bbox 1785 1066 1942 1104; x_wconf 91' lang='lat' dir='ltr'><strong>sensu</strong></span> <span class='ocrx_word' id='word_1_56' title='bbox 1965 1050 2107 1120; x_wconf 81' lang='lat' dir='ltr'><strong>jacet</strong></span> 
     </span>
    </p>
   </div>
   <div class='ocr_carea' id='block_1_9' title="bbox 539 1143 2102 1212">
    <p class='ocr_par' dir='ltr' id='par_1_9' title="bbox 539 1143 2102 1212">
     <span class='ocr_line' id='line_1_9' title="bbox 539 1143 2102 1212; baseline -0.001 -14"><span class='ocrx_word' id='word_1_57' title='bbox 539 1153 599 1199; x_wconf 92' lang='lat' dir='ltr'><strong>ut</strong></span> <span class='ocrx_word' id='word_1_58' title='bbox 640 1159 869 1212; x_wconf 78' lang='lat' dir='ltr'><strong>carpus;</strong></span> <span class='ocrx_word' id='word_1_59' title='bbox 899 1143 991 1198; x_wconf 88' lang='lat' dir='ltr'><strong>sed</strong></span> <span class='ocrx_word' id='word_1_60' title='bbox 1029 1144 1138 1212; x_wconf 91' lang='lat' dir='ltr'><strong>jam</strong></span> <span class='ocrx_word' id='word_1_61' title='bbox 1179 1145 1302 1198; x_wconf 90' lang='lat' dir='ltr'><strong>inde</strong></span> <span class='ocrx_word' id='word_1_62' title='bbox 1343 1161 1406 1198; x_wconf 81' lang='lat' dir='ltr'><strong>ex</strong></span> <span class='ocrx_word' id='word_1_63' title='bbox 1433 1144 1586 1197; x_wconf 86' lang='lat' dir='ltr'><strong>mala.</strong></span> <span class='ocrx_word' id='word_1_64' title='bbox 1610 1144 1931 1199; x_wconf 84' lang='lat' dir='ltr'><strong>conscientia</strong></span> <span class='ocrx_word' id='word_1_65' title='bbox 1972 1158 2102 1197; x_wconf 92' lang='lat' dir='ltr'><strong>con-</strong></span> 
     </span>
    </p>
   </div>
   <div class='ocr_carea' id='block_1_10' title="bbox 542 1233 2106 1304">
    <p class='ocr_par' dir='ltr' id='par_1_10' title="bbox 542 1233 2106 1304">
     <span class='ocr_line' id='line_1_10' title="bbox 542 1233 2106 1304; baseline 0.002 -19"><span class='ocrx_word' id='word_1_66' title='bbox 542 1234 799 1299; x_wconf 91' lang='lat' dir='ltr'><strong>tabescit,</strong></span> <span class='ocrx_word' id='word_1_67' title='bbox 831 1243 949 1302; x_wconf 89' lang='lat' dir='ltr'><strong>post</strong></span> <span class='ocrx_word' id='word_1_68' title='bbox 974 1234 1169 1286; x_wconf 91' lang='lat' dir='ltr'><strong>obitum</strong></span> <span class='ocrx_word' id='word_1_69' title='bbox 1203 1249 1328 1287; x_wconf 89' lang='lat' dir='ltr'><strong>vero</strong></span> <span class='ocrx_word' id='word_1_70' title='bbox 1351 1277 1366 1299; x_wconf 88' lang='lat'><strong>,</strong></span> <span class='ocrx_word' id='word_1_71' title='bbox 1390 1233 1572 1304; x_wconf 92' lang='lat' dir='ltr'><strong>judicii</strong></span> <span class='ocrx_word' id='word_1_72' title='bbox 1602 1243 1838 1302; x_wconf 89' lang='lat' dir='ltr'><strong>tempore</strong></span> <span class='ocrx_word' id='word_1_73' title='bbox 1859 1274 1874 1298; x_wconf 93' lang='lat'><strong>,</strong></span> <span class='ocrx_word' id='word_1_74' title='bbox 1905 1244 2106 1288; x_wconf 86' lang='lat' dir='ltr'><strong>:eterno</strong></span> 
     </span>
    </p>
   </div>
   <div class='ocr_carea' id='block_1_11' title="bbox 541 1324 2110 1396">
    <p class='ocr_par' dir='ltr' id='par_1_11' title="bbox 541 1324 2110 1396">
     <span class='ocr_line' id='line_1_11' title="bbox 541 1324 2110 1396; baseline 0.001 -20"><span class='ocrx_word' id='word_1_75' title='bbox 541 1324 764 1377; x_wconf 88' lang='lat' dir='ltr'><strong>traditur</strong></span> <span class='ocrx_word' id='word_1_76' title='bbox 790 1325 1063 1394; x_wconf 89' lang='lat' dir='ltr'><strong>supplicio.</strong></span> <span class='ocrx_word' id='word_1_77' title='bbox 1095 1325 1245 1392; x_wconf 85' lang='lat' dir='ltr'><strong>Quod</strong></span> <span class='ocrx_word' id='word_1_78' title='bbox 1271 1326 1314 1380; x_wconf 92' lang='lat' dir='ltr'><strong>si</strong></span> <span class='ocrx_word' id='word_1_79' title='bbox 1357 1327 1474 1396; x_wconf 88' lang='lat' dir='ltr'><strong>quis</strong></span> <span class='ocrx_word' id='word_1_80' title='bbox 1503 1325 1569 1380; x_wconf 89' lang='lat' dir='ltr'><strong>de</strong></span> <span class='ocrx_word' id='word_1_81' title='bbox 1607 1325 1909 1379; x_wconf 89' lang='lat' dir='ltr'><strong>vulneribus</strong></span> <span class='ocrx_word' id='word_1_82' title='bbox 1937 1341 1966 1378; x_wconf 94' lang='lat' dir='ltr'><strong>a</strong></span> <span class='ocrx_word' id='word_1_83' title='bbox 1995 1325 2110 1379; x_wconf 86' lang='lat' dir='ltr'><strong>dia-</strong></span> 
     </span>
    </p>
   </div>
   <div class='ocr_carea' id='block_1_12' title="bbox 542 1412 2106 1483">
    <p class='ocr_par' dir='ltr' id='par_1_12' title="bbox 542 1412 2106 1483">
     <span class='ocr_line' id='line_1_12' title="bbox 542 1412 2106 1483; baseline 0.003 -19"><span class='ocrx_word' id='word_1_84' title='bbox 542 1412 663 1465; x_wconf 86' lang='lat' dir='ltr'><strong>bolo</strong></span> <span class='ocrx_word' id='word_1_85' title='bbox 708 1413 916 1467; x_wconf 82' lang='lat' dir='ltr'><strong>inllictis</strong></span> <span class='ocrx_word' id='word_1_86' title='bbox 957 1415 1087 1468; x_wconf 89' lang='lat' dir='ltr'><strong>nihil</strong></span> <span class='ocrx_word' id='word_1_87' title='bbox 1133 1414 1346 1480; x_wconf 87' lang='lat' dir='ltr'><strong>doleat,</strong></span> <span class='ocrx_word' id='word_1_88' title='bbox 1395 1415 1563 1483; x_wconf 86' lang='lat' dir='ltr'><strong>majus</strong></span> <span class='ocrx_word' id='word_1_89' title='bbox 1605 1414 1701 1482; x_wconf 86' lang='lat' dir='ltr'><strong>ipsi</strong></span> <span class='ocrx_word' id='word_1_90' title='bbox 1745 1414 1993 1468; x_wconf 85' lang='lat' dir='ltr'><strong>damnum</strong></span> <span class='ocrx_word' id='word_1_91' title='bbox 2041 1429 2106 1468; x_wconf 80' lang='lat' dir='ltr'><strong>ex</strong></span> 
     </span>
    </p>
   </div>
   <div class='ocr_carea' id='block_1_13' title="bbox 538 1503 2107 1574">
    <p class='ocr_par' dir='ltr' id='par_1_13' title="bbox 538 1503 2107 1574">
     <span class='ocr_line' id='line_1_13' title="bbox 538 1503 2107 1574; baseline 0.001 -19"><span class='ocrx_word' id='word_1_92' title='bbox 538 1503 825 1558; x_wconf 82' lang='lat' dir='ltr'><strong>indolentia</strong></span> <span class='ocrx_word' id='word_1_93' title='bbox 852 1505 937 1558; x_wconf 86' lang='lat' dir='ltr'><strong>illa</strong></span> <span class='ocrx_word' id='word_1_94' title='bbox 967 1504 1216 1574; x_wconf 80' lang='lat' dir='ltr'><strong>infligitur</strong></span> <span class='ocrx_word' id='word_1_95' title='bbox 1247 1523 1260 1559; x_wconf 94' lang='lat'>:</span> <span class='ocrx_word' id='word_1_96' title='bbox 1292 1520 1446 1574; x_wconf 89' lang='lat' dir='ltr'><strong>quem</strong></span> <span class='ocrx_word' id='word_1_97' title='bbox 1472 1505 1611 1559; x_wconf 91' lang='lat' dir='ltr'><strong>enim</strong></span> <span class='ocrx_word' id='word_1_98' title='bbox 1657 1505 1799 1573; x_wconf 89' lang='lat' dir='ltr'><strong>prior</strong></span> <span class='ocrx_word' id='word_1_99' title='bbox 1825 1505 1973 1574; x_wconf 82' lang='lat' dir='ltr'><strong>plaga</strong></span> <span class='ocrx_word' id='word_1_100' title='bbox 2003 1521 2107 1558; x_wconf 92' lang='lat' dir='ltr'><strong>non</strong></span> 
     </span>
    </p>
   </div>
   <div class='ocr_carea' id='block_1_14' title="bbox 542 1593 2109 1662">
    <p class='ocr_par' dir='ltr' id='par_1_14' title="bbox 542 1593 2109 1662">
     <span class='ocr_line' id='line_1_14' title="bbox 542 1593 2109 1662; baseline 0.003 -16"><span class='ocrx_word' id='word_1_101' title='bbox 542 1595 787 1659; x_wconf 87' lang='lat' dir='ltr'><strong>mordet,</strong></span> <span class='ocrx_word' id='word_1_102' title='bbox 833 1595 876 1648; x_wconf 90' lang='lat' dir='ltr'><strong>is</strong></span> <span class='ocrx_word' id='word_1_103' title='bbox 901 1595 1186 1649; x_wconf 88' lang='lat' dir='ltr'><strong>secundam</strong></span> <span class='ocrx_word' id='word_1_104' title='bbox 1215 1604 1268 1650; x_wconf 91' lang='lat' dir='ltr'><strong>ct</strong></span> <span class='ocrx_word' id='word_1_105' title='bbox 1293 1594 1515 1649; x_wconf 86' lang='lat' dir='ltr'><strong>subinde</strong></span> <span class='ocrx_word' id='word_1_106' title='bbox 1540 1594 1694 1648; x_wconf 90' lang='lat' dir='ltr'><strong>aliam</strong></span> <span class='ocrx_word' id='word_1_107' title='bbox 1725 1593 1874 1648; x_wconf 82' lang='lat' dir='ltr'><strong>facile</strong></span> <span class='ocrx_word' id='word_1_108' title='bbox 1901 1595 2109 1662; x_wconf 86' lang='lat' dir='ltr'><strong>recipit.</strong></span> 
     </span>
    </p>
   </div>
   <div class='ocr_carea' id='block_1_15' title="bbox 539 1684 2106 1755">
    <p class='ocr_par' dir='ltr' id='par_1_15' title="bbox 539 1684 2106 1755">
     <span class='ocr_line' id='line_1_15' title="bbox 539 1684 2106 1755; baseline -0.001 -16"><span class='ocrx_word' id='word_1_109' title='bbox 539 1684 810 1754; x_wconf 84' lang='lat' dir='ltr'><strong>Siquidem</strong></span> <span class='ocrx_word' id='word_1_110' title='bbox 851 1685 1082 1740; x_wconf 90' lang='lat' dir='ltr'><strong>nefarius</strong></span> <span class='ocrx_word' id='word_1_111' title='bbox 1123 1686 1209 1740; x_wconf 89' lang='lat' dir='ltr'><strong>ille</strong></span> <span class='ocrx_word' id='word_1_112' title='bbox 1239 1700 1406 1755; x_wconf 90' lang='lat' dir='ltr'><strong>usque</strong></span> <span class='ocrx_word' id='word_1_113' title='bbox 1448 1685 1512 1738; x_wconf 92' lang='lat' dir='ltr'><strong>ad</strong></span> <span class='ocrx_word' id='word_1_114' title='bbox 1543 1695 1841 1740; x_wconf 76' lang='lat' dir='ltr'><strong>extremum</strong></span> <span class='ocrx_word' id='word_1_115' title='bbox 1887 1684 2106 1738; x_wconf 89' lang='lat' dir='ltr'><strong>halitum</strong></span> 
     </span>
    </p>
   </div>
   <div class='ocr_carea' id='block_1_16' title="bbox 542 1774 2111 1844">
    <p class='ocr_par' dir='ltr' id='par_1_16' title="bbox 542 1774 2111 1844">
     <span class='ocr_line' id='line_1_16' title="bbox 542 1774 2111 1844; baseline -0.001 -15"><span class='ocrx_word' id='word_1_116' title='bbox 542 1791 826 1844; x_wconf 85' lang='lat' dir='ltr'><strong>numquam</strong></span> <span class='ocrx_word' id='word_1_117' title='bbox 869 1778 1025 1830; x_wconf 86' lang='lat' dir='ltr'><strong>linem</strong></span> <span class='ocrx_word' id='word_1_118' title='bbox 1053 1775 1274 1830; x_wconf 84' lang='lat' dir='ltr'><strong>feriendi</strong></span> <span class='ocrx_word' id='word_1_119' title='bbox 1316 1775 1479 1841; x_wconf 82' lang='lat' dir='ltr'><strong>facit,</strong></span> <span class='ocrx_word' id='word_1_120' title='bbox 1509 1776 1554 1832; x_wconf 91' lang='lat' dir='ltr'><strong>si</strong></span> <span class='ocrx_word' id='word_1_121' title='bbox 1597 1775 1837 1843; x_wconf 88' lang='lat' dir='ltr'><strong>supinam</strong></span> <span class='ocrx_word' id='word_1_122' title='bbox 1881 1774 2111 1828; x_wconf 81' lang='lat' dir='ltr'><strong>inveniat</strong></span> 
     </span>
    </p>
   </div>
   <div class='ocr_carea' id='block_1_17' title="bbox 539 1868 2109 1937">
    <p class='ocr_par' dir='ltr' id='par_1_17' title="bbox 539 1868 2109 1937">
     <span class='ocr_line' id='line_1_17' title="bbox 539 1868 2109 1937; baseline 0.001 -18"><span class='ocrx_word' id='word_1_123' title='bbox 539 1869 768 1921; x_wconf 87' lang='lat' dir='ltr'><strong>animam</strong></span> <span class='ocrx_word' id='word_1_124' title='bbox 793 1908 808 1925; x_wconf 91' lang='lat'><strong>.</strong></span> <span class='ocrx_word' id='word_1_125' title='bbox 842 1869 1148 1937; x_wconf 83' lang='lat' dir='ltr'><strong>prioresque</strong></span> <span class='ocrx_word' id='word_1_126' title='bbox 1197 1868 1373 1937; x_wconf 82' lang='lat' dir='ltr'><strong>plagas</strong></span> <span class='ocrx_word' id='word_1_127' title='bbox 1421 1876 1884 1929; x_wconf 82' lang='lat' dir='ltr'><strong>contemnentem;</strong></span> <span class='ocrx_word' id='word_1_128' title='bbox 1915 1868 2109 1921; x_wconf 89' lang='lat' dir='ltr'><strong>etenim</strong></span> 
     </span>
    </p>
   </div>
   <div class='ocr_carea' id='block_1_18' title="bbox 540 1958 2112 2026">
    <p class='ocr_par' dir='ltr' id='par_1_18' title="bbox 540 1958 2112 2026">
     <span class='ocr_line' id='line_1_18' title="bbox 540 1958 2112 2026; baseline -0.001 -14"><span class='ocrx_word' id='word_1_129' title='bbox 540 1960 583 2012; x_wconf 91' lang='lat' dir='ltr'><strong>si</strong></span> <span class='ocrx_word' id='word_1_130' title='bbox 625 1960 900 2013; x_wconf 82' lang='lat' dir='ltr'><strong>conflictus</strong></span> <span class='ocrx_word' id='word_1_131' title='bbox 947 1959 1158 2013; x_wconf 87' lang='lat' dir='ltr'><strong>modum</strong></span> <span class='ocrx_word' id='word_1_132' title='bbox 1207 1959 1506 2026; x_wconf 79' lang='lat' dir='ltr'><strong>expendere</strong></span> <span class='ocrx_word' id='word_1_133' title='bbox 1549 1959 1715 2024; x_wconf 83' lang='lat' dir='ltr'><strong>velis,</strong></span> <span class='ocrx_word' id='word_1_134' title='bbox 1767 1959 1906 2013; x_wconf 88' lang='lat' dir='ltr'><strong>hunc</strong></span> <span class='ocrx_word' id='word_1_135' title='bbox 1949 1958 2112 2013; x_wconf 86' lang='lat' dir='ltr'><strong>velte-</strong></span> 
     </span>
    </p>
   </div>
   <div class='ocr_carea' id='block_1_19' title="bbox 541 2049 2111 2120">
    <p class='ocr_par' dir='ltr' id='par_1_19' title="bbox 541 2049 2111 2120">
     <span class='ocr_line' id='line_1_19' title="bbox 541 2049 2111 2120; baseline 0 -16"><span class='ocrx_word' id='word_1_136' title='bbox 541 2052 891 2116; x_wconf 80' lang='lat' dir='ltr'><strong>meutiorem,</strong></span> <span class='ocrx_word' id='word_1_137' title='bbox 947 2050 1375 2120; x_wconf 86' lang='lat' dir='ltr'><strong>callidioremque</strong></span> <span class='ocrx_word' id='word_1_138' title='bbox 1431 2049 1684 2118; x_wconf 87' lang='lat' dir='ltr'><strong>reperias.</strong></span> <span class='ocrx_word' id='word_1_139' title='bbox 1738 2050 1920 2117; x_wconf 87' lang='lat' dir='ltr'><strong>Neque</strong></span> <span class='ocrx_word' id='word_1_140' title='bbox 1969 2050 2111 2104; x_wconf 88' lang='lat' dir='ltr'><strong>enim</strong></span> 
     </span>
    </p>
   </div>
   <div class='ocr_carea' id='block_1_20' title="bbox 540 2141 2109 2210">
    <p class='ocr_par' dir='ltr' id='par_1_20' title="bbox 540 2141 2109 2210">
     <span class='ocr_line' id='line_1_20' title="bbox 540 2141 2109 2210; baseline 0 -18"><span class='ocrx_word' id='word_1_141' title='bbox 540 2141 816 2209; x_wconf 82' lang='lat' dir='ltr'><strong>quisquam</strong></span> <span class='ocrx_word' id='word_1_142' title='bbox 845 2151 945 2204; x_wconf 86' lang='lat' dir='ltr'><strong>est,</strong></span> <span class='ocrx_word' id='word_1_143' title='bbox 970 2143 1057 2210; x_wconf 92' lang='lat' dir='ltr'><strong>qui</strong></span> <span class='ocrx_word' id='word_1_144' title='bbox 1088 2141 1286 2194; x_wconf 81' lang='lat' dir='ltr'><strong>fraudis</strong></span> <span class='ocrx_word' id='word_1_145' title='bbox 1312 2151 1365 2194; x_wconf 94' lang='lat' dir='ltr'><strong>et</strong></span> <span class='ocrx_word' id='word_1_146' title='bbox 1390 2141 1494 2194; x_wconf 93' lang='lat' dir='ltr'><strong>doli</strong></span> <span class='ocrx_word' id='word_1_147' title='bbox 1523 2149 1691 2194; x_wconf 86' lang='lat' dir='ltr'><strong>tantas</strong></span> <span class='ocrx_word' id='word_1_148' title='bbox 1718 2143 1924 2208; x_wconf 88' lang='lat' dir='ltr'><strong>species</strong></span> <span class='ocrx_word' id='word_1_149' title='bbox 1950 2142 2109 2205; x_wconf 89' lang='lat' dir='ltr'><strong>norit,</strong></span> 
     </span>
    </p>
   </div>
   <div class='ocr_carea' id='block_1_21' title="bbox 541 2232 2110 2302">
    <p class='ocr_par' dir='ltr' id='par_1_21' title="bbox 541 2232 2110 2302">
     <span class='ocr_line' id='line_1_21' title="bbox 541 2232 2110 2302; baseline 0.001 -18"><span class='ocrx_word' id='word_1_150' title='bbox 541 2240 766 2300; x_wconf 88' lang='lat' dir='ltr'><strong>quantas</strong></span> <span class='ocrx_word' id='word_1_151' title='bbox 812 2232 900 2286; x_wconf 92' lang='lat' dir='ltr'><strong>ille</strong></span> <span class='ocrx_word' id='word_1_152' title='bbox 942 2234 1198 2287; x_wconf 86' lang='lat' dir='ltr'><strong>scelestus</strong></span> <span class='ocrx_word' id='word_1_153' title='bbox 1230 2250 1244 2287; x_wconf 91' lang='lat'><strong>:</strong></span> <span class='ocrx_word' id='word_1_154' title='bbox 1276 2247 1446 2302; x_wconf 91' lang='lat' dir='ltr'><strong>neque</strong></span> <span class='ocrx_word' id='word_1_155' title='bbox 1498 2233 1796 2288; x_wconf 89' lang='lat' dir='ltr'><strong>inimicitias</strong></span> <span class='ocrx_word' id='word_1_156' title='bbox 1841 2234 1957 2302; x_wconf 83' lang='lat' dir='ltr'><strong>quis</strong></span> <span class='ocrx_word' id='word_1_157' title='bbox 2003 2241 2110 2286; x_wconf 90' lang='lat' dir='ltr'><strong>tam</strong></span> 
     </span>
    </p>
   </div>
   <div class='ocr_carea' id='block_1_22' title="bbox 542 2323 2112 2392">
    <p class='ocr_par' dir='ltr' id='par_1_22' title="bbox 542 2323 2112 2392">
     <span class='ocr_line' id='line_1_22' title="bbox 542 2323 2112 2392; baseline 0.002 -17"><span class='ocrx_word' id='word_1_158' title='bbox 542 2324 900 2392; x_wconf 88' lang='lat' dir='ltr'><strong>implacabiles</strong></span> <span class='ocrx_word' id='word_1_159' title='bbox 925 2339 1174 2379; x_wconf 84' lang='lat' dir='ltr'><strong>exercere</strong></span> <span class='ocrx_word' id='word_1_160' title='bbox 1201 2324 1364 2392; x_wconf 83' lang='lat' dir='ltr'><strong>possit</strong></span> <span class='ocrx_word' id='word_1_161' title='bbox 1389 2333 1572 2379; x_wconf 88' lang='lat' dir='ltr'><strong>contra</strong></span> <span class='ocrx_word' id='word_1_162' title='bbox 1599 2324 1698 2378; x_wconf 89' lang='lat' dir='ltr'><strong>sibi</strong></span> <span class='ocrx_word' id='word_1_163' title='bbox 1726 2323 2112 2378; x_wconf 87' lang='lat' dir='ltr'><strong>infensissintos</strong></span> 
     </span>
    </p>
   </div>
   <div class='ocr_carea' id='block_1_23' title="bbox 543 2413 2111 2484">
    <p class='ocr_par' dir='ltr' id='par_1_23' title="bbox 543 2413 2111 2484">
     <span class='ocr_line' id='line_1_23' title="bbox 543 2413 2111 2484; baseline 0.001 -18"><span class='ocrx_word' id='word_1_164' title='bbox 543 2413 742 2475; x_wconf 84' lang='lat' dir='ltr'><strong>hostes.</strong></span> <span class='ocrx_word' id='word_1_165' title='bbox 761 2424 987 2482; x_wconf 89' lang='lat' dir='ltr'><strong>quantas</strong></span> <span class='ocrx_word' id='word_1_166' title='bbox 1004 2416 1260 2484; x_wconf 77' lang='lat' dir='ltr'><strong>malignus</strong></span> <span class='ocrx_word' id='word_1_167' title='bbox 1286 2415 1374 2470; x_wconf 87' lang='lat' dir='ltr'><strong>ille</strong></span> <span class='ocrx_word' id='word_1_168' title='bbox 1399 2415 1604 2470; x_wconf 70' lang='lat' dir='ltr'><strong>daemon</strong></span> <span class='ocrx_word' id='word_1_169' title='bbox 1621 2424 1802 2469; x_wconf 89' lang='lat' dir='ltr'><strong>contra</strong></span> <span class='ocrx_word' id='word_1_170' title='bbox 1828 2415 2111 2468; x_wconf 89' lang='lat' dir='ltr'><strong>humanam</strong></span> 
     </span>
    </p>
   </div>
   <div class='ocr_carea' id='block_1_24' title="bbox 543 2496 2115 2576">
    <p class='ocr_par' dir='ltr' id='par_1_24' title="bbox 543 2496 2115 2576">
     <span class='ocr_line' id='line_1_24' title="bbox 543 2496 2115 2576; baseline 0.001 -18"><span class='ocrx_word' id='word_1_171' title='bbox 543 2515 807 2560; x_wconf 83' lang='lat' dir='ltr'><strong>naturam.</strong></span> <span class='ocrx_word' id='word_1_172' title='bbox 837 2507 1080 2560; x_wconf 87' lang='lat' dir='ltr'><strong>Animum</strong></span> <span class='ocrx_word' id='word_1_173' title='bbox 1124 2516 1298 2561; x_wconf 90' lang='lat' dir='ltr'><strong>autem</strong></span> <span class='ocrx_word' id='word_1_174' title='bbox 1324 2507 1368 2562; x_wconf 91' lang='lat' dir='ltr'><strong>si</strong></span> <span class='ocrx_word' id='word_1_175' title='bbox 1408 2496 1526 2576; x_wconf 88' lang='lat' dir='ltr'><strong>quis</strong></span> <span class='ocrx_word' id='word_1_176' title='bbox 1562 2507 1939 2560; x_wconf 77' lang='lat' dir='ltr'><strong>examinaverit</strong></span> <span class='ocrx_word' id='word_1_177' title='bbox 1964 2547 1978 2571; x_wconf 95' lang='lat'><strong>,</strong></span> <span class='ocrx_word' id='word_1_178' title='bbox 2009 2521 2115 2573; x_wconf 89' lang='lat' dir='ltr'><strong>quo</strong></span> 
     </span>
    </p>
   </div>
   <div class='ocr_carea' id='block_1_25' title="bbox 544 2596 2114 2666">
    <p class='ocr_par' dir='ltr' id='par_1_25' title="bbox 544 2596 2114 2666">
     <span class='ocr_line' id='line_1_25' title="bbox 544 2596 2114 2666; baseline 0.003 -20"><span class='ocrx_word' id='word_1_179' title='bbox 544 2611 770 2665; x_wconf 77' lang='lat' dir='ltr'><strong>pugnam</strong></span> <span class='ocrx_word' id='word_1_180' title='bbox 797 2597 1078 2650; x_wconf 87' lang='lat' dir='ltr'><strong>committit</strong></span> <span class='ocrx_word' id='word_1_181' title='bbox 1100 2637 1113 2660; x_wconf 92' lang='lat'><strong>,</strong></span> <span class='ocrx_word' id='word_1_182' title='bbox 1147 2606 1290 2652; x_wconf 86' lang='lat' dir='ltr'><strong>certe</strong></span> <span class='ocrx_word' id='word_1_183' title='bbox 1327 2597 1603 2652; x_wconf 91' lang='lat' dir='ltr'><strong>ridiculum</strong></span> <span class='ocrx_word' id='word_1_184' title='bbox 1628 2597 1831 2666; x_wconf 81' lang='lat' dir='ltr'><strong>putabit</strong></span> <span class='ocrx_word' id='word_1_185' title='bbox 1874 2596 2114 2650; x_wconf 85' lang='lat' dir='ltr'><strong>homines</strong></span> 
     </span>
    </p>
   </div>
   <div class='ocr_carea' id='block_1_26' title="bbox 546 2686 2112 2756">
    <p class='ocr_par' dir='ltr' id='par_1_26' title="bbox 546 2686 2112 2756">
     <span class='ocr_line' id='line_1_26' title="bbox 546 2686 2112 2756; baseline 0.001 -18"><span class='ocrx_word' id='word_1_186' title='bbox 546 2688 641 2755; x_wconf 87' lang='lat' dir='ltr'><strong>ipsi</strong></span> <span class='ocrx_word' id='word_1_187' title='bbox 689 2686 787 2740; x_wconf 86' lang='lat' dir='ltr'><strong>hac</strong></span> <span class='ocrx_word' id='word_1_188' title='bbox 829 2703 880 2740; x_wconf 93' lang='lat' dir='ltr'><strong>tn</strong></span> <span class='ocrx_word' id='word_1_189' title='bbox 935 2697 1081 2756; x_wconf 88' lang='lat' dir='ltr'><strong>parte</strong></span> <span class='ocrx_word' id='word_1_190' title='bbox 1123 2687 1376 2744; x_wconf 89' lang='lat' dir='ltr'><strong>conferri.</strong></span> <span class='ocrx_word' id='word_1_191' title='bbox 1412 2688 1503 2742; x_wconf 90' lang='lat' dir='ltr'><strong>Sin</strong></span> <span class='ocrx_word' id='word_1_192' title='bbox 1546 2688 1971 2741; x_wconf 89' lang='lat' dir='ltr'><strong>iracundissimas</strong></span> <span class='ocrx_word' id='word_1_193' title='bbox 2002 2696 2112 2739; x_wconf 91' lang='lat' dir='ltr'><strong>tru-</strong></span> 
     </span>
    </p>
   </div>
   <div class='ocr_carea' id='block_1_27' title="bbox 542 2777 2116 2849">
    <p class='ocr_par' dir='ltr' id='par_1_27' title="bbox 542 2777 2116 2849">
     <span class='ocr_line' id='line_1_27' title="bbox 542 2777 2116 2849; baseline 0 -18"><span class='ocrx_word' id='word_1_194' title='bbox 542 2778 1030 2848; x_wconf 85' lang='lat' dir='ltr'><strong>culentissimasque</strong></span> <span class='ocrx_word' id='word_1_195' title='bbox 1073 2777 1214 2833; x_wconf 89' lang='lat' dir='ltr'><strong>feras</strong></span> <span class='ocrx_word' id='word_1_196' title='bbox 1243 2780 1497 2848; x_wconf 87' lang='lat' dir='ltr'><strong>quispiam</strong></span> <span class='ocrx_word' id='word_1_197' title='bbox 1529 2779 1765 2849; x_wconf 79' lang='lat' dir='ltr'><strong>deligens</strong></span> <span class='ocrx_word' id='word_1_198' title='bbox 1791 2821 1806 2845; x_wconf 90' lang='lat'><strong>,</strong></span> <span class='ocrx_word' id='word_1_199' title='bbox 1839 2794 1929 2832; x_wconf 91' lang='lat' dir='ltr'><strong>eas</strong></span> <span class='ocrx_word' id='word_1_200' title='bbox 1977 2778 2116 2831; x_wconf 88' lang='lat' dir='ltr'><strong>illius</strong></span> 
     </span>
    </p>
   </div>
   <div class='ocr_carea' id='block_1_28' title="bbox 543 2870 2114 2941">
    <p class='ocr_par' dir='ltr' id='par_1_28' title="bbox 543 2870 2114 2941">
     <span class='ocr_line' id='line_1_28' title="bbox 543 2870 2114 2941; baseline -0.001 -18"><span class='ocrx_word' id='word_1_201' title='bbox 543 2870 761 2924; x_wconf 68' lang='lat' dir='ltr'><strong>insania:</strong></span> <span class='ocrx_word' id='word_1_202' title='bbox 813 2885 1120 2941; x_wconf 87' lang='lat' dir='ltr'><strong>comparare</strong></span> <span class='ocrx_word' id='word_1_203' title='bbox 1175 2872 1436 2938; x_wconf 89' lang='lat' dir='ltr'><strong>voluerit,</strong></span> <span class='ocrx_word' id='word_1_204' title='bbox 1493 2871 1942 2925; x_wconf 77' lang='lat' dir='ltr'><strong>mansuetissimus</strong></span> <span class='ocrx_word' id='word_1_205' title='bbox 1995 2870 2114 2922; x_wconf 86' lang='lat' dir='ltr'><strong>illas</strong></span> 
     </span>
    </p>
   </div>
   <div class='ocr_carea' id='block_1_29' title="bbox 543 2959 2111 3030">
    <p class='ocr_par' dir='ltr' id='par_1_29' title="bbox 543 2959 2111 3030">
     <span class='ocr_line' id='line_1_29' title="bbox 543 2959 2111 3030; baseline -0.002 -17"><span class='ocrx_word' id='word_1_206' title='bbox 543 2960 1056 3030; x_wconf 86' lang='lat' dir='ltr'><strong>hmnanissimasque</strong></span> <span class='ocrx_word' id='word_1_207' title='bbox 1082 2976 1200 3018; x_wconf 92' lang='lat' dir='ltr'><strong>cum</strong></span> <span class='ocrx_word' id='word_1_208' title='bbox 1229 2963 1316 3015; x_wconf 91' lang='lat' dir='ltr'><strong>illo</strong></span> <span class='ocrx_word' id='word_1_209' title='bbox 1341 2970 1674 3030; x_wconf 87' lang='lat' dir='ltr'><strong>comparatas</strong></span> <span class='ocrx_word' id='word_1_210' title='bbox 1699 2977 1817 3015; x_wconf 85' lang='lat' dir='ltr'><strong>esse</strong></span> <span class='ocrx_word' id='word_1_211' title='bbox 1845 2959 2074 3014; x_wconf 77' lang='lat' dir='ltr'><strong>inveniet</strong></span> <span class='ocrx_word' id='word_1_212' title='bbox 2098 2976 2111 3010; x_wconf 90' lang='lat'><strong>:</strong></span> 
     </span>
    </p>
   </div>
   <div class='ocr_carea' id='block_1_30' title="bbox 547 3050 2116 3120">
    <p class='ocr_par' dir='ltr' id='par_1_30' title="bbox 547 3050 2116 3120">
     <span class='ocr_line' id='line_1_30' title="bbox 547 3050 2116 3120; baseline -0.001 -17"><span class='ocrx_word' id='word_1_213' title='bbox 547 3061 746 3104; x_wconf 84' lang='lat' dir='ltr'><strong>tantum</strong></span> <span class='ocrx_word' id='word_1_214' title='bbox 800 3052 889 3105; x_wconf 91' lang='lat' dir='ltr'><strong>ille</strong></span> <span class='ocrx_word' id='word_1_215' title='bbox 944 3050 1172 3104; x_wconf 88' lang='lat' dir='ltr'><strong>furorem</strong></span> <span class='ocrx_word' id='word_1_216' title='bbox 1227 3052 1427 3120; x_wconf 70' lang='lat' dir='ltr'><strong>spirat,</strong></span> <span class='ocrx_word' id='word_1_217' title='bbox 1483 3065 1602 3104; x_wconf 91' lang='lat' dir='ltr'><strong>cum</strong></span> <span class='ocrx_word' id='word_1_218' title='bbox 1654 3052 1856 3103; x_wconf 88' lang='lat' dir='ltr'><strong>animas</strong></span> <span class='ocrx_word' id='word_1_219' title='bbox 1909 3059 2116 3103; x_wconf 53' lang='lat' dir='ltr'><strong>nostras</strong></span> 
     </span>
    </p>
   </div>
   <div class='ocr_carea' id='block_1_31' title="bbox 542 3140 2109 3210">
    <p class='ocr_par' dir='ltr' id='par_1_31' title="bbox 542 3140 2109 3210">
     <span class='ocr_line' id='line_1_31' title="bbox 542 3140 2109 3210; baseline -0.003 -14"><span class='ocrx_word' id='word_1_220' title='bbox 542 3141 800 3196; x_wconf 78' lang='lat' dir='ltr'><strong>adoritur.</strong></span> <span class='ocrx_word' id='word_1_221' title='bbox 830 3142 1022 3210; x_wconf 75' lang='lat' dir='ltr'><strong>Pugnat</strong></span> <span class='ocrx_word' id='word_1_222' title='bbox 1066 3155 1222 3209; x_wconf 72' lang='lat' dir='ltr'><strong>porro</strong></span> <span class='ocrx_word' id='word_1_223' title='bbox 1253 3141 1522 3193; x_wconf 89' lang='lat' dir='ltr'><strong>hominum</strong></span> <span class='ocrx_word' id='word_1_224' title='bbox 1551 3140 1711 3195; x_wconf 86' lang='lat' dir='ltr'><strong>breve</strong></span> <span class='ocrx_word' id='word_1_225' title='bbox 1757 3149 1963 3208; x_wconf 86' lang='lat' dir='ltr'><strong>tempus</strong></span> <span class='ocrx_word' id='word_1_226' title='bbox 1992 3149 2109 3204; x_wconf 88' lang='lat' dir='ltr'><strong>est;</strong></span> 
     </span>
    </p>
   </div>
   <div class='ocr_carea' id='block_1_32' title="bbox 546 3230 2108 3300">
    <p class='ocr_par' dir='ltr' id='par_1_32' title="bbox 546 3230 2108 3300">
     <span class='ocr_line' id='line_1_32' title="bbox 546 3230 2108 3300; baseline -0.001 -16"><span class='ocrx_word' id='word_1_227' title='bbox 546 3234 652 3284; x_wconf 88' lang='lat' dir='ltr'><strong>ittto</strong></span> <span class='ocrx_word' id='word_1_228' title='bbox 679 3233 729 3285; x_wconf 92' lang='lat' dir='ltr'><strong>in</strong></span> <span class='ocrx_word' id='word_1_229' title='bbox 759 3232 856 3286; x_wconf 89' lang='lat' dir='ltr'><strong>hac</strong></span> <span class='ocrx_word' id='word_1_230' title='bbox 885 3231 1135 3285; x_wconf 85' lang='lat' dir='ltr'><strong>brevitate</strong></span> <span class='ocrx_word' id='word_1_231' title='bbox 1163 3231 1416 3300; x_wconf 90' lang='lat' dir='ltr'><strong>temporis</strong></span> <span class='ocrx_word' id='word_1_232' title='bbox 1445 3231 1623 3284; x_wconf 67' lang='lat' dir='ltr'><strong>multae</strong></span> <span class='ocrx_word' id='word_1_233' title='bbox 1650 3230 1840 3284; x_wconf 89' lang='lat' dir='ltr'><strong>dantur</strong></span> <span class='ocrx_word' id='word_1_234' title='bbox 1866 3231 2108 3284; x_wconf 67' lang='lat' dir='ltr'><strong>inducite.</strong></span> 
     </span>
    </p>
   </div>
   <div class='ocr_carea' id='block_1_33' title="bbox 544 3322 2113 3393">
    <p class='ocr_par' dir='ltr' id='par_1_33' title="bbox 544 3322 2113 3393">
     <span class='ocr_line' id='line_1_33' title="bbox 544 3322 2113 3393; baseline -0.001 -17"><span class='ocrx_word' id='word_1_235' title='bbox 544 3323 656 3376; x_wconf 82' lang='lat' dir='ltr'><strong>Nox</strong></span> <span class='ocrx_word' id='word_1_236' title='bbox 683 3323 876 3393; x_wconf 91' lang='lat' dir='ltr'><strong>quippe</strong></span> <span class='ocrx_word' id='word_1_237' title='bbox 902 3323 1280 3391; x_wconf 88' lang='lat' dir='ltr'><strong>superveniens</strong></span> <span class='ocrx_word' id='word_1_238' title='bbox 1305 3363 1319 3386; x_wconf 93' lang='lat'><strong>,</strong></span> <span class='ocrx_word' id='word_1_239' title='bbox 1347 3331 1398 3377; x_wconf 91' lang='lat' dir='ltr'><strong>et</strong></span> <span class='ocrx_word' id='word_1_240' title='bbox 1423 3322 1694 3377; x_wconf 86' lang='lat' dir='ltr'><strong>occidendi</strong></span> <span class='ocrx_word' id='word_1_241' title='bbox 1720 3322 1870 3376; x_wconf 80' lang='lat' dir='ltr'><strong>labor</strong></span> <span class='ocrx_word' id='word_1_242' title='bbox 1890 3363 1906 3388; x_wconf 96' lang='lat'><strong>,</strong></span> <span class='ocrx_word' id='word_1_243' title='bbox 1935 3331 1989 3376; x_wconf 90' lang='lat' dir='ltr'><strong>et</strong></span> <span class='ocrx_word' id='word_1_244' title='bbox 2011 3322 2113 3375; x_wconf 84' lang='lat' dir='ltr'><strong>cibi</strong></span> 
     </span>
    </p>
   </div>
   <div class='ocr_carea' id='block_1_34' title="bbox 544 3413 2112 3484">
    <p class='ocr_par' dir='ltr' id='par_1_34' title="bbox 544 3413 2112 3484">
     <span class='ocr_line' id='line_1_34' title="bbox 544 3413 2112 3484; baseline -0.002 -15"><span class='ocrx_word' id='word_1_245' title='bbox 544 3415 784 3484; x_wconf 88' lang='lat' dir='ltr'><strong>capiendi</strong></span> <span class='ocrx_word' id='word_1_246' title='bbox 837 3423 1044 3483; x_wconf 89' lang='lat' dir='ltr'><strong>tempus</strong></span> <span class='ocrx_word' id='word_1_247' title='bbox 1068 3457 1083 3481; x_wconf 93' lang='lat'><strong>,</strong></span> <span class='ocrx_word' id='word_1_248' title='bbox 1114 3415 1319 3484; x_wconf 82' lang='lat' dir='ltr'><strong>aliaque</strong></span> <span class='ocrx_word' id='word_1_249' title='bbox 1371 3416 1536 3468; x_wconf 91' lang='lat' dir='ltr'><strong>multa</strong></span> <span class='ocrx_word' id='word_1_250' title='bbox 1562 3457 1574 3478; x_wconf 92' lang='lat'><strong>,</strong></span> <span class='ocrx_word' id='word_1_251' title='bbox 1607 3414 1757 3468; x_wconf 89' lang='lat' dir='ltr'><strong>militi</strong></span> <span class='ocrx_word' id='word_1_252' title='bbox 1807 3413 2112 3484; x_wconf 91' lang='lat' dir='ltr'><strong>quiescendi</strong></span> 
     </span>
    </p>
   </div>
   <div class='ocr_carea' id='block_1_35' title="bbox 547 3507 2109 3577">
    <p class='ocr_par' dir='ltr' id='par_1_35' title="bbox 547 3507 2109 3577">
     <span class='ocr_line' id='line_1_35' title="bbox 547 3507 2109 3577; baseline -0.002 -16"><span class='ocrx_word' id='word_1_253' title='bbox 547 3515 857 3577; x_wconf 87' lang='lat' dir='ltr'><strong>potestatem</strong></span> <span class='ocrx_word' id='word_1_254' title='bbox 889 3507 1086 3561; x_wconf 84' lang='lat' dir='ltr'><strong>faciunt</strong></span> <span class='ocrx_word' id='word_1_255' title='bbox 1107 3549 1122 3572; x_wconf 93' lang='lat'><strong>,</strong></span> <span class='ocrx_word' id='word_1_256' title='bbox 1153 3508 1223 3562; x_wconf 89' lang='lat' dir='ltr'><strong>ita</strong></span> <span class='ocrx_word' id='word_1_257' title='bbox 1248 3517 1306 3561; x_wconf 91' lang='lat' dir='ltr'><strong>ut</strong></span> <span class='ocrx_word' id='word_1_258' title='bbox 1330 3516 1647 3561; x_wconf 90' lang='lat' dir='ltr'><strong>armaturam</strong></span> <span class='ocrx_word' id='word_1_259' title='bbox 1676 3522 1888 3561; x_wconf 91' lang='lat' dir='ltr'><strong>omnem</strong></span> <span class='ocrx_word' id='word_1_260' title='bbox 1915 3515 2071 3559; x_wconf 79' lang='lat' dir='ltr'><strong>exuat</strong></span> <span class='ocrx_word' id='word_1_261' title='bbox 2094 3544 2109 3569; x_wconf 94' lang='lat'><strong>,</strong></span> 
     </span>
    </p>
   </div>
   <div class='ocr_carea' id='block_1_36' title="bbox 547 3597 2115 3667">
    <p class='ocr_par' dir='ltr' id='par_1_36' title="bbox 547 3597 2115 3667">
     <span class='ocr_line' id='line_1_36' title="bbox 547 3597 2115 3667; baseline 0 -18"><span class='ocrx_word' id='word_1_262' title='bbox 547 3613 833 3666; x_wconf 88' lang='lat' dir='ltr'><strong>parumque</strong></span> <span class='ocrx_word' id='word_1_263' title='bbox 874 3598 1132 3666; x_wconf 90' lang='lat' dir='ltr'><strong>respiret,</strong></span> <span class='ocrx_word' id='word_1_264' title='bbox 1162 3612 1322 3667; x_wconf 83' lang='lat' dir='ltr'><strong>seque</strong></span> <span class='ocrx_word' id='word_1_265' title='bbox 1351 3597 1468 3652; x_wconf 89' lang='lat' dir='ltr'><strong>cibo</strong></span> <span class='ocrx_word' id='word_1_266' title='bbox 1511 3607 1742 3667; x_wconf 83' lang='lat' dir='ltr'><strong>pomque</strong></span> <span class='ocrx_word' id='word_1_267' title='bbox 1770 3597 1970 3651; x_wconf 84' lang='lat' dir='ltr'><strong>reficiat</strong></span> <span class='ocrx_word' id='word_1_268' title='bbox 1995 3638 2010 3659; x_wconf 94' lang='lat'><strong>,</strong></span> <span class='ocrx_word' id='word_1_269' title='bbox 2053 3610 2115 3649; x_wconf 90' lang='lat' dir='ltr'><strong>ac</strong></span> 
     </span>
    </p>
   </div>
   <div class='ocr_carea' id='block_1_37' title="bbox 546 3686 2115 3758">
    <p class='ocr_par' dir='ltr' id='par_1_37' title="bbox 546 3686 2115 3758">
     <span class='ocr_line' id='line_1_37' title="bbox 546 3686 2115 3758; baseline -0.001 -15"><span class='ocrx_word' id='word_1_270' title='bbox 546 3689 726 3743; x_wconf 91' lang='lat' dir='ltr'><strong>multis</strong></span> <span class='ocrx_word' id='word_1_271' title='bbox 754 3689 870 3742; x_wconf 90' lang='lat' dir='ltr'><strong>aliis</strong></span> <span class='ocrx_word' id='word_1_272' title='bbox 913 3690 1072 3743; x_wconf 88' lang='lat' dir='ltr'><strong>rebus</strong></span> <span class='ocrx_word' id='word_1_273' title='bbox 1115 3690 1359 3757; x_wconf 87' lang='lat' dir='ltr'><strong>pristinas</strong></span> <span class='ocrx_word' id='word_1_274' title='bbox 1388 3689 1527 3743; x_wconf 77' lang='lat' dir='ltr'><strong>vires</strong></span> <span class='ocrx_word' id='word_1_275' title='bbox 1553 3697 1848 3758; x_wconf 89' lang='lat' dir='ltr'><strong>recuperet.</strong></span> <span class='ocrx_word' id='word_1_276' title='bbox 1893 3686 1949 3741; x_wconf 84' lang='lat' dir='ltr'><strong>In</strong></span> <span class='ocrx_word' id='word_1_277' title='bbox 1979 3688 2115 3742; x_wconf 89' lang='lat' dir='ltr'><strong>bello</strong></span> 
     </span>
    </p>
   </div>
   <div class='ocr_carea' id='block_1_38' title="bbox 545 3781 2114 3850">
    <p class='ocr_par' dir='ltr' id='par_1_38' title="bbox 545 3781 2114 3850">
     <span class='ocr_line' id='line_1_38' title="bbox 545 3781 2114 3850; baseline -0.001 -16"><span class='ocrx_word' id='word_1_278' title='bbox 545 3789 719 3835; x_wconf 89' lang='lat' dir='ltr'><strong>auteln</strong></span> <span class='ocrx_word' id='word_1_279' title='bbox 764 3791 947 3834; x_wconf 91' lang='lat' dir='ltr'><strong>contra</strong></span> <span class='ocrx_word' id='word_1_280' title='bbox 976 3783 1258 3849; x_wconf 77' lang='lat' dir='ltr'><strong>malignum</strong></span> <span class='ocrx_word' id='word_1_281' title='bbox 1307 3782 1450 3834; x_wconf 92' lang='lat' dir='ltr'><strong>illum</strong></span> <span class='ocrx_word' id='word_1_282' title='bbox 1492 3795 1776 3850; x_wconf 88' lang='lat' dir='ltr'><strong>numquam</strong></span> <span class='ocrx_word' id='word_1_283' title='bbox 1822 3781 1944 3835; x_wconf 91' lang='lat' dir='ltr'><strong>licet</strong></span> <span class='ocrx_word' id='word_1_284' title='bbox 1968 3795 2114 3834; x_wconf 88' lang='lat' dir='ltr'><strong>arma</strong></span> 
     </span>
    </p>
   </div>
   <div class='ocr_carea' id='block_1_39' title="bbox 545 3871 2115 3940">
    <p class='ocr_par' dir='ltr' id='par_1_39' title="bbox 545 3871 2115 3940">
     <span class='ocr_line' id='line_1_39' title="bbox 545 3871 2115 3940; baseline 0.001 -18"><span class='ocrx_word' id='word_1_285' title='bbox 545 3887 743 3940; x_wconf 87' lang='lat' dir='ltr'><strong>ponere</strong></span> <span class='ocrx_word' id='word_1_286' title='bbox 767 3912 781 3934; x_wconf 88' lang='lat'><strong>,</strong></span> <span class='ocrx_word' id='word_1_287' title='bbox 826 3886 922 3925; x_wconf 91' lang='lat' dir='ltr'><strong>nec</strong></span> <span class='ocrx_word' id='word_1_288' title='bbox 951 3886 1192 3924; x_wconf 90' lang='lat' dir='ltr'><strong>somnum</strong></span> <span class='ocrx_word' id='word_1_289' title='bbox 1237 3886 1429 3939; x_wconf 86' lang='lat' dir='ltr'><strong>capere</strong></span> <span class='ocrx_word' id='word_1_290' title='bbox 1469 3886 1588 3925; x_wconf 90' lang='lat' dir='ltr'><strong>eum</strong></span> <span class='ocrx_word' id='word_1_291' title='bbox 1619 3872 1704 3940; x_wconf 91' lang='lat' dir='ltr'><strong>qui</strong></span> <span class='ocrx_word' id='word_1_292' title='bbox 1735 3871 1862 3924; x_wconf 87' lang='lat' dir='ltr'><strong>velit</strong></span> <span class='ocrx_word' id='word_1_293' title='bbox 1905 3885 2115 3939; x_wconf 87' lang='lat' dir='ltr'><strong>semper</strong></span> 
     </span>
    </p>
   </div>
   <div class='ocr_carea' id='block_1_40' title="bbox 547 3961 2117 4016">
    <p class='ocr_par' dir='ltr' id='par_1_40' title="bbox 547 3961 2117 4016">
     <span class='ocr_line' id='line_1_40' title="bbox 547 3961 2117 4016; baseline 0 0"><span class='ocrx_word' id='word_1_294' title='bbox 547 3963 904 4016; x_wconf 81' lang='lat' dir='ltr'><strong>iuvultteratus</strong></span> <span class='ocrx_word' id='word_1_295' title='bbox 945 3961 1188 4015; x_wconf 79' lang='lat' dir='ltr'><strong>esSe.&#39;Ex</strong></span> <span class='ocrx_word' id='word_1_296' title='bbox 1229 3961 1434 4016; x_wconf 85' lang='lat' dir='ltr'><strong>duobus</strong></span> <span class='ocrx_word' id='word_1_297' title='bbox 1459 3962 1596 4015; x_wconf 89' lang='lat' dir='ltr'><strong>enim</strong></span> <span class='ocrx_word' id='word_1_298' title='bbox 1626 3978 1784 4015; x_wconf 91' lang='lat' dir='ltr'><strong>unum</strong></span> <span class='ocrx_word' id='word_1_299' title='bbox 1817 3962 2117 4016; x_wconf 84' lang='lat' dir='ltr'><strong>necessario</strong></span> 
     </span>
    </p>
   </div>
   <div class='ocr_carea' id='block_1_41' title="bbox 545 4055 2111 4123">
    <p class='ocr_par' dir='ltr' id='par_1_41' title="bbox 545 4055 2111 4123">
     <span class='ocr_line' id='line_1_41' title="bbox 545 4055 2111 4123; baseline 0.001 -16"><span class='ocrx_word' id='word_1_300' title='bbox 545 4055 704 4123; x_wconf 82' lang='lat' dir='ltr'><strong>eligat</strong></span> <span class='ocrx_word' id='word_1_301' title='bbox 728 4062 935 4123; x_wconf 91' lang='lat' dir='ltr'><strong>oportet</strong></span> <span class='ocrx_word' id='word_1_302' title='bbox 959 4096 973 4120; x_wconf 90' lang='lat'><strong>,</strong></span> <span class='ocrx_word' id='word_1_303' title='bbox 1004 4063 1060 4107; x_wconf 89' lang='lat' dir='ltr'><strong>ttt</strong></span> <span class='ocrx_word' id='word_1_304' title='bbox 1084 4065 1175 4108; x_wconf 89' lang='lat' dir='ltr'><strong>aut</strong></span> <span class='ocrx_word' id='word_1_305' title='bbox 1199 4055 1352 4109; x_wconf 87' lang='lat' dir='ltr'><strong>cadat</strong></span> <span class='ocrx_word' id='word_1_306' title='bbox 1377 4064 1432 4110; x_wconf 86' lang='lat' dir='ltr'><strong>et</strong></span> <span class='ocrx_word' id='word_1_307' title='bbox 1459 4064 1640 4123; x_wconf 86' lang='lat' dir='ltr'><strong>pereat</strong></span> <span class='ocrx_word' id='word_1_308' title='bbox 1664 4055 1825 4110; x_wconf 90' lang='lat' dir='ltr'><strong>armis</strong></span> <span class='ocrx_word' id='word_1_309' title='bbox 1851 4056 2073 4108; x_wconf 89' lang='lat' dir='ltr'><strong>nudatus</strong></span> <span class='ocrx_word' id='word_1_310' title='bbox 2098 4097 2111 4120; x_wconf 89' lang='lat'><strong>,</strong></span> 
     </span>
    </p>
   </div>
   <div class='ocr_carea' id='block_1_42' title="bbox 546 4146 2117 4215">
    <p class='ocr_par' dir='ltr' id='par_1_42' title="bbox 546 4146 2117 4215">
     <span class='ocr_line' id='line_1_42' title="bbox 546 4146 2117 4215; baseline 0.003 -18"><span class='ocrx_word' id='word_1_311' title='bbox 546 4155 635 4197; x_wconf 88' lang='lat' dir='ltr'><strong>aut</strong></span> <span class='ocrx_word' id='word_1_312' title='bbox 679 4154 910 4198; x_wconf 83' lang='lat' dir='ltr'><strong>armatus</strong></span> <span class='ocrx_word' id='word_1_313' title='bbox 957 4153 1063 4200; x_wconf 85' lang='lat' dir='ltr'><strong>stet</strong></span> <span class='ocrx_word' id='word_1_314' title='bbox 1103 4147 1381 4215; x_wconf 80' lang='lat' dir='ltr'><strong>vigiletqne</strong></span> <span class='ocrx_word' id='word_1_315' title='bbox 1425 4160 1654 4215; x_wconf 88' lang='lat' dir='ltr'><strong>semper.</strong></span> <span class='ocrx_word' id='word_1_316' title='bbox 1701 4146 1831 4200; x_wconf 85' lang='lat' dir='ltr'><strong>Nam</strong></span> <span class='ocrx_word' id='word_1_317' title='bbox 1881 4146 1968 4200; x_wconf 89' lang='lat' dir='ltr'><strong>ille</strong></span> <span class='ocrx_word' id='word_1_318' title='bbox 2011 4156 2117 4201; x_wconf 86' lang='lat' dir='ltr'><strong>stat</strong></span> 
     </span>
    </p>
   </div>
   <div class='ocr_carea' id='block_1_43' title="bbox 549 4238 2112 4308">
    <p class='ocr_par' dir='ltr' id='par_1_43' title="bbox 549 4238 2112 4308">
     <span class='ocr_line' id='line_1_43' title="bbox 549 4238 2112 4308; baseline 0.001 -18"><span class='ocrx_word' id='word_1_319' title='bbox 549 4247 801 4304; x_wconf 90' lang='lat' dir='ltr'><strong>perpetuo</strong></span> <span class='ocrx_word' id='word_1_320' title='bbox 828 4252 944 4291; x_wconf 91' lang='lat' dir='ltr'><strong>cum</strong></span> <span class='ocrx_word' id='word_1_321' title='bbox 972 4238 1086 4292; x_wconf 89' lang='lat' dir='ltr'><strong>acie</strong></span> <span class='ocrx_word' id='word_1_322' title='bbox 1113 4254 1227 4300; x_wconf 91' lang='lat' dir='ltr'><strong>sua,</strong></span> <span class='ocrx_word' id='word_1_323' title='bbox 1247 4248 1478 4293; x_wconf 92' lang='lat' dir='ltr'><strong>nostram</strong></span> <span class='ocrx_word' id='word_1_324' title='bbox 1502 4239 1776 4308; x_wconf 82' lang='lat' dir='ltr'><strong>segnitiem</strong></span> <span class='ocrx_word' id='word_1_325' title='bbox 1804 4239 2112 4305; x_wconf 90' lang='lat' dir='ltr'><strong>observans,</strong></span> 
     </span>
    </p>
   </div>
   <div class='ocr_carea' id='block_1_44' title="bbox 548 4326 2112 4397">
    <p class='ocr_par' dir='ltr' id='par_1_44' title="bbox 548 4326 2112 4397">
     <span class='ocr_line' id='line_1_44' title="bbox 548 4326 2112 4397; baseline 0.003 -18"><span class='ocrx_word' id='word_1_326' title='bbox 548 4326 822 4395; x_wconf 86' lang='lat' dir='ltr'><strong>majusque</strong></span> <span class='ocrx_word' id='word_1_327' title='bbox 863 4327 1093 4380; x_wconf 88' lang='lat' dir='ltr'><strong>studium</strong></span> <span class='ocrx_word' id='word_1_328' title='bbox 1120 4328 1183 4380; x_wconf 90' lang='lat' dir='ltr'><strong>ad</strong></span> <span class='ocrx_word' id='word_1_329' title='bbox 1215 4336 1446 4381; x_wconf 89' lang='lat' dir='ltr'><strong>nostram</strong></span> <span class='ocrx_word' id='word_1_330' title='bbox 1491 4329 1776 4397; x_wconf 90' lang='lat' dir='ltr'><strong>perniciem</strong></span> <span class='ocrx_word' id='word_1_331' title='bbox 1819 4328 2074 4383; x_wconf 69' lang='lat' dir='ltr'><strong>adhibens</strong></span> <span class='ocrx_word' id='word_1_332' title='bbox 2096 4370 2112 4395; x_wconf 93' lang='lat'><strong>,</strong></span> 
     </span>
    </p>
   </div>
   <div class='ocr_carea' id='block_1_45' title="bbox 545 4419 2114 4489">
    <p class='ocr_par' dir='ltr' id='par_1_45' title="bbox 545 4419 2114 4489">
     <span class='ocr_line' id='line_1_45' title="bbox 545 4419 2114 4489; baseline 0.003 -20"><span class='ocrx_word' id='word_1_333' title='bbox 545 4433 702 4486; x_wconf 87' lang='lat' dir='ltr'><strong>quam</strong></span> <span class='ocrx_word' id='word_1_334' title='bbox 730 4433 826 4472; x_wconf 92' lang='lat' dir='ltr'><strong>nos</strong></span> <span class='ocrx_word' id='word_1_335' title='bbox 850 4419 914 4471; x_wconf 83' lang='lat' dir='ltr'><strong>ad</strong></span> <span class='ocrx_word' id='word_1_336' title='bbox 943 4419 1164 4472; x_wconf 81' lang='lat' dir='ltr'><strong>salutem</strong></span> <span class='ocrx_word' id='word_1_337' title='bbox 1205 4427 1457 4473; x_wconf 87' lang='lat' dir='ltr'><strong>nostram.</strong></span> <span class='ocrx_word' id='word_1_338' title='bbox 1488 4423 1565 4474; x_wconf 80' lang='lat' dir='ltr'><strong>Ac</strong></span> <span class='ocrx_word' id='word_1_339' title='bbox 1592 4421 1729 4489; x_wconf 89' lang='lat' dir='ltr'><strong>quod</strong></span> <span class='ocrx_word' id='word_1_340' title='bbox 1761 4435 1788 4471; x_wconf 92' lang='lat' dir='ltr'><strong>a</strong></span> <span class='ocrx_word' id='word_1_341' title='bbox 1819 4420 1971 4473; x_wconf 87' lang='lat' dir='ltr'><strong>nobis</strong></span> <span class='ocrx_word' id='word_1_342' title='bbox 2009 4436 2114 4474; x_wconf 88' lang='lat' dir='ltr'><strong>non</strong></span> 
     </span>
    </p>
   </div>
   <div class='ocr_carea' id='block_1_46' title="bbox 547 4510 2115 4583">
    <p class='ocr_par' dir='ltr' id='par_1_46' title="bbox 547 4510 2115 4583">
     <span class='ocr_line' id='line_1_46' title="bbox 547 4510 2115 4583; baseline 0.004 -22"><span class='ocrx_word' id='word_1_343' title='bbox 547 4511 785 4564; x_wconf 85' lang='lat' dir='ltr'><strong>videatur</strong></span> <span class='ocrx_word' id='word_1_344' title='bbox 807 4553 821 4574; x_wconf 84' lang='lat'><strong>,</strong></span> <span class='ocrx_word' id='word_1_345' title='bbox 851 4511 1092 4580; x_wconf 84' lang='lat' dir='ltr'><strong>quodque</strong></span> <span class='ocrx_word' id='word_1_346' title='bbox 1117 4511 1400 4580; x_wconf 75' lang='lat' dir='ltr'><strong>derepente</strong></span> <span class='ocrx_word' id='word_1_347' title='bbox 1426 4512 1680 4580; x_wconf 90' lang='lat' dir='ltr'><strong>irrumpat</strong></span> <span class='ocrx_word' id='word_1_348' title='bbox 1708 4512 1862 4583; x_wconf 69' lang='lat' dir='ltr'><strong>(qua:</strong></span> <span class='ocrx_word' id='word_1_349' title='bbox 1887 4510 2115 4567; x_wconf 83' lang='lat' dir='ltr'><strong>maxime</strong></span> 
     </span>
    </p>
   </div>
   <div class='ocr_carea' id='block_1_47' title="bbox 1249 383 3046 448">
    <p class='ocr_par' dir='ltr' id='par_1_47' title="bbox 1249 383 3046 448">
     <span class='ocr_line' id='line_1_47' title="bbox 1249 383 3046 448; baseline -0.004 -1"><span class='ocrx_word' id='word_1_350' title='bbox 1249 392 1304 448; x_wconf 88' lang='lat' dir='ltr'><strong>S.</strong></span> <span class='ocrx_word' id='word_1_351' title='bbox 1345 389 1622 447; x_wconf 73' lang='lat' dir='ltr'><strong>JOANNIS</strong></span> <span class='ocrx_word' id='word_1_352' title='bbox 1657 387 2125 445; x_wconf 76' lang='lat' dir='ltr'><strong>CHRYSOSTOM]</strong></span> <span class='ocrx_word' id='word_1_353' title='bbox 2161 383 2474 444; x_wconf 77' lang='lat' dir='ltr'><strong>ARCHIEP.</strong></span> <span class='ocrx_word' id='word_1_354' title='bbox 2516 384 3046 442; x_wconf 78' lang='lat' dir='ltr'><strong>CONSTANTINOP.</strong></span> 
     </span>
    </p>
   </div>
   <div class='ocr_carea' id='block_1_48' title="bbox 1818 4771 2152 4783">
    <p class='ocr_par' dir='ltr' id='par_1_48' title="bbox 1818 4771 2152 4783">
     <span class='ocr_line' id='line_1_48' title="bbox 1818 4771 2152 4783; baseline 0.003 -1"><span class='ocrx_word' id='word_1_355' title='bbox 1818 4771 2152 4783; x_wconf 66' lang='lat'><strong>.-</strong></span> 
     </span>
    </p>
   </div>
   <div class='ocr_carea' id='block_1_49' title="bbox 3673 387 3770 441">
    <p class='ocr_par' dir='ltr' id='par_1_49' title="bbox 3673 387 3770 441">
     <span class='ocr_line' id='line_1_49' title="bbox 3673 387 3770 441; baseline 0 0"><span class='ocrx_word' id='word_1_356' title='bbox 3673 387 3770 441; x_wconf 68' lang='lat'><strong>692</strong></span> 
     </span>
    </p>
   </div>
   <div class='ocr_carea' id='block_1_50' title="bbox 2209 497 3769 571">
    <p class='ocr_par' dir='ltr' id='par_1_50' title="bbox 2209 497 3769 571">
     <span class='ocr_line' id='line_1_50' title="bbox 2209 497 3769 571; baseline -0.001 -15"><span class='ocrx_word' id='word_1_357' title='bbox 2209 508 2261 556; x_wconf 91' lang='lat' dir='ltr'><strong>In</strong></span> <span class='ocrx_word' id='word_1_358' title='bbox 2287 516 2447 556; x_wconf 87' lang='lat' dir='ltr'><strong>causa</strong></span> <span class='ocrx_word' id='word_1_359' title='bbox 2474 511 2597 555; x_wconf 92' lang='lat' dir='ltr'><strong>sunt</strong></span> <span class='ocrx_word' id='word_1_360' title='bbox 2620 497 3078 556; x_wconf 88' lang='lat' dir='ltr'><strong>innumerabilium</strong></span> <span class='ocrx_word' id='word_1_361' title='bbox 3107 500 3410 571; x_wconf 88' lang='lat' dir='ltr'><strong>malorum),</strong></span> <span class='ocrx_word' id='word_1_362' title='bbox 3441 500 3492 554; x_wconf 89' lang='lat' dir='ltr'><strong>id</strong></span> <span class='ocrx_word' id='word_1_363' title='bbox 3521 509 3664 556; x_wconf 88' lang='lat' dir='ltr'><strong>certe</strong></span> <span class='ocrx_word' id='word_1_364' title='bbox 3688 501 3769 567; x_wconf 84' lang='lat' dir='ltr'><strong>iis,</strong></span> 
     </span>
    </p>
   </div>
   <div class='ocr_carea' id='block_1_51' title="bbox 2207 591 3772 662">
    <p class='ocr_par' dir='ltr' id='par_1_51' title="bbox 2207 591 3772 662">
     <span class='ocr_line' id='line_1_51' title="bbox 2207 591 3772 662; baseline 0 -16"><span class='ocrx_word' id='word_1_365' title='bbox 2207 594 2295 662; x_wconf 85' lang='lat' dir='ltr'><strong>qui</strong></span> <span class='ocrx_word' id='word_1_366' title='bbox 2325 608 2430 646; x_wconf 92' lang='lat' dir='ltr'><strong>non</strong></span> <span class='ocrx_word' id='word_1_367' title='bbox 2458 605 2669 660; x_wconf 87' lang='lat' dir='ltr'><strong>semper</strong></span> <span class='ocrx_word' id='word_1_368' title='bbox 2693 591 2948 659; x_wconf 78' lang='lat' dir='ltr'><strong>vigilant,</strong></span> <span class='ocrx_word' id='word_1_369' title='bbox 2977 591 3143 660; x_wconf 78' lang='lat' dir='ltr'><strong>magis</strong></span> <span class='ocrx_word' id='word_1_370' title='bbox 3184 591 3400 646; x_wconf 89' lang='lat' dir='ltr'><strong>dubium</strong></span> <span class='ocrx_word' id='word_1_371' title='bbox 3430 591 3586 660; x_wconf 87' lang='lat' dir='ltr'><strong>hujus</strong></span> <span class='ocrx_word' id='word_1_372' title='bbox 3621 607 3772 662; x_wconf 87' lang='lat' dir='ltr'><strong>quam</strong></span> 
     </span>
    </p>
   </div>
   <div class='ocr_carea' id='block_1_52' title="bbox 2209 681 3776 751">
    <p class='ocr_par' dir='ltr' id='par_1_52' title="bbox 2209 681 3776 751">
     <span class='ocr_line' id='line_1_52' title="bbox 2209 681 3776 751; baseline 0 -13"><span class='ocrx_word' id='word_1_373' title='bbox 2209 685 2350 738; x_wconf 90' lang='lat' dir='ltr'><strong>illius</strong></span> <span class='ocrx_word' id='word_1_374' title='bbox 2395 683 2517 738; x_wconf 93' lang='lat' dir='ltr'><strong>belli</strong></span> <span class='ocrx_word' id='word_1_375' title='bbox 2567 692 2813 738; x_wconf 91' lang='lat' dir='ltr'><strong>eventum</strong></span> <span class='ocrx_word' id='word_1_376' title='bbox 2862 681 3006 736; x_wconf 87' lang='lat' dir='ltr'><strong>facit.</strong></span> <span class='ocrx_word' id='word_1_377' title='bbox 3061 682 3158 736; x_wconf 79' lang='lat' dir='ltr'><strong>llic</strong></span> <span class='ocrx_word' id='word_1_378' title='bbox 3208 682 3365 751; x_wconf 78' lang='lat' dir='ltr'><strong>igitur</strong></span> <span class='ocrx_word' id='word_1_379' title='bbox 3418 699 3515 738; x_wconf 92' lang='lat' dir='ltr'><strong>nos</strong></span> <span class='ocrx_word' id='word_1_380' title='bbox 3567 683 3776 738; x_wconf 87' lang='lat' dir='ltr'><strong>volebas</strong></span> 
     </span>
    </p>
   </div>
   <div class='ocr_carea' id='block_1_53' title="bbox 2209 771 3775 828">
    <p class='ocr_par' dir='ltr' id='par_1_53' title="bbox 2209 771 3775 828">
     <span class='ocr_line' id='line_1_53' title="bbox 2209 771 3775 828; baseline 0.001 -1"><span class='ocrx_word' id='word_1_381' title='bbox 2209 776 2404 828; x_wconf 90' lang='lat' dir='ltr'><strong>milites</strong></span> <span class='ocrx_word' id='word_1_382' title='bbox 2428 773 2621 828; x_wconf 85' lang='lat' dir='ltr'><strong>Christi</strong></span> <span class='ocrx_word' id='word_1_383' title='bbox 2647 771 2886 828; x_wconf 87' lang='lat' dir='ltr'><strong>ducere?</strong></span> <span class='ocrx_word' id='word_1_384' title='bbox 2914 774 2980 827; x_wconf 82' lang='lat' dir='ltr'><strong>At</strong></span> <span class='ocrx_word' id='word_1_385' title='bbox 3006 773 3107 827; x_wconf 90' lang='lat' dir='ltr'><strong>hoc</strong></span> <span class='ocrx_word' id='word_1_386' title='bbox 3131 772 3314 827; x_wconf 89' lang='lat' dir='ltr'><strong>fuisset</strong></span> <span class='ocrx_word' id='word_1_387' title='bbox 3357 773 3567 827; x_wconf 80' lang='lat' dir='ltr'><strong>diabolo</strong></span> <span class='ocrx_word' id='word_1_388' title='bbox 3591 775 3775 828; x_wconf 88' lang='lat' dir='ltr'><strong>ducem</strong></span> 
     </span>
    </p>
   </div>
   <div class='ocr_carea' id='block_1_54' title="bbox 2209 863 3774 934">
    <p class='ocr_par' dir='ltr' id='par_1_54' title="bbox 2209 863 3774 934">
     <span class='ocr_line' id='line_1_54' title="bbox 2209 863 3774 934; baseline 0.001 -16"><span class='ocrx_word' id='word_1_389' title='bbox 2209 881 2327 918; x_wconf 85' lang='lat' dir='ltr'><strong>esse</strong></span> <span class='ocrx_word' id='word_1_390' title='bbox 2348 883 2360 918; x_wconf 89' lang='grc'></span> <span class='ocrx_word' id='word_1_391' title='bbox 2380 879 2500 918; x_wconf 92' lang='lat' dir='ltr'><strong>nam</strong></span> <span class='ocrx_word' id='word_1_392' title='bbox 2517 879 2638 919; x_wconf 91' lang='lat' dir='ltr'><strong>cum</strong></span> <span class='ocrx_word' id='word_1_393' title='bbox 2664 865 2726 929; x_wconf 91' lang='lat' dir='ltr'><strong>is,</strong></span> <span class='ocrx_word' id='word_1_394' title='bbox 2747 865 2836 934; x_wconf 93' lang='lat' dir='ltr'><strong>qui</strong></span> <span class='ocrx_word' id='word_1_395' title='bbox 2854 863 3012 919; x_wconf 86' lang='lat' dir='ltr'><strong>debet</strong></span> <span class='ocrx_word' id='word_1_396' title='bbox 3033 865 3163 919; x_wconf 90' lang='lat' dir='ltr'><strong>alios</strong></span> <span class='ocrx_word' id='word_1_397' title='bbox 3189 865 3255 918; x_wconf 88' lang='lat' dir='ltr'><strong>ad</strong></span> <span class='ocrx_word' id='word_1_398' title='bbox 3279 865 3474 919; x_wconf 89' lang='lat' dir='ltr'><strong>bellum</strong></span> <span class='ocrx_word' id='word_1_399' title='bbox 3495 867 3774 932; x_wconf 89' lang='lat' dir='ltr'><strong>instruere,</strong></span> 
     </span>
    </p>
   </div>
   <div class='ocr_carea' id='block_1_55' title="bbox 2209 955 3780 1024">
    <p class='ocr_par' dir='ltr' id='par_1_55' title="bbox 2209 955 3780 1024">
     <span class='ocr_line' id='line_1_55' title="bbox 2209 955 3780 1024; baseline 0 -15"><span class='ocrx_word' id='word_1_400' title='bbox 2209 955 2442 1024; x_wconf 89' lang='lat' dir='ltr'><strong>ipsisque</strong></span> <span class='ocrx_word' id='word_1_401' title='bbox 2487 959 2749 1023; x_wconf 86' lang='lat' dir='ltr'><strong>imperare</strong></span> <span class='ocrx_word' id='word_1_402' title='bbox 2771 996 2787 1021; x_wconf 93' lang='lat'><strong>,</strong></span> <span class='ocrx_word' id='word_1_403' title='bbox 2819 955 3054 1009; x_wconf 89' lang='lat' dir='ltr'><strong>omnium</strong></span> <span class='ocrx_word' id='word_1_404' title='bbox 3085 955 3508 1024; x_wconf 87' lang='lat' dir='ltr'><strong>imperitissimus</strong></span> <span class='ocrx_word' id='word_1_405' title='bbox 3536 959 3780 1009; x_wconf 81' lang='lat' dir='ltr'><strong>intimis-</strong></span> 
     </span>
    </p>
   </div>
   <div class='ocr_carea' id='block_1_56' title="bbox 2209 1044 3780 1116">
    <p class='ocr_par' dir='ltr' id='par_1_56' title="bbox 2209 1044 3780 1116">
     <span class='ocr_line' id='line_1_56' title="bbox 2209 1044 3780 1116; baseline 0.001 -17"><span class='ocrx_word' id='word_1_406' title='bbox 2209 1047 2478 1115; x_wconf 88' lang='lat' dir='ltr'><strong>simusque</strong></span> <span class='ocrx_word' id='word_1_407' title='bbox 2505 1055 2624 1111; x_wconf 88' lang='lat' dir='ltr'><strong>est,</strong></span> <span class='ocrx_word' id='word_1_408' title='bbox 2652 1046 2911 1116; x_wconf 87' lang='lat' dir='ltr'><strong>imperitia</strong></span> <span class='ocrx_word' id='word_1_409' title='bbox 2955 1061 3048 1100; x_wconf 90' lang='lat' dir='ltr'><strong>sua</strong></span> <span class='ocrx_word' id='word_1_410' title='bbox 3077 1045 3411 1100; x_wconf 88' lang='lat' dir='ltr'><strong>concreditos</strong></span> <span class='ocrx_word' id='word_1_411' title='bbox 3443 1044 3545 1100; x_wconf 88' lang='lat' dir='ltr'><strong>sibi</strong></span> <span class='ocrx_word' id='word_1_412' title='bbox 3587 1047 3780 1101; x_wconf 81' lang='lat' dir='ltr'><strong>milites</strong></span> 
     </span>
    </p>
   </div>
   <div class='ocr_carea' id='block_1_57' title="bbox 2212 1135 3776 1208">
    <p class='ocr_par' dir='ltr' id='par_1_57' title="bbox 2212 1135 3776 1208">
     <span class='ocr_line' id='line_1_57' title="bbox 2212 1135 3776 1208; baseline 0.001 -20"><span class='ocrx_word' id='word_1_413' title='bbox 2212 1135 2439 1204; x_wconf 91' lang='lat' dir='ltr'><strong>prodens</strong></span> <span class='ocrx_word' id='word_1_414' title='bbox 2461 1176 2474 1200; x_wconf 91' lang='lat'><strong>,</strong></span> <span class='ocrx_word' id='word_1_415' title='bbox 2508 1135 2717 1190; x_wconf 90' lang='lat' dir='ltr'><strong>diabolo</strong></span> <span class='ocrx_word' id='word_1_416' title='bbox 2754 1138 2921 1206; x_wconf 83' lang='lat' dir='ltr'><strong>magis</strong></span> <span class='ocrx_word' id='word_1_417' title='bbox 2943 1176 2958 1200; x_wconf 93' lang='lat'><strong>,</strong></span> <span class='ocrx_word' id='word_1_418' title='bbox 3002 1151 3159 1206; x_wconf 87' lang='lat' dir='ltr'><strong>quam</strong></span> <span class='ocrx_word' id='word_1_419' title='bbox 3186 1136 3396 1190; x_wconf 83' lang='lat' dir='ltr'><strong>Christo</strong></span> <span class='ocrx_word' id='word_1_420' title='bbox 3422 1140 3613 1191; x_wconf 88' lang='lat' dir='ltr'><strong>ducent</strong></span> <span class='ocrx_word' id='word_1_421' title='bbox 3655 1138 3776 1208; x_wconf 76' lang='lat' dir='ltr'><strong>agit.</strong></span> 
     </span>
    </p>
   </div>
   <div class='ocr_carea' id='block_1_58' title="bbox 2209 1225 3777 1298">
    <p class='ocr_par' dir='ltr' id='par_1_58' title="bbox 2209 1225 3777 1298">
     <span class='ocr_line' id='line_1_58' title="bbox 2209 1225 3777 1298; baseline 0.001 -18"><span class='ocrx_word' id='word_1_422' title='bbox 2209 1226 2288 1280; x_wconf 88' lang='lat' dir='ltr'><strong>Tu</strong></span> <span class='ocrx_word' id='word_1_423' title='bbox 2341 1241 2467 1280; x_wconf 86' lang='lat' dir='ltr'><strong>vero</strong></span> <span class='ocrx_word' id='word_1_424' title='bbox 2517 1225 2642 1296; x_wconf 91' lang='lat' dir='ltr'><strong>quid</strong></span> <span class='ocrx_word' id='word_1_425' title='bbox 2698 1227 3034 1296; x_wconf 79' lang='lat' dir='ltr'><strong>ingemiscis,</strong></span> <span class='ocrx_word' id='word_1_426' title='bbox 3085 1226 3211 1296; x_wconf 90' lang='lat' dir='ltr'><strong>quid</strong></span> <span class='ocrx_word' id='word_1_427' title='bbox 3264 1227 3616 1298; x_wconf 79' lang='lat' dir='ltr'><strong>lacrymaris?</strong></span> <span class='ocrx_word' id='word_1_428' title='bbox 3667 1228 3777 1281; x_wconf 80' lang='lat' dir='ltr'><strong>Non</strong></span> 
     </span>
    </p>
   </div>
   <div class='ocr_carea' id='block_1_59' title="bbox 2210 1317 3778 1389">
    <p class='ocr_par' dir='ltr' id='par_1_59' title="bbox 2210 1317 3778 1389">
     <span class='ocr_line' id='line_1_59' title="bbox 2210 1317 3778 1389; baseline -0.001 -18"><span class='ocrx_word' id='word_1_429' title='bbox 2210 1317 2351 1372; x_wconf 91' lang='lat' dir='ltr'><strong>enim</strong></span> <span class='ocrx_word' id='word_1_430' title='bbox 2379 1333 2496 1388; x_wconf 62' lang='lat' dir='ltr'><strong>quae</strong></span> <span class='ocrx_word' id='word_1_431' title='bbox 2522 1318 2586 1372; x_wconf 92' lang='lat' dir='ltr'><strong>ad</strong></span> <span class='ocrx_word' id='word_1_432' title='bbox 2617 1334 2702 1372; x_wconf 92' lang='lat' dir='ltr'><strong>me</strong></span> <span class='ocrx_word' id='word_1_433' title='bbox 2733 1320 2995 1386; x_wconf 87' lang='lat' dir='ltr'><strong>pertinent</strong></span> <span class='ocrx_word' id='word_1_434' title='bbox 3021 1333 3160 1372; x_wconf 91' lang='lat' dir='ltr'><strong>nunc</strong></span> <span class='ocrx_word' id='word_1_435' title='bbox 3189 1319 3435 1389; x_wconf 79' lang='lat' dir='ltr'><strong>lacrymis</strong></span> <span class='ocrx_word' id='word_1_436' title='bbox 3457 1319 3614 1388; x_wconf 77' lang='lat' dir='ltr'><strong>digna</strong></span> <span class='ocrx_word' id='word_1_437' title='bbox 3638 1331 3778 1384; x_wconf 85' lang='lat' dir='ltr'><strong>sunt,</strong></span> 
     </span>
    </p>
   </div>
   <div class='ocr_carea' id='block_1_60' title="bbox 2211 1409 3778 1479">
    <p class='ocr_par' dir='ltr' id='par_1_60' title="bbox 2211 1409 3778 1479">
     <span class='ocr_line' id='line_1_60' title="bbox 2211 1409 3778 1479; baseline 0 -17"><span class='ocrx_word' id='word_1_438' title='bbox 2211 1411 2306 1463; x_wconf 88' lang='lat' dir='ltr'><strong>sed</strong></span> <span class='ocrx_word' id='word_1_439' title='bbox 2348 1409 2539 1479; x_wconf 77' lang='lat' dir='ltr'><strong>gaudio</strong></span> <span class='ocrx_word' id='word_1_440' title='bbox 2563 1418 2617 1464; x_wconf 92' lang='lat' dir='ltr'><strong>et</strong></span> <span class='ocrx_word' id='word_1_441' title='bbox 2659 1410 2855 1464; x_wconf 69' lang='lat' dir='ltr'><strong>Iretitia.</strong></span> <span class='ocrx_word' id='word_1_442' title='bbox 2889 1409 3217 1465; x_wconf 80' lang='lat' dir='ltr'><strong>BASILIUS.</strong></span> <span class='ocrx_word' id='word_1_443' title='bbox 3248 1411 3315 1464; x_wconf 83' lang='lat' dir='ltr'><strong>At</strong></span> <span class='ocrx_word' id='word_1_444' title='bbox 3342 1425 3446 1464; x_wconf 93' lang='lat' dir='ltr'><strong>non</strong></span> <span class='ocrx_word' id='word_1_445' title='bbox 3472 1411 3597 1464; x_wconf 89' lang='lat' dir='ltr'><strong>item</strong></span> <span class='ocrx_word' id='word_1_446' title='bbox 3627 1427 3738 1464; x_wconf 85' lang='lat' dir='ltr'><strong>mea</strong></span> <span class='ocrx_word' id='word_1_447' title='bbox 3763 1451 3778 1473; x_wconf 95' lang='lat'><strong>,</strong></span> 
     </span>
    </p>
   </div>
   <div class='ocr_carea' id='block_1_61' title="bbox 2212 1499 3779 1570">
    <p class='ocr_par' dir='ltr' id='par_1_61' title="bbox 2212 1499 3779 1570">
     <span class='ocr_line' id='line_1_61' title="bbox 2212 1499 3779 1570; baseline 0 -17"><span class='ocrx_word' id='word_1_448' title='bbox 2212 1500 2399 1569; x_wconf 87' lang='lat' dir='ltr'><strong>inquit,</strong></span> <span class='ocrx_word' id='word_1_449' title='bbox 2416 1499 2510 1554; x_wconf 88' lang='lat' dir='ltr'><strong>sed</strong></span> <span class='ocrx_word' id='word_1_450' title='bbox 2538 1499 2707 1569; x_wconf 92' lang='lat' dir='ltr'><strong>potius</strong></span> <span class='ocrx_word' id='word_1_451' title='bbox 2724 1503 2986 1555; x_wconf 85' lang='lat' dir='ltr'><strong>sexcentis</strong></span> <span class='ocrx_word' id='word_1_452' title='bbox 3014 1510 3137 1554; x_wconf 90' lang='lat' dir='ltr'><strong>sunt</strong></span> <span class='ocrx_word' id='word_1_453' title='bbox 3164 1500 3319 1570; x_wconf 82' lang='lat' dir='ltr'><strong>digna</strong></span> <span class='ocrx_word' id='word_1_454' title='bbox 3349 1500 3667 1569; x_wconf 89' lang='lat' dir='ltr'><strong>planctibus.</strong></span> <span class='ocrx_word' id='word_1_455' title='bbox 3691 1500 3779 1553; x_wconf 82' lang='lat' dir='ltr'><strong>Vix</strong></span> 
     </span>
    </p>
   </div>
   <div class='ocr_carea' id='block_1_62' title="bbox 2211 1590 3780 1659">
    <p class='ocr_par' dir='ltr' id='par_1_62' title="bbox 2211 1590 3780 1659">
     <span class='ocr_line' id='line_1_62' title="bbox 2211 1590 3780 1659; baseline -0.001 -14"><span class='ocrx_word' id='word_1_456' title='bbox 2211 1593 2351 1645; x_wconf 91' lang='lat' dir='ltr'><strong>enim</strong></span> <span class='ocrx_word' id='word_1_457' title='bbox 2403 1591 2657 1646; x_wconf 89' lang='lat' dir='ltr'><strong>hactenus</strong></span> <span class='ocrx_word' id='word_1_458' title='bbox 2709 1591 3132 1646; x_wconf 87' lang='lat' dir='ltr'><strong>animadvertere</strong></span> <span class='ocrx_word' id='word_1_459' title='bbox 3184 1590 3369 1659; x_wconf 90' lang='lat' dir='ltr'><strong>potui,</strong></span> <span class='ocrx_word' id='word_1_460' title='bbox 3426 1591 3478 1643; x_wconf 92' lang='lat' dir='ltr'><strong>in</strong></span> <span class='ocrx_word' id='word_1_461' title='bbox 3533 1600 3780 1657; x_wconf 88' lang='lat' dir='ltr'><strong>quanttnu</strong></span> 
     </span>
    </p>
   </div>
   <div class='ocr_carea' id='block_1_63' title="bbox 2212 1682 3782 1752">
    <p class='ocr_par' dir='ltr' id='par_1_63' title="bbox 2212 1682 3782 1752">
     <span class='ocr_line' id='line_1_63' title="bbox 2212 1682 3782 1752; baseline 0.001 -16"><span class='ocrx_word' id='word_1_462' title='bbox 2212 1687 2471 1738; x_wconf 85' lang='lat' dir='ltr'><strong>malorum</strong></span> <span class='ocrx_word' id='word_1_463' title='bbox 2499 1699 2585 1738; x_wconf 88' lang='lat' dir='ltr'><strong>me</strong></span> <span class='ocrx_word' id='word_1_464' title='bbox 2628 1684 2939 1752; x_wconf 83' lang='lat' dir='ltr'><strong>conjeceris.</strong></span> <span class='ocrx_word' id='word_1_465' title='bbox 2980 1682 3248 1752; x_wconf 87' lang='lat' dir='ltr'><strong>Siquidem</strong></span> <span class='ocrx_word' id='word_1_466' title='bbox 3277 1683 3396 1737; x_wconf 86' lang='lat' dir='ltr'><strong>ideo</strong></span> <span class='ocrx_word' id='word_1_467' title='bbox 3437 1693 3487 1737; x_wconf 89' lang='lat' dir='ltr'><strong>te</strong></span> <span class='ocrx_word' id='word_1_468' title='bbox 3511 1684 3741 1737; x_wconf 84' lang='lat' dir='ltr'><strong>adierant</strong></span> <span class='ocrx_word' id='word_1_469' title='bbox 3765 1723 3782 1748; x_wconf 89' lang='lat'><strong>,</strong></span> 
     </span>
    </p>
   </div>
   <div class='ocr_carea' id='block_1_64' title="bbox 2214 1773 3785 1844">
    <p class='ocr_par' dir='ltr' id='par_1_64' title="bbox 2214 1773 3785 1844">
     <span class='ocr_line' id='line_1_64' title="bbox 2214 1773 3785 1844; baseline 0.001 -18"><span class='ocrx_word' id='word_1_470' title='bbox 2214 1783 2270 1827; x_wconf 91' lang='lat' dir='ltr'><strong>ut</strong></span> <span class='ocrx_word' id='word_1_471' title='bbox 2295 1775 2418 1844; x_wconf 88' lang='lat' dir='ltr'><strong>quid</strong></span> <span class='ocrx_word' id='word_1_472' title='bbox 2447 1774 2876 1828; x_wconf 88' lang='lat' dir='ltr'><strong>criminatoribus</strong></span> <span class='ocrx_word' id='word_1_473' title='bbox 2907 1775 3009 1828; x_wconf 90' lang='lat' dir='ltr'><strong>tuis</strong></span> <span class='ocrx_word' id='word_1_474' title='bbox 3036 1774 3163 1828; x_wconf 91' lang='lat' dir='ltr'><strong>mihi</strong></span> <span class='ocrx_word' id='word_1_475' title='bbox 3192 1773 3618 1844; x_wconf 57' lang='lat' dir='ltr'><strong>restiondeudum</strong></span> <span class='ocrx_word' id='word_1_476' title='bbox 3648 1785 3785 1829; x_wconf 88' lang='lat' dir='ltr'><strong>esset</strong></span> 
     </span>
    </p>
   </div>
   <div class='ocr_carea' id='block_1_65' title="bbox 2213 1865 3782 1935">
    <p class='ocr_par' dir='ltr' id='par_1_65' title="bbox 2213 1865 3782 1935">
     <span class='ocr_line' id='line_1_65' title="bbox 2213 1865 3782 1935; baseline -0.001 -15"><span class='ocrx_word' id='word_1_477' title='bbox 2213 1866 2507 1920; x_wconf 82' lang='lat' dir='ltr'><strong>ediscerem</strong></span> <span class='ocrx_word' id='word_1_478' title='bbox 2542 1883 2554 1918; x_wconf 90' lang='lat'><strong>:</strong></span> <span class='ocrx_word' id='word_1_479' title='bbox 2589 1875 2643 1920; x_wconf 93' lang='lat' dir='ltr'><strong>tu</strong></span> <span class='ocrx_word' id='word_1_480' title='bbox 2688 1879 2816 1920; x_wconf 91' lang='lat' dir='ltr'><strong>vero</strong></span> <span class='ocrx_word' id='word_1_481' title='bbox 2861 1881 2946 1920; x_wconf 88' lang='lat' dir='ltr'><strong>me</strong></span> <span class='ocrx_word' id='word_1_482' title='bbox 2990 1865 3212 1920; x_wconf 90' lang='lat' dir='ltr'><strong>dimittis</strong></span> <span class='ocrx_word' id='word_1_483' title='bbox 3254 1879 3436 1920; x_wconf 83' lang='lat' dir='ltr'><strong>curam</strong></span> <span class='ocrx_word' id='word_1_484' title='bbox 3483 1866 3645 1919; x_wconf 84' lang='lat' dir='ltr'><strong>aliam</strong></span> <span class='ocrx_word' id='word_1_485' title='bbox 3691 1882 3782 1935; x_wconf 77' lang='lat' dir='ltr'><strong>pro</strong></span> 
     </span>
    </p>
   </div>
   <div class='ocr_carea' id='block_1_66' title="bbox 2214 1955 3784 2026">
    <p class='ocr_par' dir='ltr' id='par_1_66' title="bbox 2214 1955 3784 2026">
     <span class='ocr_line' id='line_1_66' title="bbox 2214 1955 3784 2026; baseline 0.001 -18"><span class='ocrx_word' id='word_1_486' title='bbox 2214 1957 2312 2010; x_wconf 88' lang='lat' dir='ltr'><strong>alia</strong></span> <span class='ocrx_word' id='word_1_487' title='bbox 2343 1956 2602 2025; x_wconf 87' lang='lat' dir='ltr'><strong>injiciens.</strong></span> <span class='ocrx_word' id='word_1_488' title='bbox 2631 1956 2745 2010; x_wconf 84' lang='lat' dir='ltr'><strong>Non</strong></span> <span class='ocrx_word' id='word_1_489' title='bbox 2787 1956 2930 2011; x_wconf 88' lang='lat' dir='ltr'><strong>enim</strong></span> <span class='ocrx_word' id='word_1_490' title='bbox 2953 1957 3063 2025; x_wconf 91' lang='lat' dir='ltr'><strong>jam</strong></span> <span class='ocrx_word' id='word_1_491' title='bbox 3091 1955 3219 2010; x_wconf 90' lang='lat' dir='ltr'><strong>mihi</strong></span> <span class='ocrx_word' id='word_1_492' title='bbox 3261 1971 3403 2010; x_wconf 68' lang='lat' dir='ltr'><strong>cura:</strong></span> <span class='ocrx_word' id='word_1_493' title='bbox 3429 1967 3510 2010; x_wconf 73' lang='grc' dir='ltr'><strong></strong></span> <span class='ocrx_word' id='word_1_494' title='bbox 3533 1957 3659 2026; x_wconf 90' lang='lat' dir='ltr'><strong>quid</strong></span> <span class='ocrx_word' id='word_1_495' title='bbox 3686 1957 3784 2010; x_wconf 88' lang='lat' dir='ltr'><strong>illis</strong></span> 
     </span>
    </p>
   </div>
   <div class='ocr_carea' id='block_1_67' title="bbox 2217 2047 3786 2118">
    <p class='ocr_par' dir='ltr' id='par_1_67' title="bbox 2217 2047 3786 2118">
     <span class='ocr_line' id='line_1_67' title="bbox 2217 2047 3786 2118; baseline -0.001 -17"><span class='ocrx_word' id='word_1_496' title='bbox 2217 2063 2311 2117; x_wconf 91' lang='lat' dir='ltr'><strong>pro</strong></span> <span class='ocrx_word' id='word_1_497' title='bbox 2339 2056 2388 2102; x_wconf 85' lang='lat' dir='ltr'><strong>te.</strong></span> <span class='ocrx_word' id='word_1_498' title='bbox 2416 2048 2764 2118; x_wconf 79' lang='lat' dir='ltr'><strong>respondeam</strong></span> <span class='ocrx_word' id='word_1_499' title='bbox 2789 2088 2804 2112; x_wconf 93' lang='lat'><strong>,</strong></span> <span class='ocrx_word' id='word_1_500' title='bbox 2834 2047 2926 2102; x_wconf 89' lang='lat' dir='ltr'><strong>sed</strong></span> <span class='ocrx_word' id='word_1_501' title='bbox 2970 2062 3126 2117; x_wconf 89' lang='lat' dir='ltr'><strong>quam</strong></span> <span class='ocrx_word' id='word_1_502' title='bbox 3171 2048 3236 2102; x_wconf 91' lang='lat' dir='ltr'><strong>ad</strong></span> <span class='ocrx_word' id='word_1_503' title='bbox 3265 2049 3428 2102; x_wconf 89' lang='lat' dir='ltr'><strong>Deum</strong></span> <span class='ocrx_word' id='word_1_504' title='bbox 3459 2049 3656 2114; x_wconf 86' lang='lat' dir='ltr'><strong>parabo</strong></span> <span class='ocrx_word' id='word_1_505' title='bbox 3695 2063 3786 2116; x_wconf 87' lang='lat' dir='ltr'><strong>pro</strong></span> 
     </span>
    </p>
   </div>
   <div class='ocr_carea' id='block_1_68' title="bbox 2216 2139 3788 2209">
    <p class='ocr_par' dir='ltr' id='par_1_68' title="bbox 2216 2139 3788 2209">
     <span class='ocr_line' id='line_1_68' title="bbox 2216 2139 3788 2209; baseline 0.001 -16"><span class='ocrx_word' id='word_1_506' title='bbox 2216 2156 2300 2194; x_wconf 90' lang='lat' dir='ltr'><strong>me</strong></span> <span class='ocrx_word' id='word_1_507' title='bbox 2329 2155 2530 2209; x_wconf 92' lang='lat' dir='ltr'><strong>proque</strong></span> <span class='ocrx_word' id='word_1_508' title='bbox 2558 2139 2708 2193; x_wconf 87' lang='lat' dir='ltr'><strong>malis</strong></span> <span class='ocrx_word' id='word_1_509' title='bbox 2735 2140 2866 2192; x_wconf 89' lang='lat' dir='ltr'><strong>meis</strong></span> <span class='ocrx_word' id='word_1_510' title='bbox 2889 2139 3272 2194; x_wconf 89' lang='lat' dir='ltr'><strong>defensionem.</strong></span> <span class='ocrx_word' id='word_1_511' title='bbox 3291 2139 3554 2193; x_wconf 60' lang='lat' dir='ltr'><strong>Craterum</strong></span> <span class='ocrx_word' id='word_1_512' title='bbox 3581 2149 3634 2192; x_wconf 89' lang='lat' dir='ltr'><strong>te</strong></span> <span class='ocrx_word' id='word_1_513' title='bbox 3664 2153 3788 2208; x_wconf 81' lang='lat' dir='ltr'><strong>rogo</strong></span> 
     </span>
    </p>
   </div>
   <div class='ocr_carea' id='block_1_69' title="bbox 2215 2230 3789 2300">
    <p class='ocr_par' dir='ltr' id='par_1_69' title="bbox 2215 2230 3789 2300">
     <span class='ocr_line' id='line_1_69' title="bbox 2215 2230 3789 2300; baseline -0.002 -14"><span class='ocrx_word' id='word_1_514' title='bbox 2215 2242 2270 2286; x_wconf 88' lang='lat' dir='ltr'><strong>et</strong></span> <span class='ocrx_word' id='word_1_515' title='bbox 2297 2232 2519 2285; x_wconf 86' lang='lat' dir='ltr'><strong>obsecro</strong></span> <span class='ocrx_word' id='word_1_516' title='bbox 2544 2273 2558 2296; x_wconf 93' lang='lat'><strong>,</strong></span> <span class='ocrx_word' id='word_1_517' title='bbox 2589 2232 2633 2284; x_wconf 91' lang='lat' dir='ltr'><strong>si</strong></span> <span class='ocrx_word' id='word_1_518' title='bbox 2675 2247 2773 2300; x_wconf 87' lang='lat' dir='ltr'><strong>qua</strong></span> <span class='ocrx_word' id='word_1_519' title='bbox 2806 2231 2898 2284; x_wconf 90' lang='lat' dir='ltr'><strong>tibi</strong></span> <span class='ocrx_word' id='word_1_520' title='bbox 2945 2239 3028 2284; x_wconf 91' lang='lat' dir='ltr'><strong>est</strong></span> <span class='ocrx_word' id='word_1_521' title='bbox 3057 2246 3232 2284; x_wconf 90' lang='lat' dir='ltr'><strong>rerum</strong></span> <span class='ocrx_word' id='word_1_522' title='bbox 3281 2245 3516 2284; x_wconf 87' lang='lat' dir='ltr'><strong>mearum</strong></span> <span class='ocrx_word' id='word_1_523' title='bbox 3546 2245 3672 2284; x_wconf 87' lang='lat' dir='ltr'><strong>cura</strong></span> <span class='ocrx_word' id='word_1_524' title='bbox 3695 2271 3711 2294; x_wconf 96' lang='lat'><strong>,</strong></span> <span class='ocrx_word' id='word_1_525' title='bbox 3743 2230 3789 2283; x_wconf 90' lang='lat' dir='ltr'><strong>si</strong></span> 
     </span>
    </p>
   </div>
   <div class='ocr_carea' id='block_1_70' title="bbox 2215 2321 3786 2392">
    <p class='ocr_par' dir='ltr' id='par_1_70' title="bbox 2215 2321 3786 2392">
     <span class='ocr_line' id='line_1_70' title="bbox 2215 2321 3786 2392; baseline 0 -17"><span class='ocrx_word' id='word_1_526' title='bbox 2215 2340 2316 2392; x_wconf 89' lang='lat' dir='ltr'><strong>qua</strong></span> <span class='ocrx_word' id='word_1_527' title='bbox 2363 2325 2413 2376; x_wconf 94' lang='lat' dir='ltr'><strong>in</strong></span> <span class='ocrx_word' id='word_1_528' title='bbox 2442 2323 2653 2377; x_wconf 88' lang='lat' dir='ltr'><strong>Christo</strong></span> <span class='ocrx_word' id='word_1_529' title='bbox 2697 2323 2986 2376; x_wconf 89' lang='lat' dir='ltr'><strong>consolatio</strong></span> <span class='ocrx_word' id='word_1_530' title='bbox 3023 2321 3296 2392; x_wconf 84' lang='lat' dir='ltr'><strong>(Philipp.</strong></span> <span class='ocrx_word' id='word_1_531' title='bbox 3342 2323 3396 2377; x_wconf 74' lang='lat'><strong>2.</strong></span> <span class='ocrx_word' id='word_1_532' title='bbox 3447 2324 3561 2392; x_wconf 82' lang='lat' dir='ltr'><strong>l),</strong></span> <span class='ocrx_word' id='word_1_533' title='bbox 3593 2324 3638 2376; x_wconf 91' lang='lat' dir='ltr'><strong>si</strong></span> <span class='ocrx_word' id='word_1_534' title='bbox 3683 2339 3786 2392; x_wconf 85' lang='lat' dir='ltr'><strong>qua</strong></span> 
     </span>
    </p>
   </div>
   <div class='ocr_carea' id='block_1_71' title="bbox 2217 2412 3790 2482">
    <p class='ocr_par' dir='ltr' id='par_1_71' title="bbox 2217 2412 3790 2482">
     <span class='ocr_line' id='line_1_71' title="bbox 2217 2412 3790 2482; baseline -0.001 -15"><span class='ocrx_word' id='word_1_535' title='bbox 2217 2416 2417 2468; x_wconf 88' lang='lat' dir='ltr'><strong>viscera</strong></span> <span class='ocrx_word' id='word_1_536' title='bbox 2464 2424 2516 2468; x_wconf 90' lang='lat' dir='ltr'><strong>et</strong></span> <span class='ocrx_word' id='word_1_537' title='bbox 2568 2414 3058 2467; x_wconf 82' lang='lat' dir='ltr'><strong>commiserationes</strong></span> <span class='ocrx_word' id='word_1_538' title='bbox 3103 2412 3340 2482; x_wconf 91' lang='lat' dir='ltr'><strong>(etenim</strong></span> <span class='ocrx_word' id='word_1_539' title='bbox 3385 2413 3521 2467; x_wconf 92' lang='lat' dir='ltr'><strong>nosti</strong></span> <span class='ocrx_word' id='word_1_540' title='bbox 3564 2427 3654 2467; x_wconf 86' lang='lat' dir='ltr'><strong>me</strong></span> <span class='ocrx_word' id='word_1_541' title='bbox 3703 2422 3790 2466; x_wconf 81' lang='lat' dir='ltr'><strong>tua</strong></span> 
     </span>
    </p>
   </div>
   <div class='ocr_carea' id='block_1_72' title="bbox 2218 2502 3788 2574">
    <p class='ocr_par' dir='ltr' id='par_1_72' title="bbox 2218 2502 3788 2574">
     <span class='ocr_line' id='line_1_72' title="bbox 2218 2502 3788 2574; baseline 0.001 -22"><span class='ocrx_word' id='word_1_542' title='bbox 2218 2505 2548 2572; x_wconf 82' lang='lat' dir='ltr'><strong>potissimum</strong></span> <span class='ocrx_word' id='word_1_543' title='bbox 2568 2520 2725 2573; x_wconf 87' lang='lat' dir='ltr'><strong>opera</strong></span> <span class='ocrx_word' id='word_1_544' title='bbox 2755 2504 2806 2556; x_wconf 89' lang='lat' dir='ltr'><strong>iu</strong></span> <span class='ocrx_word' id='word_1_545' title='bbox 2826 2504 2924 2557; x_wconf 91' lang='lat' dir='ltr'><strong>hoc</strong></span> <span class='ocrx_word' id='word_1_546' title='bbox 2949 2504 3235 2572; x_wconf 91' lang='lat' dir='ltr'><strong>periculum</strong></span> <span class='ocrx_word' id='word_1_547' title='bbox 3253 2504 3548 2571; x_wconf 87' lang='lat' dir='ltr'><strong>conjectum</strong></span> <span class='ocrx_word' id='word_1_548' title='bbox 3566 2502 3752 2574; x_wconf 82' lang='lat' dir='ltr'><strong>fuisse)</strong></span> <span class='ocrx_word' id='word_1_549' title='bbox 3775 2521 3788 2554; x_wconf 94' lang='lat'>:</span> 
     </span>
    </p>
   </div>
   <div class='ocr_carea' id='block_1_73' title="bbox 2217 2595 3793 2666">
    <p class='ocr_par' dir='ltr' id='par_1_73' title="bbox 2217 2595 3793 2666">
     <span class='ocr_line' id='line_1_73' title="bbox 2217 2595 3793 2666; baseline -0.002 -16"><span class='ocrx_word' id='word_1_550' title='bbox 2217 2612 2430 2651; x_wconf 90' lang='lat' dir='ltr'><strong>manum</strong></span> <span class='ocrx_word' id='word_1_551' title='bbox 2475 2597 2602 2650; x_wconf 91' lang='lat' dir='ltr'><strong>mihi</strong></span> <span class='ocrx_word' id='word_1_552' title='bbox 2647 2597 2884 2666; x_wconf 77' lang='lat' dir='ltr'><strong>porrigas</strong></span> <span class='ocrx_word' id='word_1_553' title='bbox 2907 2636 2922 2662; x_wconf 90' lang='lat'><strong>,</strong></span> <span class='ocrx_word' id='word_1_554' title='bbox 2955 2595 3044 2650; x_wconf 87' lang='lat' dir='ltr'><strong>illa</strong></span> <span class='ocrx_word' id='word_1_555' title='bbox 3085 2595 3270 2650; x_wconf 90' lang='lat' dir='ltr'><strong>dicens</strong></span> <span class='ocrx_word' id='word_1_556' title='bbox 3299 2595 3601 2665; x_wconf 80' lang='lat' dir='ltr'><strong>faciensque</strong></span> <span class='ocrx_word' id='word_1_557' title='bbox 3625 2637 3640 2661; x_wconf 92' lang='lat'><strong>,</strong></span> <span class='ocrx_word' id='word_1_558' title='bbox 3671 2609 3793 2665; x_wconf 67' lang='lat' dir='ltr'><strong>qum</strong></span> 
     </span>
    </p>
   </div>
   <div class='ocr_carea' id='block_1_74' title="bbox 2219 2684 3794 2757">
    <p class='ocr_par' dir='ltr' id='par_1_74' title="bbox 2219 2684 3794 2757">
     <span class='ocr_line' id='line_1_74' title="bbox 2219 2684 3794 2757; baseline -0.004 -15"><span class='ocrx_word' id='word_1_559' title='bbox 2219 2703 2314 2742; x_wconf 90' lang='lat' dir='ltr'><strong>nos</strong></span> <span class='ocrx_word' id='word_1_560' title='bbox 2353 2687 2639 2742; x_wconf 87' lang='lat' dir='ltr'><strong>emendare</strong></span> <span class='ocrx_word' id='word_1_561' title='bbox 2681 2687 2884 2757; x_wconf 87' lang='lat' dir='ltr'><strong>possint</strong></span> <span class='ocrx_word' id='word_1_562' title='bbox 2916 2705 2928 2740; x_wconf 91' lang='lat'><strong>:</strong></span> <span class='ocrx_word' id='word_1_563' title='bbox 2962 2701 3030 2755; x_wconf 83' lang='lat' dir='ltr'><strong>pe</strong></span> <span class='ocrx_word' id='word_1_564' title='bbox 3070 2687 3304 2740; x_wconf 90' lang='lat' dir='ltr'><strong>animum</strong></span> <span class='ocrx_word' id='word_1_565' title='bbox 3335 2685 3550 2739; x_wconf 89' lang='lat' dir='ltr'><strong>inducas</strong></span> <span class='ocrx_word' id='word_1_566' title='bbox 3571 2726 3587 2749; x_wconf 90' lang='lat'><strong>,</strong></span> <span class='ocrx_word' id='word_1_567' title='bbox 3634 2695 3692 2738; x_wconf 93' lang='lat' dir='ltr'><strong>ut</strong></span> <span class='ocrx_word' id='word_1_568' title='bbox 3727 2684 3794 2738; x_wconf 85' lang='lat' dir='ltr'><strong>ad</strong></span> 
     </span>
    </p>
   </div>
   <div class='ocr_carea' id='block_1_75' title="bbox 2216 2778 3796 2848">
    <p class='ocr_par' dir='ltr' id='par_1_75' title="bbox 2216 2778 3796 2848">
     <span class='ocr_line' id='line_1_75' title="bbox 2216 2778 3796 2848; baseline -0.003 -13"><span class='ocrx_word' id='word_1_569' title='bbox 2216 2780 2580 2835; x_wconf 84' lang='lat' dir='ltr'><strong>brevissimum</strong></span> <span class='ocrx_word' id='word_1_570' title='bbox 2599 2794 2695 2833; x_wconf 91' lang='lat' dir='ltr'><strong>nos</strong></span> <span class='ocrx_word' id='word_1_571' title='bbox 2712 2789 2915 2848; x_wconf 89' lang='lat' dir='ltr'><strong>tempus</strong></span> <span class='ocrx_word' id='word_1_572' title='bbox 2929 2778 3172 2844; x_wconf 83' lang='lat' dir='ltr'><strong>deseras;</strong></span> <span class='ocrx_word' id='word_1_573' title='bbox 3189 2779 3280 2832; x_wconf 90' lang='lat' dir='ltr'><strong>sed</strong></span> <span class='ocrx_word' id='word_1_574' title='bbox 3301 2793 3438 2832; x_wconf 91' lang='lat' dir='ltr'><strong>nunc</strong></span> <span class='ocrx_word' id='word_1_575' title='bbox 3457 2779 3621 2847; x_wconf 76' lang='lat' dir='ltr'><strong>magis</strong></span> <span class='ocrx_word' id='word_1_576' title='bbox 3637 2794 3796 2844; x_wconf 84' lang='lat' dir='ltr'><strong>quam</strong></span> 
     </span>
    </p>
   </div>
   <div class='ocr_carea' id='block_1_76' title="bbox 2218 2868 3794 2940">
    <p class='ocr_par' dir='ltr' id='par_1_76' title="bbox 2218 2868 3794 2940">
     <span class='ocr_line' id='line_1_76' title="bbox 2218 2868 3794 2940; baseline -0.003 -15"><span class='ocrx_word' id='word_1_577' title='bbox 2218 2872 2361 2940; x_wconf 86' lang='lat' dir='ltr'><strong>prius</strong></span> <span class='ocrx_word' id='word_1_578' title='bbox 2383 2885 2665 2925; x_wconf 90' lang='lat' dir='ltr'><strong>commune</strong></span> <span class='ocrx_word' id='word_1_579' title='bbox 2689 2871 2759 2925; x_wconf 91' lang='lat' dir='ltr'><strong>sit</strong></span> <span class='ocrx_word' id='word_1_580' title='bbox 2787 2869 2938 2924; x_wconf 87' lang='lat' dir='ltr'><strong>nobis</strong></span> <span class='ocrx_word' id='word_1_581' title='bbox 2963 2870 3388 2924; x_wconf 88' lang='lat' dir='ltr'><strong>contubernium.</strong></span> <span class='ocrx_word' id='word_1_582' title='bbox 3413 2868 3794 2924; x_wconf 79' lang='lat' dir='ltr'><strong>CHRYSOST.</strong></span> 
     </span>
    </p>
   </div>
   <div class='ocr_carea' id='block_1_77' title="bbox 2216 2961 3794 3033">
    <p class='ocr_par' dir='ltr' id='par_1_77' title="bbox 2216 2961 3794 3033">
     <span class='ocr_line' id='line_1_77' title="bbox 2216 2961 3794 3033; baseline -0.001 -15"><span class='ocrx_word' id='word_1_583' title='bbox 2216 2963 2330 3033; x_wconf 84' lang='lat' dir='ltr'><strong>Ego</strong></span> <span class='ocrx_word' id='word_1_584' title='bbox 2373 2972 2545 3018; x_wconf 89' lang='lat' dir='ltr'><strong>autem</strong></span> <span class='ocrx_word' id='word_1_585' title='bbox 2574 2962 2638 3016; x_wconf 92' lang='lat' dir='ltr'><strong>ad</strong></span> <span class='ocrx_word' id='word_1_586' title='bbox 2676 2961 2791 3018; x_wconf 77' lang='lat' dir='ltr'><strong>hzec</strong></span> <span class='ocrx_word' id='word_1_587' title='bbox 2815 2963 2975 3018; x_wconf 90' lang='lat' dir='ltr'><strong>verba</strong></span> <span class='ocrx_word' id='word_1_588' title='bbox 3016 2962 3297 3018; x_wconf 89' lang='lat' dir='ltr'><strong>subridens</strong></span> <span class='ocrx_word' id='word_1_589' title='bbox 3330 2980 3344 3016; x_wconf 90' lang='lat'><strong>:</strong></span> <span class='ocrx_word' id='word_1_590' title='bbox 3376 2964 3440 3016; x_wconf 86' lang='lat' dir='ltr'><strong>Et</strong></span> <span class='ocrx_word' id='word_1_591' title='bbox 3466 2979 3566 3032; x_wconf 90' lang='lat' dir='ltr'><strong>qua</strong></span> <span class='ocrx_word' id='word_1_592' title='bbox 3610 2964 3662 3016; x_wconf 93' lang='lat' dir='ltr'><strong>in</strong></span> <span class='ocrx_word' id='word_1_593' title='bbox 3692 2979 3752 3016; x_wconf 90' lang='lat' dir='ltr'><strong>re</strong></span> <span class='ocrx_word' id='word_1_594' title='bbox 3775 3003 3794 3026; x_wconf 85' lang='lat'><strong>,</strong></span> 
     </span>
    </p>
   </div>
   <div class='ocr_carea' id='block_1_78' title="bbox 2217 3053 3794 3123">
    <p class='ocr_par' dir='ltr' id='par_1_78' title="bbox 2217 3053 3794 3123">
     <span class='ocr_line' id='line_1_78' title="bbox 2217 3053 3794 3123; baseline -0.001 -16"><span class='ocrx_word' id='word_1_595' title='bbox 2217 3054 2451 3123; x_wconf 86' lang='lat' dir='ltr'><strong>inquam,</strong></span> <span class='ocrx_word' id='word_1_596' title='bbox 2473 3053 2565 3107; x_wconf 88' lang='lat' dir='ltr'><strong>tibi</strong></span> <span class='ocrx_word' id='word_1_597' title='bbox 2593 3054 2708 3108; x_wconf 91' lang='lat' dir='ltr'><strong>usui</strong></span> <span class='ocrx_word' id='word_1_598' title='bbox 2736 3068 2853 3107; x_wconf 88' lang='lat' dir='ltr'><strong>esse</strong></span> <span class='ocrx_word' id='word_1_599' title='bbox 2869 3053 3067 3123; x_wconf 86' lang='lat' dir='ltr'><strong>possim</strong></span> <span class='ocrx_word' id='word_1_600' title='bbox 3096 3054 3146 3107; x_wconf 90' lang='lat' dir='ltr'><strong>in</strong></span> <span class='ocrx_word' id='word_1_601' title='bbox 3174 3063 3313 3108; x_wconf 89' lang='lat' dir='ltr'><strong>tanta</strong></span> <span class='ocrx_word' id='word_1_602' title='bbox 3343 3055 3428 3107; x_wconf 91' lang='lat' dir='ltr'><strong>illa</strong></span> <span class='ocrx_word' id='word_1_603' title='bbox 3460 3056 3794 3122; x_wconf 78' lang='lat' dir='ltr'><strong>negotiorum</strong></span> 
     </span>
    </p>
   </div>
   <div class='ocr_carea' id='block_1_79' title="bbox 2217 3144 3796 3214">
    <p class='ocr_par' dir='ltr' id='par_1_79' title="bbox 2217 3144 3796 3214">
     <span class='ocr_line' id='line_1_79' title="bbox 2217 3144 3796 3214; baseline 0.003 -18"><span class='ocrx_word' id='word_1_604' title='bbox 2217 3144 2398 3198; x_wconf 80' lang='lat' dir='ltr'><strong>mole?</strong></span> <span class='ocrx_word' id='word_1_605' title='bbox 2424 3144 2705 3204; x_wconf 68' lang='lat' dir='ltr'><strong>Caaterum,</strong></span> <span class='ocrx_word' id='word_1_606' title='bbox 2736 3145 2856 3214; x_wconf 89' lang='lat' dir='ltr'><strong>quia</strong></span> <span class='ocrx_word' id='word_1_607' title='bbox 2889 3144 2939 3198; x_wconf 93' lang='lat' dir='ltr'><strong>id</strong></span> <span class='ocrx_word' id='word_1_608' title='bbox 2971 3144 3061 3198; x_wconf 91' lang='lat' dir='ltr'><strong>tibi</strong></span> <span class='ocrx_word' id='word_1_609' title='bbox 3088 3145 3141 3198; x_wconf 91' lang='lat' dir='ltr'><strong>in</strong></span> <span class='ocrx_word' id='word_1_610' title='bbox 3171 3156 3292 3198; x_wconf 86' lang='lat' dir='ltr'><strong>voto</strong></span> <span class='ocrx_word' id='word_1_611' title='bbox 3315 3153 3414 3210; x_wconf 88' lang='lat' dir='ltr'><strong>est,</strong></span> <span class='ocrx_word' id='word_1_612' title='bbox 3447 3147 3584 3199; x_wconf 92' lang='lat' dir='ltr'><strong>bono</strong></span> <span class='ocrx_word' id='word_1_613' title='bbox 3611 3146 3796 3200; x_wconf 82' lang='lat' dir='ltr'><strong>animo</strong></span> 
     </span>
    </p>
   </div>
   <div class='ocr_carea' id='block_1_80' title="bbox 2215 3233 3797 3305">
    <p class='ocr_par' dir='ltr' id='par_1_80' title="bbox 2215 3233 3797 3305">
     <span class='ocr_line' id='line_1_80' title="bbox 2215 3233 3797 3305; baseline 0.002 -16"><span class='ocrx_word' id='word_1_614' title='bbox 2215 3247 2367 3296; x_wconf 84' lang='lat' dir='ltr'><strong>esto,</strong></span> <span class='ocrx_word' id='word_1_615' title='bbox 2417 3249 2451 3290; x_wconf 96' lang='lat' dir='ltr'><strong>o</strong></span> <span class='ocrx_word' id='word_1_616' title='bbox 2496 3233 2748 3289; x_wconf 90' lang='lat' dir='ltr'><strong>dilectum</strong></span> <span class='ocrx_word' id='word_1_617' title='bbox 2793 3235 2922 3289; x_wconf 92' lang='lat' dir='ltr'><strong>mihi</strong></span> <span class='ocrx_word' id='word_1_618' title='bbox 2965 3244 3122 3304; x_wconf 87' lang='lat' dir='ltr'><strong>caput</strong></span> <span class='ocrx_word' id='word_1_619' title='bbox 3163 3253 3178 3288; x_wconf 89' lang='lat'><strong>:</strong></span> <span class='ocrx_word' id='word_1_620' title='bbox 3225 3251 3329 3305; x_wconf 91' lang='lat' dir='ltr'><strong>quo</strong></span> <span class='ocrx_word' id='word_1_621' title='bbox 3371 3237 3510 3290; x_wconf 90' lang='lat' dir='ltr'><strong>enim</strong></span> <span class='ocrx_word' id='word_1_622' title='bbox 3554 3246 3797 3305; x_wconf 83' lang='lat' dir='ltr'><strong>tempore</strong></span> 
     </span>
    </p>
   </div>
   <div class='ocr_carea' id='block_1_81' title="bbox 2215 3325 3790 3396">
    <p class='ocr_par' dir='ltr' id='par_1_81' title="bbox 2215 3325 3790 3396">
     <span class='ocr_line' id='line_1_81' title="bbox 2215 3325 3790 3396; baseline 0.002 -18"><span class='ocrx_word' id='word_1_623' title='bbox 2215 3341 2244 3378; x_wconf 90' lang='lat' dir='ltr'><strong>a</strong></span> <span class='ocrx_word' id='word_1_624' title='bbox 2275 3327 2414 3380; x_wconf 90' lang='lat' dir='ltr'><strong>curis</strong></span> <span class='ocrx_word' id='word_1_625' title='bbox 2459 3325 2759 3393; x_wconf 86' lang='lat' dir='ltr'><strong>hujusmodi</strong></span> <span class='ocrx_word' id='word_1_626' title='bbox 2805 3326 2894 3380; x_wconf 91' lang='lat' dir='ltr'><strong>tibi</strong></span> <span class='ocrx_word' id='word_1_627' title='bbox 2942 3328 3204 3396; x_wconf 89' lang='lat' dir='ltr'><strong>respirare</strong></span> <span class='ocrx_word' id='word_1_628' title='bbox 3247 3327 3457 3390; x_wconf 90' lang='lat' dir='ltr'><strong>licebit,</strong></span> <span class='ocrx_word' id='word_1_629' title='bbox 3487 3327 3651 3380; x_wconf 88' lang='lat' dir='ltr'><strong>adero</strong></span> <span class='ocrx_word' id='word_1_630' title='bbox 3694 3329 3790 3382; x_wconf 92' lang='lat' dir='ltr'><strong>tibi</strong></span> 
     </span>
    </p>
   </div>
   <div class='ocr_carea' id='block_1_82' title="bbox 2218 3415 3796 3485">
    <p class='ocr_par' dir='ltr' id='par_1_82' title="bbox 2218 3415 3796 3485">
     <span class='ocr_line' id='line_1_82' title="bbox 2218 3415 3796 3485; baseline 0.003 -17"><span class='ocrx_word' id='word_1_631' title='bbox 2218 3424 2372 3484; x_wconf 87' lang='lat' dir='ltr'><strong>teque</strong></span> <span class='ocrx_word' id='word_1_632' title='bbox 2400 3415 2714 3470; x_wconf 88' lang='lat' dir='ltr'><strong>consolabor</strong></span> <span class='ocrx_word' id='word_1_633' title='bbox 2736 3457 2751 3482; x_wconf 92' lang='lat'><strong>,</strong></span> <span class='ocrx_word' id='word_1_634' title='bbox 2798 3425 3048 3485; x_wconf 91' lang='lat' dir='ltr'><strong>quantum</strong></span> <span class='ocrx_word' id='word_1_635' title='bbox 3079 3418 3132 3470; x_wconf 90' lang='lat' dir='ltr'><strong>in</strong></span> <span class='ocrx_word' id='word_1_636' title='bbox 3176 3432 3260 3470; x_wconf 91' lang='lat' dir='ltr'><strong>me</strong></span> <span class='ocrx_word' id='word_1_637' title='bbox 3302 3427 3403 3470; x_wconf 81' lang='lat' dir='ltr'><strong>erit</strong></span> <span class='ocrx_word' id='word_1_638' title='bbox 3446 3419 3585 3470; x_wconf 82' lang='lat' dir='ltr'><strong>nulla</strong></span> <span class='ocrx_word' id='word_1_639' title='bbox 3614 3419 3704 3471; x_wconf 89' lang='lat' dir='ltr'><strong>tibi</strong></span> <span class='ocrx_word' id='word_1_640' title='bbox 3739 3420 3796 3472; x_wconf 88' lang='lat' dir='ltr'><strong>in</strong></span> 
     </span>
    </p>
   </div>
   <div class='ocr_carea' id='block_1_83' title="bbox 2217 3507 3797 3580">
    <p class='ocr_par' dir='ltr' id='par_1_83' title="bbox 2217 3507 3797 3580">
     <span class='ocr_line' id='line_1_83' title="bbox 2217 3507 3797 3580; baseline 0 -19"><span class='ocrx_word' id='word_1_641' title='bbox 2217 3523 2275 3561; x_wconf 88' lang='lat' dir='ltr'><strong>re</strong></span> <span class='ocrx_word' id='word_1_642' title='bbox 2318 3507 2615 3562; x_wconf 86' lang='lat' dir='ltr'><strong>defuturus.</strong></span> <span class='ocrx_word' id='word_1_643' title='bbox 2643 3507 2722 3561; x_wconf 78' lang='lat' dir='ltr'><strong>Ad</strong></span> <span class='ocrx_word' id='word_1_644' title='bbox 2749 3507 2863 3561; x_wconf 69' lang='lat' dir='ltr'><strong>haec</strong></span> <span class='ocrx_word' id='word_1_645' title='bbox 2905 3508 2995 3561; x_wconf 91' lang='lat' dir='ltr'><strong>ille</strong></span> <span class='ocrx_word' id='word_1_646' title='bbox 3020 3508 3184 3577; x_wconf 80' lang='lat' dir='ltr'><strong>magis</strong></span> <span class='ocrx_word' id='word_1_647' title='bbox 3227 3508 3564 3580; x_wconf 81' lang='lat' dir='ltr'><strong>illacrymans</strong></span> <span class='ocrx_word' id='word_1_648' title='bbox 3603 3509 3797 3579; x_wconf 79' lang='lat' dir='ltr'><strong>surgit.</strong></span> 
     </span>
    </p>
   </div>
   <div class='ocr_carea' id='block_1_84' title="bbox 2218 3597 3798 3667">
    <p class='ocr_par' dir='ltr' id='par_1_84' title="bbox 2218 3597 3798 3667">
     <span class='ocr_line' id='line_1_84' title="bbox 2218 3597 3798 3667; baseline 0.001 -17"><span class='ocrx_word' id='word_1_649' title='bbox 2218 3597 2331 3666; x_wconf 82' lang='lat' dir='ltr'><strong>Ego</strong></span> <span class='ocrx_word' id='word_1_650' title='bbox 2385 3611 2514 3652; x_wconf 79' lang='lat' dir='ltr'><strong>vero</strong></span> <span class='ocrx_word' id='word_1_651' title='bbox 2568 3598 2738 3651; x_wconf 86' lang='lat' dir='ltr'><strong>virum</strong></span> <span class='ocrx_word' id='word_1_652' title='bbox 2792 3598 3138 3666; x_wconf 85' lang='lat' dir='ltr'><strong>complexus,</strong></span> <span class='ocrx_word' id='word_1_653' title='bbox 3195 3608 3455 3667; x_wconf 90' lang='lat' dir='ltr'><strong>caputque</strong></span> <span class='ocrx_word' id='word_1_654' title='bbox 3509 3597 3798 3652; x_wconf 82' lang='lat' dir='ltr'><strong>deoscula-</strong></span> 
     </span>
    </p>
   </div>
   <div class='ocr_carea' id='block_1_85' title="bbox 2218 3689 3797 3760">
    <p class='ocr_par' dir='ltr' id='par_1_85' title="bbox 2218 3689 3797 3760">
     <span class='ocr_line' id='line_1_85' title="bbox 2218 3689 3797 3760; baseline 0 -16"><span class='ocrx_word' id='word_1_655' title='bbox 2218 3699 2301 3744; x_wconf 92' lang='lat' dir='ltr'><strong>tus</strong></span> <span class='ocrx_word' id='word_1_656' title='bbox 2326 3731 2340 3754; x_wconf 97' lang='lat'><strong>,</strong></span> <span class='ocrx_word' id='word_1_657' title='bbox 2370 3691 2542 3760; x_wconf 91' lang='lat' dir='ltr'><strong>ipsum</strong></span> <span class='ocrx_word' id='word_1_658' title='bbox 2567 3690 2762 3745; x_wconf 79' lang='lat' dir='ltr'><strong>deduxi</strong></span> <span class='ocrx_word' id='word_1_659' title='bbox 2806 3690 3043 3745; x_wconf 86' lang='lat' dir='ltr'><strong>hortatus</strong></span> <span class='ocrx_word' id='word_1_660' title='bbox 3066 3732 3080 3756; x_wconf 94' lang='lat'><strong>,</strong></span> <span class='ocrx_word' id='word_1_661' title='bbox 3115 3701 3173 3744; x_wconf 92' lang='lat' dir='ltr'><strong>ut</strong></span> <span class='ocrx_word' id='word_1_662' title='bbox 3214 3691 3351 3759; x_wconf 92' lang='lat' dir='ltr'><strong>quod</strong></span> <span class='ocrx_word' id='word_1_663' title='bbox 3377 3691 3641 3744; x_wconf 88' lang='lat' dir='ltr'><strong>acciderat</strong></span> <span class='ocrx_word' id='word_1_664' title='bbox 3683 3689 3797 3744; x_wconf 87' lang='lat' dir='ltr'><strong>for-</strong></span> 
     </span>
    </p>
   </div>
   <div class='ocr_carea' id='block_1_86' title="bbox 2217 3782 3796 3850">
    <p class='ocr_par' dir='ltr' id='par_1_86' title="bbox 2217 3782 3796 3850">
     <span class='ocr_line' id='line_1_86' title="bbox 2217 3782 3796 3850; baseline 0 -13"><span class='ocrx_word' id='word_1_665' title='bbox 2217 3786 2340 3837; x_wconf 89' lang='lat' dir='ltr'><strong>titer</strong></span> <span class='ocrx_word' id='word_1_666' title='bbox 2383 3783 2584 3850; x_wconf 88' lang='lat' dir='ltr'><strong>ferret,</strong></span> <span class='ocrx_word' id='word_1_667' title='bbox 2631 3782 2713 3837; x_wconf 89' lang='lat' dir='ltr'><strong>his</strong></span> <span class='ocrx_word' id='word_1_668' title='bbox 2759 3782 2980 3837; x_wconf 90' lang='lat' dir='ltr'><strong>verbis:</strong></span> <span class='ocrx_word' id='word_1_669' title='bbox 3013 3783 3286 3838; x_wconf 87' lang='lat' dir='ltr'><strong>Fiduciam</strong></span> <span class='ocrx_word' id='word_1_670' title='bbox 3336 3784 3385 3837; x_wconf 88' lang='lat' dir='ltr'><strong>itt</strong></span> <span class='ocrx_word' id='word_1_671' title='bbox 3433 3783 3648 3838; x_wconf 84' lang='lat' dir='ltr'><strong>Christo</strong></span> <span class='ocrx_word' id='word_1_672' title='bbox 3696 3784 3796 3837; x_wconf 82' lang='lat' dir='ltr'><strong>ha-</strong></span> 
     </span>
    </p>
   </div>
   <div class='ocr_carea' id='block_1_87' title="bbox 2219 3874 3800 3946">
    <p class='ocr_par' dir='ltr' id='par_1_87' title="bbox 2219 3874 3800 3946">
     <span class='ocr_line' id='line_1_87' title="bbox 2219 3874 3800 3946; baseline -0.001 -16"><span class='ocrx_word' id='word_1_673' title='bbox 2219 3876 2317 3930; x_wconf 89' lang='lat' dir='ltr'><strong>beo</strong></span> <span class='ocrx_word' id='word_1_674' title='bbox 2349 3917 2365 3940; x_wconf 94' lang='lat'><strong>,</strong></span> <span class='ocrx_word' id='word_1_675' title='bbox 2421 3877 2510 3946; x_wconf 93' lang='lat' dir='ltr'><strong>qui</strong></span> <span class='ocrx_word' id='word_1_676' title='bbox 2555 3884 2606 3930; x_wconf 91' lang='lat' dir='ltr'><strong>te</strong></span> <span class='ocrx_word' id='word_1_677' title='bbox 2653 3876 2866 3930; x_wconf 89' lang='lat' dir='ltr'><strong>vocavit</strong></span> <span class='ocrx_word' id='word_1_678' title='bbox 2908 3875 3123 3945; x_wconf 90' lang='lat' dir='ltr'><strong>suisque</strong></span> <span class='ocrx_word' id='word_1_679' title='bbox 3173 3874 3408 3944; x_wconf 70' lang='lat' dir='ltr'><strong>praefecit</strong></span> <span class='ocrx_word' id='word_1_680' title='bbox 3447 3875 3638 3929; x_wconf 83' lang='lat' dir='ltr'><strong>ovibus</strong></span> <span class='ocrx_word' id='word_1_681' title='bbox 3672 3916 3686 3937; x_wconf 92' lang='lat'><strong>,</strong></span> <span class='ocrx_word' id='word_1_682' title='bbox 3745 3885 3800 3929; x_wconf 85' lang='lat' dir='ltr'><strong>to</strong></span> 
     </span>
    </p>
   </div>
   <div class='ocr_carea' id='block_1_88' title="bbox 2219 3965 3797 4036">
    <p class='ocr_par' dir='ltr' id='par_1_88' title="bbox 2219 3965 3797 4036">
     <span class='ocr_line' id='line_1_88' title="bbox 2219 3965 3797 4036; baseline -0.003 -16"><span class='ocrx_word' id='word_1_683' title='bbox 2219 3976 2417 4020; x_wconf 90' lang='lat' dir='ltr'><strong>tantam</strong></span> <span class='ocrx_word' id='word_1_684' title='bbox 2461 3981 2529 4021; x_wconf 77' lang='lat' dir='ltr'><strong>ex</strong></span> <span class='ocrx_word' id='word_1_685' title='bbox 2585 3965 2685 4020; x_wconf 88' lang='lat' dir='ltr'><strong>hoc</strong></span> <span class='ocrx_word' id='word_1_686' title='bbox 2733 3965 3031 4020; x_wconf 82' lang='lat' dir='ltr'><strong>ministerio</strong></span> <span class='ocrx_word' id='word_1_687' title='bbox 3071 3966 3446 4036; x_wconf 89' lang='lat' dir='ltr'><strong>acquisiturum</strong></span> <span class='ocrx_word' id='word_1_688' title='bbox 3493 3967 3740 4020; x_wconf 72' lang='lat' dir='ltr'><strong>fiduciam</strong></span> <span class='ocrx_word' id='word_1_689' title='bbox 3777 4006 3797 4030; x_wconf 79' lang='lat'><strong>,</strong></span> 
     </span>
    </p>
   </div>
   <div class='ocr_carea' id='block_1_89' title="bbox 2219 4058 3797 4129">
    <p class='ocr_par' dir='ltr' id='par_1_89' title="bbox 2219 4058 3797 4129">
     <span class='ocr_line' id='line_1_89' title="bbox 2219 4058 3797 4129; baseline -0.002 -16"><span class='ocrx_word' id='word_1_690' title='bbox 2219 4068 2276 4113; x_wconf 88' lang='lat' dir='ltr'><strong>ut</strong></span> <span class='ocrx_word' id='word_1_691' title='bbox 2316 4073 2412 4112; x_wconf 91' lang='lat' dir='ltr'><strong>nos</strong></span> <span class='ocrx_word' id='word_1_692' title='bbox 2454 4059 2540 4113; x_wconf 90' lang='lat' dir='ltr'><strong>illa</strong></span> <span class='ocrx_word' id='word_1_693' title='bbox 2581 4058 2669 4114; x_wconf 92' lang='lat' dir='ltr'><strong>die</strong></span> <span class='ocrx_word' id='word_1_694' title='bbox 2717 4059 3074 4129; x_wconf 88' lang='lat' dir='ltr'><strong>periclitantes</strong></span> <span class='ocrx_word' id='word_1_695' title='bbox 3117 4059 3169 4113; x_wconf 93' lang='lat' dir='ltr'><strong>in</strong></span> <span class='ocrx_word' id='word_1_696' title='bbox 3214 4070 3408 4113; x_wconf 61' lang='lat' dir='ltr'><strong>interna</strong></span> <span class='ocrx_word' id='word_1_697' title='bbox 3453 4058 3797 4112; x_wconf 86' lang='lat' dir='ltr'><strong>tabernacula</strong></span> 
     </span>
    </p>
   </div>
   <div class='ocr_carea' id='block_1_90' title="bbox 2218 4149 2521 4218">
    <p class='ocr_par' dir='ltr' id='par_1_90' title="bbox 2218 4149 2521 4218">
     <span class='ocr_line' id='line_1_90' title="bbox 2218 4149 2521 4218; baseline -0.003 -14"><span class='ocrx_word' id='word_1_698' title='bbox 2218 4150 2441 4218; x_wconf 87' lang='lat' dir='ltr'><strong>recipias</strong></span> <span class='ocrx_word' id='word_1_699' title='bbox 2482 4149 2521 4203; x_wconf 79' lang='lat'><strong>.</strong></span> 
     </span>
    </p>
   </div>
   <div class='ocr_carea' id='block_1_91' title="bbox 2281 4386 3799 4458">
    <p class='ocr_par' dir='ltr' id='par_1_91' title="bbox 2281 4386 3799 4458">
     <span class='ocr_line' id='line_1_91' title="bbox 2281 4386 3799 4458; baseline -0.006 -16"><span class='ocrx_word' id='word_1_700' title='bbox 2281 4395 2299 4458; x_wconf 58' lang='grc' dir='ltr'><strong></strong></span> <span class='ocrx_word' id='word_1_701' title='bbox 2334 4401 2383 4442; x_wconf 92' lang='lat' dir='ltr'><strong>In</strong></span> <span class='ocrx_word' id='word_1_702' title='bbox 2405 4392 2500 4442; x_wconf 83' lang='lat' dir='ltr'><strong>line</strong></span> <span class='ocrx_word' id='word_1_703' title='bbox 2523 4391 2703 4458; x_wconf 81' lang='lat' dir='ltr'><strong>addunt</strong></span> <span class='ocrx_word' id='word_1_704' title='bbox 2716 4391 2912 4458; x_wconf 79' lang='lat' dir='ltr'><strong>quidam</strong></span> <span class='ocrx_word' id='word_1_705' title='bbox 2929 4391 3123 4458; x_wconf 69' lang='lat' dir='ltr'><strong>codices</strong></span> <span class='ocrx_word' id='word_1_706' title='bbox 3148 4390 3288 4458; x_wconf 36' lang='lat' dir='ltr'><strong>hanc.</strong></span> <span class='ocrx_word' id='word_1_707' title='bbox 3305 4386 3387 4458; x_wconf 77' lang='lat' dir='ltr'><strong>vel</strong></span> <span class='ocrx_word' id='word_1_708' title='bbox 3418 4387 3640 4458; x_wconf 1' lang='lat' dir='ltr'><strong>psimilem</strong></span> <span class='ocrx_word' id='word_1_709' title='bbox 3660 4387 3799 4458; x_wconf 66' lang='lat' dir='ltr'><strong>elau-</strong></span> 
     </span>
    </p>
   </div>
   <div class='ocr_carea' id='block_1_92' title="bbox 2220 4449 3801 4519">
    <p class='ocr_par' dir='ltr' id='par_1_92' title="bbox 2220 4449 3801 4519">
     <span class='ocr_line' id='line_1_92' title="bbox 2220 4449 3801 4519; baseline -0.007 -13"><span class='ocrx_word' id='word_1_710' title='bbox 2220 4455 2390 4515; x_wconf 88' lang='lat' dir='ltr'><strong>sulam,</strong></span> <span class='ocrx_word' id='word_1_711' title='bbox 2413 4453 2569 4519; x_wconf 78' lang='lat' dir='ltr'><strong>gratia</strong></span> <span class='ocrx_word' id='word_1_712' title='bbox 2592 4461 2637 4519; x_wconf 65' lang='lat' dir='ltr'><strong>et</strong></span> <span class='ocrx_word' id='word_1_713' title='bbox 2660 4449 2989 4519; x_wconf 60' lang='lat' dir='ltr'><strong>misericordia</strong></span> <span class='ocrx_word' id='word_1_714' title='bbox 3011 4452 3159 4519; x_wconf 62' lang='lat' dir='ltr'><strong>nostri</strong></span> <span class='ocrx_word' id='word_1_715' title='bbox 3183 4450 3369 4519; x_wconf 74' lang='lat' dir='ltr'><strong>benigni</strong></span> <span class='ocrx_word' id='word_1_716' title='bbox 3396 4449 3500 4510; x_wconf 80' lang='lat' dir='ltr'><strong>Dei,</strong></span> <span class='ocrx_word' id='word_1_717' title='bbox 3519 4450 3600 4499; x_wconf 80' lang='lat' dir='ltr'><strong>cui</strong></span> <span class='ocrx_word' id='word_1_718' title='bbox 3618 4449 3801 4512; x_wconf 80' lang='lat' dir='ltr'><strong>gloria,</strong></span> 
     </span>
    </p>
   </div>
   <div class='ocr_carea' id='block_1_93' title="bbox 2221 4515 3461 4580">
    <p class='ocr_par' dir='ltr' id='par_1_93' title="bbox 2221 4515 3461 4580">
     <span class='ocr_line' id='line_1_93' title="bbox 2221 4515 3461 4580; baseline -0.006 -12"><span class='ocrx_word' id='word_1_719' title='bbox 2221 4527 2335 4577; x_wconf 88' lang='lat' dir='ltr'><strong>etc.,</strong></span> <span class='ocrx_word' id='word_1_720' title='bbox 2360 4515 2503 4580; x_wconf 76' lang='lat' dir='ltr'><strong>quam</strong></span> <span class='ocrx_word' id='word_1_721' title='bbox 2521 4518 2571 4564; x_wconf 91' lang='lat' dir='ltr'><strong>in</strong></span> <span class='ocrx_word' id='word_1_722' title='bbox 2592 4515 2688 4565; x_wconf 81' lang='lat' dir='ltr'><strong>ne</strong></span> <span class='ocrx_word' id='word_1_723' title='bbox 2712 4516 3010 4565; x_wconf 85' lang='lat' dir='ltr'><strong>bomiliarum</strong></span> <span class='ocrx_word' id='word_1_724' title='bbox 3033 4515 3206 4577; x_wconf 88' lang='lat' dir='ltr'><strong>passim</strong></span> <span class='ocrx_word' id='word_1_725' title='bbox 3226 4515 3461 4563; x_wconf 82' lang='lat' dir='ltr'><strong>videmus.</strong></span> 
     </span>
    </p>
   </div>
   <div class='ocr_carea' id='block_1_94' title="bbox 554 4750 3789 4784">
    <p class='ocr_par' dir='ltr' id='par_1_94' title="bbox 554 4750 3789 4784">
     <span class='ocr_line' id='line_1_94' title="bbox 554 4750 3789 4784; baseline 0.001 -6"><span class='ocrx_word' id='word_1_726' title='bbox 554 4750 3789 4784; x_wconf 55' lang='lat' dir='ltr'><strong>mm</strong></span> 
     </span>
    </p>
   </div>
   <div class='ocr_carea' id='block_1_95' title="bbox 1190 4907 3170 4974">
    <p class='ocr_par' dir='ltr' id='par_1_95' title="bbox 1190 4907 3170 4974">
     <span class='ocr_line' id='line_1_95' title="bbox 1190 4907 3170 4974; baseline 0.002 -5"><span class='ocrx_word' id='word_1_727' title='bbox 1190 4909 1268 4969; x_wconf 88' lang='lat' dir='ltr'><strong>IN</strong></span> <span class='ocrx_word' id='word_1_728' title='bbox 1311 4908 1719 4972; x_wconf 80' lang='lat' dir='ltr'><strong>HOMILIAM</strong></span> <span class='ocrx_word' id='word_1_729' title='bbox 1765 4910 1928 4972; x_wconf 80' lang='lat' dir='ltr'><strong>CUM</strong></span> <span class='ocrx_word' id='word_1_730' title='bbox 1966 4909 2426 4973; x_wconf 82' lang='lat' dir='ltr'><strong>PRESBYTER</strong></span> <span class='ocrx_word' id='word_1_731' title='bbox 2471 4909 2654 4972; x_wconf 85' lang='lat' dir='ltr'><strong>FUIT</strong></span> <span class='ocrx_word' id='word_1_732' title='bbox 2693 4907 3170 4974; x_wconf 81' lang='lat' dir='ltr'><strong>ORDINATUS.</strong></span> 
     </span>
    </p>
   </div>
   <div class='ocr_carea' id='block_1_96' title="bbox 611 5092 2119 5167">
    <p class='ocr_par' dir='ltr' id='par_1_96' title="bbox 611 5092 2119 5167">
     <span class='ocr_line' id='line_1_96' title="bbox 611 5092 2119 5167; baseline 0.004 -20"><span class='ocrx_word' id='word_1_733' title='bbox 611 5092 762 5148; x_wconf 84' lang='lat' dir='ltr'><strong>Hanc</strong></span> <span class='ocrx_word' id='word_1_734' title='bbox 818 5094 1047 5164; x_wconf 89' lang='lat' dir='ltr'><strong>primam</strong></span> <span class='ocrx_word' id='word_1_735' title='bbox 1106 5094 1294 5147; x_wconf 87' lang='lat' dir='ltr'><strong>habuit</strong></span> <span class='ocrx_word' id='word_1_736' title='bbox 1353 5095 1635 5150; x_wconf 77' lang='lat' dir='ltr'><strong>humilium</strong></span> <span class='ocrx_word' id='word_1_737' title='bbox 1693 5095 2119 5167; x_wconf 86' lang='lat' dir='ltr'><strong>Chrysostomus</strong></span> 
     </span>
    </p>
   </div>
   <div class='ocr_carea' id='block_1_97' title="bbox 540 5182 2109 5256">
    <p class='ocr_par' dir='ltr' id='par_1_97' title="bbox 540 5182 2109 5256">
     <span class='ocr_line' id='line_1_97' title="bbox 540 5182 2109 5256; baseline 0.003 -20"><span class='ocrx_word' id='word_1_738' title='bbox 540 5193 830 5254; x_wconf 84' lang='lat' dir='ltr'><strong>postquam</strong></span> <span class='ocrx_word' id='word_1_739' title='bbox 883 5198 912 5235; x_wconf 88' lang='lat' dir='ltr'><strong>a</strong></span> <span class='ocrx_word' id='word_1_740' title='bbox 950 5182 1207 5237; x_wconf 85' lang='lat' dir='ltr'><strong>Flaviano</strong></span> <span class='ocrx_word' id='word_1_741' title='bbox 1243 5183 1546 5238; x_wconf 69' lang='lat' dir='ltr'><strong>Antiochiae</strong></span> <span class='ocrx_word' id='word_1_742' title='bbox 1585 5185 1843 5254; x_wconf 80' lang='lat' dir='ltr'><strong>episcopo</strong></span> <span class='ocrx_word' id='word_1_743' title='bbox 1892 5186 1944 5238; x_wconf 93' lang='lat' dir='ltr'><strong>in</strong></span> <span class='ocrx_word' id='word_1_744' title='bbox 1986 5203 2109 5256; x_wconf 88' lang='lat' dir='ltr'><strong>pre-</strong></span> 
     </span>
    </p>
   </div>
   <div class='ocr_carea' id='block_1_98' title="bbox 541 5276 2116 5348">
    <p class='ocr_par' dir='ltr' id='par_1_98' title="bbox 541 5276 2116 5348">
     <span class='ocr_line' id='line_1_98' title="bbox 541 5276 2116 5348; baseline 0.002 -18"><span class='ocrx_word' id='word_1_745' title='bbox 541 5279 819 5348; x_wconf 87' lang='lat' dir='ltr'><strong>sbyterum</strong></span> <span class='ocrx_word' id='word_1_746' title='bbox 854 5276 1097 5330; x_wconf 83' lang='lat' dir='ltr'><strong>adlectus</strong></span> <span class='ocrx_word' id='word_1_747' title='bbox 1125 5284 1177 5330; x_wconf 92' lang='lat' dir='ltr'><strong>et</strong></span> <span class='ocrx_word' id='word_1_748' title='bbox 1206 5277 1494 5330; x_wconf 89' lang='lat' dir='ltr'><strong>ordinatus</strong></span> <span class='ocrx_word' id='word_1_749' title='bbox 1547 5277 1669 5338; x_wconf 84' lang='lat' dir='ltr'><strong>fuit,</strong></span> <span class='ocrx_word' id='word_1_750' title='bbox 1721 5278 1940 5332; x_wconf 91' lang='lat' dir='ltr'><strong>ineunte</strong></span> <span class='ocrx_word' id='word_1_751' title='bbox 1965 5279 2116 5333; x_wconf 86' lang='lat' dir='ltr'><strong>vide-</strong></span> 
     </span>
    </p>
   </div>
   <div class='ocr_carea' id='block_1_99' title="bbox 536 5367 2118 5437">
    <p class='ocr_par' dir='ltr' id='par_1_99' title="bbox 536 5367 2118 5437">
     <span class='ocr_line' id='line_1_99' title="bbox 536 5367 2118 5437; baseline 0.003 -15"><span class='ocrx_word' id='word_1_752' title='bbox 536 5368 664 5422; x_wconf 79' lang='lat' dir='ltr'><strong>licet</strong></span> <span class='ocrx_word' id='word_1_753' title='bbox 699 5380 844 5422; x_wconf 86' lang='lat' dir='ltr'><strong>anno</strong></span> <span class='ocrx_word' id='word_1_754' title='bbox 875 5367 1021 5432; x_wconf 78' lang='lat'><strong>586;</strong></span> <span class='ocrx_word' id='word_1_755' title='bbox 1073 5376 1311 5437; x_wconf 87' lang='lat' dir='ltr'><strong>tuncque</strong></span> <span class='ocrx_word' id='word_1_756' title='bbox 1359 5369 1595 5436; x_wconf 86' lang='lat' dir='ltr'><strong>primum</strong></span> <span class='ocrx_word' id='word_1_757' title='bbox 1639 5368 1953 5423; x_wconf 90' lang='lat' dir='ltr'><strong>concionari</strong></span> <span class='ocrx_word' id='word_1_758' title='bbox 2005 5386 2118 5426; x_wconf 67' lang='lat' dir='ltr'><strong>caa-</strong></span> 
     </span>
    </p>
   </div>
   <div class='ocr_carea' id='block_1_100' title="bbox 539 5458 2118 5530">
    <p class='ocr_par' dir='ltr' id='par_1_100' title="bbox 539 5458 2118 5530">
     <span class='ocr_line' id='line_1_100' title="bbox 539 5458 2118 5530; baseline 0.003 -18"><span class='ocrx_word' id='word_1_759' title='bbox 539 5459 660 5530; x_wconf 86' lang='lat' dir='ltr'><strong>pit,</strong></span> <span class='ocrx_word' id='word_1_760' title='bbox 711 5475 838 5514; x_wconf 91' lang='lat' dir='ltr'><strong>cum</strong></span> <span class='ocrx_word' id='word_1_761' title='bbox 897 5460 1175 5521; x_wconf 89' lang='lat' dir='ltr'><strong>antehac,</strong></span> <span class='ocrx_word' id='word_1_762' title='bbox 1233 5469 1290 5512; x_wconf 89' lang='lat' dir='ltr'><strong>ut</strong></span> <span class='ocrx_word' id='word_1_763' title='bbox 1339 5458 1455 5526; x_wconf 89' lang='lat' dir='ltr'><strong>ipse</strong></span> <span class='ocrx_word' id='word_1_764' title='bbox 1518 5459 1630 5524; x_wconf 86' lang='lat' dir='ltr'><strong>ait,</strong></span> <span class='ocrx_word' id='word_1_765' title='bbox 1684 5459 1788 5515; x_wconf 79' lang='lat' dir='ltr'><strong>hoc</strong></span> <span class='ocrx_word' id='word_1_766' title='bbox 1853 5463 2118 5530; x_wconf 68' lang='lat' dir='ltr'><strong>palaestrae</strong></span> 
     </span>
    </p>
   </div>
   <div class='ocr_carea' id='block_1_101' title="bbox 537 5549 2119 5620">
    <p class='ocr_par' dir='ltr' id='par_1_101' title="bbox 537 5549 2119 5620">
     <span class='ocr_line' id='line_1_101' title="bbox 537 5549 2119 5620; baseline 0.004 -18"><span class='ocrx_word' id='word_1_767' title='bbox 537 5565 711 5619; x_wconf 78' lang='lat' dir='ltr'><strong>genus</strong></span> <span class='ocrx_word' id='word_1_768' title='bbox 769 5566 1046 5619; x_wconf 84' lang='lat' dir='ltr'><strong>nunquam</strong></span> <span class='ocrx_word' id='word_1_769' title='bbox 1099 5551 1386 5620; x_wconf 80' lang='lat' dir='ltr'><strong>attigisset.</strong></span> <span class='ocrx_word' id='word_1_770' title='bbox 1453 5549 1685 5615; x_wconf 80' lang='lat' dir='ltr'><strong>Quando</strong></span> <span class='ocrx_word' id='word_1_771' title='bbox 1753 5564 1935 5607; x_wconf 87' lang='lat' dir='ltr'><strong>autem</strong></span> <span class='ocrx_word' id='word_1_772' title='bbox 2015 5554 2119 5608; x_wconf 90' lang='lat' dir='ltr'><strong>hoc</strong></span> 
     </span>
    </p>
   </div>
   <div class='ocr_carea' id='block_1_102' title="bbox 541 5643 2118 5711">
    <p class='ocr_par' dir='ltr' id='par_1_102' title="bbox 541 5643 2118 5711">
     <span class='ocr_line' id='line_1_102' title="bbox 541 5643 2118 5711; baseline 0.004 -17"><span class='ocrx_word' id='word_1_773' title='bbox 541 5643 778 5708; x_wconf 76' lang='lat' dir='ltr'><strong>primum</strong></span> <span class='ocrx_word' id='word_1_774' title='bbox 841 5652 954 5696; x_wconf 88' lang='lat' dir='ltr'><strong>ttuu</strong></span> <span class='ocrx_word' id='word_1_775' title='bbox 1034 5644 1399 5711; x_wconf 72' lang='lat' dir='ltr'><strong>eloquentiae,</strong></span> <span class='ocrx_word' id='word_1_776' title='bbox 1479 5655 1591 5699; x_wconf 90' lang='lat' dir='ltr'><strong>tum</strong></span> <span class='ocrx_word' id='word_1_777' title='bbox 1665 5646 1943 5700; x_wconf 70' lang='lat' dir='ltr'><strong>modestiae</strong></span> <span class='ocrx_word' id='word_1_778' title='bbox 2007 5663 2118 5702; x_wconf 65' lang='lat' dir='ltr'><strong>suae</strong></span> 
     </span>
    </p>
   </div>
   <div class='ocr_carea' id='block_1_103' title="bbox 538 5733 2110 5806">
    <p class='ocr_par' dir='ltr' id='par_1_103' title="bbox 538 5733 2110 5806">
     <span class='ocr_line' id='line_1_103' title="bbox 538 5733 2110 5806; baseline 0.004 -20"><span class='ocrx_word' id='word_1_779' title='bbox 538 5734 813 5806; x_wconf 87' lang='lat' dir='ltr'><strong>specimen</strong></span> <span class='ocrx_word' id='word_1_780' title='bbox 836 5733 1004 5800; x_wconf 80' lang='lat' dir='ltr'><strong>dedit,</strong></span> <span class='ocrx_word' id='word_1_781' title='bbox 1034 5734 1506 5801; x_wconf 82' lang='lat' dir='ltr'><strong>adolescentulus,</strong></span> <span class='ocrx_word' id='word_1_782' title='bbox 1539 5735 1912 5806; x_wconf 72' lang='grc' dir='ltr'><strong>,</strong></span> <span class='ocrx_word' id='word_1_783' title='bbox 1955 5746 2072 5793; x_wconf 87' lang='lat' dir='ltr'><strong>erat</strong></span> <span class='ocrx_word' id='word_1_784' title='bbox 2099 5756 2110 5766; x_wconf 93' lang='grc'></span> 
     </span>
    </p>
   </div>
   <div class='ocr_carea' id='block_1_104' title="bbox 2221 5095 3813 5167">
    <p class='ocr_par' dir='ltr' id='par_1_104' title="bbox 2221 5095 3813 5167">
     <span class='ocr_line' id='line_1_104' title="bbox 2221 5095 3813 5167; baseline 0.004 -18"><span class='ocrx_word' id='word_1_785' title='bbox 2221 5095 2325 5150; x_wconf 92' lang='lat' dir='ltr'><strong>hoc</strong></span> <span class='ocrx_word' id='word_1_786' title='bbox 2360 5110 2555 5166; x_wconf 89' lang='lat' dir='ltr'><strong>nempe</strong></span> <span class='ocrx_word' id='word_1_787' title='bbox 2597 5111 2655 5151; x_wconf 90' lang='lat' dir='ltr'><strong>se</strong></span> <span class='ocrx_word' id='word_1_788' title='bbox 2686 5095 2910 5150; x_wconf 91' lang='lat' dir='ltr'><strong>nomine</strong></span> <span class='ocrx_word' id='word_1_789' title='bbox 2943 5110 3054 5150; x_wconf 91' lang='lat' dir='ltr'><strong>non</strong></span> <span class='ocrx_word' id='word_1_790' title='bbox 3103 5095 3271 5151; x_wconf 85' lang='lat' dir='ltr'><strong>semel</strong></span> <span class='ocrx_word' id='word_1_791' title='bbox 3321 5097 3556 5167; x_wconf 89' lang='lat' dir='ltr'><strong>appellat</strong></span> <span class='ocrx_word' id='word_1_792' title='bbox 3600 5100 3656 5154; x_wconf 92' lang='lat' dir='ltr'><strong>in</strong></span> <span class='ocrx_word' id='word_1_793' title='bbox 3711 5102 3813 5156; x_wconf 78' lang='lat' dir='ltr'><strong>hac</strong></span> 
     </span>
    </p>
   </div>
   <div class='ocr_carea' id='block_1_105' title="bbox 2222 5187 3811 5258">
    <p class='ocr_par' dir='ltr' id='par_1_105' title="bbox 2222 5187 3811 5258">
     <span class='ocr_line' id='line_1_105' title="bbox 2222 5187 3811 5258; baseline 0.006 -19"><span class='ocrx_word' id='word_1_794' title='bbox 2222 5187 2481 5242; x_wconf 83' lang='lat' dir='ltr'><strong>homilia:</strong></span> <span class='ocrx_word' id='word_1_795' title='bbox 2518 5203 2858 5258; x_wconf 86' lang='lat' dir='ltr'><strong>quanquam,</strong></span> <span class='ocrx_word' id='word_1_796' title='bbox 2898 5188 2945 5243; x_wconf 90' lang='lat' dir='ltr'><strong>si</strong></span> <span class='ocrx_word' id='word_1_797' title='bbox 2973 5187 3141 5244; x_wconf 91' lang='lat' dir='ltr'><strong>ducto</strong></span> <span class='ocrx_word' id='word_1_798' title='bbox 3189 5189 3398 5245; x_wconf 89' lang='lat' dir='ltr'><strong>calculo</strong></span> <span class='ocrx_word' id='word_1_799' title='bbox 3449 5207 3625 5246; x_wconf 85' lang='lat' dir='ltr'><strong>annos</strong></span> <span class='ocrx_word' id='word_1_800' title='bbox 3684 5195 3811 5249; x_wconf 69' lang='lat' dir='ltr'><strong>vita:</strong></span> 
     </span>
    </p>
   </div>
   <div class='ocr_carea' id='block_1_106' title="bbox 2221 5281 3810 5351">
    <p class='ocr_par' dir='ltr' id='par_1_106' title="bbox 2221 5281 3810 5351">
     <span class='ocr_line' id='line_1_106' title="bbox 2221 5281 3810 5351; baseline 0.004 -18"><span class='ocrx_word' id='word_1_801' title='bbox 2221 5281 2369 5336; x_wconf 91' lang='lat' dir='ltr'><strong>illius</strong></span> <span class='ocrx_word' id='word_1_802' title='bbox 2403 5297 2776 5346; x_wconf 90' lang='lat' dir='ltr'><strong>numeremus,</strong></span> <span class='ocrx_word' id='word_1_803' title='bbox 2823 5292 2986 5337; x_wconf 91' lang='lat' dir='ltr'><strong>natus</strong></span> <span class='ocrx_word' id='word_1_804' title='bbox 3017 5299 3162 5338; x_wconf 77' lang='lat' dir='ltr'><strong>anno</strong></span> <span class='ocrx_word' id='word_1_805' title='bbox 3187 5298 3312 5338; x_wconf 84' lang='lat' dir='ltr'><strong>cum</strong></span> <span class='ocrx_word' id='word_1_806' title='bbox 3339 5284 3655 5341; x_wconf 88' lang='lat' dir='ltr'><strong>tardissime</strong></span> <span class='ocrx_word' id='word_1_807' title='bbox 3681 5286 3810 5351; x_wconf 63' lang='grc'><strong>547,</strong></span> 
     </span>
    </p>
   </div>
   <div class='ocr_carea' id='block_1_107' title="bbox 2221 5373 3807 5444">
    <p class='ocr_par' dir='ltr' id='par_1_107' title="bbox 2221 5373 3807 5444">
     <span class='ocr_line' id='line_1_107' title="bbox 2221 5373 3807 5444; baseline 0.005 -17"><span class='ocrx_word' id='word_1_808' title='bbox 2221 5383 2279 5428; x_wconf 93' lang='lat' dir='ltr'><strong>ut</strong></span> <span class='ocrx_word' id='word_1_809' title='bbox 2319 5375 2372 5427; x_wconf 92' lang='lat' dir='ltr'><strong>in</strong></span> <span class='ocrx_word' id='word_1_810' title='bbox 2410 5373 2530 5428; x_wconf 79' lang='lat' dir='ltr'><strong>Vita</strong></span> <span class='ocrx_word' id='word_1_811' title='bbox 2577 5375 2694 5442; x_wconf 86' lang='lat' dir='ltr'><strong>ejus</strong></span> <span class='ocrx_word' id='word_1_812' title='bbox 2741 5376 2991 5444; x_wconf 85' lang='lat' dir='ltr'><strong>pluribus</strong></span> <span class='ocrx_word' id='word_1_813' title='bbox 3032 5386 3531 5444; x_wconf 88' lang='lat' dir='ltr'><strong>commonstratur,</strong></span> <span class='ocrx_word' id='word_1_814' title='bbox 3581 5382 3807 5434; x_wconf 86' lang='lat' dir='ltr'><strong>ordina-</strong></span> 
     </span>
    </p>
   </div>
   <div class='ocr_carea' id='block_1_108' title="bbox 2220 5466 3805 5542">
    <p class='ocr_par' dir='ltr' id='par_1_108' title="bbox 2220 5466 3805 5542">
     <span class='ocr_line' id='line_1_108' title="bbox 2220 5466 3805 5542; baseline 0.006 -24"><span class='ocrx_word' id='word_1_815' title='bbox 2220 5474 2418 5535; x_wconf 83' lang='lat' dir='ltr'><strong>tosque</strong></span> <span class='ocrx_word' id='word_1_816' title='bbox 2484 5466 2770 5540; x_wconf 82' lang='lat' dir='ltr'><strong>presbyter</strong></span> <span class='ocrx_word' id='word_1_817' title='bbox 2827 5469 3050 5524; x_wconf 89' lang='lat' dir='ltr'><strong>ineunte</strong></span> <span class='ocrx_word' id='word_1_818' title='bbox 3110 5467 3260 5536; x_wconf 78' lang='lat'><strong>386,</strong></span> <span class='ocrx_word' id='word_1_819' title='bbox 3318 5471 3805 5542; x_wconf 75' lang='lat' dir='ltr'><strong>quadragesimum</strong></span> 
     </span>
    </p>
   </div>
   <div class='ocr_carea' id='block_1_109' title="bbox 2219 5560 3811 5636">
    <p class='ocr_par' dir='ltr' id='par_1_109' title="bbox 2219 5560 3811 5636">
     <span class='ocr_line' id='line_1_109' title="bbox 2219 5560 3811 5636; baseline 0.005 -25"><span class='ocrx_word' id='word_1_820' title='bbox 2219 5561 2439 5613; x_wconf 85' lang='lat' dir='ltr'><strong>circiter</strong></span> <span class='ocrx_word' id='word_1_821' title='bbox 2470 5560 2648 5615; x_wconf 81' lang='lat' dir='ltr'><strong>aetatis</strong></span> <span class='ocrx_word' id='word_1_822' title='bbox 2677 5569 2861 5632; x_wconf 82' lang='lat' dir='ltr'><strong>ageret</strong></span> <span class='ocrx_word' id='word_1_823' title='bbox 2904 5578 3106 5615; x_wconf 91' lang='lat' dir='ltr'><strong>annum</strong></span> <span class='ocrx_word' id='word_1_824' title='bbox 3137 5581 3150 5616; x_wconf 91' lang='lat'>:</span> <span class='ocrx_word' id='word_1_825' title='bbox 3188 5577 3359 5633; x_wconf 87' lang='lat' dir='ltr'><strong>usque</strong></span> <span class='ocrx_word' id='word_1_826' title='bbox 3390 5563 3526 5619; x_wconf 88' lang='lat' dir='ltr'><strong>adeo</strong></span> <span class='ocrx_word' id='word_1_827' title='bbox 3551 5565 3811 5636; x_wconf 78' lang='lat' dir='ltr'><strong>explora-</strong></span> 
     </span>
    </p>
   </div>
   <div class='ocr_carea' id='block_1_110' title="bbox 2222 5651 3806 5727">
    <p class='ocr_par' dir='ltr' id='par_1_110' title="bbox 2222 5651 3806 5727">
     <span class='ocr_line' id='line_1_110' title="bbox 2222 5651 3806 5727; baseline 0.004 -23"><span class='ocrx_word' id='word_1_828' title='bbox 2222 5661 2332 5704; x_wconf 89' lang='lat' dir='ltr'><strong>tum</strong></span> <span class='ocrx_word' id='word_1_829' title='bbox 2369 5666 2490 5706; x_wconf 85' lang='lat' dir='ltr'><strong>esse</strong></span> <span class='ocrx_word' id='word_1_830' title='bbox 2534 5651 2717 5717; x_wconf 89' lang='lat' dir='ltr'><strong>debet,</strong></span> <span class='ocrx_word' id='word_1_831' title='bbox 2779 5670 2842 5708; x_wconf 85' lang='lat' dir='ltr'><strong>ex</strong></span> <span class='ocrx_word' id='word_1_832' title='bbox 2893 5654 3206 5724; x_wconf 89' lang='lat' dir='ltr'><strong>hujusmodi</strong></span> <span class='ocrx_word' id='word_1_833' title='bbox 3255 5655 3455 5722; x_wconf 86' lang='lat' dir='ltr'><strong>verbis,</strong></span> <span class='ocrx_word' id='word_1_834' title='bbox 3525 5659 3806 5727; x_wconf 77' lang='lat' dir='ltr'><strong>puerulus,</strong></span> 
     </span>
    </p>
   </div>
   <div class='ocr_carea' id='block_1_111' title="bbox 2214 5743 3805 5814">
    <p class='ocr_par' dir='ltr' id='par_1_111' title="bbox 2214 5743 3805 5814">
     <span class='ocr_line' id='line_1_111' title="bbox 2214 5743 3805 5814; baseline 0.006 -19"><span class='ocrx_word' id='word_1_835' title='bbox 2214 5743 2661 5811; x_wconf 82' lang='lat' dir='ltr'><strong>adolescentulus,</strong></span> <span class='ocrx_word' id='word_1_836' title='bbox 2688 5757 2742 5803; x_wconf 90' lang='lat' dir='ltr'><strong>et</strong></span> <span class='ocrx_word' id='word_1_837' title='bbox 2777 5747 3020 5804; x_wconf 86' lang='lat' dir='ltr'><strong>vicissim</strong></span> <span class='ocrx_word' id='word_1_838' title='bbox 3065 5765 3243 5814; x_wconf 77' lang='lat' dir='ltr'><strong>senex,</strong></span> <span class='ocrx_word' id='word_1_839' title='bbox 3275 5761 3528 5806; x_wconf 68' lang='lat' dir='ltr'><strong>extremae</strong></span> <span class='ocrx_word' id='word_1_840' title='bbox 3553 5763 3805 5808; x_wconf 72' lang='lat' dir='ltr'><strong>senectu-</strong></span> 
     </span>
    </p>
   </div>
  </div>
