3922 6288
94 388 179 443 Gfll
1396 380 1487 435 DE
1523 379 1978 438 SACERDOTIO.
2020 379 2147 436 LIB.
2194 380 2277 433 Vl.

95 500 185 570 τήν
234 500 451 553 ἐκείνου
499 496 809 571 παράταξιν
859 497 954 551 καὶ
1002 496 1094 549 τὸν
1146 495 1285 567 πρὸς
1342 498 1493 567 ήμᾶς
1549 498 1783 568 πόλεμον

96 586 533 657 ὸφθαλμοφανῶς
570 587 697 640 ἰδεῖν
722 626 738 650 ,
773 581 911 649 εἶδες
952 583 1017 639 ἂν
1049 586 1109 637 οὺ
1152 584 1487 656 χειμάρρους
1516 584 1781 655 αἱμάτων.

96 674 209 725 οὐδὲ
239 674 475 743 σώματα
505 673 697 745 νεκρά,
733 671 869 726 ἀλλά
902 671 1088 743 ψυχῶν
1120 670 1389 741 πτώματα
1411 672 1666 734 τοσαῦτα,
1693 675 1785 726 καὶ

96 761 391 833 τραύματα
427 761 570 815 οὕτω
600 761 815 832 χαλεπά
836 800 850 824 ,
885 761 962 824 ώς
992 760 1209 814 ἃπασαν
1258 760 1474 832 ἐκείνην
1507 759 1600 814 τοῦ
1628 760 1786 814 πολέ-

98 868 193 919 μου
222 850 327 921 τὴν
362 849 693 920 ὑπογραφὴν
715 890 730 913 ,
759 849 827 919 ἣν
875 849 1001 919 ἄρτι
1030 848 1245 920 διῆλθον
1274 849 1412 919 πρὸς
1462 848 1543 914 σέ,
1580 849 1784 902 παίδων

95 938 254 991 τινῶν
284 951 311 978 ι
344 938 642 1010 ἀθύρματα
676 933 816 990 εἶναι
853 938 1094 1007 νομίσαι,
1127 939 1221 989 καὶ
1264 938 1486 991 παιδιάν
1521 938 1718 1008 μᾶλλον
1750 938 1784 1007 ἢ

96 1030 365 1099 πόλεμον·
414 1028 665 1081 τοσοῦτοι
716 1030 764 1080 οἱ
811 1027 932 1081 καθ’
979 1026 1217 1098 ἐκάστην
1269 1026 1633 1097 πληττόμενοι
1688 1027 1784 1096 τήν

94 1118 330 1187 ἡμέραν.
364 1116 446 1168 Τὰ
497 1116 553 1168 δέ
586 1114 880 1186 τραύματα
907 1115 1007 1166 οὐκ
1044 1114 1166 1183 ῖσην
1210 1114 1504 1185 ἐργάζεται
1554 1115 1652 1184 τὴν
1699 1113 1786 1165 νέ-

97 1222 323 1274 κρωσιν,
358 1204 475 1256 ἀλλ’
509 1204 632 1257 ὅσον
664 1204 841 1273 ψυχῆς
872 1203 967 1255 καὶ
1003 1203 1255 1268 σώματος
1281 1202 1343 1254 τὸ
1371 1202 1561 1273 μέσον,
1593 1200 1784 1253 τοσοῦ-

94 1310 178 1345 τον
216 1293 443 1360 ἐκείνης
478 1293 572 1345 καὶ
624 1290 829 1357 ταύτης
860 1291 921 1343 τὸ
953 1289 1229 1359 διάφορον.
1259 1290 1430 1343 Ὅταν
1486 1289 1592 1360 γὰρ
1644 1289 1787 1361 λάϐῃ

96 1384 187 1453 τήν
222 1382 452 1453 πληγήν
486 1383 520 1452 ἠ
553 1382 702 1452 ψυχὴ
754 1381 849 1433 καὶ
892 1379 1034 1450 πέσῃ
1059 1416 1073 1441 ,
1122 1380 1183 1432 οὑ
1219 1380 1397 1431 κεῖται
1444 1378 1696 1447 καθάπερ
1727 1377 1788 1430 τὸ

98 1472 251 1540 σῶμα
290 1470 752 1539 ἀνεπαισθήτως,
806 1467 942 1521 ἀλλά
987 1466 1333 1536 βασανίζεται
1390 1466 1486 1536 μὲν
1538 1465 1786 1519 ἐντεῦθεν

97 1561 193 1629 ἤδη
223 1562 295 1628 τῇ
341 1558 562 1628 πονηρᾷ
608 1557 911 1626 συνειδήσει
944 1554 1226 1626 τηκομένη
1251 1570 1263 1583 ⁸
1303 1554 1442 1625 μετά
1485 1552 1542 1606 δὲ
1574 1554 1673 1624 τὴν
1702 1556 1787 1605 ἐν·

98 1648 241 1701 θένδε
277 1646 633 1716 ἀπαλλαγὴν,
674 1644 816 1698 κατά
842 1644 935 1696 τὸν
962 1643 1064 1713 τῆς
1096 1641 1334 1713 κρίσεως
1366 1640 1560 1710 καιρὸν
1588 1639 1789 1693 ἀθανά-

50 1748 67 1783 ἶ
97 1754 165 1803 τῳ
196 1735 560 1806 παραδίδοται
584 1732 846 1804 τιμωρίᾳ.
879 1733 942 1785 Εἰ
970 1732 1027 1784 δέ
1057 1748 1140 1794 τις
1166 1730 1486 1799 ἀναλγήτως
1517 1728 1629 1797 ἔχοι
1652 1727 1789 1797 πρὸς

53 1836 59 1843 ‘
96 1825 187 1886 τὰς
216 1821 317 1876 τοῦ
353 1824 607 1876 διαϐόλου
640 1823 856 1892 πληγάς
878 1862 891 1884 ,
928 1819 1111 1891 μεῖζον
1146 1817 1253 1871 ὑπὸ
1291 1818 1392 1887 τῆς
1430 1815 1788 1884 ἀναισθησίας

95 1915 292 1983 ἐκείνῳ
327 1912 543 1978 γίνεται
570 1911 632 1963 τὸ
665 1910 869 1962 δεινόν·
910 1909 938 1959 ὁ
969 1906 1078 1977 γὰρ
1112 1906 1206 1959 ἐπὶ
1232 1907 1299 1976 τῇ
1336 1904 1578 1975 προτέρᾳ
1605 1902 1787 1973 πληγῇ

100 2002 168 2072 μὴ
194 2000 455 2070 δηχθεὶς,
488 1998 729 2061 εὐκόλως
771 1996 985 2066 δέχεται
1026 1996 1054 2034 δ
1086 1996 1182 2047 καὶ⁹
1210 1994 1498 2064 δευτέραν,
1530 1992 1623 2044 καὶ
1672 1993 1791 2062 μετ’

94 2093 315 2159 ἐκείνην
367 2087 586 2159 ἑτέραν.
623 2088 697 2141 Ού
747 2086 857 2156 γὰρ
902 2084 1253 2154 διαλιμπάνει
1297 2082 1458 2153 μέχρι
1507 2078 1657 2153 [455]
1699 2083 1791 2132 καὶ

94 2179 189 2247 τῆς
216 2177 464 2247 ἐσχάτης
493 2176 770 2245 ἀναπνοῆς
809 2173 985 2227 παίων
1012 2176 1040 2226 ό
1074 2171 1271 2243 μιαρὸς
1296 2210 1310 2233 ,
1350 2171 1478 2222 ὅταν
1509 2168 1646 2239 εῦρῃ
1691 2168 1791 2236 ψυ-

96 2268 193 2335 χὴν
228 2266 462 2329 ὑπτίαν,
492 2266 587 2317 καὶ
613 2264 723 2316 τῶν
750 2262 1033 2335 προτέρων
1061 2258 1514 2330 καταφρονοῦσαν
1542 2256 1787 2328 πληγῶν.

95 2356 155 2406 ΕΞ
192 2354 252 2406 δὲ
292 2354 389 2406 καὶ
431 2354 530 2423 τῆς
577 2351 855 2423 συμϐολῆς
898 2351 992 2404 τὸν
1022 2350 1225 2420 τρόπον
1253 2346 1528 2413 ἐξετάζειν
1566 2346 1789 2409 ἐθέλοις,

96 2443 231 2496 πολὺ
268 2441 481 2513 ταύτην
511 2453 536 2511 ,ο
572 2440 939 2512 σφοδροτέραν
982 2440 1076 2492 καὶ
1112 2436 1511 2506 ποικιλωτέραν
1541 2434 1671 2497 ἴδοις
1704 2434 1789 2489 ἄν.

94 2532 235 2583 Οὔτε
286 2531 403 2601 γὰρ
449 2530 660 2597 κλοπῆς
709 2528 803 2581 καὶ
835 2527 985 2580 δόλου
1012 2525 1281 2588 τοσαύτας
1316 2540 1401 2586 τις
1433 2517 1574 2575 οἶδεν
1617 2521 1791 2585 ἰδέας,

94 2623 225 2681 δςας
256 2622 472 2682 ἐκεῖνος
511 2621 540 2671 ό
569 2618 764 2689 μιαρός
789 2635 801 2647 ο
829 2615 1004 2688 ταύτῃ
1042 2615 1172 2683 γοῦν
1216 2612 1316 2684 τὴν
1344 2611 1563 2664 πλείονα
1598 2611 1795 2679 κέκτη-

92 2726 183 2762 ται
218 2708 459 2778 δύναμιν
484 2725 499 2738 ·
544 2706 669 2760 οὔτε
717 2705 919 2777 ἔχθραν
952 2722 1038 2767 τις
1071 2702 1245 2765 οὕτως
1280 2702 1589 2771 ἀκήρυκτον
1638 2696 1796 2751 δύνα-

94 2814 183 2850 ται
208 2797 235 2836 ά
270 2797 422 2865 ἔχειν
458 2797 594 2867 πρὸς
621 2798 749 2860 τοὺς
786 2796 925 2863 ἄγαν
954 2790 1402 2863 πολεμιωτάτους
1434 2786 1582 2857 αὐτῷ
1609 2826 1623 2846 ,
1661 2788 1794 2855 ὅσην

96 2888 236 2955 πρὸς
271 2886 373 2956 τὴν
405 2885 755 2957 ἀνθρωπείαν
785 2883 948 2953 φύσιν
989 2884 1017 2935 ὁ
1050 2880 1287 2951 πονηρὸς
1315 2877 1524 2947 δαίμων
1563 2876 1790 2937 ἐκεῖνος.

94 2977 210 3028 Καὶ
238 2976 342 3046 τὴν
376 2973 691 3044 προθυμίαν
720 2972 776 3026 δὲ
810 2972 965 3031 εἴτις
998 2967 1266 3033 ἐξετάζοι,
1313 2964 1431 3036 μεθ’
1457 2960 1525 3035 ἦς
1562 2963 1796 3033 μάχεται

95 3067 350 3128 ἐκεῖνος,
407 3062 719 3134 ἀνθρώποις
772 3060 871 3130 μὲν
904 3056 1136 3111 ἐνταῦθα
1168 3055 1261 3108 καὶ
1314 3054 1521 3122 γελοῖον
1567 3051 1797 3122 περιϐα-

92 3154 211 3207 λεῖν
236 3170 251 3184 ⁸
279 3155 331 3206 εί
356 3153 414 3206 δέ
444 3169 528 3215 τις
568 3149 637 3204 τά
677 3148 1021 3221 όργιλώτατα
1048 3146 1142 3199 καὶ
1175 3142 1525 3213 ἀπηνέστατα
1555 3139 1663 3191 τῶν
1698 3138 1795 3207 θη-

98 3246 236 3314 ρίων
282 3240 649 3311 ἐκλεξάμενος
699 3236 1028 3291 ἀντιτιθέναι
1078 3233 1320 3302 θέλοιτῇ
1378 3229 1569 3282 τούτου
1608 3228 1793 3298 μανίᾳ,

96 3332 393 3403 πραότατα
424 3329 551 3381 ὅντα
582 3328 678 3381 καὶ
702 3324 1035 3397 ἡμερώτατα
1064 3322 1289 3393 εὑρήσει
1323 3322 1387 3390 τῇ
1417 3317 1702 3389 παραϐολῇ
1731 3328 1753 3354 θ
1780 3330 1792 3344 ⁸

95 3420 316 3473 τοσοῦτσ
348 3438 366 3471 θ
398 3412 554 3481 οὗτος
581 3418 705 3469 πνεῖ
735 3415 928 3485 θυμὸν,
961 3413 1083 3473 ταῖς
1112 3408 1411 3481 ἡμετέραις
1441 3404 1796 3477 προσϐάλλων

94 3510 327 3579 ψυχαῖς.
364 3508 475 3560 Καὶ
498 3507 526 3558 ὁ
553 3506 651 3576 τῆς
686 3503 865 3574 μάχης
885 3501 941 3554 δὲ
960 3499 1150 3570 χρόνος
1176 3495 1409 3550 ἐνταῦθα
1447 3494 1543 3565 μὲν
1567 3493 1793 3564 βραχὺς,

96 3601 197 3651 καὶ
228 3600 287 3648 ἐν
324 3596 403 3665 τῷ
428 3593 621 3663 βραχεῖ
648 3592 705 3645 δὲ
742 3589 891 3660 αὐτῷ
923 3587 1113 3640 πολλαὶ
1142 3588 1197 3638 αἱ
1231 3583 1532 3653 ἀνακωχαί.
1555 3583 1666 3635 Καὶ
1688 3580 1797 3650 γὰρ

96 3688 198 3739 καὶ
252 3683 352 3748 νὺξ
402 3680 745 3744 ἐπελθοῦσα,
778 3680 871 3732 καὶ
903 3678 931 3731 ὁ
975 3675 1068 3729 τοῦ
1120 3672 1347 3744 σφάζειν
1392 3673 1670 3742 κάματος,
1704 3672 1798 3722 καὶ

94 3773 313 3844 τροφῆς
338 3769 532 3840 καιρὸς
554 3810 566 3833 ,
600 3770 694 3821 καὶ
722 3764 895 3820 πολλά
925 3764 1090 3834 ἔτερα
1126 3759 1481 3816 διαναπαύειν
1510 3758 1602 3811 τὸν
1639 3772 1799 3828 στρα-

97 3862 307 3930 τιώτην
338 3860 605 3927 πέφυκεν,
640 3857 715 3918 ὼς
744 3857 837 3907 καὶ
879 3851 1144 3905 ἀποδῦναι
1179 3851 1278 3919 τὴν
1310 3844 1675 3916 παντευχίαν,
1704 3845 1800 3897 καὶ

101 3948 453 4005 ἀναπνεῦσαι
489 3947 508 3985 τ
543 3945 776 4016 μικρὸν,
812 3944 905 3995 καὶ
935 3942 1067 4010 σίτῳ
1122 3939 1217 3991 καὶ
1264 3936 1414 4004 ποτῲ
1462 3930 1797 4002 καταψῦξαι,

101 4028 207 4093 καί
249 4038 462 4109 ἑτέροις
512 4033 726 4095 πολλοῖς
758 4030 855 4101 τὴν
884 4027 1158 4100 προτέραν
1186 4020 1599 4093 ἀνακτήσασθαι
1641 4018 1801 4072 δύνα-

106 4148 225 4199 μιν.
269 4108 401 4180 Ἐπὶ
425 4125 479 4177 δὲ
512 4121 608 4175 τοῦ
641 4117 879 4191 πονηροῦ
926 4117 1027 4169 ούκ
1054 4116 1167 4167 ἐστι
1192 4113 1263 4165 τὰ
1289 4110 1429 4164 ὅπλα
1468 4108 1801 4161 καταθέσθαι

104 4218 262 4279 ποτὲ,
294 4216 399 4268 ούκ
432 4212 579 4265 ἐστιν
613 4210 779 4263 ῦπνον
814 4206 1050 4279 ἄρασθαι
1093 4204 1181 4257 τὸν
1212 4200 1535 4272 βουλόμενον
1561 4198 1801 4269 ἄτρωτον

106 4307 296 4375 μένειν
331 4301 647 4364 διαπαντός.
681 4298 923 4365 Ἀνάγκη
946 4294 1054 4364 γὰρ
1090 4292 1236 4344 δυοῖν
1276 4289 1524 4358 θάτερον,
1560 4286 1802 4357 ἢπεσείν

170 4468 197 4497 ³
221 4466 383 4515 Savil.
422 4470 476 4514 et
514 4463 708 4523 aliquot
741 4473 868 4523 mssa
884 4453 1214 4523 miawv_'_cwo’t,
1240 4450 1416 4499 Morel.
1441 4454 1494 4498 et
1517 4448 1598 4498 alii
1620 4447 1803 4495 παίδων

102 4533 268 4579 τινῶν.
301 4526 496 4576 Ibidem
522 4518 651 4572 unus
676 4524 756 4572 καὶ
782 4521 979 4581 παίγνια
1003 4518 1198 4579 μᾶλλον.

166 4594 198 4631 δ
224 4590 380 4642 Savil.
408 4595 463 4637 et
480 4589 564 4637 alii
587 4588 794 4649 δέχεται,
815 4582 987 4632 Morel.
1014 4581 1207 4633 δέξεται.

172 4658 196 4685 ⁸
230 4652 332 4703 Alii
355 4651 545 4706 ταύτης.

166 4718 196 4755 ει
232 4713 339 4764 Alii
365 4713 635 4768 δυνήσεται.

172 4792 201 4821 ο
225 4777 326 4827 Alii
353 4776 402 4822 ἐν
418 4779 477 4835 τῇ
499 4772 677 4835 παραϐ.

172 4792 201 4821 ο
225 4791 326 4827 Alit
353 4792 402 4822 εν
499 4791 677 4835 παραυ.

172 4840 197 4885 ί
229 4838 338 4890 Alii
367 4791 594 4885 et‘gavil.
621 4828 975 4887 διαναπνεῦσαι,
1007 4832 1060 4876 et
1081 4835 1193 4873 mox
1215 4821 1463 4884 ἀναψῦξαι.

230 4991 2097 5027 .ὥκΜήΜΜ-ςῃα

3454 382 3564 439 692

1888 497 1979 550 καὶ
2010 494 2304 549 ἀπολέσθαι
2347 493 2733 565 γυμνωθέντα,
2769 496 2801 567 ἢ
2831 496 2919 550 διὰ
2951 499 3152 563 παντὸς
3179 498 3565 569 καθωπλισμέ-

1885 604 1974 641 νον
2006 584 2218 639 ὲστῶτα
2249 584 2277 625 ⁸
2315 583 2409 636 καὶ
2461 584 2801 655 ἐγρηγορότα
2852 582 3013 641 εἶναι.
3053 588 3164 641 Καὶ
3196 588 3305 659 γὰρ
3358 589 3565 651 ἐκεῖνος

1884 672 2176 736 διαπαντὸς
2230 672 2427 743 ἕστηκε
2477 671 2617 741 μετά
2668 673 2767 744 τῆς
2819 674 2983 727 αὑτοῦ
3044 674 3436 746 παρατάξεως,
3465 675 3566 738 τὰς

1884 762 2163 833 ἡμετέρας
2213 760 2482 832 ῥᾳθυμίας
2531 760 2865 832 παρατηρῶν
2891 801 2906 823 ,
2946 762 3169 818 πλείονά
3204 781 3265 816 τε
3296 764 3566 834 εἰσφέρων

1889 853 2125 924 σπουδὴν
2155 856 2230 915 είς
2272 853 2370 923 τὴν
2398 851 2677 923 ἡμετέραν
2723 851 2998 906 ἀπώλειαν
3020 895 3035 918 ,
3065 854 3097 924 ἢ
3144 856 3224 917 είς
3258 853 3355 925 τὴν
3388 870 3568 923 σωτη-

1892 943 2011 1013 ρίαν
2039 942 2201 1013 ἡμεῖς
2248 941 2346 1009 τὴν
2394 939 2626 993 ἑαυτῶν.
2657 940 2767 993 Καὶ
2798 940 2858 992 τὸ
2905 941 2978 1011 μὴ
3022 941 3253 1010 ὁρᾶσθαι
3294 942 3351 995 δὲ
3401 940 3564 995 αὑτὸν

1889 1030 1978 1099 ὑφ’
2002 1032 2034 1100 ἡ
2046 1029 2181 1100 μῶν,
2211 1029 2304 1081 καὶ
2338 1027 2400 1080 τὸ
2442 1026 2702 1097 ἐξαπίνης
2729 1027 3066 1082 ἐπιτίθεσθαι
3102 1029 3159 1099 (ἀ
3191 1029 3425 1100 μάλιστα
3455 1029 3567 1085 τῶν

1892 1119 2100 1190 μυρίων
2125 1119 2271 1171 ἐστὶν
2299 1116 2449 1170 αίτια
2482 1116 2687 1187 κακῶν)
2720 1118 2832 1179 τοῖς
2856 1117 2955 1169 οὐκ
2986 1118 3315 1189 ἐγρηγορόσι
3340 1118 3566 1171 διαπανα

1887 1207 1977 1270 τὸς
2006 1206 2139 1259 πολὺ
2169 1205 2359 1258 τοῦτον
2393 1203 2744 1275 ἀπορώτερον
2768 1204 2975 1257 ἐκείνου
3017 1204 3259 1258 δείκνυσι
3287 1205 3378 1259 τὸν
3405 1205 3567 1259 πόλε-

1892 1312 2010 1365 μον.
2036 1293 2304 1348 Ἐνταῦθα
2351 1289 2443 1346 οῦν
2485 1294 2635 1363 ἡμᾶς
2669 1291 2859 1362 ἡθελες
2906 1296 3232 1363 στρατηγεῖν
3260 1296 3372 1357 τοῖς
3398 1310 3569 1364 στρα-

1886 1382 2109 1446 τιώταις
2139 1380 2234 1436 τοῦ
2256 1379 2528 1453 Χριστοῦ;
2566 1378 2729 1432 Ἀλλὰ
2762 1378 2839 1448 τῷ
2867 1380 3101 1449 διαϐόλῳ
3130 1380 3289 1434 τοῦτο
3308 1377 3375 1453 ἦν
3406 1398 3569 1452 στρα-

1887 1476 2092 1543 τηγεῖν.
2143 1472 2310 1525 Ὅταν
2360 1470 2466 1542 γὰρ
2521 1472 2550 1521 ό
2587 1469 2892 1521 διατάττειν
2945 1470 3037 1522 καὶ
3073 1470 3388 1540 διακοσμεῖν
3441 1470 3569 1533 τοὺς

1888 1562 2110 1625 λοιποὺς
2133 1560 2386 1629 ὀφείλων,
2420 1559 2639 1611 πάντων
2667 1559 3026 1628 ἀπειρότατος
3055 1561 3149 1612 καὶ
3174 1559 3570 1621 ἀσθενέστατος

1887 1647 1953 1725 ᾖ,
1990 1651 2222 1721 προδοὺς
2263 1647 2369 1701 ὑπὸ
2415 1647 2515 1715 τῆς
2561 1646 2818 1713 ἀπειρίας
2867 1647 2989 1703 τοὺς
3037 1647 3461 1710 πιστευθέντας,
3493 1645 3571 1715 τῷ

1890 1739 2122 1809 διαϐόλῳ
2176 1736 2374 1807 μᾶλλον
2426 1734 2830 1806 ἐστρατήγησεν
2874 1733 3013 1804 ἣτῷ
3058 1734 3298 1805 Χριστῷ.
3326 1734 3489 1786 Ἀλλά
3518 1734 3571 1786 τί

1894 1826 2101 1889 στένεις
2124 1867 2137 1889 ,
2172 1825 2226 1876 τί
2258 1821 2514 1893 δακρύεις
2539 1838 2552 1885 ;
2580 1822 2640 1873 οὑ
2666 1820 2775 1893 γὰρ
2810 1819 3022 1891 θρήνων
3064 1823 3188 1885 ἀξια
3230 1822 3295 1874 τά
3320 1824 3439 1874 κατ’
3470 1820 3572 1890 ἐμὲ

1892 1912 2007 1979 νῦν,
2035 1913 2149 1967 ἀλλ’
2175 1910 2515 1981 εὐφροσύνης
2536 1908 2628 1961 καὶ
2660 1909 2853 1980 χαρᾶς.
2885 1909 3260 1961 ΒΑΣΙΛΕΙΟΣ.
3284 1908 3425 1960 Ἀλλ’
3450 1908 3573 1978 οὐχὶ

1893 2004 1986 2056 καὶ
2023 2002 2092 2054 τὰ
2118 2000 2249 2070 ἐμὲ,
2282 1999 2466 2069 φησὶν,
2509 1996 2645 2050 ἀλλά
2676 1996 2882 2067 μυρίων
2915 1994 3039 2060 ἀξια
3066 1997 3244 2049 ταῦτα
3274 1996 3521 2051 κοπετῶν
3553 2013 3568 2026 ·

1894 2090 1987 2141 νῦν
2015 2089 2123 2159 γὰρ
2156 2087 2310 2157 μόλις
2336 2083 2610 2155 ἠδυνήθην
2641 2083 2870 2137 συνιδεῖν
2900 2078 2956 2135 οἷ
2983 2082 3089 2135 τῶν
3119 2082 3303 2135 κακῶν
3338 2100 3405 2153 με
3435 2084 3575 2155 ἤγα-

1893 2193 2009 2244 γες.
2040 2175 2184 2244 Ἐγὼ
2211 2173 2309 2246 μὲν
2356 2174 2464 2243 γὰρ
2499 2172 2747 2243 εἰσῆλθον
2776 2171 2913 2241 πρὸς
2972 2169 3070 2233 σὲ,
3121 2170 3149 2223 ὃ
3189 2186 3241 2222 τι
3276 2169 3405 2223 ποτὲ
3432 2170 3575 2242 ὑπὲρ

1897 2267 1991 2319 σοῦ
2044 2265 2181 2336 πρὸς
2230 2265 2357 2326 τοὺς
2416 2260 2782 2330 ἐγκαλοῦντας
2833 2256 3286 2329 ἀπολογήσομαι,
3322 2258 3576 2330 δεόμενος

1899 2354 2123 2425 μαθεῖν·
2162 2354 2225 2406 σὺ
2272 2350 2328 2404 δέ
2368 2369 2436 2422 με
2470 2351 2776 2421 ἐκπέμπεις
2810 2349 3003 2419 ἑτέραν
3032 2348 3148 2401 ἀνθ’
3180 2348 3375 2419 ἐτέρας
3420 2366 3578 2420 φρον-

1894 2444 2014 2495 τίδα
2054 2442 2249 2505 ἐνθείς.
2284 2440 2358 2492 Ού
2388 2439 2498 2509 γάρ
2545 2438 2625 2490 ἔτι
2662 2455 2751 2509 μοι
2798 2436 3020 2507 μέλλει,
3048 2436 3101 2489 τί
3149 2436 3286 2507 πρὸς
3330 2437 3577 2501 ἐκείνους

1897 2531 2037 2601 ὑπὲρ
2067 2531 2183 2592 σοῦ,
2222 2527 2356 2581 ἀλλὰ
2390 2526 2443 2580 τί
2474 2526 2610 2597 πρὸς
2630 2526 2722 2579 τὸν
2743 2524 2875 2577 Θεὸν
2910 2526 3049 2594 ὑπὲρ
3074 2525 3315 2595 ἐμαυτοῦ
3344 2527 3440 2578 καὶ
3468 2524 3578 2578 τῶν

1897 2620 2046 2691 ἐμῶν
2077 2618 2501 2688 ἀπολογήσομαι.
2520 2614 2726 2667 κακῶν.
2758 2614 2905 2684 Πλὴν
2935 2613 3072 2667 ἀλλά
3114 2612 3208 2667 σοῦ
3259 2612 3453 2683 δέομαι
3483 2614 3583 2667 καὶ

1896 2707 2160 2763 ἀντιϐολῶ
2182 2751 2196 2773 ,
2232 2708 2286 2759 εἴ
2310 2725 2363 2760 τι
2404 2724 2487 2759 σοι
2517 2706 2669 2776 μέλει
2697 2704 2805 2757 τῶν
2841 2704 3012 2774 ἐμῶν,
3050 2704 3103 2756 εί
3123 2721 3208 2767 τις
3232 2704 3579 2775 παράκλησις

1896 2800 1954 2849 ἐν
1980 2796 2228 2868 Χριστῷ,
2259 2795 2380 2848 εῖτι
2405 2792 2751 2865 παραμύθιον
2782 2793 3003 2863 ἀγάπης
3028 2832 3042 2852 ,
3067 2793 3121 2845 εί
3142 2809 3267 2845 τινα
3293 2792 3580 2861 σπλάγχνα

1897 2885 1992 2936 καὶ
2019 2882 2290 2954 οἰκτιρμοί
2323 2881 2439 2952 (καὶ
2476 2881 2585 2951 γὰρ
2638 2876 2815 2942 οἶδας,
2847 2880 2928 2931 ὅτι
2972 2896 3037 2948 με
3094 2878 3328 2948 μάλιστα
3357 2879 3578 2931 πάντων

1899 2970 2059 3034 αὐτὸς
2106 2972 2185 3033 εἰς
2231 2969 2420 3023 τοῦτον
2467 2968 2559 3020 τὸν
2592 2967 2835 3021 κίνδυνον
2879 2966 3145 3037 ἤγαγες),
3176 2970 3333 3037 χεῖρα
3365 2966 3575 3035 ὄρεξον,

1899 3060 1993 3113 καὶ
2013 3059 2186 3127 λέγων
2226 3059 2319 3111 καὶ
2349 3056 2605 3128 πράττων
2640 3054 2791 3128 [456]
2832 3054 2901 3108 τὰ
2929 3056 3203 3124 δυνάμενα
3231 3057 3378 3125 ἡμᾶς
3416 3055 3575 3124 ἀνορ-

1899 3148 2025 3201 θοῦν
2045 3163 2056 3174 ⁶
2090 3147 2225 3217 μηδὲ
2252 3147 2462 3217 ἀνάσχῃ
2491 3144 2627 3216 πρὸς
2657 3143 2788 3213 γοῦν
2815 3145 2876 3196 τὸ
2902 3142 3242 3215 βραχύτατον
3261 3144 3409 3213 ἡμᾶς
3442 3141 3580 3195 ἀπο·

1899 3237 2076 3289 λιπεῖν
2097 3278 2111 3302 ,
2165 3235 2301 3288 ἀλλά
2330 3234 2424 3289 νῦν
2484 3233 2683 3303 μᾶλλον
2712 3232 2744 3303 ἢ
2777 3231 3042 3302 πρότερον
3094 3229 3277 3293 κοινάς
3305 3228 3575 3282 ποιεῖσθαι

1898 3325 1996 3387 τάς
2025 3322 2327 3394 διατριϐάς.
2370 3321 2707 3376 ΧΡΥΣΟΣΤ.
2742 3319 2886 3387 Ἐγὼ
2918 3320 2974 3373 δὲ
3021 3319 3339 3389 μειδιάσας,
3381 3317 3488 3371 Καὶ
3524 3315 3578 3369 τί

1902 3412 2296 3485 συμϐαλέσθαι,
2322 3413 2479 3483 ἔφην,
2515 3410 2567 3463 τί
2596 3410 2653 3463 δέ
2690 3428 2749 3463 σε
2777 3410 2967 3479 ὀνῆσαι
2991 3409 3292 3479 δυνήσομαι
3318 3406 3454 3473 πρὸς
3484 3423 3578 3459 το-

1903 3505 2089 3557 σοῦτον
2119 3503 2458 3574 πραγμάτων
2494 3500 2692 3569 ὅγκονς
2740 3500 2886 3568 Πλὴν
2925 3498 3039 3551 ἀλλ’
3071 3496 3256 3566 ἐπειδή
3302 3513 3383 3547 σοι
3419 3494 3580 3548 τοῦτο

1901 3593 2019 3663 ἡδὺ,
2053 3592 2266 3662 θάρρει,
2293 3584 2337 3642 ὦ
2367 3588 2497 3658 φίλη
2527 3585 2736 3657 κεφαλή
2762 3604 2776 3617 ·
2811 3587 2902 3639 τὸν
2926 3587 3030 3656 γὰρ
3052 3585 3243 3655 καιρὸν
3277 3583 3396 3637 καθ’
3420 3584 3479 3635 ὃν
3512 3581 3578 3636 ἂν

1901 3681 1996 3753 ἐξῇ
2021 3699 2103 3735 σοι
2127 3680 2235 3732 τῶν
2261 3678 2468 3732 ἐκεῖθεν
2494 3675 2788 3746 φροντίδων
2811 3676 3094 3737 ἀναπνεῖν,
3125 3672 3219 3725 καὶ
3243 3671 3575 3741 παρέσομαι,

1902 3769 1996 3824 καὶ
2049 3765 2454 3839 παρακαλέσω,
2499 3765 2594 3815 καὶ
2641 3761 2750 3815 τῶν
2786 3762 2865 3825 είς
2914 3760 3141 3829 δύναμιν
3173 3759 3271 3829 τήν
3305 3756 3442 3828 ἐμὴν
3488 3758 3577 3810 ἐλ-

1902 3857 2071 3926 λείψω
2098 3854 2122 3892 ι)
2155 3856 2327 3909 οὐδέν.
2351 3852 2476 3906 Ἐπὶ
2496 3849 2708 3914 τούτοις
2738 3849 2902 3901 πλέον
2923 3849 3127 3911 ἐκεῖνος
3169 3846 3448 3916 δακρύσας
3478 3848 3576 3899 ἀν-

1907 3951 2118 4001 ίσταται
2136 3961 2152 3978 ο
2182 3943 2293 4012 ἐγὼ
2319 3941 2376 3995 δέ
2407 3940 2553 4011 αύτῷ
2580 3936 2917 4010 περιχυθεὶς,
2949 3938 3042 3990 καὶ
3074 3936 3450 4005 καταφιλήσας
3479 3934 3578 4005 τήν

1904 4033 2144 4104 κεφαλὴν
2168 4073 2183 4097 ,
2217 4029 2578 4102 προῦπεμπον
2598 4067 2613 4092 ,
2642 4024 2973 4099 παρακαλῶν
3011 4023 3274 4092 γενναίως
3305 4023 3490 4094 φέρειν
3517 4023 3579 4074 τὸ

1907 4120 2272 4192 συμϐεϐηκός.
2306 4116 2554 4171 Πιστεύω
2581 4116 2719 4188 γὰρ,
2745 4114 2904 4185 ἔφην,
2933 4112 3011 4183 τῷ
3039 4112 3327 4165 καλέσαντί
3360 4128 3417 4163 σε
3446 4110 3581 4179 Χρι-

1909 4210 2019 4281 στῷ
2038 4251 2052 4274 ,
2079 4211 2173 4263 καὶ
2198 4212 2310 4272 τοῖς
2344 4206 2493 4269 ἰδίοις
2524 4205 2881 4274 ἐπιστήσαντι
2912 4201 3236 4271 προϐάτοις,
3262 4201 3343 4252 ὃτι
3377 4198 3579 4251 τοσαύ-

1903 4316 2004 4367 την
2027 4298 2090 4350 ἐκ
2116 4297 2214 4367 τῆς
2243 4294 2517 4357 διακονίας
2546 4290 2749 4361 ταύτης
2780 4290 2957 4361 κτήσῃ
2986 4288 3082 4358 τὴν
3118 4286 3429 4357 παρρησίαν
3449 4326 3462 4347 ,
3505 4285 3581 4347 ὡς

1905 4388 2000 4442 καὶ
2043 4387 2189 4457 ἡμᾶς
2230 4383 2371 4437 κατά
2414 4383 2514 4452 τὴν
2545 4380 2759 4450 ἡμέραν
2807 4377 3022 4448 ἐκείνην
3060 4373 3466 4436 κινδυνεύοντας
3501 4374 3581 4437 εἰς

1904 4475 2004 4546 τὴν
2034 4473 2252 4528 αίώνιόν
2286 4489 2379 4525 σου
2408 4468 2663 4534 δέξασθαι
2691 4467 2916 4535 σκηνήν.

1972 4564 1998 4603 8
2023 4561 2121 4611 Alii
2141 4561 2351 4617 ἑστάναι,
2377 4559 2559 4606 omisso
2574 4569 2687 4603 mox
2714 4554 2851 4610 εἶναι,
2882 4558 2935 4617 et
2954 4552 3023 4601 sic
3047 4547 3198 4617 sayil.

1972 4624 2001 4662 ιι
2023 4606 2128 4674 Χίίί
2144 4606 2371 4684 iugata.
2395 4620 2447 4667 In
2466 4621 2569 4684 ptine
2587 4618 2773 4684 addunt
2792 4606 2989 4684 quidam
3014 4612 3213 4684 codices
3236 4610 3360 4684 lianc
3391 4608 3493 4684 veL
3514 4606 3580 4678 si:

1906 4664 2274 4736 milemuclausu
2282 4664 2571 4744 ἶεὶὶίξῇἀῖαὶξι
2592 4664 2683 4725 καὶ
2718 4664 3086 4744 οἱκςέιρμοῖςιτοῦ
3103 4673 3437 4744 ’φιλανθρώπου
3455 4664 3582 4744 Θεῷ

1907 4732 2066 4859 ipim
2092 4747 2134 4809 ᾧ
2155 4747 2324 4809 πρέπει
2347 4732 2599 4803 δόᾗιξεῑο.
2622 4753 2767 4803 quam
2796 4732 2958 4786 in't'iue
2985 4732 3291 4785 bomiliarum
3314 4732 3490 4795 passim
3512 4732 3583 4779 vi-

1943 4823 2099 4859 emus.

3298 4975 3478 4985 .—_——-

2068 4994 2395 5004 Ν

1658 5128 2057 5193 MONITUM.

211 5314 308 5371 (is.
344 5310 554 5364 nullam
597 5320 763 5378 posse
783 5299 1156 5367 chronologiae
1194 5297 1463 5353 rationem
1508 5294 1655 5350 duci.
1684 5290 1807 5347 Jam

210 5420 355 5461 sane
375 5403 722 5459 ostendimus
744 5401 850 5454 hoc
876 5393 1226 5464 computandi
1285 5404 1454 5462 genus
1519 5398 1807 5459 aggressos

216 5502 372 5553 viros
400 5498 594 5552 doctos
657 5492 972 5563 frequenter
1038 5489 1224 5556 lapsos
1279 5498 1420 5538 esse.
1470 5479 1592 5535 Uno
1643 5478 1809 5533 verbo

216 5589 572 5653 concludam,
596 5596 884 5658 postquam
911 5581 1151 5637 vidimus
1172 5585 1400 5633 matrem
1428 5571 1807 5645 Chrysostomi

218 5686 314 5739 vix
343 5680 828 5753 quadragesimum
859 5676 1151 5746 septimum
1183 5671 1359 5726 aetatis
1393 5682 1596 5723 annum
1622 5680 1807 5721 emen-

114 5802 117 5807 ν
215 5792 344 5834 sam
376 5792 438 5831 se
470 5785 627 5829 aetate
652 5779 998 5842 provectam,
1024 5765 1422 5837 γεγηρακυῖαν,
1459 5769 1513 5816 et
1562 5758 1811 5829 sepulcro

217 5872 538 5945 proximam
577 5869 780 5932 dicere,
812 5874 865 5921 et
893 5866 1070 5935 ipsum
1102 5860 1555 5931 Chrysostomum
1584 5852 1815 5925 quadra-

549 5986 825 6046 ΡΑτιιοι..
867 5982 984 6043 Gn.
1020 5978 1301 6042 XLVIII.

1915 5290 2196 5363 genarium
2223 5303 2281 5344 se
2318 5284 2709 5358 μειρακίσκον,
2739 5278 3017 5350 puerulum
3060 5274 3144 5329 vel
3186 5272 3481 5327 adolescen-

1914 5386 2125 5448 tulum,
2177 5382 2486 5453 appellare,
2544 5379 2611 5433 ab
2666 5372 2976 5445 huiusmodi
3034 5367 3293 5439 temporis
3343 5365 3484 5420 notis

1912 5491 2143 5546 prorsus
2167 5474 2545 5529 abstineamus
2572 5476 2803 5538 Oportet.

1984 5568 2179 5623 Incerti
2200 5564 2484 5635 cujusdam
2523 5556 3021 5629 interpretationem
3053 5560 3137 5608 sat
3174 5556 3485 5606 accuratam

1914 5671 1968 5717 et
1995 5663 2321 5731 elegantem,
2351 5657 2558 5729 aliquot
2611 5663 2793 5711 tamen
2854 5654 2907 5705 in
2955 5648 3091 5704 locis
3145 5643 3487 5701 emendatam

1914 5755 2263 5812 retinuimus.

3104 5945 3173 6006 11
