3864 6244
144 346 240 398 693

162 562 3153 592 .——___._._______.___________________________________

974 348 1224 417 SERMO,
1259 351 1402 408 CUM
1436 351 1842 410 PRESBYTER
1880 356 2042 413 FUIT
2078 356 2470 415 0RDINATUS

3241 357 3351 417 694

885 818 1722 917 CHRYSOSTOMI
1832 828 2353 923 HOMILIA
2446 834 2481 921 ι
2536 813 2603 954 ί,

571 1094 704 1153 Cum
735 1097 999 1167 presbyter
1024 1099 1125 1168 fuit
1151 1100 1450 1165 ordinatus,
1484 1100 1653 1167 desse,
1685 1118 1747 1156 ac
1770 1102 1835 1157 de
1862 1105 2118 1176 episcopo,
2154 1105 2315 1176 deque
2336 1107 2517 1178 populi
2544 1107 2903 1165 multitudine.

181 1586 225 1638 1.
255 1585 388 1639 Num
429 1600 551 1641 vera
591 1594 713 1641 sunt
745 1602 863 1657 quze
914 1587 1067 1643 nobis
1089 1586 1575 1642 acciderunt?num
1599 1601 1683 1637 re.-

116 1678 215 1747 ipsa
253 1687 401 1748 gesta
446 1688 566 1733 sunt
590 1722 603 1741 ,
632 1695 730 1735 nec
759 1680 878 1735 falsi
907 1696 1107 1744 sumus.
1159 1694 1332 1748 neque
1376 1692 1495 1747 qua:
1538 1690 1677 1730 nunc

117 1772 236 1824 iiunt
267 1780 391 1824 sunt
454 1787 556 1825 nox
594 1781 648 1826 et
690 1771 1035 1827 somnia?an
1089 1786 1215 1825 vere
1243 1772 1264 1801 ²
1309 1769 1423 1823 dies
1450 1776 1573 1834 est,
1624 1775 1678 1820 et

113 1863 379 1932 vigilamus
404 1864 629 1918 omnes?
664 1865 730 1919 Et
769 1864 886 1934 quis
916 1863 1097 1918 credat
1138 1862 1275 1931 quod
1305 1863 1354 1916 in
1382 1862 1468 1916 die
1491 1901 1506 1927 ,
1555 1875 1674 1914 cum

115 1952 262 2006 sobrii
286 1962 407 2007 sunt
454 1970 515 2008 ac
540 1954 760 2023 vigilant
790 1955 1033 2008 homines
1060 1994 1075 2019 ,
1122 1953 1433 2007 adolescens
1481 1950 1676 2005 infimae

115 2043 263 2098 sortis
287 2055 340 2098 et
378 2045 610 2114 abjectus
636 2046 700 2099 ad
732 2055 936 2101 tantum
957 2046 1226 2116 dignitatis
1255 2045 1520 2114 fastigium
1552 2043 1676 2097 sub-

113 2148 281 2193 vectus
323 2140 431 2194 sit?
469 2140 600 2194 Nam
646 2151 802 2196 nocte
843 2141 966 2195 talia
1013 2141 1252 2195 accidere
1299 2139 1432 2194 nihil
1476 2139 1544 2192 sit
1590 2138 1675 2191 in-

112 2230 370 2287 credibile.
404 2232 535 2287 Tum
583 2234 723 2289 enim
757 2234 968 2305 quidam
997 2243 1049 2286 et
1097 2248 1321 2302 corpore
1378 2232 1581 2295 mutili,
1622 2240 1677 2286 et

111 2320 231 2376 adeo
254 2331 525 2390 tenues,ut
540 2340 607 2378 ne
634 2325 966 2379 necessarius
990 2323 1205 2393 quidem
1223 2322 1671 2393 suppetatvictus,

111 2418 156 2471 in
171 2420 367 2475 somnis
382 2420 482 2475 sibi
503 2421 751 2475 videntur
766 2420 985 2490 integris
1005 2420 1338 2484 membris,et
1362 2418 1600 2483 formosi,
1621 2426 1675 2472 et

108 2513 256 2581 regali
285 2512 387 2568 frui
416 2529 598 2569 mensa
630 2533 642 2568 :
669 2514 761 2569 sed
789 2530 906 2584 qua:
936 2513 1249 2566 videbantur
1275 2526 1494 2565 somnus
1523 2518 1676 2565 erant

108 2614 153 2656 et
190 2604 569 2658 insomniorum
590 2605 824 2660 ludibria
868 2622 883 2658 :
918 2603 1181 2674 siquidem
1211 2602 1325 2657 haec
1363 2611 1447 2656 est
1487 2609 1673 2654 natura

107 2695 420 2749 somniorum
449 2736 465 2762 ,
495 2696 643 2750 vafra
692 2696 935 2767 quaedam
985 2712 1047 2750 ac
1083 2704 1295 2750 versuta
1326 2709 1413 2749 res
1456 2702 1538 2748 est
1564 2735 1579 2759 ,
1611 2707 1674 2748 ac

105 2785 453 2857 prodigiorum
483 2788 671 2843 artifex
697 2831 712 2854 ,
743 2788 939 2858 gaudet
982 2787 1134 2841 novis
1183 2795 1237 2841 et
1279 2784 1672 2841 incredibilibus

104 2876 387 2932 simulacris
415 2879 657 2932 illudere.
688 2880 758 2932 At
783 2894 910 2932 vero
936 2894 1033 2933 nec
1063 2877 1292 2932 interdiu
1319 2919 1334 2943 ,
1362 2891 1462 2931 nec
1486 2889 1671 2930 revera

104 2969 209 3037 quis
237 2985 484 3039 umquam
506 2971 680 3025 videat
706 2972 807 3026 hoc
824 2972 1083 3026 accidere.
1111 2971 1306 3026 Verum
1327 2970 1501 3024 omnia
1531 2983 1670 3023 nunc

103 3060 455 3128 contigerunt,
514 3063 647 3116 facta
702 3072 854 3128 sunt,
883 3062 1116 3132 perfecta
1144 3071 1299 3127 sunt,
1326 3061 1670 3132 quemadmo-

109 3148 221 3203 dum
241 3151 474 3215 videtis;
506 3152 620 3206 huic
645 3195 659 3217 ,
695 3154 907 3222 inquam
940 3194 956 3220 ,
989 3153 1317 3207 somniorum
1344 3153 1470 3206 visis
1494 3152 1669 3206 incre-

101 3240 329 3296 dibiliora
363 3260 376 3296 :
408 3252 460 3297 et
484 3244 669 3298 civitas
703 3253 858 3298 tanta:
885 3244 1278 3314 magnitudinis,
1301 3253 1407 3298 tam
1434 3242 1675 3312 frequen-

102 3340 216 3394 tata,
233 3336 459 3404 populus
478 3345 531 3391 et
554 3338 749 3392 multus
769 3346 822 3393 et
847 3337 1189 3392 admirandus
1206 3337 1270 3391 ad
1298 3352 1468 3390 meam
1501 3336 1669 3389 inhiat

100 3427 428 3496 exiguitatem
461 3470 477 3493 ,
509 3436 774 3499 tamquam
805 3444 833 3482 a
875 3429 1029 3484 nobis
1052 3444 1298 3499 magnum
1328 3426 1575 3498 quiddam
1605 3441 1669 3480 ac

100 3519 404 3586 prmelarum
449 3520 742 3575 auditurus.
784 3521 943 3590 Atqui
995 3520 1202 3575 etiamsi
1256 3519 1386 3573 mihi
1434 3518 1665 3572 amnium

100 3626 236 3665 more
283 3614 598 3682 perennium
638 3611 925 3682 proﬂueret
970 3614 1138 3667 oratio
1163 3653 1177 3675 ,
1209 3612 1359 3682 sique
1380 3610 1665 3667 verborum

99 3699 263 3755 fontes
307 3711 491 3757 essent
540 3702 594 3756 in
640 3718 734 3758 ore
768 3717 905 3768 meo,
941 3703 1182 3772 protinus
1207 3717 1273 3757 ex
1300 3710 1459 3755 tantm
1486 3700 1665 3755 multi-

100 3790 282 3846 tudinis
305 3792 373 3846 ad
400 3792 718 3847 audiendum
748 3808 1012 3849 concursu
1040 3803 1186 3849 metu
1234 3794 1511 3848 sisteretur
1540 3808 1666 3862 pro-

99 3881 302 3938 fluvium
322 3926 337 3946 ,
379 3892 437 3939 et
464 3893 606 3939 relro
635 3884 829 3940 fluenta
879 3886 1163 3940 resilirent.
1190 3885 1339 3939 Nunc
1369 3899 1495 3939 vero
1546 3900 1667 3938 cum

100 3981 287 4025 tantum
334 3974 570 4028 absimus
599 3990 627 4027 a
673 3975 950 4029 ﬂuminum
997 3991 1059 4030 ac
1108 3976 1331 4029 fontium
1361 3976 1511 4045 copia
1543 4017 1559 4041 ,
1612 3983 1668 4030 ut

101 4079 188 4118 nec
210 4066 415 4135 exigua:
436 4067 682 4137 pluviolae
723 4068 1147 4123 mediocritatem
1173 4068 1510 4124 obtineamus
1529 4110 1544 4135 ,
1577 4070 1667 4139 qui

98 4153 201 4207 fieri
238 4156 441 4223 possit,
475 4167 530 4210 ut
553 4172 637 4211 me
681 4174 787 4212 non
814 4158 1023 4213 deficiat
1058 4167 1163 4212 tam
1208 4160 1427 4229 exiguus
1455 4159 1625 4214 ﬂuxus
1650 4200 1664 4225 ,

99 4254 231 4299 metu
274 4247 576 4312 arefactus,
605 4248 849 4319 idemque
897 4250 1143 4313 eveniat,
1190 4249 1331 4320 quod
1387 4250 1439 4304 in
1475 4266 1665 4320 corpo-

99 4334 235 4388 ribus
282 4337 424 4391 solet
478 4338 770 4393 aceidere?
799 4340 932 4407 Quid
979 4341 1171 4394 accidit
1215 4341 1267 4395 in
1306 4342 1668 4411 corporibus?

97 4423 244 4479 Multa
283 4426 591 4497 frequenter
623 4446 740 4499 qua:
788 4446 945 4484 manu
995 4441 1267 4497 tenemus,
1324 4448 1443 4502 qua:
1490 4433 1667 4503 digitis

98 4518 395 4589 stringimus
414 4562 429 4586 ,
466 4535 576 4589 prie
623 4531 765 4576 metu
788 4522 945 4577 nobis
973 4524 1224 4579 excidunt
1251 4526 1427 4578 omnia
1451 4566 1465 4591 ,
1496 4523 1669 4578 disso-

100 4608 213 4663 lutis
261 4612 441 4666 nervis
488 4612 723 4679 nostris,
772 4615 1123 4683 corporisque
1188 4617 1369 4687 vigore
1418 4616 1664 4671 remisso.

100 4697 271 4754 Itidem
298 4702 430 4755 mihi
460 4702 697 4771 profecto
725 4721 865 4759 nunc
911 4717 1083 4761 metus
1132 4716 1215 4762 est
1234 4748 1248 4770 ,
1282 4722 1349 4762 ne
1376 4708 1512 4763 idem
1540 4723 1667 4763 eve-

98 4792 198 4845 niat
235 4794 287 4847 in
313 4796 494 4849 animo
538 4807 723 4851 nostro
750 4839 765 4865 ,
796 4797 1041 4853 videlicet
1084 4816 1151 4853 ne
1193 4816 1310 4870 quae
1356 4801 1523 4856 multo
1548 4817 1664 4856 cum

98 4882 269 4941 labore
293 4889 740 4958 excogitavimus,
777 4905 1096 4960 quamquam
1137 4900 1191 4945 et
1226 4893 1340 4946 hare
1387 4906 1514 4946 sane
1542 4908 1668 4961 per-

99 4989 244 5042 quam
284 4980 442 5033 exilia
496 4980 751 5051 parvique
822 4983 1122 5047 momenti,
1152 4998 1263 5053 pra:
1324 4999 1522 5053 pavore
1572 5000 1667 5039 ve-

98 5068 235 5124 niant
306 5072 361 5126 in
423 5072 778 5142 oblivionem,
824 5081 880 5130 et
946 5083 1265 5130 evanescant
1333 5075 1667 5146 abeantque,

99 5162 319 5217 animum
348 5174 589 5220 nostrum
631 5167 898 5222 desertum
941 5167 1312 5237 relinquentia.
1342 5168 1672 5239 Quapropter

101 5253 286 5317 pariter
332 5270 552 5320 omnes,
599 5266 707 5311 tum
764 5273 862 5313 vos
914 5259 1003 5328 qui
1058 5274 1180 5313 cum
1223 5259 1445 5328 imperio
1491 5260 1619 5313 estis
1651 5301 1666 5325 ,

103 5353 202 5399 tum
250 5363 346 5403 vos
397 5349 487 5419 qui
541 5351 737 5418 paretis
778 5351 1040 5421 imperio,
1083 5352 1307 5405 obsecro
1350 5369 1363 5404 :
1415 5359 1470 5405 ut
1507 5368 1668 5421 quan-

103 5445 197 5490 tam
257 5440 413 5493 nobis
495 5441 815 5495 anxietatem
891 5441 1148 5509 injecistis
1208 5450 1386 5496 vestro
1457 5440 1524 5495 ad
1580 5456 1673 5495 au-

102 5527 345 5584 diendum
396 5545 659 5586 concursu
686 5573 700 5597 ,
750 5532 1074 5588 tantumdem
1127 5532 1281 5590 nobis
1321 5531 1554 5589 audaciae
1588 5533 1672 5587 in-

79 5672 87 5688 ’
159 5687 174 5715 ¹
208 5687 381 5737 adlata
406 5698 482 5741 est
503 5706 610 5741 cum
634 5694 802 5743 codice
819 5694 946 5743 mlh.
974 5693 1112 5742 1050.

160 5749 179 5777 '
213 5757 307 5798 Vox
329 5788 344 5811 ,
364 5765 485 5815 tere,
511 5756 656 5805 deest
678 5758 725 5805 in
748 5757 917 5805 codice
940 5754 1069 5804 Colb.

1786 1584 1952 1655 Spiret
1978 1604 2190 1658 precum
2218 1601 2513 1649 vestrarum
2543 1595 2809 1667 diligentia
2842 1642 2856 1667 ,
2890 1601 2935 1657 si
2963 1604 3158 1673 rogetis
3188 1606 3354 1674 illum,

1784 1678 1873 1745 qui
1903 1677 1992 1733 dat
2035 1695 2335 1737 sermonem
2366 1687 2849 1756 evangelizantibus
2876 1692 3067 1749 virtute
3088 1697 3273 1763 multa,
3305 1707 3361 1753 ut

1787 1767 1942 1821 nobis
1970 1785 2179 1841 quoque
2204 1773 2294 1827 det
2318 1789 2618 1832 sermonem
2643 1780 2694 1833 in
2731 1783 3005 1849 apertione
3046 1784 3153 1839 oris
3195 1791 3362 1843 nostri

1787 1856 1960 1927 (Psal.
1991 1862 2078 1916 67.
2122 1863 2190 1917 12
2220 1880 2234 1927 ;
2265 1863 2456 1934 Ephes.
2487 1867 2539 1922 6.
2583 1869 2694 1940 19).
2728 1870 2912 1926 Nullus
2943 1876 3161 1931 omnino
3210 1879 3362 1934 vobis

1784 1956 1860 2002 tot
1885 1965 1946 2004 ac
1985 1954 2141 2007 tantis
2169 1955 2295 2009 viris
2336 1958 2483 2010 labor
2502 1959 2605 2013 erit
2646 1960 2799 2017 unius
2828 1964 3183 2022 adolescentis
3239 1971 3356 2024 ani-

1784 2056 1929 2095 mum
1979 2042 2169 2099 timore
2214 2045 2528 2101 dissolutum
2556 2049 2732 2105 denuo
2760 2053 3081 2111 conﬁrmare
3114 2075 3126 2110 :
3155 2060 3279 2128 quin
3309 2072 3364 2114 et

1785 2146 1879 2200 par
1906 2133 2067 2188 fuerit
2093 2176 2107 2199 ,
2136 2145 2192 2190 ut
2222 2138 2364 2207 quod
2397 2155 2534 2195 nunc
2564 2143 2823 2210 petimus,
2852 2148 3115 2214 przestetis
3153 2168 3167 2203 :
3197 2167 3363 2221 quan-

1781 2226 2064 2295 doquidem
2096 2237 2294 2283 tantam
2325 2232 2494 2285 aleam
2532 2234 2827 2290 subivimus
2868 2246 3084 2307 propter
3129 2256 3224 2296 vos
3275 2259 3365 2297 ve-

1782 2328 2051 2389 Stramque
2094 2321 2389 2386 caritatem,
2430 2338 2532 2392 qua
2572 2325 2702 2379 nihil
2741 2327 3021 2383 violentius
3070 2340 3160 2386 aut
3198 2332 3365 2403 impe-

1780 2409 2001 2473 riosius,
2029 2419 2088 2463 ut
2134 2427 2253 2480 quae
2302 2428 2402 2468 nos
2444 2429 2549 2469 non
2584 2416 2866 2471 admodum
2909 2419 3117 2476 dicendi
3162 2427 3365 2494 peritos

1781 2501 1847 2554 ad
1895 2500 2176 2555 dicendum
2206 2505 2500 2572 pertraxit,
2544 2506 2824 2576 effecitque
2876 2518 2934 2563 ut
2991 2512 3055 2566 ad
3106 2514 3366 2573 doctrinae

1779 2590 2007 2645 stadium
2044 2593 2311 2647 exiremus
2336 2634 2350 2658 ,
2408 2594 2532 2648 licet
2558 2598 2784 2651 antehac
2817 2597 2918 2653 hoc
2965 2602 3227 2669 palaestra:
3272 2622 3365 2677 ge-

1780 2699 1880 2740 nus
1926 2700 2208 2754 numquam
2248 2688 2608 2756 attigerimus,
2649 2688 2744 2744 sed
2784 2705 2996 2760 semper
3041 2694 3096 2749 in
3154 2697 3363 2752 audito-

1778 2792 1897 2829 rum
1927 2777 2115 2832 ordine
2170 2778 2353 2847 quieto
2401 2780 2611 2834 silentio
2653 2780 2755 2836 frui
2805 2783 3095 2840 soleamus.
3156 2788 3357 2844 Verum

1778 2866 1899 2935 quis
1948 2868 2016 2920 sit
2059 2868 2191 2921 adeo
2223 2868 2386 2923 durus
2443 2879 2496 2923 et
2524 2871 2908 2939 intractabilis,
2951 2884 3009 2929 ut
3052 2877 3213 2933 istum
3261 2896 3352 2936 ve-

1778 2965 1945 3011 strum
1968 2968 2288 3014 conventum
2316 2961 2528 3015 silentio
2558 2972 2857 3031 prmtereat,
2873 2974 2927 3020 et
2951 2967 3149 3023 amicos
3172 2981 3360 3027 nactus

1776 3049 2023 3105 audiendi
2068 3050 2242 3104 studio
2278 3051 2564 3121 ﬂagrantes
2608 3069 2713 3108 non
2765 3055 3094 3126 alloquatur,
3144 3062 3348 3118 etiamsi

1777 3144 2012 3196 omnium
2067 3142 2339 3198 hominum
2384 3154 2527 3200 esset
2578 3147 2829 3216 loquendi
2881 3150 3357 3221 imperitissimus?

1777 3232 2065 3302 Cupiebam
2120 3235 2363 3304 equidem
2415 3237 2640 3305 primum
2687 3239 2737 3291 in
2792 3240 3026 3295 Ecclesia
3075 3243 3352 3319 dicturus,

1778 3326 2157 3395 prooemiorum
2205 3329 2462 3397 primitias
2488 3330 2561 3382 illi
2590 3329 2766 3385 dicare
2788 3373 2802 3398 ,
2830 3333 2917 3401 qui
2944 3334 3173 3405 linguam
3198 3340 3352 3394 nobis

1777 3419 1914 3475 hanc
1942 3420 2122 3483 dedit,
2155 3421 2402 3475 nimirum
2436 3423 2567 3475 Deo.
2603 3424 2775 3491 Atque
2806 3426 2874 3477 ita
2905 3440 3031 3481 sane
3063 3427 3176 3483 fieri
3202 3445 3366 3500 opor-

1774 3514 1875 3566 tuit
1905 3530 1917 3565 :
1944 3529 2115 3584 neque
2144 3515 2289 3568 enim
2321 3529 2460 3569 areae
2505 3522 2707 3569 tantum
2735 3532 2795 3571 ac
2825 3519 3101 3574 toreularis
3121 3563 3136 3587 ,
3167 3538 3355 3580 verum

1773 3605 1932 3659 etiam
1958 3606 2241 3661 verborum
2282 3607 2541 3675 primitias
2565 3616 2775 3675 oportet
2804 3608 2968 3663 verbo
2998 3613 3302 3680 persolvere
3331 3659 3346 3681 ,

1772 3697 2047 3768 multoque
2076 3698 2243 3769 magis
2273 3699 2553 3753 verborum
2582 3714 2737 3769 quam
2769 3701 3178 3770 manipulorum.
3217 3705 3354 3773 Quin

1772 3790 1932 3844 etiam
1958 3797 2016 3843 ut
2048 3789 2115 3843 ad
2145 3804 2241 3844 nos
2291 3789 2377 3843 hic
2404 3788 2608 3844 fructus
2652 3791 2819 3860 magis
2843 3792 3111 3861 pertinet,
3143 3795 3212 3848 ita
3256 3797 3354 3866 ipsi

1773 3881 1885 3935 Deo
1908 3880 1999 3950 qui
2028 3880 2319 3935 honoratur
2335 3880 2601 3949 acceptior
2622 3889 2721 3934 est.
2750 3881 2969 3935 Botrum
2996 3883 3137 3937 enim
3166 3893 3219 3939 et
3245 3886 3355 3954 spi-

1772 3988 1889 4027 cam
1938 3986 2035 4027 suo
2065 3981 2203 4026 terra
2239 3972 2435 4026 emittit
2475 3971 2710 4041 gremio,
2752 3972 2845 4025 alit
2897 3972 3196 4042 pluviarum
3228 3977 3353 4031 irri-

1773 4065 1914 4135 gatio
1937 4105 1952 4130 ,
1979 4064 2106 4119 colit
2132 4063 2485 4134 agricolarum
2517 4076 2739 4116 manus:
2768 4070 2821 4116 at
2856 4077 3066 4118 sacrum
3093 4064 3350 4136 hymnum

1773 4156 1912 4225 parit
1954 4155 2115 4208 animi
2168 4155 2337 4223 pietas
2362 4196 2376 4220 ,
2409 4153 2502 4207 alit
2540 4153 2676 4207 bona
2717 4154 3074 4221 conscientia,
3123 4155 3262 4210 Deus
3302 4158 3353 4212 in

1773 4246 2001 4301 caelestia
2053 4245 2241 4314 recipit
2283 4246 2474 4299 horrea
2521 4260 2535 4295 :
2578 4257 2740 4311 porro
2778 4253 2976 4311 quanto
3019 4247 3357 4313 prmstantior

1774 4347 1855 4393 est
1891 4338 2099 4390 animus
2135 4344 2273 4390 terra
2301 4377 2315 4398 ,
2352 4343 2499 4389 tanto
2531 4333 2620 4389 hic
2663 4334 2752 4387 illo
2791 4334 2981 4389 melior
3008 4344 3090 4389 est
3124 4350 3354 4405 proven-

1768 4441 1879 4499 tus.
1912 4429 2245 4497 Quapropter
2271 4435 2325 4480 et
2347 4424 2721 4495 prophetarum
2734 4424 2993 4494 quispiam
3029 4425 3110 4478 vir
3130 4442 3353 4497 magnus

1774 4532 1828 4578 et
1867 4522 2224 4585 admirandus,
2256 4534 2451 4581 nomen
2478 4517 2555 4571 illi
2582 4517 2740 4583 Osce,
2766 4532 2859 4571 eos
2884 4518 2971 4586 qui
3000 4518 3165 4572 Deum
3188 4518 3357 4575 offen-

1774 4618 1999 4681 derant,
2043 4616 2404 4684 parabantque
2454 4612 2600 4665 illum
2626 4609 2724 4664 sibi
2768 4611 3050 4679 propitium
3082 4612 3305 4667 reddere
3339 4655 3355 4676 ,

1775 4710 2086 4764 adhortatur
2116 4708 2155 4772 ί,
2188 4715 2245 4760 ut
2274 4705 2446 4759 ferant
2487 4718 2669 4758 secum
2722 4718 2829 4756 non
2868 4711 3106 4757 armenta
3150 4703 3309 4763 boum
3334 4746 3351 4771 ,

1775 4817 1948 4873 neque
1974 4800 2160 4856 similae
2191 4812 2466 4852 mensuras
2492 4803 2569 4849 tot
2599 4804 2689 4849 aut
2719 4803 2833 4860 tot,
2864 4810 3035 4864 neque
3064 4804 3347 4861 turturem,

1775 4908 1947 4963 neque
1988 4890 2284 4947 columbam
2317 4930 2332 4952 ,
2362 4903 2533 4954 neque
2575 4885 2717 4940 aliud
2747 4884 3027 4954 quidquam
3061 4886 3353 4941 istiusmodi

1776 5000 1957 5039 rerum
1990 5000 2003 5035 :
2033 4981 2125 5036 sed
2150 4979 2275 5050 quid
2300 4979 2323 5031 ?
2354 4978 2507 5031 Ferte
2524 4976 2774 5030 vobiscum
2801 4975 2945 5028 verba
2980 4973 3132 5045 (Osee
3161 4976 3247 5029 M.
3276 4974 3353 5046 5),

1781 5076 1968 5146 inquit.
2023 5074 2093 5128 Et
2136 5072 2294 5141 quale
2326 5068 2646 5123 sacriﬁcium
2673 5108 2688 5131 ,
2736 5065 2929 5119 dixerit
2970 5065 3188 5135 aliquis,
3234 5077 3358 5121 sunt

1776 5167 1939 5220 verba
1964 5165 1987 5216 ?
2017 5164 2302 5218 Maximum
2329 5158 2541 5228 quidem
2563 5197 2578 5221 ,
2619 5171 2653 5209 ο
2675 5155 2947 5210 carissime
2971 5194 2986 5219 ,
3016 5170 3079 5210 ac
3120 5156 3355 5225 splendi-

1777 5259 2053 5313 dissimum
2082 5298 2097 5320 ,
2132 5252 2443 5320 caeterisque
2473 5247 2718 5302 omnibus
2755 5247 3109 5316 przestantius.
3152 5246 3217 5300 Et
3240 5248 3358 5316 quis

1780 5349 1879 5403 ista
1922 5346 2095 5401 dicit?
2127 5345 2206 5397 his
2247 5343 2493 5395 nimirum
2538 5338 2625 5405 qui
2660 5337 2773 5390 haec
2819 5336 2992 5389 omnia
3017 5338 3163 5391 novit
3188 5340 3356 5391 maxi-

1780 5456 1865 5495 me
1893 5450 2048 5507 atque
2086 5433 2420 5491 exactissime
2444 5472 2459 5496 ,
2504 5428 2745 5483 videlicet
2778 5428 3141 5495 magnanimus
3182 5429 3267 5483 ille
3295 5445 3358 5486 ac

1780 5546 2003 5604 magnus
2026 5528 2211 5584 David.
2250 5526 2299 5582 ls
2326 5524 2466 5579 enim
2488 5538 2608 5579 cum
2634 5520 2916 5591 aliquando
2938 5520 3048 5577 Deo
3067 5522 3359 5592 gratiarum

1844 5754 1862 5784 ³
1898 5748 2045 5811 mli»,
2082 5746 2364 5799 adhortatur
2386 5744 2549 5795 dicens
2580 5756 2595 5794 :
2622 5748 2758 5793 Ferte
2783 5741 3033 5792 vobiscum.
