3922 6236
456 315 560 369 695

460 439 698 492 actiones
738 433 1037 490 immolaret
1060 445 1155 500 pro
1185 430 1401 483 victoria
1426 443 1584 498 quam
1622 443 1687 481 ex
1718 428 1869 482 hoste
1892 425 2032 481 tule~

458 539 579 594 rat,
613 529 680 582 ita
709 526 875 581 ferme
905 525 1168 593 loquitur:
1202 520 1445 574 Laudabo
1472 535 1652 572 nomen
1682 516 1779 570 Dei
1804 517 1902 571 mei
1921 533 2035 569 cum

458 624 650 676 rmtlico
678 635 697 674 :
722 617 1054 688 magni/icabo
1080 633 1190 670 eum
1230 615 1292 667 in.
1314 614 1463 667 laude
1488 610 1603 684 (Ps.
1635 611 1725 667 68.
1772 611 1884 678 51).
1913 608 2034 662 Mox

457 713 612 782 hujus
641 710 882 766 sacrificii
907 709 1261 780 praestantiam
1293 705 1448 760 nobis
1482 704 1759 771 aperiens,
1783 699 2029 770 subjecit,

455 806 520 859 Et
553 804 766 876 placebit
798 801 902 856 Deo
931 817 1088 870 supra
1116 798 1322 852 vitulum
1363 796 1613 851 novellum
1639 836 1652 855 ,
1680 809 1869 847 cornua
1913 807 2032 861 pro-

454 899 718 952 ducentem
747 903 794 949 et
834 893 1052 964 tragulas
1078 889 1180 962 (Ib.
1227 905 1275 942 υ.
1303 887 1417 954 52).
1458 885 1747 954 Cupiebam
1790 883 1946 952 igitur
1977 889 2033 935 et

452 991 564 1058 ipse
609 988 768 1041 hodie
797 985 893 1038 has
915 992 1146 1037 mactare
1177 981 1412 1033 victimas
1431 1020 1444 1041 ,
1492 987 1545 1030 et
1574 977 1738 1031 altare
1758 973 2032 1043 spirituale

451 1081 599 1135 hisce
624 1085 902 1133 cruentare
945 1073 1134 1128 hostiis
1155 1113 1167 1134 ,
1196 1072 1290 1128 sed
1323 1070 1448 1141 quid
1504 1067 1733 1123 faciam?
1763 1066 1856 1120 Vir
1909 1065 2028 1133 qui-

449 1173 572 1227 dam
600 1171 817 1240 sapiens
833 1167 1043 1222 obturat
1065 1164 1191 1218 mihi
1210 1179 1292 1229 os,
1311 1163 1646 1229 deterretque
1665 1160 1850 1213 dicens
1873 1175 1884 1209 :
1909 1154 2030 1209 Non

448 1273 519 1318 est
555 1261 780 1330 speciosa
801 1260 912 1312 laus
939 1259 991 1310 in
1020 1272 1106 1310 ore
1129 1254 1401 1324 peccatoris
1423 1252 1609 1324 (Eccli.
1638 1249 2028 1321 l5.9).Quem-

449 1354 736 1408 admodum
781 1351 921 1404 enim
976 1348 1028 1401 in
1076 1345 1287 1401 coronis
1317 1360 1421 1398 non
1461 1353 1542 1398 sat
1579 1352 1660 1396 est
1700 1341 1859 1396 ﬂores
1911 1355 2029 1394 esse

449 1459 644 1516 puros,
688 1444 788 1496 nisi
818 1456 944 1511 pura
974 1439 1044 1493 sit
1077 1446 1131 1493 et
1162 1450 1351 1491 manus
1391 1450 1486 1490 eas
1527 1442 1849 1488 contexens:
1873 1433 1950 1486 sic
1975 1440 2029 1487 et

449 1539 500 1591 in
523 1534 691 1590 sacris
734 1533 946 1604 hymnis
971 1535 1181 1601 oportet
1211 1543 1314 1582 non
1346 1526 1502 1580 verba
1527 1534 1728 1578 tantum
1759 1539 1880 1579 esse
1905 1524 1987 1593 pia
2007 1564 2023 1589 ,

451 1626 802 1682 verumetiam
826 1625 1060 1676 anitnum
1083 1619 1311 1693 hymnos
1331 1617 1799 1672 concinentem.At
1826 1614 1870 1668 is
1896 1615 2024 1669 mihi

447 1721 686 1790 impurus
729 1727 812 1772 est
835 1758 849 1783 ,
877 1716 1084 1769 ﬁducia:
1112 1729 1309 1768 vacuus
1342 1753 1354 1777 ,
1392 1720 1575 1781 utp0te
1601 1710 1886 1764 multorum
1915 1708 2028 1780 ple-

444 1829 545 1868 nus
590 1812 871 1866 scelerum.
902 1809 1071 1863 Porro
1113 1807 1190 1862 sic
1228 1804 1432 1860 aﬂ'ectis
1463 1821 1566 1857 non
1598 1803 1712 1857 hzec
1738 1803 1896 1856 modo
1941 1803 2025 1856 lex

443 1904 655 1958 obturat
685 1917 746 1956 os
768 1943 782 1967 ,
815 1899 1161 1954 verumetiam
1187 1898 1286 1952 alia
1327 1895 1571 1965 quaedam
1609 1895 1696 1948 illa
1725 1893 1986 1948 vetustior
2007 1932 2022 1956 ,

442 2009 495 2052 et
524 2005 648 2049 ante
686 1995 827 2048 illam
877 1994 983 2047 lata
1008 2035 1022 2058 ,
1048 2006 1207 2062 quam
1253 1999 1307 2044 ct
1361 1991 1532 2059 ipsam
1581 1986 1778 2056 adjecit
1821 1985 1901 2050 is,
1935 1983 2026 2054 qui

443 2090 601 2145 modo
633 2088 787 2143 nobis
827 2087 893 2142 de
941 2083 1221 2141 sacrificiis
1250 2083 1500 2152 loquutus
1547 2088 1631 2136 est
1665 2078 1849 2133 David.
1892 2076 2026 2132 Cum

440 2184 582 2238 enim
630 2182 703 2236 ait
724 2199 736 2234 :
761 2179 992 2234 Laudate
1016 2177 1285 2232 Dominum
1308 2176 1370 2230 de
1395 2175 1532 2228 caelis
1555 2215 1569 2238 ,
1600 2172 1803 2230 laudate
1829 2189 1944 2226 eum
1971 2171 2025 2224 in

439 2275 648 2328 excelsis
676 2272 846 2340 (Psal.
879 2271 1002 2327 H8.
1033 2269 1086 2341 l)
1114 2287 1126 2323 :
1156 2277 1211 2324 et
1255 2269 1413 2338 paulo
1437 2275 1557 2336 post
1586 2281 1768 2320 rursus
1789 2265 1975 2322 dicens
2007 2282 2020 2317 :

442 2365 670 2419 Laudate
701 2363 971 2416 Dominum
1015 2363 1078 2416 de
1131 2370 1263 2419 terra
1291 2376 1311 2414 :
1352 2375 1473 2416 cum
1514 2366 1794 2428 utramque
1839 2358 2024 2412 invitat

440 2465 769 2520 creaturam,
803 2462 855 2506 et
884 2469 1000 2521 qua:
1031 2467 1238 2505 sursum
1269 2459 1372 2516 est,
1401 2459 1596 2520 etquae
1625 2448 1852 2514 inferne,
1899 2463 2022 2503 scn-

439 2548 647 2602 sibilem
670 2554 828 2614 atque
853 2543 1238 2612 iutclligibilem
1257 2584 1272 2608 ,
1304 2542 1646 2611 conspicuam
1674 2549 1728 2596 et
1757 2540 2025 2609 inconspi-

439 2653 612 2702 cuam,
659 2653 775 2706 qua:
804 2651 965 2705 supra
1005 2634 1166 2689 cados
1192 2641 1276 2688 est
1301 2640 1358 2690 et
1399 2648 1518 2703 qua:
1546 2632 1648 2686 sub
1675 2632 1808 2686 caelo
1830 2671 1846 2694 ,
1878 2640 1932 2685 et
1957 2646 2020 2686 ex

440 2741 661 2799 utraque
702 2728 925 2782 chorum
968 2726 1244 2782 constituit
1298 2741 1499 2791 unum;
1540 2733 1700 2794 atque
1750 2724 1822 2777 ila
1869 2721 2024 2792 jubet

439 2821 649 2891 hymnis
696 2820 968 2875 celebrare
1018 2832 1199 2890 regem
1249 2817 1654 2882 universorum,
1687 2829 2020 2885 nequaquam

437 2912 681 2968 invitavit
714 2919 1050 2982 peccatorem
1071 2951 1087 2974 ,
1135 2907 1232 2963 sed
1277 2916 1332 2962 et
1367 2907 1455 2962 hic
1484 2907 1561 2961 illi
1592 2906 1732 2961 fores
1774 2906 2018 2962 occlusit.

505 3005 560 3058 2.
594 3002 842 3057 Pcccator
885 3001 953 3054 ad
982 2999 1296 3056 laudandum
1334 2999 1500 3054 Deum
1525 3015 1626 3052 non
1671 3006 1920 3052 evocatur.
1951 3026 2022 3037 —

435 3096 722 3160 Cat-terum,
758 3105 815 3149 ut
838 3078 1007 3148 'vohis
1037 3093 1174 3163 quod
1214 3091 1335 3148 dico
1367 3095 1456 3146 liat
1501 3091 1819 3155 evidentius,
1847 3090 2020 3161 ipsum

437 3188 698 3256 psalmum
756 3187 824 3240 ab
873 3185 1022 3240 initio
1050 3184 1198 3237 vobis
1242 3183 1612 3254 praelegemus.
1646 3181 1877 3236 Laudate
1915 3180 2024 3236 Do-

437 3283 628 3334 ntiuum
674 3279 736 3333 de
786 3279 952 3343 cwlis,
1000 3277 1205 3332 laudate
1269 3292 1380 3328 eum
1436 3277 1490 3328 in
1530 3275 1771 3340 excelsis;
1817 3275 2024 3330 laudate

437 3387 552 3424 eum
601 3385 772 3424 omnes
812 3368 977 3438 angeli
1013 3368 1162 3437 ejus;
1190 3366 1393 3420 laudate
1428 3383 1540 3420 eum
1584 3382 1754 3420 omnes
1803 3364 2024 3422 Virtutes

437 3464 567 3533 ejus.
614 3460 770 3516 Vides
819 3458 1385 3529 augeloslaudantes?
1432 3458 1582 3516 vides
1634 3458 2022 3528 archangelos?

434 3555 586 3610 vides
622 3553 906 3612 Cherubim
932 3561 986 3608 et
1013 3550 1290 3620 Seraphim
1313 3592 1327 3615 ,
1354 3565 1588 3606 summas
1616 3549 1732 3606 illas
1761 3550 2023 3605 virtutes?

435 3647 564 3702 Cum
595 3647 738 3702 enim
767 3648 860 3708 ait,
893 3645 1078 3699 Omnes
1117 3643 1332 3700 Virtutes
1361 3645 1490 3717 ejus,
1523 3643 1827 3702 universum
1854 3659 2023 3714 p0pu-

435 3739 541 3793 lnm
569 3740 835 3794 cwlcstem
887 3737 1278 3806 complectitur.
1307 3735 1565 3791 Numcubi
1598 3737 1746 3792 vides
1780 3746 2024 3804 peccato-

433 3831 592 3886 rem?
641 3832 708 3886 Et
735 3831 1004 3904 quomodo
1031 3873 1046 3897 ,
1079 3831 1272 3885 dixerit
1325 3831 1550 3900 aliquis,
1584 3831 1634 3886 iu
1661 3830 1794 3885 ca'lo
1841 3831 2024 3886 videre

436 3925 693 3994 possum?
717 3925 856 4000 Ergo
885 3939 981 4000 age
1009 3924 1060 3977 in
1093 3931 1287 3978 terram
1318 3922 1706 3978 descendamus
1733 3963 1748 3987 ,
1775 3923 1842 3978 ad
1886 3924 2022 3979 alte-

433 4032 547 4071 ram
573 4016 721 4072 cbori
752 4024 958 4085 partem
994 4022 1329 4070 transeuntes
1349 4055 1364 4076 ,
1394 4029 1494 4069 nec
1536 4013 1622 4070 hic
1653 4029 1837 4069 rursus
1866 4015 2021 4070 vide-

435 4107 515 4161 bis
558 4116 912 4176 peccatorem.
958 4103 1188 4158 Laudate
1217 4103 1492 4158 Dominum
1521 4106 1583 4158 de
1611 4115 1744 4158 terra
1781 4105 2024 4161 dracones

435 4206 481 4250 et
530 4212 700 4250 omnes
734 4197 939 4266 abyssi,
973 4195 1140 4249 bestiae
1191 4205 1238 4248 et
1278 4198 1444 4248 omnia
1474 4213 1688 4264 pecora,
1720 4199 1921 4266 reptilia
1977 4209 2023 4252 et

429 4288 660 4366 polucres
690 4297 920 4355 pennata:
946 4285 1066 4354 (Ps.
1099 4287 1220 4341 148.
1276 4288 1387 4359 10).
1424 4288 1573 4342 Haud
1630 4290 1821 4343 frustra
1852 4305 2023 4359 neque

438 4389 636 4432 temere
661 4420 676 4443 ,
709 4381 833 4431 dum
869 4381 980 4432 lucc
1010 4379 1200 4448 loquor
1222 4420 1236 4444 ,
1270 4381 1531 4435 intersilui
1563 4381 1718 4452 :quia
1748 4392 1802 4437 et
1831 4383 2023 4438 mentis

435 4472 683 4542 cogitatio
723 4480 866 4526 metu
906 4469 1130 4526 confusa
1159 4482 1272 4535 est,
1303 4472 1371 4527 ad
1396 4488 1606 4528 amaras
1649 4489 1817 4545 usque
1847 4475 2021 4546 lacry-

437 4577 550 4616 mas
575 4576 900 4633 gravemque
927 4561 1180 4629 cjulatum
1210 4561 1321 4618 fere
1363 4564 1637 4633 perducta.
1666 4565 1801 4633 Quid
1856 4567 2019 4632 enim,

433 4655 660 4710 obsecro
686 4696 701 4717 ,
752 4655 920 4724 possit
949 4669 1068 4709 esse
1095 4655 1454 4710 miserabilius
1478 4657 1502 4711 ?
1530 4657 1768 4728 Scorpii,
1802 4674 2022 4730 serpen-

433 4757 512 4800 tes
550 4761 614 4800 ac
637 4746 899 4800 dracones
931 4748 1216 4801 invitantur
1245 4749 1310 4803 ad
1343 4749 1660 4806 laudandum
1690 4769 1811 4808 eum
1843 4770 1872 4808 a
1917 4771 2022 4825 quo

433 4838 632 4894 Conditi
679 4849 802 4893 sunt
832 4859 843 4892 :
871 4839 1017 4894 solus
1066 4849 1316 4910 peccator
1361 4843 1429 4897 ab
1465 4844 1562 4899 hac
1625 4860 1774 4902 sacra
1823 4849 2021 4904 chorea

434 4938 714 4987 submotus
754 4942 833 4986 est
858 4975 872 4997 ,
918 4933 1075 5001 idque
1118 4935 1236 5002 jure
1267 4935 1487 5003 optimo.

509 5024 778 5088 Peccatum
807 5025 941 5080 mala
973 5027 1145 5080 bestia.
1169 5058 1234 5066 ——
1258 5028 1390 5082 Mala
1432 5039 1483 5083 et
1523 5030 1682 5084 effera
1726 5029 1893 5085 bestia
1942 5046 2024 5084 est

443 5128 744 5185 peccatum,
778 5135 881 5170 non
913 5119 1123 5187 quidem
1167 5120 1218 5173 in
1247 5135 1501 5175 conserva
1551 5137 1774 5192 corpora
1827 5123 2024 5177 malum

442 5209 737 5278 proferens,
786 5211 882 5268 sed
925 5212 978 5266 in
1020 5213 1188 5283 ipsam
1226 5214 1437 5269 Domini
1480 5217 1701 5287 gloriam
1746 5215 2026 5274 elluudens

444 5301 968 5374 malitiam:Pr0pter
987 5322 1093 5370 vos,
1125 5307 1327 5376 inquit,
1376 5324 1554 5362 nomen
1599 5325 1764 5362 meum
1791 5309 2026 5380 blasphe-

445 5400 622 5442 matur
654 5391 709 5445 in
733 5393 970 5462 gentibus
1002 5392 1158 5463 (lsai.
1197 5395 1287 5450 52.
1321 5395 1390 5462 5;
1423 5395 1576 5450 Rom.
1607 5399 1660 5451 2.
1690 5399 1802 5467 21).
1838 5400 2026 5470 quue

445 5489 792 5550 peccatorem
823 5491 1103 5556 tamquam
1133 5502 1164 5541 e
1193 5501 1352 5542 sacra
1379 5489 1556 5557 patria
1591 5491 1768 5562 abegit
1787 5509 1852 5548 ex
1891 5496 2024 5549 orbe

445 5591 711 5629 terrarum
744 5579 1032 5648 prepheta,
1070 5590 1127 5634 et
1156 5580 1416 5636 exsulare
1455 5583 1634 5655 coegit
1672 5603 1687 5638 :
1739 5594 1902 5655 atque
1935 5587 2016 5641 uti

446 5671 677 5723 musicus
705 5672 937 5739 optimus
972 5685 1004 5723 e
1041 5669 1242 5724 cithara
1296 5671 1429 5724 bene
1474 5673 1739 5728 modulata
1769 5674 2022 5730 chordam

444 5759 711 5815 dissonam
754 5769 994 5828 resecat,
1041 5776 1108 5815 ne
1148 5761 1469 5832 reliquarum
1515 5779 1701 5820 vocum
1747 5765 2018 5825 harmonia

1178 313 1232 368 S.
1273 307 1550 367 JOANNIS
1586 305 2055 364 CIIRYSOSTOHI
2093 309 2412 367 ABCHIEP.
2452 310 2986 368 CONSTANTINOP.

3615 320 3725 377 696

2143 423 2394 492 vitietur;
2435 434 2490 481 et
2519 427 2717 496 peritus
2739 428 2870 484 artis
2897 426 3136 484 medicus
3163 429 3458 485 membrum
3487 434 3729 504 putrefa-

2139 525 2282 572 ctum
2307 527 2580 588 amputat,
2626 533 2694 573 ne
2731 519 2848 576 haec
2877 520 2988 576 lues
3017 521 3082 576 ad
3107 532 3297 578 cetera
3328 526 3564 579 membra
3593 537 3758 582 sana'

2139 611 2704 670 transiliat:eumdem
2751 613 2816 667 ad
2861 613 3076 667 modum
3109 615 3362 684 pmpbeta
3393 615 3550 676 fecit.
3595 618 3726 673 dum

2137 701 2298 756 veluti
2327 703 2583 757 chordam
2608 703 2877 758 dissonam
2904 719 2967 759 ac
2994 704 3153 760 veluti
3185 707 3486 761 membrum
3517 723 3724 778 aegrum

2135 795 2204 849 ab
2245 795 2491 852 universo
2537 805 2794 852 creatura:
2831 811 3055 865 corpore
3103 806 3434 867 peccatorem
3487 812 3721 856 resecat.

2136 887 2271 955 Quid
2311 887 2467 959 igitur
2491 889 2644 944 nobis
2673 887 2969 944 faciendum
2997 889 3116 943 est?
3155 888 3502 960 Posteaquam
3532 893 3722 960 rejecti
3758 891 3764 913 τ

2135 993 2318 1033 sumus
2337 1021 2352 1044 ,
2385 989 2729 1049 posteaquam
2759 981 2949 1036 resecti
2979 995 3196 1048 sumus,
3225 982 3442 1037 omnino
3467 983 3724 1041 sileamus

2134 1079 2347 1140 oportet
2375 1090 2388 1124 :
2415 1071 2502 1128 die
2531 1073 2711 1143 igitur,
2741 1073 2996 1138 obsecro,
3028 1089 3154 1130 num
3185 1074 3517 1130 taeebimus?
3545 1092 3723 1148 neque

2134 1161 2393 1231 quispiam
2421 1163 2574 1218 nobis
2600 1163 2870 1233 permittet
2895 1163 3105 1236 hymnis
3130 1163 3405 1221 celebrare
3433 1166 3723 1222 Dominum

2134 1253 2412 1308 nostrum?
2434 1270 2630 1325 ergone
2647 1255 2838 1310 frustra
2858 1265 3064 1310 vestras
3082 1270 3264 1326 preces
3285 1256 3722 1326 imploravimus;

2131 1343 2327 1398 frustra
2371 1346 2437 1400 ad
2492 1356 2666 1401 vestra
2717 1346 3052 1419 confugimus
3102 1347 3430 1417 patrocinia?
3469 1348 3622 1403 Absit
3663 1361 3725 1404 nt

2131 1436 2326 1492 frustra
2353 1456 2367 1492 :
2392 1438 2564 1508 reperi
2591 1439 2769 1503 enim,
2800 1438 2975 1508 reperi
3017 1446 3072 1493 et
3118 1438 3341 1494 alterum
3387 1438 3723 1509 gloriﬁcandi

2135 1528 2375 1592 modum,
2407 1532 2598 1583 vestris
2625 1529 2676 1582 in
2703 1529 2803 1584 hac
2829 1528 3162 1584 haesitatione
3191 1529 3455 1600 precibus,
3486 1544 3584 1584 ceu
3611 1530 3722 1585 ful-

2129 1619 2347 1687 guribus
2377 1619 2428 1672 in
2455 1618 2680 1688 caligine
2707 1618 3082 1690 apparentibus
3099 1633 3414 1674 :conservos
3438 1619 3667 1676 laudabo
3698 1620 3719 1652 ι

2126 1709 2232 1763 Fas
2278 1709 2420 1764 enim
2470 1718 2553 1764 est
2603 1719 2659 1765 et
2705 1725 2991 1764 conservos
3037 1717 3249 1764 nostros
3293 1709 3540 1778 laudare,
3590 1711 3719 1781 qui-

2131 1799 2228 1853 bus
2258 1800 2486 1855 laudatis
2518 1800 2657 1856 haud
2685 1800 2899 1855 dubium
2928 1809 3036 1864 est,
3069 1800 3195 1870 quin
3227 1815 3288 1854 ea
3310 1799 3478 1871 gloria
3506 1801 3572 1855 ad
3605 1801 3718 1856 Do-

2129 1891 2330 1945 minum
2360 1901 2592 1947 transeat
2619 1892 2857 1947 omnino.
2889 1891 3037 1958 Quod
3081 1901 3258 1946 autem
3286 1891 3408 1946 hinc
3433 1891 3706 1962 glorifice-

2130 1990 2235 2048 tur,
2268 1983 2423 2038 docet
2452 1983 2561 2053 ipse
2589 1982 2827 2037 Christus
2868 1983 3051 2036 dicens
3083 2001 3096 2034 :
3132 1981 3317 2036 aneat
3343 1985 3364 2014 ¹
3421 1988 3511 2037 tua:
3547 1997 3717 2038 uestro

2126 2088 2299 2125 coram
2344 2074 2656 2138 hominibus,
2702 2085 2757 2127 ut
2801 2075 3001 2127 videant
3052 2090 3204 2144 opera
3243 2087 3404 2127 uestra
3446 2074 3613 2141 bona,
3666 2088 3718 2129 et

2127 2164 2406 2234 gloriﬁcent
2435 2161 2642 2217 Patrem
2667 2175 2883 2218 uestrum
2910 2165 2995 2234 qui
3032 2165 3084 2217 in
3132 2165 3267 2218 caelis
3297 2175 3366 2218 est
3403 2165 3626 2238 (Matth.
3656 2167 3712 2219 5'.

2129 2254 2241 2325 16).
2266 2256 2343 2312 En
2365 2256 2500 2310 alter
2529 2257 2854 2327 glorilicandi
2878 2257 3066 2311 modus
3086 2299 3100 2322 ,
3133 2273 3238 2327 quo
3262 2267 3315 2312 et
3341 2261 3605 2326 peccaturi
3635 2262 3718 2312 fus

2127 2359 2210 2404 est
2251 2349 2361 2412 uti,
2403 2359 2462 2403 ut
2491 2350 2658 2417 legem
2693 2361 2865 2404 tamen
2899 2365 3003 2404 non
3033 2351 3212 2406 violet.

2197 2440 2250 2493 5.
2296 2438 2601 2494 Flavianum
2647 2439 2954 2510 EpiscOpum
2999 2440 3470 2506 laudat.—Quem
3519 2441 3714 2511 igitur.

2125 2545 2325 2600 quem,
2385 2531 2597 2600 inquam
2626 2571 2640 2594 ,
2700 2546 3077 2586 conservorum
3123 2531 3487 2586 laudabimus?
3542 2533 3717 2596 Quem

2124 2620 2286 2675 alium
2307 2662 2322 2692 ,
2376 2635 2534 2690 quam
2580 2621 2726 2674 illum
2767 2636 3102 2675 communem
3135 2621 3290 2691 hujus
3317 2623 3498 2690 patria:
3525 2623 3718 2677 docto-

2124 2726 2238 2766 rem
2257 2751 2272 2778 ,
2305 2719 2359 2766 et
2387 2726 2484 2782 per
2507 2711 2730 2782 patriam
2758 2712 2992 2766 universi
3021 2711 3168 2767 orbis
3192 2713 3492 2766 terrarum?
3516 2712 3716 2780 Quem-

2124 2803 2410 2859 admodum
2449 2805 2591 2860 enim
2637 2818 2734 2859 vos
2763 2803 2852 2859 ille
2895 2804 3076 2859 docuit
3114 2814 3170 2858 ut
3199 2819 3366 2874 usque
3391 2805 3455 2858 ad
3484 2814 3718 2858 mortem

2124 2911 2221 2966 pro
2259 2897 2482 2952 veritate
2514 2897 2727 2954 staretis
2753 2915 2766 2952 :
2793 2899 2860 2950 ita
2886 2905 2942 2951 et
2968 2911 3065 2951 vos
3091 2896 3224 2951 alios
3249 2896 3492 2952 homines
3521 2897 3716 2952 docui-

2124 2991 2252 3056 stis,
2281 3004 2311 3044 a
2339 2990 2444 3044 vita
2480 2989 2637 3045 citius
2674 3005 2834 3060 quam
2877 3005 2906 3042 a
2950 2990 3146 3059 pietate
3189 2989 3540 3045 recedendum
3566 3005 3714 3044 esse.

2124 3079 2300 3135 Vultis
2342 3070 2503 3151 igitur
2533 3081 2607 3135 illi
2641 3082 2861 3151 posthac
2895 3080 3106 3135 laudum
3134 3096 3358 3135 coronas
3386 3081 3720 3151 plectamus?

2125 3171 2382 3227 Volebam
2407 3172 2652 3242 equidem
2683 3181 2736 3227 et
2775 3173 2888 3242 ipse
2907 3214 2922 3238 ,
2955 3172 3049 3227 sed
3080 3171 3236 3227 video
3267 3183 3411 3228 recte
3450 3173 3717 3227 laetorum

2126 3266 2349 3337 pelagus
2390 3266 2664 3320 immensae
2697 3266 3098 3335 profunditatis,
3131 3282 3422 3336 vereorque
3444 3283 3509 3319 ne
3535 3281 3722 3320 sermo

2125 3365 2308 3412 noster
2326 3357 2394 3412 ad
2418 3356 2638 3411 fundum
2666 3357 2895 3425 delatus,
2911 3373 3021 3427 prae
3043 3358 3402 3413 imbecillitate
3423 3373 3524 3411 non
3543 3359 3720 3428 possit

2127 3448 2178 3502 in
2225 3447 2388 3502 altum
2436 3463 2734 3504 recurrere.
2785 3447 3007 3518 Oportet
3046 3449 3188 3503 enim
3237 3457 3442 3503 vetusta
3491 3464 3718 3504 narrare

2126 3541 2396 3605 facinora,
2439 3542 2926 3612 peregrinationes,
2969 3542 3195 3611 vigilias,
3247 3556 3434 3605 curas,
3475 3540 3717 3610 judicia,

2124 3649 2349 3705 pugnas,
2382 3645 2580 3704 tropaea
2606 3636 2840 3702 tropzeis,
2871 3634 3120 3689 victorias
3140 3634 3374 3688 victoriis
3393 3635 3717 3699 cumulatas,

2125 3741 2213 3779 res
2240 3735 2418 3796 gestas
2447 3741 2553 3779 non
2591 3737 2828 3780 nostram
2857 3726 3016 3780 modo
3035 3767 3050 3791 ,
3083 3725 3175 3782 sed
3202 3735 3254 3780 et
3281 3741 3492 3781 omnem
3526 3727 3721 3781 huma-

2127 3833 2249 3871 nam
2297 3818 2529 3888 linguam
2572 3828 2902 3886 superantes,
2949 3834 3172 3888 quaaquc
3214 3834 3396 3872 vocem
3440 3820 3722 3887 requirunt

2126 3910 2422 3979 apostolico
2448 3910 2636 3979 spiritu
2664 3911 2981 3965 concitatam
3003 3951 3018 3975 ,
3069 3911 3157 3980 qui
3189 3919 3362 3980 potest
3387 3911 3561 3964 omnia
3601 3921 3720 3966 tum

2125 4001 2321 4071 eloqui,
2343 4010 2455 4055 tum
2475 4001 2670 4056 docere
2692 4020 2703 4055 :
2725 4001 2819 4055 sed
2845 4003 2979 4055 hanc
2995 4011 3198 4070 partem
3223 4011 3718 4070 przetercurrenles,

2129 4095 2195 4148 ad
2226 4094 2448 4149 alteram
2493 4110 2612 4164 quae
2665 4095 2840 4148 minus
2885 4093 3044 4148 habet
3094 4095 3312 4164 periculi
3363 4094 3720 4158 accedemus,

2129 4201 2285 4256 quam
2319 4187 2401 4241 vel
2427 4188 2616 4258 exigua
2643 4187 2838 4254 scapha
2868 4187 2993 4240 licet
3019 4187 3320 4256 enavigare.

2198 4275 2479 4330 Flavianus
2503 4277 2554 4329 in
2585 4277 2734 4334 domo
2755 4287 3047 4348 sumptuosa
3064 4279 3322 4332 educatus.
3345 4309 3412 4318 ——
3434 4281 3540 4350 Age
3557 4279 3726 4349 igitur

2125 4370 2192 4425 de
2236 4372 2586 4439 temperantia
2625 4371 2806 4424 dicere
2837 4372 3191 4435 tentabimus,
3235 4374 3506 4442 quomodo
3545 4377 3724 4430 ventri

2130 4464 2427 4533 imperarit,
2457 4464 2726 4534 quomodo
2754 4463 2974 4520 delicias
2999 4466 3383 4533 contempserit
3401 4507 3416 4530 ,
3449 4466 3726 4537 quomodo

2127 4569 2367 4608 mensam
2399 4564 2762 4624 sumptuosam
2790 4555 3070 4622 deriscrit,
3105 4555 3261 4625 idque
3305 4571 3426 4611 cum
3469 4557 3520 4610 in
3555 4557 3726 4612 domo

2126 4656 2436 4718 sumptuosa
2457 4657 2600 4701 esset
2626 4648 2899 4701 educatus.
2924 4648 3054 4701 Nam
3093 4649 3284 4704 mirum
3314 4665 3418 4702 non
3447 4658 3526 4702 est
3547 4692 3559 4714 ,
3592 4665 3722 4703 eum

2126 4741 2213 4809 qui
2237 4741 2288 4794 in
2311 4749 2617 4810 paupertate
2638 4740 2787 4804 vixit,
2807 4739 2870 4792 ad
2895 4739 3031 4793 hanc
3047 4740 3339 4807 squalidam
3370 4755 3727 4811 aSperamque

2127 4833 2308 4885 venire
2330 4832 2510 4896 vitam,
2537 4829 2964 4900 quandoquidem
2990 4830 3034 4884 is
3057 4829 3216 4884 habet
3238 4831 3405 4900 ipsam
3435 4843 3728 4902 pauperta-

2130 4929 2233 4974 tem
2258 4922 2703 4990 peregrinatiouis
2730 4935 2792 4975 ac
2818 4921 2913 4974 vite
2930 4923 3202 4984 comitem,
3225 4936 3344 4990 qua:
3366 4921 3438 4975 illi
3457 4923 3725 4976 sarcinam

2131 5013 2182 5064 in
2212 5011 2328 5066 dies
2353 5011 2525 5064 reddit
2563 5011 2841 5064 leviorem.
2881 5012 3060 5080 Atqui
3091 5011 3188 5064 fuit
3211 5011 3511 5066 divitiarum
3546 5011 3728 5066 domi-

2129 5119 2230 5156 nus
2252 5145 2264 5164 ,
2307 5102 2446 5156 haud
2488 5102 2642 5156 facile
2671 5119 2793 5156 sese
2819 5103 2885 5158 ab
2913 5104 3122 5156 illarum
3148 5103 3377 5172 explicet
3402 5105 3689 5173 complexu
3715 5125 3726 5159 :

2130 5203 2334 5248 tantum
2363 5195 2709 5265 cupiditatum
2735 5210 2958 5248 examen
2980 5194 3211 5248 animam
3235 5195 3377 5248 illam
3401 5196 3729 5250 circumval-

2131 5287 2287 5340 lavit:
2309 5296 2414 5340 tam
2439 5287 2616 5356 gravis
2641 5295 2695 5340 et
2719 5287 3008 5356 caliginosa
3029 5285 3313 5342 affectuum
3338 5287 3505 5344 nubes
3529 5291 3731 5343 mentis

2129 5377 2274 5432 illius
2299 5379 2482 5433 oculos
2507 5377 2743 5444 obducit,
2775 5387 2835 5432 ut
2864 5393 2968 5432 non
2996 5377 3135 5431 sinat
3154 5378 3221 5433 ad
3253 5378 3441 5433 caelum
3470 5378 3729 5434 intuitum

2195 5594 2210 5630 ε
2248 5594 2401 5644 Verba
2421 5594 2546 5654 haec,
2571 5607 2816 5645 conservos
2839 5593 3064 5654 laudabo,
3085 5595 3266 5646 desunt
3303 5597 3351 5646 in
3386 5596 3527 5655 Colh,
3554 5612 3648 5647 nec
3671 5601 3732 5646 ab

2131 5661 2401 5716 lnterprete
2425 5655 2551 5707 lecta
2575 5666 2707 5715 sunt,
2725 5659 2815 5708 sed
2838 5658 3080 5707 habentur
3097 5659 3146 5707 in
3170 5658 3310 5710 savii.
3336 5669 3388 5709 et
3409 5659 3576 5709 Morel.

2194 5720 2213 5748 ί
2247 5718 2476 5785 sicsavil.
2505 5728 2557 5785 et
2586 5719 2769 5785 Mor_el_.,
2793 5720 2882 5785 sed
2904 5719 3034 5769 Colb.
3057 5731 3107 5772 et
3132 5724 3392 5785 interpres,
3416 5725 3731 5783 quemadmo-

2133 5780 2249 5829 dum
2272 5779 2418 5844 igitur
2440 5789 2486 5832 et
2510 5783 2610 5845 ipse
2635 5779 2787 5843 dicit,
2813 5781 2987 5832 luerat.
