3922 6236
443 402 549 460 607

443 517 614 586 ὄψεις,
653 518 753 570 οὐκ
789 517 981 588 ἀφίησι
1030 515 1164 587 πρὸς
1213 514 1304 567 τὸν
1341 513 1564 584 οὐρανὸν
1603 513 1749 575 ἰδεῖν,
1787 513 1922 567 ἀλλά
1961 514 2110 568 κάτω

437 605 620 658 νεύειν
649 607 910 676 βιάζεται,
956 606 1050 658 καὶ
1089 606 1223 675 πρὸς
1265 603 1362 674 τὴν
1389 604 1493 672 γῆν
1540 603 1845 672 κεχηνέναι.
1878 605 1986 657 Καὶ
2014 606 2112 658 οὐκ

443 693 610 756 ἐστιν,
650 695 749 747 οὐκ
796 694 940 746 ἐστιν
974 693 1126 745 οὐδὲν
1164 693 1350 762 ἕτερον
1391 691 1532 744 οὐτω
1574 690 1801 760 κώλυμα
1842 691 1978 761 πρὸς
2014 692 2112 762 τὴν

444 781 753 850 ἀποδημίαν
797 765 906 834 τῶν
949 780 1192 844 οὐρανῶν
1240 779 1316 842 ὡς
1358 778 1586 840 πλοῦτος
1625 777 1721 830 καὶ
1757 778 1828 830 τά
1866 780 1974 832 ἀπὸ
2015 778 2111 832 τοῦ

445 866 670 920 πλούτου
712 869 875 923 κακά.
914 869 1026 921 Οὐκ
1071 867 1200 938 ἐμὸς
1224 859 1377 930 οὗτος
1407 869 1435 919 ὁ
1465 865 1641 934 λόγος,
1676 865 1790 918 ἀλλ’
1820 866 1984 920 αὐτοῦ
2017 856 2126 920 τοδδ

443 953 679 1024 Χριστοῦ
709 955 885 1024 ψῆφος
923 957 1069 1008 ἐστιν
1096 953 1490 1024 ἐξενηνεγμένη
1537 951 1811 1016 εἰπόντος·
1840 953 2114 1022 Εὺχολώι

441 1043 616 1108 τερόν
643 1057 664 1080 ι
695 1043 828 1096 ἐστι
862 1043 1139 1111 κάμηλον
1165 1041 1264 1095 διὰ
1296 1040 1677 1109 τρυπήματος
1700 1039 1956 1108 ῥαφίδος
1988 1041 2112 1094 εισ-

441 1129 659 1187 ελθεῖν.
684 1130 723 1197 ἢ
753 1131 1051 1183 πλούσιον
1069 1130 1155 1195 εις
1182 1127 1297 1195 τὴν
1321 1127 1650 1192 ,Βασιλείαν
1675 1126 1793 1180 τῶν
1816 1126 2105 1193 οὐρανῶν.

453 1215 592 1268 Ἀλλ’
629 1216 738 1270 ίδού
773 1216 833 1269 τὸ
877 1215 1130 1269 δύσκολον
1158 1214 1336 1276 τοῦτο,
1369 1214 1568 1284 μᾶλλον
1612 1213 1669 1266 δέ
1705 1213 1981 1277 ἀδύνατον,
2020 1213 2112 1282 γέ-

439 1319 565 1371 γονε
588 1302 808 1356 δυνατόν
837 1317 850 1330 ·
875 1303 967 1356 καὶ
992 1303 1020 1356 ὃ
1043 1302 1207 1356 πάλαι
1239 1302 1443 1372 Πέτρος
1465 1301 1658 1371 ὴπόρει
1692 1300 1826 1372 πρὸς
1851 1300 1941 1352 τὸν
1967 1299 2110 1354 διδά-

442 1387 671 1453 σκαλον,
719 1388 814 1442 καὶ
849 1388 1039 1459 μαθεῖν
1078 1387 1279 1460 ἐζήτει,
1319 1388 1475 1442 τοῦτο
1522 1387 1610 1441 διὰ
1652 1385 1752 1456 τῆς
1794 1386 1987 1456 πείρας
2023 1386 2112 1438 αὐ-

439 1476 540 1545 τῆς
596 1475 840 1546 ἔγνωμεν
893 1475 1150 1539 ἅπαντες,
1210 1474 1410 1546 μᾶλλον
1449 1473 1506 1527 δὲ
1551 1475 1645 1527 καί
1682 1472 1874 1526 τούτου
1927 1472 2107 1526 πλέον.

441 1563 516 1616 Οὐ
555 1563 665 1634 γάρ
713 1563 777 1634 δὴ
828 1564 984 1634 μόνον
1023 1557 1176 1625 οὗτος
1219 1564 1299 1626 είς
1339 1562 1429 1615 τὸν
1471 1560 1700 1632 οὐρανὸν
1741 1560 1929 1631 ἀνέϐη,
1976 1559 2112 1613 ἀλλά

441 1651 536 1703 καὶ
592 1651 761 1721 δῆμον
807 1650 1015 1719 εἰσάγει
1062 1649 1336 1713 τοσοῦτον,
1395 1649 1532 1718 μετὰ
1583 1647 1675 1701 τοῦ
1724 1646 1954 1701 πλούτου
2019 1647 2112 1700 καὶ

439 1737 600 1808 ἕτερα
648 1738 838 1791 τούτου
887 1739 984 1808 οὐχ
1035 1738 1234 1808 ἥττονα
1291 1736 1589 1806 κωλύματα
1641 1735 1778 1806 ἔχων
1803 1774 1818 1798 ,
1882 1734 2110 1802 νεότητα

438 1825 535 1877 καὶ
563 1824 824 1894 ὀρφανίαν
855 1825 1051 1896 άωρον,
1096 1823 1133 1878 ἀ
1177 1825 1358 1880 πᾶσάν
1386 1823 1523 1876 εἰσιν
1572 1821 1872 1892 ἀνθρώπων
1915 1820 2110 1890 μᾶλλον

439 1911 600 1964 ίκανά
653 1911 947 1982 γοητεῦσαι
997 1911 1174 1982 ψυχήν
1199 1928 1211 1942 ·
1261 1910 1512 1973 τοιαύτας
1573 1909 1792 1978 ἔχουσιν
1853 1907 2107 1977 ἐπῳδὰς,

437 1997 664 2052 τοιαῦτα
687 1998 1156 2062 κατασκευάζουσι
1183 1999 1471 2069 φάρμακα.
1513 1997 1655 2049 Ἀλλ’
1686 1998 1834 2066 ὅμως
1859 1996 1952 2048 καὶ
1984 1994 2109 2046 τού-

438 2102 548 2137 των
577 2077 731 2147 οὗτος
758 2086 1032 2156 ἐκράτησε
1053 2086 1103 2149 δ,
1141 2089 1234 2138 καὶ
1265 2085 1372 2138 τῶν
1401 2085 1647 2155 οὐρανῶν
1677 2082 1994 2144 ἐπελάϐετο,
2016 2081 2111 2134 καὶ

440 2174 578 2244 πρὸς
607 2174 705 2244 τὴν
756 2175 873 2227 ἐκεῖ
915 2173 1234 2242 φιλοσοφίαν
1273 2173 1570 2243 μετέθηκεν
1602 2173 1828 2236 ἑαυτὸν,
1859 2172 1954 2225 καὶ
1986 2171 2111 2224 οὐτε

439 2261 539 2332 τὴν
569 2260 931 2332 λαμπρότητα
963 2261 1058 2313 τοῦ
1104 2261 1369 2329 παρόντος
1408 2261 1656 2329 ἐνενόησε
1702 2258 1836 2327 βίου,
1873 2257 1996 2310 οὐτε
2031 2259 2112 2320 είς

438 2346 538 2418 τὴν
558 2347 666 2400 τῶν
697 2349 978 2418 προγόνων
1010 2349 1366 2418 περιφάνειαν
1404 2343 1510 2399 εἶδε
1532 2363 1544 2374 °
1586 2345 1785 2416 μᾶλλον
1813 2345 1868 2397 δέ
1904 2347 1984 2407 εἰς
2014 2344 2110 2415 τὴν

439 2435 548 2488 τῶν
583 2435 862 2508 προγόνων
894 2431 1000 2488 εῑδε
1036 2434 1414 2506 περιφάνειαν,
1453 2436 1514 2487 οὐ
1551 2434 1659 2486 τῶν
1693 2435 1834 2487 κατά
1878 2433 2111 2502 φυσικὴν

439 2527 498 2582 δὲ
519 2527 764 2596 ἀνάγκην
798 2527 1198 2597 συνδεδεμένων
1227 2525 1396 2597 αὐτῷ,
1428 2525 1563 2580 άλλά
1604 2523 1712 2578 τῶν
1748 2523 1887 2577 κατά
1920 2521 2114 2593 προαί-

442 2633 594 2687 ρεσιν
620 2614 899 2679 εὐσεϐείας
929 2615 1078 2685 αὐτῷ
1117 2615 1525 2685 προσηκόντων.
1561 2612 1712 2686 [Ml]
1752 2613 1841 2664 Διὸ
1873 2613 1967 2664 καὶ
1999 2627 2109 2664 τοι-

439 2704 596 2766 οῦτος
619 2703 854 2770 ἐγένετο.
885 2699 1037 2755 Εἷδεν
1064 2706 1143 2766 είς
1172 2703 1263 2756 τὸν
1301 2703 1642 2773 πατριάρχην
1677 2700 1944 2772 Ἀϐραάμ.
1972 2695 2111 2750 εἶδεν

439 2794 524 2855 είς
547 2793 638 2844 τὸν
679 2792 851 2861 μέγαν
890 2792 1156 2861 Μωῡσῆν,
1196 2790 1255 2854 ὃς
1291 2793 1348 2842 ἐν
1380 2790 1527 2861 οἰκία
1573 2790 1802 2860 τραφεὶς
1837 2787 2108 2857 βασιλικῇ,

440 2879 536 2932 καὶ
565 2878 846 2949 τραπέζης
879 2876 1163 2947 μετασχὼν
1188 2877 1575 2948 Συϐαριτικῆς,
1603 2879 1697 2928 καὶ
1722 2873 1921 2946 μεταξύ
1948 2872 2110 2942 θορύ-

439 2966 552 3019 ϐων
573 2965 908 3034 ἀποληφθεὶς
936 2965 1323 3031 Αἰγυπτιακῶν
1349 2963 1493 3033 (ἴστε
1518 2964 1572 3016 δέ
1597 2952 1686 3016 οἷα
1709 2961 1775 3013 τά
1799 2958 2107 3032 βαρϐάρων,

439 3057 564 3110 ὅσου
619 3054 791 3122 τύφου
842 3053 936 3105 καὶ
981 3051 1283 3120 φαντασίας
1332 3051 1563 3119 γέμει),
1600 3049 1776 3102 πάντα
1838 3048 2110 3117 ἀτιμάσας

439 3145 643 3206 ἐκεῖνα,
663 3141 798 3211 πρὸς
821 3141 911 3193 τὸν
939 3140 1104 3209 πηλὸν
1131 3141 1224 3192 καὶ
1249 3139 1346 3210 τὴν
1371 3139 1647 3191 πλινθείαν
1671 3137 2106 3207 άπηυτομόλησε,

439 3231 549 3286 τῶν
578 3231 780 3283 δούλων
812 3229 904 3282 καὶ
927 3225 1289 3298 αἰχμαλώτων
1319 3223 1458 3278 εἶναι
1502 3226 1867 3298 ἐπιθυμήσας,
1897 3227 1924 3276 ὁ
1960 3224 2111 3294 βασι-

439 3318 565 3383 λεὺς
587 3318 805 3372 καὶτοῦ
852 3317 1113 3387 βασιλέως
1146 3316 1279 3378 υίός.
1311 3315 1600 3384 Τοιγάρτοι
1639 3312 1726 3366 διά
1770 3313 1924 3365 τοῦτο
1973 3313 2110 3382 μετὰ

443 3405 825 3478 λαμπροτέρου
866 3403 1025 3457 πάλιν
1052 3402 1276 3473 ἐπανῄει
1307 3402 1400 3455 τοῦ
1450 3403 1746 3472 σχήματος,
1777 3401 1809 3472 ἢ
1847 3401 2108 3470 πρότερον

444 3492 584 3562 ἔχων
625 3491 886 3545 ἀπέϐαλε.
917 3490 1072 3544 Μετὰ
1099 3489 1207 3559 γὰρ
1251 3489 1349 3560 τὴν
1385 3490 1563 3558 φυγὴν
1590 3489 1682 3541 καὶ
1721 3489 1818 3558 τὴν
1852 3487 2002 3558 παρὰ
2031 3485 2109 3556 τῷ

443 3581 675 3652 ηδεστῇ
710 3579 950 3650 θητείαν,
992 3580 1086 3632 καὶ
1123 3578 1221 3649 τὴν
1252 3579 1345 3631 ἐπὶ
1376 3579 1475 3648 τῆς
1517 3576 1803 3648 ἀλλοτρίας
1831 3576 2107 3628 ταλαιπω-

444 3669 587 3738 ρίαν,
621 3667 848 3738 ἐπανῄει
883 3665 976 3719 τού
1010 3666 1273 3736 βασιλέως
1302 3664 1626 3735 ἡγούμενος,
1671 3664 1870 3734 μᾶλλον
1907 3663 1965 3715 δὲ
2013 3662 2106 3714 τοῦ

444 3756 708 3825 βασιλέως
739 3756 1028 3826 γενόμενος
1057 3754 1178 3816 θεός
1198 3771 1210 3782 ·
1255 3755 1489 3808 Τέθεικα
1522 3755 1630 3823 γάρ
1660 3769 1753 3816 σε,
1785 3752 1938 3822 φησὶ,
1971 3752 2109 3805 θεὸν

443 3842 669 3910 Φαραώ.
705 3843 812 3894 Καὶ
839 3841 1216 3912 λαμπρότερος
1243 3837 1310 3912 ἦν
1335 3840 1428 3893 τού
1465 3840 1748 3910 βασιλέως,
1782 3840 1842 3892 οὐ
1875 3839 2108 3908 διάδημα

439 3926 601 4002 ἔχων,
624 3930 745 3982 οὐδέ
776 3927 1068 4000 ἁλουργίδα
1097 3929 1497 3998 περικείμενος,
1517 3928 1636 3980 οὐδὲ
1659 3927 1848 3994 ζεῦγος
1871 3925 2108 3978 ἐλαύνων

440 4018 695 4090 χρυσοῦν,
724 4018 860 4070 ἀλλά
890 4017 1069 4071 πάντα
1103 4019 1309 4069 ἐκεῖνον
1334 4019 1583 4086 πατήσας
1608 4016 1698 4068 τὸν
1724 4013 1911 4082 τῦφον.
1937 4013 2109 4066 Πᾶσα

438 4109 579 4175 γὰρ,
634 4105 832 4175 φησὶν,
893 4104 932 4170 ἠ
986 4103 1136 4166 δόξα
1174 4101 1282 4169 τῆς
1317 4103 1605 4172 θυγατρὸς
1656 4100 1764 4154 τοῦ
1804 4099 2109 4165 βασιλέως

439 4193 687 4246 ἔσωθεν.
750 4189 1007 4259 Ἐπανῄει
1050 4189 1228 4241 τοίνυν
1283 4189 1560 4258 σκῆπτρον
1604 4176 1778 4257 έχων,
1831 4187 1896 4239 δι’
1944 4185 1972 4237 ὃ
2009 4185 2108 4237 οὐκ

438 4277 748 4349 ἀνθρώποις
791 4276 1010 4329 ἐκέλευε
1049 4275 1228 4345 μόνον,
1261 4275 1374 4328 ἀλλ’
1411 4274 1625 4346 οὐρανῷ
1656 4275 1748 4326 καὶ
1782 4277 1851 4344 γῇ
1886 4274 1977 4325 καὶ
2009 4272 2105 4324 θα-

437 4362 627 4434 λάττῃ,
654 4361 750 4414 καὶ
798 4360 976 4431 ἀέρων
1017 4361 1112 4412 καὶ
1146 4358 1352 4412 ὑδάτων
1399 4357 1581 4427 φύσει,
1628 4359 1720 4411 καὶ
1765 4357 1982 4426 λίμναις
2015 4358 2106 4409 καὶ

438 4452 644 4518 πηγαῖς
673 4449 767 4502 καὶ
796 4450 1082 4518 ποταμοῖς.
1112 4447 1297 4502 Πάντα
1319 4447 1450 4515 γὰρ,
1475 4447 1574 4498 ὅσα
1608 4444 1858 4498 ἐϐούλετο
1883 4447 1911 4497 ὁ
1939 4446 2104 4498 Μωῦ-

441 4537 560 4606 σῆς,
590 4535 765 4588 ταῦτα
804 4533 1016 4602 ἐγίνετο
1050 4536 1118 4587 τά
1162 4536 1432 4602 στοιχεῖα·
1483 4534 1577 4586 καὶ
1602 4533 1661 4585 ἐν
1696 4535 1816 4595 ταῖς
1861 4532 2015 4602 χερσὶ
2049 4533 2105 4586 δέ

437 4622 602 4677 αὐτοῦ
638 4621 1138 4693 μετεσχηματίζετο
1173 4621 1333 4674 πάλιν
1373 4622 1406 4691 ἠ
1458 4620 1630 4683 κτίσις
1654 4659 1668 4681 ,
1716 4622 1811 4674 καὶ
1855 4621 2104 4693 καθάπερ

437 4709 744 4778 θεράπαινά
772 4727 858 4773 τις
890 4708 1210 4779 εὐγνώμων,
1239 4708 1501 4761 δεσπότου
1535 4708 1687 4778 φίλον
1718 4708 1900 4762 ἰδοῦσα
1927 4725 2103 4780 παρα-

436 4797 748 4866 γενόμενον,
783 4797 962 4850 πάντα
989 4795 1237 4848 ἐπείθετο
1272 4796 1366 4848 καὶ
1400 4796 1640 4866 ὑπήκουε
1676 4795 1926 4867 καθάπερ
1956 4794 2102 4865 αὐτῷ

435 4883 515 4959 τῷ
556 4883 820 4957 Δεσπότῃ.
871 4882 1014 4954 Πρὸς
1046 4881 1233 4934 τοῦτον
1281 4884 1374 4934 καὶ
1422 4877 1572 4944 οὗτος
1617 4879 1738 4932 ίδὼν
1774 4891 1820 4943 ο,
1867 4880 2103 4942 τοιοῦτος

435 4969 663 5037 ἐγίνετο,
694 4970 786 5022 καὶ
818 4968 990 5023 ταῦτα
1015 4969 1131 5032 νέος
1153 4968 1249 5031 ῶν,
1281 4971 1328 5020 εί
1360 4970 1558 5038 δήποτε
1585 4969 1677 5020 καὶ
1705 4967 1918 5036 ἐγένετο
1947 4967 2065 5029 νέος
2084 4985 2099 4998 ο

433 5058 495 5110 οὐ
530 5057 639 5129 γάρ
673 5057 847 5126 ἔγωγε
900 5056 1192 5127 πείθομαι·
1239 5057 1412 5120 οὕτως
1462 5056 1521 5120 ἐξ
1572 5055 1752 5108 αὐτῶν
1801 5053 1950 5124 αὐτῷ
1993 5053 2102 5106 τῶν

436 5145 764 5217 σπαργάνων
794 5146 973 5199 πολιὸν
1007 5146 1262 5216 φρόνημα
1283 5140 1370 5216 ἦν.
1405 5145 1564 5197 Ἀλλά
1593 5145 1686 5196 καὶ
1712 5141 1853 5195 κατά
1886 5143 1976 5195 τὸν
2001 5142 2101 5212 τῆς

435 5233 647 5302 ἡλικίας
674 5232 829 5300 λόγον
852 5233 968 5296 νέος
993 5231 1087 5297 ῶν,
1119 5233 1298 5302 πάσης
1321 5231 1637 5300 φιλοσοφίας
1661 5229 1974 5288 ἐπελάϐετο,
2007 5231 2101 5282 καὶ

435 5317 768 5388 καταμαθὼν
789 5320 883 5390 τὴν
906 5319 1067 5388 φύσιν
1089 5319 1186 5390 τὴν
1216 5319 1489 5390 ἡμετέραν
1517 5319 1598 5370 ὅτι
1627 5316 1878 5386 καθάπερ
1901 5316 2098 5385 χωρίον

433 5405 582 5460 ἐστὶν
602 5405 919 5476 ὐλομανοῦν,
936 5407 1003 5459 τά
1022 5408 1120 5475 μὲν
1135 5408 1414 5476 νοσήματα
1428 5406 1526 5475 τῆς
1542 5404 1720 5473 ψυχῆς
1745 5402 1978 5474 τῷλόγῳ
2001 5404 2098 5473 τῆς

433 5493 734 5556 ιύσεϐείας.
753 5493 1003 5564 καθάπερ
1019 5495 1258 5565 δρεπάνῃ
1283 5494 1409 5558 τινὶ,
1427 5491 1619 5563 ῥᾳδίως
1639 5491 1918 5558 ἐξέκοπτε,
1935 5491 2097 5544 καθα.

492 5726 522 5791 _‘
693 5728 794 5791 ἀλλ’
820 5729 866 5783 ἐξ
887 5730 1045 5776 αὐτῶν
1063 5732 1093 5791 ἠ
1118 5731 1270 5790 ww;
1285 5728 1619 5791 καταϐέϐηκεν·
1634 5727 1975 5791 Εὐκοπώτερον
1985 5725 2090 5788 γάρ.

491 5785 524 5851 1}
543 5788 671 5851 Qoib.
708 5789 828 5838 ἀλλὰ
847 5791 1027 5837 τούτων
1050 5785 1366 5851 οὗτοςεκράτ.

491 5849 520 5934 ξ
542 5849 671 5900 Oolb.
703 5851 928 5914 δεσπότῃ,
970 5852 1083 5913 πρὸς
1105 5853 1157 5899 ὂν
1181 5849 1318 5906 οὗτος
1339 5852 1467 5911 ἰδών,
1492 5859 1544 5901 ει
1564 5849 1632 5901 sic
1657 5852 1780 5914 legit
1820 5850 2083 5913 interpres.

1225 400 1282 456 S.
1323 398 1611 454 JOANNIS
1648 397 2137 455 CHRYSOSTOMI
2179 399 2490 456 ARCHIEP.
2532 397 3075 457 CONSTANTINOP.

2214 513 2311 586 ράς
2331 513 2584 585 παρέχων
2598 514 2676 585 τῷ
2687 513 2919 584 γεωργῷ
2940 515 3040 576 τὰς
3055 511 3292 585 ἀρούρας
3311 513 3445 586 πρὸς
3466 516 3566 586 τὴν
3589 514 3706 570 τῶν
3724 531 3886 586 σπερι

2215 602 2401 671 μάτων
2430 601 2754 672 καταϐολὴν,
2781 601 2874 654 καὶ
2899 601 3184 672 δεχόμενος
3210 602 3442 667 ἃπαντα,
3462 603 3598 674 πρὸς
3625 603 3694 656 τὸ
3722 601 3884 671 βάθος

2211 689 2608 760 παρέπεμπενο
2639 689 2779 743 ὥστε
2822 689 3064 742 κάτωθεν
3104 688 3400 759 ριζωθέντα
3436 691 3574 760 μήτε
3617 691 3764 761 πρὸς
3790 691 3884 758 τὴν

2210 778 2309 846 τῆς
2339 778 2555 839 ἀκτῖνος
2578 777 2816 830 ἐνδοῦναι
2840 776 3163 846 προσϐολὴν,
3193 779 3328 847 μήτε
3356 777 3460 830 ὑπὸ
3486 778 3598 830 τῶν
3625 777 3885 832 ἀκανθῶν

2211 864 2576 934 ἀποπνιγῆναι
2629 864 2808 917 πάλιν.
2859 863 3017 916 Ἀλλά
3047 863 3145 934 τὴν
3181 865 3278 934 μὲν
3319 863 3494 934 ψυχὴν
3546 865 3886 936 ἐθεράπευεν

2210 952 2388 1005 οὕτω·
2425 951 2497 1004 τά
2526 953 2582 1005 δὲ
2629 953 2727 1022 τῆς
2770 951 2967 1022 σαρκὸς
3002 953 3344 1022 σκιρτήματα
3383 955 3494 1016 τοῖς
3540 954 3644 1022 τῆς
3677 955 3886 1022 ἐγκρα-

2210 1040 2360 1102 τείας
2383 1039 2691 1111 φαρμάκοις
2714 1038 3084 1102 κατέστελλεν,
3105 1037 3291 1110 ὥσπε-ρ
3319 1039 3466 1108 ίππῳ
3489 1041 3598 1092 τινὶ
3619 1040 3883 1109 δυσηνίῳ,

2211 1127 2287 1198 τῷ
2321 1127 2535 1198 σώματι
2581 1127 2672 1180 τὸν
2716 1125 2826 1179 ἀπὺ
2871 1127 2970 1197 τῆς
3015 1125 3266 1196 νηστείας
3313 1126 3524 1196 χαλινὸν
3567 1127 3884 1197 ἐμϐάλλων,

2212 1216 2303 1270 καὶ¹
2343 1215 2504 1289 μέχρι
2549 1213 2808 1268 τοσούτου
2853 1215 3044 1267 τείνων
3073 1213 3278 1277 ὀπίσω,
3313 1214 3388 1276 ὡς
3433 1214 3572 1267 αὐτὰ
3605 1213 3722 1266 τῶν
3765 1215 3885 1265 ἐπι-

2212 1301 2420 1374 θυμιῶν
2441 1303 2669 1374 αἱμάξαι
2693 1303 2763 1357 τὰ
2792 1304 3034 1374 στόματα
3065 1301 3202 1373 μετὰ
3221 1301 3320 1373 τῆς
3350 1302 3745 1372 προσηκούσης
3775 1319 3885 1368 φει-

2209 1391 2355 1456 δοῦς.
2393 1392 2532 1447 Οὐτε
2559 1393 2667 1464 γὰρ
2695 1391 2971 1447 κατέτεινε
3008 1391 3069 1444 τὸ
3100 1391 3278 1460 σῶμα,
3323 1389 3464 1442 ὥστε
3500 1389 3576 1460 μὴ
3619 1389 3886 1458 συμποδι-

2212 1477 2406 1532 σθέντα
2449 1481 2542 1532 τὸν
2585 1479 2749 1532 ἵππον
2794 1478 3064 1548 ἄχρηστον
3106 1475 3254 1546 αὐτῷ
3293 1475 3545 1544 γενέσθαι
3595 1475 3744 1545 πρὸς
3790 1475 3887 1543 τὴν

2208 1563 2512 1631 διακονίαν,
2546 1565 2670 1619 οὐτε
2704 1567 2780 1629 είς
2825 1567 2924 1636 τὴν
2964 1566 3104 1633 ἄγαν
3144 1563 3354 1631 εὐεξίαν
3402 1565 3668 1633 ἐμπεσεῖν
3710 1563 3883 1632 ἠφίει,

2215 1655 2420 1723 μήποτε
2457 1654 2882 1724 πολυσαρκήσας
2934 1653 3123 1718 πάλιν,
3170 1651 3539 1723 κατεξαναστῇ
3591 1651 3695 1705 τοῦ
3745 1654 3884 1723 ἡνιοο

2213 1738 2430 1808 χοῦντος
2467 1739 2626 1792 αὐτὸν
2666 1737 2946 1810 λογισμοῦ,
2971 1739 3086 1793 ἀλλ’
3110 1737 3244 1809 ὁμοῦ
3281 1739 3376 1791 καὶ
3411 1739 3509 1807 τῆς
3541 1737 3762 1806 ὑγιείας
3789 1738 3882 1789 αὐ-

2210 1826 2303 1879 τοῦ
2333 1829 2429 1880 καὶ¹
2455 1828 2554 1897 τῆς
2583 1826 2832 1891 εὐταξίας
2864 1826 3197 1896 ἐπεμελεῖτο.
3225 1827 3335 1880 Καὶ
3375 1826 3494 1896 οὐχὶ
3526 1827 3650 1888 νέος
3681 1826 3784 1896 μὲν
3811 1825 3883 1878 ῶν

2209 1914 2449 1978 τοιοῦτος
2484 1911 2574 1986 ἦν,
2608 1915 2797 1986 ἐπειδὴ
2831 1914 2888 1967 δέ
2938 1914 3186 1984 παρῆλθε
3227 1913 3326 1985 τὴν
3375 1913 3590 1985 ἡλικίαν
3640 1914 3877 1981 ἐκείνην.

2211 2001 2305 2052 καὶ
2341 2001 2436 2071 τὴν
2464 2003 2715 2071 πρόνοιαν
2744 2001 2948 2072 ταύτην
2990 2001 3196 2062 ἔλυσεν,
3227 2001 3364 2054 άλλά
3397 2001 3490 2054 καὶ
3530 1999 3653 2065 νῦν,
3680 2003 3773 2054 ὅτε
3811 2000 3880 2062 ὡς

2210 2089 2268 2139 ἐν
2300 2087 2458 2157 εὐδίῳ
2486 2087 2664 2158 λιμένι
2714 2088 2792 2158 τῷ
2836 2089 2985 2160 γήρα
3031 2088 3293 2159 κάθηται,
3337 2088 3436 2157 τῆς
3477 2088 3656 2157 αὐτῆς
3702 2087 3880 2158 ἔχεται

2211 2175 2524 2243 ἐπιμελείας
2550 2175 2700 2247 [442]
2733 2176 2914 2229 πάλιν.
2953 2176 3016 2228 'H
3064 2177 3161 2247 μὲν
3198 2175 3305 2246 γάρ
3349 2176 3556 2246 νεότης,
3603 2177 3876 2244 ἀγαπητέ,

2212 2259 2438 2328 πελάγει
2484 2263 2769 2333 προσέοικε
2815 2254 3167 2334 μαινομένῳ,
3220 2265 3479 2332 κυμάτων
3512 2265 3734 2334 ἀγρίων
3789 2266 3878 2317 καὶ

2214 2350 2536 2417 πνευμάτων
2581 2350 2803 2418 γέμοντι
2854 2351 3136 2422 πονηρῶνο
3191 2353 3224 2421 ἡ
3274 2351 3332 2404 δὲ
3364 2351 3522 2404 πολιά
3564 2351 3768 2421 ὥσπερ
3807 2353 3879 2414 είς

2211 2433 2406 2504 λιμένα
2432 2436 2744 2506 ἀκύμαντον
2774 2437 2873 2500 τάς
2899 2437 3008 2490 τῶν
3033 2439 3414 2508 γεγηρακότων
3433 2438 3651 2509 ὁρμίζει
3681 2439 3878 2509 ψυχὰς,

2212 2523 2525 2592 παρέχουσα
2574 2527 2639 2594 τῇ
2682 2525 2835 2596 παρά
2880 2527 2979 2596 τῆς
3026 2525 3242 2596 ἡλικίας
3274 2527 3540 2596 ἐντρυφᾷν
3579 2527 3876 2596 ἀσφαλείᾳ.

2212 2609 2428 2680 Ταύτης
2456 2613 2547 2662 καὶ
2584 2605 2738 2673 οὐτος
2772 2612 3060 2665 ἀπολαύων
3097 2612 3213 2675 νῦν,
3247 2614 3340 2666 καὶ
3368 2615 3424 2665 ἐν
3452 2613 3528 2682 τῷ
3555 2613 3767 2682 λιμένι,
3809 2615 3880 2674 ὡς

2213 2696 2382 2766 ἔφθην
2425 2697 2631 2760 εἰπὼν,
2689 2698 3028 2769 καθήμενος,
3079 2699 3188 2752 τῶν
3221 2701 3279 2752 ἐν
3315 2700 3464 2770 μέσῳ
3507 2700 3744 2769 πελάγει
3791 2718 3878 2754 σα-

2210 2783 2472 2837 λευόντων
2494 2786 2591 2856 οὐχ
2613 2782 2776 2856 ἧττόν
2807 2790 2954 2840 ἐστιν
2975 2787 3261 2856 ἐναγώνιος
3282 2804 3295 2817 ·
3331 2788 3422 2840 καὶ
3445 2787 3633 2841 τοῦτον
3664 2791 3880 2854 ἐδέξατο

2211 2872 2361 2942 παρά
2396 2872 2490 2926 τοῦ
2518 2875 2732 2927 Παύλου
2764 2875 2855 2927 τὸν
2885 2874 3069 2944 φόϐον,
3107 2876 3166 2938 ὃς
3197 2876 3374 2929 καίτοι
3412 2877 3490 2938 είς
3533 2877 3627 2929 τὸν
3653 2877 3878 2947 οὐρανὸν

2211 2959 2438 3024 ἀναϐὰς,
2471 2963 2566 3014 καὶ
2592 2962 2684 3014 τὸν
2716 2962 2831 3032 μετ’
2859 2965 3065 3015 ἐκεῖνον
3088 2961 3418 3034 διαδραμὼν,
3444 2966 3538 3016 καὶ
3562 2963 3668 3018 τοῦ
3697 2965 3876 3034 τρίτου

2210 3049 2373 3103 πάλιν
2404 3049 2700 3120 ἁψάμενος,
2726 3050 2878 3120 ἔλεγε
2903 3069 2917 3082 °
2948 3051 3243 3121 Φοϐοῦμαι
3259 3052 3495 3120 μήπως,
3524 3051 3744 3119 ἄλλοις
3776 3071 3876 3120 κη-

2201 3135 2420 3203 ρύξας,
2454 3138 2639 3203 αὐτὸς
2667 3137 2950 3206 ἀδόκιμος
2980 3138 3252 3208 γένωμαι.
3285 3138 3386 3192 Διά
3415 3138 3571 3192 τοῦτο
3595 3141 3696 3192 καὶ
3729 3136 3878 3203 οὗτος

2209 3226 2267 3276 ἐν
2301 3225 2540 3296 διηνεκεῖ
2575 3227 2908 3295 κατέστησεν
2946 3228 3138 3279 ἑαυτὸν
3167 3227 3348 3296 φόϐῳ,
3389 3228 3476 3280 ἵνα
3516 3227 3792 3296 διηνεκῶς
3825 3231 3878 3281 ἐν

2209 3311 2286 3382 τῷ
2317 3313 2541 3383 θαρρεῖν
2581 3310 2636 3386 ᾖ,
2669 3320 2765 3367 καὶ
2799 3315 3034 3384 κάθηται
3061 3316 3151 3367 ἐπὶ
3186 3315 3292 3368 τῶν
3319 3316 3536 3375 οἰάκων,
3568 3316 3675 3368 οὐκ
3720 3317 3875 3369 ἀστέ-

2213 3417 2320 3468 ρων
2344 3400 2370 3438 d
2398 3401 2650 3465 ἐπιτολάς
2682 3402 3035 3473 παρατηρῶν,
3062 3402 3180 3456 οὐδὲ
3202 3403 3437 3472 ὑφάλους
3465 3404 3557 3455 καὶ
3587 3404 3873 3467 σπιλάδας,

2209 3486 2344 3539 ἀλλὰ
2371 3487 2640 3555 δαιμόνων
2669 3489 3085 3554 ἐπαναστάσεις,
3117 3491 3211 3544 καὶ
3238 3490 3480 3542 διαϐόλου
3513 3493 3873 3563 κακουργίας,

2211 3575 2303 3624 καὶ
2325 3573 2601 3644 λογισμῶν
2637 3577 2834 3646 μάχας,
2865 3577 2956 3630 καὶ
2985 3577 3168 3647 κύκλῳ
3204 3577 3295 3629 τοῦ
3327 3577 3698 3647 στρατοπέδου
3728 3596 3874 3649 περιο

2212 3662 2325 3722 ιὼν,
2349 3661 2590 3725 ἅπαντας
2623 3665 2680 3716 ἐν
2705 3666 2974 3736 ἀσφαλείᾳ
3005 3666 3342 3736 καθίστησιν.
3380 3667 3454 3718 Οὐ
3484 3667 3589 3735 γάρ
3623 3667 3780 3727 ὅπως
3806 3667 3872 3734 μὴ

2211 3748 2531 3820 βαπτισθείη
2561 3752 2621 3804 τὸ
2647 3754 2850 3820 σκάφος
2872 3757 3063 3806 σκοπεῖ
3095 3755 3271 3823 μόνον,
3292 3754 3408 3806 ἀλλ’
3436 3755 3582 3815 ὅπως
3606 3755 3749 3822 μηδέ
3775 3755 3872 3805 τῶν

2209 3835 2550 3903 ἐμπλεόντων
2592 3855 2673 3899 τις
2700 3840 2981 3910 πειραθείη
3024 3841 3251 3910 θορύϐου
3281 3841 3451 3901 τινὸς,
3481 3840 3703 3892 ἅπαντα
3737 3858 3872 3910 πρα-

2209 3923 2556 3990 γματεύεται.
2588 3926 2687 3978 Διά
2709 3926 2896 3979 τοῦτον
2919 3930 3012 3980 καὶ
3050 3929 3148 3998 τὴν
3177 3928 3368 3980 τούτου
3396 3928 3585 3995 σοφίαν
3620 3929 3787 3997 ἡμεῖς
3820 3926 3873 3990 ἐξ

2208 4009 2395 4078 οὐρίας
2436 4010 2668 4081 πλέομεν
2708 4013 2978 4079 ἅπαντες,
3019 4015 3196 4087 πλήρη
3235 4017 3302 4068 τά
3355 4016 3495 4068 ἱστία
3539 4017 3873 4077 πετάσαντες

2208 4095 2305 4166 τῆς
2332 4097 2477 4166 νηός.

2275 4279 2336 4330 δ’.
2370 4280 2562 4332 Καίτοι
2592 4297 2656 4348 γε
2677 4282 2764 4333 ὅτε
2787 4283 2878 4333 τὸν
2902 4283 3163 4353 πράτερον
3193 4284 3404 4353 πατέρα
3423 4283 3795 4356 ἀπεϐάλομεν,
3815 4286 3868 4350 ὃς

2209 4370 2302 4419 καὶ
2334 4367 2519 4420 τοῦτον
2561 4370 2689 4439 ἡμῖν
2722 4371 3033 4440 ἐγέννησεν,
3063 4373 3119 4423 ἐν
3162 4372 3363 4441 ἀπορίᾳ
3395 4372 3464 4424 τὰ
3499 4372 3752 4445 ἡμέτερα
3782 4371 3862 4444 ἦν.

2208 4457 2298 4508 Διὸ
2332 4457 2425 4508 καὶ
2469 4456 2711 4519 ἐλεεινῶς
2753 4458 3111 4529 ἐθρηνοῦμεν,
3133 4460 3208 4522 ὡς
3231 4461 3292 4512 οὐ
3339 4461 3749 4531 προσδοκῶντες
3783 4464 3867 4516 τὸν

2209 4544 2396 4614 θρόνον
2423 4545 2609 4600 τοῦτον
2633 4547 2819 4618 ἕτερον
2846 4547 3013 4618 ἀνδρα
3047 4547 3282 4601 τοιοῦτον
3303 4549 3544 4613 δέξεσθαι
3566 4561 3607 4601 ε.
3652 4550 3868 4621 Ἐπειδὴ

2205 4635 2261 4688 δὲ
2294 4630 2448 4699 οὗτος
2481 4638 2653 4706 ἐφάνη
2682 4637 2775 4690 καὶ
2815 4637 3090 4707 παρῆλθεν
3121 4641 3201 4701 εἰς
3235 4639 3416 4709 μέσον,
3444 4641 3624 4692 πᾶσαν
3654 4641 3866 4708 ἐκείνην

2204 4723 2306 4794 τὴν
2331 4724 2570 4794 ἀθυμίαν
2599 4724 2890 4796 παρελθεῖν
2935 4727 3212 4796 ἐποίησεν,
3251 4725 3440 4798 ὥσπερ
3465 4727 3647 4794 νέφος,
3679 4730 3775 4780 καὶ
3803 4730 3866 4781 τά

2207 4809 2503 4881 σκυθρωπά
2546 4809 2858 4882 ἀπέκρυψεν
2888 4813 3122 4877 ἅπαντα,
3156 4814 3218 4867 οὐ
3258 4813 3400 4867 κατά
3433 4815 3628 4883 μικρὸν
3661 4815 3863 4878 ἐξαλεί-

2206 4915 2320 4964 φων
2369 4899 2502 4966 ἡμῖν
2531 4898 2594 4950 τὸ
2639 4899 2866 4963 πένθος,
2909 4900 3023 4952 ἀλλ’
3049 4901 3222 4965 οὕτως
3267 4901 3482 4973 ἀθρόον,
3531 4903 3606 4965 ὡς
3649 4904 3716 4956 ἂν
3748 4907 3796 4955 εἰ
3835 4905 3862 4956 ὁ

2209 4985 2477 5057 μακάριος
2506 4987 2666 5050 αὐτὸς
2695 4988 2902 5050 ἐκεῖνος
2935 4989 3044 5040 ἀπο
3069 4989 3167 5058 τῆς
3200 4989 3466 5060 λάρνακος
3494 4991 3751 5052 ἀναστὰς,
3776 4991 3862 5043 ἐπὶ

2202 5074 2294 5125 τὸν
2336 5073 2521 5144 θρόνον
2565 5075 2735 5146 ἀνέϐη
2790 5076 2949 5129 πάλιν
2997 5077 3202 5130 τοῦτον.
3253 5077 3408 5131 Ἀλλά
3450 5078 3558 5149 γὰρ
3601 5065 3885 5146 ἐλάθομενξ

2203 5161 2468 5233 ἐπιθυμίᾳ
2515 5163 2796 5234 πατρικῶν
2841 5165 3276 5236 κατορθωμάτων
3325 5167 3464 5236 πέρα
3515 5165 3605 5218 τοῦ
3667 5167 3883 5238 μέτρου.

2203 5251 2326 5312 τούς
2355 5251 2544 5318 λόγους
2578 5249 2884 5317 ἐξάγοντες,
2919 5253 2978 5304 οὐ
3009 5253 3100 5305 τοῦ
3141 5253 3337 5324 μέτρου
3377 5252 3483 5305 τῶν
3515 5253 3693 5323 τούτῳ
3734 5245 3883 5320 κατ-ξ

2201 5338 2564 5408 ωρθωμένων,
2597 5338 2799 5391 τούτων
2829 5340 2938 5411 γὰρ
2981 5341 3194 5394 οὐδέπω
3239 5341 3546 5411 ἠρξάμεθα,
3584 5342 3721 5394 ἀλλά
3764 5339 3853 5394 τοῦ

2201 5427 2566 5494 προσήκοντος
2594 5426 2748 5496 ἡμῶν
2778 5431 2841 5499 τῇ
2887 5429 3099 5498 νεότητι
3128 5429 3172 5482 τ.
3206 5430 3339 5498 Φέρε
3377 5425 3505 5493 οὐν,
3548 5429 3737 5500 ὥσπερ
3781 5430 3853 5491 εἰς

2262 5663 2287 5733 «j
2312 5664 2393 5733 .Sjc
2411 5665 2627 5733 ΒανίΙΑτι
2651 5669 2788 5733 C0lb.
2814 5676 2972 5719 recte.
2999 5671 3168 5719 Mor-eL
3195 5683 3312 5718 vero
3335 5673 3415 5733 καὶ
3441 5673 3672 5733 ἀστέρων.

2197 5727 2554 5843 δᾶἒὲιθὲἷθηι
2579 5731 2726 5779 Savil.
2752 5734 2800 5781 in
2828 5746 2978 5794 marg.
3016 5733 3240 5787 δέξεσθαι.
3257 5731 3467 5781 Sa\'i|.in
3491 5727 3633 5783 leilu
3656 5738 3707 5782 et
3723 5731 3848 5782 Colb.

2265 5851 2282 5890 ί
2314 5853 2367 5902 In
2393 5853 2498 5901 Ιιτοε
2523 5851 2686 5915 verba,
2705 5858 2761 5916 τῇ
2783 5855 2984 5914 νεότητι,
3009 5854 3187 5904 desinit
3210 5853 3356 5904 Savil.
