3864 6282
134 371 239 427 69Τ

103 487 357 559 ζετῑεει-θ,
403 482 693 550 sed‘cogat
734 477 978 531 deorsum
1020 474 1275 529 inclinare
1319 478 1512 539 caput,
1543 477 1595 522 et
1623 465 1688 520 ad

106 638 109 643 ν
135 589 325 631 terram
351 573 573 627 inhiare.
601 571 709 625 Nec
740 578 819 623 est
846 569 945 621 alia
976 583 1079 624 res.
1127 580 1244 633 qum
1276 560 1492 629 perinde
1520 559 1694 611 obstet

106 662 231 738 1quo
255 665 427 719 minus
468 662 866 733 proficiscamur
905 658 955 710 in
999 656 1184 711 caelum
1210 695 1225 719 ,
1273 668 1334 705 ac
1372 649 1597 710 divitize,
1641 656 1693 700 et

133 756 539 814 hincvenientia
570 752 728 806 mala.
751 750 857 805 Nec
886 762 1033 803 meus
1062 755 1143 800 est
1174 746 1257 797 hic
1281 757 1475 807 sermo,
1510 739 1601 794 sed
1627 740 1693 793 ab

104 828 109 834 I
133 867 241 923 tpso
261 849 473 905 Christo
497 845 707 901 devenit
729 841 984 898 sententia
1015 858 1028 893 :
1060 837 1285 890 Facilius
1306 837 1323 866 ί
1346 844 1445 895 est,
1490 832 1689 901 inquit,

133 942 372 995 cometam
402 955 488 1007 per
517 940 741 1007 foramen
779 948 898 984 acus
940 928 1168 999 ingredi,
1217 942 1366 996 quam
1406 924 1604 976 divitem
1642 922 1696 974 in

136 1050 337 1103 regnum
379 1030 616 1084 ca’lorum
655 1024 865 1096 (Matth.
910 1022 998 1076 l9.
1043 1019 1159 1089 24).
1204 1017 1307 1073 Sed
1351 1031 1508 1079 ecce,
1555 1013 1696 1083 quod

136 1134 244 1179 erat
269 1121 503 1186 difﬁcile,
529 1118 614 1172 vel
642 1113 967 1183 impossibile
995 1111 1170 1181 potius
1194 1151 1209 1174 ,
1242 1107 1435 1162 factum
1465 1113 1546 1161 est
1575 1118 1697 1172 pos-

136 1216 285 1269 sibile
312 1232 325 1267 :
350 1222 402 1267 et
426 1212 492 1265 de
516 1225 621 1279 quo
646 1210 834 1264 Petrus
868 1207 994 1260 olim
1024 1204 1295 1260 dubitabat
1323 1199 1458 1270 apud
1486 1199 1695 1252 Praece-

137 1316 362 1377 plorem,
387 1302 659 1370 voluitque
685 1314 749 1353 ex
776 1312 842 1352 eo
861 1298 1084 1361 discere,
1101 1295 1208 1363 jam
1238 1293 1349 1361 ipsa
1377 1288 1697 1359 experientia

138 1398 375 1451 novimus
403 1404 588 1446 omnes
608 1433 622 1456 ,
668 1391 773 1446 imo
814 1388 970 1443 etiam
1013 1385 1258 1454 amplius.
1287 1382 1403 1437 Non
1429 1381 1568 1436 enim
1590 1379 1699 1448 jam

137 1488 281 1542 dives
318 1486 433 1554 ipse
474 1479 839 1536 tantummodo
868 1477 1108 1532 ascendit
1152 1476 1205 1529 in
1232 1474 1453 1535 caelum,
1493 1486 1702 1526 verum-

138 1580 296 1633 etiam
346 1576 593 1646 populum
634 1572 950 1635 introducit,
1003 1584 1122 1623 cum
1166 1576 1360 1636 praeter
1397 1564 1611 1617 divitias
1649 1571 1702 1616 et

139 1671 236 1723 alia
268 1668 352 1722 his
380 1682 481 1720 non
509 1665 713 1730 minora
758 1661 952 1715 habeat
990 1658 1361 1728 impedimenta
1382 1696 1395 1717 ,
1432 1653 1573 1723 quod
1613 1653 1701 1721 ju-

138 1761 287 1814 venis
329 1766 444 1822 est,
493 1754 632 1824 quod
681 1761 803 1806 ante
853 1762 1061 1819 tempus
1102 1747 1404 1816 orphanus,
1453 1759 1569 1812 quae
1616 1757 1703 1796 res

137 1850 376 1923 quemvis
403 1846 632 1902 hominis
651 1846 881 1898 animum
908 1844 1110 1911 possint
1134 1839 1185 1894 in
1215 1838 1451 1891 fraudem
1475 1836 1700 1889 illicere:

136 1940 399 2012 ejusmodi
449 1938 643 1992 habent
694 1937 1112 1997 incantamenta,
1160 1930 1416 2001 ejusmodi
1469 1929 1723 1997 prarbent

137 2046 361 2089 venena.
391 2031 585 2085 Verum
618 2029 728 2082 haec
754 2029 852 2081 iste
872 2026 1084 2089 devicit,
1113 2034 1167 2079 et
1194 2024 1382 2078 caelum
1407 2021 1706 2091 apprehenc

136 2124 235 2189 dit,
276 2136 503 2191 seseque
531 2120 752 2173 contulit
778 2117 843 2171 ad
874 2117 1139 2170 caelestem
1179 2113 1603 2184 philoSOphiam,
1647 2125 1709 2164 ac

137 2229 313 2284 neque
338 2211 671 2280 splendorem
697 2208 971 2276 praesentis
992 2205 1347 2260 consideravit
1373 2205 1511 2265 vitze,
1538 2215 1710 2270 neque

136 2305 200 2358 ad
244 2303 640 2372 progenitornm
686 2300 977 2351 claritatem
1013 2296 1281 2364 respexit:
1308 2295 1414 2347 imo
1444 2293 1615 2361 potius
1644 2292 1708 2345 ad

137 2393 401 2463 majorum
442 2391 733 2446 claritatem
776 2387 1028 2457 respexit,
1082 2401 1187 2441 non
1230 2384 1442 2454 quidem
1487 2384 1707 2437 istorum

137 2502 276 2557 quos
323 2486 423 2554 ipsi
478 2493 664 2537 natura
716 2479 1014 2535 necessario
1066 2478 1421 2543 devinxerat,
1476 2476 1568 2530 sed
1622 2479 1710 2544 qui

136 2579 286 2647 juxta
318 2575 525 2645 pietatis
552 2573 878 2643 propositum
908 2570 1173 2639 conjuncti
1199 2577 1352 2633 sunt,
1397 2582 1565 2636 eoque
1595 2567 1712 2620 talis

136 2670 312 2720 factus
333 2675 415 2719 est
434 2664 616 2735 quales
642 2663 717 2717 illi
745 2661 957 2715 fuerint.
990 2660 1241 2729 Respexit
1267 2658 1330 2712 ad
1359 2656 1710 2727 patriarcham

138 2757 444 2819 Abraham,
486 2753 719 2821 respexit
756 2752 822 2804 ad
866 2765 1113 2820 magnum
1162 2749 1308 2802 illum
1360 2748 1593 2809 Mosem,
1624 2746 1711 2815 qui

136 2863 260 2901 eum
290 2846 503 2899 essetin
529 2843 677 2913 regio
701 2842 953 2896 educatus
975 2840 1187 2909 palatio,
1209 2854 1391 2893 mensa
1418 2838 1725 2909 Sybaritica.

134 2938 239 2991 frui
282 2942 595 2997 consuetus,
636 2941 691 2987 et
735 2933 871 2985 inter
906 2930 1185 3001 Egyptios
1212 2928 1428 2984 relictus
1465 2928 1716 2997 strepitus

135 3043 199 3079 ac
221 3026 482 3080 tumultus
510 3024 700 3093 (nostis
720 3031 893 3075 autem
920 3021 1214 3088 cujusmodi
1244 3021 1347 3072 sint
1374 3020 1713 3073 barbarorum

134 3120 358 3173 illorum
387 3132 581 3179 mores,
604 3131 759 3185 quam
786 3114 953 3168 fastus
983 3125 1035 3167 et
1058 3114 1371 3181 arrogantia:
1396 3111 1537 3180 pleni
1564 3112 1715 3177 sint),

133 3208 462 3276 contemptis
484 3207 585 3261 illis
610 3207 872 3267 omnibus,
898 3204 963 3257 ad
996 3204 1161 3256 lutum
1190 3212 1243 3257 et
1268 3203 1501 3255 laborem
1532 3203 1715 3271 ligulo-

134 3317 260 3353 rum
307 3298 450 3352 ultro
489 3312 546 3352 se
579 3296 801 3351 contulit
828 3336 842 3359 ,
872 3304 925 3349 et
956 3294 1005 3348 in
1034 3309 1307 3348 servorum
1346 3307 1571 3346 numero
1601 3307 1719 3346 esse

132 3390 481 3458 concupivit,
521 3389 610 3457 qui
650 3403 742 3441 rex
789 3395 983 3440 eratet
1012 3386 1149 3454 regis
1189 3385 1346 3437 tilius.
1386 3384 1542 3453 Atqui
1584 3382 1721 3436 hanc

130 3484 204 3535 ob
248 3497 467 3536 causam
499 3489 617 3549 post
641 3494 889 3533 reversus
914 3486 997 3531 est
1040 3478 1240 3545 majore
1268 3491 1388 3531 cum
1428 3475 1677 3543 dignitate
1702 3516 1716 3540 ,

132 3589 304 3643 quam
341 3581 491 3625 antea
521 3571 735 3639 gerebat
775 3580 930 3637 atque
959 3568 1242 3636 abjecerat.
1290 3566 1560 3636 Siquidem
1604 3576 1723 3634 post

129 3666 390 3720 exsilium
412 3706 426 3726 ,
463 3674 578 3732 post
612 3662 915 3717 servitutem
943 3660 1081 3730 apud
1107 3675 1370 3725 socerum,
1392 3668 1508 3727 post
1524 3674 1720 3711 mrum—

132 3773 231 3812 nas
262 3771 492 3827 peregre
518 3756 797 3816 toleratas,
838 3754 1032 3820 rediit,
1071 3754 1208 3820 regis
1240 3754 1404 3821 ipsius
1432 3751 1679 3821 princeps
1704 3794 1718 3811 ,

128 3852 246 3905 imo
266 3850 450 3904 verius
477 3849 584 3915 regi
612 3849 718 3915 jam
748 3847 912 3901 factus
938 3847 1068 3901 deus
1091 3864 1103 3899 :
1126 3846 1267 3909 Feci,
1296 3848 1484 3914 inquit,
1511 3853 1556 3897 te
1576 3846 1721 3897 deum

129 3940 413 3993 Pharaoni
446 3938 634 4007 (Exod.
662 3939 714 3991 'l.
745 3939 800 4005 l)
825 3954 837 3989 :
860 3938 1079 4005 ipsoque
1100 3952 1223 4004 rege
1242 3935 1569 4004 splendidior
1587 3948 1717 3995 erat,

127 4047 242 4085 non
271 4040 495 4097 gestans
513 4028 753 4081 diadema
776 4068 789 4086 .
822 4043 990 4096 neque
1012 4042 1238 4095 purpura
1270 4027 1520 4089 amictus,
1554 4040 1722 4094 neque

128 4139 305 4176 curru
334 4132 516 4176 vectus
538 4135 719 4184 aureo,
740 4120 829 4173 sed
852 4120 1098 4171 universo
1121 4118 1208 4171 illo
1232 4118 1365 4171 fastu
1392 4119 1719 4171 conculcata.

130 4212 330 4268 amnis
352 4212 484 4264 enim
510 4212 630 4278 ﬁlice
649 4211 777 4279 regis
801 4209 963 4279 gloria
985 4210 1045 4261 ab
1069 4209 1203 4261 intus
1235 4208 1347 4277 (P3.
1374 4210 1460 4261 44.
1485 4207 1593 4275 Μ).
1621 4207 1723 4259 Re-

126 4316 335 4356 versus
362 4311 446 4355 est
474 4301 629 4371 igitur
657 4308 922 4366 sceptrum
952 4307 1163 4368 gestans
1183 4338 1197 4362 ,
1229 4298 1371 4367 quod
1403 4298 1721 4367 imperaret,

125 4410 242 4448 non
277 4392 593 4447 hominibus
613 4400 839 4456 tantum,
864 4391 956 4445 sed
985 4401 1033 4446 et
1066 4392 1216 4451 etelo.
1252 4401 1429 4456 terrm,
1462 4394 1737 4460 marique,

122 4485 282 4539 aeris
311 4493 370 4539 et
398 4498 652 4551 aquarum
680 4490 878 4536 naturre
898 4523 911 4546 ,
943 4483 1169 4548 stagnis.
1201 4481 1433 4535 fontibus
1459 4498 1521 4535 ac
1546 4483 1722 4535 llnmi-

123 4576 303 4629 nibus
332 4592 346 4625 :
374 4574 425 4627 in
453 4588 796 4643 quarcumque
819 4574 959 4625 enim
990 4572 1154 4625 voluit
1174 4570 1365 4637 Moses,
1392 4573 1441 4624 in
1466 4588 1525 4626 ea
1553 4581 1725 4626 verte—

120 4666 343 4719 bantur
372 4664 653 4725 elementa,
693 4673 747 4717 et
786 4664 837 4716 in
886 4663 1127 4716 manibus
1160 4662 1300 4715 illius
1338 4661 1512 4716 denuo
1556 4672 1725 4715 trans-

121 4757 486 4810 formabatnr
532 4765 953 4822 creaturazqute
1008 4768 1110 4805 non
1154 4754 1287 4806 alter
1334 4769 1489 4821 quam
1535 4754 1725 4808 ancilla

118 4847 418 4918 quippiam
451 4844 706 4908 ofﬁciosa,
732 4843 1033 4911 conspicata
1066 4843 1178 4897 heri
1206 4844 1284 4897 sui
1314 4845 1539 4898 amicum
1561 4843 1724 4897 adve—

117 4944 305 5006 nisse,
367 4955 461 5008 per
503 4939 675 4992 omnia
723 4937 974 5006 parebat.
1024 4937 1269 5006 dictoque
1314 4936 1615 4990 audientem
1669 4950 1727 4991 se

115 5031 425 5103 praebebat
445 5071 459 5094 ,
488 5028 705 5098 perinde
732 5038 892 5096 atque
921 5026 1017 5095 ipsi
1047 5026 1280 5079 domino.
1321 5025 1398 5078 Ad
1429 5041 1583 5094 quem
1610 5025 1722 5086 hic.

113 5138 298 5195 quem
358 5136 503 5174 nunc
542 5118 860 5173 laudandum
899 5118 1214 5185 suscipimus
1238 5158 1251 5179 ,
1298 5118 1619 5185 respiciens,
1653 5117 1727 5169 illi

110 5215 334 5271 similis
386 5210 603 5266 effectus
652 5219 759 5274 est,
816 5224 935 5262 cum
990 5216 1131 5261 esset
1174 5208 1403 5277 juvenis,
1452 5208 1496 5261 si
1555 5216 1728 5261 tamen

111 5319 402 5376 umquam
450 5301 547 5354 fuit
588 5302 945 5367 iuvenisznon
993 5300 1132 5352 enim
1175 5313 1301 5352 sane
1326 5298 1519 5362 credo,
1563 5314 1730 5366 usque

109 5400 266 5454 adeo
303 5396 387 5451 illi
420 5395 487 5447 ab
518 5393 645 5462 ipsis
673 5392 948 5447 cunabulis
985 5406 1135 5446 mens
1160 5399 1274 5445 erat
1297 5405 1425 5443 cana
1448 5408 1462 5443 :
1482 5389 1573 5443 sed
1600 5404 1719 5443 cum

109 5494 280 5563 juxta
307 5484 749 5556 supputationem
766 5485 937 5538 aetatis
955 5493 1095 5538 esset
1115 5482 1347 5552 juvenis,
1367 5498 1576 5537 omnem
1595 5483 1728 5535 arri—

106 5717 194 5827 “;
246 5720 350 5760 Hs.
386 5706 513 5757 Colb.
540 5704 706 5764 habet,
730 5702 815 5753 sed
836 5701 889 5751 at
919 5701 1011 5751 illis
1035 5699 1274 5751 (terrendi!
1299 5699 1522 5750 sententia
1551 5711 1570 5749 .'
1594 5698 1733 5749 Faci-

162 5792 312 5827 £8...-

162 5792 312 5827 518...-

996 361 1243 427 seuuo,
1283 358 1425 415 cum
1456 353 1857 412 rnesavren
1900 354 2056 411 run
2094 346 2490 416 onhtNATtts

3264 360 3365 415 698

1802 469 1913 536 puit
1947 471 2331 541 philosophiam
2360 482 2448 527 :ct
2484 480 2823 543 posteaquam
2856 486 3177 544 cognoverat
3207 488 3366 529 natu-

1799 576 1911 613 rum
1952 561 2179 615 hominis
2206 578 2325 616 esse
2363 564 2522 618 veluti
2550 564 2769 618 fundum
2798 566 3078 634 quemdam
3108 574 3160 620 et
3184 581 3367 635 agrum

1799 651 2111 721 sylvestrem
2132 693 2147 717 ,
2180 655 2339 707 animi
2373 656 2586 709 morbos
2613 657 2853 711 oratione
2883 656 3092 725 pietatis
3114 671 3210 712 ceu
3235 656 3370 709 falce

1800 742 2041 811 quapiam
2085 742 2237 796 facile
2284 746 2541 808 resecuit,
2586 746 2831 816 agricola:
2880 757 3095 817 purgata
3143 747 3371 801 reddens

1802 850 1926 888 arva
1982 836 2047 890 ad
2097 838 2397 906 jaciendum
2454 848 2743 893 sementem
2781 855 2886 893 :ea
2937 850 3145 910 recepta
3203 849 3371 894 totum

1803 941 1985 982 semen
2013 928 2079 982 ad
2109 931 2367 996 profunda
2396 931 2639 994 demisit,
2688 940 2741 984 ut
2769 932 3016 987 deorsum
3047 933 3368 997 radicatum,

1804 1034 1905 1073 nec
1943 1020 2007 1074 ad
2044 1022 2294 1076 solarium
2333 1024 2597 1077 radiorum
2638 1026 2892 1094 impetum
2933 1026 3177 1093 cederet,
3220 1042 3319 1081 nec
3344 1042 3374 1081 a

1803 1110 1966 1179 Spinis
2007 1113 2144 1166 male
2186 1112 2550 1168 sutl'ocaretur.
2597 1116 2845 1170 Animum
2887 1116 3099 1186 quidem
3143 1117 3209 1171 ad
3237 1116 3376 1172 hunc

1803 1203 2006 1255 curavit
2042 1203 2291 1257 modum:
2317 1205 2493 1257 carnis
2527 1220 2654 1259 vero
2695 1204 2962 1259 lasciviam
3012 1208 3378 1276 temperantia:

1805 1293 2054 1346 remediis
2094 1295 2431 1363 compressit,
2461 1303 2728 1364 tamquam
2755 1311 2893 1365 equo
2918 1297 3141 1365 cuipiam
3172 1297 3375 1361 rebelli,

1808 1383 2017 1451 Corpori
2041 1383 2228 1453 jejunii
2254 1383 2476 1440 frtenum
2506 1385 2766 1454 injiciens,
2796 1394 2848 1439 et
2871 1387 3004 1441 adeo
3025 1387 3078 1440 in
3107 1387 3379 1442 diversum

1805 1474 2031 1528 tendens
2051 1516 2064 1538 ,
2108 1484 2165 1528 ut
2195 1476 2307 1545 ipsa
2332 1476 2880 1545 concupiscentiarum
2910 1492 3002 1531 ora
3032 1493 3152 1531 cum
3191 1478 3377 1533 mode-

1806 1565 2009 1619 ratione
2050 1575 2373 1635 congruente
2413 1576 2732 1622 cruentaret.
2782 1568 2912 1622 Nam
2967 1584 3137 1639 neque
3185 1584 3379 1638 corpus

1808 1654 2161 1717 excruciabat,
2209 1670 2275 1708 ne
2316 1656 2596 1712 immodice
2636 1657 2943 1727 stringendo
2972 1673 3162 1728 equum
3190 1658 3288 1713 sibi
3316 1659 3382 1713 ad

1812 1746 2160 1800 ministerium
2216 1746 2461 1801 redderet
2512 1748 2786 1815 inutilem,
2858 1764 3030 1817 neque
3084 1748 3384 1817 patiebatur

1810 1849 1968 1904 supra
2013 1836 2226 1889 modum
2256 1837 2475 1891 obesum
2509 1837 2618 1890 tieri
2641 1879 2657 1902 ,
2695 1853 2760 1892 ne
2787 1838 3145 1905 corpulentior
3184 1839 3383 1905 factus,

1814 1941 1999 1979 rursus
2023 1927 2250 1997 erigeret
2278 1942 2396 1981 sese
2421 1928 2673 1982 adversus
2701 1930 2959 1983 rationem
3006 1929 3239 1983 habenas
3269 1945 3386 1983 mo-

1812 2020 2084 2075 derantem
2109 2038 2121 2073 :
2142 2021 2235 2075 sed
2256 2022 2412 2075 simul
2438 2030 2489 2075 et
2513 2023 2753 2075 sanitatis
2782 2023 2919 2075 illius
2939 2032 2991 2076 et
3012 2022 3388 2085 moderationis

1813 2127 1995 2166 curam
2045 2111 2242 2166 habuit.
2287 2113 2466 2182 Neque
2512 2128 2639 2167 vero
2682 2129 2801 2174 cum
2852 2114 2970 2167 talis
3013 2116 3065 2166 in
3109 2113 3387 2182 juventute

1815 2201 2033 2267 fuisset,
2075 2214 2414 2270 posteaquam
2446 2212 2681 2256 teneram
2724 2212 2933 2256 :etatem
2964 2204 3224 2269 excessit,
3254 2204 3389 2257 hanc

1814 2309 2022 2361 qttoque
2060 2309 2237 2347 curam
2280 2294 2473 2362 abjecit
2500 2312 2515 2349 :
2540 2309 2723 2348 verum
2754 2296 2911 2348 etiam
2944 2310 3082 2348 nunc
3104 2296 3193 2364 qui
3220 2296 3272 2349 in
3300 2310 3391 2351 sec

1817 2392 2045 2447 nectute,
2079 2384 2223 2437 velut
2249 2384 2298 2435 in
2327 2398 2540 2439 amoeno
2564 2394 2717 2453 portu
2744 2383 2913 2449 sedet,
2941 2399 3124 2439 rursus
3148 2383 3389 2440 eamdem

1816 2489 1995 2527 curam
2041 2475 2305 2529 observat.
2355 2475 2486 2529 Nam
2530 2476 2812 2545 juventus,
2858 2490 2891 2528 ο
2937 2476 3158 2541 dilecte,
3206 2478 3391 2547 pelago

1819 2566 2006 2620 furenti
2056 2567 2241 2621 similis
2282 2576 2396 2634 est,
2446 2568 2734 2623 immitibus
2776 2569 2929 2623 undis
2955 2585 3017 2623 ac
3042 2570 3210 2625 ventis
3239 2571 3392 2625 malis

1818 2657 2012 2711 referto
2034 2676 2045 2710 :
2067 2660 2285 2713 canities
2332 2674 2461 2714 vero
2486 2659 2631 2713 velut
2670 2660 2724 2714 in
2755 2660 3036 2729 tranquillo
3066 2668 3219 2730 portu
3246 2660 3393 2716 fovet

1818 2761 2001 2801 eorum
2029 2750 2257 2815 animos,
2290 2750 2379 2820 qui
2409 2760 2827 2814 consenuerunt,
2856 2760 3112 2819 praestans
3139 2760 3197 2806 ut
3222 2753 3394 2808 aetatis

1822 2839 2096 2896 beneticio-
2118 2848 2263 2907 parta
2296 2840 2646 2907 periculorum
2676 2840 3006 2894 immunitate
3032 2839 3261 2909 jucunde
3286 2840 3394 2895 fru-

1823 2943 1998 2987 antur.
2032 2932 2141 2987 llac
2164 2932 2546 3002 tranquillitate
2569 2946 2688 2986 cum
2723 2932 2805 2985 hic
2835 2946 2975 2986 nunc
3006 2940 3117 2987 tuto
3141 2932 3391 3001 potiatur,

1820 3033 1976 3092 atque
2015 3023 2067 3076 in
2098 3032 2251 3091 portu
2272 3063 2286 3086 ,
2314 3031 2371 3076 ut
2399 3022 2502 3075 dixi
2528 3062 2543 3087 ,
2571 3022 2762 3076 sedens
2784 3063 2796 3084 ,
2829 3022 2995 3075 nihilo
3023 3023 3195 3077 minus
3216 3030 3393 3080 tamen

1821 3125 1903 3171 est
1933 3115 2189 3170 sollicitus
2213 3134 2226 3169 :
2250 3126 2302 3168 at
2339 3115 2478 3169 hunc
2508 3116 2751 3169 timorem
2780 3116 2981 3182 accepit
3005 3130 3032 3167 a
3060 3115 3223 3170 Paulo
3245 3155 3261 3182 ,
3305 3117 3394 3185 qni

1823 3224 1945 3263 cum
1972 3208 2299 3263 ascendisset
2326 3208 2377 3261 in
2400 3209 2609 3271 ccclum,
2634 3220 2790 3277 atque
2814 3207 2935 3262 inde
2957 3223 3207 3263 reversus
3228 3217 3397 3263 terras

1822 3315 2005 3354 rursus
2044 3298 2333 3368 attigisset,
2382 3298 2579 3361 aiebat,
2636 3296 2819 3351 Vereor
2857 3314 2919 3351 ne
2957 3302 3086 3368 forte
3129 3315 3243 3351 cum
3284 3299 3399 3352 aliis

1824 3392 2218 3462 pradicaverim,
2231 3391 2337 3462 ipse
2351 3390 2586 3461 reprobus
2603 3391 2787 3459 e/ﬁciar
2800 3390 2846 3462 (l
2860 3431 2874 3446 .
2891 3391 3007 3445 Cor.
3023 3390 3076 3445 9.
3091 3392 3182 3460 Ἦ)
3203 3410 3215 3444 :
3230 3405 3399 3460 eoque

1824 3484 1910 3538 hic
1937 3499 2055 3539 sese
2101 3484 2151 3536 in
2195 3495 2447 3552 perpetuo
2479 3484 2667 3536 timore
2711 3482 3018 3544 constituit,
3063 3490 3119 3533 ut
3158 3490 3299 3535 esset
3345 3482 3398 3534 in

1826 3585 2076 3643 perpetua
2104 3574 2315 3638 ﬁducia,
2346 3573 2712 3641 assideretque
2740 3572 2909 3633 clavo,
2942 3588 3046 3625 non
3076 3572 3161 3627 ille
3184 3572 3398 3641 quidem

1826 3666 2100 3719 stellarum
2129 3675 2344 3719 exortus
2374 3664 2662 3718 observans
2686 3705 2699 3728 ,
2732 3679 2904 3732 neque
2934 3679 3093 3733 rupes
3121 3664 3219 3718 sub
3251 3665 3401 3733 aquis

1828 3759 2082 3818 latentes,
2133 3771 2304 3824 neque
2348 3756 2622 3822 scopulos,
2673 3754 2764 3808 sed
2809 3754 3108 3807 daemonum
3140 3754 3398 3820 insultus,

1826 3864 1887 3902 ac
1907 3847 2098 3902 diaboli
2119 3848 2396 3912 versutias,
2416 3846 2893 3914 cogitationumque
2912 3860 3134 3915 pugnas,
3148 3848 3401 3915 ‘omnique

1828 3948 1979 4010 parte
2006 3940 2234 3993 lustrans
2261 3938 2578 4001 exercitum,
2618 3947 2835 3990 cunctos
2878 3936 2933 3990 in
2970 3945 3083 3990 tuto
3108 3935 3397 3990 constituit.

1825 4031 2004 4100 Neque
2030 4030 2170 4084 enim
2203 4027 2329 4082 illud
2356 4028 2515 4081 modo
2551 4034 2780 4096 spectat,
2812 4040 2881 4080 ne
2906 4026 3099 4094 scapha
3130 4024 3402 4095 demerga-

1832 4134 1946 4183 tur;
1981 4122 2073 4175 sed
2118 4136 2185 4175 ne
2212 4122 2331 4191 quis
2355 4135 2537 4173 eorum
2560 4159 2574 4181 ,
2617 4132 2751 4188 quos
2790 4133 2967 4172 secum
3014 4117 3172 4172 habet
3200 4118 3251 4171 in
3284 4119 3400 4171 navi

1830 4226 2095 4278 vectores,
2122 4228 2152 4266 a
2181 4212 2402 4266 tumultu
2432 4210 2658 4281 quodam
2687 4224 2784 4264 ceu
2811 4224 2838 4261 a
2869 4210 3053 4277 piratis
3082 4209 3400 4279 abripiatur,

1828 4306 1958 4359 nihil
2003 4320 2107 4358 non
2138 4314 2287 4359 curat
2328 4302 2613 4372 agitatque.
2657 4301 2758 4354 Per
2800 4299 2975 4361 hunc,
3015 4315 3215 4369 perque
3247 4298 3404 4368 hujus

1828 4396 2143 4465 sapientiam
2190 4409 2287 4448 nos
2336 4408 2520 4447 omnes
2572 4390 2819 4467 secundo
2853 4389 3160 4459 navigamus
3203 4399 3399 4451 vento.

1827 4489 1982 4559 plena
2013 4488 2161 4540 navis
2189 4485 2299 4541 vela
2328 4484 2637 4555 pandentes.

1899 4582 1951 4635 4.
1994 4580 2071 4633 De
2110 4578 2311 4632 Meletio
2351 4578 2660 4630 Antioclteno
2708 4575 2946 4646 loquitur.
2985 4605 3056 4614 —
3094 4575 3231 4629 Sane
3280 4589 3401 4628 cunt

1829 4674 2059 4743 priorem
2080 4673 2223 4724 illum
2248 4680 2445 4739 patrem
2477 4670 2837 4723 amisissemus
2856 4709 2871 4734 ,
2895 4668 2980 4737 qni
3009 4678 3069 4724 et
3091 4666 3228 4720 lumc
3248 4666 3403 4721 nobis

1828 4766 2043 4835 genuit,
2068 4764 2116 4817 in
2144 4763 2384 4832 angustia
2415 4777 2501 4816 res
2544 4771 2738 4815 nostra:
2768 4768 2949 4813 erant:
2982 4774 3152 4828 quare
3182 4758 3403 4812 misera-

1830 4854 2008 4908 biliter
2039 4852 2478 4915 lamentabamur,
2508 4862 2563 4904 ut
2592 4852 2681 4919 qui
2709 4866 2812 4903 non
2842 4849 3187 4919 sperabamus
3214 4847 3326 4901 fore
3347 4854 3405 4899 ut

1832 4943 1918 4998 hic
1941 4943 2158 4998 thronus
2187 4944 2344 4996 alium
2374 4944 2546 4996 virum
2579 4943 2737 4995 talem
2765 4943 3050 5010 acciperet.
3076 4937 3269 4993 Verum
3316 4936 3406 4991 ubi

1833 5037 1918 5091 hic
1940 5036 2171 5101 advenit,
2204 5045 2257 5091 et
2282 5036 2333 5088 in
2365 5036 2505 5089 clara
2531 5035 2646 5089 luce
2663 5034 2804 5088 visus
2829 5042 2909 5087 est
2929 5075 2942 5098 ,
2969 5030 3129 5087 efﬁcit
3160 5039 3216 5081 ut
3237 5031 3431 5084 omnis.

1835 5130 1920 5182 illa
1952 5129 2191 5197 angustia
2220 5127 2383 5180 veluti
2406 5126 2576 5179 nubes
2607 5125 2948 5193 praﬁerierit,
2975 5132 3028 5178 et
3057 5138 3242 5178 omnes
3280 5137 3397 5177 mo-

1833 5220 2001 5275 lestia:
2028 5220 2354 5273 evanuerint.
2400 5217 2581 5286 Neque
2610 5218 2805 5271 sensim
2834 5216 2984 5269 nobis
3012 5216 3207 5269 luctum
3256 5215 3427 5270 illum.

1834 5313 2062 5373 exemit,
2091 5310 2182 5364 sed
2232 5310 2365 5362 adeo
2409 5318 2658 5376 repente,
2684 5307 2831 5375 quasi
2867 5306 3005 5361 idem
3053 5307 3140 5360 ille
3164 5306 3351 5361 beatus
3379 5322 3409 5361 e

1836 5402 2040 5456 tumulo
2054 5400 2321 5456 redivivus
2344 5401 2395 5452 in
2426 5399 2565 5452 hunc
2596 5398 2842 5451 thronum
2865 5397 3040 5451 denuo
3064 5396 3389 5451 ascendisset

1836 5492 2032 5548 Verum
2060 5491 2421 5560 imprudentes
2442 5504 2623 5542 amore
2650 5487 2925 5555 studioque
2954 5486 3208 5555 prteclare
3229 5496 3408 5556 gesto-

1839 5601 1955 5640 rum
1986 5586 2148 5655 patris
2177 5583 2379 5645 nostri,
2409 5596 2708 5637 sermonem
2738 5581 2871 5634 ultra
2903 5580 3117 5634 modum
3159 5581 3406 5648 produxi-

1838 5691 2121 5741 mus,non
2168 5674 2286 5727 dico
2332 5675 2466 5727 ultra
2507 5672 2720 5726 modum
2770 5687 2952 5727 eorum
2993 5687 3112 5742 qua:
3157 5671 3244 5725 hic
3290 5687 3410 5725 cum

1844 5771 1993 5824 Lmde
2018 5768 2216 5840 gessit;
2239 5782 2360 5820 nam
2400 5766 2467 5820 de
2493 5764 2574 5818 his
2601 5780 2666 5819 ne
2691 5765 2830 5834 loqui
2865 5763 3073 5835 quidem
3118 5764 3409 5831 cmpimus;
