3922 6266
414 334 518 390 099

409 450 503 506 sed
560 451 695 505 ultra
753 447 1166 503 mediocritatem
1213 456 1408 501 nostra:
1458 445 1816 514 juventutis‘.
1857 447 1990 512 Age-

409 545 534 596 dum
559 542 715 612 igitur
734 531 919 594 rursus
942 537 1087 592 velut
1125 538 1177 591 in
1203 547 1416 608 portum
1453 536 1749 590 arationem
1777 534 1992 590 silentio

409 635 473 687 ad
498 633 729 702 quietem
750 644 1089 686 revocemus:
1121 638 1372 682 caeterum
1389 641 1453 680 ea
1473 625 1717 682 desinere
1733 640 1837 680 non
1858 624 1991 702 vult,

409 725 502 778 scd
521 740 661 793 :cgre
683 721 803 788 fert,
818 720 1224 789 indignaturque
1240 718 1460 788 cupiens
1476 726 1589 772 toto
1608 725 1757 787 prato
1768 716 1990 784 expleri.

413 815 606 870 Verum
621 813 672 868 id
698 811 1024 882 impossibile
1040 820 1151 877 est,
1179 825 1212 865 ο
1232 811 1404 880 pueri.
1426 809 1739 864 Desinamus
1756 809 1912 877 igitur
1931 822 1991 861 ea

413 907 689 977 persequi,
712 921 830 976 qua:
863 920 965 959 non
999 918 1279 974 possumus
1299 903 1539 973 assequi;
1560 900 1994 957 sufﬁciantnobis

408 999 474 1054 ad
501 997 746 1053 solatium
798 1011 861 1050 ea
906 1011 1024 1066 qua:
1069 994 1208 1049 dicta
1258 1002 1401 1048 sunt.
1452 991 1892 1061 Quandoquidem
1939 991 1992 1044 in

409 1089 655 1161 pretiosis
683 1089 964 1159 unguentis
983 1102 1088 1140 non
1110 1093 1312 1139 tantum
1347 1085 1393 1139 si
1427 1084 1547 1154 quis
1573 1082 1808 1138 effundat
1844 1083 1996 1151 lccy-

411 1182 561 1236 thum
581 1221 596 1246 ,
618 1195 800 1234 verum
821 1178 978 1233 etiam
1005 1177 1049 1232 si
1071 1177 1190 1245 quis
1220 1177 1304 1230 vel
1333 1175 1554 1229 summis
1592 1173 1770 1244 digitis
1811 1188 1997 1242 super-

411 1272 586 1328 ficiem
612 1271 834 1340 attingat
853 1311 867 1331 ,
891 1279 944 1323 et
970 1285 1146 1323 acrem
1176 1283 1313 1321 novo
1339 1267 1518 1322 colore
1553 1265 1741 1337 tinxit,
1760 1275 1814 1320 et
1838 1273 1996 1334 quoto

411 1373 542 1432 quot
566 1363 793 1424 adsunt,
825 1360 1082 1414 suavitate
1122 1357 1422 1428 fragrantiae
1453 1356 1697 1426 replevit.
1741 1353 1894 1420 Quod
1945 1362 1999 1407 et

412 1457 466 1511 in
498 1453 778 1525 praesentia
808 1450 1057 1521 contigit,
1089 1465 1194 1506 non
1219 1449 1418 1503 viribus
1437 1448 1756 1518 eloquentiae
1779 1457 1996 1510 nostrre,

325 1535 335 1542 ’
414 1545 510 1602 sed
557 1553 773 1616 prepter
797 1543 905 1598 vim
954 1542 1022 1597 ab
1071 1541 1174 1596 hoc
1215 1541 1352 1596 bene
1393 1548 1687 1611 gestorum.
1737 1538 2000 1592 Abeamus

413 1638 589 1708 igitur,
638 1637 890 1690 abeamus
933 1634 999 1688 ad
1045 1647 1230 1704 preces
1269 1631 1627 1692 divertentcs,
1653 1629 2002 1699 deprecemur

414 1729 582 1784 Deum
604 1768 620 1795 ,
649 1735 706 1781 ut
724 1723 1022 1781 communis
1050 1732 1217 1777 mater
1248 1731 1428 1776 nostra
1451 1719 1748 1776 illabefacta
1794 1727 1850 1774 et
1898 1719 2001 1772 im-

415 1831 557 1877 mota
576 1827 805 1884 maneat,
830 1826 888 1871 ut
914 1816 1053 1871 hunc
1088 1824 1314 1885 patrem,
1340 1813 1636 1877 doctorem,
1658 1819 1923 1881 pastorem
1950 1817 2003 1864 et

414 1915 858 1984 gubernatorem,
893 1909 962 1963 ad
1017 1909 1226 1980 longam
1267 1905 1526 1974 producat
1573 1903 1755 1957 vitam.
1786 1900 1844 1956 Si
1893 1913 1997 1969 qua

414 2006 567 2060 vobis
593 2005 753 2060 etiam
795 2001 962 2055 nostri
1010 2001 1148 2053 ratio
1187 2008 1300 2062 est;
1334 2010 1508 2066 neque
1557 1994 1698 2049 enim
1739 1992 1849 2062 jam
1904 2005 2002 2045 nos

417 2099 561 2168 ipsos
607 2095 662 2150 in
714 2091 1054 2147 sacerdotum
1105 2103 1326 2144 numero
1394 2101 1592 2156 ponere
1661 2083 1998 2150 audebimus,

485 2251 500 2280 ⁸
538 2255 588 2296 In
610 2248 700 2296 hoc
725 2246 944 2300 verbum,
971 2240 1249 2306 juventutis,
1275 2240 1454 2289 desinit
1491 2237 1630 2289 Savil.
1675 2236 1867 2299 Reliqua
1889 2234 2007 2284 deti-

418 2313 568 2361 ciunt.

1122 333 1178 389 S.
1217 331 1495 390 JOANNIS
1531 331 2002 390 CHRYSOSTOMl
2042 332 2361 390 ARCHIEP.
2403 333 2941 395 CONSTANTINOP.

3562 332 3672 386 700

2097 448 2310 516 quando
2340 463 2440 504 nec
2467 449 2549 504 iac
2575 457 2660 504 est
2683 450 2951 505 abortivos
2983 460 3166 520 partus
3192 464 3313 506 cam
3340 450 3587 523 legitimis
3611 467 3677 508 ae

2099 537 2347 606 perfectis
2373 554 2656 595 numerare
2679 555 2696 603 ;
2724 538 2866 609 quod
2891 540 2934 595 si
2966 555 3070 610 qua
3089 581 3105 607 ,
3135 542 3350 610 inquam
3372 582 3387 605 ,
3423 552 3507 596 est
3532 543 3679 612 apud

2097 642 2192 683 vos
2219 637 2274 683 et
2313 631 2480 684 nostri
2510 630 2646 686 ratio
2667 640 2933 702 tamquam
2983 630 3123 688 fetus
3165 632 3440 702 cujusdam
3486 633 3681 689 abortu

2097 721 2251 790 ejecti
2273 763 2288 788 ,
2317 731 2466 778 orate
2508 731 2568 776 ut
2614 739 2644 778 e
2663 724 2908 793 supernis
2937 724 3090 782 nobis
3126 725 3324 784 multus
3349 726 3568 781 accedat
3592 728 3681 779 vi~

2097 829 2212 883 gor.
2266 813 2411 884 Opus
2459 815 2671 885 quidem
2703 825 2817 871 erat
2870 816 3022 871 nobis
3060 826 3114 872 et
3143 819 3288 888 prius
3333 819 3516 884 tutela,
3549 819 3689 877 dum.

2098 903 2198 958 soli
2224 904 2383 960 vitam
2413 905 2727 974 degeremus
2749 921 2780 960 a
2799 909 3019 976 negotiis
3043 908 3261 963 liberam
3285 925 3299 961 :
3318 918 3375 963 at
3398 919 3684 979 postquam

2101 997 2155 1051 in
2193 997 2426 1051 medium
2454 997 2695 1066 producti
2741 1010 2954 1063 sumus;
2987 999 3173 1052 omitto
3220 999 3517 1069 quomodo,
3566 1000 3690 1054 sive

2101 1089 2334 1144 humano
2395 1089 2604 1158 studio,
2653 1089 2766 1145 sive
2833 1089 3013 1146 favore
3067 1091 3297 1146 divino:
3351 1092 3485 1148 nihil
3535 1094 3685 1147 enim

2103 1181 2376 1237 vobiscum
2431 1181 2529 1236 hac
2569 1181 2636 1236 de
2685 1197 2744 1237 re
2763 1182 3115 1249 contendam,
3149 1199 3216 1238 ne
3256 1184 3339 1237 cui
3377 1183 3559 1237 videar
3584 1198 3687 1252 per

2101 1273 2576 1328 dissimulationem
2627 1281 2680 1328 et
2711 1273 2933 1327 ironiam
2981 1274 3153 1342 loqui;
3181 1284 3412 1329 attamen
3467 1275 3687 1344 quando

2103 1365 2343 1434 producti
2391 1379 2606 1429 sumus,
2660 1379 2724 1419 ac
2756 1364 2937 1434 jugum
2996 1365 3098 1422 hoc
3140 1365 3369 1420 validum
3414 1380 3688 1434 graveque

2101 1456 2434 1525 suscepimus
2452 1496 2466 1519 ,
2504 1455 2685 1510 multis
2712 1456 2866 1514 nobis
2892 1471 3027 1524 Opus
3048 1465 3130 1511 est
3158 1456 3400 1510 manibus
3417 1496 3434 1523 ,
3461 1455 3688 1510 infinitis

2105 1547 2351 1616 precibus
2374 1588 2388 1613 ,
2419 1563 2524 1617 quo
2545 1547 2813 1617 possimus
2849 1547 3149 1616 depositum
3202 1548 3404 1604 salvum
3454 1547 3694 1603 reddere

2102 1637 2322 1694 domino
2359 1639 2448 1708 qui
2497 1637 2776 1709 deposuit,
2807 1638 2858 1692 in
2891 1639 2978 1693 die
3008 1639 3130 1704 illo,
3160 1654 3279 1694 cum
3309 1640 3341 1693 ii
3381 1639 3575 1709 quibus
3600 1648 3687 1693 ta-

2105 1734 2246 1788 lenta
2285 1733 2487 1788 credita
2533 1741 2691 1798 sunt,
2727 1732 3051 1794 citabuntur,
3096 1743 3151 1788 et
3189 1733 3390 1801 judicio
3428 1734 3692 1790 sistentur

2106 1825 2365 1879 rationem
2408 1822 2685 1888 reddituri.
2711 1824 2872 1880 Orate
2918 1825 3091 1893 igitur,
3139 1839 3205 1878 ne
3232 1823 3386 1878 nobis
3435 1824 3690 1889 eveniat.

2105 1916 2246 1987 quod
2271 1917 2449 1972 evenit
2470 1915 2571 1970 illis
2596 1915 2823 1984 alligatis
2843 1915 2958 1970 etin
2982 1915 3226 1970 tenebras
3244 1915 3539 1972 exteriores
3555 1930 3692 1975 con.-

2103 2009 2292 2079 jectis:
2322 2007 2420 2062 sed
2462 2008 2630 2064 simus
2679 2008 2730 2064 in
2780 2022 2964 2062 eorum
3013 2021 3271 2071 numero,
3298 2007 3390 2077 qui
3437 2015 3694 2076 poterunt

2107 2100 2546 2169 qualemcumque
2574 2097 2782 2165 assequi
2813 2097 3023 2151 veniam
3041 2138 3056 2161 ,
3087 2098 3254 2166 gratia
3283 2107 3337 2152 et
3361 2098 3696 2167 benignitate

2111 2191 2320 2258 Domini
2369 2190 2533 2244 nostri
2562 2189 2688 2243 Jesu
2721 2189 2952 2255 Christi,
2978 2189 3062 2246 cui
3091 2188 3260 2259 gloria
3279 2229 3294 2254 ,
3326 2190 3608 2257 imperium
3636 2199 3697 2246 es

2111 2282 2351 2338 adoratio
2371 2282 2423 2335 in
2455 2281 2647 2335 saecula
2669 2279 3005 2335 seculorum.
3035 2283 3225 2335 Amen.

449 2551 3672 2612 Μ

1307 2850 1384 2910 ΙΝ
1419 2845 1815 2910 HOMILIAS
1853 2843 1960 2904 DE
1994 2839 2814 2912 INCOMPREHENSIBILI;

497 3173 641 3228 Inter
673 3170 876 3240 primas
904 3162 1283 3236 Chrysostomi
1317 3160 1638 3221 conciones,
1668 3170 1765 3210 eas
1814 3152 2006 3209 videli-

430 3290 513 3336 cet
535 3294 673 3348 quas
697 3290 843 3330 anno
865 3273 969 3328 586
992 3271 1058 3326 ad
1085 3270 1344 3341 pepulum
1367 3265 1770 3322 Antiochenum
1794 3261 2006 3328 habuit,

434 3387 594 3439 hasce
661 3382 736 3435 De
789 3375 1300 3450 incomprehensibili
1357 3375 1789 3445 consignamus:
1847 3370 2012 3441 cujus.

435 3487 697 3557 tetnporis
729 3495 889 3540 notas
933 3485 1050 3554 ipse
1083 3481 1429 3552 suppeditat;
1459 3494 1652 3535 verum
1701 3477 2006 3544 intricatas,

435 3604 489 3647 et
515 3604 574 3646 ut
601 3591 996 3662 Chrysostomo
1029 3589 1082 3643 in
1111 3601 1266 3643 more
1290 3596 1393 3654 est,
1451 3599 1562 3640 non
1592 3585 1673 3640 ita.
1720 3583 2012 3653 diligenter

437 3699 666 3771 positas.
683 3696 894 3760 ,Prima
935 3697 1118 3765 itaque
1163 3703 1291 3749 nota
1334 3693 1540 3764 petitur
1574 3707 1643 3748 ex
1686 3689 1910 3748 bomilia
1958 3703 2013 3744 tv

435 3805 512 3862 De
542 3803 1072 3876 incomprehensibili.
1103 3801 1194 3856 ubi
1226 3803 1307 3855 sic
1334 3801 1568 3871 legitur:
1606 3799 1742 3853 Ante
1790 3798 1882 3852 hos
1921 3797 2013 3852 de-

437 3929 551 3970 cem
582 3929 749 3966 annos
818 3912 1035 3982 quidam
1101 3908 1431 3977 tyrannidem
1485 3907 1791 3976 alfectantes
1825 3905 2012 3972 depre-

449 4019 581 4068 ’κἰιπτ
611 4015 848 4083 raptique
892 4021 1037 4074 sunt,
1077 4012 1216 4082 quod
1271 4028 1360 4066 vos
1397 4028 1500 4065 non
1560 4011 1836 4082 ignoratis.
1880 4008 2014 4064 Tum

439 4115 636 4187 aliquis
663 4117 720 4170 in
747 4117 1063 4187 magistratu
1084 4117 1426 4174 constitutus.
1457 4117 1696 4173 criminis
1724 4134 1844 4172 reus
1873 4134 2018 4175 com-2

434 4229 780 4291 pertus,‘cum
809 4223 879 4275 ad
918 4232 1139 4275 mortem
1171 4221 1294 4290 {une
1323 4223 1391 4275 ad
1416 4239 1475 4274 os
1516 4221 1743 4292 alligato
1796 4221 2016 4278 ducere-1

433 4335 542 4393 tur,
577 4336 688 4380 tota
715 4325 841 4380 urbs
867 4326 936 4380 ad
965 4325 1365 4394 hippodromum
1405 4328 1662 4390 accurrit,
1711 4326 2015 4396 eductisque

436 4451 465 4489 e
520 4449 727 4488 carcere
789 4433 1047 4502 captivis,
1108 4433 1265 4484 simul
1351 4442 1494 4485 totus
1583 4433 1807 4503 populus
1866 4449 2011 4486 reum

435 4541 792 4609 imperatoria:
822 4539 1034 4605 ultioni,
1073 4539 1171 4592 etsi
1225 4538 1374 4592 nulla
1424 4539 1641 4608 dignum
1690 4539 1856 4604 venia,
1891 4537 2014 4592 sub-

432 4644 604 4698 duxit.
643 4642 828 4696 Palam
885 4657 1018 4698 sane
1050 4641 1267 4697 videtur
1303 4657 1424 4697 esse
1477 4643 1569 4698 hic
1616 4642 1684 4697 de
1739 4641 2014 4697 Theodori

433 4751 843 4822 conspiratione
868 4749 978 4822 agi,
1033 4750 1128 4821 qui
1164 4765 1308 4805 anno
1356 4764 1480 4805 cum
1540 4748 1851 4805 tardissime
1904 4748 2012 4804 574

431 4857 610 4927 capite
640 4857 832 4926 plexus
863 4864 982 4911 est:
1021 4855 1202 4911 missis
1257 4855 1404 4910 enim
1456 4855 1578 4910 aliis
1634 4869 1756 4924 quae.
1807 4871 1875 4910 ex
1911 4855 2013 4910 hac

436 4960 822 5033 Chrysostomi
855 4961 1176 5016 narratione
1197 4961 1452 5016 oriuntur
1480 4959 1910 5022 difﬁcultatibus,
1952 4959 2009 5014 in

429 5069 549 5137 ejus
585 5067 706 5121 Vita
733 5068 1112 5135 explanandis,
1143 5069 1194 5122 id
1221 5077 1366 5123 certe
1388 5068 1610 5138 planum
1635 5067 1868 5128 videtur,
1902 5081 2012 5121 non

434 5189 602 5245 posse
647 5172 920 5229 Theodori
977 5188 1165 5228 necem
1207 5173 1349 5228 ultra
1405 5189 1610 5229 annum
1645 5173 1750 5228 574
1787 5172 2011 5228 differri.

431 5279 551 5348 Quo
584 5281 765 5351 posito
794 5280 1027 5345 calculo,
1067 5295 1177 5334 non
1221 5289 1344 5334 ante
1384 5279 1477 5334 hos
1515 5280 1715 5344 decem,
1764 5281 1848 5334 vel
1894 5287 2014 5332 ante

433 5386 522 5440 ‘ios
557 5385 835 5439 duodecim
867 5401 1041 5441 annos
1094 5386 1342 5441 dicturus
1387 5393 1507 5441 erat
1562 5385 2011 5458 Chrysostomus,

435 5499 496 5546 ut
526 5492 845 5562 supputatio
894 5501 1210 5548 constaret:
1238 5507 1365 5547 nam
1409 5491 1466 5546 in
1510 5491 1885 5562 presbyterum
1916 5491 2014 5546 ad-

431 5596 611 5652 tectus
636 5612 783 5651 anno
805 5595 934 5661 586,
969 5598 1178 5655 aliquot
1219 5596 1425 5670 elapsis
1475 5606 1663 5669 postea
1706 5597 2008 5669 mensibus,

428 5703 543 5760 lucc
572 5705 1017 5762 concionabatur.

2172 3151 2422 3215 ,Alteram
2483 3160 2666 3207 notam
2700 3161 3018 3209 mutuamur
3049 3168 3113 3209 ex
3161 3154 3389 3211 homilia
3447 3157 3697 3228 quadam

2115 3270 2302 3316 contra
2326 3257 2544 3314 Iudaeos
2597 3276 2744 3318 anno
2786 3260 2890 3316 587
2930 3261 3152 3326 habita,
3207 3260 3302 3317 ubi
3366 3261 3496 3318 talia
3548 3261 3701 3318 fatur

2115 3359 2576 3433 Chrysostomus:
2615 3362 2768 3429 Quod
2798 3380 2917 3419 vero
2959 3363 3076 3434 jam
3107 3365 3348 3422 dicturus
3377 3381 3495 3420 sum
3532 3366 3702 3428 etiam,

2115 3468 2404 3538 admodum
2428 3469 2707 3539 juvenibus
2735 3481 2812 3525 est
2841 3469 3043 3548 clarum
3072 3487 3136 3525 ac
3177 3472 3530 3541 perspicuum.
3569 3471 3699 3526 Non

2116 3575 2254 3626 enim
2283 3582 2485 3644 gestum
2521 3585 2599 3628 est
2628 3574 2724 3629 sub
2770 3573 3009 3628 Adriano
3059 3582 3153 3627 aut
3193 3573 3565 3635 Constantino.
3606 3578 3698 3632 sed

2117 3678 2211 3734 sub
2242 3681 2555 3747 imperatore
2591 3681 2684 3749 qui
2719 3679 2821 3748 fuit
2848 3688 3002 3734 aetate
3043 3688 3228 3733 nostra
3259 3689 3379 3734 ante
3417 3695 3584 3734 annos
3618 3681 3700 3733 ci-

2120 3784 2284 3854 ginti.
2303 3783 2514 3838 Etenim
2540 3799 2656 3838 cum
2687 3781 2962 3852 Julianus,
2994 3785 3085 3856 qui
3135 3785 3470 3854 imperatores
3515 3801 3696 3839 omnes

2119 3891 2387 3960 superavit
2419 3891 2711 3962 impietate,
2747 3902 2952 3946 vocaret
3004 3891 3124 3946 illos
3160 3891 3228 3945 ad
3279 3891 3698 3961 sacriﬁcandum

2119 3995 2297 4062 idolis,
2338 3995 2584 4067 etc.,lubi
2613 4011 2799 4067 parem
2831 3997 3232 4069 ἀναχρονισμόν
3268 3996 3695 4052 animadvertas.

2118 4099 2369 4156 Julianus
2406 4101 2550 4156 enim
2591 4117 2737 4165 anno
2787 4100 2894 4157 565
2925 4102 3233 4158 exstinctus
3277 4110 3381 4168 est,
3428 4117 3460 4157 a
3498 4074 3619 4172 quo
3649 4101 3698 4157 si

2122 4203 2783 4274 supputatioduceretur,
2834 4219 2981 4259 anno
3016 4205 3122 4260 585
3169 4206 3285 4261 haec
3337 4205 3701 4262 concionatus

2119 4321 2268 4369 esset
2293 4312 2741 4383 Chrysostomus.
2773 4313 2937 4384 Atqui
2971 4323 3100 4369 tunc
3130 4314 3394 4370 diaconus
3434 4313 3524 4368 ille
3556 4322 3699 4377 erat,

2119 4435 2299 4491 neque
2338 4421 2504 4481 ullam
2547 4421 2613 4476 ad
2643 4422 2902 4492 populum
2941 4421 3264 4478 concionem
3311 4421 3502 4476 habuit
3545 4431 3700 4478 ante-

2122 4540 2286 4596 quam
2324 4526 2603 4598 presbyter
2637 4527 3007 4592 ordinaretur,
3041 4536 3100 4582 ut
3142 4526 3259 4598 ipse
3290 4526 3346 4582 in
3390 4528 3566 4599 prima
3597 4543 3702 4582 sua

2124 4628 2350 4684 liomilia
2405 4631 2728 4686 testilicatur
2783 4647 2990 4704 supra:
3040 4633 3326 4689 ordinatus
3374 4641 3555 4700 autem
3615 4643 3701 4693 est

2119 4754 2264 4794 anno
2298 4738 2422 4801 586.
2458 4750 2516 4794 ut
2550 4755 2692 4810 saepe
2749 4739 2990 4800 diximus
3021 4749 3075 4795 et
3110 4739 3359 4810 pluribus
3409 4752 3700 4795 common-

2119 4846 2386 4900 strabitur
2410 4846 2464 4899 in
2489 4845 2610 4899 Vita
2637 4846 2758 4916 ejus
2781 4846 2848 4901 ad
2869 4846 3076 4907 calcem
3096 4843 3335 4916 Operum
3357 4844 3697 4899 adornanda.

2118 4952 2176 5011 ln
2224 4970 2426 5010 annum
2479 4955 2663 5025 itaque
2698 4953 2804 5010 586
2864 4953 2965 5008 has
3017 4953 3272 5008 liomilias
3321 4950 3723 5051 conferimusa

2118 5077 2293 5133 neque
2334 5072 2592 5131 putamus
2634 5069 2814 5115 tamen
2845 5059 3011 5114 hasce
3043 5069 3227 5112 contra
3259 5058 3535 5111 Anommos
3585 5056 3730 5139 (ἤδη

2113 5167 2450 5238 ceptationes
2502 5167 2692 5222 eodem
2727 5165 3010 5222 absolutas
3032 5180 3178 5220 anno
3200 5178 3342 5229 esse,
3374 5162 3502 5224 sed,
3541 5170 3599 5215 ut
3627 5149 3726 5250 de;

2116 5277 2361 5333 homiliis
2401 5286 2585 5331 contra
2623 5274 2844 5338 Iudam
2877 5271 3018 5328 infra
3053 5273 3300 5339 dicetur,
3331 5285 3472 5342 quas
3515 5251 3728 5346 coepe-ﬁi

2114 5393 2199 5440 rat
2231 5397 2378 5439 anno
2406 5382 2535 5447 586,
2569 5397 2714 5437 anno
2744 5380 2995 5452 sequenti
3024 5379 3247 5434 ineunte
3279 5375 3533 5432 absolvit.
3575 5373 3693 5429 Hu-

2112 5488 2204 5560 jus
2234 5505 2364 5545 vero
2397 5488 2766 5558 chronologite
2799 5486 2942 5542 ratio
2984 5484 3260 5542 constabit
3305 5498 3371 5538 ex
3420 5481 3523 5547 iis,
3575 5496 3702 5551 qua:

2113 5597 2167 5650 in
2201 5596 2407 5653 Monito
2445 5597 2510 5654 ad
2545 5595 2813 5655 llomilias
2859 5602 3046 5650 contra
3085 5593 3300 5648 Judwos
3337 5588 3478 5646 infra
3514 5588 3703 5648 dicens

2114 5713 2219 5762 tur.
