3922 6232
39 453 247 521 λιμένα,
278 454 447 509 πάλιν
473 459 538 527 τῇ
570 460 696 529 σιγῇ
729 459 857 523 τοὺς
885 458 1075 529 λόγους
1108 461 1527 531 ἀναπαύσωμεν.
1558 462 1698 515 Ἀλλ’

38 541 127 592 οὐκ
164 541 450 595 ἐθέλωσιν
478 545 827 613 ἀφίστασθαι,
860 547 997 601 ἀλλά
1022 549 1427 621 δυσχεραίνουσι
1452 551 1545 603 καὶ
1566 551 1702 617 ἀγα-

39 628 328 695 κρατοῦσι,
377 631 594 697 πάντως
639 635 1015 707 ἐμπλησθῆναι
1061 637 1154 689 τού
1207 637 1469 707 λειμῶνος
1510 638 1700 691 ἐπιθυ-

43 716 285 784 μοῦντες.
328 719 490 773 Ἀλλά
519 721 679 773 τοῦτο
710 723 1008 794 ἀμήχανον,
1043 717 1088 776 ὦ
1118 724 1325 788 παῖδες,
1358 723 1701 796 Παυσώμεθα

37 800 123 856 οὖν
182 806 476 872 διώκοντες
529 810 794 880 ἀκίχητα’
845 812 1005 883 ἀρκεῖ
1042 814 1122 875 εἰς
1174 814 1526 885 παραμυθίαν
1571 815 1701 884 ἡμῖν

38 893 126 945 καὶ
164 893 237 946 τά
266 896 568 967 εἰρημένα·
601 899 722 951 ἐπεὶ
765 899 858 951 καί.
901 900 995 952 ἐπὶ
1034 899 1141 952 τῶν
1185 899 1370 973 μύρων
1398 900 1506 953 τῶν
1536 902 1700 954 πολυ-

35 981 218 1046 τελῶν,
259 982 361 1035 οὐκ
412 982 507 1035 ἐὰν
536 984 629 1037 τὸν
672 984 873 1055 λέϐητα
918 987 1017 1060 χέῃ
1057 1005 1141 1053 τις
1192 989 1369 1058 μόνον,
1415 988 1550 1042 ἀλλὰ
1597 990 1702 1043 κᾶν

37 1068 207 1139 ἄκρας
237 1071 341 1140 τῆς
386 1072 709 1141 ἐπιφανείας
757 1074 960 1144 ἅψηται
1006 1077 1121 1139 τοῖς
1168 1076 1484 1140 δακτύλοις,
1521 1076 1610 1131 τόν
1642 1094 1701 1131 τε

38 1156 170 1225 ἀέρα
209 1158 527 1227 ἀνέχρωσε,
554 1160 649 1214 καὶ
705 1163 829 1224 τούς
881 1162 1155 1230 παρόντας
1200 1162 1298 1234 τῆς
1341 1165 1569 1224 εὐωδίας
1616 1167 1703 1217 ἐν-

38 1241 269 1313 έπλησεν
319 1244 600 1309 ἃπαντας·
632 1247 662 1300 ὃ
707 1247 769 1318 δὴ
827 1248 921 1300 καὶ
953 1248 1047 1300 νῦν
1077 1249 1333 1317 γέγονεν,
1382 1252 1442 1303 οὐ
1485 1252 1573 1305 διὰ
1604 1252 1701 1323 τὴν

35 1329 261 1399 δύναμιν
284 1331 397 1385 τῶν
427 1335 712 1405 ἡμετέρων
744 1334 938 1402 λόγων,
972 1336 1108 1390 ἀλλά
1135 1336 1221 1390 διὰ
1243 1337 1340 1406 τὴν
1373 1338 1570 1409 ἀρετὴν
1595 1340 1702 1391 τῶν

36 1417 219 1469 τούτου
251 1419 715 1491 κατορθωμάτων.
748 1422 1023 1493 Ἀπίωμεν
1055 1421 1168 1489 οὖν,
1208 1425 1458 1494 ἀπίωμεν
1498 1426 1577 1488 εἰς
1614 1427 1703 1478 εὐ-

36 1508 131 1574 χὰς
167 1507 615 1572 καταλύσαντες·
652 1510 934 1581 δεηθῶμεν
981 1511 1121 1564 ὥστε
1172 1512 1275 1581 τὴν
1322 1513 1503 1584 κοινὴν
1546 1513 1701 1584 ἡμῶν

40 1596 248 1663 μητέρα
274 1596 573 1649 ἀσάλευτον
605 1598 786 1667 μένειν
816 1599 910 1651 καὶ
943 1600 1219 1671 ἀκίνητον,
1253 1601 1460 1654 καὶτὸν
1492 1604 1702 1674 πατέρα

37 1684 241 1747 τοῦτον,
283 1684 379 1737 τὸν
409 1685 745 1749 διδάσκαλον,
785 1686 877 1739 τὸν
922 1688 1176 1756 ποιμένα,
1217 1687 1311 1742 τὸν
1339 1689 1699 1762 κυϐερνήτην,

38 1771 166 1838 πρὸς
193 1774 546 1843 μακροτέραν
564 1772 903 1844 ἐξενεχθῆναι
927 1773 1166 1841 ζωήν.Εῐ
1184 1793 1268 1839 τις
1284 1777 1312 1828 ὑ
1321 1779 1411 1846 μῖν
1434 1778 1528 1829 καὶ
1544 1778 1701 1848 ἡμῶν

37 1856 219 1923 λόγος·
257 1861 322 1912 οὐ
347 1862 458 1931 γὰρ
493 1860 555 1932 δὴ
584 1861 720 1931 μετὰ
755 1861 865 1913 τῶν
900 1862 1086 1933 ἱερέων
1115 1865 1336 1928 ἑαυτοὺς
1380 1866 1701 1934 καταλέγειν

36 1946 397 2018 τολμήσομεν,
422 1947 572 2022 [445]
594 1949 777 2019 ἐπειδὴ
801 1948 933 2019 μηδὲ
954 1948 1112 2018 θέμις
1130 1950 1199 2003 τὰ
1215 1951 1539 2022 ἐκτρώματα
1564 1956 1701 2023 μετὰ

36 2033 138 2085 τῶν
176 2032 525 2105 ἀρτιοτόκων
547 2037 800 2109 ἀριθμεῖν
819 2052 834 2068 ο
861 2037 910 2088 εἰ
945 2035 1001 2089 δέ
1040 2053 1125 2100 τις
1154 2038 1282 2115 ὑμῖν
1308 2039 1401 2093 καὶ
1442 2039 1578 2112 ἐμοῦ
1607 2041 1697 2094 M-

980 345 1233 413 SERMO,
1271 346 1415 404 CUM
1452 346 1859 403 PRESBYTER
1902 348 2059 403 FUIT
2099 349 2513 409 ORDINATUS.

3347 350 3449 404 700

1802 480 1917 530 γος,
1958 465 2146 537 ὥσπερ
2188 467 2585 539 ἀμϐλωθριδίου
2613 466 2791 531 τινὸς,
2829 465 3054 539 δεήθητε
3096 464 3294 535 πολλὴν
3329 465 3461 535 ἡμῖν

1800 551 2006 606 ἄνωθεν
2050 553 2299 621 γενέσθαι
2340 555 2438 626 τὴν
2482 554 2671 624 ῥοπήν.
2719 554 2863 607 Ἔδει
2909 555 3005 624 μὲν
3044 553 3153 624 γὰρ
3181 554 3313 622 ἡμῖν
3364 551 3461 604 καὶ

1801 640 2065 711 πρότερον
2087 637 2404 709 ἀσφαλείας,
2427 643 2514 694 ὅτε
2537 640 2658 694 καθ’
2678 642 2904 705 ἑαυτοὺς
2934 640 3142 711 ἐζῶμεν
3163 639 3252 693 τὸν
3282 637 3462 709 ἀπρά-
3524 628 3543 641 ”

1800 744 1978 799 γμονα
2019 728 2127 800 βίον
2149 746 2161 757 ·
2196 729 2386 800 ἐπειδὴ
2419 729 2475 782 δὲ
2520 732 2595 793 εἰς
2647 729 2808 799 μέσον
2840 728 3115 799 ἦχθημενσ
3147 727 3207 780 τὸ
3246 726 3302 779 δὲ
3342 725 3458 788 πῶς

1801 814 2059 886 παρίημι,
2079 816 2187 868 εἴτε
2209 816 2523 888 ἀνθρωπίνῃ
2550 816 2774 887 σπουδῇ,
2800 816 2908 868 εἴτε
2936 818 3113 887 χάριτι
3137 815 3282 885 θεία·
3308 812 3458 866 οὐδὲν

1802 902 1910 975 γὰρ
1941 906 2072 974 ἡμῖν
2104 903 2412 973 φιλονεικῶ,
2434 905 2521 958 ἵνα
2552 906 2624 975 μή
2653 923 2736 967 τις
2766 906 2858 957 καὶ
2885 903 3264 975 εἰρωνεύεσθαι
3295 902 3457 970 φαίη⁶

1803 992 1942 1062 πλὴν
1983 991 2099 1044 ἀλλ’
2138 992 2325 1062 ἐπειδὴ
2354 993 2636 1063 ἡχοημεν,
2668 992 2762 1045 καὶ
2810 992 2899 1044 τὸν
2941 990 3103 1058 ζυγὸν
3137 990 3323 1043 τοῦτον
3362 990 3465 1040 ὐπ-

1803 1077 1997 1149 ἐδυμεν
2023 1079 2114 1131 τὸν
2143 1080 2358 1151 ἰσχυρὸν
2386 1081 2476 1132 καὶ
2511 1080 2697 1149 βαρὺν,
2730 1078 2940 1131 πολλῶν
2966 1079 3095 1147 ἡμῖν
3129 1077 3207 1128 δεῖ
3245 1075 3461 1146 χειρῶν,

1806 1168 2015 1238 μυρίων
2062 1169 2257 1238 εὐχῶν,
2305 1167 2445 1221 ὥστε
2496 1168 2785 1237 δυνηθῆναι
2834 1168 2934 1238 τὴν
2996 1164 3464 1235 παρακαταθήκην

1803 1256 2093 1311 ἀποδοῦναι
2125 1255 2268 1309 σώαν
2297 1256 2373 1326 τῷ
2403 1254 2911 1326 παρακαταθεμένῳ
2938 1254 3179 1323 Δεσπότῃ
3205 1251 3343 1304 κατά
3368 1251 3464 1321 τὴν

1803 1347 2015 1417 ἡμέραν
2058 1346 2291 1415 ἐκείνην,
2321 1347 2449 1398 ὅταν
2478 1347 2527 1397 οἱ
2572 1345 2639 1397 τά
2679 1343 2915 1398 τάλαντα
2952 1340 3330 1402 πιστευθέντες
3369 1355 3466 1391 κα-

1802 1435 2000 1489 λῶνται
2028 1436 2122 1488 καὶ
2152 1435 2495 1502 εἰσάγωνται,
2533 1434 2624 1485 καὶ
2655 1432 2753 1494 τὰς
2782 1431 3008 1492 εὐθύνας
3042 1430 3302 1499 ὑπέχωσι.
3330 1427 3465 1496 Δεή-

1804 1522 1934 1593 θητε
1966 1520 2141 1574 τοίνυν
2164 1521 2237 1592 μὴ
2262 1522 2368 1573 τῶν
2397 1520 2693 1589 δεδεμένων
2718 1520 2864 1587 ἡμᾶς
2886 1515 3162 1585 γενέσθαι,
3195 1514 3328 1583 μηδέ
3356 1510 3465 1563 τῶν

1803 1611 1884 1673 εἰς
1911 1610 1972 1662 τὸ
2004 1608 2193 1671 σκότος
2218 1607 2650 1676 ἐκϐαλλομένων,
2677 1605 2811 1658 ἀλλά
2849 1605 2956 1658 τῶν
2987 1602 3299 1673 δυναμένων
3337 1615 3465 1665 συγ-

1806 1692 2033 1763 γνώμης
2064 1691 2194 1760 γοῦν
2243 1691 2468 1761 μετρίας
2508 1690 2712 1759 τυχεῖν,
2746 1686 2925 1757 χάριτι
2960 1686 3055 1738 καὶ
3087 1681 3465 1753 φιλανθρωπίᾳ

1806 1782 1900 1835 τοῦ
1946 1782 2151 1852 Κυρίου
2197 1781 2353 1851 ἡμῶν
2397 1778 2570 1850 Ἰησοῦ
2622 1775 2879 1848 Χριστοῦ,
2925 1768 2969 1841 ᾧ
2999 1776 3033 1844 ἡ
3082 1773 3209 1838 δόξα
3255 1771 3349 1823 καὶ
3402 1768 3464 1821 τὸ

1805 1868 2004 1940 κράτος
2030 1870 2124 1923 καὶ
2151 1870 2183 1940 ἡ
2210 1865 2577 1939 προσκύνησις
2597 1865 2677 1928 εἰς
2703 1864 2827 1927 τοὺς
2862 1861 3061 1924 αἰῶνας
3091 1860 3199 1913 τῶν
3231 1858 3459 1912 αἰώνων.

1818 1959 1873 2011 ’Λ
1882 1959 2007 2029 μήν.

1558 2736 1955 2798 MONITUM.

190 3061 349 3136 [ut]
398 3061 642 3119 Primam
669 3078 800 3120 vero
827 3065 1053 3121 absente
1074 3062 1335 3118 Flaviano
1356 3060 1612 3131 episcopo
1639 3060 1708 3115 ad

131 3168 402 3237 populum
438 3168 649 3224 habuit.
683 3167 822 3229 Hine
855 3169 1086 3224 solerter
1111 3168 1204 3222 ille
1238 3165 1492 3221 laudandi
1523 3173 1708 3235 pasto-

130 3271 207 3324 ris
247 3286 442 3326 ansam
502 3271 733 3341 arripit;
785 3281 972 3341 postea
1016 3271 1337 3342 jampridem
1383 3270 1708 3325 destinatam

130 3385 329 3430 contra
359 3378 661 3434 Anomeeos
704 3393 940 3448 pugnam
983 3377 1120 3433 init:
1151 3393 1314 3447 quam
1352 3391 1411 3431 se
1443 3375 1568 3430 ideo
1599 3385 1709 3429 tar-

130 3481 259 3535 dius
315 3480 629 3550 suscepisse
680 3490 1097 3545 commemorat,
1137 3480 1281 3551 quod
1328 3480 1532 3534 multos
1559 3480 1710 3532 Ano-

138 3600 416 3638 nuazorum
439 3586 648 3640 videret
675 3586 1036 3641 concionibus
1080 3585 1271 3640 adesse
1318 3587 1454 3649 suis,
1487 3601 1551 3640 ac
1586 3602 1712 3639 cum

132 3692 419 3757 voluptate
444 3670 607 3746 aures
638 3692 741 3746 sibi
772 3692 1011 3761 praebere
1036 3709 1050 3746 :
1079 3692 1433 3761 quamobrem
1478 3706 1545 3744 ne
1574 3706 1713 3760 pra:-

128 3796 254 3848 dam
302 3797 557 3865 abigeret,
585 3792 799 3862 ait'ille,
831 3805 1015 3865 utpote
1045 3795 1287 3866 ipsorum
1337 3796 1549 3850 animos
1584 3795 1715 3848 irre-

130 3902 284 3968 tiret,
321 3901 564 3971 linguam
594 3902 664 3956 ab
708 3900 1025 3971 huiusmodi
1068 3900 1459 3955 certaminibus
1496 3914 1717 3953 coerce-

127 4004 243 4059 bat.
296 4004 524 4059 Demum
570 4006 913 4061 hortantibus
953 4005 1062 4061 illis
1106 4005 1236 4074 ipsis
1270 4012 1329 4058 ut
1392 4005 1448 4057 in
1490 4019 1711 4058 arenam

133 4111 520 4175 descenderet,
564 4111 955 4166 Anomueurum
988 4127 1201 4167 errores
1252 4112 1512 4181 impetere
1554 4125 1715 4166 orsus

126 4226 233 4278 est,
257 4216 442 4272 amico
464 4226 647 4270 tamen
675 4218 880 4284 animo,
911 4232 1022 4273 non
1049 4226 1106 4272 ut
1139 4216 1478 4273 adversarios
1500 4216 1706 4283 feriret,

128 4321 223 4375 sed
256 4330 319 4375 ut
341 4321 592 4391 jacentes
617 4321 866 4394 erigeret.

202 4424 516 4489 Secundam
539 4436 723 4479 contra
754 4427 1033 4480 Auamma:
1078 4425 1357 4481 homiliam
1392 4426 1714 4497 interposito

128 4534 433 4585 multorum
492 4530 705 4587 dierum
770 4533 947 4602 spatio
997 4533 1413 4603 pronuntiavit:
1473 4534 1712 4604 plurima

125 4639 279 4692 enim
308 4638 764 4709 Chrysostomum
806 4654 836 4693 a
886 4639 1155 4694 destinato
1195 4656 1359 4696 cursu
1406 4643 1716 4712 interpella-

131 4754 302 4799 runt:
341 4752 532 4798 contra
570 4742 788 4800 Judaaos
834 4760 1029 4815 nempe
1078 4746 1285 4811 habita,
1318 4762 1493 4818 eaque
1522 4750 1716 4802 admo-

130 4852 260 4904 dum
307 4849 621 4904 necessaria
661 4852 1025 4906 concertatio:
1065 4851 1287 4907 Patrum
1346 4857 1712 4923 quorumdam

129 4956 526 5025 spiritualium,
577 4956 658 5012 sic
688 4957 806 5022 ille,
832 4959 1133 5014 adventus:
1173 4959 1274 5014 bos
1298 4973 1462 5027 porro
1496 4959 1712 5015 vicinos

123 5063 404 5133 quosdam
438 5062 729 5132 episcopos
754 5061 925 5118 fuisse
948 5064 1079 5118 dicit
1112 5064 1182 5130 is,
1220 5062 1314 5133 qui
1344 5063 1565 5117 titulum
1612 5065 1713 5119 ho-

131 5169 301 5223 milia:
344 5167 734 5233 concinnavit;
775 5184 963 5223 verum
1005 5169 1109 5223 hac
1150 5170 1217 5223 de
1244 5184 1304 5223 re
1354 5168 1606 5237 pluribus
1661 5172 1714 5225 in

141 5268 267 5325 Vita
307 5270 692 5341 Chrysostomi
722 5289 733 5323 :
759 5271 980 5326 demum
1014 5272 1121 5326 illis
1146 5271 1212 5325 ad
1241 5271 1357 5325 loca
1391 5286 1490 5326 sua
1530 5288 1714 5326 rever-

127 5378 226 5437 sis.
260 5384 516 5429 sanctum
546 5392 848 5442 praeconem
889 5392 1148 5447 excepere
1184 5378 1464 5431 memoria:
1507 5386 1711 5448 marty-

125 5498 247 5535 rum
314 5480 667 5552 frequentes,
727 5483 926 5553 quibus
981 5483 1267 5540 celebratis
1332 5484 1703 5540 intermissam

126 5588 602 5644 concertationem
632 5589 863 5658 repetiit.

1886 3058 1943 3112 ln
1977 3057 2135 3113 tertia
2161 3058 2302 3113 idem
2328 3065 2709 3128 argumentum
2753 3059 2816 3112 de
2842 3056 3386 3129 incomprehensibili-

1814 3174 1918 3219 tate
1948 3162 2045 3218 Dei
2092 3170 2279 3218 contra
2326 3164 2623 3221 Anomteos
2648 3163 3030 3234 prosequitur:
3067 3151 3171 3218 sub
3220 3162 3384 3215 linem

1815 3286 1948 3326 vero
2011 3270 2067 3324 in
2119 3270 2396 3325 auditores
2440 3270 2793 3325 vehementer
2845 3267 3159 3333 invehitur,
3203 3267 3386 3337 quod,

1815 3377 2086 3433 concione
2108 3376 2197 3431 cui
2228 3375 2482 3431 alacriter
2511 3389 2731 3445 operam
2763 3374 2966 3429 dabant
3018 3372 3219 3439 soluta,
3266 3386 3390 3426 sese

1817 3481 2003 3537 statim
2043 3479 2431 3543 subducerent,
2460 3487 2517 3533 et
2540 3478 2713 3533 sacris
2738 3476 3014 3549 mysteriis
3058 3492 3180 3547 quae
3214 3475 3391 3531 conti-

1817 3604 1929 3643 nuo
1958 3587 2378 3643 celebrabantur
2404 3602 2511 3640 non
2539 3586 2887 3639 interessent.

1882 3691 1939 3745 In
1974 3698 2187 3760 quarta,
2218 3698 2342 3759 post
2365 3688 2554 3744 solitas
2587 3696 2773 3743 contra
2798 3686 3080 3741 haereticos
3119 3684 3390 3741 velitatio-

1816 3813 1935 3861 nes,
1984 3796 2149 3852 coetui
2202 3794 2506 3865 gratulatur
2550 3794 2695 3863 quod
2740 3792 2964 3846 monitis
3009 3792 3125 3847 suis
3180 3806 3391 3845 morem

1816 3896 2050 3967 gesserit
2084 3910 2419 3965 pravamque
2446 3902 2572 3949 ante
2605 3909 2760 3950 saera
2809 3893 3066 3965 mysteria
3098 3892 3391 3951 recedendi

1818 4002 2273 4060 consuetudinem
2321 4000 2618 4071 abjecerit:
2658 3999 2802 4054 dolet
2848 4007 3029 4054 tamen
3069 3998 3212 4068 quod
3248 4013 3393 4052 mar-

1818 4109 2104 4181 supiorum
2155 4114 2398 4163 sectores
2436 4105 2659 4175 quidam
2700 4103 3020 4159 concionem
3063 4102 3395 4157 interturba-

1817 4226 1963 4281 rent,
1996 4222 2291 4284 monetque
2318 4229 2386 4269 ne
2416 4229 2609 4268 aurum
2639 4220 2991 4283 argentumve
3016 4210 3070 4264 in
3098 4208 3394 4278 marsupiis

1818 4321 2087 4389 deferant,
2117 4322 2163 4376 si
2197 4321 2364 4376 velint
2391 4320 2550 4375 talem
2580 4328 2787 4391 pestem
2818 4317 3055 4388 abigere.

1886 4427 1949 4483 In
1986 4428 2176 4497 quinta
2220 4427 2474 4493 demum,
2513 4425 2581 4479 iis
2628 4422 2863 4479 breviter
2909 4419 3222 4475 retractatis
3271 4434 3394 4488 quae

1817 4535 1972 4605 prius
2004 4533 2238 4597 dixerat,
2293 4545 2435 4585 nova
2488 4528 2644 4583 all'ert
2679 4514 2867 4583 centra
2900 4527 3187 4581 Anomaaos
3235 4539 3397 4593 argu-

1819 4646 2023 4694 menta.
2057 4636 2114 4690 In
2147 4636 2233 4690 his
2258 4648 2423 4705 porro
2464 4631 2823 4688 concionibus
2864 4630 3040 4686 elucet
3074 4629 3394 4699 Chrysosto-

1818 4743 1891 4796 mi
1915 4756 2021 4795 non
2051 4740 2226 4795 solum
2266 4737 2599 4807 eloquentia,
2636 4736 2729 4791 sed
2772 4736 2941 4790 etiam
2984 4734 3253 4806 ἐνέργεια,
3294 4748 3390 4786 seu

1816 4847 1901 4902 vis
1937 4852 2431 4916 argumentorum:
2470 4860 2571 4898 nec
2617 4843 2799 4896 minus
2849 4840 3211 4909 suspicienda:
3263 4847 3390 4892 sunt

1821 4952 2206 5022 responsiones
2234 4950 2301 5005 ad
2336 4950 2546 5018 objecta
2580 4948 2995 5011 haereticorum;
3029 4946 3101 4997 ita
3154 4952 3213 4997 ut
3252 4940 3394 4994 haud

1819 5074 1849 5111 a
1882 5072 2011 5112 vero
2040 5058 2256 5111 aberret
2289 5055 2335 5109 si
2366 5054 2489 5123 quis
2532 5055 2631 5107 has
2662 5052 2913 5106 homilias
2940 5052 3082 5104 inter
3132 5054 3396 5117 praestan-

1820 5162 2034 5217 tissima
2066 5160 2239 5216 sancti
2274 5157 2517 5213 doctoris
2548 5171 2712 5226 opera
2744 5151 3159 5230 computaverit.

1886 5265 2393 5335 lnlerpretationem
2445 5276 2609 5331 porro
2658 5258 2929 5313 Theodori
2976 5256 3163 5321 (ἔπηξε,
3205 5264 3393 5325 utpote

1817 5369 2287 5441 παραφραστικῶς
2333 5368 2684 5429 adornatam,
2748 5364 2930 5418 verbis
2992 5372 3046 5417 et
3099 5362 3396 5433 aliquando

1818 5477 2104 5532 sententiis
2133 5474 2551 5540 redundantem,
2585 5471 2899 5542 rejecimus,
2931 5485 3237 5542 novamque
3272 5470 3391 5527 edi-

1815 5584 2020 5642 diutus.
