3922 6244
433 334 540 390 703'

433 443 633 512 quippe
662 441 711 496 id
742 456 954 513 quoque
976 441 1117 512 quod
1163 441 1404 498 homines
1432 442 1620 506 simus,
1662 440 1968 495 amittemus
1996 456 2011 492 :

434 532 602 588 Deum
630 535 771 590 enim
797 576 810 598 ,
842 536 1028 606 inquit,
1063 537 1200 601 time,
1229 547 1276 590 et
1320 535 1560 589 mandata
1609 536 1720 603 ejus
1771 534 2016 589 observa:

439 619 533 679 hoc
563 635 634 680 est
659 627 791 680 enim
841 627 1004 680 omnis
1056 627 1204 680 homo
1231 625 1248 698 (
1272 625 1555 681 Eccle.12.
1588 627 1654 680 l3
1746 624 1803 681 Si
1842 627 2018 694 itaque

436 717 599 771 homo
627 731 746 772 esse
774 717 912 772 idem
942 719 1012 773 sit
1045 719 1187 788 quod
1217 720 1380 772 Deum
1411 719 1618 784 timere,
1649 719 1806 772 timor
1838 725 2015 772 autem

437 813 532 867 Dei
564 827 630 867 ex
670 812 889 867 scientia
938 812 1176 882 prodeat,
1228 812 1556 882 scientiaque
1601 811 1928 878 destruatur,
1965 819 2022 866 ut

439 905 516 958 ait
567 904 758 959 beatus
803 903 1043 958 Paulus:
1077 914 1203 958 tunc
1241 903 1474 959 funditus
1526 903 1844 974 peribimus,
1897 917 2018 957 cum

450 999 673 1052 scientia
705 1013 810 1052 non
837 999 958 1064 erit,
987 1000 1271 1070 omniaque
1289 1007 1470 1055 nostra
1495 998 1748 1066 defluent,
1767 1014 1830 1054 ac
1853 997 2022 1053 brutis

444 1089 611 1144 nihilo
629 1090 866 1146 melioris
891 1092 1110 1157 erimus,
1140 1092 1246 1146 imo
1271 1092 1439 1146 multo
1465 1088 1662 1162 pejoris
1677 1089 2018 1145 conditionis.

443 1183 558 1238 llac
582 1185 723 1238 enim
753 1199 810 1238 re
839 1199 941 1238 una
970 1184 1072 1240 illis
1108 1193 1420 1254 praestamus
1442 1225 1457 1250 ,
1492 1193 1549 1238 ut
1575 1184 1627 1237 in
1675 1183 1793 1237 aliis
1837 1181 2017 1236 omni-

442 1273 542 1328 bus
557 1275 830 1344 corporeis
857 1275 924 1329 ab
954 1274 1019 1328 iis
1040 1275 1196 1344 longe
1237 1289 1573 1343 superemur.
1595 1272 1734 1341 Quid
1765 1271 1924 1342 igitur
1943 1279 2026 1326 est

445 1365 514 1419 de
531 1381 638 1434 quo
664 1365 895 1435 loquitur
917 1365 1133 1429 Paulus,
1163 1379 1284 1420 cum
1314 1366 1407 1429 ait,
1439 1365 1667 1420 Scientia
1692 1365 1972 1420 destruetur
2001 1364 2026 1418 ?

443 1456 559 1511 Non
586 1457 654 1512 de
681 1457 988 1524 universali,
1021 1457 1115 1512 sed
1139 1457 1205 1512 de
1248 1457 1552 1528 particulari
1581 1456 1808 1527 quadam
1846 1457 2024 1512 scien-

447 1549 515 1602 tia
544 1548 794 1618 loquitur,
823 1549 1236 1604 destructionem
1261 1563 1459 1603 vocans
1474 1562 1818 1619 progressum
1834 1548 1886 1602 in
1909 1563 2025 1602 me-

447 1639 548 1694 lius
579 1657 592 1692 :
631 1640 702 1693 ita
725 1648 783 1694 ut
820 1640 1150 1709 particularis
1181 1639 1272 1697 illa
1306 1639 1600 1706 destructa,
1641 1655 1750 1694 non
1797 1638 2025 1708 amplius

447 1731 517 1784 sit
555 1730 910 1799 particularis,
944 1729 1039 1784 sed
1092 1729 1344 1800 perfecta.
1385 1728 1844 1798 Quemadmodum
1885 1729 2026 1785 enim

447 1822 663 1891 puerilis
687 1830 816 1876 a'tas
868 1821 1179 1888 destruitur,
1225 1839 1328 1878 non
1356 1823 1535 1878 deleta
1584 1823 1906 1888 substantia,
1929 1821 2025 1912 sed

445 1922 599 1968 aucta
626 1924 825 1968 statura
851 1924 905 1968 et
929 1915 980 1968 in
1010 1915 1180 1968 virum
1209 1917 1505 1985 perfectum
1553 1913 1847 1969 evadente:
1879 1913 1956 1968 sic
1975 1922 2030 1967 et

446 2007 501 2062 in
532 2007 752 2062 scientia
779 2008 974 2062 evenit.
1004 2007 1190 2073 Parva,
1217 2007 1405 2076 inquit,
1433 2007 1548 2062 huic
1567 2022 1678 2061 non
1709 2006 1841 2060 ultra
1870 2020 2029 2075 parva

453 2099 575 2163 erit,
607 2097 820 2168 quando
847 2097 1100 2167 deinceps
1139 2113 1327 2168 magna
1391 2097 1656 2153 efficietur
1681 2114 1694 2148 :
1723 2097 1800 2152 sic
1831 2095 2026 2159 intelli-

446 2187 842 2260 gendumillud,
873 2188 1153 2242 destruetur
1174 2204 1194 2242 :
1221 2188 1362 2257 quod
1391 2189 1586 2244 clarius
1609 2188 1662 2242 in
1685 2186 2032 2258 sequentibus

447 2281 748 2351 explicavit.
781 2280 1030 2346 Utenim,
1061 2295 1181 2335 cum
1213 2280 1364 2335 audis
1393 2281 1694 2345 destruetur,
1725 2294 1831 2333 non
1853 2278 2028 2331 omni-

449 2373 661 2428 modam
691 2371 1107 2428 destructionem
1159 2388 1278 2428 esse
1329 2383 1578 2443 putares,
1609 2371 1704 2427 sed
1730 2371 2032 2427 incremen-

450 2473 562 2518 tum
588 2462 875 2533 quoddam,
921 2471 976 2518 ct
1014 2477 1354 2533 progressum
1393 2463 1446 2518 in
1491 2462 1703 2527 melius,
1748 2469 2029 2533 postquam

448 2555 674 2619 dixerat,
717 2555 1020 2622 destruetur,
1047 2555 1249 2610 addidit
1279 2574 1293 2610 :
1324 2554 1409 2610 Ex
1444 2564 1588 2626 parte
1615 2554 1746 2610 enim
1770 2553 2032 2624 cognosci-

449 2664 581 2712 mus,
605 2657 653 2702 et
677 2663 741 2702 ea:
759 2657 903 2717 parte
929 2648 1284 2720 praphetamus
1302 2665 1321 2703 :
1347 2665 1462 2702 cum
1485 2658 1653 2702 autem
1699 2648 1880 2702 uenerit
1898 2646 2034 2717 quod

450 2740 722 2809 perfectum
747 2749 838 2805 est,
858 2748 975 2792 tunc
999 2739 1316 2793 evacuabitur
1333 2738 1468 2809 quod
1492 2755 1554 2793 ea:
1579 2748 1723 2810 parte
1743 2747 1816 2793 est
1836 2755 1856 2804 ;
1884 2738 1951 2793 ita
1973 2746 2035 2793 ut

452 2847 556 2884 non
589 2831 725 2886 ultra
772 2847 838 2887 ex
873 2844 1024 2901 parte
1044 2832 1132 2896 sit,
1155 2831 1248 2888 sed
1271 2830 1587 2902 perfectum.
1607 2831 1789 2902 Itaque
1829 2829 2030 2900 imper-

451 2924 611 2977 fectio
634 2923 750 2992 ejus
770 2925 1079 2988 destruitur,
1129 2932 1185 2977 ut
1236 2937 1348 2978 non
1369 2923 1506 2977 ultra
1530 2923 1600 2977 sit
1628 2921 2022 2991 imperfectum,

449 3017 544 3072 sed
571 3017 883 3088 perfectura.
925 3018 1225 3072 Destructio
1267 3017 1425 3087 igitur
1448 3025 1530 3072 est
1557 3015 2030 3088 complementum,

450 3116 503 3162 et
535 3108 586 3162 in
623 3108 793 3178 majus
820 3118 1182 3178 augmentum.

523 3200 576 3254 5.
609 3200 782 3268 Atque
807 3199 1171 3255 animadverte
1191 3197 1484 3254 mihiPauli
1511 3197 1888 3268 prudentiam:
1918 3214 2027 3253 non

449 3290 592 3344 enim
621 3291 772 3354 dixit,
827 3291 1038 3344 Partem
1086 3291 1488 3360 cognoscimus;
1518 3289 1635 3358 sed,
1667 3289 1752 3344 Ea:
1773 3299 1918 3361 parte
1931 3306 2020 3344 co-

449 3382 738 3453 gnoscimus
771 3385 788 3453 (
821 3382 872 3436 l.
906 3380 1024 3436 Cor.
1057 3383 1144 3436 l5.
1171 3381 1206 3437 9
1225 3381 1268 3452 ),
1294 3381 1582 3436 ostendens
1601 3395 1701 3436 nos
1731 3382 1894 3451 partis
1921 3396 2036 3450 par-

453 3483 560 3528 tem
593 3483 795 3528 tenere.
828 3473 1080 3528 Fortasse
1121 3472 1308 3529 audire
1354 3474 1570 3544 optatis,
1621 3483 1872 3544 quantam
1905 3475 2034 3528 reti-

453 3578 674 3618 neamus
692 3574 916 3632 partem,
945 3573 1305 3634 quantamque
1333 3565 1714 3635 relinquamus,
1743 3574 1797 3621 et
1820 3580 1888 3619 an
1915 3581 2032 3620 ma-

449 3658 621 3728 jorem
654 3659 983 3714 minoremve
1004 3669 1210 3729 partem
1237 3665 1532 3714 teneamus.
1552 3657 1622 3715 Ut
1650 3661 1827 3728 itaque
1855 3659 2032 3715 discas

453 3759 506 3804 te
543 3749 803 3805 minorem
838 3759 1020 3805 tenere
1048 3758 1273 3820 partem,
1297 3757 1353 3805 et
1379 3765 1486 3804 non
1511 3759 1715 3804 tantum
1745 3749 2029 3820 minorem,

451 3839 568 3904 sed,
599 3850 659 3895 ut
684 3841 755 3895 ita
775 3841 968 3908 dicam,
985 3842 1354 3908 centesimam,
1371 3849 1463 3895 aut
1476 3841 1654 3896 decies
1669 3840 2027 3909 millesima-ir,

451 3933 576 3988 audi
630 3949 750 4004 quae
796 3945 1134 4004 sequuntur:
1176 3935 1260 3988 vel
1315 3935 1491 4004 potius
1547 3945 1834 4005 antequam
1879 3936 2034 3991 vobis

451 4026 799 4094 apostolicam
813 4039 996 4080 vocem
1025 4025 1282 4094 legamus,
1311 4025 1619 4094 exemplum
1645 4025 1894 4090 referam,
1922 4042 2032 4095 quo

451 4116 604 4170 vobis
633 4115 953 4180 declaretur,
1003 4125 1060 4169 ut
1099 4117 1344 4184 exemplo
1392 4116 1508 4171 fieri
1553 4125 1748 4186 potest,
1777 4126 2033 4186 quantum

452 4207 695 4260 relictum
719 4206 810 4272 sit,
832 4217 887 4260 et
925 4215 1180 4276 quantum
1235 4208 1304 4261 sit
1345 4206 1487 4277 quod
1530 4222 1672 4262 nunc
1716 4209 2030 4263 retinemus.

459 4299 725 4365 Quantum
753 4299 912 4368 igitur
951 4300 1238 4354 discrimen
1267 4310 1352 4355 est
1383 4300 1522 4356 inter
1559 4317 1700 4368 eam,
1731 4318 1850 4371 qum
1879 4301 2032 4356 nobis

460 4389 515 4442 in
558 4387 736 4443 futuro
779 4389 1027 4456 dabitur,
1051 4391 1358 4458 scientiam,
1386 4401 1440 4446 et
1468 4395 1818 4462 praesentem?
1848 4395 2030 4460 Quan-

463 4492 573 4536 tum
625 4484 764 4537 inter
807 4483 977 4536 virum
1025 4484 1312 4552 perfectum
1362 4493 1418 4540 et
1458 4484 1741 4540 lactentem
1818 4505 1832 4542 :
1878 4503 2032 4558 teque

383 4649 387 4656 .
458 4575 602 4630 enim
635 4583 853 4644 praestat
881 4576 1128 4646 praesenti
1173 4576 1344 4632 futura
1372 4578 1612 4633 scientia.
1647 4579 1801 4648 Quod
1849 4591 2029 4636 autem

452 4666 507 4722 id
563 4682 748 4722 verum
796 4669 886 4732 sit,
914 4683 1082 4738 eaque
1130 4669 1200 4724 sit
1239 4669 1382 4724 illius
1429 4671 1804 4740 prarcellentia,
1838 4673 2032 4730 Paulus

453 4759 649 4813 iterum
676 4758 940 4814 declaret:
964 4775 1082 4814 cum
1111 4761 1252 4814 enim
1275 4761 1497 4816 dixisset
1521 4803 1535 4825 ,
1561 4761 1645 4816 Ex
1671 4773 1816 4833 parte
1841 4779 2030 4833 cogno-

452 4850 661 4915 scimus,
694 4859 748 4904 et
785 4851 943 4906 vellet
968 4851 1251 4908 ostendere
1289 4868 1352 4908 ex
1379 4863 1573 4923 quanta
1626 4868 1794 4924 parte,
1827 4872 2031 4926 nosque

454 4941 822 4996 brevissimam
847 4957 987 4996 nunc
1017 4951 1220 5009 tenere,
1251 4944 1424 4998 intulit
1457 4963 1469 4998 :
1501 4945 1626 4999 Cum
1657 4963 1813 5000 essem
1841 4964 2030 5015 parun.

452 5034 552 5095 lus,
577 5031 814 5102 loquebar
841 5043 894 5085 ut
918 5034 1177 5104 parvulus,
1225 5036 1481 5104 sapiebum
1509 5047 1561 5090 ut
1601 5038 1859 5105 paruulus,
1894 5039 2032 5108 cogi-

453 5123 625 5177 tabant
651 5135 704 5177 ut
731 5124 973 5194 parvulus
1001 5139 1020 5178 :
1045 5141 1156 5177 cum
1183 5138 1349 5181 autem
1371 5131 1534 5198 factus
1554 5145 1666 5181 sum
1697 5129 1788 5192 vir,
1814 5144 2032 5181 evacua-

525 5233 642 5286 qua:
659 5227 801 5271 erant
823 5219 1064 5286 parvuli(
1100 5217 1181 5274 lb.
1214 5236 1261 5274 .
1294 5221 1349 5275 ll
1385 5220 1403 5291 )
1436 5240 1449 5276 :
1495 5237 1616 5278 cum
1648 5232 1785 5276 statu
1818 5223 2031 5292 parvuli

451 5323 773 5380 praesentem
808 5315 1104 5378 scientiam.
1125 5331 1245 5370 cum
1272 5318 1492 5388 perfecti
1514 5317 1611 5372 viri
1641 5328 1778 5372 statu
1801 5319 2032 5375 futuram

451 5420 786 5474 comparans.
810 5407 992 5478 Neque
1039 5409 1193 5472 dixit,
1225 5408 1357 5463 Cum
1409 5424 1582 5464 essem
1637 5426 1802 5479 puer:
1837 5427 1955 5465 nam
1981 5422 2036 5468 et

454 5494 734 5552 duodecim
763 5513 1026 5554 annorum
1118 5515 1250 5571 puer
1299 5499 1531 5566 dicitur;
1558 5501 1650 5556 sed
1674 5541 1689 5564 ,
1722 5501 1847 5556 Cum
1877 5520 2036 5557 essem

456 5590 714 5657 parvulus,
747 5591 796 5645 id
828 5602 928 5656 est,
963 5592 1167 5648 lacteus
1196 5603 1250 5647 et
1301 5592 1493 5647 infans.
1536 5592 1686 5662 Quod
1715 5596 1854 5649 enim
1885 5597 2034 5653 Scri-

574 5823 692 5866 1res
714 5824 838 5873 atas.
869 5819 1033 5867 decem
1055 5831 1302 5867 amwrum.

1149 329 1206 385 S.
1248 325 1524 384 JOANNIS
1558 323 2034 384 CHRYSOSTOMl
2072 323 2389 381 ARCHIEP.
2431 325 2963 382 CONSTANTlNOP.

3594 324 3723 381 704.

2127 449 2278 509 ptura
2307 441 2462 494 talem
2483 450 2636 495 vocet
2659 440 2936 509 infantem,
2963 439 3084 496 audi
3105 439 3371 495 Psalmum
3394 440 3662 496 dicentem
3687 459 3702 494 :

2121 529 2339 583 Domine
2376 529 2627 586 Dominus
2655 543 2845 596 noster,
2891 547 3045 600 quam
3069 530 3364 584 admirabile
3407 541 3480 584 est
3515 547 3701 584 nomen

2122 633 2261 675 tuum
2292 621 2344 673 in
2371 623 2603 674 universa
2632 621 2808 675 terra!
2835 619 3089 686 Quoniam
3133 621 3321 674 elevata
3350 631 3421 674 est
3450 620 3700 691 magni/i-

2120 713 2282 765 centia
2312 721 2399 764 tua
2421 729 2573 781 super
2592 712 2740 767 cazlos
2763 727 2782 765 :
2802 728 2865 766 ex
2915 728 3004 765 ore
3035 711 3304 779 infantium
3341 723 3387 765 et
3413 712 3710 764 luctantium

2123 803 2374 874 perfecisti
2416 803 2619 857 laudent
2645 804 2662 873 (
2688 801 2833 858 Psal.
2873 802 2927 858 8.
2963 801 3016 854 2.
3043 801 3141 870 5)..
3175 801 3334 856 Vides
3365 801 3473 871 jam
3505 817 3710 872 parvu-

2123 895 2230 950 lum
2263 911 2355 965 pro
2376 894 2605 949 lactente
2631 895 2825 965 ubique
2841 894 3038 949 vocari.
3071 889 3206 949 Tum
3256 894 3444 963 spiritu
3492 893 3712 963 prOSpi-

2125 987 2275 1040 ciens
2303 987 2603 1042 futurorum
2649 986 2924 1040 hominum
2969 983 3382 1055 impudentiam,
3409 1000 3581 1054 neque
3607 984 3715 1039 hoc

2124 1091 2232 1130 uno
2265 1085 2548 1131 contentus
2586 1076 2858 1146 exemplo,
2889 1075 3178 1131 secundum
3207 1075 3365 1130 ctiam
3392 1089 3456 1128 ac
3487 1076 3711 1130 tertium

2124 1170 2191 1225 ad
2240 1169 2698 1226 confirmationem
2745 1169 2966 1225 addidit.
3038 1167 3494 1242 Quemadmodum
3561 1169 3715 1223 cnim

2124 1261 2334 1335 Moyses
2356 1277 2476 1317 cum
2501 1262 2568 1320 ad
2615 1262 2830 1318 Judaeos
2881 1264 3198 1328 mitteretur,
3234 1261 3390 1316 trium
3431 1261 3718 1332 signorum

2126 1357 2377 1412 indicium
2408 1357 2738 1428 accipiebat(
2765 1357 2932 1413 Exod.
2961 1359 2995 1413 5
3027 1360 3070 1428 ),
3105 1369 3160 1413 ut
3179 1360 3222 1413 si
3252 1358 3423 1428 primo
3451 1375 3556 1414 non
3584 1374 3712 1414 crc-

2126 1451 2332 1517 derent,
2352 1450 2570 1506 secundi
2589 1465 2773 1506 vocem
2801 1452 3077 1514 audirent;
3105 1452 3186 1505 sin
3214 1453 3373 1505 etiam
3399 1454 3498 1506 hoc
3521 1467 3716 1520 asper-

2127 1549 2401 1606 narentur,
2431 1541 2588 1595 tcrtio
2614 1540 2878 1610 pudefacti
2908 1541 3224 1610 prophetam
3268 1543 3573 1612 reciperent
3598 1559 3611 1594 :
3637 1542 3714 1596 ita

2127 1642 2182 1689 et
2223 1633 2310 1688 hic
2355 1633 2448 1686 tria
2508 1633 2655 1702 ponit
2697 1633 2940 1702 exempla
3076 1633 3302 1702 primum
3341 1649 3406 1688 ex
3457 1634 3715 1702 parvulo,

2127 1723 2254 1779 dum
2278 1725 2371 1789 ait,
2397 1721 2525 1780 Cum
2562 1739 2717 1778 essent
2745 1723 2986 1794 parvulus
3005 1763 3022 1790 ,
3051 1723 3305 1794 sepiebant
3335 1735 3390 1776 ut
3425 1727 3673 1792 parvulus
3695 1741 3716 1779 :

2128 1818 2419 1872 secundum
2438 1831 2509 1872 ex
2527 1816 2764 1887 speculo,
2781 1816 2994 1872 tertium
3013 1829 3080 1871 ex
3097 1815 3397 1887 mnigmatc.
3422 1815 3718 1888 Postquam

2129 1909 2338 1964 dixerat
2355 1909 2495 1964 enim
2514 1950 2531 1977 ,
2559 1908 2684 1964 Cum
2711 1924 2870 1963 essem
2898 1908 3168 1979 parvulus,
3194 1909 3388 1974 intulit,
3428 1908 3667 1964 Videmus

2128 2012 2296 2056 autem
2322 2019 2456 2057 nunc
2478 2019 2568 2073 per
2587 2003 2848 2073 speculum
2882 2003 2935 2056 in
2977 2003 3261 2074 enigmata.
3295 2003 3372 2057 En
3397 2003 3594 2073 quippe
3621 2017 3716 2058 se-

2129 2092 2363 2148 cundum
2405 2093 2706 2163 exemplum
2749 2092 3072 2148 infirmitatis
3110 2095 3390 2162 prazscntis
3422 2111 3436 2148 :
3465 2094 3722 2164 quodque

2131 2186 2442 2256 imperfecta
2471 2187 2542 2241 sit
2565 2186 2785 2242 scientia
2805 2227 2819 2251 ,
2849 2187 3006 2242 tertio
3032 2187 3289 2256 probatur
3313 2186 3395 2242 his
3422 2189 3618 2249 verbis,
3652 2185 3722 2242 In

2130 2279 2418 2349 wnigmate.
2447 2277 2686 2348 Namque
2719 2278 2970 2347 parvulus
2998 2277 3163 2332 multa
3196 2279 3407 2348 quidem
3428 2279 3592 2343 videt,
3617 2296 3720 2332 au-

2133 2368 2210 2424 dit
2239 2377 2294 2424 et
2339 2369 2571 2437 loquitur
2600 2384 2613 2421 :
2644 2368 2777 2423 nihil
2823 2377 2999 2423 tamen
3039 2367 3268 2424 dilucide
3311 2369 3391 2422 vel
3423 2369 3563 2423 videt
3589 2411 3604 2432 ,
3635 2370 3749 2425 vel.

2132 2460 2298 2527 audit,
2323 2461 2407 2516 vel
2432 2461 2665 2531 loquitur
2690 2476 2705 2516 :
2729 2470 2783 2517 et
2804 2460 3196 2533 sapitquidem,
3222 2460 3313 2515 sed
3336 2461 3463 2515 nihil
3489 2463 3720 2531 integre.

2134 2554 2210 2609 lta
2238 2564 2294 2610 et
2334 2569 2433 2626 ego
2462 2555 2574 2610 scio
2615 2553 2843 2636 quidem
2873 2555 3071 2622 multa,
3116 2555 3208 2609 scd
3236 2570 3419 2610 eorum
3451 2571 3554 2609 non
3589 2557 3724 2611 novi

2132 2647 2373 2703 modum.
2419 2648 2588 2704 Deum
2617 2649 2761 2705 enim
2803 2647 2996 2718 ubique
3023 2661 3144 2704 esse
3184 2649 3346 2713 novi,
3379 2656 3542 2703 totum
3588 2647 3722 2703 item
3737 2690 3744 2700 ,

2133 2739 2330 2810 ubique
2349 2753 2471 2796 esse
2496 2741 2650 2805 novi;
2676 2737 2945 2810 quomodo
2969 2747 3166 2802 autem,
3191 2740 3370 2794 nescio
3393 2756 3407 2792 :
3433 2738 3548 2795 sine
3573 2739 3724 2808 priu-

2133 2833 2306 2904 cipio,
2347 2847 2452 2888 non
2497 2833 2768 2904 genitum,
2813 2833 3197 2902 sempiternum
3243 2831 3401 2898 novi;
3447 2831 3723 2902 quomodo

2133 2934 2330 2991 autem,
2382 2926 2583 2980 nescio.
2631 2924 2814 2996 Neque
2861 2923 3088 2978 humana
3135 2923 3273 2978 ratio
3315 2938 3505 2992 capere
3550 2923 3719 2989 valet,

2133 3015 2402 3087 quomodo
2430 3017 2600 3086 possit
2627 3031 2749 3072 esse
2794 3015 3090 3072 substantia
3114 3057 3130 3083 ,
3179 3031 3296 3086 qua:
3325 3030 3422 3070 nec
3457 3032 3486 3068 a
3517 3017 3718 3086 seipsa,

2135 3122 2236 3164 nec
2277 3109 2346 3164 ab
2389 3109 2492 3164 alio
2525 3109 2776 3180 quopiam
2817 3123 2937 3164 esse
2965 3109 3249 3178 acceperit.
3277 3107 3399 3163 Scio
3426 3109 3595 3177 ipsum
3625 3125 3723 3177 ge-

2133 3203 2315 3257 nuisse
2339 3200 2565 3267 Filium;
2593 3199 2860 3272 quomodo
2895 3209 3095 3266 autem,
3129 3201 3312 3270 ignoro
3345 3218 3358 3252 :
3391 3202 3511 3254 novi
3539 3199 3720 3269 Spiri-

2133 3303 2247 3350 tum
2268 3307 2333 3349 ex
2361 3293 2476 3363 ipso
2503 3308 2622 3348 esse
2642 3307 2657 3358 ;
2689 3291 2957 3363 quomodo
2977 3303 3154 3347 autem
3178 3308 3244 3345 ex
3270 3291 3383 3362 ipso
3403 3290 3489 3354 sit,
3514 3293 3719 3346 nescio.

2132 3386 2294 3444 Cibos
2353 3385 2653 3452 comedo;
2693 3402 2800 3457 quo
2860 3395 3015 3456 pacto
3073 3396 3249 3440 autem
3309 3383 3607 3439 dividantur
3662 3385 3718 3439 in

2134 3479 2397 3549 pituitam,
2421 3477 2755 3548 sanguinem,
2776 3477 3053 3532 humorem
3075 3485 3128 3532 et
3155 3476 3318 3542 bilim,
3340 3477 3543 3547 ignoro.
3568 3475 3716 3542 Hrec,

2134 3584 2252 3640 qua:
2276 3567 2512 3638 quotidie
2531 3569 2877 3623 comedentes
2899 3567 3159 3630 videmus,
3185 3567 3488 3638 ignoramus
3515 3575 3718 3634 tanien,

2133 3669 2189 3715 et
2214 3660 2310 3716 Dei
2336 3659 2686 3714 substantiam
2713 3661 2924 3715 curiose
2957 3660 3297 3714 scrutamur?

2203 3762 2258 3810 4.
2285 3753 2471 3808 Contra
2493 3754 2755 3806 Anomaeos
2780 3753 3018 3823 loquitur.
3145 3751 3244 3808 Ubi
3271 3761 3392 3805 sunt
3421 3751 3596 3821 igitur,
3623 3752 3722 3820 qui

2134 3860 2194 3901 se
2218 3853 2378 3900 totam
2409 3843 2683 3899 scientiam
2705 3845 2976 3914 accepisse
3012 3843 3214 3909 dicunt,
3243 3843 3436 3912 quique
3457 3855 3628 3896 tamen
3666 3845 3722 3898 in

2135 3937 2439 3992 barathrum
2466 3935 2778 4007 ignorantiae
2798 3935 2999 4004 delapsi
3021 3932 3180 3989 sunt?
3207 3933 3336 3988 Nam
3355 3935 3440 4003 qui
3468 3948 3606 3987 llllllC
3628 3933 3720 3986 di-

2132 4035 2261 4082 cunt
2277 4045 2335 4085 se
2356 4035 2522 4083 totum
2543 4027 2831 4096 accepisse,
2857 4027 2908 4079 in
2937 4025 3112 4079 futuro
3138 4040 3196 4079 se
3217 4023 3519 4078 omnimodo
3539 4023 3720 4078 scien~

2136 4124 2205 4176 tia
2249 4135 2444 4176 vacuos
2481 4120 2830 4175 constituunt.
2878 4117 2992 4188 Ego
3030 4119 3223 4187 quippe
3247 4117 3335 4186 qui
3371 4117 3489 4171 dico
3524 4133 3607 4170 me
3649 4134 3721 4172 ex

2136 4222 2285 4284 parte
2313 4224 2636 4283 cegnoscere
2659 4252 2674 4277 ,
2706 4209 2808 4264 etsi
2834 4209 3007 4263 dicam
3037 4207 3173 4262 bane
3199 4207 3472 4261 scientiam
3501 4206 3723 4260 destru-

2133 4314 2278 4360 ctum
2314 4303 2419 4368 iri,
2465 4303 2518 4356 in
2557 4302 2748 4356 melius
2774 4315 2838 4356 ac
2863 4299 3148 4371 perfecdns
3178 4298 3504 4369 progredior,
3531 4307 3721 4366 utpote

2133 4411 2276 4462 cum,
2303 4395 2567 4450 destructa
2587 4393 2886 4462 particulari
2904 4392 3140 4453 scientia,
3162 4389 3442 4460 perfectior
3466 4387 3718 4443 accedat:

2133 4488 2221 4543 ille
2245 4502 2376 4543 vero
2400 4485 2489 4557 qui
2513 4484 2640 4539 dicit
2665 4498 2725 4539 se
2752 4493 2936 4548 totam,
2965 4482 3320 4536 omnimodam
3345 4489 3398 4534 et
3425 4478 3718 4550 perfectam

2135 4581 2331 4636 habere
2359 4578 2688 4643 scientiam,
2729 4586 2781 4630 et
2823 4586 3000 4644 postea
3033 4574 3220 4628 fatetur
3245 4576 3409 4642 ipsam
3455 4573 3505 4625 in
3539 4571 3722 4627 futuro

2134 4673 2460 4729 destructum
2500 4671 2598 4736 iri,
2627 4685 2685 4724 se
2712 4668 2934 4724 scientia
2962 4682 3184 4721 vacuum
3216 4664 3446 4718 futurum
3472 4677 3594 4718 esse
3620 4662 3723 4717 de-

2134 4767 2302 4824 clarat
2320 4809 2335 4832 ,
2364 4781 2485 4821 cum
2509 4766 2622 4819 hmc
2649 4762 2966 4819 destruenda
2985 4805 3000 4830 ,
3029 4762 3278 4831 nullaque
3301 4760 3402 4814 alia
3431 4759 3723 4830 perfectior

2135 4859 2431 4915 inducenda
2456 4857 2529 4911 sit
2553 4876 2566 4912 :
2595 4856 2853 4926 siquidem
2877 4855 2993 4910 haec
3015 4855 3305 4909 secundum
3337 4853 3456 4906 illos
3483 4852 3722 4922 perfecta

2136 4953 2355 5008 scientia
2391 4961 2493 5006 est.
2533 4950 2804 5004 Videtisne
2840 4962 2946 5018 quo
2977 4957 3163 5016 pacto,
3192 4945 3317 4999 dum
3357 4960 3414 4997 se
3437 4953 3602 4997 totum
3637 4943 3725 4996 hic

2136 5045 2333 5099 hahere
2359 5043 2703 5106 contendunt,
2727 5054 2898 5109 neque
2919 5037 3004 5093 hic
3027 5038 3318 5100 obtineant,
3350 5045 3507 5105 atque
3534 5036 3641 5089 illic
3664 5053 3727 5088 se

2137 5145 2249 5193 toto
2273 5135 2604 5191 destituant?
2633 5132 2860 5186 Tantum
2902 5131 3105 5186 scilicet
3142 5128 3335 5183 malum
3374 5138 3455 5182 est
3487 5127 3626 5181 intra
3659 5127 3722 5180 li-

2255 5311 2341 5362 Alii
2381 5318 2524 5374 post,
2548 5311 2800 5374 exempla,
2835 5308 3048 5374 addunt,
3073 5303 3364 5374 conrmans
3404 5303 3533 5374 quod
3577 5303 3727 5374 vetuit

2136 5368 2404 5430 ostendere.
2431 5383 2481 5423 tn
2501 5368 2660 5424 Morel.
2682 5368 2811 5432 inec,
2831 5369 3118 5435 con/innatis
3142 5370 3268 5432 quod
3295 5368 3436 5418 vetuit
3450 5368 3720 5425 ostendere,

2185 5439 2491 5488 asiderantnr.

2135 5444 2491 5551 dtiubcdglitltg:
2515 5499 2736 5563 habent:
2771 5496 2994 5548 ridemus
3023 5507 3136 5545 vero
3159 5505 3328 5563 nunc
3349 5505 3437 5563 per
3473 5491 3726 5552 speculum

2138 5574 2182 5616 et
2222 5563 2516 5635 (cinguntur
2538 5561 2680 5635 trabes
2703 5567 2956 5635 utrumque
2977 5554 3257 5635 quempiam
3273 5554 3726 5635 tibiudentortrmts

2141 5639 2286 5688 quam
2306 5616 2588 5688 imperfecta
2607 5623 2669 5674 sit
2689 5616 2890 5674 scientia
2911 5616 3180 5688 wnigmutis
3203 5617 3386 5688 speculi
3405 5625 3452 5688 et
3474 5616 3682 5688 percult.

2256 5680 2390 5738 (ibos
2409 5680 2701 5752 comedo,_et
2721 5687 2978 5752 sequentia
3007 5680 3165 5752 usque
3186 5680 3281 5752 ad,
3303 5680 3612 5752 scrutamur?
3634 5682 3726 5727 de-

2141 5765 2249 5804 sunt
2277 5754 2324 5800 in
2351 5750 2533 5808 -
2558 5749 2645 5799 sed
2671 5747 2910 5800 habentur
2933 5752 2980 5800 in
3003 5747 3139 5800 savil.
3179 5757 3229 5799 ct
3254 5747 3300 5796 in
3325 5747 3530 5794 maxima
3556 5757 3722 5793 mauu-

2264 5829 2420 5867 terunt
2438 5823 2592 5879 parte.
