3922 6236
65 358 163 412 703

59 489 245 541 γματα
268 487 286 503 ·
314 470 447 525 ἄνευ
472 468 579 539 γάρ
611 465 816 535 ταύτης
840 463 935 517 καὶ
958 462 1019 515 16
1047 458 1185 515 εἶναι
1224 460 1499 530 ἄνθρωποι
1542 474 1735 510 παντε-

59 562 164 623 λῶς
196 558 513 627 ἀπολοῦμεν
533 574 546 586 ·
583 556 694 609 Τὸν
728 553 837 623 γὰρ
868 551 1036 613 Θεὸν,
1079 549 1233 619 φησὶ,
1260 546 1467 616 φοϐοῦ,
1498 546 1597 598 καὶ
1631 549 1736 610 τὰς

58 646 315 711 ἐντολὰς
344 644 537 698 αὐτοῦ
568 644 881 711 φύλασσε,
917 637 1007 691 ὅτι
1034 636 1209 690 τοῦτο
1246 633 1367 699 πᾶς
1406 633 1733 700 ἅνθρωπος.

60 736 119 789 Εἰ
153 735 341 787 τοίνυν
367 732 527 785 τοῦτό
554 733 701 783 ἐστιν
726 728 1030 799 ἄνθρωπος,
1054 726 1116 777 16
1144 721 1424 793 φοϐεῖσθαι
1460 720 1550 774 τὸν
1580 721 1730 782 Θεὸν,

59 823 117 873 16
152 823 211 875 δὲ
243 820 536 889 φοϐεῖσθαι
587 818 679 871 τὸν
724 816 858 868 Θεὸν
897 813 1008 871 ἀπὸ
1040 810 1295 881 γνώσεως
1328 810 1559 877 γίνεται,
1612 810 1644 878 ἡ
1678 809 1735 860 66

62 912 260 979 γνῶσις
287 910 477 980 μέλλει
503 905 918 978 καταργεῖσθαι,
944 902 1125 966 καθὼς
1152 904 1180 955 6
1202 899 1414 962 Παῦλός
1437 916 1592 970 φησι,
1614 900 1735 951 τότε

62 1001 341 1062 παντελῶς
373 996 747 1067 ἀπολούμεθα,
778 993 1032 1062 γνώσεως
1057 991 1157 1044 οὑκ
1189 989 1377 1060 οὑσης,
1409 989 1503 1041 καὶ
1523 986 1592 1040 τὰ
1614 985 1734 1041 καθ’

60 1090 202 1158 ἡμᾶς
223 1088 281 1141 δὲ
314 1088 499 1140 πάντα
521 1085 825 1155 οίχήσεται,
853 1080 1075 1134 καὶτῶν
1100 1079 1309 1145 ἀλόγων
1334 1076 1487 1130 οὑδέν
1515 1075 1736 1145 ἄμεινον

60 1176 447 1247 διακεισόμεθα
467 1216 482 1241 ,
505 1172 643 1227 ἀλλά
667 1169 844 1239 πολλῷ
862 1171 1063 1239 χεῖρον.
1100 1169 1188 1220 Ἐν
1216 1166 1389 1237 τούτῳ
1410 1164 1518 1235 γὰρ
1548 1164 1737 1215 πλεον-

63 1266 326 1334 εκτοῦμεν
358 1262 544 1317 αὑτῶν
565 1301 579 1324 ,
606 1265 684 1323 ὡς
714 1261 826 1321 τοῖς
864 1274 927 1326 γε
956 1256 1137 1317 ἄλλοις
1179 1254 1348 1308 ἅπασι
1391 1255 1503 1315 τοῖς
1550 1267 1737 1320 σωμα-

59 1356 226 1416 τικοῖς
251 1354 319 1405 ἐκ
344 1350 546 1404 πολλοῦ
575 1348 669 1400 τοῦ
698 1346 979 1417 περιόντος
1002 1344 1185 1405 αὑτοῖς
1217 1340 1518 1411 νικώμεθα.
1546 1338 1613 1390 Τί
1642 1334 1735 1391 οῦν

60 1442 201 1492 ἐστιν
236 1442 265 1493 ὂ
294 1456 464 1511 φησιν
494 1441 522 1491 6
554 1436 783 1498 Παῦλος,
815 1434 910 1487 καὶ
944 1433 1071 1503 περὶ
1100 1431 1262 1494 τίνος,
1288 1430 1369 1482 ὅτι
1409 1429 1480 1482 Ἦ
1512 1427 1736 1493 γνῶσις

60 1526 616 1597 καταργηθήσεταις
647 1523 721 1575 Οὑ
754 1521 882 1590 περὶ
920 1520 1019 1589 τῆς
1057 1516 1382 1578 παντελοῦς,
1430 1514 1564 1567 ἀλλά
1607 1514 1736 1583 περὶ

58 1616 155 1682 τῆς
188 1613 429 1684 μερικῆς
457 1611 617 1665 τοῦτό
649 1626 802 1680 φησι,
835 1608 1176 1676 κατάργησιν
1203 1604 1301 1675 τὴν
1331 1602 1421 1654 ἐπὶ
1446 1602 1507 1654 τὸ
1530 1600 1736 1671 βέλτιον

61 1702 283 1771 πρόοδον
308 1700 509 1767 λέγων,
546 1699 622 1761 ὡς
653 1696 750 1767 τὴν
783 1695 1014 1767 μερικὴν
1047 1691 1502 1762 καταργουμένην
1538 1690 1735 1760 μηκέτι

59 1788 194 1841 εἶναι
229 1788 467 1859 μερικὴν
499 1799 548 1850 ι,
586 1785 725 1839 ἀλλὰ
764 1784 999 1836 τελείαν.
1032 1780 1300 1850 Καθάπερ
1339 1779 1509 1849 γάρή
1550 1775 1736 1847 ἡλικία

58 1876 147 1929 τοῦ
187 1877 406 1929 παιδίου
438 1876 814 1945 καταργεῖται,
844 1872 944 1925 οὑκ
972 1868 1375 1940 ἀφανιζομένης
1401 1865 1501 1936 τῆς
1524 1863 1732 1926 οὑσίας,

58 1965 168 2017 ἀλλ’
212 1963 595 2034 αὐξανομένης
638 1962 737 2032 τῆς
766 1961 1014 2031 ἡλικίας,
1064 1958 1158 2011 καὶ
1204 1959 1284 2019 είς
1330 1954 1499 2025 ἄνδρα
1531 1953 1738 2005 τέλειον

28 2022 444 2125 ξίιιΰιιινούσηςἱ
493 2022 636 2103 οὑτω
680 2022 906 2103 καὶ-ἐπὶ
952 2022 1050 2117 τῆς
1088 2043 1343 2114 γνώσεως
1385 2022 1616 2109 γίνεται.
1672 2040 1737 2092 Ἦ

62 2145 250 2211 μικρὰ,
286 2140 472 2210 φησὶν,
515 2138 653 2208 αῦτη
682 2137 863 2190 οὑκέτι
903 2134 969 2188 ἂν
1003 2134 1086 2204 εἴη
1119 2133 1313 2205 μικρὰ,
1348 2129 1437 2182 διὰ
1472 2129 1581 2181 τῶν
1611 2124 1736 2196 ἑξῆς

60 2228 326 2299 γενομένη
389 2226 598 2298 μεγάλη
624 2242 636 2254 ·
686 2224 843 2278 τοῦτο
894 2223 1009 2275 ἔστι
1053 2222 1149 2286 16,
1190 2217 1594 2289 καταργεῖται·
1642 2215 1736 2268 καὶ

30 2292 211 2369 ⁸3τοῦτο
231 2292 326 2368 διά
355 2292 621 2383 τών-ἑξῆς
643 2312 973 2380 σαφέστερον
1002 2311 1133 2380 ἡμῖν
1165 2308 1453 2379 ἐδήλωσεν.
1483 2306 1601 2357 Ἵνα
1627 2302 1735 2372 γὰρ

56 2404 299 2466 ἀκούσας
343 2404 427 2454 ὅτι
459 2403 849 2471 καταργεῖται,
893 2398 967 2469 μὴ
1020 2396 1315 2450 κατάλυσιν
1367 2392 1608 2462 παντελῆ
1649 2407 1739 2443 νο-

65 2494 222 2564 μίσῃς
246 2488 416 2553 εἶναι,
450 2488 565 2543 ἀλλ’
597 2487 825 2557 αῦξησίν
849 2503 972 2539 τινα
993 2485 1089 2538 καὶ
1118 2484 1255 2555 πρὸς
1282 2482 1344 2535 16
1378 2480 1586 2552 βέλτιον
1615 2478 1737 2530 ἐπί-

60 2582 217 2643 δοσιν,
256 2578 431 2631 εἰπὼν
460 2576 859 2645 καταργεῖται,
889 2574 1167 2644 ἐπήγαγεν
1187 2588 1202 2603 ·
1248 2572 1351 2624 Ἐκ
1372 2568 1597 2638 μέρους
1625 2566 1738 2634 γὰρ

62 2668 458 2737 γινώσκομεν,
484 2665 584 2720 καὶ
616 2666 684 2719 ἐκ
712 2662 935 2733 μέρους
963 2659 1450 2729 προφητεύομεν·
1493 2656 1641 2709 ὅταν
1671 2655 1740 2708 δέ

60 2759 202 2825 ἔλθῃ
234 2757 305 2810 τὸ
330 2756 584 2821 τέλειον,
613 2755 745 2808 τότε
774 2757 839 2807 τὸ
863 2753 930 2805 ἐκ
952 2754 1176 2821 μέρους
1201 2746 1734 2817 καταργηθήσεται·

60 2848 129 2909 ώς
170 2846 377 2917 μηκέτι
422 2839 560 2898 εἶναι
592 2842 722 2896 αὑτὸ
759 2843 825 2893 ἐκ
861 2839 1060 2911 μέρους
1086 2879 1099 2903 ,
1134 2837 1271 2892 ἀλλά
1300 2835 1522 2889 τέλειον.
1575 2834 1740 2886 Ὥστε

63 2936 113 2985 16
150 2934 346 2995 ἀτελὲς
377 2930 542 2984 αὑτοῦ
572 2931 966 3000 καταργεῖται,
1007 2926 1083 2989 ὡς
1127 2924 1323 2996 μηκέτι
1356 2917 1497 2976 εἶναι
1528 2922 1737 2989 ἀτελὲς,

61 3023 189 3074 ἀλλὰ
220 3022 453 3075 τέλειον.
491 3020 552 3072 'H
572 3018 751 3071 τοίνυν
774 3016 1111 3087 κατάργησις
1133 3013 1270 3085 αὕτη
1300 3010 1578 3085 πλήρωσις
1603 3011 1736 3075 ἐστι,

63 3112 149 3162 καὶ
179 3110 323 3181 πρὸς
352 3110 413 3161 τὸ
450 3109 636 3179 μεῖζον
667 3106 926 3169 ἐπίδοσις.

127 3297 199 3357 γ’.
240 3289 357 3342 Καὶ
390 3288 582 3340 σκόπει
622 3305 709 3357 μοι
745 3286 843 3357 τὴν
866 3284 961 3339 τοῦ
992 3282 1205 3338 Παύλου
1234 3284 1480 3335 σύνεσιν·
1527 3281 1587 3333 οὑ
1633 3278 1742 3351 γὰρ

63 3374 203 3437 εἶπε,
229 3376 412 3448 Μέρος
440 3375 802 3444 γινώσκομεν,
824 3374 964 3438 ἀλλ’,
995 3374 1097 3426 Ἐκ
1113 3371 1334 3442 μέρους
1349 3368 1741 3439 γινώσκομεν,

62 3466 233 3536 δηλῶν
262 3468 348 3519 ὅτι
368 3467 464 3520 τοῦ
492 3467 690 3537 μέρους
711 3465 874 3535 μέρος
900 3464 1221 3534 κατέχομεν.
1254 3463 1404 3531 Τάχα
1424 3458 1742 3537 ἐπιθυμεῖτε

63 3534 315 3617 ἀκοῦσαι,
345 3555 440 3607 καὶ
477 3534 645 3606 πόσον
683 3534 848 3623 μέρος
877 3552 1199 3621 κατέχομεν,
1228 3550 1321 3603 καὶ
1350 3550 1515 3602 πόσον
1550 3534 1744 3599 ὑπολέ-

63 3643 302 3704 λειπται,
337 3646 433 3695 καὶ
465 3642 694 3712 πότερον
725 3640 786 3694 16
819 3641 982 3693 πλέον
1008 3640 1041 3709 ἦ
1072 3639 1131 3691 16
1157 3638 1377 3691 ἔλαττον
1411 3637 1740 3705 κατέχομεν.

64 3732 270 3785 Οὑκοῦν
320 3731 411 3783 ἵνα
467 3730 645 3803 μάθῃς
692 3730 774 3781 ὅτι
822 3728 884 3780 τὸ
922 3727 1142 3779 ἔλαττον
1186 3724 1468 3795 κατέχεις,
1516 3727 1609 3778 καὶ
1646 3722 1743 3791 οὑχ

64 3822 247 3885 ἁπλῶς
286 3822 349 3874 τὸ
379 3820 621 3881 ἔλαττον,
654 3820 767 3872 ἀλλ’
801 3819 877 3882 ὼς
907 3818 972 3871 ἂν
1007 3817 1149 3869 είποι
1178 3833 1261 3878 τις
1301 3815 1360 3868 τὸ
1394 3812 1741 3882 ἑκατοστὸνῆ

65 3912 122 3962 16
157 3909 477 3981 μυριοστὸν,
510 3908 741 3962 ἄκουσον
776 3906 883 3960 τῶν
914 3905 1068 3976 ἑξῆς·
1108 3903 1306 3975 μᾶλλον
1334 3902 1391 3955 δὲ
1429 3902 1555 3972 πρὶν
1586 3901 1619 3970 ἢ
1646 3902 1745 3971 τὴν

65 3997 427 4069 ἁποστολικὴν
461 3998 591 4068 ὑμῖν
626 3996 932 4064 ἀναγνῶναι
958 3993 1160 4065 φωνὴν,
1186 3991 1489 4059 ὑπόδειγμα
1522 3988 1631 4059 ἐρῶ
1657 3988 1747 4040 δυ-

66 4090 296 4157 νάμενον
327 4088 456 4154 ὑμῖν
488 4084 863 4155 παραστῆσαι,
889 4082 963 4144 ώς
988 4081 1047 4146 ἐξ
1072 4078 1472 4147 ὑποδείγματος
1496 4070 1743 4134 δυνατὸν,

68 4177 229 4227 πόσον
256 4176 287 4215 b
319 4172 728 4232 ὑπολέλειπται,
756 4172 850 4225 καὶ
877 4170 1042 4222 πόσον
1073 4167 1219 4220 ἐστὶν
1245 4167 1272 4217 ὃ
1301 4163 1605 4232 κατέχομεν
1628 4158 1743 4213 νῦν.

68 4265 233 4316 Πόσον
259 4262 444 4315 τοίνυν
475 4262 593 4314 ἐστὶ
620 4261 680 4314 τὸ
714 4259 878 4330 μέσον
907 4258 1005 4328 τῆς
1039 4255 1338 4327 μελλούσης
1368 4255 1498 4323 ἡμῖν
1525 4248 1748 4320 δοθήσε-

71 4352 191 4406 σθαι
216 4351 500 4420 γνώσεως,
527 4351 623 4402 καὶ
644 4349 744 4417 τῆς
777 4346 1061 4417 παρούσης
1085 4344 1212 4410 νῦν;
1250 4345 1413 4396 Ὅσον
1442 4339 1635 4411 ἀνδρὸς
1660 4355 1749 4390 τε-

69 4442 206 4493 λείου
236 4441 375 4512 προς
404 4439 568 4491 παῖδα
600 4437 901 4509 θηλάζοντα
930 4435 992 4488 τὸ
1021 4434 1183 4505 μέσον
1201 4449 1213 4463 ο
1245 4431 1481 4503 τοσαύτη
1511 4428 1620 4501 γὰρ
1646 4427 1747 4497 τῆς

72 4532 373 4600 μελλούσης
406 4530 661 4597 γνώσεως
690 4529 827 4597 πρὸς
857 4528 956 4597 τὴν
980 4525 1311 4595 παροῦσανή
1346 4523 1610 4593 ὑπεροχή.
1640 4520 1751 4574 Καὶ

68 4624 143 4673 6::
188 4619 350 4671 τοῦτό
404 4620 550 4670 ἐστιν
600 4615 837 4687 ἀληθὲς,
887 4615 979 4667 καὶ
1017 4611 1269 4667 τοσοῦτον
1313 4610 1495 4681 ἐκείνη
1546 4606 1751 4679 ταύτης

72 4709 272 4780 μείζων
298 4708 469 4769 ἐστὶν,
496 4706 656 4768 αὑτὸς
682 4704 888 4772 λεγέτω
914 4703 1076 4757 πάλιν
1099 4704 1127 4755 6
1152 4700 1382 4763 Παῦλος.
1413 4698 1596 4752 Εἰπὼν
1619 4697 1749 4768 γὰρ,

80 4800 171 4851 Ἐκ
212 4796 442 4867 μέρους
485 4792 898 4864 γινώσκομεν,
936 4792 1029 4845 καὶ
1071 4790 1391 4862 βουλόμενος
1430 4787 1643 4853 δεῖξαια
1689 4786 1754 4837 ἐκ

69 4887 233 4939 πόσου
272 4884 510 4955 μέρους,
557 4882 652 4934 καὶ
692 4882 773 4933 ὅτι
813 4880 873 4933 16
920 4879 1258 4950 βραχύτατον
1296 4877 1391 4929 νῦν
1428 4873 1750 4944 κατέχομεν,

70 4978 379 5044 ἐπήγαγεν·
416 4973 554 5024 ’Ὅτε
594 4970 756 5039 ἥμην
799 4969 1049 5034 νήπιος,
1078 4970 1158 5032 ώς
1196 4967 1409 5031 νήπιος
1447 4963 1714 5017 ἐλάλουν
1737 5002 1752 5024 ,

71 5065 146 5129 ὠς
166 5063 386 5128 νήπιος
411 5059 565 5132 [447]
580 5060 899 5128 ἐφρόνουν,
922 5059 1001 5123 ώς
1030 5056 1248 5125 νήπιος
1268 5052 1640 5122 ἐλογιζόμην·
1659 5049 1756 5101 ὅτε

71 5153 131 5203 δὲ
159 5153 379 5222 γέγονα
403 5149 582 5217 ἀνὴρ,
615 5148 963 5216 κατήργηκα
991 5148 1065 5199 τὰ
1094 5145 1200 5199 τοῦ
1264 5142 1485 5209 νηπίου
1506 5156 1518 5167 ·
1560 5138 1755 5208 νηπίου

75 5242 165 5307 μὲν
206 5241 319 5303 ἕξει
355 5240 457 5309 τὴν
502 5237 789 5307 παροῦσαν
821 5236 1058 5305 γνῶσιν,
1093 5233 1286 5305 ἀνδρὸς
1316 5231 1373 5283 66
1418 5230 1627 5282 τελείου
1657 5225 1758 5296 τὴν

70 5330 264 5395 γνῶσιν
294 5328 395 5399 τὴν
428 5324 730 5397 μέλλουσαν
750 5324 1138 5396 παραϐάλλων.
1164 5321 1277 5376 Καὶ
1301 5320 1402 5373 οὑκ
1427 5312 1599 5379 εἶπεν,
1624 5301 1757 5368 Ὅτε

126 5579 144 5601 ⁸
176 5580 320 5653 βῆσε
340 5580 499 5627 codex
519 5579 724 5656 πρόοδον
746 5579 924 5637 καλῶν,
949 5580 1017 5633 ὡς
1038 5582 1120 5634 τῆς
1142 5579 1335 5638 μερικῆς
1352 5573 1756 5636 καταργουμένης,

103 5648 233 5689 πιέτι
259 5648 380 5688 εἶναι
418 5648 631 5689 μεοικήν.
861 5648 872 5656 ⁵

74 5659 233 5703 μηιετι
259 5659 380 5688 ειναι
418 5657 631 5703 μερικην.

105 5768 111 5773 .
131 5703 329 5779 [831“.
360 5709 691 5779 παραστῆραι,
714 5704 777 5756 ὡς
797 5702 849 5773 έξ
865 5701 1211 5762 ὑποδείγματος
1233 5697 1447 5759 δυνατὸν,
1472 5696 1589 5745 αὑτὸ
1613 5694 1756 5747 τοῦτο

75 5768 122 5812 το
142 5764 445 5826 ζητούμενον,
470 5764 552 5810 καὶ
585 5764 729 5817 δεῖξαι
749 5764 918 5809 πόσον.

133 5828 155 5857 ε
181 5828 404 5887 Qualuor
428 5838 546 5876 mss.
572 5830 623 5877 et
643 5824 791 5875 Savil.
814 5824 993 5879 διδάξαι

1108 344 1195 399 DE
1234 337 1925 398 INCOMPREHENSIBILI
1962 334 2072 391 DEI
2113 332 2415 391 NATURA.
2455 332 2496 385 1.

3394 316 3496 374 704

1840 454 1986 525 ήμην
2022 455 2174 509 παῖς·
2212 450 2338 509 παῖς
2369 447 2474 515 γὰρ
2499 445 2591 498 καὶ
2615 443 2642 495 6
2672 439 3005 510 δωδεκαέτης
3032 435 3061 475 ϐ
3092 435 3302 503 λέγεται
3359 434 3497 500 ἀλλ’,

1840 522 1977 593 ’ὀτέ
1992 536 2395 607 ἥμηννιξπιος,
2414 532 2503 583 16v
2520 532 2623 583 ὑπο
2630 528 2819 598 μάζιον
2834 527 2929 580 καὶ
2946 525 3025 577 ἔτι
3042 522 3502 592 γαλακτοτροφού-

1840 645 1996 698 μενον
2023 625 2115 679 καὶ
2139 620 2438 693 θηλάζοντα
2465 620 2596 687 ἡμῖν
2627 614 2924 685 ἐμφαίνων.
2960 613 3084 664 ’Ότι
3114 612 3278 679 γάρὴ
3312 610 3501 681 Γραφὴ

1834 714 2021 768 τοῦτόν
2049 727 2183 781 φησι
2209 710 2424 779 νήπιον,
2454 704 2683 757 ἄκουσον
2710 701 2804 754 τοῦ
2834 699 3050 770 ψαλμοῦ
3078 698 3353 766 λέγοντος·
3382 700 3497 751 Κύ-

1830 819 1943 870 ριε,
1974 803 2007 853 ὁ
2035 798 2250 865 Κύριος
2275 793 2463 863 ἡμῶν,
2493 791 2574 856 ὡς
2601 788 2948 859 θαυμαστὸν
2975 787 3042 839 τὸ
3073 786 3260 855 ὄνομά
3288 802 3405 841 σου
3434 786 3504 838 ἐν

1837 888 2002 956 πάσῃ
2027 885 2102 954 τῇ
2126 883 2221 954 γῇ·
2248 882 2337 935 ὅτι
2363 879 2591 947 ἐπήρθη
2620 877 2659 942 ή
2680 872 3158 945 μεγαλοπρέπεια
3187 889 3302 927 σου
3325 876 3505 934 ὑπερ·

1836 971 1957 1023 ἀνω
1984 968 2103 1023 τῶν
2123 963 2413 1033 οὐρανῶν·
2435 963 2503 1015 ἐκ
2527 962 2822 1029 στόματος
2847 958 3078 1026 νηπίων
3099 958 3195 1011 καὶ
3218 958 3504 1025 θηλαζόν-

1836 1076 1953 1112 των
1981 1055 2318 1124 κατηρτίσω
2346 1052 2454 1106 τὸν
2484 1046 2678 1103 αἶνον.
2724 1048 2887 1118 Ὁρᾷς
2919 1047 2999 1100 ὅτι
3029 1046 3119 1101 16v
3150 1046 3340 1117 νήπιον
3369 1063 3506 1099 παν·-
3532 1100 3536 1105 ,

1835 1146 2001 1215 ταχοῦ
2034 1145 2123 1197 16v
2151 1140 2449 1210 θηλάζοντα
2479 1137 2665 1199 καλεῖ;
2690 1132 2822 1188 Εἶτα
2844 1133 2921 1205 τῷ
2953 1135 3223 1204 πνεύματι
3256 1132 3520 1206 ’προορῶν⁹

1835 1233 1943 1287 τῶν
1979 1230 2277 1302 μελλόντων
2310 1225 2518 1297 ἀνδρῶν
2562 1225 2660 1294 τὴν
2693 1221 3095 1292 ἀναισχυντίαν,
3137 1221 3258 1290 οὑχὶ
3298 1220 3376 1290 τῷ
3424 1220 3507 1272 ἑνὶ

1838 1320 2239 1392 παραδείγματι
2271 1315 2445 1385 τούτῳ
2480 1314 2639 1383 μόνον
2668 1311 2934 1382 ἠρκέσθη,
2976 1310 3112 1363 ἀλλά
3149 1310 3242 1362 καὶ
3267 1308 3505 1378 δευτέρῳ

1837 1408 1931 1461 καὶ
1969 1408 2137 1476 τρίτῳ
2169 1403 2327 1458 τοῦτο
2374 1401 2587 1471 βέϐαιον
2637 1401 2768 1471 ἡμῖν
2812 1399 3052 1467 ἐποίησε.
3098 1397 3363 1466 Καθάπερ
3399 1395 3508 1466 γὰρ

1837 1497 1865 1547 6
1906 1494 2144 1563 Μωῦσῆς
2191 1491 2326 1561 πρὸς
2372 1489 2659 1551 Ἰουδαίους
2688 1485 3152 1556 ἀποστελλόμενος
3194 1483 3359 1553 τριῶν
3407 1499 3507 1550 an.

1842 1583 2008 1652 μείων
2061 1579 2361 1650 ἐλάμϐανεν
2408 1577 2717 1642 ἀπόδειξιν,
2756 1576 2861 1636 ίνα,
2912 1574 3008 1627 ὲάν
3048 1573 3391 1642 ἀπιστήσωσι
3429 1569 3507 1639 τῷ

1839 1671 2108 1740 προτέρῳ,
2137 1668 2236 1736 τῆς
2262 1664 2357 1718 τοῦ
2383 1664 2635 1734 δευτέρου
2666 1663 2851 1731 φωνῆς
2881 1661 3179 1721 ἀκούσωσι,
3219 1660 3284 1713 ἂν
3321 1659 3377 1711 66
3413 1659 3506 1711 καὶ

1836 1757 2039 1827 ταύτης
2078 1754 2533 1825 καταφρονήσωσι
2560 1792 2575 1814 ,
2616 1751 2679 1804 τὸ
2707 1751 2886 1823 τρίτον
2922 1747 3304 1817 αἰσχυνθέντες
3336 1763 3508 1799 κατα-

1836 1844 2090 1909 δέξωνται
2124 1842 2216 1896 16v
2249 1842 2532 1913 προφήτην
2554 1856 2569 1870 ·
2609 1835 2752 1893 οὑτω
2788 1838 2883 1891 καὶ
2927 1831 3080 1897 οὗτος
3122 1835 3251 1905 τρία
3295 1833 3507 1903 τίθησιν

1838 1932 2236 2001 ὑποδείγματα·
2277 1928 2335 1982 ἓν
2376 1929 2474 1999 μὲν
2505 1938 2527 1965 θ
2574 1926 2635 1979 16
2682 1924 2774 1978 τοῦ
2825 1924 3060 1987 παιδίου,
3111 1923 3306 1990 λέγων,
3366 1922 3505 1973 Ὅτε

1835 2020 1998 2089 ἤμην
2025 2019 2262 2085 νήπιος,
2298 2018 2378 2083 ὡς
2417 2015 2634 2081 νήπιος
2657 2013 2990 2082 ἐφρόνουν·
3020 2010 3273 2080 δεύτερον
3316 2009 3375 2061 16
3410 2006 3507 2060 τοῦ

1837 2109 2136 2179 ἐσόπτρου·
2167 2107 2261 2160 καὶ
2295 2105 2477 2177 τρίτον
2513 2103 2574 2156 16
2614 2100 2729 2155 τοῦ·
2754 2100 3095 2169 αἰνίγματος.
3147 2097 3331 2152 Εἰπὼν
3374 2098 3508 2168 γὰρ,

1839 2196 1969 2249 Ὅτε
2006 2194 2168 2264 ἤμην
2202 2193 2437 2261 νήπιος,
2479 2192 2750 2262 ἐπήγαγε·
2784 2186 3097 2255 Βλέπομεν
3119 2186 3236 2239 νῦν
3267 2185 3341 2239 δι’
3368 2186 3507 2239 ἐσό-

1836 2299 2024 2351 πτρου
2044 2282 2113 2335 ἐν
2136 2282 2452 2351 αινιγματι.
2498 2280 2627 2334 Ἰδοὺ
2658 2276 2767 2349 γὰρ
2796 2274 3048 2347 δεύτερον
3078 2274 3379 2344 ὑπόδειγμα
3408 2274 3511 2343 τῆς

1838 2370 2120 2443 παρούσης
2142 2369 2459 2433 ἀσθενείας,
2496 2369 2589 2422 καὶ
2627 2365 2721 2419 τοῦ
2751 2364 2919 2435 ἀτελῆ
2950 2363 3049 2435 τὴν
3086 2362 3287 2432 γνῶσιν
3328 2357 3470 2415 εἶναι
3495 2377 3508 2390 ·

1836 2458 2015 2529 τρίτον
2041 2458 2203 2513 πάλιν
2229 2458 2290 2511 16
2330 2456 2434 2511 Ἐν
2457 2456 2775 2524 αἰνίγματι.
2809 2453 2921 2506 Καὶ
2946 2454 3056 2522 γὰρ
3080 2452 3141 2504 16
3170 2450 3378 2505 παιδίον
3410 2450 3511 2519 ὁρᾷ

1841 2546 1939 2616 μὲν
1965 2544 2134 2598 πολλὰ
2171 2544 2266 2597 καὶ
2301 2543 2487 2597 ἀκούει
2517 2541 2610 2595 καὶ
2641 2540 2976 2608 φθέγγεται,
3018 2537 3217 2607 τρανὸν
3255 2538 3313 2590 66
3358 2536 3510 2588 οὑδέν

1837 2631 1961 2685 οὔτε
1998 2633 2132 2703 ὁρᾷ,
2172 2630 2295 2684 οὔτε
2334 2629 2553 2693 ἀκούει,
2606 2626 2731 2679 οὔτε
2784 2624 3119 2694 φθέγγεται·
3176 2624 3271 2677 καὶ
3324 2625 3513 2692 φρονεί

1843 2720 1960 2790 μὲν,
1979 2719 2128 2772 οὐδὲν
2144 2718 2200 2771 66
2216 2716 2372 2788 διηρο
2382 2715 2642 2787 ρωμένον.
2662 2711 2818 2766 Οῦτω
2834 2712 2929 2764 καὶ
2948 2709 3059 2779 ἐγὼ
3074 2707 3189 2763 οἶδα
3204 2710 3302 2780 μέν
3320 2709 3511 2771 πολλὰ,

1839 2807 1938 2859 οὑκ
1963 2805 2262 2875 ἐπίσταμαι
2291 2806 2347 2858 δὲ
2373 2802 2553 2855 αὑτῶν
2580 2801 2673 2854 τὸν
2701 2800 2919 2870 τρόπον.
2955 2798 3078 2851 Ὅτι
3112 2796 3211 2867 μὲν
3236 2796 3344 2866 γὰρ
3376 2812 3512 2848 παν-

1837 2893 2004 2964 ταχοῦ
2042 2893 2189 2945 ἐστιν
2227 2895 2255 2946 6
2297 2892 2429 2954 Θεὸς
2470 2886 2609 2954 οἶδα,
2648 2889 2743 2943 καὶ
2783 2888 2865 2940 ὅτι
2898 2885 3033 2946 ὅλως
3077 2883 3193 2937 ἐστι
3237 2879 3513 2951 πανταχοῦ

1838 2978 1953 3035 οἶδα
1974 2998 1987 3011 ·
2017 2981 2077 3034 16
2098 2981 2155 3034 66
2186 2979 2301 3043 πῶς
2334 2979 2435 3032 οὑκ
2459 2972 2601 3031 οῖδα·
2639 2976 2720 3029 ὅτι
2752 2973 2989 3045 ἀναρχός
3013 2973 3129 3025 ἐστι
3153 2971 3249 3024 καὶ
3278 2969 3513 3039 ἀγέννη-

1839 3087 1930 3133 τος
1952 3070 2046 3123 καὶ
2071 3070 2260 3133 ἀΐδιος,
2292 3063 2408 3121 οἴδα
2428 3084 2440 3098 ·
2464 3066 2526 3119 16
2546 3066 2603 3119 66
2630 3064 2747 3127 πῶς
2770 3064 2872 3115 οὑκ
2894 3057 3011 3115 οἶδα
3028 3079 3039 3091 ·
3072 3060 3133 3113 οὑ
3163 3058 3272 3131 γὰρ
3298 3058 3515 3128 δέχεται

1839 3156 2096 3227 λογισμὸς
2127 3155 2320 3209 εἰδέναι
2351 3155 2467 3216 πῶς
2508 3147 2618 3205 οἷόν
2650 3168 2708 3202 τε
2758 3150 2946 3203 οὑσίαν
2981 3144 3152 3209 εἶναι,
3199 3147 3336 3217 μήτε
3385 3146 3515 3214 παρ’

1842 3245 2036 3315 ἐαυτῆς
2061 3245 2198 3316 μήτε
2223 3242 2350 3311 παρ’
2374 3240 2561 3311 ἐτέρου
2584 3239 2646 3291 16
2663 3234 2800 3291 εἶναι
2827 3236 3077 3306 ἔχουσαν.
3105 3229 3237 3286 Οἶδα
3262 3232 3343 3285 ὃτι
3370 3230 3521 3299 ἐγέν-

1841 3349 2003 3403 νησεν
2029 3332 2175 3395 Υἱὸν,
2197 3331 2257 3384 16
2283 3330 2338 3382 66
2365 3328 2479 3392 πῶς
2505 3326 2713 3395 ἀγνοῶ·
2741 3320 2859 3378 οῖδα
2886 3325 2969 3377 ὅτι
2998 3321 3060 3375 16
3086 3320 3310 3391 Πνεῦμα
3333 3318 3391 3385 ἐξ
3423 3318 3521 3373 αὑ-

1841 3420 1957 3483 τοῦ,
1974 3420 2034 3472 τὸ
2054 3420 2111 3473 δέ
2134 3416 2493 3481 πῶςέξαὺτοῦ
2516 3417 2616 3469 οὑκ
2638 3414 2954 3483 ἐπίσταμαι·
2977 3411 3244 3483 βρώματα
3275 3408 3441 3462 ἐσθίω
3466 3407 3517 3471 ί,

1842 3508 1901 3561 16
1930 3509 1985 3561 66
2020 3508 2135 3570 πῶς
2166 3507 2475 3578 μερίζονται
2508 3504 2586 3567 είς
2620 3502 2860 3571 φλέγμα,
2892 3502 2972 3565 εἰς
3013 3493 3185 3570 αἷμα,
3215 3500 3294 3561 εἰς
3322 3497 3518 3567 χυμὸν,

1844 3597 1922 3659 είς
1953 3595 2135 3666 χολὴν,
2162 3593 2359 3662 ἀγνοῶ.
2385 3591 2581 3651 ,Ταῦτα
2619 3591 2762 3662 άπερ
2812 3588 3083 3659 βλέπομεν
3116 3586 3237 3640 καθ’
3280 3585 3523 3653 ἑκάστην

1844 3682 2055 3753 ἡμέραν
2082 3681 2351 3743 ἐσθίοντες
2391 3678 2695 3749 ἀγνοοῦμεν
2715 3720 2731 3745 ,
2760 3678 2854 3730 καὶ
2892 3675 2991 3747 τὴν
3034 3675 3224 3728 οὑσίαν
3260 3675 3355 3727 τοῦ
3383 3673 3520 3727 Θεοῦ

1847 3771 2132 3840 πολυπραγ
2140 3767 2300 3838 μονοῦ
2310 3785 2406 3838 μεν
2428 3784 2441 3833 ;

1917 3907 1977 3959 δ’.
2004 3906 2113 3960 Ποῦ
2140 3906 2316 3959 τοίνυν
2335 3906 2472 3958 εἰσὶν
2492 3905 2540 3958 οί
2562 3905 2621 3958 16
2639 3906 2746 3958 πᾶν
2763 3902 3124 3973 ἀπειληφέναι
3145 3900 3244 3971 τῆς
3272 3898 3525 3969 γνώσεως

1846 3995 2115 4064 λέγοντες,
2151 3995 2202 4047 οἱ
2247 3995 2383 4065 πρὸς
2435 3993 2497 4047 16
2550 3993 2820 4065 βάραθρον
2853 3992 2951 4062 τῆς
2982 3989 3254 4060 ἀγνωσίας
3280 4005 3525 4042 καταπε-

1848 4084 2029 4148 σόντες
2053 4101 2067 4149 ;
2105 4085 2166 4136 Οἱ
2198 4082 2307 4153 γὰρ
2330 4082 2472 4134 κατὰ
2501 4081 2561 4134 16
2594 4081 2767 4153 παρὸν
2797 4080 3047 4149 λέγοντες
3074 4076 3436 4148 ἀπειληφέναι
3465 4076 3527 4128 16

1846 4172 1977 4235 πᾶν,
2004 4174 2083 4235 είς
2113 4171 2172 4224 16
2202 4170 2391 4241 μέλλον
2422 4171 2659 4240 ἐρήμους
2689 4169 2914 4233 ἐαυτοὺς
2946 4168 3044 4237 τῆς
3068 4164 3367 4228 παντελοῦς
3395 4164 3526 4218 καθ-

1852 4256 2036 4315 ιστῶσι
2069 4260 2343 4331 γνώσεως.
2364 4260 2504 4329 Ἐγὼ
2539 4260 2635 4331 μὲν
2666 4260 2775 4331 γὰρ
2820 4259 2848 4311 ὁ
2894 4258 3086 4326 λέγων,
3122 4256 3203 4310 ὅτι
3236 4259 3299 4309 ἐκ
3330 4255 3527 4326 μέρους

1850 4352 2126 4420 γινώσκω,
2155 4350 2257 4406 κᾶν
2280 4350 2442 4415 εἴπω,
2463 4352 2543 4404 ὅτι
2566 4352 2921 4422 καταργεῖται
2943 4350 2974 4419 ἡ
2996 4348 3195 4417 γνῶσις
3215 4346 3377 4417 αὕτη,
3393 4346 3528 4417 πρὸς

1852 4440 1913 4494 16
1964 4440 2172 4511 βέλτιον
2218 4442 2314 4493 καὶ
2358 4439 2688 4509 τελειότερον
2736 4437 2923 4497 ὁδεύω,
2957 4434 3395 4507 καταργηθείσης
3428 4434 3529 4503 τῆς

1856 4528 2088 4600 μερικῆς
2129 4526 2222 4580 καὶ
2254 4526 2553 4597 γενομένης
2585 4524 2923 4594 τελειοτέρας
2942 4540 2955 4553 ·
2984 4525 3191 4585 ἐκεῖνος
3215 4522 3270 4575 66
3301 4524 3329 4574 6
3353 4521 3527 4589 λέγων

1853 4617 2090 4686 παντελῆ
2126 4616 2219 4668 καὶ
2264 4614 2557 4687 ὀλόκληρον
2608 4614 2705 4668 καὶ
2751 4612 2963 4665 τελείαν
3006 4611 3149 4681 ἔχειν
3176 4611 3275 4682 τὴν
3303 4608 3525 4680 γνῶσιν,

1853 4700 1971 4757 εἶτα
1990 4702 2267 4774 ὁμολογῶν
2299 4701 2467 4773 αὑτὴν
2494 4700 2885 4772 καταργεῖσθαι
2918 4703 2975 4754 ἐν
3003 4700 3079 4770 τῷ
3107 4698 3374 4771 μέλλοντι,
3399 4698 3529 4767 ἐρη-

1858 4809 1955 4862 μον
1998 4791 2190 4844 ἐαυτὸν
2237 4790 2529 4859 ἀποφαίνει
2562 4788 2712 4862 [448]
2745 4789 2848 4859 τῆς
2886 4788 3160 4859 γνώσεως,
3188 4786 3391 4857 ταύτης
3429 4788 3527 4856 μὲν

1856 4878 2325 4951 καταργουμένης,
2356 4879 2548 4951 ἑτέρας
2584 4878 2640 4931 δέ
2668 4877 3004 4949 τελειοτέρας
3031 4877 3130 4929 οὑκ
3164 4876 3527 4945 ἐπεισαγομέ-

1856 4987 1979 5041 νης·
2038 4970 2196 5041 εἴπερ
2256 4969 2393 5040 αῦτη
2455 4971 2571 5022 ἐστὶ
2618 4970 2737 5022 κατ’
2778 4970 2973 5031 αὑτοὺς
3015 4969 3047 5038 ή
3101 4966 3297 5021 τελεία.
3330 4966 3525 5038 ὈρΞτε

1860 5056 1975 5121 πῶς
2012 5058 2441 5126 φιλονεικοῦντες
2480 5056 2714 5110 ἐνταῦθα
2752 5058 2811 5109 16
2851 5058 2958 5110 πᾶν
2998 5056 3163 5126 ἔχειν,
3194 5055 3316 5109 οὔτε
3347 5056 3407 5109 16
3436 5060 3525 5110 ἐν·

1858 5143 2029 5197 ταῦθα
2060 5145 2264 5214 ἔχουσι,
2292 5146 2386 5198 καὶ
2418 5146 2537 5197 ἐκεῖ
2566 5143 2656 5197 τοῦ
2687 5145 2886 5209 παντὸς
2913 5145 3138 5207 ἐαυτοὺς
3166 5144 3522 5213 ἐκϐάλλουσις

1921 5312 1948 5386 εξ
1971 5314 2230 5386 ’ξίςςξς-ῐιιεξ.
2255 5322 2309 5386 ει
2329 5315 2542 5386 εον.)ιῴ
2564 5317 2850 5386 δωδεκξιέτης.

1926 5380 1949 5406 ε
1974 5377 2075 5441 ΑΙὶγί
2101 5378 2424 5439 ὑποδείγματα
2442 5380 2645 5441 βεϐαιῶν
2685 5378 2711 5424 ὃ
2753 5376 3021 5441 ἐσπούδασε
3047 5378 3209 5441 δεῖξαι,
3243 5380 3291 5428 ἓν
3325 5380 3424 5441 μέν.
3470 5378 3525 5427 In

1860 5438 2029 5488 Morel.
2052 5440 2174 5496 haec,
2202 5441 2404 5502 βεϐαιῶν
2430 5438 2455 5487 ὃ
2487 5439 2753 5486 ἐσπούδασε
2793 5440 2955 5498 δεῖξαι,
2978 5438 3341 5489 desiderantur;
3371 5442 3525 5490 Paulo

1858 5502 2083 5575 Post’duo
2102 5501 2219 5575 ryss;
2232 5503 2469 5575 βλέπομεν
2479 5501 2531 5575 δὲ
2546 5502 2649 5564 ἄρτι
2671 5502 2738 5575 δι’,
2753 5501 3083 5575 έσὸπτρουΙκαὶ
3103 5504 3525 5575 αἰνίγματοςοξιδρὺ

1857 5565 2099 5631 ἀμφότερα
2119 5564 2238 5631 ἔχεις
2268 5564 2328 5609 τὰ
2343 5563 2670 5631 ὑποδείγματα
2691 5563 3004 5631 τὰ-δῃλοῦντά
3035 5581 3112 5612 σοι
3133 5563 3356 5631 τοῦχίεία)
3374 5566 3525 5631 ἀτελῆ

1860 5626 1974 5688 εἶναι
2000 5623 2087 5683 τὴν
2106 5623 2371 5688 γνῶσιντοῦ
2389 5623 2658 5685 αἰνίγματος
2687 5623 2772 5672 τοῦ
2795 5625 3044 5688 ἐσόπτρου,
3069 5627 3148 5673 καὶ
3170 5624 3255 5674 τοῦ
3273 5628 3459 5683 νηπίου.

1927 5684 1945 5722 ί
1977 5684 2213 5757 βρώματα
2246 5686 2409 5757 έρθίιιξ,
2454 5684 2785 5757 εῐεθμυ-θιιιὶα
2824 5684 2978 5757 υειιυέ
3017 5690 3075 5757 ag!
3104 5687 3524 5757 πολυπραγμονοῦ-

1860 5766 1943 5811 μεν
1963 5746 2141 5797 ἀεευοι
2166 5751 2217 5796 in
2246 5746 2416 5795 Morel.
2434 5784 2447 5805 ,
2469 5749 2557 5797 sed
2578 5748 2823 5798 habentur
2858 5746 2911 5797 id
2945 5750 3095 5799 Savil.
3138 5755 3191 5800 et
3220 5746 3274 5799 in'
3314 5746 3526 5799 Ibaxima

1859 5814 2294 5872 manuscriptorum
2323 5814 2476 5870 parte.
