3922 6246
357 311 477 380 705'
1132 332 1191 392 s.
1225 332 1508 391 JOANNIS
1543 331 2030 391 cnavsosmm
2069 331 2395 416 ABCIIIEP.
2422 332 2984 392 'CONSTANTINOP.

349 441 616 496 Τοσοῦτόν
641 446 756 498 ἐστι
787 447 954 499 κακὸν
978 447 1054 500 τὸ·
1080 447 1156 518 μὴ
1192 449 1371 520 μένειν
1397 450 1528 503 εἴσω
1554 450 1664 503 τῶν
1691 451 1832 520 ὅρων
1858 442 1933 502 ῶν
1963 447 2022 511 ἐξ

348 527 524 600 ἀρχῆς
573 530 761 598 ἔταξεν
806 534 936 604 ἡμῖν
978 535 1008 587 6
1039 534 1190 598 Θεός.
1223 535 1382 590 Οὕτω
1428 538 1524 590 καὶ
1569 538 1598 589 6
1631 537 1802 606 Ἀδὰμ
1846 535 2021 588 ἐλπίδι

348 616 594 678 πλείονος
617 617 786 687 τιμῆς
827 619 920 672 καλ⁵
952 619 1050 690 τῆς
1095 619 1260 689 οὐσης
1299 619 1585 685 ἐξέπεσεν·
1618 621 1762 674 οὕτω
1805 623 1902 675 καὶ
1929 620 2023 673 ἐπὶ

348 700 456 755 τῶν
483 703 830 775 φιλαργύρων
855 705 1061 773 γίνεται
1085 721 1098 734 °
1127 707 1312 760 πολλοί
1337 708 1592 771 πολλάκις
1618 707 1879 777 μειζόνων
1902 708 2023 760 ἐπι-

350 791 649 861 θυμοῦντες
682 794 777 846 καί
820 793 887 848 τά
918 796 1160 864 παρόντα
1192 794 1512 849 ἀπώλεσαν·
1555 795 1699 849 οὓτω
1741 796 1836 849 καὶ
1874 787 2020 848 οὗτοι

350 879 758 950 προσδοκῶντες
787 881 1022 934 ἐνταῦθα
1053 882 1114 935 τὸ
1142 885 1250 936 πᾶν
1279 883 1444 953 ἔχειν,
1469 884 1562 936 καὶ
1596 884 1690 936 τοῦ
1719 883 1918 954 μέρους
1937 881 2021 947 ἐξ·

352 966 568 1020 έπεσον.
601 968 692 1019 Δίὸ
736 969 991 1037 παραινῶ
1022 968 1247 1038 φεύγειν
1275 971 1454 1023 αὐτῶν
1486 973 1584 1040 τὴν
1619 971 1847 1040 μανίανο
1903 987 2016 1040 μα·-

350 1053 471 1116 νίας
519 1055 629 1124 γάρ
671 1055 914 1126 ιέσχάτης
952 1056 1318 1125 φιλονεικεῖνι
1350 1057 1549 1111 εἰδέναι
1592 1058 1654 1110 ’τί
1703 1057 1800 1126 τὴν
1833 1057 2021 1110 οὐσίαν

350 1141 500 1195 ἐστὶν
525 1145 555 1196 6
582 1143 732 1207 Θεός.
765 1144 874 1198 Καὶ
909 1145 996 1198 ἵνα
1036 1145 1215 1216 μάθῃς
1240 1147 1321 1200 ὃτι
1355 1147 1551 1217 μανίας
1579 1145 1812 1215 ἐσχάτης
1843 1145 2018 1210 τοῦτο,

351 1229 461 1282 ἀπὸ
493 1230 602 1284 τῶν
635 1232 932 1302 προφητῶν
961 1235 1089 1304 ὐμῖν
1111 1234 1268 1288 τοῦτο
1298 1235 1509 1304 ποιήσω
1541 1235 1771 1306 φανερόν
1791 1252 1804 1264 ·
1835 1235 1883 1284 οί
1912 1231 2021 1303 γάρ

297 1303 335 1398 ,ξ’
354 1320 632 1387 προφῆται
656 1319 715 1370 οὐ
752 1320 908 1388 μόνον
935 1303 1124 1390 τίτὴν
1153 1323 1343 1374 οὐσίαν
1374 1303 1520 1375 ἐστὶν
1554 1303 1873 1389 ἀγνοοῦντες
1899 1319 2021 1388 φαί-

302 1407 555 1476 ’ςνσνταῃ
587 1405 722 1460 ἀλλά
750 1407 845 1460 καὶ
871 1409 1000 1480 περί
1037 1409 1136 1479 τῆς
1171 1411 1360 1478 σοφίας
1389 1409 1551 1463 αὐτοῦ
1586 1411 1726 1479 πόση
1763 1411 1846 1472 τίς
1873 1411 2021 1461 ἐστιν

326 1485 328 1489 ’
353 1492 622 1563 ἀποροῦσι
641 1509 654 1523 '
685 1494 860 1548 καίτοι
894 1512 958 1564 γε
991 1498 1088 1566 οὐχ
1115 1499 1148 1568 ἡ
1176 1498 1334 1552 οὐσία
1353 1498 1460 1550 ἀπὸ
1486 1499 1585 1568 τῆς
1612 1499 1822 1566 σοφίας,
1850 1497 1964 1550 ἀλλ’
1987 1499 2019 1568 ἡ

356 1580 518 1647 σοφία
550 1582 614 1634 ἐκ
642 1582 740 1653 τῆς
765 1581 1149 1647 οὐσίας.”οταν
1177 1584 1234 1637 δὲ
1263 1585 1394 1654 μηδὲ
1419 1584 1619 1656 ταύτην
1645 1585 1905 1638 δύνωνται
1925 1602 2023 1637 κα-

349 1667 719 1738 ταλαμϐάνειν
756 1670 804 1722 οί
847 1671 1124 1742 προφῆται
1149 1672 1264 1741 μετ’
1296 1672 1600 1744 ἀκριϐείας,
1642 1673 1814 1743 πόσης
1843 1671 1908 1724 ἂν
1935 1671 2019 1742 εἴη

356 1755 552 1824 μανίας
578 1757 638 1809 τὸ
676 1759 775 1830 τήν
808 1759 993 1813 οὐσίαν
1025 1761 1196 1832 αὐτὴν
1227 1761 1469 1832 νομίζειν
1507 1761 1766 1815 δύνασθαι
1807 1765 1918 1823 τοῖς
1946 1762 2023 1812 oi-

354 1842 520 1905 κείοις
545 1843 864 1900 ὑποϐάλλειν
889 1847 1197 1918 λογισμοῖς;
1240 1848 1587 1918 Ἀκούσωμεν
1619 1848 1795 1901 τοίνυν
1838 1848 1892 1900 τί
1922 1865 2025 1917 φηο·

357 1947 440 1982 σιν
467 1932 494 1983 6
521 1935 806 2005 προφήτης
838 1937 967 2006 περί
993 1935 1161 2005 αὐτῆς
1183 1951 1198 1966 ⁸
1245 1935 1696 2004 Ἐθαυμαστώθη
1727 1937 1766 2002 ἡ
1804 1934 2025 2003 γνῶσίς

354 2034 471 2071 σου
496 2018 564 2083 ἐξ
593 2019 757 2088 ἐμοῦ.
796 2021 1012 2075 Μᾶλλον
1044 2023 1102 2075 δὲ
1130 2021 1387 2093 ἀνωτέρω
1415 2022 1504 2074 τὸν
1524 2022 1680 2090 λόγον
1707 2022 2021 2092 ἀγάγωμεν.

369 2106 916 2177 Ἐξομολογήσομαί
958 2126 1078 2174 σοι,
1109 2109 1199 2163 ὅτι
1245 2108 1506 2178 φοϐερῶς
1544 2110 2021 2178 ἐθαυμαστώθης.

355 2193 421 2245 Τί
449 2193 564 2246 ἐστι
591 2195 890 2263 φοϐερῶς;
915 2195 1090 2248 [Ιολλά
1119 2195 1470 2267 θαυμάζομεν
1497 2195 1612 2261 νῦν,
1642 2195 1758 2250 ἀλλ’
1788 2197 1847 2248 οὐ
1890 2198 2026 2266 μετὰ

357 2281 545 2351 φόϐου,
579 2279 691 2336 οἷον
738 2285 935 2337 κιόνων
983 2285 1176 2356 κάλλη,
1229 2285 1417 2339 τύπων
1465 2283 1784 2356 ζωγραφίας
1801 2286 1850 2348 b,
1891 2285 2026 2356 ἄνθη

359 2370 628 2438 σωμάτων
645 2387 659 2401 ·
692 2370 1047 2442 θαυμάζομεν
1075 2373 1236 2426 πάλιν
1260 2373 1362 2443 τῆς
1393 2373 1668 2442 Θαλάσσης
1691 2373 1754 2425 τὸ
1778 2373 2026 2443 μέγεθος,

357 2456 567 2509 καὶτὸν
595 2457 820 2529 ἄπειρον
854 2458 1034 2528 βυθὸν,
1069 2459 1206 2514 ἀλλά
1251 2460 1388 2531 μετά
1415 2460 1604 2528 φόϐου,
1633 2461 1762 2513 ὅταν
1797 2460 1934 2530 πρὸς
1969 2461 2029 2513 τὸ

360 2544 522 2614 βάθος
554 2546 981 2617 κατακύψωμεν.
1018 2547 1174 2600 Οὐτω
1197 2549 1376 2601 τοίνυν
1404 2549 1498 2601 καί
1520 2550 1549 2601 6
1581 2548 1864 2618 προφήτης
1895 2547 2030 2619 πρὸς

357 2633 419 2688 τὸ
447 2635 673 2706 ἄπειρον
694 2635 791 2688 καὶ
818 2635 1020 2706 ἀχανὲς
1044 2637 1281 2705 πέλαγος
1299 2637 1400 2706 τῆς
1426 2635 1520 2689 τοῦ
1548 2635 1684 2688 Θεοῦ
1712 2635 2029 2704 κατακύψας

358 2722 572 2792 σοφίας,
609 2725 704 2778 καὶ
752 2725 1080 2794 ἰλιγγιάσας,
1136 2725 1272 2795 μετά
1311 2725 1476 2795 φόϐου
1514 2723 1706 2777 πολλοῦ
1749 2723 2032 2794 θαυμάσας

358 2810 671 2882 ἀνεχώρησε
700 2811 838 2882 βοῶν
867 2813 964 2865 καὶ
993 2811 1169 2880 λέγων
1187 2831 1200 2842 ο
1241 2812 1788 2882 Ἐξομολογήσομαί
1815 2827 1914 2865 σοι
1943 2811 2032 2864 ὅτι

358 2897 623 2968 φοϐερῶς
644 2899 1111 2968 ὲθαυμαστώθης
1129 2918 1142 2930 ·
1171 2900 1472 2970 θαυμάσια
1503 2904 1574 2954 τὰ
1603 2902 1746 2970 ἔργα
1769 2915 1916 2954 σου·
1941 2901 2034 2953 καὶ

360 2986 522 3040 πάλιν
541 3003 556 3018 ’
603 2987 1064 3055 Ἐθαυμαστώθη
1095 2989 1132 3056 ἠ
1167 2988 1390 3056 γνῶσίς
1417 3004 1533 3042 σου
1566 2988 1636 3052 ἐξ
1665 2987 1833 3057 ἐμοῦ,
1861 2988 2035 3054 ἐκρα-

357 3073 595 3140 ταιώθη,
627 3075 698 3126 οὐ
727 3072 812 3143 μὴ
841 3073 1102 3142 δύνωμαι
1155 3074 1305 3142 πρὸς
1344 3075 1558 3143 αὐτήν.

430 3161 572 3231 Ὅρα
605 3158 1022 3229 εὐγνωμοσύνην
1061 3161 1292 3213 οἰκέτου·
1337 3159 1688 3230 Εὑχαριστῶ
1729 3176 1849 3223 σοι,
1881 3160 2033 3230 φησί,

359 3247 446 3300 διά
469 3247 644 3309 τοῦτο,
669 3248 748 3300 ὅτι
772 3247 1154 3316 ἀκατάληπτον
1179 3247 1288 3317 ἔχω
1307 3249 1598 3318 Δεσπότην·
1624 3249 1684 3302 οὐ
1709 3249 1834 3318 περί
1851 3249 2037 3308 οὐσίας

361 3333 593 3387 ἐνταῦθα
621 3333 812 3402 λέγων’
833 3334 1008 3386 ἐκεῖνο
1034 3333 1132 3403 μὲν
1157 3334 1265 3404 γάρ
1293 3335 1367 3398 ώς
1391 3333 1808 3405 ὡμολογημένον
1831 3335 2037 3388 ἀκατά-

361 3422 564 3492 ληπτον
580 3417 719 3474 εἶναι
750 3421 986 3494 παρῆκεο
1017 3423 1144 3492 περί
1167 3422 1223 3474 δὲ
1248 3421 1340 3474 τοῦ
1370 3421 1642 3492 πανταχοῦ
1673 3425 1922 3493 παρεῖναι
1949 3421 2038 3474 τὸν

361 3509 497 3562 Θεὸν
525 3509 696 3564 ταῦτά
721 3528 878 3580 φησι,
914 3510 1126 3573 δεικνὺς
1157 3511 1237 3562 ὅτι
1263 3510 1383 3564 οὐδὲ
1417 3511 1548 3564 αὐτὸ
1578 3511 1734 3563 τοῦτο
1764 3504 1894 3572 οἶδε,
1921 3509 2038 3572 πῶς

364 3597 640 3667 πανταχοῦ
678 3599 961 3670 πάρεστιν.
995 3599 1116 3652 Ὅτι
1154 3599 1263 3669 γάρ
1290 3599 1417 3667 περὶ
1446 3597 1635 3651 τούτου
1668 3599 1850 3668 φησὶν,
1875 3597 2040 3650 ἄκουε

362 3684 471 3741 τῶν
499 3685 644 3755 ἑξῆς.
666 3685 799 3738 Ἐὰν
819 3685 1018 3740 ἀναϐῶ
1045 3687 1131 3750 εἰς
1153 3685 1259 3740 τὸν
1283 3686 1560 3754 οὐρανὸν,
1587 3685 1668 3740 σὺ
1694 3685 1822 3738 ἐκεῖ
1840 3681 1913 3738 εἷ⁹
1935 3685 2042 3738 ἐὰν

365 3773 598 3826 καταϐῶ
618 3776 706 3840 εἰς
731 3773 840 3828 τὸν
861 3773 1034 3840 ᾅδην,
1062 3772 1254 3842 πάρει.
1277 3770 1430 3837 Εἶδες
1460 3774 1576 3837 πῶς
1601 3773 1874 3844 παντακοῦ
1903 3773 2043 3844 πάρ’

365 3877 542 3924 εστιν;
589 3861 728 3914 Ἀλλ’
762 3862 792 3913 6
845 3861 1133 3930 προφήτης
1185 3861 1287 3912 οὐκ
1334 3856 1494 3927 οἶδεν,
1545 3859 1660 3914 ἀλλ’
1698 3860 1902 3931 ἰλιγγιᾷ
1949 3861 2044 3913 καὶ

364 3949 560 4019 ἀπορεῖ
599 3949 691 4000 καὶ
722 3947 968 4016 φοϐεῖται
1011 3948 1170 4016 μόνον
1190 3960 1213 3986 ο
1259 3949 1338 4010 εἰς
1364 3947 1486 4000 νοῦν
1517 3948 1648 4001 αὐτὸ
1679 3946 1890 4011 λαϐών;
1918 3947 2042 4010 Πῶς

363 4031 458 4088 οῦν
505 4035 604 4087 οὐκ
649 4035 882 4105 ἐσχάτης
921 4035 1106 4097 ἀνοίας
1153 4035 1280 4097 τοὺς
1311 4034 1564 4086 τοσοῦτον
1600 4034 1902 4104 ἀπέχοντας
1940 4034 2043 4103 τῆς

372 4121 582 4173 ἐκείνου
617 4120 838 4191 χάριτος
865 4121 1034 4190 αὐτὴν
1060 4120 1155 4173 τοῦ
1183 4120 1317 4172 Θεοῦ
1339 4121 1812 4192 πολυπραγμονεῖν
1838 4120 1937 4190 τὴν
1955 4121 2045 4172 οὐ-

369 4209 492 4261 σίαν
515 4226 528 4272 ;
567 4209 761 4262 Καίτοι
787 4200 944 4270 οὗτός
967 4210 1114 4261 ἐστιν
1139 4210 1167 4262 6
1189 4209 1476 4279 προφήτης
1507 4211 1535 4261 6
1566 4207 1738 4275 λέγων
1757 4225 1770 4238 ·
1804 4205 1881 4261 Τὰ
1903 4207 2045 4275 ἅδῃ-

366 4300 448 4350 λα
475 4296 574 4348 καὶ
605 4296 676 4348 τὰ
710 4285 931 4365 κρύφια
975 4295 1088 4363 τῆς
1126 4296 1347 4364 σοφίας
1392 4311 1508 4349 σου
1549 4294 1866 4362 ἐδήλωσάς
1896 4314 2002 4364 μοι
2032 4315 2046 4330 ο

368 4384 483 4436 ἀλλ’
513 4384 664 4454 ὅμως
710 4382 779 4436 τά
827 4382 997 4452 ἄδηλα
1041 4382 1136 4436 καὶ
1187 4383 1256 4435 τά
1302 4381 1505 4454 κρύφια
1537 4385 1634 4453 τῆς
1664 4383 1853 4452 σοφίας
1881 4382 2044 4437 αὐτοῦ

374 4470 586 4541 μαθὼν,
625 4471 754 4540 περί
787 4471 956 4540 αὐτῆς
1005 4471 1139 4540 φησί
1177 4470 1402 4541 ταύτης.
1433 4471 1513 4524 ὅτι
1559 4471 1784 4542 ἄπειρός
1814 4471 1898 4534 τίς
1929 4473 2044 4524 ἐστι

368 4562 466 4612 καὶ
493 4559 896 4628 ἀκατάληπτος.
918 4557 1119 4627 Μέγας
1147 4559 1256 4629 γὰρ
1279 4564 1311 4614 ό
1338 4558 1574 4627 Κύριος,
1600 4560 1753 4628 φησὶ,
1779 4561 1874 4614 καί
1893 4557 2044 4632 [M9]

369 4647 596 4716 μεγάλη
627 4648 664 4712 ἡ
691 4647 870 4714 ἰσχὺς
897 4646 1102 4709 αὑτοῦ,
1128 4648 1225 4700 καὶ
1257 4646 1363 4714 τῆς
1385 4647 1692 4712 συνέσεως
1719 4647 1903 4701 αὐτοῦ
1935 4651 2046 4702 οὐκ

370 4735 543 4787 ἔστιν
579 4734 846 4802 ἀριθμὸς,
884 4736 1180 4796 τουτέστιν,
1206 4735 1305 4787 οὐκ
1345 4734 1460 4786 έστι
1508 4735 1829 4805 κατάληψις.
1859 4736 1923 4788 Τί
1955 4735 2044 4788 λέ-

371 4837 524 4889 γεις;
565 4822 600 4890 ή
646 4821 806 4889 σοφία
838 4822 1222 4892 ἀκατάληπτος
1253 4822 1329 4893 τῷ
1363 4824 1638 4894 προφήτῃ,
1668 4823 1763 4876 καὶ
1814 4825 1848 4894 ή
1888 4824 2047 4877 οὐσία

371 4913 506 4980 ήμῖν
537 4910 894 4980 καταληπτή;
931 4907 1040 4982 ἆρα
1082 4911 1142 4964 οὐ
1171 4910 1380 4981 φανερά
1414 4909 1609 4982 αὐτηή
1647 4911 1812 4982 μανία
1836 4928 1849 4975 ;
1877 4912 1909 4981 ή
1953 4929 2048 4980 με-

373 4996 661 5068 γαλωσύνη
706 4997 872 5050 αὐτοῦ
917 4999 1017 5051 οὐκ
1046 4997 1157 5068 ἔχει
1187 4998 1379 5071 πέρας,
1405 5000 1497 5053 καὶ
1530 5001 1629 5069 τὴν
1667 4999 1850 5053 οὐσίαν
1881 5000 2046 5052 αὐτοῦ

375 5085 740 5157 περιγράφεις
760 5102 776 5152 ;

447 5251 507 5299 ε’.
531 5243 718 5298 Ταῦτα
743 5243 838 5296 καί
857 5243 884 5294 6
918 5243 1140 5306 Ἡσαΐας
1171 5242 1474 5312 φιλοσοφῶν
1501 5242 1677 5310 ἔλεγε⁹
1699 5242 1817 5309 Τὴν
1839 5241 2049 5310 γενεὰν

376 5331 562 5387 αὐτοῦ
597 5334 688 5396 τίς
717 5330 1100 5401 διηγήσεται;
1127 5332 1242 5384 Οὐκ
1271 5326 1390 5384 εἷπε
1414 5349 1424 5359 ·
1457 5331 1550 5393 Τίς
1579 5331 1864 5401 διηγεῖται,
1891 5330 2044 5396 ἀλλὰ,

441 5541 468 5602 ξ
493 5539 600 5602 Duo
621 5553 735 5587 mss.
765 5539 929 5600 μανίαν
950 5542 1039 5602 γὰρ
1063 5540 1208 5600 ἔγωγε
1233 5540 1363 5599 οἶμαι
1386 5538 1592 5602 ἐσχάτην
1614 5538 1670 5585 τὸ
1693 5539 1984 5602 φιλονεικεῖν.

442 5600 472 5638 ιι
498 5601 668 5650 Morel.
694 5607 746 5648 et
766 5599 961 5661 Quidam
1002 5599 1116 5648 mss.
1158 5602 1316 5648 τύπων
1360 5599 1639 5661 ζωγραφίας,
1690 5599 1840 5649 Savil.
1879 5608 1931 5648 et
1965 5601 2049 5648 alii

380 5664 857 5740 nixmv‘tnfypa'eiav.
886 5662 1039 5711 Paulo
1061 5667 1170 5724 post
1195 5663 1392 5723 quidam
1418 5675 1534 5710 mss.
1563 5661 1804 5719 θαλάσσης
1825 5663 1879 5709 τὸ
1900 5664 2048 5711 πέλα-

486 5743 566 5772 και
587 5742 685 5771 τον.

411 5743 440 5775 ο
486 5743 566 5772 και
587 5743 685 5771 τον.

383 5744 409 5788 γ
444 5744 469 5821 ἓ
507 5788 656 5836 Savil.
679 5791 730 5832 el
751 5785 948 5845 quidam
973 5798 1086 5834 mss.
1110 5786 1189 5833 καὶ
1210 5785 1419 5850 διαπορεῖ
1444 5786 1522 5834 καὶ
1545 5786 1804 5850 θορυϐεῖται
1828 5787 1985 5850 μόνον.

3677 329 3784 384 706

2136 448 2230 515 Τίς
2261 449 2629 520 διηγήσεται,
2658 450 2753 504 καὶ
2777 449 2838 502 τὸ
2866 448 3054 520 μέλλον
3085 445 3394 500 ἀπέκλεισε.
3425 445 3536 497 Καὶ
3575 444 3603 496 ὁ
3641 443 3788 514 μὲνᾶ

2127 539 2291 592 Δαυῖδ
2316 555 2508 608 φησιν’
2562 534 3012 606 Ἐθαυμαστώθη
3036 535 3074 600 ή
3110 532 3332 604 γνῶσίς
3358 546 3473 586 σου
3507 529 3575 595 ἐξ
3601 531 3752 598 ἐμοῦ
3772 549 3787 562 ·

2127 627 2158 678 6
2190 625 2248 678 δὲ
2282 625 2506 685 Ἡσαΐας
2538 625 2638 677 οὐκ
2667 625 2758 689 ἀφ’
2781 621 2974 676 ἐαυτοῦ
3003 621 3161 693 μόνον
3184 622 3369 690 φησὶν,
3397 617 3535 672 ἀλλά
3558 619 3656 671 καὶ
3685 618 3794 670 ἀπὸ

2129 712 2310 781 πάσης
2349 712 2449 781 τῆς
2484 710 2834 781 ἀνθρωπίνης
2865 712 3080 779 φύσεως
3107 705 3525 762 ἀποκεκλεῖσθαι
3553 707 3655 776 τὴν
3678 705 3798 775 διή-

2127 814 2290 866 γησιν
2321 798 2546 868 ταύτην.
2566 797 2704 851 Ἀλλ’
2735 797 2954 866 ἴδωμεν,
2976 795 3195 866 ,μήποτε
3225 797 3254 848 6
3277 792 3486 856 Παῦλος
3511 786 3676 855 οῖδεν,
3697 791 3796 844 ἆτε

2125 885 2190 956 δὴ
2229 885 2473 955 μείζονος
2510 883 2894 946 ἀπολελαυκὼς
2912 884 3144 954 ,χάριτος
3163 900 3177 912 ο
3211 881 3373 943 αὐτὸς
3403 881 3500 951 μὲν
3525 875 3621 933 οὖν
3650 882 3797 932 ἐστιν

2125 973 2156 1025 6
2183 972 2356 1040 λέγων
2372 989 2385 1003 ·
2426 973 2521 1026 Ἐκ
2538 972 2767 1042 ,μέρους
2783 972 3173 1042 γινώσκομεν,
3196 970 3293 1024 καί
3321 969 3389 1022 ἐκ
3411 967 3633 1037 μέρους
3655 982 3800 1033 προσ

2127 1061 2484 1127 φητεύομεν.
2516 1061 2628 1114 Καὶ
2664 1060 2765 1114 οὒκ
2801 1058 3030 1113 ἐνταῦθα
3061 1059 3240 1129 μόνον.
3265 1057 3398 1111 ἀλλά
3422 1057 3517 1110 καὶ
3537 1052 3800 1123 ἀλλαχοῦ,

2126 1147 2188 1199 οὐ
2221 1147 2350 1219 περί
2373 1147 2581 1212 οὐσίας,
2607 1146 2743 1200 ἀλλά
2777 1147 2906 1219 περὶ
2932 1145 3124 1216 σοφίας
3170 1145 3265 1198 καὶ
3292 1144 3451 1206 αὐτὸς
3479 1141 3804 1210 διαλεγόμε-

2126 1250 2216 1297 νος
2251 1233 2349 1303 τῆς
2382 1235 2440 1286 ὲν
2467 1236 2533 1304 τῇ
2564 1235 2790 1305 προνοίᾳ
2836 1235 3185 1304 φαινομένης,
3215 1232 3276 1286 οὐ
3307 1233 3406 1300 τῆς
3450 1228 3683 1283 καθόλου
3713 1228 3802 1280 λέ-

2127 1338 2228 1389 γω,
2263 1321 2385 1374 καθ’
2415 1321 2482 1391 ἣν
2509 1322 2757 1390 ἀγγέλων
2784 1323 2878 1376 καὶ
2896 1320 3254 1392 ἀρχαγγέλων
3283 1319 3376 1372 καί
3396 1318 3504 1370 τῶν
3525 1317 3639 1371 ἀνω
3662 1331 3802 1384 προ-

2127 1413 2238 1462 νοεῖ
2262 1409 2564 1479 δυνάμεων,
2592 1409 2706 1463 άλλ’
2730 1411 2905 1464 ἐκεῖνο
2928 1411 3026 1480 τῆς
3051 1407 3306 1479 προνοίας
3335 1409 3396 1460 τὸ
3426 1405 3592 1476 μέρος
3613 1404 3805 1469 ἐξετά-

2128 1497 2255 1561 ζων,
2293 1499 2412 1550 καθ’
2431 1499 2459 1550 ὃ
2489 1501 2709 1570 προνοεῖ
2729 1497 2835 1552 τῶν
2859 1499 2916 1551 ἐν
2943 1500 3010 1568 τῇ
3039 1500 3109 1568 γῇ
3132 1497 3230 1550 άνθ
3239 1494 3457 1566 ρώπων,
3483 1494 3579 1546 καὶ
3598 1490 3806 1558 ταύτης

2127 1585 2300 1655 αὐτῆς
2333 1586 2494 1640 πάλιν
2529 1587 2713 1657 μέρος.
2742 1585 2875 1638 Οὐδέ
2898 1584 3004 1654 γάρ
3032 1585 3200 1654 αὐτὴν
3228 1583 3354 1652 ὅλην
3383 1579 3649 1644 ἐξετάζει,
3676 1575 3802 1629 καθ’

2133 1671 2200 1742 ἣν
2227 1673 2505 1727 ἀνατέλλει
2534 1675 2624 1727 τὸν
2658 1674 2828 1744 ἥλιον,
2865 1673 2985 1726 καθ’
3011 1673 3077 1742 ήν
3120 1671 3297 1742 ψυχὰς
3335 1671 3551 1740 ἐμπνεῖ,
3580 1665 3703 1719 καθ’
3736 1665 3804 1732 ἦν

2131 1758 2360 1828 σώματα
2409 1761 2747 1825 διαπλάττει,
2784 1759 2905 1812 καθ’
2934 1759 3000 1829 ἢν
3047 1758 3234 1830 τρέφει
3277 1757 3404 1818 τοὺς
3437 1756 3533 1808 ἐπὶ
3570 1755 3676 1824 γῆς
3706 1752 3806 1803 ἀν-

2130 1844 2398 1915 θρώπους,
2427 1848 2546 1901 καθ’
2574 1849 2640 1920 ἣν
2671 1850 2966 1918 συγκρατεῖ
2985 1857 3008 1884 ο
3055 1846 3145 1899 τὸν
3196 1844 3420 1914 κόσμον,
3450 1842 3573 1894 καθ’
3600 1841 3670 1911 ἦν
3707 1840 3806 1902 τὰς

2131 1934 2380 2004 ἐτησίους
2429 1935 2614 1989 δίδωσι
2661 1935 2868 2006 τροφάς
2888 1951 2900 1964 ·
2931 1934 3064 1988 ἀλλά
3087 1933 3260 1988 ταῦτα
3287 1931 3464 1984 πάντα
3494 1930 3678 1997 ἀφεὶς,
3711 1929 3804 1978 καὶ

2135 2023 2328 2092 μικρόν
2374 2040 2425 2075 τι
2475 2023 2642 2093 μέρος
2688 2022 2950 2086 ἐξετάσας
2981 2022 3082 2092 τῆς
3116 2019 3372 2091 προνοίας
3413 2015 3602 2079 αὐτοῦ,
3630 2014 3751 2067 καθ’
3776 2014 3807 2064 ὃ

2129 2110 2256 2173 τούς
2285 2110 2382 2180 μὲν
2417 2110 2703 2174 Ἰουδαίους
2731 2110 2976 2175 ἐξέϐαλε,
3009 2110 3134 2171 τοὺς
3163 2107 3222 2160 δέ.
3250 2107 3308 2172 ἐξ
3333 2103 3504 2158 ἐθνῶν
3531 2102 3808 2167 εἰσεδέξα-

2130 2211 2212 2258 το,
2241 2199 2334 2250 καὶ
2366 2197 2501 2270 πρὸς
2528 2198 2660 2250 αὐτὸ
2694 2197 2852 2250 τοῦτο
2897 2197 2956 2250 τὸ
3008 2196 3203 2266 μικρὸν
3238 2195 3422 2266 μέρος,
3456 2191 3646 2264 ὥσπερ
3671 2191 3809 2259 πρὸς

2134 2283 2368 2352 πέλαγος
2423 2284 2648 2356 ἄπειρον
2699 2285 3023 2354 ἰλιγγιάσας,
3070 2285 3164 2336 καὶ
3210 2282 3371 2352 βάθος
3418 2280 3540 2333 ἰδὼν
3583 2279 3806 2349 ἀχανὲς,

2133 2373 2485 2444 ἀπεπήδησεν
2511 2373 2734 2438 εὐθέως,
2760 2374 2854 2426 καὶ
2886 2375 3029 2444 μέγα
3051 2371 3345 2442 ἀνεϐόησεν
3374 2367 3572 2422 εἰπών’
3599 2363 3671 2421 Ὦ
3699 2367 3813 2430 ,βά⁴

2134 2464 2237 2525 θος
2261 2463 2528 2516 πλούτου
2564 2463 2662 2517 καί
2705 2461 2922 2531 σοφίας
2956 2461 3054 2515 καί
3087 2459 3362 2530 γνώσεως
3393 2458 3558 2522 Θεοῦ,
3593 2460 3675 2522 ὡς
3704 2457 3813 2510 ἀν-

2135 2549 2498 2617 εξερεύνητα
2548 2550 2620 2612 τὰ
2655 2551 2911 2619 κρίματα
2961 2549 3169 2602 αὐτοῦ.
3201 2545 3317 2601 Οὐκ
3350 2541 3532 2606 εἶπεν,
3577 2543 3817 2596 Ἀκατά-

2135 2638 2334 2709 ληπτα,
2365 2637 2509 2701 ἀλλ’,
2543 2641 3011 2710 Ἀνεξερεύνητα.
3031 2637 3158 2693 Είδὲ
3179 2633 3532 2707 ἐρευνηθῆναι
3560 2633 3626 2685 οὐ
3655 2632 3818 2685 δύνα-

2136 2743 2246 2788 ται,
2280 2726 2460 2796 πολλῷ
2492 2726 2692 2798 μᾶλλον
2723 2725 3140 2797 καταληφθῆναι
3171 2723 3455 2778 ἀδύνατον.
3478 2721 3590 2774 Καὶ
3637 2719 3818 2782 ἀνεξ-

2140 2815 2436 2882 ιχνίαστοι
2467 2817 2528 2868 αἱ
2573 2815 2701 2869 ὁδοὶ
2738 2814 2945 2868 αὐτοῦ.
2974 2815 3039 2866 Af.
3083 2813 3192 2866 ὁδοὶ
3223 2809 3390 2863 αὐτοῦ
3417 2807 3818 2878 ἀνεξιχνίαστοι

2141 2903 2236 2954 καὶ
2267 2903 2428 2966 αὐτὸς
2455 2899 2824 2972 καταληπτός;
2843 2902 2963 2955 εἰπέ
2997 2919 3115 2972 μοι.
3148 2901 3259 2953 Καὶ
3289 2899 3340 2952 τί
3369 2898 3510 2966 λέγω
3535 2898 3671 2967 περί
3705 2896 3819 2948 τῶν

2139 2990 2308 3055 ὁδῶν;
2345 2991 2411 3043 τά
2461 2990 2670 3043 ἔπαθλα
2722 2990 2790 3043 τά
2837 2989 3170 3060 ἀποκείμενα
3219 2990 3352 3058 ἡμῖν
3409 2985 3814 3055 ἀκατάληπτα·

2153 3075 2478 3146 Ὀρθαλμὸς
2505 3076 2614 3148 γὰρ
2662 3076 2801 3130 αὐτά
2844 3080 2954 3131 οὐκ
2994 3076 3176 3140 εἶδεν,
3217 3073 3360 3129 οὐδὲ
3387 3069 3496 3139 οὖς
3522 3071 3819 3139 ἤκουσεν,

2143 3163 2285 3217 οὺδὲ
2317 3164 2418 3216 ἐπὶ
2452 3165 2702 3234 καρδίαν
2728 3165 3041 3232 ἀνθρώπου
3085 3165 3285 3231 ἀνέϐη,
3339 3162 3377 3216 ᾰ
3420 3162 3755 3230 ἡτοίμασεν
3790 3162 3822 3211 ό

2146 3251 2289 3318 Θεὸς
2321 3252 2444 3317 τοῖς
2469 3252 2783 3323 ἀγαπῶσιν
2815 3255 3022 3307 αὐτόν.
3042 3251 3199 3306 Ἀλλὰ
3229 3253 3322 3306 καί⁵
3351 3253 3385 3323 ή
3430 3248 3608 3322 δωρεά
3652 3247 3822 3301 αὐτοῦ

2143 3342 2534 3413 ἀνεκδιήγητος
2560 3359 2572 3373 ’
2608 3341 2789 3410 Χάρις
2821 3342 2927 3412 γὰρ
2967 3340 3046 3407 τῷ
3091 3340 3230 3405 Θεῷ,
3265 3341 3448 3410 φησὶν,
3477 3338 3572 3392 ἐπὶ
3608 3337 3686 3405 τῇ
3714 3337 3824 3392 ἀν-

2144 3442 2470 3514 εκδιηγήτῳ
2504 3443 2692 3498 αὐτοῦ
2729 3441 2934 3511 δωρεᾷ,
2966 3442 3063 3495 καί
3095 3442 3133 3508 ἡ
3167 3441 3372 3510 εἰρήνη
3409 3437 3595 3493 αὑτοῦ
3643 3440 3826 3508 ὑπερ-

2144 3543 2267 3611 έχει
2301 3543 2495 3598 πάντα
2533 3545 2701 3598 νοῦν.
2739 3543 2803 3596 Τί
2833 3544 3039 3610 λέγεις;
3069 3541 3140 3594 τὰ
3181 3541 3421 3612 κρίματα
3459 3537 3622 3593 αὐτοῦ
3661 3537 3826 3603 ἀνεξ-

2147 3631 2432 3702 ερεύνητα,
2456 3634 2512 3684 αἱ
2539 3632 2650 3685 ὁδοὶ
2675 3631 2840 3684 αὐτοῦ
2867 3629 3323 3699 ἀνεξιχνίαστοι,ἡ
3348 3629 3538 3699 εἰρήνη
3558 3627 3825 3696 ὑπερέχει

2147 3720 2324 3772 πάντα
2349 3718 2494 3783 νοῦν,
2521 3721 2554 3790 ἡ
2583 3719 2761 3790 δωρεά
2788 3717 3198 3786 άνεκδιήγητος,
3231 3715 3267 3770 ἃ
3294 3717 3588 3787 ἡτοίμασεν
3624 3717 3654 3767 6
3690 3714 3825 3776 Θεὸς

2147 3808 2259 3869 τοῖς
2291 3807 2579 3874 ἀγαπῶσιν
2609 3805 2773 3859 αὐτόν
2797 3805 2896 3858 οὐκ
2924 3804 3092 3874 ἀνέϐη
3123 3804 3217 3858 ἐπὶ
3247 3803 3472 3874 καρδίαν
3507 3800 3824 3871 ἀνθρώπου,

2149 3895 2183 3964 ή
2231 3893 2588 3966 μεγαλωσύνη
2637 3894 2811 3965 πέρας
2858 3893 2958 3946 οὐκ
2997 3893 3191 3963 έχει,ή
3225 3890 3435 3952 σύνεσις
3463 3888 3697 3959 ἀριθμὸν
3723 3888 3829 3940 οὐκ

2150 3993 2285 4064 ἔχει,
2325 3994 2500 4048 πάντα
2525 3995 2906 4066 ἀκατάληπτα,
2940 3993 3034 4046 καὶ
3065 3991 3227 4054 αὐτὸς
3259 3990 3416 4061 μόνος
3441 3988 3826 4058 καταληπτός;

2151 4097 2260 4148 Καὶ
2293 4093 2450 4147 ποίαν
2481 4095 2580 4148 οὐκ
2609 4094 2674 4148 ἂν
2703 4094 2812 4165 ἔχοι
2842 4094 2997 4148 τοῦτο
3036 4094 3232 4165 μανίας
3273 4091 3616 4164 ὐπερϐολὴν;
3671 4090 3828 4142 Kair-

2150 4201 2242 4254 εχε
2275 4181 2368 4235 τὸν
2396 4183 2697 4253 αἰρετικόνο
2737 4183 2812 4253 μὴ
2845 4183 2990 4254 ἀφῇς
3025 4181 3410 4253 ἀναχωρῆσαγ
3444 4179 3594 4231 εἰπέ·
3620 4179 3688 4230 Τί
3717 4197 3828 4248 φη-

2153 4288 2236 4325 σιν
2265 4273 2293 4324 ὁ
2324 4269 2564 4335 Παῦλος;
2607 4271 2701 4324 Ἐκ
2743 4269 2966 4340 μέρους
3013 4271 3404 4340 γικώσκομεν.
3435 4267 3509 4320 Οὐ
3556 4268 3685 4336 περί
3726 4266 3827 4334 τῆς

2150 4372 2339 4435 οὐσίας
2380 4369 2540 4424 τοῦτο
2580 4371 2749 4440 λέγει,
2788 4372 2971 4440 φησὶν,
3003 4369 3137 4424 ἀλλά
3179 4369 3306 4440 περί
3344 4367 3453 4422 τῶν
3478 4366 3823 4435 οἰκονομιῶν.

2152 4473 2402 4526 Μάλιστα
2435 4471 2555 4542 μὲν,
2583 4473 2631 4525 εἰ
2656 4471 2751 4524 καὶ
2780 4471 2909 4542 περί
2936 4470 3044 4523 τῶν
3070 4467 3387 4540 οἰκονομιῶν
3411 4465 3478 4540 ἦν
3508 4470 3536 4521 6
3563 4466 3738 4534 λόγος,
3763 4467 3827 4518 ἐκ

2153 4561 2394 4624 πλείονος
2416 4561 2544 4630 ἡμῖν
2567 4558 2882 4630 περιουσίας
2906 4558 2998 4610 καὶ
3027 4557 3167 4611 οὕτω
3197 4557 3266 4610 τὰ
3293 4558 3583 4628 νικητήρια
3603 4574 3615 4585 ·
3644 4557 3692 4606 εἰ
3717 4556 3825 4623 γάρ

2153 4651 2209 4704 αί
2240 4647 2540 4718 οἰκονομίαι
2568 4647 2960 4716 ἀκατάληπτοι,
2997 4645 3170 4714 πολλῷ
3210 4645 3406 4716 μᾶλλον
3437 4643 3597 4706 αὐτός
3621 4660 3634 4672 ·
3663 4645 3745 4696 ὅτι
3769 4643 3826 4694 δὲ

2154 4737 2386 4790 ἐνταῦθα
2409 4737 2470 4788 οὐ
2507 4735 2636 4807 περί
2669 4735 2779 4788 τῶν
2817 4735 3139 4804 οἰκονομιῶν
3171 4751 3355 4803 φησιν,
3395 4731 3529 4786 ἀλλά
3557 4734 3689 4804 περὶ
3724 4733 3824 4784 αὐο

2152 4825 2245 4878 τοῦ
2280 4823 2374 4876 τοῦ
2409 4822 2564 4887 Θεοῦ,
2591 4823 2820 4877 ἄκουσον
2844 4823 2952 4876 τῶν
2975 4821 3100 4892 ἑξῆς
3117 4839 3129 4851 ·
3163 4819 3314 4892 [450]
3339 4818 3506 4872 εἰπὼν
3535 4818 3645 4889 γάρ
3669 4835 3683 4848 ο
3732 4818 3826 4871 Ἐκ

2148 4911 2368 4980 μέρους
2415 4909 2808 4980 γινώσκομεν,
2836 4909 2935 4963 καί
2981 4911 3050 4963 ἐκ
3090 4909 3311 4978 μέρους
3349 4907 3820 4976 προφητεύομεν,

2155 5012 2430 5080 ἐπήγαγεν
2450 5028 2464 5041 ο
2495 5013 2649 5079 Ἀρτι
2679 5011 2950 5080 γινώσκω
2971 5011 3039 5064 ἐκ
3068 5009 3313 5080 μέρους,
3338 5011 3470 5063 τότε
3493 5008 3561 5062 δὲ
3584 5009 3820 5078 ἐπιγνώ-

2155 5130 2333 5182 σομαι
2366 5112 2555 5179 καθὼς
2583 5113 2680 5166 καί
2709 5111 3116 5182 ἐπεγνώσθην.
3135 5113 3269 5166 Ὑπὸ
3301 5112 3444 5176 τίνος
3471 5107 3565 5165 οὖν
3593 5113 3822 5179 ἐπεγνώ-

2157 5201 2408 5271 σθηςύπὸ
2453 5200 2548 5254 τοῦ
2587 5199 2743 5264 Θεοῦ,
2785 5201 2818 5272 ἢ
2863 5201 2966 5254 ὐπὸ
3014 5200 3122 5254 τῶν
3161 5201 3513 5272 οἱκονομιῶν;
3551 5199 3690 5250 Ὑπὸ
3734 5199 3825 5251 τοῦ

2154 5288 2287 5341 Θεοῦ
2320 5288 2594 5359 δηλονότι·
2635 5290 2822 5341 τοῦτον
2855 5285 2948 5342 οὖν
2980 5291 3073 5344 καὶ
3101 5292 3166 5343 ἐκ
3193 5290 3387 5360 μέρους
3429 5285 3710 5354 γινώσκει.
3729 5289 3824 5339 Ἐκ

2150 5386 2372 5455 μέρους
2398 5387 2454 5438 δὲ
2485 5383 2656 5449 εἶπεν,
2682 5385 2778 5454 οὐχ
2811 5387 2890 5438 ὅτι
2921 5386 2980 5438 τὸ
3013 5386 3108 5456 μὲν
3133 5384 3292 5438 αὐτοῦ
3318 5384 3416 5453 τῆς
3447 5381 3638 5445 οὐσίας
3665 5381 3821 5449 γινώ-

2157 5491 2295 5540 σκει,
2321 5474 2382 5526 τὸ
2417 5473 2473 5526 δὲ
2503 5474 2688 5541 ἀγνοεῖ
2727 5473 2964 5544 (ἁπλοῦς
2989 5473 3096 5544 γάρ
3123 5475 3152 5526 6
3174 5474 3303 5535 Θεός
3321 5473 3358 5540 )·
3393 5470 3506 5523 ἀλλ’
3538 5469 3725 5540 ἐπειδὴ
3747 5469 3819 5520 ἔτι

2217 5720 2246 5760 ἀ
2270 5717 2367 5768 Alii
2391 5719 2478 5782 ὅρα
2494 5719 2597 5782 πῶς
2613 5718 2669 5766 τὸ
2689 5718 2858 5782 μέλλον
2876 5720 3125 5768 ἀπέκλεισε
3147 5718 3231 5775 τήν
3252 5717 3483 5776 διήγησιν·
3509 5714 3592 5762 καὶ
3616 5716 3644 5762 ό

2225 5785 2248 5810 θ
2277 5781 2409 5832 υιιιιε
2424 5780 2581 5830 habet
2602 5781 2870 5843 συγκροτεῖ.
