3864 6234
49 321 158 377 1υό

40 438 211 494 mites
239 455 345 494 non
380 454 626 504 manere,
654 456 788 510 quos
828 456 855 493 a
883 442 1145 513 principio
1181 444 1454 500 constituit
1480 446 1632 501 nobis

39 528 218 585 Deus.
250 531 339 586 Sic
364 541 417 586 et
438 532 607 585 Adam
635 546 730 603 spe
762 534 1034 603 amplioris
1056 577 1072 603 ,
1099 552 1257 606 quem
1289 537 1517 593 habebat
1542 539 1640 594 ho-

40 635 241 675 norem
266 620 513 691 perdidit.
542 622 772 692 ldipsum
798 632 851 678 et
875 626 1048 681 avaris
1072 627 1263 681 accidit
1286 647 1298 681 :
1318 630 1471 683 multi
1497 645 1639 699 stupe

39 713 260 782 majora
286 713 578 783 cupientes,
606 717 889 785 prmsentia
913 718 1222 773 amiserunt.
1256 720 1453 776 Eodem
1481 722 1639 775 modo

38 812 95 857 et
122 805 222 858 isti
250 805 379 859 dum
406 821 464 861 se
487 815 654 860 totum
685 806 772 862 hic
795 810 1007 878 assequi
1033 824 1189 878 posse
1218 820 1464 879 sperant,
1491 822 1641 881 parte

39 909 271 964 quoque
296 896 383 950 illa
407 896 679 951 excidunt.
702 897 1057 964 Quamobrem
1084 899 1271 953 hortor
1296 916 1479 957 eorum
1503 903 1642 956 insa-

40 990 195 1042 niam
239 988 756 1059 fugiatiszextremte
803 992 997 1061 quippe
1042 993 1261 1047 insania:
1302 1003 1384 1049 est
1424 1004 1642 1049 conten-

40 1080 181 1135 dere
212 1082 252 1145 ⁸,
277 1080 399 1150 quid
433 1082 570 1135 Deus
594 1082 886 1135 substantia
918 1083 989 1135 sit
1016 1098 1074 1137 se
1103 1084 1265 1151 probe
1295 1084 1524 1139 scire.Ut
1551 1100 1645 1137 au-

42 1180 161 1224 tem
205 1172 346 1225 scias
392 1171 445 1226 id
486 1179 739 1227 extrema).
780 1173 1062 1229 dementiae
1100 1188 1256 1239 esse,
1299 1190 1329 1228 a
1372 1176 1646 1246 prephetis

40 1262 458 1318 demonstrabo.
495 1263 775 1332 Propheta:
809 1265 1003 1334 quippe
1040 1280 1143 1318 non
1171 1265 1332 1319 modo
1360 1267 1485 1336 quid
1514 1267 1643 1321 sub-

40 1353 256 1406 stantia
284 1353 351 1406 sit
376 1354 623 1422 ignorare
647 1354 910 1417 videntur,
937 1354 1033 1410 sed
1055 1365 1108 1409 et
1131 1354 1196 1410 de
1222 1358 1479 1425 sapientia
1504 1358 1642 1427 ejus,

41 1455 258 1513 quanta
276 1445 476 1499 scilicet
493 1447 580 1511 sit,
607 1448 811 1500 harent
832 1465 846 1499 :
871 1462 1191 1516 quamquam
1210 1464 1312 1501 non
1339 1464 1367 1500 a
1391 1450 1646 1518 sapientia

42 1538 359 1593 substantia
375 1580 391 1604 ,
419 1538 514 1593 sed
539 1554 569 1592 a
596 1539 889 1594 substantia
914 1541 1172 1610 sapientia
1197 1542 1285 1596 sit.
1315 1541 1446 1595 Cum
1470 1551 1647 1595 autem

45 1645 116 1684 ne
164 1630 309 1684 hanc
345 1630 561 1700 quidem
600 1633 875 1701 prephetae
914 1641 1161 1687 accurate
1189 1647 1381 1702 capere
1409 1634 1645 1701 possint,

41 1732 278 1791 quanta:
297 1722 579 1777 dementiae
597 1723 756 1778 fuerit
775 1725 1079 1779 existimare
1094 1726 1394 1795 quempiam
1418 1740 1476 1781 se
1496 1742 1651 1795 posse

42 1814 231 1880 ipsam
262 1815 607 1867 substantiam
636 1814 863 1884 propriis
892 1816 1156 1885 subjicere
1187 1817 1515 1872 ratiociniis?
1540 1820 1649 1873 Au-

41 1904 274 1959 diamus
310 1906 467 1974 igitur
503 1906 630 1975 quid
667 1906 736 1960 de
766 1906 856 1960 illa
901 1908 1154 1975 propheta
1184 1907 1325 1962 dicat
1352 1926 1367 1963 :
1396 1907 1649 1962 Mirabilis

42 2000 197 2065 facta
225 2007 302 2050 est
326 1998 531 2051 scientia
559 2010 645 2051 tua
669 2015 730 2052 ea:
758 2015 836 2051 nte
862 1999 1038 2070 (Psal.
1078 2000 1196 2055 158.
1227 2001 1322 2071 6).
1352 2000 1444 2055 Vel
1478 2002 1651 2070 potius

42 2087 223 2142 altius
247 2104 553 2143 sermonem
576 2098 874 2158 repetamus
904 2109 916 2143 :
950 2090 1233 2159 Cou/itebor
1257 2092 1343 2143 tibi
1362 2094 1479 2161 quia
1508 2092 1657 2145 terni-

43 2178 231 2233 biliter
257 2181 615 2250 magniﬁcatus
631 2196 683 2234 es
709 2180 727 2247 (
756 2179 836 2233 Ib.
866 2196 913 2233 υ.
946 2182 1011 2235 14
1030 2181 1070 2249 ).
1098 2182 1233 2248 Quid
1264 2192 1343 2237 est
1372 2184 1521 2249 illud,
1550 2194 1651 2238 ter-

41 2269 324 2323 ribiliter?
350 2270 507 2324 Multa
539 2286 678 2325 nunc
706 2272 981 2335 miramur,
1010 2272 1103 2326 sed
1132 2287 1235 2326 non
1263 2288 1384 2327 cum
1416 2275 1607 2330 timore
1634 2290 1651 2340 ;

43 2362 211 2416 verbi
240 2363 409 2432 gratia
441 2363 806 2418 columnarum
844 2365 1290 2435 pulchritudinem
1312 2408 1326 2429 .
1368 2368 1653 2437 figurarum

44 2454 330 2522 picturam
355 2455 375 2485 ¹
401 2496 418 2521 ,
450 2454 611 2509 ﬂores
658 2471 941 2526 corporum
975 2476 988 2511 :
1022 2458 1279 2512 miramur
1320 2460 1448 2514 item
1493 2462 1654 2515 maris

42 2545 508 2613 magnitudinem,
528 2547 921 2618 immensosque
935 2550 1188 2619 gurgites,
1209 2550 1303 2604 sed
1324 2565 1443 2605 cum
1468 2553 1655 2607 timore

42 2636 283 2704 quando
302 2636 712 2705 profunditatem
732 2638 846 2708 ejus
870 2641 1199 2709 inspicimus.
1220 2641 1307 2695 Sic
1326 2642 1504 2712 itaque
1528 2658 1654 2712 pro-

46 2729 227 2797 pheta
258 2729 316 2783 in
351 2740 557 2784 vastum
584 2739 639 2785 et
672 2731 989 2787 immensum
1019 2733 1111 2787 Dei
1143 2734 1417 2803 sapientia:
1442 2736 1658 2805 pelagus

43 2822 363 2891 inspiciens
387 2862 403 2888 ,
432 2837 532 2878 ceu
560 2826 816 2894 vertigine
840 2834 1025 2894 captus
1050 2867 1065 2891 ,
1097 2841 1216 2880 cum
1249 2827 1439 2882 timore
1466 2843 1658 2899 magno

42 2924 297 2983 stupens
347 2915 568 2969 recessit
617 2915 854 2970 clamans
880 2957 893 2980 ,
924 2915 1208 2985 Conﬁtebor
1236 2917 1343 2985 tibi,
1366 2920 1482 2987 quia
1511 2920 1657 2972 terri—

36 3008 233 3061 biliter
259 3009 611 3079 magniﬁcatus
641 3027 711 3077 es,
740 3012 987 3066 mirabilia
1010 3028 1162 3084 Opera
1189 3023 1311 3081 tua;
1332 3029 1395 3068 ac
1420 3030 1655 3080 rursum,

42 3098 330 3153 Mirabilis
354 3099 490 3169 facta
518 3110 592 3153 est
617 3102 823 3155 scientia
851 3112 936 3157 tua
960 3121 1021 3158 ex
1049 3122 1147 3172 me,
1169 3110 1481 3176 conformata
1502 3115 1593 3173 est,
1615 3118 1661 3160 et

24 3207 163 3243 .non
194 3200 370 3259 potero
399 3192 466 3243 ad
492 3208 601 3244 eam
624 3190 727 3262 (Ib.
750 3209 797 3247 υ.
815 3190 901 3265 6).

128 3278 269 3332 Non
300 3281 575 3335 substantia
602 3281 698 3335 Dei
724 3292 916 3336 tantum
936 3326 951 3349 ,
986 3285 1073 3338 sed
1112 3287 1258 3339 etiam
1281 3270 1528 3355 sapientia
1553 3288 1663 3357 ejus

46 3370 350 3440 l’rophetis
392 3372 926 3441 incomprehensibilis.
965 3376 1187 3431 -—Vide
1231 3386 1438 3447 gratum
1479 3379 1661 3433 famuli

40 3464 313 3515 animum
339 3481 353 3516 :
380 3463 501 3518 Ideo
524 3466 721 3533 gratias
747 3465 839 3518 tibi
861 3480 980 3536 ago,
1006 3467 1193 3535 inquit,
1220 3469 1340 3537 quia
1366 3464 1664 3538 incom'pre-

42 3553 390 3608 hensibilem
412 3555 582 3609 habeo
602 3556 901 3611 Dominum.
921 3557 1038 3613 Non
1058 3559 1125 3613 de
1151 3560 1445 3616 substantia
1472 3562 1557 3615 hic
1580 3562 1661 3617 lo-

40 3647 287 3716 quitur:
308 3646 359 3700 id
384 3648 547 3713 enim,
570 3650 720 3719 quasi
740 3651 796 3704 in
818 3650 1061 3707 confesso
1086 3662 1227 3707 esset
1253 3654 1664 3723 incomprehen-

43 3737 230 3792 sibile
254 3752 397 3804 esse,
422 3741 789 3808 praetermisit:
810 3741 903 3797 sed
922 3743 1002 3797 his
1024 3742 1259 3797 declarat
1284 3744 1448 3798 Deum
1472 3745 1666 3815 ubique

44 3845 191 3884 esse
214 3870 230 3893 ,
256 3830 544 3884 ostendens
579 3846 638 3886 se
663 3847 835 3903 neque
858 3848 1048 3902 capere
1075 3849 1229 3903 posse
1253 3834 1519 3904 quomodo
1549 3837 1667 3889 ubi-

41 3938 171 3993 que
199 3922 293 3977 sit.
323 3922 453 3977 Nam
475 3924 614 3993 quod
642 3925 740 3980 hac
768 3926 833 3981 de
861 3942 918 3981 re
943 3927 1187 3997 loquatur
1206 3928 1331 3982 audi
1358 3928 1411 3981 in
1442 3944 1671 3998 sequen-

44 4016 219 4068 tibus
248 4031 263 4067 :
295 4014 358 4069 Si
384 4017 651 4069 ascendere
678 4018 732 4071 in
757 4020 957 4084 cazlum,
988 4030 1040 4072 tu
1064 4018 1169 4075 illic
1195 4035 1278 4084 es;
1302 4022 1344 4075 si
1369 4020 1669 4074 descendere

44 4108 111 4159 in
144 4105 447 4173 infernum,
486 4108 626 4162 ades.
660 4109 841 4164 Viden’
878 4111 1148 4181 quomodo
1176 4113 1369 4182 ubique
1398 4112 1572 4167 adsit?
1600 4114 1670 4167 At

46 4200 171 4253 hoc
209 4197 469 4267 prOpheta
497 4214 602 4254 non
634 4202 781 4255 novit
804 4243 819 4268 ,
861 4202 955 4258 sed
984 4203 1208 4273 caligine
1233 4202 1477 4273 perfusus
1503 4204 1671 4258 hteret

43 4302 114 4344 et
159 4290 325 4343 timet
351 4289 434 4343 vel
465 4306 530 4344 ex
566 4293 677 4361 ipsa
714 4294 792 4348 rei
828 4293 1169 4364 cogitatione.
1205 4294 1484 4362 Quomodo
1513 4295 1671 4364 igitur

46 4396 176 4434 non
215 4395 444 4435 summa:
473 4381 756 4437 dementire
783 4384 940 4439 fuerit
964 4425 978 4446 ,
1008 4399 1102 4439 eos
1126 4386 1215 4455 qui
1241 4386 1308 4440 ab
1336 4386 1474 4440 illius
1501 4387 1670 4455 gratia

44 4481 283 4526 tantum
303 4474 497 4526 absunt
516 4472 682 4543 ipsam
708 4476 797 4529 Dei
820 4476 1165 4530 substantiam
1183 4477 1388 4531 curiose
1408 4476 1672 4531 scrutari?

50 4564 129 4617 Et
166 4572 357 4615 tamen
402 4562 486 4618 hic
527 4565 639 4633 ipse
674 4575 755 4619 est
797 4566 1053 4634 propheta
1088 4567 1177 4636 qui
1218 4567 1364 4633 dicit,
1394 4565 1600 4621 Incerta
1626 4575 1673 4620 et

44 4657 279 4710 ucculta
302 4656 563 4723 sapientia:
592 4673 691 4710 tum
716 4659 1046 4728 manifestasti
1074 4658 1196 4711 mihi
1225 4659 1243 4728 (
1266 4658 1409 4712 Psal.
1434 4658 1524 4714 50.
1567 4659 1600 4713 8
1630 4659 1670 4729 ).

44 4754 337 4803 Attamen
365 4761 482 4800 cum
512 4748 713 4802 incerta
752 4759 805 4803 et
838 4751 1043 4803 occulta
1087 4750 1359 4819 sapientia:
1402 4751 1516 4820 ejus
1555 4750 1672 4805 edi-

41 4839 337 4905 dicisset,
376 4839 517 4893 illam
557 4840 723 4909 ipsam
764 4841 893 4894 dicit
926 4841 1239 4896 immensam
1276 4852 1331 4897 et
1370 4844 1673 4912 incompre-

44 4927 402 4985 ltensibilem
433 4944 571 4985 esse.
612 4929 745 4984 Nam
784 4947 997 5002 magnus
1039 4930 1322 4997 Dominus,
1372 4934 1583 5003 inquit,
1628 4943 1675 4987 et

50 5038 277 5093 magna
300 5021 458 5075 virtus
478 5022 617 5092 ejus,
645 5033 689 5075 et
716 5023 1062 5093 intelligentite
1086 5026 1194 5095 ejus
1219 5042 1319 5079 non
1344 5036 1416 5080 est
1437 5043 1675 5081 numerus

47 5116 73 5183 (
102 5113 275 5167 Psal.
310 5112 425 5167 144.
459 5114 493 5167 5
517 5113 565 5182 );
595 5112 645 5167 id
674 5123 789 5180 est,
828 5130 933 5169 non
976 5126 1058 5171 est
1084 5118 1507 5187 comprehensio.
1538 5117 1675 5185 Quid

42 5206 208 5259 dicis
226 5204 251 5255 ?
278 5204 539 5272 sapientia
566 5206 665 5273 ipsi
698 5206 968 5275 prepheta:
990 5208 1544 5277 incomprehensibilis
1570 5219 1670 5274 est,

45 5307 113 5352 et
145 5295 461 5350 substantia
490 5297 645 5351 nobis
674 5307 758 5352 est
786 5300 1323 5369 comprehensibilis?
1354 5315 1532 5354 annon
1562 5301 1675 5355 haec

39 5395 263 5457 aperta
292 5384 498 5440 insania
518 5389 638 5441 est?
691 5387 1005 5459 magnitudo
1045 5393 1161 5460 ejus
1182 5406 1287 5445 non
1310 5391 1469 5447 habet
1497 5394 1677 5447 termi—

44 5496 231 5546 num,
267 5488 319 5533 et
350 5487 405 5533 tu
432 5479 786 5536 substantiam
815 5484 930 5553 ejus
955 5484 1391 5540 circumscribis?

126 5682 145 5712 ι
189 5684 301 5727 Duo
325 5686 453 5742 Mss,
476 5678 715 5732 insaniam
736 5682 862 5734 enim
884 5684 1033 5735 credo
1070 5690 1355 5742 extremam,
1373 5685 1673 5735 contendere.

123 5744 146 5773 ³
187 5740 426 5813 storel‘et
448 5744 643 5813 quidam
683 5752 809 5808 Mss,
843 5745 1113 5811 figurarum
1153 5740 1406 5811 picturam,
1450 5746 1587 5798 savii.
1625 5754 1675 5797 et

56 5805 164 5861 alii,
196 5805 449 5866 parietum
471 5805 729 5866 picturam.

989 324 1077 379 DE
1116 322 1791 384 INCOMPREHENSIBILI
1829 328 1941 383 DEI
1980 327 2281 385 NATURA.
2324 328 2366 383 l.

3220 333 3324 387 7οί

1816 446 1870 499 5.
1912 446 2037 501 Haec
2063 446 2224 501 Isaias
2258 460 2466 515 quoque
2505 446 2972 518 philosomtabatnr
3000 451 3082 505 his
3110 453 3325 506 verbis:

1746 536 2127 592 Generationem
2143 538 2252 606 ejus
2266 537 2375 607 quis
2391 540 2638 591 enarrabit
2654 539 2802 610 (lsai.
2823 541 2909 596 55.
2929 542 2985 612 8)
3003 542 3025 595 ?
3041 542 3156 597 Non
3169 542 3324 609 dixit,

1744 629 1874 699 Quis
1903 631 2153 685 enarrat?
2179 630 2292 696 sed,
2319 629 2444 696 Quis
2469 632 2737 696 enarrabit,
2768 643 2823 687 ut
2848 634 3081 689 futurum
3109 650 3327 704 prorsus

1746 722 2051 777 excluderet
2068 723 2107 771 ι.
2137 720 2298 774 David
2316 722 2528 788 quidem
2549 721 2643 785 ait,
2663 723 2912 778 Mirabilis
2928 726 3062 793 facta
3075 736 3150 780 est
3163 727 3329 779 scien-

1748 812 1819 865 tia
1832 821 1917 864 tua
1933 827 1994 865 ea;
2006 828 2083 864 me
2105 809 2273 879 (Psal.
2288 810 2411 866 .138.
2431 812 2507 881 b);
2528 811 2687 865 Isaias
2705 827 2831 865 vero
2849 828 2953 867 non
2971 829 2998 866 a
3016 815 3189 884 seipso
3211 824 3330 869 tan-

1748 913 1881 966 tum,
1914 901 2007 956 sed
2038 917 2065 954 a
2091 910 2198 954 tota
2226 900 2455 954 humana
2482 911 2667 955 natura
2695 903 2830 957 hanc
2854 905 3208 959 narrationem
3240 919 3329 959 se-

1742 993 1886 1047 cludi
1906 994 2072 1047 ait.At
2093 992 2363 1047 videamus
2382 1008 2505 1047 num
2526 993 2739 1059 Paulus,
2760 1002 2941 1063 utpote
2964 996 3218 1064 majorem
3238 1012 3333 1050 na-

1748 1094 1866 1139 ctus
1883 1085 2127 1155 gratiam,
2145 1084 2196 1138 id
2212 1086 2438 1139 noverit.
2460 1084 2552 1138 Hic
2573 1100 2702 1139 sane
2720 1095 2800 1139 est
2818 1087 2905 1155 qui
2927 1085 3075 1150 dicit,
3094 1085 3177 1139 Ea;
3194 1098 3336 1154 parte

1751 1175 2114 1245 cognoscimus,
2134 1184 2180 1227 et
2194 1185 2408 1243 exparte
2423 1175 2779 1244 prophetamus
2794 1175 2839 1247 (1
2855 1214 2868 1227 .
2888 1174 3006 1229 Cor.
3026 1177 3112 1230 15.
3132 1174 3208 1248 9).
3226 1176 3333 1231 Ne-

1750 1282 1854 1335 que
1879 1264 1964 1319 hic
1990 1273 2224 1331 tantum,
2252 1265 2343 1319 sed
2369 1265 2491 1320 alibi
2519 1280 2728 1334 quoque
2748 1306 2765 1329 ,
2797 1281 2900 1319 non
2928 1266 2994 1321 de
3016 1266 3331 1330 substantia,

1751 1356 1847 1411 sed
1879 1356 1946 1409 de
1985 1356 2241 1424 sapientia
2292 1356 2515 1425 loquens
2566 1356 2684 1419 illa,
2736 1371 2854 1425 quae
2899 1356 2952 1409 in
3001 1355 3333 1425 providentia

1752 1447 2094 1517 conspicitur,
2122 1462 2225 1499 non
2248 1446 2315 1501 de
2342 1446 2643 1509 universali,
2666 1462 2767 1516 qua
2794 1446 3013 1516 angelis,
3040 1446 3333 1516 archange-

1750 1540 1816 1593 lis
1843 1550 1897 1595 et
1924 1540 2170 1608 supernis
2200 1537 2555 1593 Potestatibus
2588 1539 2879 1608 prospicit,
2912 1538 3007 1593 sed
3037 1538 3180 1592 illam
3208 1553 3335 1607 pro-

1754 1633 2002 1687 videntiae
2029 1642 2233 1701 partem
2264 1631 2570 1700 expendens
2595 1673 2610 1697 ,
2643 1646 2746 1700 qua
2781 1630 3085 1685 hominibus
3114 1632 3165 1684 in
3196 1641 3335 1686 terra

1754 1723 2014 1794 providet.
2044 1722 2225 1793 Neque
2255 1731 2429 1777 tamen
2454 1722 2593 1777 hanc
2618 1731 2782 1776 totam
2811 1722 3099 1785 examinat,
3126 1738 3226 1792 qua
3251 1738 3339 1776 so-

1754 1818 1858 1872 lem
1891 1816 2018 1870 oriri
2056 1815 2213 1881 facit,
2254 1830 2353 1885 qua
2380 1815 2585 1870 animas
2611 1816 2849 1885 inspirat,
2881 1832 2983 1886 qua
3009 1831 3231 1885 corpora
3259 1818 3338 1870 ef-

1755 1908 1966 1969 format,
1995 1922 2097 1976 qua
2127 1906 2367 1961 homines
2394 1907 2488 1961 alit
2516 1907 2570 1960 in
2598 1914 2760 1973 terra,
2789 1923 2891 1976 qua
2919 1906 3172 1961 mundum
3205 1922 3339 1960 con-

1755 2007 1935 2055 servat
1958 2001 1998 2063 ³,
2024 2015 2122 2068 qua
2169 2015 2397 2052 annuam
2460 1999 2658 2068 praebet
2691 2013 2866 2054 escam
2889 2041 2903 2064 ,
2929 1999 3023 2053 sed
3056 1998 3138 2053 his
3165 1999 3341 2053 missis

1756 2092 2023 2156 omnibus,
2051 2105 2282 2159 expensa
2322 2089 2547 2159 quadam
2586 2090 2793 2144 modica
2838 2089 3184 2159 providentia:
3224 2090 3341 2160 ejus

1758 2190 1927 2250 parte,
1970 2197 2071 2249 qua
2106 2180 2318 2235 Juda‘os
2356 2181 2533 2250 ejecit,
2566 2181 2893 2252 gentilesque
2923 2183 3157 2251 recepit,
3184 2192 3237 2238 et
3272 2183 3341 2237 ad

1758 2273 1899 2327 illius
1927 2274 2099 2328 solum
2130 2274 2293 2343 partis
2312 2274 2461 2343 quasi
2491 2273 2558 2327 ad
2589 2274 2835 2328 immensi
2868 2274 3037 2343 pelagi
3067 2282 3341 2342 aspectum

1757 2364 1980 2433 caligine
2014 2365 2274 2433 repletus.
2305 2379 2367 2417 ac
2395 2364 2440 2419 si
2470 2373 2675 2418 vastum
2705 2365 2965 2434 gurgitem
3008 2364 3295 2433 inSpicerct
3322 2406 3338 2429 ,

1758 2457 1933 2511 statim
1965 2457 2173 2523 resiliit,
2200 2466 2255 2511 et
2282 2472 2413 2511 voce
2440 2472 2627 2525 magna
2654 2455 2933 2510 clamavit:
2962 2454 3005 2508 0
3025 2455 3236 2508 altitudo
3265 2456 3343 2508 di-

1757 2547 1994 2600 vitiarum
2021 2548 2282 2615 sapientia:
2305 2558 2352 2600 et
2377 2548 2596 2600 scicntia:
2637 2545 2763 2612 Dei,
2805 2563 2954 2615 quant
2999 2546 3342 2599 inscrutabilia

1759 2647 1877 2690 sunt
1907 2638 2110 2708 judicia
2138 2638 2246 2708 ejus
2276 2639 2293 2707 (
2318 2636 2467 2690 Rom.
2501 2638 2588 2689 11.
2619 2638 2688 2691 55
2709 2637 2761 2705 )l
2793 2635 2908 2690 Non
2939 2636 3104 2699 dixit,
3136 2635 3343 2690 Incom-

1761 2728 2156 2797 prehensibilia,
2184 2727 2298 2794 sed,
2324 2726 2682 2781 Inscrutabilia
2709 2742 2726 2779 :
2752 2726 2892 2796 quod
2916 2725 2958 2779 si
2987 2726 3209 2779 scrutari
3238 2741 3342 2778 non

1764 2819 2049 2888 possimus,
2076 2820 2242 2873 multo
2269 2819 2443 2872 minus
2470 2816 2921 2887 comprehendere
2948 2830 3244 2884 possumus.
3273 2814 3343 2868 Et

1763 2909 2127 2979 investigabiles
2152 2910 2247 2963 uite
2270 2910 2398 2978 ejus.
2429 2906 2543 2962 Vite
2573 2909 2688 2977 ejus
2718 2907 3132 2977 investigabiles,
3151 2916 3205 2961 et
3230 2907 3343 2975 ipse

1764 3000 2259 3071 comprehensibilis
2281 3044 2296 3064 ,
2331 3001 2417 3055 dic
2458 2999 2630 3053 mihi?
2671 2999 2873 3071 Ecquid
2901 3000 2967 3054 de
2996 2999 3095 3053 viis
3118 2999 3303 3068 loquor
3322 3000 3349 3053 τ

1764 3096 1989 3149 Praemia
2018 3095 2170 3151 nobis
2194 3096 2424 3164 reposita
2452 3095 3006 3165 incomprehensibilia
3032 3104 3186 3149 sunt:
3212 3092 3347 3149 Ocu-

1766 3185 1844 3239 lus
1875 3186 2015 3239 enim
2044 3202 2141 3239 non
2165 3187 2311 3252 vidit,
2344 3203 2432 3239 nec
2460 3187 2599 3241 auris
2623 3186 2843 3243 audivit.
2876 3202 2966 3240 nec
2989 3186 3042 3239 in
3069 3202 3156 3238 cor
3179 3186 3345 3238 homi-

1766 3280 1843 3333 nis
1871 3279 2224 3341 ascenderunt,
2267 3295 2378 3349 qua:
2417 3280 2718 3348 prazparavit
2764 3278 2899 3333 Deus
2939 3276 3257 3348 diligentibus
3296 3294 3348 3331 se

1768 3372 1843 3438 (1.
1869 3370 1985 3423 Cor.
2015 3372 2068 3423 2.
2102 3370 2193 3439 9).
2224 3370 2329 3424 Sed
2357 3371 2552 3424 donum
2583 3369 2698 3439 ejus
2728 3370 3078 3424 inenarrabile
3107 3387 3118 3421 :
3148 3367 3351 3422 Gratias

1766 3461 1907 3515 enim
1937 3459 2043 3513 Deo
2067 3502 2083 3527 ,
2112 3462 2297 3531 inquit,
2332 3461 2394 3515 de
2417 3460 2744 3515 inenarrabili
2773 3461 2881 3532 ejus
2926 3461 3058 3513 dono
3104 3460 3121 3526 (
3149 3459 3203 3514 2.
3229 3459 3350 3514 Cor.

1767 3549 1820 3605 9.
1841 3551 1952 3619 15);
1976 3561 2049 3616 et,
2075 3549 2189 3604 Pax
2208 3553 2315 3622 ejus
2334 3561 2535 3620 superat
2554 3568 2751 3605 omnem
2766 3551 3068 3605 intellectum
3090 3549 3351 3621 (Philipp.

1768 3642 1821 3696 4.
1850 3642 1929 3711 7).
1958 3641 2091 3707 Quid
2117 3642 2215 3706 ais,
2241 3642 2434 3711 judicia
2461 3643 2577 3712 ejus
2600 3643 2982 3707 inscrutabilia,
3008 3643 3107 3696 via:
3128 3643 3241 3711 ejus
3270 3644 3351 3697 in-

1769 3732 2106 3803 vestigabiles
2131 3774 2145 3799 ,
2191 3749 2292 3802 pax
2319 3734 2435 3802 ejus
2473 3742 2691 3805 superat
2727 3748 2940 3787 omnem
2979 3733 3303 3786 intellectum
3330 3772 3346 3796 ,

1770 3822 1966 3877 donum
1994 3823 2344 3878 inenarrabile
2368 3832 2468 3891 est,
2492 3840 2609 3895 quae
2631 3824 2944 3895 praeparavit
2970 3823 3110 3878 Deus
3133 3823 3356 3893 diligen-

1772 3915 1911 3969 tibus
1934 3929 2010 3979 se,
2041 3915 2094 3968 in
2120 3929 2212 3969 cor
2242 3915 2473 3970 hominis
2500 3930 2605 3969 non
2631 3915 3003 3979 asCenderunt,
3029 3913 3320 3984 magnitudi
3341 3946 3353 3955 -

1772 4008 1855 4062 nis
1878 4008 1993 4078 ejus
2012 4023 2117 4062 non
2139 4017 2221 4063 est
2247 4008 2386 4073 finis,
2407 4007 2700 4078 prudentiae
2720 4008 2835 4078 ejus
2851 4023 2957 4061 non
2978 4019 3060 4062 est
3080 4021 3354 4069 numerus,

1772 4101 1950 4154 omnia
1976 4100 2556 4171 incomprehensibilia,
2587 4100 2699 4170 ipse
2727 4100 2874 4154 solus
2902 4098 3356 4169 comprehensibio

1772 4191 1876 4246 lis?
1896 4193 2078 4262 ecquis
2099 4192 2184 4248 hic
2200 4200 2281 4249 est
2307 4192 2497 4248 furoris
2515 4194 2800 4248 excessus?
2818 4192 3008 4247 Retine
3027 4192 3355 4256 hzereticum,

1774 4300 1843 4339 ne
1870 4285 2013 4339 sinas
2038 4285 2183 4340 abire
2208 4304 2221 4340 :
2246 4286 2349 4353 dic,
2373 4286 2508 4354 Quid
2531 4288 2603 4339 ait
2632 4286 2868 4339 Paulus?
2889 4284 2973 4338 Ea:
2998 4295 3142 4353 parte
3169 4300 3358 4354 cogno-

1774 4375 1981 4429 scimus.
2020 4375 2134 4429 Non
2174 4375 2241 4430 de
2288 4375 2580 4430 substantia
2604 4418 2618 4442 ,
2661 4376 2830 4445 inquit
2853 4418 2866 4437 ,
2902 4374 2954 4429 id
2983 4375 3143 4441 dicit,
3175 4373 3267 4428 sed
3295 4373 3361 4428 de

1776 4466 2274 4537 dispensationibus.
2289 4468 2519 4537 Optime,
2533 4468 2660 4522 side
2681 4467 3165 4537 dispensationibus
3185 4480 3362 4520 sermo

1776 4567 1939 4624 esset,
1973 4558 2143 4628 major
2173 4558 2327 4613 nobis
2357 4569 2566 4628 pateret
2596 4559 2661 4611 ad
2693 4558 2970 4612 victoriam
2999 4556 3204 4610 aditus:
3239 4570 3363 4609 nam

1777 4651 1821 4703 si
1846 4651 2270 4721 dispensationes
2295 4652 2860 4721 incomprehensibiles
2886 4660 3029 4715 sunt,
3060 4650 3226 4704 multo
3250 4664 3361 4703 ma-

1778 4746 1857 4815 gis
1900 4747 2011 4813 ipse
2050 4762 2061 4797 :
2104 4743 2245 4813 quod
2288 4754 2463 4798 autem
2507 4743 2594 4797 hic
2639 4760 2741 4796 non
2779 4742 2847 4796 de
2880 4740 3366 4811 dispensationibus

1780 4837 2047 4906 loquatur,
2080 4834 2175 4889 sed
2199 4834 2265 4890 de
2290 4836 2406 4905 ipso
2429 4837 2536 4889 Deo
2557 4877 2571 4901 ,
2605 4834 2725 4889 audi
2751 4850 2868 4904 quae
2889 4842 3201 4903 sequuntur.
3230 4832 3362 4886 Cum

1779 4929 1922 4983 enim
1952 4928 2171 4983 dixisset
2195 4968 2208 4990 ,
2240 4926 2325 4981 Ea:
2352 4936 2493 4997 parte
2516 4928 2882 4997 cognoscimus,
2913 4934 2960 4980 et
2985 4940 3047 4978 ea:
3072 4934 3217 4994 parte
3245 4938 3366 4991 pro-

1782 5022 2059 5091 phetamus,
2088 5022 2286 5085 intulit,
2319 5019 2469 5074 Nunc
2494 5035 2741 5088 cognosco
2762 5035 2825 5073 ea:
2848 5028 2988 5087 parte
3010 5059 3025 5084 ,
3050 5027 3168 5070 tunc
3192 5024 3362 5067 autem

1782 5132 2073 5186 cognoscam
2101 5118 2230 5168 sicut
2259 5124 2304 5167 et
2333 5114 2562 5184 cognitus
2589 5129 2719 5167 sum.
2746 5113 2787 5165 A
2818 5126 2923 5181 quo
2944 5110 3101 5179 igitur
3119 5107 3364 5178 cognitus

1782 5208 1908 5261 est?
1949 5223 1977 5260 a
2023 5208 2133 5261 Deo
2161 5248 2178 5272 ,
2220 5222 2285 5260 an
2330 5222 2359 5259 a
2406 5203 2927 5271 dispensationibus?
2955 5204 2995 5256 Δ
3038 5202 3148 5256 Deo
3185 5214 3363 5254 sane:

1784 5299 1949 5352 Deum
1975 5298 2132 5367 igitur
2153 5312 2224 5352 ex
2252 5306 2400 5366 parte
2420 5296 2709 5366 cognoscit.
2757 5294 2837 5348 Ea:
2877 5303 3018 5364 parte
3042 5306 3169 5347 vero
3195 5290 3361 5357 dixit,
3424 5306 3427 5309 '

1784 5406 1889 5444 non
1918 5388 2058 5459 quod
2087 5388 2229 5442 aliud
2264 5403 2329 5443 ex
2374 5388 2489 5456 ejus
2534 5386 2829 5442 substantia
2864 5394 3147 5453 cognoscat
3168 5420 3184 5446 .
3216 5379 3361 5437 aliud

1787 5484 1991 5553 ignoret
2017 5481 2035 5553 (
2063 5482 2203 5536 Deus
2222 5481 2366 5536 enim
2393 5481 2617 5550 simplex
2639 5477 2759 5553 est)
2786 5495 2802 5545 ;
2847 5478 2938 5533 sed
2979 5476 3119 5548 quod
3150 5474 3365 5548 quidem

1845 5726 1864 5758 ι
1901 5722 2004 5782 Alii,
2023 5724 2130 5773 mle
2155 5723 2386 5782 quomodo
2412 5726 2626 5771 'uturum
2650 5721 3003 5771 enarrationem
3022 5715 3303 5769 excluserit.

1847 5811 1867 5841 ι
1903 5815 2030 5856 unus
2050 5808 2218 5867 habet,
2245 5806 2381 5872 regit.
