3922 6278
518 371 624 427 707

521 492 654 544 sciat
687 487 855 546 Deum
885 504 1040 558 esse,
1070 489 1193 561 quid
1215 503 1392 547 autem
1425 491 1598 562 quoad
1646 491 1997 547 substantiam
2041 493 2111 547 sit

487 620 490 624 η
522 591 732 651 ignores
755 601 768 638 :
791 582 1096 652 Sapientem
1122 598 1243 638 esse
1265 586 1384 650 scit,
1402 583 1497 640 sed
1520 593 1775 654 quantum
1801 585 1871 638 sit
1895 583 2101 652 sapiens

521 673 692 728 nescit
724 692 744 728 -:
791 689 1040 744 magnum
1076 690 1206 730 esse
1254 689 1358 730 non
1402 675 1652 745 ignorat,
1688 683 1943 746 quantum
1982 687 2110 728 vero

523 781 778 836 magnus,
804 775 861 820 et
899 776 1092 836 quanta
1120 767 1189 821 sit
1225 767 1342 836 ejus
1380 765 1686 836 magnitudo
1715 766 1927 821 nescit:
1967 765 2110 835 quod

487 853 489 855 ’
521 858 717 928 ubique
754 863 824 913 sit
868 861 1036 923 novit,
1075 874 1182 929 quo
1232 867 1386 929 pacto
1451 868 1626 914 autem
1655 899 1670 926 ,
1723 859 1932 914 nescit:
1967 857 2110 928 quod

525 949 821 1017 provideat,
849 950 990 1020 quod
1016 950 1191 1004 omnia
1214 951 1482 1005 contineat
1510 959 1563 1005 et
1595 960 1839 1005 accurate
1867 959 2046 1006 servet
2065 952 2106 1016 ³,

521 1060 628 1098 non
669 1045 876 1107 nescit;
914 1059 1022 1114 quo
1047 1054 1226 1098 autem
1255 1044 1414 1098 modo
1459 1044 1511 1098 id
1541 1043 1694 1098 faciat
1719 1044 1955 1110 ,.nescit.
1982 1043 2110 1097 ideo

524 1135 734 1190 dicebat
759 1175 774 1202 ,
832 1135 911 1190 Ea:
945 1146 1089 1206 parte
1124 1137 1491 1207 cognoscimus,
1538 1145 1583 1190 et
1607 1153 1670 1190 ea:
1710 1145 1856 1206 parte
1885 1135 2109 1206 prophe-

526 1238 708 1282 tamus.

592 1320 648 1374 6.
690 1320 939 1392 Supernis
968 1321 1119 1375 etiam
1171 1319 1450 1375 Virtutibus
1487 1320 2004 1392 incomprehensibilis
2040 1328 2112 1374 est

482 1471 489 1482 I
524 1411 683 1467 Deus.
714 1442 785 1455 -—
808 1413 1026 1481 Verum,
1053 1414 1097 1468 si
1133 1413 1324 1484 placet,
1367 1414 1587 1470 dimisso
1609 1414 1774 1470 Paulo
1801 1423 1962 1486 atque
1986 1429 2112 1484 pro-

523 1501 734 1575 phetis,
772 1505 1124 1561 ascendamus
1149 1506 1201 1560 in
1229 1506 1398 1561 ctelos
1435 1523 1448 1558 :
1490 1521 1557 1559 an
1595 1505 1728 1562 forte
1765 1506 1997 1576 quipiam
2037 1504 2109 1559 ibi

523 1597 632 1651 sint
664 1595 755 1665 qui
784 1596 878 1651 Dei
907 1595 1256 1650 substantiam
1285 1596 1500 1661 norint;
1541 1595 1667 1650 licet
1703 1595 1748 1649 si
1785 1597 1874 1664 qui
1906 1594 1976 1648 ibi
2005 1595 2113 1648 sint.

521 1689 610 1758 qui
632 1688 830 1755 norint,
850 1688 980 1743 nihil
1009 1703 1292 1744 commune
1321 1687 1596 1743 nobiscum
1612 1687 1810 1744 habent
1829 1707 1842 1742 :
1861 1701 2112 1758 magnum

522 1781 661 1836 enim
690 1779 978 1834 discrimen
1007 1780 1226 1849 angelos
1252 1779 1390 1834 inter
1426 1787 1482 1835 et
1519 1778 1782 1834 homines.
1815 1779 2012 1834 Verum
2055 1789 2113 1835 ut

522 1887 587 1926 ex
625 1871 915 1926 abundanti
939 1871 1134 1937 discas,
1167 1871 1369 1926 nullam
1400 1871 1471 1925 ibi
1498 1881 1729 1926 creatam
1753 1871 2014 1927 Virtutem
2056 1871 2110 1926 id

520 1979 679 2018 nosse
708 2006 722 2029 ,
771 1965 915 2034 ipsos
941 1964 1217 2019 audiamus
1260 1963 1501 2034 angelos.
1533 1964 1669 2031 Quid
1716 1950 1921 2034 igitur?
1949 1979 2016 2018 an
2044 1964 2113 2019 de

522 2055 818 2110 substantia
843 2054 934 2109 illa
952 2055 1020 2109 ibi
1043 2055 1334 2121 disserunt,
1357 2065 1411 2110 et
1434 2057 1780 2125 quaestionem
1808 2065 1991 2110 mutuo
2018 2056 2112 2109 ha-

522 2144 694 2200 bent?
719 2146 968 2212 Minime;
997 2146 1091 2202 sed
1115 2145 1276 2218 quid?
1301 2145 1628 2211 Glorilicant,
1658 2147 1902 2214 adorant,
1924 2148 2115 2203 trium-

523 2237 702 2307 phalia
725 2247 777 2293 et
806 2239 1027 2310 mystica
1054 2240 1258 2294 cantica
1302 2248 1561 2310 perpetuo
1587 2249 1783 2295 etcum
1813 2240 1980 2295 multo
2003 2251 2113 2294 tre-

523 2343 674 2381 more
706 2329 956 2383 emittunt
987 2346 1000 2383 :
1029 2331 1083 2384 et
1117 2329 1205 2384 alii
1231 2331 1446 2400 quidem
1483 2330 1704 2399 dicunt,
1747 2329 1924 2386 Gloria
1950 2331 2004 2385 in
2032 2332 2114 2386 al-

526 2419 729 2473 tissimis
754 2418 864 2473 Deo
894 2420 914 2490 (
931 2419 1058 2479 Luc.
1080 2421 1136 2475 2.
1168 2423 1277 2493 14)
1306 2438 1320 2487 ;
1352 2422 1632 2493 Seraphim
1657 2438 1784 2478 vero
1808 2462 1824 2490 ,
1856 2423 2077 2478 Sanctus
2097 2465 2111 2489 ,

524 2521 746 2578 sanctus,
770 2525 972 2568 sanctus
1006 2513 1172 2586 (Isai.
1198 2516 1251 2570 6.
1280 2516 1314 2572 5
1342 2513 1385 2587 ),
1414 2525 1468 2570 et
1493 2516 1674 2570 oculos
1701 2522 1968 2585 avertunt,
1990 2531 2113 2570 cum

525 2603 618 2658 Dei
653 2605 792 2660 illam
819 2609 1318 2678 attemperationem
1350 2626 1416 2665 ne
1445 2609 1589 2665 ferre
1617 2610 1833 2679 quidem
1860 2611 2073 2665 valeant
2097 2627 2111 2676 ;

522 2693 808 2752 Cherubim
847 2709 1026 2755 autem
1050 2741 1066 2766 ,
1101 2701 1376 2756 Benedicta
1409 2702 1573 2773 gloria
1615 2704 1725 2772 ejus
1771 2719 1834 2756 ea:
1873 2702 1982 2756 loco
2007 2703 2116 2773 ejus

523 2788 542 2859 (
570 2789 757 2844 Ezech.
789 2791 841 2846 5.
870 2793 937 2848 12
961 2792 1001 2864 ).
1029 2793 1144 2848 Νοη
1183 2795 1323 2864 quod
1364 2795 1483 2850 loco
1510 2810 1643 2864 opus
1672 2794 1745 2850 sit'
1770 2796 1899 2858 Deo,
1928 2796 2066 2852 absit
2096 2814 2112 2864 ;

523 2881 618 2937 sed
647 2893 702 2937 ut
723 2883 954 2941 humano
981 2901 1130 2942 more
1156 2887 1418 2955 dicamus,
1441 2888 1759 2959 ubicumque
1787 2891 1877 2954 sit,
1900 2899 1955 2946 et
1983 2906 2113 2961 quo-

522 2973 912 3046 modocumque
940 2977 1009 3031 sit
1037 2994 1051 3030 :
1079 2977 1124 3031 si
1154 2987 1327 3032 tamen
1353 2979 1481 3033 illud
1502 2969 1568 3034 de
1593 2981 1700 3034 Deo
1729 2989 1843 3034 tuto
1865 2981 1968 3036 dici
1993 2999 2116 3052 pos-

524 3066 639 3131 sit,
689 3066 978 3136 humanam,
1021 3069 1216 3139 quippe
1263 3070 1497 3140 linguam
1555 3069 1832 3128 habemus.
1863 3066 2119 3126 Vidistin’

523 3167 755 3224 quantus
783 3157 944 3213 timor
971 3160 1022 3214 in
1051 3162 1217 3225 caelis,
1245 3173 1474 3231 quantus
1499 3175 1834 3232 contemptus
1855 3165 1906 3219 in
1934 3165 2115 3220 terra?

523 3249 601 3304 llli
634 3250 935 3320 glorificant
956 3293 972 3319 ,
1014 3253 1067 3306 1ιί
1093 3255 1301 3310 curiose
1328 3255 1642 3326 inquirunt;
1669 3256 1888 3313 laudant
1914 3259 2029 3326 illi,
2057 3259 2112 3313 hi

521 3343 716 3396 multas
745 3355 961 3400 movent
1001 3347 1324 3416 quaestiones
1345 3349 1399 3413 ²;
1425 3349 1499 3403 illi
1533 3350 1714 3404 oculus
1740 3349 2030 3422 obtegunt,
2061 3350 2116 3406 hi

521 3432 577 3485 in
605 3431 826 3502 gloriam
855 3435 1260 3490 inenarrabilem
1286 3437 1548 3508 inspicere
1571 3439 1909 3510 impudenter
1923 3455 2115 3496 conan-

523 3532 629 3576 tur.
655 3525 799 3591 Quis
840 3517 945 3580 nou
997 3528 1352 3597 ingemuerit?
1381 3531 1499 3600 quis
1539 3547 1644 3586 non
1689 3533 1882 3588 luxerit
1927 3525 2115 3588 eorum

525 3612 786 3668 insaniam
808 3627 1208 3694 extremamque
1232 3623 1517 3676 amentiam
1537 3623 1559 3677 ἱ)
1578 3622 1836 3679 Volebam
1858 3639 1972 3680 rem
1993 3641 2118 3696 pro-

519 3703 680 3761 lixius
715 3723 874 3778 agerc
903 3727 916 3762 :
949 3709 1044 3764 sed
1069 3710 1282 3781 quando
1325 3729 1465 3767 nunc
1505 3715 1734 3784 primum
1765 3715 1819 3770 in
1851 3715 1966 3770 haec
1991 3731 2114 3771 cer-

522 3800 719 3856 lamina
755 3801 1048 3869 descendi,
1088 3819 1127 3879 ei
1160 3820 1220 3859 re
1257 3805 1406 3860 vobis
1435 3805 1549 3860 fore
1578 3816 1706 3876 puto
1736 3809 1780 3861 si
1821 3807 2115 3878 prtemissis

518 3891 754 3946 (patenti
799 3893 914 3947 sitis
935 3937 949 3959 ,
990 3910 1056 3948 ne
1085 3909 1270 3949 eorum
1299 3911 1417 3966 qua:
1443 3896 1667 3952 dicenda
1705 3909 1992 3968 supersunt
2018 3915 2113 3955 co-

519 3981 606 4051 pia
627 4023 642 4047 ,
675 3983 844 4037 multo
870 3985 1070 4055 impetu
1097 3987 1391 4042 succedens
1418 4029 1432 4052 ,
1461 4003 1646 4042 eorum
1678 3990 1990 4045 memoriam
2015 3991 2114 4046 de-

429 4063 431 4065 ’
521 4073 714 4127 trahat.
749 4073 913 4129 Plane
936 4117 952 4142 ,
991 4077 1035 4130 si
1066 4077 1206 4132 Deus
1234 4079 1576 4147 permiserit,
1607 4080 1708 4134 hoc
1736 4091 2111 4152 argumentum

518 4161 609 4216 diu
643 4164 1005 4220 tractabimus.
1030 4166 1290 4236 Equidem
1313 4169 1421 4239 jam
1453 4170 1655 4239 pridem
1681 4172 1832 4226 vobis
1859 4175 1956 4227 hos
1983 4189 2113 4230 con-

519 4254 660 4308 ferre
708 4271 985 4312 sermones
1037 4259 1314 4328 cupiebam
1348 4302 1364 4328 ,
1414 4261 1508 4316 sed
1555 4264 1846 4318 cunctabar
1893 4273 1946 4319 et
1993 4280 2117 4337 pro-

518 4347 874 4403 crastinabam
896 4392 909 4417 ,
940 4349 1061 4419 quia
1093 4351 1289 4406 multos
1315 4367 1378 4408 eo
1401 4354 1588 4410 morbo
1614 4355 1919 4411 laborantes
1965 4357 2115 4413 vide-

518 4439 639 4493 bam
696 4441 848 4496 nobis
890 4455 1012 4496 cum
1054 4443 1323 4514 voluptate
1372 4461 1529 4502 aures
1567 4447 1808 4516 praebere
1843 4465 1856 4502 :
1889 4463 2115 4521 cumque

520 4533 716 4586 nollem
744 4531 982 4602 prmdam
1005 4533 1238 4605 abigere,
1270 4536 1482 4591 interim
1515 4539 1747 4610 linguam
1774 4540 1842 4595 ab
1868 4539 1949 4596 his
1978 4556 2111 4596 cou-

516 4625 898 4680 certalionibus
925 4629 1260 4692 coercebant,
1288 4639 1345 4683 ut
1369 4645 1489 4685 cum
1531 4631 1650 4686 illos
1678 4631 1881 4687 firmius
1901 4632 2112 4687 detine-

517 4733 653 4783 rent,
679 4727 801 4771 tunc
832 4719 882 4772 in
905 4734 1123 4774 arenam
1145 4720 1549 4777 descenderem.
1578 4723 1840 4790 Quoniam
1864 4740 1993 4779 vero
2017 4740 2113 4794 per

519 4807 612 4862 Dei
634 4810 854 4878 gratiam
886 4810 1005 4865 illos
1025 4811 1201 4866 audivi
1231 4812 1521 4879 hortantes,
1547 4823 1604 4869 ut
1631 4816 1682 4869 in
1714 4816 1814 4871 hoc
1839 4825 2110 4871 certamen

517 4900 896 4956 descenderem
922 4943 936 4965 ,
964 4917 1052 4956 me
1080 4903 1294 4958 domum
1327 4904 1494 4959 fidens
1520 4905 1587 4960 ad
1621 4922 1846 4977 pugnam
1879 4907 2106 4972 accinxi,

514 5009 768 5064 armaque
811 4995 1009 5064 arripui
1052 4996 1159 5062 illa,
1193 5011 1311 5066 qua:
1334 5007 1563 5068 purgant
1609 5001 1869 5053 rationem
1893 5006 1947 5053 et
1989 5014 2109 5053 om-

516 5101 638 5141 nem
679 5086 1056 5143 celsitudinem
1107 5104 1227 5158 qua:
1285 5089 1557 5144 extollitur
1598 5098 1782 5144 contra
1828 5090 2108 5144 scientiam

515 5177 632 5231 Dei.
661 5177 784 5234 llaec
805 5194 965 5248 porro
991 5181 1254 5250 assumpsi
1279 5196 1447 5247 arma,
1467 5197 1570 5236 non
1595 5191 1651 5235 ut
1677 5180 1892 5236 ferirem
1916 5181 2110 5236 adver-

511 5273 683 5326 sarius
714 5315 728 5337 ,
775 5275 868 5328 sed
911 5285 968 5328 ut
1011 5277 1252 5344 jacentcs
1293 5276 1575 5346 erigerem.
1631 5275 1756 5330 llam
1798 5287 1881 5331 est
1929 5286 2108 5331 autem

511 5379 782 5417 armorum
814 5364 1116 5435 hujusmodi
1147 5369 1226 5421 vis
1252 5408 1265 5430 ,
1296 5375 1352 5420 ut
1377 5366 1740 5422 contentiosos
1770 5366 1986 5433 feriant,
2015 5381 2109 5421 eos

514 5471 643 5513 vero
689 5457 775 5528 qui
823 5457 1090 5514 benevolo
1138 5458 1363 5514 audiunt
1412 5458 1592 5513 animo
1635 5473 1759 5514 cum
1805 5458 1972 5513 multa
2022 5458 2106 5514 di-

581 5636 596 5702 f
634 5634 737 5702 Alii,
765 5649 931 5702 secure
955 5645 1108 5702 regat.

565 5699 596 5763 ,³
629 5701 721 5766 __s_ic
742 5700 880 5766 savil.
909 5707 960 5749 et
983 5699 1187 5766 maxima
1212 5714 1322 5762 pars
1363 5707 1466 5750 Mss.
1494 5700 1652 5749 Morel.
1681 5710 1734 5751 et
1777 5702 1967 5766 quidam
1988 5701 2105 5766 alii,

521 5753 572 5805 hi
596 5759 907 5826 tilipendunt.
937 5770 988 5826 at
1033 5763 1113 5812 hic
1153 5753 1416 5825 legendum
1443 5777 1573 5823 esse,
1597 5758 1808 5814 movent.
1829 5753 2110 5826 quastiones

510 5824 698 5883 multas,
730 5837 792 5874 ex
819 5827 949 5874 serie
977 5824 1145 5886 liquet.

1227 375 1285 432 S.
1326 375 1604 433 JOANNIS
1639 373 2115 432 CllRYSOSTOMl
2153 373 2470 433 ARCHIEP.
2510 370 3047 440 CONSTAN'TINOP.

3697 387 3808 442 708

2218 490 2432 562 ligentia
2473 503 2663 548 curent
2693 511 2707 547 :
2735 495 2958 552 vulnera
3008 511 3114 552 non
3157 495 3418 568 inﬂigunt,
3446 500 3540 556 sed
3583 513 3806 556 curant.

2289 583 2340 637 7.
2373 582 2448 638 Ne
2478 583 2638 655 igitur
2659 585 2913 642 adversus
2941 587 3061 643 illos
3086 585 3424 656 ferociamus,
3451 606 3521 646 ne
3545 606 3670 646 cum
3704 590 3799 644 fu-

2216 687 2339 728 rore
2366 673 2484 729 illos
2510 675 2846 742 adoriamur,
2879 677 2972 733 sed
3004 679 3246 734 modeste
3270 694 3394 736 cum
3425 681 3530 736 illis
3563 681 3807 736 dissera-

2217 779 2336 819 mus
2361 782 2373 817 :
2401 764 2535 820 nihil
2565 768 2760 838 quippe
2789 769 3047 824 modestia
3073 778 3129 826 et
3147 772 3555 828 mansuetudine
3577 772 3809 828 validius

2215 864 2318 911 est.
2347 855 2702 924 Quamobrem
2730 860 2920 915 Paulus
2940 875 3064 916 cum
3087 863 3252 917 multo
3272 865 3450 920 studio
3477 865 3592 920 haec
3617 866 3812 921 obser-

2215 962 2342 1003 vare
2380 948 2532 1018 jubet
2577 949 2662 1005 his
2688 952 2900 1017 verbis,
2933 953 3147 1008 Servum
3189 954 3394 1009 Domini
3433 973 3534 1010 non
3576 974 3813 1028 pugnare

2217 1052 2433 1110 oportet,
2453 1044 2542 1098 sed
2558 1056 2873 1100 mansuetum
2897 1063 3005 1104 esse
3022 1065 3145 1119 erga
3164 1064 3334 1104 omnes
3361 1049 3436 1122 (2.
3455 1049 3590 1104 Tim.
3609 1051 3665 1107 9..
3685 1051 3788 1118 24)
3801 1082 3815 1102 .

2216 1132 2331 1187 Non
2373 1135 2541 1202 dixit,
2575 1136 2714 1207 Erga
2758 1136 2951 1194 fratres
2993 1149 3194 1194 tantum
3215 1181 3231 1207 ,
3272 1141 3367 1196 sed
3390 1183 3404 1204 ,
3438 1140 3577 1211 Erga
3608 1159 3812 1196 omnes.

2216 1228 2295 1280 Ac
2332 1239 2551 1294 rursus,
2584 1226 2836 1283 Modestia
2878 1239 3043 1284 vestra
3080 1240 3199 1285 nota
3241 1232 3305 1285 sit
3336 1231 3601 1303 (Philipp.
3625 1235 3681 1286 4.
3715 1233 3813 1302 5),

2216 1330 2325 1371 ιιοη
2354 1315 2628 1388 fratribus,
2662 1321 2756 1376 sed
2784 1321 3011 1375 omnibus
3038 1321 3342 1376 hominibus.
3374 1322 3504 1389 Quae
3531 1323 3674 1377 enim
3703 1325 3816 1376 uti-

2220 1412 2342 1468 litas
2380 1422 2464 1468 est
2492 1453 2507 1479 ,
2549 1414 2721 1484 inquit
2737 1413 2776 1480 ι,
2819 1414 2865 1468 si
2895 1429 2990 1469 eos
3027 1414 3263 1484 diligitis,
3295 1417 3385 1484 qui
3414 1429 3510 1471 vos
3537 1416 3814 1482 diligunt?

2221 1501 2277 1558 Si
2303 1503 2482 1574 itaque
2510 1504 2756 1560 amicitiae
2785 1519 2972 1560 eorum
3003 1505 3323 1561 detrimento
3351 1507 3475 1574 sint,
3505 1515 3560 1562 et
3594 1507 3664 1561 ad
3709 1507 3816 1561 im-

2217 1593 2430 1664 pietatis
2455 1596 2762 1650 societatem
2789 1596 3120 1666 pertrahant,
3151 1596 3274 1650 licet
3298 1597 3376 1650 illi
3405 1605 3653 1666 parentes
3676 1598 3815 1661 sint,

2217 1686 2424 1742 resilias
2443 1694 2691 1757 oportet;
2720 1687 2766 1742 si
2786 1687 2972 1742 oculus
2988 1687 3078 1753 sit,
3100 1702 3230 1742 erue
3254 1688 3423 1742 illum.
3456 1687 3518 1744 Si
3537 1690 3704 1751 enim.
3725 1690 3818 1742 in-

2218 1777 2542 1848 quinatum:
2568 1786 2684 1832 tuus
2711 1777 2885 1833 dexter
2910 1779 3223 1832 scandalizat
3255 1787 3320 1843 te,
3339 1776 3814 1846 emeeumUllauh.

2219 1867 2275 1923 ὅ.
2297 1867 2427 1938 29):
2459 1883 2564 1923 non
2599 1869 2650 1923 id
2687 1869 2754 1924 de
2781 1883 3007 1938 corpore
3027 1868 3208 1925 dicens
3239 1887 3254 1923 :
3289 1884 3396 1938 quo
3429 1879 3584 1940 pacto
3618 1872 3818 1925 enim?

2219 1959 2351 2013 Nam
2368 1959 2411 2014 si
2429 1959 2480 2014 id
2499 1959 2566 2015 de
2584 1961 2824 2031 corporis
2845 1969 3031 2015 natura
3049 1961 3290 2025 dixisset,
3307 1962 3509 2016 crimen
3528 1962 3579 2016 in
3597 1973 3815 2017 natura:

2218 2049 2560 2107 Conditorem
2584 2052 2994 2108 transferretur:
3021 2053 3152 2108 alias
3172 2069 3277 2108 non
3297 2069 3462 2108 unum
3495 2055 3610 2109 erui
3639 2069 3819 2124 opor—

2225 2149 2406 2198 teret:
2437 2143 2561 2199 licet
2602 2146 2744 2200 enim
2789 2145 3003 2200 sinister
3044 2145 3462 2216 relinqueretur,
3503 2147 3615 2216 pari
3646 2147 3820 2200 modo

2220 2237 2312 2292 ille
2356 2237 2628 2294 hominem
2671 2238 3078 2294 scandalizaret.
3125 2237 3233 2294 Sed
3272 2247 3331 2294 ut
3371 2239 3548 2295 discas
3588 2255 3699 2294 non
3744 2241 3821 2295 de

2220 2328 2378 2382 oculo
2423 2343 2725 2384 sermonem
2753 2343 2907 2396 esse,
2940 2329 3186 2384 dextrum
3215 2329 3442 2400 adjecit,
3481 2346 3589 2401 quo
3627 2341 3822 2386 osten-

2221 2419 2396 2483 deret,
2426 2429 2486 2474 ut
2512 2420 2557 2474 si
2584 2421 2813 2474 amicum
2843 2422 3146 2492 quempiam
3178 2421 3314 2475 oculi
3353 2420 3526 2476 dextri
3566 2421 3690 2476 loco
3718 2421 3820 2475 ha-

2221 2510 2349 2566 beas
2369 2552 2384 2577 ,
2413 2520 2468 2566 et
2498 2509 2639 2566 hunc
2663 2511 2844 2581 ejicias
2869 2520 2924 2567 et
2957 2512 3025 2566 ab
3051 2511 3282 2565 amicitia
3315 2521 3402 2565 tua
3428 2512 3736 2577 exscindas,
3769 2515 3820 2566 si

2219 2612 2274 2659 te
2314 2603 2657 2659 scandalizet.
2706 2602 2844 2672 Quid
2885 2605 3028 2660 enim
3067 2604 3218 2674 juvat
3259 2604 3471 2659 oculum
3514 2603 3722 2660 habere
3765 2605 3822 2659 in

2223 2697 2513 2767 perniciem
2545 2696 2734 2772 reliqui
2781 2697 3067 2768 corporis?
3110 2696 3167 2752 Si
3205 2696 3382 2767 itaque
3423 2696 3680 2750 amicitiae
3722 2712 3825 2751 no-

2220 2799 2410 2857 ceant,
2441 2791 2705 2862 fugiamus
2730 2799 2786 2846 et
2813 2790 3149 2856 resiliamus;
3194 2789 3276 2845 sin
3308 2789 3462 2844 nobis
3485 2788 3556 2843 ad
3597 2789 3824 2858 pietatis

2220 2883 2484 2937 rationem
2512 2883 2715 2938 nullum
2736 2882 2988 2937 damnum
3019 2881 3275 2946 inferant,
3305 2881 3452 2950 ipsos
3479 2881 3546 2934 ad
3574 2896 3679 2935 nos
3703 2881 3826 2936 alli-

2222 2975 2426 3029 ciamus
2455 2984 2512 3030 et
2541 2973 2945 3046 pertrahamus;
2973 2971 3114 3044 quod
3141 2973 3186 3028 si
3213 2965 3345 3027 nihil
3375 2972 3525 3026 illum
3546 2971 3744 3041 juves,
3769 2983 3826 3027 et

2223 3068 2291 3122 ab
2335 3071 2450 3139 ipso
2489 3069 2701 3124 lzedaris
2726 3110 2741 3135 ,
2783 3068 2837 3123 id
2883 3069 3016 3122 lucri
3053 3065 3255 3123 referas
3292 3075 3352 3120 ut
3395 3080 3490 3136 per
3517 3065 3823 3119 sectionem

2221 3161 2339 3215 sine
2380 3159 2587 3229 jactura
2629 3173 2860 3214 maneas.
2911 3158 2980 3213 Et
3023 3159 3142 3229 fuge
3185 3158 3394 3211 illorum
3438 3156 3741 3220 amicitias,
3777 3157 3823 3210 si

2223 3262 2452 3308 noceant
2480 3270 2494 3309 :
2525 3253 2644 3322 fuge
2671 3262 2873 3306 tantum
2891 3293 2905 3318 ,
2935 3265 3032 3305 nec
3059 3263 3279 3320 pugnes,
3301 3263 3474 3318 neque
3499 3257 3824 3312 concertes;

2222 3347 2300 3400 sic
2330 3344 2526 3400 Paulus
2571 3353 2753 3399 monet
2798 3343 2880 3397 his
2909 3341 3086 3396 verbis
3119 3360 3132 3396 :
3165 3341 3227 3396 Si
3267 3341 3503 3411 possibile
3525 3349 3604 3394 est
3627 3383 3640 3406 ,
3683 3341 3826 3410 quod

2221 3453 2286 3489 ea:
2314 3437 2449 3489 vobis
2479 3446 2585 3500 est,
2628 3452 2740 3489 cum
2783 3433 3014 3488 omnibus
3053 3432 3336 3486 hominibus
3369 3448 3546 3503 pacem
3574 3433 3828 3487 habentes

2225 3526 2401 3597 (Rom.
2431 3527 2521 3582 12.
2554 3527 2667 3596 l8).
2709 3527 2905 3582 Servus
2935 3541 2993 3580 es
3020 3526 3114 3580 Dei
3154 3525 3298 3595 pacis
3329 3540 3342 3576 :
3377 3525 3466 3578 ille
3493 3525 3586 3594 qui
3614 3524 3827 3579 daemo-

2212 3620 2318 3674 'nes
2345 3619 2595 3689 ejicicbat
2620 3628 2673 3674 et
2702 3620 2979 3672 innumera
3005 3617 3325 3686 operabatur
3351 3616 3509 3679 bona,
3536 3630 3667 3669 cum
3697 3631 3827 3670 eum

2221 3713 2605 3768 dmmoniacum
2647 3711 3009 3782 appellarent,
3057 3725 3165 3764 non
3209 3709 3407 3764 fulmen
3445 3709 3668 3775 emisit,
3712 3725 3826 3763 non

2221 3805 2612 3859 conviciatores
2637 3803 2918 3867 contrivit,
2946 3817 3054 3856 non
3079 3802 3310 3872 linguam
3335 3801 3482 3854 illam
3515 3803 3827 3856 combussit

2224 3911 2388 3966 usque
2411 3897 2547 3950 adeo
2575 3894 2934 3964 impudentem
2956 3908 3010 3949 et
3036 3893 3314 3964 ingratam,
3338 3892 3462 3948 licet
3487 3891 3608 3946 hrec
3635 3894 3825 3947 omnia

2222 3990 2396 4044 facere
2416 3997 2625 4059 posset;
2651 3988 2742 4042 sed
2765 3989 3156 4042 accusationem
3177 3987 3345 4041 solum
3367 3985 3574 4055 depulit
3596 3985 3826 4040 dicens:

2222 4081 2334 4152 Ego
2363 4081 2666 4137 dwmonium
2693 4096 2792 4134 non
2822 4080 3000 4145 habeo,
3028 4080 3116 4133 sed
3144 4077 3418 4146 honoriﬁco
3443 4093 3557 4130 eum
3578 4116 3596 4142 ,
3623 4079 3714 4144 qui
3747 4094 3830 4132 me

2220 4175 2354 4228 misit
2377 4172 2552 4245 (Joan.
2574 4173 2626 4228 8.
2648 4170 2763 4240 49).
2790 4171 2924 4226 Cum
2945 4180 3119 4226 autem
3147 4185 3331 4226 servus
3358 4168 3630 4238 pontiﬁcis
3657 4171 3818 4223 illum

2221 4267 2503 4336 percussit,
2527 4265 2652 4334 quid
2675 4264 2790 4318 ait?
2821 4262 2884 4319 Si
2906 4263 3035 4316 male
3058 4263 3291 4333 loquutus
3311 4277 3440 4326 sum,
3467 4262 3825 4315 testimonium

2222 4355 2426 4425 perhibe
2473 4355 2536 4408 de
2563 4355 2735 4421 malo;
2765 4355 2808 4408 si
2834 4363 3002 4407 autem
3027 4353 3180 4419 bene,
3211 4353 3333 4423 quid
3363 4371 3442 4406 me
3457 4350 3818 4420 cmdionan.

2221 4451 2307 4505 18.
2337 4447 2472 4520 23)?
2505 4448 2656 4513 Quod
2685 4448 2729 4501 si
2760 4447 3015 4501 Dominus
3044 4445 3351 4515 angelorum
3383 4457 3441 4497 se
3467 4453 3736 4505 excusat,
3767 4455 3824 4498 et

2221 4542 2480 4596 rationem
2511 4541 2708 4595 famulo
2738 4538 2945 4605 reddit,
2986 4555 3090 4592 non
3119 4554 3253 4607 opus
3280 4538 3519 4591 oratione
3554 4537 3820 4607 longiori.

2224 4637 2345 4690 Ilatc
2372 4637 2545 4689 solum
2575 4635 2734 4690 verba
2766 4644 2944 4688 mente
2972 4631 3191 4685 revolve
3212 4673 3225 4690 .
3263 4645 3325 4682 ac
3354 4628 3668 4697 frequenter
3697 4645 3823 4683 mc-

2218 4728 2423 4789 ditare,
2466 4737 2521 4781 et
2561 4726 2687 4779 dic:
2723 4724 2785 4780 Si
2827 4725 2960 4776 male
3002 4723 3234 4789 loquutus
3276 4738 3420 4783 sum,
3467 4721 3825 4773 testimonium

2219 4819 2420 4889 perhibe
2461 4819 2523 4872 de
2563 4818 2731 4883 malo;
2765 4818 2997 4870 siautem
3053 4815 3208 4879 bene,
3249 4814 3369 4883 quid
3394 4829 3469 4866 me
3509 4814 3670 4866 ca'dis
3696 4813 3724 4866 Ρ
3762 4815 3828 4867 Et

2216 4912 2389 4982 cogita
2416 4911 2532 4981 quis
2556 4911 2819 4980 loquatur,
2847 4907 2913 4962 ad
2939 4922 3094 4978 quem
3122 4906 3393 4975 loquatur,
3411 4914 3462 4957 ct
3488 4918 3593 4973 qua
3626 4903 3699 4958 de
3725 4921 3823 4968 re;

2217 5012 2478 5073 eruntque
2515 5001 2609 5056 tibi
2637 5001 2794 5055 verba
2829 4999 3012 5054 isthmc
3039 4998 3275 5073 divinum
3303 4994 3570 5066 quoddam
3600 5005 3657 5048 et
3693 5011 3826 5065 per-

2218 5107 2434 5164 petuum
2461 5095 2747 5155 canticum,
2789 5101 2948 5160 atque
2974 5103 3186 5144 omnem
3218 5085 3380 5140 animi
3418 5095 3688 5139 tumorem
3728 5102 3824 5140 se-

2215 5186 2343 5241 dare
2384 5192 2636 5255 poterunt
2677 5201 2691 5238 :
2725 5183 2895 5251 cogita
2925 5178 3233 5250 dignitatem
3265 5176 3414 5246 ejus,
3455 5175 3542 5244 qui
3573 5174 3820 5230 affectus

2215 5288 2297 5334 est
2324 5277 2642 5333 contumelia
2663 5318 2677 5342 ,
2713 5274 2956 5328 ltetlenlis
2985 5271 3274 5334 vilitatem,
3317 5267 3658 5322 contumelia:
3693 5285 3824 5339 ειτη-

2216 5371 2455 5426 vitatem.
2506 5369 2621 5424 Non
2664 5367 2807 5422 enim
2852 5363 3172 5419 contumelia
3218 5360 3394 5415 affecit
3434 5368 3646 5412 tantum
3672 5400 3692 5424 ,
3727 5361 3826 5414 sed

2214 5463 2510 5534 percussit;
2542 5477 2646 5515 non
2670 5460 2934 5530 percussit
2956 5466 3180 5521 tantum,
3204 5455 3298 5510 sed
3322 5463 3373 5508 et
3398 5453 3607 5522 alapam
3631 5452 3822 5506 dedit:

2215 5553 2520 5624 hujusmodi
2575 5561 2753 5607 autem
2798 5549 3144 5624 percussione
3191 5546 3319 5601 nihil
3375 5543 3822 5616 ignominiosius.

2215 5649 2461 5703 Attamen
2491 5646 2672 5700 omnia
2711 5645 2864 5711 tulit,
2909 5653 2967 5697 ut
3011 5640 3198 5710 majori
3241 5636 3490 5707 exemplo
3529 5635 3826 5693 moderato

2282 5831 2297 5859 ι
2332 5829 2526 5887 quidam
2562 5833 2689 5886 uss,
2712 5821 2867 5885 qualis
2906 5823 3051 5884 enim,
3079 5820 3251 5885 uitauit,
3270 5818 3396 5872 vobis
3419 5817 3594 5881 gratia,
3622 5826 3732 5868 em.
