3864 6240
427 342 530 399 709

1152 341 1210 397 S:
1253 343 1544 401 JOANNIS
1600 345 2090 404 CIIRYSOSTOMI
2130 349 2451 406 ABCIIIEP.
2489 349 3044 409 CONSTANTINOP.
3793 347 3840 399 Ἡ

423 458 518 512 ἐπὶ
548 457 658 510 τῶν
685 456 864 529 ἔργων
907 457 1211 525 ἐπιδείξατέ
1260 477 1349 530 μοι
1392 463 1486 514 τὸν
1520 461 1761 519 ἔπαινον.
1795 466 1908 519 Καὶ
1943 467 2053 536 γὰρ
2074 467 2102 518 ὁ
2203 468 2386 538 τέρας,
2406 469 2580 531 οὐδεὶς
2601 468 2744 521 οὕτω
2763 468 2964 532 λίθινος
2984 468 3078 520 καὶ
3106 464 3378 536 ἀγνώμων
3405 463 3508 517 καὶ
3539 460 3842 530 ἀναίσθητα

424 545 728 618 παλαιστὴς
774 548 832 599 ἐν
883 549 948 618 τῇ
1007 547 1318 619 παλαίστρα
1356 550 1713 620 γυμνάζεται,
1755 554 1842 606 ἵνα
1877 555 1970 606 ἐπὶ
1995 556 2103 608 τῶν
2203 555 2278 618 ὡς
2309 554 2657 624 ἐξενεχθῆναί
2689 573 2818 608 ποτε
2849 556 2984 627 πρὸς
3009 556 3202 625 ὀργήν*
3224 554 3345 608 ἀντὶ
3368 553 3482 622 γάρ
3506 547 3747 620 χαλινοῦ
3771 567 3841 602 παῖ

423 633 655 702 ἀγώνων
683 634 828 705 δείξῃ
859 635 958 706 τῆς
989 635 1107 688 ἐκεῖ
1131 638 1443 706 γυμνασίας
1473 639 1570 708 τὴν
1595 640 1888 709 ὠφέλειανο
1917 643 2012 695 καὶ
2040 645 2104 697 σὺ

424 724 604 776 τοίνυν
621 724 720 793 τῆς
741 723 973 776 ἐνταῦθα
993 725 1332 796 ἀκροάσεως,
1357 728 1484 780 ὅταν
1507 729 1710 801 ἐπέλθῃ
1727 731 1918 801 θυμὸς,
1935 732 2107 797 δεῖξον

425 809 486 862 τὸ
513 809 723 881 κέρδος,
759 810 855 864 καὶ
886 810 1044 864 τοῦτο
1071 812 1312 882 συνεχῶς
1341 813 1465 882 λέγε
1489 815 1549 868 τὸ
1583 817 1753 886 ῥῆμα,
1781 820 1846 871 Εἰ
1871 819 1990 887 μὲν
2007 836 2109 873 κα-

427 896 546 963 κῶς
587 897 886 964 ἐλάλησα,
929 901 1320 967 μαρτύρησον
1367 903 1501 970 περὶ
1544 903 1651 958 τοῦ
1697 905 1910 959 κακοῦ·
1954 912 2010 963 ει
2042 906 2111 961 δὲ

426 985 646 1052 καλῶς,
687 986 746 1039 τί
776 1004 854 1055 με
889 987 1116 1055 δέρεις;
1158 989 1330 1042 Τοῦτο
1359 989 1633 1062 ἔγγραψον
1665 995 1730 1064 τῇ
1759 993 1985 1064 διανοίᾳ·
2020 993 2110 1050 διὰ

425 1073 586 1126 τοῦτο
633 1073 742 1146 γάρ
794 1075 1036 1145 συνεχῶς
1083 1077 1490 1149 ὑπομιμνῄσκω
1541 1079 1746 1134 τούτων
1787 1081 1898 1135 τῶν
1935 1081 2108 1151 λόγων

429 1161 591 1232 ὑμᾶς.
625 1162 765 1216 ὥστε
797 1165 1078 1235 ἐντεθῆναι
1100 1166 1254 1237 ὑμῶν
1276 1171 1339 1237 τῇ
1363 1168 1506 1238 ψυχῇ
1538 1169 1606 1222 τὰ
1635 1170 1901 1240 εἰρημένα
1931 1172 2107 1224 ᾶπαν-

427 1267 517 1310 τα,
548 1251 688 1304 ὥστε
717 1252 1104 1320 ἀνεξάλειπτον
1138 1257 1316 1324 μεῖναι
1347 1257 1446 1325 την
1475 1257 1715 1328 μνήμην,
1757 1258 1851 1311 καὶ
1878 1259 1978 1330 τὴν
2003 1260 2110 1312 ἀπὸ

430 1337 529 1408 τῆς
561 1341 781 1410 μνήμης
814 1341 1100 1409 ὠφέλειαν.
1137 1345 1235 1396 Ἂν
1278 1344 1387 1414 γάρ
1421 1343 1636 1415 ἔχωμεν
1677 1347 2107 1417 ἐγγεγραμμένα

429 1427 498 1480 τὰ
527 1429 748 1500 ῥήματα
776 1429 948 1483 ταῦτα
982 1431 1074 1484 ἐπὶ
1109 1431 1169 1484 τὸ
1201 1431 1401 1496 πλάτος
1434 1431 1534 1501 τῆς
1571 1432 1812 1497 διανοίας
1843 1434 1942 1504 τῆς
1967 1434 2104 1504 ἡμε-

2208 643 2295 706 τὸς
2325 643 2420 696 καὶ
2441 643 2620 712 πάσης
2641 644 2815 713 ἡνίας,
2840 646 2940 716 τὴν
2959 642 3208 712 γλῶτταν
3229 643 3361 712 ἡμῖν
3387 641 3538 710 πέρα
3571 637 3681 690 τοῦ
3712 639 3841 706 μέτρς

2207 730 2302 784 καὶ¹
2334 729 2428 783 τοῦ
2454 732 2823 800 προσήκοντος
2848 730 3222 802 ἐκφερομένην
3249 728 3422 782 ταῦτα
3451 728 3724 796 ἐπισχεῖν
3748 726 3842 777 δια-,ὲ

2211 834 2363 870 σεται
2402 816 2470 869 τά
2505 819 2746 888 ῥήματα,
2783 818 2876 871 καὶ
2917 819 3018 890 τὴν
3048 817 3284 872 διάνοιαν
3317 814 3580 868 οἰδοῦσαν
3615 816 3842 864 καταστιῖ

2209 904 2318 965 λαι,
2351 905 2442 958 καὶ
2476 905 2701 974 ποιῆσαι
2733 917 2758 946 ιι
2789 905 3103 977 μετριάζειν
3135 905 3418 975 διηνεκῶς,
3462 901 3567 956 καὶ
3610 900 3842 969 ὁλόκληρι

2209 993 2342 1063 ἡμῖν
2387 992 2763 1062 ἐγκατοικίσαι
2806 994 2907 1065 τὴν
2959 995 3204 1066 εἰρήνην’
3251 987 3320 1063 ἧς
3352 991 3575 1060 γένοιτο
3613 989 3841 1040 διαπαπέ

2207 1081 2356 1150 ἡμᾶς
2401 1079 2716 1143 ἀπολαύειν,
2764 1081 2947 1150 χάριτι
2994 1082 3090 1134 καὶ
3129 1079 3512 1151 φιλανθρωπίᾳ
3557 1076 3667 1130 τοῦ
3703 1078 3840 1146 lia-95:

2209 1169 2365 1238 ήμῶν
2408 1168 2584 1239 Ἰησοῦ
2631 1169 2894 1240 Χριστοῦ,
2945 1169 3066 1240 μεθ’
3089 1163 3152 1222 οῦ
3179 1169 3258 1240 τῷ
3284 1169 3463 1239 Πατρὶ
3492 1166 3602 1220 καὶ
3640 1165 3723 1234 τῷ
3763 1168 3841 1231 ara

2210 1255 2492 1326 Πνεύματι
2522 1257 2556 1326 ἡ
2585 1254 2712 1320 δόξα
2741 1258 2835 1310 καὶ
2861 1258 2923 1310 τὸ
2949 1257 3151 1328 κράτος
3186 1259 3281 1310 καὶ
3305 1258 3340 1327 ἠ
3365 1255 3776 1327 προσκύνησις,
3797 1254 3841 1306 νῦ

2209 1344 2303 1398 καὶ
2330 1343 2436 1406 ἀεὶ,
2479 1343 2574 1396 καὶ
2602 1345 2683 1406 είς
2706 1345 2829 1409 τοὺς
2860 1344 3062 1408 αἰῶνας
3085 1345 3195 1397 τῶν
3219 1343 3453 1398 αἰώνων.
3503 1345 3716 1416 Ἀμήν.

2269 1445 2296 1474 ⁸
2316 1445 2467 1495 Savil.
2494 1450 2543 1495 et
2563 1446 2760 1508 quidam
2781 1447 2866 1498 alii
2887 1451 2969 1496 καὶ
2986 1449 3152 1498 πεῖσαι
3174 1449 3453 1517 μετριάζειν.

617 1565 3800 1594 W

441 1756 548 1810 Τοῦ
561 1759 745 1813 αὐτοῦ
763 1759 875 1827 πρὸ
892 1760 1136 1814 πολλῶν
1153 1761 1388 1830 ἡμερῶν
1399 1763 1548 1831 πρὸς
1563 1765 1898 1833 Ἀνομοίους
1911 1763 2205 1828 εἰπόντος,
2221 1759 2346 1817 εἶτα
2361 1763 2508 1832 πρὸς
2523 1762 2872 1830 Ἰουδαίους,
2887 1759 3013 1817 εἶτα
3030 1763 3396 1835 σιγήσαντος
3407 1761 3507 1816 διὰ
3523 1758 3841 1830 παραιτίαν

537 1853 882 1906 ἐπισκόπων
897 1854 995 1908 καὶ
1010 1857 1324 1924 μαρτύρων
1342 1856 1579 1926 μνήμας
1620 1855 1866 1910 πολλῶν
1888 1855 2232 1926 γενομένας,
2271 1856 2388 1909 νῦν
2413 1856 2599 1910 πάλιν
2627 1856 2773 1925 πρὸς
2810 1859 3145 1927 Ἄνομοίους
3171 1858 3300 1926 περὶ
3328 1856 3785 1922 ἀκαταλήπτων

1779 2056 1811 2091 ι

1009 2176 1198 2245 Λὸγυς
1236 2178 1533 2250 δεύτερος.

508 2268 576 2314 α’.
602 2261 737 2334 Φέρε
757 2261 822 2333 δὴ
843 2262 1003 2316 πάλιν
1027 2264 1164 2335 πρὸς
1187 2267 1314 2330 τοὺς
1341 2268 1606 2336 ἀπίστους
1647 2275 1953 2346 Ἀνομοίους
1978 2279 2115 2332 ἀπο-

438 2349 751 2420 δυσώμεθα·
785 2352 833 2403 εἰ
861 2349 917 2402 δέ
939 2351 1340 2419 ἀγανακτοῦσιν
1365 2355 1584 2413 ἄπιστοι
1614 2361 1960 2434 καλούμενοι,
1984 2383 2116 2434 φευ-

440 2438 686 2506 γέτωσαν
713 2437 774 2491 τὸ
803 2440 1054 2510 πρᾶγμα,
1095 2440 1250 2508 κάγὼ
1290 2444 1518 2516 κρύπτω
1548 2447 1610 2501 τὸ
1645 2449 1833 2522 ὄνομα·
1878 2453 2118 2525 ἀποστή-

439 2543 620 2579 τωσαν
638 2527 737 2597 τῆς
769 2527 996 2580 ἀπίστου
1020 2527 1278 2592 διανοίας,
1309 2531 1404 2586 καὶ¹
1433 2534 1740 2608 ἀφίσταμαι
1771 2541 1872 2610 τῆς
1900 2541 2118 2595 ἐπονει-

439 2614 619 2667 δίστου
650 2615 1043 2686 προσηγορίας.
1075 2615 1138 2669 El
1169 2617 1226 2670 δέ
1255 2618 1410 2673 αὐτοὶ
1443 2620 1530 2676 διὰ
1564 2623 1674 2676 τῶν
1701 2624 1881 2697 ἔργων
1910 2628 2117 2698 ἀτιμά-

441 2705 626 2770 ζοντες
649 2706 748 2777 τὴν
772 2707 974 2772 πίστιν,
1002 2709 1096 2760 καὶ
1117 2708 1348 2774 ἑαυτοὺς
1378 2714 1833 2784 καταισχύνοντες
1859 2717 1920 2771 οὑ
1949 2735 2119 2774 κατα-

439 2794 673 2859 δύονται,
705 2794 850 2858 τίνος
883 2795 1067 2849 ἕνεκεν
1098 2797 1237 2869 πρὸς
1267 2800 1417 2869 ἡμᾶς
1448 2800 1861 2873 δυσχεραίνουσι
1889 2806 1979 2860 διά
2011 2807 2120 2861 τῶν

442 2883 701 2954 ῥημάτων
721 2883 1087 2952 ἐγκαλοῦντας
1118 2887 1301 2950 αὐτοῖς
1321 2886 1357 2942 ἆ
1381 2888 1469 2942 διὰ
1493 2890 1600 2942 τῶν
1623 2891 1802 2962 ἐργων
1823 2895 1978 2948 αὐτοὶ
2002 2897 2122 2948 ἐπι-

439 2970 776 3036 δείκνυνται;
825 2973 1025 3044 Πρῴην
1061 2973 1158 3042 μὲν
1204 2974 1316 3046 γάρ
1344 2976 1510 3046 ἡνίκα
1555 2980 1635 3042 είς
1673 2980 1735 3033 τὺ
1770 2982 1980 3036 στάδιον
2011 2983 2120 3035 τῶν

441 3060 614 3128 λόγων
659 3059 865 3114 τούτων
898 3060 1050 3133 [455]
1100 3062 1423 3134 καθήκαμεν
1470 3067 1718 3132 ἐαυτοὺς,
1764 3069 2016 3141 καθάπερ
2054 3071 2119 3144 δὴ

445 3148 747 3219 μέμνησθε,
796 3151 892 3203 καὶ
934 3150 1042 3202 τῶν
1089 3150 1268 3205 αὐτῶν
1310 3153 1571 3224 ἡψάμεθα
1619 3158 2033 3229 παλαισμάτων,
2073 3163 2120 3213 οἱ

443 3237 581 3306 πρὸς
613 3237 898 3300 Ἰουδαίους
922 3240 1071 3308 ἡμᾶς
1095 3239 1296 3304 εὐθέως
1323 3241 1625 3310 διεδέξαντο
1646 3245 1875 3313 ἀγῶνες,
1907 3247 2002 3300 καὶ
2022 3248 2122 3300 οὐκ

440 3320 510 3395 ἦν
539 3325 780 3394 ἀσφαλὲς
808 3327 870 3380 τὸ
903 3329 1078 3382 οίκεῖα
1108 3329 1244 3401 μέλη
1279 3333 1610 3403 νενοσηκότα
1637 3335 2024 3406 παρατρέχειν.
2057 3338 2121 3388 Οί

447 3415 548 3486 μὲν
587 3417 696 3489 γὰρ
732 3418 870 3488 πρὸς
908 3419 1222 3489 Ἀνομοίους
1252 3420 1398 3488 λόγοι
1425 3423 1510 3476 ἀεὶ
1544 3424 1736 3494 καιρὸν
1763 3424 1966 3494 ἔχουσι’
1997 3426 2119 3480 τότε

442 3505 501 3558 δέ
533 3505 660 3569 τοὺς
696 3507 1118 3578 ἀρρωστοῦντας
1154 3508 1262 3562 τῶν
1296 3510 1541 3580 ἀδελφῶν
1573 3512 1681 3565 τῶν
1715 3513 1997 3583 ἡμετέρων
2027 3515 2122 3566 καὶ

442 3593 513 3647 τὰ
549 3594 818 3648 Ἰουδαῖκά
847 3595 1138 3659 νοσοῦντας
1160 3599 1208 3650 εἰ
1237 3598 1312 3669 μὴ
1345 3599 1713 3668 προλαϐόντες
1735 3600 1937 3664 εὐθέως
1966 3602 2125 3674 ἐξηρ-

443 3681 702 3753 πάσαμεν
732 3683 834 3746 τῆς
865 3685 1047 3756 πυρᾶς
1085 3685 1181 3756 τῆς
1233 3685 1548 3758 Ἰουδαϊκῆς,
1581 3687 1733 3741 οὐδὲν
1766 3687 1958 3758 ὄφελος
1994 3690 2124 3759 ἡμῖν

443 3768 630 3823 λοιπὸν
653 3770 862 3839 ἐγίνετο
884 3773 983 3841 τῆς
1013 3772 1409 3844 παραινέσεως,
1433 3775 1534 3845 τῆς
1559 3776 1834 3848 ἁμαρτίας
1861 3775 1962 3846 τῆς
1984 3776 2125 3830 κατά

441 3858 541 3927 τὴν
566 3859 821 3929 νηστείαν
853 3861 1293 3932 προχωρησάσης
1321 3862 1522 3925 αὐτοῖς.
1561 3863 1718 3918 Μετὰ
1748 3863 1806 3916 δέ
1832 3865 1960 3928 τοὺς
1986 3865 2124 3936 πρὸς

443 3945 688 4010 ἐκείνους
739 3947 959 4015 ἀγῶνας
1013 3949 1176 4002 πάλιν
1233 3948 1502 4014 διεδέξατο
1549 3951 1802 4022 πατέρων
1856 3953 2124 4022 παρουσία

443 4033 834 4104 πνευματικῶν
879 4034 1088 4089 πολλῶν
1132 4035 1464 4107 πολλαχόθεν
1504 4037 1742 4092 ἐνταῦθα
1782 4038 2122 4109 ἀφιγμένων,

444 4122 540 4174 καὶ
581 4121 703 4175 ούδέ
740 4123 861 4176 τότε
895 4122 1153 4194 εὔκαιρον
1186 4121 1276 4195 ἦν,
1326 4125 1584 4178 ἁπάντων
1618 4127 1841 4180 ἐκείνων
1872 4128 2125 4200 καθάπερ

445 4209 609 4263 τινῶν
650 4209 912 4280 ποταμῶν
965 4213 1045 4274 είς
1093 4213 1194 4282 τὴν
1237 4216 1613 4284 πνευματικὴν
1652 4214 1856 4287 ταύτην
1893 4217 2126 4287 ῥεόντων

444 4295 742 4361 θάλασσαν,
772 4297 864 4350 τὸν
886 4299 1153 4369 ἡμέτερον
1177 4299 1518 4354 ἐκτείνεσθαι
1541 4302 1717 4371 λόγον·
1747 4305 1842 4356 καὶ
1871 4304 2006 4374 μετά
2026 4305 2126 4376 τὴν

445 4383 671 4437 ἐκείνων
717 4385 775 4438 δέ
822 4387 1135 4456 ἀποδημίαν
1166 4386 1459 4459 μαρτύρων
1489 4390 1806 4461 ἀπήντησαν
1837 4391 2126 4462 ἐπάλληλοι

448 4463 661 4544 μνῆμαι
709 4475 805 4528 καὶ¹
842 4479 1106 4545 συνεχεῖς,
1142 4477 1237 4529 καὶ
1285 4479 1382 4530 οὐκ
1432 4478 1538 4532 ἔδει
1587 4481 1998 4551 καταφρονῆσαι
2027 4482 2126 4553 τῆς

443 4559 553 4612 τῶν
581 4560 834 4632 ἀθλητῶν
863 4564 1088 4617 ἐκείνων
1115 4564 1383 4633 εὐλογίας.
1422 4565 1610 4621 Ταῦτα
1637 4567 1694 4621 δὲ
1731 4568 1874 4636 λέγω
1899 4569 1994 4622 καὶ
2017 4570 2124 4622 ἀπ-

445 4647 810 4719 αριθμοῦμαι,
841 4651 928 4704 ἵνα
965 4652 1040 4722 μὴ
1080 4653 1340 4722 νομίσητε
1381 4653 1439 4719 ἐξ
1469 4655 1629 4708 ὄκνου
1661 4656 1804 4721 τινὸς
1837 4657 1930 4709 καὶ⁵
1960 4657 2128 4728 ῥαθυ-

449 4739 577 4806 μίας
601 4739 733 4809 ἡμῖν
756 4739 1012 4807 γενέσθαι
1035 4740 1133 4810 τὴν
1166 4742 1434 4812 ἀναϐολὴν
1466 4744 1575 4796 τῶν
1597 4743 1823 4813 ἀγώνων
1846 4744 1955 4798 τῶν
1988 4746 2125 4816 πρὸς

444 4827 708 4889 ἐκείνους.
750 4826 864 4880 Νῦν
896 4827 1028 4894 γοῦν
1060 4829 1248 4900 ἐπειδὴ
1282 4831 1377 4882 καὶ
1404 4831 1504 4900 τῆς
1534 4832 1671 4902 πρὸς
1707 4833 1988 4896 Ἰουδαίους
2011 4833 2122 4886 λοι-

445 4917 546 4969 πὸν
581 4915 979 4988 ἀπηλλάγημεν
1009 4918 1210 4988 μάχης,
1242 4920 1336 4971 καὶ
1361 4921 1410 4971 οἱ
1445 4921 1679 4990 πατέρες
1708 4922 1844 4991 πρὸς
1874 4921 1972 4985 τὰς
1999 4923 2124 4974 ἐαυ-

443 5004 552 5055 τών
577 5004 880 5074 ἐπανῆλθον
915 5007 1205 5073 πατρίδας,
1244 5008 1338 5060 καὶ
1367 5011 1466 5080 τῆς
1501 5009 1747 5076 εὐλογίας
1775 5010 1883 5063 τῶν
1912 5009 2122 5082 μαρτύ-

448 5111 555 5164 ρων
587 5095 986 5166 ἀπηλαύσαμεν
1019 5095 1240 5158 ίκανῶς,
1272 5095 1406 5165 φέρε
1441 5095 1504 5165 δὴ
1540 5095 1725 5148 λοιπὸν
1761 5099 1857 5166 τὴν
1903 5098 2122 5167 χρονίαν

445 5185 606 5237 ὠδῖνα
629 5185 725 5254 τῆς
754 5183 1034 5254 ἡμετέρας
1059 5183 1378 5253 ἀκροάσεως
1405 5182 1677 5253 λύσωμεν.
1706 5179 1777 5236 Εῦ
1799 5182 1906 5252 γὰρ
1928 5179 2022 5235 οἷδ’
2042 5185 2122 5236 ὅτι

447 5273 580 5343 ἐμοῦ
609 5273 700 5326 τοῦ
724 5273 975 5340 λέγοντος
1005 5271 1102 5324 οὐκ
1131 5271 1349 5325 ἔλαττον
1371 5271 1599 5335 ⁹ιέκαστος
1622 5271 1774 5341 ὑμῶν
1796 5271 1975 5324 ὠδίνει
1998 5273 2124 5335 τοὺς

451 5360 580 5430 περὶ
616 5361 818 5412 τούτων
836 5361 1065 5413 ἀκοῦσαι
1108 5360 1319 5428 λόγους·
1353 5361 1415 5411 τὸ
1442 5360 1497 5412 δέ
1527 5361 1720 5424 αἴτιον,
1757 5360 2121 5430 φιλόχριστος·

452 5450 581 5519 ήμῖν
618 5448 824 5500 ἀνωθεν
855 5451 888 5518 ή
928 5449 1081 5511 πόλις
1113 5449 1252 5511 ἐστὶ,
1298 5449 1392 5500 καὶ
1427 5447 1686 5517 πατρῴαν
1715 5449 1917 5518 ταύτην
1957 5449 2125 5501 διεδέ-

452 5535 613 5600 ξασθε
636 5535 1020 5605 κληρονομίαν,
1053 5536 1320 5606 μηδέποτε
1354 5539 1615 5608 περιορᾷν
1639 5536 1708 5588 τὰ
1727 5537 1826 5606 τῆς
1847 5536 2124 5599 εὐσεϐείας

451 5625 694 5693 ὗόγματα
751 5622 1097 5691 νοί¹ευόμενα.
1149 5623 1318 5676 Πόθεν
1367 5624 1523 5676 τοῦτο
1567 5624 1758 5694 δῆλον;
1799 5624 2126 5694 Κατέϐησάν

451 5725 594 5773 τινες
640 5708 750 5764 ἀπὸ
792 5710 894 5779 τῆς
949 5710 1209 5774 Ἰουδαίας
1255 5711 1386 5765 ποτέ
1430 5713 1522 5765 ἐπὶ
1565 5711 1674 5766 τῶν
1709 5712 1990 5783 προγόνων
2020 5711 2126 5766 τῶν

515 5803 543 5832 ⁸
564 5803 664 5853 Alii
684 5803 764 5851 καὶ
785 5800 1138 5859 ἀπελαύνοντες.

2125 2019 2196 2032 Μ

2214 2195 2516 2266 ὑμετέρων,
2545 2194 2922 2257 ἐπιθολοῦντες
2953 2193 3022 2246 τά
3050 2191 3268 2263 καθαρὰ
3291 2191 3394 2262 τῆς
3419 2187 3787 2256 ἀποστολικῆε
3803 2189 3838 2240 ἒ

2213 2287 2511 2351 δασκαλίας
2549 2287 2818 2357 δόγματα,
2856 2287 2952 2340 καὶ
2986 2283 3299 2347 κελεύοντες
3339 2282 3764 2354 περιτέμνεσθαι
3789 2298 3840 2330 ιι

2214 2377 2400 2445 τηρεῖν
2425 2374 2517 2426 τὸν
2545 2373 2709 2444 νόμον
2737 2372 3036 2436 Μωῦσέως.
3077 2371 3296 2440 Ταύτην
3328 2371 3433 2422 οὐκ
3479 2369 3720 2438 ἤνεγκαν
3759 2369 3842 2430 ετῖῆ

2214 2461 2313 2534 τὴν
2343 2461 2699 2532 καινοτομίαν
2728 2463 2776 2514 οἱ
2809 2460 2930 2514 τότε
2957 2459 3057 2531 τὴν
3079 2456 3235 2512 πόλιν
3261 2457 3414 2528 ὑμῶν
3445 2455 3741 2515 οἰκοῦντες·

2216 2549 2407 2622 ῶσπερ
2435 2552 2676 2618 γενναῖοι
2707 2547 2977 2612 σκύλακες
3015 2547 3214 2608 λύκους
3247 2545 3488 2616 ὁρῶντες
3525 2544 3838 2598 ἐπεισιόντας

2219 2637 2314 2692 καὶ
2344 2638 2441 2708 τήν
2479 2638 2714 2708 ποίμνην
2757 2637 2975 2690 ἃπασαν
3007 2633 3440 2704 διαφθείροντας,
3476 2630 3656 2690 οὕτως
3692 2629 3841 2695 ἐπιτη-

2220 2726 2482 2797 δήσαντες
2507 2726 2736 2788 ἐκείνοις
2762 2725 2824 2779 ού
2852 2724 3120 2796 πρότερον
3145 2721 3468 2792 ἀπέστησαν
3498 2716 3772 2778 σοϐοῦντες
3790 2717 3841 2766 αὶ

2222 2815 2347 2877 τοὺς
2374 2812 2636 2867 πάντοθεν
2659 2813 2752 2865 καὶ
2773 2811 3087 2874 ἐλαύνοντες
3103 2823 3151 2875 δ,
3173 2809 3279 2872 ἕως
3296 2805 3718 2880 παρεσκεύασαν
3740 2805 3842 2868 παρέ

2219 2898 2328 2949 τῶν
2369 2895 2681 2949 ἀποστόλων
2729 2893 3006 2963 πανταχοῦ
3053 2894 3152 2964 τῆς
3201 2890 3529 2960 οἰκουμένης
3577 2887 3841 2956 $31335?“-

2221 2980 2470 3050 δόγματα
2495 2978 2906 3049 ἀποτειχίζοντα
2935 2977 3210 3039 κάκείνοις
3244 2975 3338 3029 καὶ
3366 2975 3482 3037 τοῖς
3657 2973 3842 3028 ἐκείνη-,ς

2224 3065 2395 3120 ἅπασι
2419 3065 2515 3137 τὴν
2547 3065 2802 3135 τοιαύτην
2833 3063 2974 3118 κατά
3006 3064 3112 3117 τῶν
3146 3063 3354 3115 πιστῶν
3379 3060 3593 3128 ἔφοδον.

2297 3154 2358 3224 β’.
2395 3154 2562 3206 Πόθεν
2587 3149 2680 3207 οῦν
2707 3155 2835 3224 ἡμῖν
2863 3153 3091 3223 ἀρκτέον
3119 3151 3228 3204 τῶν
3256 3149 3390 3220 πρὸς
3414 3147 3662 3209 ἐκείνους
3687 3147 3825 3209 λέγω

2222 3241 2392 3295 Πόθεν
2426 3240 2650 3295 ἄλλοθεν
2686 3241 2800 3294 ἀλλ’
2834 3241 2868 3311 ἢ
2903 3241 3014 3294 ἀπὸ
3044 3240 3143 3308 τῆς
3182 3239 3324 3292 κατά
3363 3237 3465 3307 τὴν
3501 3237 3746 3289 ἀπιστέαν
3781 3251 3839 3283 τα·

2222 3332 2522 3402 τηγορίας;
2580 3331 2767 3384 Πάντα
2817 3331 2925 3402 γὰρ
2982 3329 3194 3384 ποιοῦσι
3239 3329 3336 3382 καὶ
3387 3327 3839 3398 πραγματεύονται.

2223 3420 2363 3473 ὥστε
2387 3418 2693 3490 ὲξωσθῆσαι
2713 3419 2815 3489 τῆς
2837 3418 2945 3471 τῶν
2964 3417 3274 3472 ἀκουόντων
3298 3416 3538 3477 διανοίας
3565 3417 3661 3485 τὴν
3684 3414 3839 3463 τίετε-τε

2224 3503 2284 3562 οῦ
2309 3509 2360 3560 τί
2385 3508 2581 3576 γένοιτ’
2613 3507 2679 3560 ἂν
2711 3509 2896 3578 μεῖζον
2930 3507 3183 3570 ἀσεϐείας
3211 3505 3494 3574 ἐγκλημα;
3527 3505 3692 3556 Ὅταν
3715 3519 3807 3567 γαρ
3833 3520 3837 3542 ε

2223 3595 2354 3658 Θεὸς
2384 3595 2754 3666 ἀποφαίνηται
2787 3612 2860 3658 τι,
2907 3593 3157 3664 δέχεσθαι
3190 3593 3296 3664 χρὴ
3330 3593 3540 3655 πιστῶς
3579 3592 3640 3644 τὸ
3676 3591 3837 3657 Εχέὲικ

2223 3684 2284 3736 οὐ
2332 3683 2788 3755 περιεργάζεσθαι
2835 3681 3141 3753 τολμηρῶς.
3212 3682 3271 3734 '0
3327 3680 3650 3751 βουλόμενος
3703 3678 3838 3732 αὖτεΞστ

2225 3775 2458 3827 καλείτω
2495 3791 2562 3844 με
2611 3773 2859 3839 ἄπιστον,
2890 3774 2992 3826 οὐκ
3041 3769 3356 3840 ἀγανακτῶ.
3388 3771 3491 3824 Διά
3528 3771 3622 3832 τίς
3655 3771 3740 3822 Δίὰ

2224 3864 2330 3916 τῶν
2359 3863 2533 3934 ἔργων
2555 3861 2936 3932 ἐπιδείκνυμαι
2961 3860 3058 3932 τήν
3086 3859 3482 3932 προσηγορίαν.
3510 3858 3622 3912 Καὶ
3647 3858 3691 3908 τί
3709 3857 3835 3920 λέγει.

2225 3951 2458 4005 καλείτω
2504 3969 2571 4022 με
2601 3951 2863 4014 άπιστον;
2902 3951 3138 4004 καλείτω
3185 3966 3252 4021 με
3303 3950 3397 4002 καί⁵
3443 3947 3628 4019 μωρὸν
3655 3948 3706 3998 ἐν
3741 3946 3836 4010 ιρι·

2227 4033 2336 4106 στῷ
2357 4051 2371 4064 ο
2406 4035 2500 4087 καὶ
2541 4035 2634 4087 ἐπὶ
2665 4033 2840 4104 τούτῳ
2873 4033 3062 4105 ὥσπερ
3102 4033 3195 4086 ἐπὶ
3229 4032 3480 4104 στεφάνῳ
3525 4030 3682 4085 πάλιν
3715 4027 3836 4092 ira}

2224 4122 2420 4193 λομαιο
2473 4122 2710 4192 καὶγὰρ
2745 4121 2881 4192 μετά
2924 4119 3139 4175 Παύλου
3193 4119 3437 4174 κοινωνῶ
3466 4120 3566 4190 τῆς
3616 4128 3833 4187 κρυπτῇ·

2229 4209 2350 4281 ρίας
2377 4210 2601 4282 ταύτης.
2665 4211 2902 4273 Ἐκεῖνος
2931 4209 3038 4280 γάρ
3093 4225 3288 4280 φησιν’
3337 4207 3541 4277 Ἡμεῖς
3583 4199 3834 4276 pure-EH

2226 4299 2502 4366 Χριστόν.
2545 4297 2732 4368 Πάσης
2787 4299 2978 4366 σοφίας
3022 4297 3161 4367 αῦτη
3196 4298 3230 4368 ἡ
3267 4297 3450 4368 μωρία
3491 4293 3834 4366 φρονιμιιπέςρτ.

2232 4389 2299 4440 ..Α
2321 4387 2427 4458 γὰρ
2451 4389 2550 4440 οὐκ
2579 4387 2798 4457 ἴσχυσεν
2827 4389 2860 4456 ή
2888 4385 3088 4450 ἔξωθεν
3125 4387 3305 4456 εὑρεῖν
3341 4386 3526 4453 σοφία,
3548 4384 3702 4438 ταῦτα

2227 4474 2588 4545 κατώρθωσεν
2639 4475 2672 4545 ή
2719 4475 2900 4546 μωρία
2930 4477 2962 4546 ὴ
3007 4473 3150 4527 κατά
3179 4474 3415 4545 Χριστόν
3435 4489 3452 4505 ·
3506 4473 3640 4541 αῦτη
3668 4474 3715 4523 τὸ
3741 4466 3832 4520 τις.

2226 4580 2316 4626 τος
2343 4563 2442 4632 τῆς
2484 4562 2812 4633 οἰκουμένης
2849 4562 3152 4633 ἀπήλασεν,
3186 4561 3328 4632 αῦτη
3357 4562 3418 4614 τδ
3466 4561 3580 4630 φῶς
3619 4561 3700 4628 τῆς

2230 4668 2366 4714 σεως
2403 4651 2740 4722 ἐπανήγαγε.
2794 4650 2859 4703 Τί
2898 4650 2955 4703 δέ
3007 4652 3123 4704 ἐστι
3185 4649 3369 4720 μωρία
3413 4654 3554 4703 κατὰ
3613 4647 3832 4721 Χριττένί

2231 4739 2396 4791 Ὅταν
2418 4739 2544 4801 τοὺς
2583 4736 2815 4800 οἰκείους
2844 4737 3137 4808 λογισμοὺς
3182 4737 3497 4801 λυττῶντας
3523 4739 3732 4806 ﬁngat»;
3755 4747 3830 4808 ατ

2225 4827 2624 4897 ταστέλλωμεν.
2674 4827 2803 4880 ὅταν
2860 4826 3062 4900 ἔρημον
3124 4827 3219 4879 καὶ
3274 4826 3439 4897 κενὴν
3473 4827 3571 4894 τὴν
3614 4825 3774 4895 ήμετέε

2225 4915 2464 4968 διάνοιαν
2489 4915 2586 4985 τῆς
2615 4912 2813 4978 ἔξωθεν
2839 4915 3083 4984 ποιῶμεν
3122 4914 3486 4976 παιδεύσεως,
3512 4917 3614 4976 ἵνα,
3646 4912 3774 4964 ὅτανέ

2226 5003 2296 5055 τὰ
2315 5003 2408 5055 τοῦ
2434 5001 2670 5073 Χριστοῦ
2696 5002 2970 5073 δέχεσθαι,
2995 5003 3362 5074 σχολάζουσαν
3383 5006 3480 5057 καὶ
3513 5021 3566 5054 σε
3577 4999 3778 5072 σαρωβὲ

2229 5091 2397 5161 αὐτὴν
2425 5091 2560 5161 πρὸς
2585 5091 2852 5161 ὑποδοχὴν
2882 5091 2990 5143 τῶν
3015 5091 3178 5144 θείων
3200 5091 3379 5160 λόγων
3409 5091 3726 5162 παρέχωμεν.
3825 5155 3827 5166 Ι

2299 5181 2406 5233 Καὶ
2445 5180 2554 5249 γάρ
2586 5180 2713 5232 ὅταν
2739 5179 3106 5250 ἀποφαίνηταί
3137 5197 3189 5232 τι
3219 5181 3248 5232 ό
3279 5179 3435 5243 Θεὸς,
3471 5181 3500 5232 δ
3533 5180 3602 5248 μὴ
3625 5178 3691 5230 δεῖ

2230 5267 2686 5339 πραγμονεῖσθαι,
2708 5268 2889 5321 πίστει
2910 5266 3306 5339 παραδέχεσθαι
3329 5268 3538 5338 χρή.ἰ“ὸ
3556 5268 3653 5335 γὰρ
3670 5263 3737 5314 ἐπὶ

2228 5357 2482 5410 τοιούτων
2522 5355 2984 5427 περιεργάζεσθαι
3029 5355 3128 5418 τάς
3162 5356 3344 5418 αἰτίας
3380 5357 3476 5408 καὶ
3505 5354 3720 5409 ἀπαιτεῖν
3755 5363 3774 5395 τ

2229 5446 2478 5508 εὐθύνας,
2524 5446 2616 5498 καὶ
2649 5446 2738 5499 τὸν
2778 5446 2976 5516 τρόπον
3009 5443 3313 5514 ἐπιζητεῖν,
3347 5445 3723 5514 τολμηροτάτης
3755 5455 3762 5482 ῖ

2233 5532 2602 5605 ῥιψοκινδύνου
2637 5532 2838 5603 ψυχῆς.
2875 5532 2985 5586 Καὶ
3021 5532 3178 5585 τοῦτο
3209 5533 3376 5585 πάλιν
3425 5535 3520 5586 ἀπ’
3572 5528 3719 5585 αὐτῶν
3746 5517 3794 5570 τίῖ

2232 5621 2464 5693 Γραφῶν
2497 5621 2845 5694 παραστῆσαι
2871 5621 3224 5693 πειράσομαι.
3259 5621 3537 5693 Ζαχαρίας
3558 5637 3631 5682 τις
3652 5613 3703 5685 ἦν
3724 5613 3788 5674 τις

2234 5710 2544 5782 θαυμαστὸς
2570 5711 2662 5764 καὶ
2693 5710 2885 5782 μέγας,
2921 5708 3306 5782 ἀρχιερωσύνη
3339 5711 3696 5784 τετιμημὲνῦς.

3731 5169 3828 5225 ιιι-ί
