3864 6230
92 344 178 399 709
994 342 1082 399 DE
1116 339 1794 401 INBOIPREHENSIBILI
1838 339 1945 395 DEI
1980 339 2283 398 NATURA.
2324 340 2389 397 ιι.

87 472 233 526 agere
259 455 513 512 disceres.
538 453 661 511 Haec
686 470 788 509 non
814 454 915 509 hoc
945 465 1143 513 tantum
1167 455 1285 510 loco
1309 455 1647 525 philosophe-

88 563 215 604 Inur.
243 548 335 601 sed
366 562 463 600 suo
491 556 728 614 tempore
756 548 945 601 horum
981 547 1339 605 recordemur.
1367 545 1645 600 Laudastis

84 654 138 692 ea
163 655 280 706 qua:
322 637 460 691 dicta
498 646 655 701 sunt,
700 637 791 689 sed
838 637 1088 705 operibus
1124 638 1331 691 laudem
1374 636 1642 691 exhibete.

84 731 286 785 Athleta
312 729 505 799 quippe
542 729 594 782 in
623 729 865 796 palaestra
896 740 1201 795 exercetur,
1236 740 1290 785 ut
1316 728 1367 781 in
1397 729 1645 785 certami-

84 825 228 877 nibus
270 822 664 878 exercitationis
706 820 988 875 utilitatem
1036 830 1432 876 commonstret.
1480 822 1546 875 Et
1588 828 1643 875 tu

78 929 197 983 ergo
226 928 409 967 eorum
441 927 558 981 quae
599 911 793 967 audisti
813 953 825 976 ,
854 912 1135 967 invadente
1169 912 1249 967 ira
1269 954 1284 978 ,
1313 913 1517 967 lucrum
1547 928 1642 967 ex-

77 1008 191 1063 hibe
218 1024 233 1060 :
262 1018 314 1061 et
339 1006 438 1060 hoc
463 1006 666 1061 dictum
700 1005 1001 1075 frequenter
1027 1006 1081 1060 in
1107 1021 1200 1061 ore
1230 1005 1363 1061 habe
1388 1024 1399 1057 :
1427 1005 1487 1059 Si
1512 1003 1644 1060 ntale

76 1099 299 1166 loquutus
327 1113 472 1162 sum,
514 1085 850 1150 testimonium
880 1094 1079 1163 perhibe
1104 1095 1166 1151 de
1189 1097 1361 1158 malo;
1400 1096 1445 1151 si
1473 1105 1639 1148 autem

74 1190 204 1251 bene,
234 1188 357 1258 quid
385 1204 462 1240 me
486 1187 639 1241 cwdis
660 1184 835 1258 (Joan.
858 1186 1097 1253 £8.25)?
1125 1185 1234 1240 Hoc
1261 1187 1312 1239 in
1340 1197 1519 1240 mente
1544 1185 1640 1240 de-

73 1277 257 1333 scribe.
287 1277 415 1331 Nam
447 1276 564 1331 ideo
595 1276 746 1332 vobis
784 1276 897 1331 haec
942 1277 1103 1331 verba
1146 1272 1449 1346 frequenter
1489 1292 1636 1331 com-

73 1382 303 1423 memoro
323 1410 337 1432 ,
368 1376 425 1421 ut
461 1369 634 1421 omnia
666 1383 783 1439 qua:
812 1368 949 1421 dicta
979 1378 1136 1433 sunt,
1177 1367 1228 1420 in
1261 1378 1436 1423 mente
1478 1385 1634 1437 repu-

72 1472 255 1513 nantur
274 1502 289 1525 ,
318 1469 373 1514 et
401 1476 685 1529 numquam
717 1475 781 1514 ex
824 1459 1077 1514 memoria
1124 1459 1399 1513 deleantur
1419 1502 1432 1524 ,
1462 1475 1634 1529 exque

3219 344 3324 400 710

1753 453 2119 510 recordatione
2164 454 2364 509 utilitas
2393 464 2663 525 sequatur.
2694 454 2823 510 Nam
2863 456 2907 510 si
2947 456 3059 511 haec
3086 458 3243 512 verba
3272 461 3326 514 in

1752 543 2028 598 latitudine
2056 546 2249 599 mentis
2288 552 2483 599 nostra:
2522 544 2784 616 descripta
2815 545 3140 612 habeamus,
3168 563 3328 600 nemo

1750 635 1821 689 ita
1864 635 2100 705 lapideus
2143 645 2197 690 et
2227 637 2463 705 ingratus
2488 646 2647 706 atque
2690 653 2879 693 sensus
2906 653 3098 708 expers
3117 681 3131 703 ,
3161 649 3219 692 ut
3250 639 3326 693 ira

1748 726 1998 781 eﬂ'eratur
2026 744 2039 780 :
2068 743 2190 789 nam
2233 727 2346 781 vice
2385 726 2533 781 {ru-ni
2575 738 2630 783 et
2674 726 2994 782 habenarum
3026 727 3141 784 haec
3166 729 3326 783 verba

1746 820 2003 889 linguam,
2034 822 2169 875 ultra
2198 821 2410 875 modum
2440 829 2492 874 et
2520 821 2775 874 terminos
2807 831 3114 891 evagantem
3134 862 3146 885 ,
3174 836 3328 875 coer-

1746 926 1868 965 cere
1909 922 2189 980 poterunt,
2220 922 2558 979 mentemque
2600 920 2889 965 tumentem
2920 911 3243 981 reprimere,
3272 920 3326 967 et

1746 1002 1798 1056 in
1829 1003 2103 1059 moderato
2132 1004 2253 1057 vitae
2278 1018 2470 1071 genere
2500 1010 2755 1072 perpetuo
2781 1002 3076 1069 continere,
3116 1018 3327 1072 pacem-

1745 1110 1847 1162 que
1879 1095 1928 1150 in
1962 1096 2112 1150 nobis
2144 1096 2397 1165 integram
2430 1097 2755 1150 constituere
2783 1090 2798 1149 ξ
2829 1111 2931 1165 qua
2961 1096 3159 1150 utinam
3187 1112 3328 1149 sem-

1744 1200 1839 1255 per
1864 1185 2119 1252 fruamur,
2144 1187 2312 1253 gratia
2340 1196 2393 1240 et
2423 1187 2749 1240 humanitate
2778 1185 2987 1240 Domini
3008 1186 3176 1240 nostri
3198 1185 3327 1241 Jesu

1743 1280 1959 1346 Christi,
1992 1282 2201 1351 quicum
2234 1283 2398 1345 Patri,
2429 1282 2690 1351 simulque
2718 1290 2902 1334 sancto
2927 1279 3180 1349 Spiritui,
3210 1280 3325 1349 glo-

1742 1370 1851 1435 ria,
1900 1371 2179 1441 imperium
2221 1384 2272 1426 et
2300 1373 2559 1437 adoratio,
2607 1388 2748 1425 nunc
2791 1382 2844 1426 et
2887 1387 3130 1440 semper,
3175 1380 3228 1426 et
3271 1371 3321 1424 in

1741 1463 1933 1516 saecula
1963 1464 2296 1517 saeculorum.
2331 1466 2519 1517 Amcu.

67 1689 185 1729 CUM
229 1689 398 1732 ANTE
439 1687 685 1731 MULTOS
728 1687 868 1729 DIES
910 1687 1158 1730 CONTRA
1205 1686 1525 1731 ANOMOEOS
1571 1688 1884 1743 DIXISSET,
1933 1688 2170 1731 DEINDE
2214 1689 2458 1732 CONTRA
2502 1689 2790 1744 JUDEOS,
2838 1691 2987 1734 HINC
3033 1689 3313 1733 PROPTER

137 1790 572 1833 EPISCOPORUM
614 1771 634 1804 ί
678 1788 1119 1843 ΡΒΕΒΕΝΤΙΔΜ,
1165 1788 1646 1840 MULTORUMQUE
1690 1790 2045 1831 MARTYRUM
2100 1789 2538 1834 INTEBJECTAM
2583 1789 2927 1841 MEMORIA}!
2971 1791 3312 1844 διιωδεετ,

134 1894 301 1937 NUNC
346 1894 603 1939 BURSUM
646 1895 894 1939 CONTRA
934 1892 1260 1940 ANOMOEOS
1302 1893 1384 1933 DE
1428 1891 2091 1937 INCOMPBEHENSIBILI.

1627 2025 1720 2040 -—-‘

586 2105 757 2151 εειωο
794 2106 1075 2147 SECUNDUS.

126 2224 173 2276 l.
206 2224 322 2292 Age
348 2224 537 2279 iterum
578 2223 833 2279 adversus
872 2223 1111 2278 inﬁdeles
1138 2224 1429 2277 Anomteos
1455 2232 1625 2276 certa-

56 2331 167 2369 men
191 2316 436 2369 ineamus
458 2334 472 2370 :
494 2315 583 2386 qui
606 2316 649 2369 si
673 2316 884 2387 indigne
904 2316 1072 2370 ferant
1090 2329 1148 2368 se
1168 2314 1409 2368 inﬁdeles
1427 2314 1622 2378 vocari,

56 2422 159 2461 rem
188 2408 292 2476 ipsi
337 2408 566 2478 fugiant,
598 2419 648 2464 et
676 2423 776 2479 ego
814 2423 1006 2463 nomen
1047 2407 1312 2477 obtegam.
1354 2404 1625 2460 Absistant

52 2502 114 2553 ab
142 2500 343 2555 inﬁdeli
372 2510 551 2556 mente
572 2544 585 2567 ,
620 2512 676 2555 et
709 2500 958 2556 absistam
987 2515 1015 2552 a
1044 2499 1433 2554 contumelioso
1460 2512 1622 2552 voca-

53 2591 187 2645 bulo.
237 2592 334 2646 Sin
378 2601 553 2647 autem
598 2593 698 2662 ipsi
738 2592 987 2661 operibus
1022 2590 1180 2646 ﬁdem
1222 2589 1620 2654 inhonorantes,

51 2698 208 2754 seque
230 2684 333 2753 ipsi
360 2683 681 2754 turpitudine
702 2684 972 2753 replentes
992 2682 1138 2737 nullo
1163 2681 1363 2751 pudore
1386 2680 1623 2735 afﬁciun-

52 2786 149 2839 tur,
178 2791 279 2830 cur
304 2776 430 2831 mihi
461 2784 827 2840 succenseant,
857 2775 901 2830 si
925 2775 1100 2831 verbis
1124 2788 1185 2828 ea
1211 2773 1478 2845 objiciam,
1505 2786 1624 2843 quae

48 2867 300 2936 operibus
344 2868 445 2937 ipsi
488 2866 779 2922 exhibent?
824 2866 1004 2935 Nuper
1040 2866 1182 2921 enim
1216 2880 1338 2920 cum
1382 2865 1438 2919 in
1467 2863 1625 2934 hujus

47 2958 422 3027 disputationis
447 2973 663 3013 arenam
692 2957 1092 3021 descendimus.
1126 2970 1182 3012 ut
1208 2957 1543 3024 meministis,
1569 2968 1625 3012 et

46 3048 228 3104 eadem
260 3050 551 3104 certamina
578 3049 844 3116 inivimus,
868 3064 1057 3119 pugnae
1080 3057 1260 3104 contra
1286 3048 1497 3104 Judteos
1525 3062 1623 3103 nos

46 3144 218 3196 statim
272 3152 625 3212 exceperunt,
671 3142 811 3212 quod
859 3152 1029 3197 tutum
1071 3156 1179 3197 non
1221 3153 1363 3198 esset
1411 3142 1622 3212 propria

46 3235 285 3289 membra
314 3236 623 3305 aegrotantia
669 3236 952 3305 negligere.
985 3235 1113 3289 Nam
1140 3250 1412 3290 sermones
1437 3243 1622 3289 contra

45 3326 337 3381 Anommns
377 3341 591 3397 semper
633 3327 916 3396 opportuni
957 3336 1082 3381 sunt
1110 3345 1123 3380 :
1152 3335 1274 3382 tunc
1302 3337 1477 3382 autem
1511 3327 1619 3381 fra-

44 3425 151 3469 tres
183 3427 401 3471 nostros
436 3417 688 3485 quosdam
717 3428 1064 3487 aegrotantes,
1111 3427 1164 3471 ct
1189 3417 1408 3472 Judaico
1434 3418 1621 3472 morbo

43 3504 381 3570 laborantes,
425 3507 527 3561 nisi
571 3518 1003 3577 prmoccupantes
1042 3510 1220 3563 statim
1267 3524 1333 3563 ex
1376 3509 1623 3564 incendio

41 3595 260 3652 Judaico
310 3599 663 3665 eruissemus,
713 3597 843 3653 nihil
883 3598 1072 3669 juvare
1118 3599 1371 3669 deinceps
1416 3608 1622 3668 poterat

41 3688 359 3753 admonitio,
396 3704 514 3743 cum
549 3690 657 3759 jam
688 3690 817 3744 illud
862 3700 1132 3759 peccatum
1178 3692 1321 3745 circa
1361 3691 1619 3761 jejunium

41 3777 404 3834 admisissent.
457 3781 579 3835 Post
620 3782 904 3835 commissa
950 3781 1206 3837 adversus
1250 3784 1369 3839 illos
1414 3784 1617 3852 praelia,

41 3882 136 3922 nos
165 3873 392 3925 Patrum
421 3872 769 3940 spiritualium
811 3873 1034 3928 diversis
1063 3890 1127 3928 ex
1170 3874 1301 3929 locis
1334 3874 1622 3930 adventan-

41 3959 167 4012 tium
215 3960 515 4030 frequentia
555 3978 766 4017 rursum
810 3964 1060 4033 excepit:
1100 3979 1270 4035 neque
1312 3967 1454 4021 enim
1497 3976 1622 4021 tunc

37 4063 401 4121 Opportunum
424 4053 635 4123 luisset,
664 4055 768 4109 illis
794 4070 892 4111 ceu
922 4056 1226 4112 ﬂuminibus
1252 4057 1304 4111 in
1334 4056 1436 4112 hoc
1459 4058 1616 4127 spiri-

38 4144 177 4197 tuale
223 4160 377 4199 mare
423 4145 841 4210 conﬂuentibus,
888 4155 1124 4202 nostrum
1172 4162 1472 4203 sermonem
1522 4164 1619 4202 ex-

35 4233 201 4287 tendi.
251 4234 384 4289 Post
426 4235 632 4289 illorum
678 4236 970 4307 profectum
1016 4246 1304 4308 martyrum
1348 4240 1619 4293 memoriae

34 4322 350 4393 frequentes
387 4325 777 4392 adventarent;
811 4327 1125 4383 athletarum
1169 4330 1470 4398 hujusmodi
1502 4330 1618 4383 Ian-

32 4415 151 4471 dem
185 4416 383 4488 negligi
428 4432 533 4472 non
570 4419 823 4487 Oportuit.
865 4419 989 4475 Haac
1026 4428 1201 4475 autem
1241 4421 1362 4475 dico
1390 4431 1444 4476 et
1481 4435 1619 4475 enu-

31 4523 185 4564 mero
204 4550 221 4576 ,
257 4526 330 4563 ne
359 4514 555 4579 putetis
585 4527 682 4566 nos
709 4527 777 4567 ex
815 4512 1035 4582 segnitie
1065 4522 1118 4567 et
1156 4512 1360 4569 desidia
1392 4514 1619 4584 quadam

30 4601 335 4655 certamina
366 4602 454 4656 illa
493 4602 783 4658 distulisse.
811 4603 960 4659 Nunc
990 4604 1165 4675 itaque
1191 4605 1615 4675 quandoquidem

30 4707 59 4744 a
87 4709 269 4764 pugna
298 4709 418 4749 cum
448 4694 646 4750 Iudaeis
675 4696 827 4751 liberi
865 4711 1079 4761 sumus,
1114 4706 1396 4767 patresque
1438 4698 1489 4751 in
1520 4712 1617 4766 pa-

31 4789 186 4841 triam
228 4802 388 4841 suam
433 4791 630 4843 reversi
673 4800 834 4855 sunt,
878 4804 940 4844 ac
976 4801 1266 4860 martyrum
1309 4789 1492 4844 laudes
1516 4805 1618 4844 nos

30 4882 158 4935 satis
200 4881 542 4936 delectarunt
575 4901 587 4935 :
617 4898 712 4952 age
748 4882 1054 4936 diuturnum
1095 4892 1326 4937 vestrum
1370 4882 1617 4937 audiendi

29 4972 365 5029 desiderium
393 4975 699 5043 expleamus
727 4993 740 5029 :
771 4976 931 5044 probe
952 4976 1145 5045 quippe
1169 4978 1288 5029 novi
1315 4991 1419 5030 non
1446 4978 1619 5030 minus

30 5079 123 5118 vos
177 5065 285 5119 hac
332 5064 401 5119 de
439 5081 497 5120 re
534 5066 717 5121 audire
760 5081 976 5136 cupere,
1005 5083 1160 5136 quam
1205 5082 1292 5123 me
1332 5067 1615 5124 disserere.

25 5154 192 5227 Cujus
222 5159 305 5212 rei
336 5172 497 5212 causa
528 5169 631 5222 est,
664 5159 803 5227 quod
834 5159 961 5213 urbs
992 5170 1170 5214 nostra
1195 5160 1395 5229 jamdiu
1421 5160 1617 5217 Christi

28 5263 219 5303 amans
244 5249 320 5303 sit
363 5267 376 5304 :
414 5249 547 5305 hanc
588 5266 748 5320 porro
788 5262 1059 5321 paternam
1090 5251 1435 5308 hereditatem
1462 5270 1617 5311 accc-

27 5342 204 5409 pistis,
236 5349 297 5395 ut
321 5356 608 5411 numquam
638 5343 906 5413 religionis
940 5345 1184 5414 dogmata
1209 5345 1491 5401 adulterari
1523 5363 1618 5416 pa-

26 5434 261 5488 tiamini.
307 5434 461 5491 Unde
499 5434 551 5490 id
589 5435 795 5506 liquet?
837 5436 1208 5492 Descenderam
1249 5439 1374 5493 olim
1413 5441 1617 5508 quidam

89 5589 105 5617 ι
141 5588 230 5643 Qui
256 5588 311 5655 in
330 5585 470 5655 titulo
488 5595 716 5655 vocantur
738 5591 962 5652 episcopi,
992 5591 1037 5655 in
1060 5597 1291 5642 contextu
1306 5591 1619 5655 Chrysostomi

26 5645 194 5696 Patres
215 5648 500 5715 spirituales
518 5645 837 5715 appellantur.
865 5645 916 5701 Hi
935 5645 1157 5703 videntur
1180 5655 1336 5715 potius
1361 5645 1506 5715 fuisse
1530 5645 1616 5705 ve?

28 5715 169 5780 teres
189 5710 810 5780 n.0naehi,_qui__i-eg_iones
832 5716 1086 5766 Antiochia:
1115 5710 1295 5766 vicinas
1326 5714 1612 5769 incolebant.

26 5769 123 5820 Hac
137 5772 207 5823 de
233 5786 296 5822 re
317 5769 531 5832 pluribus
552 5774 603 5824 in
628 5769 725 5827 {ita
751 5781 1079 5841 Carysosunni.

1734 2107 1765 2143 a
1793 2089 1975 2143 Judwa
2016 2088 2155 2160 (Act.
2189 2089 2365 2162 15.1)
2410 2092 2670 2159 majorum
2712 2099 3006 2146 vestrorum
3049 2101 3308 2160 tempore,

1732 2196 1861 2250 pura
1886 2181 2192 2250 apostolicae
2222 2181 2476 2236 doctrina:
2501 2183 2746 2252 dogmata
2779 2183 3051 2236 turbantes
3072 2223 3086 2245 ,
3118 2184 3309 2251 praeci-

1733 2273 2041 2342 pientesque
2080 2273 2537 2327 circumcisionem
2577 2289 2640 2327 ac
2683 2273 2811 2342 legis
2851 2271 3093 2326 Mosaicae
3122 2272 3307 2327 obser-

1730 2366 2002 2420 vationem
2029 2380 2224 2435 zonam
2242 2364 2473 2420 novandi
2496 2365 2796 2435 cupidinem
2818 2364 2975 2418 silere
2999 2379 3100 2417 non
3127 2372 3312 2432 potue-

1731 2466 1856 2512 runt
1883 2458 1972 2528 qui
2002 2467 2125 2512 tunc
2154 2457 2341 2513 urbem
2373 2466 2600 2513 vestram
2631 2457 2931 2512 incolebant
2963 2476 2976 2510 :
3004 2457 3097 2511 sed
3127 2472 3311 2525 quem-

1728 2548 2015 2603 admodum
2059 2549 2302 2619 generosi
2327 2564 2506 2613 canes,
2529 2550 2616 2618 qui
2657 2549 2809 2617 lupos
2839 2548 3079 2603 viderent
3106 2548 3310 2602 irruere

1729 2648 1786 2695 et
1829 2647 1998 2695 totum
2037 2655 2252 2710 gregem
2297 2640 2611 2703 devastare;
2662 2640 2739 2694 sic
2788 2640 2906 2693 illos
2944 2638 3113 2692 adorti
3139 2681 3153 2702 .
3201 2655 3307 2692 non

1731 2734 1877 2802 prius
1917 2732 2236 2789 destiterunt
2280 2733 2397 2789 illos
2440 2732 2653 2804 abigere
2697 2742 2750 2787 et
2788 2731 3090 2801 expellere,
3135 2730 3307 2785 donec

1730 2831 1978 2878 curarent
2014 2833 2072 2879 ut
2112 2824 2180 2878 ab
2210 2825 2464 2894 apostolis
2507 2824 2750 2894 dogmata
2780 2837 2873 2892 per
2914 2822 3099 2876 orbem
3136 2831 3304 2876 terra-

1729 2932 1847 2972 rum
1875 2930 2302 2986 quoquoversum
2328 2916 2692 2982 mitterentur,
2730 2930 2848 2985 qua:
2876 2928 2997 2968 cum
3028 2914 3166 2976 illos,
3194 2920 3302 2966 tum

1728 3018 1849 3081 post
1874 3023 2186 3064 accessuros
2212 3023 2424 3072 omnes,
2455 3009 2611 3062 talem
2635 3006 2892 3061 adversus
2922 3004 3107 3060 ﬁdeles
3130 3004 3307 3059 incur-

1728 3116 1845 3158 sum
1874 3100 2147 3171 suscipere
2174 3115 2353 3165 ausos,
2384 3110 2716 3154 coercerent.

1797 3194 1854 3249 Ξ.
1907 3192 2181 3249 Undenam
2226 3192 2385 3262 igitur
2429 3191 2841 3261 disputationem
2889 3189 3143 3244 adversus
3185 3188 3306 3242 illos

1727 3285 2043 3341 ordiemur?
2088 3283 2262 3349 Unde,
2306 3283 2539 3352 inquam,
2583 3281 2684 3336 nisi
2728 3281 2796 3334 ab
2832 3279 3152 3334 inﬁdelitatis
3195 3278 3303 3332 cri-

1725 3378 1912 3432 mine?
1947 3376 2089 3431 Nihil
2121 3376 2261 3431 enim
2292 3390 2397 3427 non
2432 3382 2592 3443 agunt
2617 3380 2672 3428 et
2707 3372 3012 3435 moliuntur,
3057 3381 3113 3425 ut
3146 3370 3304 3425 ﬁdem

1726 3471 1793 3526 ab
1833 3469 2133 3524 auditorum
2178 3477 2357 3522 mente
2399 3465 2683 3521 excludant
2708 3504 2722 3528 ,
2765 3478 2871 3534 quo
2913 3463 3136 3524 crimine
3176 3461 3305 3531 quid

1726 3561 1937 3630 gravius
1983 3568 2167 3613 contra
2209 3558 2516 3628 religionem
2566 3571 2686 3611 esse
2734 3554 2941 3626 possit?
2982 3554 3115 3609 Cum
3159 3554 3301 3607 enim

1726 3654 1866 3709 Deus
1885 3652 2152 3723 quidpiam
2177 3652 2368 3717 sancit,
2396 3649 2537 3719 quod
2562 3648 2755 3703 dicitur
2780 3648 3005 3703 ﬁdeliter
3034 3647 3301 3716 accipien—

1725 3746 1853 3801 dum
1874 3754 1976 3811 est,
2002 3759 2101 3798 nec
2121 3742 2373 3797 audacter
2394 3741 2809 3811 disquirendum.
2837 3739 3002 3793 Vocet
3024 3753 3109 3792 me
3130 3736 3303 3807 quivis

1725 3854 1790 3893 ex
1832 3838 1938 3892 illis
1979 3836 2241 3891 inﬁdelem
2268 3875 2285 3902 ,
2328 3849 2435 3888 non
2478 3833 2691 3902 indigne
2730 3831 2865 3887 fero.
2903 3830 3122 3899 Quare?
3164 3829 3298 3897 Quia

1722 3930 1973 4000 Operibus
2014 3928 2101 3998 qui
2140 3929 2241 3982 sim
2278 3924 2622 3995 appellandus
2664 3922 2904 3979 ostendo.
2937 3922 3003 3977 Et
3027 3920 3151 3992 quid
3181 3920 3300 3975 dico

1724 4027 1880 4075 vocet
1905 4033 1989 4073 me
2018 4016 2327 4072 inﬁdelem?
2353 4032 2440 4071 me
2467 4016 2683 4070 stultum
2710 4014 2762 4068 in
2789 4013 3002 4068 Christo
3030 4012 3293 4083 appellet:

1724 4124 1779 4170 et
1805 4114 1905 4168 hac
1928 4113 1996 4168 de
2024 4127 2082 4168 re
2106 4112 2256 4182 quasi
2285 4110 2353 4166 de
2381 4123 2577 4165 corona
2613 4107 2881 4178 gloriabor
2908 4123 2921 4161 :
2950 4106 3146 4160 etenim
3175 4120 3297 4160 cum

1726 4206 1889 4262 Paulo
1936 4205 1989 4260 in
2035 4213 2238 4275 partem
2285 4202 2524 4272 ejusdem
2576 4198 2944 4270 appellationis
2987 4198 3187 4252 venio:
3230 4197 3305 4251 ait

1724 4299 1919 4368 quippe
1950 4315 1963 4351 :
1990 4294 2102 4350 Nos
2139 4294 2280 4350 stulti
2310 4304 2512 4365 propter
2536 4291 2791 4347 Christum
2828 4289 2922 4363 (1.
2950 4289 3068 4344 Cor.
3095 4291 3149 4345 4.
3179 4289 3300 4361 10).

1724 4393 1849 4447 llaec
1876 4390 2095 4446 stultitia
2124 4390 2268 4445 omni
2297 4387 2553 4458 sapientia
2581 4384 2890 4456 prudentior
2912 4394 2996 4440 est
3022 4402 3035 4438 :
3065 4398 3185 4438 nam
3213 4398 3298 4448 ea,

1723 4501 1841 4555 qua:
1871 4492 2090 4539 externa
2119 4480 2374 4552 sapientia
2414 4480 2653 4534 invenire
2693 4493 2799 4533 non
2830 4476 3022 4549 potuit,
3068 4475 3183 4530 haec
3213 4490 3302 4527 se-

1724 4574 1953 4629 cundum
1983 4571 2249 4628 Christum
2292 4571 2512 4626 stultitia
2560 4568 2783 4640 perfecit
2830 4586 2843 4622 :
2892 4567 3007 4623 haec
3057 4566 3303 4621 tenebras

1724 4667 1899 4737 abegit
1923 4680 1989 4721 ex
2017 4665 2147 4719 orbe
2166 4705 2180 4727 ,
2222 4664 2334 4719 haec
2364 4664 2543 4718 lumen
2583 4661 2819 4717 scientiae
2847 4658 3133 4715 revocavit.
3165 4656 3302 4723 Quid

1724 4775 1883 4829 porro
1905 4765 1989 4813 est
2012 4757 2230 4812 stultitia
2256 4756 2544 4811 secundum
2571 4753 2877 4809 Christum?
2905 4752 3035 4806 Cum
3060 4749 3302 4819 proprias

1725 4851 2073 4920 cogitationes
2142 4848 2509 4919 intempestive
2577 4845 2812 4901 furentes
2877 4841 3299 4910 comprimimus,

1723 4958 1844 4998 cum
1872 4951 2103 4997 mentem
2131 4951 2363 4995 nostram
2392 4954 2609 4994 exrerna
2641 4935 2917 5005 disciplina
2942 4946 3160 4986 vacuam
3187 4927 3302 4983 efﬁ-

1724 5036 1927 5099 cimus;
1958 5046 2017 5089 ut
2039 5051 2157 5090 cum
2179 5035 2473 5104 Oportuerit
2492 5031 2686 5085 Christi
2708 5029 3001 5083 doctrinam
3029 5027 3298 5093 excipere.

1724 5136 1997 5181 vacantem
2030 5126 2170 5179 illam
2193 5132 2249 5178 et
2276 5122 2581 5178 mundatam
2606 5134 2705 5191 pro
2733 5118 2927 5175 dtvmis
2953 5114 3299 5171 admittendis

1720 5219 1899 5275 verbis
1924 5218 2285 5273 exhibeamus.

1796 5312 1946 5376 Fide,
1992 5328 2091 5365 non
2134 5310 2417 5374 ratiocinio,
2463 5308 2704 5362 utendum
2744 5307 2798 5360 in
2840 5306 3040 5360 divinis.
3068 5333 3137 5345 -——-
3164 5302 3297 5358 Nam

1724 5420 1842 5460 cum
1877 5405 2015 5459 Deus
2040 5402 2239 5469 aliquid
2268 5402 2472 5467 sancit,
2508 5400 2649 5470 quod
2678 5414 2782 5454 non
2810 5398 3001 5453 debeat
3035 5396 3298 5452 curiosius

1724 5496 2009 5567 explorari,
2040 5495 2143 5549 ﬁde
2183 5494 2468 5564 accipiatur
2496 5500 2723 5562 oportet.
2769 5490 2979 5546 Etenim
3019 5488 3085 5543 de
3114 5487 3299 5558 hujus-

1712 5590 1867 5643 lmodi
1893 5588 2053 5643 rebus
2081 5589 2288 5665 curiose
2319 5585 2623 5657 perquirere
2645 5594 2698 5639 et
2724 5584 2957 5639 rationes
2981 5594 3294 5651 exposcere.

1725 5682 2043 5751 modumque
2070 5679 2348 5745 sciscitari,
2385 5676 2721 5732 audacissimi
2756 5686 2810 5731 et
2841 5673 3107 5730 temerarii
3131 5671 3293 5725 animi

1724 5784 1825 5829 εει.
1870 5773 2020 5842 Quod
2067 5782 2119 5829 et
2164 5771 2335 5842 ipsum
2384 5786 2447 5827 ex
2495 5770 2661 5828 sacris
2687 5767 2975 5842 Scriptor-is
2999 5763 3289 5834 explanare
