3922 6236
570 327 666 380 7H

567 436 798 491 tentabo.
847 437 1132 496 Zacharias
1169 443 1246 497 vir
1290 445 1499 514 quidam
1543 457 1656 502 erat
1697 447 2034 503 admirandus
2073 459 2126 503 et

566 542 816 597 tnagnns,
845 545 1054 586 summo
1077 533 1370 588 sacerdotio
1398 546 1635 602 ornatus,
1668 538 1752 594 cui
1781 553 1810 592 a
1838 538 1947 593 Deo
1973 539 2131 593 totius

567 620 746 688 populi
775 620 1090 689 prtefectura
1119 627 1400 681 commissa
1431 626 1616 682 fuerat.
1651 629 1698 682 ls
1726 628 1782 683 in
1807 637 1985 683 sancta
2010 643 2134 682 san-

565 717 770 762 ctorum
817 711 868 763 in
909 713 1129 782 ipsaque
1174 713 1329 787 adyta
1361 716 1377 747 ¹
1409 716 1706 788 ingressus,
1753 732 1872 787 qua:
1912 718 2011 788 ipsi
2041 719 2131 772 uni

565 795 646 849 fas
673 807 788 853 erat
815 800 1053 868 aspicere
1088 803 1343 874 (intellige
1366 820 1490 860 eum
1517 807 1776 861 universa:
1811 807 2133 862 mttltitudini

566 903 745 958 parem
780 892 962 957 fuisse,
1010 895 1082 949 ita
1127 905 1182 950 ut
1223 897 1631 966 supplicationes
1679 913 1772 967 pro
1799 897 2132 953 multitudine

570 987 678 1034 tota
727 981 944 1038 offerret
988 985 1118 1050 Deo,
1166 995 1222 1040 et
1267 987 1546 1042 Dominum
1593 988 1802 1044 famulis
1849 989 2131 1060 propitium

569 1069 812 1126 redderet
858 1071 1116 1146 [vidistin'
1145 1076 1348 1132 fiducia:
1399 1079 1808 1148 magnitudinem
1829 1081 1850 1112 ³
1873 1077 1932 1152 ?]
1985 1079 2134 1150 quasi

566 1159 830 1215 mediator
876 1163 1089 1232 quidam
1134 1165 1228 1221 Dei
1271 1175 1326 1220 et
1369 1165 1680 1233 hominum;
1723 1168 1849 1223 vidit
1887 1170 2132 1240 angelum

570 1252 712 1313 intus
741 1259 989 1319 stantem,
1035 1263 1088 1308 et
1115 1256 1238 1325 quia
1270 1258 1354 1310 hic
1394 1269 1638 1327 aspectus
1664 1261 1831 1314 virum
1861 1260 1912 1314 in
1947 1270 2134 1330 stupo-

567 1356 683 1396 rem
714 1344 959 1413 conjecit,
989 1346 1064 1400 ait
1090 1347 1200 1413 ille,
1233 1346 1315 1402 Ne
1339 1348 1514 1403 timeas
1533 1390 1546 1413 ,
1578 1349 1830 1405 Zacharia
1852 1393 1864 1414 ,
1895 1353 2016 1420 quia
2041 1368 2135 1406 ea:-

569 1433 745 1486 audita
791 1443 862 1486 est
903 1436 1064 1489 oratio
1107 1446 1232 1502 tua;
1272 1447 1320 1490 et
1359 1455 1468 1493 ecce
1494 1440 1665 1510 gignes
1701 1442 1864 1508 ﬁlium
1893 1441 2054 1511 (Luc.
2082 1445 2133 1499 1.

572 1522 641 1574 15
659 1524 697 1589 ).
727 1521 976 1590 Quaenam
1003 1524 1116 1579 bam
1142 1529 1528 1597 conseqttntio?
1555 1544 1650 1599 pro
1680 1531 1872 1600 pepulo
1897 1532 2136 1601 rogabat,

572 1627 669 1681 pro
691 1613 896 1668 delictis
919 1616 1267 1684 supplicabat,
1291 1620 1494 1672 veniam
1513 1621 1807 1688 postulabat
1832 1624 2135 1689 conservis;

571 1713 659 1768 et,
696 1703 819 1756 Noti
847 1705 1046 1769 timere,
1075 1707 1278 1776 inquit,
1319 1708 1604 1777 Zacharia,
1643 1713 1877 1766 exaudita
1901 1724 1973 1767 est
2007 1717 2139 1768 enint

574 1798 735 1848 oratio
763 1807 879 1864 tua,
919 1807 971 1851 et
1000 1799 1170 1868 ipsum
1211 1801 1511 1856 exauditum
1541 1801 1702 1859 fuisse
1731 1805 1852 1861 inde
1891 1822 2138 1877 compro-

574 1886 682 1952 bat,
707 1887 843 1956 quod
871 1891 1171 1946 nasciturus
1191 1903 1331 1946 esset
1357 1893 1456 1962 ipsi
1483 1894 1620 1950 filius
1639 1899 1852 1952 nomine
1874 1898 2140 1955 Joannes?

574 1979 651 2033 Ac
675 1980 795 2047 jure
818 1983 1028 2051 quidem
1069 1984 1280 2039 merito.
1310 1985 1443 2054 Quia
1483 1989 1622 2042 enim
1653 2004 1750 2059 pro
1788 1993 2014 2060 peccatis
2043 2008 2142 2062 po-

577 2069 682 2136 puli
709 2073 942 2140 rogabat,
974 2073 1138 2129 filium
1165 2076 1403 2132 editurus
1423 2087 1564 2144 erat,
1593 2080 1681 2148 qui
1710 2083 1981 2143 clamaret,
2013 2082 2142 2137 Ecce

581 2175 749 2227 agnus
778 2161 889 2225 Dei,
933 2165 1022 2232 qui
1061 2165 1197 2217 tollit
1230 2178 1501 2232 peccatum
1531 2173 1710 2224 mundi
1733 2172 1905 2240 (Joan.
1949 2177 1998 2230 i.
2033 2177 2146 2248 29),

575 2247 702 2316 jure
730 2252 804 2304 ait
830 2293 844 2316 ,
873 2251 1146 2309 Exaudite
1166 2267 1244 2310 est
1284 2261 1456 2313 oratio
1503 2270 1594 2314 tua
1615 2301 1629 2327 ,
1670 2272 1720 2316 et
1747 2265 1922 2333 gigne;
1961 2267 2140 2334 ﬁlium

576 2338 712 2406 Quid
741 2342 898 2412 igitur
941 2345 1073 2400 ille?
1115 2346 1265 2415 Quod
1312 2350 1456 2405 enim
1503 2353 1844 2422 proponimus
1890 2358 1993 2412 tale
2037 2367 2139 2428 est,

580 2433 773 2487 nullam
795 2436 1004 2492 veniam
1032 2439 1147 2494 dari
1176 2442 1272 2508 eis,
1297 2443 1386 2512 qui
1413 2443 1626 2499 modum
1653 2447 1983 2503 oraculorum
2011 2450 2143 2506 divi-

579 2537 766 2578 norum
809 2528 1069 2584 curiosius
1110 2542 1448 2602 scrutantur;
1492 2536 1586 2592 sed
1615 2552 1798 2593 eorum
1826 2542 2142 2597 sententiam

579 2615 683 2671 fide
710 2619 1067 2689 accipiendam
1107 2638 1245 2680 esse.
1280 2626 1502 2683 Videbat
1538 2639 1748 2686 aetatem
1781 2639 1966 2700 suam,
1995 2635 2141 2689 cani-

579 2709 722 2774 tiem,
751 2725 946 2780 corpus
970 2713 1286 2770 imbecillum
1312 2735 1327 2771 :
1349 2718 1558 2774 videbat
1587 2721 1710 2776 item
1735 2721 1914 2778 uxoris
1941 2726 2140 2780 sterili-

579 2808 771 2865 tatem;
806 2803 1017 2858 modum
1041 2804 1246 2862 discere
1275 2809 1456 2874 voluit,
1480 2819 1532 2865 et
1558 2811 1664 2878 ait,
1693 2811 1839 2868 Unde
1866 2815 1959 2868 hoc
1985 2817 2143 2870 sciam

578 2888 740 2959 (Luc.
774 2893 823 2946 l.
848 2893 988 2965 18)?
1015 2895 1290 2962 Quomodo
1319 2899 1444 2953 illttd
1485 2901 1627 2956 erit?
1654 2901 1770 2957 Jam
1809 2907 2060 2960 consenui
2089 2915 2145 2962 et

578 2981 808 3048 incanui,
837 2992 892 3038 et
915 3000 1048 3039 uxor
1075 3001 1189 3041 mea
1214 2989 1428 3053 sterilis,
1456 3001 1704 3060 provecta
1732 2993 1784 3047 in
1809 2994 1991 3049 diebus
2010 2997 2138 3061 suis,

578 3081 708 3126 tutas
737 3075 947 3148 inepta,
991 3088 1172 3132 natura
1216 3080 1473 3136 imbecilla
1509 3099 1524 3137 :
1563 3099 1664 3153 qua
1693 3085 1896 3141 ratione
1923 3097 2146 3158 possunt

579 3165 778 3234 expleri
809 3169 1101 3235 promissa?
1126 3187 1224 3241 ego
1259 3173 1348 3242 qui
1375 3188 1548 3234 seram
1576 3175 1833 3241 infirmus,
1864 3195 1981 3250 qna:
2006 3183 2141 3236 seri-

581 3265 668 3310 tur
701 3259 913 3314 sterilis.
942 3263 1131 3316 Annon
1162 3263 1404 3320 videatur
1425 3269 1574 3322 venia
1611 3269 1798 3340 dignus
1839 3271 1926 3340 qui
1966 3287 2141 3327 rerum

578 3351 1047 3418 consequutionem
1089 3364 1323 3424 quaerat,
1367 3371 1485 3412 cum
1529 3373 1560 3412 e
1587 3373 1645 3413 re
1684 3359 1824 3429 loqui
1863 3361 2146 3417 videatur?

581 3439 648 3491 At
675 3453 780 3494 non
804 3441 910 3496 Deo
929 3442 1119 3512 dignus
1140 3447 1290 3502 venia
1311 3447 1456 3503 visus
1480 3459 1590 3515 est;
1621 3459 1675 3504 et
1699 3454 1885 3507 merito
1909 3454 2143 3523 quidem.

582 3527 711 3582 Cum
741 3529 881 3585 enim
909 3531 1048 3588 Deus
1074 3537 1388 3592 sententiam
1414 3538 1562 3606 dicit,
1590 3556 1697 3595 non
1721 3551 1902 3597 contra
1933 3546 2145 3599 ratioci-

583 3621 838 3690 nandum,
870 3640 1039 3695 neque
1069 3643 1243 3682 rerum
1271 3634 1613 3701 consequutio
1632 3633 1712 3688 vel
1737 3645 1938 3690 natura:
1963 3652 2147 3692 neces-

581 3712 711 3767 sitas
735 3715 1026 3784 objicienda
1056 3727 1157 3785 cst,
1186 3735 1357 3790 neque
1377 3721 1673 3792 hujusmodi
1693 3725 1958 3797 quidpiam
1985 3743 2146 3798 agen-

581 3803 705 3859 dum
740 3824 754 3860 :
783 3805 865 3860 bis
891 3808 1085 3879 quippe
1125 3813 1372 3867 omnibus
1410 3816 1650 3885 superior
1675 3826 1757 3871 est
1800 3818 1990 3872 divina:
2019 3835 2147 3874 sen-

583 3898 758 3952 tentia:
798 3900 912 3966 vis,
955 3901 1083 3956 nulli
1124 3903 1350 3959 obnoxia
1397 3906 1788 3977 impedimento.
1831 3909 1967 3976 Quid
2010 3914 2144 3982 agis,

583 3987 786 4042 homo?
832 3989 974 4046 Deus
1009 3992 1321 4061 pollicetur,
1363 4005 1416 4051 et
1451 3998 1516 4052 ad
1556 4007 1763 4054 aetatem
1792 4001 2062 4070 confugis,
2094 4011 2150 4057 et

581 4089 908 4136 senectutem
938 4082 1166 4153 objicis?
1195 4101 1318 4139 num
1347 4089 1612 4155 potentior
1633 4100 1880 4145 senectus
1909 4091 2000 4146 Dei
2028 4107 2147 4162 pro-

582 4169 874 4225 missione?
913 4187 1036 4227 unm
1066 4172 1286 4229 validior
1314 4185 1498 4231 natura
1523 4190 1764 4235 creatore
1801 4181 1939 4235 suo?
1975 4182 2149 4238 nescis

515 4325 522 4334 ν
585 4259 736 4313 fortia
763 4277 881 4315 esse
904 4264 1181 4318 verborum
1207 4267 1322 4336 ejus
1346 4269 1550 4337 opera?
1577 4271 1795 4325 verbum
1823 4272 1938 4340 ejus
1959 4274 2147 4328 czelum

584 4351 889 4418 constituit,
920 4353 1139 4408 verbum
1165 4355 1278 4426 ejus
1306 4365 1598 4413 creaturam
1630 4360 1902 4429 produxit,
1929 4363 2147 4418 verbum

585 4439 700 4509 ejus
729 4443 944 4512 angelos
968 4443 1112 4511 fecit,
1141 4454 1195 4501 et
1223 4457 1275 4501 tu
1298 4447 1365 4501 de
1393 4447 1484 4503 lilii
1509 4452 1875 4519 procreatione
1902 4451 2149 4509 dubitas?

586 4527 708 4584 Ideo
747 4532 1046 4604 indignatus
1085 4545 1166 4590 est
1203 4539 1454 4608 angelus,
1483 4555 1654 4609 neque
1689 4542 1965 4597 sacerdotii
1991 4559 2149 4598 causa

586 4622 818 4690 pepercit
842 4641 858 4689 ;
889 4624 995 4679 imo
1021 4641 1147 4683 vero
1173 4627 1244 4683 ob
1269 4630 1493 4701 idipsnm
1521 4633 1813 4702 graviorem
1839 4635 2015 4692 intulit
2040 4653 2151 4707 pa:-

587 4726 730 4766 uam.
762 4711 890 4767 Nam
917 4729 1038 4769 eum
1057 4757 1073 4783 ,
1100 4719 1189 4787 qui
1215 4719 1331 4788 plus
1358 4725 1565 4778 creteris
1600 4723 1868 4780 obtinebat
1910 4726 2146 4795 honoris,

587 4804 789 4872 majore
835 4820 992 4874 quam
1045 4809 1134 4864 alii
1183 4812 1285 4866 fide
1331 4812 1640 4869 instructum
1687 4831 1805 4872 esse
1849 4820 2146 4888 oportebat.

585 4895 714 4960 Quis
737 4908 912 4952 autent
957 4915 1127 4968 pinna:
1155 4903 1384 4958 modus?
1425 4902 1557 4960 Ecce
1589 4908 1686 4962 eris
1724 4917 1922 4975 tacens,
1965 4921 2012 4965 et
2050 4929 2150 4966 non

585 4988 768 5059 poteris
796 4989 930 5060 loqui
988 4990 1146 5058 (Ibid.
1172 5010 1219 5048 υ.
1242 4992 1356 5066 20).
1385 4995 1582 5068 Lingua
1614 5008 1720 5064 tua,
1743 4999 1944 5070 inquit,
1974 5003 2148 5058 incre-

581 5078 821 5135 dulitatis
847 5091 947 5136 tua:
978 5083 1217 5139 ministra
1244 5085 1374 5152 fuit,
1405 5087 1516 5156 ipsa
1560 5089 1938 5144 incredulitatis
1969 5106 2148 5160 ptenas

584 5183 697 5227 ιυει
724 5189 739 5226 :
764 5172 897 5228 Ecce
920 5176 1019 5230 eris
1045 5187 1228 5243 tacens,
1259 5187 1306 5232 et
1329 5195 1429 5233 non
1458 5180 1674 5249 loqueris
1703 5180 1860 5236 donec
1885 5183 1976 5235 illa
2003 5183 2146 5250 ﬁant.

585 5264 960 5322 Animadverte
989 5267 1362 5338 benignitatem
1388 5271 1616 5326 Domini.
1655 5271 1769 5327 Non
1799 5272 1972 5328 credis
1997 5272 2145 5341 mihi,

654 5452 670 5482 ¹
707 5459 832 5514 Haec,
851 5455 898 5503 in
921 5454 1024 5518 ipsa
1045 5455 1210 5563 παφα,
1252 5457 1298 5504 in
1330 5455 1469 5505 Savil.
1491 5463 1541 5506 et
1571 5457 1620 5504 in
1655 5455 1834 5518 aliquot
1855 5463 1958 5504 Mss.
1982 5459 2159 5504 «lt-sunt

654 5524 686 5563 3.
703 5514 789 5561 sed
809 5526 1044 5563 ponuntur
1067 5520 1113 5563 in
1132 5520 1187 5563 'ra
1205 5521 1292 5563 sic.
1311 5517 1552 5563 hominum
1573 5531 1589 5563 :
1611 5517 1663 5563 in
1678 5517 1782 5563 ima
1801 5519 1946 5563 adma
1962 5524 2059 5563 tum
2081 5518 2158 5563 in-

591 5515 686 5571 υἱον
703 5514 789 5561 Séd
807 5514 1044 5580 ponuntur
1067 5514 1187 5567 infra
1205 5521 1292 5573 sic,
1311 5517 1552 5580 hominum
1573 5531 1589 5566 :
1611 5517 1663 5568 in
1678 5514 1946 5580 ipsaadytu
1962 5524 2059 5580 turn
2081 5518 2158 5566 in-

593 5588 800 5643 gressus,
821 5576 940 5643 vidit
970 5581 1251 5643 angelum...
1276 5579 1650 5643 Quodrectius.
1686 5576 1827 5643 raulo
1867 5576 2155 5643 posthac.

594 5637 823 5711 universes
843 5637 1135 5711 multitudini
1163 5653 1330 5703 parem
1363 5641 1526 5704 (icisse,
1558 5641 1736 5691 desunt
1774 5642 1823 5689 in
1869 5637 2026 5689 itorel.

657 5699 846 5775 faueo,
871 5703 1078 5775 vidistitt’
1102 5699 1307 5768 fiducia;
1320 5699 1693 5775 nutgnitttdtnem
1706 5715 1730 5764 l’
1751 5718 1926 5766 desunt
1945 5718 1992 5766 in
2013 5716 2150 5771 Savil.

595 5766 646 5808 et
668 5766 713 5809 iu
739 5766 1018 5826 quibusdam

1291 328 1342 387 S.
1382 330 1655 389 JOANNIS
1691 332 2154 392 CHRYSOSTOMI
2193 337 2504 395 ARCﬂlEP.
2535 339 3057 403 CONSTANTINOP.

3695 352 3804 409 712

2235 453 2433 522 inquit,
2471 471 2610 510 nunc
2635 471 2843 526 pinnam
2869 461 3083 526 accipe;
3114 475 3339 530 cumque
3363 463 3522 518 rebus
3548 465 3679 535 ipsis
3703 483 3805 522 ve-

2236 544 2442 599 ritatem
2469 548 2901 616 comprobavcro,
2933 559 3055 606 tunc
3083 551 3212 605 iram
3237 554 3436 608 solvam
3465 571 3479 607 :
3507 570 3630 609 cum
3665 557 3805 611 didi-

2233 638 2372 691 ceris
2401 649 2452 691 te
2471 637 2592 707 jure
2617 640 2824 708 plexum
2851 640 3029 706 fuisse,
3060 649 3184 697 tunc
3207 657 3237 696 a
3268 657 3419 712 pinna
3453 654 3506 701 te
3533 647 3804 702 liberabo.

2234 728 2465 784 Audiant
2506 732 2748 787 Anommi
2767 774 2784 800 ,
2812 744 3063 804 quantum
3095 735 3350 790 irascatur
3378 738 3516 792 Deus
3534 780 3548 803 ,
3575 754 3705 793 cum
3737 740 3809 796 de

2235 834 2292 876 se
2315 821 2571 878 curiosius
2597 823 2890 892 inquiritttr.
2903 825 3050 894 Quod
3073 826 3114 880 si
3138 827 3246 893 ille,
3263 827 3381 897 quia
3403 831 3614 884 mortali
3641 847 3812 900 gene-

2235 910 2425 964 rationi
2449 925 2552 966 non
2579 912 2838 980 crederet,
2863 914 3108 982 plectitur
3138 931 3154 968 :
3184 925 3238 969 tu
3263 917 3352 986 qui
3379 932 3628 972 arcanam
3659 919 3812 973 illam

2235 1011 2291 1057 et
2317 1017 2596 1073 supernam
2625 1005 3006 1073 perscrutaris,
3035 1007 3298 1076 quomodo
3323 1009 3638 1078 supplicium
3669 1011 3813 1064 εσυ-

2234 1092 2366 1163 gies,
2388 1092 2473 1148 die
2501 1092 2669 1148 mihi?
2697 1093 2784 1149 ll‘le
2814 1094 2943 1149 nihil
2970 1097 3216 1162 asseruit,
3239 1097 3330 1151 sed
3354 1100 3590 1154 ediscere
3617 1100 3812 1161 Voluit,

2237 1184 2552 1254 veniamque
2595 1194 2950 1256 consequutus
2994 1202 3096 1240 non
3134 1197 3215 1241 est
3255 1205 3269 1240 ε
3313 1199 3366 1242 tu
3393 1204 3517 1242 vero
3553 1205 3656 1255 ea,
3688 1206 3815 1260 qua:

2238 1281 2483 1335 omnibus
2507 1281 2787 1336 invisibilia
2818 1280 3468 1352 incomprehensibiliaque
3493 1294 3643 1347 sunt,
3668 1282 3793 1335 afftr

2241 1388 2424 1440 mans,
2471 1389 2628 1444 quam
2669 1373 2886 1428 habebis
2929 1374 3331 1429 defensionem?
3377 1373 3515 1444 quod
3559 1391 3670 1428 non
3719 1374 3815 1428 tibi

2240 1465 2514 1535 pertrabes
2538 1467 2896 1536 supplicium?

2310 1558 2362 1612 5.
2391 1558 2616 1612 Αηοηιωὶ
2643 1558 2869 1611 dicebant
2895 1574 2947 1612 se
2969 1556 3129 1611 Deum
3155 1573 3297 1611 nosse
3321 1567 3375 1610 ut
3391 1558 3550 1627 seipse
3573 1567 3812 1612 noverat.

2240 1648 2504 1703 —Verum
2528 1649 2641 1703 ha:c
2665 1649 2731 1703 de
2754 1649 3092 1719 generatione
3111 1649 3391 1718 diSputatio
3415 1666 3565 1703 suum
3589 1649 3647 1702 in
3675 1660 3787 1704 tem

2243 1757 2339 1811 pus
2367 1751 2685 1810 reservetur,
2709 1743 3022 1814 interimque
3043 1745 3188 1814 prius
3207 1755 3570 1814 argumentum
3590 1756 3812 1814 repeta-

2243 1849 2379 1900 mus,
2407 1834 2560 1904 cujus
2581 1851 2749 1905 nuper
2770 1836 3019 1905 reliquias
3043 1835 3360 1902 dimisimus,
3387 1837 3510 1891 dutn
3540 1837 3814 1907 pernicie.

2241 1940 2354 1980 sant
2383 1926 2524 1979 illam
2549 1927 2802 1994 radicem,
2832 1926 3066 1981 omnium
3098 1927 3354 1980 malorum
3385 1936 3630 1992 matrem,
3664 1927 3814 1982 evel-

2244 2013 2353 2069 lere
2376 2029 2713 2083 conaremur,
2745 2016 3008 2071 nndenam
3035 2017 3138 2071 illis
3175 2017 3289 2072 haec
3315 2017 3557 2087 dogmata
3585 2017 3816 2071 suborta

2243 2117 2383 2160 sunt.
2416 2108 2668 2175 Quaenam
2697 2108 2781 2162 illa
2815 2108 2964 2163 radix
2998 2108 3256 2163 malorum
3285 2109 3562 2163 omnium?
3603 2111 3818 2163 credite

2243 2199 2394 2263 mihi,
2426 2215 2512 2255 me
2538 2199 2678 2254 illam
2710 2201 3165 2270 pronuntiaturum
3209 2201 3398 2255 horror
3437 2210 3661 2269 occupat
3689 2219 3702 2254 :
3728 2201 3815 2270 pi-

2243 2299 2330 2360 get
2357 2305 2418 2346 ea
2443 2305 2659 2346 narrare
2681 2307 2800 2362 qua:
2825 2292 2899 2346 illi
2923 2307 3132 2362 semper
3170 2291 3510 2348 meditantur.
3550 2293 3813 2360 Qua-nam

2245 2382 2404 2452 igitur
2427 2392 2508 2438 est
2535 2383 2722 2438 horum
2767 2384 3025 2439 malorum
3063 2382 3256 2438 radix?
3299 2385 3471 2438 Ausus
3517 2394 3597 2437 est
3650 2385 3813 2437 homo

2244 2472 2443 2540 dicere,
2476 2474 2642 2528 Deum
2673 2475 2815 2541 novi,
2845 2484 2903 2529 ut
2927 2477 3040 2545 ipse
3070 2475 3208 2530 Deus
3225 2475 3456 2544 seipsum
3479 2475 3638 2529 novit.
3661 2474 3814 2528 [lacc-

2244 2565 2363 2619 cine
2423 2564 2781 2622 confutatione
2833 2565 3110 2636 indigent,
3182 2566 3412 2620 haeccine
3474 2565 3813 2620 demonstra-

2246 2654 2432 2710 tione?
2458 2669 2632 2710 annon
2683 2656 2810 2710 satis
2861 2663 2944 2710 est
2979 2653 3094 2709 haec
3146 2655 3314 2709 solum
3363 2654 3520 2710 verba
3549 2655 3814 2723 proferre,

2245 2755 2304 2801 ut
2355 2755 2463 2801 tota
2524 2761 2711 2801 eorum
2771 2746 3015 2814 impietas
3064 2746 3363 2800 reveletur?
3416 2746 3622 2800 Etenim
3699 2745 3816 2798 haec

2245 2836 2448 2892 insania
2523 2845 2606 2891 est
2675 2836 2948 2907 perspicua
2991 2877 3007 2902 ,
3080 2837 3308 2890 amentia
3385 2836 3762 2890 inexcusabilis
3799 2877 3813 2898 ,

2246 2942 2415 2982 novus
2479 2927 2763 2998 impietatis
2807 2927 3027 2982 modus.
3074 2926 3240 2983 Nemo
3303 2926 3566 2997 quidpiam
3625 2928 3816 2995 hujus-

2246 3018 2387 3074 modi
2429 3019 2512 3075 vel
2563 3031 2739 3075 mente
2792 3018 3092 3088 concipere,
3144 3017 3228 3073 vel
3257 3018 3428 3088 lingua
3455 3017 3695 3087 proferre
3721 3035 3818 3070 au-

2245 3125 2336 3165 sus
2357 3119 2458 3166 est.
2485 3110 2689 3180 Cogita,
2739 3110 2900 3165 miser
2946 3118 3001 3164 et
3049 3108 3249 3173 infelix,
3298 3109 3536 3178 quisnam
3582 3109 3658 3161 sis
3685 3151 3702 3172 ,
3758 3117 3816 3163 et

2245 3217 2528 3274 quemnam
2560 3211 2663 3257 tam
2691 3203 2898 3258 curiose
2918 3201 3167 3257 scruteris
3198 3218 3212 3253 :
3244 3199 3402 3254 homo
3430 3215 3550 3255 cum
3579 3201 3674 3264 sis,
3713 3201 3816 3256 De-

2249 3309 2335 3348 um
2362 3294 2642 3363 exploras?
2671 3291 2765 3346 Vel
2783 3291 2994 3345 nomina
3015 3305 3157 3345 mera
3179 3291 3307 3345 satis
3326 3299 3467 3355 sunt,
3495 3299 3549 3344 ut
3574 3290 3818 3344 stultitia:

2249 3383 2660 3456 magnitudinem
2685 3383 2993 3438 declarent:
3023 3383 3182 3436 homo
3205 3391 3344 3436 terra
3381 3389 3437 3436 et
3473 3381 3639 3447 cinis,
3687 3396 3818 3436 caro

2248 3485 2303 3532 et
2327 3476 2560 3546 sanguis,
2588 3473 2786 3530 ftenum
2813 3484 2866 3527 et
2893 3472 2992 3527 flos
3018 3472 3164 3534 fmni,
3193 3472 3397 3538 umbra,
3424 3471 3619 3537 fumus,
3652 3473 3812 3524 vani-

2250 3578 2351 3632 tas,
2381 3576 2436 3622 et
2460 3567 2505 3621 si
2529 3565 2654 3636 quid
2683 3565 2764 3619 bis
2794 3565 3070 3620 obscurius
3093 3574 3147 3618 et
3174 3563 3347 3618 vilius.
3395 3562 3573 3632 Neque
3616 3564 3818 3632 putetis

2251 3659 2364 3714 ha:c
2389 3657 2692 3713 incusanda:
2713 3665 2914 3712 natura:
2942 3671 3099 3711 causa
3127 3655 3229 3717 dici
3259 3673 3271 3708 :
3327 3669 3496 3724 neque
3522 3654 3662 3708 enim
3689 3669 3814 3723 ego,

2250 3751 2343 3806 sed
2372 3749 2641 3821 propheta:
2671 3750 2741 3804 ita
2782 3747 3238 3819 philosophantur,
3270 3762 3373 3801 non
3407 3757 3460 3799 ttt
3505 3761 3668 3816 genus
3721 3761 3818 3799 no-

2250 3853 2420 3897 strum
2449 3841 2709 3896 dedecore
2736 3839 2986 3902 afficiant,
3011 3838 3104 3893 sed
3135 3846 3194 3892 ut
3219 3839 3521 3892 insanorum
3552 3847 3817 3892 tumorem

2250 3934 2604 4005 comprimam
2626 3949 2642 3998 ;
2672 3947 2777 3986 non
2803 3938 2862 3986 ut
2888 3939 3127 3984 naturam
3174 3939 3406 3982 nostram
3447 3936 3816 3994 contemnant,

2250 4027 2345 4082 sed
2387 4035 2444 4080 ut
2488 4025 2803 4079 furiosorum
2851 4022 3203 4092 arrogantiam
3245 4019 3512 4088 dejiciant.
3563 4018 3698 4073 Nam
3749 4020 3817 4082 si,

2253 4128 2530 4188 postquam
2559 4116 2633 4170 illi
2663 4124 2740 4169 tot
2766 4123 3014 4183 tantaque
3034 4112 3238 4175 dixere,
3266 4111 3459 4180 reperti
3491 4119 3663 4164 tamen
3693 4119 3820 4162 sunt

2253 4211 2342 4280 qui
2364 4209 2645 4265 verborum
2669 4205 2953 4276 petulantia
2975 4205 3147 4274 ipsutn
3170 4201 3437 4256 diabolum
3463 4209 3816 4269 superarunt:

2252 4302 2298 4357 si
2346 4303 2476 4357 nihil
2522 4299 2782 4370 ejusmodi
2810 4299 3006 4352 dictum
3036 4295 3240 4361 fuisset,
3265 4309 3370 4364 quo
3398 4294 3610 4348 tandem
3635 4307 3818 4347 amen-

2254 4397 2340 4451 tia:
2368 4411 2473 4450 non
2502 4393 2909 4465 prorupissent?
2937 4387 2994 4445 Si
3018 4390 3326 4464 appositam.
3355 4386 3609 4440 habentes
3649 4383 3818 4438 medi-

2252 4491 2448 4557 cinam,
2474 4488 2645 4543 adhuc
2674 4497 2847 4540 tamen
2872 4482 3142 4544 inflantur,
3187 4496 3291 4551 quo
3332 4479 3544 4534 demum
3597 4478 3818 4531 tumoris

2252 4593 2308 4639 et
2332 4581 2644 4652 arrogantia:
2675 4594 2778 4632 non
2807 4575 3208 4646 processissent,
3250 4572 3347 4626 nisi
3376 4571 3497 4624 talia
3547 4569 3623 4622 illi
3676 4569 3818 4622 circa

2253 4687 2494 4732 naturam
2523 4675 2806 4728 humanam
2830 4666 3210 4739 protulissent?
3241 4664 3374 4719 Audi
3400 4663 3559 4732 igitur
3585 4661 3712 4731 quid
3751 4662 3819 4714 de

2253 4769 2429 4837 seipse
2451 4764 2773 4834 dicatjustus
2798 4762 2886 4816 ille
2912 4757 3230 4830 patriarcha,
3259 4755 3370 4826 Ego
3391 4763 3554 4808 autem
3579 4768 3691 4807 sum
3713 4761 3819 4804 ter-

2251 4876 2313 4912 ra
2339 4868 2384 4911 et
2412 4857 2538 4910 cinis
2559 4853 2707 4928 (Gen.
2740 4852 2826 4908 18.
2844 4850 2970 4923 27).
2998 4849 3130 4904 Cum
3157 4847 3265 4902 Deo
3287 4844 3618 4915 loquebatur.
3646 4857 3820 4911 neque

2256 4961 2430 5006 tamen
2457 4946 2771 5004 confidentia
2801 4941 3118 4998 efferebatur
3142 4956 3158 5004 ;
3189 4940 3295 4993 imo
3323 4938 3404 4991 vel
3435 4935 3536 4990 hoc
3563 4936 3734 5003 ipsum
3762 4943 3820 4985 ut

2255 5042 2528 5097 moderate
2556 5047 2736 5109 ageret
2761 5036 2858 5105 ipsi
2888 5033 3160 5088 suadebat.
3191 5030 3256 5084 Hi
3281 5044 3428 5092 vero,
3482 5027 3571 5096 qtti
3602 5042 3670 5081 ne
3700 5041 3819 5078 um-

2254 5134 2347 5189 bra
2370 5133 2582 5204 quidem
2613 5130 2754 5184 illius
2779 5127 2925 5196 digni
2949 5134 3098 5190 sunt,
3131 5137 3190 5178 se
3209 5119 3409 5190 angelis
3435 5119 3562 5187 ipsis
3588 5118 3819 5187 majores

2255 5239 2372 5281 esse
2397 5232 2618 5294 putant:
2663 5219 2802 5290 quod
2843 5226 3097 5272 extremm
3140 5213 3421 5267 dementia:
3450 5221 3816 5278 argumentum

2255 5328 2356 5374 est.
2381 5319 2616 5372 Deumne
2642 5312 2916 5374 scrutaris,
2942 5310 3028 5364 die
3055 5306 3182 5361 mihi
3203 5347 3220 5369 ,
3265 5308 3354 5374 qui
3399 5305 3512 5358 sine
3561 5302 3818 5371 principio

2255 5417 2353 5473 est,
2394 5403 2752 5466 invariabilis,
2804 5403 3185 5469 incorporeus,
3232 5393 3680 5462 incorruptibilis,
3729 5392 3818 5460 qni

2254 5501 2449 5568 ubique
2473 5496 2644 5562 adest,
2673 5506 2728 5550 et
2745 5493 2922 5548 omnia
2949 5498 3181 5559 superat,
3207 5488 3552 5553 universaque
3574 5493 3814 5536 creatura

2254 5590 2496 5660 superior
2525 5587 2643 5644 est?
2674 5585 2811 5640 Audi
2860 5583 2984 5654 quid
3034 5581 3102 5636 de
3153 5580 3244 5634 illo
3271 5575 3538 5648 propheta:
3583 5575 3816 5644 philoso-

2254 5685 2503 5755 phentur,
2533 5691 2587 5735 et
2612 5691 2787 5734 metue
2817 5695 2830 5730 :
2865 5677 2962 5742 Qui
2981 5672 3181 5741 respicit
3198 5681 3401 5735 terram,
3454 5679 3499 5721 et
3541 5668 3661 5738 facit
3707 5681 3814 5717 eant

2257 5791 2465 5834 tremere
2491 5773 2660 5850 (Psal.
2693 5773 2815 5833 105.
2834 5769 2971 5840 32):
3001 5767 3206 5838 aspexit
3228 5764 3420 5832 solum,
3451 5773 3504 5820 et
3529 5763 3671 5819 illam
3697 5772 3816 5815 tan-
