3922 6236
31 379 106 431 711
1054 378 1143 433 DE
1183 379 1871 439 INCOMPREHENSIBILI
1915 384 2021 439 DEI
2061 383 2363 437 NATURA.
2408 381 2468 436 ll.

25 490 100 545 τοῦ
140 490 276 544 Θεοῦ
307 491 419 561 τὴν
460 493 792 562 προστασίαν
826 493 1331 564 ἐμπεπιστευμένος
1376 496 1469 547 τοῦ
1510 497 1684 566 δήμου

26 580 227 641 παντός·
264 571 439 641 οὗτος
466 582 495 631 6
535 579 808 650 Ζαχαρίας
859 579 1115 632 εἰσελθὼν
1148 583 1230 643 εἰς
1275 582 1343 634 τά
1392 582 1528 650 ἄγια
1574 584 1685 637 τῶν

26 670 191 735 ἁγίων,
236 669 321 730 εἰς
366 668 514 720 αῦτά
552 669 623 720 τά
654 668 817 722 ἄδυτα
852 680 900 731 ⁸,
930 668 966 722 ἃ
1008 669 1154 739 μόνῳ
1196 670 1304 723 τῶν
1340 672 1555 724 πάντων
1590 673 1685 724 ἀν-

25 756 232 823 θρὼτων
266 756 475 826 ἐκείνῳ
525 757 683 825 Θέμις
715 753 784 828 ἦν
828 757 949 810 τότε
992 757 1123 828 όρᾷν
1171 758 1287 828 (καὶ
1333 760 1522 812 σκόπει
1568 759 1685 822 πῶς

25 842 209 895 καὶτοῦ
247 842 499 913 πλήθους
533 845 731 908 παντὸς
774 844 1099 915 άπίρῥοπος
1141 841 1231 916 ἦν,
1282 846 1357 910 ὡς
1391 848 1484 899 καί¹
1530 846 1683 911 λιτὰς

24 931 141 997 ὑπὲρ
168 928 263 983 τοῦ
295 930 547 1002 πλήθους
584 931 785 993 παντὸς
810 931 1106 1001 ἀναφέρειν
1132 932 1211 1002 τῷ
1252 932 1392 1002 Θεῷ,
1431 934 1527 986 καὶ
1556 932 1683 985 ἵλεω

24 1020 173 1069 ποιεῖν
197 1018 293 1070 τὸν
319 1018 612 1089 Δεσπότην
637 1020 750 1081 τοῖς
772 1018 1010 1082 οἰκέταις
1047 1014 1208 1087 (εἶδες
1239 1020 1552 1091 παρῥησίας
1588 1022 1681 1090 μέ-

22 1104 203 1169 γεθος)
239 1105 507 1175 καθάπερ
544 1105 769 1176 μεσίτης
796 1123 881 1168 τις
912 1104 987 1158 ὢν
1019 1105 1153 1159 Θεοῦ
1204 1108 1297 1161 καὶ
1330 1106 1677 1178 ἀνθρώπων),

22 1187 136 1242 εἶδεν
154 1191 393 1258 ἄγγελον
423 1191 576 1245 ἔνδον
602 1192 831 1256 ἑστῶτα,
858 1194 951 1246 καὶ
974 1194 1156 1265 ἐπειδὴ
1184 1193 1478 1265 ἐξέπληξεν
1504 1198 1535 1264 ή
1558 1194 1680 1263 ὄψις

24 1278 95 1328 τὸν
134 1279 455 1347 ἄνθρωπον,
511 1281 674 1349 φησὶν
721 1280 959 1343 ἐκεῖνος·
1010 1280 1107 1349 Μὴ
1145 1282 1355 1349 φοϐοῦ,
1388 1282 1676 1350 Ζαχαρία,

20 1364 145 1417 διότι
170 1367 560 1433 εἰσηκούσθη
594 1368 632 1434 ή
662 1366 871 1433 δέησίς
901 1382 1038 1432 σου,
1074 1368 1173 1422 καί
1206 1368 1334 1421 ὶδοὺ
1354 1369 1499 1437 τέξῃ
1520 1370 1673 1424 υἱόν.

21 1454 111 1506 Καὶ
142 1452 265 1505 ποία
304 1452 459 1523 αῦτη
504 1453 819 1519 ἀκολουθία;
872 1455 1009 1526 ὑπὲρ
1041 1454 1134 1508 τοῦ
1175 1454 1305 1509 λαοῦ
1355 1456 1675 1527 παρεκάλει,

21 1538 138 1607 ὑπὲρ
176 1538 287 1590 τῶν
322 1540 746 1609 ἁμαρτημάτων
787 1539 986 1605 ἐδεῖτο,
1042 1541 1372 1613 συγγνώμην
1413 1543 1533 1614 ᾔτει
1561 1546 1676 1607 τοῖς

22 1625 323 1689 συνδούλοις,
369 1628 471 1679 καὶ
512 1626 680 1695 λέγει,
711 1625 807 1693 Μὴ
846 1627 1054 1696 φοϐοῦ,
1087 1630 1369 1697 Ζαχαρία,
1400 1631 1674 1699 ἠκούσθη

20 1715 106 1780 γὰρ
156 1716 190 1781 ἡ
235 1714 468 1781 δέησίς
517 1730 665 1769 σου·
731 1716 824 1769 καὶ
869 1714 964 1767 τοῦ
1023 1716 1355 1786 ἀκουσθῆναι
1406 1718 1674 1784 ἀπόδειξιν

21 1805 232 1856 ποιεῖται
264 1802 330 1855 τὸ
350 1802 724 1872 τεχθήσεσθαι
759 1804 922 1855 παῖδα
952 1802 1100 1873 αὑτῷ
1123 1804 1214 1856 τὸν
1249 1803 1535 1875 Ἰωάννηνς
1567 1806 1675 1859 Καὶ

22 1891 146 1957 μάλα
185 1890 451 1953 εἰκότως.
495 1889 714 1961 Ἐπειδὴ
755 1889 864 1960 γὰρ
894 1890 921 1930 ιι
953 1890 1092 1962 ὑπὲρ
1124 1890 1231 1944 τῶν
1274 1891 1554 1962 ἁμαρτιῶν
1579 1892 1671 1946 τοῦ

18 1977 125 2029 λαοῦ
160 1977 495 2047 παρεκάλει,
517 1977 707 2047 ἔμελλε
735 1977 792 2030 δὲ
828 1978 1032 2031 τίκτειν
1064 1979 1176 2031 υἱὸν
1203 1978 1411 2049 βοῶντα
1432 1996 1446 2010 ·
1483 1980 1595 2033 Ἴδε
1638 1983 1672 2035 ό

18 2065 180 2131 ἀμνὸς
212 2065 322 2118 τοῦ
360 2065 511 2119 Θεοῦ
541 2068 574 2119 ό
611 2066 795 2133 αἴρων
820 2065 937 2133 τὴν
962 2066 1253 2134 ἁμαρτίαν
1282 2067 1388 2121 τοῦ
1417 2067 1669 2136 κόσμου,

21 2152 240 2215 εἰκότως,
279 2153 477 2221 φησὶν,
502 2153 885 2220 Είσηκούσθη
908 2154 946 2220 ἡ
991 2153 1199 2221 δέησίς
1228 2169 1365 2215 σου,
1395 2154 1495 2208 καί
1527 2154 1669 2225 τέξῃ

20 2239 148 2293 υἱόν.
182 2239 246 2291 Τί
289 2236 394 2292 οὖν
426 2241 665 2304 ἐκεῖνος;
698 2240 772 2293 Τὸ
800 2239 909 2310 γάρ
949 2238 1281 2311 ζητούμενον
1311 2239 1470 2295 τοῦτό
1500 2244 1666 2308 ἐστιν,

19 2326 170 2378 ὅτιτὸ
204 2326 674 2398 περιεργάζεσθαι
720 2328 951 2398 τρόπους
999 2328 1263 2398 χρησμῶν
1297 2328 1455 2383 θείων
1499 2330 1671 2398 ἀσύγ-

20 2414 230 2477 γνωστόν
259 2416 411 2478 ἐστι,
452 2415 552 2477 τάς
588 2416 645 2468 δὲ
690 2415 991 2483 ἀποφάσεις
1024 2416 1202 2468 πίστει
1246 2415 1492 2486 δέχεσθαι
1540 2420 1663 2490 χρή.

22 2498 144 2552 εἶδεν
171 2502 254 2564 είς
282 2502 393 2571 τὴν
425 2500 642 2571 ἡλικίαν
673 2501 770 2572 τὴν
813 2501 1028 2567 ἐαυτοῦ,
1074 2505 1152 2565 είς
1192 2503 1292 2573 τὴν
1328 2504 1539 2567 πολιὰν,
1587 2506 1668 2570 είς

20 2590 63 2640 τὸ
84 2589 231 2660 σῶμα
285 2590 355 2643 τὸ
406 2589 799 2659 ἐξησθενηκὸς·
883 2585 1019 2642 εἶδεν
1096 2591 1176 2654 είς
1221 2591 1318 2660 τὴν
1386 2592 1667 2663 στείρωσιν

19 2677 96 2743 τῆς
124 2676 414 2743 γυναικὸς.
465 2678 558 2731 καῖ
608 2675 949 2746 διηπίστησε.
1019 2677 1236 2731 καὶτὸν
1295 2678 1492 2749 τρόπον
1542 2678 1668 2751 ἐζή-

22 2780 126 2832 τησε
167 2765 392 2834 μαθεῖν,
454 2764 549 2817 καὶ
586 2759 741 2815 εἷπε·
810 2763 969 2817 Κατὰ
1022 2766 1078 2817 τί
1122 2766 1416 2834 γνώσομαι
1461 2766 1665 2831 τοῦτο;

21 2852 136 2915 Πῶς,
180 2856 398 2924 φησὶν,
451 2853 601 2906 ἔσται
638 2852 828 2918 τοῦτο;
891 2854 1019 2908 Ἰδοὺ
1079 2853 1189 2922 ἐγὼ
1239 2856 1521 2929 γεγήρακα
1574 2860 1667 2912 καὶ

20 2942 371 3012 ππολίωμαι,
423 2941 516 2994 καὶ
555 2942 745 3012 ὴγυνή
798 2958 898 3010 μου
945 2944 1132 3012 στεῖρα
1188 2943 1558 3013 προϐεϐηκυῖα
1608 2947 1667 2998 ἐν

19 3029 383 3099 ταῖςήμέραις
431 3029 629 3097 αύτῆςο
673 3029 706 3097 ὴ
748 3026 930 3098 ἡλικία
982 3028 1178 3098 ἄωρος.
1214 3030 1246 3098 ἡ
1295 3028 1453 3096 φύσις
1493 3031 1667 3103 ἄκρη·
1710 3060 1719 3069 ο

22 3132 149 3178 στος·
188 3117 317 3179 πῶς
352 3116 465 3186 ἔχει
498 3116 653 3184 λόγον
672 3116 740 3169 τά
778 3115 1199 3186 ἐπηγγελμένας
1233 3116 1342 3185 ἐγὼ
1374 3119 1402 3170 6
1429 3119 1666 3188 σπείρων

16 3202 223 3274 ἀσθενής
247 3221 268 3233 ο
298 3205 333 3275 ή
368 3203 576 3275 ἄρουρα
610 3204 821 3273 ἄγονος.
849 3200 974 3275 'A9‘
1002 3204 1063 3256 06
1090 3204 1236 3257 δοκεῖ
1270 3222 1379 3258 τισι
1424 3206 1667 3275 συγγνώ·

18 3311 104 3363 μης
124 3294 284 3359 ἄξιος
328 3290 465 3347 εἶναι
512 3296 849 3367 πραγμάτων
887 3295 1209 3351 ἀκολουθίαν
1237 3297 1531 3368 ἐπιζητῶν,
1572 3298 1667 3352 καὶ

14 3382 159 3436 δοκῶν
197 3402 262 3438 τι
306 3384 485 3452 λέγειν
528 3385 706 3451 είκός;
762 3385 903 3440 Ἀλλ’
932 3387 992 3439 o6
1024 3384 1101 3456 τῷ
1144 3386 1261 3456 Θεῷ
1301 3386 1479 3453 ἔδοξεν
1520 3388 1665 3454 ἄξιος

16 3467 159 3523 εἶναι·
201 3474 308 3526 καὶ
336 3470 482 3543 μάλα
508 3472 751 3535 εἰκότως.
792 3474 957 3527 Ὅταν
990 3474 1097 3545 γάρ
1128 3477 1155 3527 ό
1186 3474 1316 3538 Θεὸς
1358 3476 1667 3548 ἀποφαίνη-

16 3575 104 3619 ται,
132 3560 437 3629 λογισμοὺς
465 3562 631 3613 κινεῖν
658 3561 719 3614 06
749 3562 875 3633 χρὴ,
913 3562 1035 3614 οὐδὲ
1080 3564 1418 3633 πραγμάτων
1443 3565 1667 3619 ἀκολου-

16 3646 134 3713 θίαν,
173 3649 306 3701 οὐδὲ
336 3648 552 3718 φύσεως
574 3649 819 3722 ἀνάγκην
847 3649 1264 3721 προϐάλλεσθαι,
1291 3651 1413 3704 οὐδὲ
1462 3652 1588 3706 ἄλλο
1612 3670 1667 3706 τι

17 3736 104 3786 τῶν
146 3736 409 3789 τοιούτων
436 3735 588 3793 οὐδέν
609 3753 623 3768 ο
676 3738 894 3792 πάντων
922 3737 1029 3809 γὰρ
1060 3737 1265 3792 τούτων
1296 3740 1542 3811 άνωτέρα
1568 3741 1667 3811 τῆς

18 3825 331 3891 ἀποφάσεως
373 3824 407 3890 ἡ
440 3822 667 3894 δύναμις
709 3824 883 3877 οὐδενὶ
909 3824 1308 3897 διακοπτομένη
1362 3826 1663 3897 κωλύματι.

18 3912 68 3963 Τί
96 3915 296 3976 ποιεῖς,
334 3912 618 3984 ἄνθρωπες
647 3915 675 3967 6
700 3914 833 3978 Θεὸς
868 3915 1281 3983 ἐπαγγέλλεται,
1316 3911 1409 3969 καλ
1436 3918 1529 3970 ἐπὶ
1552 3918 1669 3988 ἡλι-

20 4002 121 4053 ιξαν
154 4000 548 4071 καταφεύγεις,
590 4002 739 4076 [455]
775 4004 869 4056 καὶ
897 4005 1071 4075 γῆρας
1106 4004 1417 4078 προϐάλλῃ;
1454 4008 1528 4078 μὴ
1561 4010 1667 4080 γάρ

19 4089 354 4159 ἰσχυρότερον
398 4089 461 4143 τὸ
505 4092 683 4162 γῆρας
721 4090 823 4160 τῆς
864 4090 1196 4160 ἐπαγγελίας
1231 4092 1326 4145 τοῦ
1379 4094 1546 4160 Θεοῦ;
1591 4097 1666 4167 μὴ

20 4178 105 4247 γὰρ
133 4177 480 4250 δυνατωτέρα
513 4179 547 4249 ή
585 4178 745 4248 φύσις
772 4178 865 4232 τοῦ
904 4179 1237 4250 δημιουργοῦ
1276 4182 1375 4250 τῆς
1418 4181 1663 4250 φύσεως;

22 4269 95 4319 >61
140 4265 294 4332 οἶδας
342 4270 425 4321 ὅτι
481 4270 677 4339 ίσχυρά
726 4269 863 4341 ἔργα
892 4269 1085 4337 ιλόγων
1136 4269 1330 4335 αὐτοῦ;
1395 4271 1453 4325 'U
1504 4272 1660 4342 λόγος

21 4356 159 4409 εὖτοῦ
185 4358 281 4409 τὸν
326 4356 552 4426 οὐρανὸν
598 4356 844 4429 ἔστησεν·
885 4360 913 4412 6
940 4358 1097 4425 λόγος
1135 4358 1302 4412 αὑτοῦ
1344 4360 1441 4430 τὴν
1489 4361 1667 4414 κτίσιν

21 4448 357 4517 παρήγαγενο
403 4448 433 4499 6
487 4446 641 4514 λόγος
696 4445 861 4500 αὑτοῦ
930 4445 1194 4515 ἀγγέλους
1261 4448 1518 4519 ἐποίησε,
1576 4451 1667 4503 καὶ

22 4536 67 4585 :6
113 4536 243 4605 περὶ
306 4534 612 4605 γεννήσεως
682 4534 1081 4604 ἀμφιϐάλλειςς
1132 4535 1230 4589 Διά
1284 4537 1458 4590 ταῦτα
1495 4539 1665 4607 ὴγαν-

23 4620 235 4689 ἱκτησεν
280 4622 309 4673 6
350 4621 601 4689 ἄγγελος,
652 4622 745 4673 καί⁵
787 4621 907 4674 οὐδὲ
944 4620 1034 4674 διὰ
1058 4623 1159 4692 τὴν
1206 4622 1504 4693 ἱερωσύνην
1532 4640 1659 4676 συν-

230 4706 320 4760 διά
364 4708 569 4777 ταύτην
620 4708 715 4777 μὲν
762 4704 854 4761 οὗν
904 4709 996 4761 καὶ
1054 4707 1344 4773 ἐκολάζετο
1382 4710 1663 4776 μειζόνως.

24 4792 102 4844 ι’ὸν
129 4795 239 4864 γὰρ
287 4794 447 4847 πλέον
487 4795 595 4847 τῶν
626 4794 804 4849 ἄλλων
836 4797 915 4857 εἰς
947 4796 1113 4866 τιμῆς
1146 4795 1337 4865 έχοντα
1382 4797 1535 4866 λόγον
1574 4792 1667 4857 καὶ

25 4884 127 4951 ιερὶ
159 4883 260 4954 τὴν
305 4883 487 4937 πίστιν
515 4884 623 4936 τῶν
656 4884 830 4937 ἄλλων
879 4885 1223 4939 πλεονεκτεῖν
1270 4886 1397 4941 ἔδει.
1447 4888 1555 4942 Καὶ
1586 4889 1667 4951 τίς

26 4972 34 5019 ὲ
66 4972 263 5040 τρόπος
291 4972 391 5042 τῆς
433 4972 740 5038 κολάσεως;
784 4972 940 5027 Ἰδοὺ
978 4972 1094 5042 ἔσῃ
1135 4973 1396 5038 σιωπῶν,
1452 4977 1549 5031 καὶ
1584 4977 1673 5047 μὴ,

25 5056 331 5129 ἲυνάμενος
366 5059 582 5114 λαλεῖν
619 5071 665 5113 ο.
712 5061 779 5115 Ἦ
808 5061 1029 5130 γλῶσσά
1056 5078 1172 5126 σου,
1208 5062 1392 5132 φησὶν,
1423 5063 1459 5133 ἡ
1480 5064 1663 5133 διηκο-

41 5249 89 5315 l‘
112 5248 244 5315 Ηεε,
270 5252 335 5307 εἰς
357 5252 479 5302 αύτά
496 5253 557 5301 τὰ
577 5253 743 5311 ἄδυτα,
768 5255 817 5302 in
838 5253 1055 5302 Savil.et
1077 5251 1123 5302 in
1143 5255 1328 5314 aliquot
1349 5266 1461 5305 mss.
1487 5256 1668 5307 desunt

28 5312 97 5373 lit.
120 5312 206 5359 sed
241 5322 494 5373 ponuntur
522 5315 642 5363 infra
665 5316 738 5363 sic
757 5335 768 5363 :
796 5317 877 5363 καὶ
900 5316 1172 5373 ἀνθρώπων
1211 5312 1274 5370 εἰς
1296 5316 1417 5363 αὐτὰ
1437 5317 1495 5364 τὰ
1518 5318 1666 5367 ἄδυτα

28 5372 147 5446 [δίναν
168 5372 437 5446 παρελθὼν,
478 5376 615 5446 εξδενε
659 5376 813 5446 Ραιξις)
846 5384 957 5446 p9_sl
986 5372 1111 5446 hgec,
1134 5379 1234 5446 πῶς
1256 5380 1337 5446 καὶ
1357 5375 1442 5425 τοῦ
1465 5380 1666 5446 πλήθους

30 5436 164 5503 παντὸς
187 5436 468 5503 ἀντίρρποὲ
488 5438 565 5503 ἦν,
587 5438 765 5486 desunt
790 5436 1073 5503 in'Morel.,
1101 5439 1189 5503 sed
1213 5438 1460 5487 habentur
1477 5442 1525 5487 in
1546 5455 1661 5490 mss.

30 5499 201 5563 naxjma
222 5499 386 5563 βατίς.
433 5499 733 5563 Βαυίολροει
758 5502 953 5561 quidam
979 5512 1093 5548 mss.
1118 5501 1388 5563 ἀναφέρειν,
1418 5507 1468 5549 et
1494 5509 1664 5563 postea

187 5556 274 5627 pb:
315 5560 492 5627 notet.
536 5556 695 5627 pariet.
712 5556 953 5627 évévéewv
976 5568 1029 5627 ει
1051 5556 1228 5627 miri
1248 5556 1355 5627 Μοι
1371 5556 1520 5621 “md?
1546 5565 1664 5621 εἶδες

29 5620 258 5713 αξρρὶσίπς
284 5623 663 5713 μέγεθος,ηόερεῑ
683 5622 731 5671 in
755 5620 906 5713 Sari].
934 5629 987 5713 ἓξ
1010 5624 1061 5671 in
1083 5622 1507 5713 qlii‘béusd9m‘msgs.

111 5680 315 5755 9‘01?!th
335 5680 455 5733 mss.
486 5680 736 5745 Ἰωάννηνς
760 5686 841 5733 καὶ
867 5686 1047 5749 σφόδρα
1066 5680 1217 5743 πολλή
1236 5687 1315 5733 καὶ
1339 5685 1657 5749 εὐπρόσωπος·

34 5752 97 5781 ιε

31 5741 371 5917 ζῖιῖίγῇσῗὲθκαὶ
391 5808 457 5870 μὴ
478 5808 729 5865 δυνάμενος
747 5808 921 5869 λαλεῖν,
955 5808 1133 5861 desunt
1152 5811 1203 5861 in
1236 5809 1521 5871 quibusdam
1545 5826 1656 5863 11158-

3348 386 3451 440 7|!

1792 516 1919 567 νησε
1970 499 2103 569 πρὸς
2148 497 2245 567 τὴν
2295 497 2399 550 τῶν
2445 498 3024 566 ῥημάτο›νςάπιστίαν,
3064 498 3202 569 αῦτη
3246 481 3452 563 δέξεται

1790 591 1884 639 καὶ
1921 587 2016 656 τὴν
2052 586 2143 637 ἐπὶ
2182 588 2247 654 τῇ
2276 584 2502 653 ἀπιστία
2532 585 2829 653 τιμωρίαν
2880 584 3026 637 Ἰδοὺ
3060 585 3176 653 ἔσῃ
3213 586 3457 639 σιωπῶν

1790 675 1887 725 καὶ
1932 673 2017 741 μὴ
2065 671 2291 736 λαλῶν,
2325 670 2435 735 ἓως
2469 670 2546 723 ἂν
2600 670 2841 739 γένηται
2893 672 3099 725 ταῦτα.
3170 673 3454 742 Ἐννόησον

1791 758 2194 829 φιλανθρωπίαν
2217 758 2485 809 Δεσπότου
2508 773 2520 787 ·
2557 757 2829 819 Ἀπιστεῖς
2853 774 2965 826 μοι,
2986 758 3119 827 φησί
3141 776 3154 789 ·
3181 758 3274 811 νῦν
3295 759 3453 827 δέχου

1788 846 1885 916 τὴν
1929 845 2166 907 κόλασιν,
2204 845 2297 896 καὶ
2332 844 2457 895 ὅταν
2503 841 2591 894 διὰ
2640 842 2749 893 τῶν
2796 844 3136 913 πραγμάτων
3186 846 3455 914 παράσχω

1788 934 1885 1004 τὴν
1924 932 2214 996 ἀπόδειξιν,
2250 931 2369 982 τότε
2416 930 2527 982 λύω
2566 931 2664 999 τὴν
2710 931 2881 999 όργήν
2906 948 2916 959 ·
2946 932 3075 983 ὅταν
3126 932 3322 1004 μάθῃς,
3372 934 3454 985 ὅτι

1786 1016 2009 1076 δικαίως
2049 1014 2367 1082 ἐκολάσθης,
2396 1014 2515 1066 τότε
2551 1014 2608 1065 σὲ
2643 1013 2967 1066 ἀπαλλάττω
3015 1016 3116 1083 τῆς
3158 1018 3451 1085 τιμωρίας.

1797 1102 2166 1155 Ἀκουέτωσαν
2188 1104 2237 1153 οί
2280 1102 2545 1170 Ἀνόμοιοι
2572 1100 2687 1163 πῶς
2717 1102 3016 1168 ἀγανακτεῖ
3061 1102 3454 1172 πολυπραγμο-

1785 1188 2039 1258 νούμενος
2078 1190 2106 1240 6
2152 1189 2304 1251 Θεός.
2357 1189 2420 1240 Ei
2462 1189 2517 1240 δὲ
2560 1189 2767 1249 ἐκεῖνος
2816 1190 3125 1258 ἀπιστήσας
3169 1192 3235 1259 τῇ
3282 1190 3451 1260 θνητῇ

1784 1277 2031 1346 γεννήσει
2070 1275 2374 1341 κολάζεται,
2423 1276 2487 1327 σὺ
2530 1276 2558 1327 6
2585 1274 2682 1345 τὴν
2724 1275 3035 1345 ἀπόρρητον
3066 1278 3160 1329 καὶ
3200 1277 3299 1346 τὴν
3341 1278 3453 1330 ἀνω

1785 1363 2279 1433 περιεργαζόμενος
2331 1362 2447 1426 πῶς
2493 1361 2759 1434 διαφεύξῃ
2806 1363 3115 1433 τιμωρίαν,
3158 1364 3278 1416 είπέ
3327 1380 3455 1433 μοις

1797 1452 2034 1515 Ἐκεῖνος
2066 1452 2165 1504 οὐκ
2193 1452 2531 1521 ἀπεφήνατο,
2563 1448 2699 1503 ἀλλά
2728 1450 2920 1520 μαθεῖν
2945 1451 3198 1520 ἠθέλησε,
3232 1454 3324 1505 καὶ
3351 1454 3453 1505 οὐκ

1783 1538 1938 1609 ἔτυχε
1974 1538 2300 1608 συγγνώμης
2324 1556 2338 1570 ·
2374 1538 2436 1590 σὺ
2466 1537 2522 1589 δὲ
2550 1538 2579 1589 6
2621 1538 2715 1590 καὶ
2752 1538 2951 1591 είδέναι
2986 1539 3455 1609 διισχυριζόμενος

1781 1627 1849 1680 τά
1876 1629 2039 1681 πᾶσιν
2070 1626 2273 1681 ἀθέατα
2318 1627 2411 1679 καὶ
2459 1625 2841 1696 ἀκατάληπτα,
2891 1626 3053 1679 ποίαν
3085 1627 3226 1690 ἕξεις
3250 1627 3449 1681 ἀπολο-

1782 1715 1937 1783 γίαν;
1966 1715 2086 1767 τίνα
2110 1715 2167 1768 δὲ
2206 1715 2304 1767 οῦκ
2333 1713 2612 1785 ἐπισπάσῃ
2642 1715 2781 1767 κατά
2810 1714 3009 1767 σαυτοῦ
3052 1715 3357 1785 τιμωρίαν;

1850 1811 1919 1873 γ’.
1937 1804 2075 1855 Ἀλλ’
2105 1804 2153 1856 οί
2182 1804 2278 1872 μὲν
2306 1804 2433 1873 περὶ
2452 1805 2757 1873 γεννήσεως
2773 1803 2920 1870 λόγοι
2936 1806 3059 1866 τοὺς
3078 1804 3453 1873 προσήκοντας

1779 1891 2195 1961 ἀναμενέτωσαν
2224 1890 2445 1960 καιρούς
2465 1904 2479 1920 ⁸
2511 1890 2648 1953 τέως
2675 1891 2732 1943 δὲ
2765 1891 2871 1961 ὁδῷ
2897 1891 3201 1962 βαδίζωμεν
3232 1892 3324 1947 ἐπὶ
3344 1890 3444 1960 τὴν

1780 1979 2047 2050 προτέραν
2080 1978 2355 2040 ὑπόθεσιν,
2385 1974 2452 2049 ἦς
2481 1979 2672 2049 πρῴην
2698 1978 2768 2031 τά
2797 1978 3024 2047 λείψανα
3058 1978 3445 2047 κατελίπομεν,

1777 2068 1875 2137 τὴν
1900 2067 2148 2137 ὀλεθρίαν
2172 2066 2445 2121 ἐκσπάσαι
2466 2066 2621 2136 ῥίζαν
2650 2066 3076 2137 ἐπιχειροῦντες,
3106 2066 3205 2137 τὴν
3229 2066 3449 2119 πάντων

1781 2155 1989 2226 μητέρα
2013 2155 2122 2207 τῶν
2160 2154 2362 2217 κακῶν,
2396 2155 2489 2207 καὶ
2527 2154 2653 2208 ὅθεν
2679 2154 2863 2217 αὐτοῖς
2892 2153 2960 2206 τὰ
2986 2154 3234 2222 δόγματα
3267 2152 3445 2207 ταῦτα

1777 2242 2094 2312 ἐϐλάστησε.
2124 2242 2259 2295 Ποία
2275 2241 2331 2294 δὲ
2360 2243 2392 2312 ή
2427 2242 2551 2307 ῥίζα
2578 2241 2693 2294 τῶν
2721 2240 2906 2295 κακῶν
2936 2241 3159 2295 πάντων
3186 2257 3201 2305 ;
3230 2240 3463 2294 [Im-ceti»

1778 2346 1905 2385 σατε
1925 2347 1938 2360 ·
1966 2328 2132 2400 φρίκη
2162 2346 2228 2398 με
2256 2330 2476 2398 κατέχει
2503 2328 2765 2398 μέλλοντα
2790 2328 2962 2399 αὐτὴν
2986 2328 3232 2381 ἐκλαλεῖν
3254 2345 3267 2358 ·
3302 2328 3451 2380 ὀκνῶ

1774 2417 1881 2489 γάρ
1908 2417 1995 2470 διὰ
2016 2414 2259 2487 γλώττης
2283 2416 2535 2487 ἐκφέρειν
2561 2415 2597 2469 ἃ.
2640 2416 2937 2486 μελετῶσιν
2962 2418 3055 2469 ἐπὶ⁵
3082 2417 3178 2486 τῆς
3204 2416 3447 2479 διανοίας

1775 2506 1969 2559 ἐκεῖνοι
1993 2503 2299 2565 διαπαντός.
2329 2502 2423 2565 Τίς
2446 2498 2539 2556 οὖν
2575 2505 2721 2555 ἐστιν
2748 2504 2783 2574 ἡ
2812 2504 2935 2573 ῥίζα
2962 2502 3169 2556 τούτων
3200 2503 3309 2555 τῶν
3346 2522 3448 2556 κα-

1776 2592 1917 2655 κῶν;
1968 2592 2292 2661 Ἑτόλμησεν
2340 2589 2623 2661 ἄνθρωπος
2670 2592 2844 2645 εἰπεῖν
2891 2592 2996 2656 ὅτι,
3041 2590 3173 2643 Θεὸν
3202 2586 3339 2651 οἶδα,
3371 2591 3449 2653 ὡς

1774 2679 1933 2743 αὐτὸς
1971 2682 1999 2732 6
2039 2679 2169 2740 Θεὸς
2208 2678 2399 2731 ἐαυτὸν
2444 2675 2572 2730 οἶδε.
2617 2677 2801 2732 Ταῦτα
2847 2675 2939 2732 οὖν
2984 2679 3210 2747 ἐλέγχου
3253 2679 3453 2742 δεῖταιςγ

1772 2767 1941 2820 ταῦτα
1966 2765 2319 2831 ἀποδείξεως;
2349 2766 2446 2818 οὐκ
2474 2766 2632 2836 ἀρκεῖ
2676 2763 2811 2836 μόνη
2840 2767 2873 2835 ή
2906 2766 3157 2836 προφορά
3200 2765 3308 2818 τῶν
3357 2769 3449 2836 ῥη-

1778 2854 1960 2926 μάτων
1985 2853 2154 2918 δεῖξαι
2186 2854 2363 2907 πᾶσαν
2392 2852 2569 2905 αὐτῶν
2605 2851 2703 2923 τὴν
2734 2845 3023 2916 ἀσέϐειαν’;
3059 2852 3168 2905 Καὶ
3202 2853 3310 2925 γὰρ
3344 2870 3449 2923 μα-

1773 2942 1862 2995 νία
1901 2942 1985 3004 τίς
2032 2942 2147 2994 ἐστι
2190 2939 2363 2993 ταῦτα
2400 2939 2595 3009 σαφὴς,
2637 2940 2988 3010 παραπληξία
3031 2939 3439 3009 άσύγγνωστος,

1774 3026 2081 3097 καινότερος
2108 3026 2361 3087 ἀσεϐείας
2394 3024 2592 3096 τρόπος
2609 3042 2624 3057 ο
2646 3025 2829 3088 οὐδεὶς
2846 3025 3087 3079 τοιοῦτον
3120 3025 3271 3078 οὐδὲν
3287 3027 3440 3079 οὐδέ-

1774 3132 1905 3169 ποτε
1941 3114 2062 3168 οὔτε
2086 3115 2164 3177 είς
2182 3113 2305 3167 νοῦν
2334 3112 2609 3183 βαλέσθαι,
2631 3112 2753 3167 οὔτε
2779 3114 2867 3168 διὰ
2904 3116 3003 3185 τῆς
3044 3114 3289 3185 γλώττης
3314 3132 3447 3185 προ-

1773 3204 2014 3270 ενεγκεῖν
2042 3201 2356 3272 ἐτόλμησεν.
2394 3201 2693 3271 Ἐννόησον,
2718 3200 2866 3255 ἄθλιε
2886 3204 2979 3255 καὶ
3000 3202 3336 3275 ταλαίπωρε,
3362 3205 3447 3268 τίς

1772 3285 1948 3351 dum).
1971 3289 2093 3342 τίνα
2116 3286 2453 3360 περιεργάζῃ
2468 3305 2480 3318 ·
2507 3288 2600 3343 ἄνθ
2610 3306 2790 3361 ρωπος
2812 3288 2886 3342 ῶν
2905 3276 3038 3345 Θεὸν
3058 3291 3449 3363 πολυπραγμο-

1773 3380 1918 3442 νεῖς;
1956 3377 2139 3447 Ἀρκεί
2158 3376 2263 3447 γάρ
2293 3377 2360 3430 τά
2396 3376 2633 3447 ὀνόματα
2672 3376 2799 3446 ψιλὰ
2824 3377 2923 3447 τῆς
2943 3379 3127 3442 ἀνοίας
3154 3378 3317 3443 δεῖξαι
3350 3382 3455 3451 τὴν,

1774 3463 2096 3535 ὑπερϐολὴν,
2123 3464 2404 3535 ἄνθρωπος
2427 3464 2497 3534 γῆ
2528 3464 2622 3517 καὶ
2658 3465 2847 3527 σποδὸς
2869 3465 3151 3537 ὑπάρχων,
3195 3466 3330 3538 σὰρξ
3351 3468 3455 3521 καὶ

1773 3549 1944 3622 αἷμα,
1987 3551 2178 3623 χόρτος
2218 3552 2311 3604 καὶ
2340 3550 2499 3614 ἄνθος
2540 3552 2756 3623 χόρτου,
2803 3553 2928 3605 σκιά
2966 3554 3062 3605 καὶ
3099 3554 3304 3617 καπνὸς
3352 3556 3447 3608 καὶ

1777 3638 2091 3709 ματαιότης,
2109 3638 2203 3691 καὶ
2229 3636 2283 3690 εί
2302 3654 2354 3690 τι
2382 3638 2585 3693 τούτων
2605 3640 2991 3711 ἀδρανέστερον
3011 3640 3105 3693 καὶ
3133 3641 3447 3694 εὐτελέστεο

1778 3742 1887 3796 ρον.
1926 3725 2035 3778 Καὶ
2073 3725 2147 3794 μὴ
2176 3725 2436 3795 νομίσητε
2464 3726 2798 3797 κατηγορίαν
2821 3721 2958 3780 εἶναι
2998 3727 3097 3796 τῆς
3140 3726 3352 3796 φύσεως
3379 3729 3446 3783 τά

1773 3812 2040 3881 λεγόμενα
2067 3827 2079 3839 ·
2103 3810 2224 3864 οὐδέ
2260 3810 2369 3883 γὰρ
2406 3811 2516 3880 ἐγὼ
2542 3811 2714 3866 ταῦτα
2744 3813 2907 3881 λέγω,
2949 3812 3064 3866 ἀλλ’
3093 3815 3143 3867 οἱ
3170 3815 3446 3885 προφῆται

1774 3899 1946 3953 ταῦτα
1988 3899 2383 3969 φιλοσοφοῦσιν,
2431 3899 2531 3953 οὐκ
2574 3900 2928 3970 ἀτιμάζοντες
2969 3902 3128 3972 ήμῶν
3164 3902 3225 3954 τὸ
3266 3904 3440 3971 γένος,

1774 3992 1907 4047 ἀλλὰ
1932 3991 2375 4055 καταστέλλοντες
2393 3992 2500 4044 τῶν
2519 3993 2757 4062 ἀνοήτων
2786 3992 2845 4045 τὸ
2872 3992 3105 4063 φύσημα
3121 4010 3135 4024 ο
3170 3994 3269 4047 οὑκ
3295 3994 3444 4060 ἐξευ-

1773 4082 2071 4145 τελίζοντες
2109 4082 2263 4151 ήμῶν
2294 4081 2390 4152 τὴν
2417 4082 2598 4151 φύσιν,
2628 4082 2763 4137 ἀλλὰ
2786 4084 3165 4148 ταπεινοῦντες
3191 4084 3297 4138 τῶν
3321 4104 3445 4155 μαι-

1774 4171 2014 4242 νομένων
2066 4169 2164 4238 τὴν
2208 4169 2485 4223 ἀπόνοιαν.
2531 4170 2593 4222 Εί
2635 4171 2743 4241 γάρ
2794 4171 3030 4225 τοσαῦτα
3080 4172 3175 4225 καὶ
3225 4172 3453 4225 τοιαῦτα»

1775 4263 2074 4335 εἰρηκότων
2110 4260 2259 4334 [456]
2307 4260 2529 4315 ἐκείνων
2574 4263 2724 4332 ὅμως
2755 4262 3031 4333 ἐφάνησάν
3067 4280 3211 4327 τινες
3254 4266 3302 4315 οί
3348 4262 3443 4316 τοῦ

1774 4352 2020 4405 διαϐόλου
2044 4350 2142 4422 τὴν
2175 4350 2576 4427 μεγαληγορίαν
2608 4353 2947 4422 νικήσαντες,
2969 4356 3017 4405 εί
3045 4352 3211 4423 μηδὲν
3237 4352 3456 4405 τούτων.

1761 4443 1982 4514 εἴρητο,
2015 4440 2117 4495 ποῦ
2136 4442 2234 4494 οὐκ
2259 4440 2325 4494 ἂν
2356 4440 2707 4505 ἐξελάκτισαν
2729 4442 3009 4507 ἀπονοίας,
3037 4440 3156 4494 είπέ
3206 4458 3320 4511 μοι.
3379 4442 3453 4494 Et.

1732 4532 1955 4600 ,ἔχουσι
1980 4530 2043 4583 τὸ
2064 4530 2353 4600 φάρμακον
2380 4529 2724 4598 ἐπικείμενον
2765 4530 2857 4582 καὶ
2897 4528 2976 4582 ἔτι
3008 4528 3441 4599 φλεγμαίνουσι,

1776 4620 1877 4679 ποῦ
1919 4622 2019 4673 οῦκ
2056 4619 2121 4673 ἂν
2146 4620 2311 4686 ὄγκου
2339 4618 2432 4673 καὶ
2470 4617 2724 4681 ἀπονοίας
2761 4617 3171 4689 ἐξεφυσήθησαν
3202 4617 3252 4682 ἀ,
3286 4618 3337 4669 εί
3369 4616 3444 4686 μὴ

1774 4707 2007 4763 τοσαῦτα
2035 4708 2129 4761 καὶ
2157 4705 2379 4784 τοιαῦτα
2417 4706 2767 4776 ἀπεφήναντο
2808 4706 2936 4777 περὶ
2969 4706 3066 4775 τῆς
3096 4705 3312 4774 φύσεως
3345 4706 3444 4775 τῆς

1773 4794 2117 4865 ἀνθρωπίνης
2150 4795 2380 4857 έκεῖνοι;
2433 4794 2700 4846 ’Ἄκουσον
2726 4792 2856 4862 γοῦν
2885 4792 2937 4844 τί
2966 4809 3131 4861 φησιν
3169 4795 3199 4845 6
3238 4792 3443 4853 δίκαιος

1776 4883 2121 4952 πατριάρχης
2169 4880 2297 4949 περὶ¹
2331 4880 2559 4937 ἑαυτοῦ·
2597 4879 2737 4948 Ἐγὼ
2779 4879 2845 4932 δέ
2890 4882 3005 4946 ειμι
3050 4878 3127 4947 γῆ
3157 4878 3257 4932 καί
3288 4893 3442 4930 σπο-

1774 4968 1899 5033 δός.
1930 4968 2048 5038 Θεῷ
2073 4966 2360 5036 διελέγετο,
2386 4969 2481 5025 καὶ
2507 4969 2607 5020 06x
2631 4968 2832 5037 ἐπῆρεν
2868 4966 3027 5019 αὐτὸν
3059 4967 3093 5034 ή
3124 4964 3404 5035 παρῥησία
3423 4980 3437 4995 ⁸

1774 5054 1912 5126 αὓτη
1948 5056 2045 5124 μὲν
2083 5048 2197 5118 οὖν,
2244 5054 2381 5123 αὕτη
2416 5053 2726 5125 μετριάζειν
2757 5054 2917 5106 αὐτὸν
2942 5050 3245 5105 ἀνέπειθεν.
3281 5043 3445 5107 Οὗτοι

1772 5142 1827 5195 δὲ
1856 5142 1974 5195 οὐδὲ
1994 5143 2093 5211 τῆς
2126 5144 2284 5205 σκιᾶς
2306 5142 2458 5205 ὄντες
2480 5140 2618 5204 ἄξιοι
2656 5141 2752 5211 τῆς
2787 5140 3018 5203 ἐκείνου,
3058 5138 3167 5192 τῶν
3194 5140 3442 5207 ἀγγέλων

1773 5229 1951 5281 αὐτῶν
1994 5230 2211 5300 μείζους
2244 5230 2467 5291 ἑαυτοὺς
2505 5224 2645 5281 εἶναι
2673 5228 3004 5296 νομίζουσιν,
3040 5227 3177 5297 ὅπερ
3205 5228 3442 5299 ἐσχάτης

1773 5318 1888 5369 ἐστὶ
1922 5317 2117 5387 μανίας
2158 5316 2447 5380 ἀπόδειξις.
2479 5315 2631 5377 Θεὸν,
2667 5316 2786 5369 είπέ
2822 5333 2932 5386 μοι,
2964 5314 3302 5387 περιεργάζῃ
3346 5316 3440 5369 τὸν

1771 5404 2021 5474 ἄναρχον,
2056 5405 2146 5457 τὸν
2172 5403 2547 5467 ἀναλλοίωτον,
2569 5404 2657 5457 τὸν
2677 5402 2988 5473 ἀσώματον,
3021 5403 3110 5458 τὸν
3139 5404 3439 5474 ἄφθαρτον,

1770 5494 1859 5547 τὸν
1877 5496 2143 5565 πανταχοῦ
2172 5494 2433 5564 παρόντα,
2449 5496 2541 5549 καὶ
2568 5494 2745 5548 πάντα
2768 5495 3162 5566 ὑπερϐαίνοντα
3179 5498 3271 5549 καὶ
3295 5497 3438 5549 ἀνω-

1769 5581 1912 5651 τέρω
1938 5582 2035 5651 τῆς
2069 5581 2293 5644 κτίσεως
2321 5582 2537 5651 ἀπάσης
2562 5582 2712 5636 ὅντα.
2753 5584 3016 5638 ’Ἄκουσον
3044 5584 3096 5637 τί
3125 5578 3438 5654 φιλοσοφοῦ-

1773 5686 1855 5722 σιν
1871 5672 1919 5722 0!
1940 5669 2216 5741 προφῆται
2235 5670 2360 5739 περὶ
2384 5669 2569 5736 αὐτοῦ,
2587 5671 2679 5726 καὶ
2704 5670 2985 5746 φοϐήθητι·
3024 5673 3087 5726 '0
3103 5672 3439 5729 ἐπιϐλέπων

1832 5875 1858 5911 ά
1887 5872 1984 5924 Alii
2013 5872 2325 5937 ἐφυσήθησαν.
