3864 6232
110 313 211 367 715

99 434 202 475 tam
226 430 427 477 terram
449 422 751 480 concussit.
772 426 876 492 Qui
898 431 1067 499 tangit
1093 442 1312 497 ntontes,
1330 443 1379 487 et
1398 434 1660 503 fumigant

96 513 285 585 (Ibid.)
305 531 323 567 :
339 518 667 585 quiconcutit
682 528 880 573 terram
897 538 928 573 a
946 521 1387 589 fundamentis,et
1407 529 1663 581 columna:

90 610 199 676 ejus
219 620 430 663 nutant:
447 612 534 683 qui
550 616 787 665 minatur
798 616 956 677 mari,
974 626 1024 669 et
1041 618 1203 670 siccat
1222 619 1357 672 illud
1385 619 1505 691 (Job
1524 621 1658 690 9.6):

94 700 193 765 Qui
212 702 341 753 dicit
356 700 564 771 abysso,
577 701 907 760 Desolaberis
925 706 1277 776 (Isa.44.27);
1299 710 1447 765 Mare
1464 711 1667 776 vidit,et

91 791 249 858 fugit;
269 789 524 846 Iordanis
546 810 824 849 conversus
847 806 923 851 est
941 809 1253 853 retrorsum:
1272 812 1469 855 montes
1486 803 1667 856 exsul-

90 891 325 935 taverunt
346 884 479 936 sicut
498 887 708 949 arietes,
733 898 780 941 et
806 889 965 943 colles
982 892 1119 944 sicut
1144 893 1266 961 agni
1288 893 1459 946 ovium
1485 893 1657 964 (Psal.

90 976 348 1044 113.54).
366 976 554 1032 Omnis
576 988 825 1036 creatura
848 991 1115 1050 movetur,
1142 986 1355 1053 metuit,
1375 987 1669 1039 contremi-

90 1066 210 1120 scit:
227 1068 281 1121 hi
298 1070 397 1122 soli
423 1069 753 1140 despiciunt.
776 1075 1075 1149 negligunt,
1097 1078 1325 1132 salutem
1344 1093 1496 1132 suam
1516 1074 1669 1142 parvi

88 1158 323 1212 faciunt:
344 1164 605 1218 nonenim
627 1165 1170 1232 dixerim,Dominum
1186 1171 1454 1225 omnium.
1478 1170 1665 1241 Nuper

88 1265 181 1305 eos
198 1268 229 1305 a
256 1269 611 1324 supernarum
639 1255 915 1313 Virtutum
941 1262 1192 1330 exemplo
1213 1261 1666 1329 admouebamus,

86 1343 679 1417 angelis,archangelis,
694 1348 989 1404 Cberubim
1006 1359 1057 1407 et
1073 1348 1380 1421 Seraphin),
1409 1370 1554 1409 nunc
1576 1370 1668 1409 ve-

92 1450 153 1487 ro
164 1435 236 1489 ab
252 1436 552 1491 insensibili
572 1448 823 1494 creatura
844 1459 858 1495 :
877 1455 1052 1509 neque
1070 1451 1250 1496 tamen
1266 1443 1344 1497 sic
1361 1443 1669 1499 afficiuntur

85 1527 312 1595 pudore.
354 1529 548 1584 Annon
582 1533 736 1587 vides
762 1532 867 1587 hoc
900 1535 1093 1588 caelum
1120 1573 1135 1596 ,
1164 1550 1325 1605 quam
1355 1536 1668 1606 pulchrum,

90 1634 254 1685 quam
276 1636 557 1690 magnum,
580 1639 743 1694 quam
766 1627 919 1680 vario
945 1627 1113 1681 choro
1143 1627 1420 1681 stellarum
1440 1642 1671 1683 corona-

86 1719 226 1764 tum:
250 1721 514 1781 quantum
539 1718 801 1786 temporis
821 1718 1128 1773 duraverit?
1144 1718 1274 1774 Plus
1292 1720 1534 1790 quinque
1552 1720 1667 1775 mil-

86 1802 231 1858 libus
251 1806 411 1861 annis
434 1809 607 1869 stetit,
623 1819 675 1862 et
693 1808 1029 1865 diuturnitas
1049 1810 1309 1880 temporis
1325 1811 1531 1866 nullam
1552 1811 1656 1882 ipsi

90 1899 419 1944 senectutem
446 1890 644 1945 invexit
672 1910 685 1947 :
718 1893 811 1947 sed
838 1893 973 1946 sicut
994 1908 1190 1963 corpus
1216 1893 1453 1963 juvenile
1482 1904 1536 1949 et
1579 1912 1665 1948 ro-

90 1979 302 2032 bustum
341 1981 525 2037 florem
547 1984 717 2036 :etatis
746 1982 1091 2051 vigoremque
1115 1994 1323 2051 servat;
1354 1984 1423 2038 ita
1465 1996 1520 2039 et
1562 2000 1666 2039 0:1!-

90 2072 219 2135 lum,
254 2088 411 2141 quam
451 2073 517 2127 ah
562 2074 709 2127 initio
757 2075 939 2129 habuit
964 2075 1415 2144 pulchritudinem
1444 2092 1664 2132 conser-

89 2164 255 2229 vavit,
288 2179 385 2218 uec
400 2167 653 2234 temporis
682 2165 1030 2221 diuturnitate
1056 2167 1321 2221 ullatenus
1348 2168 1665 2223 imbecillius

89 2256 296 2307 evasit:
328 2255 420 2309 sed
452 2256 578 2310 illud
608 2257 676 2310 ita
721 2256 1038 2326 pulchrum,
1099 2273 1348 2327 magnum
1374 2300 1391 2323 ,
1443 2259 1620 2312 Icelum
1645 2302 1660 2326 ,

86 2348 259 2401 stellis
284 2357 551 2413 ornatum,
571 2360 902 2419 perpetuum,
930 2350 1127 2405 tamdiu
1150 2351 1468 2417 consistens,
1497 2351 1658 2417 Deus,

86 2454 245 2505 quem
281 2447 331 2490 tu
362 2439 571 2493 curiose
598 2440 853 2493 scrutaris
872 2482 885 2504 ,
934 2451 984 2495 et
1013 2441 1415 2495 ratiociniorum
1446 2450 1658 2495 tuorum

87 2529 341 2583 limitibus
368 2531 584 2599 subjicis
606 2573 620 2597 ,
654 2532 722 2585 ita
755 2532 905 2588 facile
931 2533 1187 2599 condidit,
1212 2549 1275 2589 ac
1298 2535 1342 2588 si
1362 2535 1481 2605 quis
1507 2543 1663 2613 tugu-

86 2621 221 2673 rium
246 2620 437 2676 ludens
463 2632 793 2677 construeret
819 2641 833 2677 :
863 2630 1018 2693 quam
1060 2640 1171 2680 rem
1195 2625 1272 2680 sic
1299 2625 1535 2682 declarat
1562 2628 1661 2682 lsa-

86 2713 161 2767 ias
194 2713 451 2782 prepheta
480 2729 493 2766 :
529 2713 630 2780 Qui
653 2718 826 2770 statuit
846 2718 1023 2771 caelum
1045 2720 1172 2774 sicut
1192 2736 1462 2785 cameram,
1496 2730 1543 2776 et
1577 2737 1665 2778 ea:-

86 2803 245 2856 tendit
274 2804 400 2857 illud
423 2806 947 2862 sicuttabernaculum
972 2826 1125 2880 super
1164 2820 1348 2865 terram
1373 2809 1526 2882 (Isai.
1568 2812 1658 2868 40.

90 2896 205 2964 29.).
232 2897 400 2953 Visne
444 2907 639 2954 terram
665 2916 875 2974 quoque
903 2902 1131 2957 intueri?
1157 2902 1297 2960 hanc
1327 2906 1486 2959 etiam
1508 2907 1662 2976 quasi

85 2988 215 3042 nihil
244 2988 391 3045 fecit.
417 2989 548 3044 Nam
579 2990 646 3046 de
676 2992 766 3047 illo
786 2992 998 3064 quidem
1025 2994 1133 3048 ait:
1170 2993 1269 3061 Qui
1290 2996 1462 3049 statuit
1485 2998 1664 3051 calum

85 3081 214 3132 sicut
237 3096 507 3145 cameram,
538 3090 585 3136 et
607 3083 829 3139 extendit
863 3084 993 3138 illud
1037 3086 1166 3140 sicut
1191 3087 1568 3142 tabernaculum
1610 3090 1663 3144 in

92 3170 649 3242 deserto(lbid.):de
707 3173 806 3229 hac
858 3190 1006 3240 vero,
1058 3178 1157 3243 Qui
1205 3179 1422 3233 continet
1480 3197 1663 3251 gyrum

84 3273 251 3326 terrm,
282 3262 367 3335 qui
405 3264 520 3333 fecit
582 3273 766 3319 terram
826 3267 969 3337 quasi
1010 3268 1157 3324 nihil.
1210 3268 1441 3324 Videsne
1468 3271 1485 3301 ยน
1528 3286 1662 3342 quo-

84 3354 246 3408 modo
277 3356 405 3409 nihil
433 3354 627 3411 dixerit
658 3367 857 3411 tantum
905 3368 1115 3430 tamque
1141 3360 1325 3431 ingens
1352 3362 1592 3431 corpus?

149 3446 208 3500 4.
250 3446 437 3516 Cogita
467 3455 716 3517 quantam
762 3449 1017 3503 montium
1045 3450 1274 3517 molem,
1324 3462 1455 3522 quot
1493 3452 1666 3507 homi-

84 3552 210 3589 num
242 3538 523 3604 nationes,
567 3547 697 3610 quot
742 3538 1037 3609 plantarum
1068 3542 1376 3598 varietatem
1404 3552 1458 3599 et
1485 3545 1659 3600 altitu-

82 3627 265 3682 dinem
286 3669 300 3691 ,
342 3636 473 3698 quot
500 3630 680 3697 urbes,
720 3639 850 3701 quot
875 3630 1216 3687 aedificiorum
1248 3634 1658 3705 magnitudines,

81 3729 212 3788 quot
241 3720 670 3791 quadrupedum,
700 3722 952 3789 ferarum,
981 3724 1251 3795 reptilium
1279 3742 1473 3797 genera
1500 3727 1662 3782 dorso

81 3826 183 3866 suo
217 3812 472 3866 sustinet.
504 3814 750 3869 Attamen
779 3815 921 3869 illam
954 3815 1115 3871 talem
1150 3824 1454 3891 tantamque
1481 3819 1551 3873 ita
1580 3818 1661 3872 fa-

80 3902 180 3955 cile
206 3902 468 3969 condidit,
500 3912 556 3957 ut
581 3904 856 3975 propheta,
886 3920 1004 3960 cum
1029 3915 1187 3961 tanta!
1202 3906 1469 3963 facilitatis
1488 3924 1664 3965 exem-

81 3993 225 4061 plum
253 4010 361 4049 non
394 3994 633 4063 haberet,
666 3997 860 4052 dixerit
902 4013 1023 4052 eum
1058 3999 1247 4056 fecisse
1291 4010 1484 4056 terram
1511 4006 1662 4072 quasi

79 4086 230 4139 nihil.
262 4085 398 4141 Cum
430 4088 569 4143 enim
592 4089 877 4144 visibilium
903 4091 1217 4162 magnitudo
1242 4102 1296 4147 et
1322 4093 1660 4163 pulchritudo

78 4194 183 4232 non
210 4179 348 4232 satis
374 4188 517 4234 esset
541 4180 605 4235 ad
636 4179 906 4237 Creatoris
937 4184 1227 4253 potentiam
1256 4186 1654 4255 declarandam,

74 4268 170 4322 sed
200 4270 376 4323 multo
407 4270 692 4327 intervallo
732 4275 913 4343 procul
939 4286 1082 4330 esset
1120 4290 1149 4330 a
1200 4278 1559 4349 magnitudine
1605 4291 1662 4335 et

73 4358 278 4414 robore
304 4359 420 4429 ejus
448 4361 536 4429 qui
563 4362 674 4431 ipsa
701 4363 1033 4431 condiderat,
1065 4366 1227 4425 alium
1243 4369 1515 4439 prephetze
1540 4386 1658 4425 mo-

73 4452 202 4505 dum
233 4453 581 4519 invenerunt,
606 4471 711 4524 quo
739 4472 835 4526 pro
864 4456 1113 4514 facultate
1155 4474 1249 4515 sua
1291 4472 1514 4533 possent
1564 4463 1660 4518 aliv

72 4543 199 4611 quid
244 4544 481 4611 amplius
522 4544 591 4600 de
621 4546 716 4601 Dei
759 4549 995 4617 potentia
1041 4550 1331 4607 declarare.
1379 4553 1656 4621 Quodnam

75 4632 248 4685 illud?
280 4631 349 4687 Ut
379 4649 485 4689 non
515 4634 677 4690 modo
704 4647 997 4692 creatarum
1028 4655 1204 4694 rerum
1237 4643 1655 4714 magnitudinem

72 4733 441 4799 exponerent,
472 4725 565 4783 sed
591 4727 748 4781 etiam
789 4728 1002 4783 modum
1051 4731 1338 4787 creationis
1384 4732 1654 4799 efferrent,

70 4826 127 4866 ut
150 4831 220 4868 ex
252 4823 480 4884 utraque
501 4825 672 4887 parte,
691 4832 811 4873 cum
834 4834 897 4873 ex
921 4820 1281 4891 magnitudine
1302 4824 1654 4894 opiliciorum,

75 4917 187 4961 tum
212 4924 285 4963 ex
315 4909 600 4965 creatiouis
620 4909 873 4968 facilitate
894 4930 991 4983 pro
1016 4924 1171 4986 captu
1215 4929 1399 4973 nostro
1440 4919 1654 4992 dignam

71 5001 350 5069 possimus
375 5000 443 5057 de
472 5004 703 5071 potentia
735 5004 829 5061 Dei
860 5007 1096 5062 notitiam
1126 5009 1387 5079 accipere.
1433 5012 1511 5068 Ne
1556 5014 1655 5069 ita-

68 5108 172 5157 que
200 5090 539 5163 opificiorum
572 5095 986 5165 magnitudinem
1027 5106 1229 5153 tantum
1259 5102 1525 5171 explores,
1561 5106 1654 5160 sed

66 5184 232 5236 etiam
290 5184 571 5240 candentis
621 5186 946 5243 facilitatem.
990 5188 1172 5262 Neque
1207 5194 1377 5251 solum
1421 5196 1472 5249 in
1514 5207 1652 5252 terra

68 5274 172 5329 hoc
205 5275 654 5347 deprehenditur,
689 5277 781 5333 sed
813 5279 944 5334 etin
974 5281 1085 5355 ipsa
1121 5282 1394 5339 hominum
1422 5295 1603 5341 natura
1635 5306 1648 5340 :

70 5366 238 5421 modo
264 5368 413 5421 ettim
441 5369 535 5435 ait,
564 5369 662 5435 Qui
688 5371 903 5424 continet
920 5389 1101 5443 gyrum
1121 5384 1283 5442 teme,
1308 5387 1353 5431 et
1375 5376 1651 5433 habitantes

66 5460 117 5510 in
150 5476 213 5512 ea
242 5459 393 5529 quasi
418 5460 805 5533 locustas(1sai.
836 5463 924 5523 40.
953 5464 1024 5519 22
1044 5464 1093 5536 );
1123 5466 1299 5532 modo,
1336 5467 1496 5536 Quasi
1514 5470 1651 5525 stilla

68 5551 243 5605 situla:
294 5566 466 5605 omnes
508 5562 678 5619 gentes
706 5554 758 5607 in
785 5566 1051 5625 conspectu
1087 5559 1198 5627 ejus
1234 5557 1393 5627 (Ibid.
1423 5577 1472 5614 ฯ.
1518 5562 1585 5617 15
1608 5562 1647 5631 ).

132 5710 149 5738 ฮน
189 5710 270 5757 sic
306 5709 445 5773 Savil.
472 5718 524 5760 et
562 5711 751 5772 quidam
775 5719 883 5762 Mss.
918 5682 967 5761 In
989 5713 1150 5766 Morel.
1163 5731 1281 5768 vero
1306 5726 1356 5769 et
1401 5718 1504 5771 aliis
1550 5721 1652 5773 haec

67 5769 272 5833 desunt,
301 5771 490 5823 videsne
513 5769 747 5836 quomodo
768 5773 888 5824 nihil
911 5774 1130 5827 dixerit?

1018 314 1103 370 DE
1142 303 1817 368 INCOMPREIIENSIBILI
1849 303 1958 357 DEI
1998 302 2299 358 NATURA.
2329 303 2389 357 ll.

3251 304 3355 359 7H

1786 422 1863 477 Ne
1889 436 2061 474 minus
2083 419 2413 473 considerate
2441 419 2538 473 hoc
2560 420 2758 473 dictum
2788 428 3093 490 prietcreas,
3143 421 3234 474 sed
3266 437 3357 472 cx-

1772 523 1894 567 cute
1934 522 1986 567 et
2039 513 2254 581 explora
2283 532 2295 567 :
2326 521 2509 580 repete
2536 527 2720 566 omnes
2750 523 2936 582 gentes
2958 555 2971 574 .
2996 514 3158 583 Syros
3183 514 3223 575 แฝท,
3270 512 3353 565 Ci-

1780 603 1929 665 lices,
1964 601 2327 672 Cappadoces,
2361 602 2635 673 Bithynos,
2669 602 2864 656 Euxini
2906 602 3056 656 Ponti
3109 602 3311 656 incolas
3334 642 3351 667 ,

1774 694 2079 755 Thraciam,
2107 692 2489 752 Macedoniam.
2519 691 2776 747 Grzcciam
2804 708 3014 746 omnem
3041 702 3095 746 et
3130 692 3349 753 insulas,

1774 784 1953 851 Italos,
1984 800 2077 839 eos
2102 785 2190 853 qui
2222 793 2345 839 Sttnl
2365 799 2520 852 supra
2550 784 2909 838 continentem
2956 794 3191 838 nostram
3218 826 3233 847 ,
3260 798 3356 837 eos

1773 880 1861 949 qui
1890 880 1943 933 in
1972 879 2157 933 insulis
2180 880 2519 946 Britannicis,
2546 878 2909 944 Sauromatas,
2934 879 3113 945 Indos,
3138 880 3350 945 Persas,

1772 971 2009 1039 aliasque
2039 970 2346 1024 innumeras
2373 979 2557 1039 gentes
2579 982 2632 1023 et
2659 970 2898 1024 nationes
2922 986 3143 1039 quarum
3169 986 3235 1025 ue
3258 986 3351 1024 no-

1772 1061 1915 1115 mina
1942 1060 2153 1130 quidem
2182 1062 2444 1116 novimus.
2475 1060 2676 1117 Verum
2709 1061 2792 1116 hic
2817 1060 3001 1116 Omnes
3028 1073 3195 1133 gentes
3216 1080 3344 1132 qua-

1770 1153 1814 1205 si
1841 1152 1980 1205 stilla
2007 1152 2190 1217 situlte,
2220 1152 2414 1221 inquit,
2453 1152 2506 1205 in
2534 1162 2800 1223 conspectu
2839 1161 2967 1222 ejus.
3012 1153 3180 1220 Quota
3225 1169 3347 1223 pars

1771 1256 1830 1296 es
1868 1241 1981 1310 ejus
2002 1242 2157 1297 stilla:
2185 1250 2259 1306 tu,
2289 1242 2376 1312 qui
2401 1242 2570 1298 Deum
2602 1244 2856 1297 scrutaris
2895 1244 2977 1299 cui
3005 1260 3188 1297 onmes
3216 1260 3348 1314 gen-

1773 1341 1852 1387 tes
1877 1334 2027 1403 quasi
2082 1333 2219 1388 stilla
2247 1334 2458 1388 situlze?
2512 1334 2711 1405 Ecquid
2762 1344 2971 1402 oportet
3018 1335 3085 1389 de
3113 1335 3246 1389 cielo
3298 1346 3352 1389 ct

1771 1433 1912 1479 terra
1969 1424 2194 1487 dicere,
2251 1424 2320 1480 de
2369 1424 2524 1490 mari,
2577 1425 2749 1496 deque
2792 1425 3066 1480 hominum
3120 1426 3352 1479 natura?

1771 1515 2139 1571 Ascendamus
2175 1516 2228 1570 in
2257 1516 2445 1570 caelum
2476 1516 2641 1571 verbo
2664 1558 2676 1581 ,
2704 1518 3026 1588 angelosque
3059 1517 3346 1580 adeamus;

1770 1609 1918 1665 scitis
1940 1610 2080 1664 enim
2106 1609 2188 1664 vel
2214 1624 2377 1664 unum
2404 1610 2645 1679 angelum
2668 1626 2851 1680 parem
2873 1626 2992 1666 esse
3035 1611 3127 1664 toti
3156 1610 3349 1663 visibili

1770 1710 2050 1765 creaturae.
2078 1701 2185 1755 imo
2201 1702 2360 1772 longe
2387 1704 2831 1771 praestantiorem.
2860 1703 2989 1757 Nam
3018 1704 3062 1757 si
3114 1703 3196 1755 vel
3242 1718 3353 1757 uno

1776 1790 2155 1862 hominejusto
2182 1802 2321 1848 totus
2349 1793 2578 1848 mundus
2605 1793 2795 1864 dignus
2834 1809 2936 1847 non
2964 1795 3050 1859 sit,
3071 1794 3344 1848 utPaulus

1771 1886 2006 1941 ostendit
2045 1885 2129 1941 his
2166 1886 2363 1949 verbis,
2404 1885 2595 1951 Quibus
2636 1886 2817 1957 dignus
2838 1904 2936 1940 non
2983 1897 3089 1940 erat
3128 1886 3351 1939 mundus

1772 1976 1955 2050 (Hebr.
1981 1979 2192 2043 โ.58).
2215 1977 2383 2032 multo
2408 1978 2586 2031 minus
2609 1978 2797 2053 angelo
2827 1978 3017 2047 dignus
3037 1978 3139 2031 erit
3169 1995 3182 2030 :
3240 1992 3340 2030 an-

1769 2071 1872 2140 geli
1899 2072 2092 2140 quippe
2114 2071 2280 2125 multo
2307 2071 2705 2141 praestantiores
2729 2080 2855 2125 sunt
2870 2071 3047 2139 justis.
3100 2072 3347 2123 Attamen

1769 2164 1955 2218 decem
1987 2163 2181 2217 millies
2204 2162 2342 2217 dena
2392 2163 2553 2216 millia
2600 2164 2908 2232 angelorum
2947 2177 3155 2216 sursum
3201 2170 3344 2225 sunt,

1769 2261 1825 2309 et
1848 2254 2013 2308 millia
2039 2254 2262 2307 millium
2312 2254 2789 2325 archangelorum;
2836 2254 3066 2324 itemque
3106 2253 3344 2319 Throni,

1770 2347 2189 2413 Dominationes,
2221 2347 2553 2417 Principatus
2581 2356 2634 2401 et
2659 2348 2976 2411 Potestates,
3002 2355 3159 2416 atque
3190 2348 3346 2399 innuโ

1769 2439 1903 2493 meri
1948 2438 2381 2508 incorporearum
2412 2437 2677 2493 Virtutum
2719 2438 2896 2507 populi
2925 2437 3196 2506 tribusque
3249 2436 3335 2489 in-

1768 2529 2135 2585 enarrabiles:
2168 2544 2460 2599 omnesque
2485 2530 2602 2584 illas
2630 2528 2860 2584 Virtutes
2884 2544 3003 2582 cum
3036 2537 3176 2582 tanta
3210 2526 3342 2581 faei-

1770 2619 1919 2674 litate
1966 2620 2222 2687 condidit,
2269 2630 2464 2691 quanta
2511 2621 2687 2676 nullus
2732 2635 2910 2676 sermo
2958 2630 3129 2690 potest
3170 2620 3345 2690 expri-

1768 2726 1937 2766 mere.
1967 2710 2109 2767 Satis
2136 2713 2277 2767 enim
2301 2712 2372 2767 illi
2397 2711 2496 2766 fuit
2522 2722 2579 2766 ut
2605 2713 2786 2777 vellet,
2818 2722 2873 2766 et
2901 2714 3036 2767 sicut
3059 2713 3197 2782 apud
3243 2726 3345 2766 nos

1770 2804 2012 2858 voluntas
2038 2802 2168 2859 nihil
2194 2803 2391 2858 laboris
2418 2804 2591 2869 affert,
2624 2805 2700 2858 sic
2729 2803 2875 2858 nullo
2904 2804 3018 2872 ipse
3042 2803 3226 2857 labore
3265 2811 3342 2856 tot

1769 2902 2049 2964 tantasque
2076 2893 2309 2948 Virtutes
2328 2893 2587 2949 condidit.
2611 2894 2762 2961 Quod
2789 2893 3065 2948 declarans
3087 2892 3341 2965 propheta

1767 2985 1995 3050 dicebat,
2022 2985 2207 3038 Omnia
2248 2999 2569 3055 quwcumque
2593 2984 2747 3038 voluit
2776 2983 2894 3053 fecit
2938 2984 2991 3037 in
3032 2982 3155 3037 cwlo
3199 2992 3244 3036 et
3287 2983 3343 3037 in

1770 3086 1903 3131 terra
1937 3073 2107 3147 (Psal.
2136 3075 2257 3130 154.
2281 3075 2361 3144 6).
2393 3074 2579 3129 Videnโ
2606 3090 2710 3129 non
2758 3074 2825 3130 ad
2864 3084 3192 3130 terrenarum
3221 3082 3341 3128 tan-

1768 3174 1880 3220 tum
1909 3181 2085 3220 rerum
2115 3165 2458 3231 creationem,
2492 3165 2584 3221 sed
2609 3166 2769 3221 etiam
2799 3165 2864 3219 ad
2905 3165 3228 3221 creationem
3255 3180 3345 3220 su-

1767 3271 2054 3326 pernarum
2096 3255 2360 3312 Virtutum
2402 3257 2532 3311 satis
2580 3256 2741 3312 fuisse
2789 3257 2931 3312 illius
2978 3256 3343 3311 voluntatem?

1767 3347 1894 3402 Haec
1910 3362 2030 3401 cum
2047 3346 2219 3411 audis,
2243 3362 2348 3401 non
2377 3349 2601 3417 teipsum
2631 3347 2899 3417 deploras,
2930 3347 3017 3403 dic
3042 3347 3205 3402 mihi?
3234 3362 3342 3401 non

1768 3437 1888 3493 tein
1911 3446 2106 3492 terram
2128 3436 2335 3492 defodis
2354 3447 2409 3493 et
2433 3438 2643 3504 obruis,
2688 3453 2809 3493 cum
2851 3438 2902 3492 in
2954 3446 3154 3492 tantum
3193 3452 3343 3491 arro-

1766 3527 1958 3598 gantiae
1987 3528 2311 3597 proruperis,
2336 3537 2394 3582 ut
2421 3543 2541 3583 eum
2566 3543 2723 3598 quem
2760 3528 3056 3598 glorificare
3080 3535 3133 3582 et
3152 3527 3346 3581 adora-

1767 3632 1827 3673 re
1861 3618 2033 3675 solum
2072 3618 2151 3672 fas
2199 3627 2316 3685 est,
2360 3618 2509 3688 quasi
2548 3633 2705 3672 unam
2742 3617 3116 3673 vilissimarum
3157 3633 3333 3671 rerum

1767 3709 2019 3763 scruteris
2045 3718 2098 3763 et
2125 3707 2577 3779 comprehendere
2603 3708 2854 3763 coneris?
2881 3708 3003 3763 Ideo
3045 3717 3099 3763 et
3142 3708 3342 3763 Paulus

1766 3801 1933 3856 multa
1983 3801 2168 3871 plenus
2195 3801 2478 3871 sapientia,
2509 3801 2975 3870 incomparabilem
3013 3800 3108 3855 Dei
3155 3800 3337 3854 excel-

1768 3891 2009 3957 lentiam,
2037 3892 2298 3962 simulque
2322 3891 2567 3947 humana:
2591 3901 2791 3947 natura:
2814 3892 3065 3945 vilitatem
3095 3890 3336 3953 intuitus,

1767 3983 2170 4053 indignatusque
2206 3984 2460 4039 adversus
2488 3998 2584 4039 eos
2612 3984 2699 4053 qui
2742 3983 2856 4055 ejus
2888 3982 3345 4053 dispensationem

1766 4068 2028 4129 curiosius
2052 4076 2412 4144 explorarent,
2435 4090 2547 4129 rem
2579 4076 2802 4130 moleste
2830 4073 3011 4130 ferens
3034 4089 3154 4130 cum
3172 4074 3335 4129 multa

1764 4164 2101 4221 vehementia
2130 4165 2375 4220 dicebat:
2410 4163 2454 4219 0
2491 4166 2658 4230 homo,
2688 4176 2742 4219 tu
2770 4166 2881 4234 quis
2901 4182 2952 4220 es
2977 4208 2991 4232 ,
3019 4166 3107 4236 qui
3128 4181 3340 4236 respon-

1765 4257 1886 4311 deas
1912 4255 2020 4311 Deo
2042 4256 2214 4328 (Rom.
2246 4255 2298 4311 9.
2325 4254 2454 4326 20)?
2483 4255 2561 4310 Tu
2586 4256 2706 4326 quis
2734 4256 2832 4312 es?
2858 4258 3029 4327 cogita
3056 4257 3202 4327 prius
3238 4271 3336 4311 na-

1766 4356 1937 4400 turam
1967 4356 2108 4399 tuam
2135 4364 2147 4397 :
2181 4345 2383 4400 nullum
2412 4346 2609 4416 quippe
2636 4362 2833 4402 nomen
2859 4356 3035 4417 potest
3079 4357 3221 4402 tuam
3257 4347 3339 4401 vi-

1764 4435 1964 4492 litatem
1991 4436 2285 4492 declarare.
2652 4438 2656 4443 โ
2847 4497 2855 4510 ,

1832 4528 1886 4583 '5.
1919 4527 2231 4582 Contumelia
2271 4527 2433 4583 Deum
2474 4529 2639 4599 af๏ฌcit
2658 4530 2700 4583 is
2726 4530 2812 4601 qui
2853 4530 3184 4584 substantiam
3227 4528 3337 4599 eius

1764 4618 2008 4671 curiosius
2044 4617 2289 4687 explorat.
2321 4647 2394 4658 โ-
2420 4618 2490 4673 At
2533 4618 2700 4685 dices,
2723 4619 2894 4675 Homo
2930 4634 3045 4674 sum
3090 4620 3335 4675 libertate

1763 4706 2073 4762 honoratus.
2096 4708 2254 4778 Atqui
2285 4707 2575 4762 honoratus
2594 4722 2672 4775 es,
2703 4724 2807 4765 non
2829 4719 2887 4764 ut
2911 4726 2973 4765 ea
2998 4710 3240 4765 libertate
3267 4710 3337 4765 ad

1762 4798 2183 4869 repugnandum,
2210 4798 2304 4853 sed
2346 4808 2407 4854 ut
2450 4799 2542 4854 illo
2585 4801 2787 4855 honore
2829 4801 2896 4855 ad
2939 4800 3334 4871 obsequendum

1762 4890 2076 4951 honoranti,
2134 4899 2187 4945 te
2226 4892 2473 4946 utereris.
2516 4891 2803 4946 llonoravit
2847 4902 2899 4947 te
2943 4892 3102 4961 Deus,
3135 4908 3238 4947 non
3279 4902 3338 4949 ut

1824 4983 1842 5013 แฝท
1877 4988 2035 5046 Longe
2058 4984 2288 5046 majorem
2321 4984 2540 5046 gentium
2563 4983 2980 5032 enumerationem
2996 4983 3170 5033 extulit
3191 4996 3241 5031 in
3264 4983 3339 5046 in-

1759 5042 2111 5107 terpretatione
2128 5042 2216 5093 Sua
2237 5042 2516 5107 't'heodorus
2540 5051 2688 5104 Gaza;
2713 5056 2891 5107 nempe
2912 5046 3010 5094 sic:
3032 5053 3191 5107 syros,
3217 5042 3337 5094 Cili-

1759 5102 1856 5176 ces;
1878 5104 2199 5176 Cappadoces,
2246 5102 2489 5176 (iithgnos,
2528 5102 2701 5176 Mgsos,
2746 5102 2982 5176 P/uโyges,
3002 5102 3221 5176 Jmiaones,
3237 5114 3337 5176 ty-

1758 5168 1884 5235 cios,_
1898 5166 2216 5229 Pamphyliae,
2246 5166 2392 5235 Iones,
2420 5166 2659 5235 Assyrios,
2678 5166 3052 5227 Arabesflndos,
3078 5166 3335 5230 Atyyptids.

1756 5227 2220 5291 Ethmpes,'Peenm,
2261 5227 2520 5289 Hispanos,
2556 5229 2728 5289 Gallos,
2756 5236 3027 5291 Genaunos,
3069 5227 3333 5291 Saihiatas,

1758 5289 2038 5355 Ifwmonios,
2062 5295 2380 5355 Sauromatas,
2404 5296 2708 5352 Massagetas,
2726 5289 2927 5355 denique
2941 5303 3100 5355 eomes
3119 5289 3336 5355 Scythas,

1757 5351 2070 5414 degentesque
2091 5350 2218 5400 ultra
2232 5348 2506 5414 Aquilonem
2532 5348 2685 5401 :โttern
2694 5348 2740 5398 โฮ
2750 5348 3111 5411 lbarios,1beros,
3120 5348 3333 5414 Ba'ctriaรฉ

1757 5411 1883 5482 ฮทฮฟฮพ..
1905 5411 2117 5483 cespitis,
2155 5411 2335 5473 Medos,
2371 5420 2562 5483 Persas,
2602 5415 2834 5483 Parthos,
2880 5414 3156 5483 Armenios,
3195 5412 3339 5464 Ponti

1757 5474 1935 5524 Euxini
1956 5474 2131 5524 vicinos
2151 5486 2310 5524 omnes
2334 5481 2379 5523 et
2397 5474 2598 5535 incolas,
2628 5474 2847 5535 Thraces,
2874 5479 3174 5535 Macedonas,
3200 5483 3337 5525 er-
3362 5510 3371 5523 ฮน

1757 5549 1836 5606 eos
1857 5547 2052 5607 onmes;
2075 5536 2204 5607 adde
2248 5536 2466 5607 epirum,
2492 5535 2723 5607 โDaciaOm,
2763 5536 3083 5607 Dalmatiam,
3099 5537 3286 5607 Italiam
3313 5548 3333 5587 :

1755 5597 1938 5649 insulas
1951 5610 2112 5666 omnes
2133 5605 2231 5648 tam
2250 5597 2513 5666 interiorisโ
2534 5597 2716 5658 maris,
2744 5612 2889 5666 quam
2922 5598 3199 5666 exterioris,
3231 5611 3329 5648 cie-

1756 5666 1975 5724 terasque
1998 5659 2365 5711 innumerabiles
2396 5666 2586 5724 gentes,
2631 5670 2727 5713 etc.
2756 5659 2865 5724 '5ch
2892 5664 3057 5711 nescio
3080 5663 3223 5724 unde
3247 5674 3335 5710 es-

1757 5722 1993 5796 piscattts:
2020 5734 2192 5796 omnes
2198 5724 2382 5795 quippe
2397 5720 2711 5796 itanuscripti,
2728 5722 2886 5796 Morel.
2909 5720 3114 5796 etgsavil.
3131 5724 3334 5785 idipsutu

1760 5782 1983 5846 efferunt,
2012 5782 2144 5833 nullo
2164 5782 2453 5846 discrimine,
2480 5786 2605 5848 quod
2628 5782 2680 5836 in
2698 5782 2838 5836 testu
2858 5785 3055 5850 legium
