3864 6232
464 371 566 425 7ιὸ

464 488 609 540 illiilli
630 481 948 540 contumelia
979 481 1236 544 alﬁceres,
1268 481 1360 534 sed
1393 491 1444 533 ut
1471 479 1824 549 gloriﬁcares;
1857 488 2045 532 contu-

464 578 618 630 melia
649 592 774 629 vero
801 574 961 627 aflicit
1003 574 1046 626 is
1093 573 1182 641 qui
1232 572 1579 626 substantiam
1625 571 1742 638 ejus
1783 570 2044 622 curiosius

463 669 727 734 explorat.
752 665 879 719 Nam
922 666 986 728 si,
1025 664 1150 717 dmn
1195 664 1450 732 promissa
1491 664 1606 730 ejus
1649 679 1753 715 non
1775 663 2040 731 exploras,

464 759 610 810 illum
641 757 806 826 gloria
827 755 1026 819 altieis;
1054 755 1179 808 dum
1235 755 1483 822 exploras
1521 762 1574 808 et
1620 754 1826 808 curiose
1868 756 2042 823 inqui-

462 852 558 913 ris,
604 863 707 901 non
747 848 1039 901 sententias
1083 845 1240 900 modo
1279 847 1417 912 ejus,
1448 845 1540 898 sed
1581 846 1738 898 etiam
1786 861 1906 898 eum
1953 847 2042 915 qui

462 942 605 1008 ipsas
653 940 870 1009 protulit
908 940 1168 994 dedecore
1211 937 1397 991 aflicis.
1449 937 1599 1002 Quod
1649 946 1826 991 autem
1874 939 2040 992 Deum

457 1030 767 1100 gloriﬁcetis
791 1032 879 1100 qui
922 1032 1036 1100 ejus
1085 1031 1342 1100 promissa
1379 1045 1481 1082 non
1521 1030 1729 1082 curiose
1757 1039 2040 1095 scrutatur,

459 1124 580 1176 audi
603 1124 818 1178 Paulum
838 1124 905 1178 de
931 1125 1230 1177 Abrahamo
1250 1123 1423 1192 deque
1444 1123 1557 1191 ejus
1578 1121 1876 1176 obedientia
1909 1121 2042 1175 ﬁde-

461 1232 564 1284 que
587 1217 638 1270 in
660 1215 905 1270 omnibus
936 1214 1196 1270 dicentem
1231 1233 1242 1266 :
1277 1215 1616 1268 Consideravit
1645 1213 1841 1282 quidem
1863 1228 2044 1282 corpus

460 1325 609 1360 suum
643 1320 938 1369 emortuum,
963 1316 1007 1360 et
1050 1316 1329 1361 emortuam
1355 1307 1551 1358 vulvam
1583 1304 1732 1358 Sara:
1753 1322 1771 1358 :
1797 1321 1964 1357 verum
1991 1305 2045 1357 in

461 1400 846 1468 repromissione
884 1397 980 1450 Dei
1016 1415 1116 1451 non
1153 1399 1396 1452 hwsitavit
1446 1397 1750 1466 di/ﬁdentia,
1798 1395 1886 1450 sed
1922 1413 2045 1450 con-

465 1493 680 1561 fortatus
726 1501 795 1544 est
827 1491 934 1555 [ide
962 1489 1132 1559 (Rom.
1162 1489 1217 1543 4.
1263 1490 1370 1556 l9).
1416 1488 1613 1542 Natura
1656 1498 1710 1542 et
1755 1497 1919 1549 tetas,
1955 1489 2035 1540 in-

462 1581 666 1649 quit,in
693 1580 1116 1648 desperationem
1144 1580 1312 1650 ipsum
1357 1579 1730 1648 conjiciehant,
1773 1579 1864 1632 sed
1911 1577 2043 1632 ﬁdes

461 1688 610 1740 spem
654 1671 844 1725 bonam
893 1671 1261 1726 substituebat.
1283 1669 1388 1724 Sed
1429 1673 1741 1740 confortatus
1763 1679 1834 1723 est
1863 1670 1914 1721 in
1940 1667 2043 1736 [ide

463 1765 591 1814 «laus
611 1763 826 1832 gloriam
861 1760 991 1826 Deo,
1025 1771 1070 1815 et
1087 1761 1374 1829 plenissime
1399 1760 1559 1814 sciens
1585 1760 1703 1829 quia
1724 1774 2044 1828 quaecumque

465 1855 690 1920 promisit
717 1863 887 1922 potens
904 1863 974 1906 cst
1005 1862 1048 1906 et
1089 1855 1253 1922 facere
1274 1851 1323 1921 (Ι
1333 1852 1435 1905 bid.
1463 1867 1510 1904 υ.
1534 1850 1648 1920 20).
1679 1849 1869 1904 Vident
1897 1864 2040 1913 eum,

461 1945 550 2013 qui
580 1945 773 1998 certior
800 1954 879 1999 est
905 1943 972 1998 de
1010 1943 1166 1998 rebus
1196 1959 1225 1996 a
1256 1943 1364 1997 Deo
1407 1942 1645 2012 prolatis,
1671 1941 1892 2010 gloriam
1934 1940 2044 1994 Deo

462 2037 622 2091 dare?
648 2037 701 2092 Si
735 2038 909 2105 itaque
936 2037 1001 2102 is,
1022 2036 1110 2103 qui
1154 2036 1263 2090 Deo
1305 2035 1498 2100 credit,
1528 2035 1749 2104 gloriam
1791 2033 1888 2102 ipsi
1930 2031 2038 2098 dat,

463 2132 548 2196 qui
583 2145 685 2184 non
712 2127 880 2182 credit
919 2129 1038 2195 ipsi,
1069 2128 1442 2182 cantumeliam
1473 2127 1618 2183 illam
1657 2128 1708 2181 in
1736 2141 1890 2180 suum
1929 2127 2042 2195 ipse

462 2231 620 2289 caput
634 2221 915 2274 convertit.
941 2217 1018 2273 Tu
1037 2220 1146 2287 quis
1165 2234 1234 2282 es,
1253 2219 1337 2288 qui
1359 2215 1466 2269 Deo
1486 2217 1824 2287 respondeas?
1843 2216 2042 2272 Deinde

462 2323 523 2368 ut
548 2312 790 2366 ostendat
818 2319 1071 2380 quantum
1101 2310 1170 2363 sit
1205 2310 1370 2364 Deum
1415 2308 1553 2364 inter
1578 2321 1630 2364 et
1658 2309 1923 2364 hominem
1956 2311 2040 2364 in-

465 2405 764 2464 tervallum,
799 2404 851 2458 id
875 2404 1204 2458 demonstrat
1231 2419 1334 2456 non
1369 2402 1579 2472 quidem
1605 2411 1858 2472 quantum
1885 2419 2042 2474 opor-

464 2504 616 2558 teret,
648 2495 740 2549 sed
770 2503 946 2549 tamen
969 2509 1035 2548 ex
1069 2494 1336 2563 preposito
1378 2492 1626 2562 exemplo
1674 2494 1827 2563 longe
1872 2493 2042 2563 majus

463 2586 746 2639 discrimen
773 2599 892 2640 esse
925 2585 1143 2652 intelligi
1176 2592 1366 2652 potest.
1384 2583 1522 2652 Quid
1553 2584 1710 2652 igitur
1733 2583 1844 2637 ait?
1875 2582 2042 2636 Num-

462 2675 583 2746 quid
602 2675 730 2729 dicet
750 2675 1040 2744 ﬁgmentum
1064 2676 1110 2726 ei
1134 2674 1219 2743 qui
1238 2689 1290 2726 se
1308 2673 1476 2742 ﬁnxit,
1494 2673 1628 2740 Quid
1657 2690 1735 2726 me
1757 2674 1915 2741 fecisti
1934 2673 2039 2728 sic?

461 2768 645 2821 Annon
670 2765 814 2818 habet
835 2774 1122 2834 potestatem
1148 2764 1334 2834 ﬁgulus
1355 2765 1448 2818 luti
1467 2781 1530 2819 ea:
1566 2765 1740 2819 eadem
1763 2782 1930 2819 massa
1955 2771 2040 2837 fa-

462 2873 574 2912 cere
594 2857 737 2912 aliud
771 2857 968 2926 quidem
1007 2873 1092 2910 uas
1132 2857 1184 2910 in
1224 2857 1483 2920 honorem,
1523 2858 1664 2910 aliud
1698 2858 1751 2911 in
1788 2867 2044 2910 contume-

465 2930 585 3005 liam
607 2949 778 3018 (Rom.
799 2947 1092 3018 9.20m)?
1116 2947 1250 3013 Quid
1277 2948 1393 3001 ais?
1423 2948 1563 3002 itane
1590 2948 1700 3002 Deo
1728 2947 1898 3002 debeo
1917 2947 2043 3002 sub-

459 3040 571 3109 jici,
603 3049 659 3094 ut
699 3039 864 3093 lututn
920 3039 1115 3109 ﬁgulo?
1141 3038 1212 3094 lta
1239 3079 1253 3102 ,
1295 3038 1502 3106 inquit:
1534 3045 1733 3092 tantum
1779 3038 1920 3093 enim
1958 3045 2042 3092 est

464 3134 632 3186 Deum
660 3132 797 3187 inter
827 3142 880 3186 et
907 3131 1173 3186 hominem
1211 3130 1564 3195 intervallum,
1601 3139 1856 3200 quantum
1901 3132 2043 3185 inter

465 3223 631 3279 lutum
669 3231 724 3276 et
747 3220 994 3291 ﬁgulum;
1027 3222 1111 3275 vel
1148 3222 1340 3290 potius,
1369 3237 1473 3275 non
1504 3229 1728 3286 tantum,
1756 3221 1850 3277 sed
1876 3221 2043 3276 multo

467 3312 659 3381 majus.
690 3312 810 3367 Luti
847 3313 986 3366 enim
1010 3320 1063 3367 et
1090 3312 1232 3382 ﬁguli
1277 3310 1462 3366 eadem
1507 3311 1800 3366 substantia
1846 3321 1955 3374 est,
1983 3322 2043 3365 ut

466 3403 604 3473 apud
635 3403 734 3458 Job
760 3403 950 3457 dicitur
981 3420 995 3456 :
1025 3401 1173 3468 Sino,
1208 3402 1394 3471 inquit,
1422 3401 1700 3456 habitantes
1743 3402 1918 3454 domos
1957 3401 2042 3454 lu-

471 3506 594 3559 teas,
625 3511 686 3549 ea:
709 3511 809 3564 quo
833 3503 878 3547 et
905 3493 1003 3564 ipsi
1038 3508 1208 3548 sumus
1239 3509 1300 3548 ea:
1339 3491 1508 3545 eodem
1553 3492 1657 3545 luto
1688 3490 1806 3564 (Job
1850 3493 1903 3546 4.
1928 3492 2039 3562 l9).

467 3585 618 3651 Quod
649 3586 692 3640 si
721 3584 880 3639 homo
906 3583 1238 3654 praestantior
1259 3583 1370 3638 luto
1389 3591 1442 3636 et
1457 3581 1740 3638 formosior
1767 3588 2038 3654 appareat,

467 3674 817 3738 diﬂerentiam
845 3691 948 3732 non
976 3674 1257 3730 diversitas
1296 3682 1520 3736 naturze,
1553 3673 1646 3728 sed
1690 3671 1906 3727 artiﬁcis
1952 3688 2042 3726 sa-

468 3765 661 3834 pientia
687 3764 809 3820 fecit
829 3781 842 3818 :
863 3765 915 3818 in
937 3765 1080 3820 nullo
1092 3766 1284 3834 quippe
1303 3763 1523 3821 dill‘ersa
1539 3764 1681 3828 luto;
1711 3763 1848 3833 quod
1871 3763 2042 3817 sinon

467 3857 659 3920 credis,
685 3856 736 3912 id
778 3857 872 3911 tibi
919 3856 1268 3924 persuadeant
1307 3856 1492 3910 tumuli
1514 3865 1566 3910 et
1597 3870 1743 3912 urnae
1771 3855 2044 3924 sepulcra-

468 3950 565 4003 les.
596 3948 724 4003 Nam
755 3949 797 4002 si
827 3952 1064 4019 sepulcra
1096 3950 1355 4017 majorum
1385 3959 1591 4004 tuorum
1620 3947 1807 4011 adeas,
1840 3948 1952 4002 hate
1971 3948 2040 4003 ita

468 4053 528 4096 se
553 4039 745 4096 habere
774 4039 1163 4109 deprehendes.
1189 4041 1329 4094 lnter
1351 4041 1516 4094 lutum
1545 4040 1720 4110 itaque
1744 4051 1796 4094 et
1827 4038 2059 4109 ﬁgulum'

469 4131 764 4188 differentia
793 4133 932 4188 nulla
961 4151 975 4186 :
1009 4134 1146 4186 inter
1176 4133 1268 4188 Dei
1308 4148 1435 4188 vero
1463 4143 1516 4188 et
1541 4132 1770 4188 hominis
1795 4135 2042 4193 substan-

471 4225 598 4281 tiam
643 4231 842 4278 tantum
887 4225 1219 4280 intervallum
1265 4235 1366 4292 est,
1399 4235 1650 4295 quantum
1683 4241 1782 4281 nec
1805 4226 2044 4284 oratione

470 4330 709 4381 narrare,
742 4330 841 4370 nec
867 4325 1048 4373 mente
1074 4316 1337 4371 aesﬁmare
1366 4331 1668 4387 possumus.
1691 4317 2044 4385 Quemadmo-

471 4408 596 4463 dum
615 4408 771 4478 igitur
786 4409 951 4462 lutum
975 4408 1117 4478 ﬁguli
1135 4423 1342 4475 manus,
1357 4424 1691 4480 quocumque
1707 4409 1796 4466 ille
1812 4411 2040 4476 duxerit,

471 4501 706 4568 sequitur
738 4516 752 4554 :
785 4499 854 4554 ita
897 4507 951 4554 et
974 4509 1028 4556 tu
1074 4500 1167 4554 luti
1214 4501 1379 4555 instar
1426 4511 1602 4557 mutus
1644 4513 1788 4566 esto,
1833 4503 2044 4572 quando

471 4591 611 4646 Deus
650 4589 847 4660 aliquid
882 4590 1190 4660 dispensare
1225 4591 1466 4648 voluerit.
1499 4592 1681 4664 Neque
1721 4603 1896 4648 tamen
1927 4593 2044 4648 ideo

470 4680 668 4736 Paulus
692 4679 805 4736 [nec
830 4679 981 4746 dixit,
1010 4691 1069 4735 ut
1097 4682 1397 4737 facultatem
1429 4693 1662 4739 nostram
1694 4685 1923 4751 tolleret,
1952 4694 2045 4741 aut

469 4769 694 4824 liberum
742 4769 1018 4824 arbitrium
1060 4771 1420 4838 labefactaret,
1469 4774 1640 4839 absit;
1690 4775 1782 4830 sed
1812 4785 2042 4830 utarro-

467 4862 698 4933 gantiam
729 4871 963 4919 nostram
991 4864 1159 4934 magis
1187 4865 1458 4934 magiSqne
1482 4877 1770 4922 coerceret.
1805 4868 1998 4924 Verum
2025 4912 2040 4935 ,

467 4955 510 5008 si
542 4953 738 5022 placet,
768 4954 1044 5010 videamus
1076 4954 1326 5023 quidnam
1354 4957 1452 5024 ipsi
1479 4956 1716 5012 ediscere
1744 4959 2038 5025 voluerint;

468 5047 538 5099 ita
566 5055 620 5100 ut
658 5045 804 5115 ipsos
845 5045 1038 5101 Paulus
1079 5056 1182 5100 tam
1227 5045 1568 5102 vehementer
1606 5048 1930 5105 refrtenaret.
1962 5054 2041 5105 An

466 5132 823 5189 substantiam
846 5130 936 5188 Dei
970 5136 1338 5192 scrutabantur
1371 5136 1394 5190 ?
1439 5136 1778 5207 Nequaquam
1830 5157 1842 5191 :
1891 5155 2044 5194 nemo

464 5224 606 5276 enim
633 5223 682 5276 id
701 5239 948 5294 umquam
978 5241 1139 5280 ausus
1163 5235 1260 5281 est.
1276 5227 1380 5282 Sed
1407 5228 1546 5296 quod
1572 5228 1724 5298 longe
1750 5231 1922 5284 minus
1941 5242 2042 5300 est,

467 5312 584 5378 ejus
609 5313 1026 5383 dispensationes
1052 5319 1457 5382 scrutabantur;
1487 5320 1634 5374 verbi
1671 5322 1858 5390 gratia,
1883 5337 2045 5389 quare

468 5403 618 5456 illum
638 5406 864 5473 puniret,
885 5407 1022 5462 illius
1040 5410 1410 5474 misereretur;
1429 5427 1592 5480 quare
1617 5412 1761 5465 illum
1789 5413 2046 5481 supplicio

469 5495 687 5557 eximat,
705 5494 844 5550 hunc
869 5498 920 5552 in
950 5502 1201 5562 aerumnis
1229 5503 1398 5566 sinat;
1423 5518 1586 5570 quare
1620 5504 1708 5559 ille
1740 5508 1945 5559 veniam
1977 5507 2044 5560 sit

468 5597 847 5655 Conseqnutus,
877 5589 963 5641 hic
1003 5591 1238 5646 minime.
1273 5592 1397 5646 Haec
1421 5604 1475 5647 et
1500 5595 1688 5650 similia
1711 5598 2036 5666 qumrebant.

472 5674 744 5730 Undenam
786 5677 836 5731 id
871 5678 1100 5748 liqueat?
1141 5681 1216 5735 Ex
1253 5685 1690 5751 prlecedenlibus.
1724 5689 1852 5744 Cum
1893 5690 2030 5742 enim

473 5764 690 5824 dixisset
711 5785 722 5819 :
747 5768 879 5838 Ergo
894 5785 1039 5838 quem
1063 5772 1159 5824 t-ult
1183 5775 1517 5841 mistrtttttr,ct
1534 5794 1673 5843 quem
1691 5779 1788 5832 vult
1811 5779 2028 5832 indurat.

1169 367 1225 423 S.
1264 365 1542 421 JOANNIS
1571 360 2045 420 CllRYSOSTOMl
2085 361 2399 416 AllCHlEP.
2441 363 2981 419 CONSTANTINOP.
3637 368 3728 424 Illi

2153 475 2302 528 Dices
2331 478 2495 539 itaque
2522 475 2664 539 mihi,
2699 475 2833 542 Quid
2857 477 3025 530 adhuc
3051 478 3313 541 queritur?
3336 479 3589 533 voluntati
3611 485 3731 534 enim

2150 567 2257 635 ejus
2277 570 2387 634 quis
2403 567 2584 620 resistit
2607 567 2781 638 (Rom.
2802 568 2962 622 9.18.
2985 568 3114 638 i9)?
3137 581 3260 623 tunc
3281 571 3481 635 intulit,
3501 572 3550 624 Ο
3569 573 3730 638 homo,

2151 666 2204 708 tu
2232 656 2342 723 quis
2386 674 2454 720 es,
2481 658 2564 725 qui
2604 659 2908 726 respondeas
2939 658 3040 712 Deo
3067 658 3117 729 (1
3125 659 3172 712 b.
3196 676 3242 714 υ.
3266 658 3401 729 20)?
3433 663 3542 716 Eos
3586 664 3732 731 igitur

2149 748 2239 816 qui
2265 747 2686 817 dispensationes
2715 749 2804 802 Dei
2835 752 3210 806 scrutabantur
3250 753 3731 822 reprimitPaulns.

2151 839 2392 893 Profecto
2422 855 2487 894 ne
2515 840 2564 893 id
2594 841 2802 910 quidem
2830 841 2932 897 illis
2958 843 3218 908 concedit,
3253 854 3305 899 tu
3356 861 3487 900 vero
3529 847 3732 900 beatam

2149 928 2293 982 illam
2328 930 2674 986 substantiam
2716 935 2894 989 omnia
2918 933 3310 1002 dispensantem
3339 937 3558 990 curiose
3592 951 3732 990 scru-

2152 1021 2310 1074 taris?
2335 1037 2513 1076 annon
2540 1033 2590 1076 te
2617 1025 2880 1077 sexcentis
2903 1023 3207 1079 fulminibus
3247 1026 3466 1095 dignum
3508 1030 3734 1080 censes?

2148 1111 2415 1178 quomodo
2439 1126 2542 1165 n0n
2566 1112 2615 1165 id
2643 1123 2894 1166 extremm
2919 1113 3202 1169 dementite
3233 1115 3423 1169 fuerit?
3455 1117 3599 1169 Audi
3633 1132 3680 1184 pi
3693 1134 3735 1167 o-

2150 1201 2395 1268 plictant,
2438 1203 2522 1256 vel
2570 1203 2745 1270 potius
2790 1204 2954 1258 Deum
3002 1205 3263 1260 dicentem
3297 1225 3310 1257 :
3345 1207 3407 1260 Si
3455 1207 3619 1260 Pater
3655 1226 3734 1276 ego

2148 1308 2279 1355 sum,
2300 1292 2381 1345 ubi
2399 1304 2468 1346 est
2490 1292 2652 1362 gloria
2673 1295 2823 1348 mea?
2843 1305 2886 1347 et
2904 1297 2945 1348 si
2958 1295 3202 1350 Dominus
3218 1314 3305 1368 ego
3327 1316 3459 1363 sum,
3479 1301 3570 1351 ubi
3595 1311 3667 1352 est
3682 1313 3737 1350 n-

2150 1400 2259 1436 mor
2277 1401 2414 1437 meus
2443 1384 2695 1453 (Malach.
2716 1386 2858 1457 1.6)?
2884 1388 2980 1454 Qui
3004 1389 3146 1442 enim
3173 1392 3379 1455 metuit,
3400 1408 3504 1444 non
3524 1394 3734 1446 curiose

2147 1484 2430 1539 scrutatur,
2462 1476 2554 1530 sed
2589 1477 2806 1544 adorat;
2836 1496 2940 1534 non
2970 1482 3176 1534 curiose
3206 1481 3448 1552 inquirit,
3475 1484 3579 1537 sed
3629 1485 3734 1538 lano

2147 1570 2238 1622 dat
2266 1580 2319 1624 et
2340 1570 2614 1638 gloriﬁcat.
2647 1570 2772 1624 Haec
2801 1580 2850 1625 te
2874 1572 3098 1627 doceant
3128 1584 3180 1627 et
3205 1590 3449 1642 supernae
3479 1575 3731 1637 Virtutes,

2147 1669 2198 1712 ct
2245 1661 2427 1714 beatus
2468 1660 2661 1716 Paulus
2695 1679 2707 1714 :
2739 1678 2843 1714 non
2886 1663 3026 1716 enim
3075 1678 3195 1717 cum
3243 1663 3342 1718 hac
3389 1665 3458 1719 de
3502 1682 3566 1719 re
3607 1667 3734 1719 alios

2149 1751 2407 1820 increpat,
2428 1752 2538 1820 ipse
2559 1753 2744 1806 eodem
2768 1768 2873 1822 quo
2903 1755 2978 1806 illi
3016 1755 3173 1808 modo
3201 1755 3420 1809 allectus
3447 1767 3555 1810 est.
3606 1759 3731 1808 Audi

2146 1845 2272 1912 quid
2303 1843 2726 1912 l’hilippensibus
2759 1845 2920 1910 dicat,
2952 1861 3070 1898 rum
3099 1846 3332 1899 declarat
3358 1862 3415 1901 se
3448 1849 3734 1916 particula-

2147 1947 2261 1986 rem
2300 1933 2574 1987 scientiam
2619 1934 2814 1990 habere
2845 1954 2856 1988 :
2884 1937 3326 2004 quemadmodum
3357 1949 3408 1992 et
3439 1939 3736 1997 Corinthii;

2145 2024 2383 2078 scribens
2410 2024 2636 2088 dicebat,
2656 2025 2735 2078 Eat
2747 2037 2886 2097 parte
2906 2029 3250 2097 cognoscimus
3279 2030 3353 2099 (Ι.
3381 2031 3500 2084 Cor.
3534 2032 3627 2085 15.
3660 2035 3732 2099 9),

2148 2124 2314 2168 totum
2336 2130 2463 2169 vero
2493 2117 2725 2170 nondum
2761 2136 2774 2172 :
2802 2127 2857 2173 et
2881 2135 3016 2171 nunc
3059 2119 3237 2186 infert,
3275 2119 3504 2183 Fratres,
3536 2139 3636 2189 ego
3664 2142 3732 2176 rue

2145 2221 2246 2258 non
2271 2207 2485 2258 arbitror
2512 2209 2942 2276 comprehendisse
2961 2209 3220 2279 (Philipp.
3250 2213 3431 2283 5.15).
3457 2214 3601 2278 Quid
3641 2215 3730 2268 hac

2144 2299 2380 2365 apertius
2401 2299 2565 2354 voce?
2596 2300 2741 2354 Tuba
2767 2300 2964 2356 clarius
2992 2303 3204 2369 cet-init,
3235 2304 3417 2358 orbem
3453 2315 3628 2358 totum
3657 2307 3729 2358 in-

2143 2388 2390 2453 stituens,
2422 2399 2476 2442 ut
2506 2390 2682 2443 datam
2725 2390 2962 2446 scientiae
3005 2407 3304 2448 mensuram
3354 2393 3642 2464 diligerent
3681 2409 3729 2450 et

2143 2480 2610 2548 amplecterentur,
2655 2498 2752 2537 nec
2796 2485 3163 2540 existimarent
3203 2501 3452 2556 umquam
3475 2504 3536 2542 se
3567 2498 3729 2542 totum

2145 2572 2434 2642 accepisse.
2464 2572 2600 2641 Quid
2629 2573 2725 2638 ais,
2753 2574 2839 2629 dic
2861 2574 3028 2632 mihi?
3053 2575 3321 2631 Christum
3363 2578 3531 2632 habes
3563 2581 3617 2632 in
3659 2592 3728 2634 te-

2148 2662 2268 2729 ipso
2293 2663 2598 2730 loquentem
2627 2665 2698 2733 (2.
2725 2666 2845 2718 Cor.
2875 2667 2952 2719 l5.
2985 2667 3161 2732 13),et
3183 2666 3354 2721 dicis:
3381 2667 3494 2736 Ego
3519 2685 3602 2720 me
3634 2687 3728 2718 non

2148 2750 2377 2808 arbitror
2396 2753 2867 2822 comprehendisse.
2890 2753 3014 2811 Ideo
3040 2757 3208 2822 enim,
3243 2757 3444 2826 inquit,
3475 2757 3624 2810 dixit
3649 2775 3726 2809 me

2144 2841 2413 2896 Christum
2444 2842 2641 2899 habere
2671 2847 2722 2899 in
2752 2845 2954 2916 meipso
2981 2846 3280 2915 loquentem
3318 2865 3331 2901 :
3364 2853 3479 2916 ipse
3503 2865 3596 2904 me
3623 2849 3726 2902 haec

2143 2933 2344 2990 docuit.
2391 2936 2745 3006 Quamobrem
2789 2937 2864 3002 hi,
2896 2939 2997 2993 nisi
3046 2939 3272 3008 Spiritus
3314 2942 3485 2995 sancti
3527 2943 3728 2995 auxilio

2144 3040 2362 3093 prorsus
2391 3028 2540 3082 vacui
2565 3039 2761 3095 essent,
2784 3039 2838 3084 et
2865 3045 3079 3084 omnem
3107 3031 3221 3100 ejus
3256 3034 3628 3102 operationem
3663 3051 3725 3090 ex

2144 3118 2318 3173 anima
2339 3134 2432 3173 sua
2460 3120 2844 3187 eliminassent,
2873 3137 2992 3178 cum
3017 3123 3210 3180 Paulus
3249 3125 3412 3191 dicat,
3439 3125 3560 3178 Non
3589 3129 3724 3179 arbi-

2145 3218 2251 3262 tror
2269 3210 2514 3278 meipsum
2543 3213 2994 3282 comprehendisse,
3038 3230 3142 3270 non
3191 3216 3288 3286 ipsi
3325 3233 3386 3272 se
3415 3219 3724 3273 universum

2144 3300 2610 3370 comprehendisse
2637 3313 2903 3372 putarent.

2216 3393 2267 3448 6.
2296 3392 2566 3450 Undenam
2594 3395 2776 3465 liquet,
2807 3395 2948 3451 dicet
2979 3397 3258 3468 quispiam,
3305 3400 3481 3470 ipsum
3530 3401 3605 3454 ita
3647 3403 3722 3455 loc

2143 3494 2392 3554 quentem
2422 3485 2490 3540 de
2517 3486 2619 3541 lide
2644 3503 2820 3558 agere,
2848 3488 2915 3542 de
2942 3489 3160 3543 Scientia
3191 3499 3244 3544 et
3269 3489 3335 3544 de
3365 3491 3720 3562 dogmatibus,

2144 3584 2199 3628 et
2223 3591 2324 3630 non
2351 3575 2417 3630 de
2441 3576 2562 3631 vita:
2590 3577 2948 3642 institutione,
2980 3580 3128 3649 quasi
3159 3579 3301 3633 dicat
3335 3598 3347 3633 :
3379 3581 3492 3651 Ego
3518 3598 3605 3636 me
3628 3583 3722 3636 im-

2144 3665 2433 3735 perfectum
2463 3683 2581 3722 esse
2605 3669 2832 3722 arbitror
2855 3669 2904 3722 in
2927 3670 3031 3724 vita
3047 3679 3100 3724 et
3120 3670 3484 3725 inSIitutione?
3509 3672 3562 3726 Id
3583 3687 3725 3729 certe

2143 3759 2356 3826 planum
2385 3757 2508 3812 fecit
2531 3773 2651 3812 cum
2681 3758 2814 3814 dixit
2843 3778 2856 3812 :
2885 3758 3082 3814 Bonum
3109 3773 3359 3815 certamen
3381 3766 3589 3824 certari,
3615 3781 3725 3816 car-

2143 3865 2255 3901 sum
2291 3850 2648 3911 consummavi,
2671 3849 2823 3918 fidem
2851 3852 3043 3904 servavi
3071 3868 3090 3904 :
3119 3853 3170 3904 in
3195 3851 3385 3923 reliquo
3407 3855 3632 3922 reposita
3654 3865 3724 3907 est

2144 3941 2268 3994 mihi
2305 3957 2488 3994 corona
2509 3941 2819 4011 justitiw(2.
2840 3941 2974 3996 Tim.
3012 3943 3066 3998 4.
3099 3943 3174 4013 7).
3201 3943 3300 4009 Qui
3325 3960 3454 3998 vero
3477 3961 3722 3999 consum—

2144 4042 2286 4085 mato
2332 4047 2488 4086 cursu
2535 4047 2786 4087 coronam
2849 4044 3159 4103 accepturus
3216 4046 3331 4101 est,
3391 4051 3721 4106 nequaquam

2144 4124 2364 4190 diceret,
2398 4121 2518 4178 Non
2543 4125 2755 4181 arbitror
2797 4127 3042 4196 meipsum
3084 4129 3539 4198 comprehendisse.
3572 4132 3718 4184 Alio-

2144 4216 2268 4285 quin
2312 4225 2488 4274 autem
2532 4232 2650 4288 qua:
2679 4217 2880 4293 agenda
2905 4227 2960 4272 et
2981 4234 3098 4288 qua:
3128 4234 3231 4272 non
3258 4219 3458 4287 agenda
3479 4232 3606 4274 sunt
3630 4238 3718 4275 ne-

2145 4307 2272 4361 tniui
2318 4316 2440 4363 sunt
2483 4307 2716 4372 incerta;
2745 4308 2840 4363 sed
2878 4309 3125 4366 omnibus
3173 4309 3454 4364 manifesta
3493 4321 3547 4365 et
3580 4323 3718 4372 nota.

2145 4408 2199 4452 et
2235 4397 2472 4453 barbaris
2505 4407 2560 4454 et
2601 4397 2810 4462 Persis,
2858 4407 2914 4453 et
2956 4401 3050 4453 toti
3087 4400 3356 4454 hominum
3395 4403 3605 4470 generi.
3657 4401 3720 4457 Ut

2145 4503 2319 4546 autem
2363 4492 2414 4546 id
2461 4492 2658 4548 clarius
2700 4492 2938 4558 reddam,
2977 4509 3092 4562 qua:
3139 4494 3274 4548 hanc
3295 4494 3591 4548 clausulam
3634 4510 3716 4548 se-

2144 4592 2376 4653 quuntur
2416 4583 2608 4652 legam.
2638 4583 2918 4653 Postquam
2963 4584 3205 4650 dixisset,
3243 4583 3415 4640 Videte
3453 4603 3625 4648 canes,
3652 4589 3716 4639 ri-

2146 4675 2252 4726 dete
2291 4673 2448 4726 malos
2487 4673 2739 4743 Operarios
2772 4671 3024 4745 (Philipp.
3053 4675 3105 4728 5.
3136 4675 3216 4744 2),
3246 4689 3310 4731 ac
3347 4676 3517 4731 multa
3555 4676 3712 4730 (“She-

2146 4763 2338 4818 ruisset
2379 4763 2446 4817 de
2485 4763 2568 4829 iis,
2606 4764 2695 4837 qui
2739 4764 2958 4818 Judaica
3003 4765 3245 4835 dogmata
3297 4765 3708 4835 intempestive‘

2151 4853 2436 4917 inducunt,
2481 4853 2751 4922 subjunxit
2773 4854 2788 4884 ¹
2820 4871 2831 4904 :
2864 4852 2989 4924 Quae
3024 4855 3145 4907 mihi
3176 4858 3375 4916 [uerunt
3415 4855 3594 4919 lucra,
3618 4859 3714 4908 hac

2147 4944 2415 4996 arbitratus
2452 4959 2563 4996 sunt
2610 4954 2811 5013 propter
2853 4944 3106 4997 Christum
3159 4945 3452 4998 detrimenta
3477 4962 3496 4999 :
3524 4963 3712 4999 rerum-

2150 5045 2311 5087 tamen
2362 5035 2587 5086 existimo
2634 5037 2802 5087 omnia
2844 5037 3191 5091 detrimentum
3231 5054 3359 5102 esse,
3399 5049 3456 5089 ut
3504 5039 3714 5090 inveniar

2148 5143 2247 5179 non
2269 5126 2451 5180 habens
2487 5129 2736 5198 justitiam
2760 5143 2871 5196 qua:
2890 5145 2950 5180 ea:
2975 5130 3080 5198 lege
3108 5139 3208 5191 est;
3235 5129 3320 5182 sed
3334 5131 3593 5198 justitiam
3617 5144 3716 5198 que

2148 5233 2210 5268 ex
2252 5217 2353 5268 Deo
2396 5229 2503 5282 est,
2531 5233 2644 5287 qua:
2687 5235 2773 5284 per
2802 5219 2952 5286 ﬁdem
2984 5218 3107 5272 Jesu
3144 5219 3329 5273 Christi
3370 5231 3441 5272 est
3485 5219 3644 5291 (Ibid.
3672 5239 3711 5272 ε.

2149 5307 2198 5359 7.
2225 5307 2299 5376 9).
2321 5307 2507 5361 Postea
2534 5306 2661 5362 dicit
2682 5308 2747 5362 de
2767 5325 2870 5378 qua
2896 5310 3293 5379 lideloquatur:
3322 5310 3389 5366 Ut
3415 5329 3532 5364 eum
3553 5330 3716 5381 cogno-

2147 5415 2331 5452 scerem
2353 5442 2367 5464 ,
2410 5409 2452 5452 et
2495 5402 2764 5470 potentiam
2807 5403 3176 5457 resurrectionis
3215 5405 3322 5472 ejus
3363 5415 3408 5462 et
3445 5408 3713 5458 societates:

2149 5491 2434 5558 passionum
2450 5489 2733 5560 ejus(fbid.
2761 5492 2939 5562 v.10).
2972 5492 3103 5560 Quid
3131 5504 3229 5557 est,
3253 5493 3540 5548 Potentiam
3560 5512 3708 5548 resar-

2212 5672 2224 5698 ¹
2270 5668 2342 5716 sic
2362 5667 2498 5716 Savil.
2525 5677 2578 5719 et
2613 5671 2817 5735 maxima
2851 5682 2964 5735 pars
3001 5675 3448 5735 manuscriptorum.
3491 5682 3540 5724 In
3564 5675 3704 5724 Harl.

2148 5741 2295 5796 vero,
2342 5738 2597 5796 opportune
2636 5732 2914 5794 snbjunxit,
2962 5732 3257 5794 anteposita'
3284 5735 3489 5796 virgula.
3535 5744 3628 5783 nos
3668 5751 3704 5781 ιιι

2150 5792 2310 5840 litorei.
2334 5793 2548 5843 ouadam
2567 5792 2787 5857 deerant,
2815 5808 2921 5858 quia
2950 5809 3003 5848 es
3036 5792 3174 5846 sai'il.
3202 5805 3250 5846 et
3275 5792 3374 5847 me
3402 5796 3556 5848 E'loliiu
3593 5809 3696 5848 stt-IL
