3922 6230
26 351 104 403 τιὸ
1039 350 1125 404 DE
1161 350 1853 410 INCOMPREHENSIBILI
1895 358 2005 412 DEI
2047 361 2352 418 M'wm.
2388 368 2445 420 ιι.

25 483 180 537 μενος.
219 464 288 517 Εἰ
342 466 460 537 γὰρ
492 465 552 518 τὸ
596 463 670 536 μὴ
713 464 1171 537 περιεργάζεσθαι
1205 465 1303 531 τὰς
1347 468 1679 537 ἐπαγγελίας

21 554 162 608 αὐτοῦ
185 552 446 617 δοξάζειν
472 553 633 606 αὐτόν
655 554 793 616 ἐστι,
824 553 885 605 τὸ
927 553 1406 625 πολυπραγμονεῖν
1438 555 1534 609 καί⁵
1575 556 1683 608 διε-

25 643 194 711 ρευνᾷν
222 655 249 680 ι
285 641 418 710 οὐχὶ
451 641 551 704 τὰς
583 640 886 709 ἀποφάσεις
907 641 1092 710 μόνον,
1117 642 1254 696 ἀλλά
1280 643 1376 697 καὶ
1403 643 1566 696 αὐτὸν
1590 644 1683 696 τὸν

21 728 432 798 ἀποφηνάμενον
463 726 749 798 ἀτιμάζειν
776 726 942 781 ἐστίν.
965 729 1086 782 ’Ὁτι
1112 728 1169 781 δὲ
1189 730 1249 782 τὸ
1283 728 1358 800 μὴ
1383 730 1681 801 περιεργά-

22 816 187 879 ζεσθαι
231 815 342 879 τὰς
392 815 731 884 ἐπαγγελίας
778 815 944 868 αὐτοῦ
991 815 1234 880 δοξάζειν
1289 817 1452 870 αὐτόν
1503 818 1680 879 ἐστιν,

20 905 228 956 ἂκουσον
264 902 367 957 τοῦ
429 903 644 956 Παύλου
685 903 934 972 λέγοντος
966 904 1097 975 περὶ
1159 905 1253 958 τοῦ
1305 903 1557 976 Ἀϐραάμ
1589 904 1683 958 καὶ

20 993 102 1061 τῆς
125 993 380 1061 ὑπακοῆς
421 992 522 1063 τῆς
567 992 802 1055 ἐκείνου,
835 993 929 1044 καὶ
971 993 1069 1063 τῆς
1098 993 1155 1046 ἐν
1205 993 1376 1047 ἅπασι
1409 993 1643 1056 πίστεως
1663 1009 1678 1024 ·

19 1083 348 1149 Κατενόησε
395 1084 520 1151 μὲν
551 1085 658 1150 γὰρ
679 1121 693 1143 ,
745 1083 878 1153 φησὶ
896 1121 911 1143 ,
944 1083 1012 1135 τὸ
1045 1081 1269 1137 ἑαυτοῦ
1307 1082 1479 1154 σῶμα
1515 1100 1684 1137 νενε-

24 1170 340 1238 κρωμένον,
379 1170 486 1224 καὶ
524 1173 642 1238 τὴν
680 1169 976 1238 νέκρωσιν
1018 1169 1130 1238 τῆς
1152 1169 1383 1240 μήτρας
1418 1171 1676 1240 Σάρρας·

19 1263 92 1323 είς
115 1258 180 1311 δὲ
227 1258 352 1326 τὴν
400 1259 772 1329 ἐπαγγελίαν
800 1258 906 1313 τοῦ
962 1258 1112 1312 Θεοῦ
1165 1260 1237 1312 οὐ
1287 1258 1549 1327 διεκρίθη
1605 1257 1680 1328 τῇ

19 1349 267 1414 ἀπιστίᾳ,
308 1349 458 1402 ἀλλ’
483 1348 903 1418 ἐνεδυναμώθη
945 1347 1021 1417 τῇ
1056 1348 1278 1402 πίστει.
1312 1349 1375 1401 Ἦ
1405 1348 1565 1417 φύσις
1587 1349 1681 1402 καὶ

20 1440 46 1506 ἡ
75 1436 251 1506 ἡλικία
296 1439 382 1500 εἰς
417 1437 758 1506 ἀπόγνωσιν,
796 1438 981 1508 φησὶν,
1017 1436 1320 1500 ἐνέϐαλλον,
1343 1439 1376 1506 ὴ
1412 1437 1469 1490 δὲ
1498 1437 1681 1500 πίστις

20 1526 216 1589 ἐλπίδας
259 1526 520 1579 ὐπέτεινε
570 1525 834 1598 χρηστάς.
906 1525 1071 1578 Ἀλλ’
1133 1524 1552 1592 ἐνεδυναμώθη
1603 1523 1679 1594 τῇ

18 1618 194 1668 πίστει
214 1614 374 1682 δοὺς
401 1614 592 1678 δόξαν
613 1613 692 1679 τῷ
731 1611 874 1678 Θεῷ,
905 1613 1004 1666 καί
1035 1612 1516 1683 πληροφορηθεὶς
1538 1652 1552 1676 ,
1589 1611 1678 1666 ὅτι

19 1703 42 1754 ὃ
67 1704 451 1773 ἐπήγγελται,
481 1701 738 1767 δυνατός
762 1701 894 1754 ἐστι
933 1699 1029 1754 καί
1075 1699 1344 1768 ποιῆσαι.
1408 1700 1568 1771 Ὀρᾷς
1595 1700 1678 1754 ὅτι

19 1789 572 1861 ὁπληροφορούμενος
618 1788 760 1860 ὑπὲρ
797 1781 872 1841 ὧν
916 1786 982 1841 ἂν
1022 1789 1051 1840 6
1097 1786 1229 1850 Θεὸς
1273 1785 1674 1857 ἀποφαίνηται,

18 1879 153 1941 δόξαν
183 1878 381 1933 δίδωσι
409 1875 489 1949 τῷ
513 1875 660 1946 Θεῷ;
693 1876 756 1928 Εἰ
791 1874 969 1929 τοίνυν
998 1874 1156 1939 δόξαν
1179 1873 1362 1928 δίδωσι
1396 1873 1474 1945 τῷ
1503 1873 1621 1944 Θεῷ
1649 1875 1678 1928 6

19 1966 269 2019 πιστεύων
310 1966 492 2036 αὐτῷ,
521 1965 550 2018 6
582 1960 825 2019 ἀπιστῶν
852 1962 1002 2033 αὐτῷ
1030 1962 1126 2034 τὴν
1157 1962 1380 2034 ἀτιμίαν
1408 1963 1573 2017 αὐτοῦ
1599 1964 1679 2026 είς

19 2056 98 2123 τὴν
133 2055 338 2108 ἑαυτοῦ
389 2053 714 2126 περιτρέπει
776 2052 1042 2123 κεφαλήν.
1073 2050 1157 2105 Σὺ
1194 2051 1286 2118 τίς
1333 2047 1392 2106 εἷ
1432 2054 1465 2106 ό
1497 2053 1676 2106 ἀντα-

20 2148 442 2214 ποκρινόμενος
469 2141 547 2208 τῷ
568 2140 720 2208 Θεῷ;
738 2138 870 2194 Εἶτα
899 2141 1219 2211 βουλόμενος
1241 2140 1409 2204 δεῖξαι
1431 2140 1492 2193 τὸ
1515 2139 1678 2209 μέσον

19 2233 118 2283 δεον
145 2233 295 2284 ἐστὶν
327 2231 621 2302 ἀνθρώπου
660 2229 755 2283 καὶ
809 2227 968 2293 Θεοῦ,
1000 2227 1200 2293 ἔδειξεν
1245 2229 1343 2298 οὐχ
1375 2228 1499 2280 ὅσον
1533 2227 1640 2280 ἔδει
1660 2241 1677 2258 ·

20 2321 136 2390 τλὴν
165 2320 275 2373 ἀπὸ
309 2319 411 2372 τοῦ
441 2319 686 2381 δοθέντος
710 2316 1109 2387 ύποδείγματος
1139 2316 1362 2369 δυνατὸν
1381 2315 1476 2368 καὶ
1501 2314 1680 2386 πολλῷ

23 2409 245 2476 μείζονος
285 2407 563 2476 διαφορᾶς
607 2405 819 2458 ἔννοιαν
853 2403 1058 2459 λαϐεῖν.
1098 2402 1162 2455 Τί
1215 2403 1324 2474 γάρ
1359 2419 1529 2474 φησι;
1579 2401 1678 2470 Μὴ

19 2496 121 2562 ἐρεῖ
152 2496 220 2550 τὸ
245 2493 513 2563 πλάσμα
553 2492 634 2558 τῷ
669 2491 999 2558 πλάσαντι,
1038 2491 1097 2544 τί
1132 2507 1210 2560 με
1256 2489 1554 2558 ἐποίησας
1581 2491 1679 2544 οὒ-

21 2601 134 2650 τως;
173 2585 254 2640 ἰι
286 2585 406 2637 οὐκ
437 2582 562 2651 ἔχει
589 2579 882 2643 ἐξουσίαν
910 2581 943 2633 ό
987 2577 1279 2647 κεραμεὺς
1323 2577 1433 2631 τοῦ
1475 2576 1678 2645 πηλοῦ

19 2673 70 2724 ἐκ
95 2673 194 2725 τοῦ
223 2670 425 2726 αὑτοῦ
471 2667 818 2738 φυράματος
857 2665 1108 2734 ποιῆσαι
1144 2665 1174 2718 ὂ
1202 2665 1321 2735 μὲν
1367 2667 1453 2731 είς
1495 2664 1678 2734 τιμὴν

21 2761 238 2826 σκεῦος,
271 2759 306 2813 ὂ
350 2757 420 2812 δὲ
455 2759 544 2823 είς
579 2757 855 2826 ἀτιμίαν;
885 2754 951 2807 Τί
998 2754 1214 2822 λέγεις;
1255 2752 1430 2816 οὕτως
1478 2752 1679 2822 ὀφείλω

22 2849 326 2902 ὑποκεῖσθαι
348 2846 426 2917 τῷ
449 2845 567 2916 Θεῷ
604 2845 678 2909 ὼς
703 2846 731 2896 6
752 2843 922 2914 πηλὸς
951 2841 1028 2912 τῷ
1060 2843 1327 2912 κεραμεῖς
1356 2841 1487 2904 Ναὶ,
1521 2843 1674 2911 φησί·

20 2939 249 2991 τοσοῦτον
278 2936 394 3007 γὰρ
415 2934 476 2987 τὸ
501 2935 663 3004 μέσον
691 2930 980 3004 ἀνθρώπου
1019 2931 1116 2983 καὶ
1157 2928 1316 2986 Θεοῦ.
1343 2930 1468 2984 ὅσον
1501 2929 1674 3001 πηλοῦ

23 3029 97 3080 καὶ
121 3026 441 3098 κεραμέως·
478 3021 676 3093 μᾶλλον
721 3021 779 3074 δέ
801 3019 920 3072 οὐδὲ
951 3017 1202 3073 τοσοῦτον
1224 3019 1284 3072 τὸ
1309 3017 1494 3088 μέσον,
1543 3017 1678 3074 ἀλλὰ

23 3117 97 3167 καὶ
121 3113 306 3184 πολλῷ
334 3112 519 3166 πλέον.
562 3107 742 3180 Πηλοῦ
775 3108 874 3177 μὲν
909 3106 1020 3178 γὰρ
1067 3108 1160 3160 καὶ
1198 3107 1489 3179 κεραμέως
1521 3107 1678 3160 οὐσία

24 3205 124 3270 μία,
157 3203 418 3271 καθάπερ
438 3200 534 3252 καὶ
564 3196 714 3268 παρά
741 3195 820 3267 τῷ
866 3195 987 3249 ’1ὼό
1018 3195 1254 3265 εἴρηται·
1297 3193 1408 3250 Ἐῶ
1441 3194 1511 3248 δὲ
1536 3192 1678 3261 τοὺς

21 3291 440 3355 κατοικοῦντας
465 3286 657 3348 οίκίας
678 3283 962 3351 πηλίνας,
981 3281 1051 3347 ἐξ
1079 3278 1152 3338 οὗ
1174 3282 1272 3336 καί
1293 3283 1464 3338 αὺτοί
1490 3283 1678 3352 ἐσμεν

20 3383 74 3433 ἐιι
118 3381 221 3436 τοῦ
261 3379 457 3434 αὐτοῦ
512 3374 734 3442 πηλοῦ.
792 3375 854 3427 Εἰ
897 3374 955 3427 δὲ
1003 3372 1244 3444 ἀμείνων
1289 3371 1540 3442 φαίνεται
1583 3373 1678 3426 καὶ

21 3473 444 3544 εὐπρεπέστερος
466 3468 676 3522 ἐκείνου
705 3469 734 3520 6
765 3466 1072 3537 ἄνθρωπος,
1099 3463 1198 3535 τὴν
1231 3463 1494 3535 διαφορὰν
1517 3462 1616 3533 οὐχ
1642 3464 1676 3532 ἡ

22 3559 270 3630 ἐναλλαγὴ
298 3559 405 3629 τῆς
434 3558 672 3626 φύσεως,
722 3554 838 3608 ἀλλ’
877 3555 909 3622 ή
955 3553 1115 3622 σοφία
1149 3551 1242 3604 τοῦ
1291 3551 1535 3622 τεχνίτου
1575 3568 1677 3604 πε-

21 3650 214 3719 ποίηκε·
253 3645 411 3719 1459]
446 3645 567 3697 ἐπεὶ
610 3642 780 3712 πηλοῦ
813 3641 964 3696 οὐδὲν
993 3641 1304 3712 διέστηκας.
1346 3641 1407 3693 Εἰ
1447 3640 1504 3694 δέ
1546 3641 1676 3693 ἀπι-

22 3735 165 3793 πεῖς,
184 3729 530 3785 πειθέτωσάν
562 3743 620 3778 σε
635 3727 690 3778 αἰ
722 3725 870 3796 σοροὶ
891 3725 984 3778 καὶ
1013 3725 1068 3777 αἱ
1096 3723 1364 3794 λάρνακες
1385 3741 1399 3754 ·
1439 3725 1542 3792 ἐπὶ,
1565 3724 1676 3794 γάρ

18 3822 122 3882 τοὺς
156 3821 366 3887 τάφους
390 3813 642 3869 ἀπελθὼν
668 3812 774 3865 τῶν
805 3811 1087 3883 προγόνων
1111 3811 1234 3883 εἴσῃ
1266 3811 1348 3863 ὅτι
1375 3809 1549 3864 ταῦτα
1581 3808 1689 3868 06-,

17 3923 107 3968 τως
131 3905 264 3975 ἔχει.
293 3901 477 3974 Πηλοῦ
510 3901 610 3972 μὲν
643 3894 735 3952 οὖν
763 3898 858 3951 καὶ
896 3896 1185 3968 κεραμέως
1211 3894 1363 3948 οὐδὲν
1396 3895 1457 3947 τὸ
1487 3894 1673 3964 μέσον·

19 3989 134 4043 Θεοῦ
161 3991 219 4043 δὲ
255 3989 356 4043 καὶ
399 3984 706 4057 ἀνθρώπων
743 3984 843 4054 τῆς
885 3981 1073 4043 οὐσίας
1103 3979 1357 4033 τοσοῦτον
1379 3977 1439 4032 τὸ
1477 3978 1672 4048 μέσον,

17 4081 122 4131 ὁτον
151 4078 271 4132 οὐδὲ
291 4077 454 4143 λόγος
475 4073 822 4145 παραστῆσαι
852 4070 1099 4135 δύναται,
1123 4068 1246 4122 οὐδέ
1273 4067 1453 4120 ἔννοια
1476 4067 1678 4138 μετρῆ-

21 4184 92 4219 σαι
121 4167 310 4237 χωρεῖ.
349 4164 559 4232 Ὥσπερ
597 4157 691 4214 οὖν
735 4161 763 4214 6
793 4159 963 4231 πηλὸς
988 4159 1180 4212 ἐπεται
1208 4160 1332 4219 ταῖς
1380 4157 1537 4227 χερσί
1580 4155 1675 4209 τοῦ

19 4255 313 4325 κεραμέως,
346 4245 494 4324 ᾗπερ
525 4249 591 4302 ἂν
615 4250 822 4311 ἐκεῖνος
849 4247 986 4320 ἐλκῃ
1015 4246 1111 4300 καὶ
1132 4262 1198 4298 πε
1210 4245 1392 4316 ριάγῃ·
1415 4244 1556 4298 οῦτω
1582 4242 1677 4297 καὶ

19 4345 70 4395 σὺ
101 4342 242 4395 κατά
279 4341 374 4394 τὸν
405 4337 576 4408 πηλὸν
610 4336 825 4407 ἀφωνος
859 4334 980 4408 ἔσο,
1007 4335 1138 4387 ὅταν
1166 4334 1194 4386 6
1217 4333 1348 4396 Θεὸς
1373 4334 1678 4402 οἰκονομεῖν

17 4447 58 4480 τι
83 4431 358 4500 βούληται.
395 4425 530 4480 Οὐδὲ
553 4424 660 4494 γὰρ
685 4422 1091 4492 ἀφαιρούμενος
1118 4421 1216 4491 τὴν
1245 4420 1490 4486 ἐξουσίαν
1519 4419 1678 4492 ἡμῶν

19 4519 103 4588 (μὴ
133 4516 394 4586 γένοιτο),
416 4513 535 4568 οὐδὲ
558 4511 636 4582 τῷ
661 4508 996 4579 αὐτεξουσίῳ
1048 4509 1468 4580 λυμαινόμενος,
1501 4508 1679 4570 ταῦτα,

19 4611 224 4678 εἴρηκεν
252 4608 282 4660 6
313 4604 551 4669 Παῦλος,
584 4603 699 4656 ἀλλ’
749 4602 814 4654 ἐκ
844 4600 1045 4671 πολλῆς
1082 4599 1183 4669 τῆς
1222 4599 1540 4670 περιουσίας
1578 4599 1676 4671 τὴν

17 4696 292 4749 αὐθάδειαν
340 4693 498 4763 ἡμῶν
533 4688 934 4760 ἐπιστομίζων·
982 4689 1031 4741 εἰ
1076 4687 1133 4740 δὲ
1170 4687 1350 4748 δοκεῖ,
1387 4688 1483 4741 καὶ
1517 4686 1677 4742 τοῦτο

21 4782 223 4851 ἴδωμεν.
254 4781 321 4833 Τί
353 4797 485 4832 ποτε
519 4779 628 4850 ἄρα
656 4776 1028 4847 ἐϐουλήθησαν
1055 4777 1255 4828 ἐκεῖνοι
1291 4774 1484 4845 μαθεῖν
1505 4815 1520 4838 ,
1578 4775 1675 4827 καὶ

17 4870 142 4921 οὗτοι
165 4868 415 4940 σφοδρῶς
457 4867 654 4930 αὐτοὺς
700 4866 1098 4934 ἐπεστόμισεν;
1135 4860 1244 4936 ἆρα
1285 4865 1475 4918 οὐσίαν
1517 4881 1676 4934 περι-

19 4959 350 5028 ειργάζοντος
380 4955 667 5025 Οὐδαμῶς·
703 4954 876 5017 οὐδεὶς
908 4954 1015 5025 γὰρ
1052 4953 1208 5007 τοῦτο
1249 4953 1546 5024 ἐτόλμησεν
1582 4953 1676 5004 οὐ-

17 5049 210 5110 δεποτε,
245 5046 386 5100 ἀλλά
411 5045 475 5098 τὸ
501 5042 682 5114 πολλῷ
706 5044 944 5103 ἔλαττον.
975 5042 1284 5112 οἰκονομίας
1318 5042 1543 5112 ἐζήτουν
1581 5039 1674 5094 τοῦ

17 5131 286 5188 Θεοῦ-οἶον
324 5134 415 5188 διὰ
453 5133 505 5185 τί
539 5133 567 5184 6
604 5133 750 5184 δεῖνα
786 5130 1093 5194 κολάζεται.
1133 5130 1226 5184 καὶ
1257 5128 1346 5180 διὰ
1386 5129 1437 5179 τί
1467 5130 1495 5180 6
1530 5129 1676 5183 δεῖνα

21 5226 249 5279 ἐλεεῖται·
279 5225 369 5278 διὰ
396 5223 450 5276 τί
483 5225 512 5278 6
537 5222 684 5275 δεῖνα
707 5221 1105 5275 ἀπαλλάττεται
1147 5219 1437 5290 τιμωρίας.
1469 5222 1498 5273 ὁ
1537 5219 1592 5272 δὲ
1619 5220 1676 5272 ἐν

19 5311 192 5378 δεινοῖς
223 5317 375 5367 ἐστι·
425 5312 518 5364 καὶ
569 5313 598 5364 6
645 5310 742 5381 μὲν
789 5307 1114 5383 συγγνώμης
1150 5307 1367 5377 ἔτυχεν,
1417 5311 1445 5361 6
1474 5308 1530 5361 δὲ
1578 5309 1677 5361 οὐκ

21 5403 174 5473 ἑτυχε.
207 5402 397 5457 Ταῦτα
427 5401 536 5470 γὰρ
567 5400 660 5452 καὶ
691 5400 758 5453 τὰ
789 5397 1011 5452 τοιαῦτα
1042 5397 1283 5468 ἐζήτουν.
1324 5396 1494 5452 Πόθεν
1516 5397 1676 5467 δῆλον

19 5491 191 5556 τοῦτο;
235 5493 331 5544 Ἐκ
356 5487 468 5561 τῶν
493 5487 750 5557 ἀνωτέρω
772 5485 995 5538 τούτων·
1033 5484 1201 5539 εἰπὼν
1225 5485 1354 5556 γὰρ,
1393 5487 1542 5554 ’Ἄρα
1562 5482 1676 5541 οὖν

21 5578 83 5632 ὃν
107 5580 256 5634 θέλει
277 5576 474 5643 ἐλεεῖ,
515 5575 591 5630 ὃν
638 5575 706 5629 δέ
755 5575 911 5630 θέλει
952 5575 1302 5642 σκληρύνει.
1351 5575 1535 5645 Ἐρεῖς
1564 5571 1676 5633 οὖν

17 5683 122 5731 μοι·
153 5668 211 5720 Τί
229 5668 319 5721 ἔτι
345 5664 672 5735 μέμφεται;
721 5662 801 5728 τῷ
853 5662 962 5732 γὰρ
1004 5661 1343 5733 ,βουλήματι
1371 5665 1556 5720 αὑτοῦ
1587 5665 1674 5730 τίς

79 5805 102 5833 ⁸
122 5803 214 5854 Διιί
232 5817 345 5853 cum
377 5799 561 5854 Savilio
584 5801 662 5849 καὶ
681 5798 1009 5859 διερευνᾶσθαι.

3341 358 3446 416 716

1791 473 2160 542 ἁνθέστηκε;
2188 479 2310 532 τότε
2344 483 2638 552 ἐπήγαγεν,
2687 479 2924 534 Μενοῦν
2963 495 3047 546 γε,
3074 472 3121 532 ὧ
3147 475 3446 544 ἄνθρωπε,

1787 562 1868 614 σὺ
1901 563 1992 630 τίς
2020 560 2079 619 εί
2109 569 2142 620 ό
2179 568 2762 638 ἀνταποκρινόμενος
2794 567 2872 632 τῷ
2912 566 3068 632 Θεῷ;
3122 564 3446 634 Οἰκονομίας

1785 651 1962 704 τοίνυν
1988 654 2283 723 ζητοῦντας
2314 657 2766 728 περιεργάζεσθαι
2797 654 3133 726 ἐπιστομίζει
3152 656 3180 707 6
3214 651 3445 715 Παῦλος.

1787 736 1916 792 Εἶτα
1946 742 2174 807 ἐκείνοις
2205 745 2302 814 μὲν
2341 746 2461 800 οὐδέ
2490 746 2662 799 ταῦτα
2693 746 2930 814 ἀφίεται·
2961 745 3024 798 σὺ
3059 744 3114 796 δέ
3145 742 3243 814 τὴν
3271 759 3450 813 μακα-

1787 826 1910 897 ρίαν
1940 830 2127 884 οὐσίαν
2153 831 2249 904 τὴν
2289 833 2466 888 πάντα
2501 832 2888 904 οἰκονομοῦσαν
2916 833 2944 871 b
2978 828 3479 900 πολυπραγμονῶν,

1785 916 1884 985 οὐχ
1916 915 2022 987 ἡγῇ
2071 919 2280 988 μυρίων
2329 919 2477 984 ἄξιος
2529 915 2668 974 εἶναι
2714 917 3004 990 σκηπτῶν;
3047 917 3142 970 καὶ
3182 915 3300 979 πῶς
3348 914 3450 967 οὐκ

1784 1000 2018 1072 ἐσχάτης
2037 1003 2208 1058 ταῦτα
2237 1007 2467 1077 μανίας;
2502 1008 2766 1060 Ἄκουσον
2808 1005 2903 1058 τοῦ
2939 1005 3218 1076 προφήτου
3262 1002 3448 1071 λέγον-

1782 1105 1894 1152 τος,
1921 1090 2118 1160 μᾶλλον
2145 1092 2200 1146 δὲ
2220 1093 2314 1146 τοῦ
2337 1094 2471 1148 Θεοῦ
2507 1095 2572 1148 δι’
2595 1095 2825 1148 ἐκείνου·
2849 1095 2919 1147 Εἰ
2955 1091 3150 1160 πατὴρ
3171 1090 3284 1160 ἐγώ
3307 1092 3478 1165 sua»;

1783 1177 1901 1233 ποῦ
1930 1179 2103 1234 ἐστιν
2126 1184 2164 1250 ἠ
2186 1181 2336 1248 δόξα
2356 1201 2475 1254 μου
2493 1200 2512 1248 ;
2553 1183 2652 1237 καὶ
2686 1185 2739 1237 εί
2780 1183 2993 1251 Κύριος
3023 1180 3135 1252 ἐγώ
3159 1182 3297 1250 εἶμι,
3329 1177 3484 1258 ποῦζ

1781 1265 1954 1320 ἐστιν
1982 1271 2015 1322 ό
2047 1269 2230 1338 φόϐος
2252 1288 2414 1340 μου;
2457 1272 2515 1324 Ὀ
2545 1271 2653 1341 γὰρ
2689 1269 3020 1341 φοϐούμενος
3049 1269 3109 1321 οὐ
3147 1265 3449 1339 περιεργά-

1784 1352 1956 1418 ζεται,
1979 1356 2115 1410 ἀλλά
2145 1361 2455 1430 προσκυνεῖ,
2493 1360 2554 1412 οὐ
2578 1360 3040 1430 πολυπραγμονεῖ,
3066 1356 3181 1411 ἀλλ’
3211 1356 3450 1426 εὐφημεῖ

1785 1443 1877 1496 καὶ
1906 1444 2134 1509 δοξάζει.
2170 1446 2580 1500 Διδασκέτωσάν
2622 1464 2681 1500 σε
2729 1445 2901 1500 ταῦτα
2933 1447 3027 1499 καὶ
3063 1446 3119 1497 αἱ
3149 1444 3259 1497 ἀνω
3291 1442 3451 1496 δυνά-

1788 1547 1909 1600 μεις
1940 1533 2035 1585 καὶ
2064 1534 2092 1586 6
2117 1533 2386 1604 μακάριος
2413 1533 2643 1598 Παῦλος·
2675 1535 2735 1588 οὐ
2759 1533 2868 1604 γὰρ
2901 1534 3104 1605 ἑτέροις
3137 1532 3234 1603 μὲν
3268 1531 3444 1584 ταῦτα

1784 1619 2119 1691 ἐπιπλήττει,
2142 1622 2304 1685 αὐτὸς
2333 1622 2388 1675 δὲ
2413 1624 2509 1692 οὐχ
2545 1622 2686 1676 οὕτω
2715 1621 3000 1675 διάκειται.
3028 1621 3292 1673 ’Ἄκουσον
3318 1619 3451 1688 γοῦν

1781 1707 1833 1760 τί
1859 1707 2239 1780 Φιλιππησίοις
2290 1710 2454 1780 φησὶ,
2505 1710 2718 1774 δεικνὺς
2761 1710 2842 1762 ὅτι
2893 1709 3125 1780 μερικὴν
3152 1709 3450 1777 ἐπίγνωσιν

1782 1795 1895 1866 ἔχει
1929 1797 2202 1870 (καθάπερ
2244 1799 2338 1852 καὶ
2383 1798 2690 1870 Κορινθίοις
2721 1797 2947 1869 γράφων
2980 1797 3165 1866 ἔλεγεν
3212 1798 3316 1863 ὅτι,
3352 1798 3449 1850 Ἐκ

1778 1881 2000 1953 μέρους
2037 1885 2463 1959 γινώσκομεν),
2494 1888 2589 1940 καὶ
2617 1886 2710 1940 τοῦ
2742 1886 2940 1949 παντὸς
2979 1885 3207 1940 οὐδέπω·
3232 1887 3327 1939 καὶ
3352 1884 3448 1938 νῦν

1783 1972 2144 2042 ἐπείληπται·
2207 1974 2518 2044 Ἀδελφοί,
2567 1974 2684 2044 ἐγὼ
2731 1973 2994 2044 ἐμαυτόν
3039 1975 3110 2028 οὺ
3147 1971 3450 2044 λογίζομαι

1782 2063 2219 2130 κατειληφέναι.
2260 2063 2326 2117 Τί
2354 2062 2556 2133 ταύτης
2587 2063 2916 2132 σαφέστερον
2944 2063 3044 2132 τῆς
3065 2061 3282 2132 φωνῆς;
3312 2062 3448 2115 Σάλ-

1782 2165 1980 2217 πιγγος
2029 2149 2402 2222 λαμπρότερον
2468 2151 2661 2222 ἐϐόησε
2712 2150 2810 2220 τὴν
2862 2150 3187 2220 οἰκουμένην
3232 2150 3449 2203 ἃπασαν

1781 2238 2050 2292 παιδεύων
2075 2241 2293 2310 ἀγαπᾷν
2321 2241 2413 2294 καὶ
2440 2241 2686 2311 στέργειν
2728 2237 2806 2308 τῷ
2844 2237 3049 2291 δοθέντι
3079 2237 3174 2306 τῆς
3199 2237 3450 2304 γνώσεως

1784 2324 1988 2396 μέτρῳ,
2035 2329 2128 2380 καὶ
2159 2329 2232 2398 μὴ
2279 2328 2520 2398 νομίζειν
2553 2327 2614 2380 τὸ
2652 2328 2758 2404 πᾶν
2810 2324 3161 2394 ἐπειληφέναι
3202 2324 3354 2376 ποτέ.
3384 2323 3450 2377 Τί

1780 2411 1976 2481 λέγεις,
2001 2415 2121 2467 εἰπέ
2147 2433 2269 2486 μοις
2299 2415 2389 2469 τὸν
2415 2416 2646 2484 Χριστὸν
2671 2415 2814 2485 ἔχεις
2841 2417 2898 2468 ἐν
2928 2411 3138 2483 σεαυτῷ
3163 2410 3447 2474 λαλοῦντα,

1782 2499 1876 2553 καὶ
1899 2500 2076 2569 λέγεις
2112 2503 2215 2564 ὅτι,
2262 2503 2410 2571 Ἐγὼ
2442 2505 2514 2557 οὐ
2537 2502 2837 2572 λογίζομαι
2875 2499 3136 2570 ἐμαυτόν
3169 2501 3447 2564 κατειλη-

1780 2588 1990 2658 φέναι;
2022 2589 2121 2643 Διὰ
2141 2591 2249 2662 γάρ
2277 2591 2411 2645 αὐτὸ
2436 2591 2612 2655 τοῦτο,
2655 2590 2841 2661 φησὶν,
2871 2586 3045 2652 εἶπον,
3074 2590 3158 2642 ὅτι
3187 2588 3278 2640 τὸν
3307 2587 3447 2657 Χρι-

1783 2676 1905 2730 στὸν
1934 2677 2041 2748 ἔχω
2060 2679 2116 2731 ἐν
2143 2679 2363 2750 ἐμαυτῷ
2395 2679 2679 2733 λαλοῦντα·
2705 2677 2866 2741 αὐτός
2891 2695 2957 2748 με
2981 2676 3152 2730 ταῦτα
3186 2672 3444 2738 ἐδίδαξεν.

1784 2766 1944 2818 Ὥστε
1975 2767 2068 2818 καὶ
2096 2759 2261 2826 οὗτοι,
2299 2769 2347 2820 εί
2377 2766 2452 2838 μὴ
2483 2767 2759 2830 παντελῶς
2793 2765 2990 2836 ἔρημοι
3023 2765 3120 2833 τῆς
3152 2761 3247 2815 τοῦ
3272 2759 3448 2816 Πνεύ-

1782 2871 1950 2924 ματος
1971 2850 2110 2927 ἦσαν
2137 2855 2408 2926 βοηθείας,
2433 2857 2528 2910 καὶ
2549 2857 2648 2928 τὴν
2677 2855 2955 2926 ἐνέργειαν
2985 2851 3148 2906 αὐτοῦ
3178 2852 3359 2904 πᾶσαν
3385 2853 3448 2904 ἐκ

1776 2941 1877 3011 τῆς
1909 2942 2119 2995 ἑαυτῶν
2139 2941 2426 2996 ἀπώσαντο
2451 2943 2649 3014 ψυχῆς,
2698 2943 2798 2996 οὐκ
2825 2941 2910 3004 ἂν,
2937 2929 3442 3006 Παύλουλέγοντος,

1781 3030 1863 3081 Οὐ
1886 3028 2187 3100 λογίζομαι
2208 3031 2467 3100 ἐμαυτόν
2489 3029 2934 3100 κατειληφέναι,
2954 3028 3106 3081 αὐτοί
3126 3024 3219 3081 τοῦ
3243 3025 3442 3089 παντὸς

1776 3116 2095 3188 ἐπειλῆφθαι
2123 3118 2398 3189 ἐνόμισαν.

1849 3204 2000 3278 [460]
2017 3214 2087 3272 ς’.
2104 3207 2214 3261 Καὶ
2229 3207 2390 3262 πόθεν
2405 3207 2579 3278 δῆλον,
2600 3227 2672 3279 φη
2681 3208 2782 3272 σὶν,
2796 3207 2876 3260 ὅτι
2891 3223 2955 3259 πε
2963 3205 3018 3278 ρὶ
3034 3205 3267 3268 πίστεως
3277 3201 3447 3256 ταῦτα

1776 3290 1924 3362 λέγει
1957 3295 2052 3350 καὶ
2081 3296 2334 3365 γνώσεως
2362 3299 2457 3350 καὶ
2479 3297 2786 3368 δογμάτων,
2810 3297 2904 3350 καί
2923 3297 3044 3367 οὐχὶ
3067 3295 3194 3366 περὶ
3217 3294 3330 3364 βίου
3353 3292 3448 3346 καὶ

1777 3382 2072 3447 πολιτείας·
2091 3385 2172 3437 ὅτι
2191 3383 2356 3454 ἀτελῆ
2379 3384 2612 3455 ἐμαυτὸν
2636 3385 2838 3456 νομίζω
2857 3386 2915 3436 ἐν
2942 3383 3039 3453 βίῳ
3063 3383 3157 3436 καὶ
3178 3380 3444 3450 πολιτείας

1775 3471 2028 3526 Μάλιστα
2047 3473 2145 3544 μὲν
2159 3468 2252 3526 οὗν
2275 3471 2433 3526 τοῦτο
2449 3473 2604 3543 δῆλον
2626 3473 2881 3543 ἐποίησεν
2903 3471 3091 3525 εἰπών·
3117 3469 3229 3524 Τὸν
3242 3467 3448 3538 ἀγῶνα

1776 3557 1885 3612 τὸν
1924 3559 2118 3613 καλὸν
2157 3558 2519 3630 ἠγώνισμαι,
2562 3561 2669 3613 τὸν
2722 3560 2946 3629 δρόμον
2977 3558 3292 3620 τετέλεκα,
3333 3555 3449 3622 τὴν

1777 3647 1986 3701 πίστιν
1998 3647 2294 3716 τετήρηκα
2312 3664 2327 3678 ·
2348 3647 2564 3703 λοιπὸν
2586 3647 2892 3701 ἀπόκειταί
2916 3664 3016 3716 μοι
3034 3649 3067 3700 ό
3095 3644 3204 3713 τῆς
3225 3643 3448 3697 δικαιο-

1777 3736 1975 3802 σύνης
2018 3736 2338 3804 στέφανος.
2391 3736 2447 3790 Ὀ
2511 3735 2567 3788 δὲ
2609 3735 2698 3787 τὸν
2746 3736 3012 3803 στέφανον
3072 3731 3282 3804 μέλλων
3308 3732 3446 3784 ἀπο-

1776 3825 2093 3897 λαμϐάνειν,
2125 3826 2219 3878 καὶ
2256 3825 2347 3878 τὸν
2381 3824 2577 3896 δρόμον
2613 3823 2868 3886 τελέσας,
2897 3822 2997 3874 οὐκ
3024 3816 3302 3882 ἀνεῖπεν,
3357 3821 3440 3873 Οὐ

1775 3911 2075 3984 λογίζομαι
2131 3913 2393 3982 ἐμαυτὸν
2469 3913 2906 3981 κατειληφέναι.
2973 3909 3182 3974 Ἀλλως
3250 3909 3306 3961 δὲ
3368 3908 3438 3961 τὰ

1777 4002 2055 4075 πρακτέα,
2092 4004 2187 4056 καὶ
2227 4002 2297 4056 τά
2336 4001 2409 4074 μὴ
2449 4002 2730 4072 πρακτέα,
2772 4001 2945 4055 οὐδενὶ
2990 3999 3098 4052 τῶν
3135 3996 3438 4070 ἀνθρώπων

1777 4090 1924 4142 ἐστὶν
1952 4100 1973 4126 ε
2007 4089 2222 4160 ἀφανῆ,
2250 4090 2386 4143 ἀλλά
2415 4092 2544 4144 πᾶσι
2577 4089 2710 4159 δῆλα
2744 4091 2839 4142 καὶ
2878 4087 3150 4159 γνώριμα,
3176 4087 3268 4139 καὶ
3306 4085 3438 4155 βαρ-

1776 4175 1964 4247 ὀάροις
2001 4176 2098 4229 καὶ
2121 4177 2356 4246 Πέρσαις
2382 4178 2476 4229 καὶ
2508 4175 2671 4229 παντὶ
2705 4175 2784 4245 τῷ
2812 4175 2921 4228 τῶν
2947 4172 3250 4245 ἀνθρώπων
3277 4173 3442 4240 γένει.

1777 4263 1896 4317 Ἵνα
1920 4263 2092 4318 δὲκαὶ
2125 4264 2454 4334 σαφέστερον
2483 4263 2510 4317 ὃ
2535 4264 2680 4331 λέγω
2711 4263 2921 4332 ποίησω
2939 4304 2954 4326 ,
3002 4263 3170 4332 αὐτῆς
3202 4259 3447 4329 ἀναγνώ-

1779 4353 2064 4422 σομαιτῆς
2099 4351 2404 4424 περικοπῆς
2434 4352 2782 4406 ἀκολουθίαν·
2816 4351 2984 4404 εἰπὼν
3013 4352 3142 4422 γὰρ,
3183 4351 3446 4404 Βλέπετε

1776 4438 1919 4506 τοὺς
1973 4440 2180 4505 κύνας,
2227 4438 2490 4504 ,βλέπετε
2551 4439 2690 4506 τοὺς
2749 4440 2974 4505 κακοὺς
3013 4438 3296 4507 ἐργάτας,
3345 4437 3446 4488 καὶ

1777 4526 1947 4580 πολλὰ
1973 4526 2273 4597 διαλεχθεὶς
2309 4529 2437 4599 περί
2483 4529 2590 4582 τῶν
2629 4529 2960 4596 εἰσαγόντων
3007 4527 3269 4581 Ἰουδαϊκά
3318 4525 3445 4594 δόγ-

1779 4633 1924 4685 ματα
1947 4615 2189 4686 ἀκαίρως
2207 4612 2255 4680 d,
2286 4617 2532 4687 ἐπήγαγε
2561 4616 2733 4685 λέγων
2749 4633 2761 4646 ·
2785 4616 2994 4670 ’Ἀτινα
3018 4611 3095 4684 ἦν
3111 4632 3211 4683 μοι
3239 4612 3442 4683 κέρδη,

1777 4703 1961 4759 ταῦτα
1990 4703 2210 4774 ἥγημαι
2234 4704 2331 4760 διὰ
2359 4705 2465 4758 τὸν
2485 4705 2740 4773 Χριστὸν
2758 4704 2993 4774 ζημίαν·
3017 4704 3175 4757 ἀλλὰ
3197 4702 3314 4772 μὲν
3333 4699 3447 4756 οὖν

1775 4809 1844 4860 γε
1886 4792 1982 4845 καί
2023 4792 2325 4861 ἡγήσομαι
2366 4793 2437 4846 τὰ
2476 4793 2669 4847 πάντα
2707 4793 2936 4863 ζημίαν,
2970 4792 3069 4844 ἵνα
3107 4789 3325 4859 εὑρεθῶ
3355 4788 3443 4857 μὴ

1776 4879 1934 4946 ἔχων
1963 4879 2358 4949 δικαιοσύνην
2382 4880 2498 4948 τὴν
2515 4881 2584 4934 ἐκ
2619 4882 2825 4949 νόμου,
2853 4880 3011 4933 ἀλλὰ
3043 4877 3158 4946 τὴν
3191 4877 3259 4929 ἐκ
3295 4874 3444 4929 Θεοῦ

1777 4967 2189 5036 δικαιοσύνην,
2223 4969 2337 5038 τὴν
2375 4969 2472 5021 διὰ
2500 4968 2609 5038 τῆς
2641 4970 2896 5033 πίστεως
2925 4966 3128 5034 Ἰησοῦ
3163 4963 3438 5031 Χριστοῦ.

1777 5053 1910 5110 Εἶτα
1944 5056 2088 5126 λέγει
2125 5057 2283 5120 ποίας
2313 5057 2567 5121 πίστεως,
2607 5057 2716 5110 Τοῦ
2743 5054 2957 5124 γνῶναι
2983 5054 3170 5107 αὐτὸν
3198 5052 3294 5106 καί
3327 5051 3443 5118 τὴν

1777 5144 2034 5216 δύναμιν
2081 5144 2194 5214 τῆς
2244 5144 2633 5209 ἀναστάσεως
2679 5143 2862 5199 αὐτοῦ
2925 5142 3021 5194 καί
3075 5140 3191 5207 τὴν
3235 5157 3440 5194 κοινω-

1775 5234 1914 5286 νίαν
1945 5233 2064 5287 τῶν
2092 5231 2454 5302 παθημάτων
2489 5231 2694 5287 αὐτοῦ.
2729 5231 2794 5282 Τί
2836 5233 2980 5292 ἐστι,
3028 5229 3287 5298 δύναμιν
3330 5229 3441 5299 τῆς

1775 5321 2168 5389 ἀναστάσεως
2213 5321 2434 5386 avrai);
2477 5321 2675 5384 Καινός
2713 5339 2815 5384 τις,
2862 5319 3057 5390 φησὶν,
3095 5320 3442 5386 ἀναστάσεως

1783 5483 1795 5496 .
1837 5420 2116 5495 {Quinque
2149 5438 2266 5474 mss.
2289 5426 2374 5482 τήν
2392 5422 2542 5476 ταῦτα
2572 5421 2932 5486 οἰκονομοῦσαν.
2962 5423 3116 5472 Paulo
3142 5428 3260 5472 ante
3284 5424 3438 5473 Savil.

1776 5501 1970 5534 εοειται.

1802 5501 2040 5612 φῗῖιῖῗᾶὶεῐξι
2060 5547 2155 5612 τῶν
2175 5549 2450 5612 ἀνθρώπων,
2475 5549 2711 5610 ἄνθρωπε,
2733 5547 2877 5612 ἐστίν.

1837 5607 1862 5646 ἀ
1890 5609 1972 5658 Sic
1995 5608 2143 5658 Savil.
2189 5607 2486 5672 et'maxim;
2513 5607 2623 5672 pa'rs
2671 5623 2784 5658 .nss.
2826 5609 2878 5659 ln
2923 5608 3094 5658 Morel.
3121 5621 3240 5657 vero
3281 5607 3439 5656 εὐκαῗ-

1774 5685 1890 5736 ρως,
1917 5671 2190 5732 anteposita
2213 5671 2416 5736 v_iljgula.
2443 5671 2556 5736 Mog
2575 5672 2816 5736 in‘Murel.
2834 5672 3065 5736 Διιυιιειιίειιιι
3090 5673 3440 5736 apol-amans

1774 5744 1833 5806 οι
1861 5733 2040 5805 δίψει
2066 5733 2354 5806 ωεξξιιξόὶιε
2376 5740 2507 5806 gum.
2527 5733 2679 5784 Paulo
2693 5739 2803 5796 post
2826 5734 3004 5784 Sav.el
3021 5733 3440 5796 quidammsssn‘ﬁ

1781 5793 2083 5852 ἀναστάσεως
2114 5795 2297 5858 ἐδείχθη
2327 5796 2512 5864 τρόπος.
