3922 6282
451 313 558 368 717

439 433 656 506 ἐδείχθη
694 433 883 501 τύπος.
910 437 1102 492 Πολλοὶ
1139 438 1239 508 μὲν
1268 439 1377 511 γάρ
1407 441 1502 493 καὶ
1533 439 1640 511 πρὸ
1666 440 1876 493 ἐκείνου
1910 438 2109 493 πολλά-

441 541 528 588 κις
561 524 865 596 ἀνέστησαν
893 527 1096 597 νεκροὶ,
1127 524 1269 581 οὕτω
1291 526 1347 579 δὲ
1377 527 1498 580 οὐδὲ
1528 523 1626 591 εἷς.
1651 529 1714 580 Οῑ
1750 527 1848 598 μὲν
1877 527 1986 599 γὰρ
2016 527 2110 581 ἀλ-

443 611 516 663 λτ·
566 613 768 678 πάντες
795 616 1127 679 ἀναστάντες
1156 614 1318 670 πάλιν
1360 617 1440 680 είς
1487 614 1586 686 τὴν
1611 617 1714 686 γῆν
1751 616 2109 688 ὑπέστρεφον,

445 701 690 773 καὶπρὸς
719 702 908 774 καιρὸν
930 702 1397 773 ἀπαλλαττόμενοι
1421 705 1521 774 τῆς
1546 703 1638 757 τοῦ
1667 704 1896 758 θανάτου
1922 721 2108 774 τυρανο

443 789 605 853 νίδος,
645 789 750 843 ὑπὸ
788 790 887 861 τὴν
918 790 1092 864 ἀρχὴν
1129 792 1290 847 πάλιν
1325 791 1520 862 ἤγοντο
1560 791 1659 863 τὴν
1691 792 1921 845 ἐκείνου·
1965 792 2027 845 τὸ
2054 792 2111 846 δὲ

446 875 604 946 σῶμα
633 877 695 930 τὸ
727 877 1046 934 δεσποτικὸν
1079 879 1318 934 ἀναστὰν
1355 879 1455 933 οὑκ
1485 881 1564 942 είς
1590 879 1688 950 τὴν
1715 880 1817 950 γῆν
1845 879 2111 950 ὑπέστρε-

442 962 563 1032 ψεν,
587 964 700 1019 ἀλλ’
727 966 806 1030 είς
826 967 953 1032 τοὺς
977 968 1241 1039 οὑρανοὺς
1262 967 1452 1038 ἀνέϐη,
1476 967 1568 1020 καὶ
1601 968 1778 1019 πᾶσαν
1795 965 1890 1020 τοῦ
1911 966 2108 1040 ἐχθροῦ

443 1049 708 1105 κατέλυσε
741 1053 840 1125 τὴν
881 1055 1192 1127 τυραννίδα,
1222 1056 1316 1110 καὶ
1348 1055 1466 1126 μεθ’
1490 1053 1681 1108 ἐαυτοῦ
1727 1054 1826 1125 τὴν
1857 1054 2111 1125 οἰκουμέ-

443 1153 544 1208 νην
565 1139 958 1212 συνανέστησεν
987 1141 1204 1197 ἅπασαν
1233 1142 1327 1197 καὶ
1360 1141 1454 1195 νῦν
1481 1142 1538 1194 ἐν
1570 1141 1646 1212 τῷ
1668 1141 1842 1213 θρόνῳ
1872 1141 2109 1211 κάθηται

442 1224 521 1298 τῷ
545 1227 824 1301 βασιλικῷ.
854 1231 1020 1286 Ταῦτ’
1043 1227 1135 1287 οῦν
1157 1231 1372 1288 ἅπαντα
1392 1231 1586 1287 ἐννοῶν
1605 1233 1632 1284 6
1656 1230 1865 1294 Παῦλος
1887 1229 1980 1283 καὶ¹
2003 1229 2057 1282 δε
2067 1247 2110 1282 ι·-

444 1314 598 1378 κνὺς,
630 1315 711 1370 ὅτι
750 1316 819 1373 τὰ
847 1319 1082 1373 τοσαῦτα
1112 1321 1206 1374 καὶ
1232 1318 1532 1391 τηλικαῦτα
1569 1315 1822 1388 θαύματα
1849 1316 2109 1386 λογισμὸς

445 1401 547 1472 μὲν
569 1404 744 1468 οὐδεὶς
767 1407 1114 1479 παραστῆσαι
1141 1409 1448 1480 δυνήσεται,
1481 1408 1662 1469 πίστις
1692 1406 1750 1460 δέ
1785 1406 1918 1477 μόνη
1945 1405 2106 1459 δύνα-

441 1502 533 1542 ται
566 1491 772 1557 διδάξαι
811 1494 904 1549 καὶ
947 1496 1171 1567 ποιῆσαι
1201 1496 1369 1568 σαφῆ,
1405 1496 1608 1565 ἔλεγεν,
1652 1494 1778 1547 Ἐπὶ
1804 1493 1881 1562 τῇ
1910 1493 2108 1546 πίστει

442 1578 551 1634 τοῦ
579 1581 801 1651 γνῶναι
828 1583 944 1651 τὴν
964 1583 1220 1655 δύναμιν
1246 1584 1356 1653 τῆς
1379 1581 1775 1648 ἀναστάσεως
1803 1582 2011 1637 αὑτοῦ.
2042 1583 2107 1637 Εἰ

443 1668 554 1740 γὰρ
583 1670 772 1735 ἁπλῶς
805 1673 1100 1727 ἀνάστασιν
1130 1673 1190 1726 οὑ
1224 1672 1444 1727 δύναται
1475 1671 1822 1744 παραστῆσαι
1849 1671 2109 1741 λόγισμός

442 1754 654 1826 (μεῖζον
678 1757 787 1830 γάρ
811 1758 968 1812 τοῦτο
994 1760 1094 1830 τῆς
1119 1760 1462 1831 ἀνθρωπίνης
1487 1759 1723 1830 φύσεως,
1755 1759 1848 1812 καὶ
1873 1757 1975 1828 τῆς
2000 1757 2108 1811 τῶν

441 1847 782 1917 πραγμάτων
814 1846 1133 1912 ἀκολουθίας
1175 1846 1332 1918 ἐστί),
1368 1847 1466 1918 τὴν
1499 1847 1751 1902 τοσοῦτον
1788 1845 1898 1900 τῶν
1934 1846 2108 1901 ἀλλων

439 1933 788 1991 ἀναστάσεων
840 1937 1200 2009 διαφέρουσαν
1256 1937 1557 1993 ἀνάστασιν
1612 1939 1765 1999 ποῖος
1817 1935 2108 2006 δυνήσεται

441 2024 791 2095 παραστῆσαι
820 2016 1260 2097 λογισμός;’ούκ
1299 2023 1447 2079 ἐστιν
1471 2023 1664 2089 οὑδείς·
1705 2023 1842 2079 ἀλλά
1875 2023 2110 2089 πίστεως

440 2110 572 2182 ἡμῖν
603 2112 684 2166 δεῖ
707 2114 893 2186 μόνης,
984 2115 1269 2186 μέλλοιμεν
1293 2121 1319 2149 ⁸
1345 2113 1649 2176 πείθεσθαι,
1680 2115 1762 2168 ὅτι
1795 2114 1952 2185 σῶμα
1982 2113 2110 2184 θνη-

438 2196 532 2252 τὸν
588 2201 682 2255 καὶ
734 2201 953 2272 ἀνέστη,
989 2203 1082 2256 καὶ
1125 2205 1204 2267 είς
1234 2203 1380 2276 ζωὴν
1411 2197 1572 2275 ἦλθεν
1615 2201 1902 2266 ἀθάνατον,
1933 2201 2109 2272 πέρας

437 2286 590 2340 οὐδὲν
617 2288 737 2342 οὑδέ
762 2289 913 2353 τέλος
941 2288 1190 2361 ἔχουσαν·
1224 2293 1360 2361 ὅπερ
1393 2287 1485 2344 οῦν
1517 2290 1609 2344 καὶ
1640 2289 1874 2361 ἀλλαχοῦ
1903 2289 2106 2360 σημαί-

437 2392 546 2428 νων
573 2375 776 2445 έλεγεν·
820 2377 873 2429 Ὁ
906 2378 1160 2446 Χριστὸς
1191 2379 1450 2448 ἐγερθεὶς
1477 2377 1674 2434 οὐκέτι
1704 2377 2102 2443 ἀποθνήσκει,

440 2462 695 2530 θάνατος
721 2466 906 2520 αὑτοῦ
931 2467 1130 2521 οὐκέτι
1162 2469 1436 2535 κυριεύει.
1464 2469 1623 2521 Ὥστε
1651 2467 1869 2522 διπλοῦν
1891 2467 1956 2520 τὸ
1984 2466 2109 2522 θαῦ-

440 2567 540 2621 μα,
572 2550 666 2604 καὶ
695 2551 756 2605 rb
782 2553 1098 2624 ἀναστῆναι,
1132 2554 1226 2606 καὶ
1251 2555 1312 2608 τὸ
1330 2554 1500 2618 οὑτως
1525 2555 1839 2626 ἀναστῆναι.
1867 2554 1966 2609 Διά
1990 2553 2108 2610 τοῦ-

436 2653 500 2692 το
531 2637 737 2706 ἐλεγεν,
785 2641 915 2694 Ἐπί
949 2640 1026 2710 τῇ
1067 2642 1268 2696 πίστει
1310 2641 1416 2696 τοῦ
1443 2642 1670 2712 γνῶναι
1705 2641 1822 2711 τὴν
1849 2642 2107 2714 δύναμιν

435 2723 549 2792 τῆς
569 2726 959 2794 ἀναστάσεως
983 2729 1190 2784 αὑτοῦ.
1222 2730 1285 2784 Et
1323 2730 1380 2784 δὲ
1409 2730 1510 2802 τὴν
1535 2729 1829 2784 ἀνάστασιν
1858 2731 1920 2785 ού
1948 2731 2105 2786 δυνα-

433 2812 530 2869 τὸν
569 2813 848 2886 λογισμοῖς
887 2817 1088 2888 εὑρεῖν,
1143 2818 1293 2890 πόσῳ
1328 2819 1527 2890 μᾶλλον
1570 2819 1668 2890 τὴν
1714 2819 1968 2892 γέννησιν
2005 2819 2105 2891 τὴν

434 2901 580 2968 ἀνως
616 2905 750 2974 Περὶ
793 2906 852 2963 δὲ
890 2905 1096 2961 τούτων
1131 2907 1513 2979 διαλεγόμενος
1539 2911 1568 2963 ό
1599 2908 1812 2974 Παῦλος
1840 2911 1935 2965 καὶ
1975 2913 2105 2983 περὶ

433 2990 532 3046 τοῦ
559 2992 793 3063 σταυροῦ
827 2995 920 3048 καὶ
949 2995 1043 3048 τοῦ
1075 2995 1280 3062 πάθους
1311 2997 1504 3067 λέγων,
1539 2999 1766 3054 κάκεῖνα
1793 3001 1858 3070 τῇ
1889 3000 1989 3069 τῆς
2015 2999 2105 3053 πί-

436 3095 609 3144 στεως
644 3082 910 3153 ἐπέτρεψε
945 3083 1193 3156 δυνάμει·
1230 3081 1347 3140 εἶτα
1388 3085 1576 3140 τοῦτον
1621 3087 1838 3142 ἅπαντα
1877 3090 2105 3161 κινήσας

433 3167 526 3223 τὸν
552 3168 726 3239 λόγον,
756 3169 909 3244 [461]
933 3172 1136 3244 προῖὼν
1164 3168 1337 3237 εἶπεν,
1390 3174 1676 3245 Ἀδελφοί,
1703 3175 1818 3244 ἐγὼ
1844 3175 2105 3246 ἐμαυτὸν

435 3259 508 3312 οὐ
537 3257 842 3329 λογίζομαι
867 3262 1308 3331 κατειληφέναι.
1335 3264 1449 3317 Οὑκ
1470 3259 1643 3327 εἶπεν,
1687 3263 1828 3330 Ἐγὼ
1865 3265 2103 3334 ἐμαυτὸν

432 3345 496 3399 οὑ
527 3346 809 3419 λογίζομαι
835 3348 1053 3411 εἰδέναι,
1085 3350 1219 3404 ἀλλά
1245 3352 1686 3421 κατειληφέναι·
1713 3352 1835 3406 οὕτε
1867 3353 2101 3424 παντελῆ

435 3433 680 3502 ἄγνοιαν,
715 3435 840 3490 οὔτε
874 3439 1111 3508 παντελῆ
1138 3438 1338 3508 γνῶσιν
1379 3440 1762 3512 ἐμαρτύρησεν
1795 3441 1994 3511 ἐαυτῷ.
2031 3443 2104 3496 Τὸ

433 3521 545 3594 γὰρ
583 3525 777 3592 εἰπεῖν,
826 3527 910 3582 Οὐ
960 3527 1260 3596 λογίζομαι
1317 3529 1763 3598 κατειληφέναι,
1820 3529 2104 3598 δηλοῦντός

434 3609 605 3677 ἐστιν,
651 3613 732 3666 ὅτι
782 3615 876 3668 ἐπὶ
922 3614 1019 3686 τῆς
1051 3615 1171 3669 όδοῦ
1201 3617 1336 3679 τέως
1364 3616 1583 3688 ἕστηκε,
1623 3617 1718 3673 καὶ
1749 3616 1972 3687 βαδίξει,
2010 3618 2104 3672 καὶ

433 3700 646 3772 πρόεισι
681 3704 1008 3775 περαιτέρω,
1039 3705 1132 3758 τοῦ
1175 3706 1231 3758 δὲ
1261 3706 1446 3770 τέλους
1487 3706 1704 3769 πάντως
1759 3707 1859 3759 οὑκ
1889 3705 2105 3777 ἐπείλη-

433 3808 585 3846 πται.
623 3793 791 3848 Τοῦτο
833 3794 927 3847 καὶ
971 3795 1178 3863 ἐτέροις
1215 3798 1470 3866 παραινεῖ
1488 3794 1658 3861 λέγων
1691 3794 1883 3858 οὕτως·
1928 3793 2102 3848 Ὅσοι

431 3881 668 3944 τέλειοι,
695 3883 870 3936 τοῦτο
895 3881 1223 3951 φρονῶμεν·
1251 3883 1347 3936 καί
1371 3885 1426 3937 sl
1452 3903 1504 3937 τι
1533 3883 1743 3952 ἑτέρως
1760 3885 1788 3923 ι)
1807 3883 2100 3953 φρονεῖτε,

433 3969 610 4022 τοῦτο
652 3973 685 4024 δ
733 3970 878 4036 Θεὸς
915 3971 1058 4039 ὑμῖν
1089 3972 1488 4040 ἀποκαλύψει.
1525 3973 1599 4024 Οὐ
1632 3971 1911 4043 λογισμὸς,
1956 3968 2098 4037 εἷπε,

430 4054 653 4122 διδάξει,
683 4059 801 4112 ἀλλ’
829 4060 857 4112 6
877 4061 1010 4123 Θεὸς
1040 4061 1405 4130 ἀποκαλύψει.
1439 4063 1604 4133 Ὁρᾷς
1629 4064 1711 4116 ὅτι
1733 4063 1794 4116 οὑ
1827 4063 1954 4132 περὶ
1983 4063 2100 4135 βίου

432 4145 529 4197 καὶ¹
562 4145 834 4208 πολιτείας
863 4147 1008 4199 ἐστὶν
1051 4149 1079 4200 6
1116 4146 1293 4214 λόγος,
1338 4147 1473 4201 ἀλλά
1508 4149 1637 4220 περὶ
1667 4149 1953 4219 δογμάτων
2007 4151 2101 4203 καὶ

433 4232 669 4296 πίστεως
695 4249 708 4296 ;
738 4233 988 4287 Πολιτεία
1008 4223 1127 4306 ’γὰρ
1159 4237 1252 4290 καὶ
1286 4235 1398 4306 βίος
1425 4237 1524 4289 οὑκ
1559 4236 1955 4306 ἀποκαλύψεως
1994 4237 2102 4291 δεῖ·

431 4335 544 4382 ται,
579 4318 714 4373 ἀλλά
746 4320 988 4388 δόγματα
1017 4323 1109 4374 καὶ
1146 4322 1364 4390 γνῶσις.
1399 4324 1509 4377 Καὶ
1543 4324 1771 4395 ἑτέρωθι
1799 4325 1856 4378 δέ
1882 4326 1943 4378 τὸ
1969 4325 2101 4378 αὑτὸ

431 4406 591 4460 τοῦτο
627 4407 800 4478 δηλῶν
844 4408 1044 4475 ἔλεγεν·
1078 4409 1152 4463 El
1182 4427 1274 4474 τις
1301 4409 1470 4464 δοκεῖ
1502 4411 1721 4465 ειδέναι
1761 4430 1834 4472 τι,
1868 4413 2100 4467 οὐδέπω

431 4493 612 4548 οὐδὲν
631 4496 905 4563 ἔγνωκεν.
937 4498 1050 4551 Οὐκ
1074 4492 1225 4551 εἶπεν
1253 4499 1456 4562 ἁπλῶς,
1491 4499 1655 4553 Ούδὲν
1680 4500 1934 4567 ἔγνωκεν,
1964 4501 2100 4556 ἀλλά

431 4580 614 4644 καθὼς
643 4581 722 4634 δεῖ
750 4581 973 4650 γνῶναι·
1007 4584 1118 4656 ἔχει
1157 4585 1257 4657 μὲν
1288 4585 1396 4658 γὰρ
1423 4587 1644 4654 γνῶσιν,
1683 4589 1783 4642 οὑκ
1812 4589 2011 4662 ἀκριϐῆ
2041 4591 2098 4643 δὲ

431 4668 529 4722 καὶ
555 4669 990 4741 ἀπηρτισμένην.

502 4757 569 4824 ζ’.
596 4760 700 4814 Καὶ
728 4762 814 4814 ἵνα
851 4761 1048 4834 μάθῃς,
1078 4763 1160 4816 ὅτι
1187 4762 1341 4816 τοῦτό
1367 4766 1513 4816 ἐστιν
1538 4764 1754 4835 ἀληθὲς,
1785 4767 1949 4838 μηδὲν
1973 4768 2098 4840 περὶ

429 4845 540 4900 τῶν
577 4847 690 4902 ἀνω
729 4849 1118 4921 διαλεχθῶμεν,
1159 4849 1296 4913 ἀλλ’,
1332 4853 1380 4904 εί
1417 4850 1614 4922 βούλει,
1653 4855 1802 4908 κάτω
1833 4856 1969 4926 πρὸς
1996 4855 2096 4926 τὴν

427 4935 715 5008 ὁρωμένην
748 4937 924 4991 κτίσιν
955 4939 1046 4992 τὸν
1077 4938 1232 5007 λόγον
1258 4940 1570 5010 ἀγάγωμεν.
1599 4941 1710 5012 Ούχ
1732 4942 1865 5013 ὁρᾷς
1887 4944 2098 4998 τουτονὶ

426 5022 519 5077 τὸν
552 5025 814 5096 ούρανόν;
851 5026 933 5080 ὅτι
969 5028 1067 5098 μὲν
1108 5027 1364 5099 καμάρας
1404 5028 1586 5082 εἰκόνα
1618 5029 1870 5093 διασώζει
1910 5032 2093 5101 ἴσμεν,

426 5111 706 5168 καὶτοῦτο
739 5115 868 5167 αὐτὸ
909 5114 1008 5167 οὑκ
1045 5114 1151 5168 ἀπὸ
1194 5115 1491 5186 λογισμῶν,
1526 5117 1639 5170 ἀλλ’
1671 5117 1782 5171 ἀπὸ
1813 5119 1914 5190 τῆς
1946 5119 2098 5184 θείας

427 5199 651 5270 Γραφῆς
675 5199 956 5271 μαθόντες·
992 5203 1087 5255 καὶ
1106 5203 1187 5256 ὃτι
1214 5205 1392 5256 πᾶσαν
1424 5204 1818 5275 περιλαμϐάνει
1844 5207 1942 5278 τὴν
1967 5208 2092 5278 γῆν,

427 5287 525 5341 καὶ
556 5287 713 5340 τοῦτο
749 5287 926 5358 ἴσμεν,
972 5290 1172 5360 ὁμοίως
1213 5294 1342 5361 παρ’
1370 5294 1584 5361 ἐκείνης
1620 5292 1972 5359 ἀκούσαντες·
2013 5297 2096 5363 τίς

425 5371 485 5427 δὲ
515 5372 613 5443 τὴν
645 5373 830 5426 οὐσίαν
859 5385 882 5412 ο
909 5376 1054 5428 ἐστὶν
1078 5378 1397 5448 ἀγνοοῦμεν.
1423 5380 1486 5431 Εἰ
1522 5378 1577 5432 δέ
1606 5397 1688 5442 τις
1716 5380 2096 5453 διισχυρίζοιτο

423 5462 524 5516 καὶ
550 5461 898 5535 φιλονεικοίη,
933 5465 1137 5534 λεγέτω
1174 5468 1227 5521 τί
1259 5468 1356 5538 τὴν
1388 5468 1574 5521 οὐσίαν
1606 5469 1750 5522 ἐστὶν
1786 5473 1814 5523 6
1845 5471 2089 5543 οὐρανός·

426 5547 539 5624 ἆρα
578 5552 910 5624 κρύσταλλος
940 5556 1236 5628 πεπηγὼς;
1283 5555 1395 5630 ἆρα
1436 5558 1598 5628 νέφος
1627 5561 2093 5633 πεπυκνωμένον;

487 5687 507 5758 ξ
651 5691 972 5758 ἧᾼμέλλοιμεν,
1005 5695 1089 5744 alii
1113 5696 1152 5743 εί
1181 5696 1446 5758 μέλλοιμεν.

487 5750 518 5818 ξ
541 5754 636 5818 Alii
661 5750 763 5818 εἷ’τι
784 5750 955 5818 έτερον.

491 5815 515 5845 ο
529 5816 632 5887 ~Alii
657 5816 726 5872 τίς
750 5817 800 5865 δέ
825 5815 878 5880 τῇ
905 5817 1061 5881 οὐσίᾳ.
1108 5818 1233 5868 Infra
1263 5827 1365 5869 tres
1391 5831 1504 5868 mss.
1541 5820 1595 5867 ἂν
1639 5821 1738 5885 ἔχοι
1773 5823 1918 5884 σαφὲς
1958 5825 2092 5875 οῦδὲν

2270 5825 2462 5889 ῐάζωμεν
2487 5815 2580 5889 τὸν
2601 5828 2720 5874 Θεὸν
2751 5827 2830 5889 καὶ
2852 5827 3032 5889 πατέρα

430 5877 594 5927 ﬁnd».

1237 319 1297 377 8.
1337 319 1624 378 JOANNIS
1659 318 2155 380 CHRYSOSTOMI
2195 318 2512 376 ARCHIEP.
2548 321 3100 385 CONSTANTINOP.

2107 5972 2182 5984 —-—

2214 435 2324 510 ἇρα
2351 439 2460 510 ἀὴρ
2490 438 2829 511 παχύτερος;
2869 440 3010 492 Ἀλλ’
3033 439 3208 504 οὐδεὶς
3234 441 3300 494 ἀν
3330 439 3442 510 ἔχοι
3477 439 3664 510 σαφῶς
3686 443 3858 496 εἰπεῖν·

2215 526 2335 580 Ἔτι
2367 522 2458 580 οὖν
2493 527 2838 594 ἀποδείξεως,
2877 528 2997 581 είπέ
3043 546 3153 598 μοι,
3192 529 3368 582 δεῖσθε
3411 529 3548 600 πρὸς
3587 530 3650 583 τὸ
3686 532 3861 600 μαθεῖν

2209 613 2309 685 τὴν
2339 614 2537 685 μανίαν
2571 615 2678 668 τῶν
2707 615 2798 669 τὸν
2823 615 2955 668 Θεὸν
2979 616 3175 671 εἰδέναι
3196 617 3490 685 λεγόντων;
3515 618 3621 672 Τοῦ
3649 620 3857 691 ούρανοῦ

2211 700 2304 754 τοῦ
2335 702 2610 774 ὁρωμένου
2648 703 2768 757 καθ’
2794 703 3006 776 ἡμέραν
3039 705 3140 773 τὴν
3179 705 3339 774 φύσιν
3362 705 3462 757 οὑκ
3499 705 3646 774 ἔχεις
3687 709 3857 770 εἰπεῖν,

2211 787 2306 840 καὶ
2336 789 2428 842 τοῦ
2471 788 2703 859 ἀοράτου
2746 789 2880 842 Θεοῦ
2922 790 3060 861 μετὰ
3103 791 3388 861 ἀκριϐείας
3425 792 3736 863 ἐπαγγέλλῃ
3776 797 3858 862 τὴν

2209 874 2396 928 οὑσίαν
2435 876 2667 942 εἰδέναι;
2700 878 2806 930 Καὶ
2837 878 2920 941 τίς
2957 877 3130 941 οὕτως
3166 880 3508 950 ἀναίσθητος,
3554 882 3632 944 ὡς
3677 883 3750 952 μὴ
3777 883 3859 950 τὴν

2209 961 2446 1032 ἐσχάτην
2491 963 2601 1016 τῶν
2632 964 2804 1018 ταῦτα
2849 963 3116 1033 λεγόντων
3156 967 3591 1035 καταγινώσκειν
3639 971 3857 1040 μανίανς

2281 1048 2379 1101 Διά
2407 1048 2471 1119 δὴ
2501 1047 2673 1102 ταῦτα
2719 1051 3020 1120 παρακαλῶ
3061 1052 3268 1116 πάντας
3294 1054 3439 1124 ὑμᾶς
3467 1055 3723 1128 καθάπερ
3751 1059 3860 1120 τοὺς

2209 1136 2472 1205 φρενίτιδι
2521 1137 2917 1209 περιπεσόντας
2957 1140 3097 1210 νόσῳ
3137 1142 3232 1194 καὶ
3275 1144 3691 1213 παραπαίοντας
3735 1150 3860 1200 κατὰ

2207 1222 2435 1294 δύναμιν
2453 1223 2550 1294 τὴν
2575 1225 2844 1296 ὑμετέραν
2871 1227 3161 1298 πειρᾶσθαι
3188 1227 3511 1299 θεραπεύειν
3538 1234 3683 1302 μετά
3712 1251 3862 1303 προσ-

2207 1310 2391 1382 ηνείας
2424 1312 2518 1364 καὶ
2545 1313 2842 1377 ἐπιεικείας
2878 1315 3060 1380 αὑτοῖς
3085 1317 3522 1387 διαλεγομένους·
3556 1323 3653 1374 καὶ
3683 1323 3791 1393 γὰρ
3814 1324 3862 1388 ἐξ

2207 1399 2466 1463 ἀπονοίας
2505 1401 2689 1465 αὑτοῖς
2727 1401 2789 1454 τὸ
2823 1402 2999 1472 δόγμα
3029 1405 3187 1458 τοῦτο
3217 1407 3431 1480 ἐτέχθη,
3475 1410 3568 1463 καὶ
3613 1411 3755 1466 πολὺ
3778 1413 3863 1481 τῆς

2206 1487 2443 1556 διανοίας
2489 1491 2670 1544 αὑτῶν
2707 1493 2769 1545 τὸ
2814 1492 3060 1564 φύσημα·
3114 1496 3183 1550 τά
3227 1496 3284 1550 δὲ
3327 1498 3732 1569 φλεγμαίνοντα
3770 1502 3864 1553 τῶν

2206 1579 2534 1647 τραυμάτων
2567 1579 2687 1633 οὑδὲ
2723 1581 2981 1654 ἐπιϐολὴν
3027 1584 3210 1655 χειρὸς
3253 1587 3524 1657 ἀνέχεται,
3567 1589 3696 1642 οὑδὲ
3733 1591 3864 1659 ἁφὴν

2209 1665 2471 1735 ὑπομένει
2521 1667 2880 1739 τραχυτέραν.
2915 1670 3016 1724 Διά
3052 1670 3208 1726 τοῦτο
3246 1675 3293 1726 οἱ
3325 1675 3480 1744 σοφοὶ
3519 1675 3626 1729 τῶν
3677 1677 3863 1748 ἰατρῶν

2212 1752 2426 1825 μαλακῇ
2455 1771 2560 1808 τινι
2593 1758 2830 1827 σπογγιᾷ
2865 1756 2933 1810 τά
2960 1757 3195 1824 τοιαῦτα,
3215 1763 3623 1832 καταψήχουσιν
3658 1763 3687 1804 ἀ
3723 1765 3862 1835 ἐλκη.

2221 1839 2372 1894 Ἐπεὶ
2398 1836 2491 1895 οῦν
2529 1843 2623 1895 καὶ
2653 1842 2862 1908 τούτοις
2891 1845 3046 1909 ἕλκος
3072 1841 3219 1900 ἐστὶν
3247 1850 3304 1901 ἐν
3331 1851 3396 1920 τῇ
3424 1850 3573 1923 ψυχῇ
3607 1852 3867 1922 φλεγμαῖ-

2207 1942 2317 1990 νον,
2339 1927 2528 1999 ὥσπερ
2558 1929 2739 2001 ἁπαλῇ
2779 1948 2885 1985 τινι
2917 1935 3449 2006 σπογγιᾷνπροσηνὲς
3477 1937 3621 2009 ὕδωρ
3647 1940 3749 1993 καὶ
3777 1940 3867 1992 πό-

2207 2031 2364 2086 τιμον
2409 2018 2672 2082 σπῶντες,
2709 2018 2848 2073 οὑτω
2891 2022 2960 2075 τὰ
2993 2022 3260 2093 εἰρημένα
3296 2023 3534 2089 ἅπαντα,
3569 2027 3866 2097 καταντλή-

2209 2119 2402 2167 σαντες
2433 2105 2750 2177 πειρώμεθα
2787 2109 3163 2164 καταστέλλειν
3192 2111 3372 2164 αὑτῶν
3403 2112 3465 2166 τὸ
3494 2113 3751 2185 φύσημα,
3783 2116 3868 2169 καὶ

2206 2192 2298 2245 τὸν
2332 2191 2494 2261 δγκον
2519 2193 2799 2265 καθαιρεῖν
2836 2196 3068 2251 ἅπαντα·
3095 2199 3197 2252 κᾶν
3227 2200 3512 2270 ὑϐρίζωσι,
3549 2202 3654 2255 κάν
3692 2203 3868 2257 λακτί-

2209 2277 2361 2343 ζωσι,
2393 2280 2496 2334 κᾶν
2522 2282 2821 2352 ἐμπτύωσι,
2845 2283 2946 2338 κᾶν
2977 2285 3152 2339 ὁτιοῦν
3190 2287 3405 2352 ποιῶσι,
3434 2289 3510 2359 μὴ
3538 2291 3869 2365 καταλείης

2204 2367 2307 2435 τὴν
2335 2369 2593 2439 ἰατρείαν,
2621 2370 2892 2442 ἀγαπητέ.
2917 2373 3056 2436 Τοὺς
3082 2373 3188 2445 γάρ
3212 2373 3497 2445 ἄνθρωπον
3531 2379 3868 2448 παραπλῆγά

2207 2451 2616 2526 θεραπεύοντας
2664 2457 2876 2529 ἀνάγκη
2929 2459 3096 2513 πολλά
3141 2460 3366 2514 τοιαῦτα
3408 2463 3729 2533 ὑπομένειν·
3763 2465 3867 2518 ἀλλ’

2206 2540 2354 2609 ὅμως
2383 2542 2502 2595 οὑδὲ
2522 2542 2694 2607 οὑτως
2725 2543 3051 2612 ἀφίστασθαι
3078 2547 3205 2618 χρὴ,
3229 2547 3363 2601 ἀλλά
3395 2548 3462 2601 δι’
3488 2548 3630 2603 αὑτά
3654 2551 3761 2621 μὲν
3784 2547 3869 2606 οὖν

2204 2627 2374 2683 ταῦτα
2397 2630 2634 2700 μάλιστα
2669 2631 2865 2695 αὑτοὺς
2885 2632 3195 2698 ταλανίζειν
3223 2635 3318 2688 καὶ
3345 2635 3604 2708 δακρύειν
3629 2640 3765 2709 χρὴ,
3793 2641 3870 2692 ὅτι

2205 2715 2444 2770 τοιοῦτον
2469 2717 2647 2772 αὐτῶν
2667 2720 2767 2790 τῆς
2788 2719 3098 2792 ἀρρωστίας
3120 2721 3236 2775 ἐστὶ
3261 2722 3324 2776 τὸ
3344 2721 3500 2789 εἶδος.
3528 2725 3725 2781 Ταῦτα
3744 2729 3873 2798 πρὸς

2204 2804 2330 2866 τοὺς
2357 2803 2504 2876 [462]
2542 2805 2921 2878 ἰσχυροτέρους
2952 2808 3097 2878 λέγω
3137 2811 3233 2864 καὶ
3269 2812 3743 2885 ἀνεπηρεάστους,
3784 2819 3873 2870 καὶ

2205 2889 2534 2962 δυναμένους
2576 2894 2641 2948 ἐκ
2672 2893 2772 2964 τῆς
2813 2893 3035 2951 ἐκείνων
3077 2897 3294 2968 ὁμιλίας
3333 2901 3604 2972 μηδεμίαν
3633 2904 3877 2974 παραδέ-

2209 2979 2401 3045 ξασθαι
2449 2982 2674 3055 βλάϐην·
2714 2984 2791 3050 ὡς
2827 2986 2880 3039 εί
2919 3004 3003 3052 τις
3043 2987 3428 3062 ἀσθενέστερος
3471 2993 3582 3065 ετη,
3623 2998 3874 3066 φευγέτω

2203 3069 2407 3124 τούτων
2435 3070 2533 3136 τάς
2567 3073 2848 3138 συνουσίας
2879 3075 3210 3147 άποπηδάτω
3233 3081 3360 3144 τοὺς
3384 3081 3707 3152 συλλόγους,
3739 3086 3875 3140 ὥστε

2206 3157 2280 3227 μὴ
2310 3156 2407 3229 τὴν
2431 3159 2530 3230 τῆς
2555 3159 2738 3230 φιλίας
2763 3161 3019 3217 ὑπόθεσιν
3044 3165 3296 3238 ἀφορμὴν
3315 3167 3572 3235 ἀσεϐείας
3593 3174 3872 3241 γενέσθαι.

2204 3243 2362 3300 Οῦτω
2419 3248 2512 3300 καὶ
2566 3248 2777 3316 Παῦλος
2808 3254 2970 3315 ποιεῖ,
3004 3253 3165 3317 αὑτὸς
3210 3257 3308 3325 μὲν
3335 3259 3450 3322 τοῖς
3488 3261 3878 3332 ἀρῤωστοῦσιν

2203 3334 2560 3405 ἀναμίγνυται
2589 3338 2683 3390 καὶ
2711 3337 2876 3407 λέγει·
2920 3341 3238 3412 Ἐγενόμην
3262 3345 3385 3414 τοῖς
3427 3347 3773 3418 Ἰουδαίοις,
3801 3354 3879 3418 ὠς

2218 3421 2521 3511 Ἰουδαῖος,
2555 3424 2679 3491 τοῖς
2710 3425 2953 3496 ἀνόμοις
2983 3429 3063 3495 ὠς
3098 3429 3336 3500 ἄνομος·
3366 3436 3493 3500 τοὺς
3528 3437 3590 3491 δὲ
3623 3441 3878 3511 μαθητὰς

2204 3508 2298 3561 καὶ
2334 3509 2716 3584 ἀσθενέστερον
2746 3513 3118 3587 διακειμένους
3159 3521 3362 3590 ἀπάγει
3408 3508 3701 3596 παραινῶν
3734 3508 3880 3582 οῦτω

2205 3596 2298 3648 καὶ
2324 3597 2605 3653 διδάσκων·
2640 3604 2990 3671 Φθείρουσιν
3009 3605 3123 3676 ἤθη
3151 3611 3386 3678 χρηστὰ
3405 3615 3636 3682 ὁμιλίαι
3670 3620 3874 3672 κακαί·

2203 3687 2296 3737 καὶ
2333 3685 2515 3775 πάλιν·
2559 3688 2865 3752 Ἐεέλθετε
2898 3693 2968 3747 ἐκ
3008 3693 3203 3763 μέσου
3250 3697 3469 3764 αὐτῶν,
3515 3704 3619 3757 καί
3663 3707 3879 3775 ἀφορί-

2202 3775 2408 3866 σθητε,
2431 3773 2590 3844 λέγει
2627 3778 2855 3846 Κύριος.
2896 3779 2955 3834 ὐ
2991 3783 3089 3842 μὲν
3110 3785 3218 3857 γὰρ
3253 3787 3436 3858 ἰατρὸς
3471 3790 3539 3843 ἂν
3577 3773 3879 3866 ιλθῄττρκ

2200 3860 2304 3955 τὸνΔ
2325 3861 2619 3955 κάμνοντα,
2653 3867 2902 3921 κάκεῖνον
2925 3871 3021 3922 καὶ
3061 3871 3248 3926 ἐαυτὸν
3271 3875 3530 3942 πολλάκις
3556 3860 3877 3955 ὠφέλησεν·

2200 3949 2229 3999 6
2277 3947 2770 4040 δέῌάσθενέστερος
2818 3955 2914 4010 καὶ
2964 3958 3154 4014 ἐαυτὸν
3208 3963 3302 4015 καὶ
3342 3964 3434 4019 τὸν
3479 3947 3879 4040 ἀρρωστοῦντα

2203 4034 2540 4130 παρέϐλαψε,
2563 4041 2673 4102 τοῖς
2696 4041 2941 4096 νοσοῦσιν
2961 4045 3414 4118 ἀναμιγνύμενος·
3441 4034 3656 4110 ἐκεῖνόν
3681 4075 3746 4110 τε
3777 4058 3884 4130 γὰρ

2199 4121 2350 4176 οὑδέν
2381 4121 2658 4195 ὠφελῆσαι
2685 4127 2992 4200 δυνήσεται,
3024 4135 3116 4186 καὶ
3146 4136 3308 4200 αὑτὸς
3337 4138 3712 4197 ἐπισπάσεται
3749 4121 3882 4198 πολ·-

2201 4208 2299 4303 λῆν
2331 4211 2446 4303 ἀ-πδ
2468 4213 2566 4303 τῆς
2600 4215 2912 4303 ἀρρωστίας
2941 4220 3040 4292 τὴν
3073 4221 3296 4294 βλάϐην.
3333 4226 3443 4279 Καὶ
3479 4228 3621 4298 ὅπερ
3648 4231 3705 4284 οἱ
3746 4233 3882 4303 πρὸς

2200 4300 2324 4388 τοὺς
2352 4299 2764 4388 όφθαλμιῶντας
2797 4306 3031 4377 ὁρῶντες
3072 4310 3391 4382 πάσχουσιν,
3432 4299 3806 4388 ἐφελκόμενοί
3828 4339 3881 4374 τι

2199 4387 2298 4456 τῆς
2340 4387 2650 4459 ἀρρωστίας
2681 4391 2913 4463 ἐκείνης,
2959 4394 3118 4451 τοῦτο
3163 4399 3258 4453 καὶ
3294 4401 3343 4453 οἱ
3376 4403 3488 4465 τοῖς
3517 4387 3882 4478 βλασφήμοις

2201 4481 2722 4550 συναναμιγνύμενοι
2757 4482 2964 4550 τούτοις
3007 4486 3386 4557 ὑπομένουσιν,
3431 4492 3496 4545 ἀν
3537 4487 3683 4548 ὦσιν
3714 4499 3881 4552 ἀσθε-

2198 4566 2457 4658 νέστεροι,
2478 4569 2622 4658 ,πολὺ
2660 4572 2760 4641 τῆς
2787 4572 3042 4638 ἀσεϐείας
3072 4577 3208 4646 πρὸς
3233 4580 3458 4645 ἐαυτοὺς
3488 4582 3883 4658 ἐπισπώμενοι

2201 4654 2490 4744 μέρος.”1ν’
2514 4656 2608 4713 οῦν
2632 4658 2706 4728 μὴ
2733 4657 2804 4711 τά
2839 4661 3068 4730 μέγιστα
3095 4665 3320 4730 έαυτοὺς
3345 4654 3810 4744 παραωάψωμεν
3833 4687 3882 4739 ο,

2197 4740 2486 4812 φεύγωμεν
2531 4745 2710 4797 αὐτῶν
2749 4746 2848 4810 τὰς
2898 4751 3202 4817 συνουσίας,
3251 4754 3531 4825 εὐχόμενοι
3579 4740 3760 4830 μόνον
3789 4764 3886 4816 καὶ

2197 4831 2636 4903 παρακαλοῦντες
2658 4835 2746 4890 τὸν
2769 4837 3146 4909 φιλάνθρωπον
3177 4843 3329 4910 Θεὸν,
3358 4847 3451 4901 τὸν
3482 4848 3723 4908 θέλοντα
3753 4859 3890 4912 πάν-

2315 4919 2902 5015 ἀνθρώπουςῌσωθῆναι
2931 4929 3026 5015 καὶ
3049 4931 3129 4994 είς
3151 4932 3444 5015 ἐπίγνωσιν
3470 4938 3570 5010 τῆς
3605 4941 3884 5015 ἀληθείας

2196 5006 2387 5074 ἐλθεῖν,
2418 5009 2718 5075 ἀπαλλάξαι
2754 5013 2852 5082 μὲν
2894 5014 3091 5080 αὐτοὺς
3118 5018 3219 5089 τῆς
3265 5004 3489 5092 πλάνης,
3519 5004 3623 5080 καὶ
3645 5004 3764 5102 τῆς
3789 5033 3885 5086 τοῦ

2193 5097 2439 5152 διαϐόλου
2470 5100 2713 5167 παγίδος,
2747 5101 3114 5173 ἐπαναγαγεῖν
3161 5108 3216 5161 δὲ
3256 5110 3348 5163 ἐπὶ
3379 5112 3440 5164 τὸ
3476 5117 3576 5185 τῆς
3609 5097 3884 5186 γνώσεως

2196 5185 2332 5256 φῶς,
2374 5189 2466 5242 ἐπὶ
2495 5189 2586 5241 τὸν
2614 5189 2744 5242 Θεὸν
2777 5191 2868 5243 καὶ
2904 5193 3113 5265 πατέρα
3143 5195 3235 5249 τοῦ
3263 5199 3464 5270 Κυρίου
3488 5203 3653 5272 ημῶν
3702 5185 3884 5279 lngo;

2195 5275 2451 5345 Χριστοῦ,
2481 5278 2577 5370 σὺν
2601 5276 2676 5347 τῷ
2713 5277 2957 5350 ζωοποιῷ
2997 5283 3092 5334 καὶ
3125 5287 3375 5354 παναγίῳ
3411 5288 3730 5360 Πνεύματι,
3847 5303 3882 5370 η

2193 5364 2319 5430 δόξα
2355 5366 2448 5453 καὶ
2479 5363 2540 5417 rb
2579 5365 2799 5436 κράτος,
2833 5368 2926 5422 νῦν
2957 5371 3054 5424 καὶ
3097 5371 3205 5437 ἀεὶ,
3245 5374 3337 5428 καὶ
3377 5377 3456 5440 είς
3489 5379 3622 5444 τοὺς
3669 5363 3884 5453 αἰῶνας

2193 5452 2302 5506 τῶν
2324 5451 2554 5507 αἰώνων.
2602 5453 2790 5526 Ἀμήν.

2256 5575 2283 5649 (ξ
2307 5578 2720 5649 έιίίἕαταψῶσιν.
2740 5579 2867 5649 Infra
2890 5579 3042 5632 Savil.
3071 5584 3230 5649 etglij
3253 5588 3640 5649 καταντλοῦντες.

2259 5644 2283 5672 °
2309 5638 2459 5690 Savil.
2505 5638 2572 5689 αι’
2599 5643 2660 5690 ali
2699 5648 2783 5691 uot
2827 5656 2940 5691 mss.
2996 5641 3428 5710 παραόλάπτωμεν,
3467 5638 3647 5702 Mora;
3695 5664 3755 5705 et
3797 5659 3880 5710 alil

2263 5702 2577 5733 ληεὶιιιιιωηευ
2624 5656 2744 5733 [tam
2771 5710 2876 5733 mo
2913 5704 3016 5733 ham
3040 5706 3186 5733 uls-‘1.-
3231 5710 3301 5733 με
3326 5712 3376 5733 ,ι
3403 5718 3482 5733 ,ι
3577 5717 3587 5728 ι
3807 5725 3827 5733 ..

2194 5702 2592 5810 ξαραϐλάψωμεν.
2622 5702 2746 5752 Infra
2771 5710 2882 5765 post
2911 5704 3024 5778 haec,
3040 5702 3207 5765 γει-δα,
3229 5710 3305 5757 ἐπὶ
3325 5702 3380 5758 τὸ

2200 5765 2348 5842 :Q'V'I‘I'.
2391 5769 2444 5812 et
2484 5766 2684 5842 algqulgt‘
2705 5778 2828 5842 mss.‘
2858 5765 2936 5812 ἵνα
2961 5783 3146 5839 πάντες,
3165 5771 3451 5842 δμοθυμαδον
3468 5793 3526 5842 εν
3549 5778 3615 5842 ςνὶ
3662 5796 3884 5842 “om

3066 5833 3170 5900 τοῦ.
3189 5833 3365 5895 Κυρίου
3390 5837 3529 5895 ἡμῶν
3557 5837 3738 5895 Ἰησοῦ
3766 5833 3884 5900 xa-

2199 5885 2334 5949 στοῦ,
2363 5894 2459 5937 etc.
2487 5886 2655 5938 Morel.
2682 5888 2834 5938 etalii
2865 5885 3059 5940 (πρῶτος
3082 5894 3205 5941 utin
3233 5885 3390 5944 léxlu.
