3922 6226
187 338 289 396 m

186 452 419 507 rorttonis
457 450 600 523 ejus?
641 448 838 514 Novus,
887 446 1077 517 inquit,
1123 443 1526 501 resurrectionis
1565 441 1757 497 modus

187 556 432 598 ostensus
462 552 561 597 est.
590 541 738 594 Multi
767 539 976 607 quidem
998 548 1150 591 antea
1180 535 1369 590 mortui
1398 547 1753 597 resurrexcre,

191 637 289 689 hoc
337 633 495 687 modo
544 632 739 686 nullus.
775 630 873 685 Alii
916 629 1111 699 quippe
1153 641 1339 681 omnes
1361 633 1637 695 postquam
1667 636 1755 676 re-

188 734 564 789 surrexerant,
594 737 803 776 rursum
846 720 898 774 in
951 728 1143 773 terram
1190 717 1481 783 redierunt,
1510 730 1571 769 ac
1606 730 1753 768 mor-

187 818 255 869 tis
282 812 560 886 tyrannide
577 812 645 867 ad
673 821 879 882 tempus
905 809 1130 873 liberati,
1157 823 1338 863 rursus
1365 807 1464 861 sub
1505 804 1619 876 ejus
1659 804 1760 858 im-

188 907 391 977 perium
421 904 621 960 redacti
650 914 772 957 sunt
799 920 813 956 :
842 916 1034 971 corpus
1060 911 1234 954 autem
1258 898 1584 953 Dominicum
1609 908 1757 967 post-

184 1012 343 1067 quam
372 1001 757 1055 resurrexerat,
789 1006 892 1044 non
924 992 976 1043 in
1007 999 1202 1044 terram
1223 987 1397 1053 rediit,
1417 987 1508 1041 sed
1528 988 1582 1041 in
1598 987 1757 1041 caelos

184 1085 443 1151 ascendit,
474 1094 530 1140 ct
554 1092 717 1138 totam
759 1081 957 1137 inimici
1002 1079 1332 1151 tyrannidem
1376 1079 1554 1143 solvu,
1598 1085 1757 1145 atque

184 1193 366 1232 secum
413 1186 584 1231 totum
630 1175 812 1230 orbem
860 1172 1153 1235 suscitavit,
1196 1171 1409 1240 jamque
1459 1174 1512 1223 in
1564 1168 1755 1223 throno

184 1269 331 1339 regio
361 1267 531 1322 sedet.
556 1265 681 1320 Haec
724 1264 901 1319 omnia
930 1278 1048 1318 cum
1076 1272 1252 1316 mente
1279 1261 1511 1315 volveret
1540 1258 1752 1325 Paulus,

184 1372 240 1415 et
263 1359 586 1414 ostendisset
617 1365 692 1411 tot
719 1365 964 1425 tantaque
1005 1352 1261 1408 mirabilia
1301 1368 1404 1406 non
1432 1351 1633 1405 ratione
1660 1348 1757 1403 de-

183 1450 374 1506 clarari
402 1463 577 1519 posse,
612 1447 706 1502 sed
749 1446 851 1501 lide
889 1445 1058 1500 solum
1101 1459 1256 1513 posse
1294 1442 1470 1498 doceri
1501 1451 1553 1497 et
1581 1441 1758 1496 decla-

183 1543 311 1605 rari,
346 1539 554 1593 dicebat
585 1557 597 1592 :
629 1537 693 1592 In
722 1537 823 1607 [ide
847 1537 915 1589 ad
932 1535 1327 1607 cognoscendum
1366 1535 1636 1605 potentiam
1674 1550 1756 1586 re-

182 1630 504 1685 surrectionis
541 1630 667 1700 ejus.
698 1627 829 1683 Nam
874 1627 918 1681 si
967 1628 1099 1680 ratio
1137 1626 1293 1679 (idem
1339 1624 1608 1680 declarare
1651 1640 1757 1678 non

181 1730 378 1793 potest,
395 1722 516 1791 quia
544 1730 597 1775 et
625 1720 868 1773 humana:
892 1727 1090 1773 natura:
1122 1728 1330 1787 captum
1351 1726 1405 1773 et
1423 1732 1757 1772 communem

182 1830 367 1869 rerum
406 1813 599 1867 seriem
645 1821 895 1882 superat,
925 1812 1366 1866 resurrectionem
1413 1811 1554 1866 illam
1578 1851 1593 1876 ,
1639 1826 1758 1881 quas

183 1914 332 1958 tanto
359 1902 637 1957 intervallo
661 1902 838 1957 dill'ert
857 1902 923 1956 ab
961 1902 1077 1955 aliis
1116 1902 1611 1965 resurrectionibus.
1640 1917 1758 1971 qua:

182 1993 380 2063 poterit
406 1994 542 2046 ratio
565 1991 959 2047 demonstrare?
980 1990 1129 2045 Nulla
1154 1999 1300 2047 certe
1328 2009 1341 2045 :
1364 1990 1457 2046 sed
1477 1992 1588 2047 sola
1606 1993 1759 2047 nobis

180 2100 315 2153 opus
334 2091 418 2138 est
436 2084 662 2153 fide,qua
683 2098 989 2153 persuasum
1012 2082 1516 2152 habeamus,corpus
1537 2084 1761 2138 mortale

180 2173 559 2236 resurrexisse,
594 2180 647 2226 et
676 2169 1026 2226 immortalem
1059 2172 1326 2241 accepisse
1355 2172 1533 2235 vitam,
1556 2174 1758 2226 nullum

180 2264 345 2317 finem
381 2264 465 2317 vel
493 2262 774 2317 terminum
816 2263 1117 2318 habentem.
1147 2264 1297 2329 Quod
1326 2273 1378 2319 et
1402 2265 1525 2320 alibi
1555 2264 1760 2335 signiﬁ-

182 2355 341 2407 Cabat
363 2354 445 2407 his
462 2354 671 2409 verbis:
696 2352 921 2408 Christus
942 2357 1203 2408 suscitatus
1225 2371 1323 2409 non
1344 2358 1554 2410 moritur
1577 2372 1596 2411 :
1624 2374 1762 2411 mors

178 2444 256 2497 illi
301 2444 441 2496 ultra
476 2462 575 2497 non
607 2446 975 2516 dominabitur(
1000 2446 1148 2500 Rom.
1178 2446 1229 2501 6.
1255 2447 1345 2517 9);
1378 2448 1448 2502 ita
1486 2456 1542 2503 ut
1566 2447 1758 2517 duplex

178 2527 341 2581 fuerit
375 2528 682 2581 miraculum
702 2570 715 2595 ,
734 2539 788 2582 et
816 2530 1189 2596 resurrexisse,
1219 2542 1273 2585 et
1295 2531 1383 2585 illo
1401 2531 1555 2585 modo
1585 2548 1761 2587 resur-

176 2619 407 2671 rexisse.
425 2617 548 2671 Ideo
562 2617 857 2683 dicebat,In
875 2619 976 2686 fide
990 2619 1056 2672 ad
1076 2622 1470 2691 cognoscendum
1490 2624 1761 2692 potentiam

176 2710 557 2762 resurrectionis
588 2710 712 2779 ejus.
750 2708 900 2776 Quod
941 2711 984 2764 si
1028 2712 1468 2768 resurrectionem
1495 2714 1609 2784 ejus
1655 2729 1758 2769 non

176 2816 469 2871 possumus
481 2802 682 2856 ratione
693 2802 1123 2872 assequi,quanto
1134 2804 1305 2858 minus
1319 2819 1597 2873 supernam
1610 2820 1763 2875 gene-

176 2894 469 2946 rationem?
484 2893 555 2945 De
571 2891 652 2946 his
664 2907 821 2962 porro
839 2892 1109 2961 disputans
1125 2894 1332 2960 Paulus,
1354 2910 1559 2949 necnon
1575 2896 1639 2949 de
1649 2911 1762 2950 cru-

174 2996 238 3035 ce
260 2991 318 3036 et
340 2982 584 3051 passione
610 2981 848 3052 loquens,
880 2982 992 3037 hzcc
1013 2999 1220 3054 quoque
1237 2984 1301 3039 ad
1322 2984 1478 3041 fidem
1495 2987 1760 3055 pertinere

175 3073 311 3127 dixit
338 3089 596 3144 :cumque
613 3074 783 3129 dehis
806 3090 1104 3131 sermonem
1128 3076 1416 3141 habuisset,
1447 3077 1719 3146 subjnuxit
1742 3097 1755 3131 :

180 3164 412 3229 Fratres,
444 3184 532 3236 ego
560 3183 638 3220 me
662 3184 761 3220 non
800 3168 1015 3221 arbitror
1055 3170 1484 3240 comprehendisse
1503 3172 1758 3244 (Philipp.

174 3256 227 3313 3.
256 3258 372 3327 l3).
394 3258 505 3311 Non
522 3257 678 3322 dixit,
705 3257 815 3328 Ego
842 3275 944 3312 non
966 3260 1192 3313 arbitror
1217 3276 1302 3316 me
1331 3262 1486 3327 scire,
1512 3262 1603 3317 sed
1620 3280 1758 3317 eom-

175 3348 701 3417 prehendissemeque
717 3350 1074 3404 omnimodam
1091 3351 1634 3423 ignorantiam,neque
1651 3369 1759 3407 om-

177 3441 452 3494 nimodam
468 3441 737 3495 scientiam
751 3441 846 3494 sibi
867 3441 1163 3512 adscripsit.
1179 3442 1307 3499 Cum
1325 3445 1464 3498 enim
1483 3446 1760 3511 dicit,Non

176 3535 397 3587 arbitror
417 3533 844 3601 comprehendisse
860 3575 873 3600 ,
896 3534 1154 3605 signiﬁcat
1179 3552 1236 3591 se
1258 3537 1429 3593 adhuc
1454 3538 1505 3593 in
1537 3541 1618 3593 via
1640 3554 1759 3596 esse

176 3636 227 3677 et
247 3626 349 3683 ire.
372 3624 694 3694 ulteriusque
714 3626 977 3695 progredi,
1008 3627 1099 3681 sed
1130 3628 1283 3683 linem
1310 3630 1540 3686 nondum
1559 3633 1761 3703 attigis-

176 3716 380 3783 se.Qna
398 3715 465 3770 de
490 3731 567 3778 re,
588 3716 719 3770 alios
729 3732 936 3786 quoque
948 3718 1197 3773 admonet
1213 3720 1293 3773 his
1309 3720 1510 3776 verbis:
1530 3722 1761 3790 Quicum-

177 3824 273 3874 que
302 3806 509 3876 perfecti
556 3824 746 3870 sumus,
792 3808 884 3860 hoc
925 3810 1246 3876 sentiamus;
1289 3820 1333 3865 et
1372 3813 1415 3865 si
1451 3814 1573 3883 quid
1618 3814 1761 3867 aliud

176 3897 391 3967 sapitis,
421 3898 513 3949 hoc
542 3899 681 3950 Dens
708 3898 843 3952 vobis
879 3899 1115 3952 reuelabit
1154 3899 1329 3970 (Ibid.
1362 3916 1407 3955 υ.
1431 3904 1497 3957 15
1522 3903 1563 3973 ).
1606 3902 1761 3959 Ratio

175 3989 358 4053 docet,
386 3988 480 4043 sed
508 3988 649 4043 Deus
674 3988 951 4044 revelabit.
979 3989 1132 4045 Vides
1157 4007 1262 4045 non
1289 3991 1356 4047 de
1387 3993 1490 4047 vita
1517 4004 1569 4049 et
1590 3995 1759 4052 mori-

175 4078 277 4134 bus
322 4077 430 4148 agi,
480 4077 573 4133 sed
613 4078 681 4134 de
729 4078 1059 4149 dogmatibus
1087 4090 1141 4134 et
1182 4082 1322 4137 fide?
1371 4082 1486 4138 Vita
1527 4086 1666 4139 enim
1707 4098 1761 4143 et

176 4182 365 4225 mores
404 4185 509 4224 non
548 4184 682 4239 opus
720 4170 916 4225 habent
943 4173 1286 4241 revelatione,
1312 4176 1405 4230 sed
1434 4176 1677 4247 dogmata
1708 4190 1763 4235 et

178 4263 427 4317 scientia.
463 4262 527 4316 Et
552 4262 677 4316 alibi
698 4279 906 4333 quoque
936 4266 1163 4335 idipsum
1194 4267 1472 4324 declarans
1512 4272 1758 4326 dicebat:

178 4356 378 4422 Siquis
418 4355 667 4408 existimat
709 4373 762 4409 se
795 4355 987 4426 aliquid
1024 4376 1188 4426 nosse,
1226 4362 1448 4417 nondum
1489 4365 1762 4435 quidquam

176 4447 315 4499 novit
348 4446 423 4515 (l.
450 4445 568 4500 Cor.
592 4447 646 4501 8.
675 4446 756 4517 2).
779 4446 892 4501 Non
921 4448 1052 4503 dixit
1080 4451 1408 4520 simpliciter,
1431 4453 1571 4509 Nihil
1592 4457 1759 4524 novit,

176 4538 271 4591 sed
302 4536 747 4606 quemadmodum
778 4548 1020 4608 oporteat
1056 4542 1195 4595 scire
1226 4560 1238 4594 :
1272 4543 1544 4599 scientiam
1566 4548 1761 4618 quippe

178 4629 365 4693 habet,
393 4628 486 4683 sed
514 4643 618 4683 non
645 4639 942 4683 accuratam
968 4640 1021 4684 et
1046 4633 1351 4700 perfectam.

250 4720 306 4771 7.
341 4719 514 4787 Atque
541 4729 596 4773 ut
622 4719 673 4773 id
703 4734 886 4774 verum
914 4735 1033 4776 esse
1056 4722 1249 4789 discas,
1274 4724 1401 4780 nihil
1424 4725 1490 4781 de
1516 4728 1760 4797 supernis

174 4810 531 4875 disseramus,
548 4810 641 4863 sed
671 4812 715 4865 si
749 4812 829 4866 vis
855 4812 919 4866 ad
942 4813 1164 4867 visibilia
1191 4816 1437 4871 deorsum
1460 4834 1759 4877 sermonem

177 4909 576 4954 convertemus.
607 4900 721 4955 Non
764 4902 912 4957 vides
956 4904 1054 4958 hoc
1097 4904 1505 4974 cmlumeuod
1550 4912 1761 4981 quidem

177 5006 415 5045 camene
464 4990 552 5045 vel
592 4990 810 5045 fornicis
850 4992 1076 5047 formam
1128 5004 1303 5050 servet
1341 4999 1557 5063 scimus,
1608 5002 1763 5071 idque

180 5096 289 5136 non
333 5080 632 5144 ratiocinio,
681 5081 772 5135 sed
815 5096 882 5137 ex
927 5083 1195 5153 Scriptura
1240 5086 1414 5142 divina
1463 5089 1758 5145 discimus:

178 5174 383 5226 scimus
412 5172 539 5225 item
568 5172 737 5240 ipsum
776 5181 938 5227 totam
981 5176 1259 5245 complecti
1302 5187 1514 5245 terram,
1543 5183 1663 5251 quia
1692 5184 1765 5237 si-

184 5264 383 5318 militer
406 5263 476 5318 ab
504 5264 689 5319 eadem
716 5264 988 5335 Scriptura
1014 5268 1064 5322 td
1102 5269 1414 5337 didicimus;
1442 5274 1593 5343 cujus
1634 5292 1761 5331 vero

183 5354 501 5408 substantia:
529 5354 598 5409 sit
635 5356 957 5426 ignoramus.
984 5357 1040 5413 Si
1064 5360 1181 5429 quis
1207 5369 1381 5417 autem
1424 5377 1681 5437 repugnet
1709 5378 1764 5424 et

182 5446 492 5515 contendat,
520 5446 662 5501 dicat
696 5463 813 5517 qua:
858 5449 925 5503 sit
950 5450 1061 5504 cmli
1102 5451 1413 5521 substantia,
1445 5470 1510 5510 an
1539 5460 1761 5527 cuslal-

1110 329 1196 386 βε
1231 319 1901 385 INCOMPREHENSIBILI
1939 320 2049 378 DEI
2086 322 2383 383 NATURA.
2424 325 2487 386 ll.

3318 324 3429 384 τη

1860 444 1944 499 ius
1970 454 2235 505 concreta.
2275 460 2343 497 an
2384 446 2552 497 nubes
2593 443 2901 511 addensata,
2931 459 2998 498 au
3026 460 3118 500 aer
3158 447 3427 503 crassior?

1860 532 1965 589 Sed
1993 548 2150 588 nemo
2176 534 2225 587 id
2256 535 2407 603 plane
2446 533 2622 588 dicere
2650 542 2841 603 potest.
2873 533 3027 598 Num,
3062 552 3262 606 quaeso,
3296 538 3431 591 ulte-

1864 623 2005 678 riore
2028 638 2162 694 opus
2189 633 2271 678 est
2303 623 2748 679 demonstratione
2774 624 2840 678 ad
2867 640 3051 679 eorum
3080 628 3429 697 comproban-

1858 714 1978 769 dam
2002 714 2277 775 insaniam,
2301 714 2387 783 qui
2416 728 2473 767 se
2497 713 2659 767 Deum
2684 728 2842 769 nosse
2866 714 3086 780 dicunt,
3113 715 3263 780 Caeli,
3286 717 3427 786 quod

1857 807 2091 877 quotidie
2118 807 2313 870 cernis,
2347 816 2583 860 naturam
2628 820 2733 859 non
2759 814 2910 874 potes
2935 806 3131 871 dicere;
3163 815 3218 860 et
3246 808 3431 861 invisi-

1856 898 1979 953 bilis
2013 898 2105 953 Dei
2135 898 2478 953 substantiam
2512 906 2561 951 te
2592 896 2751 965 probe
2778 911 2933 951 nosse
2952 896 3205 967 jactitast
3236 897 3430 968 Ecquis

1858 989 1927 1043 ita
1954 1002 2144 1044 sensus
2187 1004 2402 1058 expers,
2433 996 2492 1043 ut
2520 988 2642 1043 talia
2680 989 3005 1059 loquentium
3043 989 3299 1045 insaniam
3326 1003 3431 1045 non

1855 1078 2073 1133 damnet
2098 1079 2121 1130 ’ἶ

1926 1168 2188 1223 Moderata
2231 1183 2345 1221 cum
2380 1167 2628 1226 hazreticis
2676 1167 2943 1239 agendum.
2989 1196 3059 1208 -—
3101 1167 3433 1238 Quapropter

1854 1274 1986 1331 rogo
2027 1272 2120 1314 vos
2148 1273 2355 1325 omnes,
2390 1266 2448 1313 ut
2475 1258 2744 1314 moderate
2782 1268 2985 1314 etcum
3028 1260 3432 1316 mansuetudine

1856 1348 2000 1418 ipsos
2024 1349 2375 1418 alloquentes,
2400 1363 2497 1404 ceu
2518 1349 2763 1417 phrenesi
2793 1359 2975 1418 captos
3000 1359 3053 1404 et
3082 1348 3335 1417 furentes,
3366 1350 3433 1407 ad

1853 1442 2126 1496 meliorem
2160 1440 2362 1510 frugem
2390 1440 2644 1496 reducere
2684 1442 2900 1497 curetis.
2931 1442 3138 1497 Etenim
3181 1440 3282 1498 hoc
3306 1444 3433 1514 ipsis

1853 1534 2044 1604 dogma
2090 1550 2157 1589 ex
2219 1534 2518 1603 arrogantia
2568 1544 2742 1588 ortum
2795 1543 2877 1590 est
2921 1551 2935 1587 :
2981 1536 3316 1606 maximoque
3359 1536 3432 1594 illi

1852 1625 2013 1679 animi
2044 1634 2252 1681 tumore
2283 1626 2541 1680 laborant.
2572 1625 2800 1680 Vulnera
2838 1636 3012 1681 autem
3045 1629 3388 1683 tumescentia
3413 1671 3431 1697 ,

1854 1731 2026 1786 neque
2064 1715 2164 1770 sibi
2207 1715 2349 1784 injici
2394 1730 2602 1777 manus,
2654 1730 2824 1785 neque
2871 1724 3065 1770 tactum
3106 1718 3433 1787 asperiorem

1854 1809 2146 1879 patiuntur.
2174 1808 2528 1876 Quamobrem
2580 1809 2732 1878 periti
2782 1808 2971 1863 medici
3021 1810 3166 1863 molli
3204 1810 3432 1881 quadam

1855 1900 2073 1971 spongia
2102 1899 2217 1955 haec
2244 1900 2554 1970 abstergunt
2601 1902 2797 1955 ulcera.
2843 1901 3101 1966 Quoniam
3143 1918 3268 1973 ergo
3298 1903 3432 1959 inest

1855 1993 2087 2062 ipsorum
2132 1993 2322 2047 animis
2365 1995 2515 2048 ulcus
2553 1994 2806 2059 inflatum,
2840 1995 2986 2064 quasi
3032 1996 3174 2050 molli
3214 1998 3431 2068 spongia

1852 2084 2062 2140 dulcem
2084 2086 2473 2157 potabilemquc
2495 2102 2683 2156 aquam
2700 2086 3017 2149 haurientes,
3033 2089 3213 2159 sicque
3231 2090 3432 2145 abster-

1855 2174 1929 2228 sis
1959 2175 2203 2229 omnibus
2232 2190 2414 2230 eorum
2443 2185 2701 2231 tumorem
2728 2178 3076 2246 comprimere
3117 2195 3433 2250 omnemque

1859 2266 2079 2321 livorem
2106 2264 2314 2322 auferre
2338 2276 2636 2337 satagamus
2666 2285 2678 2320 :
2703 2269 2799 2323 etsi
2818 2270 3163 2324 contumelias
3184 2269 3431 2334 inferant,

1858 2357 1957 2411 etsi
2007 2356 2361 2421 recalcitrent,
2416 2358 2515 2412 etsi
2571 2359 2837 2427 inspuant,
2890 2360 2987 2413 etsi
3039 2360 3247 2430 quidvis
3294 2361 3434 2418 aliud

1858 2445 2072 2510 faciant,
2124 2461 2191 2501 ne
2233 2446 2449 2501 curandi
2492 2447 2720 2501 studium
2773 2448 3022 2510 deseras.
3072 2450 3433 2507 dilectissime.

1854 2537 1988 2592 Nam
2014 2552 2127 2603 eos,
2158 2538 2246 2608 qui
2292 2537 2544 2592 furiosum
2591 2547 2779 2593 curant
2822 2540 3113 2607 hominem,
3153 2542 3314 2595 multa
3361 2544 3437 2597 si-

1856 2629 1998 2683 milia
2029 2630 2169 2683 ferre
2211 2643 2431 2684 necesse
2478 2640 2559 2683 est
2592 2647 2605 2682 :
2635 2640 2864 2684 attamen
2892 2646 2996 2685 non
3044 2644 3319 2701 propterea
3345 2634 3437 2687 de.

1855 2721 2182 2787 sistendum;
2206 2721 2298 2776 sed
2325 2722 2443 2776 ideo
2465 2722 2700 2776 maxime
2721 2723 2953 2791 ipsorum
2976 2726 3239 2779 miseriam
3259 2726 3436 2793 lugere

1857 2813 2128 2878 convenit,
2154 2812 2277 2881 quia
2305 2812 2423 2866 talis
2438 2820 2519 2867 est
2556 2812 2711 2880 hujus
2737 2812 2905 2866 morbi
2934 2815 3155 2881 species.
3192 2814 3316 2868 llzec
3345 2816 3433 2869 llr.

1858 2905 2114 2960 nioribus
2134 2915 2185 2960 et
2228 2904 2535 2959 fortioribus
2556 2904 2762 2975 loquor,
2796 2906 2881 2972 qui
2915 2907 3112 2960 nullum
3153 2921 3215 2961 ex
3248 2921 3432 2960 eorum

1857 2995 2123 3066 colloquio
2174 2997 2415 3065 accipere
2464 2996 2666 3066 possint
2709 2996 3107 3050 detrimentum.
3168 2998 3344 3066 Itaque
3391 2998 3434 3050 si

1858 3090 1975 3159 quis
2004 3088 2262 3142 inﬁrmior
2284 3088 2373 3150 sit,
2406 3103 2589 3141 eorum
2611 3088 2935 3142 consortium
2963 3087 3144 3157 fugiat,
3164 3089 3228 3140 ah
3254 3105 3434 3142 eorum

1857 3181 2136 3251 colloquiis
2164 3182 2380 3242 resiliat,
2415 3196 2481 3235 ne
2512 3180 2759 3234 amicitite
2803 3181 2938 3234 ratio
2967 3182 3253 3249 impietatis
3281 3196 3434 3235 occa-

1858 3273 1939 3328 sio
1968 3272 2174 3326 evadat.
2204 3272 2290 3327 Sic
2311 3280 2363 3324 et
2389 3271 2584 3325 Paulus
2608 3271 2750 3331 facit,
2782 3271 2891 3339 ipse
2911 3272 3120 3340 quidem
3142 3288 3260 3325 cum
3285 3273 3433 3338 aegris

1857 3373 2119 3430 versatur,
2142 3373 2195 3417 et
2214 3364 2287 3417 ait
2318 3380 2334 3417 :
2368 3362 2555 3417 Factus
2574 3379 2686 3416 sum
2709 3362 2906 3416 ludatis
2929 3375 3179 3432 tamquam
3201 3363 3434 3427 .lutln'us,

1856 3459 1920 3511 iis
1939 3458 2024 3529 qui
2040 3459 2146 3512 sine
2159 3460 2265 3529 lege
2276 3467 2435 3521 erant,
2456 3469 2705 3529 tamquam
2726 3459 2835 3512 sine
2852 3460 2958 3529 lege
2973 3476 3126 3512 essem
3150 3462 3193 3530 (l
3213 3504 3223 3513 .
3250 3460 3363 3513 Cor.
3380 3461 3435 3515 9.

1857 3549 1945 3603 20.
1977 3549 2091 3618 2!),
2124 3549 2416 3618 discipulos
2459 3558 2632 3602 autem
2668 3548 2985 3602 infirmiores
3015 3561 3219 3613 avocat,
3251 3550 3438 3618 hisque

1858 3640 2034 3695 verbis
2049 3648 2229 3693 mouet
2240 3656 2300 3693 ac
2312 3639 2465 3692 docet
2483 3658 2495 3691 :
2510 3638 2846 3710 Corrumpunt
2858 3638 3009 3693 bonos
3022 3655 3181 3692 mores
3192 3640 3437 3709 colloquia

1861 3747 2015 3799 prava
2032 3729 2192 3802 (Ibid.
2226 3731 2309 3784 15.
2330 3730 2451 3799 '53);
2474 3744 2534 3783 ac
2546 3745 2779 3791 rursum,
2799 3729 2943 3783 Exite
2962 3731 3023 3783 de
3050 3731 3212 3783 medio
3240 3746 3432 3794 eorum,

1860 3831 1906 3872 et
1939 3820 2263 3889 separamini,
2293 3820 2411 3871 dicit
2444 3819 2690 3895 Dominus
2720 3819 2797 3889 (2.
2826 3818 2944 3873 Cor.
2971 3820 3024 3873 6.
3058 3821 3169 3887 17).
3199 3820 3432 3874 Medicus

1859 3912 2001 3965 enim
2041 3911 2085 3965 si
2115 3920 2367 3980 mgrotum
2415 3909 2588 3975 adeat,
2628 3921 2680 3964 et
2718 3910 2815 3964 sibi
2860 3918 2912 3964 et
2955 3910 3030 3964 illi
3072 3925 3437 3979 Stupent-uero

1860 4000 2109 4071 prodest;
2142 4000 2403 4055 infirmior
2429 4010 2602 4054 autem
2642 4009 2695 4055 et
2738 4000 2838 4055 sibi
2866 4009 2919 4054 et
2960 4009 3159 4069 mgroto
3188 4009 3366 4061 nocet.
3393 4002 3437 4054 si

1858 4107 1978 4146 cum
1998 4091 2151 4162 :rgris
2166 4091 2550 4145 admisceatur:
2570 4092 2713 4145 illum
2736 4092 2928 4161 quippe
2958 4092 3086 4146 nihil
3098 4092 3284 4162 juvare
3302 4100 3439 4160 pote-

1859 4183 1947 4245 rit,
1977 4181 2197 4252 ipseque
2224 4196 2288 4234 ex
2311 4181 2619 4251 a'gritudine
2645 4197 2890 4251 magnum
2922 4182 3133 4237 hauriet
3151 4197 3435 4237 nocumen~

1861 4283 1991 4327 tum.
2044 4273 2299 4342 Quodque
2348 4274 2381 4327 ii
2433 4274 2701 4343 patiuntur
2744 4276 2831 4344 qui
2878 4274 3213 4344 lippientinm
3257 4277 3440 4331 oculos

1862 4367 2200 4437 inspicientes
2222 4366 2362 4420 illius
2380 4366 2479 4419 sibi
2496 4366 2815 4420 inﬁrmitatis
2834 4366 3031 4437 aliquid
3056 4369 3347 4434 attrahunt,
3368 4368 3433 4424 id-

1860 4457 2032 4525 ipsum
2056 4457 2322 4525 paticntur
2348 4457 2380 4509 ii
2398 4458 2484 4526 qui
2510 4472 2629 4513 cum
2660 4456 2983 4526 blasphemis
3010 4459 3110 4513 illis
3137 4458 3439 4517 hominibus

1860 4557 2175 4613 versantur;
2230 4549 2274 4602 si
2325 4549 2643 4604 infirmiores
2687 4549 2813 4613 sint,
2862 4566 3101 4620 magnam
3155 4552 3439 4623 impietatis

1872 4638 2080 4700 partem
2111 4629 2467 4683 contrahunt.
2497 4629 2574 4684 Ne
2601 4631 2766 4702 igitur
2784 4634 3019 4686 maxima
3046 4635 3206 4691 nobis
3239 4640 3440 4694 damna

1871 4722 2170 4779 inferamus
2188 4762 2203 4787 ,
2233 4723 2449 4777 illorum
2479 4725 2814 4779 consortium
2843 4725 3074 4781 vitemus
3096 4768 3110 4789 ,
3138 4728 3302 4782 Deum
3328 4732 3441 4785 cle-

1869 4816 2287 4880 mentissimum,
2307 4817 2527 4885 quivult
2547 4832 2736 4873 omnes
2758 4819 3003 4875 homines
3027 4821 3206 4875 salvos
3228 4823 3362 4884 tieri,
3384 4832 3439 4876 et

1867 4908 1934 4962 ad
1954 4910 2279 4978 agnitionem
2299 4911 2734 4964 vcritatisvenirc
2748 4912 2795 4981 (l
2812 4911 3032 4967 .Tim.2.
3053 4914 3132 4981 4),
3152 4924 3435 4981 precantes

1863 5004 2327 5073 obsecrantesque,
2356 5012 2417 5057 ut
2457 5019 2554 5058 eos
2582 5005 2649 5058 ab
2674 5018 2859 5059 ermre
2884 5004 3071 5059 liberet
3094 5010 3151 5056 et
3191 5016 3219 5055 a
3249 5002 3441 5072 laqueo

1865 5094 2082 5154 diaboli.
2128 5103 2183 5148 et
2225 5093 2289 5147 ad
2340 5094 2513 5147 lumen
2559 5094 2795 5148 scicntia:
2839 5094 3057 5149 reducat
3110 5134 3125 5157 ,
3156 5108 3346 5161 nempe
3372 5093 3441 5147 ad

1868 5187 2032 5242 Deum
2062 5187 2269 5241 Patrem
2299 5186 2505 5240 Domini
2551 5187 2717 5241 nostri
2746 5186 2871 5241 Jesu
2914 5186 3129 5251 Christi,
3154 5202 3276 5241 cum
3308 5188 3442 5243 vivi-

1865 5277 1966 5333 fico
1988 5287 2045 5332 et
2083 5286 2268 5332 sancto
2312 5277 2530 5347 Spiritu,
2560 5278 2642 5331 cui
2685 5279 2847 5348 gloria
2890 5289 2942 5333 et
2972 5279 3273 5348 imperium,
3304 5295 3443 5335 nunc

1862 5377 1918 5422 et
1945 5384 2174 5439 semper,
2201 5376 2257 5424 ct
2299 5369 2349 5424 in
2378 5369 2571 5424 saecula
2597 5369 2931 5425 sucularum.
2964 5372 3152 5425 Amen.
