3926 6316
501 348 601 404 ’19

1141 357 1200 416 S.
1236 359 1517 418 JOANNIS
1543 359 2020 422 CHRYSOSTOMI
2061 367 2375 425 ARCHIEP.
2415 370 2945 438 CONSTANTINOP.

3654 400 3761 457 720

1140 595 1354 702 DE
1411 595 3121 742 IJV'COJIIPREHENSIBILI,

869 820 950 865 ΕΤ
990 818 1161 872 QUOD
1203 819 1363 863 DEUS
1408 819 1490 862 NB
1531 817 1776 872 QUIDEM
1819 817 1966 862 SESB
2007 821 2041 862 Δ

2150 823 2462 870 ωΡΕιιΑπε
2505 831 2546 874 Δ
2589 832 2909 884 SERAPHIII
2953 845 3144 892 FER!“
3187 853 3416 901 POSSIT.

1957 948 2324 1004 W

1051 1133 1267 1174 ηυιιιιΑ
1305 1132 1520 1172 TERTIA.

573 1250 624 1305 1.
651 1248 924 1306 Laboriosi
963 1251 1232 1322 agricolae,
1263 1266 1383 1306 cum
1412 1251 1658 1306 arborem
1699 1251 1880 1306 vident
1909 1251 2077 1306 infru-

493 1352 732 1399 ctuosam
759 1351 812 1398 et
840 1345 1171 1414 sylvestrem,
1202 1345 1415 1416 suisque
1443 1345 1709 1401 laboribus
1728 1345 2071 1412 ofﬁcientem,

494 1449 614 1502 quae
639 1434 722 1488 vel
758 1435 950 1490 radicis
973 1434 1183 1502 duritie,
1211 1437 1292 1492 vel
1331 1437 1532 1492 umbra:
1568 1436 1848 1503 densitate,
1892 1437 2074 1493 fructi-

492 1527 633 1582 feras
656 1529 848 1598 stirpes
875 1540 1199 1599 corrumpat,
1227 1546 1434 1586 summa
1469 1546 1585 1586 eam
1630 1531 1898 1601 diligentia
1927 1547 2072 1588 rese-

491 1626 635 1673 cant.
681 1619 834 1690 Saepe
871 1630 1044 1674 autem
1091 1633 1279 1675 ventus
1321 1621 1526 1676 irruens
1569 1623 1854 1676 sectionem
1879 1621 2065 1692 juvat,

489 1708 860 1780 frondiumque
883 1725 1087 1765 comam
1113 1711 1394 1781 impetens,
1424 1727 1486 1765 ac
1509 1727 1698 1782 magna
1725 1714 1776 1768 vi
1802 1716 2062 1784 quatiens,

486 1799 683 1870 frangit
722 1801 883 1865 illam,
918 1802 968 1854 in
1012 1811 1315 1871 terramque
1363 1805 1673 1872 prosternit,
1717 1820 2068 1875 magnamque

487 1891 588 1944 illis
637 1891 832 1947 laboris
879 1901 1078 1962 partem
1126 1893 1315 1948 aufert.
1366 1895 1499 1949 Cum
1547 1909 1674 1964 ergo
1721 1911 1817 1951 nos
1859 1911 2068 1966 quoque

483 1983 732 2038 arborem
763 1985 1153 2054 prazcidendam
1181 2003 1429 2043 curemus
1472 1988 1784 2060 sylvestrem
1809 1997 1865 2045 et
1903 1989 2067 2044 infru-

482 2083 741 2143 ctuosam,
767 2080 1144 2134 Anommorum
1170 2080 1372 2136 scilicet
1393 2080 1658 2145 lueresim,
1683 2081 1848 2136 Deum
1877 2096 2066 2153 prece-

483 2183 622 2235 mur,
654 2177 713 2223 ut
739 2169 892 2225 nobis
917 2171 1144 2240 Spiritus
1167 2173 1388 2242 gratiam
1417 2174 1607 2239 mittat,
1641 2181 1698 2228 ut
1720 2175 1864 2230 omni
1904 2184 2063 2230 vento

481 2259 849 2317 vehementius
897 2263 1187 2332 ingruens,
1235 2264 1480 2320 haeresim
1526 2265 1776 2321 radicitus
1822 2267 2058 2332 evellat,

481 2351 740 2422 nobisque
767 2353 999 2410 laborem
1049 2355 1236 2411 reddat
1281 2356 1552 2411 leviorem.
1581 2357 1698 2414 Jam
1730 2360 1874 2414 enim
1919 2370 2058 2414 terra

480 2444 700 2512 inculta,
726 2461 844 2516 qua:
873 2448 1220 2518 agricolarum
1251 2449 1494 2505 manibus
1519 2465 1624 2504 non
1665 2452 1893 2506 exercita
1935 2461 2016 2507 est
2037 2493 2056 2520 ,

479 2535 672 2591 herbas
711 2537 948 2603 vitiosas,
993 2540 1262 2608 spinarum
1294 2541 1396 2594 vim
1427 2551 1482 2596 et
1506 2541 1726 2596 arbores
1771 2543 2056 2614 sylvestres

475 2643 542 2683 ex
568 2629 685 2683 sinu
714 2643 810 2685 suo
837 2647 980 2700 saepe
1009 2632 1228 2695 eduxit;
1261 2633 1330 2686 ita
1356 2641 1411 2689 et
1441 2635 1815 2690 Anomtnorum
1845 2635 2054 2691 deserta

472 2720 669 2787 anima,
695 2733 747 2776 et
769 2737 834 2777 eo
861 2723 1007 2778 cultu
1032 2725 1119 2794 qui
1148 2741 1210 2778 ex
1233 2725 1522 2795 Scripturis
1542 2735 1721 2781 manat
1744 2728 1964 2796 privata,
1987 2744 2054 2784 ex

471 2825 531 2866 se
576 2811 711 2867 hanc
737 2813 900 2868 feram
944 2815 1318 2887 horridamque
1365 2817 1608 2873 haeresim
1654 2819 1860 2875 eduxit.
1907 2821 2054 2876 lianc

469 2903 666 2974 quippe
691 2905 937 2960 arborem
967 2922 1139 2978 neque
1167 2908 1362 2963 Paulus
1392 2910 1666 2980 plantavit,
1715 2928 1815 2968 nec
1862 2914 2050 2983 Apollo

471 2995 684 3064 rigavit,
717 2987 817 3052 nec
846 2989 986 3052 Deus
1013 2999 1160 3054 auxit
1185 3017 1198 3065 ;
1231 3000 1325 3057 sed
1352 3002 1606 3071 plantavit
1635 3003 1846 3072 quidem
1890 3006 2052 3059 ratio-

466 3085 726 3140 ciniorum
757 3088 1123 3160 intempestiva
1166 3093 1472 3160 curiositas,
1503 3096 1694 3165 rigavit
1735 3100 2048 3168 arrogantia».

469 3187 666 3244 tumor,
698 3180 845 3234 auxit
887 3196 1036 3236 vanae
1078 3183 1261 3253 gloria:
1305 3201 1474 3242 amor.
1506 3186 1757 3259 Opusque
1785 3192 1938 3247 nobis
1965 3201 2047 3250 est

465 3267 695 3338 Spiritus
719 3269 950 3337 ﬂamma,
982 3283 1040 3328 ut
1066 3276 1348 3344 pessimam
1376 3277 1510 3333 hanc
1536 3279 1767 3338 radicem
1795 3299 1898 3338 non
1930 3293 2046 3340 tan-

466 3369 578 3415 tum
620 3363 932 3430 evellamus,
959 3366 1052 3421 sed
1091 3367 1252 3422 etiam
1294 3369 1687 3429 comburamus.
1734 3375 2043 3434 invocemus

461 3445 639 3514 itaque
677 3447 871 3516 ipsum,
917 3451 1003 3520 qui
1049 3451 1118 3506 ab
1165 3452 1271 3508 illis
1314 3455 1527 3524 quidem
1567 3458 1981 3529 blasphematur,
2009 3481 2040 3520 a

461 3536 616 3591 nobis
641 3549 822 3594 autem
847 3541 1185 3612 celebratur;
1216 3561 1568 3617 rogemusque
1599 3562 1655 3606 ut
1684 3553 1913 3624 linguam
1941 3571 2040 3612 no-

456 3636 622 3682 stram
663 3629 729 3683 ad
773 3631 1081 3689 celeriorem
1111 3651 1322 3693 cursum
1366 3641 1578 3709 excitet,
1622 3651 1676 3699 et
1699 3655 1930 3702 mentem
1973 3649 2039 3705 ad

455 3716 732 3775 clariorem
759 3720 1102 3780 dicendorum
1128 3727 1526 3800 intelligentiam
1567 3737 1789 3804 aperiat.
1817 3737 1920 3793 Pro
1947 3741 2038 3796 illo

455 3821 705 3880 namque,
733 3821 789 3868 ct
817 3829 913 3884 pro
941 3816 1104 3886 gloria
1133 3819 1249 3888 ejus
1277 3831 1420 3903 totus
1445 3824 1532 3881 hie
1557 3825 1707 3883 labor
1730 3833 2032 3903 suscipitur,

454 3898 563 3955 imo
584 3904 758 3972 potius
782 3920 877 3974 pro
905 3910 1074 3964 salute
1098 3922 1297 3968 nostra.
1322 3899 1337 3914 ’

522 3991 622 4046 Dei
657 3995 834 4050 laudes
873 4014 970 4052 non
995 3997 1125 4066 Deo,
1150 4004 1238 4057 sed
1279 4005 1472 4060 homini
1515 4020 1740 4077 prosunt.
1771 4043 1840 4052 -—
1867 4015 2030 4071 Deum

451 4085 596 4138 enim
637 4103 794 4140 nemo
840 4089 923 4144 vel
972 4097 1361 4151 contemnendo
1405 4100 1618 4166 lazdere,
1649 4103 1730 4158 vel
1770 4105 2035 4165 laudando

450 4176 792 4232 illustriorem
832 4181 1004 4237 facere
1050 4189 1282 4254 pclerit;
1329 4191 1423 4246 sed
1470 4193 1522 4246 in
1564 4211 1657 4250 sua
1703 4211 1915 4268 semper
1945 4203 2031 4259 ille

450 4277 628 4321 manet
670 4269 855 4337 gloria,
889 4289 987 4328 nec
1017 4274 1259 4332 laudibus
1303 4291 1508 4345 auctus,
1541 4301 1641 4342 nec
1690 4288 2029 4361 blasphemiis

447 4357 774 4414 imminutus.
825 4362 1078 4422 Homines
1127 4384 1255 4425 vero
1298 4373 1386 4442 qui
1444 4375 1589 4431 illum
1632 4395 1730 4450 pro
1775 4383 2028 4453 dignitate

447 4446 682 4514 laudant,
725 4452 830 4507 imo
861 4470 956 4524 pro
1002 4458 1257 4529 dignitate
1299 4479 1457 4520 nemo
1486 4446 1678 4537 potest,
1707 4474 1799 4528 sed
1826 4446 1922 4545 pro
1945 4477 2025 4531 fa-

443 4538 643 4596 cultate
670 4556 786 4608 sua,
819 4544 990 4602 laudis
1014 4547 1242 4608 fructum
1269 4570 1699 4628 consequuntur:
1730 4567 1816 4635 qui
1845 4579 2022 4626 autem

443 4631 616 4699 ipsum
643 4634 1014 4705 blasphemant
1035 4658 1097 4699 ae
1123 4645 1469 4718 vilipendunt,
1495 4667 1644 4709 snam
1676 4631 1773 4727 ipsi
1799 4662 2021 4718 salutem

441 4725 710 4781 amittunt.
739 4729 870 4785 illud
893 4735 1032 4788 enim
1051 4777 1065 4800 ,
1101 4736 1201 4802 Qui
1215 4740 1339 4809 jecit
1363 4744 1583 4814 lapidem
1615 4725 1833 4820 sursum,
1855 4754 1908 4808 in
1935 4772 2023 4810 ca-

442 4827 530 4886 put
557 4836 702 4874 suam
721 4823 843 4894 jecit
872 4825 1056 4896 (Eccli.
1101 4829 1190 4884 27.
1221 4831 1337 4904 28),
1369 4835 1436 4891 de
1472 4838 1792 4910 blasphemis
1819 4844 2018 4904 dietum

443 4919 544 4966 est.
569 4911 1025 4980 Quemadmodum
1055 4923 1195 4978 enim
1225 4927 1314 4995 qui
1343 4928 1570 4997 lapidem
1603 4935 1653 4987 in
1683 4935 1845 4991 altum
1868 4940 2018 5007 jacu-

443 5004 598 5071 latur,
624 5007 838 5065 caeleste
875 5013 1087 5082 quidem
1131 5032 1323 5089 corpus
1365 5022 1608 5082 scindere
1633 5044 1736 5082 non
1779 5034 2012 5101 poterit,

438 5114 610 5170 neque
635 5101 702 5156 ad
732 5110 929 5160 tantam
956 5107 1288 5166 altitudinem
1314 5117 1638 5188 pertingere,
1683 5122 1778 5176 sed
1808 5125 2012 5194 plagam

435 5205 536 5247 suo
576 5195 750 5263 capite
790 5199 1039 5268 excipiet,
1083 5201 1255 5272 lapide
1299 5207 1350 5260 in
1389 5208 1669 5277 jacientem
1700 5215 2008 5272 recidente:

435 5283 513 5335 sic
539 5283 627 5352 qui
660 5285 710 5338 in
738 5286 944 5343 beatam
975 5292 1320 5350 sub5tantiam
1352 5297 1702 5370 bIaSphemat,
1731 5305 1872 5360 illam
1897 5309 2012 5378 qui-

433 5371 554 5426 dem
608 5391 890 5446 numquam
944 5381 1175 5447 laeserit,
1233 5398 1414 5456 utpote
1468 5408 1586 5461 qua:
1636 5394 1790 5467 longe
1842 5401 2012 5471 major

433 5465 795 5538 cxcelsiorque
818 5472 905 5539 sit,
931 5490 1088 5544 quam
1116 5485 1173 5531 ut
1198 5481 1364 5546 possit
1399 5483 1610 5554 aliquod
1636 5465 1883 5546 damnum
1912 5465 2009 5549 ex.

429 5553 649 5624 eipere;
694 5559 787 5614 sed
825 5572 1010 5620 contra
1057 5567 1285 5624 animam
1327 5553 1522 5629 suamr'
1553 5577 1783 5648 gladium
1826 5586 2003 5654 acuit,

490 5714 945 5805 Lnslgfﬂygﬂgre
962 5727 1144 5786 nas.,et
1162 5726 1226 5779 ita
1243 5723 1369 5793 legit
1390 5730 1668 5787 Theodorus
1687 5743 1820 5805 Gaza;
1839 5742 2002 5796 nerei.

435 5784 571 5832 vero,
591 5783 733 5838 caput
755 5789 915 5829 sum.

2183 1121 2420 1226 ingratus
2445 1145 2566 1202 erga
2598 1135 2986 1203 benefactorem
3016 1152 3254 1212 eli'ectus.
3288 1159 3548 1220 Vocemus
3578 1167 3769 1237 itaque

2184 1214 2356 1316 ipsum
2370 1221 2686 1284 ineffabilem
2703 1233 2741 1299 ί,
2758 1235 3195 1312 inintelligibilem

2983 1307 3006 1312 ν
3383 1307 3757 1330 1""-"""’

2181 1307 2791 1392 incomprehensibilem,
2811 1327 3056 1389 humana:
3073 1335 3261 1408 lingua:
3276 1343 3377 1397 vim
3391 1360 3757 1417 superantem,

2178 1402 2418 1458 mortalis
2462 1413 2654 1467 mentis
2680 1420 3204 1488 comprehensionem
3245 1435 3608 1507 excedentem,
3654 1459 3761 1497 an-

2175 1491 2308 1597 gelis
2335 1511 2438 1551 non
2465 1502 2821 1573 vestigabilem
2842 1513 2885 1580 ³,
2913 1514 3222 1587 Seraphinis
3251 1491 3762 1597 invisibilein,’Cli-e~

2176 1583 2378 1696 iubinis
2401 1588 2862 1668 inintelligibilem,
2887 1583 3314 1678 inaspectabilem
3340 1583 3757 1696 Principa'tibus,

2175 1671 2552 1749 Potestatibus,
2585 1683 2896 1760 Virtutibus,
2927 1671 3340 1771 tie-simpliciter
3362 1671 3758 1772 omnircreatu:

2175 1780 2248 1820 rae
2277 1783 2292 1822 :
2321 1784 2351 1822 a
2378 1773 2493 1828 solo
2517 1787 2692 1835 autem
2722 1782 2858 1841 Filio
2883 1797 2935 1842 et
2963 1805 2993 1844 a
3021 1791 3217 1863 Spiritu
3244 1811 3427 1857 saneto
3456 1809 3754 1875 cognitum.

2171 1857 2280 1915 Nec
2302 1863 2484 1934 ignoro
2511 1885 2604 1925 eos
2630 1890 2714 1930 me
2739 1881 3041 1946 petulantia
3067 1902 3407 1950 accusaturos
3433 1915 3570 1967 esse,
3602 1907 3755 1972 quod

3386 1949 3400 1950 ,
3439 1949 3570 1967 _-_-,
3604 1949 3754 1972 1......

2172 1949 2300 2019 ipsis
2346 1963 2588 2026 supemis
2620 1965 2908 2028 Virtutibus
2938 1975 3109 2045 ipsum
3158 1981 3754 2057 incomprehensibilem

2168 2059 2287 2101 esse
2329 2047 2550 2108 dixerim
2601 2074 2754 2130 :cgo
2810 2074 2987 2123 autem
3043 2071 3162 2128 ideo
3215 2079 3474 2137 summam
3529 2086 3754 2146 illorum

2167 2142 2526 2209 arrogantiam
2566 2158 2620 2203 et
2651 2150 2906 2210 insaniam
2954 2160 3237 2222 damnabo.
3284 2170 3398 2227 Non
3426 2177 3565 2232 enim
3591 2193 3752 2248 petu-

2167 2227 2312 2248 ,ηυγ
2444 2247 2451 2248 ,
2525 2237 2555 2248 ..

3591 2227 3748 2248 Pw-

2166 2227 2324 2285 lantia
2376 2247 2458 2290 est
2505 2237 2702 2306 dicere,
2752 2256 3046 2308 creatorem
3095 2261 3330 2317 omnium
3378 2280 3748 2332 creaturarum

2162 2331 2373 2388 captum
2417 2333 2470 2379 et
2498 2332 2851 2399 cognitionem
2895 2355 3181 2414 superare;
3228 2354 3322 2408 sed
3370 2356 3546 2415 dicere
3571 2380 3744 2434 eum,

2160 2504 2228 2557 ab
2257 2504 2402 2562 humi
2443 2517 2770 2588 repentibus,
2799 2526 2892 2592 qui
2941 2504 3138 2586 tantum
3183 2534 3381 2595 distant
3404 2543 3470 2598 ab
3501 2504 3624 2611 illis,
3661 2551 3744 2606 inv

2159 2595 2308 2652 firma
2335 2601 2711 2672 cogitationum
2743 2612 2990 2674 facultate
3013 2622 3371 2685 circumscribi
3397 2645 3452 2688 et
3487 2651 3743 2709 compre-

2160 2686 2188 2709 I-
2206 2704 2255 2709 Α-
2277 2691 2317 2709 J’
2377 2693 2418 2709 π’·
2561 2699 2574 2709 ⁸
2732 2704 2744 2709 ⁸

2159 2686 2338 2745 hendi.
2375 2693 2489 2766 Ego
2530 2699 2574 2754 si
2605 2704 2744 2772 quod
2790 2709 3054 2776 pollicitus
3083 2733 3199 2773 smn
3247 2739 3350 2778 non
3395 2686 3740 2789 demons'tra-

2156 2793 2302 2846 vero,
2355 2784 2544 2856 dignus
2597 2793 2752 2860 plane
2800 2798 2988 2856 fuerim
3039 2807 3127 2874 qui
3179 2815 3479 2880 petulantia:
3527 2825 3739 2884 crimen

2153 2870 2370 2928 subeam
2401 2894 2415 2930 :
2447 2894 2544 2935 vos
2587 2899 2734 2954 vero,
2771 2890 2815 2944 si
2847 2903 3119 2966 postquam
3146 2914 3416 2963 ostensum
3444 2912 3512 2965 sit
3557 2915 3740 2984 ipsum

2153 2967 2401 3034 supernis
2457 2970 2747 3035 Virtutibus
2791 2997 2912 3040 esse
2961 2988 3540 3062 iucompreheusibilem
3569 3048 3582 3071 ,
3639 3026 3739 3068 vos

2153 3055 2302 3113 illum
2351 3077 2511 3121 nosse
2547 3075 2877 3133 contentiosa
2915 3080 3208 3151 affirmetis,
3249 3103 3375 3160 quot
3415 3095 3686 3157 haratliris
3715 3147 3735 3172 ,

2152 3158 2280 3217 quot
2323 3158 2627 3226 praecipitiis
2672 3164 2814 3235 digni
2855 3172 3022 3234 eritis,
3053 3177 3141 3244 qui
3188 3158 3512 3253 inc—orpureis
3543 3158 3735 3250 Virtu:

2151 3239 2292 3296 tibus
2321 3243 2587 3303 inaccessa
2615 3268 2709 3309 vos
2753 3261 2982 3326 perfecte
3027 3239 3184 3324 noSse
3227 3239 3524 3341 petulanter
3564 3282 3736 3352 jacti-

2146 3334 2306 3389 tatis?

2214 3423 2268 3478 2.
2297 3427 2407 3498 Age
2427 3447 2554 3501 ergo
2590 3436 2654 3490 ad
2681 3455 2794 3494 rem
2834 3442 3000 3513 ipsam
3030 3450 3492 3518 demonstrandam
3526 3483 3731 3539 prope-

2143 3530 2343 3583 remus,
2371 3522 2437 3577 ad
2460 3530 2824 3592 precationem
2849 3552 3059 3595 rursum
3085 3552 3323 3604 conversi
3360 3571 3374 3607 :
3406 3569 3548 3627 saepe
3573 3565 3725 3617 enim

2143 3610 2342 3665 accidet
2373 3623 2430 3669 ut
2459 3616 2570 3686 ipsa
2597 3626 2845 3690 precandi
2870 3631 3036 3688 series
3065 3649 3373 3706 argumenta
3395 3610 3572 3716 pru're
3595 3668 3727 3721 pro-

2141 3703 2311 3769 posita
2343 3707 2495 3763 nobis
2522 3716 2840 3784 suppeditet.
2856 3721 3116 3782 Vocemus
3131 3703 3314 3802 itaque
3337 3703 3504 3805 ipsum
3532 3703 3724 3814 again

2138 3813 2312 3867 regum
2340 3809 2384 3853 et
2414 3801 2687 3862 Dominum
2707 3811 3071 3874 dominantium
3089 3864 3104 3886 ,
3154 3801 3239 3894 qui
3275 3831 3412 3884 solus
3441 3833 3588 3890 habet
3612 3839 3720 3893 im-

2140 3891 2495 3948 mortalitatem
2528 3936 2543 3962 ,
2583 3907 2630 3952 et
2671 3900 2831 3956 lucem
2877 3891 3265 3971 inaccessibilem
3295 3920 3482 3978 habitat
3515 3943 3534 3980 :
3564 3947 3718 4000 quem

2136 3981 2308 4035 nullus
2325 3983 2580 4042 hominum
2595 3992 2745 4059 vidit,
2765 4013 2920 4070 neque
2943 4002 3109 4058 videre
3133 4020 3310 4077 potest,
3342 4015 3424 4067 cui
3447 4027 3521 4071 est
3551 3981 3720 4078 It'onor

2134 4081 2180 4123 et
2216 4073 2480 4144 imperium
2519 4081 2570 4135 in
2607 4087 2812 4142 sarcula.
2842 4090 2998 4148 Amen
3053 4099 3070 4164 (
3104 4073 3152 4152 li.
3199 4073 3327 4158 Tini.
3360 4109 3412 4161 6.
3443 4111 3530 4166 15.
3564 4073 3706 4188 163;

2140 4161 2260 4188 um
2292 4183 2493 4188 μμ
2673 4186 2680 4188 .
2814 4182 2884 4188 --
2968 4186 2995 4188 μ

2136 4161 2262 4220 Hme
2292 4183 2394 4222 non
2417 4185 2532 4225 mea
2563 4186 2706 4243 Sunt,
2735 4182 2826 4235 sed
2853 4183 2998 4240 Pauli
3027 4191 3205 4246 verba.
3228 4195 3304 4250 Tu
3330 4201 3486 4256 velim
3512 4161 3714 4270 anima:

2136 4253 2278 4311 illius
2335 4260 2581 4328 pietatem
2628 4271 2935 4331 consideres
2962 4319 2977 4344 ,
3021 4296 3365 4358 amoremque
3401 4268 3707 4356 summum:

2131 4359 2249 4400 cum
2271 4351 2412 4405 enim
2431 4353 2522 4410 Dei
2554 4361 2813 4426 meminit,
2838 4380 2942 4420 non
2975 4381 3098 4426 ante
3137 4374 3190 4429 in
3225 4381 3418 4436 seriem
3449 4385 3710 4447 doctrina:

2134 4440 2374 4506 procedit
2417 4460 2573 4514 quam
2601 4450 2840 4510 debitum
2867 4472 3022 4515 suum
3062 4468 3343 4538 exsolvat,
3393 4490 3513 4530 cum
3549 4479 3710 4538 laude

2122 4901 2266 4958 tione
2292 4946 2307 4970 ,
2341 4923 2444 4962 non
2487 4911 2632 4978 prius
2674 4916 2741 4971 ad
2788 4918 3078 4980 doctrinam
3121 4901 3354 4997 procedit
3396 4952 3555 5007 quam
3585 4943 3710 5000 Deo

2119 4993 2349 5051 debitam
2379 4998 2583 5058 laudem
2609 5007 2940 5083 gloriamque
2966 4993 3189 5076 dederit.
3216 5026 3352 5082 Audi
3387 4993 3511 5100 unid

2118 5083 2250 5140 bens
2273 5089 2338 5143 ad
2368 5091 2580 5151 Galatas
2599 5097 2738 5156 dicat
2765 5120 2780 5156 :
2812 5105 2989 5162 Gratia
3003 5112 3138 5168 vobis
3156 5126 3204 5169 et
3216 5135 3320 5186 pax
3341 5137 3374 5175 α
3537 5083 3710 5186 13;}:

2116 5189 2288 5235 nostra
2317 5192 2361 5237 et
2405 5185 2624 5245 Domino
2649 5205 2819 5250 nostro
2841 5199 2966 5254 Iesu
2995 5185 3223 5272 Christo,
3239 5213 3324 5280 qui
3342 5214 3479 5269 dedit
3505 5233 3704 5275 semet-

2115 5267 2283 5337 ipsum
2310 5291 2403 5344 pro
2428 5283 2645 5346 peccatis
2668 5289 2850 5344 nostris
2867 5331 2880 5354 ,
2914 5303 2968 5346 ut
2996 5297 3210 5366 eriperet
3229 5267 3321 5356 nos
3352 5305 3416 5360 de
3454 5317 3706 5377 prementi

2113 5368 2299 5421 alecula
2319 5385 2531 5441 nequam
2555 5381 2827 5435 secundum
2847 5386 3148 5443 voluntatem
3181 5393 3274 5447 Dei
3296 5407 3341 5450 et
3369 5396 3542 5456 Patris
3564 5445 3578 5470 ,
3605 5409 3703 5461 cui

2112 5457 2277 5526 gloria
2317 5461 2370 5515 in
2407 5467 2614 5521 sazcula.
2669 5470 2830 5527 Amen
2867 5474 2887 5545 (
2917 5475 3034 5532 Gal.
3073 5481 3124 5535 Ἰ.
3157 5485 3250 5539 5-5
3280 5485 3316 5555 ).
3351 5457 3701 5563 Rursumqu;

2113 5547 2240 5603 alibi
2269 5566 2284 5604 :
2321 5551 2447 5624 Regi
2471 5566 2639 5613 autem
2689 5566 2988 5622 iaculorum
3021 5547 3292 5630 immortali
3327 5589 3377 5634 et
3415 5547 3647 5640 inuisibiii
3667 5605 3697 5654 ;

2170 5749 2188 5826 ξ
2437 5761 2547 5826 piss.
2571 5757 2769 5826 addunt,
2805 5761 3059 5826 inﬁnitum.

2167 5812 2188 5842 ³
2219 5813 2414 5872 quidam
2434 5822 2541 5869 Mss.
2567 5812 2768 5887 addunt;
2796 5812 3096 5894 melanas.
3133 5832 3500 5891 ίηπιιιιωιιειη.
