3868 6238
384 470 503 526 τῶν
541 468 786 532 αίώνων,
841 464 1148 537 ἀφθάρτῳ,
1191 463 1441 532 ἀοράτῳ,
1485 463 1652 531 μόνῳ
1703 458 1874 529 σοφῷ
1919 457 2042 523 Θεῷ

385 557 523 628 τιμὴ
553 558 649 610 καὶ
674 556 821 620 δόξα
848 557 934 620 είς
968 552 1107 619 τοὺς
1133 551 1374 615 αίῶνας.
1416 547 1614 618 Ἀμήν.
1647 543 1795 618 Ἀρα
1824 541 1917 600 οὗν
1952 545 2046 597 ἐπὶ

385 645 481 699 τοῦ
507 645 719 715 Πατρὸς
745 642 876 695 αὑτὸ
893 641 1037 693 ποιεῖ
1049 640 1231 710 μόνον,
1262 638 1353 690 ἐπὶ
1371 636 1427 689 δὲ
1448 635 1539 688 τοῦ
1569 634 1700 688 Υἱοῦ
1724 635 1821 704 οὑχ
1844 631 2044 695 οὑτωςς

391 734 658 786 ¹Ἄκουσον
683 729 813 798 γοῦν
871 727 987 791 πῶς
1036 727 1130 780 καὶ
1185 724 1281 778 ἐπὶ
1327 723 1420 778 τοῦ
1453 721 1788 790 Μονογενοῦς
1825 720 1886 772 τὸ
1918 718 2049 771 αὑτὸ

387 821 544 875 τοῦτο
595 818 928 889 πεποίηκεν·
976 815 1144 869 εἰπὼν
1184 814 1292 884 γὰρ
1335 813 1438 875 ὅτι,
1468 810 1752 879 Ηὺχόμην
1786 807 2050 876 ἀνάθεμα

386 907 539 963 εἶναι
573 907 691 962 ἀπὸ
737 905 845 959 τοῦ
873 901 1130 971 Χριστοῦ
1167 899 1318 968 ὑπὲρ
1347 898 1464 952 τῶν
1489 896 1767 966 ἀδελφῶν
1785 912 1904 964 μου
1929 893 2050 948 τῶν

386 994 700 1066 συγ-γενῶν
709 1011 828 1062 μου
861 990 1011 1045 κατά
1043 988 1260 1057 σάρκα,
1303 989 1583 1059 ἐπήγαγεν
1608 1001 1620 1014 ·
1659 979 1772 1036 ’Ὧν
1793 983 1831 1049 ἡ
1863 984 2050 1035 υἱοθε-

386 1087 512 1150 σία,
547 1083 647 1138 καὶ
702 1085 760 1138 at
805 1078 1099 1147 διαθῆκαι,
1145 1077 1242 1130 καί
1280 1076 1318 1143 ἡ
1357 1074 1699 1144 νομοθεσία,
1729 1071 1828 1125 καὶ
1857 1073 1916 1124 al
1939 1073 2049 1123 λα-

387 1173 588 1242 τρεῖαι,
613 1170 711 1224 καί
745 1171 805 1222 αι
831 1166 1176 1237 ἐπαγγελίαι
1193 1181 1206 1194 ·
1233 1163 1302 1228 ἐξ
1348 1157 1436 1217 ὧν
1467 1165 1500 1215 ό
1524 1159 1776 1230 Χριστός
1801 1159 1871 1212 τὸ
1901 1157 2055 1212 κατά

386 1259 604 1327 σάρκα,
643 1260 676 1311 ὁ
729 1253 814 1308 ὢν
863 1254 960 1306 ἐπὶ
996 1252 1237 1304 πάντων
1275 1248 1418 1312 Θεὸς
1445 1245 1772 1315 εὐλογητὸς
1804 1247 1891 1310 είς
1912 1244 2054 1306 τοὺς

386 1346 624 1410 αἰῶνας.
663 1342 868 1412 Ἀμήν.
897 1341 1108 1410 Ὥσπερ
1171 1337 1278 1407 γὰρ
1322 1335 1400 1406 τῷ
1447 1335 1641 1404 Πατρὶ,
1669 1334 1814 1386 οὑτω
1853 1331 2052 1402 καὶτῷ

393 1437 694 1502 Μονογενεῖ
710 1432 809 1501 τὴν
833 1429 1136 1498 δοξολογίαν
1157 1413 1419 1496 πρότερον
1437 1423 1686 1484 ἀποδοὺς,
1708 1422 1827 1475 τότε
1843 1421 1935 1472 ἐπὶ
1953 1419 2052 1489 τὴν

388 1521 717 1576 ἀκολουθίαν
761 1515 892 1591 ἦλθε
937 1517 1030 1570 τοῦ
1063 1515 1252 1583 λόγουο
1291 1513 1491 1582 ἢκουσε
1531 1509 1638 1579 γὰρ
1682 1508 1775 1562 τοῦ
1812 1505 2050 1578 Χριστοῦ

387 1610 630 1679 λέγοντος
653 1627 666 1639 ·
688 1608 809 1663 ἰνα
832 1606 1050 1670 πάντες
1075 1600 1284 1671 τιμῶσι
1304 1600 1412 1653 τὸν
1435 1597 1591 1660 Υίὸν,
1618 1597 1811 1662 καθὼς
1834 1592 2048 1664 τιμῶσι

388 1696 494 1751 τὸν
520 1694 768 1763 Πατέρα.
828 1693 956 1753 Καὶ,
1015 1692 1100 1745 ἵνα
1135 1689 1341 1760 μάθητε
1384 1687 1467 1739 ὅτι
1499 1684 1635 1753 αὑτὴ
1669 1685 1800 1754 ἡμῖν
1843 1684 1877 1752 ἡ
1915 1682 2048 1750 εὐχὴ

389 1784 609 1854 παρέξει
629 1783 727 1852 τὴν
749 1779 1042 1846 ἀπόδειξιν,
1071 1778 1201 1847 φέρε
1232 1773 1400 1845 αὐτὴν
1423 1775 1501 1835 εἰς
1528 1771 1691 1843 μέσον
1721 1770 2017 1838 ἀγάγωμεν
2035 1782 2050 1797 °

400 1871 464 1925 '0
497 1868 794 1933 Βασιλεὺς
838 1866 956 1919 τῶν
1003 1864 1480 1930 βασιλευόντων,
1523 1859 1676 1928 φησὶ,
1715 1857 1811 1910 καὶ
1843 1857 2056 1923 Κύριος

387 1955 505 2010 τῶν
551 1954 968 2022 κυριευόντων,
1021 1955 1053 2006 ό
1091 1951 1282 2020 μόνος
1313 1949 1474 2016 ἔχων
1519 1945 1879 2009 ἀθανασίαν,
1930 1940 2056 2011 φῶς

387 2043 564 2098 οίκῶν
583 2043 925 2111 ἀπρόσιτσν,
968 2037 1235 2092 Ἐνταῦθα
1271 2035 1449 2106 στῆθι,
1499 2033 1592 2086 καὶ⁵
1643 2030 1920 2103 ἐρώτησον
1963 2028 2056 2082 τὸν

388 2129 679 2200 αἱρετικὸν,
713 2128 767 2181 τί
795 2126 924 2180 ποτέ
955 2129 1068 2179 ἐστι
1101 2122 1280 2185 τοῦτο,
1309 2123 1371 2175 τὸ
1398 2121 1513 2190 φῶς
1543 2119 1708 2173 οἰκῶν
1737 2118 2054 2187 ἀπρόσιτον,

389 2217 482 2270 καὶ
535 2216 765 2287 πρόσεχε
794 2216 860 2285 τῇ
890 2213 1143 2284 ἀκριϐείᾳ
1177 2210 1270 2264 τοῦ
1315 2208 1551 2262 Παύλου.
1588 2206 1704 2260 Οὑκ
1761 2202 1904 2267 εἶπε,
1938 2205 2058 2268 Φῶς

389 2305 465 2358 ὣν
495 2304 810 2375 ἀπρόσιτον,
835 2302 990 2364 ἀλλά,
1015 2299 1142 2364 Φῶς
1159 2295 1338 2352 οἰκῶν
1357 2295 1689 2364 ἀπρόσιτον
1705 2309 1720 2324 ·
1753 2293 1840 2346 ἵνα
1875 2292 2058 2364 μάθῃς

390 2393 475 2444 ὅτι
523 2393 571 2444 εί
600 2393 628 2443 6
657 2387 804 2452 οἶκος
833 2387 1142 2458 ἀπρόσιτος,
1174 2384 1325 2453 πόσῳ
1359 2381 1555 2454 μᾶλλον
1585 2383 1614 2434 ὁ
1644 2379 1867 2434 ἐνοικῶν
1895 2379 2059 2433 αὑτὸν

392 2479 542 2542 Θεός.
569 2477 752 2530 Ταῦτα
787 2476 844 2530 δέ
903 2476 1107 2542 ἔλεγεν,
1153 2472 1250 2542 οὑχ
1300 2471 1384 2524 ἵνα
1427 2465 1573 2523 οἷκον
1615 2468 1710 2520 καὶ
1741 2467 1905 2520 τόπον
1932 2467 2060 2535 περὶ

392 2567 524 2621 Θεὸν
549 2564 913 2635 ὑποπτεύσῃς,
935 2563 1049 2616 ἀλλ’
1078 2561 1167 2614 ἵνα
1210 2562 1274 2613 ἐκ
1310 2557 1510 2628 πολλῆς
1533 2559 1633 2626 τῆς
1663 2554 1978 2626 περιουσίας
1997 2553 2060 2606 τὸ

393 2655 772 2723 ἀκατάληπτον
804 2652 1000 2724 μάθῃς.
1035 2651 1174 2703 Ἀλλ’
1195 2648 1316 2702 οὑδέ
1345 2647 1460 2715 φῶς
1487 2645 1651 2699 οἰκῶν
1677 2645 2060 2707 ἀκατάληπτον

392 2740 565 2807 εἶπεν,
598 2743 733 2796 ἀλλά
755 2741 1069 2813 ἀπρόσιτον,
1097 2738 1125 2791 ὃ
1153 2737 1248 2790 τοῦ
1275 2736 1654 2805 ἀκαταλήπτου
1680 2732 1858 2803 πολλῷ
1880 2732 2060 2803 μεῖζόν

391 2836 526 2886 ἐστι.
562 2833 635 2884 Τὸ
667 2833 762 2901 μὲν
786 2830 894 2899 γάρ
921 2826 1300 2895 ἀκατάληπτον
1325 2824 1563 2892 λέγεται,
1594 2823 1732 2875 ὅταν
1771 2818 2066 2891 ἐρευνηθὲν

394 2925 487 2978 καὶ
511 2922 741 2994 ζηηθέν
774 2921 848 2991 μὴ
888 2917 1211 2988 καταληφθῇ
1245 2915 1398 2985 παρά
1426 2912 1534 2966 τῶν
1557 2910 1867 2982 ζητούντων
1888 2908 2019 2962 αὑτό
2041 2924 2057 2940 ο

394 3011 687 3083 ἀπρόσιτον
715 3009 770 3062 δέ
799 3011 971 3069 ἐστιν,
999 3006 1027 3058 ὃ
1077 3005 1211 3075 μηδέ
1257 3000 1581 3075 ἐρευνᾶσθαι
1624 2999 1872 3068 ἀνέχεται
1912 3009 1937 3037 ιι
1963 2995 2060 3067 τὴν

396 3099 590 3170 ἀρχὴν,
621 3094 775 3168 [465]
809 3093 946 3165 μηδέ
989 3094 1155 3160 ἐγγὺς
1209 3089 1373 3143 αὑτοῦ
1418 3085 1667 3157 γενέσθαι
1697 3103 1780 3148 τις
1812 3084 2057 3137 δύναται.

397 3183 522 3241 Οἷον
545 3185 924 3254 ἀκατάληπτον
946 3182 1162 3249 λέγεται
1190 3180 1448 3248 πέλαγος,
1468 3179 1549 3241 εἰς
1575 3177 1604 3229 ὃ
1630 3174 1911 3237 καθιέντες
1937 3175 2064 3226 ἐαυο

397 3277 522 3338 τοὺς
551 3275 598 3326 οἱ
654 3271 1011 3342 κολυμόηταὶ,
1041 3270 1137 3322 καὶ
1165 3268 1300 3339 πρὸς
1335 3267 1470 3320 πολὺ
1503 3263 1944 3333 καταφερόμενοι
1968 3261 2063 3332 βά-

401 3361 514 3425 θος,
545 3361 607 3413 τὸ
641 3360 816 3430 πέρας
844 3356 1194 3411 ἀδυνατοῦσιν
1222 3356 1402 3425 εὑρεῖν
1422 3369 1434 3382 ’
1478 3351 1768 3422 ἀπρόσιτον
1802 3349 1858 3403 δὲ
1891 3351 2064 3402 ἐκεῖνο

401 3447 636 3516 λέγεται,
686 3447 715 3499 ὃ
769 3447 905 3516 μήτε
947 3443 1045 3514 τὴν
1093 3441 1266 3514 ἀρχὴν
1308 3437 1609 3512 ζητηθῆναι
1635 3437 1878 3501 δυνατὸν,
1931 3435 2065 3506 μηδέ

401 3533 786 3608 ἐρευνηθῆναι.

473 3624 543 3693 γ’.
562 3623 628 3676 Τί
658 3621 798 3694 πρὸς
816 3619 988 3674 ταῦτα
1009 3618 1075 3672 ἂν
1105 3617 1306 3692 εῐποις;
1349 3615 1510 3668 Ἀλλά
1534 3611 1860 3684 ἀνθρώποις,
1877 3611 2064 3681 φησὶν,

401 3711 807 3782 ἀκατάληπτον,
830 3709 954 3778 οὑχὶ⁷
970 3707 1026 3760 δὲ
1044 3706 1314 3774 ἀγγέλοις,
1345 3703 1464 3757 οὐδὲ
1491 3707 1608 3766 ταῖς
1637 3702 1749 3756 ἀνω
1779 3701 2063 3770 δυνάμεσι.

403 3803 475 3855 Σὺ
528 3800 626 3871 μὲν
671 3794 766 3852 οὖν
807 3796 1036 3866 ἄγγελος
1095 3792 1180 3858 εί,
1225 3793 1344 3847 είπέ
1399 3809 1510 3863 μοι,
1549 3792 1642 3845 καὶ
1667 3792 1746 3853 είς
1778 3791 1868 3844 τὸν
1908 3789 2067 3860 χορὸν

400 3889 511 3944 τῶν
539 3887 847 3957 ἀσωμάτων
879 3883 1159 3953 δυνάμεων
1175 3882 1348 3944 τελεῖς
1374 3897 1390 3945 ;
1425 3880 1546 3950 οὑχὶ
1573 3877 1858 3948 ἄνθρωπος
1885 3872 1954 3940 εί,
1973 3877 2066 3931 καὶ

401 3979 502 4048 τῆς
526 3975 695 4045 αὑτῆς
718 3974 908 4036 οὑσίας
934 3971 1077 4044 ἐμοὶ,
1114 3971 1147 4040 ἢ
1179 3971 1273 4023 καὶ
1314 3969 1416 4039 τῆς
1456 3966 1669 4036 φύσεως
1711 3965 2062 4036 ἐπιλέλησαι;

403 4065 600 4135 θῶμεν
629 4064 737 4133 γὰρ
763 4060 1060 4132 ἀπρόσιτον
1081 4056 1388 4128 ἀνθρώποις
1425 4053 1564 4109 εἶναι
1593 4054 1771 4124 μόνον,
1799 4055 1978 4106 καίτοι
2001 4069 2067 4122 γε

403 4150 562 4205 τοῦτο
582 4152 642 4203 οὑ
674 4150 1016 4220 πρόσκειται,
1053 4147 1173 4200 οὑδὲ
1196 4141 1348 4198 εἶπεν
1380 4146 1408 4197 6
1435 4143 1677 4206 Παῦλος·
1737 4141 2071 4212 Ἀνθρώποις

410 4241 508 4310 μὲν
534 4238 649 4308 φῶς
675 4237 840 4290 οἰκῶν
872 4236 1188 4305 ἀπρόσιτον,
1216 4231 1468 4301 ἀγγέλοις
1492 4231 1550 4284 δὲ
1601 4231 1702 4282 οὑκ
1735 4231 2027 4300 ἀπρόσιτον
2047 4246 2062 4262 ο

407 4327 545 4400 πλὴν
573 4327 712 4389 ἀλλ’,
763 4326 812 4377 εἰ
862 4323 1062 4394 βούλει,
1117 4321 1259 4375 κατά
1314 4317 1658 4390 συγχώρησιν
1697 4317 1913 4388 θῶμεν·
1941 4319 2068 4388 οὐχὶ

407 4419 504 4471 καὶ
528 4415 691 4478 αὑτὸς
722 4413 1007 4485 ἄνθρωπος
1038 4407 1123 4477 εἷς
1171 4409 1237 4462 Τί
1273 4404 1365 4462 οὖν
1395 4410 1444 4460 εί
1466 4407 1564 4460 καὶ
1583 4407 1833 4475 ἀγγέλοις
1860 4406 2065 4477 ἀπρόσ-

409 4521 518 4558 ιτον
560 4504 634 4574 μὴ
667 4495 725 4576 ᾗ,
749 4502 804 4554 τί
831 4499 993 4553 τοῦτο
1024 4500 1159 4568 πρὸς
1200 4498 1263 4549 σέ
1288 4495 1378 4549 τὸν
1407 4493 1812 4564 φιλονεικοῦντα
1855 4495 1949 4545 καὶ
1971 4509 2067 4544 πε-

408 4590 835 4663 ριεργαζόμενον
858 4588 953 4641 καὶ
1003 4586 1230 4653 λέγοντα
1272 4582 1587 4654 ἀνθρωπίνῃ
1625 4581 1782 4649 φύσει
1825 4581 2066 4650 καταλη-

407 4678 547 4750 πτὴν
574 4674 712 4732 εἶναι
743 4676 840 4745 τὴν
863 4673 1052 4727 οὐσίαν
1084 4671 1336 4740 ἐκείνην;
1376 4670 1496 4722 Ἵνα
1526 4669 1582 4722 δὲ
1617 4667 1814 4741 μάθῃς,
1847 4669 1930 4720 ὅτι
1968 4668 2068 4720 οὑκ

407 4764 714 4835 ἀνθρώποις
749 4763 940 4834 μόνον,
980 4759 1120 4815 ἀλλά
1156 4759 1251 4812 καὶ
1291 4759 1413 4820 ταῖς
1441 4757 1552 4810 ἀνω
1593 4755 1885 4825 δυνάμεσίν
1921 4755 2067 4808 ἐστιν

407 4854 719 4926 ἀπρόσιτος,
777 4851 1010 4904 ἄκουσον
1039 4849 1068 4900 6
1104 4846 1328 4908 Ἡσαΐας
1374 4845 1428 4898 τί
1457 4860 1620 4914 φησιν
1640 4861 1654 4874 ο
1685 4844 1813 4897 ὅταν
1835 4843 1892 4896 δὲ
1929 4843 2067 4896 εἴπω

406 4942 496 4996 τὸν
543 4941 788 5003 Ἡσαΐαν,
818 4937 913 4990 τοῦ
943 4935 1259 5006 Πνεύματος
1285 4933 1384 5002 τὴν
1413 4933 1689 4998 ἀπόφασιν
1722 4930 1866 4998 λέγω
1888 4947 1901 4959 ·
1929 4947 2066 5000 προ-

409 5031 583 5100 νήτης
603 5028 713 5098 γὰρ
747 5027 856 5088 πᾶς
877 5023 947 5076 τὰ
969 5023 1071 5092 τῆς
1111 5021 1206 5074 τοῦ
1235 5021 1549 5090 Πνεύματος
1583 5018 1865 5088 ἐνεργείας
1901 5016 2067 5085 φθέγ-

409 5132 563 5183 γεται
585 5129 598 5144 ⁸
629 5113 739 5168 Καὶ
765 5112 1004 5181 ἐγένετο
1035 5109 1142 5163 τοῦ
1167 5110 1342 5174 ἔτους
1379 5108 1405 5147 δ
1433 5103 1504 5162 οὗ
1546 5105 1846 5159 ἀπέθανεν
1884 5103 2068 5172 Ὀζίας

411 5205 443 5256 ό
471 5200 789 5265 βασιλεὺς,
811 5197 976 5252 εἶδον
1002 5197 1110 5250 τὸν
1123 5197 1344 5263 Κύριον
1367 5192 1706 5261 καθήμενον
1731 5191 1828 5244 ἐπὶ
1851 5192 2067 5258 θρόνου

409 5287 653 5355 ὑψηλοῦ
677 5287 775 5338 καὶ
799 5283 1156 5352 ἐπηρμένου,
1179 5284 1277 5336 καὶ
1309 5280 1380 5334 τὰ
1399 5278 1660 5348 Σεραφὶμ
1680 5276 2069 5342 είστήκεισαν

411 5374 613 5439 κύκλῳ
633 5371 840 5436 αὑτοῦ,
880 5371 948 5436 ἐξ
977 5371 1265 5440 πτέρυγες
1294 5369 1373 5435 τῷ
1394 5368 1506 5429 ἐνὶ,
1535 5366 1634 5421 καὶ
1676 5364 1744 5428 ἒξ
1774 5365 2064 5435 πτέρυγες

411 5461 491 5528 τῷ
527 5461 638 5521 ἐνί,
673 5461 772 5514 καὶ
808 5459 937 5524 ταῖς
958 5459 1073 5528 μὲν
1103 5457 1246 5512 δυσὶ
1274 5455 1725 5511 κατεκωυπτον
1769 5452 1840 5506 τὰ
1881 5455 2068 5521 πρόσ-

412 5565 541 5604 ωπα
565 5547 784 5624 αὐτῶν,
815 5545 943 5613 ταῖς
985 5546 1054 5599 δὲ
1074 5546 1216 5602 δυσὶ
1241 5544 1382 5613 τοὺς
1409 5541 1617 5608 πόδας.
1665 5542 1823 5605 Τίνος
1854 5543 2061 5606 ἕνεκεν,

471 5723 682 5773 ‘Morel.
703 5728 756 5772 et
778 5723 962 5786 aﬁquot
993 5735 1107 5771 mss.
1134 5723 1258 5786 μηδὲ
1288 5722 1557 5786 ἐρευνᾶσθαι
1589 5722 1824 5785 ἀνέχεται.
1866 5721 1961 5773 Alii
2008 5725 2061 5771 et

412 5784 560 5848 80]“.
583 5785 902 5848 μηδὲᾉέρεύνης
921 5784 1151 5848 ἀνέχεται.

468 5846 500 5890 δ
517 5844 617 5900 Alii
633 5844 718 5897 τοῦ
736 5844 970 5898 ἐνιαυτοῦ.

1161 351 1219 405 S.
1256 344 1544 405 JOANNIS
1588 339 2062 402 CHRYSOSTOHI

2227 340 2428 400 IHIEP.
2467 345 3012 402 CONSTANTINOP.

3723 345 3811 400 7?!

2146 457 2266 509 εἰπέ
2310 475 2422 528 μοι,
2469 460 2800 516 καλύπτουσι
2837 461 2908 514 τά
2949 460 3216 531 πρόσωπα
3264 460 3357 512 καλ⁵
3409 457 3809 529 προϐάλλονται

2143 544 2241 608 τὰς
2270 547 2579 618 πτέρυγας;
2614 549 2769 612 Τίνος
2795 549 2851 602 δὲ
2881 549 3068 602 ἕνεκεν
3091 547 3298 616 ἐτέρου,
3330 547 3450 601 ἀλλ’
3470 548 3510 618 ἦ
3541 547 3637 599 διὰ
3665 547 3725 598 τὸ
3748 549 3809 618 μὴ

2144 633 2328 705 φέρειν
2358 633 2455 705 τὴν
2483 637 2550 688 ἐκ
2602 636 2696 690 τοῦ
2747 635 2938 708 θρόνου
2969 633 3227 704 πηδῶσαν
3264 635 3568 706 ἀστραπὴν
3601 636 3702 686 καὶ⁵
3724 642 3806 698 τε,

2148 722 2511 794 μαρμαρυγὰς
2541 723 2787 788 ἐκείνας;
2823 724 3016 777 Καίτοι
3045 739 3109 791 γε
3142 723 3242 775 οὑκ
3266 723 3403 776 αὑτὸ
3441 723 3700 794 ἄκρατον

2147 826 2255 880 ρων
2283 810 2344 862 τὸ
2372 810 2507 879 φῶς,
2539 811 2650 864 οὐδ’
2673 812 2840 884 αὑτὴν
2870 813 3144 883 ἀκραιφνῆ
3161 813 3260 884 τὴν
3285 813 3505 874 οὐσίαν,
3532 810 3682 864 ἀλλὰ
3706 827 3812 876 στος-

2145 897 2443 961 κατάϐασις
2469 894 2537 968 ἦν
2579 899 2648 952 τὰ
2675 899 2948 970 ὁρώμενα.
3005 899 3069 953 Τί
3113 900 3170 954 δέ
3203 902 3318 954 ἐστι
3357 899 3811 969 ωγκατάὁασιςς

2149 987 2316 1037 Ὅταν
2342 984 2416 1057 μὴ
2434 985 2509 1049 ώς
2529 985 2672 1039 έστιν
2697 989 2726 1042 6
2752 987 2882 1051 Θεὸς
2904 989 3182 1058 φαίνηται,
3219 988 3331 1043 ἀλλ’
3358 989 3440 1053 ὡς
3462 991 3495 1042 ό
3522 988 3812 1057 δυνάμενος

2149 1071 2308 1126 αὑτὸν
2332 1072 2552 1144 θεωρεῖν
2577 1067 2687 1138 οἶός
2709 1075 2768 1128 τέ
2791 1075 2960 1142 ἐστιν,
2987 1075 3162 1140 οὕτως
3188 1077 3381 1130 ἐαυτὸν
3414 1076 3681 1148 δεικνύῃ,
3709 1080 3814 1128 ἐπι-

2152 1160 2364 1230 μετρῶν
2391 1163 2458 1231 τῇ
2494 1159 2604 1214 τῶν
2635 1161 2885 1234 ὁρώντων
2907 1163 3165 1234 ἀσθενείᾳ.
3203 1165 3304 1234 τῆς
3340 1165 3533 1234 ὅψεως
3577 1166 3683 1235 τὴν
3715 1168 3816 1218 ἐπὶ·

2147 1249 2328 1314 δειξιν.
2357 1251 2468 1302 Καὶ
2503 1251 2584 1302 ὅτι
2618 1251 3020 1319 συγκατάδασις
3040 1248 3127 1324 ἦν,
3163 1253 3221 1320 ἐξ
3244 1253 3430 1306 αὑτῶν
3473 1252 3602 1304 τῶν
3653 1255 3815 1323 ῥημά-

2149 1355 2255 1389 των
2297 1337 2486 1408 δῆλον·
2515 1335 2696 1393 Εἶδον
2719 1339 2849 1409 γάρ,
2891 1341 3046 1410 φησὶ,
3078 1341 3183 1394 τόν
3214 1344 3437 1408 Κύριον
3477 1341 3816 1409 καθήμενα

2148 1426 2244 1479 ἐπὶ
2278 1426 2496 1494 θρόνου
2524 1427 2769 1496 ὑψηλοῦ
2795 1427 2894 1480 καὶ
2907 1429 3272 1497 ἐπηρμένου’
3303 1429 3439 1492 Θεὸς
3473 1429 3543 1480 δὲ
3571 1430 3639 1481 οὑ
3664 1430 3816 1497 κάθη-

2148 1530 2238 1568 ται
2261 1531 2273 1544 ·
2305 1514 2572 1584 σωμάτων
2594 1514 2702 1585 γὰρ
2721 1517 2750 1568 6
2770 1517 3147 1586 σχηματισμὸς
3177 1509 3333 1580 οὗτος
3353 1534 3367 1547 ·
3421 1519 3528 1570 καὶ
3560 1517 3669 1568 ἐπὶ
3699 1522 3814 1585 θρέ-

2149 1619 2282 1666 νου,
2321 1603 2450 1667 Θεὸς
2496 1604 2553 1657 δὲ
2581 1604 2755 1675 θρόνῳ
2796 1607 2894 1658 οὑκ
2927 1607 3384 1678 ἐμπεριείληπται
3412 1618 3434 1645 ε
3469 1649 3484 1667 ,
3517 1608 3816 1678 ἀπερίγραο

2151 1709 2284 1745 πτον
2311 1691 2420 1763 γὰρ
2457 1691 2516 1744 τὸ
2543 1692 2704 1746 θεῖον.
2746 1692 2882 1744 Ἀλλ’
2917 1694 3063 1763 ὅμως
3097 1694 3218 1747 οὑδὲ
3255 1695 3682 1763 συγκατάϐασιν
3709 1698 3817 1762 ἠξι-

2151 1780 2391 1850 νήθησαν
2429 1781 2691 1847 ἐνεγκεῖν,
2729 1780 2902 1833 καίτοι
2933 1783 3160 1850 πλησίον
3180 1782 3418 1835 ἑστῶσαι
3497 1784 3581 1836 τὰ
3605 1785 3714 1852 γὰρ
3738 1787 3816 1837 Σε-

2145 1868 2336 1935 ραςρὶμ
2383 1867 2767 1933 είστήκεισαν
2813 1870 3013 1930 κύκλῳ
3044 1869 3251 1922 αὐτοῦ.
3299 1870 3376 1922 Δι’
3420 1871 3566 1922 αὑτὸ
3606 1871 3706 1940 μὲν
3741 1868 3816 1923 σῖτα

2155 1953 2391 2024 μάλιστα
2415 1955 2572 2008 τοῦτο
2602 1957 2701 2008 οὑκ
2725 1957 2948 2025 ἴσχυσαν
2980 1956 3125 2018 ἰδεῖν,
3157 1957 3342 2028 ἐπειδὴ
3373 1957 3626 2028 πλησίον
3655 1954 3810 2028 ἦσαν·

2152 2040 2378 2111 πλησίον
2413 2041 2468 2095 δὲ
2496 2042 2556 2094 ού
2589 2041 2739 2111 τόπῳ
2782 2043 2946 2114 φησιν
2966 2083 2979 2104 ,
3013 2042 3149 2095 ἀλλὰ
3182 2043 3348 2110 δεῖξαι
3397 2044 3737 2114 βουλόμενος
3767 2048 3815 2096 τό

2151 2129 2374 2200 Πνεῦμα
2401 2131 2463 2183 τὸ
2493 2131 2664 2198 ἅγιον,
2693 2131 2796 2194 ὅτι,
2827 2131 3003 2184 καίτοι
3038 2148 3101 2200 γε
3130 2132 3286 2200 ἡμῶν
3319 2131 3637 2202 ὲγγύτεραι
3679 2129 3815 2185 οὖσαι

2152 2220 2216 2288 τῇ
2243 2218 2400 2287 οὐσίᾳ
2447 2218 2651 2290 ἐκείνῃ,
2697 2218 2818 2271 οὑδὲ
2852 2218 3024 2280 οὕτως
3079 2219 3247 2290 αὑτὴν
3276 2219 3543 2272 δύνανται
3581 2219 3812 2290 θεωρεῖν,

2152 2304 2238 2360 διά
2265 2305 2421 2358 τοῦτό
2449 2323 2601 2376 φησι,
2631 2307 2740 2361 Καὶ
2781 2307 2853 2360 τὰ
2885 2308 3148 2377 Σεριιερὶμ
3183 2307 3593 2374 είστήκεισαν
3635 2313 3816 2375 κύκλῳ

2154 2394 2360 2457 αὐτοῦ,
2392 2395 2514 2464 οὑχὶ
2549 2395 2712 2448 τόπον
2739 2395 2899 2448 πάλιν
2933 2397 3298 2465 αἰνιττόμενος
3325 2451 3332 2459 ,
3367 2395 3521 2448 ἀλλά
3572 2400 3642 2467 τῇ
3694 2401 3814 2450 κατὰ

2151 2481 2244 2534 τὸν
2278 2481 2440 2535 τόπον
2474 2481 2729 2553 ἐγγύτητι
2752 2485 2812 2535 τὸ
2833 2483 2993 2552 ἡμῶν
3014 2484 3317 2554 ἐγγυτέρας
3341 2483 3526 2548 αὑτάς
3561 2482 3703 2537 εἶναι
3733 2503 3817 2538 πτ-

2159 2568 2420 2639 ραδηλῶν.
2449 2570 2523 2622 Τὸ
2549 2570 2658 2642 γὰρ
2696 2572 3082 2643 ἀκατάληπτον
3111 2573 3208 2640 οὑχ
3238 2571 3415 2635 οῦτως
3443 2573 3621 2642 ἡμεῖς
3659 2573 3812 2640 ἴσμεν.

2155 2655 2229 2719 ώς
2251 2659 2454 2710 ἐκεῖναι
2473 2660 2525 2710 αί
2550 2658 2824 2730 δυνάμεις,
2843 2661 2954 2730 ὅσῳ
2973 2658 3356 2731 καθαρώτεραι
3385 2661 3490 2714 καὶ
3522 2660 3814 2729 σοφώτεραι

2155 2744 2249 2798 καὶ
2273 2744 2713 2817 διορατικώτεραι
2746 2748 2844 2817 τῆς
2868 2747 3215 2818 ἀνθρωπίνης
3244 2746 3470 2816 φύσεως
3504 2749 3648 2801 εἰσί.
3690 2748 3816 2801 Καθ-

2155 2831 2297 2903 άπερ
2321 2835 2428 2903 γάρ
2461 2833 2522 2886 τὸ
2547 2833 2653 2886 τῶν
2679 2835 2916 2906 ἡλιακῶν
2941 2833 3089 2906 [466]
3125 2834 3361 2888 ἀκτίνων
3397 2837 3714 2906 ἀπρόσιτον
3733 2838 3814 2903 οὐχ

2155 2919 2326 2983 οὑτως
2357 2916 2496 2976 οἶδεν
2513 2925 2540 2975 ὁ
2569 2922 2764 2992 τυφλὸς
2791 2923 2864 2987 ὡς
2893 2927 2920 2977 6
2939 2924 3172 2994 βλέπων,
3189 2922 3333 2977 οὑτω
3358 2925 3459 2978 καὶ
3492 2926 3560 2977 τὸ
3587 2924 3680 2976 τοῦ
3699 2925 3813 2976 Θεςί

2155 3009 2532 3077 ἀκατάληπτον
2551 3010 2648 3080 οὑχ
2679 3010 2848 3074 οὓτως
2879 3013 3039 3082 ἡμεῖς
3081 3011 3239 3082 ἴσμεν
3278 3011 3354 3074 ὡς
3385 3014 3635 3066 ἐκεῖναι.
3667 3015 3816 3064 Ὄσσα

2156 3097 2262 3167 γάρ
2283 3096 2483 3166 τυφλοῦ
2517 3099 2611 3152 καὶ
2635 3099 2920 3169 βλέποντος
2940 3101 3000 3152 τὸ
3033 3099 3220 3168 μέσον,
3248 3098 3513 3151 τοσοῦτον
3547 3100 3708 3169 ἡμῶν
3739 3103 3816 3152 καὶ

2155 3185 2376 3239 ἐκείνων
2397 3185 2457 3238 τὸ
2477 3186 2751 3258 διάφορον.
2781 3187 2942 3240 ’Ὥστε
2976 3188 3081 3241 κᾶν
3120 3188 3215 3240 τοῦ
3247 3189 3545 3257 προφήτου
3581 3189 3816 3256 λέγοντος

2157 3275 2414 3346 ἀκούσῃς,
2450 3270 2632 3328 Εἴδον
2650 3274 2756 3327 τόν
2770 3276 3006 3343 Κύριον,
3033 3275 3107 3346 μὴ
3127 3275 3282 3328 τοῦτο
3299 3275 3666 3347 ὑποπτεύσῃς
3680 3316 3696 3337 ,
3748 3279 3817 3328 ἑτι

2156 3360 2254 3431 τὴν
2276 3360 2458 3412 οὑσίαν
2485 3358 2626 3414 εἶδεν
2657 3361 2888 3432 ἐκείνην,
2919 3361 3034 3414 ἀλλ’
3067 3361 3233 3434 αὑτὴν
3253 3364 3353 3434 τὴν
3390 3364 3816 3430 συγκατϋασικσ,

2158 3448 2251 3499 καὶ
2292 3447 2491 3517 ταύτην
2522 3448 2579 3500 δὲ
2635 3448 3018 3521 ἀμυδρότερον,
3080 3451 3223 3522 ἥπερ
3266 3454 3323 3504 αί
3373 3453 3493 3506 ἀνω
3545 3452 3818 3521 δυνάμειςο

2156 3535 2406 3588 τοσοῦτον
2448 3535 2556 3606 γὰρ
2598 3535 2723 3588 ἰδεῖν
2769 3537 2867 3590 οὑκ
2907 3538 2971 3590 ἂν
3001 3537 3233 3609 ἴσχυσεν,
3258 3541 3382 3592 ὅσον
3408 3540 3482 3592 τά
3525 3540 3814 3611 Χερουεξρ.

2227 3623 2289 3677 δ’.
2320 3623 2426 3678 Καὶ
2447 3625 2500 3676 τί
2525 3625 2668 3693 λέγω
2681 3626 2922 3696 περὶτῆς
2940 3627 3449 3699 μακαρίαςέκείνης
3465 3629 3685 3693 οὐσίας,
3703 3631 3816 3681 ὅτε.

2159 3727 2221 3779 γε
2252 3712 2370 3764 ούδέ
2402 3711 2632 3780 ἀγγέλου
2661 3713 2847 3766 οὐσίαν
2883 3712 3105 3766 δυνατὸν
3143 3714 3419 3786 ἀνθρώπῳ
3465 3716 3616 3785 μετά
3655 3717 3818 3776 ἁδείας
3866 3767 3868 3772 .

2163 3801 2318 3862 ἰδεϊν;
2350 3798 2455 3853 Καὶ
2480 3800 2566 3852 ἵνα
2595 3799 2803 3870 μάθητε
2824 3839 2838 3863 ,
2867 3801 2949 3853 ὅτι
2979 3799 3134 3853 τοῦτό
3168 3803 3314 3854 ἐστιν
3359 3803 3594 3874 ἀληθὲς,
3631 3805 3817 3872 ἀνθρω-

2162 3905 2260 3940 πον
2292 3887 2372 3950 είς
2403 3888 2562 3957 μέσον
2593 3887 2820 3959 παράξω
2852 3887 2986 3940 Θεοῦ
3036 3888 3209 3957 φίλον,
3262 3890 3595 3960 παρρησίαν
3647 3891 3816 3960 ἓχσντι

2160 3973 2359 4045 πολλὴν
2385 3974 2477 4027 ἐπὶ
2505 3975 2666 4045 σοφία
2699 3976 2792 4029 καὶ
2815 3975 3155 4046 δικαιοσύνῃ,
3190 3978 3280 4030 καὶ
3311 3979 3406 4030 ἐπὶ
3439 3978 3670 4042 πολλοῖς
3715 3981 3814 4031 ἐτέ-

2165 4080 2276 4134 ροις
2333 4062 2747 4134 μαρτυρηθέντα
2801 4063 3211 4134 κατορθώμασι,
3248 4065 3341 4117 τὸν
3389 4067 3556 4133 ἅγιον
3599 4069 3812 4137 Δ-ανιήἰμ

2163 4152 2248 4205 ἵνα
2296 4154 2425 4206 ὅταν
2476 4151 2741 4216 ἀποδείξω
2782 4151 3169 4217 ἐξασθενοῦντα
3207 4155 3300 4206 καὶ
3347 4154 3709 4226 διαλυόμενον
3737 4161 3810 4207 κεί

2161 4241 2570 4293 καταπίπτοντα
2603 4241 2666 4292 ἐκ
2684 4239 2782 4310 τῆς
2800 4239 2895 4292 τοῦ
2924 4240 3154 4308 ἀγγέλου
3181 4244 3510 4311 παρουσίας,
3551 4245 3738 4314 μηδεξ
3759 4245 3810 4295 ξιξ

2160 4327 2530 4398 ἁμαρτήματα
2552 4328 2646 4380 καὶ
2682 4328 2916 4397 πονηρὸν
2951 4327 3184 4390 συνειδὸς
3223 4328 3383 4381 τοῦτο
3434 4331 3610 4383 αὑτὸν
3639 4350 3811 4384 πεπεν-

2161 4413 2309 4466 θέναι
2341 4413 2552 4486 νομίζῃ,
2588 4414 2723 4468 ἀλλά
2745 4414 3045 4484 δειχθείσης
3076 4418 3174 4484 τῆς
3203 4416 3346 4469 κατά
3375 4417 3478 4487 τὴν
3514 4417 3701 4488 ψυχὴν
3727 4420 3808 4470 :i-

2160 4499 2253 4552 τοῦ
2283 4502 2612 4572 παρρησίας,
2648 4505 2680 4571 ἡ
2713 4501 2811 4570 τῆς
2842 4499 3055 4568 φύσεως
3083 4501 3336 4554 ἀσθένεια
3387 4504 3587 4572 σαφῶς
3629 4507 3808 4571 διελεῖ-

2162 4605 2340 4657 χηται.
2379 4582 2544 4652 οὗτος
2574 4590 2752 4643 τοίνυν
2779 4591 2807 4641 ό
2840 4583 3036 4661 Δανιὴλ
3062 4589 3089 4628 ἀ
3112 4590 3403 4660 ὲνήστευσε
3426 4596 3582 4661 τρεῖς
3610 4595 3810 4662 £66095-
3866 4577 3868 4594 Ι

2161 4675 2255 4737 δας
2282 4676 2523 4747 ἡμερῶν,
2541 4677 2633 4729 καὶ
2653 4676 2813 4747 ἄρτον
2839 4676 3139 4746 ἐπιθυμιῶν
3161 4679 3261 4729 οὑκ
3289 4679 3520 4746 ἔφαγεν,
3543 4682 3667 4734 οὐδὲ
3688 4678 3808 4742 οἶνος

2162 4764 2256 4816 καὶ⁸
2281 4765 2443 4836 κρέας
2460 4768 2554 4819 καὶ
2582 4766 2773 4835 σίκερα
2803 4766 3050 4836 εἰσῆλθεν
3078 4768 3158 4829 είς
3185 4767 3248 4819 τὸ
3279 4767 3461 4836 στόμα
3493 4770 3683 4830 αὑτοῦ,
3704 4771 3806 4822 οἰκέ
3861 4764 3868 4820 ί

2161 4835 2405 4921 ἄλειμμα
2432 4851 2706 4920 ἠλείψατο.
2732 4853 2841 4905 Καὶ
2867 4835 2986 4905 τότε
3008 4847 3112 4905 εἶδε
3145 4853 3242 4924 τὴν
3285 4835 3559 4909 ὀπτασίαν
3590 4859 3803 4924 ἐκείνην,
3866 4835 3868 4880 ί

2161 4939 2250 4992 ὅτε
2300 4939 2702 5010 ἐπιτηδειοτέρα
2729 4939 2877 5012 αὑτῷ
2921 4935 3046 5012 ἦνὴ
3079 4941 3224 5012 ψυχὴ
3253 4942 3391 5013 πρὸς
3428 4945 3528 5015 τὴν
3575 4946 3807 5012 τοισῧττς
3866 4937 3868 4952 ’

2163 5025 2390 5098 θεωρίας
2440 5027 2722 5097 ὑποδοχὴν,
2774 5029 2879 5081 ὑπὸ
2915 5029 3016 5099 τῆς
3059 5031 3311 5101 νηστείας
3374 5033 3684 5101 κουφοτέρα
3728 5036 3804 5084 ac".
3866 5051 3868 5101 ε

2162 5087 3125 5184 πνευματικωτέρά’γενομένηςΚαὶ.
3162 5114 3214 5167 τί
3268 5087 3437 5183 φησιν
3456 5133 3472 5180 ς
3493 5087 3662 5184 ⁸Ἶιρῖα
3683 5119 3805 5180 τοξζς

2163 5197 2502 5266 ὀφθαλμούς
2530 5214 2668 5265 μου,
2700 5199 2794 5251 καὶ
2831 5196 3011 5266 εἶδον,
3041 5203 3137 5254 καὶ
3171 5201 3297 5254 ίδσὺ
3321 5201 3485 5271 ἀνὴρ
3509 5203 3802 5271 ἐνδεδυμέ-

2161 5261 2268 5347 νος
2289 5261 2792 5346 ,βαδδὶνξτουτέστι
2817 5261 3007 5358 στολὴν
3029 5288 3198 5358 ἱεράν,
3229 5289 3326 5342 καί
3348 5291 3387 5357 ἠ
3410 5261 3615 5358 ἔσφὺς
3638 5261 3800 5345 αὑτῷ
3866 5261 3868 5362 ί

2162 5370 2588 5439 περιεζωσμένη
2635 5375 2863 5441 χρυσίῳ
2920 5376 3122 5444 Ὡφάζ,
3165 5377 3264 5429 καὶ
3305 5377 3375 5429 τὸ
3426 5378 3606 5446 σῶμα
3641 5379 3800 5432 αἰγτώ
3866 5371 3868 5436 ἕ

2161 5458 2301 5510 ὡσεὶ
2361 5458 2630 5524 Θαρσεῖς,
2691 5461 2755 5513 τὸ
2803 5463 3124 5528 πρόσωπον
3175 5463 3363 5517 αὑτοῦ
3407 5465 3561 5517 ὡσεὶ
3618 5466 3801 5532 ἔμιξε-ες
3866 5467 3868 5516 Ξ

2161 5543 2567 5613 ἀστραπῆς,ὀί
2589 5549 2876 5618 ὀφθαλμοί
2905 5550 3086 5604 αὑτοῦ
3102 5550 3242 5604 ὡσεὶ
3265 5553 3588 5621 λαμπάδες
3611 5554 3796 5620 ιιι-ερὲς,
3866 5569 3868 5572 ·

2225 5663 2256 5728 °_
2274 5661 2372 5728 ᾼΙὶὶ
2391 5663 2446 5710 ού
2469 5665 2806 5728 περιείληπται.

2232 5721 2259 5760 “
2280 5721 2542 5799 “9"839‘13
2564 5721 2748 5799 νρμὶξηξ
2767 5730 2852 5799 καῖ
2869 5728 2958 5791 γάρ
2995 5729 3228 5799 ἔεικβεῖσα
3247 5735 3331 5787 τῆς
3669 5728 3798 5799 τξξδ
3866 5755 3868 5780 ε

2169 5783 2395 5862 ξργενεξας
2414 5783 2630 5862 ἠξάρετῆέ
2695 5783 2776 5846 ’έῆς
2793 5783 2979 5846 φύσεώς
2999 5783 3214 5838 ἀσθένεια
3240 5783 3406 5854 σαφῶς
3709 5789 3798 5840 οὗ-
3866 5799 3868 5852 ς

2168 5860 2248 5903 τος
2268 5848 2419 5895 τοίνυν
2441 5849 2468 5896 ὁ
2491 5848 2681 5906 Δανιήλ.
