3868 6248
118 373 215 430 7‘2!

114 490 208 543 soli
232 485 438 554 sapienti
454 481 561 537 Deo
573 484 735 537 honor
751 492 799 537 et
817 482 977 552 gloria
1004 483 1056 535 in
1066 483 1267 536 stecula.
1287 482 1445 535 Amen
1459 476 1672 552 (1.Τίιη.

116 580 168 631 l.
195 578 255 631 l7
283 577 324 644 ).
351 578 429 630 An
456 573 523 628 de
558 573 711 627 Patre
736 573 906 626 solum
943 572 1021 626 sic
1040 571 1292 641 loquitur,
1320 570 1388 624 de
1409 571 1546 626 Filio
1575 586 1679 624 non

113 674 277 727 item?
314 671 444 725 Audi
484 670 749 740 quomodo
793 670 932 723 circa
981 667 1321 738 Uuigenitum
1364 679 1573 736 quoque
1602 664 1682 718 id-

112 766 283 832 ipsum
312 762 495 818 fecerit
521 781 536 817 :
566 774 685 816 cum
714 762 853 815 enim
875 760 1132 825 dixisset,
1164 757 1413 829 Optabam
1440 772 1531 829 ego
1556 773 1683 810 ana-

110 858 275 908 thema
304 870 407 908 esse
434 870 465 905 a
491 852 686 906 Christo
714 866 804 921 pro
826 850 1065 919 fratribus
1094 850 1214 903 meis
1240 890 1254 914 ,
1299 848 1525 919 cognatis
1559 847 1680 903 meis

109 948 379 1000 secundum
402 960 599 997 carnem
621 945 638 1012 (
662 943 811 996 Rom.
842 940 896 997 9.
929 943 963 997 3
993 943 1049 1011 );
1089 940 1360 1009 subiunxit
1390 956 1404 995 :
1458 939 1681 1005 Quorum

109 1040 315 1107 adaptio
344 1037 566 1102 ﬁliorum
584 1076 601 1101 ,
639 1046 687 1089 et
710 1044 998 1088 testamenta
1031 1075 1046 1100 ,
1090 1043 1135 1086 et
1164 1033 1409 1103 legislat‘io
1428 1074 1443 1098 ,
1470 1043 1516 1086 et
1543 1033 1682 1086 obse-

106 1133 251 1201 quia,
282 1140 327 1183 et
357 1128 709 1198 promissioncs
735 1142 752 1179 :
782 1142 841 1179 ea:
863 1126 1039 1194 quibus
1058 1136 1128 1178 est
1155 1123 1383 1179 Christus
1409 1126 1682 1178 secundum

106 1238 330 1285 carnem,
362 1220 446 1285 qui
465 1228 535 1273 est
553 1233 706 1288 super
727 1218 895 1270 omnia
921 1215 1059 1269 Deus
1081 1216 1362 1269 benedictus
1388 1215 1439 1268 in
1469 1214 1675 1267 sarcula.

110 1315 289 1368 Amen.
317 1312 476 1384 (Ibid.
503 1328 551 1363 υ.
580 1311 633 1363 4.
667 1309 746 1377 5).
790 1306 924 1361 Cum
965 1308 1104 1360 enim
1126 1306 1262 1359 sicut
1305 1305 1446 1359 Patri
1476 1346 1491 1369 ,
1532 1304 1602 1357 ita
1630 1312 1684 1358 et

106 1402 392 1472 Unigenito
415 1400 634 1469 gloriam
661 1399 805 1466 prius
830 1397 1096 1450 retulisset
1115 1438 1128 1456 .
1159 1404 1282 1448 tunc
1309 1394 1569 1448 sermonis
1594 1406 1682 1447 se-

104 1496 246 1551 riem
275 1494 505 1565 repetit:
530 1493 765 1547 audierat
784 1492 924 1546 enim
953 1491 1218 1545 Christum
1248 1488 1513 1542 dicentem
1549 1504 1561 1540 :
1610 1486 1684 1541 Ut

106 1604 283 1642 omnes
308 1588 548 1639 honorent
573 1583 783 1646 Filium,
807 1586 932 1637 sicut
976 1583 1219 1635 honorant
1247 1579 1453 1635 Patrem
1478 1580 1498 1649 (
1524 1579 1681 1632 Joan.

106 1681 170 1735 5.
196 1677 310 1749 ‘23).
358 1678 425 1734 Ut
454 1694 577 1731 vero
604 1677 818 1731 discatis
857 1675 993 1745 quod
1024 1674 1137 1743 ipsa
1172 1674 1341 1728 oratio
1376 1681 1683 1742 argumenta

107 1772 268 1823 nobis
291 1768 681 1837 suppeditatum
708 1767 810 1831 sit,
841 1782 938 1835 age
966 1766 1106 1819 illam
1132 1764 1189 1818 in
1234 1763 1466 1817 medium
1500 1762 1683 1832 profe-

105 1879 327 1917 ramus:
358 1858 469 1915 Rea:
487 1877 681 1932 regum,
700 1870 745 1913 et
768 1860 1011 1912 Dominus
1040 1858 1422 1920 dominantium,
1444 1857 1527 1926 qui
1548 1855 1685 1909 solus

107 1956 261 2008 habet
300 1954 722 2007 immortalitatem
752 1994 767 2018 ,
796 1960 843 2004 et
886 1952 1045 2004 lucem
1073 1950 1262 2003 habitat
1298 1947 1685 2001 inaccessibilem

106 2048 193 2117 (ι.
236 2044 365 2098 Tim.
404 2044 457 2098 6.
500 2043 585 2098 l5.
628 2043 739 2111 16).
771 2042 864 2096 llic
889 2045 1017 2095 siste
1040 2039 1683 2110 gradutn,~etha:reticum

103 2136 401 2204 interroga,
424 2133 550 2202 quid
572 2133 828 2203 signiticet
854 2132 979 2185 illud
1006 2172 1019 2195 ,
1049 2130 1114 2183 Et
1142 2130 1300 2184 lucem
1330 2130 1519 2183 habitat
1544 2129 1686 2181 inac-

103 2226 405 2280 cessibilem.
429 2225 575 2281 Pauli
616 2225 1002 2278 accurationem
1042 2220 1336 2291 perpendes
1361 2221 1545 2274 velim:
1576 2230 1684 2273 non

101 2318 266 2380 dixit,
298 2317 405 2370 Lux
433 2324 514 2371 est
539 2314 916 2369 lnaccessibilis
939 2330 953 2379 ;
980 2313 1101 2377 sed,
1122 2310 1307 2365 Lucem
1330 2311 1521 2363 habitat
1544 2311 1687 2363 inac-

101 2411 387 2464 cessibilem
407 2426 425 2463 :
453 2416 510 2462 ut
529 2408 700 2462 discas
721 2448 737 2473 ,
769 2406 908 2476 quod
922 2407 972 2460 si
997 2405 1188 2460 domus
1218 2405 1327 2473 ipsa
1356 2404 1425 2457 sit
1451 2403 1686 2457 inacces-

100 2502 285 2557 sibilis
314 2542 330 2567 ,
362 2510 559 2570 quanto
583 2501 749 2569 magis
772 2500 927 2561 Deus,
963 2498 1050 2567 qui
1076 2498 1239 2564 ipsam
1268 2495 1539 2548 inhabitat.
1564 2493 1688 2548 Haec

101 2606 281 2663 porro
303 2592 454 2658 dixit,
487 2604 593 2645 non
624 2599 681 2643 ut
702 2589 919 2643 domum
950 2597 1002 2641 et
1027 2586 1200 2640 locum
1233 2584 1342 2639 Deo
1368 2598 1488 2638 esse
1514 2584 1688 2652 suspi-

99 2685 275 2751 ceris,
304 2683 395 2739 sed
428 2690 486 2736 ut
512 2681 677 2751 magis
704 2681 977 2749 magisque
1002 2677 1099 2732 Dei
1130 2674 1686 2744 incomprehensibili-

101 2787 282 2832 tatem
329 2775 554 2831 ediscas.
608 2772 725 2829 ‘Sed
781 2785 952 2841 neque
1011 2770 1191 2837 dixit,
1239 2769 1436 2823 Lucem
1487 2766 1689 2822 habitat

101 2866 752 2938 inconiprebcnsibilem;
810 2878 996 2918 verum
1058 2860 1449 2916 inaccessibilem
1476 2900 1491 2923 ,
1547 2858 1693 2941 quon

102 2958 640 3029 ineomprehensibili
667 2958 819 3026 longe
862 2956 1029 3023 majus
1074 2963 1177 3009 est.
1227 2951 1689 3021 lncomprebensi-

100 3053 229 3107 bile
272 3062 498 3120 namque
536 3048 733 3102 dicitur
769 3045 909 3116 quod
949 3045 1325 3115 perquisitione
1357 3054 1411 3098 et
1447 3042 1691 3098 examine

103 3145 261 3198 facto
291 3140 666 3210 comprehendi
700 3139 917 3208 nequit:
956 3136 1318 3191 inacccssibile
1354 3144 1529 3190 autem
1562 3135 1689 3189 illud

105 3244 227 3300 est,
258 3233 398 3303 quod
421 3247 486 3286 ne
514 3230 806 3286 examinari
833 3229 1044 3299 quidem
1073 3243 1101 3281 a
1142 3227 1400 3296 principio
1438 3227 1607 3291 valet,
1638 3235 1693 3282 et

104 3326 187 3379 ad
232 3322 375 3393 quod
424 3336 581 3375 nemo
634 3322 848 3389 prepius
894 3318 1148 3372 accedere
1193 3327 1388 3387 potest.
1450 3318 1691 3386 Exempli

100 3430 306 3477 causa,
335 3410 867 3482 incumprehensibile
894 3410 1085 3464 dicitur
1105 3425 1254 3464 mare
1283 3451 1297 3475 ,
1330 3408 1381 3463 in
1412 3409 1551 3478 quod
1574 3423 1693 3463 sese

102 3507 472 3561 imminentes
499 3504 796 3556 urinatores
820 3540 835 3565 ,
879 3501 931 3553 in
968 3501 1298 3569 multamque
1327 3500 1529 3568 delapsi
1574 3515 1695 3568 pro.

102 3600 459 3660 funditatem,
484 3596 698 3650 fundum
719 3596 975 3664 attingere
997 3601 1264 3663 nequeunt
1286 3610 1299 3645 :
1330 3592 1695 3647 inaccessibile

102 3700 305 3745 autem
350 3688 406 3742 id
455 3686 841 3755 dicitur,quod
888 3701 955 3741 ne
990 3701 1019 3739 a
1070 3685 1325 3756 principio
1361 3685 1571 3755 quidem
1615 3687 1696 3740 in-

100 3781 340 3852 quirere
366 3789 457 3832 aut
483 3778 704 3831 scrutari
733 3777 922 3845 possis.

190 3871 249 3924 5.
280 3868 421 3923 Deus
446 3867 954 3939 incomprehensibilis
983 3866 1130 3919 etiam
1151 3867 1361 3937 angelis.
1377 3896 1445 3907 —
1470 3866 1603 3933 Quid
1629 3867 1696 3921 ad

101 3964 242 4017 haec
270 3960 470 4015 dixeris
506 3958 864 4013 inominibus
893 3967 1070 4022 certe,
1117 3958 1353 4026 inquies,
1392 3957 1694 4025 incompre-

102 4051 406 4110 hensibilis
432 4059 532 4114 est,
559 4049 760 4119 angelis
778 4064 887 4102 non
916 4049 1040 4103 item
1067 4089 1081 4112 ,
1109 4063 1280 4117 neque
1306 4049 1550 4116 superuis
1577 4048 1697 4102 Vir-

100 4144 351 4200 tutibus.
382 4141 462 4196 Tu
488 4154 613 4211 ergo
640 4140 855 4209 angelus
876 4154 945 4193 es
977 4180 992 4205 ,
1046 4139 1131 4193 dic
1158 4138 1284 4192 mihi
1313 4179 1329 4203 ,
1372 4148 1427 4193 et
1453 4140 1503 4192 in
1533 4140 1699 4193 ch0ro

98 4237 564 4303 incorporearum
592 4230 854 4284 Virtutum
884 4228 1293 4283 annumeraris?
1323 4245 1497 4283 nonne
1536 4229 1698 4283 homo

99 4343 175 4385 es
221 4335 280 4380 et
309 4323 545 4393 ejusdem
574 4322 726 4391 cujus
749 4335 847 4390 ego
873 4320 1181 4375 substantia:
1200 4361 1215 4385 ,
1245 4335 1311 4373 an
1336 4329 1540 4374 natura:
1560 4319 1699 4375 obli-

100 4430 211 4473 tus
235 4431 299 4471 es
324 4414 466 4469 tuae?
515 4415 776 4468 Ponamus
815 4414 955 4467 enim
1014 4428 1134 4466 eum
1174 4412 1476 4467 hominibus
1499 4421 1699 4467 tantum

104 4504 549 4565 inaccessibilem
595 4519 715 4559 esse
744 4520 758 4558 ;
789 4504 996 4559 etiamsi
1050 4503 1176 4557 illud
1216 4519 1315 4558 nec
1371 4504 1699 4573 prepositum

108 4604 217 4663 sit,
251 4614 352 4653 nec
380 4598 574 4653 dixerit
617 4597 811 4652 Paulus
847 4614 860 4651 :
892 4595 1088 4651 Lucem
1116 4596 1374 4650 inhabitat
1399 4596 1701 4651 hominibus

107 4690 572 4756 inaccessibilem,
603 4690 804 4759 angelis
831 4704 959 4743 vero
985 4704 1088 4742 non
1116 4688 1534 4743 iuaccessihilem
1560 4708 1575 4744 :
1606 4700 1700 4744 ve-

106 4800 246 4840 rum
278 4826 295 4849 ,
314 4784 368 4837 si
390 4784 562 4851 placet
593 4824 608 4847 ,
639 4781 855 4835 hoctibi
878 4781 1233 4835 concedamus
1257 4822 1273 4845 ,
1302 4797 1478 4834 annon
1509 4790 1564 4835 et
1589 4781 1702 4849 ipse

107 4878 290 4930 homo
312 4874 403 4928 es?
423 4872 579 4938 Quid,
610 4870 655 4925 si
683 4872 884 4941 angelis
908 4870 1294 4925 inaccessibilis
1320 4887 1423 4924 non
1442 4873 1518 4925 sit
1536 4872 1559 4925 ?
1574 4871 1700 4941 quid

108 4966 255 5019 illud
284 4964 353 5017 ad
383 4974 453 5029 te,
480 4964 570 5032 qui
590 4962 873 5016 contendis
893 4972 1053 5029 atque
1080 4960 1316 5015 afﬁrmas
1342 4962 1692 5015 substantiam

107 5059 275 5111 illam
325 5054 569 5108 humanae
610 5062 813 5106 naturre
864 5067 982 5106 esse
1023 5051 1590 5120 comprehensibilcm?
1634 5051 1704 5108 Ut

104 5162 258 5201 vero
280 5145 459 5199 discas
485 5158 588 5198 non
620 5142 924 5197 hominibus
950 5152 1149 5196 tantum
1174 5182 1190 5208 ,
1221 5142 1315 5197 sed
1337 5144 1496 5197 etiam
1524 5158 1704 5212 super-

106 5240 209 5293 nis
241 5236 537 5291 Virtutibus
581 5250 700 5290 esse
739 5235 1151 5289 inaccessibilem
1174 5275 1189 5300 ,
1234 5234 1356 5289 audi
1396 5234 1522 5305 quid
1548 5236 1705 5290 dicat

104 5329 339 5383 Isaias:
386 5326 571 5380 Isaiam
614 5325 798 5380 dicens
827 5366 841 5388 ,
886 5324 1115 5395 Spiritus
1150 5325 1465 5379 sententiam
1506 5325 1700 5393 eﬁ'ero;

100 5418 392 5491 propheta
438 5430 666 5486 namque
695 5432 761 5472 ex
803 5418 1111 5485 operatione
1156 5418 1381 5486 Spiritus
1426 5418 1699 5488 loquitur:

98 5510 181 5565 Et
214 5511 417 5579 factum
445 5518 679 5561 estanno
710 5548 723 5571 ,
755 5524 853 5575 quo
890 5517 1115 5561 mortuus
1136 5517 1222 5562 est
1267 5524 1357 5562 rex
1386 5508 1536 5563 Ozias
1560 5550 1575 5573 ,
1602 5510 1704 5564 uidi

98 5600 407 5655 Dominum
430 5600 680 5652 sedentem
702 5614 851 5669 super
871 5597 1107 5650 thronum
1120 5598 1365 5652 excelsum
1379 5609 1425 5652 et
1441 5600 1700 5667 eleuatum,

97 5705 154 5748 et
187 5692 477 5761 Serapbim
502 5692 701 5745 stabant
725 5690 778 5743 in
802 5691 1010 5743 circuitu
1050 5692 1161 5760 ejus
1192 5728 1208 5754 ,
1255 5706 1344 5744 sea:
1369 5692 1465 5745 alte
1492 5693 1577 5745 uni
1606 5732 1620 5756 ,
1656 5703 1704 5747 et

99 5803 207 5844 se:
235 5786 344 5842 alte
365 5784 531 5855 alteri,
560 5793 605 5838 et
629 5782 820 5837 duabus
847 5780 1043 5853 quidem
1065 5781 1356 5837 obvelabant
1382 5784 1536 5853 [acies
1561 5800 1698 5851 suas,

1032 334 1120 426 ne
1159 367 1828 425 lNCOMPREHENSlBlLI
1872 368 1979 425 DEI
2022 369 2321 429 uarum.
2361 373 2444 431 lli.

3174 384 3177 385 ⁷
3257 381 3359 436 7'22

1789 493 1834 534 et
1856 482 2048 537 duabus
2075 486 2223 552 pedes
2248 485 2400 553 (Isai.
2427 488 2479 544 6.
2510 486 2562 544 Ι.
2592 489 2671 563 2).
2700 490 2813 558 Dic,
2843 508 3043 564 quisse,
3074 508 3169 549 cur
3194 497 3358 551 obve-

1785 574 1895 629 lant
1923 577 2083 632 l'acies
2108 592 2255 642 suas,
2288 582 2503 651 alasque
2535 587 2873 653 praetendunt
2899 588 3055 643 'lCur
3074 631 3089 657 ,
3118 590 3352 660 inquam.

1788 667 1888 720 nisi
1916 668 2037 736 quia
2066 668 2241 740 fulgur
2273 686 2304 725 e
2342 670 2532 728 throno
2561 678 2905 745 progrediens
2931 680 3212 751 radiosque
3238 682 3357 738 illos

1785 754 1926 813 ferre
1959 774 2064 812 non
2096 762 2357 828 possunt?
2381 761 2706 835 Quamquam
2744 782 2848 821 non
2876 770 3047 840 ipsum
3076 772 3192 826 sine
3214 780 3356 827 tem-

1787 858 2098 917 peramento
2127 849 2338 918 lumen,
2374 868 2543 924 neque
2568 854 2739 924 ipsam
2778 872 2965 927 puram
3006 862 3353 917 substantiam

1782 939 2038 995 videbant
2064 984 2080 1008 ,
2128 942 2223 997 sed
2265 958 2383 1013 quae
2427 945 2745 1003 videbantur
2788 958 3132 1023 attemperata
3178 969 3350 1011 erant.

1785 1030 1921 1097 Quid
1966 1042 2141 1085 autem
2195 1043 2279 1088 est
2332 1034 2419 1089 illa
2465 1039 2887 1108 attemperatio?
2927 1042 3150 1109 Quando
3213 1045 3355 1103 Deus

1784 1138 1888 1177 non
1918 1125 2054 1179 sicut
2081 1133 2163 1180 est
2190 1136 2426 1196 apparet,
2458 1130 2551 1184 sed
2577 1130 2641 1185 ad
2666 1131 2878 1189 modum
2900 1134 3037 1204 ejus,
3064 1137 3151 1206 qui
3182 1120 3352 1208 ipsum

1781 1216 1993 1271 visurus
2020 1228 2121 1281 est,
2143 1232 2261 1273 sese
2284 1229 2596 1290 attemperat
2620 1264 2635 1289 ,
2657 1224 3052 1299 videndumque
3077 1230 3354 1286 inﬁrmita-

1787 1306 1823 1360 ti
1854 1321 1973 1362 sese
1993 1309 2375 1365 accommodat.
2404 1311 2553 1379 Quod
2570 1324 2744 1369 autem
2759 1323 3353 1389 perattemperatiouem

1787 1398 1956 1463 ﬁeret,
1987 1414 2050 1454 ex
2079 1400 2208 1469 ipsis
2234 1402 2410 1457 verbis
2439 1404 2609 1471 palam
2644 1417 2724 1461 est
2749 1425 2762 1462 :
2790 1424 2909 1463 nam
2939 1412 3012 1465 ait
3039 1452 3054 1477 ,
3106 1412 3215 1467 Vidi
3250 1415 3353 1468 Do-

1784 1490 1975 1541 minum
2008 1490 2258 1543 sedentem
2295 1508 2445 1562 super
2487 1494 2721 1549 thronum
2746 1501 2991 1555 excelsum
3019 1511 3064 1556 et
3090 1504 3351 1560 eleuatum.

1786 1575 1926 1633 Deus
1950 1589 2129 1635 autem
2170 1595 2277 1635 non
2314 1583 2495 1649 sedet,
2519 1588 2755 1655 corporis
2781 1591 2923 1645 enim
2966 1590 3051 1647 hic
3074 1593 3207 1648 situs
3232 1605 3351 1663 est;

1785 1686 1941 1739 super
1970 1672 2202 1725 thmnum
2226 1688 2245 1737 ;
2268 1682 2324 1728 at
2347 1676 2484 1730 Deus
2511 1678 2563 1731 in
2604 1679 2795 1733 throno
2821 1683 3080 1738 contineri
3125 1689 3303 1757 nequit
3335 1732 3350 1755 ,

1786 1775 1982 1815 numen
2009 1763 2201 1831 quippe
2224 1764 2736 1837 incircumscriptum
2776 1781 2875 1826 est.
2908 1763 3151 1829 Attamen
3174 1779 3249 1831 sic
3271 1788 3355 1833 at-

1780 1860 2135 1921 temperatum
2154 1854 2296 1910 ferre
2319 1872 2423 1912 non
2453 1869 2697 1927 poterant
2723 1904 2736 1925 ,
2764 1880 3082 1935 quamquam
3112 1874 3351 1938 proxime

1780 1952 1986 1997 starent
2021 1961 2033 1997 :
2071 1944 2340 2016 Seraphim
2367 1952 2508 2003 enim
2536 1952 2733 2005 stabant
2758 1955 2809 2008 in
2833 1956 3041 2011 circuitu
3062 1962 3189 2029 ejus.
3232 1964 3357 2019 Ideo

1789 2046 1918 2086 vero
1949 2035 2175 2091 maxime
2194 2039 2373 2094 videre
2403 2056 2505 2095 non
2537 2052 2806 2111 poterant,
2846 2050 2965 2117 quia
2994 2066 3159 2121 prope
3184 2068 3354 2110 eram.

1784 2120 1958 2191 PrOpe
1986 2134 2185 2191 autem,
2216 2128 2403 2196 inquit,
2427 2145 2531 2185 non
2564 2132 2715 2199 loco;
2745 2136 2837 2190 sed
2862 2154 2983 2193 cum
3009 2120 3168 2197 vellet
3188 2143 3363 2214 Spiri-e

1788 2220 1873 2265 tus
1888 2223 2109 2270 sanctus
2137 2216 2405 2272 declarare
2432 2261 2446 2286 ,
2480 2220 2596 2276 illas
2629 2222 2861 2281 Virtutes
2886 2230 2985 2283 etsi
3018 2233 3359 2304 prepinquio-

1789 2315 1876 2357 res
1919 2304 2074 2357 nobis
2116 2318 2293 2361 essent
2321 2309 2392 2362 illi
2437 2310 2778 2377 substantias,
2827 2332 2931 2371 non
2972 2329 3147 2377 tamen
3191 2324 3359 2393 ipsam

1786 2391 1969 2447 videre
1988 2395 2244 2461 potuisse,
2278 2398 2477 2454 idcirco
2509 2402 2624 2457 ait:
2657 2404 2929 2475 Seraphim
2962 2412 3158 2465 stabant
3185 2391 3236 2467 in
3256 2416 3360 2470 cir-

1789 2485 1925 2537 cuitu
1949 2487 2092 2555 ejus;
2116 2504 2218 2542 non
2243 2489 2414 2545 locum
2444 2493 2706 2561 indicans,
2737 2500 2831 2553 sed
2852 2501 2951 2555 loci
2975 2510 3362 2574 propinquitate

1789 2580 2065 2646 propiores
2090 2581 2223 2646 illas,
2245 2599 2401 2653 quam
2430 2602 2527 2642 nos
2545 2627 2562 2653 ,
2583 2604 2702 2644 esse
2727 2591 3020 2648 declamas.
3055 2595 3358 2668 lncompre-

1792 2669 2113 2729 bensibilem
2145 2677 2285 2729 enim
2309 2678 2480 2746 illum,
2513 2697 2618 2735 non
2647 2692 2751 2736 tam
2768 2686 3017 2740 novimus
3041 2704 3171 2754 nos,
3202 2706 3359 2759 quam

1791 2764 1894 2816 illae
1916 2764 2169 2832 Virtutes,
2195 2784 2312 2836 qua:
2339 2782 2537 2840 quanto
2558 2775 2824 2841 puriores,
2854 2785 3001 2832 tanto
3015 2781 3364 2848 sapientiores

1791 2861 1846 2906 et
1872 2855 2281 2924 perspicaciores
2324 2859 2549 2914 humana
2593 2873 2781 2920 natura
2819 2877 2960 2921 sunt.
3005 2869 3362 2937 Quemadmo-

1792 2943 1914 2997 dum
1941 2946 2082 2999 enim
2110 2948 2358 3002 solarium
2402 2952 2665 3006 radiorum
2707 2956 3215 3016 inaccessibilitatem
3258 2979 3360 3018 non

1794 3035 2010 3102 perinde
2029 3050 2203 3092 caecus
2230 3048 2387 3109 atque
2414 3041 2458 3095 is
2487 3043 2575 3111 qui
2604 3044 2744 3098 videt
2771 3062 2961 3113 capere
2990 3057 3182 3118 potest,
3213 3052 3279 3105 ita
3311 3065 3365 3108 et

1792 3124 1889 3179 Dei
1940 3126 2622 3196 incomprehensibilitatem
2662 3151 2764 3188 non
2808 3139 3027 3208 perinde
3066 3156 3162 3195 nos
3204 3153 3364 3213 atque

1795 3216 1898 3270 illae
1929 3218 2191 3273 novimus.
2222 3220 2484 3286 Quantum
2528 3227 2669 3279 enim
2715 3227 2998 3284 discrimen
3040 3241 3123 3285 est
3164 3247 3363 3288 caecum

1797 3310 1933 3364 inter
1956 3322 2010 3365 et
2040 3312 2300 3368 videntem
2326 3356 2341 3379 ,
2376 3326 2519 3370 tanta
2560 3330 2641 3373 est
2671 3321 2809 3374 inter
2838 3337 2931 3375 nos
2976 3332 3030 3377 et
3056 3325 3172 3379 illas
3211 3326 3364 3381 diﬁ‘e-

1795 3403 1980 3454 rentia.
2011 3402 2194 3472 itaque
2220 3405 2339 3460 licet
2360 3408 2670 3477 prophetam
2699 3411 2886 3465 audias
2914 3412 3213 3479 dicentem,
3251 3413 3366 3469 Vidi

1797 3490 2163 3555 Dominum,ne
2188 3498 2470 3566 suspiceris
2488 3515 2607 3552 eum
2632 3499 3181 3558 vidissesubsmntiam
3200 3504 3364 3571 illam,

1797 3584 1889 3637 sed
1928 3588 2326 3653 attemperantis
2367 3604 2427 3642 se
2468 3590 2687 3642 formam
2719 3631 2735 3656 ,
2783 3607 3004 3661 eamque
3041 3595 3318 3649 obscurius
3347 3637 3362 3661 ,

1798 3692 1955 3744 quam
1997 3693 2239 3747 supernae
2273 3680 2505 3734 Virtutes
2551 3693 2809 3736 cernant:
2844 3699 2947 3739 non
2988 3694 3189 3740 tantum
3223 3687 3367 3742 enim

1800 3770 1977 3823 videre
2009 3772 2193 3838 potuit,
2221 3781 2473 3840 quantum
2510 3773 2817 3828 Cherubim.

1870 3862 1923 3915 4.
1969 3861 2133 3915 Homo
2162 3879 2224 3916 ne
2261 3864 2424 3933 angeli
2460 3865 2659 3932 quidem
2686 3863 3013 3918 substantiam
3037 3867 3185 3936 facile
3205 3866 3370 3921 uidere

1801 3960 1977 4021 potest.
1999 3982 2071 3992 —
2098 3953 2295 4022 Ecquid
2316 3954 2437 4007 dico
2450 3954 2517 4008 de
2542 3954 2691 4008 beata
2717 3955 2803 4009 illa
2824 3955 3136 4023 substantia,
3159 3959 3368 4027 quando

1802 4058 1870 4097 ne
1894 4044 2065 4113 angeli
2095 4044 2306 4113 quidem
2333 4045 2677 4100 substantiam
2706 4054 2880 4115 potest
2908 4047 3069 4101 homo
3096 4047 3264 4104 libere
3289 4050 3368 4104 vi-

1801 4136 1966 4191 dere?
2008 4136 2157 4202 Quod
2186 4146 2244 4190 ut
2283 4138 2354 4191 ita
2390 4151 2510 4192 esse
2538 4137 2875 4208 intelligatis,
2905 4139 3072 4194 virum
3113 4140 3166 4195 in
3192 4142 3371 4197 medio

1801 4229 2059 4283 adducam
2092 4229 2183 4283 Dei
2212 4228 2459 4292 amicum,
2485 4229 2576 4298 qui
2600 4228 2671 4285 ob
2705 4229 3014 4298 sapientiam
3041 4230 3371 4300 etjustitiam

1802 4320 1992 4374 ﬁducia
2034 4330 2149 4373 erat
2184 4319 2434 4389 praeditus
2464 4334 2672 4388 magna,
2712 4321 2906 4390 quippe
2930 4322 3179 4390 praeclara
3206 4324 3370 4379 multa

1802 4413 1904 4466 alia
1936 4410 2124 4465 fecisse
2154 4419 2413 4473 narratur,
2439 4421 2682 4466 sanctum
2707 4411 2952 4466 videlicet
2978 4412 3282 4479 Danielem;
3313 4424 3371 4471 ut

1802 4510 2077 4572 postquam
2110 4501 2259 4555 illum
2290 4501 2577 4567 inﬁrmum,
2600 4501 2850 4568 solutum,
2870 4514 2927 4558 et
2951 4502 3279 4571 deﬁcientem
3305 4521 3373 4562 ex

1803 4596 1972 4665 angeli
2004 4596 2282 4664 praesentia
2311 4594 2474 4650 fuisse
2494 4605 2883 4663 monstravero,
2898 4613 3056 4652 nemo
3073 4608 3222 4668 putet
3248 4616 3372 4655 eum

1806 4696 2140 4754 peccatorum
2193 4694 2250 4739 et
2290 4700 2464 4755 prava:
2489 4685 2824 4740 conscientiae
2850 4702 3007 4742 causa
3038 4689 3124 4743 illa
3150 4705 3372 4760 passum

1805 4791 1958 4841 esse;
1988 4776 2081 4831 sed
2107 4776 2463 4830 demonstrata
2486 4776 2600 4845 ejus
2616 4779 2776 4831 animi
2801 4778 3013 4847 ﬁducia,
3042 4781 3152 4850 ipsa
3171 4792 3375 4837 naturas

1806 4868 2083 4923 inﬁrmitas
2111 4868 2305 4923 clarius
2323 4868 2715 4936 comprobetur.
2749 4869 2845 4924 llic
2866 4870 3042 4939 itaque
3069 4873 3247 4927 Daniel
3278 4874 3375 4926 tri-

1806 4961 1905 5015 bus
1926 4960 2621 5030 bebdomadibusjejunavit
2653 4959 2811 5032 (Dan.
2841 4962 2927 5017 lO.
2960 4964 3015 5033 5)
3036 5004 3049 5028 ,
3079 4979 3374 5034 panemque

1806 5053 2205 5108 desiderabilem
2236 5067 2338 5106 non
2379 5052 2608 5107 comedit
2636 5094 2652 5119 ,
2684 5069 2856 5122 neque
2881 5054 3057 5109 vinum
3081 5097 3097 5121 ,
3130 5071 3257 5110 caro
3283 5068 3374 5113 aut

1807 5144 1973 5197 sicem
2000 5143 2240 5196 introivit
2268 5143 2319 5195 in
2345 5157 2404 5196 os
2431 5142 2550 5210 ejus
2574 5183 2589 5207 ,
2619 5158 2786 5212 neque
2812 5144 3060 5199 unctione
3098 5160 3223 5199 usus
3257 5158 3371 5202 est:

1807 5244 1861 5289 et
1885 5245 2009 5289 tunc
2032 5234 2115 5287 illa
2142 5233 2343 5286 visione
2363 5232 2602 5302 dignatus
2632 5241 2732 5297 est,
2760 5248 2880 5287 cum
2906 5234 3080 5288 anima
3101 5236 3214 5304 ejus
3234 5250 3375 5294 esset

1807 5325 1872 5378 ad
1912 5325 2069 5378 talem
2108 5323 2605 5392 contemplationem
2643 5323 2814 5392 aptior
2838 5366 2852 5388 ,
2880 5323 3082 5393 jejunio
3113 5326 3278 5381 levior
3323 5338 3378 5383 et

1808 5414 2132 5483 spiritualior
2172 5412 2377 5467 elfecta.
2422 5412 2556 5478 Quid
2606 5412 2766 5481 igitur
2810 5414 2927 5467 ait?
2974 5412 3160 5469 Levavi
3201 5418 3375 5472 oculos

1808 5522 1944 5561 meos
1970 5516 2015 5561 et
2039 5505 2160 5571 vidi,
2190 5515 2238 5560 et
2265 5521 2375 5558 ecce
2398 5508 2473 5557 uir
2502 5506 2701 5559 vestitus
2730 5505 2915 5561 baddin
2935 5548 2949 5571 ,
2977 5506 3078 5563 hoc
3098 5521 3199 5576 est,
3228 5522 3378 5566 veste

1809 5613 1978 5661 sacra,
2002 5608 2047 5651 et
2074 5613 2212 5650 rencs
2241 5598 2349 5665 ejus
2376 5597 2587 5649 accincti
2611 5613 2735 5650 auro
2761 5597 2940 5667 Ophaz
2973 5609 3020 5652 et
3059 5616 3242 5668 corpus
3270 5602 3378 5670 ejus

1809 5691 1953 5760 quasi
1975 5688 2185 5742 Tharsis
2204 5729 2217 5750 ,
2243 5696 2288 5740 et
2329 5687 2491 5740 uultus
2518 5688 2627 5758 ejus
2653 5690 2796 5757 quasi
2820 5691 2943 5743 visio
2964 5691 3179 5760 fulguris
3202 5732 3215 5751 ,
3243 5693 3377 5745 oculi

1812 5784 1920 5852 ejus
1958 5781 2102 5853 quasi
2129 5779 2386 5850 lampades
2430 5779 2595 5849 ignis;
2633 5780 2836 5836 brachia
2875 5782 2984 5853 ejus
3007 5792 3056 5836 et
3083 5798 3229 5836 crura
3271 5785 3379 5851 ejus
