3926 6256
541 336 651 391 793

542 449 685 518 quasi
713 446 836 502 visio
861 447 976 501 teris
1003 443 1258 517 fulgentis,
1289 458 1386 499 vos:
1411 459 1696 499 sermonum
1731 443 1840 513 ejus
1862 441 2008 512 quasi
2031 456 2127 494 vos;

543 542 897 596 multitudinis.
931 539 997 593 Et
1027 556 1118 611 ego
1154 540 1293 594 solus
1319 539 1423 592 uidi
1466 539 1706 593 visionem
1752 538 1903 592 hanc.
1961 535 2127 590 Porro

540 637 624 706 qui
655 643 798 688 erant
826 649 1020 687 mecum
1045 648 1146 685 non
1190 630 1417 684 viderunt
1442 671 1458 697 ,
1501 630 1588 684 sed
1615 639 1793 697 stupor
1817 643 2031 699 magnus
2053 628 2127 680 ir-

539 728 641 782 ruit
665 742 816 796 super
839 742 922 779 eos
946 767 961 791 ,
1014 733 1060 778 et
1107 727 1342 795 fugerunt
1366 723 1418 775 in
1448 722 1654 786 timore,
1696 731 1742 773 et
1764 736 1864 773 non
1889 719 2128 772 remansit

540 823 592 874 in
621 837 700 874 me
739 819 976 890 fortitudo
1017 833 1035 871 :
1077 827 1122 870 et
1163 817 1325 888 gloria
1373 831 1483 868 mea
1536 828 1772 866 conversa
1821 820 1892 864 est
1928 810 1981 863 in
2014 825 2128 862 cor-

541 914 825 983 ruptionem
855 913 872 980 (
905 909 1043 963 Dan.
1078 910 1163 966 10.
1188 908 1302 964 5-8
1332 906 1374 978 ).
1415 906 1551 972 Quid
1601 913 1685 959 est
1723 902 1852 957 illud
1887 944 1901 968 ,
1951 901 2126 955 Gloria

541 1026 652 1062 utea
720 1022 957 1061 conversa
1009 1013 1080 1058 est
1127 1003 1179 1055 in
1205 998 1622 1069 corruptionem?
1676 995 1966 1050 Formosus
2011 1001 2126 1048 erat

538 1102 884 1158 adolescens:
916 1098 1037 1169 quia
1069 1097 1226 1166 igitur
1258 1095 1415 1148 timor
1440 1091 1614 1161 angeli
1637 1088 1915 1159 praisentis
1941 1085 2123 1142 eﬁ‘ccit

539 1203 619 1259 ut,
651 1189 1034 1261 exspirantium
1064 1201 1212 1240 more
1235 1226 1252 1252 ,
1298 1183 1471 1253 pallor
1499 1180 1695 1236 nimius
1712 1178 1906 1248 speciei
1937 1179 2124 1231 liorem

541 1285 824 1352 vultusque
856 1281 1091 1335 nativum
1119 1277 1355 1331 colorem
1380 1273 1772 1342 exstingueret,
1800 1269 1920 1324 ideo
1945 1267 2077 1322 dixit
2104 1307 2119 1333 ,

541 1374 718 1430 Gloria
747 1389 856 1426 mea
881 1385 1118 1424 conversa
1140 1378 1212 1421 est
1236 1369 1290 1420 in
1314 1365 1705 1434 corruptionem.
1738 1360 1889 1415 Sicut
1929 1359 2072 1414 enim
2101 1399 2117 1424 ,

539 1466 627 1521 ubi
653 1465 833 1534 auriga
858 1461 1171 1532 perterritus
1198 1457 1432 1512 habenas
1451 1454 1649 1517 amisit,
1677 1453 1798 1521 equi
1822 1449 2121 1520 praecipites

538 1558 799 1622 feruntur,
816 1565 869 1611 et
887 1570 1074 1610 currus
1095 1552 1332 1607 funditus
1357 1547 1613 1603 evertitur
1645 1563 1659 1601 :
1689 1545 1766 1600 sic
1784 1555 1839 1599 et
1864 1545 1916 1598 in
1945 1543 2122 1598 anima

539 1653 653 1706 ﬁeri
697 1650 865 1715 solet,
911 1645 1123 1717 quando
1166 1653 1384 1714 stupore
1428 1650 1482 1696 et
1531 1639 1771 1710 angustia
1817 1637 2118 1693 detinetur:

536 1741 817 1814 perterrita
843 1739 1038 1810 quippe
1060 1780 1074 1804 ,
1109 1750 1339 1806 suasque
1363 1733 1702 1805 operationes
1731 1741 2000 1801 tamquam
2022 1729 2121 1784 ha-

536 1838 699 1893 benas
724 1851 755 1890 a
781 1833 1001 1904 singulis
1026 1831 1268 1900 corporis
1297 1828 1543 1885 sensibus
1575 1825 1822 1881 auferens
1844 1866 1857 1890 ,
1881 1825 2121 1880 membra

535 1930 600 1986 iis
624 1942 785 1982 vacua
829 1926 1102 1994 relinquit.
1125 1922 1248 1976 Haec
1275 1935 1434 1990 porro
1463 1961 1478 1987 ,
1525 1919 1573 1974 vi
1615 1918 1702 1972 illa
1729 1933 1788 1973 se
1813 1917 2122 1972 continente

532 2023 804 2082 destituta,
833 2017 1086 2073 deﬁciunt
1112 2024 1167 2069 et
1187 2020 1438 2069 corruunt
1470 2009 1647 2080 :quod
1682 2019 1736 2064 et
1766 2007 1968 2063 Danieli
1993 2017 2122 2062 tunc

535 2111 749 2169 accidit.
777 2108 914 2178 Quid
947 2107 1105 2177 igitur
1129 2103 1388 2174 angelus?
1429 2101 1598 2172 Erigit
1627 2099 1774 2154 illum
1800 2107 1855 2154 et
1881 2098 1982 2152 ait:
2011 2095 2121 2150 Da-

535 2203 636 2257 niel
665 2244 680 2265 ,
702 2202 778 2255 vir
804 2198 1168 2253 desideriorum
1189 2235 1204 2258 ,
1231 2193 1454 2263 iutellige
1476 2191 1623 2245 verba
1647 2231 1662 2256 ,
1691 2204 1806 2259 quae
1832 2205 1922 2258 ego
1944 2187 2121 2258 loquor

535 2296 602 2349 ad
631 2306 696 2362 te,
719 2302 767 2348 et
790 2303 868 2348 sta
891 2292 945 2345 in
973 2289 1135 2361 gradu
1159 2298 1246 2342 tuo
1267 2328 1283 2352 ,
1315 2287 1434 2356 quia
1461 2300 1594 2339 nunc
1624 2283 1806 2336 missus
1843 2297 1955 2336 sum
1984 2280 2052 2333 ad
2075 2289 2121 2334 te

539 2386 712 2457 (Ibid.
743 2385 857 2439 v.11
897 2383 937 2454 ).
964 2381 1059 2436 Ille
1107 2394 1235 2436 vero
1281 2376 1428 2432 stetit
1475 2386 1729 2430 tremens.
1764 2373 1832 2428 Et
1879 2386 2000 2426 cum
2039 2371 2119 2424 in-

534 2479 767 2549 cepisset
803 2475 1022 2546 angelus
1048 2471 1246 2542 alloqui
1272 2485 1393 2525 eum
1433 2483 1497 2523 ac
1536 2460 1782 2532 diceret,
1826 2463 1873 2518 Α
1896 2463 1979 2518 die
2019 2479 2120 2534 qua

543 2572 762 2629 statuisti
781 2580 836 2624 ut
861 2569 1100 2640 afﬂigens
1127 2582 1214 2620 cor
1240 2574 1384 2618 tuum
1405 2562 1458 2616 in
1482 2568 1749 2628 conspectu
1779 2555 1875 2610 Dei
1898 2597 1913 2623 ,
1943 2555 2119 2609 audita

535 2675 653 2721 sunt
679 2664 826 2718 verba
854 2668 1050 2714 tua:et
1093 2674 1185 2728 ego
1222 2655 1335 2710 ueni
1375 2654 1429 2708 in
1469 2652 1630 2706 verbis
1657 2650 1756 2704 tuis
1792 2647 1898 2719 (Ib.
1929 2663 1976 2700 υ.
2002 2644 2116 2717 12);

530 2773 742 2815 rursum
757 2753 954 2810 decidit
977 2751 1029 2806 in
1057 2758 1273 2809 terram,
1305 2755 1362 2801 ut
1384 2745 1562 2800 animo
1581 2741 1892 2798 deﬁcientes
1919 2738 2114 2795 solent.

528 2848 988 2922 Quemadmodum
1034 2845 1179 2901 enim
1220 2843 1294 2897 illi
1327 2840 1494 2898 erecti
1520 2849 1573 2894 et
1601 2840 1652 2893 in
1679 2853 1738 2892 se
1766 2835 2001 2902 reversi,
2032 2848 2118 2888 re-

530 2945 924 3017 spicientesque
961 2946 1057 2996 eos
1095 2941 1184 3008 qui
1220 2951 1282 2991 se
1328 2934 1593 2990 sustinent
1638 2931 1930 2999 faciemque
1964 2942 2114 2982 suam

529 3056 665 3111 aqua
687 3037 873 3109 frigida
903 3037 1233 3105 inspergunt,
1267 3032 1319 3086 in
1347 3030 1475 3101 ipsis
1500 3045 1561 3085 se
1589 3027 1965 3083 sustinentium
1993 3039 2112 3079 ma-

529 3133 685 3185 nibus
717 3142 862 3197 smpe
887 3125 1178 3181 deﬁciunt:
1206 3122 1278 3176 ita
1315 3130 1368 3176 et
1395 3120 1668 3190 pr0phetae
1715 3117 1955 3186 contigit.
1985 3115 2114 3170 Ani-

530 3236 648 3276 ntus
676 3231 902 3288 namque
932 3213 1247 3286 perterritus
1274 3210 1607 3282 pratsentiam
1633 3207 1876 3264 conservi
1900 3207 1980 3262 sui
2009 3220 2116 3262 non

529 3313 706 3367 terens
733 3351 748 3376 ,
793 3323 964 3378 neque
1002 3304 1343 3375 splendorem
1387 3301 1534 3357 illum
1579 3301 1844 3355 sustinere
1892 3297 2112 3364 valens,

528 3402 964 3466 conturbabatur,
1011 3413 1040 3452 a
1072 3397 1248 3452 carnis
1276 3394 1491 3449 vinculo
1526 3403 1794 3462 tamquam
1846 3406 1878 3446 a
1925 3400 2111 3445 catena

528 3513 647 3553 sese
673 3495 923 3566 expedire
942 3491 1221 3546 festinans.
1251 3487 1449 3543 Verum
1478 3485 1568 3540 ille
1593 3485 1770 3539 adhuc
1797 3483 2112 3539 continebat

527 3593 697 3648 illum.
747 3587 980 3643 Audiant
1029 3583 1064 3638 ii
1104 3580 1196 3652 qui
1237 3579 1563 3650 Angelorum
1593 3577 1877 3632 Dominum
1904 3576 2114 3630 curiose

525 3689 858 3738 scrutantur.
895 3674 1076 3732 Daniel
1103 3714 1117 3737 ,
1164 3686 1321 3742 quem
1348 3670 1485 3726 oculi
1515 3669 1726 3724 leonum
1756 3667 1968 3722 reveriti
1999 3665 2113 3720 fut..-

528 3782 679 3838 rant;
713 3770 916 3833 Daniel,
944 3768 1034 3838 qui
1063 3767 1114 3821 in
1140 3763 1376 3819 humano
1401 3777 1626 3832 corpore
1655 3775 1716 3814 ea
1749 3760 1925 3814 facere
1962 3767 2110 3827 pote-

527 3875 610 3920 rat
629 3878 748 3934 qnaa
770 3860 1038 3915 hominem
1064 3863 1339 3925 superant,
1369 3853 1614 3908 conservi
1643 3851 1983 3920 praesentiam
2004 3863 2108 3902 non

527 3957 647 4011 tulit
672 3997 688 4021 ,
730 3951 823 4008 sed
875 3950 1210 4006 exanimatus
1242 3939 1479 4016 'jacebat.
1529 3942 1722 3996 Eversa
1769 3952 1883 3995 sunt
1922 3942 2062 3994 enim
2093 3981 2108 4006 ,

527 4047 719 4116 inquit,
750 4044 990 4097 interiora
1014 4056 1124 4092 mea
1146 4039 1201 4092 in
1227 4037 1416 4092 visione
1443 4051 1572 4099 mea,
1601 4044 1646 4085 et
1668 4033 1874 4101 spiritus
1902 4049 2000 4086 non
2026 4049 2110 4086 re-

529 4141 674 4194 lictus
699 4146 770 4189 est
798 4135 851 4187 in
872 4129 1124 4200 me(Ibid.
1157 4143 1206 4182 υ.
1227 4128 1317 4182 16.
1347 4125 1457 4196 17).
1486 4125 1585 4191 Qui
1612 4138 1740 4177 vero
1767 4138 1796 4176 a
1821 4123 1946 4191 justi
1971 4122 2111 4176 illius

528 4231 723 4282 virtute
753 4235 956 4278 tantum
987 4221 1188 4276 distant
1213 4218 1380 4287 ipsam
1433 4215 1525 4270 Dei
1565 4213 1915 4268 substantiam
1943 4226 2001 4266 se
2031 4211 2112 4265 di-

528 4318 875 4390 ligenlissime
913 4329 1071 4368 nosse
1111 4311 1460 4382 proﬁtentur;
1514 4305 1658 4360 illam
1691 4305 1897 4359 scilicet
1919 4319 2108 4372 supre-

528 4426 668 4468 mam
707 4417 762 4463 et
807 4407 1074 4477 primam,
1120 4417 1238 4472 qua:
1281 4400 1556 4455 innumera
1600 4395 1905 4465 angelorum
1947 4394 2110 4449 millia

528 4501 777 4574 produxit
806 4541 820 4565 ,
871 4511 1099 4569 quorum
1133 4509 1294 4550 unum
1326 4489 1507 4546 Daniel
1537 4489 1847 4558 conspicere
1875 4502 1978 4542 non
2013 4501 2108 4556 po-

528 4599 646 4652 tuit.

600 4693 652 4746 5.
688 4690 822 4744 Deus
847 4685 1043 4742 etiamsi
1085 4700 1137 4739 se
1162 4686 1451 4751 attemperet
1469 4720 1484 4745 ,
1516 4695 1548 4730 a
1577 4676 1804 4748 supernis
1831 4673 2110 4728 Virtutibus

525 4784 684 4841 uideri
713 4782 898 4854 nequit.
924 4808 996 4819 —-
1020 4776 1124 4832 Sed
1147 4775 1210 4829 ad
1231 4773 1505 4844 pristinum
1530 4769 1853 4840 propositum
1877 4776 2109 4822 reverta-

529 4894 668 4942 mur,
684 4872 1134 4937 ostendamusque
1148 4880 1244 4920 nec
1261 4881 1288 4918 a
1305 4862 1552 4932 supernis
1564 4859 1859 4914 Virtutibus
1875 4855 2107 4926 conspici

525 4983 683 5040 posse
709 4965 875 5018 Deum
900 5002 916 5029 ,
949 4957 1156 5015 etiamsi
1186 4970 1306 5011 sese
1323 4960 1654 5022 attempt-ret.
1683 4949 1791 5004 Cur
1814 4948 1956 5003 enim
1975 4989 1989 5013 ,
2021 4947 2108 5002 dic

528 5060 679 5123 mihi,
702 5057 816 5112 alas
844 5050 1176 5124 praetendunt
1199 5045 1514 5117 Seraphim?
1536 5042 1686 5097 Nulla
1709 5041 1810 5094 alia
1837 5040 1903 5093 de
1923 5053 2103 5102 causa,

525 5168 682 5225 quam
713 5159 771 5204 ut
797 5147 922 5204 illud
946 5144 1292 5216 apostolicum
1314 5181 1329 5203 ,
1357 5138 1459 5206 Qui
1485 5138 1646 5191 lucem
1668 5134 1857 5187 habitat
1880 5134 2106 5186 inacces-

525 5248 719 5302 sibilem
748 5243 827 5312 (1.
856 5241 989 5294 Tim.
1021 5239 1074 5293 6.
1109 5234 1215 5308 16)
1239 5278 1252 5299 ,
1286 5231 1417 5304 ipsis
1442 5229 1693 5301 Operibus
1733 5227 2064 5297 proclament
2089 5243 2103 5278 :

527 5353 701 5407 neque
725 5335 812 5389 illa
840 5335 1010 5388 solum
1035 5373 1050 5395 ,
1080 5329 1173 5385 sed
1196 5328 1356 5382 etiam
1380 5325 1481 5378 illis
1504 5321 1774 5392 superiora
1795 5317 2104 5374 Cherubim.

528 5430 620 5484 the
649 5427 844 5498 quippe
861 5423 1098 5478 Virtutes
1122 5435 1287 5490 prope
1317 5427 1492 5480 stant;
1521 5415 1624 5468 illa:
1644 5427 1771 5468 vero
1793 5412 1965 5466 throni
1987 5421 2108 5466 sunt

530 5522 624 5577 Dei
653 5522 670 5551 ¹
707 5537 720 5574 :
753 5534 857 5572 non
885 5516 1022 5586 quod
1054 5515 1245 5570 throno
1275 5513 1414 5567 Deus
1437 5519 1607 5580 egeat,
1639 5507 1734 5562 sed
1775 5516 1829 5560 ut
1863 5504 1964 5560 hoc
1987 5504 2105 5560 Vir-

593 5634 608 5666 ¹
645 5639 752 5682 Post
775 5629 896 5688 hzec,
918 5626 1019 5679 illa:
1043 5638 1152 5676 vero
1187 5619 1347 5688 throni
1379 5627 1486 5688 sunt
1513 5615 1618 5670 Dei.
1644 5619 1707 5687 in_
1724 5615 1818 5666 alio
1846 5617 2066 5679 sequitur
2090 5629 2103 5688 :_

532 5707 585 5744 In
608 5679 854 5756 scriptura
874 5679 1014 5756 enim
1036 5701 1138 5738 mos
1156 5694 1225 5737 est
1244 5684 1356 5736 illas
1373 5684 1595 5731 thronum
1623 5679 1708 5756 Dei
1725 5692 1916 5756 tiocare,
1939 5691 2032 5756 non
2054 5685 2106 5756 ut

525 5739 758 5809 iii-57m};
771 5739 1024 5817 intelligas,
1061 5763 1172 5799 nam
1203 5758 1297 5798 σευ
1336 5759 1429 5795 ηοί
1464 5755 1584 5806 ονυε
1613 5748 1681 5792 ⁸³⁸
1721 5739 1905 5802 ¹¹”’⁰¹²⁰’
1927 5740 2026 5791 "‘e“
2055 5747 2106 5790 "‘

532 5819 780 5878 r’iitutum,
806 5823 887 5866 ctc

1251 329 1316 388 S.
1349 329 1625 388 JOANNIS
1662 322 2137 386 CllRYSOSTOMl
2175 325 2492 384 ARClllEP.
2520 323 3055 385 CONSTANTINOP.
3702 331 3796 387 731

2243 449 2410 496 tutum
2437 442 2669 511 ipsarum
2696 444 3003 514 dignitatem
3029 445 3309 518 intelligas.
3329 448 3464 503 Audi
3488 449 3652 504 alium
3673 468 3799 522 quo-

2234 550 2339 604 que
2368 536 2679 605 prophetam
2703 540 2769 591 de
2799 538 2903 591 illis
2934 540 3234 608 loquentem
3263 559 3275 594 :
3308 539 3374 594 Et
3394 547 3588 613 factum
3608 555 3679 599 est
3703 562 3799 600 uer.

2229 626 2348 681 bum
2376 627 2580 682 Domini
2605 631 2674 682 ad
2697 629 2932 684 Ezechiel
2958 632 3121 700 filium
3148 631 3274 685 Buzi
3297 651 3440 689 secus
3458 637 3649 706 flumen
3679 638 3799 692 Cho-

2229 719 2321 772 bar
2347 719 2556 790 (Ezech.
2581 725 2632 775 JI.
2662 722 2742 793 5).
2788 723 2856 777 Et
2893 723 2979 778 hic
3024 724 3090 778 ad
3121 723 3313 779 ﬁumen
3346 725 3593 792 Chohar,
3627 746 3804 798 quem-

2231 812 2516 865 admodum
2567 813 2654 868 ille
2697 813 2763 867 ad
2811 813 3006 869 ﬁumen
3036 816 3236 886 Tigrim
3271 819 3459 872 stabat.
3501 818 3634 874 Cum
3669 822 3801 876 enim

2232 904 2372 960 Dens
2418 906 2712 961 mirabilem
2750 907 3033 975 quamdam
3076 908 3334 964 visionem
3366 912 3534 966 servis
3567 913 3683 968 sois
3726 931 3807 967 os-

2232 1005 2484 1053 tensurus
2512 1009 2593 1054 est
2621 1041 2635 1063 ,
2664 1014 2758 1053 eos
2785 1012 2934 1054 extra
2961 1001 3118 1056 urbes
3145 1002 3322 1058 educit
3343 1005 3393 1058 in
3420 1005 3594 1060 locum
3619 1010 3805 1062 tumul-

2233 1097 2288 1142 tu
2321 1105 2573 1157 vacuum,
2602 1099 2660 1145 ut
2687 1106 2716 1144 a
2745 1091 2889 1146 nullo
2917 1093 3004 1148 vel
3033 1094 3133 1149 sub
3158 1107 3430 1165 aspectum
3459 1099 3543 1153 vel
3579 1101 3682 1155 sub
3713 1116 3801 1155 au-

2231 1181 2399 1236 ditum
2429 1183 2651 1239 cadente
2693 1185 3063 1255 interpelletur
3096 1189 3306 1244 animus
3331 1233 3346 1258 ,
3377 1191 3472 1246 sed
3502 1203 3646 1247 totus
3689 1211 3802 1252 cum

2229 1274 2472 1329 libertate
2512 1285 2741 1332 ostensa:
2778 1279 2857 1332 rei
2883 1280 3317 1349 contemplationi
3341 1294 3509 1338 vacet.
3549 1285 3686 1353 Quid
3715 1288 3805 1358 igi-

2229 1373 2316 1419 tur
2342 1366 2473 1420 vidit
2497 1367 2625 1422 illc?
2661 1367 2794 1423 Ecce
2817 1371 3000 1436 nubes,
3035 1372 3236 1441 inquit,
3265 1376 3487 1430 ueniebat
3513 1379 3574 1432 ab
3607 1381 3803 1449 aquilo-

2228 1473 2321 1524 ne,
2350 1467 2396 1510 et
2420 1459 2660 1526 splendor
2687 1461 2741 1513 in
2771 1461 2980 1515 circuitu
3020 1464 3157 1534 ejus,
3185 1475 3232 1518 et
3269 1467 3400 1538 ignis
3428 1470 3698 1539 fulgurum
3718 1513 3734 1537 ,
3764 1482 3808 1525 et

2229 1548 2281 1602 in
2303 1549 2466 1604 medio
2489 1552 2601 1621 ejus
2627 1553 2772 1619 quasi
2813 1554 2936 1608 visio
2976 1555 3175 1622 electri,
3207 1569 3253 1610 et
3273 1559 3514 1628 splendor
3539 1564 3590 1616 in
3639 1580 3730 1628 eo,
3761 1576 3806 1620 et

2226 1641 2280 1694 in
2323 1641 2488 1696 medio
2516 1643 2795 1699 similitudo
2833 1655 3052 1716 quatuor
3089 1649 3401 1704 animalium.
3434 1652 3534 1707 Hic
3577 1672 3808 1725 aspectus

2226 1747 2406 1785 eorum
2425 1773 2441 1799 ,
2471 1733 2749 1802 similitudo
2771 1735 2985 1792 hominis
3009 1738 3059 1791 in
3079 1739 3169 1792 eis.
3194 1737 3260 1793 Et
3279 1753 3493 1810 quatuor
3523 1747 3678 1815 facies
3699 1750 3802 1812 uni,

2227 1833 2274 1878 et
2301 1835 2519 1895 quatuor
2554 1826 2654 1880 ala:
2677 1828 2785 1881 uni.
2821 1826 2888 1882 Et
2930 1829 3146 1884 altitudo
3193 1844 3300 1887 erat
3322 1836 3426 1900 eis,
3470 1847 3514 1890 et
3565 1840 3806 1893 terribilia

2225 1927 2369 1971 erant
2396 1933 2417 1973 :
2445 1927 2491 1972 et
2522 1927 2662 1987 terga
2707 1936 2879 1974 eorum
2905 1923 3054 1991 plena
3089 1924 3250 1978 oculis
3289 1927 3340 1979 in
3377 1927 3589 1981 circuitu
3633 1947 3803 1984 eorum

2224 2017 2480 2076 quatuor;
2503 2019 2551 2063 et
2575 2010 2850 2064 similitudo
2868 2029 3021 2082 super
3045 2024 3196 2082 caput
3221 2032 3388 2070 eorum
3410 2059 3425 2082 ,
3456 2021 3604 2087 quasi
3625 2021 3804 2089 ﬁrma-

2226 2111 2446 2156 mentum
2463 2144 2478 2166 ,
2499 2105 2646 2175 quasi
2672 2114 2906 2174 aspectus
2933 2106 3160 2177 crystalli
3184 2109 3418 2163 terribilis
3443 2153 3458 2176 ,
3491 2122 3695 2166 ertensa
3713 2131 3802 2167 su-

2225 2213 2316 2265 per
2340 2207 2491 2268 caput
2523 2214 2696 2252 eorum
2719 2198 2933 2268 desuper
2948 2214 2967 2252 :
2984 2208 3031 2253 et
3057 2200 3155 2254 ala:
3177 2217 3352 2256 eorum
3378 2204 3652 2276 unicuique
3666 2207 3798 2271 duc,

2227 2296 2443 2355 tegentes
2472 2303 2687 2358 corpora
2729 2305 2900 2344 eorum
2922 2305 2941 2344 :
2960 2299 3010 2343 et
3041 2308 3197 2362 supra
3250 2293 3618 2362 ﬁrmamentum
3656 2299 3799 2366 quasi

2230 2390 2461 2449 aspectus
2503 2381 2688 2451 lapidis
2731 2383 2960 2450 sapphiri
2987 2399 3006 2438 :
3034 2393 3082 2438 et
3124 2385 3397 2439 similitudo
3423 2384 3616 2441 Throni
3649 2406 3799 2458 super

2223 2487 2336 2525 eum
2358 2512 2373 2536 ,
2419 2481 2467 2526 et
2508 2490 2659 2545 super
2699 2474 3079 2529 similitudinem
3123 2476 3291 2530 throni
3335 2477 3612 2532 similitudo
3657 2481 3800 2550 quasi

2221 2567 2410 2634 species
2446 2566 2665 2621 hominis
2696 2584 2846 2638 super
2869 2585 3001 2622 eum.
3036 2567 3105 2623 Et
3134 2570 3232 2623 vidi
3258 2573 3404 2640 quasi
3423 2582 3679 2641 aspectum
3701 2576 3801 2628 ele-

2221 2657 2342 2721 ctri,
2367 2657 2429 2709 ab
2449 2668 2652 2726 aspectu
2685 2658 2873 2725 lumbi,
2903 2669 2950 2712 et
2975 2675 3128 2730 usque
3156 2661 3370 2730 desuper
3388 2702 3402 2724 ,
3430 2672 3478 2716 et
3502 2664 3565 2716 ab
3593 2675 3799 2734 aspectu

2223 2747 2378 2802 lumbi
2401 2765 2559 2820 usque
2581 2750 2816 2804 deorsum
2833 2793 2849 2816 ,
2879 2751 3022 2820 quasi
3045 2751 3280 2805 uisionem
3302 2753 3434 2823 ignis
3455 2769 3473 2806 :
3489 2763 3536 2808 et
3561 2753 3799 2823 splendor

2219 2841 2330 2911 ejus
2370 2843 2515 2910 quasi
2549 2853 2779 2910 aspectus
2815 2859 2996 2908 arcus,
3029 2860 3142 2898 cum
3170 2846 3322 2916 fuerit
3361 2847 3414 2900 in
3451 2847 3580 2902 nube
3621 2849 3675 2901 in
3717 2849 3800 2904 die

2221 2933 2408 3001 pluvia:
2433 2930 2594 3001 (Ibid.
2625 2949 2653 2987 υ
2680 2934 2733 2988 4.
2761 2933 2942 3005 seqq.).
2986 2935 3112 2989 Post
3162 2935 3276 2991 haec
3331 2947 3508 2992 autem
3545 2953 3667 2993 cum
3706 2940 3800 2993 de-

2221 3026 2424 3080 clarare
2449 3025 2644 3092 vellet,
2691 3041 2789 3080 nec
2825 3026 3142 3097 Prophetam
3182 3044 3280 3084 nec
3309 3029 3541 3085 Virtutes
3569 3031 3689 3086 illas
3729 3033 3797 3088 ad

2220 3133 2422 3172 meram
2446 3118 2612 3187 ipsam
2641 3119 2988 3174 substantiam
3014 3121 3304 3177 accessisse
3324 3164 3338 3186 ,
3367 3122 3579 3179 dicebat
3615 3142 3630 3178 :
3667 3125 3795 3180 Ilizc

2220 3211 2346 3265 visio
2388 3210 2731 3264 similitudinis
2777 3211 2952 3281 gloria:
2991 3209 3193 3265 Domini
3227 3211 3348 3284 (Id.
3390 3213 3443 3268 2.
3498 3213 3575 3287 1.)
3609 3215 3797 3272 Viden'

2219 3312 2271 3356 et
2299 3301 2384 3356 hic
2403 3309 2458 3355 et
2480 3301 2551 3355 ibi
2586 3301 2679 3356 Dei
2700 3303 3232 3370 attemperationem?
3252 3304 3496 3360 Attamen
3518 3307 3647 3376 ipsa;
3667 3324 3799 3377 quo-

2218 3411 2322 3464 que
2352 3395 2584 3449 Virtutes
2612 3409 2672 3450 se
2715 3394 2815 3449 alis
2840 3397 3117 3464 operiunt,
3151 3397 3290 3450 nulla
3318 3399 3422 3453 alia
3449 3414 3605 3470 quam
3635 3416 3796 3471 supra

2217 3487 2357 3541 dicta
2388 3485 2456 3542 de
2481 3501 2636 3541 causa
2667 3503 2681 3541 :
2712 3502 3030 3557 quamquam
3060 3489 3464 3558 sapientissimce
3483 3532 3496 3554 ,
3525 3493 3801 3562 perSpica-

2217 3576 2448 3632 cissima:
2497 3585 2552 3633 et
2593 3577 2896 3646 purissima:
2935 3581 3061 3633 sint.
3105 3578 3376 3635 Undenam
3406 3581 3457 3635 id
3489 3581 3691 3652 liquet?
3717 3585 3800 3638 Ab

2217 3669 2347 3739 ipsis
2369 3668 2691 3724 nominibus.
2712 3669 3163 3736 Quemadmodum
3183 3672 3322 3725 enim
3349 3673 3568 3741 angelus
3580 3673 3796 3738 dicitur,

2216 3763 2337 3832 quia
2364 3777 2482 3832 qua:
2519 3761 2616 3816 Dei
2646 3761 3088 3817 sunthominibus
3109 3761 3404 3828 annuntiat,
3427 3765 3701 3830 ἀναγγέλλει
3718 3774 3800 3819 :et

2215 3852 2564 3923 archangelus
2585 3853 2707 3922 quia
2734 3853 2935 3923 angelis
2965 3853 3213 3922 imperat:
3231 3852 3306 3907 sic
3330 3861 3384 3908 et
3402 3853 3505 3907 illa:
3539 3855 3799 3910 vocabula

2216 3954 2384 4000 nactae
2413 3954 2537 3999 sunt
2561 3960 2680 4015 qua:
2701 3945 2933 4015 ipsarum
2967 3943 3276 4014 sapientiam
3303 3953 3358 3999 et
3384 3944 3668 4012 puritatem
3699 3962 3797 4000 no-

2216 4038 2298 4093 bis
2326 4037 2629 4101 declarent;
2660 4051 2723 4091 ac
2764 4037 2901 4092 sicut
2945 4037 3041 4091 alte
3073 4045 3272 4091 natura:
3297 4035 3678 4092 sublimitatem
3718 4039 3797 4092 in-

2214 4128 2394 4184 dicant
2444 4128 2680 4199 (etenim
2723 4127 2935 4184 Gabriel
2975 4127 3158 4182 volans
3204 4136 3652 4197 reprtesentatur,
3692 4144 3796 4181 non

2213 4219 2353 4291 quod
2379 4219 2580 4290 angelis
2606 4220 2711 4273 sint
2734 4219 2832 4272 alae
2849 4261 2863 4282 ,
2889 4219 2981 4274 sed
3012 4227 3068 4273 ut
3090 4218 3296 4273 ediscas
3320 4233 3383 4273 ex
3414 4218 3692 4274 altissimis
3717 4220 3796 4273 lo-

2213 4314 2291 4368 cis
2311 4355 2324 4378 ,
2356 4327 2528 4382 exque
2558 4325 2806 4382 supremo
2826 4309 3092 4365 domicilio
3118 4309 3265 4364 illum
3293 4309 3358 4364 ad
3390 4309 3677 4364 humanam
3705 4310 3794 4364 ad-

2213 4415 2432 4461 ventare
2478 4403 2798 4476 naturam),
2845 4405 2923 4459 sic
2951 4412 3006 4458 et
3045 4404 3095 4458 in
3146 4404 3263 4458 istis
3308 4403 3439 4457 nihil
3482 4403 3628 4458 aliud
3653 4403 3791 4470 alas,

2213 4513 2371 4568 quam
2421 4497 2799 4553 sublimitatem
2845 4505 3045 4550 natura:
3087 4494 3406 4565 signiﬁcant.
3453 4495 3602 4549 Sicut
3635 4477 3795 4564 igitur

2214 4592 2314 4646 alae
2346 4600 2547 4645 natura:
2576 4588 2953 4646 sublimitatem
2980 4588 3251 4643 declarant
3275 4627 3291 4653 ,
3319 4596 3374 4642 et
3403 4587 3626 4640 thronus
3648 4587 3790 4657 quod

2214 4683 2354 4738 Deus
2385 4683 2436 4736 in
2482 4682 2611 4752 ipsis
2649 4682 2973 4751 requiescat,
3018 4691 3072 4735 et
3114 4679 3250 4734 oculi
3298 4679 3793 4748 perspicacitatem,

2215 4774 2390 4829 throni
2421 4774 2785 4844 propinquitas
2811 4783 2863 4828 et
2889 4772 3070 4844 hymni
3098 4770 3342 4842 perpetui
3372 4770 3704 4840 vigilantiam
3746 4782 3798 4824 et

2216 4867 2474 4922 insomnia
2506 4885 2520 4921 :
2548 4867 2624 4921 sic
2675 4866 2889 4921 nomina
2939 4866 3127 4918 horum
3174 4864 3530 4934 sapientiam,
3579 4863 3795 4918 illorum

2211 4959 2493 5030 puritatem
2533 4959 2849 5030 signiﬁcant.
2877 4957 3011 5027 Quid
3039 4958 3181 5012 enim
3207 4955 3306 5010 sibi
3332 4955 3444 5010 vult
3462 4954 3799 5010 Cherubim?

2213 5052 2373 5107 Plena
2397 5052 2636 5106 scientia.
2659 5051 2794 5120 Quid
2819 5050 3094 5120 Seraphim
3114 5049 3138 5100 'i
3159 5048 3321 5119 Ignita
3342 5063 3455 5102 ora.
3485 5047 3670 5102 Viden‘
3692 5062 3798 5117 quo

2217 5153 2374 5215 pacto
2403 5143 2616 5199 nomina
2662 5143 2873 5199 illorum
2896 5143 3210 5212 sapientiam
3235 5181 3250 5207 ,
3291 5139 3478 5193 horum
3508 5140 3795 5207 puritatem

2212 5237 2549 5308 signiﬁcent?
2571 5236 2626 5292 Si
2655 5250 2783 5292 vero
2811 5235 2897 5290 ubi
2926 5235 3076 5304 plena
3102 5233 3319 5288 scientia
3345 5240 3460 5294 est,
3502 5246 3570 5286 ne
3597 5243 3793 5286 attem-

2212 5338 2454 5400 peratum
2480 5328 2695 5398 quidem
2726 5326 2816 5381 Dei
2840 5325 3054 5380 modum
3076 5333 3320 5379 accurate
3333 5323 3512 5377 videre
3532 5331 3792 5392 possunt:

2213 5423 2300 5477 ubi
2330 5437 2398 5478 ex
2426 5431 2574 5491 parte
2620 5419 2881 5489 cognitio,
2924 5425 3003 5472 ιιι-
3023 5417 3096 5469 ait
3125 5415 3318 5470 Paulus
3341 5454 3356 5478 ,
3406 5411 3490 5468 Ea:
3532 5423 3681 5483 parte
3709 5430 3793 5466 co-

2211 5515 2530 5586 gnoscimus,
2561 5523 2614 5568 et
2634 5555 2647 5579 ,
2678 5510 2776 5567 Per
2817 5509 3076 5582 speculum
3111 5517 3158 5562 et
3198 5509 3251 5561 in
3274 5506 3536 5576 cnigmate
3569 5507 3644 5577 (ι.
3679 5506 3795 5559 Cor.

2214 5601 2500 5674 15.9.12),
2539 5613 2750 5674 quantze
2797 5601 2956 5657 fuerit
2999 5599 3275 5665 amentite,
3325 5611 3419 5660 ea,
3467 5611 3591 5665 qua:
3623 5613 3690 5650 ne
3723 5595 3792 5648 illi

2213 5698 2429 5768 quidem
2459 5705 2683 5768 possunt
2713 5696 2932 5760 intueri,
2976 5694 3074 5750 sibi
3109 5703 3232 5748 nota
3271 5701 3322 5750 et
3352 5688 3632 5765 perspicua
3675 5700 3790 5738 esse

2215 5801 2398 5860 putare
2419 5789 2441 5844 3
