3926 6282
120 362 227 419 723

114 482 166 533 οι
187 478 526 548 βραχίονες
552 478 740 534 αὐτοῦ
767 478 961 535 καὶτὰ
992 480 1188 550 σκέλη
1223 481 1368 537 ὡσεὶ
1399 483 1612 554 ὅρασις
1643 483 1790 551 χαλ-

119 568 230 623 κοῦ
253 570 637 635 στίλϐοντος,
662 569 702 637 ἡ
730 569 900 639 φωνὴ
924 568 1044 623 τῶν
1076 571 1275 641 λόγων
1296 572 1484 626 αὑτοῦ
1521 572 1602 639 ὡς
1624 570 1793 641 φωνὴ

120 656 331 724 ὄχλου.
368 655 480 712 Kal
510 656 627 727 ἐγὼ
650 659 839 728 μόνος
865 653 1029 712 εἶδον
1055 656 1171 726 τὴν
1209 660 1510 713 ὀπτασίαν
1549 661 1794 725 ταύτην,

120 745 217 799 καὶ
251 748 308 799 οι
327 747 459 816 μετ’
492 746 640 816 ἐμοῦ
680 749 793 801 οὐκ
845 742 1030 811 εἶδον,
1075 748 1214 802 ἀλλ’
1243 748 1535 815 ἔκστασις
1561 747 1797 818 μεγάλη

122 834 349 889 ἔπεσεν
396 835 491 889 ἐπ’
523 835 768 902 αὐτοὺς,
828 836 923 890 καί
961 836 1191 908 ἔφυγον
1224 838 1295 891 ἐν
1328 839 1511 907 φόϐῳ,
1542 838 1641 892 καί
1685 840 1799 907 οὐχ

122 925 459 993 ὑπελείφθη
476 925 548 977 ἐν
570 926 698 995 ἐμοὶ
718 925 918 995 ἰσχὺς,
937 926 1035 980 καὶ
1056 927 1094 995 ἠ
1120 926 1270 992 δόξα
1282 945 1402 997 μου
1418 926 1800 998 μετεστράφη

123 1015 207 1077 είς
244 1011 604 1083 διαφθοράν.
647 1013 711 1066 Τί
745 1016 911 1077 ἐστιν,
950 1015 1022 1070 Ἠ
1050 1015 1202 1081 δόξα
1248 1033 1369 1085 μου
1414 1014 1799 1087 μετεστράφη

122 1102 207 1165 εἱς
236 1100 612 1171 διαφθοράν;
650 1103 944 1175 Εὺπρεπὴς
971 1099 1039 1176 ἦν
1087 1107 1117 1159 6
1165 1104 1420 1169 νεανίαςο
1454 1106 1578 1160 ἐπεὶ
1632 1100 1726 1159 οὖν
1775 1107 1804 1159 6

125 1188 287 1259 φόϐος
312 1191 416 1261 τῆς
443 1191 745 1263 παρουσίας
772 1190 866 1246 τοῦ
901 1191 1156 1261 ἀγγέλου,
1178 1192 1430 1265 καθάπερ
1458 1195 1586 1258 τοὺς
1615 1193 1807 1247 ἐκπνέ-

122 1296 305 1342 οντας,
332 1278 509 1342 οὕτως
535 1279 695 1332 αὑτὸν
725 1279 963 1351 διέθηκε,
1019 1278 1219 1351 πολλὴν
1254 1282 1674 1346 κατασκευάσας
1708 1281 1806 1353 τὴν

123 1366 356 1438 ὠχρίαν,
391 1368 489 1421 καὶ
509 1366 796 1433 ἀναλώσας
818 1368 879 1422 τὸ
911 1368 1067 1432 ἄνθος
1093 1370 1191 1439 τῆς
1214 1369 1396 1441 ὥρας,
1438 1371 1532 1424 καὶ
1560 1370 1805 1441 δαπανή-

127 1473 225 1519 σας
250 1458 356 1526 τὴν
372 1454 628 1527 εὔχροιαν
649 1457 748 1526 τῆς
764 1458 1084 1526 ἐπιφανείας
1106 1459 1343 1523 ἃπασαν,
1362 1459 1449 1514 διὰ
1472 1459 1628 1513 τοῦτό
1652 1476 1805 1529 φησι,

124 1546 523 1615 Μετεστράφνη
580 1547 618 1615 ἡ
662 1546 812 1610 δόξα
845 1566 964 1616 μου
1021 1549 1109 1614 είς
1152 1548 1501 1617 διαφθοράν.
1542 1548 1809 1620 Καθάπερ

125 1637 257 1705 γὰρ,
314 1636 539 1707 ἡνιόχου
586 1634 915 1705 φοϐηθέντος
960 1637 1056 1689 καὶ
1098 1637 1198 1701 τὰς
1249 1638 1406 1709 ήνίας
1439 1637 1690 1709 ἀφέντος,
1720 1640 1808 1691 ἐπ’

122 1726 249 1795 δψιν
273 1728 324 1779 οἱ
357 1727 518 1780 ἵπποι
543 1726 942 1797 καταφέρονται
971 1725 1172 1790 πάντες
1195 1729 1288 1781 καὶ
1326 1727 1386 1781 τὸ
1419 1726 1570 1799 άρμα
1596 1727 1812 1798 ὁλόκλη-

127 1832 220 1884 ρον
248 1812 675 1885 περιτρέπεται·
709 1813 851 1868 οὓτω
899 1815 992 1869 καὶ
1042 1816 1133 1868 ἐπὶ
1159 1816 1258 1885 τῆς
1288 1814 1466 1886 ψυχῆς
1491 1814 1811 1885 συμϐαίνειν

124 1905 345 1966 εἴωθεν,
374 1904 505 1957 ὅταν
532 1902 638 1956 ύπό
657 1919 802 1967 τινος
829 1902 1071 1974 θάμϐους
1103 1904 1197 1957 καὶ
1218 1905 1459 1973 ἀγωνίας
1488 1905 1808 1975 κατέχηται’

126 1994 446 2063 πτοουμένη
478 1994 606 2063 γὰρ.
643 1993 739 2045 καλ⁵
790 1993 1041 2064 καθάπερ
1092 1994 1246 2063 ήνίας
1297 1993 1448 2057 τινάς
1478 1994 1578 2056 τὰς
1609 1994 1813 2057 οἰκείας

126 2082 421 2153 ἐνεργείας
474 2080 840 2134 συστέλλουσα
877 2081 971 2147 ἀφ’
1018 2082 1248 2135 ἑκάστου
1295 2080 1402 2134 τῶν
1442 2082 1811 2153 αἱσὶητηρίων

124 2170 221 2222 τοῦ
252 2168 535 2240 σώματος,
571 2168 753 2240 ἔρημα
784 2169 977 2240 ἀφίησι
1018 2169 1087 2222 τά
1117 2169 1285 2239 μέλη·
1312 2165 1429 2222 εἷτα
1458 2171 1659 2234 ἐκεῖνα,
1686 2174 1814 2242 ἐρη-

128 2262 391 2331 μωθέντα
422 2262 521 2332 τῆς
551 2260 888 2331 κατεχούσης
922 2259 1063 2313 αὑτά
1088 2261 1391 2329 δυνάμεως,
1414 2260 1695 2313 διαπίπτει
1720 2262 1813 2314 καὶ

124 2350 530 2423 περικρούεται
550 2366 563 2381 ’
598 2350 737 2420 ὅπερ
770 2351 866 2403 καὶ
894 2350 922 2402 6
960 2347 1161 2421 Δανιὴλ
1190 2348 1356 2401 ἔπαθε
1397 2348 1539 2403 τότε.
1572 2349 1637 2402 Τί
1664 2345 1757 2403 οῦν
1785 2351 1813 2402 ὁ

124 2441 401 2508 άγγελοςς
441 2438 765 2509 Ἀνέστησεν
799 2438 984 2500 αὑτὸν,
1018 2438 1109 2492 καί
1153 2454 1326 2509 φησι,
1384 2436 1628 2506 Δανιὴλ,
1669 2439 1813 2507 ἆνερ

123 2526 507 2597 ἐπιθυμιῶν,
553 2526 742 2592 σύνες
793 2526 863 2579 ἐν
900 2525 1027 2592 τοῖς
1055 2526 1259 2595 λόγοις
1296 2528 1530 2594 τούτοις
1572 2523 1664 2593 οἷς
1700 2528 1816 2598 ἐγὼ

123 2615 301 2671 λαλῶ
336 2616 490 2684 πρὸς
518 2614 613 2677 σὲ,
632 2614 730 2668 καὶ
760 2613 938 2683 στῆθι
958 2613 1057 2668 ἐπὶ
1083 2614 1158 2683 τῇ
1182 2614 1397 2669 στάσει
1425 2630 1562 2679 σου,
1581 2616 1671 2670 ὅτι
1702 2616 1819 2672 νῦν

124 2703 499 2772 ἀπεστάλην
522 2703 674 2771 πρὸς
695 2702 790 2757 σέ.
832 2704 890 2757 Ὀ
917 2701 1066 2774 [4671
1099 2702 1156 2755 δὲ
1177 2703 1372 2774 ἀνέστη
1398 2703 1679 2774 ἔντρομος.
1707 2706 1817 2758 Καὶ

126 2793 447 2864 ἀρχομένου
480 2792 641 2845 πάλιν
673 2790 809 2861 πρὸς
840 2789 1002 2843 αὐτὸν
1035 2789 1377 2859 διαλέγεσθαι
1420 2790 1513 2843 τοῦ
1560 2791 1814 2860 ἀγγέλου,

125 2884 227 2934 καὶ
263 2881 450 2948 λέγειν
474 2881 582 2944 ὃτι,
628 2878 764 2932 Ἀπὸ
794 2877 905 2945 τῆς
928 2877 1154 2947 ἡμέρας
1182 2874 1258 2949 ἧς
1280 2878 1509 2944 ἔδωκας
1530 2878 1646 2947 τὴν
1680 2896 1819 2948 καρ-

122 2971 276 3024 δίαν
304 2986 425 3023 σου
454 2966 796 3036 κακωθῆναι
820 2968 1098 3021 ἐναντίον
1118 2967 1224 3021 τοῦ
1250 2966 1399 3021 Θεοῦ
1420 2968 1820 3036 ήκούσθησαν

124 3063 182 3114 οί
220 3060 401 3128 λόγοι
423 3072 563 3119 σου,
603 3054 765 3125 κάγὼ
789 3051 979 3126 ἦλθον
1009 3056 1079 3108 ἐν
1114 3056 1237 3121 τοῖς
1256 3057 1461 3126 λόγοις
1479 3072 1596 3111 σου
1615 3098 1629 3121 ,
1656 3057 1819 3110 πάλιν

126 3149 447 3203 κατέπεσεν
479 3145 574 3198 ἐπὶ
602 3144 698 3215 τὴν
720 3144 855 3214 γῆνσ
895 3145 1033 3214 ὅπερ
1066 3146 1160 3199 καὶ
1198 3145 1292 3197 ἐπὶ
1336 3145 1445 3198 τῶν
1478 3145 1820 3217 ἐκλυομένων

128 3236 455 3309 συμϐαίνει.
495 3233 763 3304 Καθάπερ
796 3233 905 3302 γὰρ
933 3236 1130 3286 ἐκεῖνοι
1178 3233 1569 3304 διεγερθέντες,
1602 3236 1695 3288 καὶ
1740 3236 1821 3300 είς

126 3325 373 3387 ἑαυτοὺς
426 3320 833 3385 ἐπανελθόντες,
889 3320 985 3373 καὶ
1039 3320 1423 3393 διαϐλέψαντες
1482 3323 1822 3394 κατεχόντων

126 3418 297 3489 ἡμῶν
326 3416 549 3477 αὐτοὺς,
582 3414 678 3466 καὶ
719 3411 1013 3484 ῥαινὸντων
1050 3412 1111 3465 τὸ
1145 3412 1438 3483 πρόσωπον
1470 3412 1700 3486 ψυχροῖς
1726 3414 1823 3468 νά-

128 3524 329 3577 μασιν,
360 3507 420 3558 ἐν
455 3503 647 3564 αὑταῖς
680 3501 840 3573 ήμῶν
871 3501 1130 3566 πολλάκις
1155 3500 1434 3555 ἐκλύονται
1473 3502 1677 3572 μεταξὺ
1702 3507 1824 3568 ταῖς

126 3595 354 3666 χερσὶν,
387 3591 531 3645 οὕτω
579 3591 673 3644 καὶ
704 3591 733 3643 6
779 3591 1072 3665 προφήτης
1118 3590 1376 3663 ἔπασχεν.
1429 3592 1494 3644 Ἦ
1524 3592 1632 3664 γὰρ
1676 3592 1823 3663 ψυχὴ

127 3684 451 3756 φοϐηθεῖσα
476 3682 572 3735 καὶ
593 3679 691 3753 τὴν
719 3680 844 3750 ϐψιν
882 3680 984 3749 τῆς
1015 3681 1318 3751 παρουσίας
1353 3681 1414 3734 ού
1451 3682 1693 3754 φέρουσα
1726 3682 1822 3736 τοῦ

130 3771 461 3835 συνδούλου,
492 3767 614 3821 οὐδὲ
641 3767 703 3821 τὸ
734 3767 849 3838 φῶς
878 3770 1055 3821 ἐκεῖνο
1081 3768 1355 3839 δυναμένη
1386 3768 1681 3840 βαστάζειν
1707 3770 1826 3823 £00-

129 3863 387 3933 ρ..ιϐεῖτο,
415 3857 669 3928 καθάπερ
696 3855 841 3919 τινὸς
876 3855 1121 3919 ἁλύσεως
1141 3855 1235 3909 τοῦ
1270 3856 1472 3927 δεσμοῦ
1500 3860 1599 3929 τῆς
1623 3859 1827 3931 σαρκὸς

128 3951 347 4019 ἑαυτὴν
372 3944 685 4017 ἀπορῤἧξαι
711 3943 1065 4014 ἐπειγομένη.
1118 3944 1256 3996 Ἀλλ’
1299 3946 1506 4008 ἐκεῖνος
1536 3946 1615 3998 ἔτι
1645 3951 1827 4001 κατεῖ-

129 4061 253 4114 χεν,
284 4037 666 4092 Ἀκουέτωσαν
686 4037 732 4089 οί
757 4035 848 4088 τὸν
886 4034 997 4087 τῶν
1020 4035 1267 4103 ἀγγέλων
1292 4037 1567 4106 Δεσπότην
1604 4052 1827 4110 περιερ·

126 4132 460 4203 γαζόμενοι.
497 4123 716 4197 Δανιὴλ,
744 4125 802 4177 ὃν
827 4123 1130 4196 ᾐδέσθησαν
1158 4123 1426 4193 ὀφθαλμοὶ
1453 4124 1825 4190 λεόντων,Δαο

128 4222 281 4292 νιὴλ,
317 4220 347 4271 6
382 4217 455 4269 τά
494 4216 633 4285 ὑπὲρ
658 4213 948 4285 ἄνθρωπον
979 4215 1037 4265 ὲν
1070 4211 1398 4283 ἀνθρωπίνῳ
1432 4211 1647 4283 σώματι
1669 4215 1828 4286 δυνη-

128 4311 275 4372 θεὶς,
333 4304 622 4360 συνδούλου
674 4301 973 4372 παρουσίαν
1026 4301 1126 4355 οὐκ
1160 4301 1408 4372 ἦνεγκεν,
1463 4302 1576 4356 ἀλλ’
1624 4303 1828 4367 ἄπνους

127 4400 341 4452 ἔκειτο.
390 4390 696 4461 Ἑστράφη
736 4391 867 4461 γάρ,
909 4391 1063 4460 φησὶ,
1091 4389 1164 4443 τὰ
1196 4391 1370 4455 ἐντός
1388 4410 1507 4460 μου
1531 4393 1601 4446 ἐν
1621 4393 1828 4461 ὁράσει

123 4505 277 4555 μου,
315 4482 417 4535 καὶ
445 4480 603 4547 πνοὴ
636 4481 747 4548 οὺχ
780 4478 1111 4547 ὑπελείφθη
1131 4478 1201 4531 ἐν
1228 4479 1378 4548 ἐμοί.
1408 4481 1472 4533 Οἱ
1496 4480 1550 4533 δὲ
1578 4481 1830 4536 τοσοῦτον

126 4576 234 4645 τῆς
271 4571 484 4644 ἀρετῆς
510 4567 884 4638 ἀφεστηκότες
914 4566 1008 4620 τοῦ
1038 4566 1248 4620 δικαίου
1282 4568 1455 4639 αὐτὴν
1498 4570 1830 4640 ὑπισχνοῦν-

127 4682 224 4717 ται
247 4662 351 4732 τὴν
382 4658 574 4712 οὐσίαν
601 4657 796 4710 εἰδέναι
828 4655 965 4726 μετά
985 4655 1271 4727 ἀκριϐείας
1300 4656 1541 4729 ἁπάσης,
1574 4658 1672 4730 τὴν
1692 4660 1832 4713 ἀνω-

128 4753 291 4805 τάτω
324 4747 425 4802 καὶ
464 4744 689 4816 πρώτην
735 4744 829 4797 καὶ
860 4742 960 4807 τὰς
986 4742 1254 4813 μυριάδας
1290 4743 1398 4795 τῶν
1431 4744 1679 4812 ἀγγέλων
1710 4747 1833 4801 τού-

128 4859 247 4895 των
271 4832 738 4908 παραγαγοῦσαν,
770 4824 845 4884 ὧν
879 4830 977 4884 ἕνα
1010 4833 1038 4884 6
1066 4831 1265 4902 Δανιὴλ
1307 4833 1434 4885 ἰδεῖν
1464 4835 1563 4887 οὐκ
1591 4836 1827 4905 ἴσχυσεν.

208 4936 275 4983 εν,
326 4924 476 4979 Ἀλλ’
508 4920 949 4990 ὲπαναγάγωμεν
976 4920 1069 4973 τὸν
1104 4919 1262 4989 λόγον
1299 4922 1391 4975 ἐπὶ
1427 4923 1526 4994 τὴν
1558 4924 1832 4996 προτέραν

133 5017 433 5079 ὑπόθεσιν,
456 5012 552 5065 καὶ
578 5008 845 5080 δείξωμεν
865 5010 947 5063 ὅτι
976 5010 1070 5061 καὶ
1087 5011 1209 5072 ταῖς
1230 5008 1342 5063 ἄνω
1358 5010 1651 5081 δυνάμεσιν
1673 5013 1835 5067 ἀθέα-

130 5109 229 5163 τός
259 5107 419 5158 ἐστιν
450 5103 480 5153 ὁ
507 5101 660 5163 Θεὸς,
695 5098 792 5152 καὶ
823 5097 995 5151 ταῦτα
1033 5096 1503 5164 συγκαταϐαίνων.
1533 5100 1690 5164 Τίνος
1722 5102 1833 5173 γὰρ

133 5197 358 5259 ἕνεκεν,
386 5191 511 5245 εἰπέ
541 5207 650 5261 μοι,
682 5188 782 5251 τὰς
806 5187 1083 5258 πτέρυγας
1116 5186 1481 5258 προϐάλλεται
1507 5200 1532 5228 ι
1565 5189 1632 5243 τά
1660 5190 1822 5261 Σερα-

136 5292 284 5361 «pag;
320 5287 406 5339 Δι’
431 5283 584 5337 οὐδὲν
615 5282 805 5350 ἓτερον
833 5280 946 5333 ἀλλ’
980 5280 1012 5351 ἢ
1044 5280 1261 5341 πάντως
1289 5280 1466 5332 ἐκεῖνο
1505 5279 1566 5333 τὸ
1600 5281 1833 5334 ἁποστου

136 5380 318 5439 λικὸν,
346 5375 434 5437 τὸ,
459 5371 589 5438 Φῶς
612 5369 795 5425 οίκῶν
816 5369 1167 5437 ἀπρόσιτον,
1195 5368 1283 5422 διά
1298 5368 1407 5421 τῶν
1438 5367 1617 5440 ἔργων
1654 5370 1834 5424 αὐτῶν

136 5461 670 5539 προαναφωνοῦσαι,
694 5461 791 5513 καὶ
821 5460 921 5512 οὐκ
950 5458 1112 5511 αὑταὶ
1150 5457 1332 5526 μόνον,
1359 5457 1494 5512 ἀλλὰ
1520 5459 1612 5512 καὶ
1635 5461 1691 5511 αἱ
1712 5459 1835 5513 τού-

136 5576 249 5610 των
283 5552 555 5623 ἀνωτέρω
597 5549 669 5603 τὰ
713 5547 1016 5619 Χερουϐίμ.
1079 5542 1248 5601 Αὗται
1286 5550 1384 5619 μὲν
1438 5548 1547 5620 γάρ
1607 5548 1835 5620 πλησίον

139 5646 483 5714 ἑστήκασιν·
520 5642 725 5692 ἐκεῖναι
771 5638 828 5691 δὲ
862 5636 1043 5705 θρόνοι
1074 5636 1378 5706 ὑπάρχουσι
1400 5638 1494 5691 τοῦ
1524 5637 1685 5701 Θεοῦ,
1733 5639 1836 5693 οὐκ

139 5731 340 5801 ἐπειδὴ
372 5728 569 5800 θρόνου
589 5727 759 5780 δεῖται
781 5726 810 5778 ὁ
839 5724 992 5789 Θεὸς,
1017 5724 1133 5778 ἀλλ’
1157 5725 1243 5778 ἵνα
1269 5725 1356 5779 διὰ
1375 5726 1566 5780 τούτου
1590 5728 1689 5799 τὴν
1716 5730 1839 5800 ἁρε-

208 5836 237 5864 ⁸
269 5830 371 5882 Alii
393 5826 911 5902 προρά).λονται.“]ηίτα
945 5832 1059 5902 ρρςῐ
1080 5826 1221 5902 illud,
1246 5827 1418 5902 ἐκεῖναι
1440 5830 1491 5902 δὲ
1508 5830 1661 5902 θρόνοι
1684 5832 1834 5902 ὑπάρ-

141 5914 323 5951 γουσαι
350 5890 443 5941 τοῦ
452 5890 628 5959 -Θεοῦ,
656 5890 705 5959 it!
728 5890 825 5959 al_io
847 5892 1072 5959 δεσμίων
1111 5890 1271 5959 θρόνον
1292 5892 1513 5959 figas“;
1527 5890 1650 5959 Θεοῦ
1675 5890 1833 5959 ,φιλεῖν

145 5958 347 6015 came“
367 5952 635 6063 Q'I‘pacxg,
656 5953 741 6016 οὐχ
765 5952 843 6000 ἵνα
865 5952 1025 6015 θρόνον
1044 5952 1239 6014 νοήσῃς.
1258 5952 1368 6001 οὐδὲ
1384 5955 1475 6020 γὰρ
1494 5956 1662 6020 θρόνου
1685 5958 1832 6006 δεῖται

145 6022 287 6063 θεὸς-
314 6019 408 6063 ἀλλ
441 6033 517 6063 ινα
536 6016 563 6063 δ
620 6052 633 6063 .

607 6106 879 6169 Pyram.
925 6103 1043 6164 Gn.
1088 6100 1365 6163 XLVIII.

1119 363 1207 421 DE
1246 357 1947 422 INCOMPREHENSIBILI
1987 359 2098 419 DEI
2137 362 2441 421 NATURA.
2479 365 2563 421 111.

3460 365 3567 423 79!-

1894 477 1997 548 τὴν
2023 478 2133 532 τῶν
2165 479 2448 551 δυνάμεων
2496 482 2675 536 αὐτῶν
2718 483 2917 556 μάθῃς.
2972 486 3237 538 ’Ἄκουσον
3288 482 3421 552 γοῦν
3474 482 3573 538 καὶ

1897 568 2084 640 ἐτέρου
2110 571 2389 642 προφήτου
2432 573 2559 643 περ)⁵
2594 574 2818 629 ὲκειᾮων
2855 574 3238 646 διαλεγομένου
3257 612 3271 627 .
3306 573 3413 628 Kal
3440 570 3541 643 ἑτέ
3559 603 3572 613 -

1896 674 2032 710 νετο
2056 659 2238 727 λόγος
2258 661 2478 727 Κυρίου
2498 662 2647 729 πρὸς
2682 662 2957 731 Ἰεζεκιὴλ
2977 662 3112 717 υίόν
3140 660 3316 722 Βουζί
3336 661 3435 715 ἐπὶ
3464 661 3572 718 τοῦ

1899 747 2166 815 ποταμοῦ
2196 748 2410 817 Χοϐάρ.
2453 738 2561 803 καὶ
2589 743 2744 815 οὗτος
2776 753 2925 823 παρά
2947 752 3039 805 τὸν
3079 751 3325 822 ποταμὸν
3362 749 3576 821 Χοϐἀρ,

1900 837 2148 899 κάκεῖνος
2176 837 2329 911 παρὰ
2352 839 2444 892 τὸν
2473 839 2717 910 ποταμὸν
2743 840 2933 912 Τίγριν
2961 841 3083 895 τότε
3106 842 3372 912 εἱστήκει.
3403 838 3575 894 Ὅταν

1900 925 2009 997 γὰρ
2038 925 2205 998 μέλλῃ
2233 928 2354 982 τινὰ
2381 928 2680 1000 παράδοξον
2712 928 2835 999 ϐψιν
2864 932 2976 993 τοῖς
3008 929 3203 985 ἑαυτοῦ
3235 929 3442 992 δούλοις
3467 927 3577 981 δει-

1902 1013 2091 1068 κνύναι
2115 1017 2143 1068 ὁ
2173 1016 2324 1081 Θεὸς,
2361 1015 2465 1082 ἔξω
2488 1017 2597 1082 τῷν
2633 1018 2841 1071 πόλεων
2868 1018 3067 1083 αὐτοὺς
3095 1017 3278 1087 ἐξάγει
3298 1019 3377 1082 είς
3405 1018 3575 1071 καθα-

1906 1102 1997 1173 ρὸν
2022 1102 2267 1174 θορύϐων
2290 1105 2509 1178 χωρίον,
2543 1105 2684 1160 ὥστε
2717 1106 2907 1177 μηδενὶ
2955 1108 3090 1177 μήτε
3114 1105 3223 1159 τῶν
3261 1106 3575 1178 ὁρωμένων.

1910 1191 2048 1261 μήτε
2093 1193 2201 1245 τῶν
2244 1194 2593 1265 ἀκουομένων
2653 1197 3017 1267 ὲκκρούεσθαι
3070 1195 3173 1267 τὴν
3210 1194 3413 1266 ψυχὴν,
3461 1195 3579 1249 ἀλλ’

1906 1279 2034 1350 ὅλην
2054 1281 2223 1353 αὐτὴν
2248 1282 2431 1346 ἀδείας
2452 1282 2833 1338 ἀπολαύουσαν
2853 1284 2989 1355 πρὸς
3016 1282 3116 1355 τὴν
3148 1282 3259 1336 τῶν
3286 1281 3581 1354 ὁρωμένων

1909 1371 2157 1441 ἀσχολεῖν
2190 1371 2442 1444 θεωρίαν.
2477 1373 2542 1426 Τί
2587 1369 2681 1427 οὖν
2722 1366 2877 1438 οὗτος
2912 1370 3088 1441 εἷδενς
3143 1373 3291 1429 Ἰδοὺ
3328 1371 3579 1443 νεφέλη,

1910 1461 2095 1531 φησὶν,
2113 1460 2232 1515 ἀπὸ
2246 1461 2442 1531 βορρᾱ
2461 1461 2701 1532 ἤρχετο.
2730 1464 2830 1517 καὶ
2856 1463 3070 1533 φέγγος
3097 1465 3325 1529 κύκλῳ,
3343 1462 3582 1530 καὶπῦρ

1909 1548 2279 1618 ἀστράπτον,
2297 1550 2394 1604 καί
2408 1551 2479 1604 ἐν
2490 1552 2660 1621 μέσῳ
2679 1551 2865 1606 αὑτοῦ
2880 1552 3018 1606 ὡσεὶ
3039 1551 3250 1622 ὅρασις
3262 1550 3580 1621 ἠλέκτρου,

1910 1638 2009 1691 καὶ
2035 1638 2254 1710 φέγγος
2299 1640 2371 1693 ἐν
2406 1639 2591 1706 αὐτῷ,
2619 1641 2717 1695 καὶ
2747 1641 2817 1695 ἐν
2849 1640 2929 1707 τῷ
2948 1640 3119 1710 μέσῳ
3158 1640 3421 1711 ὁμοίωμα
3448 1652 3583 1693 τεσ-

1911 1726 2113 1795 σάρων
2135 1727 2309 1789 ζώων.
2338 1729 2501 1797 Αὕτη
2524 1730 2561 1797 ἡ
2585 1729 2795 1800 ὅρασις
2821 1730 3042 1793 αὐτῶν,
3084 1731 3347 1799 ὁμοίωμα
3369 1725 3586 1795 ἀνθρώ-

1912 1832 2030 1870 που
2057 1817 2150 1870 ἐπ’
2176 1818 2399 1884 αὐτοῖς.
2425 1820 2535 1873 Kal
2561 1818 2831 1887 τέσσαρα
2874 1819 3168 1885 πρόσωπα
3199 1816 3280 1884 τῷ
3323 1816 3436 1880 ἐνί,
3484 1815 3587 1870 καί

1913 1904 2205 1974 τέσσαρες
2228 1906 2517 1977 πτέρυγες
2536 1906 2614 1973 τῷ
2637 1908 2749 1964 ἐνί.
2770 1908 2878 1962 Kal
2903 1907 3058 1976 ὕψος
3077 1903 3158 1977 ἦν
3176 1905 3401 1971 αὐτοῖς,
3426 1903 3584 1975 φησι,

1914 1993 2013 2047 καὶ
2036 1996 2270 2064 φοϐεροὶ
2290 1991 2472 2066 ἦσαν,
2491 1998 2586 2050 καὶ
2607 1999 2659 2050 οί
2682 1994 2857 2049 νῶτοι
2877 1993 3076 2049 αὐτῶν
3095 1994 3347 2063 πλήρεις
3362 1994 3588 2062 ὀφθαλ-

1910 2081 2041 2153 μῶν
2067 2085 2367 2137 κυκλόθεν
2405 2084 2526 2150 τοῖς
2570 2084 2929 2152 τέσσαρσιν,
2979 2083 3078 2137 καὶ
3126 2083 3389 2152 ὁμοίωμα
3433 2080 3588 2151 ὑπὲρ

1915 2169 2185 2239 κεφαλῆς
2201 2168 2402 2225 αὐτῶν
2431 2173 2573 2225 ὡσεί
2596 2171 2918 2241 στερέωμα.
2945 2171 3026 2237 ὡς
3049 2170 3261 2238 ὅρασις
3287 2169 3590 2238 κρυστάλ-

1914 2264 2028 2313 λου
2081 2259 2355 2328 φοϐερὸν,
2409 2259 2805 2330 ἐκτεταμένον
2866 2258 3021 2328 ὑπὲρ
3072 2256 3345 2328 κεφαλῆς
3390 2256 3593 2312 αὐτῶν

1916 2349 2164 2413 ἄνωθεν,
2204 2348 2301 2402 καί
2322 2352 2383 2403 al
2412 2350 2703 2420 πτέρυγες
2724 2349 2925 2404 αὐτῶν
2970 2346 3208 2416 ἑκάστῳ
3244 2347 3375 2414 δύο,
3407 2348 3593 2401 καλύ-

1918 2451 2175 2490 πτουσαι
2217 2439 2289 2493 τὰ
2321 2436 2565 2506 σώματα
2615 2437 2838 2502 αὑτῶν,
2870 2437 2969 2490 καὶ
3004 2435 3284 2504 ὑπεράνω
3307 2434 3415 2489 τοῦ
3452 2452 3595 2488 στει-

1908 2526 2211 2594 ρεώματος
2235 2569 2250 2590 ,
2281 2526 2362 2592 ὡς
2402 2526 2611 2594 ὅρασις
2663 2528 2840 2580 λίθου
2884 2526 3256 2593 σαπφείρου’
3307 2523 3457 2596 [468]
3494 2521 3593 2577 καί

1918 2616 2178 2683 ὁμοίωμα
2223 2614 2440 2681 θρόνου
2486 2614 2579 2666 ἐπ’
2607 2611 2790 2679 αὐτῷ,
2818 2613 2917 2666 καί
2956 2612 3055 2667 ἐπὶ
3098 2613 3203 2667 τοῦ
3230 2611 3595 2682 όμοιὼματος

1919 2701 2024 2754 τοῦ
2051 2703 2267 2770 θρόνου
2312 2702 2574 2771 ὁμοίωμα
2605 2702 2685 2767 ὡς
2714 2696 2875 2767 εἶδος
2917 2699 3232 2769 ἀνθρώπου
3265 2700 3359 2753 ἐπ’
3408 2698 3591 2765 αὐτῷ.

1920 2790 2026 2843 Καὶ
2058 2785 2220 2843 εἶδον
2238 2790 2317 2856 ὠς
2343 2789 2561 2857 ὅρασιν
2574 2787 2894 2857 ἠλέκτρου,
2924 2789 3041 2843 ἀπὸ
3069 2787 3338 2856 ὁράσεως
3360 2788 3595 2856 ὀσφύος

1919 2879 2017 2932 καὶ
2034 2878 2144 2944 ἕως
2158 2877 2378 2941 ἐπάνω,
2394 2878 2489 2931 καὶ
2508 2878 2626 2932 ἀπὸ
2644 2878 2909 2946 ὁράσεως
2922 2878 3152 2947 ὀσφύος
3172 2875 3392 2942 καὶέως
3413 2877 3592 2938 κάτω,

1918 2968 1998 3033 ὡς
2036 2966 2249 3035 ὅρασιν
2293 2967 2505 3034 πυρὸς,
2549 2966 2649 3020 καὶ
2683 2966 2750 3019 τὸ
2791 2966 3011 3037 φέγγος
3052 2965 3241 3020 αὑτοῦ
3276 2966 3358 3030 ὡς
3386 2965 3596 3034 ὅρασις

1920 3056 2121 3121 τόξου,
2148 3055 2293 3110 ὅταν
2312 3050 2352 3126 ᾖ
2380 3056 2449 3109 ἐν
2472 3054 2547 3123 τῇ
2579 3055 2807 3125 νεφέλῃ
2823 3056 2894 3109 ἐν
2918 3054 3108 3125 ἡμέρᾳ
3140 3053 3339 3110 ὑετοῦ.
3360 3054 3471 3108 Καὶ
3501 3070 3597 3124 με·

1918 3144 1989 3199 τὰ
2014 3143 2183 3199 ταῦτα
2222 3144 2398 3198 πάντα
2426 3143 2748 3215 βουλόμενος
2770 3142 2963 3210 δεῖξαι,
2980 3144 3063 3197 ὅτι
3088 3140 3212 3196 οὔτε
3240 3143 3592 3214 όπροφήτης,

1918 3232 2044 3286 οὔτε
2088 3235 2144 3287 αἱ
2173 3233 2427 3305 δυνάμεις
2464 3233 2670 3287 ἐκεῖναι
2713 3232 2942 3304 ἀκράτῳ
2983 3230 3324 3303 προσέϐαλον
3358 3232 3494 3303 αὐτῇ
3527 3232 3595 3302 τῇ

1920 3321 2097 3392 οὐσίᾳ,
2125 3320 2324 3392 φησιν’
2359 3321 2519 3389 Αὕτη
2558 3322 2597 3389 ἡ
2633 3321 2843 3389 ὅρασις
2882 3319 3246 3390 όμοιώματος
3277 3318 3461 3387 δόξης
3483 3323 3599 3375 Κυ-

1914 3411 2075 3478 ρίου.
2131 3406 2283 3474 Εἶδες
2325 3410 2486 3464 κάκεῖ
2523 3410 2616 3464 καὶ
2669 3409 2904 3464 ἐνταῦθα
2945 3408 3394 3479 συγκατάϐασιν;
3455 3406 3600 3461 Ἀλλ’

1922 3502 2072 3572 ὅμως
2122 3501 2218 3554 καὶ
2246 3500 2407 3554 αὑταὶ
2450 3501 2507 3554 al
2541 3499 2802 3570 δυνάμεις
2839 3498 3207 3552 καλύπτουσιν
3251 3498 3450 3560 ἑαυτάς
3478 3498 3599 3561 ταῖς

1924 3589 2172 3660 πτέρυξι,
2202 3589 2267 3643 δι’
2290 3590 2441 3643 οὐδὲν
2466 3589 2655 3659 ἕτερον
2677 3587 2710 3658 ἢ
2738 3586 2829 3640 διά
2848 3587 3027 3651 τοῦτο,
3060 3588 3237 3641 καίτοι
3260 3602 3324 3654 γε
3358 3584 3601 3655 σοφώτα-

1904 3668 2015 3732 λται
2040 3678 2134 3732 καὶ
2159 3675 2607 3746 γνωστικώταται
2637 3676 2734 3730 καὶ
2763 3673 3152 3745 καθαρώταταί
3191 3676 3329 3728 εἰσιν
3359 3674 3415 3726 αἱ
3445 3672 3603 3725 δυνά-

1926 3783 2050 3835 μεις
2078 3760 2258 3820 αὗται.
2321 3764 2491 3818 Πόθεν
2538 3763 2732 3834 δῆλον;
2778 3764 2907 3817 Ἀπ’
2941 3763 3122 3816 αὐτῶν
3155 3762 3265 3815 τῶν
3297 3761 3599 3832 ὀνομάτων.

1927 3854 2137 3925 Ὥσπερ
2164 3853 2271 3924 γάρ
2298 3852 2528 3921 ἄγγελος
2564 3850 2804 3921 λέγεται,
2842 3849 3030 3921 ἐπειδὴ
3068 3851 3138 3904 τὰ
3176 3847 3271 3901 τοῦ
3317 3847 3453 3901 Θεοῦ
3489 3849 3603 3909 τοῖς

1925 3941 2232 4014 ἀνθρώποις
2264 3939 2605 4009 ἀναγγέλλει,
2632 3942 2727 3994 καὶ
2756 3938 3097 4012 ἀρχάγγελος
3134 3937 3374 4006 λέγεται,
3415 3935 3603 4007 ἐπειδὴ

1926 4034 2039 4088 τῶν
2065 4032 2313 4103 ἀγγέλων
2347 4033 2526 4104 ἄρχει,
2544 4030 2690 4085 οῦτω
2710 4030 2803 4084 καὶ
2831 4022 2993 4084 αὗται
3023 4026 3396 4100 προσηγορίας
3418 4026 3603 4097 ἔχουσι

1926 4126 2026 4193 τὴν
2050 4124 2240 4192 σοφίαν
2270 4121 2450 4175 αὐτῶν
2471 4122 2566 4174 καὶ
2589 4118 2940 4189 καθαρότητα
2964 4116 3144 4170 αὐτῶν
3163 4114 3429 4186 δηλούσας
3449 4115 3601 4185 ἡμῖν’

1930 4207 2024 4259 καὶ
2060 4205 2248 4277 ὥσπερ
2280 4208 2339 4259 αἱ
2368 4204 2639 4276 πτέρυγες
2659 4203 2720 4256 τὸ
2756 4201 2890 4272 ῦψος
2917 4203 3243 4273 ἐμφαίνουσι
3259 4201 3359 4269 τῆς
3388 4198 3606 4268 φύσεως

1931 4290 2193 4362 (καὶγὰρ
2234 4292 2265 4344 6
2307 4287 2547 4360 Γαϐριὴλ
2593 4287 2891 4358 πετόμενος
2945 4286 3227 4355 φαίνεται,
3271 4285 3373 4337 οὐκ
3420 4280 3607 4353 ἐπειδὴ

1934 4374 2108 4444 πτερά
2156 4374 2287 4446 περὶ
2327 4373 2419 4427 τὸν
2466 4372 2733 4441 ἄγγελον,
2766 4371 2883 4425 ἀλλ’
2915 4370 3003 4423 ἵνα
3048 4368 3246 4440 μάθῃς,
3272 4368 3355 4420 ὅτι
3402 4367 3466 4419 ὲκ
3497 4363 3608 4417 τῶν

1933 4458 2285 4530 ὑψηλοτάτων
2346 4456 2563 4529 χωρίων
2637 4456 2732 4509 καὶ⁵
2789 4454 2899 4508 τῶν
2944 4454 3058 4508 ἀνω
3109 4450 3403 4523 διατριϐῶν
3472 4449 3609 4519 πρὸς

1931 4542 2030 4613 τὴν
2085 4542 2435 4615 ἀνθρωπίνην
2493 4544 2717 4609 ἀφῖκται
2774 4539 3008 4609 φύσιν)·
3065 4537 3212 4591 οὕτω
3261 4536 3319 4590 δὲ
3364 4536 3459 4589 καὶ
3512 4534 3609 4586 ἐπὶ

1931 4627 2135 4680 τούτων
2176 4625 2328 4678 οὐδὲν
2377 4624 2505 4678 ἄλλο
2546 4624 2697 4695 δηλοῖ
2733 4625 2802 4677 τά
2856 4621 3052 4694 πτερὰ,
3092 4621 3126 4693 ἢ
3165 4621 3227 4674 τὸ
3259 4623 3358 4690 τῆς
3394 4617 3609 4688 φύσεως

1933 4710 2086 4775 ὕψος.
2121 4711 2335 4781 Ὥσπερ
2370 4704 2462 4762 οὖν
2494 4710 2552 4763 αί
2603 4707 2872 4779 πτέρυγες
2916 4706 2976 4760 τὸ
3016 4706 3115 4777 τῆς
3153 4704 3370 4776 φύσεως
3403 4701 3608 4772 ὑψηλὸν

1932 4795 2175 4867 δηλοῦσι,
2212 4796 2307 4849 καὶ
2339 4796 2367 4848 6
2396 4795 2584 4865 θρόνος
2631 4794 2693 4846 τὸ
2736 4793 2825 4846 τὸν
2864 4791 2996 4845 Θεὸν
3042 4791 3229 4853 αὐτοῖς
3265 4785 3610 4842 ἐπαναπαύεο

1935 4879 2081 4943 σθαι,
2119 4884 2213 4937 καί
2244 4881 2293 4933 οί
2319 4878 2589 4951 ὀφθαλμοὶ
2614 4876 2676 4931 τὸ
2696 4875 3022 4948 διορατικὸν,
3049 4875 3145 4928 καὶ
3173 4875 3233 4928 τὸ
3268 4870 3609 4942 ὲγγὺς¹εἶναι

1931 4963 2027 5017 τοῦ
2074 4962 2266 5035 θρόνου
2310 4963 2405 5017 καὶ
2435 4963 2497 5016 τὸ
2536 4961 2829 5024 διαπαντὸς
2859 4960 3022 5014 αὑτὸν
3061 4960 3319 5028 ἀνυμνεῖν
3352 4957 3413 5021 τὸ
3438 4958 3611 5028 ἄγρυ-

1934 5066 2066 5103 πνον
2096 5051 2191 5102 καὶ
2229 5048 2552 5120 ἐγρηγορὸς,
2583 5046 2725 5099 οὕτω
2759 5044 2822 5115 δὴ
2863 5046 2960 5097 καὶ
2989 5043 3057 5096 τὰ
3093 5042 3336 5112 ὀνόματα
3365 5040 3475 5094 τῶν
3509 5043 3610 5112 μὲν

1933 5134 2032 5200 τὴν
2058 5134 2271 5201 σοφίαν,
2300 5132 2408 5185 τῶν
2434 5133 2489 5185 δὲ
2526 5130 2626 5201 τὴν
2662 5128 3011 5198 καθαρότητα
3051 5126 3219 5199 δηλοῖ.
3247 5124 3312 5177 Τί
3344 5126 3452 5196 γάρ
3495 5126 3612 5178 ἐστι

1935 5215 2249 5288 Χερουϐίμ;
2276 5212 2703 5285 πεπληθυσμένη
2736 5210 2959 5281 γνῶσις.
2993 5209 3059 5261 Τί
3098 5207 3156 5261 δὲ
3184 5207 3473 5279 Σεραφίμ;
3511 5206 3613 5278 έμ-

1938 5318 2089 5374 πυρα
2121 5300 2387 5371 στόματα.
2423 5294 2575 5361 Εἶδες
2606 5298 2721 5361 πῶς
2749 5298 2844 5349 καὶ
2878 5296 2977 5366 τὴν
3014 5293 3366 5367 καθαρότητα
3392 5293 3486 5346 καὶ
3508 5293 3613 5365 τὴν

1939 5385 2131 5455 σοφίαν
2167 5385 2235 5438 τά
2273 5384 2513 5455 ὀνόματα
2564 5382 2981 5453 παρεδήλωσενς
3028 5381 3089 5433 El
3121 5379 3202 5442 δὲ,
3237 5377 3365 5431 ἔνθα
3410 5378 3615 5449 πεπλη-

1936 5470 2180 5542 θυσμένη
2203 5469 2427 5538 γνῶσις,
2460 5468 2578 5521 οὐδὲ
2612 5464 3021 5534 συγκατάϐασιν
3044 5462 3181 5517 Θεοῦ
3204 5462 3461 5516 δύνανται
3486 5462 3613 5515 ἰδεῖν

1940 5555 2081 5627 μετὰ
2125 5553 2432 5625 ἀκριϐείας,
2472 5551 2640 5605 ἕνθαι)
2670 5550 2872 5622 μερικὴ
2917 5549 3139 5618 γνῶσις,
3182 5546 3364 5611 καθὼς
3403 5546 3614 5610 Παῦλός

1938 5657 2132 5710 φησιν,
2188 5639 2284 5691 Ἐκ
2317 5636 2541 5706 μέρους
2582 5634 2980 5705 γινώσκομεν,
3023 5635 3120 5689 καὶ
3172 5633 3247 5687 δι’
3280 5632 3612 5700 ἐσόπτρου,

1938 5725 2037 5779 καὶ
2061 5725 2131 5779 ἐν
2158 5722 2477 5793 αἰνίγματι,
2503 5720 2680 5791 πόσης
2711 5721 2970 5783 ἀπονοίας
3005 5720 3072 5773 ἂν
3101 5718 3210 5788 εἴη,
3231 5718 3300 5771 τά
3325 5717 3459 5787 μηδὲ
3476 5714 3616 5768 ὲκεί-

1936 5827 2047 5872 νοις
2081 5807 2269 5871 θεατὰ,
2310 5807 2487 5862 ταῦτα
2532 5807 2718 5872 αὐτοῖς
2761 5806 3004 5878 νομίζειν
3038 5801 3179 5860 εἶναι
3230 5801 3484 5873 γνώριμα
3518 5799 3614 5855 καὶ

1943 5898 2229 5965 καταφανῆ
2245 5914 2261 5962 ;

2002 6018 2030 6059 δ
2054 6020 2147 6068 Alii
2173 6020 2363 6068 δύναται
2387 6022 2499 6069 ἰδεῖν
2524 6023 2622 6083 μετ’
2654 6022 2828 6077 ἀδείας.
2855 6023 2977 6070 ἔνθα.

3190 6085 3260 6145 13
