3868 6236
346 283 450 342 725

415 410 487 469 ς’.
517 396 636 455 Ὀτι
657 400 713 454 δὲ
733 402 796 457 06
815 402 928 462 τοῖς
951 397 1224 472 Χερουϐὶμ
1239 438 1253 463 ,
1273 398 1394 451 οὐδὲ
1416 399 1528 460 τοῖς
1553 397 1804 468 Σεραφίμ
1826 396 2008 468 μόνον,

342 491 458 546 ἀλλ’
490 489 611 544 οὐδέ
638 490 856 561 ἀρχαῖς,
878 487 999 540 οὐδὲ
1030 487 1324 550 ἐξουσίαις,
1356 486 1476 539 οὐδὲ
1503 486 1637 558 ἄλλῃ
1673 486 1778 538 τινὶ
1808 486 2005 555 κτιστῇ

341 579 568 650 δυνάμει
595 576 948 648 κατάληπτός
979 577 1126 628 ἐστιν
1155 576 1184 626 6
1215 575 1370 639 Θεὸς,
1404 574 1498 628 καὶ
1529 573 1685 625 τοῦτο
1712 572 2012 644 ἐϐουλόμην

341 667 622 735 ἀποδεῖξαι
644 667 760 731 νῦν,
784 665 899 719 ἀλλ’
934 664 1140 735 ἔκαμεν
1175 664 1309 734 ἡμῖν
1348 664 1382 735 ή
1418 661 1650 725 διάνοια,
1679 661 1741 715 οὐ
1769 661 1846 732 τῷ
1878 661 2011 733 πλήο

342 758 444 822 θει,
470 756 605 811 ἀλλά
621 759 686 827 τῇ
717 755 888 827 φρίκῃ
918 753 1028 807 τῶν
1064 752 1392 824 εἰρημένων.
1419 752 1626 823 Τρέμει
1659 750 1770 823 γὰρ
1791 751 1887 804 καὶ
1922 753 2014 804 ἐκο

348 846 652 918 πέπληκται
695 846 728 915 ή
768 844 916 915 ψυχὴ
962 843 1056 894 ἐπί
1096 842 1231 896 πολὺ
1273 844 1395 904 ταῖς
1435 841 1547 895 ἄνω
1595 839 2013 910 ἐνδιατρίϐουσα
2059 910 2075 921 .

340 935 618 1007 θεωρίαις.
656 934 748 987 Διὸ
793 933 928 1005 φέρε
965 932 1140 1003 αὐτὴν
1175 931 1240 984 ἐκ
1281 930 1393 982 τῶν
1434 927 1682 1000 οὐρανῶν
1710 927 2011 981 καταϐιϐά-

342 1041 526 1094 σωμεν
540 1023 635 1077 καὶ
672 1023 1167 1093 ψυχαγωγήσωμεν
1201 1017 1760 1088 καταπεπληγμένην,
1787 1016 1880 1069 ἐπὶ
1912 1017 2011 1088 τὴν

341 1107 550 1178 συνήθη
585 1107 1002 1175 καταφυγόντες
1029 1104 1398 1175 παράκλησιν.
1429 1104 1526 1167 Τίς
1557 1103 1615 1155 δέ
1651 1102 1791 1172 αῦτη
1827 1101 2007 1165 ἐστίν;

339 1195 612 1267 Εὗχεσθαι
641 1196 768 1259 τοὺς
803 1195 874 1249 τὰ
912 1194 1138 1248 τοιαῦτα
1171 1193 1464 1256 νοσοῦντας
1501 1191 1718 1262 ὑγιᾶναί
1755 1209 1909 1244 ποτε.
1946 1191 2009 1243 Εἰ

341 1285 446 1358 γὰρ
485 1285 626 1355 ὑπὲρ
645 1284 752 1336 τῶν
781 1284 839 1336 ἐν
866 1283 1065 1347 νόσοις,
1099 1281 1158 1334 ἐν
1191 1280 1494 1351 μετάλλοις,
1521 1282 1580 1334 ἐν
1605 1280 1871 1352 σκληραῖς
1893 1279 2012 1332 δου-

343 1373 533 1437 λείαις,
564 1372 659 1425 καὶ
700 1371 843 1442 ὺπέρ
895 1371 1007 1422 τῶν
1054 1369 1463 1439 ἐνεργουμένων
1518 1368 1853 1440 κελευόμεθα
1919 1366 2012 1420 τὸν

340 1459 476 1514 Θεὸν
504 1459 866 1532 παρακαλεῖν,
892 1457 1043 1526 πόσῳ
1075 1455 1275 1526 μᾶλλον
1298 1456 1437 1526 ὑπὲρ
1464 1454 1698 1520 τούτων;
1742 1455 1895 1507 Ἐπεὶ
1920 1454 2014 1506 καὶ

340 1548 700 1620 χαλεπωτέρα
745 1547 842 1600 τοῦ
888 1545 1140 1615 δαίμονος
1179 1547 1212 1617 ἡ
1255 1543 1516 1598 ἀσέϐεια·
1553 1537 1734 1612 ἐκείνη
1771 1542 1869 1613 μὲν
1903 1541 2011 1612 γὰρ

339 1639 453 1708 ἔχει
487 1635 821 1707 συγγνώμην
857 1637 890 1707 ἡ
926 1633 1112 1705 μανία,
1143 1632 1283 1704 αῦτη
1330 1632 1388 1685 δέ
1423 1634 1603 1703 πάσης
1647 1629 1944 1699 ἀπολογίας
1977 1633 2010 1702 ἡ

338 1731 496 1793 νόσος
536 1726 850 1797 ἐστέρηται.
897 1723 1036 1775 Ἀλλ’
1070 1723 1260 1794 ἐπειδὴ
1301 1722 1402 1793 τῆς
1436 1722 1578 1794 ὑπὲρ
1615 1720 1722 1774 τῶν
1758 1723 2014 1791 ἐνεργου-

343 1814 523 1891 μένων
551 1815 836 1888 ἐμνήσθην
863 1815 1049 1885 εὐχῆς,
1075 1812 1339 1883 βούλομαί
1370 1829 1423 1866 τι
1447 1813 1582 1883 πρὸς
1611 1810 1710 1882 τὴν
1739 1811 2012 1882 ὑμετέραν

335 1894 686 1980 διαλεχθῆναι
719 1906 963 1977 ἀγάπην,
994 1907 1089 1958 καὶ
1119 1905 1333 1975 νόσημα
1361 1902 1512 1976 [669]
1538 1903 1636 1973 τῆς
1685 1902 2013 1974 Ἐκκλησίας

339 1997 571 2068 ἐκκόψαι
605 1995 866 2067 χαλεπόν.
910 1995 1021 2047 Καὶ
1051 1994 1160 2066 γάρ
1185 1994 1388 2048 ἄτοπον
1423 1994 1488 2046 ἂν
1523 1992 1610 2064 εἴη
1644 1993 1774 2056 τοὺς
1814 1991 2014 2055 ἔξωθεν

342 2085 484 2158 μετά
534 2083 810 2154 τοσαύτης
865 2082 1215 2154 ἰατρεύοντας
1266 2081 1582 2151 ἐπιμελείας
1632 2080 1742 2134 τῶν
1791 2081 2014 2134 οἰκείων

339 2169 705 2239 καταφρονεῖν
748 2166 949 2237 μελῶν.
999 2165 1067 2218 Τί
1115 2167 1234 2218 ποτ’
1265 2161 1356 2218 06v
1392 2167 1508 2218 ἐστι
1546 2165 1609 2218 τὸ
1659 2165 1910 2235 νόσημα;
1941 2165 2014 2218 Τὸ

340 2254 545 2327 πλῆθος
575 2255 736 2308 τοῦτο
767 2255 828 2306 τὸ
865 2254 1094 2322 ἄφατον.
1126 2252 1186 2305 τὸ
1216 2250 1724 2324 συγκεκροτημένον
1761 2251 1878 2316 νῦν,
1920 2252 2014 2304 καὶ

344 2341 484 2411 μετά
507 2340 778 2410 τοσαύτης
806 2337 1095 2410 ἀκριϐείας
1126 2339 1392 2409 προσέχον
1421 2340 1536 2398 τοῖς
1559 2336 1894 2408 λεγομένοις,
1913 2353 2015 2390 κα-

339 2429 412 2484 10
437 2431 538 2501 τὴν
572 2428 1019 2500 φρικωδεστάτην
1053 2426 1201 2498 ὥραν
1254 2426 1468 2496 ἐκείνην
1513 2425 1774 2488 πολλάκις
1821 2425 2015 2494 ἐπιζη-

339 2519 513 2591 τήσας
543 2518 672 2570 ἰδεῖν
697 2517 799 2569 οὐκ
820 2515 1112 2586 ἠδυνήθην,
1146 2515 1238 2568 καὶ
1266 2513 1472 2585 σφόδρα
1505 2513 1788 2580 ἐστέναξα,
1811 2515 1894 2567 ὅτι
1919 2512 2013 2566 τοῦ

345 2607 446 2678 μὲν
493 2605 776 2660 συνδούλου
796 2602 1180 2674 διαλεγομένου
1218 2602 1386 2672 πολλὴ
1437 2603 1469 2672 ή
1518 2602 1739 2674 σπουδὴ,
1771 2605 2015 2656 ἐπιτετα-

347 2696 485 2767 μένη
519 2693 858 2767 ήλπροθυμία
886 2691 996 2744 τῶν
1025 2690 1416 2744 συνωθούντων
1439 2690 1703 2763 ἀλλήλους
1732 2692 1826 2744 καί
1851 2692 2014 2763 μέχρι

341 2783 531 2845 τέλους
564 2780 1014 2851 παραμενόντων,
1045 2778 1140 2832 τοῦ
1173 2779 1232 2832 δέ
1268 2777 1507 2850 Χριστοῦ
1537 2778 1841 2853 ¹φαίνεσθαι
1872 2778 2016 2849 μέλ-

340 2871 523 2933 λοντος
555 2867 648 2922 ἐπὶ
683 2867 794 2920 τῶν
827 2866 988 2937 ἱερῶν
1037 2867 1374 2936 μυστηρίων,
1410 2865 1540 2937 κενὴ
1591 2867 1688 2918 καὶ
1736 2864 1939 2936 ἔρημος
1979 2867 2014 2937 ἡ

353 2956 651 3028 Ἐκκλησία
665 2955 892 3024 γίνεται.
907 2954 1020 3008 Καὶ
1035 2952 1138 3005 ποῦ
1156 2952 1328 3006 ταῦτα
1345 2953 1674 3025 συγγνώμης
1690 2950 1843 3019 ἄξια;
1885 2954 2016 3006 Ἀπὸ

340 3046 442 3116 τῆς
488 3044 764 3116 ῥᾳθυμίας
802 3040 1011 3112 ταύτης
1049 3043 1145 3096 καὶ
1186 3043 1313 3106 τοὺς
1353 3043 1607 3105 ἐπαίνους
1652 3043 1778 3106 τοὺς
1811 3043 1904 3096 ἐπὶ
1946 3044 2012 3114 τῇ

343 3132 616 3204 κατάντὴν
647 3131 912 3202 ἀκρόασιν
959 3129 1160 3200 σπουδῇ
1206 3130 1414 3192 πάντας
1452 3129 1740 3183 ἀπόλλυτε.
1772 3129 1868 3193 Τίς
1906 3129 2016 3201 γὰρ

344 3221 499 3294 ὑμῶν
533 3221 594 3274 06
630 3218 1046 3288 καταγνώσεται
1072 3221 1168 3272 καὶ
1196 3218 1374 3290 ήμῶν,
1403 3221 1529 3272 ὅταν
1562 3219 1645 3292 ίδῃ
1675 3220 1767 3272 τὸν
1805 3219 2016 3292 καρπὸν

342 3295 448 3386 τῆς
486 3308 805 3383 ἀκροάσεως
833 3307 1035 3373 εὐθέως
1070 3308 1200 3379 ὑμῖν
1227 3307 1587 3379 διαρῤυέντας
1629 3309 1692 3362 Εἰ
1722 3308 1832 3380 γὰρ
1875 3309 2016 3380 μετά

345 3401 632 3474 ἀκριϐείας
663 3399 984 3471 προσείχετε
1027 3401 1140 3460 τοῖς
1182 3397 1519 3468 λεγομένοις,
1551 3397 1639 3452 διὰ
1683 3398 1790 3452 τῶν
1837 3398 2015 3470 ἐργων

348 3492 416 3546 ἀν
451 3488 802 3554 ἐπεδείξασθε
839 3478 938 3558 τὴν
973 3485 1209 3557 σπουδήν
1230 3501 1245 3516 ·
1285 3486 1346 3538 τὸ
1383 3485 1439 3538 δέ
1469 3484 1675 3550 εὐθέως
1717 3486 2016 3551 ἀκούοντας

347 3579 635 3649 ἀποπηδᾷν
659 3576 885 3648 σημεῖόν
913 3575 1036 3640 ἐστι,
1055 3573 1150 3627 τοῦ
1177 3574 1342 3646 μηδὲν
1366 3573 1622 3639 δέξασθαι
1646 3575 1755 3629 τῶν
1786 3577 2015 3647 εἰρημέ-

347 3685 452 3721 νων
480 3667 572 3720 καί
605 3662 969 3718 ἐναποθέσθαι
1003 3664 1070 3733 τῇ
1096 3661 1324 3734 διανοίᾳ.
1357 3662 1420 3715 Et
1453 3661 1562 3735 γὰρ
1598 3663 1918 3718 ἐναπέκειτο
1947 3666 2015 3719 τὰ

345 3753 612 3825 λεγόμενα
639 3753 758 3815 ταῖς
789 3750 1010 3821 ψυχαῖς,
1046 3750 1264 3814 πάντως
1294 3749 1360 3804 ἂν
1392 3751 1535 3820 ὑμᾶς
1576 3750 1723 3804 ἔνδον
1756 3751 2012 3821 κατέσχε,

343 3843 441 3897 καὶ
480 3842 619 3914 πρὸς
667 3839 740 3893 τὰ
783 3839 1204 3912 φρικωδέστατα
1241 3838 1381 3909 μετά
1412 3839 1658 3903 πλείονος
1691 3838 1971 3904 εὐσεϐείας
1993 3849 2015 3872 ⁸

343 3929 697 4004 παρέπεμψε.
733 3928 848 3983 Νῦν
890 3927 950 3982 δέ
993 3927 1185 3998 ῶσπερ
1219 3926 1531 3999 κιθαρῳδοῦ
1571 3945 1719 3992 τινος
1742 3929 2014 3984 ἀκούσαν-

342 4036 457 4085 τες,
497 4017 671 4082 οὓτως
707 4016 903 4088 ἔρημοι
954 4015 1136 4086 πάσης
1183 4015 1469 4085 ὠφελείας,
1512 4017 1862 4088 παυσαμένου
1914 4017 2012 4071 τοῦ

343 4110 617 4179 λέγοντος,
651 4107 1005 4177 ἀναχωρεῖτε.
1049 4103 1214 4157 Ἀλλά
1244 4104 1330 4168 τίς
1361 4106 1393 4175 ή
1418 4104 1605 4178 ψυχρά
1655 4106 1763 4158 τῶν
1792 4106 2012 4161 ’πολλῶν

344 4199 642 4268 ἀπολογία;
668 4195 964 4261 Εὐξασθαι,
992 4196 1147 4267 φησί,
1179 4196 1276 4248 καί
1307 4195 1404 4248 ἐπὶ
1435 4195 1535 4266 τῆς
1556 4197 1736 4260 οἰκίας
1753 4197 2010 4269 δύναμαι,

343 4290 561 4364 ὁμιλίας
586 4284 648 4342 δὲ
683 4285 915 4341 ἀκοῦσαι
942 4285 1034 4337 καὶ
1056 4284 1403 4348 διδασκαλίας
1428 4286 1489 4338 06
1525 4285 1754 4340 δυνατὸν
1783 4288 1878 4341 ἐπὶ
1910 4288 2014 4358 τῆς

343 4377 540 4439 οἰκίας.
583 4373 823 4443 Ἀπατᾷς
865 4371 1083 4435 σαυτὸν,
1127 4371 1412 4442 ἄνθρωπε·
1451 4371 1711 4439 εὔξασθαι
1757 4374 1858 4445 μὲν
1903 4376 2013 4448 γὰρ

344 4467 440 4520 καὶ
479 4463 572 4517 ἐπὶ
607 4462 706 4532 τῆς
744 4460 920 4523 οἰκίας
955 4459 1204 4523 δυνατὸν,
1231 4459 1372 4514 οῦτω
1410 4459 1468 4514 δὲ
1514 4459 1774 4527 εὔξασθαι
1806 4462 1882 4528 ὡς
1922 4466 2013 4517 ἐπὶ

341 4553 440 4624 τῆς
483 4547 810 4621 Ἐκκλησίας
835 4548 1114 4610 ἀδύνατον,
1147 4549 1279 4601 ὅπου
1304 4550 1564 4621 Πατέρων
1608 4549 1808 4622 πλῆθος
1832 4551 2015 4607 τοσοῦ-

342 4656 456 4704 τον,
487 4639 620 4692 ὅπου
646 4635 742 4707 βοὴ
778 4634 914 4706 πρὸς
951 4635 1043 4688 τὸν
1077 4635 1210 4688 Θεὸν
1234 4636 1578 4707 ὁμοθυμαδὸν
1602 4637 2008 4709 ἀναπέμπεται,

344 4726 457 4797 Οὐχ
497 4724 671 4787 οὕτως
709 4721 970 4795 εἰσακούῃ
1005 4722 1149 4776 κατά
1182 4724 1376 4777 σαυτὸν
1417 4724 1506 4777 τὸν
1537 4726 1814 4796 Δεσπότην
1841 4745 2015 4799 παρα-

344 4813 550 4877 καλῶν,
578 4813 654 4876 ὠς
697 4811 836 4882 μετὰ
862 4811 970 4864 τῶν
1007 4811 1250 4880 ἀδελφῶν
1288 4811 1396 4865 τῶν
1429 4813 1554 4866 σῶν.
1604 4814 2011 4888 Ἐνταῦθαγάρ

343 4903 459 4957 ἐστί
484 4920 538 4956 τι
573 4901 758 4963 πλέον,
783 4893 894 4952 οἷον
924 4901 956 4971 ή
987 4899 1210 4970 ὁμόνοια
1241 4901 1334 4953 καὶ
1362 4904 1395 4970 ή
1429 4903 1740 4972 συμφωνία,
1782 4904 1874 4957 καὶ
1912 4905 2012 4975 τῆς

341 4992 564 5063 ἀγάπης
594 4992 622 5044 6
651 4989 970 5066 σύνδεσμος,
995 4989 1089 5041 καὶ
1126 4989 1183 5041 αἱ
1211 4988 1317 5042 τῶν
1352 4989 1540 5060 ἰερέων
1573 4990 1749 5060 εὐχαί.
1781 4991 1879 5046 Διά
1903 4993 2010 5066 γὰρ

341 5078 498 5133 τοῦτο
521 5079 570 5132 οἰ
608 5079 774 5149 ίερεῖς
796 5079 1223 5148 προεστήκασιν,
1249 5077 1336 5129 ἴνα
1373 5078 1428 5129 αἱ
1462 5077 1556 5130 τοῦ
1589 5077 1826 5149 πλήθους
1855 5081 2012 5150 εὐχαὶ

340 5166 725 5238 ἀσθενέστεραι
773 5160 953 5230 οὖσαι,
977 5164 1086 5218 τῶν
1120 5163 1505 5234 δυνατωτέρων
1529 5165 1734 5219 τούτων
1764 5167 2014 5222 ἐπιλαϐό-

345 5271 526 5326 μεναι,
553 5253 688 5323 ὁμοῦ
715 5253 1107 5308 συνανέλθωσιν
1131 5253 1319 5318 αὐταῖς
1355 5254 1434 5316 εἰς
1465 5253 1558 5307 τὸν
1592 5246 1849 5326 οὐρανόν.¹
1877 5257 2010 5310 Ἀλ-

341 5342 448 5404 λως
468 5341 524 5394 δὲ
545 5341 598 5392 τί
615 5341 808 5409 γένοιτ’
835 5341 899 5394 ἂν
928 5341 1118 5409 ὄφελος
1144 5341 1381 5412 ὁμιλίας,
1404 5341 1530 5395 ὅταν
1554 5343 1687 5416 εὐχὴ
1716 5343 1792 5414 μὴ
1881 5362 2009 5399 συν-

339 5427 674 5502 εζευγμένης
705 5425 979 5500 Πρότερον
1025 5429 1182 5501 εὐχὴ,
1219 5429 1314 5482 καί⁸
1358 5429 1478 5483 τότε
1519 5429 1707 5499 λόγος·
1745 5431 1888 5486 οὕτω
1914 5435 2010 5487 καὶ

339 5520 389 5571 οἰ
426 5517 717 5571 ἀπόστολοί
761 5534 956 5586 φασιν·
1003 5517 1193 5587 Ἡμεῖς
1230 5517 1299 5570 δὲ
1333 5517 1410 5587 τῇ
1452 5519 1768 5590 προσευχῇ
1803 5522 1902 5576 καὶ
1933 5522 2011 5592 τῇ

337 5604 613 5672 διακονίᾳ
643 5603 751 5658 τοῦ
793 5605 980 5674 λόγου
1011 5605 1647 5677 προσκαρτερήσωμεν.
1677 5608 1834 5662 Οὐτω
1862 5611 1954 5664 καὶ
1979 5613 2008 5664 ὁ

340 5693 548 5756 Παῦλος
572 5695 717 5745 ποιεῖ
751 5691 808 5744 ἐν
831 5694 942 5755 τοῖς
969 5693 1279 5764 προοιμίοις
1305 5693 1414 5747 τῶν
1446 5695 1748 5748 ἐπιστολῶν
1774 5698 2008 5768 εὐχόμε-

342 5799 447 5846 νος,
476 5781 544 5836 ἵν’
588 5781 774 5854 ῶσπερ
818 5780 1009 5852 λύχνου
1045 5781 1184 5852 φῶς,
1229 5780 1370 5836 οὕτω
1419 5783 1481 5836 τὸ
1529 5784 1629 5854 τῆς
1677 5786 1843 5857 εὐχῆς
1887 5785 2004 5856 φῶς

400 5904 429 5934 ⁸
447 5903 545 5954 Alii
569 5904 829 5963 εὐλαϐείας.

1127 282 1185 339 S.
1221 279 1507 338 JOANNIS
1545 277 2030 349 CHRYSOSTOMI
2071 279 2391 338 ABCHIEP.
2432 279 2982 340 CONSTANTINOP.
3689 281 3780 336 726

2117 398 2520 471 προοδοποιήσῃ
2561 397 2640 468 τῷ
2679 397 2844 469 λόγῳ.
2888 398 3016 453 Ἐὰν
3046 397 3236 470 ἐθίσῃς
3276 397 3512 452 σεαυτὸν
3544 395 3791 467 εὔχεσθαι

2119 484 2259 555 μετά
2293 473 2595 555 ἀκριϐείας,
2623 485 2684 537 οὐ
2719 485 2887 558 δεήσῃ
2916 485 3018 556 τῆς
3051 485 3204 555 παρά
3239 485 3348 540 τῶν
3382 483 3703 538 συνδούλων
3730 482 3792 534 6-.-
3866 473 3868 498 ί

2115 571 2428 636 δασκαλίας,
2454 571 2621 626 αὐτοῦ
2651 589 2734 624 σοι
2761 573 2854 625 τοῦ
2887 573 3023 627 Θεοῦ
3054 574 3225 646 χωρὶς
3252 572 3482 644 μεσίτου
3527 569 3680 630 τινὸς
3710 586 3793 621 κσ-
3866 577 3868 646 i

2115 659 2478 728 ταυγάζοντος
2515 658 2613 730 τὴν
2650 660 2908 714 διάνοιαν.
2950 663 3011 717 Εἰ
3041 661 3098 715 δὲ
3137 661 3271 734 εὐχὴ
3318 660 3490 730 μόνου
3535 657 3795 727 1000611.:

2115 747 2227 818 ἔχει
2255 745 2506 816 δύναμιν,
2545 747 2724 818 πολλῷ
2759 739 2960 818 μᾶλλον
2991 751 3023 818 ή
3070 750 3208 820 μετὰ
3245 747 3492 820 πλήθους
3516 763 3532 777 ·
3590 745 3795 817 μείζονα

2117 835 2224 907 Ὺάρ
2255 835 2462 906 ταύτης
2501 836 2571 889 τά
2611 837 2800 908 νεῦρα,
2844 839 2937 890 καὶ
2979 837 3179 892 πλείων
3225 839 3257 908 ἡ
3300 836 3608 908 παρρησία

2113 923 2212 992 τῆς
2238 925 2295 975 ἐν
2326 923 2476 995 οἰκίᾳ
2504 924 2598 977 καὶ
2635 924 2756 977 κατ’
2782 925 2940 978 ἰδίαν.
2979 925 3152 978 Πόθεν
3190 924 3350 978 τοῦτο
3393 924 3607 994 δῆλονς
3640 923 3796 974 A6105

2113 1011 2208 1064 τοῦ
2235 1011 2448 1066 Παύλου
2480 1004 2732 1088 λέγοντος
2753 1013 2983 1068 ἄκουσον
3001 1031 3016 1046 ·
3075 1017 3170 1082 Ὃς
3201 1015 3268 1067 ἐκ
3301 1013 3688 1082 τηλικούτου
3713 1015 3796 1066 θο-

2113 1098 2299 1154 γάτου
2325 1101 2622 1168 ἐρρύσατο
2649 1100 2828 1170 ἡμᾶς,
2861 1100 2960 1155 καί
2978 1102 3188 1169 ῥύεται
3204 1118 3218 1132 ·
3249 1097 3622 1170 ἠλπίκαμεν
3636 1098 3702 1151 δὲ
3725 1097 3797 1152 ὁτι

2116 1185 2215 1242 καί
2259 1187 2345 1241 ἔτι
2388 1189 2665 1256 ῥύσεται.
2707 1191 3300 1259 συνυπουργούντων
3345 1189 3450 1245 καί
3510 1187 3694 1257 ὑμῶν
3740 1187 3798 1256 τῇ

2115 1275 2322 1344 δεήσει
2344 1276 2496 1345 ὑπὲρ
2520 1275 2709 1346 ἡμῶν,
2735 1277 2837 1331 ἵνα
2858 1278 2924 1331 τό
2946 1280 3034 1344 εἰς
3054 1276 3213 1346 ἡμᾶς
3236 1277 3516 1348 χάρισμα
3541 1277 3650 1330 διὰ
3680 1281 3799 1332 πολ·

2115 1361 2244 1418 ,λῶν
2268 1365 2606 1434 προσώπων
2643 1366 3054 1436 εὐχαριστηθῇ
3089 1368 3243 1436 ὑπὲρ
3525 1367 3693 1421 οὕτω
3724 1369 3800 1420 καί

2117 1451 2321 1524 Πέτρος
2339 1455 2400 1507 τὸ
2418 1455 2788 1527 δεσμωτήριον
2811 1456 3052 1526 διέφυγε.
3074 1456 3393 1526 Προσευχὴ
3408 1457 3529 1526 γὰρ
3553 1452 3641 1525 ἦν
3659 1457 3800 1510 02:1:-
3866 1451 3868 1512 }

2116 1540 2369 1609 νὴςύπὸ
2400 1540 2512 1608 τῆς
2555 1539 2914 1610 Ἐκκλησίας
2943 1542 3097 1612 ὑπὲρ
3117 1544 3304 1598 αὐτοῦ
3327 1543 3641 1614 γινομένη
3670 1545 3799 1611 πρῦτς
3866 1549 3868 1598 ζ

2117 1628 2228 1682 τὸν
2259 1631 2438 1686 Θεόν.
2458 1632 2524 1684 Εἰ
2553 1630 2611 1684 δὲ
2632 1630 2838 1702 Πέτρον
2868 1629 3021 1704 [470]
3059 1632 3309 1704 ὠφέλησε
3330 1635 3433 1703 τῆς
3471 1632 3799 1703 Ἐκκλησία

2115 1724 2149 1792 ἡ
2171 1722 2326 1794 εὐχὴ,
2356 1721 2451 1775 καὶ
2473 1721 2566 1776 τὸν
2593 1721 2783 1774 στῦλον
2807 1723 3013 1777 ἐκεῖνον
3041 1723 3263 1790 ἐξέϐαλε
3279 1723 3373 1776 τοῦ
3392 1722 3797 1794 δεσμωτηρίου,
3866 1737 3868 1794 ξ

2119 1809 2237 1873 πῶς
2271 1810 2336 1862 06
2376 1812 2743 1882 καταφρονεῖς
2765 1809 2863 1880 τῆς
2885 1810 3165 1880 δυνάμεως
3187 1810 3388 1881 αὐτῆς,
3414 1811 3551 1864 εἰπέ
3579 1827 3695 1881 μοι,
3726 1814 3800 1862 100‘:

2119 1898 2277 1952 ποίαν
2305 1897 2453 1962 ἕξεις
2485 1899 2814 1967 ἀπολογίαν;
2844 1899 3111 1952 Ἀκουσον
3154 1900 3246 1953 καί
3286 1899 3462 1952 06106
3521 1897 3629 1951 106
3681 1899 3798 1951 Θεοῦ

2118 1985 2391 2054 λέγοντος,
2449 1987 2530 2040 ὅτι
2556 1984 2889 2040 δυσωπεῖται
2911 1987 2973 2040 τὸ
2999 1986 3205 2059 πλῆθος
3234 1987 3352 2058 μετ’
3382 1988 3622 2051 εὐνοίας
3653 1988 3799 2041 αὑτὸν

2120 2074 2493 2145 παρακαλοῦν.
2528 2076 2672 2146 Πρὸς
2705 2075 2812 2148 γὰρ
2851 2075 2944 2129 τὸν
2989 2076 3176 2130 Ἱωνᾶν
3202 2076 3693 2147 ἀπολογούμενος,
3724 2077 3798 2130 διὰ

2117 2163 2210 2216 τοῦ
2244 2163 2410 2232 φυτοῦ
2444 2163 2543 2234 τῆς
2579 2163 2928 2236 κολοκύντης,
2960 2165 3129 2234 φησί·
3155 2165 3240 2218 Σὺ
3256 2165 3374 2235 μὲν
3402 2166 3646 2235 ἐφείσω
3664 2166 3796 2233 ὑπὲρ

2118 2248 2230 2317 τῆς
2257 2251 2651 2318 κολοκύντης,
2677 2250 2838 2319 ὑπὲρ
2864 2246 2941 2323 ἧς
2967 2254 3079 2306 οὐκ
3131 2251 3640 2321 ἐκακοπάθησας,
3673 2253 3798 2311 οὐδὲ
3866 2246 3868 2300 Ἴ

2118 2337 2454 2406 ἐξέθρεψας
2478 2338 2673 2404 αὑτήν
2691 2355 2704 2369 ·
2743 2339 2858 2408 ἐγὼ
2886 2339 2953 2392 δὲ
2981 2341 3054 2393 οὐ
3088 2340 3372 2409 φείσομαι
3405 2343 3571 2408 ὑπὲρ
3601 2343 3798 2395 Νινειιῖ

2118 2425 2229 2494 τῆς
2267 2427 2501 2492 πόλεως
2528 2426 2638 2494 τῆς
2662 2427 2955 2497 μεγάλης,
2991 2428 3061 2482 ἐν
3086 2423 3126 2500 ᾗ
3156 2430 3519 2485 κατοικοῦσι
3555 2433 3795 2496 ,πλείους

2118 2513 2157 2581 ἢ
2203 2511 2432 2567 δώδεκα
2473 2513 2761 2584 μυριάδες
2809 2515 3079 2584 ἁνδρῶν;
3113 2518 3226 2587 Οὐχ
3255 2517 3445 2580 ἁπλῶς
3487 2518 3559 2571 τὸ
3612 2519 3799 2589 πλῆθος

2121 2601 2511 2672 προϐάλλεται,
2545 2602 2659 2656 ἀλλ’
2695 2603 2780 2657 ἵνα
2813 2605 3012 2676 μάθῃς,
3059 2605 3140 2658 ὅτι
3200 2608 3233 2678 ή
3277 2607 3422 2677 μετά
3475 2608 3797 2677 συμφωνῷ

2119 2690 2253 2761 εὐχὴ
2285 2690 2529 2769 μεγάλην
2569 2691 2681 2762 ἔχει
2722 2692 2821 2762 τὴν
2855 2692 3102 2765 δύναμιν.
3135 2695 3305 2748 Τοῦτο
3355 2697 3457 2750 καί
3503 2697 3571 2764 ἐξ
3606 2697 3800 2767 ἀνθρω-

2121 2778 2284 2848 πίνης
2326 2773 2568 2851 ἰστορὶας
2599 2781 2728 2850 ὑμῖν
2767 2780 2990 2852 ποιῆσαι
3023 2781 3284 2853 βούλομαι
3321 2785 3593 2856 φανερόν.

2191 2866 2255 2930 ζ’.
2297 2867 2412 2938 Πρὸ
2438 2867 2548 2938 γὰρ
2569 2867 2700 2920 δέκα
2721 2867 2926 2922 τούτων
2952 2870 3088 2923 ἐτῶν
3117 2870 3364 2924 ἐάλωσαν
3392 2873 3489 2924 ἐπὶ
3520 2872 3798 2943 τυραννίδι

2117 2955 2282 3020 τινὲς,
2314 2955 2564 3027 καθάπερ
2593 2957 2688 3010 καὶ
2718 2958 2878 3029 ὑμεῖς
2909 2959 3042 3013 ίστε.
3079 2955 3212 3012 Εἶτα
3241 2961 3350 3014 τῶν
3372 2963 3436 3014 ἐν
3465 2962 3796 3032 δυναστεξᾳξ

2118 3062 2202 3108 τις
2229 3045 2398 3098 όντων
2427 3046 2728 3111 ὑπεύθυνος
2759 3051 2874 3110 τοῖς
2905 3050 3219 3120 ἐγκλήμασι
3271 3051 3497 3120 φανεὶς,
3534 3055 3798 3124 σπαρτὶον

2120 3134 2213 3186 ἐπὶ
2233 3134 2328 3188 τοῦ
2359 3135 2629 3204 στόματος
2655 3135 2856 3202 λαϐὼν,
2890 3137 3118 3208 ἐξήγετο
3142 3138 3240 3210 τὴν
3269 3141 3362 3192 ἐπὶ
3391 3139 3639 3194 θάνατον
3669 3143 3795 3194 066:.

2121 3223 2256 3275 Τότε
2290 3223 2354 3295 δὴ
2399 3226 2550 3277 πᾶσα
2578 3227 2610 3295 ἠ
2647 3224 2804 3288 πόλις
2841 3226 2934 3280 ἐπ)⁸
2963 3227 3054 3279 τὸν
3099 3228 3434 3300 ἱππόδρομον
3461 3230 3686 3301 ἔτρεχε,
3721 3234 3802 3284 καὶ

2118 3311 2247 3376 τοὺς
2275 3315 2338 3366 ἐκ
2367 3313 2478 3366 τῶν
2523 3309 2906 3387 ἐργαστηρίων
2938 3315 3153 3386 ἐξῆγον,
3191 3317 3286 3370 καὶ
3316 3323 3475 3390 κοινῇ
3517 3323 3633 3384 πᾶς
3669 3324 3698 3374 ὁ
3720 3321 3802 3390 δῆ-

2123 3415 2222 3470 μος
2251 3399 2492 3454 ἀνελθὼν
2525 3401 2802 3473 ἐξήρπασε
2821 3403 2920 3473 τῆς
2951 3403 3236 3476 βασιλικῆς
3264 3405 3439 3477 ὀργῆς
3467 3407 3568 3460 τὸν
3588 3409 3801 3462 1:01:16:-

2120 3488 2414 3551 κασθέντα,
2445 3490 2542 3543 καὶ
2590 3489 2849 3562 οὐδεμιᾶς
2895 3491 3044 3558 ἀξιον
3099 3493 3228 3546 ὄντα
3274 3496 3642 3566 συγγνώμης.
3679 3494 3802 3552 Εἶτα

2122 3576 2386 3647 βασιλέως
2445 3580 2542 3649 μὲν
2589 3579 2760 3652 ὀργὴν
2811 3581 3053 3649 ἐπιγείου
3101 3581 3407 3636 καταλῦσαι
3459 3584 3801 3655 βουλόμενοι,

2123 3665 2262 3736 μετὰ
2289 3667 2496 3720 παίδων
2525 3669 2618 3721 καὶ
2649 3669 2925 3738 γυναικῶν
2969 3669 3319 3741 συνετρέχετε
3350 3671 3590 3736 πάντες,
3626 3674 3722 3728 τὸν
3753 3675 3803 3726 δὲ

2118 3754 2228 3807 τῶν
2283 3756 2532 3826 οὐρανῶν
2585 3757 2808 3827 βασιλέα
2867 3759 3158 3828 μέλλοντες
3206 3759 3331 3812 ἵλεω
3374 3763 3666 3832 ποιήσειν,
3721 3768 3803 3816 καὶ

2121 3837 2452 3910 ἐξαρπάσειν
2502 3841 2602 3912 τῆς
2648 3841 2819 3913 ὁργῆς
2877 3841 3042 3896 αὐτοῦ
3089 3844 3187 3913 οὐχ
3228 3842 3322 3896 ἕνα
3360 3845 3638 3918 καθάπερ
3670 3849 3802 3904 τότε.

2118 3927 2240 3981 οὐδὲ
2267 3927 2360 3981 δύο
2389 3929 2485 3982 καὶ
2513 3932 2665 4001 τρεῖς
2699 3930 2795 3984 καὶ
2842 3931 3059 3995 ἑκατὸν,
3092 3931 3232 3986 ἀλλά
3261 3933 3476 3996 πάντας
3504 3937 3650 3998 τοὺς
3672 3938 3802 3988 κατᾶ

2116 4017 2218 4087 τὴν
2261 4017 2590 4089 οἰκουμένην
2638 4019 3040 4092 ἁμαρτωλοὺς,
3092 4022 3187 4074 καὶ
3236 4022 3364 4084 τοὺς
3420 4021 3804 4093 δαιμονιῖιντας

2117 4106 2478 4161 ἀπαλλάττειν
2492 4107 2596 4178 τῆς
2615 4107 2710 4161 τοῦ
2729 4107 2978 4162 διαϐόλου
3003 4109 3234 4177 παγίδος
3249 4121 3298 4174 ε,
3327 4109 3437 4174 ἐξω
3471 4112 3797 4177 καθέζεσθε.

2117 4198 2212 4249 καί
2237 4197 2297 4259 06
2329 4213 2455 4250 συντ
2466 4195 2650 4266 ρέχετε
2678 4196 2832 4267 κοινῇ
2864 4197 3086 4268 πάντες,
3103 4198 3191 4251 ἵνα
3219 4200 3247 4252 ὁ
3274 4197 3410 4262 Θεὸς
3434 4199 3544 4270 τὴν
3577 4219 3800 4273 6011;81-

2116 4282 2235 4336 νίαν
2265 4282 2418 4353 ὑμῶν
2459 4283 2746 4348 αἰδεσθεὶς,
2790 4286 3070 4348 κάκείνοις
3105 4286 3218 4356 ἀφῇ
3268 4286 3367 4358 τὴν
3425 4287 3688 4349 κόλασιν,
3717 4294 3800 4344 καὶ

2118 4371 2246 4442 ὑμῖν
2279 4374 2612 4444 συγχωρήσῃ
2643 4373 3156 4445 τά’άμαρτήματα;
3188 4375 3254 4428 Εἰ
3311 4374 3424 4447 γὰρ
3459 4377 3557 4430 ἐπ’
3603 4380 3799 4451 ἀγορᾶς

2115 4459 2298 4531 τύχοις
2319 4459 2394 4517 ὢν
2431 4460 2577 4514 κατά
2620 4460 2712 4513 τὸν
2745 4460 2938 4532 καιρὸν
2976 4463 3206 4524 ἐκεῖνον,
3238 4462 3287 4514 εἰ
3325 4463 3440 4534 γάρ
3468 4466 3572 4518 ἐπὶ
3604 4467 3702 4538 τῆς
3726 4472 3797 4522 οἱ·

2113 4547 2260 4612 κίας,
2296 4550 2346 4601 εἰ
2374 4548 2484 4620 γὰρ
2513 4551 2572 4602 ἐν
2614 4549 3012 4621 ἀπαραιτήτοις
3066 4550 3410 4621 πράγμασιν,
3444 4552 3576 4623 οὐχὶ
3611 4558 3797 4617 mi;

2116 4635 2330 4700 λέοντος
2364 4637 2722 4708 σφοδρότερον
2761 4637 2977 4690 ἅπαντα
3007 4637 3308 4710 διαρρήξας
3345 4638 3418 4692 τὰ
3459 4640 3651 4713 δεσμά
3672 4645 3797 4715 πρὸς

2115 4725 2216 4796 τὴν
2247 4726 2433 4795 κοινὴν
2481 4724 2761 4796 ἱκετηρίαν
2788 4724 3212 4796 αὐτομολήσειςς
3240 4726 3414 4780 Ποίαν
3451 4728 3608 4795 ἕξεις

2122 4807 2242 4879 ρίας
2272 4808 2481 4870 ἐλπίδα,
2516 4809 2636 4860 είπέ
2669 4826 2781 4879 μοι.
2815 4809 2958 4862 κατά
3009 4810 3099 4862 τὸν
3151 4810 3342 4878 καιρὸν
3379 4811 3626 4877 ἐκεῖνον,
3671 4819 3797 4882 ἅζεαι

2118 4895 2288 4966 πητέ;
2320 4897 2433 4949 Οὐκ
2482 4895 2757 4968 ἄνθρωποι
2804 4896 2952 4966 μόνοι
3006 4895 3169 4966 βοῶσι
3216 4897 3315 4969 τὴν
3349 4902 3798 4972 φρικωδεστάτην

2118 4981 2334 5052 ἐκείνην
2354 4981 2501 5052 βοὴν,
2534 4981 2669 5036 ἀλλὰ
2689 4983 2783 5035 καὶ
2814 4982 3034 5050 ἄγγελοι
3061 4985 3477 5054 προσπίπτουσι
3495 4989 3579 5058 τῷ
3605 4991 3802 5042 Δεσπένο

2117 5086 2204 5140 τῃ,
2238 5069 2332 5122 καὶ
2362 5069 2689 5140 ἁρχάγγελοι
2718 5069 2948 5125 δέονται.
2980 5071 3204 5141 Ἔχουσι
3233 5074 3328 5126 καὶ
3357 5074 3454 5131 τὸν
3487 5079 3681 5145 καιρὸν
3706 5081 3799 5129 αὑ-

2115 5160 2225 5221 τοῖς
2249 5156 2661 5229 συμμαχοῦντα,
2694 5159 2793 5230 τὴν
2821 5160 3140 5231 προσφοράν
3185 5159 3522 5235 βοηθοῦσαν,
3563 5163 3670 5218 Καὶ
3699 5183 3797 5216 κα-

2117 5244 2294 5317 θάπερ
2341 5249 2388 5299 οί
2439 5244 2739 5317 ἄνθρωποι,
2772 5247 3001 5311 κλάδους
3044 5248 3239 5301 ἐλαιῶν
3271 5251 3645 5320 ἐκκόψαντες,
3681 5256 3797 5306 ἐπει

2053 5345 2056 5348 ’
2117 5331 2323 5385 σείουσι
2353 5335 2467 5395 τοῖς
2497 5332 2802 5403 βασιλεῦσι,
2827 5335 2918 5389 διὰ
2963 5335 3060 5389 τοῦ
3089 5336 3261 5406 φυτοῦ
3285 5339 3496 5401 αὐτοὺς
3525 5341 3680 5394 ἐλέου
3709 5345 3794 5393 καὶ

2115 5410 2528 5493 φιλανθρωπίας
2572 5425 3111 5496 ἀναμιμνήσκοντες·
3142 5424 3288 5480 οὕτω
3320 5426 3386 5499 δὴ
3421 5429 3526 5482 καὶ
3555 5433 3608 5482 σί
3640 5430 3796 5496 ἀττε-

2114 5507 2196 5561 λοι
2220 5508 2342 5560 τότε
2365 5510 2488 5562 ἀντί
2514 5510 2726 5564 κλάδων
2750 5512 2946 5567 ἐλαιῶν
2963 5512 3096 5567 αὐτὸ
3117 5513 3180 5567 τὸ
3207 5514 3371 5585 σῶμα
3401 5517 3796 5570 τὸδεσποτικὲτι

2115 5596 2541 5667 προτεινόμενοι,
2586 5599 2678 5654 τὸν
2716 5602 3016 5674 ’Δεσπότην
3071 5602 3495 5674 παρακαλοῦσιν
3520 5606 3664 5676 ὑπὲρ
3697 5606 3796 5669 τῆς

2114 5682 2462 5756 ἀνθρωπίνης
2483 5685 2718 5755 φύσεως,
2758 5692 3040 5763 μονονουχί
3061 5690 3314 5762 λέγοντες
3342 5692 3451 5758 ὅτι,
3482 5694 3657 5767 ’Υπὲρ
3677 5695 3794 5747 10:}-

2175 5786 2204 5826 ὶ)
2232 5788 2328 5836 Alii
2351 5790 2399 5837 έν
2422 5791 2731 5849 δυναστείαις.

2181 5849 2406 5924 ξιιΜοιςςι.
2443 5849 2529 5900 τοῦ
2552 5855 2774 5924 διαϐόλου
2791 5859 3005 5922 παγίδος,
3020 5857 3170 5910 Savil.
3185 5856 3273 5908 τοῦ
3295 5859 3527 5910 διαϐόλου
3547 5862 3792 5924 μάστιγα,

2113 5910 2428 5973 δίἱίιδιαϐὀλον
2450 5917 2736 5973 τυραννίδος.
