3868 6238
111 324 224 380 7‘25

184 438 422 506 6.ουοά
464 449 642 495 autem
686 455 789 494 non
837 440 965 510 ipsis
1001 440 1286 497 Cherubim
1326 452 1379 495 et
1406 441 1686 511 Seraphim

109 536 321 582 tantum
344 570 358 592 ,
391 530 489 583 sed
517 546 617 585 nec
656 531 816 584 etiam
853 531 1266 601 Principatibus,
1296 532 1649 588 Potestatibus
1672 575 1686 598 ,

107 635 290 688 neque
314 621 399 674 alii
426 621 651 690 cuipiam
683 621 872 677 Virtuti
901 623 1392 693 comprehensibilis
1419 625 1489 679 sit
1519 626 1686 689 Deus,

108 716 165 769 id
190 716 299 784 jam
330 717 514 771 vellem
556 717 867 780 ostendere;
916 718 1011 773 sed
1046 718 1155 788 jam
1199 718 1439 774 defessus
1480 720 1691 773 animus

103 817 194 862 est
214 850 229 871 ,
257 825 359 863 non
382 809 737 873 multitudine,
764 811 857 865 sed
881 812 1101 866 horrore
1122 812 1463 866 dicendarum
1486 828 1685 868 rerum.

104 898 319 956 Tremit
344 902 484 955 enim
516 913 569 955 et
596 901 859 957 horrescit
898 904 1139 973 supernis
1162 904 1266 959 illis
1288 905 1690 974 contemplatio-

101 991 273 1045 nihus
297 990 495 1046 diutius
537 991 845 1047 immorans.
876 994 1231 1061 Quamobrem
1275 1010 1342 1051 ex
1378 996 1522 1051 czelis
1566 1012 1687 1052 eum

110 1081 456 1147 reducamus,
481 1083 889 1154 perculsumque
909 1099 1230 1150 recreemus,
1252 1086 1319 1141 ad
1336 1087 1543 1142 solitam
1558 1102 1687 1142 con-

100 1174 372 1245 fugientes
397 1177 841 1237 exhortationem.
871 1179 1122 1247 Quaenam
1147 1180 1235 1235 illa
1260 1182 1376 1236 est?
1406 1181 1472 1238 Ut
1499 1198 1688 1252 prece-

100 1284 236 1324 mur
264 1284 355 1325 eos
380 1272 467 1341 qui
499 1271 591 1326 tali
632 1272 821 1327 morbo
850 1272 1092 1329 laborant
1125 1275 1190 1329 ad
1224 1275 1503 1330 sanitatem
1531 1293 1685 1331 revo-

96 1362 243 1415 cari.
277 1361 404 1416 Nam
451 1362 495 1418 si
528 1378 623 1432 pro
666 1366 879 1435 aegrotis
903 1405 917 1431 ,
950 1366 1433 1436 prolaborantibus
1478 1368 1544 1424 ad
1576 1386 1687 1425 me-

98 1453 235 1507 talla
260 1494 276 1519 ,
320 1469 415 1523 pro
443 1454 572 1509 dura
616 1457 867 1512 servitute
892 1459 1121 1528 pressis,
1157 1474 1254 1529 pro
1280 1464 1649 1532 energumenis
1669 1504 1683 1527 ,

98 1544 277 1600 Deum
307 1562 495 1617 rogare
532 1547 808 1618 jubemur,
839 1562 1036 1621 quanto
1079 1553 1247 1623 magis
1277 1568 1374 1621 pro
1417 1554 1541 1609 his?
1579 1557 1684 1611 lm-

97 1637 282 1704 pietas
318 1639 512 1713 quippe
548 1641 665 1711 ipso
690 1640 930 1698 daemone
961 1643 1145 1699 tetrior
1166 1654 1248 1700 est
1278 1662 1291 1698 :
1326 1646 1415 1701 illa
1459 1663 1686 1718 namque

96 1731 313 1785 insania
340 1733 545 1787 veniam
567 1743 799 1789 meretur
817 1776 832 1800 ,
864 1736 951 1791 hic
977 1752 1103 1792 vero
1131 1738 1348 1793 morbus
1371 1740 1568 1795 nullam
1592 1740 1684 1794 ha-

94 1823 199 1877 bet
223 1823 604 1881 defensionem.
630 1829 698 1881 At
727 1829 936 1896 quando
961 1829 1029 1884 de
1058 1832 1297 1887 oratione
1326 1847 1421 1902 pro
1459 1848 1676 1904 euergu‘

94 1915 283 1971 menis
312 1917 636 1972 mentionem
666 1918 763 1974 feci
787 1960 802 1985 ,
835 1920 1029 1990 aliquid
1056 1936 1118 1976 ea
1139 1921 1206 1976 de
1237 1937 1295 1977 re
1333 1935 1523 1977 vestrae
1548 1925 1683 1979 cari-

92 2005 201 2059 tati
245 2006 507 2062 disserere
551 2009 762 2064 animus
786 2020 904 2075 est,
955 2026 1060 2081 quo
1099 2027 1319 2082 gravem
1347 2014 1413 2068 ab
1443 2014 1678 2069 Ecclesia

87 2096 349 2151 morbum
377 2098 764 2155 exscindamus.
799 2101 1009 2157 Etenim
1058 2103 1342 2159 absurdum
1373 2114 1515 2161 esset
1554 2106 1680 2162 dum

85 2194 409 2241 exterarum
435 2189 633 2244 morbis
664 2199 804 2244 tanta
846 2207 969 2245 cura
998 2192 1272 2248 medemur
1294 2234 1309 2259 ,
1342 2197 1551 2264 propria
1589 2213 1682 2253 ne-

83 2278 302 2347 gligere
330 2279 585 2334 membra.
618 2280 769 2348 Quod
794 2297 962 2352 genus
991 2283 1160 2339 morbi
1192 2283 1319 2339 illud
1348 2286 1462 2340 est?

173 2370 357 2441 Arguit
405 2372 737 2428 Aatiochenos
790 2376 924 2445 quod
970 2386 1082 2446 post
1108 2379 1401 2432 concionem
1446 2397 1479 2433 a
1523 2383 1681 2436 sacris

90 2464 360 2531 mysteriis
384 2465 688 2519 recederent.
716 2496 785 2505 -—
809 2467 1075 2537 lugentem
1103 2470 1239 2525 hanc
1284 2472 1457 2540 populi
1496 2473 1679 2528 multi-

82 2555 338 2612 tudinem
361 2572 498 2612 nunc
525 2568 760 2613 coactam
785 2602 800 2627 ,
824 2570 878 2615 et
909 2570 1054 2615 tanto
1076 2561 1250 2623 studio
1271 2564 1676 2632 auscultantem,

79 2649 379 2704 tremenda
405 2650 492 2704 illa
515 2650 643 2706 hora
671 2652 838 2708 oculis
865 2654 1179 2723 perquirens
1201 2696 1216 2721 ,
1242 2655 1424 2711 videre
1449 2672 1552 2711 non
1582 2674 1678 2726 po-

77 2741 173 2793 tui
209 2757 223 2793 :
265 2740 653 2812 admodumque
680 2743 908 2815 ingemui
929 2788 945 2812 ,
977 2746 1120 2817 quod
1143 2789 1159 2815 ,
1191 2748 1439 2817 loquente
1466 2751 1677 2819 quidem

75 2849 397 2902 conservo,
443 2836 631 2908 ingens
695 2840 767 2894 sit
814 2841 1086 2908 studium,
1135 2855 1340 2898 summa
1392 2847 1675 2914 alacritas,

74 2925 306 2980 cunctis
330 2940 449 2983 sese
476 2938 660 2983 mutuo
690 2930 1079 3000 impellentibus
1103 2972 1119 3000 ,
1153 2943 1209 2989 et
1236 2934 1302 2989 ad
1327 2951 1492 3007 usque
1517 2939 1675 2995 linem

77 3018 474 3087 manentibus;
501 3036 621 3075 cum
650 3031 826 3078 autem
853 3023 1096 3081 Christus
1126 3026 1177 3081 in
1217 3028 1383 3082 sacris
1408 3033 1676 3101 mysteriis

74 3124 216 3165 sese
245 3104 557 3167 ostensurus
583 3123 665 3168 est
687 3154 703 3180 ,
749 3116 972 3171 ecclesia
996 3132 1160 3173 vacua
1203 3119 1517 3193 desertaque
1558 3140 1675 3178 ma-

73 3209 238 3256 neat.
278 3201 394 3269 Quo
419 3213 571 3273 pacto
595 3206 777 3262 istliaac
797 3207 1003 3263 veniam
1032 3212 1369 3267 mereantur?
1393 3213 1506 3269 Tali
1530 3225 1675 3271 certe

72 3293 325 3362 segnitie
355 3310 564 3350 omnem
593 3296 752 3351 studii
782 3296 837 3353 in
877 3300 1224 3356 auscultando
1250 3303 1413 3358 vestri
1463 3304 1671 3360 laudem

71 3384 362 3439 atnittitis.
392 3385 521 3453 Quis
543 3387 684 3442 enim
701 3404 766 3444 ex
794 3390 943 3445 vobis
971 3405 1075 3445 non
1099 3407 1198 3448 nos
1223 3408 1433 3465 quoque
1456 3395 1675 3451 damna-

73 3486 250 3530 turus
280 3486 403 3543 est,
431 3494 552 3533 cum
583 3479 761 3535 videat
787 3490 952 3538 totum
978 3486 1252 3541 concionis
1279 3486 1502 3543 fructum
1522 3490 1672 3545 vobis

69 3569 278 3624 statim
311 3571 585 3628 effluxisse
601 3572 626 3627 Ἰ
645 3573 776 3630 Nam
803 3576 848 3630 si
877 3576 1033 3632 dictis
1058 3578 1246 3633 sedulo
1282 3580 1628 3637 attenderetis
1652 3624 1667 3647 ,

65 3661 348 3731 operibus
373 3677 503 3719 sane
530 3675 763 3721 vestram
794 3666 1119 3723 exhiberetis
1147 3669 1492 3740 diligentiam.
1519 3673 1671 3740 Quod

64 3764 273 3809 autem
316 3756 492 3810 statim
518 3767 675 3827 atque
720 3759 994 3816 audivistis
1015 3802 1029 3826 ,
1060 3761 1342 3818 discedatis
1363 3805 1378 3829 ,
1412 3764 1463 3819 id
1495 3765 1671 3836 profe-

63 3856 173 3900 cto
200 3847 416 3916 signum
453 3856 536 3903 est
556 3862 651 3902 vos
676 3849 808 3904 nihil
844 3839 1103 3906 dictorum
1146 3853 1323 3908 animo
1349 3856 1666 3925 suscepisse.

66 3938 309 4013 Atenim
332 3937 377 3991 si
414 3952 476 3993 ea
515 3938 568 3992 in
599 3939 791 3996 animis
816 3941 1005 3996 vestris
1042 3940 1281 4012 deposita
1318 3952 1529 4012 essent,
1576 3961 1671 4001 vos

65 4032 249 4101 plane
277 4030 421 4085 intus
457 4031 785 4096 retinerent,
833 4040 888 4087 et
937 4033 1127 4102 majori
1157 4032 1278 4089 cum
1316 4034 1510 4105 pietate
1545 4035 1672 4091 hor-

63 4122 276 4178 rendis
302 4121 405 4177 illis
434 4124 701 4194 mysteriis
737 4124 1081 4180 admoverent
1110 4143 1124 4180 :
1155 4140 1294 4180 nunc
1322 4135 1497 4181 autem
1519 4129 1669 4198 quasi

59 4213 461 4284 cytharmdum
500 4215 801 4285 quempiam
844 4216 1163 4282 audissetis,
1209 4217 1287 4272 sic
1313 4218 1457 4272 omni
1496 4218 1668 4274 fructu

61 4311 244 4367 vacui
270 4320 515 4366 cessante
541 4311 797 4378 concione
822 4311 1087 4367 receditis.
1108 4314 1173 4367 At
1198 4326 1451 4382 quorsum
1482 4311 1667 4384 frigida

64 4406 173 4458 illa
207 4402 502 4457 multorum
528 4403 844 4458 excusatio?
870 4404 1080 4458 Precari
1119 4404 1278 4458 etiam
1306 4403 1449 4459 domi
1479 4419 1667 4474 possu-

65 4512 213 4550 mus
232 4536 249 4559 ,
285 4494 595 4549 concionem
622 4494 1023 4562 doctrinamque
1048 4496 1229 4549 audire
1258 4496 1465 4550 nonnisi
1490 4495 1544 4550 in
1581 4511 1669 4551 ec-

60 4586 249 4640 clesia
281 4586 687 4655 possumus.,'l'e
718 4587 889 4655 ipsum
914 4626 930 4653 ,
962 4586 1031 4640 mi
1064 4586 1261 4653 homo,
1300 4586 1520 4657 decipis.
1544 4588 1669 4643 Pre-

60 4678 197 4731 cari
227 4676 391 4730 etiam
421 4675 563 4731 domi
592 4685 773 4745 potes;
807 4677 878 4730 ita
904 4691 1029 4730 vero
1055 4677 1261 4744 precari
1289 4686 1346 4731 ut
1370 4678 1420 4731 in
1440 4677 1667 4733 ecclesia

64 4784 192 4820 mm
223 4775 378 4834 potes
398 4806 414 4832 ,
439 4766 526 4821 ubi
558 4775 701 4821 tanta
726 4778 930 4835 patrum
964 4767 1256 4835 frequentia
1279 4808 1295 4831 ,
1338 4769 1425 4823 ubi
1468 4770 1669 4823 clamor

63 4861 416 4915 unanimiter
434 4861 500 4915 ad
528 4861 693 4917 Deum
717 4863 961 4917 emissus.
989 4861 1102 4916 Non
1130 4863 1348 4933 perinde
1372 4861 1669 4916 exaudieris

65 4970 211 5009 cum
234 4968 404 5023 penes
433 4962 484 5009 te
509 4955 652 5009 solus
694 4955 858 5009 Deum
900 4955 1168 5022 precaris,
1210 4964 1368 5023 atque
1414 4954 1499 5007 ubi
1539 4968 1658 5006 cum

69 5047 351 5103 fratribus
379 5047 499 5099 tuis.
530 5046 626 5100 Hic
654 5045 848 5114 aliquid
889 5045 1113 5115 amplius
1149 5053 1231 5099 est
1253 5086 1268 5107 ,
1308 5058 1496 5113 nempe
1537 5058 1666 5098 coo-

67 5140 274 5197 cordia
326 5149 379 5195 et
424 5154 743 5203 consensus,
794 5139 1027 5194 caritatis
1077 5138 1365 5202 vinculum,
1413 5146 1466 5190 et
1494 5151 1669 5190 sacer-

70 5234 277 5287 dotum
329 5232 614 5285 orationes.
648 5230 772 5285 ldeo
804 5245 1028 5299 namque
1058 5228 1359 5283 sacerdotes
1396 5237 1627 5297 przesunt
1649 5267 1665 5287 .

71 5335 138 5379 ut
176 5319 535 5375 multitudinis
561 5336 746 5390 preces
792 5320 1109 5375 infirmiores
1134 5335 1253 5374 cum
1278 5318 1423 5373 hisce
1452 5316 1671 5370 validio-

70 5416 241 5470 ribus
286 5411 587 5481 conjuncta:
617 5428 717 5465 una
767 5427 885 5465 cum
936 5412 1012 5465 eis
1043 5411 1096 5464 in
1147 5408 1333 5463 caalum
1358 5405 1664 5462 ascendant.

69 5504 347 5573 Alioquin
392 5503 515 5572 quid
552 5504 740 5558 concio
785 5503 991 5573 prosit,
1024 5502 1123 5555 nisi
1164 5502 1378 5555 sitcum
1429 5498 1669 5552 oratione

71 5596 417 5664 conjuncta?
443 5594 597 5649 Prius
618 5594 811 5659 oratio,
832 5592 1024 5649 deinde
1047 5604 1251 5647 sermo:
1273 5591 1350 5644 sic
1377 5590 1524 5644 aiunt
1550 5602 1670 5656 apo-

73 5688 210 5743 διοιί
247 5705 261 5740 :
294 5684 405 5739 Nos
431 5695 598 5739 autem
629 5686 680 5739 in
708 5686 932 5738 oratione
952 5695 997 5737 et
1033 5682 1165 5736 verbi
1194 5682 1465 5735 ministerio
1505 5695 1671 5748 perse-

73 5792 314 5832 veremus
351 5772 485 5847 (Act.
517 5777 568 5832 6.
599 5774 673 5847 4).
704 5775 790 5831 Sic
822 5783 873 5830 et
912 5774 1100 5828 Paulus
1131 5772 1284 5840 facit,
1315 5787 1434 5827 cum
1478 5772 1529 5825 in
1557 5770 1667 5839 epi-

1036 326 1122 381 DE
1160 324 1833 382 INCOMPREIIENSIBILI
1877 325 1983 381 DE!
2023 327 2323 384 N.\TL'RA.
2369 329 2449 383 ΙΙΙ.

3267 336 3370 391 726

1801 442 2051 497 stolarum
2082 444 2313 499 exordiis
2341 454 2582 516 precetur
2601 489 2614 510 ,
2640 456 2695 501 ut
2716 448 2863 517 quasi
2896 449 3069 504 lumen
3100 451 3326 506 lucerna:
3351 494 3368 516 ,

1798 532 1865 585 ita
1887 543 1938 587 et
1958 535 2210 588 orationis
2233 536 2317 589 lux
2336 538 2498 590 verbo
2522 550 2733 605 pra-cat.
2760 540 2811 594 Si
2847 542 2915 594 ita
2942 551 2991 595 to
3018 543 3367 599 assuMect-ris

1795 622 1978 675 orandi
2010 622 2323 693 diligentiae,
2352 640 2728 682 conservorum
2755 629 2988 684 doctrina
3028 647 3132 685 non
3166 635 3367 702 cgehis,

1796 712 1911 781 ipso
1938 714 2078 778 Deo,
2117 718 2231 770 sine
2263 716 2372 770 ullo
2415 718 2740 783 mediatore,
2789 734 3016 777 mentem
3049 712 3195 778 tuam
3240 728 3370 780 irra-

1794 806 1994 862 diante.
2041 808 2193 876 Quod
2239 812 2281 863 si
2332 811 2489 865 unius
2529 813 2699 866 oratio
2743 823 2937 869 tantam
2984 818 3085 871 vim
3140 822 3367 887 habeat,

1796 897 1961 951 multo
1987 898 2152 967 magis
2195 914 2254 952 ea
2282 941 2295 965 ,
2340 917 2457 970 qua:
2504 918 2623 964 cum
2680 904 3015 960 multitudine
3063 910 3365 964 emittitur:

1794 988 1908 1043 hinc
1957 988 2074 1058 plus
2123 989 2281 1045 habet
2321 1007 2639 1059 nervorum,
2688 995 3046 1066 majoremque
3085 999 3366 1066 fiduciam,
3456 1026 3459 1029 λ

1792 1094 1948 1151 quam
1975 1082 2117 1136 domi
2144 1083 2358 1138 emissa.
2390 1085 2665 1141 Untlenam
2699 1088 2747 1141 id
2788 1089 2988 1158 liquet?
3033 1092 3207 1160 Ipsum
3238 1095 3361 1149 audi

1795 1171 2014 1226 Paulum
2044 1172 2345 1243 loquentem
2378 1192 2391 1227 :
2425 1176 2524 1243 Qui
2567 1179 2630 1232 de
2654 1190 2794 1232 tanta
2823 1186 2980 1235 marte
3019 1184 3201 1252 eripuit
3234 1204 3323 1239 nos
3343 1227 3358 1252 ,

1792 1273 1835 1314 et
1857 1264 2022 1318 adhuc
2049 1276 2208 1319 eruet.
2233 1268 2509 1337 Speramus
2529 1274 2842 1343 autemquod
2870 1276 3034 1329 adhuc
3059 1278 3230 1348 eripiet
3249 1291 3266 1332 :
3283 1295 3366 1333 vo.

1792 1356 1864 1407 bis
1884 1372 2079 1425 quoque
2103 1359 2155 1411 in
2180 1361 2407 1413 oratione
2433 1379 2527 1430 pro
2574 1365 2717 1417 nobis
2758 1366 3158 1423 subvenientibus
3182 1412 3194 1431 ,
3226 1381 3279 1423 ut
3305 1372 3369 1426 de

1790 1446 1923 1499 dono
1946 1449 2085 1502 nobis
2111 1450 2294 1504 collato
2325 1469 2413 1519 per
2440 1452 2623 1506 multas
2663 1472 2899 1522 personas
2926 1461 3106 1529 gratia:
3148 1473 3362 1530 agantur

1791 1556 1881 1607 pro
1908 1540 2046 1595 nobis
2073 1541 2148 1609 (2.
2182 1541 2299 1597 Cor.
2332 1545 2382 1598 1.
2409 1545 2496 1599 10.
2530 1547 2635 1611 ll).
2668 1547 2753 1602 Sic
2785 1550 2943 1603 etiam
2977 1551 3161 1605 Petrus
3180 1568 3362 1607 carce-

1790 1648 1899 1685 rem
1936 1634 2116 1703 effugit
2155 1653 2167 1687 :
2205 1635 2380 1689 Oratio
2418 1639 2548 1692 enim
2587 1641 2736 1706 [iebat
2762 1642 2870 1694 sine
2915 1643 3276 1699 intermissione
3300 1649 3364 1700 ab

1788 1721 2016 1778 Ecclesia
2040 1725 2107 1778 ad
2142 1725 2297 1780 Deum
2322 1745 2412 1797 pro
2448 1746 2504 1782 eo
2535 1729 2667 1799 (Act.
2700 1730 2785 1785 19..
2814 1731 2889 1802 5).
2918 1733 3068 1801 Quod
3096 1735 3139 1789 si
3184 1735 3366 1791 Eccle-

1787 1817 1880 1869 sine
1905 1818 2074 1872 oratio
2101 1818 2259 1873 Petro
2290 1817 2517 1889 profuit,
2565 1812 2629 1876 ac
2663 1823 2962 1878 columnam
3008 1827 3366 1884 illam'eduxit

1787 1924 1849 1961 cx
1877 1923 2120 1975 carcere,
2152 1926 2316 1979 quare
2342 1921 2395 1965 tu
2421 1913 2537 1982 ejus
2558 1914 2664 1967 vim
2696 1915 2958 1985 despicis,
2985 1918 3071 1973 dic
3111 1919 3236 1974 mihi
3257 1962 3271 1985 ,
3311 1934 3364 1976 et

1785 2013 1943 2067 quam
1977 1999 2194 2055 habebis
2236 2004 2667 2059 excusationem?
2712 2006 2886 2074 lpsum
2938 2023 3149 2078 quoque
3190 2011 3357 2067 Deum

1785 2089 2046 2146 dicentem
2118 2091 2275 2158 audi,
2328 2108 2388 2147 se
2436 2093 2775 2151 multitudine
2821 2111 2941 2151 cum
2990 2097 3360 2157 benevolentia

1785 2192 1972 2235 orante
2014 2181 2229 2250 placari.
2276 2182 2407 2237 Nam
2449 2198 2567 2238 cum
2600 2197 2721 2239 sese
2746 2186 2884 2255 apud
2926 2186 3117 2243 Jonam
3145 2205 3361 2245 excusa-

1688 2330 1691 2333 ,
1781 2279 1864 2326 ret
1880 2271 1946 2326 de
1966 2272 2251 2328 cucurbita:
2271 2271 2477 2339 frutice,
2497 2276 2571 2328 ait
2596 2294 2608 2329 :
2633 2273 2711 2329 Tu
2734 2278 2936 2345 quidem
2975 2281 3237 2349 pepercisti
3264 2298 3357 2335 cu-

1780 2363 2006 2428 curbitae,
2031 2380 2121 2433 pro
2149 2381 2248 2435 qua
2278 2382 2379 2420 non
2400 2367 2660 2433 laborasti,
2681 2386 2838 2439 neque
2859 2372 3119 2427 maluisti
3142 2390 3285 2439 eam;
3312 2386 3360 2429 et

1779 2472 1872 2526 ego
1894 2472 1993 2509 non
2022 2473 2227 2526 parcam
2255 2457 2459 2513 Niniva:
2500 2460 2690 2514 civitati
2732 2478 2962 2532 magnae,
2994 2465 3045 2517 in
3076 2481 3175 2534 qua
3206 2466 3360 2529 habi-

1781 2554 1889 2600 tant
1917 2546 2031 2617 plus
2060 2564 2213 2619 quam
2242 2559 2441 2603 centum
2470 2550 2647 2621 viginti
2690 2551 2856 2605 millia
2899 2554 3159 2608 hominum
3199 2554 3355 2627 (Jan.

1780 2641 1831 2696 4.
1864 2642 1949 2697 l0.
1979 2642 2037 2698 il
2061 2643 2104 2713 ).
2135 2642 2250 2698 Non
2277 2644 2372 2699 abs
2394 2658 2453 2699 re
2482 2644 2874 2700 multitudinem
2899 2649 3153 2716 opponit;
3177 2650 3271 2704 sed
3300 2661 3357 2705 ut

1779 2734 1916 2786 scias
1936 2775 1950 2796 ,
1974 2733 2270 2789 orationem
2291 2748 2398 2788 uno
2421 2748 2687 2789 consensu
2714 2734 2904 2789 factam
2947 2751 3189 2803 magnam
3239 2740 3343 2792 vim

1780 2822 1995 2879 habere.
2040 2823 2152 2878 Hoc
2193 2824 2341 2879 vobis
2382 2838 2447 2878 ex
2494 2824 2720 2879 humana
2765 2827 2921 2879 etiam
2978 2827 3194 2881 historia
3240 2831 3351 2899 pla-

1780 2929 1905 2968 uum
1934 2913 2105 2969 facere
2133 2916 2277 2970 libet.

1849 3006 1901 3057 7.
1920 3004 2165 3075 Loquitur
2180 3007 2260 3058 hic
2275 3006 2337 3059 de
2347 3005 2613 3061 Theodoro
2629 3008 2713 3078 qui
2734 3009 3049 3078 tyrannidem
3060 3009 3351 3077 affectabat.

1786 3094 1910 3149 Vide
1926 3112 2081 3165 supra
2100 3097 2150 3150 in
2170 3095 2385 3151 Mouito.
2405 3127 2475 3137 -—-
2492 3098 2630 3153 Ante
2647 3097 2742 3153 hos
2758 3099 2939 3154 decem
2960 3115 3127 3156 annos
3140 3101 3351 3172 quidam

1776 3187 2105 3258 tyrannidem
2127 3187 2431 3243 affectantcs
2450 3187 2767 3258 deprehensi
2783 3191 3026 3261 captique
3046 3200 3189 3259 sunt,
3212 3195 3352 3263 quod

1774 3294 1870 3334 vos
1896 3293 2000 3334 non
2031 3279 2303 3349 ignoratis.
2331 3279 2464 3333 Tum
2502 3280 2694 3349 aliquis
2734 3281 2786 3334 in
2819 3281 3127 3350 magistratu
3155 3285 3351 3338 consti-

1774 3380 1937 3433 tutus.
1963 3371 2201 3426 criminis
2236 3386 2361 3426 reus
2388 3380 2715 3440 compertus,
2742 3386 2861 3427 cum
2891 3373 2955 3426 ad
2979 3382 3200 3429 mortem
3228 3373 3354 3451 fune
3414 3451 3416 3453 q

1773 3461 1838 3515 ad
1868 3476 1928 3516 os
1967 3462 2182 3532 alligato
2207 3462 2511 3528 duceretur,
2549 3470 2659 3517 tota
2688 3462 2812 3518 urbs
2840 3461 2906 3517 ad
2942 3464 3348 3536 hippodromum

1771 3551 2019 3617 accurrit,
2061 3551 2370 3622 eductisque
2409 3550 2739 3607 officinarum
2775 3554 2974 3621 operis,
3011 3555 3170 3609 simul
3208 3564 3351 3613 totus

1774 3641 1995 3710 populus
2034 3657 2181 3695 reum
2224 3642 2576 3711 imperatoria:
2619 3642 2805 3696 ultioni
2829 3645 2929 3697 etsi
2958 3643 3103 3698 nulla
3130 3644 3347 3715 dignum

1771 3733 1924 3786 venia
1945 3733 2220 3786 subduxit.
2249 3732 2392 3787 Itane
2413 3734 2607 3787 terreni
2630 3732 2965 3802 Imperatoris
2984 3735 3115 3789 iram
3139 3736 3349 3805 placare

1772 3822 2027 3887 volentes,
2057 3838 2177 3885 cum
2211 3822 2388 3877 liberis
2436 3830 2490 3877 et
2527 3822 2778 3877 uxoribus
2812 3838 2997 3879 omnes
3035 3826 3345 3891 accurritis;

1770 3916 2016 3970 caelorum
2061 3931 2187 3970 vero
2219 3916 2595 3984 Imperatorem
2636 3916 2786 3971 vobis
2815 3916 3096 3987 propitium
3122 3919 3348 3974 reddere

1770 4009 2060 4073 studentes,
2100 4017 2258 4078 atque
2300 4024 2367 4064 ex
2406 4009 2483 4063 ira
2514 4009 2818 4078 ultioneque
2856 4009 2971 4079 ejus
3011 4026 3116 4066 non
3161 4027 3342 4079 unum,

1770 4103 1850 4157 vel
1877 4101 2033 4164 duos,
2057 4109 2147 4155 aut
2176 4109 2304 4165 tres,
2342 4110 2431 4154 aut
2450 4110 2684 4165 centum,
2715 4100 2806 4155 sed
2827 4115 3015 4156 omnes
3038 4105 3344 4169 pet-orbem

1771 4202 2095 4261 peccatores,
2121 4177 2324 4246 necnon
2346 4190 2698 4246 dtetnoniacos
2722 4206 2750 4243 a
2782 4191 2976 4256 diaboli
2999 4192 3200 4262 laqueis
3223 4209 3345 4271 ere-

1770 4287 1927 4355 pturi,
1968 4284 2183 4348 sedetis,
2225 4298 2324 4338 nec
2350 4283 2507 4337 simul
2544 4297 2731 4337 omnes
2758 4284 3093 4350 concurritis,
3120 4296 3177 4341 ut
3203 4286 3346 4341 Deus

1769 4376 2105 4431 concordiam
2138 4382 2365 4430 vestram
2394 4373 2672 4437 reveritus,
2696 4381 2750 4428 et
2775 4374 2880 4428 illis
2907 4370 3136 4443 poenam,
3170 4385 3224 4430 et
3247 4391 3343 4430 vo-

1770 4468 1849 4524 bis
1894 4479 2109 4538 peccata
2164 4466 2439 4522 remittat?
2470 4465 2612 4519 Nam
2656 4466 2700 4520 si
2753 4466 2804 4520 in
2840 4466 2955 4521 foro
2984 4468 3076 4522 illo
3107 4475 3347 4539 tempore

1772 4562 1945 4627 fuerit,
1977 4561 2021 4615 si
2048 4560 2214 4624 domi,
2240 4559 2285 4613 si
2309 4558 2361 4611 in
2389 4557 2614 4626 negotiis
2635 4556 2961 4626 urgentibus,
2985 4572 3162 4613 nonne
3189 4558 3344 4614 leone

1768 4654 1954 4725 quovis
1979 4651 2363 4715 vehementius,
2389 4649 2630 4719 abruptis
2652 4647 2901 4714 vinculis,
2924 4648 2988 4703 ad
3009 4662 3344 4704 communem

1770 4746 2202 4815 supplicationem
2229 4754 2281 4798 te
2306 4751 2495 4812 sponte
2522 4741 2801 4821 coriferes?
2842 4740 3093 4809 Ecquam,
3128 4742 3341 4821 dilecte,

1770 4838 1859 4892 illo
1882 4848 2116 4906 tempore
2132 4850 2279 4904 spem
2295 4833 2480 4888 salutis
2501 4832 2698 4887 habere
2725 4832 2933 4901 possis?
2962 4831 3076 4887 Non
3101 4832 3345 4889 homines

1770 4931 1938 4984 solum
1960 4927 2278 4982 horrendam
2306 4926 2448 4980 illam
2467 4924 2714 4981 emittunt
2739 4937 2942 4981 vocem.
2973 4923 3065 4976 sed
3090 4933 3143 4977 et
3168 4924 3343 4991 angeli

1769 5033 1891 5077 ante
1913 5022 2191 5077 Dominum
2206 5017 2579 5088 procumbunt,
2595 5014 2895 5082 archangeli
2915 5025 3223 5082 precantur:
3252 5016 3343 5067 ha-

1770 5117 1897 5170 bent
1914 5123 2121 5182 tempus
2139 5109 2263 5165 illud
2286 5108 2556 5168 idoneum,
2577 5105 2898 5159 oblationem
2926 5103 3027 5157 sibi
3056 5104 3338 5159 faventem.

1770 5208 1847 5261 Ac
1860 5201 2304 5276 quemadmodum
2333 5199 2573 5273 homines
2587 5196 2780 5251 excisis
2807 5196 3040 5250 olearum
3072 5197 3234 5251 ramis
3254 5214 3342 5252 rc-

1770 5317 1863 5372 ges
1889 5312 2106 5354 movere
2126 5296 2320 5359 solent,
2348 5292 2538 5360 illaque
2564 5289 2756 5342 arbore
2790 5286 2855 5341 ad
2876 5287 3171 5341 clementiae
3198 5288 3344 5357 ipsos

1772 5391 2081 5447 memoriam
2122 5393 2371 5441 revocant
2398 5401 2410 5435 :
2443 5382 2520 5436 sic
2544 5389 2599 5434 et
2622 5379 2790 5448 angeli
2822 5388 2946 5432 tunc
2969 5380 3222 5447 temporis
3249 5395 3345 5448 pro

1771 5489 2005 5542 olearum
2044 5480 2205 5536 ramis
2234 5479 2405 5547 ipsum
2432 5487 2623 5541 corpus
2662 5470 2992 5525 Dominicum
3018 5471 3346 5547 protenden-

1772 5590 1871 5634 tes.
1913 5575 2192 5631 Dominum
2224 5584 2320 5639 pro
2346 5568 2571 5620 humana
2598 5573 2782 5619 natura
2813 5575 3020 5632 rogant,
3051 5579 3111 5617 ac
3131 5565 3175 5618 si
3200 5564 3348 5619 dice—

1773 5683 1888 5727 rent
1919 5688 1930 5723 :
1978 5669 2080 5725 Pro
2108 5667 2188 5719 his
2214 5663 2603 5733 supplicamus,
2644 5672 2779 5728 quos
2812 5668 2867 5710 tu
2906 5657 3235 5726 pricveniens
3278 5658 3347 5711 ita

1772 5765 1992 5834 diligere
2035 5758 2280 5829 dignatus
2314 5769 2388 5819 es,
2430 5762 2488 5808 ut
2522 5753 2751 5807 animam
2782 5758 2933 5806 tuam
2967 5749 3232 5815 traderes;
3258 5764 3353 5818 pro
