3926 6244
476 332 575 387 727

475 454 557 507 his
578 444 989 518 supplicationes
1010 437 1301 503 fundimus,
1324 450 1423 507 pro
1445 434 1634 505 quibus
1656 440 1712 487 tu
1739 429 2053 501 sanguinem

474 538 738 604 eli'ndisti;
784 550 882 607 pro
922 532 1005 587 his
1048 542 1319 600 rogamus,
1354 541 1452 597 pro
1488 524 1679 596 quibus
1710 522 1815 577 hoc
1861 535 2054 589 corpus

477 631 778 688 immolasti.
821 626 944 681 Ideo
972 634 1360 692 energumenos
1394 618 1486 673 illo
1523 625 1765 685 tempore
1800 613 2056 667 diaconus

476 724 709 788 adducit,
736 721 991 792 jubetqne
1014 723 1172 785 caput
1199 721 1403 767 tantum
1425 708 1700 773 inclinare,
1720 714 1778 761 ut
1799 705 1913 775 ipso
1932 718 2056 758 cor-

478 816 621 885 poris
664 813 769 867 situ
810 808 1223 879 supplicationes
1257 801 1548 859 emittant:
1593 798 1722 869 ipsis
1761 796 1901 851 enim
1936 810 2057 850 cum

477 904 748 962 communi
776 904 998 958 fratrum
1024 907 1169 956 cmtu
1198 895 1404 967 precari
1431 909 1538 949 non
1565 892 1707 947 licet.
1739 888 1967 960 Ideoque
1992 889 2060 943 il-

479 1000 561 1054 los
586 998 748 1063 sistit,
794 1005 853 1050 ut
878 1008 1063 1050 eorum
1094 999 1204 1045 tum
1229 987 1607 1050 calamitatem,
1639 993 1751 1038 tum
1784 981 2061 1037 taciturni-

479 1101 642 1146 tatem
664 1090 948 1143 miseratus
961 1083 1148 1140 iidncia
1167 1092 1254 1136 tua
1269 1079 1336 1133 ad
1353 1078 1494 1134 illius
1509 1074 1859 1149 patrocinium
1876 1072 2056 1127 utaris.

480 1182 605 1235 Haec
626 1180 801 1249 itaque
825 1177 1119 1246 cogitantes
1138 1182 1518 1228 concurramus
1539 1168 1623 1221 illa
1649 1166 1800 1228 hora,
1834 1172 1892 1218 ut
1910 1161 2063 1217 nobis

481 1269 900 1326 misericordiam
926 1265 1274 1330 attrahamus,
1317 1270 1372 1317 et
1395 1258 1621 1331 gratiam
1648 1255 1979 1311 inveniamus
2001 1266 2064 1306 ac

481 1373 837 1433 opportunum
859 1359 1133 1415 auxilium.
1178 1353 1457 1410 Laudastis
1489 1366 1553 1406 ea
1579 1363 1697 1420 qum
1722 1347 1862 1402 dicta
1890 1344 2062 1410 fuere,

482 1472 604 1511 cum
631 1470 823 1526 magno
855 1453 1082 1508 tumultu
1118 1459 1173 1505 et
1198 1449 1383 1518 plausu
1413 1440 1828 1500 admonitionem
1855 1435 2065 1507 accepi-

484 1548 599 1603 stis.
644 1546 747 1602 Sed
785 1554 844 1601 ut
884 1544 1038 1599 nobis
1066 1541 1249 1598 laudes
1290 1538 1419 1609 ipsis
1460 1534 1710 1606 operibus
1748 1528 2064 1595 exhibeatis,

1190 321 1248 378 S.
1287 318 1565 378 JOANNIS
1600 312 2072 374 CHRYSOSTOMI
2111 306 2428 369 ABCBIEP.
2465 309 2995 370 CONSTAN’I‘INOP.

3627 316 3730 371 ηε

2160 443 2263 483 non
2288 428 2498 498 longum
2519 436 2726 498 tempus
2740 430 2992 499 quaeritur
3005 427 3073 484 ad
3086 428 3484 501 obsequentiam
3507 431 3742 488 demon-

2159 520 2451 575 strandam.
2470 520 2901 577 Exhortationem
2915 522 3084 576 oratio
3104 533 3373 593 sequatur.
3396 524 3543 579 Hane
3556 541 3745 596 quaero

2160 613 2400 680 laudem,
2454 613 2594 669 hunc
2635 628 2734 684 per
2768 628 2926 683 opera
2972 615 3084 685 ipsa
3123 616 3385 685 plausum.
3427 617 3535 672 Vos
3564 619 3747 688 itaque

2161 717 2346 763 mutuo
2372 707 2670 763 hortamine
2704 707 2770 763 ad
2810 708 3056 764 standum
3114 707 3573 779 quemadmodum
3633 722 3749 765 Ste-

2164 800 2301 855 tistis
2329 816 2343 853 :
2382 800 2430 855 si
2471 800 2593 869 quis
2615 815 2733 855 sese
2762 810 2972 856 moveat
3001 808 3059 856 ut
3076 800 3317 856 ordinem
3342 801 3573 868 deserat,
3603 801 3749 857 hunc

2165 890 2350 947 sedulo
2373 892 2636 957 retinete;
2669 898 2725 946 ut
2752 899 2807 947 et
2836 892 3037 961 proprii
3062 892 3220 948 studii
3249 901 3307 948 et
3329 892 3575 948 fraterna:
3601 908 3751 949 cura:

2165 983 2430 1055 duplicem
2470 983 2770 1039 mercedem
2803 992 3155 1051 reportantes,
3189 998 3310 1039 cum
3344 984 3531 1054 majori
3557 983 3753 1039 ﬁducia

2168 1089 2353 1144 preces
2378 1073 2679 1140 eﬂ'undatis.
2704 1072 3014 1144 Placatoque
3041 1074 3173 1140 Deo,
3199 1082 3253 1129 et
3274 1076 3553 1144 praesentia
3580 1084 3637 1130 et
3664 1073 3751 1128 fu-

2170 1176 2286 1221 tura
2310 1166 2447 1222 bona
2473 1164 2728 1234 consequi
2757 1166 2990 1235 possitis,
3024 1166 3190 1236 gratia
3218 1175 3273 1221 et
3291 1166 3618 1237 benignitate
3643 1166 3754 1221 Do-

2171 1261 2299 1315 mini
2338 1259 2508 1314 nostri
2531 1258 2655 1315 Jesu
2680 1257 2899 1323 Christi,
2942 1272 3060 1312 cum
3101 1272 3209 1329 quo
3245 1258 3385 1313 Patri
3429 1266 3484 1313 et
3524 1258 3754 1324 Spiritui

2172 1361 2357 1405 sancto
2402 1351 2567 1421 gloria
2618 1360 2675 1407 et
2724 1351 3005 1419 imperium
3056 1350 3111 1406 in
3163 1352 3355 1406 saecula
3408 1351 3751 1406 saeculorum.

2174 1444 2363 1498 Amen.

488 1674 3728 1719 Μ

1018 1744 1023 1754 “
1121 1791 1333 1901 DE
1404 1783 1802 1893 meo
1810 1778 1939 1886 M
1948 1771 2249 1881 PRE
2260 1768 3114 1889 HENSIBILI,

1799 1956 2046 2004 CONTRA
2086 1951 2409 1997 ANOHOEOS
2419 1976 2434 1993 .

1938 2083 2306 2141 ιξδίενιᾱθῆδὶε⁵

1027 2243 1243 2286 ΠΟΙΙΙΛᾹ
1280 2237 1511 2289 ουΑιιτΑ.

564 2377 615 2430 1.
644 2372 822 2428 Satius
863 2369 971 2438 jam
1018 2372 1183 2429 esset,
1223 2365 1502 2430 postquam
1544 2363 1713 2421 nuper
1745 2343 2074 2401 ostendimus

496 2470 673 2531 Deum.
711 2478 831 2520 esse
882 2452 1470 2528 incomprehensibilem
1511 2442 1835 2505 hominibus,
1876 2439 1986 2531 imo
2021 2443 2077 2491 et

496 2559 623 2629 ipsis
649 2528 935 2611 Cherubim
975 2558 1031 2605 et
1071 2545 1383 2615 Seraphim,
1414 2557 1445 2596 a
1483 2528 2078 2629 negotiisexpediri,_et

497 2619 627 2706 nihil
647 2648 867 2704 ulterius
892 2656 1106 2698 movere
1139 2657 1154 2694 :
1197 2651 1379 2692 verum
1406 2633 1526 2703 quia
1556 2630 1608 2685 id
1638 2626 1793 2683 nobis
1820 2624 1875 2678 in
1902 2619 2077 2676 studio

495 2753 550 2799 et
584 2744 635 2796 in
675 2737 944 2810 proposito
966 2742 1066 2799 est,
1120 2739 1177 2785 ut
1203 2744 1311 2784 non
1337 2724 1495 2781 modo
1523 2716 1946 2783 adversariorum
1985 2725 2078 2810 ora

496 2806 854 2893 occlud-amus,
904 2826 998 2883 sed
1040 2824 1199 2880 etiam
1237 2828 1297 2875 ut
1326 2818 1605 2875 caritatem
1645 2820 1875 2867 vestram
1910 2806 2080 2876 magis

499 2925 772 2995 magisque
812 2919 1169 2977 instituamus.
1210 2912 1440 2981 idipsum
1469 2913 1834 2995 argumentum
1881 2899 2079 2995 repeti-

498 2989 638 3081 mus,
668 2989 989 3080 ulteriusque
1017 3018 1265 3063 sermone
1299 2996 1651 3072 procedimus.
1687 2994 1818 3049 Nam
1863 2992 1907 3047 si
1937 2991 1989 3045 in
2016 2989 2081 3043 iis

499 3106 695 3164 diutius
714 3106 1080 3166 immorentur,
1102 3107 1155 3153 et
1172 3109 1270 3151 vos
1289 3091 1555 3148 doctiores
1574 3087 1885 3149 efﬁciemus,
1911 3091 1965 3137 et
1984 3095 2082 3137 nos

501 3196 907 3270 Splendidiorem
947 3190 1219 3247 victoriam
1260 3181 1680 3256 reportabimus;
1725 3187 1836 3233 tum
1882 3175 1928 3231 si
1956 3173 2082 3270 quid

502 3267 843 3361 reliquiarum
871 3284 1116 3355 supersit,
1148 3281 1201 3337 id
1232 3280 1342 3352 jam
1382 3290 1598 3349 prorsus
1630 3273 1698 3329 de
1722 3270 1897 3327 medio
1924 3267 2084 3361 tolle-

503 3392 591 3437 tur
606 3358 632 3446 ξ
662 3375 1083 3448 quandoquidem
1127 3371 1315 3427 noxias
1347 3367 1541 3424 herbas
1565 3379 1670 3420 non
1713 3378 1744 3418 a
1781 3358 2086 3416 summitate

505 3470 665 3527 modo
683 3466 904 3524 tondere
926 3478 1059 3534 opus
1081 3472 1165 3519 est
1196 3480 1211 3518 :
1240 3463 1285 3517 si
1309 3460 1449 3516 enim
1471 3456 1677 3513 radices
1698 3457 1965 3513 maneant,
1987 3449 2085 3504 de-

509 3580 615 3621 nuo
655 3559 1028 3634 pullulabunt:
1069 3556 1165 3611 sed
1205 3555 1364 3609 etiam
1399 3551 1465 3607 ab
1494 3550 1609 3619 ipso
1643 3546 1851 3603 telluris
1886 3541 2087 3613 gremio

507 3654 760 3712 radicitus
797 3650 996 3707 evellas
1041 3653 1281 3719 oportet,
1320 3654 1659 3713 exponasque
1705 3634 1955 3693 solarium
1997 3647 2086 3687 ra-

508 3748 716 3803 diorum
770 3742 983 3810 ardori,
1024 3750 1084 3796 ut
1145 3736 1361 3794 omnino
1419 3739 1767 3788 marcescant.
1807 3729 1921 3798 Age
1961 3738 2089 3793 ergo

512 3841 566 3895 in
593 3838 781 3895 caalum
808 3848 993 3890 rursus
1029 3844 1276 3887 sermone
1304 3824 1744 3886 conscendamus,
1777 3835 1883 3875 non
1910 3826 1967 3871 nt
1995 3830 2088 3869 cu-

509 3929 736 3985 riosius‘
760 3934 1077 3987 scrutemur,
1100 3921 1183 3975 vel
1209 3918 1514 3974 subtiliores
1533 3913 1853 3984 qumstiones
1877 3921 2091 3963 movea-

511 4036 663 4085 mus;
712 4017 805 4073 sed
833 4024 893 4070 ut
920 4027 1107 4070 eorum
1132 4011 1221 4082 qui
1244 4023 1415 4080 neque
1441 4008 1647 4077 seipsos
1674 4011 1890 4068 norunt,
1918 4013 2090 4068 neque

513 4113 760 4165 humanae
807 4116 1010 4162 naturae
1048 4103 1265 4160 modum
1311 4099 1603 4170 intelligere
1652 4096 1855 4161 volunt,
1899 4094 2093 4147 intem-

516 4201 770 4273 pestivam
805 4195 1198 4255 contentionem
1226 4192 1413 4248 tollere
1435 4198 1755 4259 satagamus.
1801 4184 1924 4239 Ideo
1943 4182 2097 4253 quip—

515 4309 581 4362 pe
623 4306 689 4347 ex
727 4286 1035 4353 abundanti,
1088 4300 1194 4340 non
1236 4283 1328 4337 Dei
1371 4280 1562 4345 modo,
1600 4277 1692 4333 sed
1731 4276 1889 4331 etiam
1935 4287 2096 4343 ange-

520 4386 692 4439 lorum
727 4390 1069 4451 conspectum
1099 4378 1243 4446 justo
1279 4374 1357 4430 illi
1377 4374 1492 4429 viro
1520 4367 1905 4428 intolerandqu
1934 4366 2096 4422 fuisse

514 4473 868 4539 ostendimus,
893 4467 1106 4541 quando
1133 4475 1297 4521 totam
1334 4464 1485 4520 vobis
1514 4460 1785 4517 historiam
1823 4458 2047 4529 legimus
2074 4473 2091 4509 :

517 4565 817 4634 smpiusque
862 4562 1074 4617 beatum
1126 4557 1397 4612 Danielem
1441 4554 1744 4609 indusimus
1788 4549 2091 4620 pallentem,

522 4666 860 4720 trementem,
901 4667 1074 4724 neque
1103 4650 1291 4706 melius
1314 4648 1582 4714 affectum,
1614 4660 1771 4716 quam
1798 4644 1854 4709 ii,
1885 4643 1973 4715 qui
2003 4642 2099 4699 de-

521 4748 724 4813 iiciunt,
763 4756 1093 4816 quorumque
1136 4741 1309 4797 anima
1336 4739 1543 4795 vincula
1579 4738 1754 4793 carnis
1781 4736 2097 4805 abrumpere

521 4840 753 4894 festinat.
799 4836 946 4892 Sicut
973 4835 1114 4889 enim
1139 4832 1385 4887 columba
1408 4830 1696 4886 domestica
1728 4839 1783 4884 et
1823 4836 2096 4883 mansueta

522 4950 575 4987 in
602 4931 917 4987 domuncula
952 4927 1216 4993 habitans,
1243 4926 1288 4981 si
1316 4925 1538 4995 strepitu
1565 4933 1843 4989 terreatur,
1872 4936 2100 4991 expave-

521 5026 658 5080 l‘acta
687 5024 737 5077 in
764 5030 959 5076 tectum
980 5019 1173 5081 avolat,
1196 5025 1250 5072 et
1272 5030 1368 5088 per
1389 5014 1647 5071 fenestras
1670 5015 1868 5068 exitum
1885 5012 2095 5082 qumrit,

523 5127 580 5172 ut
602 5132 722 5172 sese
747 5116 814 5169 ab
843 5112 1083 5184 angustia
1104 5111 1332 5175 eximat;
1363 5110 1441 5164 sic
1469 5109 1606 5163 beati
1633 5106 1770 5162 illius
1800 5107 1897 5161 viri
1922 5105 2100 5159 anima

492 5246 495 5248 ›
522 5227 587 5264 ex
614 5223 838 5281 corpore
864 5206 1043 5279 egredi
1081 5213 1136 5260 et
1164 5212 1382 5259 externa
1416 5211 1596 5271 petere
1629 5199 1917 5270 gestiebat;
1942 5198 2101 5253 exiis-

522 5315 711 5374 setque
774 5303 929 5373 plane
975 5310 1135 5371 atque
1186 5298 1481 5362 avolasset,
1538 5308 1836 5365 corpusque
1876 5305 2099 5347 vacuum

524 5394 848 5464 reliquisset,
894 5391 993 5446 nisi
1023 5390 1202 5445 statim
1230 5388 1447 5458 angelus
1473 5384 1848 5457 praevertisset,
1878 5398 2102 5453 eamque

523 5490 593 5543 ab
630 5487 870 5558 angustia
909 5486 1217 5550 liberasset,
1264 5484 1422 5553 inque
1453 5484 1722 5552 proprium
1756 5476 1857 5534 sibi
1878 5476 2101 5532 domici-

590 5646 603 5676 ι
643 5641 780 5692 satil.
808 5644 855 5691 in
887 5654 1039 5704 marg.
1088 5649 1140 5704 et
1176 5640 1272 5690 duo
1304 5640 1436 5704 cod.,
1460 5639 1827 5704 scdgadverme,
1867 5639 1981 5702 quia
2023 5651 2103 5704 vos

522 5704 789 5819 rorat:th
811 5702 1258 5768 ca'lum'erigimus.
1302 5709 1356 5752 ει
1378 5702 1466 5751 hoc
1487 5702 1692 5765 aqinms,
1730 5714 1823 5752 non
1861 5709 1913 5750 ut
1946 5703 2102 5753 curio-

522 5782 635 5819 sws.
656 5780 684 5817 e
739 5804 752 5819 .

545 5782 635 5827 ws,
656 5780 752 5819 etc.

2176 2204 2301 2257 lium
2333 2202 2652 2261 reduxisset.
2678 2202 2878 2260 Idcirco
2906 2214 3084 2261 autem
3110 2204 3225 2261 haec
3248 2213 3373 2262 tunc
3389 2203 3654 2272 dicebam,
3700 2216 3765 2263 ut

2174 2295 2474 2349 ediscerent
2503 2294 2596 2360 illi,
2642 2306 2900 2366 quantum
2937 2296 3156 2366 angelus
3184 2295 3385 2351 homini
3414 2308 3651 2367 praestet,
3703 2307 3763 2353 et

2176 2403 2241 2443 ex
2276 2386 2521 2445 conservi
2558 2387 2913 2457 prmcellentia
2940 2387 3225 2452 emendati,
3256 2397 3436 2443 contra
3470 2389 3759 2444 Dominum

2178 2477 2409 2532 insanire
2447 2488 2737 2533 cessarent.
2781 2478 2963 2533 Justus
2990 2478 3077 2534 ille
3109 2479 3210 2546 vir,
3238 2488 3379 2533 tanta
3407 2480 3657 2549 praeditus
3699 2481 3768 2535 ﬁ.

2178 2570 2353 2633 ducia,
2385 2570 2557 2639 angeli
2585 2581 2927 2641 conspectum
2962 2587 3069 2626 non
3095 2571 3230 2630 tulit.
3258 2581 3312 2626 et
3335 2570 3410 2635 hi,
3438 2572 3525 2643 qui
3554 2582 3766 2628 tantum

2179 2662 2248 2717 ab
2271 2661 2411 2717 illius
2436 2663 2627 2717 virtute
2656 2664 2843 2717 remoti
2865 2672 3006 2730 sunt,
3037 2678 3145 2718 non
3172 2664 3440 2735 angelum,
3467 2664 3558 2719 sed
3586 2663 3767 2733 ipsum

2181 2754 2484 2823 angelorum
2508 2752 2791 2809 Dominum
2816 2755 3023 2809 curiose
3056 2762 3393 2820 scrutantur;
3424 2755 3512 2811 ille
3547 2756 3768 2810 leonum

2183 2843 2507 2899 ferocitatem
2547 2844 2801 2911 edomuit,
2855 2859 2951 2898 nos
2977 2859 3045 2899 ne
3086 2845 3271 2913 vulpes
3299 2844 3507 2914 quidem
3549 2844 3768 2900 vincere

2184 2951 2500 3008 possumus;
2547 2936 2633 2990 ille
2674 2936 2957 2991 draconem
2987 2935 3217 2991 medium
3248 2935 3491 3007 disrupit,
3529 2935 3768 3007 feraeque

2186 3036 2425 3082 naturam
2470 3028 2739 3096 superavit
2774 3041 2868 3081 sua
2912 3027 2963 3081 in
3009 3027 3173 3081 Deum
3218 3026 3404 3082 ﬁducia
3445 3028 3622 3093 fultus,
3662 3041 3769 3091 nos

2186 3119 2538 3175 minutissima
2580 3134 2791 3190 quoque
2817 3119 3021 3189 reptilia
3055 3119 3434 3181 formidamus;
3465 3120 3552 3174 ille
3580 3135 3767 3191 regem

2188 3211 2355 3267 instar
2397 3209 2563 3265 leonis
2609 3210 2890 3276 furentem,
2940 3210 3177 3281 iramque
3231 3209 3772 3265 Nabuchodonosoris

2188 3303 2333 3357 omni
2381 3300 2593 3355 ﬂamma
2625 3299 3077 3355 vehementiorem
3117 3300 3169 3355 in
3212 3300 3463 3355 barbaros
3498 3301 3771 3356 exercitus

2191 3400 2428 3447 ruentem
2453 3432 2468 3457 ,
2521 3391 2780 3446 accedens
2830 3392 3161 3462 compressit,
3215 3400 3272 3447 et
3318 3393 3549 3449 tenebris
3592 3392 3770 3448 oil'usa

2190 3483 2365 3538 omnia
2394 3483 2693 3539 illustravit.

2264 3574 2428 3629 Multa
2458 3576 2754 3646 praecedenti
2782 3576 3017 3631 concione
3044 3576 3177 3630 dicta
3200 3577 3395 3649 repetit.
3414 3608 3485 3618 —
3514 3580 3770 3635 Attamen

2194 3666 2279 3721 hic
2302 3668 2389 3736 qui
2418 3667 2590 3722 lucem
2620 3667 2871 3723 attulerat
2904 3667 3150 3737 angelum
3186 3669 3485 3723 venientem
3524 3669 3769 3736 intuitus,

2193 3759 2413 3829 caligine
2437 3760 2581 3829 gravi
2611 3761 2932 3829 interceptus
2955 3769 3053 3814 est.
3079 3761 3245 3828 Quam
3288 3760 3445 3831 igitur
3465 3765 3770 3817 excusatio-

2195 3867 2316 3907 nem
2344 3851 2566 3907 aﬂ‘erent
2604 3853 2660 3920 ii,
2694 3853 2784 3922 qui
2810 3854 3016 3907 beatam
3045 3853 3187 3908 illam
3220 3853 3538 3922 perlustrare
3560 3859 3576 3887 ‘
3614 3866 3775 3910 natu-

2194 3958 2309 3998 ram
2358 3945 2655 3998 conantur?
2699 3943 2807 3999 Nos
2847 3958 2976 3999 vero
3034 3959 3139 3998 non
3185 3943 3273 4000 hic
3319 3945 3475 3999 tinem
3518 3945 3771 4015 loquendi

2195 4035 2446 4101 iecimus,
2499 4036 2595 4092 sed
2639 4036 2706 4091 ad
2748 4036 3014 4107 sapientes
3058 4038 3175 4092 illas
3220 4037 3440 4093 virtutes
3474 4038 3774 4093 orationem

2176 4130 2579 4198 transtulimus,
2642 4130 2825 4185 oculos
2879 4144 3061 4185 earum
3132 4145 3350 4186 aversos
3414 4130 3771 4195 ostendimus,

2195 4219 2443 4275 obtensas
2464 4220 2594 4285 alas,
2621 4230 2800 4276 erecta
2819 4235 2994 4286 crura,
3037 4221 3321 4275 clamorem
3350 4230 3684 4291 perpetuum,
3716 4233 3771 4276 et

2196 4311 2460 4381 quomodo
2488 4311 2590 4365 illae
2618 4310 2944 4381 incorporeas
2965 4309 3193 4366 virtutes
3214 4318 3437 4381 stupore
3456 4320 3507 4365 et
3531 4311 3768 4365 adrnira-

2198 4406 2341 4460 tione
2371 4405 2509 4475 capti
2542 4403 2701 4459 animi
2733 4403 2881 4474 signa
2914 4403 3181 4473 praebeant
3225 4422 3238 4458 :
3286 4411 3482 4472 quanto
3509 4403 3651 4456 enim
3680 4419 3771 4457 sa-

2199 4498 2504 4567 pientiores,
2539 4504 2738 4567 quanto
2767 4494 2919 4550 nobis
2955 4495 3354 4566 propinquiores
3376 4505 3496 4550 sunt
3520 4494 3774 4552 ineffabili

2199 4587 2273 4643 illi
2295 4588 2567 4658 beata‘que
2585 4586 2914 4650 substantiae,
2958 4594 3100 4640 tanto
3130 4586 3297 4656 magis
3316 4585 3774 4655 incomprehensi-

2198 4679 2453 4736 bilitatem
2484 4688 2678 4732 norunt
2704 4695 2716 4731 :
2741 4675 3043 4746 magnitudo
3059 4677 3252 4747 quippe
3278 4676 3547 4746 sapientiae
3572 4678 3777 4748 magni-

2200 4768 2435 4825 tudinem
2466 4768 2677 4839 pietatis
2718 4769 2900 4822 el'licit.
2945 4768 3180 4822 Diximus
3208 4769 3357 4824 vobis
3381 4769 3505 4839 quid
3528 4769 3773 4824 inacces-

2199 4860 2352 4916 sibile
2377 4862 2464 4927 sit,
2491 4871 2545 4915 et
2567 4859 2709 4931 quod
2737 4859 2865 4915 illud
2892 4858 3056 4913 multo
3080 4858 3248 4928 majus
3270 4860 3340 4914 sit
3366 4860 3775 4929 incomprehen-

2200 4950 2339 5008 sibili
2388 4952 2602 5023 :cujus
2656 4952 2735 5007 rei
2790 4967 3003 5008 causam
3050 4951 3356 5021 adjecimus,
3404 4953 3524 5023 quia
3573 4952 3775 5009 scilicet

2200 5044 2735 5117 incomprehensibile
2792 5055 2915 5118 post
2958 5062 3181 5102 examen
3246 5047 3779 5116 iucomprehensibile

2201 5154 2322 5195 esse
2362 5138 2819 5211 deprehenditur:
2863 5140 3223 5195 inaccessibile
3247 5154 3376 5194 vero
3402 5154 3622 5194 examen
3666 5157 3777 5195 non

2202 5231 2419 5300 patitur,
2450 5247 2514 5287 ac
2540 5247 2607 5287 ne
2627 5232 2840 5302 quidem
2868 5231 3097 5287 adeundi
3126 5232 3456 5302 principium,
3484 5231 3572 5285 ubi
3600 5242 3653 5285 et
3682 5248 3777 5300 pe-

2203 5320 2305 5391 lagi
2331 5322 2575 5392 exemplo
2602 5337 2735 5393 opus
2763 5323 3062 5378 habuimus.
3108 5322 3420 5377 Addidimus
3447 5338 3552 5377 non
3577 5325 3778 5380 dixisse

2204 5411 2443 5479 Paulum,
2474 5413 2640 5467 Deum
2673 5428 2793 5468 esse
2822 5415 2993 5469 lucem
3020 5413 3455 5477 inaccessibilem,
3499 5413 3591 5468 sed
3619 5415 3778 5469 lucem

2203 5506 2429 5559 habitare
2462 5506 2851 5560 inaccessibilem
2881 5522 2900 5561 :
2938 5506 3079 5577 quod
3116 5506 3161 5560 si
3185 5506 3373 5560 domus
3399 5507 3508 5574 ipsa
3536 5504 3603 5559 sit
3638 5505 3780 5559 inac-

2204 5596 2482 5662 cessibilis,
2525 5597 2690 5652 multo
2720 5597 2886 5668 magis
2922 5598 3009 5668 qui
3038 5596 3089 5652 in
3117 5596 3202 5652 illa
3231 5595 3430 5650 habitat
3461 5593 3620 5650 Deus.
3659 5595 3779 5650 llaec

2270 5776 2286 5805 ι
2323 5772 2426 5834 Alii,
2441 5771 2715 5836 explorare.
