3926 6232
97 397 217 452 ἠῚ

88 531 221 569 των
252 515 523 587 δεόμεθα,
554 517 648 581 οὓς
683 519 847 583 αὐτὸς
871 522 1086 590 φθάσας
1136 522 1309 585 οὕτως
1341 528 1628 598 ἀγαπῆσαι
1680 547 1813 585 κατ-

88 606 387 674 ηξίωσας,
405 606 481 670 ὠς
498 608 597 674 τὴν
622 607 803 679 ψυχὴν
828 610 1103 666 ἐπιδοῦναι
1120 613 1220 683 τήν
1246 615 1475 668 σεαυτοῦ
1497 633 1511 646 ·
1530 618 1673 689 ὑπὲρ
1695 619 1813 673 τού-

90 708 219 744 των
265 693 547 762 ἐκχέομεν
579 696 681 758 τὰς
731 697 1039 769 ἱκετηρίας,
1074 702 1213 772 ὑπὲρ
1268 696 1345 755 ὧν
1384 704 1546 768 αὑτὸς
1574 706 1636 759 τὸ
1667 702 1809 778 αἷμα

88 780 339 852 ἐξέχεας
361 798 377 811 ο
412 783 554 855 ὑπὲρ
580 785 789 839 τούτων
838 788 1290 861 παρακαλοῦμεν,
1326 793 1466 864 ὑπὲρ
1509 790 1583 849 ὧν
1606 796 1667 849 τὸ
1697 798 1806 851 σῶ-

89 885 181 936 μα
210 870 387 924 τοῦτο
408 872 735 937 κατέθυσας.
773 876 872 928 Διά
912 876 1072 930 τοῦτο
1098 880 1192 931 καὶ
1218 882 1345 944 τοὺς
1374 883 1805 954 ἐνεργουμένους

86 959 225 1010 κατ’
269 960 490 1013 ἐκεῖνον
517 961 704 1031 ἵστησι
742 962 834 1016 τὸν
882 965 1074 1037 καιρὸν
1100 967 1128 1018 6
1158 967 1425 1034 διάκονος,
1462 971 1556 1024 καὶ
1591 974 1804 1030 κελεύει

84 1046 287 1100 κλῖναι
314 1049 422 1118 τὴν
455 1050 702 1121 κεφαλὴν
753 1052 937 1121 μόνον,
984 1054 1076 1106 καὶ
1114 1054 1195 1124 τῷ
1224 1058 1465 1128 σχήματι
1490 1060 1585 1113 τοῦ
1611 1060 1800 1132 σώμα-

79 1150 185 1197 τος
230 1137 517 1190 ποιεῖσθαι
567 1139 667 1200 τάς
726 1140 1040 1211 ἱκετηρίας·
1089 1140 1345 1212 εὔχεσθαι
1392 1145 1503 1217 γὰρ
1555 1149 1797 1214 αύτοὺςι

84 1222 246 1292 μετὰ
279 1222 383 1277 τοῦ
418 1224 601 1278 κοινοῦ
640 1226 899 1295 συλλόγου
940 1228 1048 1281 τῶν
1101 1229 1346 1301 ἀδελφῶν
1394 1234 1455 1286 οὑ
1485 1234 1661 1307 θέμις.
1699 1238 1799 1293 Διά

80 1311 260 1363 τοῦτο
302 1312 511 1376 αὐτοὺς
538 1314 773 1385 ἵστησιν,
815 1315 902 1367 ἵνα
931 1314 1083 1388 [471]
1108 1319 1449 1389 κατελεήσας
1474 1324 1677 1388 αὐτοὺς
1701 1328 1796 1379 καὶ

78 1396 191 1466 τῆς
211 1401 516 1469 συμφορᾶς
540 1401 634 1454 καὶ
653 1401 753 1471 τῆς
775 1402 1041 1470 ἀφωνίας,
1070 1407 1135 1476 τῇ
1157 1406 1334 1479 οἰκείᾳ
1361 1410 1643 1482 παρρησίᾳ
1661 1414 1795 1484 πρὸς

74 1484 187 1553 τὴν
235 1485 478 1538 ἐκείνων
513 1487 804 1561 ἀποχρήσῃ
841 1492 1202 1561 προστασίαν.
1257 1494 1422 1549 Ταῦτ’
1452 1493 1544 1551 οὖν
1575 1498 1793 1555 ἅπαντα

73 1571 417 1636 ἐννοοῦντες
476 1576 863 1647 συντρέχωμεν
923 1579 1066 1631 κατὰ
1116 1580 1216 1651 τὴν
1243 1582 1393 1654 ὥραν
1438 1586 1673 1659 ἐκείνην,
1706 1590 1793 1644 ἵνα

71 1658 547 1731 ἐπισπασὼμεθα
582 1663 753 1733 ἔλεον,
786 1666 879 1719 καὶ
912 1667 1075 1738 χάριν
1111 1668 1365 1740 εὕρωμεν
1398 1673 1507 1726 καῖ’
1536 1658 1790 1748 εὔκαιρον

144 1826 176 1856 ⁸
195 1826 308 1876 Alii
328 1828 511 1887 αὐτοῖς.

150 1964 410 1977 '_____.

1161 409 1249 462 DE
1290 409 1989 472 INCOMPREHENSIBILI
2030 418 2139 474 DEI
2175 418 2483 478 NATURA.
2524 423 2614 480 IV.
3483 438 3589 494 7'28

1919 532 2193 604 βοήθειαν.
2232 536 2566 609 Ἐπῃνέσατε
2601 540 2668 592 τὰ
2697 544 2962 614 εἰρημένα
2982 562 2995 575 ”
3028 547 3166 617 μετά
3200 549 3394 602 πολλοῦ
3426 552 3589 623 θορύ-

1913 622 2008 673 ϐου
2061 621 2157 674 καὶ
2196 622 2390 693 κρότου
2440 626 2538 695 τὴν
2586 629 2909 697 παραίνεσιν
2955 633 3228 698 ἐδέξασθε.
3275 638 3414 690 Ἀλλ’
3435 621 3586 708 ὅπως

1912 708 2044 777 ἡμῖν
2077 709 2171 761 ἐπὶ
2196 711 2305 762 τῶν
2338 710 2516 783 ἔργων
2545 715 2887 789 ἐπιδείξησθε
2912 721 3038 785 τοὺς
3068 723 3351 790 ἐπαίνους,
3383 728 3446 785 οὑ
3476 746 3582 798 μα·

1909 794 2041 864 κρὸς
2075 798 2105 849 6
2138 797 2329 867 χρόνος
2357 799 2459 868 τῆς
2502 801 2836 869 ἀποδείξεως
2865 808 2961 878 τῆς
2992 810 3135 863 κατὰ
3160 813 3260 881 τὴν
3307 794 3581 888 ὑπακοήν.

1906 879 2062 933 Μετά
2086 881 2188 953 τὴν
2229 886 2554 953 παραίνεσιν
2580 888 2789 953 εὐθέως
2817 894 2974 963 εὐχή.
3016 879 3251 951 Ἐκεῖνον
3295 900 3443 972 ζητῶ
3489 879 3584 956 τόν

1904 967 2147 1033 ἔπαινον,
2188 971 2395 1026 ἐκεῖνον
2435 973 2526 1027 τὸν
2570 976 2764 1046 κρότον
2800 979 2891 1032 τὸν
2919 980 3009 1035 διὰ
3034 983 3145 1036 τῶν
3169 984 3347 1056 ἔργων
3374 989 3579 1045 αὑτῶν.

1902 1055 2352 1126 Παρακελεύεσθε
2378 1062 2558 1118 τοίνυν
2582 1065 2837 1139 ἀλλήλοις
2870 1071 3115 1138 ἑστάναι,
3145 1073 3397 1147 καθάπερ
3419 1079 3576 1150 ἐστή-

1901 1160 2033 1197 κατε
2054 1162 2067 1170 ·
2097 1145 2201 1199 κᾶν
2236 1146 2561 1223 διασαλευθῇ
2592 1170 2678 1217 τις
2712 1155 2812 1225 τῆς
2859 1156 3086 1224 τάξεως,
3141 1145 3403 1233 κατέχετε
3439 1145 3578 1237 μετ-ἀ

1897 1232 2210 1303 ἀκριϐείας.
2247 1234 2334 1288 ἵνα
2359 1238 2451 1290 καὶ
2479 1239 2577 1309 τῆς
2605 1241 2813 1306 οἰκείας
2840 1246 3075 1319 σπουδῆς
3100 1250 3193 1301 καὶ
3216 1232 3318 1319 τῆς
3347 1232 3577 1320 είςττοὺς

1896 1319 2158 1388 ἀδελφοὺς
2187 1322 2514 1394 κηδεμονίας
2540 1326 2762 1382 διπλοῦν
2805 1330 3061 1398 λαϐόντες
3084 1336 3175 1389 τὸν
3204 1338 3397 1408 μισθὸν
3434 1319 3575 1412 μετά

1898 1404 2143 1470 πλείονος
2171 1407 2271 1478 τῆς
2295 1413 2610 1483 παρρησίας
2640 1416 2739 1481 τὰς
2774 1418 3057 1492 ἱκετηρίας
3072 1404 3322 1496 ἐκχέητε,
3361 1404 3455 1482 καῖ
3483 1431 3573 1483 τὸν

1893 1491 2024 1545 Θεὸν
2074 1494 2204 1549 ἵλεω
2239 1499 2591 1568 ποιήσαντες,
2626 1505 2721 1557 καὶ
2766 1506 2876 1559 τῶν
2918 1509 3153 1564 ἐνταῦθα
3182 1513 3275 1567 καὶ
3308 1515 3418 1568 τῶν
3445 1517 3573 1586 μελ-

1891 1578 2089 1634 λόντων
2118 1582 2383 1655 δυνηθῆτε
2427 1590 2608 1658 τυχεῖν
2649 1592 2891 1660 ἀγαθῶν,
2929 1598 3110 1669 χάριτι
3140 1600 3235 1654 καὶ
3269 1578 3570 1674 φιλανθρω-

1890 1668 1990 1739 πίᾳ
2023 1668 2119 1722 τοῦ
2167 1673 2376 1744 Κυρίου
2406 1676 2567 1745 ήμῶν
2611 1678 2787 1748 Ἰησοῦ
2820 1682 3081 1750 Χριστοῦ,
3119 1668 3322 1756 μεθ’όῦ
3351 1689 3428 1759 τῷ
3454 1668 3568 1745 ila-

1887 1757 1980 1826 τρὶ
2024 1759 2123 1811 σὺν
2158 1759 2238 1829 τῷ
2291 1762 2432 1833 ἁγίῳ
2464 1765 2741 1836 Πνεύματι
2776 1769 2807 1838 ή
2836 1768 2962 1836 δόξα
2994 1774 3091 1825 καὶ
3136 1773 3198 1826 τὸ
3245 1757 3447 1847 κράτος
3482 1780 3566 1842 είς

1887 1841 2012 1905 τοὺς
2037 1844 2242 1908 αίῶνας
2268 1846 2375 1900 τῶν
2400 1847 2630 1905 αἰώνων.
2668 1852 2859 1924 Ἀμήν.

434 1963 3476 2021 ——————__________________________

584 2074 886 2191 ΤΟΥ
940 2080 1435 2198 ΑΥΤΟΥ
1492 2088 1852 2201 ΠΕΡΙ
1908 2092 3081 2223 ΑΚΑΤΑΛΗΠΤΟΥ

1416 2290 1592 2344 ΠΡΟΣ
1622 2292 1801 2346 ΤΟΥΣ
1838 2294 2260 2351 ΑΝΟΜΟΙΟΥΣ.

714 2514 907 2582 Λόγος
944 2515 1247 2585 τέταρτος.

131 2625 216 2671 α’.
263 2618 471 2687 Ἤρκει
506 2617 607 2685 μὲν
640 2613 733 2670 οὖν
761 2618 1011 2684 δείξαντα
1032 2622 1225 2694 πρώην
1249 2624 1553 2697 ἀνθρώποις
1573 2627 1775 2682 ἀκατά-

57 2706 290 2775 ληπτον
321 2704 456 2758 ὄντα
487 2704 579 2757 τὸν
602 2705 757 2772 Θεὸν,
783 2706 864 2760 ἔτι
890 2708 947 2761 δὲ
974 2712 1069 2763 καὶ
1094 2715 1207 2776 τοῖς
1227 2712 1527 2785 Χερουϐὶμ,
1549 2718 1775 2781 καὶτοῖς

58 2794 364 2864 Σεραφηι,
397 2792 743 2864 ἀπηλλάχθαι
774 2796 1137 2867 πραγμάτων,
1160 2800 1255 2852 καὶ
1279 2801 1444 2872 μηδὲν
1464 2805 1774 2876 περαιτέρω

58 2885 253 2935 κινεῖν
275 2899 292 2912 ο
351 2880 474 2934 ἀλλ’
509 2882 695 2953 ἐπειδὴ
725 2884 1006 2955 προθυμία
1036 2886 1132 2940 καὶ
1182 2889 1387 2959 σπουδὴ
1419 2892 1569 2945 πᾶσα
1616 2893 1769 2962 ἡμῖν,

52 2972 186 3041 οὑχὶ
216 2969 342 3022 τῶν
374 2970 635 3024 ἐναντίων
664 2972 983 3043 ἀπορράψαι
1027 2974 1096 3029 τά
1133 2975 1378 3047 στόματα
1420 2979 1603 3050 μόνον,
1630 2981 1768 3035 ἀλλά

58 3062 153 3111 καὶ
178 3058 298 3129 τὴν
326 3058 607 3131 ὑμετέραν
633 3060 855 3130 ἀγάπην
887 3063 980 3115 ἐπὶ
1012 3062 1193 3117 πλεῖον
1217 3065 1455 3132 σοφίσαι,
1486 3067 1645 3121 πάλιν
1671 3068 1770 3140 τῆς

54 3147 247 3217 αὐτῆς
295 3146 614 3210 ὑποθέσεως
645 3149 966 3219 ἁπτόμεθα,
1004 3151 1100 3203 καὶ
1135 3154 1446 3224 περαιτέρω
1475 3156 1567 3209 τὸν
1611 3156 1768 3225 λόγον

56 3238 430 3306 προάγομεν.
458 3236 524 3289 Ἥ
540 3235 653 3307 γὰρ
671 3238 729 3291 ἐν
758 3236 973 3303 τούτοις
994 3239 1247 3312 διατριϐὴ
1273 3244 1368 3296 καὶ
1395 3244 1539 3310 ὑμᾶς
1568 3245 1767 3299 εἰδέναι

55 3328 297 3398 ποιήσει
346 3325 597 3389 πλείονα,
647 3327 743 3379 καὶ
792 3328 923 3399 ήμῖν
956 3328 1650 3402 λαμπρότερα’ἐργάσεται
1698 3335 1770 3391 τά

54 3414 406 3485 νικητήρια,
457 3414 506 3466 εί
540 3412 635 3467 καί
681 3432 735 3467 τι
764 3414 1020 3486 λείψανον
1061 3417 1445 3473 ὑπολέλειπται
1502 3421 1763 3477 ἐκκαθαί-

53 3518 269 3572 pauca.
318 3500 482 3555 Ἐπεὶ
510 3503 602 3554 καὶ
630 3501 731 3565 τάς
750 3504 994 3573 πονηρὰς
1012 3504 1241 3574 βοτάνας
1268 3507 1368 3559 οὐκ
1399 3508 1603 3562 ἄνωθεν
1630 3510 1767 3564 ἀπο-

53 3592 290 3662 κείρειν
317 3590 432 3659 χρὴ
469 3589 629 3660 μόνον
679 3590 863 3659 (πάλιν
890 3592 1001 3663 γὰρ
1048 3592 1405 3663 βλαστάνουσι
1438 3598 1547 3650 τῶν
1597 3599 1766 3669 ριζῶν

51 3681 221 3733 κάτω
276 3677 617 3749 κειμένων),
650 3678 768 3732 ἀλλ’
799 3674 857 3746 ἐξ
907 3680 1087 3733 αὑτῶν
1107 3681 1223 3734 τῶν
1255 3682 1496 3752 λαγόνων
1528 3685 1627 3755 τῆς
1661 3687 1764 3757 γῆς

51 3767 151 3819 καὶ
185 3764 317 3817 τῶν
358 3762 578 3817 κόλπων
611 3766 864 3837 ἀνασπᾷν
910 3768 1004 3820 καὶ
1057 3769 1274 3839 γυμνὰς
1327 3772 1640 3843 προτιθέναι
1694 3777 1759 3847 τῇ

49 3854 254 3925 θέρμῃ
286 3851 399 3921 τῆς
451 3853 690 3917 ἀκτῖνος,
741 3852 880 3906 ὥστε
940 3857 1427 3929 καταμαρανθῆναι
1463 3858 1661 3930 ῥᾳδίως
1710 3874 1758 3915 α.

47 3942 198 4011 Φέρε
240 3936 347 3993 οῦν
375 3940 471 3993 ἐπὶ
491 3940 582 3993 τὸν
613 3940 841 4013 οὐρανὸν
866 3944 1009 4013 ὑμᾶς
1030 3944 1467 4015 ἐπαναγάγωμεν
1498 3946 1576 4017 τῷ
1614 3948 1761 4020 λόγῳ

50 4029 256 4091 πάλιν,
288 4027 421 4097 οὑχῖ¹
448 4029 937 4100 περιεργαζόμενοι
980 4031 1101 4084 οὐδὲ
1144 4032 1756 4105 πολυπραγμονοῦντες,

48 4117 196 4170 ἀλλά
240 4114 366 4168 τῶν
415 4114 516 4167 οὑκ
561 4116 941 4187 ἐπισταμένων
991 4120 1218 4184 ἑαυτοὺς
1255 4121 1378 4174 οὐδὲ
1416 4122 1758 4193 ἀνεχομένων

47 4204 279 4257 εἰδέναι
314 4202 496 4272 μέτρα
526 4202 739 4271 φύσεως
762 4204 1112 4277 ἀνθρωπίνης
1141 4206 1239 4278 τὴν
1271 4207 1499 4279 ἄκαιρον
1534 4210 1759 4278 φιλονει·

48 4293 183 4347 κιαν
235 4288 556 4343 καταλῦσαι
596 4290 937 4355 σπεύδοντες.
977 4294 1074 4347 Διά
1102 4293 1212 4362 γὰρ
1250 4296 1409 4349 τοῦτο
1438 4299 1503 4351 ἐκ
1555 4298 1755 4371 πολλῆς

46 4380 150 4449 τῆς
191 4376 539 4448 περιουσίας
575 4378 697 4449 οὐχὶ
734 4380 870 4433 Θεοῦ
906 4382 1227 4450 ἐπιφάνειαν
1268 4384 1449 4454 μόνον.
1486 4386 1623 4441 ἀλλὰ
1660 4391 1755 4442 καὶ

42 4467 327 4537 ἀγγέλων
388 4466 671 4537 ἐδείξαμεν
722 4468 993 4539 ἀφόρητον
1048 4467 1213 4525 οὖσαν
1260 4473 1337 4544 τῷ
1393 4474 1586 4546 δικαίῳ
1630 4477 1751 4531 τότε

44 4556 300 4625 ἐκείνῳ,
349 4554 442 4606 ὅτε
483 4555 574 4606 καὶ
610 4554 711 4625 τὴν
755 4557 995 4628 ἱστορίαν
1036 4559 1163 4629 ὑμῖν
1198 4561 1379 4615 πᾶσαν
1411 4563 1749 4635 ἀνέγνωμεν,

44 4648 140 4698 καὶ
180 4641 453 4712 συνεχῶς
482 4643 794 4714 ἐδείκνυμεν
814 4646 904 4698 τὸν
938 4647 1204 4717 μακάριον
1233 4650 1430 4722 Δανιὴλ
1445 4650 1749 4723 ὠχριῶντα,

42 4736 375 4805 τρέμοντα,
395 4729 502 4781 τῶν
526 4730 1022 4803 ψυχορραγούντων
1054 4735 1205 4787 οὐδὲν
1234 4735 1456 4806 ἄμεινον
1476 4739 1751 4813 διακείμε-

44 4839 159 4885 νον,
201 4818 322 4888 τῆς
347 4816 531 4887 ψυχῆς
556 4820 920 4891 ἐπειγομένης
953 4822 1260 4893 ἀπορρῆξαι
1295 4824 1384 4878 τὸν
1415 4829 1513 4897 τῆς
1548 4830 1749 4900 σαρκὸς

42 4908 289 4980 δεσμόν.
330 4905 606 4979 Καθάπερ
638 4908 748 4980 γὰρ
782 4911 1079 4982 περιστερά
1103 4914 1391 4984 χειροήθης
1422 4916 1516 4969 καὶ
1543 4916 1748 4987 ἥμερος

45 5002 103 5051 ὲν
131 4996 398 5065 οἰκίσκῳ
422 4995 530 5048 τινὶ
553 4996 928 5067 διατρίϐουσα,
963 4999 1093 5053 ὅταν
1142 5000 1271 5053 ποτὲ
1317 5000 1574 5072 αἴσθηταί
1604 5022 1747 5066 τινος

43 5087 258 5154 φόϐου,
296 5081 602 5153 πτοηθεῖσα
633 5082 783 5157 [472]
812 5089 949 5156 πρὸς
978 5087 1077 5158 τὴν
1109 5088 1312 5159 ὀροφὴν
1360 5089 1607 5151 ἴπταταιν
1653 5094 1746 5146 καὶ

38 5174 131 5227 όιά
186 5171 318 5226 τῶν
360 5170 595 5241 θυρίδων
625 5171 747 5225 τινὰ
802 5172 979 5238 ἔξοδον
1026 5175 1309 5247 ἐπιζητεῖ,
1361 5176 1462 5246 τῆς
1506 5179 1743 5246 ἀγωνίας

41 5258 455 5328 ἀπαλλαγῆναι
492 5258 824 5330 ἐπιζητοῦσα
851 5262 914 5301 δ’
959 5261 1100 5316 οὑτω
1135 5264 1200 5335 δὴ
1249 5263 1343 5316 καὶ
1387 5266 1419 5336 ή
1452 5264 1597 5336 ψυχὴ
1649 5268 1741 5321 τοῦ

44 5350 351 5417 μακαρίου
397 5344 518 5398 τότε
565 5348 774 5400 ἐκείνου
824 5349 887 5401 ἐκ
937 5348 1030 5403 τοῦ
1077 5349 1329 5421 σώματος
1373 5352 1679 5423 ἀναπτῆναι
1714 5364 1736 5393 ο

40 5435 321 5497 ἑσπευδε,
336 5432 579 5505 καὶπρὸς
593 5435 662 5487 τά
685 5435 788 5501 ἐξω
818 5436 1078 5492 πάντοθεν
1095 5437 1374 5508 ἠπείγετο,
1408 5440 1501 5493 καὶ
1517 5440 1740 5511 ἐξῆλθεν

105 5634 125 5709 ξ
164 5633 343 5709 savii.
370 5632 430 5709 .in
468 5646 620 5709 φατε.
646 5640 715 5709 ρι’
732 5636 830 5685 duo
861 5636 979 5709 (δρᾶζ
999 5636 1184 5709 ῥᾳδίως.
1219 5634 1364 5709 ’έλλά
1391 5639 1648 5709 προσέχετε
1668 5640 1740 5688 ὅτι

39 5698 162 5772 πρὸς
184 5697 285 5744 τὸν
331 5693 533 5772 οὐραγὸν
574 5693 865 5772 ἐπανάγομεν
884 5693 1010 5762 ὑμᾶς
1039 5693 1197 5747 πάλιν.
1229 5700 1323 5747 Καὶ
1342 5693 1485 5747 τοῦτο
1514 5693 1740 5763 ποιοῦμεν

42 5758 155 5819 οὐχὶ
180 5758 736 5819 περιεργαζόμενοιθιο.

102 5778 155 5860 {Il
180 5778 736 5866 περιῳγαςομξνοιμεω.

1073 5884 1086 5898 ,

112 5885 137 5913 ε
174 5882 366 5945 Morf‘l.
393 5882 614 5945 σώματος
636 5882 882 5940 ἀναϐῆναι,
906 5883 987 5945 aiii
1023 5884 1243 5944 σώματος
1266 5883 1456 5942 ἐκϐῆναι
1499 5882 1731 5945 (Sm'ilia-

42 5939 456 6012 nam
481 5942 742 6001 ἀναπτῆναι
766 5939 1070 6007 tenuimus).
1101 5939 1231 5999 lum
1255 5948 1337 5997 alii
1359 5939 1384 5994 6
1406 5939 1599 6010 ἅγγελος
1614 5964 1730 6012 προ-

40 6002 372 6059 καταλαϐών.

1886 2520 1953 2575 ἂν
1980 2524 2073 2577 καλ⁸
2103 2524 2321 2597 ἀπέπτη
2351 2530 2445 2582 καὶ
2473 2531 2534 2584 τὸ
2568 2534 2725 2604 σῶμα
2763 2537 3055 2594 κατέλιπεν
3101 2542 3325 2615 ἔρημον,
3382 2551 3430 2603 εἰ
3477 2554 3554 2627 μὴ

1876 2610 2082 2679 ταχέως
2098 2614 2126 2662 6
2140 2614 2367 2682 ἄγγελος
2383 2618 2668 2687 προλαϐὼν
2685 2624 2854 2695 αὑτὴν
2868 2610 3147 2697 ἀπήλλαξε
3168 2610 3270 2703 τῆς
3286 2610 3550 2708 ἀγωνίάςξ

1876 2696 1968 2748 καὶ
2007 2698 2143 2767 πρὸς
2169 2700 2231 2752 τὸ
2251 2706 2448 2758 οἰκεῖον
2487 2706 2648 2760 πάλιν
2693 2696 3011 2782 ἐπανήγαγε
3048 2696 3411 2790 καταγῶγιον.
3452 2696 3553 2784 Διά

1871 2783 2029 2836 τοῦτο
2050 2785 2108 2838 δὲ
2133 2787 2306 2840 ταῦτα
2332 2789 2591 2862 ἐλέγομεν
2619 2794 2762 2859 τότε,
2794 2798 2880 2852 ἵνα
2913 2783 3350 2870 μαθόντεςξόσον
3378 2811 3549 2881 ἀγγε-

1873 2870 1962 2935 λος
1982 2872 2271 2944 ἀνθρώπου
2287 2876 2554 2947 διαφέρει,
2571 2882 2666 2934 καὶ⁵
2691 2885 2749 2937 ἐν
2776 2888 2842 2957 τῇ
2873 2887 2966 2940 τοῦ
2991 2891 3278 2948 συνδούλου
3302 2870 3545 2975 ὑπεροχῇ

1875 2961 2357 3031 σωφρονισθέντες,
2391 2966 2490 3038 τῆς
2524 2971 2666 3025 κατὰ
2691 2971 2783 3025 τοῦ
2817 2977 3090 3033 Δεσπότου
3131 2984 3328 3052 μανίας

1871 3046 2132 3115 λαγῶσιν.
2167 3050 2225 3103 '0
2255 3051 2730 3126 δίκαιοςεᾶγγελον
2761 3061 2888 3115 ἰδεῖν
2916 3065 3017 3118 οὑκ
3048 3046 3320 3138 ἤνεγκεν.-
3344 3076 3372 3129 ό
3404 3082 3542 3148 παρ-

1871 3133 2066 3204 ρησίαν
2092 3137 2361 3208 τοσαύτην
2394 3140 2555 3212 ἔχων,
2613 3147 2706 3199 καὶ
2756 3150 2806 3200 οἰ
2861 3133 3116 3207 τοσοῦτον
3157 3133 3543 3231 ⁷ἀφεστηκότες

1867 3309 2115 3387 ἀγγέλων
2159 3315 2437 3387 Δεσπότην
2484 3321 2955 3393 περιεργάζονται.
3020 3329 3256 3398 Ἐκεῖνος
3312 3335 3539 3394 λεόντων

1868 3395 2037 3466 θυμὸν
2073 3399 2344 3470 ἐδάμασεν
2365 3421 2378 3433 ο
2399 3405 2560 3475 ἡμεῖς
2585 3407 2642 3460 δὲ
2669 3410 2792 3464 οὑδὲ
2817 3411 3120 3469 ἀλωπέκων
3151 3395 3537 3491 περιγενέσθαι

1865 3481 2168 3553 δυνάμεθαο
2199 3489 2407 3554 ἐκεῖνος
2432 3492 2700 3562 δράκοντα
2729 3496 2893 3567 μέσον
2914 3500 3131 3574 ἔρρηξε,
3170 3481 3263 3560 κοὶι
3292 3481 3406 3582 ’τῆς
3439 3481 3535 3567 τοῦ

1866 3568 2055 3641 θηρίου
2082 3572 2296 3640 φύσεως
2328 3579 2601 3651 ἐκράτησε
2624 3582 2713 3636 διά
2731 3587 2830 3655 τῆς
3028 3568 3125 3643 τὸν,
3152 3594 3285 3647 Θεὸν
3312 3568 3533 3671 παρρη-

1866 3656 1987 3720 σίας
2006 3672 2019 3685 °
2050 3658 2210 3729 ἡμεῖς
2230 3660 2287 3713 δὲ
2319 3664 2413 3717 καὶ
2441 3665 2511 3718 τά
2555 3667 2685 3736 ψιλά
2718 3656 2922 3742 ἐρπετά
2946 3674 3293 3750 δεδοίκαμεν·
3326 3656 3534 3752 ἐκείνός

1866 3743 2086 3812 βασιλέα
2140 3747 2479 3819 θυμούμενον
2507 3753 2758 3827 καθάπερ
2791 3757 2981 3814 λέοντα
3027 3743 3245 3836 ἔστησε,
3297 3771 3394 3823 καὶ
3429 3743 3529 3843 τὴν

1861 3830 1955 3884 τοῦ
1987 3832 2452 3910 Ναϐουχοδονόσορ
2479 3840 2648 3912 ὀργὴν
2678 3845 2874 3915 φλογὸς
2918 3830 3154 3922 ἀπάσης.
3172 3830 3531 3930 σφοδρότερόν

1863 3920 1954 3971 ἐπὶ
1981 3919 2049 3973 τά
2088 3921 2399 3993 βαρϐαρικά
2421 3930 2762 3998 στρατόπεδα
2791 3919 3105 4009 φερομένην*
3138 3919 3528 4015 μέσοςφανεὶς

1860 4006 2153 4073 ἀνέστειλε,
2199 4013 2385 4067 καὶτὰ
2422 4016 2785 4090 ἐσκοτισμένα
2818 4023 2996 4078 πάντα
3024 4026 3312 4097 ἐφώτισεν.

1931 4096 2070 4150 Ἀλλ’
2085 4091 2239 4163 οὗτος
2266 4103 2295 4154 ό
2316 4102 2556 4171 φωτίσας
2584 4107 2814 4176 ἀγγελον
2847 4091 3079 4167 ἐλθόντα⁷
3110 4117 3232 4170 ίδὼν
3257 4121 3393 4191 πρὸς
3422 4125 3525 4178 αὑ-

1857 4182 1967 4245 τὸν,
2017 4186 2317 4259 σκοτοδινία
2366 4192 2648 4263 κατείχετο
2678 4197 2910 4272 χαλεπῇ.
2973 4202 3108 4257 Τίνα
3159 4203 3252 4259 οὖν
3302 4182 3521 4276 ἐξουσιν

1857 4269 2154 4340 ἀπολογίαν
2202 4275 2250 4326 οἱ
2302 4275 2401 4347 τὴν
2436 4282 2712 4353 μακαρίαν
2740 4269 2955 4359 ἐκείνην
3002 4290 3164 4358 φύσιν
3196 4269 3525 4366 ἐμϐατεύειν

1855 4356 2258 4430 ἐπιχειροῦντες
2290 4361 2350 4427 ἀς
2413 4365 2603 4436 Ἡμεῖς
2662 4371 2717 4424 δὲ
2764 4356 3171 4432 οὑδὲνένταῦθα
3226 4356 3319 4435 τὸν
3365 4384 3523 4453 λόγον

1853 4444 2163 4517 ἐστήσαμεν
2198 4450 2339 4513 τότε,
2391 4452 2526 4507 ἀλλά
2555 4458 2650 4510 καὶ
2682 4459 2777 4513 ἐπὶ
2813 4461 2911 4524 τάς
2963 4466 3133 4533 σοφὰς
3174 4470 3393 4536 ἐκείνας
3425 4444 3521 4526 ἀν-

1851 4535 2130 4605 ηγάγομεν
2144 4537 2401 4609 δυνάμεις
2417 4542 2515 4613 τὴν
2532 4544 2783 4616 διήγησιν
2802 4565 2816 4579 ο
2839 4550 3119 4623 ἐδείξαμεν
3139 4556 3237 4627 τὴν
3257 4558 3518 4633 ἀποστρο-

1853 4620 1957 4690 φήν
1989 4622 2097 4676 τῶν
2124 4623 2438 4697 ὀφθαλμῶν,
2470 4630 2568 4701 τὴν
2604 4634 2874 4707 προϐολὴν
2910 4620 3032 4692 τῶν-
3066 4620 3375 4715 πτερύγων,
3416 4620 3517 4720 τὴν

1849 4707 2113 4780 ὀρθότητα
2143 4710 2250 4765 τῶν
2283 4715 2513 4783 σκελῶν,
2548 4720 2647 4789 τὴν
2678 4720 2807 4792 βοὴν
2857 4726 2957 4797 τὴν
3007 4707 3263 4801 διηνεκῆ,⁷
3299 4707 3392 4787 καὶ
3434 4707 3517 4790 ὅτι

1848 4794 1936 4848 διὰ
1958 4797 2172 4851 πάντων
2187 4801 2285 4870 τὴν
2311 4802 2569 4875 ἔκπληξιν
2594 4809 2686 4861 καὶ
2705 4809 2764 4863 τὸ
2785 4794 2992 4883 θάμϐος
3007 4794 3359 4885 ἐμιραίνουσιν
3382 4824 3516 4892 ήμῖν

1848 4882 1904 4933 αἱ
1933 4883 2211 4955 ἀσώματοι
2231 4887 2489 4960 δυνάμεις
2515 4894 2716 4948 ἐκεῖναι
2736 4913 2751 4930 ο
2777 4882 2887 4970 ὅσω
2912 4903 3021 4969 γάρ
3040 4882 3147 4955 είσι
3183 4907 3365 4973 σοφαὶ,
3398 4882 3510 4981 δ’σῳ

1845 4970 2000 5039 ἡμῶν
2046 4973 2336 5047 ἐγγύτεραί
2368 4981 2472 5031 εἰσι
2515 4983 2579 5052 τῇ
2622 4984 2848 5056 ἀρρήτῳ
2899 4989 2992 5041 καὶ
3051 4970 3295 5063 μακαρία
3350 4970 3509 5067 οὐσία

1850 5058 2055 5133 ἐκείνῃ,
2108 5062 2347 5135 τοσούτῳ
2399 5066 2600 5136 μᾶλλον
2631 5071 2787 5141 ήμῶν
2812 5072 2874 5125 τὸ
2905 5058 3287 5148 ἀκατάληπτον
3311 5058 3508 5140 ἴσασιν..

1859 5142 1925 5198 Ἦ
1951 5147 2057 5218 γάρ
2096 5148 2344 5214 ἐπίτασις
2369 5152 2469 5223 τῆς
2520 5156 2707 5225 σοφίας
2743 5160 2994 5214 ἐπίτασιν
3028 5142 3173 5217 ποιεῖ
3194 5166 3505 5234 εὐλαϐείας.

1851 5232 2090 5306 Εἴπομεν
2118 5237 2247 5306 ὑμῖν
2273 5239 2327 5291 τί
2361 5240 2488 5294 ποτέ
2537 5246 2652 5296 ἐστι
2685 5244 2745 5298 τὸ
2767 5246 3080 5317 ἀπρόσιτον,
3132 5252 3227 5305 καὶ
3269 5254 3352 5308 ὅτι
3408 5232 3509 5313 τοῦ

1847 5323 2231 5393 ἀκαταλήπτου
2259 5326 2439 5397 πολλῷ
2494 5330 2678 5399 μεῖζόν
2709 5335 2844 5396 ἐστι,
2876 5335 2970 5388 καὶ
2997 5337 3097 5408 τὴν
3124 5340 3305 5395 αἰτίαν
3338 5360 3507 5416 προσ-

1844 5407 2141 5480 εθήκαμεν,
2167 5412 2249 5464 ὅτι
2280 5413 2341 5465 τὸ
2371 5413 2471 5485 μὲν
2497 5416 2878 5491 ἀκατάληπτον
2903 5424 3041 5491 μετά
3057 5407 3121 5477 τὸ
3151 5407 3507 5501 ἐρευνηθῆναι

1843 5496 2223 5566 ἀκατάληπτον
2276 5500 2545 5569 φαίνεται.
2575 5505 2637 5557 τὸ
2678 5506 2735 5558 δέ
2790 5508 3082 5579 ἀπρόσιτον
3119 5496 3238 5567 οὐδὲ
3277 5496 3506 5590 ἐρεύνης

1842 5582 2126 5651 ἀνέχεται,
2177 5585 2294 5638 οὑδὲ
2343 5590 2602 5657 προσόδου
2631 5603 2653 5630 ο
2672 5593 2768 5664 τὴν
2794 5594 2988 5667 ἀρχὴν,
3032 5599 3119 5652 ὅτε
3148 5602 3243 5654 καὶ
3272 5582 3365 5671 τῆς
3403 5582 3503 5660 τοῦ

1844 5670 2107 5738 πελάγους
2133 5672 2336 5737 εἰκόνος
2371 5676 2688 5749 ἐδεήθημεν.
2717 5682 2956 5754 Εἴπομεν
2982 5686 3064 5739 ὅτι
3084 5687 3184 5741 οὑκ
3210 5670 3351 5754 εἶπε,
3385 5692 3504 5761 φῶς

1838 5758 1914 5812 ὢν
1953 5761 2266 5830 ἀπρόσιτον,
2318 5764 2451 5818 ἀλλά
2483 5766 2611 5833 Φῶς
2654 5769 2833 5824 οἰκῶν
2875 5774 3240 5842 ἀπρόσιτον·
3286 5781 3334 5832 εἰ
3384 5758 3441 5834 δὲ
3471 5786 3501 5835 6

1835 5846 1983 5913 οἶκος
2012 5852 2305 5922 ἀπρόσιτος
2338 5854 2517 5927 πολλῷ
2567 5858 2766 5928 μᾶλλον
2794 5860 2823 5912 ὁ
2857 5862 3083 5916 ἐνοικῶν
3125 5864 3278 5929 Θεός.
3314 5867 3501 5925 Ταῦτα

1899 5951 1926 5990 d
2081 5954 2223 6024 φύειν.
2241 5958 2462 6024 ἐξετάζειν
2478 5961 2605 6024 γέπιχ.

1908 6028 1931 6055 ο
1956 6015 2053 6065 Alii
2074 6017 2181 6065 οὐδὲ
2204 6019 2391 6082 ἐφόδου.
2415 6015 2610 6073 Edilth
2636 6024 2795 6075 fuerat
2816 6026 3039 6091 προόδου.
3061 6027 3220 6090 Enna,
