3868 6284
125 449 221 504 799

125 578 272 635 porro
297 563 427 617 dixit
446 561 658 629 Paulus,
683 577 785 616 non
804 570 859 615 ut
880 561 1042 615 Deum
1062 561 1179 614 loco
1194 558 1669 620 circumscriberet,

122 652 209 707 sed
235 661 288 706 ut
310 654 474 722 magis
505 654 773 721 magisque
793 652 1012 719 liqueret
1032 650 1198 704 Deum
1218 664 1316 703 nec
1344 649 1559 718 cogitari
1582 664 1679 701 nec

122 744 249 798 adiri
291 758 465 813 posse.
501 742 645 797 Alias
686 743 809 796 item
850 741 1068 795 virtutes
1109 739 1435 805 indusimus,
1489 754 1679 807 nempe

124 834 418 898 Cherubim,
448 832 932 900 dociaravimusque
962 830 1225 899 quomodo
1265 844 1421 899 supra
1464 830 1577 884 illas
1612 830 1681 883 sit

122 928 521 989 lirmamentum,
564 923 694 991 lapis
748 921 1000 990 cryStalli,
1054 920 1342 975 similitudo
1386 919 1581 985 throni,
1626 930 1681 974 et

119 1017 320 1085 species
344 1014 591 1079 hominis,
619 1013 892 1076 electrum,
921 1010 1072 1081 ignis.
1104 1025 1279 1076 arcus,
1307 1020 1361 1065 et
1393 1009 1531 1080 quod
1565 1017 1681 1079 post

120 1109 234 1161 ιιωο
250 1106 423 1161 omnia
451 1103 703 1176 propheta
730 1104 890 1169 dicat,
919 1102 1041 1156 Haec
1068 1092 1190 1156 uisio
1219 1102 1562 1156 similitudinis
1578 1100 1681 1156 Do-

120 1198 241 1253 mitti
268 1196 473 1267 (Ezech.
499 1196 553 1249 2.
588 1194 638 1266 1)
673 1213 685 1247 :
714 1204 871 1264 atque
894 1210 958 1274 ex
990 1194 1072 1247 his
1101 1194 1345 1248 omnibus
1374 1194 1464 1248 Dei
1493 1203 1683 1249 attem-

121 1288 440 1356 perationem
492 1286 642 1341 vobis
682 1285 1189 1347 demonstravimus,
1232 1300 1453 1355 eamque
1507 1296 1680 1341 tamen

117 1378 398 1448 ejusmodi,
426 1393 542 1447 quae
571 1391 668 1434 nec
693 1391 724 1430 a
762 1376 1004 1444 supernis
1030 1376 1306 1431 virtutibus
1346 1376 1468 1431 ferri
1497 1378 1679 1447 possit.

188 1472 244 1525 2.
275 1472 397 1526 limc
437 1486 540 1524 non
579 1472 693 1525 sine
727 1485 884 1528 causa
920 1479 1130 1539 repeto;
1162 1470 1252 1525 sed
1287 1472 1409 1540 quia
1439 1486 1525 1525 me
1563 1486 1684 1541 pro-

119 1566 269 1620 missi
313 1564 601 1619 debitorem
655 1564 798 1629 novi,
847 1564 985 1618 scire
1029 1564 1181 1631 volo,
1227 1563 1354 1633 quid
1409 1563 1680 1630 solverim,

117 1655 346 1724 quidque
378 1654 685 1708 solvendum
724 1655 974 1723 supersit.
1008 1654 1095 1709 Sic
1123 1662 1177 1709 et
1201 1655 1323 1709 aeris
1352 1654 1507 1708 alieni
1534 1653 1684 1709 debi-

119 1760 264 1803 tores
292 1748 505 1815 laciunt,
536 1746 754 1803 tabellas
783 1748 835 1800 in
866 1747 1097 1801 medium
1126 1747 1428 1816 proferunt.
1457 1747 1545 1801 ubi
1586 1747 1684 1801 de-

118 1841 211 1894 biti
231 1840 363 1894 ratio
382 1840 661 1908 descripta,
682 1838 871 1909 quibus
888 1838 1191 1896 fameratori
1207 1838 1455 1895 exhibitis
1474 1839 1684 1894 residua

118 1940 420 1984 numerant.
474 1929 588 1998 Ego
640 1929 901 1996 similiter,
954 1938 1138 2000 aperto
1188 1931 1460 1985 memoriae
1494 1940 1685 1985 vestrae

116 2024 277 2089 libro,
303 2031 458 2092 atque
487 2023 548 2076 iis
585 2037 702 2092 qua:
722 2022 831 2091 jam
870 2023 1039 2077 soluta
1064 2030 1188 2077 sunt
1222 2020 1371 2093 quasi
1399 2023 1564 2091 digito
1588 2022 1685 2077 de-

116 2113 447 2177 monstratis,
477 2113 542 2166 ad
583 2113 782 2182 reliqua
818 2112 1032 2167 demum
1072 2128 1320 2183 propero.
1354 2113 1488 2181 Quid
1530 2114 1687 2183 igitur

115 2205 387 2258 residuum
415 2204 562 2257 erat?
595 2203 661 2259 Ut
685 2204 1107 2269 ostenderemus,
1136 2220 1309 2276 neque
1336 2206 1683 2275 principatus,

115 2312 292 2365 neque
330 2304 633 2365 potestates,
667 2310 838 2366 neque
874 2295 1280 2360 dominationes,
1324 2312 1492 2367 neque
1530 2298 1685 2351 aliam

114 2387 279 2440 ullam
326 2395 555 2440 creatam
600 2387 847 2441 virtutem
898 2402 1036 2451 esse,
1084 2403 1201 2457 quae
1245 2388 1411 2443 Deum
1456 2388 1688 2458 perfecte

113 2475 552 2545 comprehendat.
580 2476 716 2531 Sunt
741 2479 883 2532 enim
905 2480 1018 2533 sine
1038 2478 1199 2533 dubio
1224 2488 1277 2534 et
1301 2480 1418 2534 alia:
1445 2481 1685 2547 virtutes,

110 2583 344 2636 quarum
372 2582 436 2620 ne
458 2568 669 2621 nomina
696 2568 906 2637 quidem
930 2570 1190 2624 novimus.
1212 2569 1525 2641 Perpendite
1546 2572 1685 2626 insa-

113 2674 242 2711 nam
276 2657 641 2712 hmreticorum
666 2662 1019 2730 arrogantiam
1047 2679 1061 2717 :
1086 2678 1151 2716 ne
1175 2677 1449 2718 servorum
1476 2664 1687 2734 quidem

112 2749 336 2802 nomina
376 2750 645 2814 novimus,
675 2758 730 2805 et
758 2751 922 2822 ipsam
955 2754 1163 2809 Domini
1193 2755 1539 2810 substantiam
1571 2773 1688 2825 pcr-

111 2848 441 2894 scrutantur.
469 2840 601 2896 Sunt
631 2842 771 2897 enim
798 2844 990 2914 angeli,
1019 2845 1342 2916 archangeli,
1368 2848 1561 2912 throni,
1591 2849 1689 2903 do-

106 2936 458 2999 minationes,
487 2932 811 3004 principatus
848 2944 901 2989 et
926 2945 1233 3004 potestates.
1261 2939 1331 2991 At
1365 2954 1469 2993 non
1510 2938 1688 2994 lii‘soli

110 3031 163 3083 in
195 3030 335 3085 cmlo
364 3038 487 3083 sunt
516 3030 712 3098 populi,
739 3029 831 3084 sed
860 3028 1078 3083 inﬁnitae
1103 3038 1308 3099 gentes,
1342 3031 1509 3086 tribus
1539 3032 1693 3086 innu-

109 3137 304 3186 merae,
330 3135 461 3190 quas
486 3120 659 3175 nullus
685 3136 864 3176 sermo
888 3120 1159 3175 declarare
1188 3131 1380 3190 po:est.
1413 3121 1688 3178 Undenam

106 3219 331 3265 constat
369 3211 546 3278 plures
588 3225 707 3265 esse
744 3212 988 3274 virtutes,
1025 3228 1244 3280 quarum
1292 3214 1503 3267 nomina
1543 3216 1693 3286 igno-

107 3301 341 3357 ramus?
371 3301 561 3356 Paulus
590 3303 677 3372 qui
708 3302 795 3356 illa
833 3303 1042 3357 dixerat
1081 3303 1179 3357 hoc
1214 3305 1370 3358 etiam
1411 3305 1586 3371 docet,
1619 3307 1691 3362 ita

105 3393 177 3447 de
208 3392 428 3448 Christo
449 3393 667 3463 loquens
690 3410 704 3446 :
728 3392 993 3447 Constituit
1019 3410 1131 3447 eum
1156 3412 1306 3465 super
1328 3413 1521 3451 onmem
1552 3399 1693 3467 prin-

104 3486 365 3553 cipatum,
414 3492 459 3537 et
500 3492 824 3554 potestatem,
869 3495 913 3539 et
948 3485 1197 3552 virtutem,
1240 3496 1289 3539 et
1326 3503 1471 3541 omne
1512 3505 1691 3544 nomen

103 3578 251 3643 quod
281 3574 566 3626 nominatur
593 3590 695 3627 non
729 3574 889 3627 solum
917 3575 969 3627 in
1006 3575 1097 3628 hoc
1123 3577 1324 3637 sa’culo,
1354 3577 1440 3629 sed
1466 3579 1614 3631 etiam
1638 3580 1690 3633 in

104 3669 295 3734 futuro
335 3662 558 3735 (Ephes.
601 3665 654 3719 1.
694 3663 810 3734 Ξί).
854 3664 1053 3719 Videtis
1089 3665 1261 3734 aliqua
1301 3667 1406 3721 illic
1442 3682 1561 3723 esse
1598 3669 1693 3723 ali-

102 3755 334 3825 quando
377 3756 761 3825 cognoscenda,
806 3772 924 3826 quae
972 3774 1110 3812 nunc
1138 3752 1333 3829 iign0ta
1371 3762 1530 3815 sunt?
1568 3756 1692 3818 Ideo

99 3850 275 3913 dixit,
306 3864 420 3917 qum
451 3866 553 3901 non
584 3849 743 3903 modo
773 3850 823 3903 in
854 3849 953 3905 hoc
981 3851 1175 3905 szeculo
1209 3853 1565 3921 nominantur,
1597 3857 1689 3911 sed

101 3943 282 3995 etiam
324 3940 375 3993 in
418 3941 608 3994 futuro.
646 3941 845 4009 Ecquid
886 3942 1077 3996 mirum
1115 3943 1159 3997 si
1198 3944 1544 3999 substantiam
1584 3964 1689 4001 non

102 4032 357 4101 perfecte
400 4030 893 4099 comprehendunt?
947 4031 1078 4086 Illud
1130 4033 1270 4087 enim
1326 4034 1692 4093 demonstrare

100 4139 217 4177 non
243 4121 473 4176 arduum
498 4130 599 4176 est.
628 4120 759 4176 Nam
788 4122 1241 4192 dispensationum
1266 4125 1382 4194 ejus
1411 4127 1601 4182 multas
1626 4144 1693 4183 ne

97 4214 336 4282 quidem
362 4226 605 4281 supernae
629 4213 848 4267 virtutes
869 4222 1093 4281 norunt,
1112 4229 1212 4269 nec
1232 4215 1573 4285 principatus,
1597 4233 1682 4288 po

100 4316 346 4360 testatos
371 4312 424 4359 et
441 4304 848 4359 dominationes.
881 4304 1040 4376 quue
1070 4321 1276 4360 rursum
1304 4321 1371 4362 ex
1391 4309 1692 4377 apostolicis

96 4398 303 4452 verbis
351 4396 561 4465 planum
601 4396 875 4462 faciemus,
925 4414 1116 4468 nempe
1158 4400 1350 4475 multas
1392 4416 1456 4456 ex
1501 4401 1692 4457 divinis

94 4487 606 4557 dispensationibus
626 4488 897 4545 nobiscum
918 4489 1215 4555 edidicisse,
1239 4506 1371 4559 quas
1393 4502 1514 4548 ante
1533 4508 1691 4563 quam

94 4596 208 4635 nos
257 4579 590 4634 disceremus
636 4580 969 4650 ignorabant.
1008 4581 1123 4635 Non
1161 4583 1328 4636 solum
1367 4593 1544 4639 autem
1593 4602 1691 4639 no-

90 4672 331 4724 biscum
367 4668 682 4736 didicerunt,
723 4670 816 4724 sed
859 4671 1018 4725 etiam
1065 4686 1094 4724 a
1137 4673 1289 4727 nobis
1329 4673 1457 4743 ipsis
1499 4676 1690 4743 :Aliis,

92 4762 318 4830 inquit,
345 4762 736 4831 generationibus
757 4780 855 4815 non
882 4773 951 4817 est
971 4765 1216 4833 agnitum,
1239 4768 1367 4820 sicut
1394 4785 1527 4823 nunc
1552 4787 1691 4824 reve-

90 4856 275 4909 latum
312 4862 384 4906 est
416 4854 599 4907 sanctis
630 4856 867 4923 apostolis
897 4858 1002 4927 ejus
1027 4866 1073 4910 et
1112 4857 1365 4928 praphetis
1398 4861 1449 4914 in
1480 4864 1689 4932 spiritu,

88 4961 210 4998 esse
243 4953 427 5014 gentes
452 4945 713 4997 coheredes
742 4954 788 4997 et
812 4948 1207 5015 concorporales,
1239 4958 1284 5002 et
1310 4953 1692 5022 comparticipes

90 5035 471 5103 promissionis
507 5036 616 5105 ejus
650 5034 856 5107 (Ep/tes.
892 5037 944 5091 '5.
982 5038 1057 5106 5).
1091 5038 1477 5096 Promissiones
1515 5053 1691 5099 autem

88 5128 322 5182 Judaeis
362 5126 501 5180 datae
540 5128 788 5183 fuerant:
821 5129 925 5182 Per
955 5130 1299 5202 Evangelium,
1341 5137 1486 5206 cujus
1527 5141 1693 5208 factus

88 5236 216 5273 sum
247 5232 353 5287 ego
384 5216 580 5271 Paulus
610 5220 851 5273 minister.
884 5220 1156 5277 Undenam
1187 5226 1482 5281 ostenditur
1509 5244 1694 5299 super—

90 5328 195 5363 nas
228 5311 470 5363 virtutes
502 5310 551 5363 id
592 5320 714 5366 tunc
756 5313 1071 5369 edidicisse?
1101 5315 1229 5369 Nam
1258 5332 1374 5387 quae
1404 5319 1541 5375 dicta
1572 5332 1695 5378 sunt

83 5401 156 5453 ad
192 5400 462 5454 homines
486 5410 747 5469 spectant.
782 5403 916 5458 Audi
949 5420 962 5457 :
987 5404 1115 5459 Mihi
1144 5410 1365 5462 onmium
1394 5411 1648 5466 hominum
1675 5415 1691 5447 ⁸

84 5493 328 5545 minimo
365 5492 486 5545 data
505 5502 578 5546 est
604 5495 768 5564 gratia
797 5496 922 5563 haec,
962 5501 1298 5569 euangelizare
1322 5506 1548 5559 omnibus
1570 5524 1693 5576 gen-

81 5589 234 5641 tibus
280 5587 658 5658 inuestigabiles
683 5590 880 5643 divitias
915 5591 1099 5646 Christi
1137 5593 1348 5662 (Ephes.
1378 5598 1429 5651 3.
1461 5598 1537 5668 8).
1558 5600 1693 5666 Quid

84 5688 177 5731 est
205 5676 631 5747 investigabile?
657 5677 807 5745 Quod
832 5682 1060 5752 perquiri
1084 5686 1283 5754 nequit,
1308 5703 1405 5742 nec
1428 5691 1584 5744 modo
1610 5707 1695 5747 re-

154 5882 183 5957 ιΔ
210 5873 612 5957 satilietpiulti
635 5886 761 5942 Mss,
781 5895 986 5935 omnium
1008 5893 1292 5941 sanctorum.
1325 5891 1486 5941 Morel.
1515 5900 1565 5944 et
1595 5893 1689 5957 alii,

85 5944 331 5992 primum!
358 5935 611 5989 hominum.
748 5935 758 5942 ’
1017 5935 1020 5936 ν
1123 5935 1152 5936 Si
1326 5935 1486 5941 ’π’-ψ
1517 5935 1565 5944 ﬂ
1595 5935 1677 5963 ’Ψ

1055 444 1141 500 DE
1182 440 1849 499 INCOMPREHENSIBILI
1888 441 1998 496 DEI
2035 442 2333 499 NATURA.
2368 444 2453 498 lV.

3252 449 3355 508 750

1786 556 1944 625 periri
1994 571 2099 610 non
2153 564 2345 626 potest,
2392 558 2487 612 sed
2538 574 2710 630 neque
2754 562 3081 631 investigari.
3126 554 3355 620 Audiam

1784 663 1941 716 quam
1967 648 2151 702 crebra
2177 648 2456 703 adversum
2485 665 2543 703 se
2566 650 2737 718 jacnla
2760 668 2788 704 a
2816 653 2979 707 Paulo
3006 654 3356 710 emittantur?

1783 736 1912 791 Nam
1944 739 1988 791 si
2026 737 2227 793 diuitiae
2257 739 2651 808 investigabiles
2679 752 2824 807 sunt,
2852 746 3120 813 quomodo
3160 747 3233 811 is,
3265 748 3356 818 qui

1784 828 2003 897 largitur
2024 827 2253 891 dvitias,
2281 844 2389 883 non
2419 831 2803 902 investigabilis
2837 836 2938 889 sit?
2975 834 3042 889 Et
3070 838 3360 894 illuminare

1782 935 1970 982 omnes,
1992 934 2103 987 qtae
2120 921 2184 973 sit
2205 920 2512 990 dispensatio
2529 926 2830 978 sacramenti
2850 925 3127 982 absconditi
3150 946 3182 982 a
3196 946 3358 984 διεω-

1785 1008 1846 1063 lis
1874 1011 1927 1062 in
1954 1008 2082 1075 Deo,
2107 1020 2158 1062 ut
2180 1012 2523 1080 manifestetur
2540 1031 2673 1068 nunc
2697 1017 3059 1086 principatibus
3078 1031 3125 1073 et
3146 1031 3359 1089 potesta-

1783 1099 1913 1154 tibus
1950 1117 2039 1171 per
2066 1099 2347 1156 Ecclesiam
2374 1104 2702 1175 multiformis
2730 1108 2978 1177 sapientia
3015 1108 3112 1163 Dei
3139 1109 3355 1181 (Ep/tes.

1783 1190 1835 1244 5.
1860 1191 1912 1245 9.
1945 1192 2056 1260 10).
2090 1194 2255 1248 Audis
2293 1195 2435 1264 quod
2473 1212 2634 1263 nunc,
2676 1214 2781 1252 non
2821 1209 2964 1266 ante,
2998 1202 3101 1256 illa:
3137 1203 3358 1258 virtutes

1784 1282 1899 1337 hinc
1934 1286 2317 1355 cognoverint?
2355 1286 2485 1341 Nam
2524 1305 2642 1356 qua:
2680 1306 2775 1344 rex
2811 1292 3096 1357 consultat,
3145 1294 3369 1349 satelles

1785 1377 1956 1432 nescit
1989 1395 2001 1431 :
2033 1376 2100 1433 Ut
2124 1380 2473 1450 manifestetur
2500 1398 2631 1435 nunc
2669 1384 3033 1452 principatibus
3062 1396 3108 1440 et
3137 1397 3358 1458 potesta-

1785 1465 1913 1520 tibus
1955 1484 2044 1536 per
2085 1466 2365 1522 Ecclesium
2407 1471 2733 1540 multiformis
2775 1475 3023 1543 sapientia
3065 1475 3178 1530 Dei.
3226 1476 3360 1534 Vide

1784 1567 2037 1627 quantum
2057 1559 2275 1615 honoris
2291 1560 2538 1617 humanae
2560 1572 2762 1619 natura:
2775 1566 3024 1621 collatum
3043 1568 3131 1635 sit,
3148 1572 3359 1639 quando

1786 1648 2056 1703 nobiscum
2096 1657 2150 1704 et
2186 1665 2281 1719 per
2309 1666 2406 1706 nos
2443 1666 2687 1722 superna:
2724 1650 2942 1711 virtutes
2982 1658 3119 1727 regis
3149 1669 3356 1714 secreta

1786 1747 2165 1806 cognoverunt.
2198 1738 2303 1794 Sed
2336 1740 2597 1796 undenam
2630 1751 2807 1812 pateat
2833 1745 2899 1799 de
2927 1747 3227 1802 cmlestibus
3254 1749 3358 1803 illis

1787 1825 1931 1881 diei?
1960 1828 2165 1882 Etenim
2195 1828 2467 1885 daemonas
2491 1833 2648 1886 etiam
2682 1833 2946 1890 interdum
2978 1848 3130 1892 vocat
3162 1840 3361 1908 princi-

1788 1925 1942 1985 patus
1967 1928 2021 1971 et
2050 1927 2357 1987 potestates,
2391 1929 2449 1975 ut
2476 1937 2595 1976 cum
2623 1924 2753 1979 dicit
2780 1944 2792 1979 :
2827 1927 2946 1981 Non
2980 1939 3051 1983 est
3078 1930 3219 1985 nobis
3252 1933 3362 1987 colo

1789 2007 1994 2061 luctatio
2040 2009 2277 2064 adversus
2316 2013 2610 2083 sanguinem
2648 2024 2694 2069 et
2732 2032 2955 2083 carnem,
2993 2022 3082 2074 sed
3125 2022 3362 2077 adversus

1789 2101 2100 2170 principatus
2128 2111 2173 2155 et
2200 2112 2488 2172 potestates,
2516 2106 2754 2161 adversus
2781 2110 2956 2162 mundi
2991 2123 3202 2167 rectores
3230 2122 3363 2168 tene-

1789 2196 1990 2245 brarum
2017 2194 2189 2247 steculi
2214 2195 2368 2265 hujus
2389 2195 2602 2267 (Ephes.
2636 2200 2689 2253 6.
2724 2199 2834 2271 l2).
2864 2201 3129 2273 Numquid
3157 2221 3283 2275 ergo
3311 2207 3361 2261 id

1788 2298 1929 2337 nunc
1965 2284 2124 2339 etiam
2164 2284 2310 2349 dicit,
2343 2302 2537 2357 nempe
2563 2287 2832 2345 daemonas
2864 2299 2990 2347 tunc
3016 2295 3366 2364 cognovisse?

1788 2373 2165 2444 Nequaquam;
2206 2376 2299 2431 sed
2344 2376 2410 2433 de
2454 2381 2700 2448 supernis
2743 2382 2849 2437 illis
2886 2385 2993 2453 agit
3033 2387 3315 2443 virtutibus
3348 2407 3362 2442 :

1789 2481 1909 2521 cum
1949 2467 2089 2522 enim
2127 2468 2365 2536 dixisset,
2399 2472 2713 2541 principatus
2751 2483 2797 2527 et
2827 2468 3113 2545 potestates,
3142 2480 3360 2550 adjecit,

1789 2560 1843 2611 in
1883 2558 2180 2614 cwlestibus.
2217 2559 2296 2614 [lli
2341 2577 2569 2632 namque
2611 2564 2940 2635 principatus
2986 2576 3040 2623 et
3080 2579 3366 2640 potestates

1790 2650 2068 2715 cmlestes;
2116 2649 2169 2703 hi
2212 2666 2339 2706 vero
2377 2652 2476 2707 sub
2517 2654 2649 2708 ca-lo
2684 2665 2809 2710 sunt
2841 2674 2853 2709 :
2884 2661 3231 2727 quamobrem
3277 2679 3363 2718 re-

1791 2749 1965 2794 ctores
1990 2738 2168 2794 mundi
2200 2752 2350 2796 vocat
2368 2742 2506 2810 illos,
2534 2746 2822 2802 ostendens
2847 2748 3034 2804 cmlum
3058 2751 3186 2821 ipsis
3217 2746 3365 2809 inac-

1791 2844 1995 2884 cessum
2026 2846 2144 2887 esse
2176 2849 2189 2885 :
2223 2842 2491 2901 totamque
2523 2851 2617 2891 eos
2644 2853 2795 2893 suam
2831 2842 3161 2911 tyrannidem
3189 2845 3241 2899 in
3267 2846 3367 2903 hoc

1792 2924 1961 2977 solum
1989 2925 2187 2979 mundo
2212 2942 2481 2983 exercere.

1862 3017 1915 3072 '5.
1950 3017 2191 3073 Vidistin’
2220 3036 2324 3090 quo
2350 3031 2501 3089 pacto
2530 3023 2806 3079 nobiscum
2833 3036 2886 3081 et
2916 3041 3010 3096 per
3039 3045 3137 3085 nos
3161 3031 3249 3087 illa
3274 3048 3367 3087 co-

1790 3108 2107 3177 gnoverint?
2127 3108 2229 3164 Sed
2250 3110 2315 3164 ad
2336 3111 2569 3167 debitum
2593 3114 2718 3169 illud
2741 3118 3050 3175 solvendum
3071 3123 3365 3191 veniamus,

1792 3214 1854 3254 ac
1883 3200 2167 3269 probemus
2206 3217 2376 3273 neque
2404 3205 2731 3275 principatus
2769 3224 2940 3280 neque
2968 3223 3256 3281 potestates
3285 3217 3367 3287 ip-

1792 3290 1904 3343 sius
1953 3291 2299 3348 substantiam
2348 3310 2523 3351 nosse.
2570 3297 2700 3364 Quis
2744 3299 2846 3356 hoc
2892 3302 3061 3359 dicit?
3101 3306 3215 3362 Non
3256 3308 3366 3379 jam

1792 3380 2005 3449 Paulus,
2028 3393 2119 3437 aut
2147 3383 2383 3451 Ilesaias,
2412 3396 2504 3441 aut
2533 3388 2800 3458 Ezechiel,
2830 3393 2925 3448 sed
2951 3395 3092 3451 aliud
3120 3412 3213 3453 vas
3239 3413 3367 3456 san-

1792 3480 1954 3536 ctum,
2005 3473 2118 3541 ipse
2158 3475 2375 3529 tonitrui
2419 3476 2579 3542 ﬁlius,
2620 3478 2845 3535 dilectus
2883 3482 3087 3538 Christi.
3112 3486 3365 3558 Joannes,

1793 3562 1880 3630 qui
1909 3577 2062 3632 supra
2090 3574 2274 3632 pectus
2299 3565 2621 3621 dominicum
2645 3570 2905 3638 recubuit,
2932 3583 2985 3629 et
3010 3575 3215 3632 divinos
3243 3580 3367 3637 inde

1795 3654 1964 3709 fontes
2006 3654 2199 3708 hausit.
2234 3655 2367 3722 Quid
2398 3658 2555 3728 igitur
2579 3660 2691 3715 ait?
2714 3660 2882 3717 Deum
2922 3682 3064 3721 nemo
3102 3670 3222 3723 vidit
3249 3688 3364 3726 um-

1792 3762 1943 3815 quam
1987 3746 2164 3817 (Joan.
2208 3749 2260 3802 1.
2300 3751 2406 3821 18).
2438 3750 2577 3807 Vere
2623 3757 2840 3810 tonitrui
2880 3758 3038 3825 ﬁlius,
3084 3777 3204 3816 nam
3246 3765 3365 3820 tuba

1793 3835 2071 3891 clariorem
2124 3840 2302 3895 emisit
2356 3856 2561 3908 vocem,
2619 3860 2737 3914 quin
2790 3850 2953 3916 possit
3007 3855 3369 3912 contentiosos

1794 3940 1982 3981 omnes
2020 3927 2367 3985 confundere.
2406 3932 2509 3987 Sed
2540 3933 2811 3991 videamus
2836 3939 2961 4007 quid
2998 3952 3180 3997 contra
3209 3946 3367 4015 objici

1795 4016 1980 4084 possit.
2004 4017 2139 4085 Quid
2159 4060 2174 4085 ,
2204 4035 2405 4089 quaeso,
2434 4021 2568 4078 dicis
2590 4024 2845 4095 Joannes,
2876 4029 3036 4085 Deum
3070 4050 3213 4089 nemo
3245 4039 3367 4092 uidit

1793 4108 2071 4175 umquam?
2117 4109 2256 4177 Quid
2304 4111 2370 4165 de
2419 4113 2693 4185 prephetis
2740 4134 2974 4189 agamus,
3021 4126 3109 4194 qui
3164 4127 3365 4194 dicunt,

1810 4204 1925 4260 Viai
1945 4204 2105 4260 Deum
2122 4211 2147 4263 .9
2165 4206 2392 4263 Hesaias
2408 4210 2577 4274 enim,
2608 4210 2727 4265 Vidi
2746 4211 3047 4281 Dominum,
3074 4217 3269 4287 inquit,
3289 4238 3364 4274 se-

1794 4299 1998 4352 dentem
2020 4316 2172 4367 super
2200 4301 2390 4354 solium
2411 4303 2671 4356 excelsum
2694 4314 2741 4357 et
2760 4304 3013 4359 eleuatum
3046 4307 3183 4374 (Isa.
3212 4309 3354 4380 6.1);

1798 4380 1978 4436 Daniel
2008 4397 2155 4449 vero,
2195 4382 2312 4437 Vidi
2339 4385 2494 4439 donec
2519 4388 2686 4441 throni
2708 4391 2855 4458 positi
2881 4403 3033 4458 sunt,
3061 4406 3108 4448 et
3137 4406 3369 4466 antiquus

1796 4471 1987 4523 dierum
2019 4473 2145 4526 sedit
2171 4472 2330 4544 (Dan.
2355 4475 2409 4529 7.
2441 4475 2528 4545 9);
2561 4478 2807 4534 Michaaas
2836 4483 2960 4536 item
2992 4502 3006 4538 :
3046 4482 3158 4538 Vidi
3197 4485 3368 4542 Domi-

1757 4579 1765 4586 ’
1797 4581 1915 4617 num
1944 4564 2107 4618 Deum
2132 4565 2295 4621 Israel
2326 4570 2576 4623 sedentem
2601 4588 2752 4638 super
2770 4574 2950 4629 solium
2975 4593 3119 4630 suum
3141 4580 3214 4650 (5.
3236 4579 3364 4652 Reg.

1794 4655 1882 4709 22.
1912 4656 2034 4729 19);
2063 4658 2200 4713 alius
2228 4675 2437 4714 rursum
2470 4663 2726 4731 propheta
2750 4664 2876 4719 dicit
2906 4684 2919 4719 :
2955 4666 3071 4722 Vidi
3095 4668 3369 4727 Dominum

1795 4760 2008 4804 stantem
2028 4767 2178 4819 super
2205 4752 2382 4817 altare,
2410 4764 2455 4806 et
2482 4753 2609 4807 dixit
2639 4756 2791 4823 mihi,
2820 4768 3017 4828 percute
3051 4778 3201 4831 super
3246 4780 3369 4830 pro-

1798 4840 2107 4909 pitiatorium
2154 4841 2345 4911 (Amos
2399 4843 2452 4899 9.
2513 4843 2607 4915 1).
2683 4846 2841 4902 Multa
2900 4864 3027 4904 sane
3068 4852 3368 4922 hujusmodi

1800 4932 2096 4986 testimonia
2136 4934 2312 5004 colligi
2355 4945 2592 5003 possunt.
2632 4938 2737 4993 Cur
2790 4955 2917 5011 ergo
2972 4943 3203 5001 Joannes
3257 4948 3368 5013 ait,

1798 5021 1960 5076 Deum
2004 5041 2146 5078 nemo
2172 5026 2291 5079 vidit
2326 5030 2602 5099 umquam?
2646 5029 2715 5085 Ut
2741 5032 2944 5087 ediscas
2972 5050 3092 5091 eum
3135 5037 3202 5092 de
3242 5054 3366 5108 per-

1800 5116 1930 5168 lecta
1996 5118 2472 5185 comprehensione
2528 5129 2580 5175 et
2636 5122 2778 5176 clara
2842 5127 3142 5194 cognitione
3203 5130 3365 5200 loqui.

1798 5207 1947 5275 Quod
1972 5209 2112 5262 enim
2137 5210 2221 5263 illa
2248 5214 2423 5265 omnia
2447 5229 2541 5281 per
2559 5216 3049 5285 atte'mperationem
3082 5220 3218 5278 facta
3238 5225 3366 5290 sint,

1800 5315 1969 5369 neque
1994 5316 2178 5369 puram
2211 5303 2351 5357 illius
2378 5305 2722 5361 substantiam
2751 5311 3025 5381 quisquam
3055 5315 3261 5372 illorum
3292 5321 3370 5374 vi-

1801 5390 1960 5455 derit,
2009 5392 2133 5447 hinc
2182 5393 2352 5462 palam
2396 5404 2479 5450 est
2523 5397 2663 5466 quod
2702 5399 2847 5454 varie
2892 5404 3115 5473 quisque
3159 5407 3367 5465 viderit.

1803 5483 2009 5539 Etenim
2040 5486 2180 5540 Deus
2204 5487 2424 5557 simplex
2449 5500 2548 5553 est,
2573 5490 2971 5563 incompositus,
2997 5506 3050 5550 et
3076 5498 3254 5569 ﬁgura:
3274 5517 3368 5557 ex-

1800 5591 1952 5646 pers;
1984 5578 2053 5631 illi
2083 5595 2208 5633 vero
2236 5579 2428 5649 ﬁguras
2455 5581 2694 5637 viderunt
2717 5586 2912 5641 varias.
2944 5587 3055 5643 Hoc
3081 5590 3251 5658 ipsum
3273 5608 3367 5662 per

1802 5668 1961 5721 alium
1990 5668 2299 5738 pr0phetam
2329 5671 2578 5739 ostendit,
2611 5674 2841 5745 ipsisque
2868 5681 3151 5748 persuadet
3177 5698 3235 5738 se
3264 5701 3368 5739 non

1802 5761 2085 5831 perlectam
2115 5763 2463 5819 substantiam
2488 5766 2701 5830 vidisse.
2732 5767 2813 5824 his
2841 5772 3015 5827 verbis
3045 5792 3058 5828 :
3089 5775 3197 5844 Ego
3217 5777 3369 5831 visio-

1801 5871 1886 5907 nes
1912 5856 2253 5923 multiplicavi,
2284 5867 2329 5910 et
2353 5859 2404 5912 in
2433 5860 2660 5914 manibus
2685 5862 3041 5933 prophetarum
3066 5864 3370 5921 assimilatas

1803 5962 1913 6000 sum
1947 5946 2095 6018 (Osce
2135 5947 2219 6004 l2.
2254 5949 2339 6020 10)
2386 5968 2398 6005 :
2453 5952 2769 6023 nonsipsam
2813 5968 2985 6011 meam
3022 5957 3371 6014 substantiam
