3926 6264
413 398 507 453 731

412 508 642 575 ostendi,
685 507 779 564 sed
828 507 1116 563 videntium
1160 503 1446 559 inﬁrmitati
1487 518 1572 557 me
1613 497 1979 569 attemperavi.

414 604 648 659 Joannes
672 616 799 672 ergo
820 617 925 655 non
951 599 1017 654 de
1039 598 1338 655 hominibus
1365 597 1465 652 hoc
1491 596 1638 662 dicit,
1667 593 1824 647 Deum
1845 608 1987 646 nemo

416 696 537 749 uidit
564 710 802 764 umquam
832 709 852 746 :
878 692 927 747 id
954 692 1095 748 enim
1136 692 1302 762 liquet
1328 705 1449 744 cum
1475 704 1543 743 ex
1581 688 1666 753 iis,
1706 702 1822 756 quae
1848 684 1986 739 dicta

416 796 560 851 sunt,
585 784 907 855 propheticis
935 798 1122 853 nempe
1148 782 1346 847 verbis,
1376 779 1485 851 Ego
1513 779 1723 832 uisiones
1745 774 1989 845 multipli-

418 878 529 931 cari
545 918 559 940 ,
589 885 633 930 et
659 876 713 928 in
740 873 967 943 manibus
998 874 1351 941 prophetarum
1378 869 1680 925 assimilatas
1704 883 1812 921 sum
1831 883 1850 931 ,'
1879 875 1987 918 tum

415 986 479 1023 ex
502 968 759 1023 sententia
786 966 950 1039 Moysi
978 966 1212 1034 prolata;
1241 980 1360 1019 cum
1388 963 1527 1017 enim
1555 961 1642 1015 ille
1670 961 1833 1014 Deum
1860 958 1992 1013 facie

416 1063 481 1117 ad
514 1062 699 1117 faciem
728 1061 909 1115 videre
934 1068 1171 1128 cuperet,
1201 1058 1275 1112 ait
1300 1057 1436 1111 Deus
1469 1073 1482 1108 :
1515 1053 1679 1108 Nemo
1699 1051 1878 1107 videbit
1908 1052 1993 1121 [a-

419 1157 544 1208 ciem
569 1171 749 1219 meam,
780 1164 829 1207 et
855 1155 979 1207 vivet
1010 1151 1201 1221 (Exod.
1235 1152 1325 1206 55.
1363 1136 1475 1219 20).
1506 1147 1785 1219 Liquidum
1816 1146 1995 1216 itaque

418 1247 542 1302 illud
573 1255 731 1314 atque
762 1246 813 1299 in
838 1244 1084 1300 confesso
1115 1253 1214 1298 est.
1248 1242 1361 1296 Non
1396 1255 1524 1309 ergo
1546 1241 1611 1294 de
1640 1238 1867 1293 humana
1897 1253 1993 1291 na-

420 1351 535 1396 tura
577 1350 798 1404 tantum,
828 1338 921 1393 sed
950 1337 1106 1391 etiam
1136 1336 1203 1391 de
1245 1334 1490 1406 supernis
1520 1332 1868 1401 potestatibus
1898 1331 1996 1383 hoc

422 1433 516 1494 ait,
563 1431 724 1485 Deum
770 1446 916 1484 nemo
958 1428 1078 1482 uidit
1118 1445 1354 1495 umquam
1389 1445 1407 1482 :
1436 1425 1779 1495 quamobrem
1826 1424 1994 1493 ipsum

427 1540 638 1595 quoque
668 1523 991 1593 unigenitum
1021 1521 1177 1591 hujus
1214 1519 1467 1575 doctrinae
1502 1526 1883 1587 praeceptorem
1916 1516 1996 1569 in-

423 1616 589 1671 ducit.
622 1614 698 1670 Ne
726 1615 845 1685 quis
874 1614 1011 1668 enim
1040 1612 1261 1675 diceret,
1295 1609 1559 1665 undenam
1589 1609 1638 1663 id
1670 1607 1878 1679 liquet?
1903 1606 1999 1663 ad-

422 1713 551 1783 ierit
592 1731 605 1766 ε
642 1711 940 1782 Unigeuitus
985 1710 1143 1778 ﬁlius,
1186 1709 1271 1779 qui
1307 1717 1378 1762 est
1421 1707 1473 1760 in
1511 1707 1625 1760 sinu
1661 1702 1865 1771 Patris,
1895 1704 2003 1773 ipse

425 1805 650 1872 exposuit
676 1801 852 1875 (Joan.
878 1802 927 1855 ι.
952 1801 1067 1871 18),
1091 1815 1153 1853 ac
1176 1799 1277 1853 lide
1297 1798 1512 1866 dignum
1533 1796 1792 1866 dogmatis
1814 1803 2002 1865 testem

425 1894 807 1963 dcctoremque
833 1891 1053 1946 inducit.
1089 1890 1247 1960 Atqui
1284 1890 1328 1943 si
1362 1888 1588 1957 idipsum
1618 1886 1757 1955 quod
1797 1885 2005 1955 Moyses

428 1987 514 2041 hic
541 1986 840 2057 signiﬁcare
869 1984 1046 2049 vellet,
1071 1984 1265 2036 frustra
1293 1980 1567 2050 adjiceret,
1601 1977 1897 2049 Unigenitus
1919 1992 2005 2030 ea:-

429 2079 616 2146 posuit.
667 2074 773 2129 Sed
818 2074 976 2127 etiam
1025 2073 1170 2141 prius
1218 2086 1375 2139 quam
1422 2068 1653 2123 Joannes
1698 2067 1811 2121 haec
1856 2065 2007 2136 quasi

428 2167 615 2221 doctus
640 2165 706 2219 ab
732 2164 1002 2233 unigenito
1025 2162 1250 2226 diceret,
1283 2158 1332 2214 id
1364 2160 1516 2214 nobis
1543 2156 1800 2228 propheta
1829 2155 2010 2213 decla-

430 2268 624 2323 rasset,
669 2266 852 2328 utpote
890 2255 978 2325 qui
1023 2269 1052 2307 a
1100 2253 1208 2307 Deo
1250 2249 1562 2321 accepisset.
1595 2249 1701 2305 Sed
1730 2248 1851 2318 quia
1892 2246 2010 2318 plus

432 2346 631 2419 aliquid
652 2390 667 2411 ,
696 2362 855 2418 quam
884 2355 1011 2400 tunc
1038 2344 1235 2399 dictum
1264 2341 1470 2405 fuisset.
1502 2339 1657 2397 nobis
1685 2338 2012 2396 revelaturus

433 2451 567 2505 erat,
602 2454 813 2509 nempe,
847 2454 916 2493 ne
944 2451 1201 2507 supernas
1229 2433 1445 2504 quidem
1469 2432 1693 2487 virtutes
1730 2432 1901 2500 ipsum
1934 2429 2016 2483 vi-

436 2536 585 2599 dere,
633 2532 754 2588 ideo
800 2531 1125 2601 unigenitum
1173 2527 1443 2583 doctorem
1490 2525 1708 2581 inducit.
1742 2525 2013 2580 Visionem

438 2640 597 2696 porro
638 2624 723 2678 hic
765 2621 1121 2692 cognitionem
1171 2618 1289 2673 esse
1340 2618 1598 2686 iutellige.
1644 2616 1827 2686 Neque
1873 2616 2015 2671 enim

437 2714 669 2789 pupillze,
693 2714 852 2776 oculi,
875 2712 1139 2784 palpebra:
1161 2708 1488 2780 incorporeis
1512 2707 1690 2761 insunt
1707 2705 2012 2768 virtutibus;

441 2805 537 2861 sed
576 2804 716 2875 quod
761 2803 915 2858 nobis
950 2811 1032 2857 est
1068 2802 1218 2865 visio,
1264 2799 1392 2869 ipsis
1432 2807 1515 2854 est
1555 2799 1807 2868 cognitio.
1841 2798 2018 2866 Itaque

441 2914 561 2953 cum
600 2897 786 2961 audis,
834 2894 992 2948 Deum
1033 2910 1176 2947 nemo
1214 2892 1336 2945 vidit
1369 2906 1628 2958 umquam,
1670 2888 1722 2943 id
1763 2888 2017 2958 intellige,

442 2989 643 3045 nullum
683 3002 801 3041 esse
828 2985 919 3055 qui
951 2984 1116 3040 Deum
1151 2982 1568 3037 substantialiter
1596 2981 1614 3011 ί
1640 2980 1861 3035 omnino
1898 2994 2020 3053 per—

445 3080 582 3136 fecte
606 3084 912 3149 cognoscat.
939 3076 1016 3130 Ac
1041 3073 1108 3130 de
1128 3073 1409 3143 Seraphim
1436 3087 1555 3127 cum
1585 3071 1736 3125 audis
1754 3085 1819 3125 ea
1837 3069 2023 3125 oculos

445 3171 719 3232 avertisse,
751 3178 807 3224 et
833 3168 1036 3221 vultum
1076 3164 1376 3231 obtexisse,
1413 3163 1586 3232 deque
1613 3161 1927 3228 Cberubim,
1960 3175 2022 3216 ea

449 3265 587 3320 idem
615 3263 786 3332 ipsum
812 3258 1019 3324 fecisse,
1042 3273 1111 3314 ne
1135 3258 1319 3313 oculos
1344 3256 1427 3311 vel
1455 3255 1677 3327 pupillas
1697 3255 1807 3325 ipsa
1830 3254 2026 3309 habere

452 3366 626 3423 putes,
655 3352 896 3422 corporis
930 3351 1072 3406 enim
1099 3356 1183 3404 est
1208 3346 1510 3416 bujusmodi
1543 3345 1730 3412 forma,
1761 3345 1855 3401 sed
1885 3344 1969 3400 his
1995 3360 2026 3399 a

452 3444 711 3517 propheta
752 3440 1108 3511 cognitionem
1153 3437 1438 3508 signiﬁcari
1476 3434 1656 3491 crede.
1685 3435 1819 3490 Cum
1850 3435 2029 3505 itaque

454 3534 709 3606 pmpheta
738 3533 887 3597 dicit,
920 3531 1035 3585 illas
1074 3529 1299 3584 virtutes
1330 3527 1496 3582 Deum
1531 3527 1769 3598 quamvis
1802 3540 1919 3581 sese
1947 3534 2028 3580 at-

455 3634 839 3697 temperantem
856 3637 962 3678 non
990 3622 1129 3678 ferre
1154 3621 1409 3691 potuisse,
1433 3620 1565 3676 nihil
1587 3620 1728 3675 aliud
1744 3620 2027 3691 signiﬁcat,

455 3732 612 3789 quam
638 3716 753 3787 ejus
774 3713 1130 3786 cognitionem
1153 3704 1352 3766 claram
1375 3721 1429 3766 et
1454 3720 1771 3778 accuratam,
1798 3726 2031 3780 compre~

459 3811 879 3879 hensiouemque
905 3807 1046 3863 ferre
1072 3821 1181 3861 non
1213 3819 1390 3875 posse,
1424 3819 1596 3876 neque
1624 3804 1821 3860 audere
1846 3819 2031 3874 puram

460 3904 603 3959 illam
643 3901 1037 3975 perfectamque
1074 3897 1422 3953 substantiam
1468 3897 1682 3963 intueri,
1713 3913 1781 3952 ne
1819 3896 2033 3968 quidem

460 4013 583 4054 cum
621 4012 740 4052 sese
767 4001 1103 4065 attemperat.
1134 3990 1275 4047 Nihil
1312 3999 1487 4045 autem
1526 3989 1669 4044 aliud
1711 3998 1795 4045 est
1821 3990 2033 4057 intueri,

462 4104 624 4161 quam
649 4100 992 4158 cognoscere.
1021 4082 1375 4150 Quamobrem
1406 4080 1765 4151 Evangelista,
1789 4095 2036 4150 comper-

465 4191 580 4239 tum
624 4181 825 4236 habens
861 4180 1109 4233 humanm
1156 4189 1423 4240 nonesse
1469 4182 1672 4228 natura:
1715 4173 1838 4227 talia
1877 4173 2037 4239 scire,

467 4288 643 4344 neque
662 4271 905 4342 supernis
927 4270 1054 4340 ipsis
1078 4252 1358 4322 virtutibus
1375 4265 1906 4335 comprehensibilem
1922 4281 2041 4321 esse

471 4368 660 4431 Deum,
689 4380 808 4419 eum
841 4364 1033 4433 ipsum,
1060 4361 1150 4431 qui
1178 4360 1230 4414 in
1261 4359 1478 4423 dextera
1508 4357 1619 4427 ejus
1648 4357 1820 4421 sedet,
1844 4368 1898 4413 et
1926 4358 2043 4414 haec

472 4456 705 4529 perfecte
736 4456 901 4519 novit,
937 4454 1091 4524 hujus
1118 4451 1373 4508 doctrina:
1402 4461 1781 4521 praeceptorem
1821 4451 2039 4509 inducit.

470 4549 653 4617 Neque
680 4546 990 4616 simpliciter
1017 4545 1168 4610 dixit,
1199 4544 1388 4610 Filius,
1414 4544 1656 4613 quamvis
1679 4542 1725 4598 si
1752 4543 1822 4597 ita
1849 4544 2039 4613 loquu—

474 4649 560 4695 tus
584 4648 747 4703 esset,
777 4638 905 4691 satis
937 4635 985 4691 id
1022 4635 1206 4690 fuisset
1230 4634 1295 4689 ad
1336 4649 1430 4690 ora
1460 4632 1843 4703 impudentium
1872 4634 2043 4690 homi-

476 4744 604 4784 num
647 4727 960 4782 obturanda.
990 4727 1141 4781 Sicut
1177 4726 1319 4780 enim
1361 4725 1509 4779 multi
1546 4724 1740 4780 Christi
1778 4725 2044 4792 dicuntur,

481 4835 617 4875 unus
647 4827 821 4873 autem
852 4834 1009 4874 verus
1038 4817 1283 4873 Christus
1309 4827 1390 4872 est
1422 4834 1436 4871 :
1469 4828 1524 4871 ct
1562 4818 1711 4872 multi
1739 4817 1941 4873 domini
1966 4820 2049 4875 di-

479 4923 693 4975 cuntur,
726 4928 862 4968 unus
890 4926 1019 4966 vero
1050 4910 1309 4965 Dominus
1342 4927 1354 4962 :
1384 4920 1438 4964 et
1477 4911 1628 4964 multi
1669 4909 1741 4965 dii
1781 4909 2048 4978 dicuntur,

482 5020 619 5060 unus
644 5018 771 5059 vero
799 5003 969 5063 Deus;
1001 5001 1077 5056 sic
1102 5012 1155 5056 et
1180 5001 1328 5055 mulli
1356 5001 1448 5055 ﬁlii
1476 5001 1745 5066 dicuntur,
1770 5019 1906 5057 unus
1928 5017 2055 5057 vero

485 5095 668 5159 Filius,
698 5104 855 5163 atque
882 5093 992 5163 ipsa
1017 5091 1223 5145 articuli
1244 5090 1443 5146 additio
1464 5092 1719 5162 unigeniti
1747 5093 2055 5161 praecellen-

486 5188 613 5242 tiam
641 5186 768 5241 satis
790 5184 1006 5238 iudicat.
1035 5183 1281 5237 Attamen
1312 5198 1373 5237 ea
1398 5199 1456 5237 re
1481 5198 1585 5237 non
1607 5191 1906 5245 contentus,
1934 5198 2054 5237 cum

489 5280 732 5342 dixisset,
769 5277 929 5330 Deum
957 5293 1098 5329 nemo
1119 5277 1242 5329 vidit
1265 5293 1522 5346 umquam,
1549 5275 1842 5345 subjunxit,
1874 5275 2059 5346 Unige-

491 5374 625 5425 nitus
650 5369 830 5433 Filius,
859 5371 941 5438 qui
962 5370 1107 5421 estin
1128 5370 1241 5422 sinu
1265 5367 1456 5435 Patris,
1484 5370 1592 5438 ipse
1614 5369 1861 5439 exposuit.
1887 5369 2063 5423 Primo

497 5460 649 5525 dixit,
679 5459 978 5528 unigenitus,
998 5467 1051 5511 et
1079 5468 1283 5525 postea,
1317 5456 1498 5512 Filius.
1527 5456 1660 5512 Cum
1686 5458 1827 5513 enim
1850 5469 2064 5528 propter

498 5550 727 5608 nominis
767 5550 1219 5612 communitatem,
1263 5549 1484 5618 gloriam
1530 5550 1645 5619 ejus
1686 5550 1922 5621 plerique
1964 5553 2064 5605 mi-

503 5653 686 5706 nuant,
716 5659 875 5698 unum
899 5645 1034 5697 inter
1057 5642 1251 5697 multos
1278 5643 1419 5695 illum
1442 5658 1560 5697 esse
1590 5644 1690 5697 rati
1716 5661 1729 5697 :
1761 5642 1851 5697 ﬁlii
1876 5644 2070 5714 quippe

569 5779 585 5846 ξ
621 5780 692 5828 sic
707 5775 845 5846 savii.
873 5784 923 5827 et
951 5774 1172 5838 plerique
1211 5776 1351 5826 Codd.
1400 5783 1447 5825 In
1476 5775 1638 5826 Morel.
1681 5777 1823 5828 deest
1852 5778 2073 5841 verbum,

512 5840 893 5892 substantialiter.

1120 389 1171 445 S.
1210 386 1484 444 JOANNIS
1519 379 1988 459 CHRYSOSTOMl
2029 377 2341 435 ARCHIEP.
2381 373 2912 439 CONSTANTINOP.

3558 377 3689 435 mi

2097 510 2287 550 nomen
2329 494 2576 549 omnibus
2616 508 2899 548 commune
2941 501 3022 545 est
3053 510 3066 545 :
3097 490 3218 545 ideo
3257 490 3397 563 quod
3440 501 3519 545 est
3565 492 3669 561 ipsi

2093 587 2412 655 prazcipuum
2435 594 2489 640 et
2515 585 2797 654 peculiare,
2816 583 2881 637 ad
2905 583 3210 652 nullumque
3231 582 3390 636 alium
3416 582 3668 651 pertinet,

2093 677 2400 746 przeposuit,
2449 690 2640 745 nempe
2685 674 3015 744 unigenitus;
3064 683 3121 727 ut
3167 672 3291 727 hinc
3330 672 3537 737 credas,
3586 672 3677 725 vel

2093 784 2375 824 commune
2422 767 2550 822 illud
2595 782 2699 820 non
2748 781 2873 821 vere
2909 779 3188 819 commune
3235 777 3403 837 esse,
3433 763 3526 817 sed
3573 764 3678 831 ipsi

2096 862 2372 931 proprium
2399 870 2454 915 et
2478 860 2768 930 peculiare,
2797 859 3098 929 neminique
3128 858 3352 913 aliorum
3375 866 3431 911 ut
3452 856 3524 910 illi
3552 870 3686 909 eon-

2104 970 2308 1011 VCllll'e.

2165 1069 2219 1123 4.
2260 1067 2433 1135 thue
2455 1065 2648 1121 clarius
2689 1065 2740 1121 id
2779 1064 2964 1121 evadat
2988 1104 3003 1127 ,
3048 1078 3161 1119 rem
3190 1062 3354 1117 fusius
3378 1061 3688 1133 explicabo.

2105 1160 2309 1215 Nomen
2342 1159 2469 1215 illud
2492 1201 2508 1226 ,
2537 1158 2728 1223 Filius,
2762 1167 2811 1213 et
2842 1155 3146 1212 hominibus
3171 1166 3225 1210 et
3248 1154 3455 1210 Christo
3479 1167 3689 1209 conve-

2100 1253 2213 1317 nit;
2241 1251 2333 1307 sed
2359 1251 2510 1306 nobis
2531 1250 2697 1305 abusu
2723 1248 2972 1318 quodam,
3006 1247 3078 1301 illi
3111 1261 3238 1301 vero
3260 1247 3471 1317 proprie
3503 1262 3517 1298 :
3547 1244 3688 1298 ilud

2101 1353 2302 1409 autem,
2330 1344 2639 1415 unigenitus,
2670 1342 2768 1412 ipsi
2798 1342 3068 1411 proprium
3090 1352 3190 1403 est.
3219 1341 3520 1410 neminique
3541 1340 3689 1394 alio-

2107 1452 2224 1492 rum
2251 1435 2336 1490 vel
2361 1436 2580 1491 abusive
2623 1434 2890 1490 tribuitur.
2933 1433 3002 1489 Ut
3030 1434 3188 1503 ‘gitur
3230 1433 3297 1489 ab
3332 1434 3693 1503 appellatione

2104 1532 2299 1603 nemini
2321 1539 2659 1600 competente
2677 1538 3024 1599 prteterquam
3052 1528 3148 1597 ipsi
3174 1526 3294 1591 soli,
3317 1528 3476 1582 etiam
3500 1527 3691 1593 aliam,

2103 1640 2222 1696 qua:
2250 1624 2430 1679 multis
2457 1622 2725 1688 tribuitur,
2753 1621 2850 1691 ipsi
2872 1622 3140 1690 propriam
3166 1636 3285 1675 esse
3308 1629 3537 1690 putares.
3564 1620 3697 1674 ideo

2105 1720 2248 1789 prius
2263 1718 2412 1782 dixit,
2433 1717 2733 1788 unigenitus,
2759 1725 3043 1785 posteaque
3062 1713 3242 1768 Filius.
3259 1713 3406 1781 Quod
3423 1715 3465 1769 si
3490 1729 3557 1769 ne
3573 1714 3698 1768 haec

2103 1809 2312 1881 quidem
2331 1808 2423 1863 tibi
2444 1809 2573 1863 satis
2588 1807 2712 1874 sint,
2729 1807 2941 1861 tertium
2959 1805 3148 1861 addam
3164 1847 3179 1869 ,
3200 1805 3431 1875 illudque
3446 1820 3692 1860 crassum

2105 1915 2158 1959 et
2184 1902 2473 1958 humanum
2496 1941 2511 1965 ,
2541 1900 2632 1956 sed
2660 1899 2799 1970 quod
2828 1899 2995 1969 pOSsit
3025 1909 3200 1953 tamen
3250 1896 3393 1952 humi
3443 1906 3697 1966 repentes

2107 1996 2172 2051 ad
2201 1995 2384 2066 gloriae
2411 1993 2668 2065 unigeniti
2694 1993 2932 2048 notitiam
2956 1992 3228 2047 reducere.
3251 1991 3387 2058 Quid
3410 1992 3535 2046 illud
3564 2002 3655 2045 est
3674 1975 3701 2028 τ

2110 2088 2210 2154 Qui
2235 2098 2308 2143 est
2334 2088 2388 2141 in
2411 2087 2525 2142 sinu
2550 2084 2743 2140 Patris.
2770 2085 3020 2141 Crassum
3059 2083 3185 2138 illud
3209 2084 3430 2138 verbum
3459 2092 3560 2145 est,
3588 2084 3692 2138 sed

2108 2180 2248 2251 quod
2271 2181 2400 2235 satis
2414 2180 2482 2234 sit
2496 2178 2560 2232 ad
2579 2177 2857 2249 genuinam
2873 2176 3129 2231 rationem
3150 2174 3704 2232 commonstrandam.

2112 2273 2158 2327 si
2184 2269 2631 2342 quemadmodum
2662 2270 2770 2325 Deo
2793 2268 2979 2323 deceat
3006 2267 3341 2338 intelligatur.
3378 2267 3524 2322 Sicut
3551 2266 3701 2320 enim

2113 2380 2235 2419 cum
2278 2364 2524 2418 thronum
2570 2360 2723 2415 audis
2765 2367 2819 2415 et
2864 2358 3043 2415 sedem
3069 2372 3099 2412 a
3128 2357 3365 2422 dextris,
3411 2372 3515 2412 non
3559 2372 3698 2412 vere

2116 2457 2364 2511 thronum
2386 2453 2641 2523 opinaris,
2668 2467 2768 2507 nec
2792 2452 2988 2518 locum,
3012 2466 3110 2506 nec
3130 2450 3705 2520 circumscriptionem,

2116 2546 2210 2602 sed
2238 2561 2268 2600 a
2298 2545 2476 2600 throni
2507 2543 2862 2613 appellatione
2891 2550 2946 2597 et
2971 2557 2999 2595 a
3026 2541 3167 2596 sedis
3197 2541 3449 2595 societate
3477 2542 3705 2595 honoris

2117 2636 2473 2707 aequalitatem
2494 2635 2878 2705 paritatemque
2900 2633 3178 2702 intelligis;
3206 2632 3284 2687 sic
3302 2642 3357 2687 et
3381 2648 3497 2686 cum
3526 2632 3709 2686 sinum

2118 2731 2289 2796 audis,
2313 2745 2381 2785 ne
2404 2730 2577 2783 sinum
2601 2735 2751 2795 putes
2775 2740 2914 2791 esse,
2945 2740 3115 2794 neque
3138 2724 3312 2779 locum
3336 2740 3352 2787 ;
3380 2722 3473 2778 sed
3498 2739 3525 2776 a
3556 2722 3712 2778 sinus

2120 2837 2251 2877 voce
2312 2819 2755 2892 propinquitatem
2803 2825 2858 2872 ct
2909 2815 3153 2871 ﬁduciam
3214 2814 3353 2883 apud
3406 2814 3709 2883 genitorem

2121 2914 2314 2984 cogita.
2345 2912 2476 2967 Nam
2502 2909 2642 2981 quod
2671 2908 2723 2963 in
2754 2909 2872 2963 sinu
2908 2917 3149 2963 versetur
3170 2948 3186 2975 ,
3218 2905 3271 2960 id
3313 2905 3506 2960 clarius
3551 2906 3717 2960 nobis

2124 3003 2263 3073 quod
2288 3001 2517 3073 genitori
2546 3000 2871 3071 propinquus
2899 2999 2968 3052 sit
2992 2997 3342 3062 demonstrat,
3370 3011 3525 3066 quam
3552 2995 3705 3066 quod

2122 3112 2151 3150 a
2179 3096 2378 3151 dextris
2416 3094 2616 3150 sedeat.
2646 3093 2823 3163 Neque
2849 3092 2989 3147 enim
3013 3091 3167 3145 Pater
3194 3090 3245 3144 in
3291 3089 3408 3144 sinu
3434 3104 3531 3144 suo
3576 3104 3707 3144 esse

2128 3190 2321 3245 Filium
2339 3196 2629 3257 pateretur,
2653 3186 2750 3241 nisi
2774 3184 3010 3255 ejusdem
3033 3182 3339 3239 substantia:
3360 3191 3516 3247 esset,
3540 3197 3720 3252 neque

2126 3280 2239 3350 ipse
2265 3279 2454 3345 Filius,
2484 3279 2527 3333 si
2557 3276 2827 3332 inferioris
2852 3283 2996 3331 esset
3016 3286 3238 3341 naturae,
3270 3274 3323 3329 in
3352 3284 3571 3344 paterno
3590 3275 3716 3328 sinu

2127 3373 2329 3429 versari
2351 3373 2656 3428 sustineret.
2692 3369 2757 3424 Ut
2787 3368 2950 3423 Filius
2978 3383 3103 3438 ergo
3124 3375 3179 3422 et
3206 3366 3526 3436 unigenitus,
3549 3376 3717 3434 atque

2129 3466 2183 3520 in
2211 3466 2330 3521 sinu
2360 3472 2581 3534 paterno
2619 3476 2856 3527 versans,
2885 3462 3059 3514 omnia
3086 3475 3203 3530 qua:
3233 3458 3406 3514 Patris
3431 3467 3551 3513 sunt
3592 3473 3722 3527 per-

2131 3558 2269 3614 fecte
2311 3557 2474 3612 novit.
2521 3555 2857 3625 Quapropter
2901 3552 2986 3607 his
3033 3552 3367 3621 Evangelista
3410 3551 3585 3606 verbis
3627 3560 3718 3605 est

2130 3665 2279 3716 usus,
2311 3655 2369 3702 ut
2392 3646 2513 3702 Filii
2541 3654 2837 3700 accuratam
2869 3658 3027 3711 quam
3068 3641 3135 3697 de
3161 3642 3315 3696 Patre
3340 3641 3497 3696 habet
3518 3641 3707 3710 cogni~

2134 3740 2333 3795 tionem
2361 3737 2655 3793 declararet
2696 3754 2709 3791 :
2764 3750 2884 3789 nam
2924 3734 2991 3788 de
3033 3733 3333 3803 cognitione
3374 3747 3550 3788 sermo
3579 3742 3718 3787 erat.

2133 3830 2287 3898 Quod
2329 3830 2428 3885 nisi
2472 3830 2542 3884 ita
2570 3837 2751 3892 esset,
2780 3842 2875 3881 cur
2914 3828 3061 3881 sinus
3088 3824 3451 3879 memoratur?
3496 3824 3627 3879 Nam
3672 3824 3721 3878 si

2136 3926 2274 3980 Deus
2293 3939 2397 3978 non
2418 3924 2485 3977 sit
2507 3935 2720 3990 corpus,
2750 3928 2807 3971 ut
2825 3933 2948 3972 vere
2971 3932 3075 3971 non
3102 3924 3204 3982 est,
3227 3930 3398 3984 neque
3417 3915 3724 3985 genuinitas

2135 4026 2192 4072 et
2251 4015 2612 4086 propinquitas
2664 4010 2781 4065 Filii
2835 4024 2959 4079 erga
3014 4008 3302 4079 genitorem
3355 4006 3723 4076 signiﬁcetur-

2130 4109 2333 4165 irustra
2373 4120 2437 4160 ac
2460 4105 2575 4159 sine
2597 4117 2755 4157 causa
2784 4100 2885 4155 hoc
2912 4100 3110 4154 dictum
3149 4098 3398 4167 injectum
3427 4096 3524 4150 fuit
3548 4137 3561 4159 ,
3593 4110 3722 4151 cum

2138 4200 2336 4255 nullius
2356 4197 2507 4252 nobis
2530 4196 2600 4250 sit
2621 4210 2768 4250 usus.
2792 4193 2982 4248 Verum
3006 4206 3113 4246 non
3138 4189 3330 4245 frusu-a
3347 4190 3596 4259 injectum
3618 4199 3724 4243 est:

2140 4292 2311 4357 absit;
2340 4303 2510 4359 neque
2529 4288 2670 4342 enim
2695 4295 2892 4342 temere
2912 4283 3141 4354 Spiritus
3169 4283 3429 4351 loquitur;
3462 4280 3555 4335 sed
3582 4295 3712 4350 pro-

2141 4382 2484 4453 pinquitatem
2528 4378 2645 4433 Filii
2684 4392 2806 4446 erga
2855 4378 3064 4430 Patrem
3093 4374 3372 4444 signiﬁcat.
3404 4372 3533 4426 Cum
3581 4371 3727 4426 enim

2145 4488 2259 4527 rem
2306 4484 2549 4540 magnam
2594 4468 2906 4523 asseruisset
2954 4463 3319 4535 Evangelista,
3370 4462 3511 4533 quod
3556 4477 3730 4531 neque

2147 4579 2374 4635 Superna
2401 4571 2645 4618 creatura
2670 4561 2841 4629 ipsum
2868 4558 3080 4622 videat,
3131 4556 3183 4611 id
3210 4565 3295 4609 est
3318 4597 3332 4619 ,
3377 4552 3611 4625 perfecte
3638 4569 3735 4607 eo-

2148 4664 2367 4729 gnoscat
2388 4697 2403 4718 ,
2432 4663 2490 4710 ut
2516 4653 2617 4708 ﬁde
2657 4652 2870 4722 dignum
2902 4650 3058 4720 hujus
3100 4648 3172 4702 rei
3204 4649 3221 4680 ί
3252 4647 3522 4701 doctorem
3566 4645 3733 4699 addu-

2151 4758 2319 4813 ceret,
2350 4747 2465 4801 hate
2508 4744 2671 4802 verba
2704 4742 2955 4814 protulit,
2987 4751 3043 4794 ut
3072 4740 3207 4810 ipsi,
3242 4748 3491 4808 tanquam
3542 4737 3652 4791 ﬁlio
3680 4746 3734 4791 et

2151 4839 2427 4910 unigenito
2473 4838 2528 4893 in
2568 4837 2794 4907 sinuque
2839 4842 3060 4903 paterno
3086 4832 3316 4886 versanti
3340 4871 3356 4893 ,
3389 4832 3440 4883 in
3485 4828 3734 4883 omnibus

2157 4932 2314 4987 ﬁdem
2341 4929 2584 4994 haberes,
2614 4941 2786 4997 neque
2813 4924 3035 4980 ulterius
3062 4922 3355 4977 dubitares.
3385 4919 3440 4974 Si
3467 4918 3585 4988 quis
3608 4932 3735 4971 vero

2158 5041 2257 5080 nec
2284 5022 2613 5079 contentiose
2634 5034 2733 5074 nec
2759 5016 3091 5086 impudenter
3118 5027 3275 5083 agere
3293 5010 3452 5072 velit,
3506 5008 3734 5077 idipsum

2160 5115 2507 5172 aeternitatem
2567 5109 2915 5180 comprobare
2975 5105 3220 5161 dixerim.
3274 5098 3731 5170 Quemadmodum

2162 5208 2302 5264 enim
2330 5223 2393 5261 ex
2418 5205 2507 5259 illo
2533 5204 2599 5258 ad
2618 5203 2832 5273 Moysen
2856 5200 3018 5264 dicto,
3052 5197 3159 5268 Ego
3185 5212 3293 5249 sum
3312 5195 3398 5266 qui
3418 5209 3551 5257 sum,
3576 5202 3735 5246 atter-

2166 5300 2380 5354 nitatem
2409 5296 2724 5358 ediscimus;
2753 5293 2829 5346 sic
2852 5297 2907 5346 et
2931 5306 2996 5345 ex
3021 5289 3111 5343 illo
3134 5329 3149 5353 ,
3174 5286 3271 5353 Qui
3298 5296 3370 5340 est
3393 5286 3445 5338 in
3471 5285 3586 5337 sinu
3616 5281 3729 5335 Pa-

2167 5392 2255 5445 tris
2281 5389 2299 5462 (
2324 5388 2490 5443 Exod.
2521 5388 2574 5442 3.
2607 5386 2738 5455 M);
2784 5385 2952 5453 ipsum
2979 5381 3047 5435 ah
3070 5389 3269 5434 azterno
3311 5379 3361 5432 in
3404 5377 3521 5430 sinu
3567 5373 3737 5427 Patris

2169 5497 2287 5536 esse
2310 5495 2530 5549 arguere
2552 5491 2851 5547 pOSsumus.
2878 5472 3030 5541 Quod
3057 5472 3230 5541 itaque
3250 5478 3502 5524 creatura:
3523 5464 3736 5520 cuilibet

2169 5570 2462 5628 substantia
2512 5569 2608 5624 Dei
2654 5569 2725 5623 sit
2768 5560 3310 5634 incomprehensibilis
3356 5558 3437 5612 his
3492 5556 3735 5610 omnibus

2172 5665 2591 5722 demonstratum
2635 5671 2735 5716 est.
2778 5660 2962 5716 Restat
3002 5665 3058 5712 ut
3103 5653 3445 5712 ostendamus
3474 5650 3735 5706 Filiumet

2238 5820 2253 5851 ι
2290 5816 2393 5879 alii,
2417 5814 2559 5878 huius
2582 5813 2829 5878 dogmatis.

2330 5949 2349 5997 τ
