3868 6266
39 403 67 458 ιι
942 392 1033 448 DE
1067 387 1768 450 INCOMPREBENSIBILI
1808 390 1920 450 DEI
1955 390 2268 452 NATURA.
2307 389 2401 451 IV.

39 515 232 571 ιθένειαν.
271 509 326 563 '0
359 505 541 580 μέντοι
597 508 848 580 Ἰωάννης
883 508 945 564 οὑ
987 509 1115 582 περὶ
1149 509 1260 564 τῶν
1285 509 1590 584 ἀνθρώπων

39 603 94 674 ισὶ
114 601 248 671 μόνον
260 598 360 664 ὅτι,
388 595 496 650 Τόν
522 597 672 651 Θεὸν
693 595 892 664 οὐδεὶς
913 596 1132 666 ἑώρακε
1153 597 1389 653 πώποτε
1403 615 1418 630 ο
1435 598 1594 654 10610

39 709 75 764 ιρ
94 689 226 760 δῆλον
249 679 312 757 ἦν
344 683 455 738 ἀπό
498 701 560 737 τε
588 683 697 739 τῶν
725 684 1033 756 εἰρημένων
1056 686 1292 751 τούτων,
1325 687 1426 758 τῆς
1456 704 1594 760 προ-

39 779 177 849 ῑτικῆς
206 775 408 849 ρήσεως
436 771 580 841 λέγω
610 772 814 844 ταύτης
835 774 934 844 τῆς
961 773 1242 845 λεγούσης,
1275 776 1424 847 Ἐγὼ
1455 776 1596 845 ὁρά-

39 884 92 932 ιις
116 859 424 928 ἐπλήθυνα,
452 861 549 914 καί
567 859 639 914 ἐν
666 861 837 928 χερσὶ
861 860 1011 933 [475]
1040 862 1361 933 προφητῶν
1379 864 1595 934 ὡμοιώ-

39 971 94 1023 ιν,
120 950 203 1006 καὶ
229 947 330 1003 ἀπὸ
361 949 462 1020 τῆς
491 948 629 1020 πρὸς
665 948 758 1002 τὸν
787 950 1028 1004 Μωῦσέα
1057 953 1356 1024 γενομένης
1383 954 1596 1024 ἀποφά-

40 1060 116 1105 ως.
147 1037 367 1094 Ἐκείνου
397 1037 507 1110 γάρ
546 1037 941 1109 ἐπιθυμοῦντος
966 1040 1128 1094 αὑτὸν
1161 1040 1288 1099 ίδείν
1322 1041 1597 1114 ὀφθαλμο-

39 1129 151 1192 ινῶς,
172 1127 322 1202 φησὶν
343 1127 372 1179 6
395 1125 545 1192 Θεὸς,
571 1124 778 1193 Οὐδεὶς
798 1127 1006 1196 ὄψεται
1028 1125 1095 1182 τό
1119 1131 1444 1200 πρόσωπόν
1455 1150 1596 1202 μου,

39 1219 64 1272 ιί
87 1216 316 1284 ζήσεται.
348 1215 509 1268 Ὥστε
546 1214 706 1270 10610
743 1215 904 1287 δῆλον
927 1213 996 1288 ἦν
1033 1219 1166 1290 ἡμῖν
1189 1223 1284 1275 καὶ
1314 1219 1595 1294 ὡμολογη-

39 1308 135 1362 Ξνον.
176 1303 244 1358 Οὑ
291 1303 470 1356 τοίνυν
502 1303 632 1375 περὶ
662 1304 761 1375 τῆς
789 1306 1066 1378 ἡμετέρας
1095 1306 1309 1376 φύσεώς
1341 1328 1473 1384 φησι
1505 1313 1601 1382 μόο

40 1412 65 1459 νς
90 1392 247 1457 τοῦτο,
285 1390 420 1444 ἀλλά
474 1390 569 1452 καὶ
603 1391 732 1464 περὶ
766 1393 874 1447 τῶν
901 1395 1014 1448 ἀνω
1037 1394 1318 1467 δυνάμεων
1343 1398 1424 1462 16,
1454 1400 1603 1454 Θεὸν

39 1482 150 1548 ιὸεὶς
173 1479 382 1548 ἑώρακε
401 1479 650 1534 ..πώποτε
667 1495 681 1510 ·
704 1480 976 1536 διάλτοῦτο
998 1483 1091 1536 καὶ
1114 1483 1206 1540 τὸν
1232 1488 1494 1559 μονογενῆ¹
1522 1489 1601 1543 δι·

40 1569 208 1623 σκαλον
242 1568 449 1637 εἰσάγει
479 1568 573 1623 106
600 1569 889 1640 δόγματος.
915 1569 1032 1626 Ἵνα
1057 1571 1166 1645 γὰρ
1206 1575 1280 1646 μή
1318 1592 1404 1639 τις
1428 1575 1562 1649 λέγῃ
1584 1591 1599 1607 .

39 1657 119 1711 ,θεν
161 1655 310 1710 τοῦτο
341 1655 532 1727 δῆλον;
565 1658 845 1728 ἐπήγαγεν
867 1676 882 1690 ·
919 1659 984 1713 '0
1007 1660 1345 1732 μονογενὴς
1377 1662 1531 1731 Υἱὸς,
1572 1667 1606 1720 ό

40 1763 51 1778 ·
77 1747 152 1811 εὶς
170 1745 270 1799 τὸν
297 1747 531 1800 κόλπον
557 1747 666 1801 τοῦ
699 1746 949 1816 Πατρός,
982 1749 1167 1816 αὐτὸς
1197 1749 1539 1822 ἐξηγήσατο
1553 1738 1603 1820 ί,

41 1836 252 1890 ιόπιστον
275 1836 512 1904 εἰσάγων
543 1834 636 1890 106
658 1835 924 1909 δόγματος
957 1838 1133 1909 μάρτυ
1142 1823 1209 1911 ρα
1231 1841 1325 1895 καὶ
1349 1842 1607 1897 διδάσκα-

39 1942 68 1977 1.
97 1922 274 1978 Καίτοι
296 1925 345 1977 εί
375 1925 467 1978 καὶ
493 1925 554 1978 16
570 1925 849 1991 Μωῦσέως
881 1928 1012 1998 ἡμῖν
1033 1927 1422 2000 παραδηλῶσαι
1450 1930 1607 1984 ἐϐού-

39 2030 95 2077 ιο,
114 2012 352 2084 περιττὸν
365 2009 440 2084 ,ἦν
467 2014 661 2078 εἰπεῖν,
684 2015 766 2068 ὅτι
799 2015 828 2067 6
862 2015 1153 2088 μονογενὴς
1193 2017 1628 2090 ἐξηγήσατοχοὺ,

39 2119 65 2174 ρ
91 2104 122 2155 ό
145 2100 476 2171 μονογενὴς
502 2103 686 2169 αὐτὸς
710 2101 1054 2174 ἐξηγήσατο
1089 2104 1142 2170 δ,
1183 2104 1320 2160 ἀλλά
1352 2106 1446 2160 καὶ
1479 2100 1621 2178 πρὶν.

39 2195 105 2247 τὸν
143 2195 390 2266 Ἰωάννην
425 2195 603 2250 ταῦτα
638 2197 846 2260 εἰπεῖν,
878 2197 955 2262 ὠς
987 2197 1139 2270 παρά
1163 2199 1259 2252 106
1287 2201 1608 2270 μονογενοῦς

39 2283 234 2353 ηκοότα,
269 2282 430 2354 δῆλον
460 2285 594 2354 ἡμῖν
625 2285 654 2338 6
676 2286 974 2358 προφήτης
1022 2287 1319 2359 πεποίηκεν
1352 2289 1429 2353 ὡς
1474 2291 1612 2361 ἀκη-

39 2371 92 2434 6;
125 2370 270 2443 παρά
295 2371 391 2426 τοῦ
421 2371 582 2428 Θεοῦ.
605 2373 745 2427 Ἀλλ’
762 2375 950 2446 ἐπειδὴ
979 2375 1140 2430 πλέον
1167 2376 1277 2431 τῶν
1309 2377 1432 2430 τότε
1459 2381 1611 2451 εἰρη-

39 2478 126 2513 νων
150 2459 374 2530 ἔμελλεν
409 2461 542 2532 ἡμῖν
577 2461 961 2525 ἐκκαλύπτειν,
979 2463 1062 2516 ὅτι
1090 2461 1212 2517 οὔτε
1243 2465 1298 2519 αἱ
1321 2465 1434 2520 ἀνω
1460 2465 1613 2520 δυνά-

39 2565 76 2610 ις
100 2549 256 2601 αὐτὸν
287 2547 481 2621 ὁρῶσι,
506 2547 597 2602 διὰ
621 2549 782 2602 τοῦτο
813 2552 1024 2620 εἰσάγει
1051 2551 1143 2605 τὸν
1176 2555 1440 2625 μονογενῆ
1465 2553 1610 2608 διδάο

39 2635 159 2688 ιλον.
187 2636 423 2707 Ὅρασιν
461 2636 520 2690 δέ
569 2637 818 2706 ἐνταῦθα,
845 2638 946 2710 τὴν
983 2638 1182 2709 γνῶσιν
1226 2636 1368 2694 εἶναι
1400 2642 1608 2712 νόμιζε.

62 2722 253 2794 γὰρ,δὴ
278 2723 442 2795 κόραι
475 2725 571 2778 καὶ
603 2724 828 2797 ὄμματα
861 2726 956 2780 καὶ
1000 2725 1320 2799 βλεφαρίδες
1349 2730 1479 2800 περὶ
1513 2729 1612 2794 τὰς

39 2813 262 2880 υμάτους
294 2812 556 2884 δυνάμεις
574 2830 588 2844 ·
616 2813 732 2872 ἀλλῖ
750 2814 888 2885 ὅπερ
929 2815 1014 2884 ἐφ’
1043 2815 1202 2885 ἡμῶν
1231 2817 1378 2868 ἐστιν
1401 2817 1612 2887 ὅρασις,

39 2900 100 2952 ἱτο
129 2900 212 2952 ἐπ’
248 2901 476 2956 ἐκείνων
505 2900 726 2971 γνῶσις.
755 2903 918 2955 Ὥστε
946 2903 1074 2957 ὅταν
1093 2903 1331 2977 ἀκούσῃς
1361 2905 1446 2959 ὅτι
1467 2906 1615 2961 Θεὸν

39 2987 138 3054 θεὶς
163 2988 386 3058 ἑώρακε
410 2989 671 3056 πώποτε,
699 2992 878 3044 ἐκεῖνο
902 2991 1088 3062 νόμιζε
1123 2991 1364 3057 ἀκούειν,
1403 2993 1486 3047 ὅτι
1525 2995 1614 3048 τὸν

39 3081 77 3128 ὃν
110 3078 282 3141 οὐδεὶς
334 3077 479 3147 ἐγνω
529 3078 802 3144 οὑσιωδῶς
828 3091 852 3118 ο
897 3081 1036 3150 μετά
1068 3080 1350 3151 ἀκριϐείας
1375 3081 1611 3154 ἀπάσης.

40 3165 202 3236 ιπερὶ
237 3166 352 3220 τῶν
379 3167 448 3219 Σε
458 3168 636 3238 ραφὶμ
653 3167 709 3220 δὲ
729 3167 860 3221 ὅταν
895 3167 1136 3241 ἀκούσῃς
1156 3170 1240 3222 ὅτι
1269 3169 1616 3242 ἀπέστρεψαν

39 3271 71 3318 ις
91 3252 433 3325 ὀφθαλμοὺς,
461 3255 554 3308 καὶ
583 3255 681 3326 τὴν
709 3254 831 3325 όψιν
867 3256 1157 3327 ἐτείχισαν,
1180 3258 1275 3312 καὶ
1314 3257 1384 3312 τά
1408 3260 1616 3332 Χερου-

39 3362 50 3396 ι
72 3344 144 3411 δὲ,
162 3346 245 3399 ὅτι
264 3345 331 3399 16
357 3345 492 3399 αὑτὸ
511 3345 672 3400 τοῦτο
698 3345 862 3401 πάλιν
883 3348 1164 3422 ἐποίησαν.
1183 3349 1258 3422 μὴ
1282 3350 1613 3423 ὀφθαλμοὺς,

39 3430 82 3486 δὲ
110 3434 280 3504 κόρας
306 3430 452 3489 εἶναι
474 3433 662 3505 νόμιζε
689 3451 703 3465 ο
738 3435 1008 3507 σωμάτων
1033 3437 1142 3510 γὰρ
1166 3431 1320 3504 οὗτος
1347 3441 1616 3512 όσχημα-

40 3521 130 3590 μός
149 3537 164 3552 ο
190 3521 333 3576 ἀλλά
372 3521 464 3576 διά
489 3522 694 3592 τούτων
723 3522 822 3595 τὴν
844 3523 1052 3594 ,γνῶσιν
1078 3527 1256 3582 αὑτῶν
1284 3527 1615 3582 αἰνίττεσθαι

39 3623 161 3660 ιτευε
191 3608 286 3662 τὸν
321 3610 634 3681 προφήτην.
673 3611 843 3672 Ὅταν
880 3607 974 3667 οὖν
1005 3612 1138 3684 λέγῃ
1159 3614 1197 3666 .6
1230 3615 1514 3686 προφήτης
1533 3616 1616 3670 ὅτι

39 3696 453 3752 ’καταϐαίνοντα
479 3698 571 3751 τὸν
591 3697 723 3752 Θεὸν
749 3699 876 3754 ἰδεῖν
898 3701 1000 3755 οὐκ
1030 3701 1290 3773 ἦνεγκαν,
1313 3703 1466 3758 οὐδὲν
1491 3704 1618 3758 ἀλλο

40 3800 108 3847 ἐι,
141 3785 260 3838 ἀλλ’
286 3786 324 3857 ἢ
361 3787 447 3840 ὅτι
486 3786 586 3859 τὴν
614 3787 815 3856 γνῶσιν
864 3788 1029 3843 αὐτοῦ
1062 3790 1478 3862 τετρανωμένην
1524 3793 1618 3847 καλ⁴

39 3873 138 3945 >ιϐἧ
164 3874 270 3944 τῆς
303 3875 669 3946 καταλήψεως
695 3877 938 3946 ἐνεγκεῖν
959 3878 1020 3932 οὑ
1049 3877 1324 3944 δύνανται,
1352 3880 1472 3933 οὑδὲ
1501 3881 1620 3934 τολ-

40 3977 116 4013 σιν
147 3963 348 4026 ἀτενὲς
388 3963 516 4016 ίδεῖν
544 3963 680 4036 πρὸς
704 3964 804 4035 τὴν
818 3965 1093 4038 ἀκραιφνῆ
1121 3967 1216 4020 καὶ
1253 3966 1508 4038 ἀκέραιον
1529 3970 1619 4022 οὑ-

40 4066 84 4110 ν,
130 4051 247 4104 ἀλλ’
279 4049 410 4104 0666
460 4049 597 4123 πρὸς
630 4051 799 4124 αὐτὴν
841 4052 940 4124 τὴν
988 4053 1413 4121 συγκατάϐασιν.
1445 4055 1520 4108 T6
1562 4055 1619 4109 δέ

40 4137 125 4200 νές
158 4138 292 4194 ἰδεῖν
323 4139 393 4193 τὸ
424 4139 626 4207 γνῶναι
656 4140 792 4195 ἐστι.
824 4137 924 4195 Διὰ
957 4139 1115 4194 τοῦτο
1153 4142 1246 4195 καὶ
1274 4143 1304 4195 6
1326 4143 1621 4213 1607751:-

40 4245 72 4292 ;ς
121 4226 282 4291 εἰδὼς
345 4227 426 4292 ὡς
470 4227 571 4282 ούκ
613 4227 761 4282 ἐστιν
813 4229 1159 4302 ἀνθρωπίνης
1209 4229 1423 4300 φύσεως
1451 4232 1510 4285 16
1551 4231 1620 4287 τά

39 4313 160 4367 1610
199 4315 437 4380 ειδέναι,
470 4317 564 4370 καὶ
592 4317 674 4371 ὅτι
711 4316 833 4370 οὐδὲ
865 4319 986 4380 ταῖς
1017 4317 1129 4372 ἀνω
1162 4316 1425 4390 δυνάμεσι
1453 4321 1622 4373 κατὰ·

39 4403 139 4467 ττός
172 4405 334 4459 ἐστιν
362 4405 394 4458 6
444 4404 607 4471 Θεὸς,
638 4405 801 4459 αὑτὸν
825 4404 916 4459 τὸν
955 4406 1020 4460 ἐκ
1053 4403 1242 4470 δεξιῶν
1285 4406 1450 4461 αὑτοῦ
1489 4408 1623 4465 καθ-

39 4508 136 4544 ινον
163 4493 264 4546 καὶ
297 4492 485 4548 ταῦτα
506 4493 748 4565 ἀκριϐῶς
775 4495 1130 4565 ἐπιστάμενον
1155 4494 1392 4567 παράγει
1413 4494 1506 4549 106
1538 4497 1623 4550 δό-

39 4595 146 4643 ιτος
178 4581 321 4652 ημῖν
350 4580 546 4636 τούτου
575 4581 918 4638 διδάσκαλον·
944 4582 1038 4636 καὶ
1075 4582 1198 4636 οὑδέ
1224 4582 1411 4649 άπλῶς
1443 4578 1649 4648 εἷπεν,-

45 4668 116 4730 ἱός
139 4685 154 4698 ·
193 4669 390 4723 καίτοι
427 4671 523 4724 καὶ
549 4671 600 4724 εί
631 4669 792 4723 τούτο
817 4671 1048 4742 είρήκει,
1087 4669 1270 4724 ἱκανὸν
1307 4667 1378 4742 ἦν
1407 4673 1624 4726 ἐπιστο-

41 4772 93 4808 αι
124 4757 194 4811 τά
220 4757 344 4811 τῶν
381 4759 750 4828 ἀναισχύντων
767 4760 1028 4830 στόματα.
1055 4758 1265 4829 Ὥσπερ
1303 4758 1412 4832 γάρ
1431 4760 1625 4814 πολλοὶ

39 4845 144 4898 στοὶ
183 4843 511 4916 λεγόμενοι,
541 4847 570 4898 6
595 4846 654 4900 δέ
679 4843 888 4918 ἀληθὴς
928 4845 1162 4918 Χριστὸς
1186 4842 1288 4910 εἷς,
1311 4848 1408 4901 καὶ
1440 4848 1625 4903 πολλοὶ

39 4948 114 4983 ιιοι
136 4932 467 5004 λεγόμενοι,
496 4935 525 4986 6
545 4933 604 4987 δὲ
633 4932 836 5006 Κύριος
869 4927 968 4997 εἷς,
1011 4933 1104 4987 καὶ
1124 4933 1311 4987 πολλοὶ
1335 4934 1444 4990 θεοὶ
1471 4935 1626 5006 λεγό-

40 5036 110 5098 οι,
143 5023 174 5074 6
198 5022 261 5074 δὲ
291 5021 439 5086 Θεὸς
478 5015 560 5086 εἷς
579 5039 592 5053 ·
609 5019 752 5076 οὕτω
789 5021 882 5075 καὶ
927 5021 1110 5076 πολλοὶ
1136 5021 1242 5075 υίοὶ
1268 5021 1572 5098 λεγόμενοι,
1599 5025 1628 5078 6

39 5093 148 5171 Γίὶς
183 5102 292 5174 εἷς,
327 5109 432 5163 καὶ
463 5110 498 5180 ἡ
528 5109 623 5163 106
650 5109 852 5183 ἄρθρου
889 5108 1170 5181 προσθήκη
1207 5108 1364 5181 ίκανὴ
1389 5094 1452 5164 16
1484 5111 1628 5178 ἐξαί-
1667 5141 1671 5146 -

39 5212 92 5248 ον
112 5196 291 5265 δεῖξαι
326 5195 433 5251 106
479 5197 835 5268 Μονογενοῦς.
879 5197 1032 5252 Ἀλλ’
1053 5199 1204 5270 ὅμως
1239 5198 1340 5253 οὐκ
1382 5199 1626 5273 ἠρκέσθη

39 5299 132 5353 τῳ,
163 5285 288 5338 ἀλλ’
316 5284 536 5353 εἰπὼν,
574 5287 722 5340 Θεὸν
753 5285 952 5352 οὐδεὶς
984 5285 1202 5355 ὲάῳακε
1240 5285 1505 5352 πώποτε,
1533 5289 1628 5341 ἐπα

39 5388 166 5440 ιγεν,
214 5373 283 5427 '0
303 5373 659 5444 μονογενὴς
685 5375 816 5441 Υἱὸς
845 5378 878 5429 ό
907 5372 991 5429 ὢν
1013 5376 1098 5441 είς
1127 5374 1235 5428 τὸν
1267 5375 1499 5430 κόλπον
1522 5375 1629 5431 τοῦ

39 5461 190 5528 τρὸς,
205 5462 416 5530 αὐτὸς
439 5462 797 5532 ἐξηγήσατο.
815 5463 1084 5536 Πρότερον
1114 5458 1234 5517 εἶπε
1256 5464 1626 5534 Μονοτενὴς,

49 5553 170 5605 τότε
207 5554 356 5619 Υἱός
382 5569 399 5584 ’
428 5553 613 5625 ἐπειδὴ
649 5553 758 5627 γὰρ
797 5554 982 5608 πολλώ⁵
1013 5553 1102 5608 διὰ
1135 5554 1234 5624 τὴν
1264 5555 1405 5627 πρὸς
1427 5554 1490 5608 τὸ
1513 5555 1631 5608 όνοο

64 5642 371 5695 κοινωνίαν
409 5641 800 5714 ὑποτέμνονται
839 5641 1004 5697 αὑτοῦ
1055 5641 1152 5714 τὴν
1180 5641 1369 5711 δόξαν,
1396 5643 1491 5698 ἕνα
1521 5643 1630 5698 τῶν

41 5802 121 5852 Sic
145 5807 384 5855 maxima
410 5816 523 5866 pars
562 5819 683 5856 mss.
725 5803 1057 5866 Ποτειπνειιο
1090 5809 1343 5866 μονογενής
1380 5801 1521 5857 αὐτὸς
1557 5800 1631 5866 ἐξτ

39 5882 167 5942 σατο.
198 5867 341 5916 Infra
368 5863 442 5922 ὠξ
473 5867 713 5928 ἀκηκοώς,
755 5868 828 5916 sic
858 5865 1010 5916 ﬁdem
1040 5863 1154 5916 is.
1180 5863 1352 5916 Morel.
1399 5871 1565 5913 autem
1601 5863 1630 5912 6

39 5946 376 6054 verba,
403 5988 461 6037 ού
478 5991 624 6054 γὰρ...
652 5991 931 6054 ἐξηγῇσατο,
953 5991 1260 6054 ζςεῑίιιιὶηιιιε
1283 5983 1517 6054 ngayil.
1541 5984 1630 6038 E0.

51 6052 132 6106 Sic
157 6052 324 6107 Savil.
359 6048 424 6104 ει
446 6048 669 6118 pl'eﬁque
689 6048 858 6118 oo'dd.;
881 6048 937 6104 in.
955 6051 1126 6103 Morel.
1147 6051 1392 6110 οὑσιωδῶς
1411 6048 1574 6102 ἀθεεὶ.

3194 357 3213 392 ¹
3254 391 3362 450 1.12

1697 508 1907 564 πολλῶν
1923 506 2060 565 εἶναι
2083 511 2403 584 νομίζοντες
2422 511 2612 566 αὐτόν’
2642 511 2706 566 16
2728 497 2836 586 γάρ
2864 513 2978 578 υίὸς
2996 511 3154 567 10610
3181 511 3362 566 κοινόν

1695 599 1842 650 ἐστιν
1873 597 2044 670 ὄνομα
2071 597 2220 671 [476]
2248 603 2464 654 πάντων
2488 616 2502 630 °
2519 601 2655 672 ὅπερ
2683 602 2832 655 ἐστὶν
2868 599 3146 671 ἐξαίρετον
3192 597 3362 653 αὑτοῦ

1695 687 1794 741 καὶ
1822 686 1952 741 ῖδιον
1976 688 2072 742 καὶ
2103 688 2280 742 οὐδενὶ
2308 687 2416 742 τῶν
2448 689 2626 743 ἀλλων
2655 689 2855 761 προσὸν
2876 731 2892 753 ,
2917 690 3129 743 τέθεικε
3163 687 3365 761 πρότε-

1702 793 1814 849 ρον,
1841 778 1903 832 16
1921 778 2291 849 Μονοτενὴς,
2314 779 2546 834 ἴναάπδ
2581 777 2774 832 τούτου
2802 779 3124 853 πιστεύσῃς,
3157 781 3240 833 ὅτι
3269 778 3366 832 καί¹

1697 867 1760 920 16
1807 867 1984 922 κοινὸν
2023 868 2181 924 τοῦτο
2223 871 2322 924 οὐκ
2373 871 2487 924 ἐστι
2528 867 2728 933 κοινὸν,
2760 868 2876 923 ἀλλ’
2911 871 3042 926 ἴδιον
3076 869 3240 925 αὑτοῦ
3274 872 3368 924 καὶ

1700 955 1889 1028 κύριόν
1938 959 2077 1024 ἐστι,
2111 959 2208 1015 καὶ
2248 960 2424 1015 οὐδενὶ
2464 957 2575 1013 τῶν
2619 955 2795 1011 ἄλλων
2834 957 3008 1025 οὕτως
3053 962 3130 1025 ὡς
3171 959 3369 1031 ἐκείνῳ

1701 1045 1925 1118 προσόν.

1769 1134 1832 1188 δ’.
1864 1133 1974 1186 Καὶ
2013 1133 2102 1188 ἵνα
2147 1134 2478 1207 σαφέστερον
2513 1136 2540 1189 ὃ
2578 1137 2720 1208 λέγω
2753 1138 3000 1209 γένηται,
3039 1133 3372 1206 πλατύτερον

1703 1222 1832 1276 0616
1856 1221 2018 1277 πάλιν
2045 1222 2176 1295 ἐρῶ.
2201 1224 2275 1277 Τὸ
2297 1224 2426 1292 υίὸς
2454 1224 2623 1298 ὄνομα
2642 1227 2898 1301 πρόσεστι
2927 1225 3022 1280 καὶ
3045 1223 3371 1296 ἀνθρώποις,

1704 1311 1964 1384 πρόσεστι
2005 1313 2102 1366 καὶ
2146 1311 2224 1384 τῷ
2270 1313 2513 1387 Χριστῷ,
2561 1316 2676 1369 ἀλλ’
2716 1317 2849 1388 ἡμῖν
2895 1311 3371 1386 καταχρηστικῶς,

1705 1399 1898 1473 ἐκείνῳ
1925 1401 1980 1456 δὲ
2009 1400 2232 1475 κυρίως·
2251 1401 2312 1456 16
2329 1401 2386 1456 δὲ
2409 1401 2753 1474 Μονογενὴς
2773 1401 2938 1458 αὑτοῦ
2963 1402 3122 1474 μόνον
3149 1401 3263 1454 ἐστὶ
3281 1399 3375 1456 καὶ

1705 1489 1883 1543 οὐδενὶ
1914 1489 2024 1544 τῶν
2059 1491 2235 1546 ἀλλων
2267 1490 2872 1564 οὑδέ,καταχρηστικῶς
2913 1490 3224 1564 πρόσεστιν.
3257 1487 3378 1541 Ἵνα

1707 1572 1802 1632 οὖν
1833 1577 1942 1632 ἀπὸ
1969 1578 2071 1649 τῆς
2104 1578 2476 1651 προσηγορίας
2513 1579 2612 1650 τῆς
2637 1579 2812 1634 οὑδενὶ
2846 1579 3178 1652 προσούσης,
3204 1577 3317 1631 ἀλλ’
3340 1575 3376 1647 ἢ

1709 1665 1856 1738 αύτῷ
1889 1668 2055 1739 μόνῳ,
2079 1668 2171 1722 καὶ
2204 1669 2302 1740 τὴν
2324 1667 2503 1741 -ἄλλην
2536 1668 2638 1741 τὴν
2667 1670 2781 1734 τοῖς
2812 1669 3029 1731 πολλοῖς
3068 1666 3378 1739 προσοῦσαν
3420 1699 3496 1751 C3.

1709 1757 1874 1848 αὑτοῦ
1907 1759 2101 1848 κυρίαν
2146 1755 2283 1848 εἶναι
2322 1739 2700 1848 νομίλσῃς,νδιά
2731 1758 2896 1848 τοῦτο
2935 1756 3200 1848 πρότερον
3225 1751 3378 1848 εἶπεν
3426 1739 3553 1848 κδ)

3537 1975 3586 2084 /

1710 1840 1740 1893 6
1767 1840 2135 1912 Μονογνςνὴς,
2165 1842 2260 1894 καὶ
2282 1841 2404 1896 τότε
2443 1844 2594 1910 Υἱός.
2630 1844 2694 1898 Εἰ
2726 1843 2785 1897 δέ
2812 1845 2913 1898 οὐκ
2939 1844 3101 1915 ἀρκεῖ
3137 1857 3220 1894 σοι
3258 1837 3388 1892 οὑδέ.

1710 1929 1913 1994 ταῦτα,
1947 1929 2082 2002 φησὶ⁹
2101 1972 2115 1997 ,
2161 1930 2307 2000 λέγω
2339 1933 2433 1985 καὶ
2471 1932 2660 2004 ἕτερον
2705 1934 2918 2007 τρίτον,
2959 1932 3104 2003 παχὺ
3150 1931 3246 2002 μὲν
3285 1927 3380 1982 καὶ

1712 1996 2069 2090 ἀνθρώπινον,
2094 1996 2276 2088 ίκανδν
2297 2019 2355 2074 δὲ
2385 2022 2480 2075 καὶ
2513 1996 2638 2087 τοὺς
2666 1996 2843 2094 χαμαὶ
2873 1996 3251 2094 ἕρποντας-είς
3280 2018 3381 2088 τὴν

1712 2105 1919 2162 ἔννοιαν
1939 2107 2039 2178 τῆς
2059 2106 2150 2160 τοῦ
2183 2094 2506 2178 μονογενοῦς
2531 2109 2688 2181 δόξης
2713 2110 3030 2180 ἀναγαγεῖν.
3053 2108 3118 2161 Τί
3143 2107 3199 2161 δέ
3226 2105 3383 2160 τοῦτό

1713 2195 1894 2260 ἐστιν;
1929 2168 2115 2248 ὈΓῶν
2140 2168 2228 2262 εἷς
2274 2168 2382 2250 τόν
2433 2168 2684 2251 κέλπὶηῗ
2701 2196 2808 2253 τοῦ
2831 2168 3094 2266 ’Πατρόςκ
3138 2196 3290 2265 Παχὺ
3323 2194 3392 2246 τδ
3484 2168 3506 2226 κ’

1718 2284 1888 2356 ῥῆμα,
1924 2283 2040 2338 ἀλλ’
2072 2284 2255 2338 ἱκανὸν
2285 2285 2622 2350 ἐνδείξασθαι
2650 2284 2746 2357 τὴν
2775 2286 3128 2357 γνησιότητα,
3169 2284 3234 2338 ἂν
3269 2282 3385 2336 θεο-

1716 2370 1943 2444 πρεπῶς
1981 2371 2323 2444 ἐκλάδωμεν.
2367 2373 2576 2445 Ὥσπερ
2623 2373 2732 2446 γὰρ
2781 2372 2996 2427 ἀκούων
3037 2373 3249 2443 θρόνον,
3292 2371 3387 2423 καὶ

1715 2461 1811 2532 τὴν
1846 2462 1911 2514 ἐκ
1933 2459 2120 2528 δεξιῶν
2153 2460 2438 2531 καθέδραν,
2473 2461 2534 2515 οὑ
2564 2461 2754 2533 θρόνον
2799 2459 3227 2530 ὑπολαμϐάνεις,
3263 2457 3386 2511 ούδέ

1716 2549 1878 2602 τόπον
1899 2549 1995 2604 καὶ
2021 2550 2389 2621 περιγραφὴν,
2407 2550 2522 2605 ἀλλ’
2551 2552 2616 2603 ἐκ
2642 2551 2742 2620 τῆς
2767 2550 2862 2604 τοῦ
2887 2549 3079 2621 θρόνου
3110 2565 3387 2620 προσηγο-

1720 2638 1862 2709 ρίας.
1892 2639 1988 2693 καὶ
2037 2639 2138 2710 τῆς
2169 2638 2312 2692 κατά
2354 2641 2453 2712 τὴν
2500 2639 2768 2711 καθέδραν
2815 2639 3136 2703 κοινωνίας,
3185 2638 3246 2690 16
3291 2639 3389 2708 τῆς

1717 2729 1887 2798 τιμῆς
1937 2727 2354 2798 ἀπαράλλακτον
2401 2729 2497 2782 καὶ
2549 2729 2692 2783 ἴσον⁸
2723 2727 2868 2782 οὕτω
2920 2729 3014 2782 καὶ
3054 2727 3149 2782 τὸν
3189 2729 3390 2781 κόλπον

1717 2816 1954 2878 ἀκούων,
1992 2817 2066 2889 μὴ
2096 2816 2296 2870 κόλπον
2324 2812 2465 2871 εἶναι
2493 2814 2702 2886 νόμιζε,
2737 2817 2873 2888 μηδέ
2910 2817 3098 2880 τόπον,
3138 2816 3256 2870 ἀλλ’
3281 2816 3390 2870 ἀπὸ
3441 2878 3464 2883 _

1717 2905 1817 2976 τῆς
1845 2904 1941 2958 106
1976 2903 2180 2958 κόλπου
2205 2903 2574 2977 προσηγορίας
2597 2904 2696 2977 τὴν
2723 2903 2859 2972 πρὸς
2892 2903 2982 2957 16v
3023 2904 3390 2976 γεγεννηκότα

1720 2991 1995 3063 ἐγγύτητα
2035 2992 2130 3045 καὶ
2168 2992 2267 3064 τὴν
2315 2992 2630 3064 παρρησίαν
2669 2991 3010 3064 ἐκλάμϐανεο
3051 2991 3143 3045 106
3181 2993 3290 3062 γάρ
3327 2994 3392 3045 ἐκ

1719 3080 1908 3147 δεξιῶν
1937 3078 2210 3151 καθῆσθαι
2243 3079 2306 3133 16
2333 3079 2410 3150 τῷ
2450 3079 2640 3151 κόλπῳ
2670 3079 3038 3136 ἐνδιαιτᾶσθαι
3071 3079 3254 3150 πολλῷ
3296 3097 3392 3133 σα-

1721 3169 1882 3238 φέστε
1889 3187 1982 3242 ρον
2008 3171 2141 3242 ἡμῖν
2160 3169 2258 3240 τὴν
2287 3169 2424 3240 πρὸς
2443 3168 2535 3223 16v
2554 3169 2922 3241 γεγεννηκότα
2947 3168 3223 3240 ἐγγύτητα
3244 3169 3394 3241 δηλοῖ

1722 3257 1815 3311 καὶ
1843 3257 2188 3329 παρίστησιν.
2223 3255 2360 3310 Οὔτε
2391 3255 2500 3328 γὰρ
2537 3256 2603 3311 ἂν
2635 3259 2664 3311 6
2707 3256 2902 3328 Πατὴρ
2921 3257 3180 3328 ἠνέσχετο
3225 3257 3282 3309 ἐν
3315 3256 3393 3329 τῷ

1721 3346 1906 3416 κόλπῳ
1943 3345 2035 3400 τὸν
2073 3344 2201 3398 Υἱὸν
2247 3344 2422 3416 ἐχειν,
2473 3345 2522 3398 εί
2567 3346 2644 3416 μὴ
2685 3346 2785 3416 τῆς
2834 3345 3009 3416 αὑτῆς
3051 3344 3239 3408 οὐσίας
3279 3339 3350 3416 ἦν
3374 3385 3390 3409 ,

1720 3433 1830 3487 061’
1875 3435 1942 3488 ἂν
1985 3435 2192 3498 ἐκεῖνος
2245 3434 2539 3504 ὑπέμεινεν
2587 3432 2986 3506 ὑποδεεστέρας
3053 3433 3271 3504 φύσεως
3315 3434 3416 3486 ῶν.

1723 3519 2086 3574 ἐνδιαιτᾶσθαι
2129 3519 2208 3592 τῷ
2249 3519 2436 3592 κόλπῳ
2463 3519 2543 3591 τῷ
2595 3517 2864 3592 πατρικῷ.
2917 3521 3008 3584 Ὦς
3050 3521 3181 3587 Υίὸς
3215 3521 3399 3576 τοίνυν

1721 3609 1816 3663 καὶ⁹
1846 3609 2156 3680 Μονογενὴς
2182 3609 2276 3662 καὶ
2301 3610 2358 3662 ἐν
2397 3608 2478 3679 τῷ
2505 3608 2690 3680 κόλπῳ
2711 3608 3002 3680 διατρίϐων
3031 3608 3108 3680 τῷ
3141 3610 3396 3683 πατρικῷ

1723 3697 1900 3751 πάντα
1927 3697 1998 3750 τά
2015 3695 2109 3749 106
2137 3695 2350 3767 H0196;
2377 3696 2664 3750 ἐπίσταται
2694 3695 2936 3768 ἀκριϐῶς
2959 3713 2970 3726 ·
2994 3695 3082 3753 διὰ
3115 3697 3273 3751 τοῦτο
3299 3701 3418 3756 καὶ.’

1720 3787 1926 3840 τούτων
1965 3785 2159 3857 ἐδεήθη
2189 3785 2296 3838 τῶν
2340 3785 2599 3857 ῥημάτων
2638 3787 2667 3837 6
2709 3785 3134 3858 εύαγγελιστὴς,
3175 3788 3266 3842 ἵνα
3295 3787 3401 3859 τὴν.

1721 3874 1924 3947 ἀκριϐῆ
1963 3873 2055 3927 τοῦ
2086 3872 2216 3926 Υἱοῦ
2260 3873 2586 3945 παραστήσῃ
2624 3872 2826 3941 γνῶσιν
2867 3873 2964 3945 τὴν
2998 3874 3127 3946 περὶ
3159 3874 3253 3928 106
3285 3876 3395 3928 Πα-

1721 3965 1866 4036 τρός.
1897 3963 2031 4035 Περὶ
2055 3963 2164 4034 γάρ
2203 3963 2455 4031 γνώσεως
2491 3959 2559 4035 ἦν
2591 3964 2620 4016 6
2659 3963 2844 4031 λόγος·
2875 3965 3000 4017 ἐπεὶ
3033 3967 3084 4018 εί
3123 3966 3199 4038 μὴ
3237 3966 3406 4020 τοῦτά

1723 4055 1859 4118 ἐστι,
1890 4052 2032 4116 τίνος
2072 4052 2304 4105 ἓνεκενό
2335 4051 2535 4116 κόλπος
2572 4053 2980 4123 παρείληπται;
3013 4054 3076 4108 Et
3103 4055 3210 4128 γάρ
3254 4058 3406 4127 μήτε

1727 4140 1887 4212 σῶμά
1911 4143 2058 4194 ἐστιν
2087 4141 2115 4194 6
2141 4139 2292 4203 Θεὸς,
2323 4138 2511 4210 ὥσπερ
2532 4135 2625 4194 οὖν
2653 4140 2777 4192 ούδέ
2805 4139 2942 4204 ἐστι,
2978 4145 3114 4214 μήτε
3141 4143 3240 4215 τὴν
3265 4161 3398 4216 γνηο

1727 4229 1950 4299 σιότητα
1982 4229 2076 4282 καὶ
2106 4228 2206 4300 τὴν
2251 4225 2526 4297 ἐγγύτητα
2569 4227 2668 4298 τὴν
2709 4228 2846 4299 πρὸς
2871 4229 2982 4290 ,τὸν
3023 4232 3407 4302 γεγεννηκότα,

1723 4317 1891 4388 δηλοῖ,
1926 4313 2113 4380 ἁπλῶς
2151 4315 2246 4369 καὶ
2293 4314 2416 4386 εικῆ
2449 4314 2511 4368 16
2553 4315 2702 4387 ῥῆμα
2749 4316 3176 4388 προσέρριπται,
3207 4320 3408 4391 χρείαν.

1726 4406 1856 4476 ἡμῖν
1884 4403 2142 4474 οὐδεμίαν
2169 4401 2429 4475 πληροῦν.
2464 4401 2604 4455 Ἀλλ’
2634 4404 2733 4474 οὑχ
2762 4402 2949 4467 ἁπλῶς
2973 4407 3390 4478 προσέρριπται,

1729 4494 1804 4565 μὴ
1836 4491 2044 4561 γένοιτο
2065 4507 2081 4522 ο
2111 4490 2261 4544 οὐδὲν
2289 4489 2398 4562 γάρ
2428 4490 2550 4561 εἰκῆ
2581 4490 2642 4543 16
2667 4491 2890 4563 Πνεῦμα
2917 4492 3231 4562 φθέγγεται,
3259 4495 3404 4550 ἀλλὰ

1725 4581 1824 4653 τὴν
1864 4579 2139 4649 ἐγγύτητα
2177 4577 2270 4631 106
2308 4577 2440 4631 Υἱοῦ
2481 4576 2580 4648 τὴν
2627 4578 2764 4650 πρὸς
2818 4579 2912 4632 τὸν
2954 4581 3172 4652 Πατέρα
3223 4581 3402 4653 δηλοῖ.

1740 4668 1956 4739 Ἐπειδὴ
1985 4667 2094 4738 γὰρ
2119 4665 2261 4738 μέγα
2291 4666 2609 4737 ἀπεφήνατο
2644 4667 2672 4720 6
2715 4667 3126 4740 εύαγγελιστὴς,
3158 4670 3238 4722 ὅτι
3271 4669 3400 4731 οὕτε,

1728 4761 1764 4831 ή
1785 4759 1897 4813 ἀνω
1923 4755 2098 4819 κτίσις
2123 4754 2286 4810 αὑτὸν
2305 4756 2427 4827 ὁρᾷ,
2448 4755 2591 4808 τοῦτ’
2617 4755 2754 4823 ἐστι,
2779 4755 3036 4826 γινώσκει
3066 4757 3226 4810 αὑτὸν
3256 4759 3399 4829 μετά

1729 4845 2042 4919 ἀκριϐείας,
2083 4843 2403 4915 βουλόμενος
2451 4841 2762 4908 ἀξιόπιστον
2796 4844 3089 4915 ἐπιστῆσαι
3127 4841 3220 4898 106
3255 4845 3398 4916 πρά-

1729 4948 1940 5004 γματος
1967 4930 2285 4986 διδάσκαλον
2314 4930 2364 4995 ά,
2398 4929 2571 4985 ταῦτα
2614 4930 2683 4984 τὰ
2715 4932 2938 5002 ῥήματα
2988 4929 3262 4994 τέθεικεν,
3311 4933 3398 4986 ίνα

1731 5023 1826 5076 καὶ
1859 5021 1933 5085 ὡς
1964 5019 2077 5091 Υίῷ
2110 5020 2204 5074 καὶ
2237 5019 2314 5083 ὡς
2341 5020 2636 5087 Μονογενεῖ
2664 5019 2760 5072 καὶ
2801 5019 2877 5082 ὡς
2907 5017 3290 5089 ἐνδιατρίϐοντι
3319 5018 3398 5090 τῷ

1733 5109 1916 5180 κόλπῳ
1941 5107 2020 5179 τῷ
2059 5105 2310 5180 πατρικῷ
2343 5108 2473 5178 περὶ
2501 5106 2719 5160 πάντων
2744 5105 3062 5179 πιστεύσῃς,
3099 5107 3192 5159 καὶ
3232 5107 3402 5179 μηδὲν

1731 5199 2046 5272 ἀμιριϐάλῃς
2071 5199 2276 5252 λοιπόν.
2299 5196 2363 5249 Et
2387 5194 2446 5248 δέ
2477 5211 2560 5257 τις
2590 5193 2664 5266 μὴ
2697 5193 3046 5263 φιλονεικοίη,
3086 5194 3218 5266 μηδέ
3249 5196 3399 5253 ἀναιη

1735 5289 1978 5361 σχυντεῖν
2002 5285 2260 5357 βούλοιτο,
2283 5283 2378 5338 καὶ
2402 5281 2494 5336 106
2528 5281 2698 5336 ἀϊδίου
2716 5280 2872 5334 10616
2897 5297 3038 5352 φημι
3062 5277 3200 5335 εἶναι
3224 5300 3399 5354 παρα-

1736 5375 2008 5432 στατικόν.
2037 5375 2247 5445 Ὠσπερ
2274 5371 2384 5444 γάρ
2428 5369 2488 5436 ἐξ
2518 5369 2733 5442 ἐκείνης
2759 5369 2861 5440 τῆς
2895 5371 3104 5442 ρήσεως
3132 5373 3230 5443 τῆς
3262 5373 3399 5443 πρὸς

1734 5467 1826 5521 τὸν
1848 5463 2051 5520 Μωσέα
2071 5461 2376 5533 λεχθείσης,
2412 5458 2554 5530 Ἐγώ
2577 5460 2694 5529 ειμι
2716 5461 2749 5514 ό
2776 5457 2882 5523 ὢν,
2910 5457 2970 5511 16
2995 5458 3163 5513 ἀΐδιον
3194 5461 3399 5531 ἐκλαμο

1735 5554 1989 5625 ϐἀνομεν,
2025 5550 2195 5614 οὕτως
2228 5549 2319 5602 καὶ
2347 5549 2413 5602 ἐκ
2452 5547 2552 5618 τῆς
2587 5547 2799 5618 ρήσεως
2845 5546 3051 5615 ταύτης
3093 5547 3394 5618 λεγούσης,

1745 5645 1802 5697 '0
1823 5642 1908 5696 ὢν
1930 5643 2001 5696 ἐν
2023 5639 2147 5706 τοῖς
2180 5639 2430 5703 κόλποις
2456 5635 2564 5690 τοῦ
2589 5633 2838 5704 Πατρός,
2870 5634 2930 5688 16
2955 5635 3140 5699 ἀϊδίως
3169 5633 3307 5689 εἶναι
3339 5637 3398 5690 ἐν

1734 5733 1847 5796 τοῖς
1876 5729 2096 5792 κόλποις
2130 5727 2225 5781 τοῦ
2273 5723 2420 5799 [477]
2455 5723 2668 5797 Πατρὸς
2700 5723 2925 5778 δυνατὸν
2961 5723 3231 5778 ἐκλαϐεῖν.
3275 5725 3398 5778 Ὅτι

1739 5820 1838 5892 μὲν
1864 5813 1959 5873 οὖν
1986 5819 2056 5889 τῇ
2089 5815 2262 5870 κτίσει
2293 5813 2444 5884 πάσῃ
2475 5811 2856 5884 ἀκαταληπτος
2881 5812 2915 5882 ή
2937 5811 3092 5865 οὐσία
3118 5808 3210 5864 τοῦ
3235 5809 3395 5872 Θεοῦ,

1805 5973 1835 6014 ἆ
1856 5974 1954 6026 Alii
1976 5968 2062 6020 106
2083 5970 2356 6032 πράγματος
2380 5966 2686 6032 διδάσκαλον,
2709 5964 2796 6018 alii
2813 5960 2901 6014 106
2920 5963 3151 6028 δόγματος
3168 5961 3398 6016 διδάσκα-

1742 6040 1842 6093 λον.
1871 6036 1979 6088 Mox
2006 6032 2091 6086 alii
2111 6034 2171 6084 τὰ
2191 6031 2377 6101 ῥήματα
2394 6031 2572 6091 ἔθηκεν.

3530 2085 3540 2102 ι’

3505 2103 3535 2170 Il
