3868 6250
71 409 158 464 733
960 410 1050 466 DE
1088 410 1765 472 lNCOMPREHENSIBlLI
1809 419 1918 474 DEI
1956 390 2258 477 NATURA.
2301 421 2394 478 tv.

69 524 299 595 Spiritum
319 533 556 580 sanctum
573 523 845 581 dumtaxat
862 527 1006 581 illum
1024 529 1421 585 accuratissime
1440 545 1635 599 cogno-

74 615 428 672 scere.Verum
448 632 509 672 ea
530 633 586 673 re
603 618 669 672 ad
688 619 845 673 aliam
867 619 1277 689 disputationem
1296 622 1542 685 remissa,
1572 637 1637 677 ne

68 710 308 764 dictorum
337 710 487 779 copia
519 711 826 765 memoriam
853 710 1240 767 confundamus
1260 755 1275 780 ,
1322 712 1389 767 ad
1427 713 1636 767 solitam

71 799 469 854 exhortationem
508 815 806 855 sermonem
842 809 1230 856 convertamus.
1261 803 1511 871 Quaenam
1551 803 1637 857 illa

74 893 210 945 solita
262 891 603 947 exhortatio?
632 891 695 948 Ut
723 892 937 948 assidue
979 895 1205 949 orationi
1250 905 1431 951 mente
1461 896 1639 950 sobria

72 982 303 1051 vigilique
346 982 524 1036 animo
564 983 949 1038 incumbamus.
995 984 1206 1039 Etenim
1237 1001 1407 1056 nuper
1432 985 1532 1041 hac
1573 986 1641 1040 de

72 1088 121 1127 re
147 1087 232 1128 vos
258 1073 577 1143 alloquutus,
600 1089 787 1131 omnes
825 1076 928 1130 vidi
956 1086 1199 1147 prompto
1225 1079 1403 1133 animo
1437 1094 1639 1133 morem

71 1178 260 1232 gerere.
296 1164 594 1219 Absurdum
639 1181 767 1220 sane
793 1177 972 1233 esset,
1004 1169 1048 1221 si
1075 1177 1196 1222 cum
1243 1170 1518 1239 segniores
1547 1185 1642 1224 vos

75 1253 213 1306 video
243 1252 515 1323 obiurgem
543 1294 559 1320 ,
589 1269 708 1309 cum
736 1270 863 1310 vero
888 1266 1033 1311 recte
1053 1258 1208 1328 agitis
1238 1273 1342 1313 non
1370 1258 1603 1313 laudem.

134 1344 329 1398 Laudat
374 1344 705 1401 Antiocltenos
764 1348 897 1418 quod
944 1346 1146 1402 monitis
1196 1351 1300 1404 suis
1367 1350 1629 1419 obsequuti

73 1439 179 1493 sint.
199 1467 270 1477 -—-
288 1437 530 1492 Laudare
559 1439 717 1508 igitur
744 1455 836 1495 vos
867 1440 1023 1495 hodie
1051 1441 1192 1507 volo,
1223 1442 1525 1513 gratiasque
1545 1458 1641 1497 vo-

72 1530 144 1584 bis
164 1528 305 1584 illius
324 1529 681 1601 obsequentia:
706 1530 959 1586 reddere:
989 1533 1186 1602 gratias
1227 1542 1404 1587 autem
1428 1535 1496 1587 ita
1518 1532 1642 1588 red-

73 1620 245 1675 demus
266 1660 283 1685 ,
316 1621 361 1675 si
386 1637 482 1675 vos
504 1621 870 1686 docuerimus,
897 1638 1001 1693 qua
1038 1624 1105 1679 de
1132 1638 1293 1680 causa
1321 1625 1435 1679 hzec
1473 1626 1644 1679 oratio

71 1722 247 1766 cetera
296 1713 595 1783 praecedat,
636 1723 691 1769 et
733 1729 827 1768 cur
852 1715 1209 1771 daemoniacos
1250 1718 1301 1782 ί,
1347 1730 1412 1770 ac
1460 1726 1641 1771 mente

72 1812 241 1872 captos
263 1812 390 1859 tunc
407 1804 668 1859 Diaconus
688 1805 863 1860 induci
887 1816 961 1870 ,et
979 1806 1147 1876 capita
1174 1808 1429 1863 inclinare
1439 1807 1642 1877 jubeat.

69 1895 168 1947 Cur
189 1910 321 1965 ergo
342 1899 419 1951 sic
442 1898 581 1967 agit?
605 1896 741 1951 Mala
766 1898 1044 1968 gravisque
1074 1908 1260 1953 catena
1305 1908 1389 1954 est
1431 1900 1647 1970 agitatio

70 1986 362 2040 dminonum
387 2005 401 2052 ;
429 1997 637 2054 catena,
667 1990 880 2058 inquatn
900 2028 916 2054 ,
945 1990 1086 2044 ferro
1114 1991 1356 2046 validior.
1382 1991 1648 2059 Quemad-

78 2082 283 2135 modum
316 2081 472 2150 igitur
486 2080 665 2149 judice
689 2082 985 2151 prodituro,
1016 2092 1072 2136 ut
1094 2083 1146 2136 in
1166 2083 1378 2139 excelso
1400 2084 1647 2139 tribunali

68 2174 262 2240 sedeat,
286 2174 519 2229 carceris
542 2173 791 2229 custodes
829 2174 1075 2231 delentes
1098 2191 1283 2232 omnes
1307 2176 1528 2232 eductos
1546 2176 1646 2232 do-

67 2266 254 2321 micilio
295 2274 422 2320 ante
463 2265 728 2320 cancellos
768 2275 823 2321 et
862 2266 1137 2322 tribunalis
1186 2269 1303 2322 vela
1343 2268 1645 2334 collocant,

70 2358 358 2428 squalidos,
377 2358 669 2423 sordentes,
698 2359 867 2429 passis
887 2359 1090 2429 capillis
1108 2401 1123 2426 ,
1149 2359 1331 2414 scissis
1349 2359 1538 2429 pannis
1564 2359 1649 2413 in-

71 2450 253 2513 dutos;
287 2449 359 2502 ita
386 2449 569 2505 Patres
590 2449 885 2505 faciendum
913 2458 1246 2517 statuerunt,
1270 2449 1483 2520 quando
1510 2450 1652 2504 futu-

67 2556 175 2595 rum
201 2549 287 2596 est
308 2550 370 2596 ut
392 2541 632 2596 Christus
654 2556 750 2596 ceu
781 2543 831 2596 in
862 2542 1075 2597 excelso
1098 2542 1345 2596 tribunali
1367 2542 1570 2609 sedeat,
1595 2542 1649 2597 in

65 2631 291 2702 ipsisque
323 2632 589 2702 mysteriis
629 2641 919 2702 appareat,
952 2642 1010 2687 ut
1051 2634 1254 2688 scilicet
1296 2634 1648 2701 daemoniaci,

64 2724 203 2791 quasi
232 2723 403 2777 vincti
435 2721 647 2792 quidam
674 2723 1009 2791 inducantur,
1040 2741 1144 2779 non
1174 2734 1230 2778 ut
1261 2741 1417 2795 ptena
1443 2726 1649 2796 suppli-

70 2814 251 2884 cioque
299 2812 629 2879 afficiantur,
660 2814 755 2869 sed
784 2824 839 2869 ut
882 2817 1077 2885 populo
1114 2817 1350 2886 urbeque
1377 2826 1484 2872 tota
1511 2818 1667 2872 intus

66 2912 325 2973 praesente
352 2918 661 2960 communes
688 2907 1098 2976 supplicationes
1128 2907 1316 2962 tierent
1341 2948 1357 2974 ,
1404 2910 1654 2965 omnibus

64 2998 236 3052 animo
273 3013 384 3053 uno
410 3014 746 3057 communem
771 3002 1050 3057 Dominum
1097 3003 1307 3058 illorum
1334 3005 1502 3075 gratia
1535 3021 1652 3075 pre-

63 3094 304 3147 cantibus
328 3134 346 3159 ,
375 3109 667 3164 magnaque
692 3109 820 3149 voce
845 3096 1261 3152 misericordiam
1290 3098 1649 3167 poscentibus.

138 3184 192 3239 5.
244 3185 431 3241 Talem
456 3186 618 3254 igitur
641 3187 935 3242 orationem
957 3188 1263 3244 deserentes
1289 3189 1647 3260 increpabam,

64 3277 147 3344 qui
177 3276 270 3330 illo
297 3286 542 3347 tempore
569 3276 699 3333 foris
722 3278 1088 3333 Versabantur.
1114 3279 1265 3334 Nunc
1287 3294 1380 3335 eos
1398 3280 1485 3351 qui
1514 3281 1654 3335 intus

65 3380 281 3424 manent
313 3370 557 3426 incusare
584 3371 739 3437 volo;
771 3386 879 3426 non
907 3372 1049 3443 quod
1076 3381 1358 3438 maneant,
1386 3372 1479 3428 sed
1511 3373 1654 3444 quod

63 3459 202 3514 intus
234 3459 398 3529 positi
424 3460 593 3516 nihilo
616 3461 827 3526 melius,
856 3477 1015 3531 quam
1047 3462 1083 3516 ii
1107 3463 1193 3533 qui
1221 3463 1436 3530 absunt,
1470 3478 1530 3519 se
1555 3464 1654 3518 ha-

69 3550 266 3617 beant,
302 3550 431 3606 dum
480 3551 747 3607 horrendo
776 3552 868 3607 illo
908 3564 1144 3624 tempore
1171 3564 1358 3608 mutuo
1395 3553 1654 3609 confabu~

66 3644 260 3698 lantur.
295 3640 435 3712 Quid
465 3645 577 3714 agis
602 3685 617 3710 ,
665 3660 698 3699 ο
724 3645 924 3699 homo?
950 3644 1051 3700 'l‘ot
1079 3661 1144 3701 ex
1176 3644 1398 3700 fratrum
1443 3655 1650 3699 tuorum

61 3752 289 3791 numero
326 3737 532 3791 vinctos
559 3752 722 3807 prope
750 3737 925 3791 cernis
948 3778 965 3804 ,
992 3748 1045 3791 et
1070 3747 1125 3792 tu
1154 3737 1221 3791 de
1246 3738 1404 3791 rebus
1430 3736 1560 3790 nihil
1587 3735 1655 3791 ad

62 3838 114 3883 te
142 3830 537 3900 pertinentibus
560 3829 848 3885 fabularis?
880 3831 958 3885 An
986 3830 1067 3885 vel
1091 3833 1201 3899 ipse
1224 3829 1370 3884 solus
1394 3832 1469 3885 rei
1496 3845 1655 3899 aspe-

64 3930 177 3975 ctus
208 3922 322 3976 non
353 3929 404 3975 te
434 3930 607 3990 potest
630 3920 900 3975 deterrere
925 3928 979 3974 et
998 3919 1067 3974 ad
1095 3919 1511 3974 misericordiam
1536 3933 1655 3989 per-

62 4014 313 4069 trahere?
344 4014 534 4069 Frater
564 4022 683 4068 tuus
708 4014 759 4068 in
781 4013 1025 4078 vinculis,
1054 4022 1107 4067 et
1131 4021 1184 4067 tu
1213 4012 1266 4066 in
1287 4012 1511 4083 segnitie
1536 4027 1658 4066 ver-

61 4109 240 4163 Saris?
271 4107 414 4174 Qua,
442 4121 641 4177 quaeso,
667 4106 818 4161 venia
844 4105 1031 4177 dignus
1061 4106 1186 4170 eris,
1217 4105 1294 4159 sic
1318 4105 1653 4169 inhumanus,

59 4198 483 4264 immisericors,
514 4196 716 4251 durus?
744 4199 932 4251 Annon
954 4196 1108 4251 times
1139 4211 1205 4251 ne
1241 4206 1292 4251 te
1315 4193 1658 4251 confabulan-

59 4299 189 4356 tem,
216 4289 463 4360 segniter
483 4296 747 4359 agentem,
770 4288 1145 4359 negligentem,
1168 4287 1374 4342 daamon
1394 4288 1654 4357 quispiam

59 4381 185 4437 inde
210 4382 495 4445 assiliens,
513 4390 786 4436 vacantem
804 4382 1085 4451 scopisque
1105 4380 1407 4435 mundatam
1424 4382 1654 4435 animam

59 4483 206 4528 tuam
237 4474 405 4530 facile
431 4474 680 4540 invadat,
714 4482 946 4529 reserata
989 4473 1151 4528 domo
1178 4474 1421 4543 reperta?
1464 4475 1655 4528 Annon

58 4575 343 4635 Oporteret
362 4581 549 4621 omnes
570 4567 659 4620 illo
679 4576 917 4636 tempore
938 4567 1197 4637 lacrymas
1216 4564 1485 4620 effundere
1507 4606 1521 4627 ,
1547 4580 1659 4619 ma-

61 4660 317 4714 dentibus
338 4672 459 4715 esse
478 4658 667 4725 oculis,
691 4656 845 4712 ﬂetus
863 4658 1193 4728 gemitusque
1226 4672 1320 4727 per
1358 4656 1647 4712 Ecclesiam

61 4753 276 4808 audiri?
303 4753 432 4807 Post
458 4751 830 4823 mysteriorum
851 4752 1296 4813 communionem,
1324 4759 1442 4820 post
1464 4749 1658 4804 lavacri

62 4846 298 4900 fructum
325 4885 344 4910 ,
376 4854 494 4914 post
522 4845 706 4898 initam
750 4858 870 4898 cum
898 4842 1109 4898 Christo
1133 4843 1435 4897 societatem
1460 4882 1476 4908 ,
1505 4843 1659 4912 lupus

62 4938 147 4993 ille
174 4939 363 5009 potuit
386 4953 450 4993 ex
489 4937 611 4992 ovili
635 4952 801 5009 agnos
828 4951 1036 5006 rapere,
1066 4943 1123 4990 et
1141 4950 1301 5004 penes
1323 4950 1381 4989 se
1407 4934 1655 4997 retinere;

68 5041 118 5083 tu
149 5047 286 5086 vero
317 5039 528 5085 tantam
556 5045 782 5085 cernens
804 5029 1157 5084 calamitatem
1189 5042 1295 5082 non
1319 5025 1659 5097 lacrymaris?

62 5124 178 5189 Quo
204 5133 375 5194 pacto
397 5122 509 5177 haec
535 5122 737 5192 possint
756 5120 1038 5176 excusari?
1059 5119 1172 5174 Non
1196 5120 1277 5173 vis
1296 5117 1470 5172 fratris
1489 5116 1660 5171 vicem

60 5217 295 5272 dolere?
332 5214 536 5270 Saltem
578 5229 673 5284 pro
711 5222 762 5268 te
786 5221 966 5268 metue
989 5222 1043 5267 et
1071 5209 1458 5280 expergiscere.
1497 5207 1552 5264 Si
1576 5207 1661 5262 vi-

62 5310 168 5363 cini
198 5309 279 5363 tui
311 5307 536 5362 domum
564 5305 889 5375 conﬂagrare
917 5304 1126 5358 videres
1150 5343 1165 5369 ,
1209 5300 1414 5357 etiarnsi
1456 5300 1503 5354 is
1539 5315 1659 5354 ont-

62 5406 209 5458 nium
238 5402 341 5458 tibi
375 5401 767 5456 inimicissimus
804 5414 945 5455 esset
967 5440 981 5464 ,
1008 5413 1183 5452 annon
1210 5409 1517 5451 accurreres
1539 5434 1554 5460 ,
1601 5403 1658 5446 ut

62 5497 385 5552 incendium
410 5494 766 5565 restingueres
830 5493 1031 5547 veritus
1060 5505 1125 5546 ne
1153 5487 1450 5544 incendium
1483 5484 1663 5555 paula-

64 5593 158 5644 tim
190 5602 431 5658 serpens
455 5585 605 5643 fores
638 5594 756 5641 tuas
796 5583 1103 5639 invaderet?
1134 5582 1362 5650 ldipsum
1389 5580 1439 5633 in
1465 5577 1662 5632 daemo-

63 5684 237 5738 niacis
269 5679 457 5749 cogita
476 5720 491 5742 ,
520 5694 641 5733 nam
668 5678 966 5732 dzemonum
997 5674 1212 5747 agitatio
1240 5688 1336 5728 ceu
1363 5668 1662 5725 incendium

127 5802 145 5832 ί
184 5806 258 5847 De
279 5795 639 5857 energumenis
657 5802 707 5844 et
723 5792 1034 5857 dzemoniacis
1050 5788 1382 5857 in__Ecclesiam
1410 5785 1662 5857 mysterio-

64 5875 171 5908 rum
196 5847 667 5920 temporéinductis
687 5869 715 5905 a
750 5857 954 5920 Diacono
990 5852 1206 5913 pluribus
1226 5862 1444 5915 agemus,
1463 5847 1559 5898 ubi
1596 5847 1661 5895 de

66 5919 263 5988 titurgia
290 5918 351 5974 et.
375 5919 704 5971 celebratione
726 5918 1079 5973 mysteriorum.

3206 427 3319 480 73-h

1742 535 2005 605 quoddam
2035 538 2316 593 exitiosum
2349 550 2447 595 est.
2476 540 2617 596 Cave
2660 556 2787 611 ergo
2816 557 2883 596 ne
2923 541 3134 597 daemon
3186 547 3322 597 ultra

1743 639 2056 698 progressus
2077 630 2307 684 animam
2336 630 2547 685 invadat
2572 641 2712 686 luam
2734 650 2747 684 ε
2771 648 2831 687 ac
2856 648 2976 687 cum
3007 642 3323 702 praesentem

1741 716 1937 787 videris
1964 759 1979 783 ,
2005 719 2286 790 diligenter
2325 721 2391 775 ad
2438 722 2717 776 Dominum
2755 723 3062 793 confugias:
3107 731 3165 778 ιιι
3204 738 3324 777 cmn

1742 808 1950 863 dmmon
1979 818 2032 865 te
2058 812 2236 865 animo
2260 811 2483 867 ferventi
2512 815 2846 884 excimtoque
2871 814 3062 870 viderit
3080 857 3094 881 ,
3124 815 3325 876 nullum

1743 903 1842 957 sibi
1876 904 2016 973 apud
2049 913 2100 959 te
2131 906 2329 960 aditum
2357 922 2475 962 esse
2516 908 2793 977 intelligat.
2834 908 2889 963 Si
2925 909 3065 963 enim
3104 919 3156 964 te
3185 909 3327 964 osci-

1716 1006 1943 1051 .tantem
1986 1007 2039 1077 et
2067 1013 2284 1068 segnem
2326 999 2555 1063 viderit,
2599 1009 2657 1054 ut
2680 1000 3328 1055 desertum-diversorium

1745 1086 1989 1154 invadet;
2020 1089 2100 1144 sin
2127 1089 2430 1160 vigilan'em
2456 1100 2510 1145 et
2538 1091 2818 1155 intentum,
2846 1090 3091 1158 cmlicque
3119 1090 3321 1143 lueren-

1747 1187 1873 1245 tem,
1904 1196 1970 1235 ne
1996 1181 2189 1235 intueri
2210 1180 2423 1250 quidem
2448 1181 2680 1236 audebit.
2704 1180 2885 1250 Itaque
2910 1180 2955 1234 si
2985 1180 3197 1234 fratrem
3226 1194 3330 1232 nott

1744 1286 1938 1337 curas,
1985 1272 2172 1328 saltem
2228 1273 2318 1327 tibi
2341 1273 2558 1328 consule
2588 1314 2603 1337 ,
2648 1272 2947 1342 animmque
2992 1280 3095 1325 ture
3134 1270 3331 1323 aditum

1745 1363 1976 1432 maligno
1995 1362 2226 1418 dremoni
2252 1364 2491 1420 occlude.
2516 1364 2655 1419 Nihil
2677 1373 2852 1423 autem
2879 1362 3099 1433 perinde
3128 1362 3223 1432 ipsi
3253 1362 3334 1415 in-

1745 1468 1986 1522 gressum
2013 1455 2080 1509 ad
2114 1470 2212 1510 nos
2241 1455 2525 1511 occludere
2553 1457 2709 1522 solet,
2743 1463 2901 1523 atque
2926 1454 3097 1509 oratio
3119 1463 3172 1509 et
3198 1468 3327 1521 sup-

1747 1544 1957 1613 plicatio
1978 1544 2209 1599 assidua.
2241 1544 2370 1599 Nam
2398 1545 2539 1616 quod
2569 1546 2829 1599 Diaconus
2853 1544 3099 1599 omnibus
3144 1543 3334 1612 pratci-

1747 1635 1856 1704 piat
1881 1634 1963 1690 his
1986 1637 2196 1691 verbis:
2227 1636 2395 1691 Erecti
2420 1645 2605 1691 stemus
2630 1636 2778 1707 probe
2804 1634 3087 1707 (Liturgiae
3118 1632 3264 1688 verba
3286 1630 3330 1704 ),

1748 1741 1852 1781 non
1882 1724 2080 1780 frustra
2110 1734 2414 1797 temereque
2443 1735 2696 1780 statutum
2724 1734 2802 1780 est
2822 1741 2839 1793 ;
2863 1724 2957 1779 sed
2986 1734 3045 1778 ut
3072 1722 3217 1777 humi
3245 1736 3335 1776 rc-

1748 1825 1933 1887 pentes
1959 1818 2306 1887 cogitationes
2327 1818 2613 1887 erigamus,
2636 1825 2797 1886 utque
2821 1816 3099 1885 segnitiem
3127 1813 3339 1867 saecula.

1757 1909 1905 1963 ribus
1930 1909 2072 1963 curis
2101 1917 2303 1979 partam
2325 1910 2598 1978 ejicientes
2617 1950 2632 1973 ,
2665 1916 2865 1963 rectam
2890 1922 3068 1961 coram
3095 1906 3203 1959 Deo
3227 1904 3339 1956 ani-

1749 2015 1890 2055 mam
1938 2009 2173 2054 nostram
2221 2008 2455 2056 statuere
2500 2000 2785 2069 possimus.
2826 1997 2977 2065 Quod
3015 2006 3192 2051 autem
3240 1995 3340 2050 hoc

1749 2106 1932 2146 verum
1965 2091 2052 2154 sit,
2080 2089 2326 2161 quodque
2350 2106 2456 2143 non
2482 2104 2677 2159 corpus
2704 2090 2819 2144 haec
2842 2088 3000 2143 verba
3028 2086 3339 2158 respiciant,

1750 2183 1842 2238 sed
1866 2184 2096 2236 animam
2118 2197 2274 2252 quam
2296 2183 2500 2252 erigere
2514 2181 2784 2251 jubemur,
2806 2180 3082 2235 audiamus
3098 2177 3339 2242 Paulum,

1755 2276 1944 2331 eodem
1985 2274 2144 2330 modo
2186 2275 2272 2328 illa
2303 2274 2551 2344 loquendi
2581 2273 2803 2328 formula
2835 2288 3010 2327 usum.
3038 2270 3172 2326 Cum
3200 2270 3340 2324 enim

1754 2367 1920 2438 lapsis
1960 2378 2011 2423 et
2056 2383 2409 2423 :rrumnarnm
2450 2367 2589 2420 mole
2615 2380 2751 2435 pene
2779 2362 3183 2433 desperantibus
3212 2361 3340 2416 scri«

1752 2459 1904 2514 heret
1923 2500 1938 2525 ,
1969 2459 2179 2513 dicebat
2211 2476 2224 2511 :
2256 2457 2462 2513 Solutus
2502 2473 2681 2509 manus
2708 2466 2754 2509 et
2774 2454 2940 2509 soluta
2960 2470 3121 2524 genua
3166 2452 3340 2522 erigite

1753 2549 2206 2622 (Heb.l2.12).
2248 2553 2328 2603 An
2371 2548 2662 2603 dixerimus
2706 2547 2853 2601 illum
2895 2545 2961 2600 de
3001 2543 3243 2599 manibus
3288 2551 3341 2597 et

1753 2643 1975 2714 genibus
2000 2641 2271 2712 corporeis
2295 2640 2471 2711 loqui?
2497 2638 2712 2694 Minime
2753 2656 2775 2692 :<
2797 2652 2968 2707 neque
2998 2636 3137 2690 enim
3166 2634 3340 2688 homi-

1754 2749 1851 2788 nes
1880 2733 2062 2787 cursui
2110 2743 2164 2787 et
2212 2730 2588 2795 certaminibus
2616 2728 2825 2783 deditos
2867 2728 3192 2796 alloquitur,
3246 2725 3340 2779 sed

1753 2826 1897 2879 vires
1921 2824 2298 2893 cogitationum
2331 2837 2359 2875 a
2385 2819 2763 2876 tentationihus
2789 2826 3082 2889 prostratas
3109 2816 3192 2871 his
3219 2831 3340 2870 ver-

1754 2914 1837 2969 bis
1858 2915 2091 2971 excitare
2117 2913 2282 2983 jubet.
2312 2912 2495 2982 Cogita
2530 2910 2615 2966 cui
2645 2910 2886 2980 proxime
2909 2907 3106 2973 adstes,
3136 2922 3198 2961 ac
3227 2908 3340 2977 qui-

1754 3008 1975 3063 buscum
2008 3007 2174 3061 Deum
2199 3005 2536 3060 invocaturus
2556 3003 2647 3067 sis,
2671 3001 2871 3056 scilicet
2895 3016 3013 3056 cum
3034 2998 3339 3055 Cherubim.

1754 3098 2133 3153 Animadverte
2163 3113 2296 3167 quos
2338 3096 2534 3150 habeas
2576 3094 2749 3149 socios
2768 3134 2782 3157 ,
2812 3092 2970 3162 idque
3000 3090 3091 3146 tibi
3113 3090 3180 3145 ad
3209 3090 3340 3160 vigi-

1755 3191 1971 3246 lantiam
2016 3191 2146 3246 satis
2173 3191 2309 3257 erit,
2342 3204 2463 3244 eum
2493 3198 2667 3243 tecum
2713 3186 3040 3256 reputaveris
3083 3193 3137 3240 te
3180 3174 3351 3240 carne?

1754 3285 1995 3340 indutum
2012 3292 2066 3339 et
2084 3298 2307 3355 corpore
2323 3298 2442 3337 eum
2467 3283 2793 3351 incorporeis
2811 3280 3093 3335 virtutibus
3112 3279 3175 3333 ad
3194 3292 3340 3333 (om-

1760 3392 1975 3431 munem
1998 3375 2276 3429 Dominum
2292 3372 2666 3429 celebrandum
2688 3371 2913 3427 adscribi
2931 3370 3154 3441 dignari.
3173 3367 3343 3423 Nemo

1755 3467 1918 3537 igitur
1952 3467 2129 3521 animo
2167 3464 2403 3520 resoluto
2432 3478 2611 3533 sacras
2636 3460 2754 3518 illas
2783 3470 2835 3517 et
2863 3461 3115 3531 mysticas
3158 3458 3343 3513 laudes

1757 3557 1948 3624 adeat;
1978 3572 2139 3612 nemo
2176 3556 2461 3610 smculares
2489 3564 2614 3608 tunc
2640 3553 2894 3621 temporis
2917 3551 3262 3621 cogitationes
3288 3550 3339 3605 in

1757 3658 1935 3705 mente
1958 3656 2172 3702 verset:
2204 3647 2300 3701 sed
2332 3647 2560 3701 terrenis
2588 3644 2834 3699 omnibus
2863 3643 3116 3713 expulsis,
3155 3642 3206 3697 in
3233 3657 3341 3697 e'c-

1756 3740 1865 3795 lutn
1893 3755 1952 3795 se
1977 3747 2143 3794 totum
2175 3736 2475 3803 transferat,
2505 3751 2569 3792 ac
2591 3734 2741 3805 quasi
2766 3733 2834 3788 ad
2861 3734 3111 3788 thronum
3151 3732 3336 3803 glorizn

1756 3829 2003 3885 admotus
2023 3867 2038 3894 ,
2070 3843 2189 3884 cum
2219 3826 2498 3896 Serapltim
2547 3826 2790 3890 volaret,
2831 3823 2909 3877 sic
2945 3822 3339 3876 sanctissimum

1758 3922 2013 3994 hymnum
2072 3918 2353 3990 magnifico
2409 3915 2899 3989 gloriosissimoque
2947 3914 3055 3967 Deo
3112 3913 3337 3967 emittat.

1758 4020 1881 4076 Ideo
1908 4029 2032 4074 tunc
2061 4019 2313 4089 temporis
2336 4018 2501 4087 probe
2524 4027 2666 4073 stare
2687 4015 2955 4086 jubemur.
2980 4012 3153 4068 Probe
3194 4023 3343 4063 nam-

1758 4127 1865 4181 que
1895 4120 2036 4166 stare
2067 4111 2196 4164 nihil
2243 4109 2385 4163 aliud
2430 4115 2550 4176 est,
2583 4123 2741 4178 quam
2770 4107 2841 4161 ita
2868 4114 3010 4160 stare
3032 4144 3048 4169 ,
3091 4111 3149 4156 ut
3185 4100 3340 4155 decet

1759 4202 2029 4258 hominem
2054 4202 2266 4257 adstare
2313 4201 2454 4256 Deo:
2497 4214 2692 4268 nempe
2721 4213 2842 4253 cum
2892 4196 3115 4250 horrore
3151 4201 3206 4247 et
3232 4202 3340 4245 tre-

1758 4310 1929 4362 more,
1960 4309 2078 4349 cum
2100 4295 2278 4347 animo
2307 4292 2446 4363 vigili
2474 4300 2528 4347 et
2552 4290 2811 4360 diligenti.
2839 4288 2971 4343 Nam
3001 4288 3102 4341 hoc
3129 4299 3339 4355 quoque

1759 4386 1957 4441 dictum
1987 4386 2053 4439 ad
2077 4386 2307 4439 animam
2352 4383 2628 4453 pertinere
2654 4381 2851 4436 Paulus
2881 4393 3089 4433 rursum
3129 4373 3334 4445 signiti-

1758 4477 1895 4531 cavit
1919 4475 2001 4530 his
2024 4475 2219 4537 verbis,
2243 4474 2331 4529 Sic
2347 4484 2475 4529 state
2498 4474 2550 4526 in
2568 4467 3338 4539 Domino,cnrissimi(Philipp.

1759 4570 1813 4624 4.
1844 4569 1931 4638 1).
1971 4566 2425 4635 Quemadmodum
2455 4565 2595 4619 enim
2632 4563 2935 4637 sagittarius
2978 4563 3021 4615 si
3050 4570 3196 4615 recte
3239 4559 3338 4613 tela

1759 4659 1981 4715 fundere
2012 4658 2157 4725 velit,
2191 4658 2361 4728 primo
2388 4656 2607 4728 gradum
2633 4655 3021 4724 stationemque
3056 4658 3343 4720 componat
3390 4674 3394 4679 λ

1760 4760 2005 4823 oportet:
2030 4750 2222 4805 deinde
2250 4765 2280 4803 e
2308 4750 2521 4820 regione
2546 4747 2691 4817 scepi
2710 4746 2990 4815 diligenter
3010 4745 3209 4813 positus
3240 4742 3339 4796 tela

1756 4844 1938 4912 jacere
1980 4842 2200 4906 nititur;
2229 4841 2306 4896 sic
2334 4851 2387 4896 et
2429 4850 2482 4893 tu
2508 4840 2754 4894 infestum
2785 4836 2979 4892 diaboli
3024 4844 3181 4904 caput
3225 4832 3346 4887 telis

1762 4936 2099 5005 itnpetiturus
2124 4974 2140 5001 ,
2185 4933 2563 5003 cogitationum
2613 4940 2807 4985 statum
2853 4928 3025 4998 primo
3063 4940 3255 4990 cures,
3287 4931 3348 4978 ut

1762 5040 1967 5084 rectum
1993 5028 2111 5081 sine
2135 5026 2286 5081 obice
2310 5024 2534 5095 gradum
2573 5031 2813 5078 statuens
2836 5060 2852 5087 ,
2882 5017 3047 5090 probe
3072 5022 3255 5093 contra
3283 5013 3346 5068 il-

1761 5121 1871 5177 lum
1898 5119 1999 5177 tela
2027 5120 2256 5176 emittas.

1835 5237 1889 5293 6.
1918 5235 2298 5305 Marsupiorum
2324 5239 2537 5286 sectores
2572 5227 2624 5282 in
2654 5222 3056 5281 concione—Et
3078 5220 3194 5276 haec
3226 5220 3365 5289 quia

1764 5332 1887 5389 dem
1923 5331 1993 5385 de
2016 5329 2279 5384 oratione.
2328 5324 2460 5391 Quia
2503 5337 2632 5377 vero
2684 5328 2875 5387 prseter
2921 5314 3198 5385 segnitiem
3240 5315 3255 5345 ¹
3288 5312 3343 5366 in

1767 5425 1970 5481 orando
1997 5421 2139 5478 aliud
2163 5418 2431 5490 quidpiam
2459 5411 2746 5469 admodum
2775 5408 3125 5480 perniciosum
3157 5403 3341 5459 diaho-

1766 5519 1847 5573 lus
1875 5502 2218 5586 excogitavit,
2248 5510 2335 5564 hic
2361 5522 2572 5578 quoque
2607 5503 2782 5558 aditus
2807 5500 2906 5571 ipsi
2940 5494 3338 5567 praecludendus

1766 5620 1879 5666 est-
1898 5609 2033 5677 Quid
2060 5620 2187 5675 ergo
2212 5603 2335 5659 mali
2363 5600 2696 5656 machinatus
2721 5604 2802 5651 est
2819 5591 3089 5663 improbus
3118 5590 3209 5643 ille
3231 5588 3339 5642 dae-

1768 5702 1935 5759 mon?
1966 5701 2069 5755 Vos
2097 5711 2320 5753 cernens
2341 5706 2605 5763 tamquam
2628 5705 2735 5745 uno
2759 5701 2984 5757 corpore
3012 5690 3361 5752 compactos,

1836 5880 1851 5911 ³
1886 5885 1985 5928 Duo
2027 5875 2227 5932 habent,
2268 5876 2443 5937 prwter
2483 5878 2676 5919 sacrum
2712 5859 2961 5936 gaudium.
