3926 6252
71 416 310 486 καθάπερ
329 414 390 469 ἓν
412 414 573 486 σῶμα
600 413 1084 486 συνεσφιγμένους,
1114 417 1209 471 καὶ
1235 417 1374 487 μετά
1403 417 1607 489 πολλῆς
1621 418 1721 488 τῆς

67 502 341 577 ἀκριϐείας
363 506 480 568 τοῖς
504 504 817 575 λεγομένοις
845 503 1323 575 προσηλωμένους,
1344 505 1592 561 καθεῖναι
1621 507 1723 578 μέν

67 610 203 655 τινας
234 591 348 644 τῶν
381 591 550 646 αὐτοῦ
574 592 837 645 διακόνων
861 591 990 654 τοὺς
1021 591 1112 645 διὰ
1135 593 1445 663 συμϐουλῆς
1475 596 1567 648 καὶ
1588 612 1724 669 παρ-

66 680 309 743 αινέσεως
346 679 653 744 ἀπάξοντας
688 680 833 749 ὑμᾶς
867 679 969 749 τῆς
1002 681 1320 751 ἀκροάσεως
1361 684 1462 736 οὐκ
1490 683 1721 756 ἐτόλμη-

67 783 145 819 σεν
162 783 176 794 ·
210 765 326 836 ᾔδει
350 766 461 838 γάρ
488 768 564 829 ῶς
591 766 765 827 οὐδεὶς
791 765 946 836 ὑμῶν
971 766 1221 832 ἀνέξεται
1246 767 1356 821 τῶν
1384 770 1556 823 ταῦτα
1584 788 1721 843 συμ-

64 853 432 908 ϐουλευόντων·
455 854 661 927 λῃστὰς
686 853 743 906 δέ
770 870 925 917 τινας
943 856 1035 908 καὶ
1072 855 1525 928 βαλαντιοτόμους
1553 861 1721 928 ἐγκα-

60 940 279 1009 ταμίξας
305 942 384 1013 τῷ
420 942 635 1013 πλήθει,
669 941 1050 1012 παρεσκεύασε
1084 943 1237 1014 παρά
1264 943 1489 998 πολλῶν
1513 947 1713 1003 πολλά-

61 1047 134 1091 κις
178 1029 291 1082 τῶν
343 1028 578 1083 ἐνταῦθα
633 1028 1043 1101 συλλεγομένων
1094 1032 1337 1102 χρυσίον,
1386 1034 1523 1107 ὅπερ
1573 1032 1717 1108 εἰχον

59 1118 455 1188 ἀποδεδεμένον,
528 1117 856 1187 ὑφελέσθαι’
923 1119 1020 1171 καὶ
1072 1119 1235 1173 τοῦτο
1295 1120 1556 1188 πολλάκις
1620 1127 1715 1182 καὶ

58 1206 136 1258 ἐπὶ
159 1204 369 1258 πολλῶν
389 1204 623 1258 ἐνταῦθα
647 1204 868 1277 συνέϐη.
895 1207 991 1260 Ἴν’
1017 1202 1110 1261 οὖν
1136 1208 1270 1279 μηδὲ
1295 1209 1452 1264 τοῦτο
1472 1213 1712 1285 γίνηται,

60 1294 175 1365 μηδὲ
211 1292 315 1364 τὴν
343 1292 473 1363 περί
505 1293 605 1363 τὴν
642 1296 904 1364 ἀκρόασιν
947 1295 1258 1366 προθυμίαν
1288 1299 1322 1370 ἡ
1356 1299 1465 1353 τῶν
1499 1303 1717 1373 χρημά-

54 1398 146 1433 των
172 1380 348 1450 ζημία
376 1380 687 1452 κατασϐέσῃ
714 1381 793 1448 τῷ
820 1382 1017 1455 χρόνῳ,
1047 1384 1257 1438 πολλῶν
1287 1385 1447 1441 τοῦτο
1478 1389 1716 1461 πασχόν-

52 1486 163 1529 των,
192 1469 453 1539 ¹κταραινῶ
475 1468 570 1522 καὶ
596 1470 948 1541 συμϐουλεύω
976 1473 1142 1528 πᾶσιν
1165 1474 1314 1545 ὑμῖν,
1350 1475 1554 1547 μηδένα
1581 1495 1715 1551 χρυ-

52 1557 151 1608 σίον
189 1556 597 1628 ἐπιφερόμενον
630 1559 831 1612 ἐσιέναι
861 1560 1117 1624 ἐνταῦθα,
1160 1560 1300 1616 ῶστε
1332 1564 1407 1636 μὴ
1440 1565 1539 1636 τὴν
1573 1567 1713 1639 ὑμε-

48 1646 196 1715 τέραν
226 1647 489 1716 σπουδὴν,
525 1645 625 1717 τὴν
658 1647 787 1718 περὶ
809 1648 908 1718 τὴν
932 1649 1217 1720 ἀκρόασιν,
1246 1652 1455 1720 ἐφόδιον
1484 1655 1714 1721 ἐκείνοις

47 1732 287 1799 γενέσθαι
322 1734 422 1803 τῆς
460 1734 819 1803 κακουργίας,
864 1736 999 1806 μηδέ
1034 1737 1132 1808 τὴν
1159 1739 1355 1810 ἡδονὴν
1401 1739 1499 1814 τὴν
1525 1744 1590 1797 ἐκ
1612 1744 1713 1816 τῆς

45 1822 263 1878 ἐνταῦθα
294 1823 585 1895 διατριϐῆς
614 1824 971 1896 ἐγγινομένην
1000 1827 1151 1897 ὑμῖν,
1180 1830 1247 1899 τῇ
1275 1828 1386 1884 τῶν
1414 1833 1714 1904 χρημάτων

44 1910 433 1983 ἀμαυρωθῆναι
462 1912 638 1983 κλοπῇ
667 1913 764 1982 (α).
796 1914 904 1967 Καὶ
926 1913 1036 1985 γὰρ
1059 1917 1088 1969 ὁ
1112 1915 1359 1982 διάϐολος
1392 1919 1549 1975 τοῦτο
1582 1939 1715 1977 κατ-

45 2000 357 2065 εσκεύασεν,
379 2001 476 2070 οὐχ
498 2001 585 2054 ἴνα
608 2001 753 2071 ὑμᾶς
773 2004 1130 2075 πενεστέρους
1144 2005 1469 2078 ἐργάσηται,
1488 2009 1603 2063 ἀλλ’
1626 2011 1714 2065 ἴνα

43 2092 69 2157 ἠ
97 2089 199 2140 τῶν
234 2089 547 2159 χρημάτων
581 2088 847 2156 ἀπώλεια,
887 2092 968 2155 εἰς
996 2092 1188 2163 ἀηδίαν
1222 2095 1368 2165 ὑμᾶς
1401 2097 1714 2167 ἐμϐαλοῦσα

43 2176 252 2245 πολλὴν,
281 2176 387 2247 τῆς
408 2176 719 2247 προθυμίας
739 2180 1006 2253 ἀπαγάγῃ
1023 2181 1126 2251 τῆς
1153 2183 1282 2253 περὶ
1300 2183 1399 2255 τὴν
1424 2186 1709 2257 ἀκρόασιν.

50 2266 189 2319 Ἐπεὶ
210 2266 318 2319 καὶ
350 2266 443 2320 τὸν
481 2265 601 2319 ἰὼϐ
625 2266 736 2320 τῶν
763 2284 867 2338 χρη
878 2271 1060 2339 μάτων
1090 2269 1407 2342 ἐγύμνωσεν
1434 2274 1709 2344 ἁπάντων,

39 2354 122 2424 οὐχ
155 2355 244 2409 ἵνα
298 2354 630 2426 πενέστερον
672 2355 999 2427 ἐργάσηται,
1049 2359 1164 2412 ἀλλ’
1195 2359 1282 2413 ἵνα
1320 2363 1583 2436 γυμνὼσῃ
1614 2365 1714 2437 τῆς

39 2440 336 2505 εὐσεϐείας.
373 2442 449 2496 Τὸ
486 2444 597 2515 γὰρ
628 2443 1063 2515 σπουδαζόμενον
1091 2447 1305 2519 ἐκείνῳ,
1349 2450 1411 2503 οὐ
1450 2453 1711 2523 χρήματα

38 2534 329 2602 ἀφελέσθαι
347 2535 366 2603 (
384 2528 491 2588 οἵδε
518 2534 629 2605 γὰρ
648 2534 802 2588 οὐδὲν
831 2534 989 2590 τοῦτο
1004 2535 1120 2606 όν),
1157 2538 1271 2591 ἀλλ’
1297 2538 1385 2593 τνα
1402 2539 1475 2608 (b)
1502 2541 1590 2595 διά
1612 2544 1712 2615 τῆς

42 2620 127 2671 τῶν
147 2636 255 2690 χρη
266 2618 461 2689 μάτων
486 2618 832 2689 ἀφαιρέσεως
853 2619 934 2683 είς
956 2621 1233 2693 ἁμαρτίαν
1261 2622 1442 2695 ψυχῆς
1464 2626 1678 2700 ἐμϐάλῃ
1693 2645 1709 2660 ο

32 2708 125 2759 κᾶν
155 2708 234 2778 μὴ
269 2705 438 2760 τοῦτο
475 2705 671 2778 ίσχύσῃ
708 2707 951 2778 ποιῆσαι,
985 2708 1136 2762 οὐδὲν
1178 2711 1445 2783 ἡγήσεται
1491 2731 1711 2786 κατωρ-

36 2794 256 2848 θωκέναι
307 2794 462 2848 ποτέ.
506 2793 681 2858 Εἰδὼς
714 2794 893 2848 τοίνυν
936 2796 1102 2850 αὐτοῦ
1139 2797 1239 2868 τὴν
1287 2798 1536 2871 γνώμην,
1567 2802 1712 2870 ἀγα-

36 2884 180 2950 πητὲ,
214 2884 361 2937 ὅταν
406 2881 681 2953 ἀφέληταί
711 2900 804 2937 σου
838 2885 1082 2956 χρυσίον,
1110 2884 1144 2957 ἢ
1182 2885 1271 2941 διὰ
1303 2886 1537 2961 λῃστῶν,
1574 2889 1608 2961 ἢ
1640 2891 1708 2943 δι’

34 2970 210 3040 ἑτέρας
261 2969 419 3034 τινὸς
464 2970 812 3041 προφάσεως,
871 2971 1093 3036 δόξασον
1139 2972 1230 3026 τὸν
1281 2975 1582 3048 Δεσπότην,
1616 2979 1711 3032 καὶ

85 3084 111 3112 ⁸
136 3082 223 3153 εἰς
245 3081 409 3153 S_ujil_.
436 3083 851 3153 et_plurimi_mss.
892 3086 1067 3153 Morel.
1101 3090 1188 3147 τήν
1228 3090 1324 3137 τῶν
1346 3091 1603 3153 χρημάτων
1626 3099 1711 3152 τῆνς

37 3148 169 3210 τῶν...
195 3146 448 3210 ἐιεϐαλεῖν.
488 3145 844 3210 ’Ᾱμαυρωθῆναι
859 3151 1060 3208 κλοπήν,

84 3208 108 3250 ι
132 3208 214 3257 Sic
236 3207 401 3257 Savil.
424 3213 477 3257 et
500 3207 709 3258 maxima
730 3207 842 3273 pars
859 3224 974 3262 mss.
996 3211 1168 3262 Morel.
1192 3214 1314 3262 ἀλλά
1346 3214 1441 3262 διά.

1082 300 1171 356 DE
1210 300 1902 359 INCOMPREHENSIBILI
1940 301 2045 358 DEI
2083 301 2390 359 NATURA.
2429 302 2489 359 γ.

3384 295 3489 354 736

1823 417 1987 472 πλέον
2015 416 2114 490 ἔσῃ
2145 417 2514 489 κεκερδηκὼς,
2545 418 2637 473 καὶ
2656 418 2850 491 διπλῆν
2872 418 3063 483 δώσεις
3085 418 3168 489 τῷ
3192 415 3370 488 ἐχθρῷ
3388 416 3490 487 τὴν

1821 505 2055 577 πληγὴν,
2079 505 2160 558 ὅτι
2182 521 2242 558 τε
2274 506 2375 558 οὐκ
2406 505 2791 577 ἐδυσχέρανας,
2823 508 2918 561 καὶ
2945 508 3028 560 ὅτι
3052 505 3485 577 ηὐχαρίστησας.

1822 597 1921 649 Ἂν
1954 597 2053 666 μὲν
2087 595 2195 666 γάρ
2230 595 2334 666 ῖδῃ,
2365 596 2448 648 ὅτι
2481 612 2541 648 σε
2569 599 2819 650 ταπεινοῖ
2848 596 2957 652 τῶν
2991 594 3289 667 χρημάτων
3319 594 3353 664 ή
3390 593 3491 663 ζη-

1821 684 1939 756 μία,
1970 686 2064 739 καὶ
2103 685 2279 738 πείθει
2315 684 2457 738 κατὰ
2487 684 2581 739 τοῦ
2635 686 2907 739 Δεσπότου
2948 685 3303 755 δυσχερᾶναι,
3336 679 3489 734 οὐδέ-

1820 789 1949 827 ποτε
1971 773 2337 843 ἀποστήσεται
2371 771 2529 826 τοῦτο
2564 772 2956 842 ἐργαζόμενοςο
2997 771 3064 826 ἂν
3100 771 3157 824 δέ
3199 769 3487 837 θεάσηται,

1816 860 1897 913 ὅτι
1938 860 2000 913 οὐ
2041 859 2199 931 μόνον
2241 861 2301 913 οὐ
2352 860 2692 931 βλασφημεῖς
2725 862 2817 914 τὸν
2864 860 3203 930 πεποιηκότα
3233 875 3292 911 σε
3327 855 3485 921 Θεὸν,

1816 947 1952 1003 ἀλλά
1976 948 2069 1002 καὶ
2097 948 2438 1022 εὐχαριστεῖς
2467 948 2614 1019 αὐτῷ
2653 949 2737 1017 ἐφ’
2769 949 2984 1019 ἐκάστῳ
3019 947 3124 1000 τῶν
3161 941 3487 1016 συμϐαινόν-

1815 1052 1923 1088 των
1945 1034 2151 1101 δεινῶν,
2179 1038 2547 1108 ἀποστήσεται
2569 1034 2716 1107 [480]
2735 1036 2955 1104 ἐπάγων
2979 1035 3103 1095 τοὺς
3124 1029 3483 1103 πειρασμοὺς,

1815 1121 1971 1186 εἰδὼς
1999 1123 2079 1177 ὅτι
2104 1123 2450 1195 εὐχαριστίας
2478 1142 2562 1179 σοι
2593 1123 2846 1187 ὑπόθεσις
2871 1122 3079 1191 γίνεται
3104 1119 3211 1173 τῶν
3235 1116 3423 1172 δεινῶν
3444 1119 3482 1185 ἡ

1814 1211 2000 1281 πεῖρα,
2027 1210 2120 1263 καὶ
2144 1210 2556 1282 λαμπροτέρους
2578 1210 2869 1283 ἐργάζεται
2899 1227 2980 1263 σοι
3006 1209 3134 1271 τούς
3163 1204 3483 1275 στεφάνους,

1813 1296 1908 1350 καὶ
1941 1297 2160 1351 πλείονα
2191 1299 2257 1353 τὰ
2289 1299 2534 1370 βραδεῖα.
2572 1299 2747 1368 Ὅπερ
2790 1293 2882 1352 οὐν
2931 1298 3025 1351 καὶ
3085 1294 3177 1348 ἐπὶ
3210 1292 3307 1347 τοῦ
3360 1288 3485 1344 Ἰὼϐ

1812 1382 2054 1453 γέγονεν.
2097 1386 2314 1457 Ἐπειδὴ
2360 1386 2467 1459 γάρ
2515 1386 2845 1457 ἀφελόμενος
2891 1383 3056 1438 αὐτοῦ
3096 1382 3167 1435 τά
3203 1381 3485 1452 χρήματα,

1813 1474 1908 1527 καὶ
1933 1474 1993 1528 τὸ
2022 1473 2182 1545 σῶμα
2207 1475 2472 1543 πατάξας,
2504 1472 2643 1529 εἶδεν
2677 1476 2998 1545 εὐχάριστον
3024 1473 3336 1542 γενόμενον,
3358 1469 3487 1523 οὐκ·

1813 1559 1895 1614 έτι
1942 1561 2262 1632 προσελθεῖν
2299 1563 2621 1634 ἐτόλμησεν,
2667 1562 2783 1615 ἀλλ’
2817 1561 3051 1631 αἰσχρὰν
3077 1560 3172 1614 καὶ
3198 1556 3485 1625 ἀσύγγνω-

1814 1665 1939 1703 στον
1964 1650 2264 1721 ὑπομείνας
2282 1646 2450 1724 ἧτταν
2473 1650 2659 1721 ἀπῄει,
2689 1649 3072 1721 λαμπρότερον
3107 1646 3485 1719 ἐργασάμενος

1811 1734 1906 1789 τοῦ
1933 1735 2067 1790 Θεοῦ
2109 1738 2201 1791 τὸν
2224 1738 2486 1809 ἀθλητήν.
2519 1736 2702 1791 Ταῦτα
2747 1732 2841 1791 οῦν
2874 1738 2968 1790 καὶ
3001 1737 3163 1805 ἡμεῖς
3193 1733 3394 1795 εἰδότες
3424 1731 3484 1785 ιν

1815 1828 1975 1900 μόνον
2004 1827 2319 1900 φοϐώμεθα,
2360 1829 2459 1900 τὴν
2510 1829 2804 1900 ἁμαρτίαν,
2839 1826 2908 1880 τὰ
2952 1826 3009 1879 δὲ
3045 1825 3181 1879 ἄλλα
3221 1821 3486 1890 γενναίως

1812 1917 2086 1988 φέρωμεν,
2107 1917 2209 1970 κᾶν
2228 1916 2525 1988 χρημάτων
2546 1916 2611 1988 ζη
2620 1916 2738 1986 μία,
2771 1916 2875 1970 κᾶν
2898 1915 3051 1977 νόσος
3071 1911 3357 1983 σωμάτων,
3383 1909 3487 1963 κᾶν

1810 2004 2161 2077 περιστάσεις
2190 2004 2551 2074 πραγμάτων,
2582 2003 2682 2057 κᾶν
2712 2004 2966 2074 ἐπήρεια,
3001 2000 3103 2055 κᾶν
3130 1996 3486 2068 συκοφαντία,

1810 2091 1914 2146 κᾶν
1934 2091 2063 2146 ἄλλο
2096 2092 2273 2144 ὁτιοῦν
2302 2092 2573 2162 ἐπάγηται
2599 2091 2769 2144 δεινὸν
2799 2092 2930 2161 ἡμῖν
2962 2089 3053 2159 (c)'
3081 2087 3290 2141 τούτων
3312 2085 3424 2156 γὰρ
3451 2085 3486 2155 ἡ

1811 2179 1970 2251 φύσις
1997 2180 2058 2231 οὐ
2101 2179 2259 2251 μόνον
2299 2181 2447 2251 ἡμᾶς
2487 2180 2546 2232 οὐ
2581 2176 2962 2250 παραϐλάψει,
2991 2176 3128 2229 ἀλλά
3163 2172 3353 2227 καὶτὰ
3388 2171 3487 2242 μέ-

1810 2285 1971 2337 γιστα
2007 2267 2285 2340 ὠφελῆσαι
2332 2268 2642 2339 δυνήσεται,
2696 2266 2761 2321 ἂν
2811 2266 2928 2337 μετ’
2964 2262 3313 2335 εὐχαριστίας
3348 2259 3489 2313 αὐτά

1811 2355 2087 2426 φέρωμεν,
2134 2357 2229 2410 καὶ
2277 2354 2530 2418 πλείονας
2572 2357 2706 2425 ἡμῖν
2739 2353 3035 2426 ἐργάσεται
3063 2353 3191 2415 τοὺς
3238 2346 3486 2421 μισθούς.

1821 2444 1985 2516 Ὁρᾷς
2031 2444 2163 2514 γοῦν
2208 2445 2305 2498 καὶ
2342 2445 2436 2497 τὸν
2478 2443 2599 2497 Ἰὼϐ
2643 2442 2781 2514 μετά
2809 2443 2869 2497 τὸ
2896 2444 3018 2505 τούς
3052 2440 3350 2510 στεφάνους
3386 2439 3488 2506 τῆς

1811 2533 2086 2603 ὑπομονῆς
2113 2534 2208 2586 καὶ
2231 2533 2333 2602 τῆς
2359 2532 2611 2603 ἀνδρείας
2635 2531 2881 2593 ἅπαντας
2907 2528 3302 2598 ἀναδήσασθαι,
3323 2524 3489 2579 διπλᾶ

1808 2619 1877 2672 τὰ
1900 2618 2217 2677 ἀπολωλότα
2247 2618 2589 2689 ἀπειληφότα
2611 2618 2849 2671 ἅπαντα.
2881 2618 2953 2669 Σὺ
2982 2617 3039 2669 δὲ
3058 2615 3178 2685 οὐχὶ
3207 2612 3369 2667 διπλᾶ
3390 2611 3486 2665 καὶ

1808 2707 2033 2777 τριπλᾶ,
2072 2706 2186 2759 ἀλλ’
2218 2704 2751 2760 ἑκατονταπλασίονα
2780 2703 2959 2757 πάντα
2990 2702 3267 2773 ἀπολήψῃ,
3296 2700 3361 2754 ἂν
3390 2700 3486 2770 φέ-

1810 2809 1913 2866 pne
1945 2794 2229 2861 γενναίως,
2258 2794 2352 2848 καὶ
2382 2793 2527 2865 ζωὴν
2554 2792 2771 2847 αἰώνιον
2805 2792 3236 2864 κληρονομήσεις
3254 2805 3266 2818 ·
3298 2784 3365 2860 ἧς
3390 2788 3488 2856 γέ.

1810 2897 1954 2934 νοιτο
1988 2881 2193 2945 πάντας
2228 2883 2373 2953 ἡμᾶς
2417 2883 2715 2951 ἐπιτυχεῖν,
2750 2879 2936 2951 χάριτι
2966 2880 3058 2933 καὶ
3104 2876 3487 2949 φιλανθρωπίᾳ

1814 2966 1909 3021 τοῦ
1938 2968 2144 3039 Κυρίου
2171 2968 2332 3039 ἡμῶν
2376 2969 2550 3039 Ἰησού
2580 2968 2840 3041 Χριστοῦ,
2864 2960 2908 3036 ᾧ
2934 2968 2968 3036 ἡ
2993 2965 3120 3030 δόξα
3144 2966 3237 3018 καλ⁸
3266 2964 3327 3017 τὸ
3351 2964 3486 3034 κρά-

1812 3071 1925 3119 τος,
1950 3054 2045 3109 νῦν
2066 3056 2163 3111 καὶ
2181 3056 2289 3121 ἀεὶ,
2314 3055 2408 3109 καὶ
2429 3056 2508 3120 είς
2533 3057 2658 3120 τοὺς
2679 3054 2881 3118 αἰῶνας
2900 3054 3007 3107 τῶν
3031 3053 3260 3107 αἰώνων.
3292 3050 3485 3123 Ἀμήν.

1878 3161 1900 3189 ⁸
1926 3159 2077 3224 SavAil.
2098 3161 2258 3224 etdruo
2269 3162 2462 3211 codices
2482 3163 2569 3209 κᾶν
2592 3162 2711 3219 ἄλλη
2736 3179 2805 3218 τις
2829 3161 2938 3224 ὑμῖν
2966 3160 3259 3224 ἐπεγείρηται
3280 3160 3490 3216 δυσκλη-

1814 3220 1908 3285 ρία.
1937 3222 2131 3271 Τούτων
2153 3223 2242 3286 γὰρ
2259 3224 2457 3286 ἡφύσις
2483 3224 2537 3272 οὐ
2565 3224 2705 3285 μόνον
2727 3220 2927 3297 ὑμᾶς
2956 3220 3139 3285 βλάψει.

105 3329 3334 3365 ._._________________________________________

954 3429 1313 3543 IIEPI
1367 3430 2542 3555 ΑΚΑΤΑΛΗΠΤΟΥ

1340 3602 1521 3658 ΠΡΟΣ
1558 3605 1735 3660 ΤΟΥΣ
1770 3606 2185 3664 ΑΝΟΜΟΙΟΥΣ.

610 3830 801 3899 Λόγος
839 3828 1128 3900 πέμπτος.

86 3928 152 3977 α’.
207 3917 477 3974 Ἐπειδὰν
506 3916 675 3991 μέλλῃ
704 3935 789 3982 τις
816 3920 1147 3992 μικροτέρας
1193 3918 1504 3985 ὑποθέσεως
1550 3922 1716 3977 ἄπτε-

26 4012 173 4073 σθαι,
202 4010 312 4066 καὶ
343 4008 556 4071 πολλῶν
584 4007 846 4079 δεομένης
880 4007 1182 4078 λόγων,καὶ
1196 4009 1381 4065 οὐκ.ἐν
1402 4009 1586 4083 ἡμέρᾳ
1617 4014 1717 4083 μιᾷ

23 4103 109 4155 καὶ
131 4102 231 4156 δύο
258 4099 365 4155 καὶ
384 4098 581 4169 τρισὶν,
608 4096 722 4151 ἀλλ’
754 4099 811 4152 ἐν
845 4095 1024 4166 πολλῷ
1053 4096 1261 4151 πλείοσι
1288 4099 1713 4171 περαιουμένης,

22 4191 330 4261 ἀναγκαῖον
373 4183 513 4241 εἷναι
557 4183 763 4255 νομίζω
804 4182 884 4255 τῷ
913 4184 1142 4255 τοιούτῳ
1175 4184 1249 4255 μὴ
1292 4186 1473 4239 πᾶσαν
1503 4186 1715 4259 ἀθρόως

24 4279 153 4349 μηδὲ
194 4276 296 4346 ὑφ’
344 4273 405 4327 ἓν
451 4272 753 4326 ἐπιτιθέναι
797 4274 865 4343 τῇ
906 4271 1017 4325 τῶν
1049 4271 1332 4342 ἀκροατῶν
1370 4272 1582 4346 διανοίᾳ
1610 4274 1713 4347 τὴν

22 4363 401 4426 διδασκαλίαν,
430 4360 545 4416 ἀλλ’
569 4361 648 4423 εἰς
680 4358 853 4413 πολλά
875 4359 937 4412 τὸ
961 4358 1080 4412 ὅλον
1105 4359 1517 4430 κατατέμνοντα
1545 4360 1609 4432 μέ
1619 4379 1713 4434 ρη,

21 4456 225 4524 κοῦφον
263 4450 369 4505 καὶ
402 4446 671 4519 εὔληπτον
696 4446 775 4519 τῷ
816 4447 1326 4519 κατακερματισμῷ
1351 4446 1509 4501 τοῦτο
1537 4452 1713 4504 ποιεῖν

22 4544 73 4594 τὲ
92 4542 192 4595 τοῦ
226 4539 405 4607 λόγου
424 4537 663 4609 φορτίον.
695 4534 808 4589 Καὶ
828 4535 939 4605 γὰρ
963 4534 1056 4587 καὶ
1077 4533 1292 4602 γλῶττα
1328 4535 1425 4589 καὶ
1448 4535 1591 4607 ἀκοὴ
1613 4537 1713 4590 καὶ

22 4630 263 4683 ἕκαστον
297 4624 410 4678 τῶν
436 4623 813 4695 αἰσθητηρίων
841 4621 997 4693 ἡμῶν
1024 4623 1200 4694 μέτρα
1229 4623 1321 4675 καὶ
1352 4624 1586 4687 κανόνας
1621 4627 1716 4678 καὶ

20 4720 178 4789 ὅρους
210 4716 341 4787 ἔχει
366 4712 673 4783 κειμένους.
700 4710 804 4766 κᾶν
828 4710 1152 4782 ἐπιχειρήσῃ
1181 4726 1263 4773 τις
1290 4709 1514 4776 τούτους
1540 4712 1713 4785 ὑπερ-

20 4806 181 4877 ϐῆναί
215 4818 362 4858 ποτε
404 4801 530 4865 τοὺς
575 4802 757 4870 ὅρους,
801 4800 897 4853 καὶ
924 4799 1024 4868 τῆς
1058 4797 1224 4869 οὐσης
1269 4800 1525 4854 ἐκπίπτει
1550 4802 1715 4856 δυνά-

238 4886 314 4941 Τί
352 4884 458 4956 γάρ
492 4882 826 4955 γλυκύτερον
853 4882 1051 4952 φωτὸς,
1082 4880 1205 4933 εἰπέ
1242 4899 1367 4953 μοι;
1397 4883 1451 4937 τί
1481 4883 1539 4937 δὲ
1563 4884 1713 4955 ἥδιον

20 4982 281 5043 ἀκτῖνοςς
332 4975 448 5028 ἀλλ’
477 4974 625 5045 ὅμως
653 4974 715 5026 τὸ
741 4973 914 5043 γλυκύ
945 4974 1104 5029 τοῦτο
1135 4974 1230 5027 καὶ
1255 4973 1377 5045 ἡδὺ,
1415 4974 1544 5027 ὅταν
1574 4974 1715 5046 ὑπὲρ

20 5065 73 5116 τὸ
96 5065 318 5135 μέτρον
345 5059 504 5132 ἡμῶν
530 5058 769 5130 ὁμιλήσῃ
798 5061 911 5123 τοῖς
936 5059 1201 5131 ὄμμασιν,
1240 5058 1477 5128 ἐπαχθὲς
1503 5059 1713 5126 γίνεται

20 5156 112 5205 καὶ
164 5148 463 5222 φορτικόν.
524 5146 623 5200 Διά
675 5147 835 5200 τοῦτο
888 5149 985 5201 καὶ
1034 5150 1087 5202 ό·
1121 5148 1253 5211 Θεὸς
1304 5146 1476 5200 νύκτα
1526 5148 1716 5218 ἐνομο-

20 5242 261 5311 θέτησεν
292 5232 435 5291 εἶναι
477 5236 615 5307 μετά
648 5236 748 5306 τὴν
783 5236 1020 5308 ἡμέραν,
1052 5236 1139 5290 ἵνα
1187 5234 1566 5307 πεπονηκότας
1612 5252 1716 5289 πα-

20 5327 352 5401 ραλαϐοῦσα
394 5327 522 5388 τοὺς
562 5323 895 5396 ὀφθαλμοὺς,
942 5323 1273 5396 καταστείλῃ
1316 5323 1384 5376 τὰ
1445 5321 1713 5395 βλέφαρα,

19 5420 282 5488 κοιμήσῃ
302 5414 403 5477 τὰς
430 5413 619 5485 κόρας,
648 5412 938 5485 ἀναπαύσῃ
959 5411 1244 5483 καμοῦσαν
1277 5413 1408 5484 ἡμῖν
1433 5412 1534 5484 τὴν
1556 5413 1711 5465 ὀπτι-

20 5508 120 5577 κὴν
148 5504 417 5572 δύναμιν,
452 5500 547 5553 καὶ
575 5500 713 5570 πρὸς
746 5500 845 5572 τήν
874 5500 975 5571 τῆς
1014 5500 1314 5572 μελλούσης
1337 5501 1550 5574 ἡμέρας
1579 5502 1717 5555 θεω-

20 5598 148 5667 ρίαν
183 5589 635 5661 ἐπιτηδειοτέραν
659 5588 1077 5662 παρασκευάσῃ.
1109 5589 1209 5644 Διά
1236 5589 1394 5643 τοῦτο
1422 5590 1517 5643 καὶ
1545 5591 1717 5663 ἐγρή-

19 5698 225 5753 γορσις
268 5679 364 5732 καὶ
398 5676 567 5739 ὕπνος
597 5677 816 5731 ἐναντία
844 5676 975 5731 ὅντα
1007 5676 1282 5749 ἀλλήλοις,
1311 5678 1421 5733 ἀπὸ
1448 5678 1551 5749 τῆς
1577 5695 1718 5751 σύμ,-

20 5770 267 5843 μετρίας
313 5765 520 5837 ὁμοίως
561 5764 815 5837 ἀλλήλοις
861 5765 1059 5837 ἥδιστα
1101 5765 1329 5835 γίνεται,
1389 5766 1483 5819 καὶ
1542 5765 1716 5834 γλυκὺ

20 5856 335 5921 καλοῦντες
384 5853 450 5908 τὸ
491 5852 631 5925 φῶς,
679 5853 886 5924 γλυκὺν
925 5854 1129 5927 ὁμοίως
1173 5852 1445 5926 καλοῦμεν
1480 5855 1577 5909 καὶ
1626 5856 1719 5911 τὸν

1816 3838 1985 3891 ὐπνον
2029 3838 2121 3892 τὸν
2171 3839 2455 3907 ἀπάγοντα
2506 3839 2655 3909 ἡμᾶς
2705 3838 2799 3891 τοῦ
2852 3839 3048 3908 φωτός.
3117 3838 3304 3904 Οὕτως
3339 3837 3493 3913 [481]

1815 3926 1850 3996 ἡ
1898 3926 2136 3997 ἀμετρία
2188 3926 2469 3998 πανταχοῦ
2504 3926 2641 3999 βαρὺ
2687 3928 2783 3981 καὶ
2812 3927 3068 3997 ἐπαχθὲς,
3118 3929 3213 3981 καὶ
3258 3927 3320 3981 τὸ
3355 3927 3495 3998 σύμ-

1819 4030 2016 4085 μετρον
2069 4014 2166 4086 ἡδὺ
2228 4015 2323 4068 καὶ
2386 4015 2655 4087 χρήσιμον
2708 4016 2840 4087 ἡμῖν
2891 4016 2984 4068 καὶ
3044 4016 3334 4086 προσηνές.
3392 4016 3495 4071 Διά

1815 4101 1878 4173 δὴ
1934 4102 2095 4156 τοῦτο
2142 4103 2237 4156 καὶ
2279 4105 2442 4175 ἡμεῖς
2488 4103 2756 4176 τετάρτην
2790 4104 2823 4175 ἢ
2852 4105 2947 4158 καὶ
2984 4104 3244 4176 πέμπτην
3278 4104 3495 4177 ἡμέραν

1815 4189 2029 4261 ἔχοντες
2080 4190 2289 4257 λοιπὸν,
2330 4190 2390 4256 ἐξ
2427 4185 2487 4245 οὗ
2524 4190 2618 4244 τὸν
2658 4192 2788 4261 περί
2818 4191 3205 4264 ἀκαταλήπτου
3235 4193 3495 4265 κινοῦμεν

1813 4277 1989 4347 λόγον,
2027 4278 2238 4332 οὐδέπω
2266 4278 2362 4333 καὶ
2382 4281 2618 4351 τήμερον
2639 4280 2801 4334 αὐτὸν
2824 4280 3126 4352 ἀπαρτίσαι
3157 4283 3499 4352 παρεσκευά-

1816 4362 2012 4434 σμεθα,
2052 4362 2190 4417 ἀλλά
2232 4362 2303 4416 τά
2333 4362 2625 4435 σύμμετρα
2660 4363 2797 4435 πρὸς
2835 4364 2935 4436 τὴν
2964 4364 3238 4437 ὑμετέραν
3268 4364 3497 4435 ἀγάπην

1815 4446 2079 4513 εἰπόντες,
2108 4446 2268 4502 πάλιν
2294 4447 2608 4502 ἀναπαῦσαι
2639 4448 2739 4519 τὴν
2766 4448 3005 4503 διάνοιαν
3033 4447 3187 4519 ὑμῶν
3224 4448 3493 4520 ἔγνωμεν.

1814 4528 1925 4583 Ποῦ
1962 4529 2139 4585 τοίνυν
2169 4529 2366 4604 πρώην
2390 4531 2481 4585 τὸν
2517 4530 2671 4601 λόγον
2711 4530 3105 4602 κατελίπομεν;
3144 4532 3358 4602 ἀνάγκη
3386 4534 3496 4606 γὰρ

1814 4618 1975 4671 αὐτὸν
2010 4618 2217 4673 ἐκεῖθεν
2268 4618 2551 4673 ἀνελέσθαι
2596 4618 2779 4684 πάλιν,
2823 4619 3009 4690 ἐπειδὴ
3038 4619 3137 4691 μία
3165 4621 3248 4683 τίς
3274 4623 3390 4674 ἐστι
3416 4621 3495 4675 διο

1812 4705 2109 4771 δασκαλίας
2140 4706 2449 4763 ἀκολουθία.
2487 4707 2776 4780 Ἐλέγομεν
2808 4709 2953 4772 τότε,
2989 4709 3070 4762 ὅτι
3093 4709 3190 4779 τῆς
3212 4708 3441 4780 βροντῆς
3466 4709 3496 4762 ό

1816 4797 1929 4858 υἱὸς
1961 4790 2136 4857 εἶπεν,
2162 4796 2245 4849 ὅτι
2279 4796 2428 4851 Θεὸν
2474 4796 2673 4863 οὐδεὶς
2695 4795 2917 4866 ἐάιοακε
2952 4794 3189 4849 πώποτε
3211 4812 3224 4825 ·
3256 4800 3291 4850 ό
3310 4813 3495 4866 μονο-

1815 4883 1999 4956 γενὴς
2042 4886 2197 4951 Υἱὸς,
2245 4887 2277 4938 ὀ
2330 4885 2417 4938 ὢν
2457 4885 2528 4938 ὲν
2587 4886 2712 4951 τοῖς
2744 4886 2998 4950 κόλποις
3034 4896 3061 4924 ι
3100 4883 3208 4938 τοῦ
3240 4884 3490 4952 Πατρός,

1813 4974 1995 5040 αὐτὸς
2053 4972 2416 5043 ἐξηγήσατο.
2466 4974 2713 5044 Σήμερον
2769 4973 3065 5039 ἀναγκαῖον
3126 4970 3338 5041 μαθεῖν,
3389 4971 3494 5025 ποῦ

1815 5060 1973 5115 τοῦτο
1995 5061 2158 5126 αὐτὸς
2185 5060 2488 5132 ἐξηγήσατο
2507 5061 2535 5111 ὁ
2565 5060 2856 5131 μονογενὴς
2887 5058 3013 5122 Υίδς
3031 5057 3129 5111 τοῦ
3162 5058 3319 5114 Θεοῦ.
3366 5059 3495 5113 Ἁπ-

1816 5152 2044 5219 εκρίθη,
2070 5149 2227 5219 φησὶ,
2258 5148 2383 5215 τοῖς
2422 5147 2746 5215 Ἰουδαίοις,
2764 5147 2865 5202 καί
2897 5143 3097 5202 εἶπεν·
3132 5149 3245 5215 οὐχ
3272 5148 3359 5201 ὅτι
3384 5147 3495 5202 τὸν

1815 5239 2050 5309 Πατέρα
2074 5257 2164 5305 τις
2191 5238 2474 5307 ἑώρακεν,
2507 5237 2662 5307 εἰμὴ
2696 5241 2729 5292 ό
2752 5238 2839 5291 ὢν
2871 5237 2942 5291 ἐκ
2978 5235 3086 5290 τοῦ
3109 5236 3279 5301 Θεοῦ,
3314 5233 3495 5303 οὗτος

1817 5327 2036 5399 ἑώρακε
2059 5328 2168 5383 τὸν
2186 5326 2435 5398 Πατέρα.
2469 5328 2699 5399 Ὄρασιν
2718 5325 2881 5381 πάλιν
2911 5324 3145 5380 ἐνταῦθα
3165 5328 3264 5398 τὴν
3291 5326 3495 5394 γνῶσιν

1816 5416 1985 5486 λέγει.
2013 5418 2123 5471 Καὶ
2145 5417 2247 5472 οὐκ
2286 5413 2439 5471 εἶπεν
2480 5416 2690 5480 ἁπλῶς,
2728 5416 2811 5469 ὅτι
2840 5413 3049 5481 Οὐδεὶς
3079 5410 3203 5469 οἶδε
3240 5416 3347 5469 τὸν
3377 5418 3497 5469 Πα-

1823 5505 1983 5575 τέρα,
2040 5506 2136 5559 καὶ
2189 5505 2466 5576 ἐσίγησεν,
2497 5505 2583 5559 ίνα
2609 5504 2685 5575 μή
2736 5520 2820 5567 τις
2846 5502 2976 5573 περὶ
3010 5501 3314 5574 ἀνθρώπων
3338 5501 3497 5556 τοῦτο

1822 5594 2074 5665 λέγεσθαι
2095 5593 2294 5668 νομίζῃ
2330 5593 2511 5665 μόνον,
2538 5591 2676 5646 ἀλλά
2696 5591 3019 5664 βουλόμενος
3039 5591 3229 5659 δεῖξαι,
3268 5592 3350 5645 ὅτι
3372 5590 3495 5645 οὐτε

1876 5800 1937 5875 ξ’
1958 5800 2107 5911 sim.
2131 5802 2186 5851 et
2208 5798 2407 5863 quidam
2430 5811 2547 5852 mss.
2574 5801 2639 5858 εἰς
2682 5801 2763 5850 τὸν
2802 5799 2998 5862 κόλπον,
3028 5797 3201 5849 Morel.
3244 5800 3298 5849 et
3317 5793 3405 5848 alii
3450 5795 3497 5842 ἐν

1876 5881 1923 5911 ιι(
1938 5880 1995 5911 κο
2024 5879 2077 5911 π.

1824 5880 1923 5923 τοις
1938 5879 2077 5913 κολπ.
