3926 6232
574 293 681 349 739

554 446 555 449 η
581 407 721 461 enim
746 403 989 467 dixisset.
1020 403 1121 459 Hic
1145 404 1282 460 Deus
1307 415 1493 471 noster,
1525 422 1627 461 non
1666 406 1995 460 azstimabitur
2018 405 2152 460 alius

578 497 817 550 adversus
839 512 972 561 eum,
1001 495 1073 549 ita
1102 497 1289 566 pergit,
1320 497 1520 552 Invenit
1539 513 1735 550 omnem
1759 496 1890 548 viam
1914 495 2152 561 scientiae,

576 596 624 640 et
650 586 788 639 dedit
828 602 939 640 eam
982 585 1144 640 Jacob
1187 604 1339 658 puero
1379 604 1506 649 suo,
1542 596 1589 641 et
1626 585 1792 641 Israel
1834 586 2013 640 dilecto
2042 602 2154 640 suo.

581 676 710 729 Post
735 678 841 729 haec
867 676 921 729 in
949 676 1094 731 terris
1122 677 1256 732 visus
1282 687 1355 729 est
1380 718 1394 742 ,
1423 687 1471 731 et
1494 693 1609 730 cum
1635 676 1919 730 hominibus
1954 692 2160 731 conver-

579 777 716 821 satus
745 775 817 820 est
847 765 1072 838 (Barnch
1098 764 1250 823 3.57.
1274 764 1604 834 '58).Paulus
1618 780 1746 821 vero
1796 784 1811 821 :
1859 764 1947 819 Ea:
1981 765 2161 837 quibus

578 856 807 910 Christus
831 856 1105 910 secundum
1132 872 1369 923 carnem,
1408 856 1494 927 qui
1526 865 1599 910 est
1637 872 1788 926 super
1824 857 1996 910 omnia
2019 854 2160 911 Deus

582 947 868 1000 benedictus
892 947 945 1000 in
972 945 1192 1013 scecula,
1221 963 1369 1001 amen
1400 947 1417 1016 (
1444 947 1595 1003 Rom.
1622 946 1676 1002 9.
1704 945 1777 1018 5)
1802 964 1815 1000 :
1842 956 1898 1002 et
1926 963 2155 1012 rursum,

470 1083 488 1105 κ
585 1036 763 1089 Omnis
789 1036 1085 1106 fornicator,
1130 1046 1220 1089 aut
1261 1052 1442 1091 avarus
1471 1053 1573 1090 non
1611 1036 1810 1091 habebit
1835 1038 2161 1091 hereditatem

582 1128 634 1180 in
662 1145 814 1199 regno
838 1127 1026 1183 Christi
1049 1139 1096 1182 et
1128 1129 1221 1183 Dei
1244 1129 1476 1201 (Ep/tes.
1506 1131 1558 1185 5.
1583 1128 1689 1200 5):
1714 1130 2029 1200 iterumque,
2058 1127 2163 1182 Per

583 1221 852 1273 adventum
889 1222 1059 1291 magni
1102 1220 1198 1274 Dei
1243 1232 1289 1275 et
1333 1221 1614 1276 Salvatoris
1642 1222 1800 1275 nostri
1824 1220 1949 1275 Jesu
1977 1220 2163 1274 Christi

587 1313 605 1380 (
654 1308 759 1364 Tit.
813 1310 866 1365 2.
927 1312 995 1366 l5
1038 1312 1077 1383 ).
1110 1312 1343 1368 Joannes
1369 1329 1579 1384 quoque
1614 1314 1692 1369 sic
1732 1314 1973 1369 nominat
1996 1328 2117 1368 eum
2142 1354 2158 1378 ,

584 1416 705 1454 cum
734 1401 884 1464 dicit,
915 1401 983 1455 In
1024 1404 1278 1473 principio
1306 1415 1415 1458 erat
1454 1404 1670 1460 Verbum
1688 1447 1702 1471 ,
1731 1415 1779 1459 et
1812 1404 2031 1460 Verbum
2054 1415 2161 1459 erat

584 1492 722 1561 apud
743 1491 925 1558 Deum,
949 1503 994 1546 et
1020 1492 1159 1548 Deus
1185 1505 1289 1548 erat
1326 1494 1541 1549 Verbum
1566 1495 1743 1567 (Joan.
1776 1497 1828 1550 1.
1856 1495 1931 1568 l).

655 1584 709 1636 5.
738 1582 849 1636 Hoc
881 1584 1068 1650 fateor,
1098 1584 1305 1655 inquies
1328 1628 1344 1653 ,
1371 1586 1465 1641 sed
1494 1587 1620 1641 illud
1656 1588 1876 1642 ostende
1899 1627 1914 1650 ,
1946 1586 2160 1641 ubinam

585 1681 709 1721 cum
738 1666 895 1722 Patre
923 1666 1116 1722 Filium
1147 1670 1495 1740 conjungens,
1526 1671 1805 1725 Dominum
1833 1671 2043 1726 Patrem
2064 1686 2159 1740 ap-

560 1820 563 1825 .
588 1760 767 1827 pellet.
799 1760 909 1830 Ego
930 1778 1057 1816 vero
1087 1777 1193 1817 non
1220 1763 1273 1817 id
1301 1773 1505 1818 tantum
1527 1764 1830 1826 ostendam,
1857 1763 1950 1818 sed
1977 1763 2160 1828 etiam,

585 1856 725 1924 quod
750 1856 1024 1910 Dominum
1046 1857 1278 1924 Patrem,
1306 1867 1360 1913 et
1387 1858 1666 1912 Dominum
1692 1857 1885 1912 Filium
1905 1857 2159 1928 appellet,

585 1947 855 2015 etiamque
885 1947 1093 2000 Patrem
1125 1948 1289 2002 Deum
1316 1958 1371 2003 et
1396 1947 1588 2002 Filium
1617 1948 1805 2012 Deum,
1835 1956 2056 2017 utraque
2085 1947 2163 2000 si-

587 2040 697 2093 mul
728 2040 939 2092 nomina
974 2054 1198 2108 ponens.
1235 2038 1457 2095 Ubinam
1490 2039 1603 2094 huic
1641 2039 2010 2109 reperiuntur?
2031 2037 2161 2092 Cum

584 2130 784 2185 Judacis
819 2131 1105 2200 aliquando
1141 2132 1416 2201 disputans
1454 2130 1697 2187 Christus
1725 2130 1835 2185 ait:
1867 2130 2003 2198 Quid
2027 2129 2163 2184 vobis

587 2222 781 2274 videtur
801 2222 862 2274 de
887 2220 1126 2276 Christo?
1152 2221 1307 2287 Cuius
1335 2220 1473 2290 ﬁlius
1500 2222 1609 2277 est?
1641 2220 1829 2275 Dicunt
1857 2222 1901 2275 ei
1927 2236 1947 2275 :
1973 2219 2159 2275 David.

591 2309 724 2363 Dicit
749 2312 819 2365 eis
841 2328 860 2364 :
894 2311 1156 2378 Quomodo
1194 2328 1311 2383 ergo
1340 2312 1507 2367 David
1548 2313 1601 2366 in
1641 2312 1823 2383 spiritu
1868 2321 2010 2365 vocat
2052 2328 2164 2365 eum

592 2402 883 2468 Dominum,
913 2403 1080 2456 dicens
1099 2419 1117 2456 :
1146 2405 1286 2457 Dixit
1312 2403 1560 2459 Dominus
1589 2403 1807 2456 Domino
1832 2419 1962 2469 meo,
1990 2403 2107 2456 sede
2131 2420 2164 2455 a

563 2494 777 2549 .dextris
806 2495 927 2547 meis
958 2493 1179 2566 (Matth.
1223 2496 1313 2549 22.
1354 2495 1424 2549 42
1446 2495 1551 2550 -44
1572 2495 1628 2565 )‘l
1648 2494 1788 2548 Ecce
1828 2493 2082 2548 Dominus
2110 2503 2164 2549 et

592 2586 867 2639 Dominus.
903 2587 1063 2641 Visne
1102 2587 1309 2641 discere
1348 2586 1435 2640 ubi
1461 2586 1674 2641 Patrem
1700 2597 1755 2642 et
1782 2586 1973 2642 Filium
2001 2586 2162 2641 simul

589 2680 785 2746 positos
815 2678 979 2733 Deum
1005 2688 1059 2733 et
1084 2679 1246 2732 Deum
1278 2678 1468 2733 vocet?
1496 2679 1632 2732 Audi
1658 2679 1969 2748 prOphetam
1994 2677 2159 2732 David

585 2780 641 2825 et
668 2771 963 2840 apostolum
995 2771 1215 2825 Paulum
1244 2770 1345 2824 hoc
1394 2772 1566 2840 ipsum
1600 2771 1753 2825 nobis
1791 2770 2158 2825 declarantes:

590 2859 821 2915 Thronus
844 2872 959 2916 tuus
982 2860 1117 2916 Deus
1140 2862 1191 2915 in
1216 2863 1457 2917 saeculum
1481 2863 1673 2928 saeculi,
1695 2866 1835 2933 virga
1854 2864 2157 2928 directionis,

602 2948 747 3015 virga
787 2946 932 3014 regni
964 2948 1059 2999 tui.
1088 2945 1616 3016 Dilexistijustitiam
1644 2960 1693 3003 et
1726 2951 1888 3005 odisti
1917 2953 2167 3023 iniquita-

586 3045 723 3089 tem:
749 3046 1025 3104 propterea
1049 3038 1198 3089 unxit
1224 3047 1273 3090 te
1294 3037 1457 3101 Deus,
1494 3040 1631 3094 Deus
1655 3051 1796 3102 tuus.
1821 3042 1933 3096 oleo
1957 3043 2162 3097 laetitiae

582 3144 693 3197 pra:
711 3129 1039 3183 consortibus
1063 3130 1168 3183 tuis
1190 3132 1365 3197 (Psal.
1385 3131 1544 3199 44.7;
1562 3132 1691 3187 lleb.
1714 3135 1762 3188 l.
1785 3134 1839 3189 8.
1863 3134 1939 3203 9).
1963 3133 2164 3191 Paulus

588 3236 807 3274 rursum
844 3220 947 3276 hoc
962 3222 1333 3277 testimonium
1359 3223 1581 3279 adducit
1602 3226 1688 3280 his
1718 3226 1934 3282 verbis:
1961 3227 2043 3281 Ad
2064 3244 2163 3281 an-

584 3313 725 3382 gelos
749 3313 959 3382 quidem
981 3313 1112 3368 dicit
1129 3316 1273 3382 :.Qui
1292 3316 1421 3385 facit
1443 3318 1657 3387 angelos
1688 3334 1811 3373 suos
1837 3320 2079 3387 spiritus;
2096 3319 2165 3373 ad

581 3402 789 3458 Filium
806 3415 1007 3460 autem:
1026 3407 1267 3463 Thronus
1287 3419 1431 3475 tuus,
1452 3410 1616 3476 Deus,
1631 3413 1686 3465 in
1705 3413 1957 3467 saeculum
1976 3413 2162 3470 steculi

582 3495 769 3565 (Hebr.
806 3499 855 3551 l.
905 3499 936 3552 7
967 3501 1086 3563 -9).
1125 3501 1242 3568 Qua
1277 3502 1345 3556 de
1380 3518 1547 3559 causa
1586 3505 1697 3566 hic,
1750 3504 1951 3579 inquit,
1997 3506 2163 3562 Deum

590 3585 806 3640 Patrem
830 3591 1065 3645 vocavit.
1092 3590 1286 3646 Filium
1313 3608 1444 3647 vero
1471 3594 1802 3651 Dominum?

662 3671 815 3727 Pauli
840 3674 1107 3744 prudentia
1141 3677 1192 3730 in
1236 3676 1475 3732 docendo.
1501 3708 1571 3717 —
1594 3678 1709 3733 Non
1736 3689 1953 3744 temere,
1984 3696 2157 3751 neque

585 3762 778 3817 frustra
809 3764 860 3818 id
891 3764 992 3819 hoc
1019 3765 1139 3821 loco
1165 3765 1320 3833 fecit;
1348 3767 1444 3822 sed
1486 3768 1608 3839 quia
1652 3768 1906 3825 adversus
1930 3772 2155 3841 gentiles

585 3854 774 3924 agebat
801 3855 1021 3910 deorum
1053 3858 1453 3927 multiplicitatis
1493 3859 1680 3915 morbo
1720 3860 2041 3916 laborantes.
2077 3861 2155 3918 Ne

586 3947 763 4015 itaque
805 3947 903 4016 ipsi
947 3948 1184 4003 dicerent
1216 3967 1230 4004 :
1265 3951 1398 4004 Dum
1428 3966 1524 4005 nos
1552 3951 1763 4007 incusas
1788 3952 1929 4022 quod
1957 3954 2153 4009 multos

582 4039 713 4093 deos
738 4040 997 4107 dicamus,
1025 4049 1078 4095 et
1105 4042 1298 4097 multos
1322 4042 1584 4106 dominos,
1613 4052 1668 4096 tu
1698 4043 1811 4113 ipse
1835 4043 2020 4099 iisdem
2045 4045 2152 4099 cri-

582 4131 812 4185 minibus
854 4133 1118 4187 obnoxius
1164 4134 1613 4203 deprehenderis,
1664 4134 1790 4190 dum
1834 4135 2000 4205 deos,
2045 4154 2150 4192 non

582 4224 742 4277 deum
784 4223 959 4277 dicis:
996 4225 1114 4279 ideo
1145 4224 1353 4279 illorum
1397 4225 1689 4279 inﬁrmitati
1734 4241 1853 4281 sese
1880 4235 2151 4298 attempe-

582 4330 707 4368 rans
748 4314 972 4381 Filium,
1006 4317 1109 4370 vim
1153 4316 1390 4371 eamdem
1436 4318 1749 4384 habentem,
1793 4320 1897 4375 alio
1937 4322 2153 4378 nomine

584 4408 807 4461 vocavit.
844 4407 995 4476 Quod
1021 4419 1195 4463 autem
1220 4409 1344 4464 illud
1374 4411 1443 4465 sit
1472 4427 1676 4477 verum,
1705 4413 1748 4467 si
1780 4412 1952 4470 locum
1992 4415 2151 4470 altius

582 4510 882 4568 repetamus
928 4502 1070 4558 clare
1113 4503 1445 4573 intelligetis,
1491 4519 1595 4559 non
1641 4522 1709 4560 ex
1753 4517 1926 4561 nostra
1956 4509 2150 4579 quippe

580 4593 883 4661 eonjcctura
915 4594 1177 4663 loquimur
1200 4613 1213 4647 :
1244 4595 1322 4649 De
1340 4597 1401 4650 iis
1422 4606 1618 4663 autem,
1646 4615 1758 4671 qua:
1781 4599 1928 4654 idolis
1956 4602 2151 4669 sacriﬁ-

579 4696 795 4753 cantur,
841 4688 1025 4740 scimus
1059 4688 1295 4757 quoniam
1320 4705 1491 4744 omnes
1544 4691 1801 4745 scientiam
1850 4692 2086 4747 habemus
2106 4694 2145 4747 ί.

581 4777 805 4830 Scientia
832 4778 1005 4846 inﬂat,
1035 4779 1221 4833 caritas
1252 4794 1366 4833 vero
1400 4781 1637 4849 aediﬁcat.
1675 4781 1747 4836 De
1786 4784 1911 4837 escis
1939 4795 2143 4850 autent,

578 4883 692 4935 qua:
733 4868 884 4921 idolis
916 4870 1287 4937 sacriﬁcantur,
1327 4872 1512 4925 scimus
1540 4874 1774 4941 quoniam
1799 4875 1926 4929 nihil
1938 4883 2011 4930 est
2036 4877 2148 4929 ido-

581 4959 686 5010 lnm
710 4960 762 5011 in
779 4959 985 5020 mimdo,
1008 4969 1053 5013 et
1068 4961 1303 5030 quoniam
1322 4961 1493 5016 nullus
1513 4962 1646 5016 Deus
1666 4964 1764 5018 nisi
1786 4980 1914 5018 unus
1931 4967 2006 5036 (1.
2025 4965 2141 5019 Cor.

580 5049 633 5103 8.
670 5049 719 5103 l.
750 5050 829 5120 ι).
868 5048 1024 5107 Vides
1057 5066 1178 5105 eum
1225 5051 1476 5108 adversus
1515 5069 1608 5108 eos
1650 5055 1810 5125 loqui,
1839 5056 1928 5124 qui
1970 5056 2146 5125 plures

575 5141 706 5196 deos
730 5156 852 5197 esse
876 5145 1157 5212 putarent?
1178 5143 1317 5198 Nam
1345 5147 1435 5200 etsi
1460 5157 1576 5201 sunt
1606 5148 1769 5214 multi,
1801 5149 1885 5216 qui
1910 5149 2146 5204 dicuntur

574 5232 667 5298 dii,
714 5243 760 5285 et
805 5233 995 5288 domini
1021 5236 1183 5299 multi,
1208 5237 1308 5291 sive
1333 5237 1385 5290 in
1412 5239 1560 5301 caelo,
1590 5239 1694 5293 sive
1714 5240 1768 5293 in
1794 5249 1926 5293 terra
1968 5238 2141 5313 (Il-id.

574 5337 621 5375 ν.
662 5321 717 5393 5)
736 5338 753 5387 ;
775 5339 957 5379 rursus
976 5340 1068 5380 eos
1085 5326 1154 5381 ita
1181 5327 1450 5400 impugnat
1474 5346 1487 5383 :
1514 5328 1582 5384 Ut
1605 5342 1736 5385 certe
1754 5339 1870 5385 sunt
1888 5331 1959 5385 dii
1979 5333 2141 5401 multi,

577 5423 623 5469 ct
651 5414 841 5469 domini
868 5419 1052 5483 multi;
1083 5419 1134 5473 id
1166 5430 1265 5485 est,
1291 5421 1380 5491 qui
1414 5422 1492 5476 sic
1514 5421 1784 5489 dicuntur,
1811 5424 1953 5478 nobis
1977 5434 2143 5479 tamen

577 5523 707 5561 unus
727 5507 865 5562 Deus
889 5508 1067 5577 Pater,
1090 5528 1153 5565 ea:
1176 5528 1272 5581 quo
1292 5514 1461 5567 omnia
1481 5530 1501 5569 :
1521 5523 1568 5569 et
1583 5530 1713 5571 unus
1730 5514 1976 5570 Dominus
1992 5514 2143 5571 Iesus

576 5642 958 5762 *l/tzugregwpss.
993 5644 1176 5697 habent
1221 5661 1235 5698 :
1270 5648 1318 5699 si
1358 5648 1606 5701 scientiam
1649 5650 1905 5717 habemus,
1935 5655 2135 5707 scientia

713 5748 724 5771 ν

1292 292 1351 348 8.
1389 290 1665 349 JOANNIS
1688 286 2155 348 ‘CHRYSOSTOMI

2259 286 2523 350 RCHIEP.
2561 288 3093 359 εοΝετΑΝτιΝοΡ.

3723 306 3828 360 7L)

2265 405 2515 472 Christus,
2542 425 2631 477 per
2656 426 2800 479 quem
2826 414 3012 465 omnia.
3044 413 3165 469 Ideo
3194 415 3319 470 illud
3343 417 3519 481 etiam,
3552 433 3705 478 una.
3736 420 3826 471 ad-

2259 498 2386 565 jecit
2429 513 2496 552 ne
2534 511 2744 552 rursum
2787 502 2863 557 illi
2906 504 3343 572 multiplicitatem
3387 508 3609 565 deorum
3653 510 3825 563 induci

2263 595 2545 655 putarent:
2574 604 2842 659 unumque
2889 593 3051 647 Deum
3093 594 3304 650 Patrem
3351 599 3588 665 vocavit,
3631 614 3734 653 non
3773 610 3830 652 ut

2263 676 2479 746 ejiceret
2503 677 2691 733 Filium
2718 695 2747 734 a
2776 679 2973 735 deitate
3002 698 3018 746 ;
3048 686 3254 741 sicutet
3284 686 3466 742 Filium
3492 730 3509 753 ,
3539 705 3702 743 unum
3726 689 3828 742 Do.

2264 768 2485 837 minum,
2512 785 2616 824 non
2644 780 2703 826 ut
2726 773 2944 841 ejiceret
2970 773 3177 830 Patrem
3204 791 3234 830 a
3253 779 3634 845 dominatione,
3655 781 3749 834 sed
3776 790 3831 833 ut

2263 861 2475 916 illorum
2506 863 2864 920 inﬁrmitatem
2891 867 3218 935 emendaret,
3243 872 3545 943 nullamque
3572 874 3680 929 illis
3698 888 3823 943 pra:-

2264 951 2415 1007 beret
2453 967 2654 1007 ansam.
2696 954 2848 1023 Quod
2894 956 3065 1027 ipsum
3096 957 3147 1012 in
3182 973 3339 1014 causa
3368 962 3465 1017 fuit
3490 978 3586 1018 cur
3612 963 3828 1030 Iudaeis,

2263 1057 2372 1097 non
2415 1043 2558 1100 clare
2598 1054 2652 1099 et
2692 1048 2997 1114 manifeste,
3026 1049 3122 1104 sed
3156 1050 3380 1107 obscure
3414 1067 3642 1125 raroque
3667 1055 3831 1110 Filius

2264 1133 2358 1189 Dei
2403 1149 2433 1189 a
2477 1136 2749 1205 prophetis
2777 1137 3183 1207 signiﬁcaretur.
3209 1141 3340 1195 Cum
3377 1143 3518 1197 enim
3560 1160 3733 1214 nuper
3769 1145 3834 1199 ab

2264 1240 2447 1281 errore
2474 1226 2701 1295 plurium
2727 1228 2948 1284 deorum
2970 1230 3185 1285 abducti
3212 1241 3407 1299 essent,
3433 1234 3476 1288 si
3507 1249 3724 1288 rursum
3742 1252 3834 1289 au-

2264 1316 2488 1383 dissent,
2506 1317 2665 1373 deum
2687 1330 2741 1374 et
2761 1320 2939 1385 deum,
2963 1337 3146 1377 rursus
3169 1323 3219 1377 in
3240 1324 3481 1379 eumdem
3495 1326 3833 1393 recidissent,

2266 1409 2527 1463 morbum.
2555 1409 2682 1465 Ideo
2713 1410 3020 1481 frequenter
3048 1414 3323 1484 propheta;
3356 1414 3555 1481 dicunt,
3594 1416 3742 1472 Unus
3768 1427 3835 1471 est

2269 1499 2422 1565 Deus,
2453 1510 2498 1554 et
2527 1511 2706 1571 preter
2725 1518 2838 1557 eum
2867 1504 3036 1559 nullus
3064 1516 3134 1559 est
3157 1504 3329 1574 (Deut.
3354 1508 3406 1561 4.
3431 1508 3517 1562 55.
3544 1508 3723 1563 Hesai.
3744 1510 3831 1564 45.

2265 1593 2319 1648 5.
2342 1592 2457 1661 21).
2475 1592 2590 1647 Non
2615 1594 2756 1663 quod
2776 1593 2971 1650 Filium
3002 1607 3222 1666 negent;
3248 1597 3404 1664 absit,
3429 1599 3520 1653 sed
3543 1610 3599 1654 ut
3620 1602 3831 1654 illorum

2266 1683 2625 1740 inﬁrmitatem
2652 1697 2923 1753 curarent,
2956 1688 3190 1758 ipsisque
3219 1689 3427 1743 interim
3449 1692 3757 1757 suaderent,
3781 1704 3836 1746 ut

2264 1792 2293 1830 a
2322 1776 2605 1831 munitorum
2636 1793 2735 1833 nec
2760 1793 2886 1834 vere
2918 1780 3287 1834 exsistentium
3328 1784 3547 1835 deorum
3584 1784 3835 1852 opinione

2262 1868 2606 1925 absisterent.
2638 1870 2771 1926 Cum
2799 1872 2957 1942 igitur
2978 1871 3189 1936 audies,
3217 1889 3347 1927 unus
3370 1882 3424 1927 et
3448 1874 3619 1926 nullus
3637 1916 3652 1939 ,
3679 1886 3733 1929 et
3761 1877 3835 1929 si-

2266 1962 2430 2026 milia,
2463 1978 2530 2017 ne
2558 1962 2830 2019 Trinitatis
2848 1964 3067 2034 gloriam
3098 1966 3335 2027 minuas,
3382 1966 3474 2019 sed
3510 1975 3711 2035 quanto
3758 1967 3834 2019 in-

2265 2054 2487 2109 tervallo
2508 2070 2538 2109 a
2564 2065 2803 2110 creatura
2846 2056 3006 2111 distet
3048 2056 3171 2111 hinc
3216 2056 3439 2112 ediscas.
3469 2056 3681 2112 Etenim
3707 2059 3835 2112 alibi

2264 2160 2473 2215 quoque
2495 2145 2622 2200 dicit
2651 2164 2665 2201 :
2700 2145 2823 2210 Quis
2850 2146 2982 2199 enim
3006 2149 3140 2200 novit
3164 2163 3360 2202 sensum
3388 2146 3592 2201 Domini
3616 2147 3832 2217 (Hesai.

2265 2238 2353 2294 40.
2383 2240 2472 2294 13.
2516 2236 2667 2292 Rom.
2696 2239 2785 2293 ll.
2821 2238 2969 2311 54)?
3004 2238 3152 2306 Quod
3191 2250 3365 2295 autem
3406 2256 3473 2295 ne
3493 2241 3577 2294 hic
3622 2256 3835 2311 quoque

2264 2334 2455 2389 Filium
2481 2335 2563 2389 vel
2583 2332 2836 2404 Spiritum
2865 2344 3103 2390 sanctum
3129 2337 3194 2390 ab
3222 2336 3307 2391 illa
3334 2338 3633 2408 cognitione
3650 2340 3835 2396 exclu-

2264 2426 2375 2489 dat,
2401 2427 2509 2495 jam
2538 2439 2697 2495 supra
2724 2426 3142 2481 demonstratum
3172 2436 3253 2483 est
3275 2468 3290 2493 ,
3322 2429 3528 2496 quando
3557 2430 3657 2485 hoc
3684 2432 3836 2485 testi-

2264 2517 2499 2571 monium
2525 2516 2841 2573 adduximus
2871 2535 2884 2571 :
2920 2517 3044 2585 Quis
3070 2518 3200 2571 enim
3224 2519 3356 2570 novit
3384 2535 3495 2587 qua:
3518 2533 3634 2575 sunt
3666 2523 3833 2576 homi-

2264 2610 2370 2676 nis,
2403 2610 2500 2663 nisi
2525 2610 2731 2681 spiritus
2770 2611 3018 2676 hominis,
3049 2612 3133 2682 qui
3161 2620 3231 2664 est
3267 2612 3319 2664 in
3357 2611 3507 2678 ipso?
3546 2611 3629 2666 Ita
3655 2626 3697 2668 et
3720 2633 3836 2685 qua:

2265 2700 2358 2756 Dei
2384 2710 2499 2757 sunt
2527 2702 2698 2757 nullus
2721 2704 2966 2772 cognovit,
2995 2704 3090 2756 nisi
3117 2702 3339 2772 Spiritus
3379 2702 3476 2756 Dei
3516 2705 3602 2772 (l.
3630 2706 3747 2760 Cor.
3778 2709 3833 2760 2.

2263 2790 2354 2865 ΙΙ)
2380 2809 2393 2849 :
2420 2808 2483 2848 ac
2511 2808 2720 2848 rursum
2754 2792 2918 2847 Filius
2941 2794 3016 2846 ait
3043 2810 3057 2847 :
3091 2791 3255 2847 Nemo
3298 2793 3431 2847 novit
3463 2792 3651 2847 Filium
3675 2836 3691 2861 ,
3735 2799 3835 2849 nisi

2264 2886 2420 2941 Pater
2444 2902 2465 2941 :
2489 2903 2645 2957 neque
2672 2885 2874 2941 Patrem
2900 2888 3010 2958 quis
3036 2886 3169 2941 novit
3187 2928 3203 2952 ,
3231 2888 3329 2940 nisi
3357 2887 3406 2940 F
3406 2887 3521 2941 ilius
3548 2887 3713 2957 (Luc.
3744 2892 3833 2945 10.

2261 2977 2385 3047 9.9.).
2426 2978 2513 3032 Sic
2534 2987 2587 3033 et
2607 2976 2708 3032 hoc
2732 2977 2851 3033 loco
2872 2994 2886 3031 :
2911 2976 3031 3031 Non
3055 2981 3170 3048 quia
3199 2976 3403 3033 Patrem
3429 2981 3540 3049 quis
3558 2982 3709 3045 vidit,
3735 2984 3830 3036 nis'

2260 3071 2346 3141 qui
2369 3079 2441 3123 est
2466 3085 2529 3122 ea:
2556 3067 2662 3122 Deo
2691 3084 2710 3121 :
2734 3068 2815 3122 hic
2843 3069 2965 3122 vidit
2995 3067 3200 3123 Patrem
3228 3069 3407 3139 (Joan.
3434 3070 3486 3125 6.
3514 3071 3624 3141 46).
3660 3072 3833 3130 Sile

2260 3162 2401 3214 enim
2429 3169 2483 3216 et
2508 3160 2739 3231 perfecte
2770 3160 2913 3214 illum
2943 3175 3132 3225 nosse,
3172 3170 3227 3215 et
3267 3175 3481 3215 causam
3510 3178 3606 3218 cur
3629 3178 3835 3234 cogno-

2259 3262 2393 3317 scat,
2423 3254 2657 3322 apponit.
2685 3252 2936 3320 Quaenam
2984 3252 3097 3308 hzcc
3156 3253 3354 3307 causa?
3381 3253 3637 3321 Quoniam
3668 3272 3738 3310 ex
3768 3274 3834 3310 eo

2260 3356 2341 3399 εει
2372 3361 2386 3399 Ζ
2415 3360 2483 3399 ex
2524 3360 2588 3397 eo
2616 3354 2793 3399 autem
2821 3358 2941 3399 esse
2970 3359 3182 3399 rursum
3212 3344 3604 3400 demonstratur
3628 3363 3700 3401 ex
3730 3364 3796 3401 80
3814 3391 3828 3412 ,

2258 3434 2399 3504 quod
2427 3434 2598 3504 ipsum
2628 3444 2936 3505 cognoscat.
2968 3434 3169 3490 Idcirco
3193 3444 3368 3491 autem
3402 3438 3542 3490 illum
3568 3438 3712 3494 clare
3737 3457 3833 3495 no-

2257 3529 2351 3587 vit,
2374 3526 2496 3597 quia
2523 3540 2587 3581 ex
2620 3526 2735 3597 ipso
2759 3535 2877 3592 est;
2924 3527 3131 3596 signum
3162 3542 3290 3581 vero
3317 3527 3457 3596 quod
3494 3542 3558 3584 ex
3600 3530 3718 3597 ipso
3765 3533 3833 3587 sit

2256 3618 2384 3672 illud
2425 3628 2542 3685 est,
2585 3617 2727 3688 quod
2773 3618 2915 3673 clare
2955 3628 3239 3687 cognoscat
3283 3619 3473 3688 ipsum.
3521 3619 3832 3675 Subslantia

2256 3711 2449 3781 quippe
2474 3711 2821 3766 substantiam
2847 3714 3177 3783 superiorem
3208 3727 3313 3766 non
3352 3712 3517 3781 probe
3546 3728 3708 3767 nosse
3737 3730 3833 3784 po-

2258 3810 2395 3868 test,
2423 3802 2630 3858 etiamsi
2660 3818 2824 3872 parvo
2850 3803 3128 3859 intervallo
3152 3804 3333 3859 distet.
3359 3804 3493 3859 Audi
3529 3805 3671 3859 enim
3702 3807 3831 3877 quid

2256 3894 2322 3950 de
2353 3895 2554 3965 angelis
2582 3896 2836 3966 pr0pheta
2869 3894 3029 3961 dicat,
3063 3896 3324 3966 simulque
3357 3896 3424 3951 de
3462 3896 3689 3951 humana
3733 3914 3830 3951 na-

2255 3995 2407 4051 tura,
2454 3984 2595 4055 quod
2638 3985 2904 4041 modicum
2953 3987 3021 4040 sit
3065 3986 3202 4040 inter
3248 3995 3526 4056 utramque
3581 3996 3827 4042 naturam

2254 4077 2562 4132 discrimen.
2604 4076 2734 4133 Cum
2779 4078 2920 4132 enim
2966 4076 3206 4144 dixisset,
3234 4077 3368 4142 Quid
3391 4088 3465 4133 est
3492 4078 3662 4143 homo,
3694 4081 3828 4149 quod

2254 4184 2443 4224 memor
2478 4186 2529 4224 es
2576 4171 2723 4242 ejus?
2769 4179 2857 4224 aut
2899 4171 3036 4239 ﬁlius
3083 4170 3596 4240 hominis,quoniarn
3621 4184 3827 4241 reputas

2253 4276 2364 4313 eum
2389 4259 2558 4330 (Psal.
2586 4261 2639 4316 8.
2667 4261 2720 4317 5.
2747 4260 2837 4330 6)?
2864 4261 3057 4331 adjecit
3085 4278 3099 4315 :
3131 4260 3359 4315 Minuisti
3393 4276 3507 4313 eum
3544 4261 3701 4329 paulo
3727 4264 3826 4313 mi-

2252 4368 2347 4406 nus
2371 4353 2432 4406 ab
2460 4352 2671 4424 angelis.
2696 4354 2941 4408 Attamen
2976 4352 3101 4408 licet
3131 4352 3342 4422 paulum
3368 4352 3436 4405 sit
3460 4349 3787 4405 discriminis
3808 4393 3823 4413 ,

2251 4448 2371 4517 quia
2417 4454 2595 4502 tamen
2633 4445 2845 4516 aliquod
2893 4445 3111 4501 interest
3156 4444 3472 4508 discrimen,
3514 4442 3823 4511 angelorum

2251 4540 2599 4595 substantiam
2629 4555 2732 4594 non
2760 4548 3006 4594 accurate
3050 4539 3316 4600 novimus,
3358 4537 3585 4606 licetque
3628 4536 3825 4591 millies

2253 4632 2710 4703 pliilosophcmur,
2743 4633 2981 4702 reperire
3009 4648 3113 4687 non
3146 4644 3444 4701 possumus.

2320 4724 2373 4779 4.
2406 4723 2525 4778 Νοη
2578 4724 2881 4796 Angelorum
2927 4724 3102 4790 modo,
3159 4722 3248 4776 sed
3296 4739 3357 4775 ne
3393 4720 3575 4774 anima:
3620 4722 3826 4792 quidem

2250 4827 2435 4870 ἥσειν-ω
2461 4817 2792 4871 substantiam
2838 4813 3309 4870 novimus.—Sed
3354 4828 3448 4867 cur
3498 4812 3563 4867 de
3620 4814 3825 4883 angelis

2250 4909 2437 4978 loquor
2464 4950 2479 4973 ,
2528 4924 2646 4963 cum
2680 4924 2747 4963 ne
2775 4907 2963 4961 animae
2993 4905 3204 4977 quidem
3233 4916 3427 4960 nostra:
3469 4905 3822 4960 substantiam

2252 5000 2386 5054 bene
2413 5015 2694 5054 noscamus
2717 5042 2731 5066 ,
2766 5000 2871 5053 imo
2900 5014 3027 5054 vero
3051 4998 3382 5053 nullatenus?
3406 4998 3552 5065 Quod
3580 4998 3625 5051 si
3656 4998 3731 5053 illi
3764 5014 3823 5053 se

2251 5105 2408 5146 nosse
2437 5090 2794 5155 contendant,
2825 5090 3085 5159 interroga
3110 5106 3227 5159 quae
3252 5089 3322 5142 sit
3349 5089 3537 5142 animm
3561 5090 3819 5142 subsuta-

2248 5183 2318 5236 tia
2338 5222 2354 5246 ,
2384 5196 2508 5235 num
2537 5196 2629 5235 aer
2656 5220 2673 5245 ,
2705 5195 2828 5234 num
2858 5180 3091 5250 spiritus.
3114 5194 3178 5232 an
3207 5190 3394 5232 ventus
3416 5218 3432 5242 ,
3484 5192 3549 5230 an
3600 5179 3740 5246 ignis
3762 5181 3773 5205 ‘
3797 5180 3819 5229 ἲ

2246 5273 2383 5329 Nihil
2400 5289 2584 5330 eorum
2610 5272 2821 5326 dicent:
2854 5272 2965 5325 haec
3000 5271 3191 5341 quippe
3214 5268 3388 5323 omnia
3416 5282 3641 5336 corpora
3662 5277 3813 5333 sunt,

2246 5367 2333 5421 illa
2364 5382 2491 5421 vero
2518 5366 2845 5434 incorporea.
2878 5363 3105 5432 Angelos
3131 5378 3235 5416 non
3284 5369 3571 5427 noverunt,
3605 5376 3706 5416 nec
3736 5360 3812 5428 ip-

2244 5473 2332 5513 sas
2381 5459 2585 5511 animas
2614 5470 2738 5509 suas
2788 5462 3044 5518 noscunt,
3082 5452 3267 5506 horum
3306 5461 3479 5506 autem
3538 5450 3811 5506 dominum

2244 5558 2298 5607 et
2324 5557 2618 5606 creatorem
2663 5563 2722 5603 se
2748 5545 2978 5618 perfecte
3030 5560 3189 5601 nosse
3217 5542 3541 5601 contendunt
3577 5562 3591 5598 :
3623 5542 3813 5615 ecquid

2310 5714 2327 5747 ι
2362 5719 2523 5774 Deest,
2548 5723 2612 5762 an
2642 5707 2781 5775 ignis,
2807 5709 2853 5759 in
2877 5706 3093 5772 phirhnis
3116 5705 3462 5768 manusu‘qitis.
