3926 6230
90 323 199 379 759

89 437 290 506 ἡμῶν,
341 445 414 496 οὐ
442 431 869 505 λογισθήσεται
904 432 1105 500 ἔτερος
1143 431 1292 497 πρὸς
1323 433 1528 490 αὑτὸν,
1563 433 1770 502 ἐπήγα-

1126 314 1214 370 DE
1253 314 1948 373 INCOMPREHENSIBILI
1984 314 2094 370 DEI
2131 313 2441 374 NATURA.
2482 314 2549 371 Υ.

3443 316 3546 373 710

1878 431 2109 498 πάντα,
2140 431 2241 486 καὶ
2280 427 2367 497 είς
2411 431 2623 498 Κύριος
2684 428 2914 495 Ἰησοῦς
2952 429 3224 497 Χριστὸς,
3267 430 3341 484 δι’
3373 428 3444 488 οὗ
3481 437 3550 490 τὰ

87 544 216 594 γενο
287 523 526 590 Ἓξεῦρε
573 520 782 575 πᾶσαν
819 519 964 574 ὁδὸν
993 519 1350 587 ἐπιστήμης,
1400 520 1497 571 καὶ
1551 520 1772 572 ἔδωκεν
1878 520 2092 573 πάντα.
2123 519 2224 572 Διά
2254 517 2410 572 τοῦτο
2444 518 2537 571 καὶ
2569 517 2630 570 τὸ
2663 512 2748 582 εἷς
2774 517 3132 589 προσέθηκεν,
3162 519 3250 572 ἵνα
3285 519 3359 601 μὴ
3387 522 3547 574 πολυ-

84 616 289 678 abab?
311 610 528 664 Ἰακὼϐ
557 609 636 675 τῷ
669 608 835 664 παιδὶ
866 607 1075 670 αὑτοῦ,
1110 607 1208 660 καὶ
1251 606 1489 674 Ἰσραὴλ
1525 605 1604 670 τῷ
1629 607 1770 675 ἠγα-

86 701 342 768 πημένῳ
374 699 478 752 ὑπ’
517 697 728 751 αὐτοῦ.
770 695 930 751 Μετὰ
966 696 1152 749 ταῦτα
1183 695 1282 747 ἐπὶ
1310 684 1418 761 τῆς
1458 694 1570 764 γῆς
1602 695 1768 763 ὤφθη

80 788 183 840 καί
209 787 339 852 τοῖς
365 785 699 854 ἀνθρώποις
723 781 1213 850 συνανεστράέρη.
1249 782 1308 834 '0
1336 782 1548 846 Παῦλος
1567 783 1644 844 δὲ,
1674 783 1769 846 Ἐξ

39 905 42 911 ·
77 869 168 930 ὧν
203 878 241 928 ό
267 874 548 943 Χριστὸς,
579 874 644 926 τὸ
668 871 819 925 κατὰ
851 868 1070 937 σάρκα,
1102 870 1288 939 φησὶν,
1323 872 1356 923 ό
1381 868 1467 922 ὢν
1491 871 1589 923 ἐπὶ
1621 871 1769 924 πάν-

79 979 204 1015 των
236 963 386 1029 Θεὸς
402 960 732 1031 εὐλογητὸς
767 961 854 1024 είς
880 958 1024 1024 τοὺς
1050 956 1293 1022 αἰῶνας,
1327 957 1489 1027 ἀμήν
1505 974 1520 989 ·
1548 959 1642 1011 καὶ
1664 959 1768 1012 πά-

79 1051 186 1112 λιν.
207 1051 343 1118 Πᾶς
367 1053 592 1120 πόρνος
624 1049 663 1117 ἢ
689 1045 1059 1112 πλεονέκτης
1075 1047 1184 1099 οὐκ
1211 1045 1336 1114 ἔχει
1363 1047 1768 1114 κληρονομίαν

76 1140 150 1192 ἐν
184 1139 264 1206 τῇ
301 1137 594 1203 βασιλείᾳ
623 1133 728 1189 τοῦ
759 1131 1018 1200 Χριστοῦ
1061 1131 1158 1184 καὶ
1207 1131 1356 1184 Θεοῦ
1375 1147 1388 1160 ·
1441 1133 1535 1184 καὶ
1565 1133 1726 1185 πάλιν
1750 1149 1762 1161 ’

78 1229 252 1281 Κατὰ
288 1226 411 1295 τὴν
436 1224 788 1292 ἐπιφάνειαν
825 1219 933 1274 τοῦ
961 1218 1230 1290 μεγάλου
1267 1219 1416 1272 Θεοῦ
1444 1220 1542 1274 καί
1570 1217 1767 1287 Σωτῆ-

70 1332 182 1382 ρος
234 1314 412 1384 ἡμῶν
453 1310 643 1378 Ἰησοῦ
690 1307 972 1377 Χριστοῦ.
1032 1308 1142 1360 Καὶ
1184 1308 1437 1377 Ἰωάννης
1490 1307 1548 1360 δὲ
1594 1306 1764 1372 οὕτως

77 1402 248 1456 αὑτὸν
280 1401 436 1456 καλεί
463 1398 665 1466 λέγων·
726 1398 822 1449 Ἐν
854 1394 1014 1464 ἀρχῇ
1046 1391 1123 1464 ἦν
1158 1398 1190 1449 ό
1224 1395 1434 1464 Λόγος,
1465 1393 1566 1448 καὶ
1595 1397 1630 1447 ό
1656 1393 1766 1448 Λό-

76 1507 187 1560 τυς
219 1487 295 1556 ἦν
320 1487 474 1554 πρὸς
502 1485 610 1539 τὸν
637 1480 805 1548 Θεὸν,
838 1483 937 1536 καὶ
965 1483 1110 1548 Θεὸς
1131 1479 1211 1552 ἦν
1244 1486 1277 1536 ὀ
1310 1484 1521 1552 Λόγος.

144 1585 215 1643 γ’.
233 1576 368 1638 Ναὶ,
396 1573 563 1644 φησίν
579 1589 590 1602 °
615 1572 729 1627 ἀλλ’
748 1575 925 1625 ἐκεῖνο
943 1569 1136 1635 δεῖξον,
1157 1570 1259 1623 ποῦ
1283 1569 1420 1640 μετά
1441 1568 1533 1622 τοῦ
1553 1571 1765 1641 Πατρὸς

73 1662 238 1714 αὑτὸν
263 1662 639 1714 συντάττουσα
671 1662 704 1732 η
733 1661 770 1712 Γ
779 1661 946 1730 ραφὴ,
980 1659 1183 1728 Κύριον
1220 1657 1310 1711 τὸν
1340 1657 1561 1728 Πατέρα
1587 1658 1760 1712 καλεῖ.

80 1748 229 1817 Ἐγὼ
273 1749 338 1802 δὲ
376 1750 439 1802 οὑ
470 1749 629 1801 τοῦτο
670 1747 918 1817 δείκνυμι
961 1747 1143 1816 μόνον,
1173 1746 1285 1799 ἀλλ’
1315 1746 1395 1799 ὅτι
1435 1746 1529 1798 καὶ
1560 1746 1764 1816 Κύριον

69 1837 160 1890 τὸν
195 1837 426 1908 Πατέρα
463 1836 638 1897 καλεῖ,
680 1836 774 1888 καὶ
805 1834 1012 1906 Κύριον
1061 1835 1152 1887 τὸν
1182 1835 1331 1895 Υίὸν,
1379 1833 1471 1886 καὶ
1518 1833 1599 1886 ὃτι
1633 1833 1766 1885 Θεὸν

67 1927 161 1978 τὸν
189 1927 427 1995 Πατέρα
463 1927 635 1988 καλεῖ,
666 1923 762 1977 καὶ
808 1924 890 1976 ὅτι
929 1923 1066 1976 Θεὸν
1110 1924 1200 1975 τὸν
1244 1921 1392 1985 Υίὸν,
1431 1921 1566 1992 ὁμοῦ
1595 1921 1766 1983 τιθεὶς

70 2016 321 2086 ἑκάτερα
347 2017 416 2068 τά
443 2015 702 2084 ὀνόματα.
733 2012 843 2066 Ποῦ
875 2009 969 2065 οὖν
1002 2011 1166 2064 τοῦτο
1192 2011 1338 2063 ἔστιν
1377 2011 1594 2082 εὑρεῖν;
1634 2013 1762 2062 Δια-

68 2105 374 2175 λεγόμενός
409 2121 538 2157 ποτε
571 2106 683 2165 τοῖς
717 2101 992 2164 Ἰουδαίοις
1024 2102 1052 2153 ὁ
1083 2101 1314 2172 Χριστός
1332 2118 1460 2171 φησι
1483 2117 1496 2128 ’
1538 2100 1597 2154 Τί
1623 2097 1766 2168 ὑμῖν

66 2194 248 2248 δοκεῖ
272 2191 413 2260 περὶ
441 2189 547 2245 τοῦ
569 2189 826 2259 Χριστοῦ
842 2205 860 2252 ;
895 2189 1056 2254 τίνος
1084 2189 1214 2254 υἱός
1241 2189 1449 2250 ἐστιν;
1487 2191 1551 2241 Ol
1581 2186 1647 2241 δὲ
1666 2187 1765 2240 λέ-

67 2298 300 2353 τυυσιν
331 2280 496 2344 αὐτῷ
516 2296 533 2312 ο
585 2278 694 2332 Τοῦ
723 2276 928 2332 Δαυΐδ.
999 2273 1170 2345 Λέγει
1211 2275 1414 2341 αὐτοῖς
1437 2294 1450 2308 ο
1493 2276 1626 2341 Πῶς
1653 2273 1766 2332 οὖν

64 2370 260 2426 Δαυτδ
287 2369 362 2423 ἐν
391 2368 682 2435 πνεύματι
706 2366 927 2435 Κύριον
952 2365 1140 2418 αὑτὸν
1167 2364 1344 2418 καλεῖ
1356 2363 1552 2432 λέγων
1571 2381 1584 2394 ·
1616 2362 1764 2418 Elis

67 2466 99 2515 ό
125 2463 362 2530 Κύριος
389 2457 470 2523 τῷ
502 2457 698 2525 Κυρίῳ
722 2473 865 2522 μου,
897 2453 1084 2508 κάθου
1105 2455 1172 2508 ἐκ
1198 2453 1414 2517 δεξιῶν
1433 2471 1587 2522 μο·υ;
1631 2455 1763 2509 Ἰδοὺ

67 2551 285 2621 Κύριος
321 2547 418 2600 καὶ
449 2545 670 2622 Κύριος.
725 2542 913 2596 Βούλει
952 2541 1143 2610 μαθεῖν
1185 2541 1288 2594 ποῦ
1334 2541 1466 2594 Θεὸν
1506 2542 1599 2595 καὶ
1631 2541 1764 2595 Θεὸν

67 2642 236 2694 καλεῖ
259 2637 359 2692 τὸν
388 2636 610 2706 Πατέρα
640 2634 732 2687 καὶ
751 2633 844 2686 τὸν
878 2631 1008 2684 Υίὸν
1033 2629 1169 2701 ὁμοῦ
1200 2630 1408 2684 τιθεῖσα
1430 2633 1464 2701 ἡ
1489 2631 1679 2701 Γραφή
1701 2644 1759 2698 ις

67 2732 315 2783 ἄκουσον
347 2725 446 2780 καὶ
465 2723 559 2777 τοῦ
589 2723 866 2794 προφήτου
889 2718 1053 2774 Δαυῒδ
1073 2721 1166 2772 καὶ
1188 2718 1283 2772 τοῦ
1305 2719 1603 2772 ἀποστόλου
1618 2718 1763 2773 Παύ-

67 2818 160 2871 λου
187 2815 360 2871 τοῦτο
389 2813 521 2868 αὑτὸ
540 2810 842 2883 δηλούντων
869 2811 1001 2881 ἡμῖν
1020 2825 1033 2839 ·
1060 2809 1122 2862 '0
1152 2809 1364 2877 θρόνος
1380 2823 1517 2869 σου,
1545 2811 1578 2862 ό
1595 2809 1760 2875 Θεὸς,

66 2912 152 2974 εις
177 2905 297 2961 τὸν
317 2901 505 2958 αιῶνα
519 2899 627 2955 τοῦ
655 2897 890 2963 αἰῶνος,
906 2896 1132 2964 ῥάϐδος
1149 2899 1474 2962 εὐθύτητος
1489 2899 1526 2965 ἡ
1538 2896 1763 2964 ῥάϐδος

69 2997 184 3063 τῆς
235 2992 567 3059 ,βασιλείας
608 3006 744 3044 σου.
802 2987 1151 3056 Ἠγάπησας
1189 2987 1607 3054 δικαιοσύνην,
1660 2989 1761 3042 καὶ

69 3089 388 3152 ἐμίσησας
419 3080 706 3148 ἀνομίαν·
757 3077 856 3131 διὰ
892 3077 1066 3131 τοῦτο
1108 3076 1319 3145 ἐχρισέ
1359 3092 1432 3131 σε
1463 3081 1496 3131 ὸ
1523 3079 1688 3144 Θεὸς,
1729 3082 1762 3132 ό

70 3176 227 3240 Θεός
258 3187 404 3232 σου,
432 3169 640 3222 ἔλαιον
670 3165 1082 3236 ἀγαλλιάσεως
1112 3167 1270 3232 παρὰ
1293 3166 1436 3232 τοὺς
1461 3168 1760 3236 μετόχους

67 3281 212 3318 σου.
262 3260 381 3314 Καὶ
423 3259 452 3310 ὁ
478 3255 690 3316 Παῦλος
746 3253 908 3307 πάλιν
945 3254 1048 3322 τὴν
1081 3253 1387 3324 μαρτυρίαν
1421 3254 1626 3324 ταύτην
1656 3256 1756 3309 ἐπ..

69 3354 260 3423 ἠγεγε
295 3346 495 3414 λέγων,
549 3334 702 3415 [484]
728 3341 809 3396 ὅτι
846 3341 874 3382 b
927 3341 1082 3410 Πρὸς
1125 3341 1242 3410 μὲν
1293 3341 1434 3407 τοὺς
1462 3343 1761 3412 ἀγγέλους

300 3412 493 3504 φήσιν
509 3448 525 3465 ο
551 3412 634 3486 ’⁸0
663 3412 849 3484 ,τριῶν
876 3429 1018 3496 τοὺς
1045 3428 1339 3498 ἀγγέλους
1371 3432 1558 3484 αὐτοῦ
1584 3434 1764 3486 πνεύ-

59 3543 264 3597 ματα.
322 3524 471 3592 πρὸς
508 3521 579 3576 δὲ
613 3521 721 3575 τὸν
758 3521 930 3575 Υίόν·
992 3519 1054 3572 '0
1080 3521 1293 3587 θρόνος
1331 3534 1472 3579 σου.
1517 3524 1551 3574 ὀ
1595 3521 1758 3587 Θεὸς,

60 3620 146 3682 εἰς
181 3614 300 3669 τὸν
343 3612 529 3666 αἰῶνα
568 3609 675 3664 τοῦ
703 3607 938 3674 αἰῶνος.
975 3607 1132 3670 Τίνος
1167 3603 1260 3661 οὖν
1287 3609 1478 3660 ἕνεκεν
1501 3607 1758 3672 ἐνταῦθα,

61 3705 231 3777 φησι,
253 3701 352 3755 τὸν
376 3700 475 3772 μὲν
505 3698 637 3752 Θεὸν
658 3697 877 3768 Πατέρα
903 3694 1151 3761 ἐκάλεσε,
1174 3696 1266 3750 τὸν
1296 3697 1353 3749 δὲ
1367 3697 1496 3750 Υίὸν
1522 3697 1758 3770 Κύριον;

135 3880 263 3951 Οὐχ
301 3876 493 3941 ἁπλῶς
534 3876 655 3930 ούδέ
696 3874 818 3945 είκῆ
867 3871 1102 3927 ἐνταῦθα
1141 3871 1298 3926 τοῦτο
1343 3873 1618 3942 ἐποίησεν,
1646 3875 1762 3929 ἀλλ’

63 3969 266 4038 ἐπειδὴ
291 3966 432 4038 πρὸς
442 3964 711 4034 Ἓλληνας
728 3958 796 4034 ἦν
821 3961 1021 4030 ὁλόγος
1043 3960 1191 4032 αὑτῷ
1217 3961 1509 4015 πολυθεῖαν
1541 3963 1762 4018 νοσοῦν.

60 4057 302 4123 τας.Ἷν’
337 4050 431 4108 οῦν
463 4052 537 4124 μὴ
560 4052 813 4120 λέγωσιν,
851 4052 932 4104 ὅτι
963 4051 1097 4120 ημῖν
1130 4049 1379 4118 ἐγκαλῶν
1415 4050 1492 4114 ὡς
1533 4052 1764 4119 πολλοὺς

61 4148 234 4210 θεοὺς
271 4143 496 4212 λέγουσι
535 4141 632 4194 καὶ
666 4139 894 4201 πολλοὺς
926 4139 1171 4208 κυρίους,
1211 4139 1373 4202 αὐτὸς
1411 4140 1612 4212 ἁλίσκῃ
1649 4145 1763 4207 τοῖς

67 4235 390 4305 ἐγκλήμασι
419 4229 629 4291 τούτοις
659 4227 815 4292 θεοὺς
845 4227 1039 4296 λέγων,
1079 4230 1172 4282 καὶ
1200 4229 1262 4280 οὐ
1293 4227 1457 4281 Θεόν·
1493 4228 1582 4282 διὰ
1603 4229 1765 4285 τοῦτο

59 4318 535 4391 συγκαταϐαίνων
554 4315 734 4372 αὑτῶν
757 4319 823 4388 τῇ
857 4315 1134 4388 ἀσθενείᾳ,
1164 4317 1336 4388 ἑτέρῳ
1359 4317 1515 4371 καλεῖ
1529 4318 1622 4373 τὸν
1635 4320 1765 4374 Υίὸν

59 4411 304 4479 ὀνόματι
334 4406 432 4477 τὴν
463 4405 633 4476 αὑτὴν
660 4403 889 4475 δύναμιν
923 4403 1120 4475 ἔχοντι.
1181 4407 1290 4460 Καὶ
1314 4407 1398 4458 ὅτι
1424 4407 1578 4461 τοῦτό
1615 4410 1764 4464 ἐστιν

61 4497 298 4567 ἀληθὲς,
334 4493 540 4548 ἀνωθεν
566 4492 892 4562 ἀναγνῶμεν
923 4492 1055 4546 αὑτὸ
1085 4494 1148 4546 τὸ
1180 4494 1400 4564 χωρίον,
1433 4494 1528 4548 καὶ
1549 4494 1762 4550 εἴσεσθε

64 4585 267 4655 σαφῶς
289 4584 374 4636 ὅτι
405 4582 502 4650 οὑχ
534 4581 802 4653 ἡμέτερός
842 4583 959 4634 ἐστι
991 4582 1298 4652 στοχασμὸς
1338 4582 1399 4636 τὸ
1439 4582 1758 4654 λεγόμενον·

63 4672 212 4742 Περὶ
235 4671 310 4725 δὲ
335 4669 452 4722 τῶν
471 4670 882 4723 εἰδωλοθύτων
906 4668 1156 4738 οἴδαμεν
1173 4668 1263 4723 ὅτι
1287 4669 1510 4738 πάντες
1538 4673 1763 4741 γνῶσιν

59 4764 316 4834 ἔχομεν.
335 4755 627 4827 Ἡγνῶσις
638 4757 853 4826 φυσιοῖ
872 4769 919 4819 ο,
943 4759 981 4826 ἢ
993 4757 1061 4810 δὲ
1071 4757 1270 4828 ἀγάπη
1287 4759 1601 4828 οἰκοδομεῖ.
1621 4763 1760 4828 Περὶ

61 4849 178 4916 τῆς
187 4846 485 4916 βρώσεως
506 4843 619 4900 οὖν
642 4845 760 4900 τῶν
775 4845 1185 4901 εἰδωλοθύτων
1206 4847 1454 4916 οἴδαμεν
1476 4848 1563 4902 ὅτι
1580 4848 1762 4903 οὐδὲν

60 4937 334 4991 εΐδωλσν
353 4934 423 4987 ἐν
439 4936 663 5004 κόσμῳ.
678 4936 772 4988 καί
793 4934 879 4988 ὅτι
897 4934 1096 5000 οὐδεὶς
1111 4937 1254 5002 Θεὸς
1269 4936 1470 5003 ἕτερος
1481 4939 1531 4990 εί
1549 4937 1634 5007 μὴ
1649 4932 1754 5005 εἷς.

70 5027 248 5097 Ὁρᾷς
269 5025 356 5077 ὅτι
390 5023 526 5092 πρὸς
553 5023 794 5086 ἐκείνους
819 5024 1238 5095 ἀποτεινόμενος
1265 5024 1438 5078 ταῦτα
1459 5026 1604 5094 λέγει
1633 5027 1760 5091 τοὺς

62 5113 305 5175 πολλοὺς
324 5105 462 5163 εἶναι
489 5110 812 5181 νομίζοντας
839 5110 1023 5175 θεούςς
1065 5112 1174 5166 Καὶ
1196 5113 1305 5181 γὰρ
1318 5112 1484 5180 εἴπερ
1516 5114 1634 5167 εἰσί
1661 5118 1760 5168 λεο

63 5202 312 5269 γόμενοι
331 5198 450 5252 θεοὶ
468 5198 708 5262 πολλοὶ,
729 5197 846 5269 [καὶ
874 5199 1065 5268 κύριοι
1084 5199 1346 5271 πολλοί,]
1364 5201 1483 5255 εἴτε
1500 5203 1568 5255 ἐν
1583 5205 1759 5270 οὐρα-

61 5286 316 5352 νῷ,εῑτε
331 5286 429 5338 ἐπὶ
458 5286 568 5353 τῆς
595 5285 710 5354 γῆς
729 5284 915 5354 (πάλιν
945 5288 1078 5358 πρὸς
1100 5290 1340 5352 ἐκείνους
1361 5289 1614 5360 μάχεται)
1635 5291 1754 5346 ὥσ-

62 5386 179 5440 περ
200 5365 324 5424 οὖν
350 5371 469 5423 είσι
491 5369 613 5424 θεοί
635 5371 849 5423 πολλιῖ
877 5371 976 5424 καὶ
1003 5374 1192 5441 κύριοι
1221 5376 1458 5439 πολλοὶ,
1479 5375 1621 5428 τοῦτ’
1641 5375 1755 5429 ἔστι

63 5459 390 5530 Αεγόμενοι·
435 5457 574 5512 ἀλλ’
613 5457 762 5527 ἡμῖν
799 5452 889 5524 εἷς
922 5459 1067 5523 Θεὸς
1099 5462 1132 5512 ό
1178 5460 1382 5530 Πατὴρ
1407 5501 1422 5526 ,
1459 5461 1526 5526 ἐξ
1565 5459 1638 5517 οὗ
1687 5466 1756 5516 τὰ

127 5613 145 5636 ⁸
175 5614 295 5663 llas.
324 5611 548 5676 nonnulli
574 5614 694 5676 ὅμου
717 5614 888 5674 neck;

129 5677 161 5716 δ
181 5677 285 5745 _A|iI
310 5688 422 5745 euq!
460 5675 652 5745 _Sav_ilio
685 5676 826 5725 πάλιν
849 5678 955 5740 περὶ
984 5675 1070 5725 τοῦ
1107 5679 1318 5742 Χριστοῦ
1352 5684 1438 5739 τήν
1481 5700 1530 5745 μ.
1577 5683 1751 5742 ταύτην

68 5737 777 5849 ’Ὓῂἷῗέξὶῗξὼῆἰαδῗὰάυηι
798 5800 839 5849 ιι
863 5737 1041 5862 γνῶσιν
1060 5737 1165 5866 ιχοί

437 5836 448 5846 .
1145 5818 1248 5864 μιν.

431 5889 704 5952 ΡΔΤιιοι..
753 5894 871 5953 (in.
919 5892 1198 5954 XLVIII.

1879 607 2027 662 θεῖαν
2059 607 2373 676 εἰσάγεσθαι
2408 605 2568 660 πάλιν
2598 606 2792 658 ἐκεῖνοι
2823 606 3117 674 νομίζωσι,
3159 608 3254 660 καὶ
3287 607 3382 661 ἕνα
3415 608 3548 662 Θεὸν

1875 697 1966 749 τὸν
2001 697 2220 766 Πατέρα
2253 696 2532 758 ἐκάλεσεν,
2566 695 2665 748 οὐκ
2699 693 2975 748 ἐκϐάλλων
3015 696 3105 746 τὸν
3134 696 3262 748 Υίὸν
3299 697 3400 767 τῆς
3427 697 3546 750 θεός

1873 801 2054 854 τητος,
2091 783 2279 854 ὥσπερ
2309 778 2402 837 οὖν
2440 783 2535 835 καὶ
2563 782 2660 834 ἕνα
2685 781 2889 851 Κύριον
2916 782 3008 834 τὸν
3037 782 3182 845 Υίὸν,
3219 784 3317 836 οὑκ
3352 784 3550 838 ἐκϐάλ-

1874 871 1981 924 λων
2004 873 2105 942 τῆς
2130 871 2448 941 κυριότητος
2467 869 2557 922 τὸν
2589 869 2826 937 Πατέρα.
2854 868 2989 921 ἀλλά
3017 870 3116 939 τὴν
3143 871 3366 924 ἐκείνων
3392 872 3550 926 ἀσθέ·

1874 975 2021 1011 νειαν
2047 957 2455 1029 διορθούμενος,
2496 957 2590 1010 καὶ
2627 955 2896 1026 μηδεμίαν
2942 955 3124 1018 αὐτοῖς
3152 955 3335 1012 δοῦναι
3377 958 3548 1029 λαϐὴν

1876 1044 2211 1116 βουλόμενος.
2245 1043 2415 1096 Τοῦτο
2438 1042 2568 1112 γοῦν
2597 1043 2693 1095 καὶ
2719 1043 2890 1096 αίτιον
2912 1043 3099 1111 γέγονε
3126 1044 3219 1096 τοῦ
3251 1045 3326 1116 μὴ
3359 1046 3548 1114 σαφῶς

1877 1132 2012 1202 μηδὲ
2041 1131 2310 1202 φανερῶς,
2345 1129 2460 1183 ἀλλ’
2490 1129 2746 1200 ἀμυδρῶς
2775 1147 2890 1192 πως
2915 1130 3010 1182 καὶ
3058 1131 3298 1194 σπανίως
3327 1132 3414 1186 διὰ
3438 1133 3549 1186 τῶν

1874 1222 2168 1292 προφητῶν
2217 1220 2586 1292 γνωρισθῆναι
2633 1222 2744 1282 τοῖς
2799 1219 3071 1283 Ἰουδαίοις
3130 1220 3220 1272 τὸν
3274 1221 3404 1273 Υίὸν
3452 1221 3548 1275 τοῦ

1872 1309 2026 1362 Θεοῦ.
2063 1311 2222 1378 Ι’Λρτι
2253 1309 2360 1378 γὰρ
2393 1308 2491 1378 τῆς
2547 1306 2806 1359 πολυθέΟυ
2843 1306 3052 1376 πλάνης
3099 1307 3508 1376 ἀπαλλαγέντες
3530 1351 3544 1372 ,

1873 1399 1921 1448 εί
1961 1395 2121 1449 πάλιν
2157 1396 2394 1464 ἥκουσαν
2425 1394 2558 1446 Θεὸν
2589 1395 2682 1446 καὶ
2712 1393 2863 1449 Θεὸν.
2905 1393 3042 1464 πρὸς
3093 1395 3190 1465 τὴν
3220 1395 3390 1465 αὐτὴν
3429 1395 3493 1450 ἂν
3517 1395 3543 1434 ἀ

1749 1526 1763 1543 ,
1872 1483 2217 1555 ὑπέστρεψαν
2244 1483 2416 1535 νόσον.
2453 1481 2551 1534 Διά
2591 1481 2746 1532 τοῦτο
2776 1477 2898 1534 ἄνω
2922 1482 3015 1534 καὶ
3049 1482 3200 1534 κάτω
3229 1482 3469 1552 συνεχῶς
3497 1485 3545 1537 οἱ

1873 1572 2146 1642 προφῆται
2186 1571 2431 1638 λέγουσιν
2454 1571 2535 1623 ὅτι
2560 1565 2647 1635 εἷς
2677 1570 2841 1634 Θεὸς,
2887 1571 2987 1624 καὶ
3019 1570 3189 1639 πλὴν
3213 1573 3399 1626 αὑτοῦ
3434 1575 3546 1626 οὐκ

1872 1657 2042 1711 ἐστιν
2060 1675 2072 1687 ·
2099 1659 2220 1727 ούχὶ
2248 1658 2337 1710 τὸν
2365 1657 2492 1710 Υίὸν
2521 1656 2861 1720 ἀθετοῦντες,
2895 1656 2970 1728 μὴ
3003 1657 3232 1725 γένοιτο,
3271 1658 3408 1711 ἀλλά
3446 1661 3546 1728 τὴν

1872 1746 2094 1800 ἐκείνων
2127 1745 2407 1799 ἀσθένειαν
2446 1745 2781 1816 θεραπεῦσαι
2831 1744 3163 1817 βουλόμενοι,
3220 1748 3312 1800 καὶ
3358 1751 3546 1805 πεῖσαι

1872 1833 2007 1896 τέως
2053 1834 2153 1903 τῆς
2204 1835 2312 1886 τῶν
2346 1833 2554 1886 πολλῶν
2603 1832 2740 1885 θεῶν
2788 1835 2880 1886 καὶ
2925 1834 3024 1886 οὑκ
3079 1834 3249 1888 ὄντων
3289 1836 3546 1902 ὑπονοίας

1872 1921 2267 1992 ἀπαλλαγῆναι.
2304 1921 2472 1974 Ὅταν
2499 1919 2679 1973 τοίνυν
2711 1920 2951 1993 ἀκούσῃς
2975 1922 3036 1974 τὸ
3073 1917 3159 1987 εἷς
3191 1922 3282 1975 καὶ
3309 1922 3508 1989 οὐδεὶς
3533 1969 3542 1980 .

1873 2009 1966 2062 καὶ
1997 2009 2099 2063 ὅσα
2127 2007 2376 2070 τοιαῦτα,
2405 2007 2479 2078 μὴ
2508 2007 2608 2077 τῆς
2641 2007 2867 2077 Τριάδος
2901 2007 3208 2082 ἐλαττώσῃς
3238 2009 3335 2080 τὴν
3365 2010 3540 2077 δόξαν,

1872 2097 2008 2152 ἀλλά
2037 2098 2100 2150 τὸ
2131 2098 2292 2169 μέσον
2327 2096 2498 2165 αὐτῆς
2527 2096 2662 2167 πρὸς
2696 2098 2794 2167 τὴν
2838 2097 3016 2150 κτίσιν
3058 2097 3145 2150 διά
3169 2097 3374 2152 τούτων
3410 2100 3544 2170 μάν-

1873 2186 1998 2240 θανε
2041 2185 2147 2240 τῶν
2176 2185 2461 2256 ῥημάτων
2510 2186 2632 2236 ἐπεὶ
2665 2185 2780 2237 ’καὶ
2825 2185 3058 2255 ἀλλαχοῦ
3105 2203 3269 2256 φησι·
3305 2188 3401 2253 Τίς
3433 2188 3542 2256 γὰρ

1869 2274 2022 2343 ἔγνω
2059 2272 2210 2326 νοῦν
2237 2271 2488 2338 Κυρίου;
2532 2273 2640 2325 Καὶ
2672 2273 2752 2324 ὅτι
2779 2271 2937 2324 τοῦτό
2976 2274 3123 2326 ἐστιν
3158 2274 3414 2337 ἐνταῦθα,
3443 2280 3536 2328 καὶ

1869 2359 1992 2414 οὔτε
2026 2362 2115 2413 τὸν
2149 2359 2294 2422 Υἰὸν,
2327 2357 2450 2412 οῦτε
2480 2358 2540 2412 τὸ
2576 2359 2799 2430 Πνεῦμα
2840 2353 3092 2412 ἐκϐάλλει
3121 2362 3220 2432 τῆς
3253 2360 3503 2429 γνώσεως
3523 2401 3540 2423 ,

1870 2448 2350 2520 προαποδέδεικται
2396 2447 2454 2498 ἐν
2496 2449 2607 2510 τοῖς
2647 2447 2902 2518 ἀνωτέρω
2939 2448 3282 2518 εἰρημένοις,
3324 2449 3408 2501 ὅτε
3443 2450 3542 2518 τὴν

1872 2533 2178 2605 μαρτυρίαν
2223 2531 2618 2604 ωρηγάγομεν
2656 2534 2753 2604 τὴν
2784 2533 3066 2601 λέγουσαν’
3129 2536 3224 2601 Τίς
3263 2535 3373 2606 γὰρ
3417 2531 3543 2589 οἵδε

1867 2621 1941 2676 τὰ
1969 2621 2074 2675 τοῦ
2111 2619 2423 2685 ἀνθρώπου
2443 2661 2457 2683 ,
2494 2622 2548 2673 εί
2582 2618 2669 2690 μὴ
2701 2620 2769 2673 τὸ
2806 2621 3042 2691 πνεῦμα
3079 2622 3185 2676 τοῦ
3224 2624 3541 2692 ἀνθρώπου

1867 2709 1934 2763 τὸ
1975 2709 2046 2762 ἐν
2093 2706 2287 2773 αὑτῷ;
2343 2707 2506 2761 Οὕτω
2553 2707 2650 2761 καί
2693 2709 2765 2762 τὰ
2811 2708 2959 2763 Θεοῦ
3007 2709 3206 2777 οὐδεὶς
3247 2711 3446 2775 οίδεν,
3488 2715 3542 2766 εί

1861 2797 1948 2868 μὴ
1982 2797 2050 2852 τὸ
2081 2797 2322 2866 Πνεῦμα
2348 2795 2453 2850 τοῦ
2481 2796 2650 2851 Θεοῦ.
2692 2797 2801 2850 Καὶ
2826 2797 2985 2852 πάλιν
3011 2800 3039 2851 ὁ
3077 2800 3308 2867 Χριστός
3341 2816 3536 2870 φησιν’

1870 2886 2075 2950 Οὐδεὶς
2111 2885 2389 2955 γινώσκει
2417 2886 2525 2939 τὸν
2569 2887 2724 2951 Υίὸν,
2753 2890 2806 2940 εί
2834 2888 2919 2958 μὴ
2946 2889 2977 2940 ὁ
3009 2888 3228 2955 Πατὴρ.
3267 2888 3409 2942 οὐδὲ
3433 2891 3541 2943 τεν

1869 2974 2098 3044 Πατέρα
2144 2993 2233 3041 τις
2271 2973 2646 3044 ἐπιγινώσκει
2672 2987 2719 3038 θ,
2746 2978 2798 3029 εί
2831 2977 2915 3044 μὴ
2939 2979 2971 3030 ό
2996 2977 3145 3042 Υἱός,
3174 2976 3328 3029 (ὶῦτω
3357 2978 3418 3048 δὴ
3444 2982 3538 3031 καὶ

1866 3062 2132 3116 ἐνταῦθα’
2166 3064 2290 3132 Οὐχ
2329 3062 2417 3115 ὅτι
2459 3063 2564 3116 τὸν
2591 3063 2826 3132 Πατέρα
2856 3081 2943 3128 τις
2973 3063 3251 3132 ἑώρακεν.
3291 3065 3345 3118 ει
3371 3065 3458 3134 μὴ
3505 3068 3540 3119 ό

1866 3143 1952 3199 ὢν
1967 3147 2036 3200 ἐκ
2056 3144 2163 3199 τοῦ
2187 3145 2356 3200 Θεοῦο
2380 3139 2559 3211 οὗτος
2587 3145 2806 3213 ἑώρακε
2822 3148 2928 3199 τὸν
2949 3146 3199 3214 Πατέρα.
3238 3145 3406 3218 Ὀμοῦ
3428 3149 3538 3219 γὰρ

1867 3234 1946 3287 ὅτι
1977 3233 2113 3303 μετά
2143 3232 2428 3304 ἀκριϐείας
2461 3233 2624 3287 αὑτὸν
2649 3227 2809 3294 οἶδεν,
2834 3225 2975 3300 εἷτὶε,
3001 3234 3096 3287 καὶ
3121 3234 3218 3306 τὴν
3243 3235 3420 3289 αἰτίαν
3448 3236 3538 3288 τέ-

1868 3320 2064 3385 θεικεν,
2090 3321 2158 3374 δι’
2196 3321 2264 3390 ἣν
2305 3315 2432 3373 οἶδε.
2469 3321 2564 3384 Τίς
2592 3321 2650 3374 δὲ
2681 3323 2714 3393 ἡ
2752 3322 2935 3386 αἰτίας
2979 3321 3053 3374 Τὸ
3094 3320 3152 3388 ἐξ
3185 3321 3350 3375 αὑτοῦ
3382 3320 3534 3394 [485)

1867 3405 2035 3462 εἶναι·
2070 3407 2162 3461 τοῦ
2200 3407 2257 3461 δὲ
2301 3407 2360 3472 ἐξ
2390 3407 2553 3461 αὑτοῦ
2602 3403 2740 3461 εἶναι
2781 3408 2945 3463 πάλιν
2988 3409 3261 3474 ἀπόδειξις
3302 3410 3364 3464 τὸ
3399 3411 3539 3480 μετὰ

1867 3494 2149 3567 ἀκριϐείας
2163 3495 2323 3549 αὑτὸν
2344 3495 2559 3548 εἰδέναι.
2584 3495 2681 3548 Διά
2701 3495 2858 3548 τοῦτο
2886 3483 2993 3566 γὰρ
3014 3496 3174 3549 αὑτὸν
3195 3491 3304 3549 οἶδε
3325 3497 3535 3567 σαφῶς,

1867 3580 2050 3652 ἐπειδὴ
2091 3579 2150 3646 ἐξ
2191 3580 2355 3634 αὑτοῦ
2399 3582 2570 3644 ἐστιν,
2607 3580 2699 3632 καὶ
2729 3584 2954 3651 σημεῖον
2982 3579 3077 3634 τοῦ
3107 3580 3166 3647 ἐξ
3196 3581 3362 3635 αὐτοῦ
3393 3578 3533 3637 εἶναι

1864 3669 1926 3722 τὸ
1953 3669 2145 3721 είδέναι
2166 3667 2327 3721 αὑτὸν
2361 3668 2565 3736 σαφῶς.
2593 3669 2764 3721 Οὑσία
2803 3670 2910 3739 γάρ
2942 3669 3127 3722 οὐσίαν
3161 3671 3534 3741 ὑπερέχουσαν

1865 3759 1964 3811 οὑκ
1993 3757 2058 3810 ἂν
2083 3756 2331 3828 δυνηθείη
2357 3757 2538 3820 καλῶς
2561 3757 2794 3821 εἰδέναι,
2834 3757 2938 3812 κᾶν
2969 3758 3149 3826 ὀλίγον
3249 3760 3310 3812 τὸ
3340 3759 3527 3829 μέσον.

1870 3843 2132 3895 Ἄκουσον
2158 3841 2288 3910 γοῦν
2319 3842 2444 3912 περὶ
2474 3841 2581 3894 τῶν
2614 3842 2859 3909 ἀγγέλων
2885 3842 2936 3896 τί
2960 3861 3124 3914 φησιν
3153 3845 3182 3896 ὁ
3211 3846 3494 3916 προφήτης
3515 3885 3530 3908 ,

1869 3929 1962 3983 καὶ
1997 3927 2123 3999 περὶ
2155 3928 2251 3998 τῆς
2277 3927 2621 4000 ἀνθρωπίνης
2651 3929 2884 3998 φύσεως.
2919 3931 2999 3984 ὅτι
3037 3930 3216 4000 ὀλίγον
3247 3931 3308 3984 τὸ
3347 3931 3534 4000 διάφου

1872 4033 1962 4088 ρον
1987 4016 2187 4085 ταύτης
2214 4015 2495 4087 κάκείνης.
2528 4015 2709 4070 Είπὼν
2743 4016 2874 4089 γὰρ.
2911 4015 2976 4070 Τί
2999 4016 3172 4071 ἐστιν
3201 4017 3531 4086 ἄνθρωπος,

1869 4103 1956 4156 ὅτι
1985 4101 2294 4173 μιμνήσκῃ
2323 4103 2529 4164 αὑτοῦ,
2572 4104 2610 4172 ἣ
2663 4105 2792 4170 υίὸς
2823 4104 3160 4172 ἀνθρώπου,
3191 4105 3281 4159 ὅτι
3329 4103 3532 4175 λογίζῃ

1869 4190 2088 4252 αὐτόν;
2121 4191 2417 4261 ἐπήγαγεν,
2465 4189 2846 4260 ’Πλάττωσας
2875 4193 3062 4248 αὑτὸν
3083 4194 3284 4262 βραχύ
3317 4210 3369 4246 τι
3396 4195 3532 4260 παρ’

1868 4279 2181 4349 ἀγγέλους.
2237 4279 2373 4331 Ἀλλ’
2407 4281 2555 4351 ὅμως
2588 4281 2636 4333 εί
2679 4281 2772 4334 καὶ
2809 4280 2980 4353 βραχὺ
3011 4281 3074 4335 τὸ
3119 4282 3301 4352 μέσον,
3344 4282 3530 4354 ἐπειδὴ

1868 4361 2004 4426 ὅλως
2033 4365 2148 4416 ἐστί
2177 4381 2230 4418 τι
2267 4363 2449 4434 μέσον,
2491 4366 2590 4419 οὑκ
2618 4365 2840 4436 οἴδαμεν
2879 4368 3018 4439 μετὰ
3053 4368 3338 4439 ἀκριϐείας
3368 4369 3533 4437 ἀγγέ-

1867 4447 1974 4502 λων
1998 4449 2205 4513 ούσίαν,
2235 4451 2340 4505 κᾶν
2387 4453 2556 4524 μυρία
2596 4453 3068 4527 φιλοσοφήσωμεν,
3117 4455 3298 4525 εὑρεῖν
3337 4455 3396 4509 οὑ
3435 4456 3530 4510 δυ-

1867 4534 2095 4605 νάμεθα.

1935 4707 1997 4761 δ’.
2032 4711 2139 4763 Καὶ
2166 4711 2216 4763 τί
2239 4711 2378 4780 λέγω
2412 4713 2675 4782 ἀγγέλων,
2695 4715 2824 4768 ὅπου
2841 4733 2903 4785 γε
2921 4717 3037 4770 οὑδὲ
3059 4717 3227 4788 αὑτῆς
3260 4719 3356 4789 τῆς
3388 4721 3527 4789 ήμεο

1864 4795 2026 4866 τέρας
2065 4797 2241 4868 ψυχῆς
2283 4801 2381 4872 τὴν
2409 4801 2595 4855 οὐσίαν
2642 4803 2797 4872 ἴσμεν
2829 4803 3028 4867 καλῶς,
3075 4807 3272 4874 μᾶλλον
3307 4806 3363 4859 δὲ
3407 4807 3528 4860 οὐδὲ

1864 4884 2111 4940 ὁπωσοῦν
2136 4904 2150 4953 ;
2189 4888 2247 4940 Ei
2276 4887 2332 4941 δὲ
2362 4891 2556 4943 ἐκεῖνοι
2589 4890 2980 4959 φιλονεικοῦσιν
3010 4893 3225 4956 εἰδέναι,
3254 4893 3526 4964 ἐρώτησον

1863 4972 1916 5025 τί
1947 4990 2077 5026 ποτε
2122 4974 2236 5027 ἐστι
2269 4976 2365 5048 τὴν
2405 4978 2592 5031 οὐσίαν
2620 4978 2825 5051 ἡψυχὴ
2847 4995 2860 5009 ο
2894 4976 3001 5050 ἆρα
3029 4980 3170 5050 ἀὴρ,
3203 4980 3235 5050 ἢ
3268 4981 3484 5051 πνεῦμα
3509 5021 3522 5040 .

1865 5059 1897 5129 ἢ
1925 5060 2143 5131 ἄνεμος,
2173 5063 2204 5134 ἢ
2232 5064 2343 5136 πῦρ
2378 5066 2430 5128 ῖς
2478 5066 2616 5118 Ἀλλ’
2645 5066 2797 5119 οὐδὲν
2845 5066 3050 5120 τούτων
3101 5067 3317 5139 ἐροῦσι,
3347 5069 3517 5122 ταῦτα

1861 5147 1969 5220 γάρ
2013 5152 2191 5205 πάντα
2231 5153 2488 5222 σώματα,
2537 5156 2722 5225 ἐκείνη
2760 5155 2816 5208 δὲ
2846 5155 3154 5226 ἀσώματος.
3187 5152 3321 5210 Εἶτα
3359 5159 3525 5225 ἀγγέ-

1860 5234 1986 5299 λους
2031 5239 2128 5308 μὲν
2167 5241 2266 5294 οὑκ
2303 5241 2502 5306 ἴσασιν,
2550 5242 2668 5296 οὑδὲ
2714 5243 2812 5305 τὰς
2851 5241 3059 5296 ἐαυτῶν
3107 5244 3313 5314 ψυχὰς,
3344 5245 3435 5296 τὸν
3467 5245 3522 5298 δὲ

1859 5326 2078 5381 πάντων
2115 5331 2390 5402 Δεσπότην
2423 5333 2516 5385 καὶ
2558 5332 2893 5402 δημιουργὸν
2929 5331 3125 5386 εἰδέναι
3161 5333 3522 5402 φιλονεικοῦσι

1859 5417 1997 5486 μετὰ
2034 5419 2348 5491 ἀκριϐείας;
2395 5422 2488 5476 καὶ
2532 5423 2584 5475 τί
2629 5421 2830 5492 ταύτης
2871 5421 3068 5490 γένοιτ’
3111 5423 3177 5477 ἂν
3203 5425 3301 5494 τῆς
3341 5423 3522 5490 ἀνοίας

1858 5505 2072 5574 χεῖρον;
2100 5507 2208 5560 Καὶ
2232 5509 2284 5560 τί
2308 5508 2468 5577 λέγω,
2491 5510 2542 5562 τί
2571 5509 2668 5581 τὴν
2691 5509 2877 5564 οὑσίαν
2903 5511 3048 5564 ἐστὶν
3073 5512 3106 5581 ὴ
3128 5511 3302 5583 ψυχῆς
3331 5511 3522 5577 Ὅπως

1915 5618 1940 5657 ἀ
1964 5621 2149 5692 μοι-431ἶ
2174 5633 2222 5672 el
2241 5624 2440 5692 guifam
2482 5639 2593 5692 (usq.
2620 5626 2734 5692 πρὸς
2779 5626 2961 5692 ταύτην.
2991 5627 3065 5686 ἄν,
3091 5629 3176 5678 alii
3219 5626 3361 5690 (inter
3401 5640 3520 5692 quos

1849 5681 2294 5773 'Sagiﬂnuyg'rji:
2308 5688 2453 5746 αὐτὴν
2479 5689 2535 5737 ἄν
2561 5681 3111 5753 (ᾳιιὸάίνεεενίρείιιιιιέ).

1971 5745 2071 5795 ΑΙίὶ
2095 5745 2331 5808 γινώσκει.

1927 5801 1950 5843 ί
1995 5809 2054 5856 Ἦ
2077 5801 2172 5872 τξῦρ
2193 5801 2338 5861 ἀθεεὶ
2359 5814 2405 5860 in
2428 5809 2649 5873 plurimis
2670 5813 2958 5875 πιεηιιεετὶρῖ
2969 5814 3023 5862 is.

3120 5891 3194 5955 ιιι
