3868 6260
117 351 198 403 7M

116 465 201 517 hac
236 455 429 514 Insania
474 449 730 505 dcterius‘?
760 448 864 502 Cur
906 459 1080 500 autem
1119 447 1237 500 dico
1263 488 1276 508 ,
1321 460 1436 515 qute
1461 445 1528 499 sit
1559 445 1672 497 ani-

116 571 203 606 ina:
236 541 558 599 substantia?
587 539 663 594 Ne
691 537 902 608 quidem
935 536 1198 604 quomodo
1241 536 1309 588 sit
1357 536 1406 587 in
1448 548 1672 601 corpore

114 637 354 709 quispiam
385 634 562 688 dicere
607 639 798 700 potest.
837 630 968 698 Quid
998 630 1137 683 enim
1173 627 1410 690 dicatur,
1438 642 1504 679 an
1554 642 1670 679 eam

112 735 154 784 in
195 736 300 782 tota
324 724 560 794 corporis
599 722 739 775 mole
783 719 1038 775 extendi?
1065 718 1167 772 Sed
1216 718 1313 770 hoc
1343 716 1627 770 absurdum
1655 757 1670 780 ,

113 824 154 876 id
183 820 371 888 quippe
399 813 710 884 corporibus
742 814 1008 880 proprium
1054 819 1152 862 est.
1183 807 1332 873 Quod
1357 818 1533 860 autem
1563 808 1673 858 ani-

111 930 182 967 ma
214 911 288 964 sic
318 923 436 962 esse
475 920 578 960 non
626 904 830 973 possit,
860 901 982 954 hinc
1022 900 1186 968 liquet
1213 918 1225 950 :
1258 913 1400 966 sepe
1429 899 1674 950 manibus

109 1004 422 1073 pedibusque
473 996 706 1066 prmcisis
746 1034 761 1056 ,
812 993 1016 1061 integra
1079 991 1167 1044 illa
1223 999 1441 1052 manet,
1494 1003 1668 1056 neque

115 1103 345 1147 truncato
369 1101 594 1156 corpore
623 1083 806 1137 mutila
838 1082 1084 1136 efticitur.
1120 1081 1306 1133 Verum
1340 1080 1391 1132 in
1424 1087 1534 1132 toto
1560 1094 1672 1131 cor-

111 1198 231 1252 pore
277 1196 379 1234 non
425 1155 533 1241 eSt,
588 1174 679 1228 sed
731 1174 781 1226 in
833 1183 984 1240 parte
1025 1170 1247 1239 quadam
1290 1155 1674 1222 continetnr‘:

113 1288 233 1343 ergo
279 1270 476 1338 reliqua
509 1264 743 1319 membra
775 1271 979 1317 mortua
1007 1275 1125 1315 esse
1165 1274 1382 1313 necesse
1411 1269 1528 1322 est,
1557 1273 1677 1311 nam

109 1365 240 1438 quod
283 1362 656 1422 inanimatum,
687 1366 952 1410 mortuum
1011 1363 1113 1408 est.
1157 1353 1222 1405 At
1268 1368 1366 1404 nec
1417 1350 1542 1404 illud
1596 1349 1678 1402 di-

109 1457 323 1513 cendum
351 1495 365 1518 ,
413 1451 503 1505 sed
534 1450 675 1503 illam
707 1445 918 1516 quidem
971 1445 1025 1498 in
1071 1458 1294 1512 corpore
1329 1456 1449 1496 esse
1495 1453 1678 1495 noSIro

108 1551 296 1602 scimus
321 1587 334 1608 ,
382 1541 648 1612 quomodo
677 1547 856 1592 autem
894 1538 1000 1599 sit,
1043 1536 1364 1606 ignoramus.
1395 1534 1679 1601 Propterea

107 1640 240 1693 enim
280 1638 419 1690 Deus
451 1634 584 1687 hanc
630 1633 780 1685 nobis
817 1629 1168 1697 cognitionem
1209 1625 1418 1694 penitus
1445 1624 1680 1678 occulta-

104 1735 167 1783 vit
199 1773 213 1791 ,
242 1739 300 1782 ut
331 1727 483 1781 nobis
512 1741 603 1779 ora
651 1723 896 1777 fraenaret
918 1763 932 1783 ,
961 1721 1282 1781 contineret,
1315 1726 1479 1786 atque
1515 1715 1566 1768 in
1598 1717 1679 1768 in-

105 1821 236 1874 fimis
267 1832 484 1870 manere
528 1813 776 1868 suaderet
799 1853 812 1872 ,
859 1826 922 1863 ne
960 1826 1076 1879 qua:
1103 1824 1258 1876 supra
1291 1822 1388 1860 nos
1437 1813 1562 1859 sunt
1590 1821 1683 1859 eu-

102 1914 238 1966 riose
269 1919 646 1968 serutarenmr,
681 1914 771 1956 aut
801 1897 1448 1970 perquireremusNerum
1477 1912 1543 1949 ne
1572 1896 1684 1948 lucc

103 2001 397 2055 ratiociniis
442 1997 636 2052 nostris
685 1995 1153 2057 demonstremus,
1202 2007 1298 2060 age
1352 2005 1562 2044 rursum
1618 1989 1684 2041 ad

103 2093 431 2159 Scriptnram
477 2101 778 2141 Sermonem
810 2095 1217 2138 convertamus:
1254 2081 1375 2135 Non
1416 2081 1536 2150 quia
1573 2078 1684 2132 Pa-

103 2195 221 2236 trem
255 2182 377 2234 vidit
419 2178 718 2250 quisquam,
765 2175 862 2227 nisi
913 2175 997 2244 qui
1042 2190 1104 2225 ex
1133 2171 1236 2224 Dio
1281 2181 1392 2237 est,
1440 2170 1521 2224 hic
1561 2171 1684 2223 vidit

104 2275 313 2327 Patrem
343 2271 514 2340 (Jomt.
563 2268 615 2323 6.
647 2266 762 2338 46).
789 2266 986 2320 Verum
1014 2264 1136 2334 quid
1167 2267 1264 2318 hoc
1283 2265 1307 2315 'l
1333 2262 1688 2333 inquietzhoc

101 2369 301 2421 dictum
361 2383 464 2419 non
512 2366 609 2434 ipsi
640 2363 1000 2432 cognitionem
1035 2359 1318 2430 perfectam
1365 2357 1644 2426 adscripsit
1672 2397 1684 2420 ,

103 2460 193 2512 sed
221 2468 521 2511 creaturam
551 2457 760 2524 quidem
793 2470 911 2508 eum
942 2470 1046 2506 non
1073 2467 1229 2506 nosse
1274 2450 1563 2505 declaravit
1607 2447 1690 2502 his

101 2552 281 2604 verbis
313 2568 326 2602 :
360 2547 480 2600 Non
533 2550 652 2616 quia
701 2546 910 2599 Patrem
951 2547 1073 2599 vidit
1125 2547 1421 2614 quisquam;
1461 2543 1691 2610 itemque

101 2641 242 2695 dixit
300 2638 491 2694 Filium
537 2641 708 2708 ipsum
760 2652 951 2698 nosse,
986 2637 1098 2690 lucc
1151 2635 1518 2702 subjungens,
1572 2630 1692 2684 Nisi

100 2735 186 2801 qui
225 2743 300 2786 est
331 2748 392 2784 ea;
412 2729 517 2784 Deo
541 2747 557 2783 :
583 2731 662 2782 hic
684 2730 803 2784 vidit
835 2728 1056 2781 Patrem.
1086 2726 1236 2793 Quod
1258 2736 1431 2780 autem
1459 2723 1694 2795 perfecte

103 2827 250 2876 illum
285 2829 611 2891 cognoscat,
644 2831 798 2889 atque
829 2821 895 2872 ita
937 2831 991 2870 ut
1019 2819 1130 2886 ipse
1173 2819 1405 2884 seipsum
1433 2815 1611 2877 novit,
1641 2811 1692 2866 id

102 2915 344 2970 nondum
397 2915 812 2968 demonstratum
866 2920 969 2967 est.
1014 2910 1150 2964 Fieri
1206 2923 1434 2978 namque
1475 2915 1690 2976 potest,

104 3011 213 3072 ait,
250 3019 312 3062 ut
357 3023 526 3077 neque
567 3015 809 3061 creatura
838 3020 957 3059 eum
987 3003 1128 3057 clare
1172 3010 1457 3071 cognoscat
1484 3042 1495 3063 ,
1525 3013 1696 3068 neque

103 3098 296 3163 Filius,
330 3097 423 3152 sed
449 3097 643 3151 clarius
675 3097 759 3150 hic
785 3111 940 3165 quam
989 3095 1096 3157 illa,
1121 3102 1174 3148 et
1200 3101 1378 3146 tamen
1406 3090 1695 3162 perfecram

102 3189 643 3260 comprehensionem
695 3203 798 3242 non
847 3189 1086 3256 attingat.
1117 3185 1248 3239 Nam
1289 3184 1435 3238 illum
1484 3183 1697 3252 quidem

102 3283 330 3345 videre,
367 3290 421 3333 nt
459 3291 574 3345 est,
606 3291 659 3333 et
685 3294 1006 3348 cognoscere
1033 3293 1089 3332 se
1130 3278 1241 3342 ait,
1266 3274 1497 3346 perfecte
1521 3285 1698 3328 autem

105 3387 445 3443 cognoscere
475 3381 632 3438 atque
663 3381 717 3423 ut
745 3373 857 3439 ipse
900 3371 1131 3437 seipsum
1168 3369 1351 3432 novit,
1380 3365 1429 3420 id
1461 3364 1698 3420 nondum

101 3463 427 3517 declaravit.
460 3461 694 3516 Voltisne
722 3462 879 3530 igitur
905 3501 920 3525 ,
951 3471 1007 3513 ut
1035 3474 1065 3512 a
1104 3459 1268 3512 sacris
1290 3457 1577 3526 Scripturis
1600 3496 1616 3522 ,
1649 3464 1702 3508 et

101 3558 169 3611 ab
215 3556 356 3624 ipsis
381 3553 578 3608 Christi
616 3553 789 3606 verbis
825 3552 875 3604 id
900 3551 1228 3620 probemus?
1259 3548 1548 3602 Audiamus
1574 3545 1702 3618 quid

99 3647 312 3702 Judaeis
357 3647 469 3715 ipse
493 3646 674 3699 dicat:
710 3643 850 3698 Sicut
875 3643 1129 3713 cognoscit
1159 3658 1236 3693 me
1271 3639 1460 3704 Pater,
1507 3650 1552 3692 et
1608 3655 1698 3709 ego

100 3753 364 3806 cognosco
394 3735 600 3788 Putrem
653 3732 765 3801 (Id.
801 3733 1027 3801 10.15).
1077 3731 1210 3799 Quid
1267 3731 1363 3783 hac
1403 3729 1706 3800 cognitione

103 3830 412 3900 perfectius
443 3827 635 3881 deinde
683 3824 938 3894 quaeras?
965 3824 1232 3893 Interroga
1296 3821 1656 3877 adversarium
1689 3863 1702 3886 ,

99 3942 165 3975 an
198 3923 373 3974 Pater
403 3919 593 3972 Filium
629 3917 860 3986 perfecte
890 3915 1072 3981 novit,
1104 3915 1567 3982 omnimodamqne
1592 3912 1708 3980 ejus

99 4015 480 4086 mgnitionem
520 4012 720 4074 habet,
756 4010 992 4079 nihilque
1045 4009 1144 4076 ipsi
1188 4008 1316 4061 latet
1359 4021 1542 4061 eorum
1591 4020 1710 4074 qua:

100 4112 308 4165 Filium
345 4115 590 4178 spectant
612 4148 627 4171 ,
659 4104 753 4160 sed
805 4103 1038 4173 perfecta
1064 4109 1146 4156 est
1190 4099 1450 4154 Scientia?
1489 4098 1562 4152 lta
1591 4107 1706 4160 est,

102 4203 488 4273 respondebit.
536 4199 699 4269 Igitur
760 4213 879 4252 cum
925 4195 1195 4258 audieris,
1258 4196 1326 4246 ita
1379 4206 1500 4246 eum
1551 4204 1710 4244 nosse

100 4296 312 4348 Filium
356 4302 415 4345 ut
439 4293 552 4360 ipse
583 4290 772 4344 Filium
799 4287 978 4354 novit,
1009 4285 1139 4339 nihil
1161 4285 1293 4338 ultra
1319 4297 1523 4352 quaeras
1545 4323 1558 4346 ,
1591 4297 1710 4336 cum

100 4385 405 4452 utrobique
445 4381 676 4451 cognitio
704 4381 770 4434 ita
815 4379 884 4434 sit
936 4377 1174 4447 :eqnalis.
1217 4375 1347 4429 Nam
1379 4385 1432 4428 et
1459 4374 1583 4428 alibi
1633 4374 1714 4427 id-

98 4478 288 4547 ipsum
355 4475 645 4530 declaravit
696 4473 778 4526 his
823 4472 1042 4527 verbis:
1079 4469 1243 4524 Nemo
1287 4469 1422 4522 novit
1485 4466 1710 4532 Filium,

99 4571 205 4623 nisi
264 4567 474 4629 Pater,
534 4582 692 4632 neque
738 4564 942 4617 Patrem
995 4552 1104 4632 quis
1155 4561 1321 4624 novit,
1361 4559 1458 4612 nisi
1504 4557 1711 4620 Filius,

98 4674 148 4716 et
204 4662 300 4714 cui
361 4659 571 4712 voluerit
603 4657 770 4710 Filius
811 4657 1028 4709 revelare
1063 4651 1272 4724 (Matth.
1327 4653 1413 4704 11.
1469 4649 1715 4720 27).Re-

99 4754 250 4807 velat
300 4760 490 4804 autem
547 4763 650 4802 non
678 4757 932 4818 quantum
964 4747 1076 4816 ipse
1105 4745 1289 4809 novit,
1333 4742 1427 4797 sed
1462 4755 1714 4811 quantum

99 4861 205 4899 nos
231 4842 513 4912 capimus.
553 4837 681 4892 Nam
730 4839 772 4892 si
801 4838 992 4890 Paulus
1021 4837 1088 4888 ita
1117 4834 1271 4888 faciat
1295 4875 1310 4898 ,
1338 4833 1504 4886 multo
1550 4833 1716 4901 magis

97 4938 373 4992 Christus
398 4952 410 4987 :
434 4933 706 5003 discipulis
734 4933 926 5000 quippe
948 4930 1059 4984 suis
1082 4929 1160 4982 sic
1190 4929 1277 4981 ille
1303 4928 1406 4980 ait:
1434 4923 1552 4979 Non
1577 4925 1718 4993 potui

99 5031 251 5082 vobis
284 5027 436 5092 loqui
492 5023 636 5092 quasi
668 5021 1050 5091 spiritualibus,
1080 5021 1167 5074 sed
1216 5021 1359 5088 quasi
1407 5017 1714 5070 carnalibus.

104 5123 418 5191 Tamquam
462 5116 686 5189 parvulis
730 5116 783 5168 in
811 5114 1009 5168 Christo
1047 5113 1123 5165 lac
1169 5111 1303 5165 vobis
1350 5120 1521 5179 potum
1559 5107 1715 5170 dedi,

103 5234 210 5270 non
233 5228 457 5268 escam:
485 5214 711 5263 nondum
749 5207 880 5260 enim
912 5204 1148 5276 poteratis
1179 5205 1256 5271 (1.
1287 5203 1402 5255 Cor.
1424 5201 1476 5254 5.
1513 5201 1535 5253 1
1549 5213 1586 5269 ).
1614 5197 1717 5254 Sed

107 5309 161 5362 id
193 5302 513 5361 Corinthiis
561 5309 798 5364 tantum,
828 5297 1063 5367 inquiet,
1112 5293 1258 5348 dicit.
1297 5291 1435 5359 Quid
1494 5291 1650 5360 igitur
1675 5291 1719 5343 si

105 5397 520 5461 ostendamus,
558 5393 730 5463 ipsum
773 5391 876 5445 alia
935 5389 1186 5452 novisse,
1237 5401 1355 5456 qum
1403 5384 1578 5438 nullus
1623 5385 1720 5436 ho-

109 5497 336 5550 minum
373 5495 618 5554 noverat,
644 5495 700 5542 et
725 5500 849 5540 cum
875 5483 1018 5538 solus
1056 5482 1237 5543 sciret,
1268 5480 1345 5533 sic
1373 5494 1403 5532 e
1454 5477 1585 5530 vivis
1609 5476 1721 5529 dis-

107 5586 409 5648 cessisse?
452 5583 676 5639 Ubinam
728 5587 904 5634 autem
944 5585 1121 5631 autem
1154 5572 1206 5628 id
1252 5570 1472 5642 reperiri
1515 5567 1723 5639 possit?

176 5747 197 5780 ³
222 5745 339 5799 Αἰξί,
371 5738 631 5799 colligitur.
657 5734 800 5784 Paulo
837 5739 944 5795 post
961 5743 1064 5793 pro,
1078 5726 1263 5799 reliqua
1284 5725 1498 5799 membra
1534 5730 1722 5777 mortua

109 5788 509 5871 Eii-initus
533 5811 655 5860 uss,
677 5788 884 5862 reliquas
907 5788 1065 5860 partes
1089 5795 1296 5842 mortuas
1317 5788 1440 5852 fieri.

1013 334 1096 387 DE
1139 329 1817 388 INCOMPREHENSIBILI
1861 329 1966 385 DEI
2009 329 2309 385 NATURA.
2355 329 2419 382 V.

3251 329 3353 383 71.2

1783 441 1835 494 lu
1869 443 2087 510 epistola
2135 443 2199 496 ad
2249 441 2584 503 Corinthios.
2620 442 2704 494 ubi
2757 442 2824 494 ita
2876 441 3352 511 loquiturzAudivi

1779 550 1965 586 arcana
1986 534 2131 585 verba
2155 573 2170 598 ,
2203 548 2320 600 qua:
2353 549 2453 585 non
2481 533 2592 585 licet
2637 534 2823 585 homini
2851 534 2984 604 loqui
3019 533 3090 603 (‘2.
3117 531 3235 587 Cor.
3268 533 3353 586 η.

1781 624 1856 693 4).
1906 624 1972 678 Ει
2001 632 2175 677 tamen
2217 623 2302 675 hic
2331 623 2440 690 ipse
2461 624 2548 690 qui
2577 623 2773 675 audivit
2802 640 2992 676 arcana
3020 623 3175 677 verba
3198 665 3212 684 ,
3241 640 3359 690 qua:

1783 731 1886 766 non
1917 714 2041 768 licet
2069 715 2268 767 homini
2301 712 2442 782 loqui
2474 755 2488 776 ,
2526 713 2896 780 particulareni
2942 715 3222 782 quamdam
3267 729 3359 767 co-

1780 806 2071 875 gnitionem
2125 805 2320 870 habet,
2365 813 2418 858 et
2467 806 2639 858 futura
2690 806 2774 858 illa
2823 806 2980 875 longe
3029 807 3355 862 inferiorem.

1782 897 1882 962 Qui
1930 897 2070 951 enim
2109 897 2192 950 illa
2242 896 2410 960 dixit,
2459 896 2537 949 sic
2591 897 2749 949 etiam
2788 897 3061 965 loquitur:
3096 896 3179 950 Ea:
3221 910 3363 966 parte

1782 991 2144 1059 cognoscimus,
2173 999 2217 1042 et
2246 1006 2307 1042 ex
2331 999 2475 1057 parte
2511 988 2889 1057 prophetamus.
2919 989 3041 1042 Cum
3066 1005 3220 1042 essem
3252 1006 3364 1057 par-

1783 1085 1958 1142 vulus,
2005 1082 2240 1151 loquebar
2286 1091 2337 1133 ut
2377 1080 2654 1147 parvulus,
2704 1079 2959 1149 sapiebam
2999 1091 3052 1134 ut
3099 1084 3359 1150 parvulus,

1783 1166 2080 1237 cogitabam
2100 1179 2154 1220 ut
2182 1169 2454 1235 parvulus.
2485 1167 2550 1220 Et
2573 1184 2710 1220 nunc
2732 1169 2875 1220 video
2896 1185 2987 1235 per
3021 1171 3288 1235 speculum
3309 1188 3363 1223 tu

1783 1264 2084 1331 a'nigmate;
2107 1271 2229 1316 tunc
2251 1273 2430 1316 autem
2454 1260 2590 1324 facie
2620 1262 2687 1314 ad
2718 1261 2908 1329 faciem
2937 1261 3010 1330 (l.
3040 1262 3164 1316 Cor.
3193 1264 3278 1317 15.
3307 1265 3362 1316 9.

1787 1355 1874 1408 11.
1894 1338 2002 1413 lii.
2031 1353 2216 1421 Itaque
2237 1368 2301 1406 ex
2331 1354 2412 1407 his
2439 1355 2594 1406 nobis
2619 1365 2728 1407 tota
2757 1355 2973 1408 illorum
3000 1353 3214 1408 fallacia
3235 1356 3250 1384 ⁸
3281 1370 3367 1409 re-

1783 1442 2058 1513 darguitur
2092 1460 2104 1494 :
2134 1457 2253 1494 cum
2289 1441 2430 1494 enim
2464 1441 2573 1509 ipsa
2603 1439 2893 1494 substantia
2923 1440 3194 1508 ignoratur
3217 1479 3231 1502 ,
3261 1453 3367 1491 non

1788 1548 1854 1585 an
1904 1535 1994 1596 sit,
2041 1530 2133 1585 sed
2163 1530 2286 1600 quid
2331 1531 2444 1594 sit,
2490 1540 2742 1583 extrema:
2772 1544 2900 1583 sane
2940 1529 3159 1582 insania:
3214 1527 3372 1581 fuerit

1794 1639 1988 1678 nomen
2029 1623 2128 1692 ipsi
2156 1624 2409 1676 tribucre.
2461 1623 2787 1690 Quamquam
2819 1622 2916 1675 etsi
2966 1631 3086 1673 nota
3123 1630 3372 1690 certaque

1787 1724 1970 1778 esset,
2003 1731 2106 1767 non
2154 1725 2318 1766 lutum
2378 1725 2551 1766 tamen
2611 1721 2792 1778 esset,
2843 1727 2940 1766 nos
2995 1713 3138 1781 ipsos
3174 1727 3368 1766 nomen

1788 1815 1971 1859 nostro
2023 1806 2180 1858 modo
2228 1814 2469 1858 statuere
2522 1805 2833 1859 substantia:
2894 1806 3119 1859 Domini.
3154 1805 3284 1859 Nam
3326 1805 3373 1858 si

1790 1895 1986 1949 Paulus
2034 1897 2279 1963 supernis
2323 1896 2605 1948 virtutibus
2662 1897 2875 1948 nomina
2933 1897 3207 1964 imponere
3269 1913 3372 1949 non

1791 2001 1952 2040 ausus
1998 1997 2113 2052 est,
2163 1988 2255 2040 sed
2302 2003 2420 2040 cum
2475 1987 2730 2053 dixisset,
2801 1989 3067 2043 Constituit
3125 1989 3377 2042 Christum

1790 2096 1943 2149 super
1989 2095 2186 2133 omnem
2223 2079 2562 2149 principatum
2599 2090 2644 2133 et
2697 2091 3020 2151 potestatem,
3064 2092 3109 2134 et
3150 2083 3378 2134 virtutem

1801 2181 1846 2224 et
1895 2189 2041 2226 omne
2101 2188 2316 2235 nomen,
2366 2173 2501 2244 quod
2569 2175 2892 2236 nominatur,
2949 2191 3048 2226 non
3118 2175 3279 2228 solum
3326 2191 3378 2227 in

1793 2266 1886 2318 hoc
1911 2266 2094 2319 sazculo
2119 2307 2134 2331 ,
2165 2266 2253 2319 sed
2279 2267 2426 2320 etiam
2452 2269 2504 2319 in
2527 2267 2698 2335 futuro
2727 2267 2940 2337 (Ephes.
2969 2269 3152 2338 Litt),
3178 2284 3383 2339 nosque

1794 2357 2102 2424 docuisset,
2154 2374 2272 2412 esse
2352 2361 2591 2428 quaedam
2653 2359 2905 2413 virtutum
2959 2363 3206 2422 nomina,
3263 2376 3382 2429 qum

1797 2459 1923 2505 tunc
1973 2465 2398 2522 cognoscemus,
2447 2467 2545 2506 nec
2609 2467 2771 2506 ausus
2826 2453 2938 2521 ipse
3007 2463 3089 2507 est
3128 2453 3230 2506 alia
3282 2468 3379 2522 pro

1796 2544 1906 2598 illis
1947 2554 2214 2607 Statuere,
2249 2559 2420 2613 neque
2463 2544 2550 2597 illa
2594 2545 2894 2613 exquirere,
2941 2561 3042 2614 qua
3089 2547 3266 2608 venia,
3301 2547 3384 2598 vel

1797 2652 1900 2706 qua
1941 2637 2286 2691 excusatione
2316 2637 2458 2706 digni
2503 2637 2699 2691 fuerint
2744 2638 2811 2705 ii,
2855 2638 2944 2706 qui
2997 2640 3136 2694 circa
3177 2640 3383 2692 Domini

1797 2729 2147 2784 substantiam
2187 2729 2415 2797 idipsum
2445 2729 2620 2784 facere
2640 2729 3029 2786 audent?Cnm
3058 2742 3232 2786 autem
3265 2734 3377 2802 ipsa

1799 2835 2008 2890 quoque
2067 2821 2360 2875 substantia
2409 2821 2724 2890 ignoretur,
2793 2823 2935 2892 ipsos
2987 2838 3083 2878 ceu
3153 2823 3383 2878 furiosos

1805 2913 2040 2968 aversari
2070 2923 2299 2982 Oportet.
2338 2912 2470 2968 Nam
2514 2914 2652 2982 quod
2703 2914 2845 2969 Deus
2885 2916 2953 2970 sit
2997 2915 3261 2987 ingenitus
3291 2931 3386 2985 pa-

1801 3002 1904 3057 lam
1935 3013 2059 3068 est;
2108 3004 2249 3074 quod
2279 3014 2454 3058 autem
2501 3005 2628 3058 illud
2675 3006 2743 3059 sit
2785 3006 2899 3075 ejus
2925 3005 3239 3061 substantia:
3285 3024 3381 3060 no-

1803 3113 1956 3164 men,
1986 3097 2035 3151 id
2064 3098 2238 3154 nutlus
2266 3099 2644 3168 prophetarum
2691 3099 2863 3166 dixit,
2911 3101 3086 3153 nullus
3113 3102 3386 3170 apostolo-

1804 3203 1920 3242 rum
1966 3188 2320 3244 subindicavit
2345 3232 2360 3253 ,
2419 3191 2703 3259 nullusque
2742 3192 3064 3261 evangelista
3092 3209 3104 3254 ;
3133 3200 3188 3246 et
3234 3204 3379 3247 reete

1803 3282 2038 3353 quidem.
2062 3282 2160 3351 Qui
2179 3283 2318 3339 enim
2339 3286 2506 3354 ipsam
2526 3285 2876 3340 substantiam
2905 3288 3234 3356 ignorarent,
3256 3303 3386 3358 quo-

1806 3373 1966 3428 modo
1996 3389 2188 3429 nomen
2219 3376 2334 3444 ejus
2363 3375 2604 3446 proferre
2634 3378 2893 3446 possent?

1878 3465 1931 3519 5.
1965 3465 2164 3534 Ecquid
2204 3467 2391 3536 loquor
2449 3467 2516 3522 de
2571 3467 2762 3521 divinis
2818 3468 3107 3538 Scripturis
3131 3512 3146 3536 ,
3177 3472 3389 3540 quando

1807 3565 1950 3611 tanta
2017 3569 2100 3612 est
2150 3559 2492 3613 absurditatis
2553 3560 2694 3614 illius
2740 3561 3035 3625 evidentia,
3096 3571 3237 3617 tanta
3288 3562 3392 3616 ini-

1810 3651 2023 3719 quitatis
2067 3650 2373 3719 magnitudo
2399 3693 2412 3716 ,
2459 3660 2517 3704 ut
2570 3668 2636 3707 ne
2679 3653 2906 3720 gentiles
2946 3652 3205 3722 quidem,
3233 3652 3321 3720 qui
3363 3668 3393 3704 a

1811 3745 2030 3798 veritate
2072 3744 2482 3808 aberravera:.t,
2526 3743 2649 3812 quid
2702 3744 2874 3798 simile
2924 3760 3170 3813 umquam
3215 3744 3397 3798 dicere

1811 3835 1923 3888 ausi
1973 3835 2078 3886 sint
2111 3851 2122 3885 :
2154 3848 2311 3886 nemo
2359 3835 2500 3887 enim
2555 3850 2620 3888 ex
2675 3834 2777 3887 illis
2821 3833 3014 3888 divina:
3081 3834 3392 3888 substantize

1813 3925 2171 3979 definitionem
2200 3925 2388 3980 efferre
2439 3925 2697 3987 tentavit,
2725 3941 2946 3994 eamque
2979 3943 3082 3979 uno
3111 3925 3394 3995 complecti

1815 4019 2031 4073 nomine
2063 4034 2223 4073 ausus
2249 4028 2349 4072 est.
2383 4019 2449 4072 Et
2480 4018 2606 4088 quid
2637 4019 2823 4088 loquor
2850 4017 2917 4072 de
2947 4018 3120 4072 divina
3151 4017 3399 4070 substan-

1818 4109 1886 4162 tia
1911 4150 1924 4170 ,
1969 4108 2179 4178 quando
2207 4124 2272 4162 ne
2312 4108 2378 4163 de
2426 4108 2737 4178 incorporea
2767 4109 2980 4178 quidem
3022 4118 3207 4161 natura
3230 4108 3250 4137 ³
3281 4107 3396 4176 phi-

1819 4199 2181 4268 losophantes,
2205 4199 2320 4269 ejus
2354 4199 2642 4269 perfectam
2674 4199 3036 4254 definitionem
3061 4209 3398 4261 statuerunt;

1817 4294 1910 4346 sed
1941 4295 2219 4346 obscuram
2244 4302 2444 4346 tantum
2474 4293 2883 4362 descriptionem
2913 4301 2967 4346 et
2992 4291 3402 4346 delineationem

1819 4388 1992 4456 potius
2016 4428 2031 4453 ,
2062 4401 2216 4454 quam
2243 4385 2626 4441 deﬁnitionem.
2656 4385 2850 4439 Verum
2879 4383 3005 4455 quid
3035 4388 3299 4454 sapientes
3325 4383 3402 4436 illi

1819 4477 2115 4546 objiciunt?

1895 4569 2119 4639 Ubjectio
2160 4569 2536 4622 Anomazorum.
2566 4567 2793 4636 ——Ergo
2837 4566 3078 4635 ignoras,
3136 4565 3317 4628 aiunt,
3352 4563 3404 4616 id

1821 4663 1959 4730 quod
1990 4662 2162 4717 colis?
2209 4661 2341 4716 llnic
2368 4663 2520 4730 plane
2550 4661 2833 4729 objectioni
2877 4675 2944 4714 ne
2972 4657 3399 4728 respondendum

1826 4753 2037 4821 quidem
2103 4765 2286 4817 esset,
2336 4763 2618 4824 postquam
2658 4769 2723 4808 ex
2777 4753 3067 4822 Scripturis
3128 4749 3407 4819 perspicue.

1823 4845 2243 4901 demonstratum
2269 4859 2371 4912 est,
2394 4847 2640 4917 cognosci
2664 4862 2767 4900 non
2791 4861 2946 4915 posse
2972 4844 3096 4914 quid
3117 4846 3405 4900 secundum

1824 4942 2172 4998 substantiam
2204 4941 2274 4992 sit
2317 4940 2480 4994 Deus.
2511 4938 2643 5006 Quia
2674 4953 2798 4991 vero
2829 4953 2932 4990 non
2978 4935 3193 4990 inimico
3234 4935 3406 5013 loqui-

1829 5052 1946 5090 mur
1981 5036 2160 5087 animo
2181 5075 2194 5097 ,
2225 5032 2318 5086 sed
2350 5042 2408 5085 ut
2435 5045 2527 5084 eos
2554 5029 2898 5083 emendenms
2929 5046 2941 5080 :
2974 5043 3069 5096 age
3091 5069 3106 5091 ,
3152 5026 3408 5080 ostenda-

1827 5144 1944 5183 mus
1985 5144 2089 5182 nou
2139 5128 2382 5197 ignorare
2417 5123 2544 5192 quid
2604 5121 2892 5176 secundum
2942 5119 3289 5172 substantiam
3342 5120 3410 5171 sit

1829 5222 1966 5275 Dens
1995 5262 2010 5284 ,
2039 5220 2134 5274 sed
2163 5219 2212 5272 id
2241 5231 2300 5270 se
2325 5230 2484 5269 nosse
2531 5212 2855 5267 contendere
2874 5251 2890 5277 ,
2934 5209 3061 5263 illud
3092 5225 3210 5265 esse
3244 5210 3407 5262 Deum

1829 5314 2093 5383 ignorare.

1902 5406 2201 5475 Responsio.
2225 5433 2294 5442 ——-
2321 5402 2413 5456 Dic
2441 5401 2580 5455 enim
2611 5397 2737 5452 mihi
2760 5439 2774 5460 ,
2827 5399 2868 5451 si
2908 5396 3016 5450 duo
3053 5395 3296 5449 homines
3342 5393 3410 5448 de

1830 5496 2206 5567 magnitudinis
2249 5493 2362 5548 cadi
2431 5490 2613 5545 notitia
2659 5489 2797 5543 inter
2855 5503 2914 5543 se
2978 5487 3404 5548 contenderent,

1831 5604 2054 5660 quorum
2081 5587 2214 5640 alter
2234 5586 2453 5647 diceret,
2475 5597 2577 5635 non
2602 5595 2756 5650 posse
2779 5581 3008 5636 humano
3032 5583 3184 5635 oculo
3213 5583 3402 5632 cadum

1896 5726 1913 5754 ί
1951 5723 2055 5780 Alii,
2079 5719 2304 5782 nequitia.

1897 5793 1917 5822 ³
1953 5780 2170 5847 Quinque
2194 5789 2318 5843 uss,
2346 5780 2404 5832 de
2423 5791 2673 5845 corporum
2721 5784 2905 5829 natura.
