3868 6230
562 349 664 401 7ιεί

561 447 981 517 comprehendi;
1019 448 1308 503 alter-vero
1333 450 1623 505 affirmaret
1666 468 1821 521 posse
1865 453 2133 508 hominem

564 542 742 608 palmo
794 550 957 594 totum
985 540 1239 605 dimetiri;
1268 557 1424 611 quem
1452 560 1519 597 ex
1553 544 1632 597 his
1670 544 1970 601 diceremus
2021 548 2134 601 οωιί

565 631 974 701 magnitudinem
1003 648 1191 688 nosse:
1214 648 1405 688 eunme
1425 636 1512 703 qui
1539 639 1881 692 contenderet
1897 652 1954 691 se
1978 653 2136 692 nosse

570 733 701 791 quot
733 725 935 793 palmos
965 723 1155 779 habeat
1200 740 1265 779 an
1293 741 1414 780 eum
1442 727 1531 796 qui
1561 743 1618 781 se
1644 729 1884 797 ignorare
1922 729 2137 798 profite-

569 815 741 870 retur?
760 817 910 883 Quod
937 818 981 871 si
1014 818 1056 871 is
1086 818 1173 888 qui
1205 819 1317 872 caeli
1350 820 1693 889 magnitudini
1715 821 1874 882 cedit,
1905 822 2016 889 ipse
2044 836 2138 890 po-

562 907 664 959 tius
684 908 828 959 novit
846 906 962 975 ejus
986 907 1417 976 magnitudinem,
1450 925 1613 977 quare
1637 926 1739 964 non
1780 910 1845 963 de
1870 910 1976 964 Deo
2024 912 2137 980 pari

572 1012 693 1051 c'uu
727 1000 1019 1051 reverentia
1043 997 1352 1067 loquemur?
1371 999 1646 1065 Quomodo
1670 1017 1771 1053 non
1804 1001 1855 1055 id
1886 1012 2137 1056 extremae

563 1088 847 1144 dementiae
884 1088 1087 1144 fuerit?
1114 1090 1266 1157 Quod
1289 1100 1465 1146 autent
1499 1093 1548 1146 id
1580 1094 1748 1147 solunt
1778 1094 2076 1164 requiratur
2104 1110 2135 1149 a

563 1179 736 1245 nobis,
762 1189 817 1233 ut
837 1181 1066 1235 sciamus
1094 1182 1254 1235 Deum
1280 1197 1421 1248 esse,
1446 1200 1548 1236 non
1576 1195 1629 1236 ut
1652 1184 1767 1253 ejus
1783 1187 2129 1240 substantiam

568 1273 775 1325 curiose
804 1281 1138 1336 scrutemur,
1188 1274 1309 1328 audi
1368 1275 1585 1329 Paulum
1635 1278 1977 1346 loquentem:
2020 1278 2141 1333 Cre-

560 1362 682 1415 dere
704 1361 835 1414 enim
865 1372 1055 1433 Oportet
1102 1380 1214 1417 eum
1238 1366 1321 1435 qui
1341 1366 1408 1418 ad
1432 1365 1595 1419 Deum
1645 1369 1869 1432 accedit,
1902 1371 2019 1439 quia
2068 1380 2139 1425 est

569 1452 753 1522 (Hebr.
806 1454 892 1509 11.
933 1453 1009 1524 ϐ).
1062 1455 1288 1510 Rursum
1342 1458 1592 1527 pmpheta
1624 1502 1639 1525 ,
1690 1476 1808 1513 cum
1858 1462 2139 1531 impietatis

566 1545 866 1615 quempiam
893 1556 1199 1615 accusaret,
1227 1565 1329 1601 non
1362 1550 1409 1604 ei
1442 1551 1569 1603 vitio
1595 1553 1790 1615 vertit,
1821 1553 1961 1622 quod
1993 1554 2139 1622 igno-

564 1643 709 1689 raret
732 1635 857 1706 quid
908 1636 977 1691 sit
1005 1637 1184 1703 Deus,
1216 1639 1309 1694 sed
1360 1641 1499 1709 quod
1552 1656 1670 1695 eum
1721 1658 1839 1697 esse
1886 1646 2137 1699 nesciret.

563 1724 696 1779 Nam
741 1725 1009 1789 ait,-Dia:it
1034 1729 1274 1798 insipiens
1319 1732 1372 1784 in
1402 1733 1553 1785 corde
1591 1749 1682 1785 suo
1708 1776 1722 1798 ,
1768 1750 1869 1787 non
1900 1744 1971 1789 est
2001 1733 2140 1789 Deus

562 1814 732 1884 (Psal.
766 1818 953 1887 15.1).
988 1817 1148 1889 Igitur
1195 1831 1252 1875 ut
1302 1822 1386 1877 ille
1429 1824 1621 1892 impius
1665 1833 1777 1888 est,
1839 1840 1943 1879 non
1997 1826 2139 1895 quod

562 1909 771 1977 ignoret
822 1910 947 1980 quid
991 1912 1281 1968 secundum
1328 1914 1674 1970 substantiam
1719 1916 1787 1971 sit
1836 1916 2015 1983 Deus,
2047 1917 2140 1973 sed

563 2000 705 2070 quod
749 2002 956 2072 ignoret
1006 2005 1168 2059 Deum
1210 2021 1376 2070 esse;
1424 2007 1501 2061 sic
1528 2006 1594 2061 ad
1641 2008 1778 2077 piam
1830 2009 2139 2080 religionem

564 2092 803 2160 sufﬁcit,
841 2104 896 2149 ut
923 2095 1123 2151 sciatur
1154 2097 1319 2151 Deum
1348 2112 1485 2154 esse.
1525 2097 1631 2154 Sed
1659 2100 1854 2156 habent
1878 2103 1952 2157 illi
1980 2104 2138 2158 aliam

475 2247 481 2254 _
564 2182 870 2238 meditatam
935 2188 1335 2256 argumentandi
1386 2190 1687 2245 rationem:
1726 2206 1883 2261 quam
1949 2193 2140 2247 illam?

565 2275 771 2330 Dictum
819 2286 936 2345 est,
986 2278 1259 2347 inquiunt,
1315 2279 1541 2349 Spiritus
1574 2292 1645 2336 est
1679 2280 1817 2338 Deus
1842 2282 2019 2356 (Joan.
2083 2286 2137 2341 4.

564 2363 680 2438 24).
722 2366 954 2423 Hoccine
977 2409 994 2437 ,
1026 2368 1110 2424 dic
1133 2370 1262 2424 mihi
1288 2412 1303 2437 ,
1331 2370 1679 2427 substantiam
1706 2374 1822 2443 ejus
1860 2374 2093 2432 declarat
2117 2376 2140 2430 ?

566 2460 762 2532 Ecquis
786 2462 905 2519 hzec
946 2464 1117 2532 ferat,
1147 2466 1191 2520 si
1224 2468 1306 2521 vel
1336 2468 1592 2523 tantillum
1628 2468 1696 2523 ad
1739 2469 2026 2541 Scriptura:
2050 2486 2138 2526 sa-

563 2567 670 2608 cra:
709 2556 849 2610 fores
892 2558 1219 2612 accesserit?
1258 2557 1390 2612 Nam
1436 2559 1536 2614 hac
1583 2562 1790 2617 ratione
1834 2561 1972 2617 Deus
2005 2563 2140 2633 ignis

563 2659 773 2715 quoque
823 2647 962 2712 erit;
1014 2648 1460 2719 quemadmodum
1503 2651 1645 2705 enim
1690 2653 1944 2722 scriptum
1990 2662 2072 2707 est
2120 2671 2136 2707 :

565 2734 789 2805 Spiritus
833 2747 907 2793 est
947 2737 1083 2794 Deus
1110 2755 1131 2804 ;
1160 2740 1231 2795 ita
1280 2756 1491 2811 quoque
1531 2742 1786 2813 scriptum
1829 2751 1949 2808 est,
2001 2742 2140 2798 Deus

563 2837 733 2882 noster
756 2830 886 2900 ignis
911 2847 1207 2887 consumens
1235 2842 1306 2887 est
1329 2830 1511 2906 (Hebr.
1540 2833 1627 2887 12.
1650 2833 1743 2905 29)
1769 2851 1784 2900 ;
1813 2851 1875 2889 ac
1900 2850 2136 2903 rursum,

562 2917 705 2974 Fons
732 2936 879 2992 aqua:
898 2922 1020 2977 vim
1062 2922 1279 2994 (Jerem.
1307 2926 1364 2979 2.
1402 2927 1511 2995 15).
1542 2926 1721 2997 Neque
1748 2928 1977 2997 Spiritus
2021 2926 2140 2982 fons

563 3020 618 3067 et
664 3012 800 3083 ignis
855 3023 1057 3070 tantum
1095 3015 1236 3083 erit,
1282 3018 1376 3072 sed
1421 3019 1581 3073 etiam
1652 3020 1863 3086 anima,
1908 3030 2136 3089 ventus,

564 3119 717 3160 mens
767 3108 995 3162 humana
1022 3148 1036 3172 ,
1073 3118 1126 3164 et
1155 3110 1256 3163 alia
1309 3109 1393 3165 his
1441 3111 1598 3182 longe
1624 3112 1933 3169 absurdiora
1964 3132 1977 3179 ;
2033 3128 2138 3169 non

563 3194 707 3248 enim
753 3197 930 3251 omnia
957 3213 1235 3254 recensere
1263 3215 1397 3271 opus
1439 3212 1524 3257 est
1551 3244 1564 3266 ,
1621 3219 1792 3273 neque
1825 3205 2031 3259 illorum
2062 3207 2141 3259 in-

565 3285 772 3339 saniam
826 3286 1040 3342 imitari.
1109 3288 1220 3344 Hoc
1255 3292 1396 3345 enim
1466 3306 1657 3347 nomen
1710 3294 1918 3363 spiritus
1975 3297 2139 3352 multa

563 3375 824 3445 signiﬁcat
850 3393 867 3443 ;
915 3379 1143 3434 animam
1175 3397 1363 3451 nempe
1405 3394 1639 3438 nostram
1666 3426 1679 3450 ,
1715 3394 1770 3440 ut
1798 3386 1871 3440 ait
1899 3387 2093 3442 Paulus
2119 3429 2135 3455 ,

571 3462 781 3523 Tradite
826 3466 1118 3536 huiusmodi
1165 3470 1414 3527 hominem
1455 3485 1645 3530 satana:
1667 3517 1680 3540 ,
1712 3486 1767 3529 ut
1808 3479 2012 3547 spiritus
2037 3481 2141 3534 sal-

564 3571 656 3612 uus
708 3559 775 3614 sit
830 3560 905 3632 (1.
937 3561 1054 3616 Cor.
1085 3563 1138 3619 5.
1168 3563 1263 3635 5);
1312 3566 1543 3637 itemque
1590 3579 1801 3622 ventum
1846 3570 2136 3624 secundum

561 3649 907 3718 prophetam,
965 3653 1165 3724 Spiritu
1215 3657 1487 3710 vehementi
1551 3669 1774 3715 conteres
1835 3677 1919 3715 eos
1965 3661 2134 3732 (Psal.

560 3740 650 3794 47.
684 3740 785 3812 8);
826 3740 1023 3799 donum
1072 3746 1233 3801 etiam
1277 3748 1550 3816 spirituale
1586 3750 1662 3804 sic
1706 3761 1964 3806 vocatur:
2015 3752 2139 3823 Ipse

560 3834 694 3887 enim
719 3836 928 3906 spiritu
956 3840 1291 3893 testimonium
1316 3840 1480 3894 reddit
1505 3843 1706 3911 spiritui
1734 3855 1905 3898 nostra
1958 3846 2132 3917 (Rom.

559 3927 613 3983 8.
645 3929 770 3999 i6);
798 3944 862 3985 ac
905 3946 1114 3988 rursum
1132 3973 1148 3999 ,
1180 3931 1349 3987 Orabo
1376 3936 1557 4004 spiritu
1576 3976 1593 4002 ,
1622 3938 1776 3990 orabo
1797 3948 1841 3991 et
1870 3949 2031 3994 mente
2056 3940 2135 4008 (1.

563 4017 683 4072 Cor.
731 4020 818 4074 14.
850 4021 941 4092 15)
969 4039 985 4078 :
1027 4032 1244 4077 vocatur
1289 4024 1414 4079 item
1438 4030 1443 4035 '
1465 4026 1576 4091 ira;
1606 4026 1822 4089 Hesaias
1845 4030 1986 4084 enim
2015 4032 2089 4083 ait
2118 4074 2132 4097 ,

561 4108 750 4164 Nonne
763 4120 816 4164 tu
832 4128 942 4166 eras
961 4114 1046 4181 qui
1062 4114 1381 4169 meditabaris
1400 4116 1581 4185 spiritu
1604 4128 1689 4171 tuo
1709 4118 1834 4171 duro
1856 4120 2137 4175 interimere

561 4217 665 4255 eos.
710 4200 915 4271 (Hesai.
956 4204 1046 4258 27.
1077 4205 1175 4275 8)?
1204 4206 1471 4260 Auxilium
1518 4223 1729 4278 quoque
1783 4210 1873 4264 Dei
1920 4220 2136 4265 vocatur

560 4294 780 4361 spiritus
809 4311 825 4352 :
857 4294 1080 4366 Spiritus
1106 4298 1237 4350 enim
1270 4306 1387 4350 ante
1431 4300 1611 4369 facient
1640 4312 1861 4354 nostram
1906 4299 2135 4357 Christus

561 4382 809 4439 Dominus
835 4384 1043 4457 (Tltren.
1070 4387 1123 4442 4.
1151 4387 1265 4459 20).
1312 4388 1437 4443 Hzec
1470 4404 1595 4459 ergo
1637 4391 1814 4446 omnia
1859 4392 1996 4447 Deus
2035 4395 2136 4448 erit

563 4491 630 4530 ex
675 4477 883 4532 illorum
912 4480 1202 4546 sententia,
1237 4490 1395 4551 atque
1422 4497 1485 4537 ex
1524 4481 1628 4537 illis
1665 4483 1824 4538 rebus
1848 4485 2130 4540 constabit.

562 4569 666 4624 Sed
693 4585 761 4624 ne
789 4586 1015 4641 uugaces
1066 4573 1232 4629 simus
1278 4576 1364 4629 illa
1390 4575 1655 4632 aﬂ'ereudo
1684 4618 1697 4643 ,
1725 4594 1843 4648 quae
1887 4595 1955 4634 ue
2004 4594 2133 4637 con-

559 4662 870 4718 futationem
932 4665 1143 4734 quidem
1197 4678 1511 4723 merentur:
1558 4685 1655 4741 age
1697 4672 1953 4727 adversus
2013 4673 2133 4728 illos

562 4754 888 4827 disceptandi
939 4758 1099 4813 finem
1146 4759 1398 4816 faciamus
1425 4803 1440 4827 ,
1473 4772 1526 4817 et
1577 4765 1641 4818 ad
1698 4766 1954 4821 orandum
1998 4782 2131 4821 con-

556 4858 866 4912 vertamur,
919 4859 1065 4905 tanto
1094 4854 1261 4923 magis
1306 4870 1403 4923 pro
1442 4855 1544 4909 illis
1570 4868 1812 4927 rogantes
1854 4870 1905 4913 et
1932 4860 2131 4929 suppli-

556 4949 779 5006 cantes,
828 4950 887 4994 ut
936 4942 1003 4996 ab
1029 4944 1229 4998 insania
1274 4947 1573 5013 absistant,
1604 4960 1800 5016 quanto
1846 4953 2009 5021 magis
2053 4953 2129 5007 illi

558 5032 718 5100 impie
743 5043 923 5102 agunt.
958 5033 1066 5089 lloc
1092 5036 1233 5089 enim
1246 5047 1464 5105 gratum
1492 5051 1871 5110 acceptumque
1897 5052 1997 5097 erit
2021 5044 2129 5098 Deo

555 5126 815 5178 servatori
847 5137 1058 5193 nostro,
1095 5127 1195 5191 Qui
1220 5131 1319 5182 vult
1351 5146 1520 5183 omnes
1544 5133 1768 5185 homines
1794 5134 1959 5187 salvos
1978 5136 2087 5202 ﬁeri
2111 5177 2124 5200 ,

560 5227 605 5268 et
643 5217 711 5269 ad
767 5218 1074 5287 agnitionem
1148 5222 1370 5275 ueritatis
1446 5224 1610 5277 venire
1663 5225 1739 5293 (1.
1787 5224 1918 5280 Tim.
1949 5226 2003 5280 2.
2046 5229 2125 5298 4).

630 5306 680 5357 6.
714 5306 961 5377 Magnum
988 5309 1140 5365 telum
1168 5314 1406 5383 precatio.
1426 5345 1500 5353 —
1525 5314 1601 5369 Ne
1625 5316 1926 5371 desinamus
1952 5318 2130 5387 itaque

555 5410 742 5465 preces
765 5414 858 5466 pro
882 5401 988 5456 illis
1012 5405 1253 5460 emittere
1278 5423 1290 5458 :
1320 5420 1563 5476 magnum
1585 5410 1724 5462 enim
1751 5409 1910 5464 telum
1937 5412 2125 5476 oratio,

555 5486 834 5543 thesaurus
860 5492 1184 5561 indeficiens,
1213 5496 1410 5552 divitiae
1443 5499 1788 5565 inexhausta,
1820 5510 2002 5571 portus
2032 5503 2129 5557 flu-

554 5579 725 5635 ctibus
746 5597 963 5645 vacuus.
985 5588 1195 5640 occasio
1217 5589 1605 5658 tranquillitatis
1628 5609 1641 5645 :
1668 5593 2124 5649 innumerabilium

550 5672 812 5726 bonorum
845 5673 1011 5739 radix,
1044 5675 1160 5730 fons
1189 5688 1241 5732 et
1269 5690 1438 5735 mater
1462 5691 1544 5736 est
1568 5684 1734 5739 oratio
1752 5725 1767 5747 ,
1797 5686 2014 5755 ipsoque
2038 5701 2127 5741 re-

557 5779 665 5835 gno
692 5764 970 5835 potentior.
1009 5765 1164 5839 Sarpe
1199 5769 1375 5841 itaque
1415 5772 1507 5829 illo
1552 5774 1665 5845 ipso
1701 5776 1790 5847 qui
1827 5775 2127 5835 diademate

1279 336 1335 393 S.
1376 336 1649 393 JOANNIS
1687 338 2156 396 CHRYSOSTOMI
2195 338 2510 393 ARClllEP.
2552 333 3081 393 CONSTANTINOP.

3692 342 3769 399 ’1ιᾶ

2244 463 2461 508 ornatur
2488 454 2821 509 febricitante
2847 462 2901 507 et
2942 453 2991 504 in
3034 452 3169 504 lecto
3194 449 3435 518 jacente,
3468 450 3663 507 adstant
3686 472 3770 509 me-

2242 544 2367 609 dici,
2399 545 2673 610 satellites,
2704 543 2903 605 famuli,
2932 542 3097 597 duces
3122 561 3135 596 :
3164 557 3332 611 neque
3359 541 3673 595 medicorum
3692 564 3770 611 ars,

2244 650 2414 705 neque
2440 635 2729 689 amicorum
2759 634 3061 705 praesentia,
3089 648 3194 686 non
3220 646 3493 688 servorum
3523 633 3773 705 iamtlL'tlltl,

2244 740 2349 779 non
2373 725 2874 778 medicamentorum
2902 724 3149 789 varietas,
3179 739 3281 777 non
3312 733 3597 793 apparatus
3618 732 3778 794 magni.

2245 812 2455 867 ﬁeentia
2477 853 2492 879 ,
2533 829 2637 866 non
2679 814 3018 882 pecuniarum
3049 814 3197 882 copia
3218 854 3232 875 ,
3262 828 3357 866 nec
3383 812 3526 868 aliud
3557 816 3777 883 quidpiam

2245 902 2531 957 humanum
2576 913 2746 973 potest
2777 902 3053 973 :egrotanti
3095 903 3338 957 solatium
3383 904 3593 958 aﬂ'erre.
3619 904 3779 975 Siquis

2244 1009 2373 1048 vero
2399 1009 2582 1048 eorum
2602 1036 2618 1061 ,
2654 995 2743 1063 qui
2782 995 2833 1047 in
2864 994 3085 1048 Domino
3114 993 3357 1047 ﬁduciam
3388 993 3619 1060 habent,
3643 996 3779 1064 ingre-

2244 1086 2443 1149 diatur,
2475 1100 2773 1155 corpusque
2808 1085 3138 1139 solummodo
3170 1096 3377 1154 tangat,
3408 1101 3687 1156 puramque
3712 1104 3779 1157 pro

2244 1175 2335 1229 illo
2378 1176 2670 1230 orationem
2710 1177 2948 1242 emittat,
2987 1175 3344 1230 inﬁrmitatem
3389 1192 3602 1231 omnem
3637 1181 3775 1248 abigit.

2244 1266 2499 1336 Quodque
2544 1283 2647 1321 non
2703 1267 2899 1322 divitia:
2945 1278 3261 1338 potuerunt,
3308 1284 3411 1323 non
3463 1271 3777 1326 ministrorum

2245 1359 2539 1429 frequentia
2562 1400 2578 1425 ,
2611 1375 2714 1414 non
2756 1360 3083 1415 medicinalis
3119 1363 3439 1430 experientia
3462 1402 3479 1427 ,
3514 1378 3615 1416 non
3642 1368 3778 1434 regius

2246 1451 2409 1507 fastus
2429 1494 2443 1517 ,
2475 1452 2575 1507 hoc
2603 1467 2745 1522 saepe
2785 1454 2953 1522 potuit
2978 1454 3130 1507 unius
3161 1454 3405 1524 pauperis
3429 1466 3485 1510 et
3513 1455 3674 1524 inopis
3692 1474 3778 1511 ora-

2248 1543 2337 1598 tio.
2369 1544 2671 1598 Orationem
2699 1544 2849 1608 dico,
2882 1560 2989 1598 non
3015 1545 3149 1598 hanc
3182 1545 3349 1599 levem
3375 1555 3428 1600 et
3455 1548 3672 1615 segnitie
3697 1550 3777 1617 [th

2246 1649 2365 1688 nam
2387 1675 2402 1700 ,
2435 1634 2527 1689 sed
2570 1633 2857 1690 ferventem
2884 1677 2898 1702 ,
2929 1652 3048 1705 qua:
3076 1636 3253 1690 animo
3284 1636 3500 1690 dolente
3537 1648 3589 1690 et
3625 1638 3778 1691 inleula

2245 1735 2421 1779 mente
2460 1724 2714 1780 funditur.
2758 1725 2882 1781 Haec
2917 1726 3112 1796 quippe
3145 1728 3195 1781 in
3225 1727 3412 1781 caelum
3451 1730 3781 1784 ascenditzac
3824 1736 3825 1745 ‘

2245 1815 2688 1885 quemadmodum
2713 1832 2862 1887 aqua:
2886 1817 3057 1873 donec
3082 1819 3133 1871 in
3162 1819 3316 1888 plano
3345 1819 3461 1873 loco
3494 1820 3727 1885 feruntur,
3745 1832 3782 1873 et

2246 1908 2409 1962 latttm
2438 1909 2667 1978 spatium
2697 1919 2994 1980 occupant,
3023 1927 3128 1965 non
3157 1912 3208 1969 in
3238 1912 3465 1968 sublime
3494 1915 3777 1977 ascendunt;

2245 2015 2364 2054 cum
2394 2010 2568 2057 autem
2597 2017 2786 2056 manus
2814 2002 3071 2057 artiﬁcum
3112 2004 3249 2072 ipsas
3275 2004 3631 2073 comprimens
3658 2005 3699 2057 in
3722 2022 3779 2057 an-

2243 2102 2455 2164 gustum
2476 2093 2721 2159 deduxit,
2746 2093 2852 2148 telo
2878 2093 3170 2148 velociores
3194 2109 3312 2149 sese
3336 2095 3387 2148 in
3410 2095 3582 2148 altum
3601 2096 3780 2164 iaculati.

2246 2194 2362 2253 tur;
2389 2186 2465 2240 sic
2484 2193 2538 2241 et
2556 2185 2783 2240 humana
2806 2200 2975 2251 mens,
2998 2185 3170 2241 donec
3190 2185 3353 2240 multa
3377 2186 3571 2240 fruitur
3591 2187 3777 2249 licentia.

2245 2278 2553 2334 diﬂ‘unditur
2582 2288 2636 2334 et
2677 2278 2843 2333 effluit
2868 2296 2882 2344 ;
2912 2293 3032 2332 cum
3070 2288 3245 2333 autem
3274 2280 3542 2351 aerumnis
3574 2280 3779 2350 deprimi-

2246 2381 2360 2439 tur,
2388 2373 2441 2425 in
2471 2378 2855 2442 angustumque
2881 2369 3160 2426 deducitur
3178 2413 3195 2437 ,
3226 2371 3304 2425 sic
3344 2372 3516 2441 probe
3546 2373 3779 2425 exercitati

2245 2479 2403 2535 puras
2428 2475 2482 2520 et
2508 2463 2773 2520 ferventes
2800 2464 2853 2517 in
2878 2464 3040 2518 altum
3078 2464 3271 2517 emittit
3309 2464 3603 2518 orationes.
3630 2463 3691 2518 Ut
3710 2480 3778 2516 au-

2246 2567 2353 2613 tem
2380 2556 2586 2612 ediscas
2620 2556 2738 2612 illas
2765 2557 2993 2611 maxime
3017 2556 3255 2613 exaudiri
3286 2572 3440 2626 posse
3460 2600 3478 2623 ,
3509 2574 3624 2628 qua:
3646 2558 3689 2611 in
3710 2574 3778 2610 an-

2244 2647 2410 2717 gustia
2432 2647 2763 2712 emittuntur,
2790 2648 2911 2702 audi
2940 2650 3246 2718 prophetam
3272 2666 3286 2701 :
3311 2650 3390 2702 Ad
3417 2648 3683 2703 Dominum
3700 2668 3779 2702 cm

2245 2738 2510 2793 tribularer
2528 2738 2761 2805 clamavi,
2784 2749 2831 2793 et
2851 2739 3101 2793 mudivit
3122 2757 3200 2792 me
3219 2738 3389 2809 (Psai.
3416 2741 3545 2796 119.
3573 2740 3641 2812 1).
3665 2742 3778 2810 Igitur

2245 2839 2479 2885 nostram
2521 2831 2809 2885 ferventem
2854 2831 3108 2885 faciamus
3149 2833 3566 2898 conscientiam,
3600 2835 3777 2887 animam

2244 2933 2579 2994 peccatorum
2607 2924 2860 2978 memoria
2890 2921 3217 2993 affligamus;
3245 2923 3564 2994 afﬁigamus,
3592 2926 3776 2993 inquam,

2245 3032 2349 3069 non
2372 3025 2427 3069 ut
2448 3016 2498 3068 in
2520 3026 2795 3085 angustam
2819 3015 3142 3071 deducamus
3162 3017 3323 3081 viam,
3344 3016 3434 3071 sed
3458 3034 3581 3072 eam
3602 3019 3663 3071 ita
3680 3034 3778 3071 coni-

2246 3121 2523 3177 paremus,
2551 3116 2607 3160 ut
2631 3105 2977 3168 exaudiatur;
3008 3118 3064 3161 ut
3091 3107 3353 3171 sobriam,
3385 3108 3601 3178 vigilem
3626 3111 3776 3177 ipsum-

2243 3212 2347 3268 que
2374 3198 2563 3252 cselum
2605 3207 2903 3267 tangentem
2932 3197 3232 3253 reddamus.
3274 3198 3411 3253 Nihil
3440 3201 3515 3253 ita
3552 3201 3777 3270 segnities

2244 3300 2297 3346 et
2324 3290 2620 3345 socordiam
2646 3290 2827 3361 abigit,
2858 3301 2916 3345 ut
2943 3307 3143 3347 maeror
3174 3301 3228 3346 et
3250 3289 3494 3359 afflictio,
3526 3309 3639 3361 qua:
3665 3294 3775 3345 undi-

2243 3398 2347 3452 que
2372 3392 2603 3437 mentem
2631 3383 2859 3453 colligit,
2889 3394 2942 3438 et
2970 3383 3035 3438 ad
3064 3384 3289 3453 seipsam
3322 3384 3520 3440 reverti
3554 3384 3684 3439 facit.
3707 3384 3775 3449 Qui

2243 3473 2320 3527 sic
2346 3474 2397 3527 in
2424 3471 2707 3528 afflictione
2726 3483 2780 3529 et
2809 3476 2859 3528 in
2891 3475 3131 3529 oratione
3158 3485 3417 3541 versatur,
3456 3485 3581 3545 post
3606 3475 3776 3530 emissas

2244 3577 2431 3632 preces
2457 3579 2699 3633 magnam
2736 3564 2914 3619 animo
2942 3565 3262 3634 voluptatem
3291 3580 3483 3636 capere
3508 3565 3702 3620 valebit.
3725 3568 3775 3616 Ac

2242 3655 2681 3725 quemadmodum
2710 3656 2923 3710 nubium
2947 3655 3224 3712 conflictus
3249 3655 3513 3726 principio
3539 3671 3698 3711 aerem
3717 3670 3777 3707 a-

2244 3747 2403 3817 ligine
2429 3747 2683 3813 offuscat;
2713 3748 2799 3802 ubi
2826 3764 2952 3803 vero
2979 3750 3197 3804 crebras
3221 3750 3457 3804 emiserit
3484 3750 3667 3813 stillas,
3688 3763 3775 3801 eu-

2242 3849 2396 3894 cuata
2436 3840 2643 3909 pluvia,
2683 3856 2929 3895 serenum
2971 3839 3254 3909 laetumque
3283 3854 3459 3893 aerem
3490 3841 3507 3870 ⁸
3541 3838 3774 3907 relinquit;

2243 3932 2319 3986 sic
2343 3941 2397 3987 et
2426 3946 2626 3987 maeror
2661 3931 2833 3987 donec
2862 3933 3001 3985 intus
3035 3942 3295 3997 versatur,
3324 3931 3684 4000 cogitationem
3705 3930 3773 3981 ob-

2242 4024 2387 4078 ducit
2433 4032 2665 4077 nostram
2709 4040 2720 4075 :
2763 4030 3037 4092 postquam
3083 4031 3257 4075 autem
3306 4021 3566 4076 orationis
3607 4021 3773 4077 verbis.

2241 4115 2614 4169 comitantibus
2660 4114 2944 4184 lacrymis,
2992 4122 3276 4167 evacuatus
3319 4112 3480 4166 fuerit
3526 4122 3581 4167 et
3621 4111 3773 4180 eiectus

2241 4207 2606 4277 difﬂatusque,
2638 4222 2879 4277 magnam
2921 4206 3073 4261 aﬂ'ert
3114 4205 3275 4258 animi
3311 4204 3574 4272 laetitiam,
3605 4205 3682 4258 Dei
3708 4219 3771 4270 pa-

2243 4299 2465 4354 trocinio
2493 4299 2622 4353 radii
2648 4300 2815 4353 instar
2836 4298 2887 4351 in
2912 4297 3112 4352 orantis
3134 4307 3362 4351 mentem
3391 4297 3601 4367 illapso.
3626 4296 3768 4349 Verum

2241 4392 2481 4461 quisnam
2518 4390 2605 4445 ille
2641 4389 2861 4460 frigidus
2900 4388 3180 4443 multorum
3219 4387 3433 4442 sermo?
3472 4387 3688 4447 Vereor,
3716 4387 3769 4435 iu-

2241 4483 2446 4552 quiunt,
2476 4482 2677 4551 pudore
2704 4479 2998 4546 suﬁ‘undor,
3030 4494 3200 4549 neque
3226 4492 3439 4547 possum
3472 4479 3555 4533 vel
3584 4493 3640 4531 os
3661 4476 3767 4529 didu-

2240 4589 2381 4628 cere.
2406 4572 2649 4627 Satanica
2675 4580 2758 4626 est
2782 4573 2895 4625 hrec
2919 4569 3255 4636 verecundia,
3277 4570 3525 4639 segnitiei
3552 4569 3764 4623 obtentis

2240 4663 2356 4718 Tibi
2409 4678 2633 4733 namque
2675 4661 2916 4717 diabolus
2962 4662 3159 4733 aditum
3207 4659 3274 4714 ad
3326 4659 3495 4714 Deum
3545 4656 3765 4713 οαιιυόετε

2241 4763 2428 4808 tentat.
2459 4751 2743 4808 Fiduciane
2772 4751 2958 4806 cares?
2980 4751 3167 4822 Magna
3195 4748 3391 4805 fidendi
3416 4764 3599 4813 causa,
3628 4759 3765 4815 magna

2240 4846 2471 4911 utilitas,
2508 4845 2552 4898 si
2592 4855 2642 4898 te
2686 4853 2837 4913 putas
2876 4840 3071 4899 fideudi
3099 4827 3312 4896 causam
3354 4856 3461 4895 non
3505 4840 3765 4899 habet-em

2238 4948 2419 4992 contra
2447 4937 2613 5006 pudor
2632 4945 2975 5006 extremaque
2994 4934 3284 4999 damnatio,
3308 4933 3352 4988 si
3380 4944 3431 4988 te
3451 4943 3603 5003 putas
3622 4928 3763 4984 ﬁdemii

2238 5045 2451 5085 causam
2495 5028 2691 5084 habere
2724 5047 2737 5084 :
2768 5042 3084 5099 quamquam
3114 5028 3254 5082 enim
3297 5026 3463 5081 multa
3491 5027 3622 5080 bona
3647 5034 3762 5091 opm

2238 5120 2461 5187 feceris,
2501 5134 2817 5190 quamquam
2858 5119 3053 5174 nullius
3081 5119 3153 5173 sis
3187 5118 3280 5172 tibi
3314 5119 3561 5172 conscius
3585 5110 3761 5173 mali.5i

2236 5227 2388 5283 putes
2415 5224 2467 5269 te
2495 5213 2690 5269 ﬁdendi
2718 5229 2927 5267 causam
2967 5214 3160 5268 habere
3180 5255 3194 5279 ,
3222 5212 3290 5267 ab
3327 5214 3565 5267 oratione
3604 5210 3759 5279 penitus

2236 5306 2496 5362 excidisti.

2308 5398 2587 5453 Humilitas
2620 5398 2859 5467 fiduciam
2896 5398 3049 5469 parit.
3078 5427 3150 5437 —
3174 5396 3371 5452 Contra
3406 5398 3448 5451 si
3486 5411 3636 5450 onera
3668 5405 3755 5461 ρα-

2234 5501 2471 5547 catorutn
2516 5491 2791 5545 innumera
2830 5489 2883 5544 in
2928 5489 3251 5544 conscientia
3298 5488 3493 5553 habes,
3525 5484 3665 5541 modo
3690 5479 3753 5534 tibi

2236 5581 2555 5655 persuadeas
2581 5590 2631 5637 te
2650 5582 2883 5636 omnium
2906 5581 3146 5636 ultimum
3168 5594 3307 5643 esse,
3331 5593 3570 5650 magnam
3591 5572 3755 5629 Iubebis

2232 5674 2372 5746 apud
2398 5675 2563 5730 Deum
2586 5672 2828 5727 ﬁduciam
2856 5689 2868 5724 :
2895 5672 3018 5726 licet
3042 5671 3092 5726 id
3117 5671 3257 5727 nulla
3285 5671 3548 5726 humilitas
3572 5666 3646 5728 sit,
3664 5670 3752 5713 cum

2301 5787 2320 5819 ί
2354 5784 2461 5849 Alii,
2483 5783 2733 5849 (ictumque
2757 5783 2881 5834 hunc
2904 5783 3074 5834 locum.
