3926 6232
41 330 151 387 76?.
1103 333 1188 387 DE
1229 332 1742 390 INCOMPREUENE

1919 339 1927 395 Ι
1968 338 2078 395 nm
2117 311 2428 394 mnum.
2467 337 2534 394 v.

31 449 302 522 σπιθαμῇ
352 448 451 519 τῆς
480 446 662 521 χειρὸς
699 447 879 501 πάντα
916 449 1076 502 αὐτὸν
1113 450 1416 520 μετροῦντα
1463 452 1730 518 ἐπελθεῖν,

29 541 159 592 τίνα
195 539 268 593 ἂν
303 539 551 609 φήσομεν
588 537 788 590 εἰδέναι
826 535 1056 607 μέγεθος
1082 535 1340 607 ούρανοῦ,
1367 537 1460 591 τὸν
1505 539 1736 610 φιλονει-

31 630 248 682 κοῦντα
279 629 482 680 εἰδέναι
511 627 686 689 πόσας
718 625 833 696 ἔχει
866 623 1170 697 σπιθαμὰς,
1195 626 1229 697 ἢ
1254 626 1345 680 τὸν
1370 627 1736 697 ὁμολογοῦντα

30 719 296 786 ἀγνοεῖνς
343 711 475 770 Εἶτα
513 716 609 768 ἐπὶ
650 715 750 786 μὲν
783 713 1015 786 ούρανοῦ
1064 715 1093 768 6
1143 715 1490 788 παραχωρῶν
1523 717 1602 788 τῷ
1637 735 1732 788 με-

27 805 217 875 γέθει,
247 799 406 866 οὗτος
452 804 608 857 ἔσται
651 804 680 856 6
716 803 917 874 μᾶλλον
952 802 1106 868 εἰδὼς
1149 803 1210 858 τὸ
1259 804 1508 876 μέγεθος,
1550 807 1642 859 ἐπὶ
1677 807 1734 860 δέ

28 895 127 950 τοῦ
159 893 309 948 Θεοῦ
340 893 462 946 ούδέ
496 891 669 964 ταύτῃ
714 891 1035 964 χρησόμεθα
1063 895 1128 964 τῇ
1166 893 1454 964 εὐλαϐείας
1494 895 1588 949 καὶ
1618 896 1736 960 πῶς

25 987 134 1038 οὐκ
187 983 436 1052 ἐσχάτης
489 978 650 1034 τοῦτο
702 979 1269 1052 παραπληξίας;”οτι
1323 982 1434 1052 γὰρ
1479 983 1734 1038 τοσοῦτον

34 1069 434 1142 ἀπαιτούμεθα
470 1069 630 1139 μόνον
664 1068 884 1128 εἰδέναι.
913 1069 994 1121 ὃτι
1027 1068 1142 1121 ἐστι
1176 1069 1330 1134 Θεὸς,
1363 1072 1484 1142 οὐχὶ
1515 1089 1734 1144 περιερ-

35 1161 313 1229 γάζεσθαι
338 1158 504 1212 αὐτοῦ
535 1158 634 1230 τὴν
660 1157 871 1221 οὐσίαν,
895 1156 1128 1211 ἄκουσον
1165 1159 1218 1212 τί
1249 1176 1414 1230 φησιν
1441 1161 1468 1212 6
1490 1161 1700 1225 Παῦλος
1717 1179 1730 1193 ·

33 1249 384 1303 Πιστεῦσαι
430 1247 541 1316 γὰρ
574 1246 671 1299 δεῖ
699 1245 810 1300 τὸν
845 1247 1332 1316 προσερχόμενον
1367 1246 1448 1312 τῷ
1483 1247 1604 1313 Θεῷ
1644 1248 1733 1302 ὅτι

33 1339 192 1390 ἔστι.
232 1337 353 1390 Kal
385 1335 548 1389 πάλιν
575 1337 604 1388 6
631 1336 918 1406 προφήτης
945 1335 1196 1403 ἐγκαλῶν
1225 1337 1483 1392 ἀσέϐειαν
1513 1338 1638 1402 τινὶ,
1669 1339 1730 1391 οὐ

34 1425 203 1478 τοῦτο
232 1423 482 1492 ἐγκαλεῖ,
527 1424 610 1476 ὅτι
642 1423 744 1476 οὐκ
795 1418 907 1477 οἶδε
957 1423 1011 1476 τί
1063 1426 1210 1478 ἐστιν
1237 1426 1267 1478 ὀ
1299 1425 1454 1489 Θεὸς,
1498 1425 1613 1478 ἀλλ’
1651 1425 1731 1478 ὅτι

33 1515 132 1567 οὐκ
178 1507 354 1571 οἶδεν,
385 1512 468 1565 ὅτι
502 1510 618 1564 ἐστι
649 1510 800 1574 Θεός.
831 1507 983 1565 Εἷπε
1027 1512 1157 1583 γὰρ,
1200 1513 1388 1582 φησὶν,
1429 1511 1634 1582 ἄφρων
1664 1512 1734 1564 ἐν

33 1599 261 1670 καρδίᾳ
317 1599 530 1666 αὑτοῦ,
573 1601 687 1654 οὐκ
736 1600 871 1654 ἔστι
924 1600 1090 1668 Θεός.
1126 1601 1339 1673 ’Ὥσπερ
1385 1597 1479 1655 οὖν
1526 1603 1733 1654 ἐκεῖνον

32 1689 214 1759 ἀσεϐῆ
258 1691 410 1742 ποιεῖ
438 1688 501 1741 οὐ
529 1687 590 1741 τὸ
629 1689 843 1756 ἀγνοεῖν
876 1688 929 1740 τί
963 1690 1064 1760 τήν
1106 1689 1293 1743 οὐσίαν
1327 1691 1476 1743 ἐστίν
1512 1692 1540 1743 6
1578 1690 1730 1754 Θεὸς,

31 1775 176 1829 ἀλλὰ
223 1775 290 1828 τὸ
350 1776 586 1843 ἀγνοεῖν,
649 1775 733 1828 ὅτι
781 1774 898 1829 ἔστι
949 1775 1116 1841 Θεόςο
1174 1775 1348 1840 οὕτως
1399 1779 1559 1848 ἀρκεῖ
1596 1778 1733 1848 πρὸς

33 1865 336 1918 εὐσέϐειαν
369 1863 432 1917 τὸ
462 1863 662 1917 εἰδέναι
697 1864 780 1917 ὅτι
818 1862 964 1918 ἔστιν
993 1865 1022 1917 6
1043 1864 1194 1928 Θεός.
1244 1865 1382 1918 Ἀλλ’
1406 1865 1586 1936 ἔχουσί
1613 1883 1733 1918 τινα

23 1952 128 2004 καὶ
173 1953 377 2021 ἕτερον
415 1949 859 2022 μεμελετημένον
889 1950 1070 2019 λόγον.
1111 1951 1245 2004 Τίνα
1272 1951 1336 2022 δὴ
1371 1953 1595 2016 τοῦτον;
1643 1952 1732 2005 EI-

31 2056 231 2108 ρηται,
263 2038 428 2107 φησὶ,
476 2037 721 2107 Πνεῦμα
763 2041 796 2091 ὁ
852 2039 1018 2103 Θεός.
1054 2038 1226 2092 Τοῦτο
1267 2035 1360 2092 οὖν
1410 2041 1510 2110 τῆς
1546 2039 1733 2102 οὐσίας

31 2125 215 2178 αὐτοῦ
256 2125 698 2196 παραστατικὸν,
731 2125 854 2178 είπέ
898 2142 1023 2196 μοις
1068 2127 1161 2178 καὶ
1203 2127 1289 2189 τίς
1331 2127 1504 2180 ταῦτα
1543 2126 1733 2191 ἀνέξε-

35 2231 145 2275 ται,
185 2213 304 2266 κάν
343 2211 595 2266 ὁπωσοῦν
628 2212 722 2265 ἐπὶ
756 2211 928 2284 θύρας
949 2213 1058 2266 τῶν
1085 2212 1246 2268 θείων
1275 2215 1508 2286 Γραφῶν
1533 2214 1730 2278 ἐλθώνς

34 2304 248 2355 Ἔσται
306 2301 420 2373 γὰρ
477 2301 621 2355 κατὰ
673 2298 865 2354 τοῦτον
907 2301 998 2354 τὸν
1029 2300 1188 2369 λόγον
1230 2303 1325 2356 καὶ
1374 2302 1484 2374 πῦρ
1517 2306 1546 2356 6
1577 2304 1732 2367 Θεός’

32 2391 237 2460 ὥσπερ
291 2389 405 2461 γὰρ
442 2389 754 2460 γέγραπται
789 2389 872 2443 ὅτι
907 2387 1152 2458 Πνεῦμα
1189 2393 1222 2444 ό
1268 2390 1432 2458 Θεὸς,
1466 2391 1607 2446 οὕτω
1643 2392 1735 2462 γέ-

33 2493 296 2548 γραπται
332 2477 416 2530 ὅτι
457 2477 522 2530 '0
569 2475 718 2542 Θεὸς
752 2475 926 2542 ἡμῶν
957 2475 1079 2544 πῦρ
1126 2480 1595 2543 καταναλίσκον,
1641 2480 1735 2534 καὶ

33 2567 232 2630 πάλιν,
256 2564 434 2635 Πηγή
473 2563 696 2631 ὕδατος
722 2563 959 2631 ζῶντος.
991 2565 1067 2619 Οὐ
1098 2565 1317 2637 πνεῦμα
1347 2566 1406 2620 δὲ
1441 2569 1534 2621 καὶ
1582 2569 1733 2639 πηγὴ

34 2657 124 2710 καὶ
155 2655 280 2726 πῦρ
329 2653 485 2707 ἐσται
539 2653 722 2724 μόνον,
754 2653 891 2708 ἀλλά
934 2654 1028 2708 καὶ
1054 2653 1224 2726 ψυχὴ,
1263 2655 1359 2709 καὶ
1391 2656 1611 2727 ἄνεμος,
1642 2657 1736 2710 καὶ

38 2743 159 2807 νοῦς
206 2740 580 2813 ἀνθρώπινος,
633 2741 728 2796 καὶ
757 2740 922 2813 ’ἐτερα
954 2741 1135 2813 πολλῷ
1157 2741 1362 2798 τούτων
1389 2743 1732 2815 ἀτοπώτεραο

32 2835 92 2884 οὐ
122 2832 247 2902 γὰρ
268 2831 339 2901 δὴ
359 2829 540 2884 πάντα
567 2828 842 2896 ἐπεξιέναι
873 2829 979 2902 χρὴ
1003 2831 1082 2901 τῷ
1105 2830 1273 2901 λόγῳ,
1309 2831 1430 2885 οὐδέ
1458 2833 1557 2904 τὴν
1588 2833 1733 2886 ἐκεί-

34 2939 140 2974 νων
169 2919 473 2991 μιμεῖσθαι
504 2919 724 2990 μανίαν.
765 2918 840 2972 Τὸ
872 2917 980 2990 γὰρ
1010 2918 1248 2989 πνεῦμα
1265 2918 1424 2973 τοῦτο
1461 2919 1631 2974 πολλά
1645 2920 1736 2990 δη-

33 3009 135 3072 λοῖ,
173 3003 299 3062 οἷον
322 3006 620 3078 τὴνψυχὴν
649 3005 749 3078 τὴν
776 3005 1080 3078 ἡμετέραν,
1111 3006 1364 3079 καθάπερ
1391 3008 1486 3063 καὶ
1524 3008 1735 3073 Παῦλός

33 3114 200 3168 φησι·
246 3094 407 3170 [588]
447 3093 758 3164 Παράδοτε
806 3095 914 3148 τὸν
947 3094 1224 3149 τοιοῦτον
1247 3095 1327 3161 τῷ
1345 3096 1601 3164 σατανᾷ,
1635 3098 1736 3152 ἵνα

34 3185 97 3239 τὸ
129 3183 390 3253 πνεῦμα
419 3180 607 3250 σωθῇ·
633 3181 727 3234 καὶ
760 3181 978 3252 ἄνεμον,
1007 3180 1256 3253 καθάπερ
1275 3182 1304 3234 6
1337 3185 1621 3256 προφήτης
1647 3184 1732 3238 λέ-

17 3293 144 3342 ·γει·
185 3272 501 3341 Πνεύματι
542 3270 725 3336 βιαίῳ
773 3269 1128 3339 συντρίψεις
1182 3272 1426 3336 αὐτούς.
1475 3272 1737 3327 Καλεῖται

35 3363 89 3416 δέ
122 3362 230 3415 καὶ
268 3360 337 3412 τὸ
367 3358 618 3431 χάρισμα
641 3358 704 3411 τὸ
745 3359 1118 3428 πνευματικὸν
1142 3359 1334 3424 οὕτως’
1358 3361 1512 3418 Αὐτὸ
1535 3362 1646 3432 γὰρ
1671 3363 1735 3416 τὸ

35 3451 288 3518 πνεῦμα
318 3445 738 3517 συμμαρτῳεῖ
761 3444 840 3512 τῷ
866 3447 1164 3516 πνεύματι
1217 3448 1406 3518 ἡμῶν,
1453 3450 1607 3521 φησί·
1643 3452 1738 3504 καὶ

37 3540 231 3599 πάλιν,
254 3535 673 3605 Προσεύξομαι
699 3534 767 3588 δὲ
785 3533 865 3600 τῷ
879 3537 1190 3606 πνεύματι,
1226 3538 1632 3610 προσεύξομαι
1670 3539 1738 3592 δὲ

36 3629 136 3683 καὶ
189 3625 278 3692 τῷ
311 3626 427 3680 νοτ.
457 3623 722 3678 Καλεῖται
765 3622 821 3675 δὲ
851 3623 944 3677 καὶ⁵
969 3626 998 3678 6
1036 3623 1206 3696 θυμὸς
1253 3625 1446 3691 οῦτωςο
1492 3628 1586 3681 καὶ
1629 3629 1738 3700 γὰρ

45 3717 292 3778 Ἡσαΐας
317 3713 506 3784 φησίν
543 3714 628 3766 οὐ
657 3712 739 3766 σὺ
779 3708 942 3781 ἦσθα
974 3716 1008 3767 ό
1044 3713 1315 3783 μελετῶν
1344 3715 1423 3781 τῷ
1445 3718 1740 3787 πνεύματί

35 3821 154 3857 σου
186 3800 276 3867 τῷ
324 3798 574 3868 σκληρῷ
619 3799 864 3854 ἀνελεῖν
904 3802 1161 3867 αὐτούς;
1202 3802 1459 3857 Καλείται
1497 3803 1555 3856 δέ
1588 3806 1736 3876 καὶή

37 3891 275 3962 βοήθεια
308 3891 342 3959 ή
373 3889 526 3960 παρά
557 3887 652 3941 τοῦ
710 3887 845 3942 Θεοῦ
891 3888 1131 3959 πνεῦμα⁸
1183 3889 1426 3958 Πνεῦμα
1471 3892 1581 3960 τὰρ
1623 3892 1737 3961 πρὸ

35 3979 382 4048 προσώπου
435 3975 607 4046 ἡμῶν
653 3976 911 4045 Χριστὸς
939 3978 1175 4045 Κύριος.
1206 3977 1391 4032 Ταῦτα
1425 3975 1518 4032 οὖν
1562 3980 1739 4034 πάντα

35 4071 176 4137 ἡμῖν
207 4064 395 4126 ὁΘεὸς
422 4063 576 4117 ἔσται
617 4065 739 4117 κατ’
767 4064 1032 4127 ἐκείνους,
1070 4067 1164 4116 καὶ
1195 4065 1258 4116 ἐκ
1284 4064 1552 4118 τοσούτων
1604 4082 1737 4134 συγ-

35 4155 320 4206 κείσεται.
341 4149 505 4203 Ἀλλά
520 4151 629 4222 γὰρ
658 4151 747 4204 ἵνα
769 4149 845 4221 μὴ
870 4150 1148 4221 ληρῶμεν,
1173 4149 1240 4203 τὰ
1264 4150 1398 4221 μηδέ
1431 4151 1739 4222 ἀντιλογίας

34 4244 286 4312 δεόμενα
318 4239 664 4310 παράγοντες
701 4241 781 4301 είς
817 4238 1002 4309 μέσον,
1042 4239 1174 4308 φέρε
1215 4238 1450 4294 ἐνταῦθα
1478 4240 1569 4293 τὸν
1603 4241 1739 4313 πρὸς

37 4330 250 4392 αὐτοὺς
271 4327 682 4392 καταλύσαντες
714 4327 892 4394 λόγον,
936 4328 1032 4380 ἐπὶ
1057 4328 1155 4399 τὴν
1188 4328 1351 4401 εὐχὴν
1395 4329 1456 4382 τὸ
1482 4333 1590 4384 πᾶν
1612 4332 1738 4403 τρέ-

35 4421 268 4489 φωμεν,
328 4417 440 4486 ὅσῳ
491 4416 753 4485 μειζόνως
806 4416 1085 4480 ἀσεϐοῦσι,
1139 4417 1374 4487 τοσούτῳ
1410 4418 1568 4472 πλέον
1601 4420 1739 4491 ὐπέρ

37 4505 229 4558 αὐτῶν
259 4501 713 4574 παρακαλοῦντες
744 4504 837 4556 καὶ
869 4503 1113 4572 δεόμενοι
1151 4505 1452 4576 ἀποστῆναί
1483 4523 1610 4559 ποτε
1643 4506 1740 4576 τῆς

41 4593 255 4662 μανίας
289 4591 511 4653 αὐτούς.
545 4588 716 4644 Τοῦτο
745 4588 854 4661 γὰρ
897 4591 1201 4646 ἁποδεκτὸν
1243 4591 1474 4645 ἐνώπιον
1505 4593 1599 4646 τοῦ
1631 4595 1742 4646 Σω-

39 4682 218 4752 τῆρος
246 4677 415 4749 ήμῶν
441 4676 601 4739 Θεοῦ,
635 4679 740 4744 Ὃς
768 4677 1001 4743 πάντας
1037 4677 1390 4746 ἀνθρώπους
1422 4679 1581 4734 θέλει
1625 4697 1740 4733 σω-

39 4769 250 4840 θῆναι,
287 4766 393 4822 καὶ
422 4769 509 4833 εις
530 4766 860 4836 ἐπίγνωσιν
875 4767 1165 4833 ἀληθείας
1192 4766 1413 4824 ἐλθεῖν.

115 5054 196 5111 ς’.
228 5045 327 5115 Μὴ
353 5042 728 5112 διαλείπωμεν
747 5041 928 5096 τοίνυν
954 5040 1050 5106 τάς
1073 5043 1213 5114 ύπέρ
1251 5043 1428 5096 αὐτῶν
1462 5047 1742 5120 ἱκετηρίας

43 5132 398 5203 ποιούμενοι.
429 5129 591 5197 Μέγα
611 5127 721 5200 γάρ
744 5129 908 5183 ὅπλον
933 5128 1090 5200 εὐχὴ,
1123 5129 1398 5200 θησαυρὸς
1427 5132 1742 5206 ἀνελλιπὴς,

45 5222 288 5284 πλοῦτος
325 5217 599 5289 μηδέποτε
628 5215 1042 5288 δαπανώμενος,
1079 5217 1243 5288 λιμὴν
1271 5217 1608 5290 ἀκύμαντος,
1645 5239 1744 5292 γα-

43 5312 223 5381 λήνης
253 5305 538 5372 ὑπόθεσις,
569 5305 662 5359 καὶ
687 5305 896 5378 μυρίων
925 5305 1148 5374 ἀγαθῶν
1183 5305 1306 5378 ρίζα
1327 5307 1421 5360 καὶ
1456 5312 1605 5382 πηγὴ
1651 5314 1745 5366 καὶ⁵

49 5401 244 5467 μήτηρ
277 5393 433 5446 ἐστὶν
461 5395 495 5464 ἡ
542 5393 698 5464 εὐχὴ,
722 5392 818 5447 καὶ
840 5393 1010 5463 αὐτῆς
1056 5393 1156 5463 τῆς
1198 5393 1474 5464 βασιλείας
1507 5396 1744 5452 δυνατω-

45 5486 206 5556 τέρα.
232 5481 508 5544 Πολλάκις
540 5478 635 5536 οὖν
662 5480 828 5536 αὐτοῦ
871 5481 966 5535 τοῦ
989 5481 1051 5535 τὸ
1087 5481 1326 5554 διάδημα
1360 5487 1742 5556 περικειμένου

47 5573 446 5643 πυρέττοντας,
470 5571 565 5626 καὶ⁵
584 5571 678 5624 ἐπὶ
707 5571 806 5642 τῆς
830 5570 1019 5643 κλίνης
1058 5571 1314 5642 κειμένου
1345 5575 1438 5626 καὶ
1471 5573 1742 5646 φλεγομέ-

47 5680 163 5723 νου,
185 5660 608 5730 παρεστήκασιν
639 5660 834 5731 ἰατροὶ,
859 5659 1166 5732 δορυφόροι,
1207 5659 1558 5732 θεράποντες,
1590 5681 1747 5740 στρα-

49 5749 235 5819 τηγοὶ,
272 5749 369 5800 καὶ
405 5746 529 5801 οὔτε
582 5748 783 5820 ἰατρῶν
853 5748 1040 5820 τέχνη,
1084 5747 1210 5800 οὐτε
1246 5751 1519 5820 παρουσία
1553 5751 1742 5819 φίλων,

49 5837 153 5894 οὐκ
178 5836 412 5892 οίκετῶν
437 5836 705 5905 διακονία,
756 5838 816 5892 οὐ
853 5837 1160 5908 φαρμάκων
1188 5835 1455 5908 δαψίλεια,
1486 5841 1546 5894 οὐ
1581 5840 1744 5894 πολυ-

3411 336 3514 393 τιι

1846 455 2028 508 τέλεια
2070 455 2449 526 παρασκευῆς,
2481 453 2543 506 οὐ
2569 452 2865 524 χρημάτων
2909 452 3214 526 περιουσία,
3251 453 3350 506 οὐκ
3389 451 3520 506 ἀλλο

1844 543 1995 595 οὐδὲν
2015 543 2125 595 τῶν
2155 542 2509 613 ἀνθρωπίνων
2542 539 2714 611 ἰσχύει
2737 540 3240 612 παραμυθήσασθαι
3270 539 3369 611 τήν
3396 541 3518 591 ἐπι-

1845 630 2104 701 κειμένην
2133 628 2465 700 ἀρρωστίαν·
2501 627 2567 682 ἂν
2605 626 2664 680 δέ
2720 645 2803 692 τις
2851 628 3162 700 παρρησίαν
3204 627 3342 698 ἔχων
3381 625 3519 697 πρὸς

1842 717 1933 770 τὸν
1962 717 2094 774 Θεὸν
2122 716 2358 788 εἰσέλθῃ,
2384 716 2480 769 καὶ
2516 712 2610 768 τοῦ
2659 715 2910 785 σώματος
2948 716 3162 787 ἅψηται
3199 717 3379 787 μόνον,
3426 716 3520 768 καὶ

1843 805 2093 876 καθαράν
2131 805 2269 877 ὐπέρ
2295 802 2458 857 αὐτοῦ
2483 803 2687 876 ποιήσῃ
2718 802 2816 874 τήν
2845 804 3030 875 εὐχὴν,
3057 805 3272 858 ἀπασαν
3304 803 3401 874 τήν
3418 805 3518 877 ἀρ-

1844 893 2081 965 ρωστίαν
2127 892 2478 962 ἐφυγάδευσε·
2521 891 2616 945 καὶ
2640 894 2778 962 ὅπερ
2820 892 2921 944 οὐκ
2956 892 3174 962 ἴσχυσεν
3214 894 3243 945 6
3269 891 3517 955 πλοῦτος,

1842 982 1934 1034 καὶ
1962 981 2072 1034 τῶν
2108 981 2538 1051 διακονουμένων
2576 981 2636 1033 τὸ
2659 979 2886 1050 πλῆθος,
2920 979 3065 1050 καὶὴ
3093 979 3192 1050 τῆς
3228 978 3523 1050 ἐμπειρίας

1842 1071 2148 1142 ἐπιστήμη,
2184 1069 2280 1123 καὶ
2321 1069 2350 1121 ὁ
2389 1069 2488 1139 τῆς
2551 1067 2827 1138 βασιλείας
2877 1067 3062 1134 δγκος,
3115 1065 3272 1119 τοῦτο
3303 1067 3521 1136 ἴσχυσεν

1841 1159 1960 1220 ἐνὸς
1992 1158 2225 1228 πένητος
2257 1157 2520 1220 πολλάκις
2557 1156 2652 1209 καὶ
2704 1154 3081 1226 πτωχεύοντος
3141 1154 3297 1225 εὐχή.
3339 1155 3524 1225 Εὐχὴν

1840 1246 1896 1298 δὲ
1923 1245 2086 1314 λέγω,
2129 1247 2190 1300 οὐ
2227 1247 2328 1318 τήν
2353 1245 2513 1316 ψιλὴν
2565 1243 2769 1316 ταύτην
2797 1243 2892 1297 καὶ
2926 1242 3201 1314 ραθυμίας
3222 1240 3522 1312 γέμουσαν,

1841 1334 1977 1388 ἀλλά
2002 1336 2100 1406 τὴν
2133 1337 2249 1406 μετ’
2300 1335 2576 1399 ἐκτενείας
2622 1333 2936 1405 γινομένην,
2993 1331 3131 1402 μετά
3181 1330 3524 1400 ὀδυνωμένης

1839 1423 2037 1496 ψυχῆς,
2069 1425 2208 1494 μετά
2259 1423 2666 1495 συντεταμένης
2693 1421 2942 1485 διανοίας,
2964 1421 3006 1475 ⁸.
3045 1417 3195 1490 Αὕτη
3239 1417 3350 1488 γάρ
3378 1419 3526 1471 ἐστιν

1842 1512 1874 1581 ἡ
1899 1513 2036 1583 πρὸς
2055 1511 2148 1565 τὸν
2175 1511 2402 1583 οὐρανὸν
2424 1510 2814 1573 ἀναϐαίνουσα,
2848 1509 2944 1562 καὶ
2961 1507 3215 1578 καθάπερ
3243 1505 3310 1560 τά
3333 1505 3524 1570 ῦδατα,

1841 1600 1946 1662 ἕως
1973 1599 2072 1670 μὲν
2095 1598 2162 1652 ἂν
2190 1600 2284 1652 ἐπὶ
2308 1598 2558 1654 ίσοπέδου
2598 1598 2832 1668 φέρηται
2873 1595 3150 1668 [χωρίου],
3189 1595 3284 1648 καὶ
3321 1593 3528 1664 πολλῆς

1841 1687 2088 1759 ἀπολαύῃ
2135 1687 2236 1758 τῆς
2284 1687 2645 1759 εὐρυχωρίας,
2684 1686 2798 1739 οὐκ
2831 1684 3115 1738 ἀνίσταται
3163 1685 3300 1755 πρὸς
3355 1680 3513 1751 ῦψοςι

1840 1775 2058 1828 ἐπειδὰν
2097 1775 2153 1829 δέ
2189 1775 2329 1828 αὐτά
2362 1778 2545 1846 χεῖρες
2577 1772 2857 1844 ὀχετηγῶν
2891 1771 3135 1826 κάτωθεν
3167 1768 3526 1844 περισφίγξα-

1842 1880 1933 1917 σαι
1975 1862 2205 1932 θλίψωσι
2241 1860 2743 1933 στενοχωρούμενα,
2797 1859 2987 1930 βέλους
3024 1857 3228 1920 παντὸς
3267 1850 3524 1930 ὀξύτερον

1841 1952 1983 2022 πρὸς
2004 1949 2066 2003 τὸ
2119 1949 2253 2020 ὕψος
2277 1947 2704 2014 ἐξακοντίζεταιο
2744 1946 2887 2001 οὐτω
2913 1946 2978 2019 δὴ
3011 1948 3106 2000 καὶ
3144 1947 3178 2017 ἡ
3206 1945 3524 2016 ἀνθρωπίνη

1839 2038 2068 2100 διάνοια,
2099 2036 2205 2100 ἓως
2253 2039 2352 2108 μὲν
2379 2037 2443 2091 ἂν
2477 2035 2664 2100 ἀδείας
2704 2033 2956 2105 ἀπολαύῃ
2997 2032 3219 2104 πολλῆς,
3257 2032 3523 2102 διαχεῖται

1841 2124 1936 2176 καὶ
1956 2122 2189 2193 διαρῤεῖσ
2211 2119 2434 2174 ἐπειδάν
2459 2120 2515 2173 δὲ
2559 2119 2901 2190 πραγμάτων
2927 2119 3250 2190 περίστασις
3279 2115 3524 2171 κάτωθεν

1841 2210 2010 2280 αὐτὴν
2035 2210 2440 2280 στενοχωρήσῃ,
2474 2207 2877 2278 ἀποθλιϐομένη
2907 2207 3110 2272 καλῶς,
3140 2205 3387 2278 καθαράς
3428 2203 3524 2257 καὶ

1842 2299 2091 2362 εὐτόνους
2142 2297 2278 2369 πρὸς
2315 2296 2376 2349 τὸ
2432 2295 2564 2366 ὕψος
2590 2296 2908 2368 ἀναπέμπει
2946 2296 3044 2360 τάς
3074 2293 3260 2365 εὐχάς.
3293 2293 3404 2346 Kal
3435 2292 3526 2346 ἶνα

1845 2386 2022 2460 μάθῃς
2046 2387 2127 2438 ὅτι
2152 2385 2386 2455 μάλιστα
2414 2385 2619 2438 ἐκεῖναι
2645 2381 3016 2438 ἐπακούεσθαι
3048 2383 3078 2422 ι)
3101 2381 3336 2435 δύναιντ’
3365 2379 3433 2434 ἂν
3465 2381 3528 2435 αι

1847 2474 1985 2545 μετὰ
2014 2472 2244 2543 θλίψεως
2267 2473 2568 2542 γινόμεναι,
2604 2471 2837 2525 ἄκουσον
2870 2471 2923 2524 τί
2954 2488 3119 2541 φησιν
3153 2471 3182 2524 6
3215 2469 3526 2542 προφήτης

1842 2561 1999 2632 Πρὸς
2021 2562 2239 2629 Κύριον
2256 2560 2327 2614 ἐν
2361 2558 2442 2625 τῷ
2473 2559 2786 2615 θλίϐεσθαι
2827 2576 2906 2628 με
2936 2558 3254 2627 ἐκέκραξα,
3277 2555 3377 2612 καί
3403 2557 3527 2610 εισ-

1841 2649 2076 2718 ήκουσέ
2110 2666 2252 2718 μου.
2283 2646 2752 2719 Διαθερμάνωμεν
2781 2646 2960 2700 τοίνυν
2987 2645 3049 2698 τὸ
3075 2645 3335 2712 συνειδὸς,
3373 2642 3528 2717 [489ι
3555 2660 3562 2670 ⁸

1844 2739 2122 2810 θλίψωμεν
2150 2739 2248 2807 τὴν
2280 2735 2457 2808 ψυχὴν
2479 2739 2546 2807 τῇ
2581 2737 2771 2807 μνήμῃ
2800 2735 2910 2788 τῶν
2948 2734 3384 2806 ἁμαρτημάτων,
3407 2731 3526 2784 θλί-

1842 2827 2056 2897 ψωμεν,
2105 2827 2201 2896 οὐχ
2224 2826 2312 2878 ἵνα
2349 2825 2875 2896 στενοχωρήσωμεν,
2913 2821 3029 2875 ἀλλ’
3063 2821 3151 2874 ἵνα
3185 2819 3534 2891 ἀκουσθῆναι,

1844 2916 2376 2988 παρασκευάσωμεν,
2410 2913 2496 2965 ἵνα
2547 2913 2739 2982 νήφειν
2796 2910 3112 2980 ποιήσωμεν
3159 2909 3254 2961 καὶ
3294 2910 3532 2980 ἐγρηγο-

1847 3005 2018 3075 ρέναι,
2073 3006 2167 3057 καὶ
2201 3001 2380 3056 αὐτῶν
2415 2999 2683 3054 ἅπτεσθαι
2712 2998 2822 3051 τῶν
2865 2996 3130 3070 οὐρανῶν.
3183 2995 3353 3050 Οὐδὲν
3383 2994 3532 3049 οὕτω

1845 3091 2140 3162 φυγαδεύει
2168 3089 2442 3162 ῥᾳθυμίαν
2484 3087 2580 3140 καὶ
2618 3085 2933 3157 ὀλιγωρίαν,
2967 3084 3044 3149 ώς
3082 3084 3246 3156 ὀδύνη
3281 3083 3376 3138 καὶ
3409 3081 3531 3135 θλῖ-

1844 3181 1938 3251 ψις
1970 3179 2306 3250 πανταχόθεν
2336 3175 2648 3244 συνάγουσα
2685 3176 2783 3246 τὴν
2812 3174 3076 3238 διάνοιαν,
3105 3172 3199 3226 καὶ
3229 3171 3365 3244 πρὸς
3393 3171 3530 3224 ἐαυ-

1844 3271 1943 3340 τὴν
1974 3268 2401 3339 ἐπιστρέφουσα.
2450 3265 2508 3318 ⁸0
2541 3263 2857 3334 θλιϐόμενος
2906 3262 3050 3316 οὕτω
3093 3260 3190 3315 καὶ
3231 3259 3529 3330 εὐχόμενος

1847 3356 2046 3427 πολλὴν
2081 3355 2218 3426 μετά
2269 3353 2366 3424 τὴν
2400 3353 2566 3424 εὐχὴν
2593 3353 2674 3415 είς
2711 3352 2810 3422 τὴν
2842 3349 3020 3421 ψυχὴν
3058 3347 3158 3419 τήν
3185 3344 3382 3400 ἐαυτοῦ
3427 3345 3529 3417 τὴν

1846 3445 2038 3517 ἡδονὴν
2072 3442 2361 3498 εἰσοικίσαι
2394 3442 2709 3513 δυνήσεται.
2753 3439 2863 3494 Kal
2887 3437 3139 3511 καθάπερ
3178 3434 3356 3505 νεφῶν
3401 3450 3528 3488 συν-

1845 3535 2019 3605 δρομή
2050 3531 2202 3604 παρὰ
2257 3533 2353 3603 μὲν
2385 3529 2485 3602 τὴν
2534 3530 2708 3601 ἀρχὴν
2756 3529 2984 3600 ζοφερὸν
3043 3529 3190 3580 ποιεῖ
3237 3525 3330 3579 τὸν
3367 3524 3526 3596 ἀέραο

1848 3622 2067 3678 ἐπειδὰν
2097 3621 2154 3676 δέ
2184 3619 2524 3692 ἐπαλλήλους
2577 3621 2762 3689 ἐπαφῇ
2793 3617 2890 3680 τὰς
2935 3616 3180 3684 νιφάδας.
3211 3613 3530 3686 ἀποθεμένη

1847 3711 1937 3763 τὸν
1966 3708 2121 3762 ὑετὸν
2160 3709 2394 3773 ἅπαντα,
2421 3705 2657 3775 γαληνὸν
2696 3704 2787 3758 καὶ
2830 3703 3055 3774 φαιδρὸν
3097 3701 3396 3774 ἐργάζεται
3437 3702 3534 3756 τὸν

1847 3800 1984 3870 ἀέρα
2022 3810 2071 3865 θ,
2101 3796 2244 3852 οὕτω
2272 3796 2337 3866 δὴ
2375 3796 2472 3850 καὶ
2515 3793 2723 3864 ἀθυμία
2751 3792 2856 3856 ἕως
2896 3792 2995 3863 μέν
3031 3790 3096 3845 ἂν
3127 3790 3275 3844 ἔνδον
3303 3789 3532 3861 συστρέ-

1848 3905 2038 3958 φηται,
2081 3888 2264 3939 σκοτοῖ
2291 3885 2382 3938 τὸν
2432 3884 2702 3956 ἡμέτερον
2752 3880 3038 3952 λογισμόν
3074 3877 3296 3934 ἐπειδὰν
3351 3878 3410 3932 δέ
3442 3877 3532 3932 διὰ

1847 3976 1955 4029 τῶν
1978 3976 2076 4045 τῆς
2105 3974 2269 4044 εὐχῆς
2306 3971 2568 4044 ῥημάτων
2599 3971 2695 4025 καὶ
2726 3969 2834 4022 τῶν
2867 3971 2984 4040 μετ’
3010 3967 3238 4021 ἐκείνων
3274 3963 3534 4036 δακρύων

1848 4063 2078 4134 κενωθῇ,
2113 4063 2208 4116 καὶ
2232 4063 2310 4124 είς
2340 4061 2400 4113 τὸ
2432 4059 2538 4126 ἔξω
2586 4058 2910 4129 διαπνεύσῃ,
2942 4055 3145 4128 πολλὴν
3190 4049 3432 4126 ἐντίθησι
3458 4055 3534 4126 τῇ

1846 4153 1992 4224 ψυχῇ
2021 4151 2119 4223 τὴν
2177 4148 2532 4219 φαιδρότητα,
2563 4146 2674 4216 τῆς
2724 4145 3063 4218 ἀντιλήψεως
3104 4143 3200 4198 τοῦ
3230 4143 3366 4197 Θεοῦ
3396 4141 3534 4196 καθ-

1849 4242 1993 4312 άπερ
2017 4239 2161 4303 τινὸς
2181 4239 2397 4300 ἀκτῖνος
2425 4239 2504 4300 είς
2536 4236 2635 4306 τὴν
2651 4234 2888 4289 διάνοιαν
2909 4233 3209 4303 ἀφεθείσης
3241 4231 3335 4285 τοῦ
3375 4231 3548 4302 εὐχο-.

1852 4331 2036 4402 μένου.
2092 4327 2252 4380 Ἀλλά
2293 4327 2377 4389 τίς
2409 4328 2438 4379 6
2473 4325 2678 4396 ψυχρὸς
2718 4325 2826 4377 τῶν
2855 4323 3067 4378 πολλῶν
3099 4322 3290 4390 λόγος;
3329 4320 3535 4392 Ἀπαρ-

1851 4416 2143 4491 ρησίαστός
2171 4418 2307 4485 εἰμι,
2339 4415 2526 4486 φησὶν,
2560 4412 2824 4482 αἰσχύνης
2857 4412 3035 4482 γέμω,
3083 4409 3204 4463 οὐδέ
3235 4406 3442 4472 ἀνοῖξαι
3471 4407 3536 4460 τὸ

1851 4505 2026 4577 στόμα
2071 4505 2325 4573 δύναμαι.
2359 4501 2631 4572 Σατανικὴ
2670 4499 2808 4569 αὐτη
2854 4501 2888 4570 ἡ
2936 4497 3214 4562 εὐλάϐεια,
3261 4495 3545 4568 ῥᾳθυμίας,

1848 4595 2023 4648 ταῦτα
2077 4590 2548 4661 προκαλύμματα·
2589 4589 2914 4644 ἀποκλεῖσαι
2939 4587 3049 4658 γάρ
3086 4603 3168 4639 σοι
3215 4585 3316 4648 τὰς
3362 4583 3534 4656 θύρας

1848 4687 1946 4754 τῆς
1976 4682 2112 4754 πρὸς
2140 4681 2230 4733 τὸν
2262 4678 2394 4732 Θεὸν
2428 4678 2690 4749 προσόδου
2724 4676 2970 4748 βούλεται
2997 4676 3027 4728 6
3053 4673 3318 4737 διάϐολος.
3338 4674 3538 4744 Ἀπαρο

1854 4772 2145 4844 ῥησίαστθς
2182 4763 2272 4833 Et;
2302 4769 2530 4838 Μεγάλη
2562 4766 2866 4839 παρρησία,
2899 4765 3043 4835 μέγα
3065 4763 3227 4817 τοῦτο
3258 4762 3390 4816 αὐτὸ
3408 4761 3538 4829 ὅφι-

1851 4862 1939 4924 λος
1959 4861 2020 4913 τὸ
2047 4859 2289 4930 νομίζειν
2313 4856 2759 4928 ἀπαρρησίαστον
2790 4850 2950 4918 εἶναι,
2976 4852 3168 4923 ὥσπερ
3186 4848 3280 4906 οὖν
3305 4849 3542 4922 αἰσχύνη

1850 4950 1945 5005 καὶ
1975 4950 2297 5017 κατάκρισις
2324 4947 2522 5017 ἐσχάτη
2547 4945 2606 4997 τὸ
2634 4943 2876 5013 νομίζειν
2892 4939 3207 5012 παρρησίαν
3231 4939 3397 5009 ἔχειν.
3417 4937 3542 4992 Κάν

1851 5040 1958 5111 γὰρ
1988 5036 2158 5090 πολλὰ
2205 5036 2335 5106 ἔχῃς
2379 5031 2798 5103 κατορθώματα,
2831 5030 2923 5082 καὶ
2959 5027 3124 5099 μηδὲν
3160 5026 3336 5096 ἐαυτῷ
3361 5025 3542 5081 σύνοιο.

1850 5130 1947 5192 δας
1976 5125 2232 5198 πονηρὸν,
2271 5120 2494 5193 νομίζῃς
2521 5120 2578 5173 66
2604 5117 2911 5190 παρρησίαν
2941 5116 3104 5186 ἔχειν,
3133 5114 3314 5186 πάσης
3344 5113 3534 5180 ἐξέπε-

1855 5232 1945 5279 σες
1969 5218 2068 5286 τῆς
2093 5213 2258 5283 εὐχῆς
2279 5228 2291 5240 ·
2335 5211 2439 5264 κᾶν
2483 5208 2656 5280 μυρία
2691 5206 2862 5276 φέρῃς
2895 5204 3310 5275 ἁμαρτημάτων
3343 5202 3543 5274 φορτία

1853 5303 1946 5357 ἐπὶ
1981 5302 2076 5355 τοῦ
2105 5299 2422 5360 συνειδότος,
2461 5297 2554 5350 καὶ
2588 5296 2748 5365 μόνον
2787 5293 2942 5346 τοῦτο
2977 5291 3172 5363 πείσῃς
3207 5291 3423 5353 σαυτὸν,
3454 5292 3540 5345 ὅτι

1854 5393 2069 5446 πάντων
2103 5390 2325 5461 ἔσχατος
2363 5381 2431 5451 εἴ,
2462 5383 2659 5454 πολλὴν
2694 5380 2836 5446 ’έξεις
2869 5379 3007 5452 πρὸς
3033 5378 3125 5432 τὸν
3159 5378 3292 5432 Θεὸν
3321 5382 3533 5454 παρρηο

1919 5669 1942 5696 ⁸
1971 5667 2140 5716 Morel.
2157 5670 2208 5713 el
2228 5662 2425 5726 quidam
2446 5679 2562 5714 mss.
2589 5665 2708 5714 μετὰ
2727 5664 3120 5726 συντετρψμέκτς
3141 5663 3362 5717 διιιτνοίιῑις⁸
3381 5661 3527 5714 Sam.

1855 5742 1962 5775 cum
1989 5725 2377 5789 plerisque'mss.
2399 5729 2761 5788 συντεταμένης,
2785 5725 2965 5773 melius
2993 5732 3042 5771 ul
3071 5726 3279 5772 videtur.

1918 5790 1946 5830 δ
1972 5788 2066 5838 Alii
2091 5788 2413 5837 ὑπακούεσθαι
3173 5804 3180 5811 ⁸

1921 5856 1942 5885 °
1967 5853 2064 5904 Alii
2084 5853 2178 5914 ἀφῇ
2225 5851 2332 5902 Mox
2353 5850 2434 5903 alii
2457 5850 2785 5912 γαληνιαῖον...
2811 5848 3054 5909 ἐργάζεται
3080 5847 3158 5895 τὸν
3177 5846 3340 5896 τόπον.
