3868 6262
452 290 553 347 747
1142 290 1220 353 σε.
1262 288 1543 346 JOANNIS
1579 289 2062 346 CHRYSOSTOMI
2090 289 2404 348 ARCHIEP.
2444 291 2978 348 CONSTANTINOP.

448 405 652 459 diarum
679 403 757 474 (2.
790 402 906 458 Cor.
937 403 987 458 Ι.
1016 403 1071 470 5)
1099 420 1110 451 :
1143 403 1390 472 quoniam
1420 402 1521 457 hoc
1544 404 1662 471 ejus
1689 402 1921 458 officium
1948 414 2033 461 est

451 506 784 566 perpetuum,
814 504 871 548 ut
893 494 1134 549 dolentes
1159 503 1212 548 et
1238 492 1465 547 afﬂictos
1492 494 1796 549 consoletur
1821 504 1875 549 et
1903 495 2029 551 hor-

448 598 606 649 tetur,
635 588 839 644 etiamsi
871 586 1161 642 innumeris
1189 587 1296 641 sint
1324 587 1553 656 peccatis
1577 589 1770 642 onusti.
1804 588 2027 643 Tantum

450 695 550 734 nos
586 680 680 748 ipsi
720 678 1009 743 dedamus,
1044 686 1245 732 tantum
1283 692 1622 732 accurramus
1648 677 1713 731 ad
1747 693 1899 745 eum,
1932 695 2030 736 nec

448 773 798 835 desistamus,
838 778 997 840 atque
1041 771 1406 840 experimento
1446 770 1707 826 dictorum
1749 773 2026 828 veritatem

449 864 748 919 ediscemus
769 902 784 928 ,
817 862 1065 932 nullaque
1093 877 1181 917 res
1206 876 1303 918 nos
1335 861 1519 917 dolore
1550 860 1764 917 afficere
1803 864 2023 931 poterit,

441 958 481 1010 si
517 956 730 1011 assidua
749 966 803 1011 et
821 964 1064 1012 accurata
1084 956 1324 1010 oratione
1343 964 1571 1009 utamur.
1597 954 1860 1024 Quidquid
1883 956 2023 1010 enim

448 1049 671 1116 accidat,
704 1064 800 1119 per
828 1050 972 1103 illam
1004 1047 1154 1103 facile
1181 1048 1452 1118 depellere
1483 1047 1792 1117 poterimus.
1827 1049 2025 1118 Ecquid

449 1143 642 1196 mirum
677 1141 723 1196 si
759 1141 1015 1195 humanas
1052 1154 1314 1195 aerumnas
1356 1140 1526 1195 oratio
1568 1140 1774 1194 solvere
1818 1141 2021 1211 possit,

449 1232 661 1303 quando
688 1242 1023 1305 peccatorum
1057 1240 1300 1287 naturam
1342 1232 1413 1287 ita
1457 1230 1614 1287 facile
1652 1231 1937 1297 exstinguit
1969 1241 2025 1287 et

3629 295 3726 353 758

2138 404 2316 459 delet?
2338 404 2405 460 Ut
2429 405 2587 474 igitur
2615 416 2930 474 praesentem
2958 405 3116 459 vitam
3138 421 3255 460 cum
3280 406 3538 462 facilitate
3559 418 3729 465 trans-

2136 497 2339 565 igamus
2360 537 2375 560 ,
2426 507 2479 550 et
2505 507 2717 566 peccata
2740 539 2754 559 ,
2778 512 2895 567 quae
2923 498 3285 552 contraximus
3305 541 3320 564 ,
3348 498 3724 568 deponamus,

2132 601 2359 656 cumque
2379 586 2565 641 ﬁducia
2587 598 2790 642 stemus
2810 598 2932 643 ante
2954 589 3181 643 tribunal
3200 588 3420 657 Christi,
3445 590 3557 644 hoc
3578 592 3727 645 nobis

2134 690 2391 751 perpetuo
2426 682 2867 736 medicamentum
2910 698 3155 751 paremus
3193 683 3479 754 Iacrymis,
3514 684 3724 745 studio,

2132 774 2470 838 assiduitate,
2524 775 2770 842 patientia
2818 775 2941 828 illud
2982 775 3324 839 condientes;
3369 777 3441 830 ita
3486 774 3638 829 enim
3676 786 3729 829 et

2132 865 2349 932 perenni
2382 864 2618 919 fruemur
2648 865 2949 920 valetudine
2971 908 2985 927 ,
3021 876 3076 921 et
3117 865 3291 921 futura
3321 882 3730 935 consequemur

2132 956 2288 1020 bona,
2313 972 2430 1024 qua:
2458 971 2553 1011 nos
2580 973 2766 1013 omnes
2790 958 3007 1027 adipisci
3034 961 3322 1029 contingat,
3350 961 3527 1030 gratia
3552 970 3609 1013 et
3635 959 3729 1012 bu-

2130 1050 2383 1105 manitate
2423 1051 2630 1104 Domini
2671 1052 2836 1105 nostri
2873 1050 2998 1106 Jcsu
3023 1052 3252 1118 Christi,
3280 1068 3406 1107 cum
3437 1068 3554 1123 quo
3585 1053 3727 1107 Patri

2129 1141 2293 1211 gloria
2321 1141 2582 1210 simulque
2610 1151 2791 1196 sancto
2816 1141 3057 1212 Spiritui,
3090 1159 3229 1198 nunc
3257 1152 3311 1198 et
3340 1158 3568 1212 semper
3593 1153 3650 1196 et
3678 1143 3725 1194 in

2130 1233 2323 1288 saecula
2353 1234 2689 1289 saeculorum.
2719 1236 2911 1290 Amen.

1496 2251 1573 2311 IN
1616 2251 1812 2311 TRES
1847 2250 2298 2325 SEQUENTES
2328 2251 2716 2312 HOMILIAS

570 2808 669 2864 Hic
699 2808 1053 2863 vetustiorum
1078 2808 1320 2862 ordinem
1348 2808 1841 2876 manuscriptorum
1873 2805 2057 2876 sequi-

502 2940 645 2988 mur,
677 2938 836 2994 quem
879 2931 1097 2976 secutus
1130 2921 1256 2976 item
1289 2931 1370 2975 est
1401 2938 1451 2974 ν.
1482 2922 1552 2975 cl.
1584 2920 1787 2975 Fronto
1808 2920 2053 2974 Duczeus.

500 3033 618 3088 Non
680 3032 836 3104 pauci
883 3031 1081 3101 quippe
1146 3031 1380 3095 codices,
1442 3040 1566 3100 post
1600 3031 1842 3100 quinque
1875 3037 2059 3083 contra

500 3149 778 3202 Anomwos
818 3144 1093 3208 homil-ias,
1127 3152 1330 3197 sextam
1370 3142 1673 3211 adjungunt
1715 3141 1793 3195 De
1834 3140 1891 3195 S.
1932 3140 2060 3195 Phi-

504 3258 737 3327 logonio,
767 3256 1050 3325 septimam
1095 3253 1168 3307 De
1199 3252 1664 3319 consubstantiali,
1709 3261 1953 3308 octavam
1985 3252 2061 3308 De

500 3368 748 3436 petitione
788 3366 1020 3435 ﬁliorum
1060 3364 1339 3420 Zebedwi:
1398 3381 1631 3434 quarum
1677 3364 1798 3418 dua:
1842 3364 2060 3432 quidem

503 3491 792 3551 postremae
838 3496 947 3536 non
992 3491 1232 3551 tempore
1274 3490 1508 3544 tantum,
1554 3480 1648 3537 sed
1696 3482 1857 3535 etiam
1902 3496 2063 3551 argu-

505 3606 688 3651 mento
716 3612 838 3653 cum
893 3598 1133 3667 quinque
1164 3598 1439 3667 prioribus
1484 3596 1854 3659 conveniunt;
1913 3605 2065 3651 sexta

501 3724 651 3775 vero,
711 3710 813 3765 etsi
863 3719 987 3779 post
1020 3711 1306 3780 quintam,
1356 3709 1503 3763 nulla
1559 3708 1878 3777 interposita
1935 3706 2062 3772 alia,

504 3823 685 3876 habita
716 3821 898 3889 fuerit,
929 3834 1249 3893 argumento
1282 3823 1564 3894 peregrina
1601 3837 1827 3892 prorsus
1858 3824 2065 3878 videre-

503 3942 615 3999 tur,
654 3934 759 3988 nisi
792 3934 946 3988 iuitio
977 3934 1178 3989 diceret
1221 3933 1666 4003 Chrysostomus,
1723 3946 1782 3985 se
1826 3946 1856 3984 a
1908 3928 2066 3985 solita

504 4044 881 4113 destinataque
949 4053 1134 4097 contra
1194 4044 1488 4097 Anomteos
1553 4039 1955 4095 concertatione
2007 4037 2064 4092 S.

508 4155 811 4225 Philogouii
843 4157 928 4210 die
953 4155 1090 4210 festo
1125 4155 1475 4225 interpellari.
1514 4153 1640 4208 ldeo
1674 4169 1795 4209 mos
1834 4153 2071 4208 obtinuit

507 4268 639 4322 utin
678 4268 903 4322 vetustis
938 4269 1213 4323 codicibus
1246 4268 1495 4322 eumdem
1550 4267 1795 4321 ordinem
1838 4276 2065 4329 teneret,

666 4500 1141 4512 -Mﬂ-——~~r‘fr-
1160 4504 1219 4507 ν-τν
1271 4505 1305 4509 -..
1326 4506 1339 4508 γ
1368 4507 1400 4510 η.
1431 4506 1446 4509 -
1532 4508 1535 4509 ,
1680 4508 1763 4511 ηηην
1803 4507 1811 4511 _
1850 4507 1933 4512 ___~,,

2163 2821 2321 2873 quem
2353 2804 2758 2867 interturbare,
2814 2801 3106 2857 Frontonis
3170 2799 3354 2854 Ducaai
3422 2798 3738 2867 exemplum

2164 2918 2354 2980 secuti,
2382 2916 2681 2970 noluimus.

2231 3028 2356 3084 Iltec
2377 3043 2540 3099 porro
2567 3031 2621 3080 in
2652 3027 2711 3081 S.
2744 3022 3117 3096 Philogonium
3151 3024 3375 3079 homilia
3436 3022 3633 3077 habita
3659 3030 3746 3076 at

2167 3157 2312 3196 anno
2362 3140 2487 3205 386,
2547 3141 2804 3195 vicesima
2858 3138 3198 3203 Decembris,
3253 3138 3501 3208 quinque
3539 3136 3745 3191 diebus

2168 3269 2291 3315 ante
2312 3258 2551 3313 Natalem
2580 3256 2802 3321 Christi,
2848 3264 2907 3310 ut
2936 3256 3137 3310 dicitur
3176 3270 3329 3311 num.
3374 3256 3431 3309 4.
3462 3253 3608 3308 Nam
3650 3254 3745 3307 illo

2170 3388 2410 3443 tempore
2434 3373 2549 3442 jam
2584 3369 2787 3425 Natalis
2840 3370 3042 3425 Christi
3095 3370 3231 3434 dies,
3268 3368 3743 3438 quemadmodum

2172 3487 2441 3557 hodieque
2496 3487 2550 3539 in
2606 3483 2920 3543 Occidente,
2961 3481 3369 3537 250ecembris
3429 3479 3747 3534 Antiochiae

2171 3592 2566 3656 celebrabatur,
2598 3592 2759 3663 idque
2787 3609 2816 3647 a
2854 3592 3042 3662 paucis
3088 3592 3267 3655 annis,
3298 3601 3359 3646 ut
3410 3591 3465 3644 in
3538 3590 3751 3645 Monitn

2173 3704 2236 3758 ad
2263 3704 2540 3758 ltomiliam
2572 3703 2625 3757 in
2654 3703 2905 3757 eumdem
2941 3704 3185 3757 Natalem
3213 3704 3602 3758 enarraliitur:
3625 3718 3752 3771 qua:

2172 3815 2390 3882 quidem
2432 3813 2657 3867 humilia
2690 3813 2831 3867 inter
2865 3812 3217 3882 panegyricos
3273 3827 3567 3866 sermones
3608 3810 3748 3863 infra

2173 3928 2403 3982 locatur.
2463 3925 2647 3980 Sancti
2689 3939 2815 3979 vero
2844 3922 3149 3994 Philogonii
3184 3925 3582 3993 panegyricum
3639 3939 3746 3976 non

2174 4040 2407 4095 absolvit
2466 4038 2926 4108 Chrysostomus;
3001 4036 3095 4091 sed
3170 4035 3413 4089 maxima
3483 4036 3747 4103 praemii

2173 4162 2323 4222 parte
2357 4152 2616 4206 Flaviano
2644 4151 2920 4220 episcopo,
2950 4149 3137 4204 eadem
3177 4149 3263 4202 die
3308 4146 3737 4206 concionaturo,

2170 4270 2350 4324 relicta
2375 4310 2389 4335 ,
2431 4269 2484 4322 in
2523 4266 2786 4321 orationis
2832 4263 3010 4318 medio
3048 4277 3270 4317 cursum
3318 4260 3638 4346 intercipit,
3684 4268 3744 4311 ut

3574 4488 3749 4497 V_A.ﬁ.

494 4653 558 4695 IN
602 4652 860 4695 BEATUM
902 4652 1361 4706 PBILOGONIUM,
1409 4655 1515 4707 QUI
1563 4655 1708 4698 FUIT
1752 4656 1835 4696 EX
1882 4654 2170 4698 PATRONO
2214 4654 2550 4719 CAUSAB‘UM
2594 4655 2830 4697 FACTUS
2877 4656 3231 4710 EPISCOPUS,
3264 4658 3343 4697 ET
3374 4658 3551 4708 QL’U!)
3600 4660 3748 4700 Slﬂll

573 4752 757 4806 EQUE
800 4755 1040 4796 REDDIT
1083 4756 1197 4798 NOS
1242 4756 1366 4800 Ι)Εο
1412 4758 1749 4809 PROBATOS,
1796 4758 2005 4809 ATQUE
2050 4759 2105 4801 SI
2150 4758 2435 4801 STUDIOSI
2483 4759 2665 4802 SIMUS
2712 4760 2930 4802 EARUM
2976 4761 3198 4804 RERUM
3230 4789 3245 4815 ,
3292 4764 3441 4815 QUAS
3488 4764 3760 4805 PCBLIC£

568 4856 949 4925 CONDUCUNT
992 4857 1314 4901 U'I‘ILITATI
1361 4861 1440 4901 ΕΤ
1482 4860 1650 4911 QUOD
1695 4861 2049 4903 NEGLIGENT

2194 4860 2521 4902 ADEUN'I'ES
2577 4859 2795 4902 DIVINA
2844 4861 3162 4905 MYSTERIA
3218 4862 3613 4907 θιυιγιεεικιε
3656 4864 3760 4904 π-

568 4958 880 5015 NIUNTUR,
928 4960 1127 5004 ΕΤΙΔΜ
1171 4961 1225 5003 SI
1270 4961 1475 5003 SEMEL
1517 4961 1777 5004 TANTUM
1836 4962 1900 5003 IN
1962 4960 2129 5003 ANNO
2187 4960 2413 5002 SCELUS
2460 4959 2582 5002 HOC
2638 4960 3093 5004 COMMISERINT.
3142 4963 3329 5005 DICTA
3378 4964 3500 5006 EST
3552 4966 3759 5007 AUTEI

566 5061 849 5114 QUINQUE
880 5062 1106 5105 DIEBUS
1148 5063 1313 5107 ANTE
1357 5063 1654 5105 NATALEM
1682 5062 1931 5105 CHRISTI
1966 5059 2007 5103 ‘.

1932 5215 2318 5226 ———————

1104 5317 1321 5356 IIOIIILIA
1363 5319 1435 5356 VI.

557 5428 609 5482 ί.
637 5430 747 5499 Ego
774 5432 987 5501 quidem
1015 5442 1071 5488 et
1091 5434 1250 5490 hodie
1274 5435 1593 5491 destinaram
1617 5435 1872 5489 adversus
1898 5433 2067 5488 haere-

486 5519 621 5572 ticos
644 5519 935 5576 luetaturus
951 5533 1127 5579 vestes
1147 5541 1363 5592 exuere,
1382 5526 1629 5597 quodque
1654 5527 1887 5581 restabat
1904 5526 2066 5581 debiti

486 5612 636 5666 vobis
663 5613 966 5681 persolvere
995 5634 1009 5670 :
1041 5632 1223 5671 verum
1248 5618 1388 5673 beati
1426 5619 1723 5691 Philogonii
1754 5619 1885 5687 dies,
1915 5619 2066 5689 cujus

486 5705 677 5761 festum
704 5706 1056 5775 celebramus,
1078 5710 1143 5764 ad
1164 5712 1327 5780 ipsius
1353 5712 1748 5768 benefactorum
1769 5718 2064 5773 enarratio-

551 5823 567 5852 ⁸
604 5822 780 5892 Cgl_la_ta
801 5838 910 5874 cum
948 5826 1197 5892 codicibus
1232 5830 1391 5892 Regiis
1416 5830 1553 5889 1958,
1583 5832 1718 5887 1959.
1747 5832 1868 5882 9.35
1893 5840 1942 5883 et
1959 5842 2064 5884 σοι·

639 5885 746 5934 974.
773 5894 901 5936 Unus
919 5891 1197 5956 praemittit,
1220 5884 1328 5941 αηιὲ
1363 5884 1549 5952 festum
1572 5884 1824 5948 uetustatis
1864 5896 2056 5952 (luisti.

486 5947 650 5997 Balita
669 5958 831 5999 autem
857 5947 932 6000 est
954 5952 1188 6011 vigesima
1211 5947 1505 6005 Decembris.

2176 5332 2296 5372 nem
2322 5316 2550 5385 linguam
2579 5324 2813 5369 nostram
2835 5315 3092 5370 evocavit.
3124 5315 3193 5369 Et
3221 5317 3447 5372 omnino
3474 5320 3760 5385 parendum

2170 5418 2282 5473 est;
2330 5409 2525 5462 etenim
2570 5406 2613 5461 si
2657 5408 2747 5477 qui
2792 5407 2927 5477 patri
2971 5406 3195 5461 matrive
3234 5408 3549 5475 maledicit,
3602 5422 3763 5466 morte

2173 5501 2414 5561 moritur,
2439 5500 2603 5569 liquet
2621 5512 2766 5560 eum,
2788 5499 2877 5567 qui
2898 5497 3227 5552 benedixerit
3248 5498 3372 5562 illis,
3396 5500 3529 5555 vita:
3551 5504 3763 5570 prmia

2169 5602 2503 5662 recepturum
2548 5590 2739 5661 (Exod.
2761 5588 2851 5645 21.
2877 5589 2963 5645 16.
2983 5587 3249 5644 Levit.20.
3279 5588 3337 5660 9)
3368 5607 3383 5644 :
3411 5600 3472 5646 et
3506 5594 3553 5647 si
3587 5594 3655 5648 iis
3686 5597 3763 5664 qui

2170 5693 2357 5739 natura
2383 5690 2635 5753 parentes
2665 5689 2789 5737 sunt
2816 5689 3015 5736 tantam
3036 5680 3290 5736 debemus
3310 5693 3585 5752 praestare
3610 5687 3761 5740 bene-

2172 5777 2475 5842 volentiam,
2506 5776 2672 5829 multo
2701 5773 2868 5843 magis
2888 5773 2939 5827 id
2962 5771 3316 5842 praestandum
3344 5774 3431 5840 iis,
3454 5778 3553 5845 qui
3576 5778 3761 5846 spiritu

2168 5877 2293 5923 sunt
2323 5873 2591 5938 parentes,
2612 5866 2944 5937 potissimum
2962 5878 3091 5920 vero
3110 5878 3231 5919 cum
3260 5862 3556 5923 defunctos
3584 5878 3759 5923 nostra

2169 5964 2397 6021 laudatio
2427 5963 2593 6019 nihilo
2622 5964 2809 6021 reddat
2836 5964 3173 6036 gloriosiores
3192 6001 3208 6033 ,
3248 5979 3347 6021 nos
3377 5979 3515 6022 vero
3542 5981 3753 6039 congre-
