3926 6234
22 324 107 379 747

18 440 132 499 αὐτὸ
165 441 582 512 ἐνδεικνύμενος
630 441 658 493 6
704 437 937 510 Χριστὸς
970 437 1142 506 ἔλεγε,
1187 437 1364 491 Δεῦτε
1401 440 1549 507 πρός
1595 456 1671 507 με

17 531 224 596 πάντες
253 534 317 584 οι
348 529 675 591 κοπιῶντες
708 527 804 580 καὶ
837 525 1313 595 πεφορτισμένοι,
1345 525 1506 595 κάγὼ
1532 527 1672 580 ἀνα-

15 620 215 671 παύσω
242 617 424 688 ὑμᾶς.
461 618 634 672 Καλεῖ
665 612 780 678 οὖν,
823 614 898 686 μὴ
931 612 1369 686 παρακούσωμεν
1389 632 1401 644 ·
1439 615 1674 669 ἐπισπᾶ-

13 722 109 769 τιι,
136 705 211 777 μὴ
232 706 678 776 ἀποπηδήσωμεν
697 720 710 731 ·
737 702 839 756 κᾶν
860 702 1027 773 μυρία
1050 702 1422 772 ἁμαρτήματα
1441 702 1672 773 ἔχωμεν,

10 794 117 845 τὰτε
154 792 425 863 μειζόνως
459 792 886 863 προστρέχωμεν
909 809 923 821 ·
967 791 1062 845 καὶ
1097 790 1204 859 γὰρ
1235 790 1361 852 τούς
1404 789 1676 853 τοιούτους

14 882 172 933 καλεῖ.
209 884 299 934 Οὐ
330 882 442 949 γὰρ
484 878 695 950 ἦλθον,
724 879 878 951 φησὶ,
906 880 1162 933 καλέσαι
1196 879 1483 943 δικαίους,
1517 878 1679 932 ἀλλὰ

10 967 391 1034 ἁμαρτωλοὺς
415 970 502 1032 είς
521 965 864 1035 μετάνοιαν.
892 966 999 1018 Καὶ
1022 963 1256 1019 ἐνταῦθα
1274 965 1401 1029 τοὺς
1422 981 1679 1035 πεφορτι-

12 1056 250 1123 σμένους,
288 1057 420 1117 τοὺς
448 1053 848 1123 πεπονηκότας,
886 1054 1013 1115 τοὺς
1044 1054 1108 1105 ὲκ
1131 1052 1330 1123 βάρους
1358 1051 1468 1105 τῶν
1492 1054 1677 1123 ἀμαρ-

10 1142 261 1210 τημάτων
298 1140 744 1210 κεκοπιωμένους
776 1139 944 1209 λέγει.
977 1140 1108 1202 Θεὸς
1135 1140 1244 1210 γὰρ
1279 1138 1676 1210 παρακλήσεως

12 1229 237 1295 λέγεται,
276 1230 370 1282 καὶ
399 1228 534 1291 Θεὸς
565 1227 864 1299 οἰκτιρμῶν
884 1244 897 1257 ’
930 1226 1117 1297 ἐπειδὴ
1143 1227 1300 1281 τοῦτο
1338 1226 1498 1297 ἔργον
1524 1225 1674 1297 αὐτῷ

10 1318 263 1385 διηνεκὲς,
292 1317 421 1377 τοὺς
442 1314 812 1385 ὀδυνωμένους
833 1314 928 1366 καὶ
960 1315 1087 1377 τοὺς
1116 1314 1464 1385 θλιϐομένους
1495 1331 1675 1385 παρα-

15 1404 294 1473 μυθεῖσθαι
346 1405 444 1457 καὶ
508 1401 869 1472 παρακαλεῖν.
918 1402 1023 1454 κᾶν
1080 1402 1248 1473 μυρία
1300 1402 1673 1472 ἁμαρτήματα

12 1489 183 1559 ἔχωσι.
253 1487 438 1541 Μόνον
498 1486 775 1557 ἐπιδῶμεν
839 1486 1099 1553 ἑαυτοὺς,
1126 1484 1285 1555 μόνον
1321 1485 1676 1557 τροσδράμω-

13 1593 101 1646 μεν
144 1573 328 1645 αὐτῷ,
378 1574 475 1627 καὶ
538 1574 613 1645 μὴ
682 1572 1008 1642 ἀποστῶμεν
1033 1612 1048 1637 ,
1111 1572 1205 1625 καὶ
1253 1572 1343 1625 διὰ
1402 1572 1500 1643 τῆς
1556 1572 1679 1625 πεί-

16 1681 104 1734 ρας
127 1664 309 1732 αὐτῆς
343 1662 603 1732 εἰσόμεθα
641 1660 751 1713 τῶν
795 1660 1103 1732 εἰρημένων
1139 1661 1239 1732 τὴν
1278 1659 1554 1731 ἀλήθειαν,
1584 1659 1682 1713 καὶ

17 1752 150 1803 asty
210 1751 369 1820 ἡμᾶς
417 1749 527 1803 τῶν
575 1748 745 1803 ὄντων
794 1748 1032 1818 λυπῆσαι
1071 1748 1378 1819 δυνήσεται,
1406 1747 1504 1802 ἐὰν
1535 1746 1675 1818 ἐχω-

1266 322 1353 376 DE
1392 320 1618 379 BEATO
1655 320 2088 379 PHILOGO‘NIO.
2131 320 2222 376 Vl.
3337 312 3419 367 πί

2260 391 2270 422 \

1780 455 1879 510 μεν
1923 436 2115 508 ἐκτενῆ
2154 435 2319 507 εὐχὴν
2376 436 2471 489 καὶ
2510 432 2986 505 διηκριϐωμένην·
3044 431 3182 502 ὅπερ
3222 435 3331 500 γαρ
3372 428 3442 482 ἂν

1778 525 2013 599 ἐπέλθῃ,
2062 524 2260 596 ῥᾳδίως
2300 522 2389 576 διὰ
2449 522 2655 591 ταύτης
2699 518 3173 591 ἀποκρουσόμεθα.
3233 516 3343 569 Καὶ
3388 512 3442 567 τί

1778 612 2106 684 θαυμαστὸν,
2133 613 2182 664 εἰ
2204 610 2555 682 περιστάσεις
2579 608 2926 679 ἀνθρωπίνας
2946 606 3093 659 λύειν
3112 601 3252 658 οἶδεν
3278 603 3443 673 εὐχῆς

1777 700 2028 770 δύναμις,
2050 699 2183 752 ὅπου
2214 714 2277 766 γε
2312 697 2404 750 καὶ
2437 696 2852 767 ἁμαρτημάτων
2881 694 3040 763 φύσιν
3073 692 3323 746 σϐέννυσι
3351 688 3445 742 καὶΙ

1780 785 2028 856 ἀφανίζει
2052 785 2279 858 ρᾳδίως;
2303 784 2397 838 "lv‘
2426 779 2518 838 οὖν
2547 785 2641 837 καὶ
2674 784 2789 853 μετ’
2815 782 3061 845 εὐκολίας
3087 780 3178 833 τὸν
3200 776 3445 848 παρόντα

1774 873 2114 944 διανύσωμεν
2145 872 2277 943 βίον,
2308 873 2402 925 καὶ
2421 872 2522 925 ὅσα
2542 869 3028 943 προσετριψάμεθα
3053 868 3439 938 ἁμαρτήματα,

1777 961 1948 1017 ταῦτα
1973 960 2326 1033 ἀποθώμεθα,
2368 961 2463 1014 καὶ
2517 959 2658 1031 μετά
2712 957 3026 1030 παρρησίας
3080 956 3293 1025 στῶμεν
3349 952 3442 1006 ἐπὶ

1774 1050 1868 1103 τοῦ
1907 1049 2147 1121 βήματος
2185 1048 2279 1101 τοῦ
2313 1047 2572 1120 Χριστοῦ,
2602 1047 2761 1100 τοῦτο
2800 1044 3064 1116 διηνεκῶς
3103 1030 3457 1128 κατασκευάς

1778 1138 1960 1209 ζωμεν
2007 1140 2218 1202 ἑαυτοῖς
2254 1138 2316 1191 τὸ
2348 1138 2658 1209 φάρμακον,
2689 1137 2798 1191 ἀπὸ
2837 1135 3088 1207 δακρύων
3127 1134 3221 1187 καὶ
3272 1148 3441 1185 σπου-

1776 1226 1873 1298 δῆς
1920 1227 2016 1280 καὶ
2062 1226 2387 1298 προσεδρίας
2433 1227 2529 1280 καὶ
2567 1224 2861 1298 καρτερίας
2909 1223 3248 1284 συντιθέντες
3281 1218 3439 1273 αὐτό·

1776 1313 1916 1367 οὓτω
1947 1314 2055 1385 γὰρ
2080 1314 2176 1369 καὶ¹
2205 1313 2485 1385 διηνεκοῦς
2512 1313 2932 1383 ἀπώαυσὸμεθα
2960 1313 3059 1380 τῆς
3084 1309 3313 1380 ὑγιείας,
3350 1305 3444 1360 καὶ

1773 1401 1883 1455 τῶν
1911 1401 2207 1472 μελλόντων
2248 1400 2645 1471 ὲπιτευξόμεθα
2676 1400 2930 1469 ἀγαθῶν
2961 1394 3035 1454 ὧν
3057 1399 3266 1467 γένοιτο
3304 1396 3433 1449 πάν-

1771 1506 1872 1552 τας
1924 1490 2073 1560 ήμᾶς
2109 1491 2406 1559 ἐπιτυχεῖν,
2438 1489 2621 1560 χάριτι
2666 1489 2762 1543 καὶ
2796 1486 3174 1560 φιλανθρωπίᾳ
3201 1484 3293 1538 τοῦ
3324 1486 3438 1537 Κυ-

1776 1573 1893 1639 ρίου
1919 1573 2076 1644 ήμῶν
2112 1573 2287 1644 Ἰησοῦ
2312 1574 2570 1645 Χριστοῦ,
2599 1574 2718 1645 μεθ’
2744 1567 2805 1628 οὐ
2840 1574 2919 1646 τῷ
2944 1573 3118 1646 Πατρὶ
3148 1569 3295 1635 δόξα,
3325 1570 3437 1638 ἅμα

1773 1660 1852 1731 τῷ
1882 1661 2021 1731 ἁγίῳ
2048 1660 2351 1731 Πνεύματι,
2378 1661 2477 1716 νῦν
2515 1662 2609 1715 καὶ
2640 1663 2747 1733 ἀεὶ,
2802 1663 2895 1718 καὶ
2945 1663 3025 1726 εἰς
3074 1660 3197 1724 τούς
3240 1658 3439 1721 αἰῶνας

1773 1747 1884 1800 τῶν
1907 1746 2136 1803 αἰώνων.
2170 1749 2362 1820 Ἀμήν.

130 1925 3349 1970 W

2588 2074 2617 2105 α)

1554 2257 1949 2320 MONITUM.

124 2822 393 2891 populum
423 2820 491 2876 ad
528 2820 771 2875 Natalem
795 2820 995 2876 Christi
1033 2822 1135 2878 rite
1167 2822 1546 2878 celebrandum
1581 2824 1703 2879 hor-

127 2936 293 2989 tetur,
326 2940 392 2980 ac
441 2932 725 2994 postquam
766 2926 1146 2994 peccatoribus
1194 2923 1527 2995 pmnitentia:
1567 2929 1703 2983 resi-

125 3028 522 3098 piscentiaaque
551 3028 768 3082 modum
806 3031 1168 3099 praescripsit,
1197 3033 1496 3086 orationem
1550 3034 1701 3087 elau—

124 3134 225 3187 dit.
252 3131 435 3201 ilujus
475 3146 639 3201 porro
678 3130 1004 3202 Philogonii,
1033 3136 1123 3203 qui
1169 3150 1234 3189 ex
1266 3136 1544 3191 causidico
1588 3139 1702 3207 epi-

125 3254 331 3308 scapus
360 3237 734 3292 Antiochenus
766 3236 868 3291 fuit
907 3240 1053 3293 circa
1094 3255 1296 3294 annum
1324 3240 1529 3296 Christi
1571 3242 1695 3307 520,

125 3345 177 3397 in
210 3354 413 3398 exortu
448 3344 768 3407 Arianismi,
815 3345 1141 3398 mentionem
1188 3344 1318 3400 facit
1372 3346 1701 3401 Athanasius

123 3444 175 3495 in
216 3441 468 3511 Epistula
491 3444 558 3494 ad
584 3444 847 3512 episcopos
897 3439 1118 3513 Egypti
1162 3456 1210 3499 et
1238 3444 1440 3516 Libyae,
1487 3464 1541 3518 p.
1572 3449 1700 3516 278,

125 3550 218 3603 ubi
280 3549 436 3602 illum
482 3549 621 3602 inter
677 3549 1010 3604 orthodoxos
1062 3551 1316 3621 virosque
1372 3553 1702 3620 apostolicos

120 3662 436 3716 enumerat,
466 3653 557 3721 qui
594 3668 690 3722 pro
746 3653 849 3707 [ide
878 3654 1146 3709 catholica
1181 3657 1536 3725 scripserunt.
1579 3659 1703 3713 Fuit

121 3756 432 3810 vicesimus
464 3758 675 3825 primus
728 3757 1101 3813 Antiochenus
1129 3760 1434 3831 episcopus,
1469 3762 1561 3831 qui
1604 3764 1700 3818 de-

122 3876 408 3915 cessorem
443 3861 631 3915 habuit
654 3860 908 3927 Vitalem,
941 3878 1315 3919 successorem
1353 3875 1533 3921 autem
1560 3865 1700 3921 Pau-

120 3966 325 4031 linum,
367 3983 530 4037 quem
565 3968 777 4037 excepit
806 3966 1141 4023 Eustathius.
1174 3968 1246 4023 De
1280 3969 1369 4023 illo
1397 3970 1551 4040 plura
1578 3971 1701 4025 vide

121 4074 179 4127 in
237 4073 393 4127 notis
454 4057 869 4141 posterioribus.
934 4072 1146 4127 Erasmi
1200 4075 1697 4144 interpretationem

118 4178 315 4230 multis
346 4178 401 4230 in
440 4177 574 4231 locis
605 4177 945 4231 emendatam
976 4193 1007 4232 e
1038 4178 1255 4242 regione
1305 4177 1476 4234 Grzeei
1519 4189 1697 4234 textus

115 4284 357 4337 edimus.

1877 2824 2201 2894 Sequentem
2232 2832 2309 2880 Ue
2360 2826 2795 2882 consubstantiali
2846 2828 3123 2885 homiliam
3184 2846 3371 2891 contra

1803 2931 2097 2985 Anommos
2122 2931 2330 2996 habuit,
2385 2941 2443 2986 ut
2475 2933 2675 2988 indicat
2714 2934 2830 3004 ipse
2876 2952 3027 2991 num.
3078 2938 3133 3005 2,
3185 2941 3375 3008 paucis

1803 3033 1993 3088 diebus
2017 3042 2304 3104 postquam
2326 3035 2394 3090 de
2421 3038 2609 3092 eodem
2641 3049 2964 3108 argumento
3014 3043 3371 3098 concionatus

1802 3146 1937 3201 erat,
1964 3137 2181 3193 ineunte
2215 3140 2467 3196 videlicet
2502 3157 2646 3196 anno
2689 3143 2814 3210 587,
2845 3155 2898 3199 et
2953 3158 3214 3217 quantum
3245 3165 3373 3204 con-

1799 3240 2004 3310 jectare
2030 3243 2174 3311 licet,
2195 3244 2380 3314 quinta
2410 3244 2649 3302 Januarii
2677 3250 2784 3313 die,
2821 3268 2926 3320 qua
2957 3253 3227 3310 circenses
3261 3257 3374 3311 ludi

1801 3346 2236 3402 celebrabantur.
2263 3349 2336 3402 Ea
2365 3366 2530 3420 porro
2577 3367 2721 3408 anno
2748 3354 2853 3408 587
2876 3356 3063 3412 incidit
3102 3360 3155 3413 in
3188 3360 3373 3415 Domi-

1802 3451 2005 3506 nicam.

1873 3554 1968 3611 Die
1997 3560 2267 3626 sequenti,
2322 3571 2383 3614 ut
2443 3560 2749 3617 confutaret
2785 3564 3104 3629 Anomaeos,
3160 3570 3252 3636 qui
3305 3585 3367 3625 ex

1803 3660 2059 3728 petitione
2084 3663 2315 3719 liliorum
2338 3665 2582 3721 Zebedazi
2601 3676 2655 3721 et
2677 3684 2741 3722 ex
2768 3672 3122 3739 responsione
3144 3673 3370 3740 Christi,

1805 3766 1997 3821 Sedere
2029 3777 2204 3821 autem
2241 3770 2309 3822 ad
2334 3771 2605 3825 dexteram
2636 3773 2714 3826 vel
2746 3776 3020 3828 sinistram
3046 3793 3233 3843 meam,
3268 3797 3372 3833 non

1802 3882 1878 3925 est
1934 3889 2106 3925 meum
2135 3875 2261 3929 dare
2307 3876 2470 3938 vobis,
2507 3881 2851 3947 oppugnandi
2906 3896 3094 3936 ansam
3140 3883 3374 3952 arripie-

1804 3976 1953 4038 baut,
2004 3992 2122 4030 eam
2186 3979 2374 4032 habuit
2430 3981 2705 4036 homiliam
2735 4026 2749 4051 ,
2792 4002 2913 4055 qua:
2957 3988 3275 4042 memoratis
3309 3989 3375 4041 de

1808 4082 1989 4136 causis
2038 4091 2224 4137 octava
2264 4084 2595 4142 inscribitur.
2633 4087 2929 4162 Utramque
2962 4110 3089 4147 vero
3125 4092 3370 4148 Latinam

1808 4181 1935 4237 fecit
1971 4182 2172 4238 Fronto
2204 4186 2460 4253 Ducmus,
2528 4200 2585 4249 ut
2614 4208 2712 4249 nos
2744 4196 3091 4264 paucissimis
3145 4196 3373 4254 mutatis

1806 4288 2039 4344 edimus.

2038 4513 2670 4522 mw”-

109 4766 222 4829 Εις
280 4762 389 4814 τὸν
445 4761 740 4829 μακάριον
798 4764 1146 4830 Φιλογόνιον
1198 4763 1521 4845 γενόμενον
1557 4761 1674 4816 ἀπὸ
1713 4761 2031 4834 δικολόγου
2070 4764 2425 4827 ἐπίσκοπον,
2476 4764 2572 4818 καὶ
2631 4764 2721 4818 ὅτι
2768 4766 2876 4821 τοῦ
2928 4770 3205 4836 προνοεῖν
3252 4768 3359 4823 τῶ»

182 4853 364 4922 κοινῇ
401 4855 827 4922 συμφερόντων
852 4854 1033 4907 οὐδὲν
1070 4855 1209 4907 ἴσον
1240 4858 1324 4921 εὶς
1362 4854 1755 4922 εὐδοκίμησιν
1776 4856 1937 4923 παρὰ
1961 4854 2040 4920 τῷ
2069 4854 2212 4917 Θεῷ,
2254 4856 2353 4907 καὶ
2390 4855 2479 4908 ὅτι
2502 4856 2568 4908 τὸ
2591 4857 2874 4927 ῥᾳθύμως
2910 4860 3218 4927 προσιέναι
3246 4860 3372 4926 τοῖς

184 4950 370 5012 θείοις
390 4948 746 5015 μυστηρίοις
773 4948 1029 5002 κόλασιν
1058 4949 1360 5016 ἀφόρητον
1380 4947 1524 5015 ἔχει,
1556 4946 1672 4999 κᾶν
1703 4946 1864 5013 ἅπαξ
1900 4950 2005 5002 τοῦ
2035 4948 2315 5003 ἐνιαυτοῦ
2340 4949 2514 5003 τοῦτο
2545 4950 2960 5019 τολμήσαιμεν.
3011 4953 3260 5022 Ἐλέχθη
3298 4949 3371 5004 δὲ

183 5039 304 5107 πρὸ
334 5039 514 5091 πέντε
550 5038 785 5108 ἡμερῶν
824 5039 932 5107 τῆς
960 5040 1217 5105 Χριστοῦ
1251 5043 1609 5108 γεννήσεως.

711 5316 901 5384 Λόγος
939 5315 1129 5381 ἕκτος.

187 5414 260 5460 α’.
304 5405 445 5473 Ἐγὼ
467 5407 567 5475 μὲν
589 5407 680 5459 καὶ
701 5409 938 5480 τήμερον
955 5407 1447 5479 παρεσκευαζόμην
1469 5407 1604 5478 πρὸς
1622 5410 1692 5465 τὰ

108 5493 221 5544 τῶν
248 5489 550 5560 αἱρετικῶν
578 5490 932 5559 παλαίσματα
962 5490 1351 5554 ἀποδύσασθαι,
1383 5491 1478 5544 καὶ
1503 5492 1563 5544 τὸ
1586 5493 1692 5546 λει-

112 5577 352 5646 πόμενον
400 5574 528 5643 ύμῖν
576 5574 866 5627 ἀποδοῦναι
922 5574 1016 5627 τοῦ
1066 5576 1287 5645 χρέους·
1336 5574 1470 5638 ἀλλ’,
1518 5577 1551 5647 ἡ
1596 5575 1691 5629 τοῦ

113 5658 389 5730 μακαρίου
415 5658 722 5727 Φιλογονίου
757 5660 960 5731 ἡμέρα,
991 5653 1051 5712 οὐ
1090 5660 1187 5731 τὴν
1234 5659 1425 5731 ἑορτὴν
1482 5660 1690 5731 ἄγομεν

111 5743 227 5807 νῦν,
265 5741 403 5813 πρὸς
434 5742 532 5813 τὴν
562 5742 670 5794 τῶν
717 5742 924 5796 ἐκείνου
972 5742 1406 5814 κατορθωμάτων
1442 5743 1691 5814 διήγησιν

114 5830 210 5898 τὴν
231 5826 483 5896 γλῶτταν
519 5826 667 5899 [495]
701 5827 855 5898 ἡμῶν
884 5827 1130 5881 ἐκάλεσε.
1166 5827 1275 5880 Καὶ
1300 5826 1382 5880 δεῖ
1409 5828 1689 5882 πείθεσθαι

116 5916 353 5976 πάντως.
400 5910 465 5965 Ei
496 5910 602 5987 γὰρ
631 5913 659 5965 6
694 5913 1001 5981 κακολογῶν
1038 5910 1303 5982 πατέραῆ
1339 5913 1548 5985 μητέρα
1595 5912 1689 5968 θα-

1799 5324 1942 5394 νάτῳ
1971 5322 2216 5392 τελευτᾷ,
2252 5320 2472 5392 εὔδηλον
2506 5320 2587 5373 ὅτι
2617 5321 2646 5373 6
2677 5315 2916 5386 εὐλογῶν
2958 5314 3104 5387 ζωῆς
3130 5315 3371 5371 ἀπολαύ-

1800 5423 1951 5461 σεται
1976 5406 2212 5470 πάντως,
2248 5406 2341 5459 καὶ
2367 5406 2416 5458 εἰ
2446 5405 2574 5468 τοὺς
2609 5402 2873 5472 φυσικοὺς
2908 5402 3084 5470 γονεῖς
3106 5399 3375 5472 τοσαύτης

1799 5494 1929 5562 παρ’
1967 5490 2124 5562 ἡμῶν
2170 5490 2464 5544 ἀπολαύειν
2515 5488 2728 5552 εὐνοίας
2783 5486 2912 5560 χρὴ,
2951 5485 3130 5557 πολλῷ
3175 5486 3379 5557 μᾶλλον

1796 5577 1921 5638 τοὺς
1973 5577 2404 5645 πνευματικοὺς,
2456 5574 2552 5628 καὶ
2610 5573 2844 5644 μάλιστα
2905 5573 3033 5626 ὅταν
3095 5572 3223 5635 τούς
3274 5572 3378 5642 μὲν

1798 5662 2213 5731 κατοιχομένους
2248 5660 2277 5712 ὁ
2314 5658 2534 5722 ἔπαινος
2575 5658 2739 5730 μηδὲν
2781 5661 2907 5729 ποιῇ
2939 5656 3374 5728 λαμπροτέρους,

1794 5745 1919 5807 τοὺς
1943 5743 1998 5796 δὲ
2026 5743 2304 5806 συνιόντας
2344 5744 2491 5814 ἡμᾶς
2534 5744 2627 5796 καὶ
2655 5742 2784 5806 τοὺς
2814 5741 3071 5811 λέγοντας
3115 5742 3207 5793 καὶ
3249 5741 3375 5804 τούς

1797 5826 2091 5889 ἀκούοντας
2135 5826 2377 5897 βελτίους
2423 5826 2744 5897 ἐργάζηται.
2806 5826 2864 5877 '0
2896 5826 2995 5895 μὲν
3026 5826 3136 5893 γὰρ
3168 5825 3246 5887 εἰς
3282 5822 3375 5881 τδν

1795 5910 2021 5984 οὐρανὸν
2075 5910 2301 5978 ἀναϐὰς,
2354 5911 2505 5969 οὐδὲν
2554 5911 2618 5968 ἂν
2662 5910 2832 5965 δέοιτο
2885 5910 2982 5979 τῆς
3031 5909 3371 5980 ἀνθρωπίνης
