3868 6236
77 368 164 424 m
1201 367 1287 421 nr.
1327 365 1551 422 nemo
1589 365 2018 426 rtnLocosto.
2064 347 2148 424 vi.

71 493 200 553 gates
241 489 347 535 tum
393 479 480 549 qui
524 479 804 552 loquimur,
847 487 954 534 tum
997 480 1082 550 qui
1120 479 1393 546 audimus,
1437 480 1622 534 reddat

71 575 318 631 meliores.
349 573 479 627 Nam
501 574 589 627 ille
609 573 822 643 quidem
845 574 1129 628 subvectus
1157 573 1211 627 in
1241 573 1428 627 etclam
1456 573 1626 627 baud-

71 681 308 734 quaquam
325 679 480 734 egere
503 673 672 732 potest
697 664 945 718 humanis
969 663 1212 718 laudibus
1240 663 1304 718 ad
1333 662 1622 718 feliciorem

71 768 242 812 sortem
275 755 537 824 profectus
571 773 584 808 :
616 770 712 808 nos
739 770 870 810 vero
908 755 994 825 qui
1033 755 1287 810 hactenus
1326 754 1412 808 hic
1441 769 1622 810 versa-

70 867 156 904 utut
188 892 201 914 ,
247 852 513 918 multaque
559 865 692 916 (quis
735 848 988 902 habemus
1032 847 1430 912 exhortatione,
1482 847 1624 901 illius

67 955 263 1010 egemus
301 917 573 1002 cncumiis,
604 957 708 1009 quo
737 940 976 994 videlicet
1016 939 1080 992 ad
1120 939 1235 1008 ejus
1275 939 1620 992 imitationem

69 1035 354 1088 excitemur.
386 1031 718 1102 Quapropter
741 1031 952 1099 sapiens
982 1029 1192 1100 quidam
1223 1031 1462 1083 hortatur
1484 1071 1498 1092 ,
1541 1029 1622 1083 di-

65 1139 173 1180 cens
201 1142 213 1175 :
249 1122 492 1176 Memoria
522 1125 651 1192 justi
678 1140 790 1175 cum
817 1123 1046 1176 laudibus
1077 1121 1254 1189 (Prov.
1285 1123 1367 1177 ‘lO.
1400 1122 1478 1192 7).
1505 1121 1620 1176 Non

65 1215 191 1286 quasi
218 1215 288 1268 illi
314 1215 402 1284 qui
429 1213 790 1278 decesserunt,
821 1213 914 1268 sed
955 1213 988 1267 ii
1026 1214 1202 1284 potius
1227 1213 1312 1279 qui
1336 1229 1426 1267 eos
1446 1213 1618 1268 laudi-

65 1309 150 1361 hus
188 1315 413 1371 ornant,
469 1307 751 1358 maximam
806 1306 927 1360 inde
975 1306 1268 1376 percipiant
1315 1307 1614 1359 utilitatem.

63 1401 300 1464 tjuoniam
323 1399 478 1468 igitur
503 1398 600 1452 hac
627 1414 689 1451 ex
719 1415 776 1453 re
805 1409 1002 1452 tantum
1035 1399 1187 1452 nobis
1217 1399 1421 1452 lucrum
1450 1399 1618 1453 obve-

63 1495 144 1554 nit,
176 1491 618 1559 obtemperemus,
651 1509 822 1559 neque
853 1508 1178 1548 recusemus.
1210 1493 1338 1546 Nam
1367 1503 1419 1546 et
1446 1493 1615 1561 ipsum

63 1595 248 1651 tempus
295 1583 416 1636 huic
471 1583 756 1636 narrationi
810 1585 1068 1653 congruit.
1138 1586 1408 1654 Siquidem
1460 1584 1618 1639 hodie

59 1675 224 1726 beatus
268 1673 354 1724 ille
398 1673 462 1725 ad
511 1674 844 1739 tranquillam
875 1676 1151 1744 omnisque
1183 1675 1494 1728 turbationis
1524 1691 1617 1728 ex-

59 1775 238 1833 pertem
262 1764 421 1817 vitam
457 1767 737 1819 translatus
765 1775 865 1827 est,
897 1781 1063 1834 eoque
1091 1767 1350 1836 navigium
1379 1767 1612 1836 appulit,

56 1861 128 1912 ubi
165 1859 413 1927 deinceps
455 1875 557 1911 uuu
605 1861 796 1928 poterit
836 1873 1070 1913 metuere
1115 1859 1471 1930 naufragium,
1515 1875 1616 1915 nec

55 1956 193 2005 ullam
224 1953 384 2005 animi
411 1952 760 2016 deiet-tionem
790 1963 875 2005 aut
900 1952 1155 2006 dolorem.
1189 1953 1255 2005 Et
1276 1952 1400 2023 quid
1423 1955 1612 2006 mirum

54 2055 138 2104 est,
182 2043 222 2096 si
269 2045 414 2096 locus
457 2045 542 2096 ille
591 2060 751 2111 purus
781 2054 860 2097 est
889 2045 954 2097 ab
983 2045 1123 2098 omni
1156 2045 1395 2098 molestia
1424 2045 1610 2110 animi,

52 2154 152 2188 eum
183 2138 373 2190 Paulus
404 2137 705 2190 hominibus
732 2137 904 2190 adimo
943 2137 992 2190 in
1034 2137 1130 2192 hac
1163 2139 1264 2190 vita
1302 2137 1613 2206 degentibus

54 2231 62 2280 Ι
85 2243 254 2296 ulucos
281 2231 420 2282 dicat
447 2250 457 2281 :
485 2229 694 2298 Semper
720 2230 949 2301 gaudete,
969 2231 1076 2284 sine
1095 2230 1456 2284 intermissione
1475 2239 1614 2284 orate

51 2323 112 2388 (l.
144 2321 317 2374 Thess.
345 2323 396 2376 5.
435 2324 516 2374 lli.
553 2322 678 2386 i7)?

112 2413 266 2476 Quam
303 2423 500 2479 prtcstet
539 2415 638 2466 vita
677 2417 848 2484 futura
884 2415 1132 2482 prtcsenti.
1156 2444 1222 2454 —
1253 2413 1400 2482 Quod
1429 2415 1473 2469 si
1504 2415 1608 2478 hic,

49 2503 123 2560 ubi
147 2503 335 2569 morbi,
379 2504 466 2557 ubi
513 2505 905 2572 insectationes,
957 2505 1042 2560 ubi
1089 2515 1420 2574 prtematurte
1466 2519 1612 2558 mor-

49 2611 143 2666 tes,
187 2602 272 2656 ubi
317 2603 614 2664 calumnim,
661 2597 746 2654 ubi
794 2599 1021 2658 iuvidim,
1061 2597 1150 2652 ubi
1197 2611 1476 2660 "NPI‘OI’CS,
1521 2597 1611 2651 tibi

47 2696 158 2757 irze,
215 2695 306 2748 ubi
368 2693 724 2762 cupiditates,
773 2693 858 2746 ubi
903 2689 1312 2746 innumerabiles
1367 2689 1610 2755 insidiat,

47 2786 122 2838 ubi
165 2784 483 2853 quotidiana:
525 2783 929 2845 sollicitudines,
975 2781 1065 2836 ubi
1109 2790 1358 2851 perpetua
1408 2781 1612 2850 sibique

45 2875 346 2929 cohaerentia
369 2873 504 2928 mala
527 2884 670 2938 sunt,
695 2875 1002 2928 innumeros
1030 2889 1095 2927 ex
1122 2874 1266 2927 omni
1296 2882 1442 2942 parte
1463 2873 1614 2926 dolo-

47 2983 121 3019 res
143 2967 431 3031 affercutia,
455 2966 649 3020 Paulus
676 2965 805 3019 dixit
851 2965 964 3019 fieri
993 2979 1146 3034 posse
1168 2973 1222 3018 ut
1251 2979 1463 3034 semper
1487 2979 1614 3034 gau-

45 3057 279 3120 deamus,
332 3059 376 3110 si
425 3061 542 3125 quis
587 3057 854 3126 paululum
895 3073 959 3111 ex
1005 3071 1182 3110 rerum
1229 3057 1610 3110 mundanarum

45 3149 275 3205 ﬂuctibus
315 3152 546 3206 erexerit
590 3162 745 3219 caput
767 3193 780 3214 ,
812 3151 1076 3220 vitamque
1106 3165 1252 3204 suam
1289 3159 1433 3203 recte
1459 3165 1608 3202 com-

45 3243 261 3308 posuerit
295 3259 308 3295 :
337 3243 504 3296 tuulto
535 3242 703 3311 magis
745 3251 1020 3310 postquam
1067 3241 1191 3294 hinc
1231 3241 1612 3308 demigraveri-

43 3348 147 3386 mus
171 3333 322 3390 facile
343 3344 616 3401 compotes
645 3332 840 3400 erimus
865 3334 978 3400 ejus
997 3332 1140 3396 boui,
1161 3348 1278 3385 cum
1303 3333 1412 3386 hIPC
1435 3333 1610 3385 omnia

40 3423 232 3477 sublata
277 3421 498 3484 fuerint,
543 3424 766 3477 adversa
809 3423 1071 3486 valetudo,
1125 3423 1314 3482 morbi.
1360 3423 1611 3491 peccandi

41 3517 266 3579 materia,
299 3515 386 3568 ubi
423 3531 524 3567 non
565 3529 640 3568 ρει
690 3531 862 3568 meum
909 3531 970 3569 ac
1013 3525 1177 3578 tuum,
1215 3513 1456 3584 frigidum
1485 3514 1610 3568 illud

39 3607 336 3670 verbum,et
355 3607 604 3675 quidquid
627 3618 703 3660 est
729 3607 982 3660 malorum
1013 3606 1063 3659 in
1093 3608 1250 3660 vitam
1285 3617 1516 3660 nostram
1541 3607 1614 3660 in-

37 3699 242 3763 vehens,
261 3698 645 3767 innumeraque
666 3700 882 3768 gignens
905 3699 1060 3751 bella.
1078 3697 1430 3765 Quamobrem
1450 3698 1618 3752 maxi-

41 3805 240 3859 mopere
287 3793 526 3860 gra'ulur
573 3791 724 3860 hujus
767 3791 930 3845 sancti
963 3791 1232 3858 felicitati,
1259 3793 1399 3861 quod
1429 3809 1613 3861 quam-

40 3899 184 3950 quam
209 3887 496 3939 translatus
525 3895 626 3949 est,
655 3897 814 3954 atque
833 3885 1097 3938 civitatem
1123 3896 1357 3940 nostram
1379 3886 1608 3956 reliquit,

39 3983 198 4050 tamen
239 3977 292 4030 in
334 3978 551 4030 alterum
605 3978 811 4031 transiit
848 3978 1136 4041 civitatem,
1183 3993 1370 4046 nempe
1405 3978 1519 4034 Dei.
1550 3991 1612 4033 ac

37 4067 296 4136 digressus
336 4069 400 4120 ab
434 4069 532 4122 hac
574 4069 805 4122 Ecclesia
832 4069 894 4120 ad
922 4069 1061 4122 illam
1089 4070 1359 4137 pervenit,
1387 4085 1504 4138 qua:
1530 4077 1614 4124 est

39 4162 498 4228 prituogcnitorum
547 4162 932 4228 deseriptorum
981 4161 1031 4213 in
1077 4161 1254 4224 caelis,
1304 4175 1367 4214 ac
1415 4161 1612 4215 relictis

37 4252 172 4307 hisce
192 4253 343 4308 festis
361 4253 563 4306 transiit
586 4253 650 4306 ad
669 4253 1028 4306 celebritatem
1047 4253 1370 4320 angelorum.
1404 4253 1609 4306 Etenim

36 4345 164 4410 quod
208 4355 264 4398 et
305 4361 534 4412 superne
574 4345 641 4397 sit
683 4344 900 4409 civitas,
935 4343 1190 4407 Ecclesia,
1221 4359 1282 4397 ac
1307 4345 1605 4408 celebritas,

35 4437 144 4488 audi
193 4437 416 4489 Paulum
467 4437 727 4488 dicentem
763 4455 775 4488 :
805 4437 1088 4489 decessisti:
1123 4437 1191 4488 ad
1229 4437 1474 4489 civitatem
1519 4435 1612 4488 Dei

36 4527 248 4587 rit-cutis,
275 4527 348 4578 ad
367 4527 734 4595 Jerosolymmn
757 4527 1017 4592 cwlestem,
1046 4535 1092 4580 et
1125 4525 1398 4580 Ecclesium
1425 4527 1612 4593 primo-

35 4619 306 4684 genitorum
349 4619 708 4686 descriptormn
752 4618 804 4669 in
845 4618 1009 4679 cwlis,
1040 4626 1084 4669 et
1109 4617 1176 4669 ad
1201 4616 1610 4668 innumerabilem

36 4709 320 4776 angelorum
355 4710 684 4776 frequentiam
710 4708 891 4776 (Hebr.
917 4707 1003 4761 12.
1029 4707 1116 4761 22.
1148 4707 1258 4777 2³5).
1301 4707 1411 4760 Non
1440 4707 1608 4760 solum

35 4811 200 4852 autem
240 4803 312 4850 ob
353 4799 742 4852 multitudinem
774 4799 1025 4852 virtutum
1072 4799 1394 4860 cades-tium,
1429 4815 1608 4852 verum

35 4889 179 4941 etiam
210 4890 284 4943 ob
313 4890 686 4942 abundantiam
720 4891 974 4942 bonorum
997 4931 1008 4950 ,
1048 4905 1110 4942 ac
1139 4889 1260 4958 juge
1285 4890 1530 4958 gaudium
1561 4898 1613 4942 et

37 4979 286 5043 lzctitiam,
329 4959 656 5050 panegyrim,
701 4981 799 5034 hoc
846 4993 945 5044 est,
991 4980 1336 5048 frequentiam
1383 4981 1612 5048 appellat

36 5079 184 5124 tutam
219 5073 367 5126 illam
397 5073 580 5126 vitam.
627 5072 733 5125 Nec
762 5073 901 5125 enim
930 5073 1068 5125 aliud
1103 5070 1406 5142 panegyrim
1439 5075 1611 5128 lacere

35 5165 180 5229 sciet,
229 5181 392 5234 quant
439 5166 786 5219 multitudinis
829 5176 1018 5228 emtas,
1063 5166 1315 5218 mercium
1348 5169 1608 5222 venalium

35 5257 196 5323 eupia,
232 5271 359 5310 cum
403 5257 656 5322 triticum,
687 5255 966 5316 hordeum,
999 5267 1050 5310 et
1080 5257 1374 5326 omnigenze
1403 5257 1609 5327 l'rugum

35 5347 250 5412 species,
277 5348 456 5402 ovium
483 5363 691 5416 greges.
718 5348 874 5401 boum
902 5357 1158 5410 armenta,
1182 5357 1373 5412 vestes,
1407 5349 1611 5420 aliaque

35 5437 76 5490 id
103 5453 271 5508 genus
303 5439 526 5507 plurima
557 5439 938 5507 ituportantnr,
973 5439 1088 5492 aliis
1129 5439 1340 5508 quidem
1371 5441 1608 5495 venden-

35 5531 184 5599 tibus,
213 5533 336 5586 aliis
369 5549 494 5587 vero
521 5533 834 5587 ementibus.
885 5533 986 5587 Sed
1027 5533 1148 5602 quid
1192 5533 1388 5600 inquis,
1425 5533 1608 5587 harant

35 5637 202 5676 rerum
234 5631 323 5677 est
353 5623 403 5677 in
433 5624 622 5677 ezclis?
669 5623 862 5676 llorum
902 5623 1112 5691 quidem
1153 5622 1316 5686 nihil,
1359 5623 1452 5678 sed
1491 5633 1612 5677 sunt

35 5713 106 5768 his
137 5717 310 5771 multo
337 5718 686 5786 prmctariora.
730 5715 842 5769 Non
885 5716 1026 5770 enim
1062 5715 1166 5770 illic
1204 5725 1325 5769 sunt
1356 5717 1606 5782 triticum,

35 5809 321 5874 hordeum,
367 5825 420 5864 ac
459 5809 664 5878 frugum
699 5807 852 5872 varix
884 5808 1120 5878 species,
1151 5809 1241 5863 sed
1273 5809 1378 5862 illic
1407 5807 1609 5878 ubique

3232 383 3302 437 50

1741 481 1936 538 fruetus
1976 485 2192 554 spiritus
2238 487 2449 548 caritas,
2492 473 3037 562 gaudii.nn,.lbouitas,
3086 513 3202 564 pax,
3245 514 3306 553 ac

1730 575 2081 630 mansuetudo
2111 591 2312 632 summa
2341 580 2593 636 exuberat
2621 585 2790 652 Copia.
2830 585 2943 640 Non
2973 593 3150 643 ovium
3179 607 3305 658 gre-

1727 677 1841 734 ges,
1874 683 1977 720 non
2001 667 2158 722 boum
2187 680 2447 733 armenta,
2479 673 2570 726 sed
2600 675 2813 743 spiritus
2837 678 3100 747 justorutn
3134 681 3304 750 perfe-

1729 765 1932 811 cturum
1955 800 1970 821 ,
1999 760 2292 814 animarum
2326 762 2545 818 virtutes
2569 806 2584 826 ,
2614 771 2842 836 vita'que
2880 781 3020 824 recta
3051 771 3180 826 facta
3209 789 3306 843 per

1728 861 1913 902 omnes
1938 850 2098 904 caelos
2117 850 2298 907 videre
2321 853 2462 908 licet.
2495 855 2606 908 Non
2629 868 2803 912 vestes
2827 869 2913 913 aut
2942 863 3186 929 amictus,
3211 865 3304 919 sed

1725 949 1950 994 coronas
1975 943 2160 1010 quovis
2186 957 2317 1000 auro
2351 947 2720 1012 pretiosiores,
2758 959 2868 1003 tum
2909 952 3108 1016 brahia,
3133 966 3306 1009 certa-

1726 1032 1926 1085 minum
1957 1033 2192 1101 praimia,
2222 1036 2428 1105 aliaque
2471 1038 2744 1094 innumera
2787 1043 2921 1096 bona
2967 1045 3195 1112 reposita
3244 1046 3305 1102 iis

1723 1127 1810 1194 qui
1839 1136 1985 1180 recte
2013 1125 2234 1182 fecerint
2262 1147 2276 1182 :
2306 1129 2370 1182 ad
2409 1129 2521 1184 hmc
2564 1131 2632 1185 ibi
2679 1141 2761 1186 est
2805 1132 3115 1202 frequentia,
3149 1138 3304 1207 longe

1724 1222 1832 1269 tum
1865 1217 2150 1286 cupiosior,
2181 1227 2288 1272 tum
2321 1219 2646 1276 honoratior.
2693 1221 2872 1292 Neque
2916 1226 3054 1279 enim
3098 1239 3305 1282 constat

1723 1323 1788 1362 ex
1821 1309 1951 1363 viris
1990 1310 2204 1364 urbanis
2243 1312 2640 1384 indigenisque,
2691 1316 2782 1370 sed
2815 1316 2898 1371 hic
2928 1327 3048 1372 sunt
3082 1321 3300 1389 angelo—

1722 1415 1837 1453 rum
1867 1399 2064 1453 inlinita
2094 1401 2254 1455 millia
2277 1445 2289 1464 ,
2321 1403 2423 1457 illic
2451 1405 2610 1458 nutlta
2643 1406 2798 1459 millia
2825 1408 3259 1479 archangelorum
3282 1453 3300 1478 ,

1719 1491 1845 1546 alibi
1885 1492 2126 1548 sodalitia
2168 1495 2577 1564 prophetarum,
2620 1497 2741 1550 alibi
2789 1510 3078 1570 martyrum
3125 1501 3296 1567 ebori,

1719 1589 2079 1658 apostolorum
2105 1591 2339 1654 ordines,
2362 1591 2516 1645 cunei
2538 1591 2820 1662 justorum,
2845 1595 3185 1664 omniumque
3211 1596 3300 1665 qui

1723 1677 1834 1733 Deo
1871 1679 2182 1750 placuerunt
2217 1681 2347 1736 varii
2391 1693 2581 1737 cattus.
2611 1683 2867 1738 Profecto
2895 1684 3132 1740 miranda
3158 1702 3303 1756 qutu-

1719 1771 1838 1826 dam
1883 1774 2164 1844 panegyris
2190 1783 2272 1829 est
2304 1791 2318 1828 :
2346 1775 2590 1844 quodque
2619 1777 2788 1844 majus
2814 1786 2895 1831 est
2921 1778 3169 1832 omnibus
3195 1821 3209 1841 ,
3249 1779 3298 1832 in

1717 1864 1890 1918 media
1914 1864 2208 1934 frequentia
2231 1877 2472 1920 versatur
2493 1866 2678 1920 horum
2695 1869 2929 1922 omnium
2951 1885 3063 1924 rex.
3092 1870 3299 1924 Etenim

1719 1956 1805 2008 ubi
1833 1955 2072 2021 dixisset,
2096 1956 2174 2008 Ad
2193 1956 2626 2010 innumerabilium
2643 1959 2933 2028 angelorum
2950 1961 3296 2030 frequentiam,

1719 2043 2042 2114 subjecit,et
2066 2047 2134 2100 ad
2152 2047 2379 2118 judicent
2416 2049 2758 2102 universorum
2785 2048 2946 2105 Deum
2986 2051 3003 2120 (
3027 2051 3181 2105 Ilebr.
3210 2053 3295 2107 12.

1715 2135 1842 2206 ‘25).
1891 2137 2019 2205 Quis
2066 2153 2314 2208 umquam
2341 2139 2465 2192 vidit
2511 2139 2563 2193 in
2611 2141 2915 2211 panegyrim
2947 2143 3293 2211 prodeuntem

1715 2245 1896 2300 regem
1923 2231 1948 2283 ?
1994 2231 2089 2286 llic
2129 2230 2342 2301 quidem
2383 2247 2539 2286 nemo
2569 2233 2715 2296 vidit,
2747 2234 2855 2288 illic
2879 2244 3052 2289 autem
3083 2237 3169 2305 qui
3197 2237 3291 2288 ad-

1717 2331 1840 2377 sunt
1853 2323 2604 2396 perpetu0vident,quatenus
2633 2325 2778 2380 illum
2805 2327 2984 2382 videre
3015 2327 3154 2392 licet,
3185 2345 3291 2382 non

1715 2414 1886 2468 solum
1918 2426 2254 2484 prtesentem,
2279 2431 2460 2470 verum
2487 2417 2644 2470 etiam
2671 2432 2780 2472 sua:
2805 2419 2987 2488 gloriae
3008 2421 3290 2488 splendore

1715 2505 2159 2561 condecorantem
2185 2508 2490 2562 universum
2522 2517 2739 2564 emtum.
2771 2510 2836 2564 Et
2864 2521 3059 2566 nostra:
3079 2513 3293 2582 quidem

1716 2596 2050 2651 celebritates
2078 2598 2176 2652 sub
2207 2599 2480 2652 meridiem
2511 2601 2819 2670 plerumque
2845 2601 3160 2669 solvuntur,
3209 2605 3292 2658 illa

1715 2705 1843 2743 vero
1873 2704 1976 2742 non
2009 2690 2152 2743 item.
2183 2689 2360 2759 Neque
2387 2691 2526 2744 enim
2551 2693 2808 2746 mensium
2839 2693 2888 2746 in
2911 2693 3091 2747 orbem
3117 2711 3297 2748 recur-

1715 2793 1824 2844 sus,
1855 2795 2024 2848 neque
2054 2795 2311 2834 annorum
2339 2781 2590 2834 circuitus
2613 2821 2627 2845 ,
2669 2796 2840 2851 neque
2873 2783 3077 2836 dierum
3107 2799 3294 2838 nume-

1715 2887 1831 2924 rum
1873 2879 2143 2939 exspectat
2193 2889 2204 2923 :
2247 2871 2339 2925 sed
2385 2881 2484 2924 Stat
2531 2882 2816 2941 perpetuo,
2869 2871 3110 2943 illiusque
3156 2874 3290 2925 bona

1722 2961 1866 3014 nullo
1897 2959 2120 3014 termino
2149 2961 2481 3020 clauduntur,
2516 2961 2671 3014 linem
2703 2977 2806 3014 non
2835 2961 3048 3025 habent,
3084 2978 3179 3016 nec
3209 2979 3296 3016 se-

1719 3067 1959 3116 nest-ere,
1994 3067 2088 3106 uec
2113 3067 2440 3104 marcescere
2475 3061 2711 3118 possunt,
2742 3051 2832 3104 sed
2861 3063 2981 3104 sunt
3006 3062 3112 3104 tum
3139 3054 3294 3118 senii,

1719 3153 1830 3198 tum
1871 3145 2058 3196 mortis
2087 3143 2340 3211 expertia.
2389 3143 2570 3194 Nullus
2596 3142 2700 3195 illic
2730 3143 2978 3196 tumultus
3000 3184 3013 3206 ,
3043 3143 3297 3212 quemad-

1723 3235 1938 3289 modum
1985 3233 2099 3296 hic,
2132 3233 2270 3286 tmlla
2305 3233 2551 3295 turbatio,
2585 3232 2676 3286 sed
2707 3232 2889 3302 ingens
2915 3233 3151 3287 oumimn
3177 3250 3298 3287 cum

1720 3329 1908 3380 ordine
1937 3326 2250 3393 compositio
2270 3367 2284 3388 ,
2318 3325 2452 3377 haud
2485 3340 2638 3378 secus
2667 3335 2825 3394 atque
2863 3327 2912 3378 in
2943 3325 3142 3380 cithara
3172 3343 3294 3396 qua-

1721 3419 1856 3488 piam
1884 3461 1898 3482 ,
1944 3418 2416 3471 tuodulnlissimum
2460 3429 2771 3471 conceutmu
2804 3429 2856 3472 ct
2884 3420 3066 3488 quavis
3099 3422 3297 3474 musica

1719 3511 2017 3564 suaviorem
2059 3509 2390 3564 reddentium
2439 3511 2708 3578 utriusque
2751 3521 3007 3564 creaturzr.
3051 3511 3296 3577 Domino,

1717 3600 1839 3652 dum
1867 3599 2042 3652 anima
2067 3599 2174 3651 illic
2201 3599 2342 3652 velut
2366 3600 2416 3652 in
2445 3600 2607 3652 sacris
2628 3599 2826 3666 adytis,
2857 3599 3150 3669 divinisque
3178 3617 3296 3671 my-

1717 3697 1895 3750 steriis
1915 3738 1928 3758 ,
1959 3695 2254 3748 divinorum
2287 3709 2597 3746 arcanorum
2636 3694 3044 3748 celebrationem
3075 3697 3292 3763 peragit.

1783 3789 1837 3842 2.
1869 3788 1944 3840 Ad
1979 3787 2114 3840 hanc
2141 3787 2346 3840 beatam
2373 3799 2424 3839 et
2455 3787 2584 3839 senii
2610 3797 2880 3854 expertem
2911 3797 3104 3840 sortem
3136 3788 3292 3842 hodie

1717 3881 1924 3934 transiit
1947 3880 2132 3933 beatus
2160 3877 2515 3947 Philogonius.
2547 3879 2798 3942 Qmeuam
2828 3877 2985 3947 igitur
3001 3879 3172 3932 oratio
3200 3895 3295 3946 par

1713 3974 1782 4026 sit
1823 3972 1956 4035 viro,
2002 3987 2158 4040 quem
2207 3971 2344 4024 Deus
2383 3980 2486 4023 tant
2529 3969 2666 4024 felici
2706 3980 2850 4025 sorte
2891 3969 3131 4039 dignatus
3176 3971 3294 4024 est?

1712 4064 1885 4120 Nulla.
1914 4063 2016 4118 Sed
2044 4079 2161 4132 age,
2193 4061 2276 4115 die
2315 4062 2461 4124 mihi,
2495 4078 2621 4115 num
2652 4061 2846 4116 idcirco
2873 4061 3186 4116 silebimus?
3230 4063 3294 4115 Et

1713 4157 1862 4226 cujus
1905 4155 1982 4210 rei
2027 4157 2191 4224 gratia
2232 4153 2614 4208 convenimus?
2659 4155 2737 4206 An
2767 4153 3004 4208 dicemus
3033 4169 3129 4206 nos
3156 4153 3290 4206 haud

1713 4262 1869 4316 posse
1919 4245 2329 4312 magnittuliuem
2381 4252 2646 4312 ge~torum
2701 4245 2938 4298 oratione
2995 4245 3294 4312 consequi?
3379 4317 3382 4320 ,

1713 4338 1869 4407 Atqui
1893 4338 1960 4390 ob
1983 4339 2082 4392 hoc
2108 4337 2274 4405 ipsmn
2303 4351 2519 4389 necesse
2540 4346 2620 4389 est
2647 4335 2841 4398 dicere,
2862 4335 3286 4406 quamloquidem

1717 4431 1828 4482 hate
1851 4437 1932 4482 est
1961 4428 2220 4497 prateipua
2243 4427 2452 4480 laudum
2477 4428 2613 4480 illius
2635 4443 2774 4496 pars,
2797 4427 2938 4496 quod
2965 4429 3110 4481 factis
3131 4430 3288 4482 verba

1713 4519 2025 4589 :rquiparari
2054 4535 2158 4573 non
2187 4519 2408 4588 possint.
2450 4518 2578 4572 Nam
2619 4533 2842 4587 quorum
2871 4527 3014 4586 gesta
3049 4529 3288 4574 naturam

1713 4613 1872 4665 etiam
1917 4619 2168 4680 superant
2211 4610 2521 4674 mortalem,
2567 4609 2899 4678 perspicuum
2942 4619 3051 4672 est,
3104 4614 3288 4664 borum

1713 4702 1896 4757 laudes
1926 4701 2188 4756 excedere
2217 4701 2446 4768 linguam
2481 4699 2784 4754 humanam.
2807 4713 2812 4716 '
2835 4701 2980 4755 Haud
3021 4711 3192 4757 tamen
3221 4704 3290 4755 ub

1715 4796 1766 4848 id
1795 4795 2165 4864 aspernabitur
2188 4793 2424 4847 officium
2457 4803 2716 4854 nostrmn,
2746 4793 2837 4847 sed
2868 4809 3020 4846 suum
3060 4795 3288 4848 imitabi-

1715 4893 1799 4940 tur
1840 4887 2116 4939 Dominum
2151 4903 2166 4939 :
2205 4885 2462 4954 siquidem
2504 4894 2558 4939 et
2601 4883 2688 4938 ille
2727 4883 2896 4938 vidute
2925 4883 3057 4938 duos
3089 4895 3286 4937 tantum

1714 4975 1898 5030 obolos
1923 4975 2209 5046 dej'eienti,
2240 4991 2346 5029 non
2377 4983 2576 5028 tantum
2597 4974 2820 5029 duorum
2849 4975 3122 5028 obolorum
3151 4993 3290 5030 mer—

1713 5069 1894 5124 cedem
1923 5069 2169 5124 reddidit.
2211 5070 2316 5124 Cur
2355 5069 2424 5122 ita
2466 5069 2710 5122 tandem?
2751 5068 3007 5134 Quoniam
3040 5083 3142 5121 non
3171 5086 3291 5138 per-

1715 5161 1976 5229 pendehat
2003 5159 2238 5230 pecuniae
2265 5159 2498 5224 modum,
2524 5157 2616 5212 sed
2645 5157 2804 5210 animi
2831 5157 3057 5211 divitias.
3088 5159 3216 5212 Nam
3245 5163 3287 5212 si

1715 5251 1953 5323 pecunite
1983 5251 2198 5305 modum
2227 5249 2493 5318 expendas
2513 5290 2528 5310 ,
2557 5263 2742 5318 magna
2781 5257 3060 5316 paupertas
3097 5257 3180 5303 est
3209 5267 3221 5302 :
3246 5249 3290 5303 si

1717 5335 2034 5398 veluntatem
2063 5343 2316 5412 explices,
2341 5339 2655 5394 ineli‘abilem
2681 5339 2883 5394 videbis
2905 5340 3098 5394 excelsi
3129 5341 3289 5394 animi

1715 5437 2042 5492 thesaurum.
2066 5433 2294 5489 Proinde
2318 5433 2554 5502 quamvis
2583 5440 2775 5486 nostra:
2797 5433 3066 5487 facultates
3087 5435 3290 5503 exigua:

1714 5531 1816 5582 sint
1844 5527 2153 5595 minimique
2181 5526 2363 5594 pretii,
2395 5533 2624 5578 attamen
2655 5538 2772 5592 quae
2803 5537 3080 5592 possumus
3107 5523 3288 5579 oll‘crt-

1715 5637 1849 5674 mus.
1899 5621 1968 5674 Et
2015 5619 2140 5672 licet
2187 5633 2289 5670 non
2343 5615 2698 5684 respondeant
2741 5617 3083 5686 magnitudini
3129 5617 3287 5670 animi

1716 5711 1954 5782 prazclari
2000 5709 2231 5778 justique
2277 5708 2606 5776 Pliilogunii,
2653 5715 2824 5761 tamen
2859 5709 2955 5761 hoc
2979 5707 3146 5776 ipsum
3178 5722 3287 5760 nun

1718 5802 2074 5876 guauimitalis
2099 5802 2234 5857 illius
2257 5799 2540 5856 maximum
2571 5800 2716 5855 luerit
2745 5811 3130 5869 argumentum,
3151 5797 3284 5866 quod
