3926 6256
521 357 616 412 751

519 488 617 528 nec
646 468 833 544 pusilla
862 463 1105 536 repellat,
1128 460 1224 518 sed
1251 459 1390 515 idem
1418 457 1574 513 faciat
1600 453 1740 525 quod
1767 453 1944 508 solent
1963 449 2095 504 divi-

522 576 622 622 tes.
657 561 927 634 Siquidem
965 557 1044 614 illi
1075 571 1197 612 cum
1222 552 1523 622 acceperint
1563 565 1592 604 a
1636 548 1878 603 tenuibus
1903 545 2093 614 exigua

519 657 711 728 quibus
750 669 856 708 non
895 657 1075 721 egent,
1103 663 1197 702 sua
1237 643 1466 700 vicissim
1507 647 1798 712 apponunt,
1844 651 2093 692 remune-

523 727 697 804 rantes
740 760 854 808 eos,
890 743 980 812 qui
1016 738 1157 812 quod
1193 743 1438 809 poterant
1477 732 1762 789 obtulerint
1791 747 1806 784 :
1837 727 2017 782 itidem
2043 733 2099 781 et

524 838 609 895 hic
647 855 769 894 cum
811 835 1077 906 acceperit
1113 848 1142 886 a
1191 830 1344 886 nobis
1383 825 1611 892 laudem,
1633 839 1738 894 qua
1766 833 2097 892 nequaquam

521 943 656 1003 eget,
673 928 949 986 redonabit
969 925 1120 981 nobis
1141 939 1233 993 per
1252 923 1362 992 ipsa
1384 919 1517 975 facta
1535 914 1976 978 benedictionem,
1994 925 2098 982 qua

522 1038 734 1092 semper
759 1019 1074 1090 indigemus.
1107 1014 1254 1072 Unde
1277 1013 1433 1084 igitur
1459 1009 1666 1066 laudem
1697 1007 1835 1061 illius
1858 1004 2102 1074 auspica-

525 1113 739 1168 bimur?
786 1111 868 1165 An
913 1124 944 1163 a
988 1107 1318 1178 magistratu,
1343 1117 1498 1174 quem
1527 1099 1756 1168 Spiritus
1783 1097 1859 1152 illi
1887 1092 2102 1150 tradidit

525 1206 728 1276 gratia?
757 1203 887 1258 Nam
910 1199 1160 1256 mundani
1181 1197 1516 1267 magistratus
1531 1204 1858 1262 nequaquam
1878 1193 2103 1258 possunt

526 1312 732 1362 eorum,
779 1295 970 1366 quibus
1010 1290 1199 1347 crediti
1243 1296 1403 1354 sunt,
1440 1285 1804 1342 demonstrare
1832 1281 2052 1334 virtutes
2085 1294 2100 1332 :

528 1389 654 1458 quin
683 1386 855 1457 potius
888 1382 1194 1454 frequenter
1223 1379 1418 1434 habent
1451 1377 1838 1431 accusationem
1867 1370 2103 1425 malitias

529 1477 738 1545 Quare?
765 1475 1022 1543 Quoniam
1051 1481 1106 1528 et
1133 1469 1422 1541 patrocinia
1450 1467 1762 1531 amicorum,
1795 1471 1849 1518 et
1871 1462 2104 1517 circum-

531 1568 860 1624 cursationes
895 1573 950 1621 et
989 1563 1350 1625 adulationes,
1377 1559 1584 1628 aliaque
1609 1553 1867 1626 permulta
1903 1552 1985 1608 his
2011 1549 2111 1606 fte-

533 1658 682 1714 diora
709 1657 838 1711 tales
864 1655 1200 1726 magistratus
1220 1650 1394 1705 solent
1411 1646 1724 1703 conciliare:
1747 1652 1996 1700 cteterum
2021 1639 2111 1695 ubi

537 1753 675 1810 Deus
713 1766 812 1806 suo
852 1748 1102 1818 suffragio
1131 1743 1415 1815 designarit
1432 1742 1684 1811 aliquem,
1708 1738 1900 1806 illaque
1925 1748 2113 1789 manus

535 1853 774 1896 sanetum
805 1839 1082 1910 contigerit
1132 1845 1324 1906 caput,
1367 1835 1730 1902 incorruptum
1781 1825 2110 1897 sull'ragium,

538 1933 770 1988 alienum
795 1947 826 1986 a
849 1928 1147 1999 suspicione
1170 1926 1444 1994 judicium,
1476 1921 1767 1977 indubitata
1789 1916 1946 1972 fuerit
1964 1914 2115 1970 dele-

536 2023 606 2080 cti
629 2021 990 2092 comprobatio
1015 2028 1229 2088 pr0pter
1252 2015 1366 2084 ejus
1386 2013 1473 2083 qui
1503 2010 1698 2081 delegit
1724 2007 2112 2064 auctoritatem.

611 2113 944 2183 Philogonius
962 2109 1261 2179 conjugatus
1283 2109 1450 2178 forum
1470 2101 1769 2166 sectabatur,
1789 2108 1958 2170 postea
1984 2096 2028 2150 E
2033 2097 2084 2162 pi
2097 2126 2114 2139 -

537 2220 718 2273 scapus
745 2205 906 2275 {actus
931 2210 1022 2254 est.
1046 2229 1115 2238 —
1141 2199 1307 2251 l'orro
1335 2193 1475 2266 quod
1515 2190 1736 2262 elegerit
1762 2190 1908 2244 illum
1936 2189 2074 2241 Deus
2097 2226 2113 2250 ,

539 2297 624 2351 vel
647 2311 712 2348 es
739 2295 850 2363 ipsa
879 2307 1086 2346 morum
1119 2289 1414 2354 integritate
1443 2284 1777 2356 perSpicuum
1801 2288 1901 2342 est,
1924 2278 2117 2350 quippe

540 2402 695 2457 quem
719 2401 783 2438 ex
816 2383 990 2438 medio
1019 2386 1294 2450 abreptum
1324 2377 1439 2431 foro
1464 2375 1530 2430 ad
1560 2373 1805 2428 thronum
1833 2371 1974 2424 hunc
1997 2384 2119 2422 cve-

543 2480 680 2534 xerit
705 2495 720 2532 :
748 2476 882 2530 adeo
905 2485 1104 2530 castam
1135 2481 1188 2526 ct
1213 2472 1468 2539 insignem
1497 2469 1642 2538 prius
1667 2467 1772 2536 egit
1796 2465 1978 2529 vitam,
1997 2477 2118 2516 cum

541 2583 758 2622 uxorem
789 2565 1005 2620 haberet
1033 2578 1096 2618 ac
1126 2561 1284 2616 filiam
1315 2568 1369 2615 et
1392 2559 1444 2613 in
1471 2558 1583 2612 foro
1609 2563 1910 2611 versaretur
1941 2569 1954 2606 :
1986 2551 2120 2607 adeo

541 2660 705 2714 solem
738 2658 906 2726 ipsum
935 2653 1218 2726 splendore
1255 2651 1415 2717 vicit,
1442 2657 1502 2704 ut
1543 2647 1784 2718 protinus
1811 2644 1913 2698 hoc
1950 2641 2121 2713 magi-

540 2761 708 2803 stratu
729 2748 919 2819 dignus
941 2747 1235 2810 videretur,
1263 2753 1318 2798 et
1340 2759 1370 2797 a
1390 2739 1709 2811 judiciorum
1740 2738 1757 2768 ί
1785 2734 2029 2790 tribunali
2056 2731 2122 2788 ad

540 2855 748 2894 sacrum
771 2839 998 2892 tribunal
1015 2845 1230 2892 evectus
1248 2835 1337 2888 sit.
1363 2836 1438 2886 Ac
1459 2840 1570 2885 tum
1588 2827 1799 2899 quidem
1821 2825 2124 2880 hominibus

541 2932 975 3006 patrocinabatur
1002 2929 1256 2984 adversus
1278 2926 1543 2992 homines,
1567 2922 1657 2993 qui
1685 2920 1960 2977 struebant
1989 2918 2120 2973 insi-

538 3030 675 3091 dias,
706 3039 800 3083 eos
824 3024 911 3094 qui
940 3022 1303 3076 efficiebantur
1327 3019 1538 3089 injuria,
1565 3017 1868 3088 superiores
1894 3012 2124 3069 reddens

539 3122 626 3187 iis,
654 3122 742 3190 qni
770 3115 1012 3187 injuriam
1040 3112 1336 3167 inferebant
1361 3127 1376 3166 :
1401 3109 1488 3164 hic
1515 3117 1692 3163 autem
1717 3107 1870 3161 adest
1890 3103 2123 3159 homini-

542 3215 640 3269 bus
661 3209 1004 3284 patrocinans
1024 3206 1279 3261 adversus
1303 3204 1572 3258 dtemones
1595 3200 1922 3256 invadentes.
1945 3199 2126 3265 Quan-

545 3317 654 3359 tum
684 3313 858 3357 autem
886 3298 956 3357 sit
985 3297 1194 3367 pietatis
1223 3303 1614 3364 argumentum,
1642 3289 1786 3360 quod
1816 3289 1953 3342 Deus
1980 3288 2127 3342 illum

544 3405 689 3452 tanto
710 3393 1014 3462 magistratu
1031 3389 1244 3458 dignum
1259 3386 1526 3455 judicarit,
1549 3382 1691 3448 audi,
1713 3381 1958 3436 Christus
1975 3380 2119 3434 exci-

545 3498 684 3544 tatus
708 3503 739 3541 a
762 3495 952 3550 morte,
985 3480 1110 3551 quid
1134 3480 1261 3534 dicit
1284 3478 1475 3533 Petro?
1504 3477 1787 3544 Postquam
1813 3473 1954 3528 enim
1978 3471 2125 3525 illum

545 3582 940 3650 interrogasset,
964 3575 1133 3640 Petre,
1153 3589 1294 3626 amas
1316 3586 1394 3625 me
1410 3569 1590 3640 (Joan.
1607 3568 1698 3622 21.
1722 3566 1846 3637 16)?
1865 3566 2010 3634 isque
2027 3578 2132 3618 resp

545 3671 838 3742 poudissct:
863 3669 958 3733 Tu,
973 3664 1309 3730 Domine,scis
1327 3660 1461 3732 quod
1475 3676 1590 3714 amo
1610 3669 1683 3714 te:
1703 3673 1808 3712 non
1825 3656 1957 3711 dixit
1971 3654 2128 3708 Chri-

544 3763 851 3833 stus,abjice
865 3761 1135 3831 pecunias,
1148 3756 1403 3827 jejunium
1417 3768 1632 3819 exerce,
1645 3764 1854 3807 macera
1875 3757 1926 3802 te
1939 3745 2126 3800 labori-

546 3856 668 3921 bus,
695 3863 931 3909 mortuos
954 3852 1147 3915 excita,
1169 3849 1438 3903 dat-mones
1453 3845 1606 3916 abige
1623 3884 1638 3909 ,
1657 3842 1785 3897 nihil
1803 3840 1882 3895 vel
1911 3839 2126 3902 horum,

547 3947 632 4001 vel
648 3947 869 4000 aliorum
886 3943 1260 3998 miraculorum
1279 3949 1529 4007 recteque
1549 3937 1805 3990 factorum
1829 3933 1880 3986 in
1899 3930 2130 3985 medium

546 4038 783 4101 adduxit,
819 4035 912 4091 sed
941 4035 1188 4089 onmibus
1217 4032 1318 4085 illis
1349 4026 1722 4099 przetermissis
1751 4025 1880 4079 dicit
1917 4022 1990 4077 illi
2024 4038 2037 4076 :
2071 4020 2135 4075 Si

548 4131 717 4201 diligis
747 4145 856 4193 me,
887 4144 1033 4198 pasce
1070 4141 1184 4179 oves
1220 4139 1375 4176 meas.
1413 4119 1525 4174 Hoc
1564 4128 1742 4173 autem
1782 4115 1992 4170 dicebat
2026 4127 2131 4166 non

549 4223 720 4278 solum
736 4228 794 4275 ut
810 4219 965 4273 nobis
980 4215 1276 4271 certissime
1293 4212 1608 4275 declararet,
1623 4215 1951 4278 quantopere
1965 4205 2133 4274 ipsum

549 4313 792 4382 diligeret
816 4310 1004 4365 Petrus
1028 4324 1041 4360 :
1070 4321 1254 4360 verum
1277 4306 1435 4359 etiam
1457 4311 1516 4356 ut
1542 4315 1696 4356 suum
1711 4313 1833 4368 erga
1858 4310 1980 4350 suas
2006 4308 2133 4348 oves

550 4420 786 4461 amorem
815 4398 1156 4463 ostenderet,
1193 4397 1480 4450 maximum
1509 4392 1815 4462 exemplum
1861 4386 2132 4460 proposuit

553 4499 695 4557 Petri
723 4513 845 4566 erga
869 4495 1040 4565 ipsum
1068 4492 1282 4554 amoris,
1314 4497 1514 4542 tantum
1541 4501 1646 4541 non
1671 4485 1852 4540 dicens
1887 4503 1900 4540 :
1931 4483 2028 4551 Qui
2050 4479 2135 4538 di-

555 4593 666 4660 ligit
694 4604 820 4643 oves
860 4600 1005 4641 meas
1027 4627 1041 4649 ,
1073 4600 1159 4639 me
1200 4581 1387 4651 diligit.
1420 4579 1552 4634 Vide
1597 4577 1752 4649 igitur
1782 4595 1936 4647 quam
1972 4579 2134 4632 multa

554 4692 770 4751 propter
801 4679 943 4732 hunc
971 4690 1186 4746 gregem
1237 4687 1421 4743 passus
1461 4672 1528 4725 sit
1565 4670 1825 4726 Christus.
1855 4669 2024 4723 Homo
2060 4669 2136 4723 fa-

553 4784 675 4828 ctus
695 4781 795 4834 est,
815 4769 955 4824 servi
979 4769 1203 4822 formam
1229 4763 1534 4833 assumpsit,
1547 4770 1834 4831 consputas
1847 4771 1947 4827 est,
1969 4762 2138 4831 alapis

554 4882 724 4921 caesus
750 4874 865 4930 cst,
907 4871 1176 4933 postremo
1221 4877 1288 4913 ne
1330 4867 1555 4913 mortem
1585 4857 1794 4927 quidem
1836 4858 2133 4920 recusavit,

556 4973 777 5027 eamque
800 4951 1383 5022 ignominiosissimam;
1416 4947 1676 5020 siquidem
1705 4947 1755 5002 in
1781 4961 1938 5003 cruce
1964 4947 2135 5015 ipsum

554 5050 712 5102 edam
743 5045 1052 5116 sanguinem
1099 5042 1303 5097 effudit.
1337 5039 1516 5112 Itaque
1555 5039 1602 5094 si
1647 5039 1764 5108 quis
1791 5038 2020 5092 voluerit
2060 5035 2138 5090 illi

555 5137 956 5194 cmnmeudatus
983 5149 1125 5198 esse,
1153 5149 1334 5188 curam
1359 5131 1550 5185 habeat
1573 5131 1750 5184 ovium
1783 5129 1941 5189 illius.
1968 5127 2139 5196 publi-

555 5247 671 5284 cam
703 5237 906 5300 quaerat
948 5227 1230 5281 utilitatem
1255 5268 1269 5289 ,
1301 5225 1522 5278 lratrum
1565 5237 1781 5277 suorum
1821 5221 1976 5274 saluti
2017 5235 2140 5290 pro-

558 5322 744 5390 spiciat
772 5337 784 5372 :
815 5319 1015 5373 nullum
1059 5317 1203 5372 enim
1245 5314 1478 5368 officium
1518 5313 1621 5367 hoc
1662 5312 1771 5366 Deo
1801 5312 1974 5366 carius
2017 5319 2138 5365 est:

560 5411 681 5465 ideo
708 5409 832 5463 alibi
869 5409 996 5462 dicit
1025 5425 1040 5464 :
1072 5407 1250 5462 Simon
1275 5447 1290 5470 ,
1322 5405 1533 5470 Simon,
1561 5404 1791 5474 expetivit
1819 5403 2060 5464 Satanas,
2089 5410 2143 5456 ut

557 5503 796 5555 cribraret
823 5510 868 5552 te
893 5510 1145 5569 tamquam
1166 5498 1386 5551 triticum
1409 5536 1425 5562 ,
1455 5495 1542 5550 sed
1566 5511 1656 5566 ego
1684 5495 1856 5566 rogavi
1880 5510 1970 5563 pro
1999 5505 2064 5556 te,
2087 5500 2145 5547 ut

562 5610 661 5646 non
689 5592 888 5660 deficiat
917 5591 1040 5658 ﬁdes
1066 5600 1154 5644 tua
1202 5587 1366 5661 (Luc.
1405 5588 1498 5642 2‘3.
1532 5588 1619 5643 51.
1651 5586 1783 5659 5‘2).
1811 5587 1960 5655 Quod
1989 5586 2145 5657 igitur

572 5683 727 5754 hujus
746 5681 1116 5737 sollicitudinis
1140 5697 1386 5752 curisque
1409 5681 1682 5750 praemium
1711 5680 1838 5737 mihi
1862 5679 2104 5752 rependis
2123 5679 2147 5734 2

556 5826 564 5842 ν
639 5797 654 5827 ‘
691 5801 740 5850 tn
764 5793 1011 5860 plerisque
1029 5803 1135 5848 mss.
1158 5795 1320 5858 deest,
1332 5793 1654 5858 judiciorum.

1249 344 1308 401 S.
1347 339 1626 400 JOANNIS
1648 333 2120 396 CHRYSOSTOMI
2161 331 2478 389 ARCHIEP.
2515 331 3061 390 CONSTANTINOP.

3673 326 3776 384 151

2195 448 2302 504 Sed
2322 463 2478 516 quam
2501 447 2667 517 poscit
2685 446 2944 517 gratiam?
2965 444 3212 500 Eamdem
3235 458 3434 507 curam,
3453 459 3608 512 quam
3625 443 3778 500 nobis

2199 538 2453 609 impendit
2483 540 2732 607 reposcit.
2764 537 2894 592 Nam
2925 547 2971 591 et
3007 547 3060 591 tu
3079 578 3094 601 ,
3128 536 3334 606 inquit,
3361 533 3634 606 aliquando
3659 550 3778 588 can-

2198 644 2368 683 oersus
2391 670 2407 696 ,
2433 629 2680 698 conﬁrma
2716 631 2899 699 fratres
2928 637 3060 682 tuos.
3092 625 3181 681 Sic
3206 633 3260 680 et
3283 625 3478 680 Paulus
3502 625 3577 679 ait
3605 641 3618 677 :
3646 622 3778 677 Inti-

2200 730 2383 774 tatores
2408 721 2503 774 mei
2548 728 2699 773 estote
2727 720 2856 774 sicut
2885 727 2931 772 et
2968 734 3061 790 ego
3086 716 3271 770 Christi
3298 719 3316 785 (
3338 717 3391 770 1.
3420 714 3538 770 Cor.
3566 715 3622 770 ι.
3655 713 3776 782 16).

2199 812 2476 880 Quomodo
2512 811 2681 866 factus
2719 825 2780 865 es
2817 809 3012 865 Christi
3059 807 3328 863 imitator?
3365 807 3625 862 Omnibus
3689 821 3782 875 per

2201 905 2376 960 omnia
2394 904 2630 974 placens,
2645 918 2748 957 non
2770 916 3014 973 quaarens
3031 916 3204 956 meam
3223 900 3518 961 utilitatem,
3537 898 3633 954 sed
3651 899 3784 952 mul-

2203 1007 2398 1061 torum,
2423 1003 2480 1049 ut
2499 995 2630 1049 salvi
2653 993 2859 1049 ﬁerent.
2884 993 3088 1047 Rursus
3113 991 3220 1046 alio
3245 992 3364 1046 loco
3386 989 3518 1046 dicit
3541 1007 3554 1042 :
3581 987 3784 1042 Etenim

2206 1085 2432 1141 Christus
2454 1101 2553 1138 non
2573 1085 2666 1139 sibi
2688 1085 2785 1154 ipsi
2813 1084 3022 1153 placuit,
3045 1083 3132 1136 sed
3156 1083 3324 1136 multis
3349 1082 3532 1155 (Rom.
3562 1081 3651 1135 15.
3674 1081 3743 1150 3)
3769 1099 3782 1133 :

2205 1194 2379 1251 neque
2408 1193 2624 1249 prorsus
2655 1177 2754 1231 alia
2784 1191 2871 1231 res
2901 1186 3001 1240 est,
3033 1191 3150 1246 qua:
3178 1175 3395 1244 perinde
3426 1174 3666 1229 declaret
3689 1173 3789 1226 do.

2207 1281 2452 1341 ceatque,
2485 1270 2604 1341 quis
2629 1270 2699 1324 sit
2723 1268 2890 1323 fidelis
2914 1277 2968 1323 et
2989 1282 3175 1320 amans
3193 1265 3408 1329 Christi,
3432 1280 3591 1334 quam
3617 1266 3664 1319 si
3687 1264 3789 1318 fra-

2210 1373 2349 1419 trum
2377 1377 2559 1418 curam
2586 1369 2726 1431 agat,
2759 1360 3077 1430 illorumque
3102 1357 3256 1412 saluti
3286 1356 3592 1427 prospiciat.

2281 1456 2336 1511 5.
2375 1454 2502 1510 Haec
2528 1453 2746 1509 audiant
2773 1460 2828 1508 et
2865 1451 3112 1507 monachi
3149 1464 3335 1506 omnes
3357 1491 3374 1517 ,
3400 1449 3488 1520 qui
3527 1447 3791 1503 montium

2210 1552 2542 1616 occuparunt
2564 1544 2839 1600 cacumina
2855 1583 2870 1610 ,
2898 1542 3092 1613 quique
3118 1540 3291 1596 modis
3314 1541 3558 1595 omnibus
3585 1540 3794 1608 seipsos

2210 1636 2408 1693 mundo
2449 1633 2856 1701 cruciﬁserunt;
2908 1649 3012 1705 quo
3047 1648 3146 1704 pro
3184 1633 3386 1688 viribus
3432 1629 3794 1686 Ecclesiarum

2213 1728 2489 1801 prmfectos
2517 1727 2802 1796 adjuvent,
2835 1737 2892 1784 et
2915 1726 3134 1782 incitent
3159 1725 3404 1795 precibus
3422 1765 3437 1788 ,
3466 1721 3755 1778 concordia
3779 1763 3794 1784 ,

2218 1822 2463 1886 caritate,
2489 1821 2716 1875 scientes
2740 1817 2882 1888 quod
2911 1819 2962 1872 ni
2991 1816 3163 1872 modis
3199 1816 3445 1871 omnibus
3466 1814 3800 1885 opitulentur

2213 1913 2302 1981 iis,
2323 1911 2414 1983 qui
2445 1919 2524 1965 tut
2558 1910 2804 1980 periculis
2831 1907 3150 1976 objiciuntur
3177 1922 3274 1978 per
3299 1907 3518 1976 gratiam
3547 1905 3666 1970 Dei,
3691 1915 3792 1958 tot-

2215 2019 2319 2076 que
2355 2003 2683 2074 negotiorum
2713 2013 2868 2056 curas
2895 1999 3161 2054 sustinent
3181 2040 3196 2063 ,
3227 1999 3649 2068 quibuscumque
3678 2012 3803 2066 pos-

2217 2106 2341 2153 sunt
2382 2094 2672 2150 rationibus
2706 2092 3054 2156 auxilientur,
3085 2105 3403 2161 quamquam
3432 2089 3615 2159 procul
3644 2087 3801 2142 habi-

2220 2199 2412 2253 tantes,
2438 2197 2489 2243 ct
2523 2196 2684 2256 caput
2711 2184 2841 2255 ipsis
2881 2183 3092 2254 peribit,
3135 2190 3190 2237 et
3233 2191 3343 2236 tota
3379 2182 3684 2236 destruetur
3718 2196 3804 2232 sa-

2223 2281 2438 2350 pientia.
2484 2277 2681 2332 Verum
2736 2277 2836 2331 hoc
2879 2290 2998 2329 esse
3041 2274 3327 2328 maximum
3377 2272 3624 2326 amicitia:
3673 2285 3804 2339 ecga

2219 2373 2488 2430 Christum
2517 2379 2884 2441 argumentum
2911 2368 3036 2423 hinc
3054 2366 3389 2423 declaratur:
3411 2365 3685 2420 videamus
3710 2379 3808 2416 an-

2223 2483 2330 2530 tem
2387 2471 2652 2544 quomodo
2713 2485 2904 2526 munus
2964 2468 3066 2522 hoc
3123 2464 3357 2536 episcOpi
3398 2460 3805 2516 administrarit.

2222 2566 2358 2635 Quin
2383 2565 2554 2635 potius
2574 2579 2680 2630 non
2704 2570 2786 2617 est
2813 2575 2947 2630 opus
2973 2559 3060 2615 hic
3090 2558 3328 2628 pluribus
3355 2555 3533 2610 verbis
3556 2563 3652 2608 aut
3673 2569 3807 2607 voce

2222 2665 2402 2712 nostra
2421 2697 2437 2723 ,
2467 2653 2676 2726 quando
2701 2662 2935 2708 vestrum
2963 2649 3196 2706 studium
3242 2649 3342 2703 hoc
3380 2647 3519 2702 ultro
3545 2645 3805 2701 declarat.

2227 2747 2376 2804 Sicut
2395 2747 2536 2801 enim
2557 2745 2748 2815 aliquis
2776 2745 3047 2814 ingressus
3064 2741 3293 2805 vineam,
3318 2739 3555 2808 vitesque
3573 2746 3811 2792 contem-

2227 2839 2400 2909 platus
2425 2835 2685 2907 pampinis
2699 2844 2993 2898 comantes,
3017 2832 3187 2887 fructu
3207 2839 3447 2896 onustas,
3470 2829 3723 2882 maceriis
3747 2841 3812 2881 ac

2225 2931 2390 3001 septis
2407 2929 2638 3000 undique
2650 2929 2898 2990 munitas,
2913 2926 3313 2995 haudquaquam
3330 2922 3593 2978 desiderat
3607 2921 3814 2976 oratio-

2228 3039 2349 3080 nem
2377 3020 2819 3094 cujusquam,qui
2848 3018 3178 3073 demonstret
3207 3016 3442 3070 vinitoris
3472 3013 3814 3078 industriam,

2229 3125 2284 3172 et
2303 3116 2550 3187 agricolae
2575 3115 2823 3169 virtutem
2857 3131 2872 3167 :
2903 3111 3082 3166 itidem
3108 3118 3162 3164 et
3193 3108 3297 3171 hic,
3328 3108 3374 3161 si
3401 3107 3519 3176 quis
3540 3107 3818 3176 ingressus

2229 3209 2517 3278 conspiciat
2542 3207 2676 3262 vites
2703 3205 3023 3276 spirituales,
3051 3210 3394 3270 vestrumque
3422 3199 3652 3254 fructum
3680 3214 3815 3252 con-

2232 3305 2541 3375 templetur,
2570 3303 2646 3359 nil
2675 3317 2807 3372 opus
2836 3299 3121 3365 habuerit,
3157 3306 3215 3351 ut
3253 3312 3322 3352 es
3355 3294 3667 3364 cujusquam
3696 3307 3817 3346 ora-

2234 3397 2375 3452 tione
2409 3395 2598 3458 discat,
2643 3395 2814 3464 qualis
2857 3393 2929 3446 sit
2967 3399 3148 3446 vester
3183 3387 3518 3460 praepositus.
3564 3383 3720 3439 Sicut
3763 3391 3820 3437 et

2230 3487 2427 3544 Paulus
2451 3486 2634 3542 scribit
2664 3503 2678 3538 :
2716 3483 2945 3554 Epistula
2987 3498 3097 3536 mea
3133 3496 3218 3534 vos
3251 3479 3399 3544 estis,
3429 3492 3544 3546 quia
3569 3475 3818 3543 inscripta

2232 3591 2323 3645 est,
2351 3590 2398 3634 et
2426 3580 2606 3650 legitur
2635 3577 2720 3650 (2.
2747 3577 2864 3631 Cor.
2891 3577 2944 3631 5.
2973 3574 3063 3648 2).
3093 3573 3311 3630 Fluvios
3342 3571 3516 3640 arguit
3547 3568 3724 3637 qualis
3747 3567 3820 3620 sit

2236 3673 2388 3738 fons,
2415 3681 2470 3727 et
2500 3672 2704 3725 fructus
2748 3668 2946 3723 indicat
2990 3666 3162 3737 qualis
3200 3666 3270 3719 sit
3312 3662 3486 3716 radix.
3519 3656 3820 3714 Dicendum

2237 3767 2394 3838 igitur
2414 3774 2528 3820 erat
2555 3773 2609 3818 et
2631 3773 2837 3832 tempus
2864 3775 2970 3830 quo
2996 3757 3343 3830 principatum
3371 3755 3510 3808 hunc
3532 3750 3772 3820 suscepit
3802 3767 3816 3803 :

2236 3875 2410 3928 neque
2453 3857 2594 3912 enim
2633 3855 2748 3909 haec
2785 3853 3001 3908 minima
3052 3865 3172 3920 pars
3215 3845 3439 3903 encomii
3481 3843 3680 3906 fuerit,
3725 3840 3822 3896 sed

2238 3950 2414 4021 magni
2461 3945 2715 4002 momenti
2759 3944 2825 3999 ad
2869 3939 3239 3998 declarandam
3286 3934 3513 3992 hominis
3541 3934 3818 3988 virtutem.

2238 4042 2344 4097 Res
2378 4050 2488 4094 tum
2515 4047 2630 4095 erat
2668 4038 2848 4091 multa:
2877 4032 3198 4087 diflicultatis
3225 4045 3344 4085 cum
3374 4043 3541 4097 nuper
3567 4035 3716 4081 esset
3737 4040 3822 4080 se-

2237 4133 2358 4187 data
2389 4129 2728 4200 perscquutio
2753 4167 2768 4191 ,
2801 4124 3133 4182 manentibus
3175 4125 3460 4178 etiamnum
3489 4119 3820 4191 gravissima:

2239 4222 2566 4293 tempestatis
2597 4221 2736 4276 illius
2764 4218 3019 4289 reliquiis,
3043 4230 3269 4285 cumque
3308 4213 3512 4284 negotia
3538 4212 3819 4281 plurimam

2238 4316 2602 4372 desiderarent
2625 4312 3034 4369 correctionem.
3080 4309 3171 4364 llis
3211 4309 3427 4376 insuper
3460 4305 3591 4360 illud
3626 4305 3821 4374 adjun-

2237 4407 2468 4480 gendum
2495 4415 2612 4462 erat
2633 4446 2648 4469 ,
2681 4403 2823 4475 quod
2853 4403 3224 4457 haereticorum
3255 4399 3412 4454 factio
3438 4397 3537 4451 sub
3566 4396 3659 4450 illo
3700 4406 3817 4449 nata

2242 4501 2509 4570 negotium
2526 4498 2784 4565 exhibuit,
2800 4497 2943 4552 illius
2961 4495 3214 4564 sapientia
3232 4501 3420 4547 cuncta
3436 4489 3812 4561 prospiciente.

2240 4593 2436 4648 Verum
2463 4591 2531 4646 ad
2557 4590 2712 4644 aliam
2741 4588 3096 4644 necessariam
3123 4584 3396 4640 materiam
3424 4581 3578 4637 nobis
3610 4580 3820 4635 festinat

2240 4685 2434 4751 oratio,
2465 4698 2636 4753 eoque
2662 4679 2930 4736 communi
2958 4678 3116 4749 patri,
3139 4675 3385 4745 beatique
3411 4672 3707 4742 Pbilogonii
3730 4687 3818 4725 sc-

2241 4777 2428 4834 ctatori
2453 4776 2568 4830 hac
2589 4772 2813 4829 dicenda
2841 4771 3221 4842 relinquentes,
3251 4775 3310 4822 ut
3337 4765 3430 4836 qui
3454 4764 3648 4819 melius
3668 4764 3818 4817 nobis

2243 4879 2421 4926 teneat
2456 4865 2710 4938 quidquid
2748 4872 2832 4919 est
2871 4863 3278 4931 antiquitatum,
3305 4857 3373 4912 ad
3408 4858 3564 4911 aliam
3605 4855 3818 4908 concio-

2245 4960 2405 5018 nandi
2449 4960 2708 5015 rationem
2755 4968 3108 5011 transeamus.
3165 4952 3380 5022 Appetit
3424 4948 3567 5003 enim
3625 4946 3816 5001 festum

2243 5051 2478 5108 omnium
2511 5049 2765 5104 festorum
2810 5045 3039 5100 maxime
3067 5040 3424 5097 venerandum
3455 5038 3818 5093 tremendum-

2243 5159 2348 5214 que
2380 5162 2394 5198 :
2420 5141 2562 5213 quod
2592 5142 2636 5196 si
2665 5139 2785 5212 quis
2812 5135 3042 5208 appellet
3069 5133 3303 5189 omnium
3336 5131 3592 5186 festorum
3629 5138 3821 5182 metro-

2244 5237 2406 5306 polim
2427 5276 2442 5300 ,
2473 5232 2877 5302 haudquaquam
2907 5228 3137 5284 aberret.
3168 5225 3320 5293 Quod
3362 5232 3540 5277 autem
3572 5222 3678 5276 hoc
3704 5218 3820 5276 est?

2242 5326 2442 5382 Christi
2471 5326 2522 5379 in
2548 5337 2709 5379 carne
2732 5321 2950 5376 Natalis.

2316 5419 2395 5476 De
2422 5422 2552 5490 festo
2581 5414 2876 5471 Nativitatis
2901 5423 2949 5468 et
2977 5410 3278 5483 Epiphaniae
3300 5407 3504 5463 Christi.
3525 5436 3599 5448 —-
3619 5406 3702 5461 Ab
3726 5406 3819 5461 hoc

2245 5511 2387 5569 enim
2406 5509 2597 5565 festum
2618 5505 3060 5577 Epiphaniorum,
3079 5517 3142 5557 ac
3163 5516 3372 5556 sacrum
3394 5498 3618 5564 Pascha,
3639 5500 3820 5553 Ascen-

2246 5605 2348 5669 sio,
2381 5611 2437 5657 et
2462 5601 2778 5656 Pentecoste
2805 5597 3063 5668 originem
3093 5611 3155 5650 ac
3183 5592 3579 5648 fundamentum
3606 5590 3818 5646 ducum.

2247 5694 2360 5750 Nisi
2380 5693 2522 5750 enim
2551 5690 2840 5747 secundum
2868 5703 3084 5744 carnem
3113 5695 3266 5739 natus
3284 5692 3427 5737 esset
3447 5681 3713 5745 Christus,
3732 5695 3820 5733 ne-

2253 5800 2516 5857 quaquam
2545 5781 2839 5854 baptizatus
2867 5788 2968 5846 cst,
3005 5793 3124 5834 nam
3165 5777 3214 5834 id
3245 5773 3436 5832 festum
3462 5771 3822 5844 Theophanis-
