3926 6250
525 343 629 396 755

527 461 594 513 ἂν
617 459 678 514 τὸ
703 457 924 527 Πνεῦμα
949 456 1316 526 κατέπεμψεν,
1340 457 1477 526 ὅπερ
1500 456 1646 508 ἐστὶν
1668 458 1700 526 ἡ
1725 453 2094 524 Πεντηκοστή.

525 542 691 598 Ὥστε
740 542 1004 605 ἐντεῦθεν,
1048 540 1235 612 ὥσπερ
1281 540 1389 593 ἀπό
1428 558 1571 603 τινος
1618 541 1824 611 πηγῆς,
1871 536 2105 606 ποταμοὶ

527 629 767 698 διάφοροι
787 627 1025 695 ῥυέντες,
1047 619 1207 678 αῦται
1243 624 1540 694 ἐτέχθησαν
1573 626 1704 695 ἡμῖν
1728 625 1782 675 αἱ
1805 620 2009 692 ἑορταί.
2031 620 2106 672 Ού

529 710 668 764 κατά
693 711 849 763 τοῦτο
891 709 948 761 δέ
978 709 1135 778 μόνον
1160 709 1342 761 δικαία
1367 708 1571 778 ταύτης
1602 709 1667 760 ἂν
1707 707 1791 776 εἴη
1830 705 1928 775 τῆς
1973 720 2109 773 προ-

527 793 712 865 εδρίας
731 806 756 834 ο
771 791 1063 844 ἀπολαύειν
1086 793 1118 861 ή
1140 791 1343 861 ἡμέρα,
1359 791 1472 844 ἀλλ’
1489 793 1569 844 ὅτι
1591 791 1686 842 xui
1705 789 1766 842 τὸ
1784 792 1840 841 ἐν
1860 789 1996 862 αὐτῇ
2017 803 2110 854 γε-

529 879 753 948 νόμενον
769 877 876 929 τῶν
895 876 1068 930 ἄλλων
1093 874 1347 928 ἁπάντων
1371 874 1504 927 πολὺ
1524 872 1857 945 φρικωδέστε
1867 873 1956 942 ρόν
1973 874 2107 924 ἐστι.

531 962 604 1013 Τὸ
634 961 731 1030 μὲν
759 958 867 1031 γὰρ
891 958 1180 1028 ἄνθρωπον
1209 958 1498 1028 γενόμενον
1529 957 1619 1010 τὸν
1650 957 1882 1026 Χριστὸν
1903 954 2112 1008 ἀποθα-

532 1048 664 1108 νεῖν,
687 1045 785 1113 τῆς
811 1042 1130 1104 ἀκολουθίας
1165 1041 1349 1094 λοιπὸν
1371 1037 1440 1110 ἦν
1457 1056 1470 1070 ·
1511 1042 1559 1093 εί
1585 1041 1691 1110 γὰρ
1715 1041 1811 1092 καὶ
1841 1038 2114 1110 ἁμαρτίαν

533 1131 632 1182 οὐκ
655 1129 929 1197 ἐποίησεν,
951 1126 1085 1179 ἀλλά
1111 1126 1301 1195 θνητὸν
1331 1125 1490 1194 σῶμα
1520 1123 1751 1178 ἀνέλαϐε
1773 1141 1786 1153 ο
1812 1125 1905 1176 xui
1925 1119 1992 1193 ἦν
2019 1121 2117 1191 μὲν

536 1215 631 1267 xui
654 1212 812 1266 τοῦτο
841 1209 1150 1281 θαυμαστόν
1171 1228 1182 1239 ·
1218 1208 1277 1261 τὸ
1307 1209 1364 1260 δὲ
1394 1208 1528 1260 Θεὸν
1553 1208 1700 1266 ὄντα,
1726 1208 2009 1278 ἄνθρωπον
2030 1205 2118 1258 θε-

535 1297 698 1364 λῆσαι
731 1293 981 1362 γενέσθαι
1010 1293 1104 1346 xui
1133 1290 1464 1360 ἀνασχέσθαι
1503 1290 1807 1360 καταϐῆναι
1838 1285 2115 1351 τοσοῦτον,

537 1381 660 1432 ὅσον
683 1378 802 1430 οὐδὲ
820 1378 1028 1430 διάνοια
1043 1374 1297 1439 δέξασθαι
1319 1374 1563 1436 δύναται,
1587 1373 1747 1427 τοῦτό
1774 1375 1890 1425 ἐστι
1911 1371 1976 1422 τὸ
1996 1387 2119 1439 φρι-

541 1463 877 1515 κωδέστατον
911 1461 1005 1512 καὶ
1034 1457 1346 1530 ἐκπλήξεως
1374 1457 1562 1527 γέμον.
1602 1459 1666 1510 Ὃ
1698 1456 1762 1525 δὴ
1793 1457 1887 1508 xui
1909 1454 2120 1517 Παῦλος

541 1546 834 1616 θαυμάζων
858 1543 1042 1612 ἔλεγεν
1057 1560 1068 1571 ’
1091 1542 1197 1598 Καὶ
1217 1539 1706 1610 ὁμολογουμένως
1725 1539 1878 1607 μέγα
1899 1539 2029 1591 ἐστὶ
2052 1537 2121 1591 τὸ

539 1629 653 1699 τῆς
682 1629 994 1690 εὐσεϐείας
1019 1624 1377 1694 μυστήριον.
1411 1625 1566 1676 Ποῖον
1593 1623 1765 1692 μέγα;
1795 1625 1941 1687 Θεὸς
1973 1621 2120 1691 ἐφα-

541 1713 764 1782 νερώθη
793 1713 862 1764 ἐν
898 1709 1097 1778 σαρκί.
1129 1708 1237 1761 Καὶ
1267 1706 1427 1760 πάλιν
1457 1705 1692 1777 ἀλλαχοῦ
1715 1723 1728 1736 °
1763 1707 1846 1759 Οὐ
1878 1706 1984 1775 γὰρ
2021 1705 2124 1774 ἀγ-

542 1798 734 1866 γέλων
773 1791 1233 1862 ἐπιλαμϐάνεται
1283 1793 1316 1844 ὀ
1362 1788 1526 1855 Θεὸς,
1577 1787 1739 1842 ἀλλὰ
1781 1787 2124 1856 σπέρματος

557 1878 802 1947 Ἀϐραὰμ
827 1873 1290 1945 ἐπιλαμϐάνεται
1310 1887 1328 1904 ο
1356 1872 1494 1926 ὅθεν
1522 1872 1738 1941 ὤφειλε
1766 1872 1915 1924 κατὰ
1931 1871 2127 1924 πάντα

544 1963 668 2028 τοῖς
708 1959 992 2028 ἀδελφοῖς
1019 1955 1395 2025 ὁμοιωθῆναι.
1432 1957 1532 2008 Διά
1561 1955 1717 2008 τοῦτο
1753 1953 1990 2025 μάλιστα
2023 1955 2123 2008 ἁσ-

547 2047 790 2116 πάζομαι
815 2044 913 2114 τὴν
940 2041 1153 2112 ἡμέραν
1177 2039 1382 2109 ταύτην
1409 2039 1504 2092 xui
1529 2038 1688 2107 φιλῶ,
1717 2038 1809 2090 xui
1839 2038 1929 2090 τὸν
1947 2038 2124 2108 ἔρωτα

548 2132 627 2192 εἰς
658 2129 822 2199 μέσον
851 2123 1170 2196 προτίθημι,
1202 2123 1288 2177 ἵνα
1319 2123 1608 2184 κοινωνοὺς
1637 2122 1782 2190 ὑμᾶς
1804 2121 2013 2191 ποιήσω
2033 2119 2125 2173 τοῦ

550 2213 806 2282 φίλτρου·
837 2210 924 2263 διὰ
954 2207 1112 2261 τοῦτο
1155 2205 1346 2276 δέομαι
1393 2205 1613 2257 πάντων
1664 2203 1816 2274 ὑμῶν
1858 2205 1954 2257 καὶ
1982 2204 2132 2256 ἀντι-

551 2296 692 2350 ϐολῶ
741 2293 877 2366 μετὰ
907 2292 1085 2359 πάσης
1121 2290 1356 2358 σπουδῆς
1396 2289 1493 2340 xui
1529 2287 1840 2359 προθυμίας
1884 2301 2131 2357 παραγε-

551 2379 768 2437 νέσθαι,
799 2378 898 2447 τὴν
931 2375 1108 2428 οἰκίαν
1144 2373 1372 2426 ἕκαστον
1405 2371 1717 2425 κενώσαντα
1765 2371 1864 2440 τὴν
1910 2369 2130 2434 ἑαυτοῦ,

555 2463 644 2517 ἵνα
679 2463 876 2530 ἴδωμεν
913 2459 1003 2511 τὸν
1035 2456 1309 2526 Δεσπότην
1337 2454 1498 2526 ἡμῶν
1527 2455 1619 2507 ἐπὶ
1647 2455 1746 2524 τῆς
1779 2454 1984 2524 φάτνης
2021 2453 2135 2506 κεί-

559 2564 740 2617 μενον,
778 2540 1290 2614 ἐσπαργανωμένον,
1326 2540 1388 2591 τὸ
1430 2537 1658 2609 φρικτὸν
1689 2539 1867 2590 ἐκεῖνο
1901 2537 1995 2589 xui
2029 2555 2136 2589 πα-

559 2628 775 2701 ράδοξον
799 2627 993 2696 θέαμα.
1017 2624 1152 2677 Ποία
1175 2623 1281 2693 γάρ
1305 2624 1436 2694 ἡμῖν
1454 2620 1608 2694 [493]
1633 2621 1919 2688 ἀπολογία,
1940 2620 2067 2673 ποία
2079 2621 2136 2682 δὲ

559 2709 877 2780 συγγνώμη,
912 2711 1039 2761 ὅταν
1070 2707 1231 2768 αὐτὸς
1263 2706 1362 2776 μὲν
1393 2707 1457 2758 ἐκ
1480 2705 1589 2756 τῶν
1622 2704 1868 2775 οὐρανῶν
1892 2704 1956 2756 δι’
1993 2705 2140 2774 ἡμᾶς

557 2794 881 2863 καταϐαίνῃ,
921 2793 1078 2861 ἡμεῖς
1113 2791 1169 2843 δὲ
1202 2790 1336 2860 μηδὲ
1375 2791 1440 2840 ἐκ
1475 2789 1572 2857 τῆς
1602 2787 1779 2850 οἰκίας
1811 2787 1948 2858 πρὸς
1977 2786 2140 2839 αὐτὸν

559 2877 879 2950 ἐρχώμεθα;
914 2876 1040 2927 ὅταν
1077 2873 1241 2942 μάγοι
1277 2873 1395 2941 μὲν,
1434 2872 1709 2942 ἄνθρωποι
1747 2870 2013 2942 βάρϐαροι
2047 2869 2144 2922 καὶ

561 2960 870 3030 ἀλλόφυλοι,
915 2960 979 3010 ἐκ
1021 2956 1278 3026 Περσίδος
1325 2956 1612 3026 τρέχωσιν,
1649 2954 1793 3007 ὥστε
1823 2953 1985 3006 αὐτὸν
2017 2953 2142 3005 ἰδεῖν

561 3045 654 3097 ἐπὶ
682 3044 780 3112 τῆς
828 3041 1034 3110 φάτνης
1075 3039 1326 3108 κείμενον
1348 3057 1361 3069 ο
1397 3039 1460 3090 σὺ
1494 3039 1550 3090 δὲ
1577 3040 1604 3090 ὁ
1643 3037 1968 3108 Χριστιανὸς
2009 3037 2144 3107 μηδὲ

567 3128 762 3198 μικρὸν
786 3125 1064 3193 διάστημα
1093 3123 1370 3192 ύπομένῃς
1391 3164 1403 3184 ,
1429 3121 1571 3173 ὥστε
1591 3123 1690 3191 τῆς
1716 3120 1992 3192 μακαρίας
2017 3123 2146 3174 ταύ-

563 3229 664 3281 της
693 3209 996 3263 ἀπολαῦσαι
1030 3206 1296 3276 θεωρίαςς
1331 3207 1438 3258 Καὶ
1475 3205 1606 3276 γὰρ,
1643 3205 1882 3274 ἀν’μετά
1910 3203 2146 3268 πίστεως

567 3289 1274 3364 παραγενώμεθα.“πάντως
1297 3288 1457 3340 αὑτὸν
1485 3287 1729 3358 ὀψόμεθα
1761 3287 1853 3338 ἐπὶ
1891 3286 1994 3355 τῆς
2037 3287 2145 3355 φά-

567 3394 700 3448 τνης
721 3376 1041 3447 κείμενοψὴ
1072 3373 1180 3446 γὰρ
1207 3371 1452 3443 τράπεζα
1482 3370 1620 3442 α’ύτη
1648 3369 1800 3434 τάξιν
1821 3370 1922 3439 τῆς
1942 3371 2149 3440 φάτνης

568 3460 676 3532 πλη
683 3461 788 3531 ροῖ.

639 3607 750 3661 Καὶ
790 3604 900 3676 γάρ
930 3605 1025 3657 καὶ
1053 3600 1286 3655 ἐνταῦθα
1317 3601 1559 3654 κείσεται
1592 3601 1652 3654 τὸ
1683 3602 1842 3672 σῶμα
1868 3602 1928 3655 τὸ
1957 3602 2148 3655 δεσπο-

568 3691 740 3754 τικὸν,
785 3691 906 3759 ούχὶ
955 3686 1470 3758 ἐσπαργανωμένον,
1521 3686 1781 3761 καθάπερ
1823 3686 1966 3750 τότε,
2014 3687 2149 3740 ἀλλά

571 3775 847 3846 Πνεύματι
878 3771 1212 3840 πανταχόθεν
1242 3770 1380 3840 ἁγίῳ
1407 3769 1911 3841 περιστελλόμενον.
1943 3773 2151 3824 Ἴσασιν

572 3862 623 3912 οἱ
651 3856 997 3928 μεμυημένοι
1028 3856 1096 3907 τά
1120 3853 1408 3923 λεγόμενα.
1442 3854 1506 3906 Οἱ
1539 3855 1636 3923 μὲν
1661 3849 1755 3906 οῦν
1789 3854 1952 3924 μάγοι
1977 3871 2148 3925 προσ-

570 3943 842 4013 εκύνησαν
885 3939 1075 4011 μόνον·
1104 3939 1167 3990 σὺ
1200 3937 1279 4002 δὲ,
1306 3938 1371 3990 ἂν
1403 3938 1540 4006 μετὰ
1571 3936 1815 4008 καθαροῦ
1844 3937 2152 4008 προσέλθῃς

576 4026 875 4086 συνειδότος
901 4063 916 4084 ,
953 4022 1048 4076 καὶ
1091 4021 1277 4073 λαϐεῖν
1316 4037 1398 4072 σοι
1431 4020 1564 4072 αὐτὸ
1599 4022 2030 4090 συγχωρήσομεν
2060 4023 2153 4074 xui

575 4109 829 4163 ἀπελθεῖν
863 4105 1066 4159 οἶκαδε.
1101 4103 1326 4174 Πρόσιθι
1359 4103 1538 4155 τοίνυν
1567 4104 1662 4155 xui
1695 4105 1758 4156 σὺ
1790 4103 1939 4174 δῶρα
1982 4121 2156 4176 προσ-

575 4193 745 4261 άγων,
785 4191 860 4260 μὴ
894 4187 1120 4241 τοιαῦτα
1161 4179 1249 4240 οία
1285 4187 1519 4251 ἐκεῖνοι,
1570 4186 1706 4240 ἀλλά
1754 4187 1934 4258 πολλῴ
1967 4189 2154 4258 σεμνό-

576 4293 730 4347 τερα.
775 4272 1165 4344 Προσήνεγκαν
1212 4270 1408 4322 ἐκεῖνοι
1443 4268 1676 4340 χρυσόν·
1710 4271 2043 4341 προσένεγκε
2087 4273 2151 4325 σὺ

582 4356 939 4430 σωφροσύνην
966 4354 1060 4408 xui
1091 4353 1294 4424 ἀρετήν
1317 4369 1332 4383 ο
1366 4353 1748 4421 προσήνεγκαν
1779 4355 1973 4406 ἐκεῖνοι
2003 4353 2156 4406 λιϐα-

579 4442 775 4495 νωτόν·
810 4437 1140 4510 προσένεγκε
1167 4437 1230 4488 σὺ
1252 4433 1416 4505 εύχάς
1447 4435 1716 4505 καθαρὰς,
1748 4435 1817 4488 τά
1838 4435 2154 4506 θυμιάματα

580 4526 649 4579 τά
666 4521 1027 4592 πνευματικά·
1055 4520 1434 4592 προσήνεγκαν
1456 4520 1652 4571 ἐκεῖνοι
1678 4517 1952 4589 σμύρναν·
1982 4537 2155 4590 προσ-

583 4611 773 4676 ἐνεγκε
852 4608 915 4658 σὺ
976 4601 1482 4673 ταπεινοφροσύνην
1538 4603 1633 4656 xui.
1686 4605 2158 4675 τεταπεινωμένην

584 4690 812 4762 καρδίαν
841 4689 935 4741 xui
969 4685 1361 4758 ἐλεημοσύνην.
1395 4687 1490 4738 Ἂν
1523 4685 1661 4756 μετά
1693 4686 1898 4739 τούτων
1933 4688 2161 4759 προσέλ-

587 4776 686 4848 θῃς
714 4771 822 4825 τῶν
849 4770 1056 4841 δώρων,
1095 4769 1231 4840 μετά
1276 4769 1460 4832 ἁδείας
1499 4769 1779 4840 ἀπολαύσῃ
1818 4770 2017 4840 πολλῆς
2060 4771 2161 4841 τῆς

589 4858 741 4930 ἱερᾶς
773 4855 975 4925 ταύτης
995 4853 1296 4925 τραπέζης.
1331 4853 1440 4905 Καὶ
1464 4853 1571 4924 γάρ
1595 4852 1706 4922 ἐγὼ
1731 4853 1818 4906 διὰ
1851 4853 2008 4906 τοῦτο
2036 4854 2162 4906 τού-

587 4955 711 5006 τους
741 4938 874 4994 κινῶ
904 4938 1028 5000 τοὺς
1069 4936 1259 5006 λόγους
1300 4937 1415 5000 νῦν,
1444 4937 1631 5008 ἐπειδὴ
1663 4934 1780 4990 οἶδα
1825 4937 1907 4990 ὅτι
1948 4938 2162 5002 πάντως

590 5025 775 5080 πολλοὶ
801 5021 918 5077 κατ’
950 5021 1167 5092 ἐκείνην
1194 5019 1645 5089 προσελεύσονται
1671 5019 1770 5089 τὴν
1799 5021 2033 5090 ἡμέραν,
2069 5020 2162 5073 xui

590 5106 978 5162 ἐπιπεσοῦνται
1008 5107 1074 5176 τῇ
1111 5106 1458 5174 πνευματικῇ
1497 5102 1669 5174 ταύτῃ
1701 5102 1880 5174 θυσία.
1918 5103 2038 5154 Ἵνα
2069 5098 2164 5155 οῦν

594 5192 727 5263 μηδέ
753 5189 846 5242 ἐπὶ
870 5187 1048 5258 κακῷ,
1093 5187 1226 5258 μηδὲ
1255 5187 1348 5239 ἐπὶ
1380 5186 1609 5256 κρίματι
1636 5186 1734 5255 τῆς
1763 5186 2038 5256 ἡμετέρας
2064 5185 2166 5255 qm-

592 5276 694 5347 χῆς
723 5273 880 5326 τοῦτο
906 5271 1170 5341 ποιῶμεν,
1200 5270 1334 5323 ἀλλά
1361 5269 1453 5322 ἐπὶ
1487 5269 1752 5339 σωτηρία,
1787 5267 2035 5320 ἐντεῦθεν
2061 5268 2162 5339 ’ήδη

593 5357 1141 5430 προδιαμαρτύρομαι
1172 5356 1266 5407 xui
1296 5353 1618 5424 παρακαλῶ,
1655 5351 1818 5406 παντὶ
1843 5351 2029 5422 τρόπῳ
2061 5369 2164 5404 κα·-

595 5443 866 5512 θάραντας
895 5441 1119 5503 ἑαυτοὺς
1148 5439 1290 5491 οῦτω
1317 5435 1599 5507 προσιέναι
1621 5438 1732 5499 τοῖς
1762 5437 1926 5505 ἱεροῖς
1960 5451 2166 5506 μυστη-

595 5545 748 5598 ριοις.

665 5645 729 5700 δ’.
753 5645 863 5698 Καὶ
883 5643 956 5714 μή
987 5659 1074 5711 μοι
1102 5641 1304 5710 λεγέτω
1323 5657 1427 5703 τις,
1455 5639 1712 5710 αἰσχύνης
1731 5640 1901 5711 γέμω,
1926 5639 2168 5710 ἁμαρτη-

663 5805 692 5836 "
713 5805 811 5857 Alii
833 5803 1125 5866 προσεδρίας,
1152 5801 1232 5850 alii
1251 5800 1512 5865 προεδρίας.

1224 339 1280 394 S.
1319 339 1604 396 JOANNlS
1643 332 2131 396 CllliYSOSTOMI
2171 331 2487 386 ARCIIIEP.
2530 329 3078 386 CONSTAth-NOP.

3685 324 3789 382 τϋι

2215 447 2398 516 μάτων
2427 445 2535 515 ἔχω
2558 447 2620 498 τὸ
2651 445 2890 506 συνειδὸς
2920 443 3372 514 πεπληρωμένον,
3403 440 3625 510 φορτίον
3670 441 3787 494 ἐπι-

2210 529 2443 600 φέρομαι
2483 529 2811 599 βαρύτατον·
2857 527 3016 598 ἱκανὴ
3056 526 3163 598 γὰρ
3199 525 3307 578 τῶν
3355 526 3516 577 πέντε
3565 523 3790 595 ἡμερῶν

2211 614 2412 668 τούτων
2439 615 2472 682 ή
2497 611 2824 683 προθεσμία,
2850 609 2945 662 ἐὰν
2971 612 3145 681 νήφῃς
3173 611 3264 661 xui
3303 608 3582 679 προσεύχῃ
3624 608 3653 646 ι)
3699 609 3795 660 καὶ

2213 699 2517 769 ἀγρυπνῇς,
2540 696 2601 748 τὸ
2627 695 2759 748 πολὺ
2791 695 2897 746 τῶν
2924 695 3338 765 ἁμαρτημάτων
3363 691 3791 760 ὑποτέμνεσθαι.

2215 784 2306 851 Μὴ
2337 782 2444 850 γάρ
2483 780 2564 830 ὃτι
2601 777 2805 849 βραχὺς
2838 779 2866 830 6
2898 777 3086 848 χρόνος
3119 776 3252 847 ἴδῃς,
3288 775 3400 828 ἀλλ’
3443 777 3626 827 ἐκεῖνο
3667 775 3792 826 σκό-

2216 882 2411 934 πησον,
2437 864 2518 915 ὃτι
2547 862 2930 933 φιλάνθρωπος
2957 863 2985 915 6
3016 862 3323 929 Δεσπότης·
3361 859 3548 928 ἐπειδὴ
3580 860 3675 911 καὶ
3701 859 3803 911 Νι-

2215 949 2422 1004 νευῖται
2450 949 2506 1000 ἐν
2538 949 2716 1018 τρισὶν
2744 947 2979 1017 ἡμέραις
3014 945 3281 1015 τοσαύτην
3311 945 3481 1015 ὀργῆν
3511 944 3798 1014 ἀπεκρού-

2219 1052 2400 1096 σαντο,
2443 1033 2536 1086 xui
2559 1032 2711 1085 οὐδὲν
2750 1031 3059 1084 ἐνεπόδισεν
3095 1033 3127 1100 ή
3165 1031 3257 1083 τοῦ
3299 1029 3494 1100 καιροῦ
3528 1046 3804 1096 στενοχω-

2221 1119 2331 1190 ρία,
2363 1117 2476 1171 ἀλλ’
2508 1117 2728 1185 ἴσχυσεν
2757 1119 2789 1186 ή
2825 1117 2924 1185 τῆς
2961 1114 3140 1184 ψυχῆς
3171 1113 3447 1184 προθυμία
3475 1115 3577 1184 τῆς
3607 1113 3802 1180 φιλαν-

2220 1201 2466 1272 θρωπίας
2505 1198 2876 1270 ἐπιλαϐομένη
2902 1197 2996 1250 τοῦ
3031 1198 3300 1250 Δεσπότου
3332 1198 3390 1249 τὸ
3424 1199 3532 1249 πάν
3560 1197 3808 1266 ἐργάσα-

2221 1286 2366 1341 σθαι.
2389 1285 2496 1338 Καὶ
2529 1286 2562 1354 ἡ
2594 1284 2766 1354 πόρνη
2787 1282 2842 1334 δὲ
2884 1285 2940 1334 ἐν
2973 1281 3199 1351 βραχείᾳ.
3233 1281 3423 1350 καιροῦ
3459 1283 3602 1350 ῥοπῇ
3630 1297 3807 1350 προσ-

2220 1369 2451 1422 ελθοῦσα
2473 1368 2550 1438 τῷ
2578 1365 2819 1438 Χριστῷ,
2849 1366 2917 1418 τά
2945 1365 3122 1432 ὀνείδη
3147 1365 3324 1417 πάντα
3355 1363 3685 1432 ἀπενίψατο,
3709 1366 3806 1414 καὶ

2219 1452 2328 1505 τῶν
2360 1452 2629 1506 Ἰουδαίων
2654 1449 3048 1518 ἐγκαλούντων,
3083 1449 3163 1502 ὅτι
3191 1449 3505 1518 προσήκατο
3542 1446 3641 1498 xui
3673 1463 3805 1515 μετ-

2220 1535 2419 1590 έδωκεν
2459 1536 2596 1605 αὐτῇ
2638 1531 2951 1605 παρρησίας
2986 1531 3255 1598 τοσαύτης
3308 1531 3336 1582 6
3371 1530 3607 1600 Χριστὸς
3632 1571 3647 1590 ,
3679 1531 3806 1592 τοὺς

2225 1621 2324 1691 μὲν
2351 1619 2732 1689 ἐπεστόμισεν,
2765 1617 2979 1685 ἐκείνην
3007 1615 3062 1668 δὲ
3097 1615 3313 1667 πάντων
3346 1613 3666 1676 ἀπαλλάξας
3696 1615 3808 1665 τῶν

2223 1703 2432 1769 κακῶν,
2464 1703 2560 1756 xui
2608 1703 2702 1772 τῆς
2756 1700 2992 1769 σπουδῆς
3020 1697 3417 1767 ἀποδεξάμενος
3439 1739 3454 1761 ,
3490 1696 3664 1759 οῦτως
3699 1701 3809 1748 ἀπ-

2228 1785 2466 1859 έπεμψε.
2502 1785 2568 1838 Τί
2595 1784 2823 1856 δήποτε;
2867 1784 2989 1836 Ὂτι
3028 1783 3164 1852 μετά
3197 1781 3403 1851 θερμῆς
3429 1781 3670 1844 διανοίας
3714 1784 3810 1834 καὶ

2227 1871 2627 1943 πεπυρωμένης
2661 1868 2837 1939 ψυχῆς
2868 1868 2961 1921 καὶ
2988 1867 3214 1936 ζεούσης
3245 1865 3513 1936 προσῆλθε
3545 1865 3807 1926 πίστεως,

2226 1955 2454 2010 καὶτῶν
2483 1955 2654 2022 ἁγίων
2681 1955 2774 2006 xui.
2808 1951 2966 2023 ίερῶν
2995 1951 3219 2004 ἐκείνων
3249 1951 3424 2019 ἥψατο
3451 1949 3651 2007 ποδῶν,
3681 1950 3812 2010 τοὺς

2228 2038 2558 2112 βοστρύχους
2589 2036 2822 2099 λύσασα,
2869 2035 3052 2104 πηγὰς
3083 2033 3331 2103 δακρύων
3372 2035 3435 2084 ἐκ
3469 2033 3574 2084 τῶν
3605 2031 3814 2102 6:90:1-

2232 2123 2350 2195 μῶν
2384 2124 2606 2193 ἀφεῖσα,
2641 2121 2701 2174 τὸ
2730 2119 2900 2190 μύρον
2930 2117 3236 2170 κενώσασα.

2302 2318 2378 2372 Δι’
2407 2310 2482 2370 ὧν
2506 2316 2615 2386 γὰρ
2645 2316 2932 2384 ἐγοήτευσε
2957 2312 3082 2374 τοὺς
3111 2308 3450 2383 ἀνθρώπους,
3479 2305 3568 2386 διά
3601 2305 3840 2378 τούτων.

2230 2402 2299 2458 τὰ
2317 2385 2696 2473 φάρμακαγτῆς
2717 2397 2999 2469 μετανοίας
3012 2393 3396 2448 κατεσκεύασε
3417 2392 3481 2444 δι’
3497 2385 3819 2444 ὧνάνεπτέ-

2237 2505 2375 2558 ρωσε
2400 2487 2498 2548 τὰς
2528 2484 2636 2537 τῶν
2663 2481 2974 2536 ἀκολάστων
2999 2480 3170 2547 ὄψεις,
3196 2477 3283 2530 διὰ
3301 2476 3503 2529 τούτων
3520 2476 3815 2544 ἐδάκρυσε·

2233 2555 2320 2625 διά
2339 2571 2448 2624 τῶν
2466 2567 2616 2640 [499]
2639 2565 2954 2635 πλοκάμων,
2975 2563 3041 2616 δι’
3066 2555 3141 2615 ῶν
3162 2561 3514 2614 ύπεσκέλισεν
3536 2562 3616 2621 εἰς
3633 2561 3821 2628 ἀμαρ-

2235 2656 2354 2709 τίαν
2396 2652 2642 2714 πολλοὺς,
2674 2649 2760 2702 διά
2786 2648 2992 2701 τούτων
3033 2648 3160 2707 τοὺς
3212 2644 3376 2706 πόδας
3427 2644 3680 2712 ἀπέμαξε
3719 2643 3819 2694 τοῦ

2237 2737 2474 2810 Χριστοῦ
2496 2753 2509 2766 ο
2535 2735 2624 2788 διά
2647 2733 2740 2786 τοῦ
2775 2731 2968 2803 μύρου,
2990 2729 3058 2781 δι’
3091 2725 3152 2782 οὗ
3183 2726 3411 2789 πολλοὺς
3434 2725 3704 2786 ἐδελέασε,
3732 2725 3823 2776 διὰ

2238 2802 2425 2876 τούτου
2443 2821 2569 2882 τοὺς
2592 2818 2758 2880 πόδας
2780 2802 2989 2869 ἐκείνου
3007 2813 3216 2882 ῆλειψε.
3244 2811 3352 2862 Καὶ
3375 2812 3437 2862 σὺ
3460 2804 3636 2862 τοίνυν
3658 2810 3724 2862 δι’
3745 2802 3822 2861 ὧν

2239 2905 2564 2976 παρώξυνας
2595 2902 2684 2954 τὸν
2717 2900 2870 2961 Θεὸν,
2904 2897 2991 2950 διὰ
3027 2895 3232 2953 τούτων
3263 2894 3422 2946 ἵλεων
3458 2894 3684 2962 ποίησον
3716 2895 3823 2946 πά-

2241 2991 2342 3043 λιν.
2376 2985 2706 3058 Παρὼξυνας
2741 2983 2904 3036 αὑτὸν
2939 2980 3028 3033 διά
3066 2977 3364 3058 χρημάτωὲθ
3396 2977 3692 3047 ἀρπαγῆς;
3734 2977 3824 3029 διὰ

2241 3073 2446 3126 τούτων
2477 3070 2638 3126 αὑτὸν
2660 3067 3014 3132 κατάλλαξον,
3037 3065 3130 3117 xui
3147 3063 3216 3115 τά
3245 3047 3560 3133 ἁρπαγέντα
3586 3062 3828 3124 ἀπὼὶς

2243 3163 2354 3222 τοῖς
2379 3155 2731 3226 ἠδικημένοις
2750 3193 2763 3215 ,
2791 3151 2884 3205 xui.
2921 3150 3084 3220 ἕτερα
3127 3147 3336 3210 τούτοις
3383 3146 3748 3216 προσεπιδοὺς
3775 3156 3825 3206 ε,

2245 3244 2365 3298 εἰπὲ
2399 3240 2539 3296 κατά
2579 3238 2670 3291 τὸν
2713 3235 3016 3304 Ζακχαῖον·
3060 3230 3358 3300 ἀποδίδωμι
3388 3228 3828 3298 τετραπλασίονα

2243 3325 2318 3383 ῶν
2345 3331 2572 3400 ἦρπασα
2600 3322 2838 3376 πάντων.
2867 3314 3196 3384 Παρώξυνας
3213 3314 3300 3366 διά
3323 3313 3566 3381 γλώττης
3594 3313 3692 3364 καὶ
3712 3312 3826 3365 λοι-

2243 3396 2430 3484 δορίας
2482 3408 2711 3478 ὑϐρίσας
2771 3401 3028 3465 πολλούς;
3082 3399 3368 3465 ἐξιλέωσαι
3429 3396 3518 3449 διὰ
3573 3396 3828 3464 γλώττης

2247 3480 2444 3556 πάλιν,
2485 3493 2651 3562 εύχάς
2707 3487 2954 3557 καθαρὰς
3003 3483 3363 3552 ἀναπέμπων,
3407 3480 3646 3548 εὐλογῶν
3699 3483 3828 3542 τοὺς

2247 3579 2644 3653 λοιδοροῦντας,
2673 3571 3035 3642 ἐγκωμιάζων
3064 3567 3190 3629 τοῦς
3212 3565 3394 3628 κακῶς
3419 3565 3700 3630 λέγοντας,
3732 3567 3831 3634 χά-

2251 3684 2334 3738 ριν
2361 3648 2640 3735 ὁμολογῶν
2676 3659 2790 3716 τοῖς
2826 3653 3092 3707 ἀδικοῦσι.
3125 3649 3310 3703 Ταῦτα
3335 3649 3433 3718 οὐχ
3461 3648 3690 3717 ἡμερῶν
3729 3648 3830 3700 δεῖ.

2247 3731 2358 3810 ται,
2398 3731 2525 3800 ⁷οὐδὲ
2573 3739 2832 3796 ἐνιαυτῶν
2875 3735 3105 3796 πολλῶν,
3145 3733 3280 3787 ἀλλά
3323 3731 3699 3801 προαιρέσεως
3736 3733 3831 3800 μό-

2249 3851 2367 3904 νης,
2402 3833 2496 3885 καὶ
2521 3831 2579 3882 ἐν
2617 3827 2717 3898 μιᾷ
2748 3819 3108 3890 κατορθοῦται
3141 3817 3342 3887 ἡμέρᾳ.
3396 3814 3693 3883 Ἀπόστηθι
3732 3815 3829 3879 τῆς

2251 3915 2536 3988 πονηρίας,
2573 3907 2830 3965 ἐπιλαϐοῦ
2855 3907 2952 3974 τῆς
2977 3903 3195 3974 ἀρετῆς,
3228 3899 3433 3952 παῦσαι
3470 3898 3571 3966 τῆς
3606 3898 3828 3958 κακίας,

2252 4001 2347 4055 xui
2371 3981 2608 4067 ῦπόσχου
2649 3992 2844 4064 μηκέτι
2864 3988 3033 4042 ταῦτα
3062 3987 3252 4047 ποιεῖν,
3275 3983 3368 4035 xui
3383 3984 3542 4052 ἀρκεῖ
3565 3998 3645 4032 σοι
3676 3981 3831 4033 τοῦτο

2252 4088 2330 4148 εἰς
2356 4066 2670 4148 ἀπολογίαν.
2730 4074 2872 4142 Ἐγὼ
2906 4069 3349 4142 διαμαρτύρομαι
3389 4067 3482 4118 xui
3516 4066 3826 4134 ἐγγυῶμαι,

2253 4167 2459 4224 ὅτιτῶν
2483 4160 2905 4234 ἁμαρτανόντων
2926 4154 3081 4226 ἡμῶν
3097 4154 3346 4214 ἕκαστος,
3371 4151 3435 4202 ἂν
3457 4150 3705 4205 ἀποστὰς
3723 4151 3830 4200 τῶν

2253 4231 2536 4325 προτέρων
2570 4231 2755 4300 κακῶν
2793 4241 3095 4309 ὑπόσχηται
3132 4235 3208 4305 τῷ
3245 4234 3363 4302 Θεῴ
3398 4231 3535 4303 μετά
3571 4233 3828 4300 ἀληθείας

2257 4317 2454 4411 μηκέτί
2481 4330 2658 4386 αὐτῶν
2687 4326 2947 4397 ἅψασθαι,
2979 4322 3128 4376 οὐδὲν
3158 4321 3342 4388 ἕτερον
3374 4320 3402 4370 ὁ
3437 4317 3567 4380 Θεὸς
3604 4317 3827 4386 ζητήσει

2255 4401 2391 4492 ἐτρις
2425 4414 2719 4482 ἀπολογίαν
2756 4409 2995 4482 μείζονα.
3028 4405 3409 4475 Φιλάνθρωπος
3445 4402 3554 4471 γάρ
3592 4403 3709 4452 ἐστι
3739 4401 3828 4452 καὶ

2259 4485 2527 4574 ἐλεήμων,
2565 4498 2660 4552 xui
2691 4494 2940 4558 καθάπερ
2971 4493 3004 4561 ή
3033 4489 3294 4543 ὠδίνουσα
3333 4485 3589 4553 ἐπιθυμεῖ
3625 4487 3823 4541 τεκεῖν,

2258 4568 2404 4643 οὕτω
2433 4585 2527 4638 xui
2566 4581 2730 4643 αὐτὸς
2763 4576 3020 4646 ἐπιθυμεῖ
3051 4573 3141 4626 τὸν
3174 4572 3321 4624 ἔλεον
3359 4571 3538 4638 ἐκχεῖν
3579 4568 3671 4619 τὸν
3701 4568 3824 4618 ἐαυ-

2258 4673 2372 4726 τοῦ·
2409 4667 2521 4722 ἁλλ⁹
2554 4667 2610 4719 αἱ
2650 4661 2912 4734 ἁμαρτίαι
2946 4662 2999 4712 αἱ
3038 4657 3303 4728 ἡμέτεραι
3333 4652 3487 4706 τοῦτο
3506 4651 3826 4704 διακόπτου-

2262 4775 2368 4811 σιν.
2414 4733 2718 4818 Ἀνέλωμεν
2754 4745 2932 4797 τοίνυν
2968 4743 3027 4794 τὸ
3061 4741 3281 4808 τειχίον,
3317 4736 3409 4789 xui
3445 4733 3697 4787 ἐντεῦθεν
3733 4735 3827 4802 ἥδη

2259 4842 2359 4910 τῆς
2389 4836 2582 4907 ἑορτῆς
2610 4817 2924 4901 ἀρξώμεθα,
2955 4825 3055 4886 τὰς
3079 4821 3245 4910 πέντε
3268 4819 3480 4910 ήμέρας
3499 4817 3830 4910 ,ταύταςλπᾶο

2264 4900 2346 4979 σιν
2380 4900 2798 4985 ἀπὀταξὰμενοιο
2836 4910 3042 4982 ἐρρέτω
3073 4907 3418 4975 δικαστήρια,
3453 4900 3663 4972 ἐρρέτω
3711 4901 3826 4968 βου-

2261 5006 2544 5075 λευτήρια,
2573 4983 2868 5068 γοίμωζέτω
2904 4990 3130 5075 βιωτικά
3161 4990 3456 5075 πράγματα
3504 4986 3600 5075 xui
3634 4983 3830 5075 σύμϐόο

2262 5093 2389 5146 λαια
2414 5067 2530 5141 "xui
2573 5067 3011 5148 συναλλάγματα·
3052 5073 3151 5144 τὴν
3195 5073 3372 5142 ψυχήν
3424 5086 3522 5139 μου
3574 5067 3828 5137 βούλομαι

2267 5177 2458 5230 σῶσαι.
2494 5171 2555 5225 Τί
2595 5164 2904 5235 ὠφελεῖται
2950 5160 3278 5226 ἅνθρωπος,
3316 5155 3423 5208 ἐὰν
3458 5152 3566 5204 τὸν
3604 5153 3830 5220 κόσμον

2265 5262 2413 5315 ὅλον
2431 5253 2708 5324 κερδιίνῃ,
2737 5248 2852 5316 τὴν
2877 5246 2946 5298 δὲ
2969 5241 3180 5312 ψυχὴν
3201 5238 3386 5324 αὑτοῦ
3409 5235 3682 5324 ζἰημιιέλθῇΣ
3721 5237 3828 5298 Ἐξμ

2265 5344 2426 5416 ἦλθον
2462 5319 2569 5392 ἀπὸ
2599 5332 2855 5405 Περσίδος
2886 5330 2934 5381 oi
2965 5327 3149 5416 μάγοιῖ
3182 5322 3362 5416 ἔξελθε
3386 5319 3618 5416 ,σὺ-ξῶν
3659 5319 3825 5414 βιωῖι-

2265 5402 2378 5482 κῶν
2414 5402 2777 5495 πραγμάτων,
2812 5415 2907 5469 xui
2943 5411 3079 5481 πρὸς
3101 5410 3194 5462 τὸν
3242 5405 3446 5478 Ἰησοῦν
3469 5403 3705 5457 ὄδευσον·
3737 5402 3826 5454 οὐκ

2329 5665 2359 5707 b
2386 5664 2481 5714 Alii
2502 5664 2756 5726 προσέχῃς,
2779 5657 2863 5707 alii
2889 5654 3147 5721 προσεύχῃ.
3178 5651 3392 5711 Utraque
3427 5647 3576 5715 lectio
3602 5642 3827 5706 quadrarv

2338 5739 2349 5766 ί

2271 5736 2489 5840 Wfilin
2508 5784 2754 5850 προσδούς.
2782 5781 2935 5833 Paulo
2963 5783 3072 5843 post
3101 5776 3296 5839 quidam
3321 5786 3431 5822 “‘5'-
3459 5769 3724 5820 ἀπ⁰δ⁸⁴’⁶“³’
