3868 6240
56 363 138 419 es
1135 348 1222 403 or.
1261 344 1486 400 etiam
1524 340 1949 402 PHILOGONIO.
1994 351 2080 405 vr.
3164 368 3252 419 Μ

52 491 142 527 ῖῖηιὶ
171 479 239 524 e3t
275 486 286 520 :
317 481 641 535 nequaquam
671 464 851 518 fuisset
878 462 1194 524 cruciﬁxus.
1225 475 1344 513 nam
1375 461 1474 512 hoc.
1502 467 1583 511 est

47 568 206 616 ’esttnn
248 559 456 613 Pascha!
490 576 502 609 :
540 572 866 626 nequaquam
909 556 1135 609 misisset
1176 555 1428 621 Spiritum
1465 568 1583 605 san-

45 669 182 713 ctum,
211 651 341 720 quod
375 659 456 704 est
496 650 684 703 festum
727 650 1088 702 Pentecostes.
1138 645 1317 714 Itaque
1346 644 1414 698 ab
1445 644 1542 697 hoc
1567 685 1583 710 ,

43 762 120 798 ceu
141 760 165 796 a
194 742 330 796 fonte
367 741 614 810 quopiam
658 733 851 793 diversi
899 738 1041 791 ﬁuvii
1071 778 1086 802 ,
1117 746 1238 791 nata
1280 746 1405 789 sunt
1434 736 1586 790 nobis

44 839 138 887 lut‘c
164 833 305 885 festa.
331 830 527 884 Verum
575 845 679 883 non
723 831 792 883 oh
839 829 938 882 hoc
976 837 1176 882 tantum
1209 843 1304 898 par
1327 837 1408 881 est
1445 827 1585 880 hunc

43 927 156 976 diem
183 922 381 976 cmteris
417 917 664 990 anteponi
687 961 702 986 ,
733 920 824 973 sed
866 921 1023 974 etiam
1053 920 1174 988 quia
1219 919 1362 989 quod
1402 919 1452 973 in
1487 920 1586 974 hoc

43 1027 193 1068 uatum
232 1022 342 1077 est,
369 1014 582 1066 ea'teris
622 1013 868 1067 omnibus
904 1021 988 1066 est
1032 1012 1406 1066 venerabilius.
1451 1011 1583 1064 Nam

43 1106 155 1173 quod
177 1104 408 1158 Christus
432 1103 588 1156 homo
611 1102 798 1163 factus,
821 1105 888 1155 sit
911 1111 1166 1166 mortuus,
1190 1103 1584 1171 consequentia:

43 1198 279 1265 cujusdam
313 1195 409 1250 fuit
441 1214 453 1249 :
483 1197 606 1250 licet
634 1197 774 1249 enim
823 1197 1024 1249 nullum
1067 1195 1283 1248 omnino
1311 1203 1582 1263 peccatum

43 1297 394 1356 jeerpetrasset,
425 1288 644 1341 mortale
671 1298 847 1340 tamen
878 1302 1072 1356 corpus
1099 1297 1459 1354 assumpserat
1487 1301 1501 1337 :
1529 1294 1594 1366 et.

43 1392 130 1433 erat
163 1381 364 1449 quidem
391 1380 490 1432 hoc
520 1381 882 1433 admirandtnn
932 1397 944 1432 :
989 1389 1235 1433 creterum
1271 1378 1410 1448 quod
1446 1379 1582 1432 Deus

43 1488 137 1523 rem
164 1481 334 1534 esset,
367 1473 590 1525 voluerit
621 1472 779 1524 bmno
809 1474 921 1525 ﬁeri
947 1513 961 1534 ,
996 1482 1304 1541 tantumque
1343 1485 1461 1525 sese
1489 1472 1582 1525 de—

43 1564 220 1616 mittere
261 1557 588 1624 sustinuerit,
613 1570 866 1630 quantum
913 1578 978 1616 ne
1015 1563 1332 1629 cogitatione
1367 1563 1578 1632 quidem

43 1653 279 1720 eomplecti
306 1666 468 1720 queas
488 1692 503 1717 ,
533 1653 632 1706 hoc
675 1664 756 1705 est
791 1654 1028 1706 omnium
1073 1654 1302 1707 maxime
1327 1669 1580 1707 reveren-

44 1745 138 1795 lunt
165 1786 176 1805 ,
203 1745 534 1813 stuporisque
574 1744 807 1813 plcitum.
849 1744 1001 1812 Quod
1037 1745 1252 1813 quidem
1292 1753 1346 1798 et
1387 1745 1581 1799 Paulus

44 1834 272 1887 idinimns
298 1835 507 1888 dicebat
530 1876 544 1897 ,
578 1833 646 1888 Et
686 1837 949 1907 manifeste
983 1853 1218 1906 magnum
1248 1837 1443 1908 pietatis
1471 1853 1582 1906 my-

43 1927 209 1977 rtei-ium
235 1927 252 1995 (
274 1929 320 1978 Ι.
359 1926 488 1980 Tim.
518 1927 569 1980 '5.
616 1927 682 1980 16
701 1927 738 1997 ).
764 1927 913 1994 Quod
940 1929 1229 1997 magnum?
1258 1929 1394 1982 Deus
1418 1930 1582 1982 niani-

43 2018 214 2068 festatus
238 2017 286 2068 in
313 2032 480 2068 carne.
513 2019 587 2071 Ac
615 2032 822 2071 rursum
867 2018 987 2071 alibi
1023 2037 1036 2070 :
1071 2016 1192 2071 Non
1217 2019 1347 2072 enim
1374 2019 1579 2088 angelos

44 2107 330 2175 ippreltendit
389 2106 524 2162 Deus
547 2148 563 2174 ,
612 2109 699 2162 sed
759 2126 923 2162 semen
968 2110 1183 2163 Abrahae
1224 2111 1578 2178 apprehendit.

43 2199 159 2252 Unde
183 2199 340 2250 debuit
384 2215 470 2268 per
495 2200 664 2252 omnia
706 2199 948 2268 fratribus
982 2201 1254 2254 assimilari
1291 2200 1485 2268 (Hebr.
1519 2201 1575 2254 2.

43 2294 103 2344 Ili.
147 2291 259 2357 Π).
296 2291 515 2359 Propter
560 2291 659 2346 hoc
700 2293 1034 2362 potissimum
1073 2294 1364 2361 amplector
1388 2294 1578 2363 diligo-

46 2385 262 2448 piediem
293 2387 455 2449 hunc,
481 2392 535 2437 et
564 2400 797 2437 amorem
828 2386 942 2452 ejus
973 2387 1022 2438 in
1056 2386 1283 2439 medium
1315 2403 1574 2456 propono,

47 2485 77 2524 tt
116 2491 199 2527 vos
243 2475 399 2542 hujus
452 2476 732 2545 participes
789 2478 1003 2530 reddant
1039 2495 1050 2528 :
1083 2495 1253 2548 eoque
1306 2494 1436 2548 rogo
1481 2492 1577 2531 vos

45 2582 188 2620 mines
207 2568 554 2638 ubsccroque,
582 2583 789 2622 summo
810 2569 984 2622 studio
999 2583 1308 2638 summaque
1325 2585 1444 2624 cum
1467 2570 1578 2624 ala-

44 2660 189 2713 :ritate
217 2660 388 2713 velitis
417 2659 624 2726 adesse,
655 2660 747 2715 sed
778 2661 920 2730 prius
949 2677 1096 2715 suam
1120 2663 1342 2732 quisque
1362 2663 1574 2717 domum

44 2759 218 2802 "vacttcl
240 2792 254 2815 ,
281 2759 338 2803 ut
364 2750 633 2804 videamus
674 2753 956 2806 Dominum
988 2765 1227 2807 nostrum
1258 2754 1308 2807 in
1353 2755 1575 2824 prtesepi

47 2852 258 2894 arentem
289 2858 350 2895 ac
379 2843 554 2896 fasciis
579 2843 891 2907 involutum,
921 2846 1254 2900 tremendum
1281 2861 1343 2900 ac
1368 2856 1579 2914 stupen-

44 2934 132 2986 luin
160 2937 533 3003 spt-cmculum.
563 2937 695 3002 Quid
726 2938 866 2991 enim
895 2939 1284 3004 excusahimus,
1308 2949 1399 2993 aut
1417 2955 1573 3008 quam

43 3026 205 3078 reniam
233 3026 605 3090 obtinebimus,
633 3027 678 3082 si
700 3044 816 3082 cum
847 3031 957 3098 ipse
985 3032 1151 3084 nostri
1180 3045 1335 3085 causa
1355 3031 1573 3086 descen-

43 3117 140 3170 lcrit
166 3137 193 3172 e
218 3120 394 3184 caelis,
426 3137 521 3174 nos
547 3121 610 3173 ad
657 3122 799 3175 illum
832 3123 914 3177 vel
958 3139 1020 3177 ex
1052 3124 1254 3180 :edibus
1281 3125 1359 3178 ire
1385 3140 1575 3194 grave-

44 3211 160 3260 nur?
198 3225 312 3262 cum
368 3211 678 3280 alienigena:
721 3212 1034 3283 barbarique
1074 3214 1206 3284 Magi
1250 3229 1316 3269 ex
1365 3215 1576 3270 Perside

44 3311 309 3364 recurrant,
345 3309 403 3354 ιιι
432 3302 574 3355 illum
618 3304 828 3358 videant
857 3305 909 3358 in
942 3307 1162 3374 prmsepi
1191 3307 1452 3373 jacentem
1475 3347 1489 3370 ,
1520 3315 1575 3360 tu

43 3405 135 3442 rem
175 3393 257 3457 qni
301 3392 630 3446 Christianus
676 3410 734 3447 es
781 3410 845 3447 ne
889 3396 1050 3448 breve
1094 3395 1304 3464 quidem
1347 3398 1573 3465 spatium

43 3483 202 3536 emetiri
232 3485 518 3547 sustineas,
553 3497 607 3538 ut
637 3485 736 3539 hoc
763 3487 898 3540 felici
925 3489 1226 3556 spectaculo
1253 3488 1576 3556 perfruaris?

43 3574 134 3626 iam
169 3577 208 3628 si
237 3593 356 3630 cum
389 3577 490 3632 ﬁde
533 3579 912 3632 accesserimus
933 3619 947 3640 ,
977 3581 1159 3647 procul
1188 3579 1348 3633 dubio
1373 3580 1575 3634 videbi-

43 3683 123 3718 nus
148 3669 286 3722 illum
311 3669 365 3722 in
392 3671 616 3740 praesepi
640 3669 923 3739 jacentem.
957 3671 1225 3741 Siquidem
1257 3671 1370 3726 hate
1393 3686 1574 3727 mensa

43 3759 166 3811 'it'em
187 3761 361 3828 explet
389 3761 657 3830 praesepis.

81 3850 259 3920 Corpus
288 3853 604 3906 Dominicum
633 3855 685 3907 in
718 3838 991 3924 Mysteriis.
1021 3887 1092 3896 —
1117 3856 1250 3911 Nam
1283 3866 1336 3911 et
1365 3858 1452 3912 hic
1479 3874 1578 3930 po-

43 3954 158 3997 ICllll'
183 3960 375 4014 corpus
397 3947 757 4011 dominicum,
792 3965 893 4001 non
923 3949 1132 4018 quidem
1162 3948 1340 4005 fasciis
1365 3951 1574 4006 involu-

44 4049 117 4085 um
137 4036 284 4089 sicuti
315 4046 462 4098 tunc,
493 4036 585 4090 sed
611 4037 840 4107 undique
866 4039 1062 4106 Spiritu
1089 4052 1272 4095 sancto
1300 4043 1573 4097 vestitum.

43 4125 103 4187 jui
132 4127 392 4195 mysteriis
424 4127 612 4181 initiati
639 4137 758 4182 Sunt
778 4169 794 4192 ,
829 4129 1121 4199 intelligunt
1148 4146 1267 4198 qure
1306 4132 1573 4188 dicuntur.

43 4233 83 4269 lc
107 4217 229 4288 Magi
255 4219 472 4288 quidem
504 4220 632 4273 nihil
657 4221 795 4274 aliud
820 4237 974 4289 quam
1004 4223 1310 4292 adorarunt,
1331 4225 1428 4281 tibi
1451 4243 1576 4281 vero

45 4307 55 4357 i
82 4323 190 4361 cum
220 4325 349 4378 pura
383 4313 673 4365 accesseris
693 4314 1014 4367 conscientia
1037 4353 1054 4371 .
1087 4315 1487 4382 permittemus,
1518 4328 1578 4372 ut

44 4414 195 4458 uiuas,
214 4409 494 4470 etsumpto
513 4402 728 4457 domum
755 4403 934 4458 abeas.
959 4406 1164 4460 Accede
1192 4406 1348 4475 igitur
1369 4416 1420 4461 tu
1445 4424 1578 4478 quo-

51 4508 107 4544 ue
131 4510 344 4549 munera
371 4495 602 4550 oﬂ'erens
622 4538 635 4553 .
669 4512 771 4548 non
798 4497 970 4565 qualia
995 4497 1305 4554 deferebant
1342 4501 1438 4562 illi,
1480 4500 1575 4555 sed

44 4584 166 4637 multo
203 4585 561 4656 religiosiura.
607 4587 924 4643 Oluulernnt
966 4590 1040 4643 illi
1087 4605 1270 4645 aurum
1297 4632 1312 4656 ,
1359 4593 1492 4647 otl‘er
1523 4604 1572 4648 tu

43 4679 402 4742 emperantiam
431 4694 494 4732 ac
521 4679 765 4734 virtutem
799 4696 812 4733 :
837 4679 1140 4735 obtulerunt
1167 4683 1239 4736 illi
1272 4683 1410 4747 thus,
1445 4684 1578 4738 oﬂ'er

43 4782 63 4816 ιι
93 4782 239 4835 puras
286 4784 476 4838 preces
498 4811 514 4836 ,
564 4786 682 4839 qure
717 4780 842 4825 sunt
877 4771 1217 4828 odoramenta
1265 4774 1579 4843 spiritualia:

44 4859 304 4915 .htulcrunt
332 4862 406 4915 illi
438 4861 731 4933 myrrham.
759 4864 891 4918 oll‘er
915 4873 966 4917 tu
1000 4864 1369 4930 humilitatem,
1404 4875 1457 4920 et
1482 4881 1576 4920 eor

46 4951 319 5008 ubntissum
349 4970 470 5010 eum
499 4955 857 5027 eleemosyna.
889 4956 1036 5022 Quod
1063 4960 1106 5012 si
1136 4957 1281 5012 hisee
1305 4973 1422 5012 emn
1461 4975 1578 5012 mu-

43 5045 215 5099 zcribus
252 5048 550 5101 accesseris
573 5088 588 5110 ,
623 5049 785 5101 multa
817 5064 936 5103 cum
963 5049 1149 5102 ﬁducia
1183 5051 1448 5120 particeps
1472 5052 1579 5105 eris

43 5137 157 5201 mjus
200 5152 372 5193 sacrae
417 5154 636 5192 mensae.
694 5139 825 5194 Nam
875 5140 988 5195 hzcc
1034 5139 1156 5195 ideo
1184 5156 1324 5196 nunc
1363 5143 1573 5210 loquor,

43 5228 142 5291 laud
172 5231 336 5283 sciam
379 5239 528 5284 certo
566 5231 795 5284 futurum
820 5272 836 5297 ,
880 5240 938 5284 ut
967 5231 1020 5284 in
1052 5231 1138 5284 illa
1166 5232 1252 5285 die
1281 5234 1579 5302 complures

44 5317 258 5373 accedant
307 5321 618 5390 irruantque
645 5321 711 5376 ad
753 5322 1017 5375 victimam
1055 5322 1192 5376 hanc
1228 5322 1578 5392 Spiritualem.

43 5408 166 5472 gitur
203 5427 271 5466 ne
317 5412 574 5466 faciamus
597 5412 663 5467 ad
693 5412 1068 5468 detrimentum
1097 5423 1151 5469 et
1179 5416 1579 5470 condemnatio-

43 5516 129 5554 iem
152 5503 345 5558 animze
377 5514 572 5560 nostra:
596 5547 612 5568 ,
654 5505 748 5560 sed
785 5505 851 5559 ad
889 5505 1110 5561 salutem
1145 5524 1157 5560 :
1185 5506 1294 5576 jam
1325 5525 1463 5563 nunc
1487 5509 1584 5563 ob-

43 5603 172 5647 ecstor
197 5595 529 5667 obsecroque
551 5637 568 5664 ,
601 5605 660 5651 ut
683 5597 934 5652 omnibus
962 5599 1134 5654 modis
1170 5603 1464 5672 repurgati,
1512 5603 1582 5657 ita

43 5688 216 5738 ictuum
240 5701 394 5741 sacra
423 5688 624 5743 adeatis
653 5689 924 5750 mysteria.

84 5777 131 5831 4.
156 5777 278 5834 Cum
309 5795 426 5836 vera
457 5781 746 5853 pauitantia
770 5779 905 5836 brevi
928 5791 1088 5852 potest
1111 5785 1413 5859 conscientia
1431 5805 1580 5845 mnu-

1691 456 1820 510 dari.
1852 488 1923 498 —-
1950 461 2128 532 Neque
2152 466 2279 519 mihi
2307 469 2584 538 quisquam
2605 473 2821 537 dixerit.
2857 492 3064 541 vereor,
3090 478 3265 532 baheo

1689 553 2066 608 conscientiam
2111 560 2338 623 peccatis
2381 563 2646 629 oppletam
2672 607 2686 627 ,
2735 569 2998 622 sarcinam
3039 571 3267 624 cireum-

1691 640 1802 693 fero
1824 645 2210 712 gravissimam.
2265 648 2471 704 Sufﬁcit
2500 654 2641 707 enim
2674 656 2860 711 borum
2888 660 3121 728 quinque
3147 662 3264 714 die—

1691 750 1803 786 rum
1833 747 2058 806 tempus,
2087 739 2129 791 si
2156 739 2364 795 sobrius
2384 741 2565 808 fueris,
2587 747 2631 799 si
2659 750 2911 811 oraveris,
2942 751 2984 804 si
3011 752 3262 818 vigilave-

1691 825 1782 889 ris,
1805 838 1860 879 nt
1879 831 2262 884 multitudinem
2282 847 2615 902 peccatorum
2637 839 3264 898 reddasContractiorcm.

1691 915 1794 969 Nec.
1827 918 1948 969 illud
1989 922 2252 988 perpende
2278 924 2416 992 quod
2447 925 2607 980 breve
2633 938 2838 997 tempus
2858 941 2978 996 est;
3010 935 3102 987 sed
3137 936 3260 988 illud

1688 1008 1962 1060 considera
1996 1012 2133 1078 quod
2181 1015 2439 1084 benignus
2478 1027 2561 1071 est
2602 1019 2872 1075 Deininus.
2922 1022 3263 1094 Quandoqui-

1687 1096 1804 1154 dem
1829 1109 1880 1151 et
1905 1099 2147 1156 Ninivitze
2198 1105 2352 1158 tridui
2399 1109 2586 1180 spatio.
2616 1118 2812 1163 tantam
2844 1111 2973 1165 iram
3009 1114 3098 1167 Dei
3130 1131 3158 1166 a
3205 1133 3264 1169 se

1687 1187 2005 1255 depulerunt
2029 1233 2044 1257 ,
2089 1208 2187 1246 nec
2213 1194 2416 1250 obstitit
2443 1197 2550 1251 illis
2582 1203 2831 1268 temporis
2858 1204 3093 1270 angustia
3121 1247 3134 1262 ,
3167 1208 3262 1259 sed

1685 1279 1844 1331 animi
1878 1283 2257 1350 promptitndo,
2285 1287 2612 1356 amplectens
2632 1291 2833 1344 Domini
2862 1293 3260 1361 benignitatem,

1687 1379 1852 1422 totum
1885 1389 2134 1441 peragere
2159 1377 2320 1428 valuit
2347 1377 2491 1448 (Jun.
2527 1381 2602 1448 5).
2636 1382 2697 1434 Et
2724 1385 2970 1436 meretrix
3003 1385 3089 1439 illa
3115 1386 3260 1441 brevi

1686 1466 1937 1531 temporis
1978 1478 2282 1534 momento,
2339 1486 2459 1524 cum
2499 1473 2564 1524 ad
2606 1468 2872 1528 Christum
2918 1480 3257 1541 accessisset,

1683 1556 1858 1608 omnia
1888 1558 2076 1624 probra
2105 1559 2258 1612 diluit
2283 1562 2436 1628 (Luc.
2466 1564 2539 1632 7).
2569 1566 2703 1630 Quin
2734 1577 2787 1620 et
2819 1569 3261 1640 calumniantibus

1683 1644 1900 1707 Judaeis.
1927 1648 2067 1716 quod
2100 1650 2239 1703 illam
2268 1652 2589 1717 admisisset,
2623 1665 2924 1726 tantamque
2951 1662 3264 1728 praebuisSet

1684 1729 1967 1794 ﬁduciam,
2014 1733 2261 1789 Christus
2307 1737 2410 1789 illis
2436 1741 2646 1807 quidem
2690 1743 2959 1796 silentium
2993 1747 3260 1814 imposuit,

1684 1820 1820 1875 hanc
1849 1839 1974 1877 vero
2003 1826 2154 1880 malis
2178 1829 2425 1882 omnibus
2467 1831 2742 1886 liberatam
2766 1876 2779 1896 ,
2810 1837 3260 1908 comprobatoque

1682 1911 1825 1968 illius
1848 1915 2044 1980 studio,
2087 1919 2153 1970 ita
2185 1918 2399 1972 donum)
2427 1923 2650 1975 remisit.
2699 1925 2833 1993 Qujd
2881 1926 2948 1979 ita
2997 1931 3254 1989 tandem?

1684 2005 1941 2070 Quoniam
1971 2007 2190 2063 ferventi
2229 2011 2424 2075 animo,
2457 2022 2511 2067 et
2538 2015 2778 2085 ﬂagranti
2804 2020 2985 2082 corde,
3025 2021 3262 2075 ardenti-

1683 2111 1786 2165 que
1823 2099 2048 2152 accessit
2091 2101 2194 2154 ﬁde
2217 2141 2232 2163 ,
2270 2113 2588 2174 sanctosque
2631 2107 2746 2160 illos
2786 2124 2847 2162 ac
2882 2125 3062 2165 sacros
3090 2113 3262 2181 attigit

1681 2188 1862 2256 pedes,
1894 2191 2077 2244 solutis
2106 2193 2328 2259 capillis,
2363 2193 2593 2250 fontibus
2621 2198 2973 2268 lacrymarum
3001 2218 3066 2256 ex
3095 2206 3261 2258 oculis

1680 2281 1890 2335 emissis
1912 2323 1926 2344 ,
1957 2297 2223 2352 unguento
2252 2285 2484 2353 profuso.
3127 2351 3130 2353 Α

1754 2373 2069 2430 Paenitentia:
2095 2380 2292 2430 modus.
2333 2409 2406 2420 --
2454 2381 2663 2436 Etenim
2706 2399 2801 2451 per
2837 2403 2955 2455 qua-
2983 2388 3262 2458 deceperat

1681 2463 1957 2531 homines,
2003 2485 2098 2537 per
2131 2471 2315 2524 eadem
2360 2476 2560 2540 paravit
2603 2479 2834 2531 remedia
2889 2482 3257 2548 pamitentim:

1680 2571 1776 2624 per
1813 2574 1929 2625 quas
1958 2573 2203 2614 avocaret
2231 2563 2412 2615 oculos
2455 2565 2949 2635 intemperantiam,
3004 2589 3100 2640 per
3148 2575 3261 2628 lure

1680 2652 1853 2706 emisit
1880 2655 2139 2725 lacrymas
2171 2673 2182 2708 :
2207 2672 2302 2725 per
2329 2658 2549 2726 capillos
2575 2671 2689 2733 arte
2713 2664 3036 2732 compositos
3066 2667 3259 2720 multos

1682 2743 1922 2798 illexerat
1963 2745 2026 2798 ad
2060 2758 2328 2814 peceatum
2355 2789 2370 2810 ,
2415 2765 2507 2817 per
2546 2751 2760 2804 eosdem
2812 2754 2974 2822 pedes
3009 2756 3260 2811 abstersit

1680 2833 1891 2888 Christi.
1937 2835 2215 2905 Unguento
2257 2841 2448 2892 multos
2491 2840 2791 2904 inescarat,
2845 2860 2930 2911 per
2964 2845 3064 2899 hoc
3099 2848 3259 2916 pedes

1681 2926 1822 2980 illius
1849 2927 2018 2980 unxit.
2064 2928 2297 2984 Proinde
2327 2942 2380 2986 et
2416 2940 2468 2984 tu
2498 2948 2636 2986 nunc
2663 2935 2857 3002 quibus
2886 2937 3043 2992 rebus
3068 2954 3259 3006 provo-

1679 3021 1811 3073 casti
1841 3020 2028 3084 Deum,
2058 3036 2153 3089 per
2182 3020 2277 3076 has
2305 3039 2513 3078 rursum
2541 3024 2698 3079 facito
2728 3027 3030 3095 propitium.
3062 3030 3261 3085 Provo~

1679 3115 1812 3165 casti
1869 3113 2012 3166 illum
2069 3114 2408 3182 pecuniarum
2464 3117 2676 3184 rapina,
2725 3133 2819 3186 per
2861 3119 3079 3174 easdem
3110 3121 3258 3176 illum

1680 3205 1960 3257 reconcilia
1987 3245 2002 3264 ,
2054 3219 2281 3275 cumque
2321 3215 2376 3260 et
2416 3217 2564 3276 rapta
2609 3211 2911 3264 restitueris
2945 3213 3086 3280 illis,
3129 3230 3262 3283 quos

1681 3293 1870 3363 injuria
1895 3293 2185 3362 alieceras,
2215 3305 2268 3352 et
2307 3298 2409 3352 alia
2470 3299 2687 3368 insuper
2733 3302 3004 3358 addideris
3027 3345 3042 3368 ,
3094 3305 3258 3360 dicito

1677 3386 1830 3456 juxta
1885 3384 2165 3441 Zachaaum
2198 3406 2212 3442 :
2242 3389 2406 3444 reddo
2439 3391 2454 3422 ³
2487 3393 2744 3457 omnium,
2772 3409 2892 3462 qua:
2926 3397 3095 3464 rapui,
3127 3413 3259 3466 qua-

1679 3477 1923 3546 druplum
1955 3477 2106 3549 (Luc.
2138 3479 2228 3534 l9.
2265 3480 2344 3548 8).
2395 3481 2697 3537 Provoeasti
2741 3484 2916 3553 lingua
2945 3495 2999 3540 et
3037 3488 3259 3542 maledi-

1679 3572 1890 3638 centia,
1937 3573 2118 3626 multis
2160 3575 2478 3628 contumelia
2523 3575 2761 3640 affectis,
2805 3578 3037 3632 vicissim
3083 3579 3260 3648 lingua

1680 3664 1888 3733 placato
1910 3705 1925 3730 ,
1969 3679 2128 3734 puras
2157 3665 2408 3721 emittens
2437 3681 2652 3735 preces,
2682 3668 3001 3723 benedicens
3031 3671 3259 3725 maledi-

1679 3756 1943 3818 centibus,
1973 3755 2194 3811 laudans
2217 3759 2596 3826 vituperantes,
2616 3759 2814 3827 gratias
2835 3775 2998 3829 agens
3014 3761 3258 3828 injuriam

1680 3847 2046 3902 inferentibus.
2097 3848 2220 3901 llzec
2247 3863 2350 3901 non
2378 3858 2536 3916 egent
2568 3849 2748 3903 multis
2787 3851 2975 3906 diebus
3003 3853 3248 3915 annisve,

1679 3938 1774 3993 sed
1797 3939 1912 3992 solo
1939 3939 2099 3992 animi
2128 3940 2398 4008 proposito
2417 3979 2433 4004 ,
2484 3949 2538 3994 et
2584 3941 2741 3994 unico
2769 3941 2857 3996 die
2893 3942 3256 4011 perﬁciuntur.

1684 4030 1904 4085 Discede
1929 4047 1958 4085 a
1986 4032 2126 4084 malo
2145 4068 2162 4096 ,
2206 4032 2450 4086 virtutem
2480 4033 2800 4102 amplectere
2818 4075 2832 4101 ,
2864 4036 3061 4091 desiste
3079 4051 3108 4090 a
3136 4053 3258 4107 pra-

1678 4124 1879 4178 vitate:
1915 4123 2161 4192 pollicere
2191 4132 2240 4177 te
2281 4123 2499 4192 posthac
2543 4125 2642 4179 ista
2686 4141 2790 4180 non
2829 4128 3255 4195 connnissurum,

1679 4226 1733 4270 et
1759 4216 1896 4270 istud
1939 4215 2167 4270 sufﬁciet
2201 4215 2264 4269 ad
2295 4215 2708 4270 excusationem.
2763 4217 2876 4286 Ego
2909 4219 3163 4274 testiﬁcor
3199 4237 3261 4276 ac

1681 4311 1944 4380 lidejubco
1987 4308 2134 4372 fore,
2163 4318 2218 4362 ut
2255 4309 2299 4362 si
2349 4317 2589 4364 nostrum
2628 4309 2850 4380 quisque
2888 4316 2976 4380 qui
3031 4314 3262 4382 peccatis

1681 4403 1892 4456 obnoxii
1933 4416 2118 4455 sumus
2147 4400 2403 4454 recedens
2429 4415 2458 4453 a
2491 4401 2727 4469 pristinis
2753 4402 2937 4469 malis,
2977 4419 3044 4458 ex
3079 4405 3260 4458 animo

1682 4511 1908 4564 vereque
1956 4496 2223 4564 promittat
2261 4495 2369 4548 Deo
2411 4509 2470 4548 se
2514 4505 2694 4562 postea
2742 4511 3024 4565 numquam
3063 4497 3128 4550 ad
3174 4497 3262 4552 illa

1680 4591 1992 4652 rediturum,
2028 4589 2158 4646 nihil
2186 4587 2325 4640 aliud
2356 4588 2492 4640 Deus
2519 4588 2749 4658 requiret
2770 4588 2835 4642 ad
2862 4591 3260 4646 excusationem

1681 4683 1958 4747 majorem.
1991 4679 2252 4748 Bcnignus
2277 4679 2417 4732 enim
2447 4687 2563 4741 est,
2589 4687 2644 4732 et
2666 4680 3108 4747 quemadmodum
3141 4698 3264 4751 par-

1682 4775 1885 4829 turiens
1908 4773 2053 4841 cupit
2081 4773 2206 4825 eniti
2250 4772 2409 4826 fetum
2436 4813 2451 4834 ,
2495 4771 2563 4824 ita
2610 4780 2664 4825 et
2699 4772 2785 4826 ille
2824 4773 2968 4841 cupit
2992 4772 3262 4829 effundere

1682 4884 1831 4923 suam
1860 4865 2274 4921 misericordiam
2310 4881 2324 4918 :
2356 4865 2448 4918 sed
2479 4864 2552 4918 illi
2581 4864 2791 4918 obstant
2819 4876 3032 4932 peccata
3057 4876 3256 4920 nostra.

1684 4961 1964 5014 Diruamus
1990 4958 2145 5027 igitur
2171 4957 2474 5019 maCeriam,
2497 4965 2656 5023 atque
2678 4971 2742 5008 ex
2768 4955 2868 5008 hoc
2892 4955 2998 5023 jam
3020 4965 3259 5024 tempore

1684 5054 1876 5108 festmn
1905 5053 2259 5121 auspicemur,
2289 5049 2452 5101 hosce
2473 5047 2583 5101 dies
2601 5047 2831 5116 quinque
2853 5035 3077 5114 negotiis
3101 5048 3267 5100 muni-

1687 5147 1784 5201 bus
1811 5145 1986 5199 valere
2013 5144 2173 5212 jussis
2195 5183 2209 5205 ,
2243 5141 2414 5194 valeat
2445 5139 2614 5192 forum
2640 5181 2652 5198 ,
2680 5139 2850 5192 valeat
2878 5139 3025 5191 curia
3050 5180 3062 5202 ,
3097 5138 3265 5193 fat-es-

1629 5234 1649 5254 ¹’
1686 5246 1804 5292 sant
1849 5235 2130 5289 mundana:
2179 5247 2321 5286 curae
2369 5245 2487 5284 cum
2537 5229 2704 5298 pactis
2751 5236 2804 5282 et
2853 5231 3260 5283 contractibus:

1685 5331 1912 5384 animam
1939 5343 2108 5381 meam
2139 5339 2352 5381 scrvare
2389 5323 2563 5392 cupio.
2601 5323 2735 5386 Quid
2773 5323 2972 5392 prodest
3005 5323 3194 5376 homini
3220 5325 3267 5376 si

1685 5431 1841 5475 torum
1868 5419 2109 5471 mundam
2135 5419 2354 5469 lucretur
2373 5455 2387 5476 ,
2429 5414 2611 5465 anima:
2646 5429 2758 5466 vero
2786 5429 2891 5466 sum
2918 5414 3264 5467 detrimentum

1688 5513 1910 5583 patiatur
1937 5508 2146 5581 (Matth.
2171 5507 2253 5560 16.
2277 5503 2406 5573 ‘26)?
2430 5503 2640 5574 Egressi
2667 5512 2789 5557 sunt
2814 5519 2841 5555 a
2874 5503 3088 5557 Perside,
3110 5503 3264 5572 Magi,

1687 5603 1942 5676 egredere
1985 5611 2039 5656 tu
2069 5616 2098 5654 e
2129 5594 2460 5666 temporariis
2505 5593 2764 5666 negotiis,
2808 5593 2874 5650 ad
2913 5593 3092 5651 Jesum
3141 5612 3260 5665 pru-

1757 5799 1774 5832 ί
1809 5795 2003 5858 Quidam
2025 5800 2152 5854 tttss.,
2179 5789 2400 5842 reddam.
