3868 6286
147 347 242 406 753'

143 471 248 524 ἐστι
279 467 414 521 πολὺ
444 467 506 520 τὸ
533 469 720 540 μέσον,
763 469 828 522 ἂν
863 469 1155 539 ἐθέλωμεν.
1203 470 1276 522 Ού
1320 468 1428 539 γὰρ
1464 468 1698 534 πέλαγος

141 551 344 620 ἀνάγκη
373 551 722 620 διαπερᾶσαι,
763 551 884 604 ούδέ
916 551 1060 620 ὀρῶν
1093 551 1390 621 ὑπερϐῆναι
1434 551 1696 621 κορυφὰς,

141 634 245 689 ἀλλ’
276 633 410 688 οἴκοι
441 633 766 704 καθήμενον,
801 633 1084 687 εὐλάϐειαν
1122 632 1560 702 ἐπιδεικνύμενον
1606 633 1700 684 καὶ⁵

141 717 330 787 πολλὴν
373 717 471 786 τὴν
492 715 802 780 κατάνυξιν,
833 715 978 768 ἔστιν
1007 717 1132 768 ἰδεῖν
1167 729 1194 755 ιι
1225 715 1372 768 ἅπαν
1399 713 1699 768 καταλῦσαι

138 801 194 855 τὺ
239 802 454 869 τειχίον,
501 801 708 852 ἀνελεῖν
765 800 826 850 τὸ
865 799 1110 868 κώλυμα,
1151 801 1418 852 συστεῖλαι
1451 799 1550 868 τῆς
1579 798 1698 850 ὁδοῦ

140 886 193 937 τὸ
225 885 412 954 μῆκος·
445 884 589 948 Θεὸς
621 885 730 950 γὰρ
752 880 992 951 ὲγγίᾷον
1013 883 1125 952 ἐγώ
1149 886 1284 952 εἰμι,
1318 883 1470 952 φησὶ,
1501 883 1597 934 καὶ
1627 883 1700 933 οὺ

140 970 276 1033 Θεὸς
329 968 650 1034 πόῤῥωθεν·
707 970 823 1029 καὶ,
877 966 1088 1035 Ἐγτὺς
1137 970 1351 1034 Κύριος
1387 965 1536 1020 πᾶσι
1576 964 1700 1030 τοῖς

137 1049 626 1118 ἐπικαλουμένοις
665 1050 852 1102 αὐτὸν
895 1049 966 1101 ἐν
1017 1051 1286 1116 ἀληθείᾳ.
1340 1048 1454 1100 Νῦν
1509 1047 1566 1100 δὲ
1621 1049 1700 1111 είς

137 1133 350 1186 τοσοῦτο
396 1133 581 1195 ἀνοίας
615 1133 707 1184 καὶ
746 1134 1207 1202 καταφρονήσεως
1239 1132 1424 1185 πολλοὶ
1471 1132 1579 1184 τῶν
1611 1149 1700 1184 πι-

141 1218 274 1270 στῶν
313 1216 660 1286 ἐληλάκασιν,
701 1216 776 1278 ὼς
813 1217 911 1268 καὶ
947 1217 1154 1285 μυρίων
1192 1217 1450 1285 γέμοντες
1493 1215 1696 1281 κακῶν,

139 1301 223 1354 καὶ
275 1298 540 1370 μηδεμίαν
582 1297 716 1360 ὅλως
757 1297 964 1350 ἑαυτῶν
1015 1298 1332 1367 ἐπιμέλειαν
1369 1298 1698 1368 ποιούμενοι,

137 1384 317 1447 ἁπλῶς
365 1385 456 1436 καὶ
504 1383 578 1445 ὼς
617 1382 804 1452 ἔτυχεν
846 1384 902 1434 ἐν
945 1385 1062 1444 ταῖς
1107 1384 1318 1453 ἑορταῖς
1353 1385 1418 1452 τῇ
1451 1381 1701 1456 τραπέζῃ

135 1467 304 1538 ταύτῃ
328 1465 742 1538 προσέρχονται,
777 1465 878 1517 οὐκ
905 1465 932 1504 δ
961 1465 1159 1526 εἰδότες
1185 1465 1265 1517 ὅτι
1295 1465 1484 1536 καιρὸς
1509 1482 1697 1517 κοινω-

136 1553 248 1612 νίας
282 1552 380 1622 οὺχ
418 1551 584 1621 ἑορτὴ
612 1551 704 1604 καὶ
732 1551 1058 1620 πανήγυρις,
1089 1547 1223 1601 ἀλλὰ
1260 1549 1498 1612 συνειδὸς
1523 1543 1704 1604 ’καθα-

137 1638 223 1708 ρὸν
250 1638 348 1690 καὶ
387 1635 502 1705 βίος
533 1634 892 1703 ἐγκλημάτων
927 1632 1360 1703 ἀπηλλαγμένος.
1401 1635 1505 1686 Καὶ
1529 1635 1700 1686 καθά-

135 1740 233 1792 περ
265 1722 356 1774 τὸν
385 1721 535 1772 οὐδὲν
568 1719 742 1788 ἑαυτῷ
773 1717 1040 1771 συνειδότα
1088 1717 1289 1786 φαῦλον
1321 1719 1440 1770 καθ’
1468 1719 1703 1788 ἑκάστην

130 1807 210 1860 δεῖ
245 1805 522 1878 προσιέναι
561 1803 660 1874 τὴν
695 1802 928 1873 ἡμέραν,
958 1801 1100 1856 οὕτω
1129 1801 1218 1854 τὸν
1249 1803 1306 1854 ἐν
1345 1804 1701 1872 ἁμαρτήμασι

130 1888 692 1963 προκατειλημμένον,
719 1889 814 1940 καὶ
837 1887 911 1957 μὴ
937 1886 1295 1958 μετανοοῦντα
1321 1888 1440 1940 οὐδὲ
1462 1889 1518 1940 ἐν
1543 1890 1700 1958 ἑορτῇ

128 1975 414 2046 προσιέναι
443 1971 697 2042 ἀσφαλές.
729 1973 804 2024 Ub
835 1969 943 2042 γὰρ
977 1971 1040 2041 δὴ
1071 1971 1132 2023 τὸ
1167 1971 1308 2036 ἅπαξ
1335 1971 1427 2024 τοῦ
1459 1973 1702 2024 ἐνιαυτοῦ

129 2059 448 2132 προσελθεῖν
498 2057 827 2112 ἀπαλλάττει
883 2055 992 2108 τῶν
1041 2055 1402 2126 ἐγκλημάτων
1435 2059 1604 2126 ἡμᾶς,
1639 2057 1704 2110 ἂν

125 2143 364 2208 ἀναξίως
419 2141 751 2211 προσίωμεν,
807 2140 921 2192 ἀλλ’
960 2138 1092 2192 αὐτὸ
1133 2139 1195 2210 δὴ
1240 2140 1398 2210 τοῦτο
1443 2140 1706 2206 μειζόνως

127 2227 505 2292 καταδικάζει,
553 2227 634 2278 ὅτι
682 2224 1008 2295 ἅπαξ
1044 2225 1382 2294 προσιόντες,
1414 2223 1535 2276 ούδέ
1585 2225 1704 2276 τότε

125 2309 388 2382 καθαρῶς
411 2310 596 2380 προσίε
607 2327 722 2379 μεν.
739 2308 838 2362 Διά
851 2307 1007 2360 τοῦτο
1024 2307 1323 2377 παρακαλῶ
1342 2308 1544 2368 πάντας
1564 2307 1706 2375 ὑμᾶς

127 2398 204 2468 μὴ
259 2395 450 2458 ἁπλῶς
492 2395 579 2446 διὰ
619 2392 714 2463 τὴν
760 2393 858 2462 τῆς
895 2393 1087 2462 ἑορτῆς
1127 2392 1372 2461 ἀνάγκην
1414 2391 1520 2442 τῶν
1547 2391 1706 2442 θείων

125 2478 400 2535 ἅπτεσθαι
457 2477 788 2548 μυστηρίων·
855 2475 968 2528 ἀλλ’
1023 2477 1078 2526 εἴ
1125 2491 1254 2527 ποτε
1316 2473 1558 2544 μέλλοιτε
1607 2474 1707 2543 τῆς

123 2565 290 2633 ἁγίας
324 2561 525 2634 ταύτης
549 2561 793 2632 μεθέξειν
833 2560 1167 2630 προσφορᾶς,
1200 2558 1307 2624 πρὸ
1341 2557 1548 2610 πολλῶν
1572 2559 1708 2628 ἠμε·

124 2649 234 2724 ρῶν
267 2648 500 2710 ἑαυτοὺς
528 2657 551 2685 ε
575 2645 943 2714 διακαθαίρειν
981 2643 1068 2696 διὰ
1101 2643 1384 2713 μετανοίας
1421 2643 1514 2694 καὶ
1543 2642 1707 2711 εὐχῆς

123 2735 218 2786 καὶ
265 2730 641 2802 ἐλεημοσύνης
688 2729 780 2808 καὶ
812 2729 909 2798 τῆς
944 2727 1072 2796 περὶ
1106 2727 1174 2778 τὰ
1213 2724 1560 2796 πνευματικά
1595 2742 1709 2792 σχο-

1013 349 1101 404 DE
1133 345 1790 410 CONSUBSTANTIALI,
1833 343 2113 400 CONTRA
2153 343 2547 399 ANOMOEOS.
2589 342 2697 398 VII.

3265 345 3366 400 πρε

1745 445 1756 454 ’
1799 466 2049 534 κείμενον
2073 459 2130 537 ᾖ,
2155 464 2367 532 ἐκείνην
2395 464 2450 516 δὲ
2481 465 2510 515 ὁ
2535 465 2830 532 Δεσπότης,
2859 466 2953 518 καὶ
2983 464 3244 534 μεγίστην
3272 467 3371 518 ἐπα

1800 553 1922 619 ἀγει
1953 551 2174 603 κόλασιν
2199 550 2298 618 τῆς
2319 549 2596 619 ἀμελείας.
2621 551 2734 602 Οὐκ
2769 551 2882 602 ἴστε
2907 549 2991 602 ὄτι
3023 549 3193 619 πυρὸς
3231 550 3368 619 αὕτη

1799 636 1958 704 γέμει
1985 637 2016 704 ὴ
2037 635 2288 704 τράπεζα
2311 633 2698 702 πνευματικοῦ,
2733 636 2824 688 καὶ
2848 633 3096 706 καθάπερ
3120 637 3174 687 αἱ
3196 639 3369 704 πηγαὶ

1799 717 1960 787 φύσιν
1994 717 2183 779 ὓδατος
2220 716 2633 780 ἀναϐλύζουσιν,
2685 718 2826 770 οὕτω
2874 719 2967 771 καὶ
3006 717 3142 787 αὕτη
3199 717 3370 784 φλόγα

1799 801 1920 853 τινά
1965 804 2078 871 ἔχει
2132 801 2402 872 ἀρῤητον;
2441 801 2531 870 Μὴ
2564 801 2739 853 τοίνυν
2781 801 3081 872 προσέλθῃς
3118 802 3370 870 καλάμην

1799 883 1958 954 ἔχων,
2000 885 2073 954 μὴ
2115 883 2248 947 ξύλα
2277 885 2370 936 καὶ
2399 884 2611 954 χόρτον,
2654 885 2738 936 ἵνα
2787 884 2860 954 μὴ
2901 884 3119 938 πλείονα
3150 885 3242 938 τὸν
3273 887 3370 954 ἐμ-

1803 968 2054 1039 πρησμὸν
2081 969 2310 1038 ἐργάσῃ,
2355 970 2449 1022 καὶ
2491 968 2844 1041 κατακαύσῃς
2891 968 2988 1039 τὴν
3019 969 3369 1039 μεταλαμϐά-

1799 1070 1994 1106 νουσαν
2019 1053 2216 1124 ψυχήν·
2254 1052 2368 1106 ἀλλ’
2399 1053 2536 1122 έχων
2565 1053 2744 1116 λίθους
2762 1055 2994 1122 τιμίους,
3025 1055 3242 1123 χρυσὸν,
3273 1055 3370 1124 ἀρ·-

1799 1153 1984 1206 γυρον,
2016 1138 2104 1190 ἵνα
2131 1137 2520 1209 καθαρωτέραν
2555 1138 2788 1206 ποιήσῃς
2819 1138 2916 1206 τὴν
2951 1136 3099 1208 ὓλην,
3137 1139 3218 1190 ἵνα
3243 1138 3368 1188 πολ-

1799 1219 1896 1290 λὴν
1930 1219 2110 1273 λαϐὼν
2153 1221 2254 1292 τὴν
2299 1221 2591 1290 ἐμπορίαν,
2624 1219 2886 1291 ἀπέλθῃς.
2939 1221 3073 1272 Είτι
3113 1221 3368 1290 πονηρὸν.

1799 1302 2104 1374 ἐξόρισονά,
2135 1305 2472 1374 φυγάδευσον
2499 1307 2605 1358 ἀπὸ
2630 1307 2727 1375 τῆς
2753 1303 2928 1376 ψυχῆς
2957 1323 3074 1358 σου.
3103 1307 3256 1375 Ἔχει
3287 1323 3372 1370 τις

1801 1389 2016 1459 ἐχθρὸν,
2059 1389 2154 1442 καὶ
2198 1388 2267 1442 τά
2317 1389 2526 1458 μεγάλα
2573 1389 2863 1458 ἡδίκηταις
2913 1389 3226 1443 καταλυέτω
3274 1391 3370 1458 τὴν

1801 1473 2022 1544 ἔχθραν,
2045 1473 2461 1526 -καταστελλέτω
2503 1474 2602 1543 τὴν
2633 1473 2870 1526 διάνοιαν
2911 1474 3368 1542 φλεγμαίνουσαν,

1800 1551 2068 1621 οἰδοῦσαν,
2113 1558 2202 1610 ἵνα
2237 1557 2424 1628 μηδεὶς
2451 1557 2596 1610 ἔνδον
2637 1557 2862 1630 θόρυϐος
2963 1557 3096 1628 μηδὲ
3137 1559 3368 1628 ταραχή.

1801 1642 2033 1696 Βασιλέα
2066 1641 2174 1712 γὰρ
2200 1640 2554 1711 ὑποδέχεσθαι
2586 1639 2799 1710 μέλλεις
2825 1641 2911 1694 διὰ
2940 1642 3038 1709 τῆς
3069 1641 3367 1702 κοινωνίας·

1805 1725 2068 1794 βασιλέως
2101 1725 2158 1778 δὲ
2190 1723 2554 1787 ἐπιϐαίνοντος
2585 1727 2649 1794 τῇ
2681 1724 2849 1794 ψυχῇ,
2889 1724 3086 1794 πολλὴν
3125 1720 3263 1776 εἶναι
3293 1725 3374 1775 δεῖ

1801 1808 1900 1878 τὴν
1927 1807 2188 1878 γαλήνην,
2217 1807 2416 1878 πολλὴν
2439 1807 2536 1876 τὴν
2565 1807 2812 1876 ἡσυχίαν,
2847 1806 3064 1876 βαθεῖαν
3093 1806 3200 1858 τῶν
3229 1807 3373 1872 λογι-

1804 1891 1956 1960 σμῶν
1991 1889 2088 1960 τὴν
2129 1892 2372 1960 εἰρήνην.
2409 1888 2569 1941 Ἀλλά
2609 1887 2820 1958 μεγάλα
2861 1888 3128 1957 ἠδίκησαι.
3177 1891 3268 1942 καὶ
3311 1891 3371 1941 ού

1804 1975 1990 2044 φέρεις
2025 1975 2240 2042 ἀφεῖναι
2269 1975 2366 2043 τὴν
2403 1972 2610 2042 όργήν;
2653 1971 2703 2022 τί
2742 1971 2922 2024 τοίνυν
2965 1973 3156 2024 σαυτὸν
3194 1973 3373 2041 πολλῷ

1808 2059 2028 2128 μείζονα
2056 2059 2260 2121 ἀδικεῖς
2287 2057 2382 2110 καὶ
2402 2054 2786 2126 χαλεπώτερας
2815 2054 2890 2106 Οὐ
2927 2056 3031 2125 γὰρ
3057 2056 3281 2110 τοιαῦτά
3315 2073 3374 2109 σε

1803 2143 2118 2210 διαϐήσεται
2159 2142 2188 2193 ὁ
2223 2139 2412 2210 ἐχθρὸς
2444 2139 2649 2208 ὅσαπερ
2683 2139 2748 2191 ἂν
2789 2140 2936 2209 ποιῇ,
2975 2133 3062 2191 οἷα
3093 2140 3156 2193 σὺ
3183 2139 3376 2194 σαυτὸν

1809 2227 1883 2298 μὴ
1939 2225 2438 2296 καταλλαττόμενος
2486 2224 2622 2294 πρὸς
2665 2225 2892 2286 ἐκεῖνον,
2945 2223 3082 2276 ἀλλά
3119 2225 3242 2286 τοὺς
3281 2225 3374 2277 τοῦ

1805 2309 1940 2362 Θεοῦ
1989 2308 2318 2363 καταπατῶν
2354 2313 2573 2377 νόμους.
2617 2307 2847 2376 Ὗϐρισέ
2895 2323 2954 2360 σε
2999 2309 3238 2374 ἐκεῖνος;
3289 2309 3379 2362 διὰ

1805 2393 1963 2445 τοῦτο
1991 2389 2082 2446 οῦν
2118 2393 2182 2445 σὺ
2221 2391 2310 2444 τὸν
2346 2390 2479 2444 Θεὸν
2529 2388 2792 2460 ὑϐρίζεις,
2815 2391 2954 2442 θείπέ
2999 2407 3120 2460 μοις
3157 2391 3229 2444 Τὸ
3270 2391 3379 2463 γὰρ

1810 2475 1884 2546 μὴ
1914 2475 2374 2529 καταλλάττεσθαι
2407 2473 2484 2543 τῷ
2511 2472 2861 2542 λελυπηκότι,
2885 2475 2982 2526 οὐκ
3005 2474 3210 2528 ἐκεῖνόν
3231 2471 3380 2527 ἐστιν

1808 2559 2148 2628 ἀμυνομένου
2179 2555 2451 2618 τοσοῦτον,
2485 2557 2610 2608 ὅσον
2657 2556 2748 2608 τὸν
2779 2557 2910 2608 Θεὸν
2949 2556 3262 2625 ὑϐρίζοντος
3288 2558 3381 2610 τὸν

1806 2641 1978 2694 ταῦτα
2011 2639 2466 2710 νομοτεθήσαντα.
2497 2639 2585 2707 Μὴ
2615 2639 2792 2691 τοίνυν
2819 2639 2955 2708 πρὸς
2978 2639 3069 2692 τὸν
3101 2639 3381 2693 σύνδουλον

1811 2725 1948 2797 ἴδῃς,
1985 2723 2118 2792 μηδέ
2158 2723 2294 2793 πρὸς
2335 2722 2395 2773 τὸ
2432 2721 2658 2792 μέγεθος
2692 2721 2800 2774 τῶν
2843 2721 3195 2790 ἀδικημάτων
3239 2723 3382 2775 ἐκεί-

1809 2826 1921 2861 νου·
1965 2807 2101 2860 ἀλλά
2127 2807 2228 2858 ’τὸν
2259 2806 2392 2858 Θεὸν
2435 2807 2528 2858 καὶ
2561 2807 2652 2858 τὸν
2686 2805 2896 2858 ἐκείνου
2931 2805 3094 2873 φόϐον
3139 2807 3217 2868 είς
3259 2805 3382 2858 νοῦν

1813 2891 2157 2962 βαλλόμενος,
2211 2891 2389 2942 έκεῖνο
2430 2889 2724 2958 σκόπησον,
2765 2888 2846 2940 ὅτι
2884 2887 2996 2958 ὅσῳ
3051 2887 3118 2940 ἂν
3165 2887 3384 2956 μείζονα

1812 2975 2027 3045 πάσχῃς
2057 2974 2178 3044 βίαν
2218 2972 2360 3026 κατά
2387 2971 2585 3041 ψυχὴν,
2617 2972 2752 3040 μετά
2781 2971 2946 3040 μυρία
2977 2970 3124 3022 κακὰ
3145 2971 3385 3039 ἀναγκα-

1812 3057 2038 3128 ζόμενος
2079 3055 2542 3118 καταλλάττεσθαι
2587 3053 2664 3124 τῷ
2703 3053 3050 3121 λελυπηκότι,
3095 3053 3332 3124 τοσούτῳ
3359 3065 3382 3093 ο

1813 3141 2056 3203 πλείονος
2079 3139 2360 3210 ἀπολαύσῃ
2385 3141 2484 3209 τῆς
2511 3138 2677 3207 τιμῆς
2708 3136 2857 3207 παρά
2877 3135 2970 3189 τοῦ
2987 3135 3164 3189 ταῦτα
3197 3137 3386 3190 κελεύω

1816 3241 2006 3287 σαντος
2037 3223 2192 3276 Θεοῦ·
2222 3223 2315 3275 καὶ
2339 3222 2592 3288 καθάπερ
2615 3220 2776 3272 αὑτὸν
2813 3218 2950 3288 μετά
2989 3219 3186 3286 πολλῆς
3207 3219 3400 3272 ὑποδέ-

1815 3326 1884 3380 XII
1913 3307 2065 3378 [501]
2110 3307 2212 3376 τῆς
2249 3308 2412 3376 τιμῆς
2447 3303 2698 3362 ἐνταῦθα,
2741 3301 2883 3354 οὕτω
2919 3302 3012 3354 καὶ
3045 3301 3206 3362 αὐτὸς
3249 3302 3387 3370 μετά

1818 3390 2019 3460 πολλῆς
2059 3387 2369 3453 ὑποδέξεταί
2401 3403 2460 3440 σε
2487 3387 2588 3456 τῆς
2617 3384 2773 3454 δόξης
2801 3385 2940 3450 ἐκεῖ,
2967 3383 3386 3455 μυριοπλασίους

1819 3473 2102 3536 ἀποδιδούς
2155 3490 2237 3524 σοι
2293 3471 2393 3541 τῆς
2449 3469 2686 3538 ύποκοῆς
2737 3467 2939 3538 ταύτης
2985 3468 3084 3531 τὰς
3131 3467 3385 3537 ἀμοιϐάς·

1817 3553 1892 3612 ὧν
1933 3559 2148 3626 γένοιτο¹
2183 3557 2392 3618 πάντας
2433 3555 2576 3624 ἡμᾶς
2606 3553 2882 3621 ἐπιτυχεῖν
2925 3552 3106 3621 χάριτι
3147 3551 3240 3603 καὶ
3269 3551 3388 3620 φιλο

1821 3642 2106 3713 ανθρωπίᾳ
2156 3638 2248 3692 τοῦ
2301 3637 2504 3707 Κυρίου
2547 3637 2702 3706 ήμῶν
2746 3635 2920 3704 Ἰησοῦ
2969 3633 3230 3704 Χριστοῦ,
3270 3633 3389 3702 μεθ’

1819 3717 1879 3776 οὗ
1919 3724 1996 3794 τῷ
2034 3723 2210 3792 Πατρὶ
2247 3721 2395 3785 δόξα,
2429 3720 2582 3789 τιμὴ,
2621 3719 2818 3789 κράτος
2861 3719 2955 3770 καὶ
2999 3715 3386 3786 προσκύνησις,

1824 3807 1940 3875 ἅμα
1973 3805 2052 3876 τῷ
2089 3804 2231 3874 ἁγίῳ
2263 3802 2558 3872 Πνεύματι,
2599 3804 2678 3863 εἰς
2716 3801 2842 3864 τοὺς
2873 3799 3076 3862 αἰῶνας
3107 3799 3216 3851 τῶν
3259 3797 3390 3851 αἰώ-

1825 3907 1949 3942 νων.
1989 3890 2048 3940 ’Λ
2055 3889 2183 3958 μήν.

119 2821 244 2888 λῆς,
282 2819 384 2871 καὶ
413 2817 486 2888 μὴ
512 2816 674 2869 πάλιν
707 2809 1132 2882 ἐπιστρέφεσθαι
1162 2809 1414 2880 καθάπερ
1441 2809 1584 2862 κύων
1617 2809 1710 2860 ἐπὶ

121 2903 216 2956 τὸν
253 2901 394 2955 ἴδιον
429 2900 642 2970 ἔμετον.
675 2898 801 2961 Πῶς
837 2895 945 2966 γὰρ
980 2896 1079 2947 οὐκ
1109 2894 1305 2947 ἄτοπον
1333 2893 1439 2946 τῶν
1479 2893 1575 2962 μὲν
1605 2909 1709 2944 σω-

125 2986 383 3058 ματικῶν
431 2983 697 3052 τοσαύτην
733 2980 1002 3034 ποιεῖσθαι
1041 2979 1138 3047 τὴν
1183 2976 1518 3046 ἐπιμέλειαν,
1568 2974 1708 3036 ὥστε

123 3072 326 3142 ἑορτῆς
347 3067 725 3140 παραγούσης,
765 3064 868 3134 πρὸ
899 3061 1106 3114 πολλῶν
1129 3060 1350 3130 ἡμερῶν
1375 3059 1466 3111 καὶ
1496 3059 1708 3128 ἱμάτιον

123 3157 190 3206 ἐκ
213 3155 332 3206 τῶν
355 3151 625 3205 κιϐωτίων
653 3149 712 3202 τὸ
739 3147 1020 3200 κάλλιστον
1048 3142 1401 3214 ἀνελομένους
1430 3158 1714 3212 προευτρε-

123 3239 336 3302 πίξειν,
368 3236 465 3289 καὶ
495 3233 820 3303 ὑποδήματα
849 3228 1125 3286 ὠνεῖσθαι,
1158 3227 1250 3278 καὶ
1275 3222 1518 3294 τραπέζῃ
1561 3223 1712 3292 δαψι-

117 3321 372 3394 λεστέρᾳ
415 3317 738 3388 κεχρῆσθαι.
776 3316 870 3368 καὶ
903 3311 1125 3373 πολλοὺς
1157 3309 1418 3362 πάντοθεν
1451 3325 1711 3378 προσεπι-

119 3409 270 3458 νοεῖν
299 3391 531 3474 πόρους,
585 3401 679 3454 καὶ
724 3398 884 3452 παντὶ
939 3395 1124 3466 τρόπῳ
1178 3391 1485 3464 φαιδρύνειν
1520 3391 1712 3443 ἐαυτὸν

116 3489 218 3541 καὶ
248 3471 645 3546 καλλωπίζειν·
677 3483 774 3552 τῆς
813 3481 869 3533 δὲ
901 3479 1079 3549 ψυχῆς
1123 3477 1494 3548 ἢμελημένης,
1532 3471 1712 3541 ῥυπώ-

118 3591 246 3643 σης,
279 3568 631 3642 ιαύχμὼσης,
676 3565 819 3636 λιμῷ
878 3562 1346 3633 διαφθειρομένης,
1402 3559 1710 3629 ἀκαθάρτου

119 3653 414 3728 μενούσης
449 3647 650 3723 μηδένα
679 3649 945 3702 ποιεῖσθαι
975 3647 1150 3714 λόγον,
1183 3645 1317 3698 ἀλλά
1341 3645 1530 3728 τὸμὲν
1555 3643 1714 3728 σῶμα

117 3726 551 3799 καλλωπίζοντα
591 3734 829 3800 εἰσάγειν
865 3731 1116 3791 ἐνταῦθα,
1157 3728 1372 3798 ἐκείνην
1410 3727 1466 3779 δὲ
1501 3726 1714 3796 γυμνὴν

117 3823 218 3876 καὶ
277 3817 712 3890 ἀσχημονοῦσαν
757 3817 1052 3887 περιορᾷν;
1109 3813 1299 3865 Καίτοι
1340 3811 1497 3864 τοῦτο
1546 3809 1644 3879 μὲν
1687 3811 1716 3861 ό

115 3905 428 3966 σύνδουλος
474 3903 597 3972 ὁρᾷ,
631 3901 725 3954 καὶ
768 3899 960 3968 βλάϐος
991 3896 1142 3950 οὐδὲν
1183 3896 1285 3949 κᾶν
1316 3891 1563 3948 ὁπωσοῦν
1599 3893 1714 3945 δια-

1883 4039 1909 4078 d
1934 4040 2014 4089 Sic
2036 4041 2187 4090 Savil.
2219 4046 2271 4088 et
2305 4051 2476 4086 omnes
2519 4037 2624 4084 fere
2653 4051 2766 4084 mss.
2796 4036 2847 4085 In
2875 4034 3045 4082 Morel.
3087 4046 3204 4082 vero
3243 4034 3392 4096 ἐξόρι-

1821 4120 1903 4152 σον
1924 4105 2084 4152 deest.

1887 4177 1908 4202 ο
1933 4166 2030 4213 Alii
2051 4165 2120 4225 τῷ
2143 4161 2422 4219 πεποιηκότι
2443 4163 2621 4217 κακῶς,
2642 4157 2873 4220 τοσούτῳ.

178 4061 208 4088 ⁸
247 4059 398 4108 Ἰδεῖν
418 4058 562 4107 deest
584 4055 630 4102 in
652 4056 836 4116 aliquot
856 4067 970 4102 mss.

173 4122 208 4161 δ
231 4124 342 4169 Alii
363 4125 426 4182 τῇ
449 4120 650 4182 τραπέζῃ
671 4111 910 4182 προσιέναι
933 4114 1098 4182 ταύτῃ,
1124 4113 1210 4159 οὐκ
1231 4111 1316 4159 εἰδ.

179 4187 204 4214 ο
238 4177 493 4236 Ἑαυτούέ
513 4177 656 4228 ἀθεεὶ
677 4177 726 4228 ili
749 4177 1038 4239 quibusdam
1057 4188 1176 4222 mss.

133 4301 3370 4350 Μ

103 4435 282 4507 Πρὸς
315 4431 477 4496 τοὺς
505 4423 976 4493 ἀπολειφθέντας
995 4421 1105 4488 τῆς
1129 4433 1150 4458 ο
1179 4417 1510 4484 σιϊιίξεως,
1535 4417 1634 4470 καὶ
1662 4414 1770 4470 τοῦ
1809 4415 2132 4484 ὀμοούσιον
2152 4410 2304 4468 εἶναι
2337 4414 2442 4466 τὸν
2473 4411 2607 4464 Υὶὸν
2631 4408 2712 4474 τῷ
2737 4407 2919 4476 Harp!
2949 4405 3272 4470 ἀπόδειξις,
3293 4407 3390 4460 καὶ

179 4496 284 4584 ὅτε
333 4526 420 4580 τὰ
453 4519 742 4584 ταπεινῶς
777 4513 1057 4584 εἰρημένα
1091 4513 1189 4566 καὶ
1229 4514 1590 4581 γεγενημένα
1629 4509 1766 4577 παρ’
1787 4507 1996 4571 αὐτοῦ,
2021 4509 2093 4562 οὐ
2131 4507 2205 4560 δι’
2237 4507 2555 4560 ἀσθένειαν
2585 4501 2909 4570 δυνάμεως,
2938 4498 3080 4553 οὐδὲ
3110 4497 3184 4550 δι’
3214 4496 3390 4550 ἐλάτ-

179 4633 404 4677 τωσιν
448 4614 677 4682 ἐγένετο
710 4609 808 4662 καὶ
838 4606 1096 4674 ἐλέγετο,
1131 4605 1289 4657 ἀλλα
1327 4605 1398 4656 δι’
1431 4599 1769 4670 οἰκονομίας
1805 4597 2129 4665 διαφόρους
2191 4597 2240 4649 ι).
2294 4594 2436 4649 Ἀπὸ
2477 4593 2583 4646 τοῦ
2630 4589 2762 4658 περὶ
2815 4587 3262 4655 ἀκαταλήπτου,
3295 4584 3390 4639 καὶ

181 4709 589 4772 ἀκολούθως.

1837 4905 2070 4978 βλέπων.
2107 4897 2280 4966 Ἀλγῶ
2309 4896 2407 4965 μὲν
2439 4893 2550 4978 γὰρ
2592 4893 2687 4944 καὶ
2711 4891 2798 4978 διὰ
2957 4887 3398 4978 ρᾳθυμίαν-ἐκεί.

1834 4969 1962 5050 νων,
2005 4979 2410 5054 παραμυθεῖται
2454 4977 2510 5028 δὲ
2539 4977 2688 5044 ὅμως
2715 4973 2814 5042 τὴν
2845 4973 2932 5023 ἐπ’
2967 4969 3194 5031 ἐκείνοις
3233 4969 3394 5038 ἀλγη-

1833 5073 1960 5126 δόνα
1989 5053 2382 5138 τῆςγύμετέρας
2409 5059 2626 5126 ἀγάπης
2653 5059 2686 5126 ή
2711 5054 3010 5138 προθυμία.
3045 5053 3272 5138 Ἐκεῖνοι
3303 5053 3400 5119 μὲν

1833 5157 1941 5224 γὰρ
1970 5134 2074 5207 κᾶν
2121 5134 2534 5220 παραγένωνταί
2582 5153 2710 5192 ποτε
2732 5137 2919 5224 ,λούδέ⁸
2937 5137 3058 5188 τότε
3110 5134 3364 5224 πάρεισιν
3386 5173 3399 5191 ,

1835 5217 1970 5295 ἀλλά
1997 5237 2057 5289 τὸ
2088 5236 2184 5306 μὲν
2207 5217 2376 5300 ⁷σῶμα
2408 5227 2589 5288 αὐτοῖς
2620 5220 3108 5306 ἐνταῦθα-ἵδρυται,
3135 5219 3166 5287 ἡ
3194 5217 3404 5306 διάνοια

1829 5325 1884 5377 δὲ
1909 5323 2012 5387 ἔξω
2041 5298 2340 5372 πλανᾶται·
2361 5311 2516 5379 ὑμεῖς
2535 5307 2591 5358 δὲ
2617 5305 2722 5358 κᾶν
2747 5300 3110 5370 ἀπολειφθῆτέ
3135 5315 3286 5358 ποτε,
3308 5298 3403 5350 καὶ

1824 5382 2230 5473 τότε-πάρεστε·
2264 5395 2322 5449 τὸ
2357 5393 2455 5463 μὲν
2485 5390 2594 5459 γὰρ
2631 5387 2789 5454 σῶμα
2822 5386 2949 5454 ὑμῖν
2976 5383 3100 5446 ἔξω,
3129 5384 3162 5450 ἡ
3193 5382 3402 5434 διάνοια

1825 5503 1884 5558 δὲ
1906 5499 2158 5556 ἐνταῦθα.
2192 5490 2521 5559 Ἐϐουλόμην
2550 5485 2646 5556 μὲν
2671 5481 2762 5536 οὖν
2795 5481 3004 5550 μακρὸν
3031 5479 3153 5533 κατ’
3181 5478 3406 5531 ἐκείνων

1828 5593 2108 5647 ἀποτεῖναι
2149 5585 2324 5652 λόγον,
2357 5579 2468 5632 ἀλλ’
2512 5576 2600 5629 ἵνα
2629 5573 2703 5644 μὴ
2733 5571 2870 5635 δόξω
2903 5570 3254 5639 σκιαμαχεῖν,
3287 5568 3408 5618 ἐπι-

1838 5689 2010 5759 τιμῶν
2041 5687 2150 5746 τοῖς
2195 5683 2267 5752 μὴ
2302 5677 2536 5749 παροῦσι
2575 5673 2708 5744 μηδὲ
2744 5669 3002 5746 ἀκούουσι
3023 5665 3291 5759 ,ξτρύτους
3329 5663 3410 5759 εἰς

1839 5743 1938 5842 τήν
1973 5769 2193 5822 ἐκείνων
2246 5763 2546 5834 παρουσίαν
2593 5757 2838 5828 τηρήσας
2884 5752 3010 5812 τοὺς
3051 5749 3279 5815 λόγους,
3309 5743 3410 5812 τὴν

2917 5847 2990 5906 15

687 4925 873 4991 Λόγος
915 4919 1183 4988 ἕϐδομος.

179 5024 262 5072 α’.
299 5009 498 5068 Πάλιν
525 5005 879 5076 ἱπποδρομίαι
898 5043 912 5068 ,
955 5013 1048 5056 και
1073 5000 1234 5054 πάλιν
1253 5001 1290 5051 ὁ
1315 4997 1564 5063 σύλλογος
1593 4996 1726 5064 ἡμῖν

101 5105 382 5160 ἐλάττων
423 5092 650 5160 γέγονε·
691 5089 892 5159 μᾶλλον
936 5087 993 5140 δὲ
1025 5088 1131 5149 ’ἐως
1163 5085 1230 5138 ἂν
1282 5085 1440 5152 ὑμεῖς
1487 5079 1724 5149 παρῆτε,

103 5192 212 5245 οὐκ
261 5185 344 5239 ἂν
405 5177 624 5246 γένοιτο
665 5175 924 5228 ἐλάττων.
959 5172 1169 5240 ’Ὠσπερ
1205 5168 1314 5239 γὰρ
1349 5165 1594 5235 γεωργὸς
1615 5203 1641 5246 ,ί
1677 5164 1726 5214 εί

107 5275 202 5328 τὸν
235 5245 433 5323 σῖτον
449 5257 766 5330 ἀκμάζοντα
789 5256 883 5309 καὶ
903 5256 1018 5323 ἀπη
1027 5252 1310 5325 ρτισμένον
1331 5249 1448 5313 ἴδοι,
1471 5247 1530 5300 ού
1562 5245 1726 5298 πολὺν

107 5360 380 5414 ποιεῖται
417 5329 582 5412 λόγον
608 5343 717 5396 τῶν
747 5341 960 5411 φύλλων
988 5337 1438 5394 καταπιπτόντων
1455 5349 1466 5362 ·
1495 5331 1636 5384 οὓτω
1663 5329 1725 5414 δὴ

107 5445 210 5501 καὶ
239 5436 377 5508 ἐγὼ
415 5429 542 5495 νῦν,
583 5426 676 5480 τοῦ
707 5423 922 5498 καρποῦ
962 5423 1227 5495 παρόντος
1254 5422 1406 5490 ἡμῖν,
1438 5417 1498 5469 οὐ
1531 5412 1726 5468 τοσαύ-

101 5549 212 5602 την
239 5501 430 5578 ποιοῦ
443 5531 545 5584 μαι
577 5514 676 5583 τὴν
709 5511 921 5581 ὀδύνην,
945 5508 1011 5562 τὰ
1046 5507 1220 5577 φύλλα
1251 5501 1680 5574 ἀναρπαζόμενοι
1701 5509 1722 5536 ο

175 5633 204 5656 ³
231 5624 460 5669 (‘nlIala
483 5628 588 5661 cum
623 5611 867 5662 codicibus
903 5607 1075 5668 Regiis
1113 5606 1250 5658 18I9.
1297 5599 1732 5669 ιεῖδλευοοεροι-

105 5663 350 5744 δετιίιίἰέ
364 5663 516 5744 ἶνεΪο
537 5676 644 5744 ειτ,
665 5675 774 5730 ειε,
795 5673 904 5744 εει),
921 5663 1048 5744 mgis
1071 5683 1083 5716 ;
1107 5669 1401 5740 Cpisliniano
1423 5663 1529 5712 262.

173 5734 410 5800 III—Savil.
446 5739 712 5800 διαφόρους·
739 5738 818 5800 καὶ
851 5735 964 5796 πρὸς
981 5734 1244 5796 ἀνομοίους..

173 5817 202 5849 ο
231 5799 484 5868 linquat.
504 5815 614 5848 mss.
641 5799 1044 5860 ἀναῤῥιπιζόμενα,

315 5894 614 5953 ΡΑτιιοι.
659 5887 774 5946 Gn.
819 5878 1102 5942 XLVIII.
