3926 6284
557 323 663 380 757

557 435 828 507 ὑμετέραν
881 437 1098 505 ἀγάπην
1139 437 1232 488 ἐπὶ
1261 437 1354 490 τὸν
1400 438 1600 508 συνήθη
1639 438 1881 508 λειμῶνα
1917 441 2009 493 καί
2058 440 2120 491 τὸ

556 520 790 587 πέλαγος
820 520 927 573 τῶν
963 520 1121 572 θείων
1170 520 1210 570 Γ
1215 519 1400 590 ραφῶν
1435 520 1574 573 κατά
1608 521 1704 592 τὴν
1745 521 1894 574 θείαν
1923 523 2122 592 χάρινι

555 604 816 671 όδηγῆσαι
855 602 1206 672 πειράσομαι.
1251 602 1409 654 Ἀλλά
1438 603 1782 672 διανάστητε,
1807 605 1902 657 καὶ
1931 621 2126 676 γρηγορ-

558 689 703 758 933;
719 703 732 715 '
765 688 855 738 ἐπὶ
888 688 985 752 μὲν
1013 684 1120 754 γάρ
1140 684 1250 737 τῶν
1280 685 1551 738 πλεόντων
1585 685 1686 738 κᾶν
1724 686 1964 749 ἅπαντες
1993 687 2123 739 καθ-

555 770 805 828 εύδωσιν.
826 787 854 821 υ
885 769 941 822 δὲ
974 769 1314 840 κυϐερνήτης
1339 768 1657 839 ἐγρηγορὼς
1752 769 1932 840 μόνος,
1952 769 2124 832 οὐδείς

553 858 668 908 ἐστι
689 855 951 920 κίνδυνος,
970 857 1068 926 τῆς
1093 856 1307 926 νήψεως
1325 855 1424 925 τῆς
1455 855 1665 907 ἐκείνου
1697 855 1790 907 καὶ
1811 855 1910 926 τῆς
1930 854 2125 925 τέχνης

551 940 674 992 ἀντί
706 941 923 994 πάντων
964 940 1239 1011 ἀρκούσης
1286 938 1364 1008 τῷ
1412 938 1581 1008 πλοίῳ
1605 956 1619 970 ’
1648 937 1883 992 ἐνταῦθα
1921 939 1977 992 δὲ
2026 941 2123 1008 οὐχ

552 1025 756 1087 οὑτως,
805 1025 940 1078 άλλά
992 1026 1092 1078 κᾶν
1130 1027 1390 1096 μυριάκις
1427 1027 1456 1076 0
1509 1024 1683 1092 λέγων
1725 1027 1910 1098 νὴφῃ,
1961 1027 2012 1078 οἱ
2067 1026 2123 1078 δέ

552 1109 840 1171 ἀκούοντες
893 1109 965 1179 μὴ
1004 1109 1101 1178 τὴν
1135 1109 1302 1178 αὐτὴν
1352 1108 1660 1179 ἀγρυπνίαν
1689 1109 2121 1170 ἐπιδείκνυνται,

552 1193 1004 1253 καταποντισθείς
1037 1194 1167 1260 ἡμῖν
1211 1193 1237 1242 ὁ
1285 1190 1441 1257 λόγος
1480 1191 1780 1261 οἰχήσεται,
1819 1191 1917 1260 οὐχ
1950 1191 2123 1261 εὑρὼν

548 1277 788 1331 διάνοιαν
823 1277 920 1344 τὴν
951 1274 1355 1342 ὑποδεξαμένην
1383 1274 1410 1313 δ
1451 1274 1636 1327 αὐτόν.
1668 1275 1758 1327 Διὸ
1797 1277 1899 1346 χρὴ
1934 1276 2123 1345 νήφειν

551 1361 646 1412 καὶ
679 1359 1074 1430 ἐγρηγορέναιο
1127 1359 1221 1410 καὶ
1272 1358 1380 1427 γάρ
1412 1357 1552 1427 ὑπὲρ
1602 1357 1861 1426 μειζόνων
1905 1359 2037 1428 ἡμῖν
2088 1361 2120 1428 ἡ

550 1444 816 1513 ἐμπορίαο
848 1442 966 1494 οὐδέ
1005 1441 1114 1512 γάρ
1156 1442 1293 1511 ὑπὲρ
1337 1442 1562 1512 χρυσίου
1605 1441 1698 1492 καὶ
1731 1439 1995 1510 ἀργυρίου
2031 1442 2122 1493 καὶ

549 1527 656 1579 τῶν
679 1525 880 1580 ἀπολλυ
890 1526 1063 1596 μένων
1083 1526 1421 1597 πραγμάτων
1446 1525 1700 1594 πλέομεν,
1729 1525 1841 1576 ἀλλ’
1866 1523 2007 1594 ὑπὲρ
2027 1524 2123 1592 τῆς

553 1607 853 1679 μελλούσης
883 1608 1048 1678 ζωῆς,
1074 1609 1167 1660 καὶ
1196 1607 1301 1660 τῶν
1327 1609 1384 1661 ἐν
1410 1608 1660 1678 οὐρανοῖς
1693 1606 2000 1678 θησαυρῶν,
2029 1608 2122 1658 καὶ

548 1693 770 1755 πλείους
799 1690 1035 1744 ἐνταῦθα
1068 1691 1122 1744 αἱ
1151 1691 1260 1743 ὁδοὶ
1288 1689 1398 1744 τῶν
1429 1692 1486 1742 ἐν
1519 1693 1584 1760 τῇ
1617 1690 1863 1761 θαλάσσῃ
1893 1689 1987 1741 καὶ
2013 1689 2122 1740 τῶν

549 1778 607 1828 ἐν
636 1778 702 1846 τῇ
740 1775 979 1845 γῇοικάν
1021 1774 1096 1844 μὴ
1148 1772 1288 1842 μετὰ
1329 1773 1616 1843 ἀκριϐείας
1666 1791 1748 1836 τις
1793 1773 1962 1835 αὐτάς
2008 1771 2120 1843 εἰδῇ

545 1860 754 1926 τεμεῖν,
786 1858 1042 1924 ναυάγιον
1081 1857 1445 1927 ὐποστὴσεται
1474 1855 1879 1926 χαλεπώτατον.
1914 1855 2122 1918 Πάντες

549 1939 700 2012 [50:2]
721 1939 898 1991 τοίνυν
919 1939 1076 2008 ὑμεῖς
1101 1941 1150 1991 οἱ
1179 1939 1296 2008 μεθ’
1322 1939 1478 2008 ἡμῶν
1505 1938 1775 2002 πλέοντες,
1803 1937 1876 2007 μὴ
1894 1937 1990 2007 τὴν
2014 1937 2124 1990 τῶν

546 2023 822 2077 ἐπιϐατῶν
859 2021 1061 2084 ἄδειαν,
1094 2021 1229 2074 ἀλλά
1261 2021 1361 2092 τὴν
1405 2021 1513 2074 τῶν
1559 2021 1907 2092 κυϐερνητῶν
1948 2021 2120 2090 ἀγρυ-

549 2109 709 2160 πνίαν
734 2105 1106 2159 ἐπιδείκνυσθε
1125 2106 1216 2158 καὶ
1235 2105 1513 2175 φροντίδαο
1545 2106 1638 2158 καὶ
1664 2106 1772 2174 γάρ
1793 2106 1988 2157 ἐκεῖνοι
2013 2103 2122 2156 τῶν

547 2193 750 2247 λοιπῶν
785 2191 1156 2247 καθευδόντων
1191 2191 1446 2244 ἁπάντων
1480 2192 1572 2244 ἐπὶ
1603 2191 1710 2244 τῶν
1744 2191 1942 2244 οἰάκων
1987 2190 2120 2244 καθ-

548 2281 776 2348 ήμενοι,
811 2277 873 2328 οὐ
919 2275 1077 2345 μόνον
1106 2273 1204 2338 τὰς
1243 2275 1300 2326 ἐν
1353 2275 1465 2337 τοῖς
1501 2273 1656 2326 ὐδασι
1699 2273 2121 2344 περισκοποῦσιν

547 2362 719 2424 ὀδοὺς,
746 2359 882 2421 ἀλλά
920 2359 1012 2412 καὶ
1046 2357 1182 2428 πρὸς
1214 2359 1306 2411 τὸν
1341 2358 1568 2429 οὐρανὸν
1618 2359 1681 2410 ἐκ
1715 2357 1970 2410 τοσούτου
2002 2357 2120 2427 βλέο

548 2460 741 2505 ποντες
768 2441 861 2495 τοῦ
889 2441 1273 2510 διαστήματος,
1297 2439 1484 2511 ὥσπερ
1515 2439 1658 2502 τινὸς
1691 2441 1867 2510 χειρὸς
1893 2441 1988 2509 τῆς
2013 2439 2120 2492 τῶν

547 2528 764 2597 ἄστρων
794 2526 1018 2594 πορείας
1049 2523 1494 2595 χειραγωγούσης
1531 2524 1745 2586 αὐτοὺς,
1783 2522 1918 2592 μετὰ
1946 2524 2122 2592 ἀσφα-

546 2611 695 2672 λείας
731 2609 792 2661 τὺ
826 2608 1031 2676 σκάφος
1083 2606 1323 2659 ἰθύνουσι
1353 2618 1411 2669 ε,
1462 2608 1558 2660 καὶ
1598 2606 1773 2669 οὐδεὶς
1816 2606 2030 2676 ἰδιώτης
2063 2606 2122 2658 τὸ

547 2691 782 2759 πέλαγος
813 2690 986 2752 οὐτως
1015 2689 1184 2752 ἀδεῶς
1222 2691 1280 2742 ἐν
1309 2690 1494 2760 ἡμέρα
1539 2689 1742 2742 δύναιτ’
1783 2690 1849 2742 ἂν
1893 2689 2120 2742 πλεῦσαι

542 2776 621 2840 ὡς
652 2777 849 2828 ἐκεῖνοι
886 2773 1002 2844 μεθ’
1043 2773 1272 2843 ἡσυχίας
1306 2773 1523 2842 ἀπάσης
1560 2775 1617 2824 ἐν
1649 2774 1786 2844 μέσῃ
1821 2776 1993 2834 νυκτὶ,
2032 2775 2120 2826 ὅτε

547 2859 896 2930 φοϐερωτέρα
933 2857 1236 2926 ἡθάλασσα
1277 2856 1548 2925 φαίνεται,
1584 2857 1946 2927 ἐγρηγορότες
1985 2859 2119 2910 ἀτα-

547 2943 728 3013 ράχως
752 2941 850 3010 τὴν
872 2939 1079 2992 ἑαυτῶν
1102 2938 1502 2992 ἐπιδείκνυνται
1523 2939 1740 3008 τέχνην,
1764 2940 1858 2992 καὶ
1885 2939 2004 3008 οὐχὶ
2023 2939 2122 3002 τὰς

548 3027 605 3076 ἐν
644 3025 756 3084 τοῖς
788 3022 971 3074 ὐδασιν
1026 3022 1304 3094 ἀτραποὺς
1353 3021 1543 3092 μόνον,
1585 3020 1707 3073 οὐδέ
1754 3021 1860 3074 τῶν
1907 3023 2120 3094 ἄστρων

545 3108 674 3169 τοὺς
707 3105 972 3176 δρόμους,
1015 3103 1149 3156 ἀλλὰ
1207 3105 1300 3156 καὶ
1348 3103 1563 3174 ἀνέμων
1597 3103 1808 3167 ἐξόδους
1866 3121 2112 3174 περισκοο

545 3188 732 3251 ποῦσι,
749 3189 842 3240 καὶ
861 3186 1096 3254 τοσαύτη
1119 3186 1226 3238 τῶν
1246 3186 1454 3256 ἀνδρῶν
1480 3187 1702 3240 ἐκείνων
1724 3186 1870 3240 ἐστίν
1887 3189 1920 3257 ἡ
1940 3186 2117 3256 σοφία,

547 3276 623 3338 ὼς
668 3275 929 3337 πολλάκις
976 3273 1284 3343 πνεύματος
1319 3274 1498 3342 ῥύμην
1549 3273 1904 3345 σφοδρότερον
1946 3277 2118 3344 ἐμπε-

549 3357 771 3421 σοῦσαν,
811 3357 906 3410 καὶ
940 3357 1238 3427 μέλλουσαν
1266 3357 1618 3426 περιτρέπειν
1658 3357 1719 3409 τὸ
1760 3357 1962 3420 πλοῖον,
2003 3361 2121 3420 ταῖς

549 3443 780 3502 πυκναῖς
806 3439 915 3492 τῶν
938 3437 1120 3492 ἱστίων
1146 3438 1470 3508 μεταϐολαῖς
1500 3439 1824 3510 δεχομένους
1849 3438 2120 3508 εὐστόχως

545 3523 763 3576 ἅπαντα
801 3521 957 3574 λῦσαι
983 3521 1073 3573 τὸν
1123 3521 1400 3582 κίνδυνον,
1441 3526 1534 3574 καὶ
1578 3526 1694 3584 ταῖς
1732 3521 1924 3592 βιαίοις
1949 3521 1976 3560 ά
2012 3522 2120 3573 τῶν

548 3607 764 3677 ἀνέμων
793 3604 1051 3675 ἐμϐολαῖς
1085 3606 1182 3674 τὴν
1215 3605 1393 3656 αὐτῶν
1436 3607 1862 3676 ἀντιστήσαντας
1902 3605 2116 3676 τέχνην,

547 3689 853 3760 ἐξαρπάσαι
879 3687 972 3740 τοῦ
997 3687 1287 3740 κλυδωνίου
1314 3689 1374 3740 τὸ
1408 3690 1632 3756 σκάφος.
1659 3691 1720 3742 Εἰ
1745 3689 1802 3741 δὲ
1829 3689 1967 3760 ὑπὲρ
1995 3689 2119 3757 βιω-

545 3775 714 3827 τικῶν
745 3775 943 3825 ἐκεῖνοι
977 3770 1317 3840 πραγμάτων
1359 3772 1621 3841 αἰσθητὴν
1651 3772 1902 3834 πλέοντες
1925 3771 2120 3826 θάλασ-

549 3874 670 3917 σαν,
703 3855 875 3917 οὑτως
900 3856 1263 3925 ἐγρηγορυῖαν
1291 3854 1553 3922 διηνεκῶς
1579 3855 1759 3924 ἔχουσι
1795 3856 1892 3926 τὴν
1917 3856 2115 3926 ψυχὴν,

545 3943 727 4012 πολλῷ
759 3942 960 4012 μᾶλλον
1002 3943 1150 4010 ἡμᾶς
1195 3939 1338 3993 οὑτω
1369 3943 1807 4011 παρεσκευάσθαι
1855 3944 1958 4012 χρή
1987 3959 1999 3974 ·
2025 3943 2118 3996 καί

543 4026 654 4096 γάρ
684 4027 777 4078 καί
804 4023 1008 4094 μείζων
1034 4024 1062 4075 0
1099 4022 1338 4084 κίνδυνος
1376 4023 1698 4094 ῥᾳθυμοῦσι,
1737 4026 1831 4077 καὶ
1860 4025 2059 4078 πλείων
2085 4027 2118 4096 ἡ

543 4109 816 4176 ἀσφάλεια
852 4108 1133 4176 νήφουσιν.
1173 4104 1311 4157 Οὔτε
1345 4107 1452 4175 γάρ
1483 4108 1590 4158 ἀπὸ
1629 4107 1852 4160 σανίδων
1897 4110 2026 4178 ἡμῖν
2059 4110 2121 4161 τὸ

473 4171 488 4214 ἕ
547 4191 753 4257 σκάφος
775 4187 934 4240 τοῦτο
962 4187 1413 4253 κατεσκεύασται,
1439 4187 1552 4241 ἀλλ’
1577 4189 1683 4240 ἀπὸ
1707 4188 1814 4242 τῶν
1845 4189 2003 4244 θείων
2029 4207 2120 4243 κε-

505 4279 507 4282 ⁴
548 4272 804 4340 κόλληται
843 4271 1094 4340 Γραφῶν,
1125 4269 1249 4322 οὐτε
1278 4263 1505 4340 ἀστέρες
1534 4271 1664 4323 αὐτὸ
1692 4273 2119 4344 χειραγωγοῦσιν

493 4355 784 4424 ,ἄνωθεν,
833 4353 946 4406 ἀλλ’
979 4356 1008 4406 0
1046 4353 1147 4423 τῆς
1191 4352 1536 4422 δικαιοσύνης
1574 4354 1725 4425 ἥλιος
1755 4355 1941 4408 τοῦτον
1988 4359 2120 4427 ἡμῖν

542 4436 870 4492 ικατευθύνει
899 4436 989 4487 τὸν
1011 4434 1197 4494 πλοῦν,
1219 4438 1312 4487 καὶ
1335 4435 1624 4505 καθήμεθα
1646 4439 1738 4491 ἐπὶ
1758 4438 1866 4492 τῶν
1895 4440 2117 4502 οἰάκων,

545 4522 608 4576 οὐ
641 4520 878 4590 ζεφύρου
928 4518 1096 4580 πνοάς
1137 4518 1535 4587 ἀναμένοντες,
1578 4519 1712 4573 ἀλλά
1747 4521 1847 4592 τὴν
1888 4526 2120 4594 πραεῖαν

545 4602 721 4674 αὔραν
750 4601 844 4654 τοῦ
874 4600 1208 4670 Πνεύματος.

624 4685 686 4756 β’.
711 4685 988 4754 Νὴφωμεν
1017 4685 1195 4737 τοίνυν
1223 4687 1316 4738 καὶ
1359 4685 1458 4749 τὰς
1489 4686 1640 4749 ὀδοὺς
1676 4686 1811 4757 μετὰ
1838 4688 2121 4758 ἀκριϐείας

549 4768 968 4841 περισκοπῶμεν
988 4783 1002 4797 ο
1035 4768 1163 4838 περί⁸
1186 4769 1293 4838 γάρ
1316 4769 1415 4836 τῆς
1442 4771 1534 4824 τοῦ
1559 4772 1892 4839 Μονογενοῦς
1914 4772 2069 4844 δόξης
2092 4776 2122 4828 ό

547 4854 704 4920 λόγος
737 4853 867 4921 ἡμῖν
903 4854 1016 4903 ἐστι
1057 4850 1236 4904 πάλιν.
1283 4851 1477 4923 Πρώην
1521 4853 1619 4924 μὲν
1663 4851 1754 4909 οὖν
1787 4855 2118 4926 ἐδείκνυμεν,

545 4938 630 4993 ὃτι
674 4937 768 4990 καὶ
806 4934 1130 5006 ἀνθρώπων,
1159 4936 1251 4989 καὶ
1289 4937 1554 5005 ἀγγέλων,
1599 4940 1692 4993 καὶ
1731 4941 2119 5012 ἀρχαγγέλων,

550 5021 645 5074 καὶ
674 5018 860 5082 ἁπλῶς
888 5019 1068 5088 πάσης
1101 5019 1198 5088 τῆς
1242 5019 1469 5084 κτίσεως
1507 5021 1602 5092 τὴν
1632 5024 1845 5092 σοφίαν,
1875 5029 1908 5094 ἡ
1949 5024 2120 5078 κατά-

548 5103 708 5173 ληψις
746 5104 845 5173 τῆς
872 5102 1056 5163 οὐσίας
1091 5112 1113 5138 θ
1139 5100 1232 5153 τοῦ
1257 5101 1410 5166 Θεοῦ,
1453 5105 1586 5173 μετά
1630 5105 1826 5176 πολλῆς
1857 5107 2122 5177 ὑπερϐαίν-

545 5205 631 5242 νει
653 5187 752 5257 τῆς
778 5185 1125 5257 περιουσίας,
1163 5188 1257 5240 καὶ
1285 5187 1362 5258 τῷ
1414 5191 1708 5256 Μονογενεῖ
1747 5191 1894 5261 μόνῳ
1922 5192 2014 5244 καὶ
2044 5193 2122 5262 τῷ

549 5271 690 5340 ἁγίῳ
740 5270 1017 5340 Πνεύματι
1055 5269 1332 5342 γνώριμός
1376 5273 1493 5325 ἐστι
1528 5275 1618 5325 καὶ
1659 5275 1866 5345 σαφής·
1903 5277 2021 5328 νυνὶ
2063 5278 2119 5330 δὲ

550 5356 687 5425 πρὸς
715 5353 899 5423 ἕτερον
939 5352 1322 5422 παλαισμάτων
1358 5358 1488 5424 ἡμῖν
1531 5355 1694 5426 μέρος
1733 5359 1761 5408 0
1798 5356 1952 5426 λόγος
1985 5358 2117 5429 μεθ-

617 5482 640 5544 f
673 5482 766 5544 Alii
785 5482 907 5528 κατά
926 5481 1014 5544 τὴν
1037 5480 1122 5529 τοῦ
1144 5481 1268 5530 Θεοῦ
1288 5483 1438 5544 χάριν.

613 5543 642 5582 ὶι
673 5543 807 5592 Unus
825 5543 1182 5602 ὐποδεξομένην.

618 5609 640 5638 ε
669 5604 818 5652 δυιιι.
844 5610 895 5651 et
918 5607 1108 5664 aliquot
1131 5618 1248 5653 mss.
1276 5605 1500 5663 ἰθύνουσι,
1529 5604 1833 5654 Morel.vero
1857 5607 2114 5658 εὐθύνουσι.

552 5663 680 5716 Infra
706 5667 886 5730 κιὶίιιιοι
906 5663 1018 5730 mss;
1047 5671 1098 5730 ei
1123 5667 1269 5730 Savil.
1289 5667 1442 5729 ἡμέρα
1469 5665 1642 5730 δύναιτῗ
1665 5669 1721 5714 ἂν
1738 5667 1958 5717 πλεῦσαι.
1985 5671 2120 5730 (εαξ-

543 5735 651 5780 1ιιηι
671 5733 773 5776 ενοι
791 5727 901 5774 ἰδεῖν
921 5727 1092 5773 δύναιτ’
1117 5728 1189 5782 ἄν,
1211 5727 1393 5776 οηιιδδο
1411 5727 1522 5776 mox
1543 5728 1769 5788 ἀπάσης.)

614 5789 642 5826 d
662 5789 993 5852 Αιὶφιυιηιιιξδ.
1020 5788 1206 5846 βιαίαις.
1234 5788 1384 5852 Palle
1407 5796 1516 5852 pogl
1538 5803 1648 5837 mss.
1674 5791 1868 5852 plurimi
1893 5794 2112 5851 ἀντιστή-

544 5847 1316 5916 ςαγτεςιὲσνὶι.·άντιστήσαντας,
1342 5847 1513 5900 Mdl'el.
1537 5847 1896 5910 ἀπιστήσαντα.

537 5965 542 5974 1
615 5913 642 5943 e
665 5911 763 5960 Am
784 5916 866 5965 τῆς
886 5911 1238 5968 σοφίαςμιιιιιυε
1259 5917 1414 5962 ncte.

1249 325 1308 380 S.
1349 324 1632 380 JOAN‘NIS
1671 323 2152 380 CHRYSOSTOMI
2185 324 2506 380 ARCHIEP.
2547 324 3092 381 CONSTANTINOP.
3683 328 3777 384 ’ῖδῖ

2229 439 2462 491 ίσταται.
2511 438 2788 510 Ζητοῦμεν
2821 439 2932 510 γὰρ
2977 441 3026 491 εί
3068 437 3168 509 τῆς
3195 437 3366 509 αὐτῆς
3410 438 3703 508 δυνάμεως,
3737 443 3779 492 εἰ

2221 521 2316 590 τῆς
2348 521 2514 590 αὐτῆς
2538 521 2784 585 ἐξουσίας
2813 521 2980 584 ἐστὶν,
3009 523 3058 574 εί
3091 521 3188 589 τῆς
3215 522 3382 590 αὐτῆς
3411 521 3597 583 οὐσίας
3621 522 3646 572 0
3668 522 3781 583 Υἰδς

2218 603 2296 672 τῷ
2333 603 2534 672 Πατρί·
2572 603 2772 673 μᾶλλον
2797 604 2853 656 δὲ
2882 607 3045 674 ἡμεῖς
3074 604 3134 655 οὐ
3166 602 3455 673 ζητοῦμεν,
3492 603 3605 655 ἀλλ’
3632 604 3783 673 εὑρή-

2221 703 2395 755 καμεν
2420 685 2579 738 τοῦτο
2607 687 2696 738 διά
2725 687 2824 757 τὴν
2847 687 2938 739 τοῦ
2978 685 3215 757 Χριστοῦ
3240 685 3420 757 χάριν,
3449 687 3542 739 καί
3573 687 3784 755 κατέχον

2225 785 2324 837 μεν
2359 769 2495 838 μετὰ
2543 769 2841 838 ἀσφαλείας
2868 786 2882 800 ο
2925 772 3040 827 τοῖς
3077 769 3133 822 δέ
3179 767 3618 838 ἀναισχυντοῦσιν
3655 768 3784 838 ὑπὲρ

2220 849 2423 903 τούτων
2449 849 2580 904 αὐτὸ
2615 851 2773 905 τοῦτο
2807 852 3085 918 ἀποδεῖξαι
3123 851 3648 923 παρασκευαζόμεθα
3675 852 3782 906 νῦν.

2220 933 2553 1003 Αἰσχύνομαι
2581 935 2678 1003 μὲν
2705 931 2798 988 οὖν
2829 936 2922 988 καὶ
2950 934 3205 1005 ἐρυθριῶ,
3243 934 3449 1004 μέλλων
3475 937 3556 998 εἰς
3578 933 3786 996 τούτους

2221 1017 2508 1086 ἐμϐάλλειν
2529 1019 2655 1080 τοὺς
2697 1017 2906 1084 λόγους.
2951 1018 3046 1080 Τίς
3077 1017 3186 1088 γὰρ
3222 1019 3367 1086 ἡμᾶς
3401 1019 3462 1069 οὐ
3508 1017 3785 1084 γελάσεται

2221 1100 2288 1150 τά
2338 1099 2479 1152 οὕτω
2536 1101 2746 1172 φανερὰ
2798 1100 3226 1163 κατασκευάζειν
3261 1102 3356 1153 καὶ
3410 1100 3785 1153 ἀποδεικνύναι

2223 1181 2628 1251 πειρωμένουςς
2663 1183 2787 1235 ποία
2817 1183 2873 1235 δὲ
2899 1185 2999 1236 οὐκ
3027 1182 3092 1236 ἂν
3113 1184 3198 1253 εἴη
3220 1184 3561 1249 κατάγνωσις
3590 1183 3784 1252 ζητεῖν,

2220 1265 2267 1315 εἰ
2296 1264 2576 1332 ὁμοούσιός
2614 1267 2761 1318 ἐστιν
2792 1269 2820 1318 0
2856 1265 2980 1329 Υἱὸς
3005 1265 3080 1335 τῷ
3115 1266 3287 1337 Πατρί
3305 1283 3318 1330 ;
3343 1265 3512 1318 Τοῦτο
3539 1265 3646 1336 γὰρ
3675 1268 3786 1336 οὐχὶ

2219 1350 2336 1409 ταῖς
2374 1349 2614 1417 Γραφαῖς
2647 1349 2827 1420 μόνον,
2862 1349 2997 1402 ἀλλὰ
3036 1349 3129 1402 καὶ
3161 1352 3226 1419 τῇ
3262 1353 3412 1420 κοινῇ
3445 1351 3660 1404 πάντων
3684 1351 3786 1404 τῶν

2220 1429 2520 1500 ἀνθρώπων
2551 1430 2695 1501 δόξῃ,
2729 1433 2822 1484 καὶ
2841 1435 2907 1502 τῇ
2934 1431 3041 1484 τῶν
3068 1433 3406 1504 πραγμάτων
3439 1432 3597 1499 φύσει
3631 1435 3787 1502 μαχό-

2225 1514 2382 1582 μενόν
2411 1515 2578 1567 ἐστιν.
2615 1515 2738 1566 ’Ὁτι
2767 1514 2875 1584 γὰρ
2909 1514 3192 1585 όμοούσιος
3223 1516 3548 1585 ὁγεννηθείς
3575 1515 3652 1585 τῷ
3680 1533 3788 1583 γεν⁹

2219 1597 2463 1666 νήσαντι,
2491 1597 2590 1649 οὐκ
2613 1599 2698 1649 ἐπ’
2726 1597 3024 1668 ἀνθρώπων
3051 1598 3231 1668 μόνον,
3253 1596 3385 1649 ἀλλά
3417 1598 3509 1650 καὶ
3531 1600 3621 1650 ἐπὶ
3642 1597 3786 1660 ζώων

2221 1677 2492 1740 ἁπάντων,
2536 1681 2629 1731 καὶ
2661 1680 2754 1731 ἐπὶ
2779 1680 3007 1750 δένδρων
3032 1680 3190 1732 τοῦτο
3226 1680 3322 1732 ἴδοι
3346 1698 3429 1742 τις
3462 1680 3547 1733 ἀν.

2290 1761 2414 1824 Πῶς
2445 1758 2538 1815 οὖν
2567 1763 2664 1814 οὐκ
2699 1763 2895 1816 ἄτοπον
2925 1762 3016 1816 ἐπὶ
3040 1762 3137 1833 μὲν
3161 1764 3340 1832 φυτῶν
3368 1765 3460 1815 καὶ
3494 1763 3588 1816 ἀνθ
3600 1763 3785 1834 ρώπων

2219 1844 2313 1896 καὶ
2345 1843 2497 1907 ζώων
2543 1846 2800 1915 ἀκίνητον
2848 1845 3036 1900 τοῦτον
3080 1847 3260 1916 μένειν
3297 1846 3388 1899 τὸν
3412 1846 3563 1917 [503]
3611 1847 3784 1915 νόμον,

2220 1925 2312 1978 ἐπὶ
2340 1926 2474 1978 Θεοῦ
2501 1927 2557 1979 δέ
2583 1928 2740 1996 μόνον
2765 1930 2934 1981 κινεῖν
2957 1930 3118 1982 αὐτὸν
3143 1931 3236 1982 καὶ
3260 1930 3585 2000 ἀνατρέπειν
3607 1947 3620 1993 ;
3647 1929 3784 1998 Πλὴν

2218 2007 2333 2060 ἀλλ’
2369 2009 2453 2060 ἵνα
2487 2009 2560 2080 μὴ
2582 2009 2826 2080 δοκῶμεν
2863 2012 2971 2064 ἀπὸ
2995 2012 3100 2066 τῶν
3132 2013 3262 2084 παρ’
3289 2015 3419 2083 ἡμῖν
3455 2011 3785 2083 πραγμάτων

2219 2089 2390 2144 ταῦτα
2421 2092 2868 2163 διισχυρίζεσθαι,
2901 2094 3034 2164 φέρε
3067 2095 3175 2148 ἀπὸ
3206 2094 3314 2147 τῶν
3346 2096 3576 2166 Γραφῶν
3614 2095 3785 2147 αὐτῶν

2219 2172 2373 2226 τοῦτο
2407 2173 2794 2245 ἀποδείξωμεν,
2827 2177 2918 2229 καὶ
2950 2179 3258 2248 κινήσωμεν
3283 2179 3408 2241 τοὺς
3435 2177 3562 2248 περὶ
3588 2178 3786 2230 τούτων

2219 2257 2430 2323 λόγους.
2475 2259 2547 2309 Οὐ
2584 2258 2692 2328 γὰρ
2720 2261 2882 2329 ἡμεῖς
2918 2261 2967 2312 οἰ
3017 2261 3389 2330 πεπεισμένοι,
3437 2261 3553 2313 ἀλλ’
3595 2263 3786 2314 ἐκεῖνοι

2219 2340 2267 2390 οἱ
2295 2339 2645 2404 ἀπιστοῦντες
2674 2340 2764 2394 τὸν
2797 2342 3007 2406 γέλωτα
3035 2343 3384 2414 όφλήσουσιν,
3419 2345 3470 2395 οἱ
3510 2343 3529 2382 ί
3560 2343 3692 2413 πρὸς
3720 2343 3786 2395 τά

2219 2421 2359 2473 οῦτω
2406 2423 2613 2494 φανερά
2651 2423 3054 2494 ἀνθιστάμενοι,
3094 2427 3188 2479 καὶ
3229 2427 3365 2496 πρὸς
3403 2428 3500 2496 τὴν
3535 2427 3785 2498 ἀλήθειαν

2219 2504 2647 2568 ἀντιϐλέποντες.
2681 2508 2814 2559 Ποῖα
2845 2509 3071 2579 φανερὰ,
3115 2509 3309 2579 φησίν;
3351 2512 3400 2562 εἰ
3441 2511 3570 2580 γάρ,
3607 2511 3785 2581 ἐπειδὴ

2220 2587 2344 2650 Υἱὸς
2377 2588 2612 2655 λέγεται,
2644 2589 2925 2659 ὁμοούσιὸς
2959 2593 3075 2642 ἐστι
3106 2591 3183 2658 τῷ
3219 2593 3408 2662 Πατρὶ,
3443 2593 3786 2663 δυνησόμεθα

2219 2671 2312 2723 καὶ
2359 2674 2520 2741 ἡμεῖς
2548 2672 2824 2741 όμοούσιοι
2871 2670 3043 2726 εἶναι·
3076 2676 3168 2726 καί
3209 2675 3316 2745 γάρ
3361 2677 3454 2728 καί⁵
3493 2677 3652 2746 ἡμεῖς
3683 2678 3789 2729 υἱοὶ

2217 2754 2520 2824 λεγόμεθα·
2571 2754 2709 2822 Ἐγὼ
2759 2755 2868 2824 γάρ
2913 2753 3085 2818 εἶπον,
3121 2760 3272 2828 φησί,
3321 2760 3446 2812 θεοί
3479 2761 3640 2820 ἐστε.
3691 2763 3786 2814 καί

2218 2840 2337 2891 υιοί
2373 2839 2668 2906 ’Υψίστυυ
2697 2839 2937 2906 πάντες.
2962 2843 3024 2893 Ὢ
3045 2842 3142 2910 τῆς
3177 2843 3592 2912 ἀναισχυντίαςί
3630 2843 3790 2912 ῶτῆς

2219 2921 2452 2990 ἐσχάτης
2489 2923 2704 2985 ἀνοίαςί
2739 2923 2855 2982 πῶς
2883 2924 2969 2976 διὰ
3014 2925 3230 2977 πάντων
3260 2924 3354 2995 τὴν
3384 2926 3559 2978 αὐτῶν
3594 2927 3790 2995 μανίαν

2218 3003 2613 3057 ἐνδείκνυνταιί
2646 3007 2771 3058 Ὅτε
2802 3006 2894 3058 τὸν
2934 3008 3060 3077 περὶ
3090 3008 3473 3078 ἁκαταλὴπτου
3503 3009 3657 3077 λόγον
3680 3012 3794 3062 ἐκι-

2217 3087 2435 3157 νοῦμεν,
2467 3087 2829 3155 ἐφιλονείκουν
2862 3090 3071 3152 ἑαυτοῖς
3103 3089 3388 3144 διεκδικεῖν
3426 3091 3600 3153 τοῦτο,
3629 3093 3658 3144 δ
3695 3090 3792 3146 τοῦ

2218 3169 2554 3238 Μονογενοῦς
2578 3165 2644 3241 ἦν
2671 3172 2851 3239 μόνου,
2877 3172 2938 3224 τὸ
2962 3172 3050 3225 τὸν
3075 3172 3206 3224 Θεὸν
3232 3173 3401 3236 οὕτως
3421 3174 3615 3228 εἰδέναι
3641 3175 3795 3246 ἀκριο

2221 3252 2351 3316 ϐῶς.
2383 3253 2457 3316 ὡς
2500 3255 2662 3316 αὐτὸς
2701 3255 2890 3306 ἑαυτὸν
2920 3251 3059 3308 οἶδε’
3087 3254 3182 3308 νῦν
3217 3256 3486 3328 δὲ’ἐπειδὴ
3520 3260 3647 3330 περὶ
3692 3261 3791 3330 τῆς

2219 3334 2311 3386 τοῦ
2335 3334 2673 3403 Μονογενοῦς
2694 3336 2850 3406 δόξης
2873 3339 3006 3406 ἡμῖν
3027 3338 3174 3390 ἐστιν
3207 3340 3235 3391 0
3259 3339 3432 3407 λόγος,
3461 3340 3793 3409 φιλονεικοῦ-

2222 3433 2304 3470 σιν
2337 3417 2498 3471 αὐτδν
2544 3420 2622 3481 εἰς
2659 3418 2756 3489 τὴν
2790 3419 2996 3472 οἰκείαν
3029 3421 3302 3476 εὐτέλειαν
3339 3427 3671 3492 καταγαγεῖν
3702 3426 3793 3479 λέ-

2219 3516 2426 3566 γοντες,
2461 3501 2542 3552 ὃτι
2565 3503 2658 3554 καὶ
2690 3504 2850 3572 ἡμεῖς
2881 3502 2985 3554 υἰοί
3027 3502 3316 3574 λεγόμεθα.
3361 3506 3467 3558 Καὶ
3485 3507 3549 3559 οὐ
3574 3508 3793 3572 πάντως

2217 3581 2375 3634 τοῦτο
2413 3583 2730 3652 ὁμοουσίους
2758 3585 2906 3654 ἡμᾶς
2934 3589 3079 3636 ποιεῖ
3104 3585 3182 3656 τῷ
3216 3586 3352 3656 Θεῷ.
3381 3588 3506 3652 Υἱὸς
3531 3587 3666 3663 λέγῃ
3703 3593 3791 3657 σύ,

2219 3665 2332 3718 ἀλλ’
2361 3666 2565 3728 ἐκεῖνος
2612 3666 2759 3719 ἔστιν
2793 3668 2848 3708 ⁸·
2882 3668 3114 3722 ἐνταῦθα
3165 3670 3337 3740 ῥῆμα,
3379 3673 3497 3725 ἐκεῖ
3539 3676 3789 3744 πρᾶγμα.

2221 3747 2343 3810 Υἰὸς
2375 3747 2506 3818 λέγῃ
2545 3748 2632 3808 σύ,
2665 3749 2798 3802 ἀλλά
2820 3751 3126 3821 Μονογενὴς
3155 3753 3214 3804 οὐ
3248 3752 3382 3825 λέγῃ
3422 3754 3674 3826 καθάπερ
3703 3759 3795 3809 καὶ

2219 3832 2441 3892 ἐκεῖνος,
2479 3830 2591 3881 ἀλλ’
2631 3833 2687 3882 ἐν
2726 3833 2838 3895 τοῖς
2882 3833 3100 3897 κόλποις
3132 3834 3226 3888 τοῦ
3269 3837 3476 3906 Πατρὸς
3499 3838 3559 3888 οὐ
3583 3837 3793 3909 διατρί-

2220 3911 2352 3976 ϐεις,
2382 3911 2495 3964 ἀλλ’
2529 3913 2868 3984 ἀπαύγασμα
2909 3917 3006 3986 τῆς
3038 3917 3191 3988 δόξης
3226 3919 3326 3970 οὐκ
3361 3914 3430 3980 εἰ,
3457 3919 3577 3972 οὐδὲ
3618 3939 3793 3992 χαρα-

2219 3995 2355 4066 κτὴρ
2376 3995 2474 4064 τῆς
2495 3995 2862 4060 ὑποστάσεως,
2883 3999 3002 4051 οὐδέ
3027 4000 3208 4072 μορφὴ
3228 4001 3479 4064 τοῦ,Θεοῦ
3502 4004 3790 4075 ὑπάρχεις.

2219 4079 2281 4130 Εἰ
2312 4078 2489 4130 τοίνυν
2517 4079 2578 4130 οὐ
2617 4079 2793 4131 πείθει
2832 4097 2891 4134 σε
2919 4082 2980 4134 τὸ
3011 4084 3295 4155 πρότερον,
3323 4085 3498 4138 ταῦτα
3536 4087 3792 4154 πειθέτω,

2219 4161 2313 4213 καὶ
2339 4161 2507 4214 πολλὰ
2528 4161 2690 4231 ἐτερα
2721 4161 2943 4216 πλείονα
2967 4164 3190 4228 τούτων.
3216 4166 3316 4236 τὴν
3345 4167 3624 4235 εὐγένειαν
3646 4172 3792 4241 αὐτῷ

2223 4243 2598 4312 μαρτυροῦντα
2646 4244 2882 4316 ἐκείνην.
2915 4248 3081 4300 Ὅταν
3123 4249 3222 4318 μὲν
3248 4251 3355 4320 γὰρ
3382 4251 3441 4302 τὸ
3472 4253 3790 4322 ἀπαράλλαο

2220 4342 2346 4378 κτον
2383 4326 2483 4395 τῆς
2522 4325 2707 4390 οὐσίας
2736 4329 2901 4382 αὐτοῦ
2935 4330 3104 4396 δεῖξαι
3135 4331 3390 4400 βούληται
3431 4333 3492 4384 τὸ
3537 4335 3676 4406 πρὸς
3705 4336 3791 4388 τὸν

2221 4410 2605 4478 γεγεννηκότα,
2648 4410 2711 4463 Ὀ
2739 4411 3007 4478 ἑωρακὼς
3045 4413 3168 4482 ἐμὲ,
3209 4417 3391 4484 φησὶν,
3425 4416 3648 4484 ἑώρακε
3690 4420 3793 4470 τὸν

2222 4490 2470 4559 Πατέρα.
2487 4493 2654 4545 Ὅταν
2666 4493 2792 4546 δὲτὸ
2815 4494 3011 4560 ἰδιάζον
3022 4496 3119 4566 τῆς
3139 4496 3436 4567 δυνάμεως,
3453 4500 3614 4568 Ἐγὼ,
3637 4503 3788 4570 φησὶ,

2221 4572 2321 4625 καί
2358 4577 2390 4626 ό
2417 4574 2618 4642 Πατὴρ
2657 4575 2727 4628 ἓν
2767 4576 2982 4644 ἐσμεν·
3023 4580 3147 4632 ὅταν
3175 4580 3230 4632 δὲ
3257 4581 3317 4633 τό
3359 4583 3655 4652 ἐφάμιλλον
3697 4586 3790 4654 τῆς

2222 4655 2487 4720 ἐξουσίας,
2515 4658 2740 4724 Ὥσπερ
2758 4659 2865 4726 γὰρ
2891 4663 2922 4713 ό
2947 4661 3146 4729 Πατὴρ
3163 4663 3369 4732 ἐγείρει
3382 4666 3524 4732 τοὺς
3541 4669 3790 4734 νεκροὺς

2223 4737 2319 4790 καί
2348 4737 2625 4804 ζωοποιεῖ,
2652 4739 2805 4793 οὕτω
2834 4741 2932 4794 καί
2957 4745 2990 4796 ὁ
3025 4745 3177 4809 Υἱὸς,
3198 4746 3304 4810 οὒς
3327 4746 3481 4800 θέλει
3506 4745 3787 4808 ζωοποιεῦ

2223 4822 2348 4874 ὅταν
2375 4821 2432 4873 δέ
2477 4822 2575 4886 τὴν
2615 4822 2918 4894 ταύτότητα
2955 4825 3053 4894 τῆς
3095 4826 3368 4898 λατρείας,
3397 4830 3530 4883 Ἵνα
3567 4832 3792 4897 πάντες

2221 4903 2431 4973 τιμῶσι
2472 4904 2580 4959 τὸν
2642 4905 2806 4970 Υίὸν,
2851 4907 3043 4973 καθὼς
3094 4907 3304 4978 τιμῶσι
3356 4911 3463 4964 τὸν
3519 4915 3787 4982 Πατέριν

2221 4991 2349 5044 ὅταν
2377 4991 2434 5044 δέ
2461 4991 2560 5062 τὴν
2591 4991 2877 5046 αὐθεντίαν
2914 4993 3009 5064 τὴν
3037 4997 3093 5048 ἐν
3121 5002 3243 5059 ταῖς
3283 4997 3389 5050 τῶν
3420 4999 3595 5069 νόμων
3626 5019 3791 5070 μετα-

2225 5077 2462 5137 σκευαῖς,
2508 5075 2570 5127 Ὃ
2611 5074 2812 5152 Πατήρ
2852 5094 2990 5145 μου,
3037 5078 3222 5148 φησὶν,
3271 5079 3583 5149 ἐργύζεται,
3630 5087 3795 5152 κάγὼ

2222 5155 2547 5225 ἐργάζομαι.
2587 5157 2726 5210 Ἀλλ’
2747 5151 2892 5211 οὗτοι
2925 5159 3098 5213 πάντα
3123 5161 3294 5215 ταῦτα
3317 5151 3788 5236 παραδραμόντες,

2223 5239 2317 5291 καὶ
2341 5239 2403 5290 τὸ
2426 5239 2552 5302 Υἱὸς
2583 5240 2752 5310 ὄνομα
2786 5242 2845 5293 οὐ
2878 5242 3080 5313 κυρίως
3103 5244 3442 5309 ἐκλαϐόντες,
3482 5248 3676 5319 ἐπειδὴ
3704 5251 3792 5303 καὶ

2222 5321 2376 5373 αὐτοὶ
2404 5321 2721 5390 τετίμηνται
2750 5325 2816 5393 τῇ
2843 5323 2951 5376 τῶν
2979 5324 3108 5376 υἱῶν
3136 5330 3469 5399 προσηγορία
3503 5330 3554 5394 δ,
3579 5334 3667 5392 εἰς
3700 5332 3792 5400 τὴν

2221 5403 2395 5474 αὐτὴν
2425 5403 2699 5456 εὐτέλειαν
2738 5406 2830 5458 τὸν
2854 5405 2980 5458 Υίὸν
3012 5407 3304 5476 κατάγουσι
3338 5408 3608 5478 λέγοντες,
3653 5415 3792 5481 Ἐγὼ

2219 5481 2378 5550 εἶπα,
2421 5487 2544 5539 θεοί
2581 5486 2739 5551 ἐστε,
2774 5487 2868 5540 καί
2908 5489 3024 5541 υἱοί
3075 5490 3362 5558 Ὑψίστου
3397 5493 3642 5560 πάντες.
3693 5498 3784 5547 Οὑ-

2222 5569 2352 5622 κοῦν
2379 5569 2563 5639 ἐπειδὴ
2593 5570 2681 5622 διά
2709 5570 2807 5640 τὴν
2835 5568 2927 5622 τοῦ
2955 5571 3069 5624 υἰοῦ
3095 5575 3456 5646 προσηγορίαν
3483 5579 3592 5648 φῂς
3618 5578 3790 5647 μηδὲν

2222 5651 2364 5722 ἐχειν
2399 5669 2492 5704 σου
2523 5653 2682 5705 πλέον
2710 5653 2799 5705 τὸν
2837 5653 2980 5718 Υἱὸν,
3009 5657 3100 5708 καὶ
3129 5657 3268 5710 κατά
3297 5658 3450 5711 τοῦτο
3479 5661 3618 5731 μηδέ
3652 5657 3791 5715 εἶναι

2294 5731 2313 5770 ί
2330 5735 2428 5783 Alil
2455 5736 2638 5794 γέλωτα
2654 5736 2882 5793 οἴσουσιν,
2909 5739 2968 5784 οἰ.

2285 5797 2311 5857 β
2335 5797 2430 5843 Alii
2452 5797 2560 5857 λέγῃ
2585 5797 2662 5852 σὺ,
2697 5797 2869 5852 ἐκεῖνος
2891 5799 2941 5846 δὲ
2959 5801 3038 5847 καὶ
3062 5802 3177 5850 ἔστι.

2277 5855 2672 5930 ξΑΙὶηυοιωες.
2696 5863 2753 5920 τῇ
2795 5863 3104 5926 προσηγορίᾳ,
3129 5863 3302 5916 Morel.
3340 5872 3388 5916 el
3411 5869 3647 5931 Saxilixi
3700 5874 3791 5918 των

2221 5921 2336 5966 υἱῶν
2355 5921 2662 5982 προσηγορίᾳ.
