3926 6242
174 211 285 267 757

171 338 464 382 caritatem
491 337 715 395 vestram
733 324 996 379 deducere
1024 324 1128 375 den
1151 322 1359 375 favente
1379 324 1630 374 conabor.
1659 322 1760 374 Sed

172 422 447 475 attendite
472 420 729 481 animum,
759 428 916 485 atque
944 415 1154 484 vigilate
1183 431 1195 465 :
1225 430 1346 465 nam
1376 414 1510 465 inter
1530 427 1622 465 eos
1651 413 1766 479 qui-

174 515 306 567 dem
336 515 425 582 qui
449 512 695 580 navigant
720 550 736 575 ,
767 510 888 561 licet
913 507 1178 561 dormiant
1206 520 1412 569 omnes,
1444 506 1486 556 si
1517 504 1660 557 solus
1693 503 1767 555 vi-

175 607 311 673 gilet
350 606 675 673 gubernator
698 644 711 663 ,
757 601 955 654 nullum
994 608 1075 651 est
1104 596 1393 665 periculum
1418 636 1432 658 ,
1465 595 1587 647 dum
1628 593 1767 645 illius

175 696 459 764 vigilantia
503 704 558 746 et
601 708 688 745 ars
733 692 939 759 navigio
983 703 1080 755 pro
1120 687 1366 740 omnibus
1413 685 1647 738 sufﬁcit:
1682 683 1766 735 hic

177 803 313 841 vero
342 802 449 838 non
482 786 549 837 ita
582 802 594 836 :
624 782 717 837 scd
742 783 864 836 licet
881 780 1058 848 vigilet
1084 787 1282 840 orator,
1317 776 1414 829 nisi
1440 775 1763 841 vigilantiam

177 878 431 933 eamdem
472 875 760 929 exhibeant
794 871 1063 924 auditores
1086 910 1101 933 ,
1145 867 1423 921 demersus
1464 864 1550 918 hic
1587 878 1765 917 sermo

179 981 373 1024 noster
404 967 635 1038 peribit,
679 978 850 1032 neque
899 970 1129 1015 tuentem
1175 958 1369 1022 ullam,
1413 970 1443 1008 a
1470 970 1569 1024 qua
1602 954 1767 1022 possit

178 1060 360 1128 excipi
390 1102 402 1122 ,
434 1059 787 1111 nanciscetur.
834 1052 1168 1119 Quapropter
1194 1048 1402 1101 sobrios
1428 1060 1546 1099 esse
1573 1058 1671 1097 nos
1703 1058 1766 1096 ac

180 1153 468 1219 \igilantes
497 1154 739 1217 oportet:
763 1143 1021 1213 siquidem
1040 1137 1496 1210 praestantior-ibus
1524 1136 1576 1189 in
1604 1134 1766 1189 rebus

179 1240 479 1308 negotiatio
525 1246 704 1291 nostra
750 1234 1042 1297 consistet,
1094 1245 1192 1285 nec
1230 1229 1297 1283 ad
1336 1244 1522 1282 aurum
1546 1268 1560 1289 ,
1585 1226 1668 1280 vel
1698 1225 1763 1278 ad

177 1343 465 1403 argentum
489 1372 503 1395 ,
553 1329 636 1384 vel
662 1327 728 1381 ad
757 1342 843 1382 res
870 1333 1155 1396 pereuntes
1180 1363 1194 1387 ,
1223 1321 1315 1376 sed
1338 1321 1404 1375 ad
1426 1319 1657 1373 futuram
1691 1318 1765 1369 vi-

181 1437 292 1479 tam
320 1434 378 1478 et
405 1423 648 1477 caelestes
678 1419 955 1473 thesaurus
994 1413 1367 1485 adipiscendos
1406 1412 1715 1480 navigamus
1747 1427 1759 1461 :

180 1518 461 1585 multoque
507 1514 682 1583 plures
707 1512 793 1565 hic
819 1525 974 1580 quam
1014 1509 1065 1561 in
1106 1506 1238 1560 mari
1268 1504 1354 1560 vel
1394 1505 1445 1557 in
1476 1513 1615 1557 terra
1644 1512 1766 1554 sunt

178 1608 286 1660 viae
321 1625 335 1659 :
368 1605 508 1673 quod
534 1605 575 1657 si
616 1602 733 1672 quis
774 1609 1023 1654 accurate
1064 1598 1184 1651 illas
1230 1605 1411 1650 tenere
1454 1592 1761 1655 nesciverit,

176 1697 590 1753 acerbissimum
637 1691 967 1761 naufragium
1010 1689 1260 1758 patietur.
1309 1686 1579 1753 Quotquot
1610 1682 1764 1751 igitur

180 1788 467 1841 nobiscum
495 1784 786 1853 navigatis,
829 1797 897 1834 ne
932 1779 1304 1833 conﬁdentiam
1334 1785 1635 1836 vectorum,
1668 1772 1761 1825 sed

178 1879 513 1948 vigilantiam
536 1884 587 1929 et
609 1873 1018 1927 sollicitudinem
1042 1870 1289 1925 exhibete
1316 1869 1759 1937 gubernatorum:

179 1990 307 2026 nam
354 1980 411 2025 et
453 1970 531 2023 illi
576 1968 699 2021 dum
746 1964 1129 2019 dormientibus
1173 1962 1381 2015 creteris
1409 1959 1653 2013 omnibus
1696 1957 1763 2010 ad

174 2061 549 2133 gubernacula
575 2058 782 2122 sedent,
809 2073 913 2110 non
934 2058 1045 2109 vias
1071 2063 1275 2108 tantum
1303 2054 1353 2106 in
1376 2053 1526 2121 aquis
1546 2052 1763 2105 circum-

176 2155 422 2226 spiciunt
445 2195 458 2215 ,
487 2152 580 2207 sed
609 2160 663 2205 et
697 2152 748 2203 in
777 2150 964 2204 caelum
992 2164 1058 2202 ex
1087 2155 1233 2200 tanto
1271 2146 1561 2214 respiciunt
1595 2144 1762 2197 inter-

177 2248 347 2310 vallo,
379 2260 441 2299 ac
486 2242 650 2298 veluti
687 2258 844 2295 manu
869 2239 1093 2310 quadam
1122 2254 1152 2291 a
1178 2238 1454 2291 stellarum
1484 2251 1645 2289 cursu
1670 2235 1764 2289 de-

174 2336 373 2400 ducti,
424 2335 599 2388 navim
647 2348 769 2387 cum
820 2332 1105 2385 securitate
1156 2329 1498 2383 moderantur
1536 2346 1549 2380 :
1592 2343 1761 2395 neque

177 2427 408 2495 pelagus
434 2424 710 2492 imperitus
737 2422 874 2476 ullus
902 2420 1129 2474 interdiu
1159 2430 1265 2473 tam
1292 2418 1553 2487 intrepide
1582 2427 1763 2485 posset

178 2518 413 2582 intueri,
444 2525 604 2586 atque
640 2515 712 2568 illi
742 2514 1024 2583 tranquille
1058 2513 1229 2566 media
1261 2521 1434 2576 nocte,
1465 2527 1584 2564 cum
1614 2525 1759 2562 mare

177 2620 448 2665 terrorem
479 2608 647 2677 magis
681 2605 885 2669 incutit,
919 2606 1192 2672 vigilantes
1214 2612 1395 2671 pacate
1419 2617 1566 2655 suam
1594 2613 1760 2653 artem

176 2710 477 2763 exercent,
521 2708 572 2753 et
600 2714 705 2751 non
746 2697 963 2752 semitas
991 2696 1163 2749 solum
1192 2696 1327 2747 inter
1362 2692 1562 2755 undas,
1594 2705 1763 2759 neque

175 2806 377 2847 cursus
414 2800 679 2844 astrorum
699 2828 715 2853 ,
746 2787 840 2842 sed
873 2796 926 2841 et
948 2794 1225 2839 ventorum
1251 2783 1422 2836 exitus
1448 2780 1760 2848 circurnSpi-

175 2885 331 2936 riunt
352 2899 366 2933 :
389 2890 635 2949 tantaque
655 2878 890 2932 virorum
918 2876 1124 2929 illorum
1143 2882 1221 2929 est
1240 2872 1516 2941 sapientia,
1545 2882 1601 2923 ut
1622 2885 1762 2939 smpc

179 2982 468 3027 \entorum
510 2971 767 3039 impetum
809 2966 1177 3022 vehementius
1218 2964 1548 3032 ingruentem
1580 2975 1641 3014 ac
1667 2976 1762 3013 na-

176 3066 384 3134 vigium
423 3062 801 3116 subversurum
826 3100 841 3123 ,
881 3056 1081 3111 crebris
1107 3054 1344 3109 velorum
1382 3050 1760 3106 mutationibus

174 3155 545 3224 rxcipientes,
589 3152 814 3206 solerter
841 3148 1129 3218 periculum
1170 3160 1329 3200 omne
1359 3144 1660 3214 depellant,
1707 3151 1761 3196 ct

177 3247 432 3301 violentis
455 3252 729 3297 ventorum
776 3240 1072 3295 incursibus
1110 3246 1277 3291 artem
1307 3251 1455 3289 suam
1481 3249 1757 3304 opponen-

180 3353 287 3405 tes,
315 3336 613 3406 tempestati
639 3335 812 3389 navim
837 3333 1082 3401 eripiant.
1108 3330 1259 3398 Quod
1285 3330 1329 3384 si
1360 3344 1454 3398 pro
1480 3328 1759 3382 mundanis

182 3434 261 3487 illi
292 3432 453 3485 rebus
480 3429 581 3481 hoc
606 3426 857 3481 sensibile
881 3439 1027 3478 mare
1048 3424 1351 3492 navigantes
1370 3464 1385 3487 ,
1417 3422 1594 3474 animo
1619 3435 1759 3474 sem-

182 3538 284 3593 per
324 3527 451 3575 sunt
488 3519 624 3572 adeo
668 3517 935 3586 vigilanti,
987 3514 1155 3567 multo
1197 3513 1361 3579 magis
1392 3511 1463 3565 ita
1501 3525 1598 3565 nos
1640 3524 1757 3563 esse

179 3620 523 3682 comparatos
565 3618 772 3678 oportet
813 3621 979 3661 :cum
1030 3605 1323 3674 periculum
1374 3602 1757 3672 negligentibus

180 3704 358 3773 majus
386 3701 679 3763 immineat,
712 3697 985 3766 majorque
1011 3698 1080 3750 sit
1107 3696 1365 3749 securitas
1395 3693 1752 3763 vigilantibus.

178 3795 315 3850 Nam
358 3806 531 3860 neque
576 3806 642 3844 ex
684 3787 951 3843 asseribus
992 3796 1172 3840 nostra
1219 3785 1333 3839 hazc
1375 3784 1561 3854 cymba
1612 3798 1759 3837 cont-

180 3895 338 3955 pacta
364 3892 448 3937 est
470 3923 486 3947 ,
531 3881 625 3934 sed
651 3896 715 3933 ex
754 3879 945 3933 divinis
970 3884 1053 3932 est
1078 3876 1430 3945 conglutinata
1446 3874 1753 3943 Scripturis,

179 3989 287 4029 nec
322 3973 466 4026 illaut
503 3969 670 4025 stellae
713 3982 938 4037 superne
970 3964 1273 4031 deducunt,
1320 3964 1415 4020 sed
1442 3965 1577 4019 hanc
1605 3965 1757 4019 nobis

180 4064 263 4118 sol
291 4062 512 4132 justitia:
541 4058 927 4127 navigationem
956 4055 1261 4110 moderatur
1295 4072 1308 4108 :
1336 4069 1506 4124 neque
1535 4053 1755 4123 zephyri

181 4156 344 4211 ﬂatus
373 4153 468 4210 sed
494 4154 670 4208 lenem
694 4150 924 4219 Spiritus
952 4162 1134 4202 auram
1162 4147 1528 4216 praestolantes
1556 4145 1622 4200 ad
1652 4161 1753 4216 gu-

179 4246 468 4303 bernacula
497 4243 763 4298 sedemus.

254 4339 309 4392 2.
336 4336 623 4405 Vigilemus
650 4335 844 4399 itaque,
869 4331 1079 4399 viasque
1097 4327 1611 4397 circumspiciamns:
1636 4342 1755 4380 nam

180 4433 256 4487 de
289 4429 542 4499 unigeniti
587 4427 752 4497 gloria
803 4438 986 4477 rursus
1033 4420 1204 4481 nobis,
1224 4428 1305 4473 est
1346 4433 1565 4473 sermo:
1595 4417 1757 4487 siqui-

179 4523 310 4575 dem
340 4519 635 4581 hominum,
665 4516 991 4585 angelorum,
1022 4509 1456 4579 archangelorum
1485 4519 1539 4563 et
1561 4509 1754 4572 omnis,

180 4625 241 4667 ut
282 4589 582 4666 summatim
610 4607 782 4662 dicam
808 4648 822 4670 ,
866 4612 1123 4660 creatura:
1149 4611 1356 4671 captum
1400 4599 1756 4653 incredibilem

178 4706 238 4759 in
266 4702 485 4756 modum
514 4712 764 4767 superare
784 4694 1127 4748 substantiam
1150 4691 1266 4753 Dei,
1290 4704 1387 4743 nec
1413 4689 1479 4742 ab
1507 4688 1591 4741 illa
1613 4702 1760 4741 com-

179 4792 445 4867 prehendi
467 4806 652 4862 posse,
681 4798 839 4857 atque
867 4786 1136 4856 unigenito
1159 4784 1276 4845 soli,
1307 4782 1566 4851 simulque
1589 4781 1759 4850 Spiri—

178 4886 260 4941 tui
292 4893 479 4940 sancto
502 4881 764 4952 cognitam
791 4887 844 4933 et
880 4885 1211 4948 perspectam
1240 4888 1357 4929 esse
1381 4871 1710 4927 ostendimus
1742 4888 1755 4923 :

180 4991 333 5033 nunc
384 4982 561 5029 autem
607 4971 674 5025 ad
719 4971 942 5023 alteram
992 4974 1195 5037 partem
1244 4962 1550 5019 certaminis
1591 4960 1761 5015 oratio

182 5065 503 5123 traducitur.
551 5062 849 5129 Quatrimus
874 5060 1014 5114 enim
1044 5074 1110 5112 an
1155 5056 1392 5125 ejusdem
1421 5054 1629 5107 virtutis
1650 5093 1665 5115 ,
1694 5067 1759 5104 an

181 5157 432 5227 ejusdem
454 5155 705 5225 potentiae
731 5152 818 5217 sit,
852 5168 917 5205 an
939 5150 1176 5220 ejusdem
1201 5164 1320 5202 cum
1347 5147 1502 5200 Patre
1519 5146 1764 5199 substan-

182 5254 275 5305 tia:
297 5248 463 5303 Filius
494 5266 506 5300 :
534 5246 642 5301 imo
668 5260 796 5300 vero
822 5258 925 5297 non
942 5242 1247 5313 quarriutus,
1271 5237 1364 5293 sed
1386 5236 1580 5291 Christi
1603 5236 1763 5289 bene-

184 5348 315 5403 ﬁcio
336 5345 447 5415 jam
474 5342 771 5398 invenimus
789 5381 805 5407 ,
833 5349 887 5394 et
917 5338 1135 5391 ﬁrmiter
1160 5346 1419 5395 tenemus,
1448 5330 1541 5385 sed
1567 5331 1631 5383 ad
1662 5328 1763 5382 hoc

184 5441 365 5510 ipsum
391 5433 860 5491 demonstrandum
901 5432 963 5483 iis
980 5471 994 5493 ,
1023 5428 1115 5497 qui
1160 5424 1491 5495 impudenter
1516 5420 1597 5475 bis
1623 5420 1763 5474 obsi-

180 5538 365 5592 stunt,
402 5528 511 5597 jam
552 5541 649 5580 nos
673 5523 1012 5591 accingimus.
1057 5519 1339 5573 Enimvero
1366 5513 1528 5583 pudet
1566 5527 1671 5576 me,
1702 5526 1764 5565 ac

184 5623 387 5682 rubore
425 5616 701 5676 sull'undor
724 5657 739 5680 .
786 5630 907 5670 cum
934 5610 1192 5683 ejusmodi
1218 5624 1335 5666 sum
1358 5606 1651 5663 orationem
1680 5604 1761 5657 in-

1116 208 1199 262 DE
1236 206 1877 275 CONSUBS’I‘ANTIAIJ,
1913 206 2181 265 CONTRA
2224 209 2595 268 ANOMOEOS.
2630 206 2738 260 Vll.

3335 215 3435 271 753

1870 336 2149 389 gressnrus
2182 342 2193 375 :
2225 326 2343 392 quis
2384 326 2524 378 enim
2560 339 2657 378 nos
2694 340 2798 377 non
2827 325 2989 377 rdeat
3014 368 3028 391 ,
3079 330 3164 394 qui
3194 344 3277 382 res
3304 330 3438 385 adeo

1870 414 2041 467 claras
2080 416 2303 484 probare
2343 432 2406 471 ac
2450 417 2817 473 demonstrare
2855 422 3141 473 conemur?
3187 422 3314 488 Quis
3340 440 3433 478 eos

1872 519 1977 557 non
1999 504 2245 570 damnet,
2274 507 2363 576 qui
2390 519 2633 576 quaerunt
2658 526 2782 563 num
2809 512 3270 566 consubstantialis
3296 513 3436 566 Patri

1870 595 1939 645 sit
1970 594 2177 648 Filius?
2226 595 2279 648 Id
2307 597 2447 649 enim
2471 607 2552 651 est
2578 613 2681 651 non
2709 597 2995 667 Scripturis
3023 601 3191 653 SUIUII]
3216 642 3230 665 ,
3260 603 3352 656 sed
3382 615 3438 656 et

1871 687 2137 739 communi
2199 686 2469 740 hominum
2531 691 2765 743 omnium
2821 693 3097 745 sententia:
3144 708 3206 746 ac
3259 710 3433 747 rerum

1871 785 2072 829 natura:
2124 775 2412 830 adversari.
2480 778 2612 831 Nam
2662 779 2897 848 ejusdem
2957 798 3077 838 esse
3130 784 3438 843 substantiae
3529 809 3533 813 ·

1868 870 2100 936 genitmn
2128 879 2285 940 atque
2310 874 2602 940 genitorem
2625 914 2640 937 ,
2689 890 2796 927 non
2822 875 2873 928 in
2905 875 3204 931 hominibus
3238 880 3434 943 solum,

1870 960 1963 1011 sed
1999 970 2054 1013 et
2098 961 2152 1014 in
2190 962 2395 1016 cunctis
2440 964 2794 1018 animantibus
2823 975 2876 1019 et
2921 967 2973 1019 in
3015 967 3288 1022 arboribus
3314 984 3435 1023 cer-

1871 1064 1997 1102 nere
2026 1049 2166 1104 licet.

1944 1139 2132 1192 Filium
2161 1142 2632 1196 consubstantialem
2655 1161 2760 1197 esse
2790 1142 2935 1197 Patri
2954 1148 3215 1214 probatur.
3238 1177 3307 1187 ——
3333 1151 3443 1201 An-

1872 1244 1975 1283 non
2020 1231 2177 1299 igitur
2223 1232 2507 1285 absurdum
2539 1242 2655 1297 est,
2686 1235 2731 1287 si
2762 1251 2878 1288 cum
2908 1236 2959 1288 itt
3000 1236 3225 1302 plantis,
3256 1237 3308 1290 in
3340 1237 3441 1291 ho-

1872 1320 2099 1373 minibus
2150 1330 2205 1374 et
2248 1322 2565 1376 animalibus
2601 1323 2820 1377 immota
2851 1324 2935 1378 lex
2985 1325 3081 1378 ista
3124 1327 3444 1390 maneat,iu

1872 1412 1980 1465 Deo
2013 1420 2212 1465 tantum
2245 1428 2361 1466 eam
2391 1429 2604 1468 movere
2631 1416 2765 1469 velis
2791 1425 2844 1470 et
2869 1416 3214 1471 subvertere?
3238 1416 3343 1471 Sed
3374 1434 3443 1472 ne

1870 1502 2146 1555 videamur
2177 1518 2241 1557 ex
2270 1505 2427 1559 rebus
2458 1514 2681 1569 tantum,
2720 1523 2840 1575 qum
2861 1508 2997 1575 apud
3029 1524 3125 1562 nos
3146 1518 3301 1575 sunt,
3327 1512 3443 1564 haec

1867 1593 2184 1646 conﬁrmare
2204 1634 2219 1658 ,
2249 1609 2345 1662 age
2365 1594 2537 1649 ductis
2565 1597 2631 1649 ab
2656 1597 2785 1665 ipsis
2806 1597 3089 1665 Scripturis
3115 1598 3440 1668 argumentis

1870 1682 1920 1734 id
1967 1682 2337 1746 ostendamus.
2384 1695 2438 1739 et
2486 1688 2554 1740 de
2604 1687 2686 1741 his
2733 1702 3033 1743 sermonem
3079 1690 3434 1745 instituamus.

1867 1773 2050 1842 Neque
2078 1776 2219 1829 enim
2248 1792 2344 1830 nos
2364 1819 2378 1841 ,
2410 1780 2498 1847 qui
2529 1781 2763 1847 persuasi
2793 1797 3007 1846 sumus,
3039 1782 3131 1836 sed
3160 1783 3235 1836 illi
3262 1783 3438 1839 incre-

1867 1863 1975 1916 duli
2001 1864 2109 1917 risu
2136 1865 2275 1934 digni
2304 1866 2699 1935 jndicabuutur,
2729 1873 2817 1937 qui
2847 1870 3008 1924 rebus
3035 1872 3169 1925 adeo
3194 1872 3351 1925 claris
3376 1882 3433 1927 et

1867 1954 2199 2009 evidentibus
2250 1973 2308 2010 se
2363 1968 2669 2026 opponunt,
2704 1975 2767 2013 ac
2814 1962 3016 2014 veritati
3071 1963 3433 2016 adversantur.

1868 2045 2010 2110 Quas
2046 2055 2099 2099 tu
2142 2062 2227 2100 res
2267 2048 2472 2113 claras,
2504 2049 2774 2118 inquiunt,
2807 2052 3025 2104 narras?
3051 2051 3105 2106 Si
3131 2054 3269 2106 enim
3312 2053 3433 2122 quia

1868 2135 2030 2191 Filitts
2067 2138 2278 2203 dicitur,
2306 2140 2772 2195 consubstantialis
2814 2152 2896 2197 est
2944 2143 3115 2209 Patri,
3147 2144 3437 2214 poterimus

1870 2247 1969 2286 nos
2013 2248 2223 2301 quoque
2261 2234 2741 2289 consubstantiales
2766 2251 2918 2290 esse:
2952 2253 3070 2289 nam
3111 2247 3165 2292 et
3216 2254 3313 2293 nos
3341 2240 3433 2295 ﬁlii

1867 2322 2123 2376 dicimur:
2154 2322 2264 2393 Ego
2294 2324 2436 2377 enim
2473 2325 2600 2391 dixi,
2630 2326 2834 2395 inquit,
2864 2325 2951 2378 Dii
2980 2329 3093 2380 estis
3122 2340 3166 2381 et
3190 2329 3286 2395 ﬁlii
3329 2328 3413 2383 Ex

1867 2413 1986 2465 celsi
2012 2429 2181 2465 omnes
2209 2412 2378 2482 (Psal.
2411 2413 2497 2469 81.
2521 2414 2600 2483 6).
2630 2414 2674 2468 Ο
2701 2414 3108 2484 impudentiam!
3140 2432 3172 2471 0
3214 2418 3437 2472 demen-

1868 2506 1994 2558 tiam
2040 2507 2335 2559 summam!
2387 2522 2547 2575 quam
2595 2508 2871 2563 evidenter
2894 2524 3043 2562 suam
3089 2511 3141 2563 in
3191 2512 3436 2564 omnibus

1868 2596 2123 2651 insaniam
2179 2596 2435 2666 produnt!
2482 2598 2615 2651 Cum
2662 2598 2729 2653 de
2776 2600 3295 2668 incomprehensibili
3344 2603 3435 2657 Dei

1865 2688 2154 2741 substantia
2210 2703 2509 2744 sermonem
2570 2690 2994 2754 institueremus,
3032 2691 3134 2746 hoc
3185 2694 3286 2748 sibi
3328 2697 3413 2748 vin

1865 2776 2042 2831 dicare
2085 2778 2504 2845 contendebant,
2565 2781 2704 2848 quod
2757 2782 3004 2850 unigeniti
3058 2792 3173 2837 erat
3227 2786 3432 2849 solius,

1865 2869 2015 2937 quasi
2043 2870 2292 2923 nimirum
2346 2872 2416 2925 ita
2445 2872 2609 2925 Deum
2652 2872 2883 2941 perfecte
2928 2876 3201 2941 noverint,
3232 2886 3291 2931 ut
3343 2894 3432 2932 se-

1866 2961 2036 3029 ipsum
2067 2962 2211 3015 novit
2236 2962 2382 3031 ipse:
2409 2962 2519 3031 jam
2548 2978 2674 3017 vero
2699 2979 2817 3018 cum
2858 2964 2925 3019 de
2966 2966 3128 3035 gloria
3174 2968 3430 3038 unigeniti

1866 3052 2026 3107 verba
2071 3051 2327 3119 facimus,
2355 3053 2422 3108 ad
2472 3070 2621 3108 suam
2652 3055 2796 3110 illum
2838 3055 3136 3125 deprimere
3178 3058 3432 3114 vilitatem

1863 3143 2222 3209 contendunt,
2272 3145 2521 3214 aiuntque
2555 3145 2703 3199 :Nos
2745 3146 2903 3200 etiam
2951 3146 3042 3201 lilii
3087 3148 3430 3217 appellamur:

1865 3250 1963 3290 nec
1988 3245 2163 3289 tamen
2193 3236 2347 3305 plane
2376 3252 2474 3290 nos
2495 3235 2632 3290 istud
2657 3237 3135 3292 consubstantiales
3162 3238 3272 3293 Deo
3311 3240 3434 3293 red-

1862 3329 1958 3382 dit.
1982 3329 2057 3381 Tu
2092 3328 2252 3382 Filius
2300 3329 2612 3398 appellaris,
2643 3338 2694 3380 at
2718 3329 2804 3381 ille
2830 3338 2910 3383 est
2947 3347 2959 3382 :
3005 3329 3089 3382 hic
3119 3331 3429 3398 appellatio,

1864 3420 1970 3471 illic
2000 3433 2084 3471 res
2114 3420 2257 3487 ipsa;
2288 3430 2339 3470 tu
2373 3418 2507 3471 ﬁlius
2553 3419 2835 3487 appellaris
2857 3460 2869 3479 .
2903 3419 2997 3473 sed
3043 3423 3339 3490 unigenitus
3372 3434 3429 3477 ut

1861 3518 1915 3563 et
1944 3508 2032 3562 ille
2059 3524 2162 3562 non
2188 3509 2491 3577 appellaris,
2523 3508 2615 3562 sed
2638 3510 2689 3561 in
2716 3509 2832 3562 sinu
2855 3511 3024 3563 Patris
3047 3527 3150 3564 non
3181 3513 3427 3577 versaris,

1862 3602 1951 3656 sed
1981 3616 2084 3655 non
2111 3616 2169 3655 es
2196 3599 2447 3668 splendor
2474 3600 2674 3669 gloriae,
2709 3616 2880 3669 neque
2906 3603 3067 3670 ﬁgura
3099 3602 3428 3669 subs-tantur,

1863 3708 2033 3761 neque
2065 3693 2154 3745 Dei
2188 3692 2352 3745 forma
2383 3691 2593 3746 exsistis
2615 3690 2792 3759 (Hebr.
2822 3692 2871 3744 l.
2896 3692 3179 3761 5).Siergo
3202 3692 3291 3745 tibi
3321 3708 3427 3747 non

1861 3782 2183 3851 persuaserit
2199 3780 2323 3835 illud
2346 3781 2510 3848 prius,
2536 3781 2647 3834 haec
2668 3790 2721 3834 et
2739 3780 2822 3835 his
2842 3782 3007 3836 multo
3031 3782 3178 3849 plura
3211 3797 3428 3851 persua-

1860 3875 2049 3935 deant,
2082 3888 2201 3943 qua:
2239 3872 2469 3926 nobilem
2514 3871 2630 3940 ejus
2676 3873 2932 3941 originem
2975 3872 3117 3925 illam
3148 3883 3425 3929 testantur.

1860 3964 2081 4031 Quando
2104 3964 2244 4017 enim
2266 3962 2609 4017 substantiam
2639 3977 2785 4016 suam
2814 3978 2843 4015 a
2875 3972 3088 4031 paterna
3111 3964 3219 4017 vult
3243 3974 3425 4017 osten-

1860 4054 1987 4107 dere
2034 4054 2175 4106 nulla
2219 4068 2281 4107 ex
2308 4061 2458 4123 parte
2488 4052 2748 4105 diversam
2771 4093 2785 4119 ,
2815 4052 2909 4117 Qui
2940 4054 3060 4106 vidit
3094 4071 3188 4116 me,
3222 4055 3416 4124 inquit,

1861 4145 1982 4197 vidit
2015 4143 2222 4196 Patrem
2259 4142 2435 4212 (Joan.
2466 4143 2551 4195 14.
2578 4139 2635 4207 9)
2676 4142 2921 4211 :quando
2951 4146 3212 4214 propriam
3260 4147 3425 4199 virtu-

1862 4245 1999 4301 tem,
2034 4232 2141 4304 Ego
2164 4275 2178 4299 ,
2212 4232 2406 4301 inquit,
2436 4241 2481 4284 et
2516 4230 2667 4284 Pater
2711 4248 2864 4285 unum
2893 4250 3062 4286 sumus
3130 4233 3305 4305 (Joan.
3334 4236 3421 4290 10.

1862 4327 1950 4397 50)
1980 4345 1992 4379 :
2026 4326 2234 4395 quando
2263 4325 2538 4392 potestatis
2567 4326 2916 4393 aequalitatem
2938 4366 2952 4390 ,
2987 4325 3129 4380 Sicut
3156 4328 3285 4379 enim
3315 4327 3424 4380 Pa-

1862 4431 1936 4474 ter
1984 4419 2188 4474 suscitat
2234 4427 2492 4479 mortuos,
2547 4426 2593 4467 et
2620 4416 2960 4483 riviﬁcat:sic
2989 4426 3033 4469 et
3090 4416 3255 4471 Filius
3300 4435 3426 4486 quos

1863 4511 1967 4564 uult
2001 4509 2215 4577 uivi/icat
2236 4505 2346 4577 (1d.
2371 4507 2424 4560 5.
2445 4505 2539 4571 21)
2582 4523 2596 4559 :
2644 4506 2852 4573 quando
2880 4509 3051 4559 cultus
3078 4507 3423 4573 identilatem,

1868 4600 1935 4655 Ut
1963 4615 2131 4653 omnes
2160 4597 2487 4664 houoriﬁcent
2516 4594 2561 4647 F
2562 4596 2727 4661 ilium,
2757 4596 2886 4649 sicut
2933 4597 3267 4665 honoriﬁcam
3315 4598 3421 4652 Pa-

1863 4705 1988 4746 trem
2017 4689 2179 4759 (lbid.
2212 4705 2258 4741 υ.
2286 4688 2377 4757 25)
2404 4705 2418 4739 :
2457 4688 2671 4756 quando
2713 4687 2929 4742 demum
2960 4688 3010 4741 in
3057 4688 3231 4757 legum
3258 4700 3429 4744 muta-

1866 4781 2097 4837 tionibus
2124 4779 2493 4833 auctoritatem
2515 4818 2529 4842 ,
2555 4777 2708 4830 Pater
2752 4793 2889 4831 meus
2910 4818 2924 4842 ,
2956 4778 3144 4847 inquit,
3172 4791 3425 4847 operatur,

1864 4882 1910 4925 et
1934 4887 2022 4941 ego
2048 4885 2228 4939 operor
2270 4865 2434 4938 (Ibid.
2460 4883 2507 4920 υ.
2540 4867 2645 4936 17).
2668 4867 2737 4920 At
2765 4866 2850 4921 isti
2896 4865 2979 4920 bis
3025 4868 3268 4922 onmibus
3294 4884 3428 4937 pra:—

1866 4961 2152 5024 termissis,
2174 4946 2299 5013 dum
2328 4973 2523 5013 nomen
2561 4957 2730 5011 Filius
2758 4958 2973 5026 pr0prie
3001 4972 3104 5011 non
3132 4958 3392 5026 accipiunt
3412 4998 3427 5019 ,

1864 5053 1985 5123 quia
2015 5061 2068 5106 et
2110 5050 2207 5120 ipsi
2236 5050 2464 5101 ﬁliorum
2504 5056 2626 5101 sunt
2667 5046 3016 5115 appellatione
3046 5045 3315 5109 decorati,
3361 5047 3428 5100 ad

1867 5144 2105 5198 eamdem
2156 5140 2344 5194 Filium
2374 5138 2676 5207 deprimunt
2711 5138 2963 5190 vilitatem
3008 5135 3429 5203 aiuntquc:Ego

1868 5237 1994 5299 dixi,
2029 5233 2109 5285 Dii
2160 5232 2295 5295 estis,
2344 5238 2391 5282 et
2439 5228 2533 5296 ﬁlii
2574 5226 2776 5281 Επειιὶ
2820 5242 2989 5279 omnes
3030 5224 3197 5293 (Psal.
3230 5226 3320 5280 81.
3350 5228 3428 5295 6).

1867 5325 2089 5394 Quando
2120 5324 2275 5393 igitur
2310 5331 2529 5391 propter
2559 5320 2693 5372 hanc
2724 5318 2816 5371 ﬁlii
2842 5318 3245 5389 appellationem
3298 5320 3427 5373 nihil

1868 5417 2126 5488 amplius,
2154 5430 2313 5484 quam
2360 5422 2414 5468 tu
2436 5456 2450 5479 ,
2481 5412 2678 5466 habere
2703 5410 2894 5465 Filium
2936 5409 3204 5471 afﬁrmas,
3236 5421 3290 5465 et
3334 5411 3433 5467 hac

1868 5510 2072 5563 ratione
2099 5506 2209 5561 ﬁeri
2239 5515 2295 5560 ut
2314 5521 2382 5560 ne
2411 5520 2570 5559 verus
2590 5502 2801 5573 quidem
2824 5503 2893 5557 sit
2917 5502 3077 5566 ﬁlius,
3119 5513 3280 5558 etiam
3311 5518 3433 5573 pro-

1871 5612 1989 5671 pter
2016 5597 2420 5668 appellationem
2463 5596 2585 5659 Dci,
2612 5594 2858 5664 quoniam
2902 5603 2958 5649 et
3000 5592 3100 5647 hoc
3129 5593 3218 5648 tibi
3243 5607 3434 5648 nomen
