3926 6284
504 342 609 401 759

424 490 451 532 ιι
504 459 820 529 impertivit,
849 457 979 513 nihil
1020 456 1278 526 amplius,
1316 470 1475 526 quam
1506 464 1593 519 tu,
1626 456 1839 512 Patrem
1884 454 2084 510 habere

446 542 450 547 ’
500 551 728 606 fortasse
753 546 1068 606 contendes.
1101 548 1168 603 Ut
1195 548 1339 603 enim
1389 547 1529 602 illius
1556 556 1773 603 vocatus
1803 563 1882 611 es,
1910 548 1989 600 sic
2032 554 2089 601 et

501 645 635 699 deus
662 660 722 699 es
741 651 997 697 vocatus:
1026 649 1082 695 at
1114 639 1562 711 quemadmodum
1606 640 1738 695 deus
1760 650 1980 694 vocatus
1999 639 2084 694 di-

500 751 627 790 cere
669 750 776 789 non
806 733 972 788 audes
1002 732 1201 787 nudum
1234 732 1341 786 illic
1381 745 1502 786 esse
1533 746 1726 785 nomen
1745 772 1759 797 ,
1784 730 1878 784 sed
1900 746 2084 785 verum

499 841 621 882 esse
661 825 829 881 Deum
868 825 1078 879 Patrem
1105 822 1284 879 fateris
1319 839 1333 877 :
1363 823 1433 876 ita
1479 837 1650 891 neque
1690 821 1757 876 de
1787 821 1923 875 Filio
1963 836 2084 875 cum

499 920 691 989 agitur,
725 917 862 972 aude
889 917 1120 987 teipsum
1167 916 1220 970 in
1249 915 1482 970 medimn
1527 913 1723 967 inferre
1764 927 1830 966 ac
1866 911 2083 978 dicere,

500 1009 668 1064 Filius
699 1024 797 1079 ego
822 1023 1039 1079 quoque
1061 1023 1177 1061 smn
1205 1013 1713 1073 vocatuszcumque
1735 1003 1955 1057 minime
1983 1002 2083 1057 sim

497 1102 740 1172 ejusdem
777 1100 1086 1154 substantia:
1105 1140 1120 1164 ,
1145 1113 1316 1167 neque
1344 1096 1584 1166 ejusdem
1625 1095 1710 1149 ille
1741 1095 1900 1149 debet
1927 1108 2081 1158 esse;

498 1210 623 1250 nam
643 1210 762 1263 quae
789 1203 912 1248 sunt
932 1201 1240 1246 enumerata
1267 1198 1455 1245 cuncta
1478 1203 1664 1243 verum
1690 1188 1837 1242 illum
1859 1201 1979 1241 esse
2001 1185 2085 1240 Fi-

495 1287 625 1342 lium
661 1283 900 1355 ejusdem
926 1282 1236 1339 substantia:
1273 1296 1396 1336 cum
1423 1281 1665 1351 genitore
1694 1279 2081 1334 demonstrant.

497 1377 719 1447 Quando
736 1378 876 1432 enim
890 1374 1127 1445 ejusdem
1145 1387 1266 1429 esse
1284 1387 1407 1427 cum
1432 1370 1523 1425 illo
1552 1369 1739 1425 formae
1766 1376 1925 1438 atque
1944 1369 2087 1437 ejus-

496 1472 619 1527 dem
641 1471 823 1541 liguraa
834 1468 990 1535 dicit,
1017 1466 1143 1536 quid
1164 1465 1305 1520 aliud
1326 1479 1484 1535 quam
1506 1462 1816 1517 substantia:
1837 1477 1939 1515 non
1965 1475 2086 1515 esse

495 1566 604 1621 ulls
624 1581 690 1620 ex
711 1571 860 1634 parte
883 1561 1243 1617 diversitatem
1267 1556 1537 1612 ostendit?
1567 1555 1699 1609 Nam
1727 1568 1898 1622 neque
1918 1553 2083 1606 forma

496 1659 640 1714 estin
655 1658 792 1723 Deo,
821 1669 993 1725 neque
1014 1653 1175 1707 facies
1200 1648 1676 1721 :quemadmodnm
1710 1646 1805 1699 ista
1832 1644 1984 1709 dicis,
2006 1644 2083 1697 in-

496 1748 728 1819 quit,die
764 1747 923 1802 etiam
947 1744 1251 1800 contraria:
1280 1756 1520 1812 quaenam
1552 1739 1759 1793 tandem
1784 1736 2085 1791 contraria?

495 1840 802 1912 Cujusmodi
828 1847 936 1901 est.
969 1836 1111 1908 quod
1145 1835 1283 1889 Patri
1306 1833 1602 1902 supplicet:
1630 1847 1750 1887 nam
1772 1830 1817 1884 si
1845 1828 2082 1898 ejusdem

496 1935 711 1989 virtutis
736 1940 846 1996 est,
876 1929 1222 2000 ejusdemque
1246 1925 1559 1982 substantia:
1585 1965 1598 1989 ,
1630 1938 1693 1977 ac
1716 1933 1829 1991 'per
1856 1930 2085 1990 potesta-

496 2037 603 2084 tem
627 2026 805 2083 omnia
830 2023 1065 2096 peragit,
1094 2036 1252 2092 quam
1272 2019 1341 2075 ob
1366 2032 1580 2073 causam
1605 2012 1908 2084 supplicat?

565 2121 623 2178 3.
661 2118 776 2189 Ego
801 2131 929 2172 vero
966 2129 1073 2169 non
1126 2112 1243 2167 hazc
1290 2110 1463 2165 solum
1505 2108 1699 2171 dicam,
1733 2104 1827 2159 sed
1882 2113 1936 2159 et
1981 2101 2083 2156 alia

495 2226 843 2285 qumcumque
884 2208 1102 2264 humilia
1146 2205 1214 2260 de
1259 2205 1374 2274 ipso
1419 2202 1559 2256 dicta
1603 2207 1760 2261 sunt,
1805 2196 2085 2264 diligenter

495 2305 678 2361 omnia
708 2316 999 2373 proponam
1020 2341 1036 2373 ,
1067 2299 1112 2353 si
1137 2296 1368 2368 primum
1399 2293 1526 2347 illud
1553 2291 1772 2353 dixero,
1807 2287 1939 2342 mihi
1971 2286 2085 2355 qui-

498 2398 623 2454 dem
648 2410 835 2452 eorum
859 2436 874 2457 ,
904 2407 1023 2463 qua:
1054 2388 1330 2444 humiliter
1356 2387 1422 2440 de
1449 2385 1564 2454 ipso
1592 2392 1719 2438 sunt
1740 2381 1879 2435 dicta
1898 2420 1914 2444 ,
1944 2376 2082 2431 mul-

498 2503 583 2546 tas
606 2498 662 2546 et
683 2491 853 2559 justas
872 2482 1220 2557 proferendos
1248 2492 1438 2534 causas
1464 2484 1749 2545 suppetere
1768 2514 1783 2539 ,
1814 2482 1864 2526 te
1906 2479 2081 2524 autem

491 2598 683 2640 eorum
705 2624 725 2651 ,
760 2596 879 2651 quae
933 2574 1179 2633 sublimia
1233 2580 1356 2627 sunt
1384 2579 1541 2640 atque
1582 2566 1848 2637 gloriosa,
1882 2562 2081 2616 nullant

498 2676 654 2730 aliam
698 2686 853 2744 posse
896 2668 1229 2723 occasionem
1275 2662 1499 2719 all‘erre.
1528 2673 1685 2729 quam
1739 2654 1879 2726 quod
1931 2667 2081 2708 suam

497 2766 653 2822 nobis
671 2760 901 2818 voluerit
922 2757 1249 2813 nobilitatem
1274 2752 1542 2806 indicare:
1576 2746 2003 2819 quandoquidem
2030 2744 2082 2797 id

497 2858 551 2912 ni
578 2859 646 2911 ita
668 2870 726 2909 se
756 2854 941 2907 habeat
963 2890 979 2916 ,
1008 2863 1176 2918 pugna
1206 2846 1308 2901 erit
1332 2854 1385 2899 et
1405 2853 1672 2896 certamen
1695 2840 1747 2894 in
1773 2835 2079 2906 Scripturis.

498 2949 631 3004 Nam
657 2946 796 3017 quod
826 2948 930 3007 ait,
967 2942 1111 2996 Sicut
1145 2938 1298 2992 Pater
1318 2936 1525 2990 suscitat
1583 2942 1843 2995 mortuos,
1885 2940 1930 2982 et
1962 2928 2082 2982 vivi-

499 3044 619 3113 ﬁcat
646 3039 802 3111 (Joan
831 3038 865 3092 5
915 3033 1008 3101 21)
1030 3051 1046 3099 ;
1069 3034 1141 3086 sic
1167 3042 1213 3085 et
1243 3029 1407 3083 Filius
1433 3043 1555 3097 quos
1597 3025 1705 3080 vult
1751 3026 1968 3090 vivi/icat
1989 3065 2003 3085 ,
2030 3032 2083 3075 et

498 3147 846 3207 quaecumque
874 3129 975 3185 alia
1003 3128 1146 3194 dixi,
1173 3136 1226 3181 et
1252 3124 1392 3195 quod
1415 3137 1598 3177 rursus
1625 3130 1779 3185 oret,
1809 3134 1927 3173 cum
1956 3117 2083 3172 illud

500 3233 551 3288 ei
584 3229 742 3285 fuerit
789 3224 1085 3296 agendum,
1143 3218 1470 3276 contrarium
1516 3223 1634 3270 est:
1662 3213 1754 3268 sed
1807 3213 1851 3265 si
1896 3225 2083 3265 causas

486 3334 762 3393 aperuere
780 3359 796 3384 ,
828 3316 1034 3371 sublata
1064 3312 1237 3367 omnis
1264 3310 1362 3366 erit
1384 3307 1594 3362 occasio
1620 3302 1915 3359 dubitandi.

572 3410 677 3469 Cur
722 3411 783 3464 de
819 3406 1018 3464 Christo
1047 3402 1260 3458 humilia
1301 3400 1436 3453 dicta
1485 3398 1691 3469 fuerint.
1720 3424 1791 3435 —-
1829 3394 2081 3460 Quantam

502 3504 661 3575 igitur
706 3510 828 3555 sunt
866 3512 1074 3560 causa),
1104 3510 1199 3549 cur
1241 3506 1362 3547 cum
1403 3491 1550 3559 ipse,
1584 3497 1693 3542 tum
1744 3483 1970 3555 apostoli
2017 3482 2084 3535 de

503 3597 622 3667 ipso
652 3591 869 3648 humilia
908 3586 1071 3644 multa
1106 3582 1375 3639 dixerint?
1406 3580 1578 3635 Prima
1603 3577 1815 3648 quidem
1847 3589 2002 3629 causa
2031 3579 2086 3626 et

504 3686 766 3750 maxima,
812 3680 954 3752 quod
1006 3679 1121 3749 ipse
1173 3690 1334 3731 carne
1385 3672 1596 3726 indutus
1626 3670 1813 3735 fuerit,
1858 3681 1920 3720 ac
1974 3674 2081 3719 tum

400 3764 409 3771 ί
503 3779 637 3846 illis,
686 3775 776 3847 qui
829 3782 957 3828 tunc
1000 3778 1186 3835 erant,
1240 3775 1353 3820 tum
1399 3765 1719 3834 quicumque
1759 3769 1877 3829 post
1921 3756 2083 3811 futuri

502 3876 683 3934 erant,
710 3864 957 3923 omnibus
984 3862 1143 3917 fidem
1166 3858 1343 3913 facere
1368 3856 1559 3922 vellet,
1589 3869 1692 3907 non
1723 3853 1961 3906 umbram
1989 3850 2087 3903 ali-

500 3978 659 4033 quam
685 3976 837 4024 esse,
864 3972 1036 4027 neque
1063 3956 1283 4024 ﬁguram
1310 3958 1514 4004 tantum
1563 3946 1614 4001 id
1642 3946 1781 4017 quod
1835 3943 2085 3999 cerneba-

502 4067 610 4120 tur,
645 4050 740 4109 sed
766 4049 1043 4105 veritatem
1072 4055 1299 4099 natura.
1328 4041 1383 4095 Si
1427 4039 1567 4094 enim
1608 4054 1726 4091 cum
1754 4044 1831 4091 tot
1867 4034 2084 4089 humilia

462 4198 469 4205 .
502 4157 559 4204 et
587 4148 815 4200 humana
841 4139 1072 4199 dixerint
1094 4134 1317 4205 apostoli
1334 4174 1348 4193 ,
1375 4141 1430 4187 et
1459 4132 1574 4200 ipse
1600 4129 1667 4184 de
1692 4129 1890 4198 seipse,
1916 4128 2087 4195 potuit

502 4248 680 4292 tamen
719 4231 959 4289 diabolus
986 4227 1195 4283 miseris
1219 4225 1421 4294 aliquot
1467 4220 1769 4275 hominibus
1794 4229 1848 4274 et
1886 4235 2084 4272 atrum-

502 4328 648 4383 nosis
679 4321 999 4394 persuadere
1021 4360 1036 4383 ,
1069 4326 1128 4372 ιιι
1165 4313 1573 4385 dispensationis
1620 4312 1877 4366 rationem
1930 4325 2087 4379 nega-

502 4429 622 4476 rcut
638 4460 654 4483 ,
683 4425 738 4470 et
766 4428 887 4470 eum
909 4425 1123 4467 carnem
1149 4424 1255 4464 non
1286 4406 1583 4474 suscepisse
1606 4404 1782 4459 dicere
1802 4402 2082 4468 auderent,

502 4522 663 4581 atque
708 4522 868 4563 omne
908 4502 1250 4560 humanitatis
1292 4499 1691 4554 fundamentum
1725 4495 1997 4551 tollerent:
2039 4496 2085 4550 si

503 4603 638 4659 nihil
683 4603 904 4655 istorum
928 4597 1183 4661 dixisset,
1214 4610 1371 4665 quam
1397 4591 1547 4663 pauci
1577 4589 1835 4658 fuissent,
1861 4589 1949 4661 qui
1979 4604 2084 4644 non

503 4697 561 4752 in
587 4693 897 4750 barathrum
925 4690 1027 4745 hoe
1045 4685 1385 4744 incidissent?

580 4784 847 4849 Marcion,
895 4780 1212 4836 Manichwus
1242 4788 1289 4833 et
1344 4775 1637 4830 Valentinus
1676 4773 2087 4831 Incarnationem

507 4878 776 4950 negabant.
798 4905 869 4915 —
889 4874 1003 4930 Non
1028 4872 1180 4927 audis
1207 4870 1493 4925 etiamnum
1524 4866 1841 4923 Marcionem
1867 4864 2085 4933 dispen-

502 4975 764 5028 sationem
807 4970 861 5024 in
907 4982 1069 5023 carne
1095 4974 1399 5035 negantem,
1441 4960 1822 5027 Manicbazum,
1850 4957 2086 5013 Valenti-

505 5079 669 5127 num,
701 5069 757 5117 et
781 5060 976 5114 multos
1001 5056 1172 5112 alios?
1193 5053 1317 5109 Ideo
1366 5050 1531 5107 multa
1568 5051 1798 5107 humana
1830 5049 2080 5119 loquitur,

502 5153 756 5217 humilia,
786 5160 841 5207 et
867 5148 936 5204 ab
980 5148 1066 5203 illa
1109 5142 1361 5200 ineffabili
1392 5142 1622 5198 essentia
1651 5140 1822 5195 aliena
1844 5180 1860 5207 ,
1892 5148 1948 5192 nt
1976 5138 2084 5193 dis-

495 5244 835 5316 pensationis
860 5241 1049 5296 rationi
1083 5239 1242 5293 ﬁdem
1270 5242 1475 5289 astruat
1506 5252 1519 5288 :
1551 5232 1677 5286 inid
1703 5232 1843 5285 enim
1874 5244 2083 5284 summo

503 5336 681 5391 studio
703 5333 946 5399 diabolus
973 5328 1347 5393 incumbebat,
1377 5334 1435 5379 ut
1463 5324 1602 5379 hanc
1627 5322 1782 5377 [idem
1819 5336 1886 5377 ex
1914 5320 2085 5375 homi-

505 5443 632 5481 nmn
664 5425 928 5481 mentibus
955 5422 1238 5488 evelleret,
1267 5433 1390 5475 cum
1420 5417 1588 5489 probe
1609 5423 1790 5471 nosset
1811 5455 1828 5482 ,
1853 5413 1901 5470 si
1926 5412 2082 5468 ﬁdem

506 5519 916 5591 dispensationis
944 5516 1281 5579 sustulisset,
1304 5512 1372 5568 de
1396 5510 1665 5583 plerisque
1700 5509 1862 5565 rebus
1888 5507 2085 5562 nostris

507 5622 682 5667 actmu
716 5612 847 5665 lore.
882 5611 976 5665 Est
1000 5618 1055 5664 et
1078 5609 1246 5662 altera
1276 5617 1471 5676 praeter
1500 5606 1656 5660 istam
1702 5617 1894 5669 causa,
1925 5602 2085 5657 nimi-

503 5720 624 5758 rum
648 5702 927 5757 infirmitas
967 5702 1300 5766 auditorum,
1333 5699 1577 5770 quodque
1600 5699 1670 5752 illi
1701 5698 1788 5768 qui
1835 5705 1944 5751 tum
1978 5697 2087 5767 pri-

500 5815 651 5856 suum
682 5800 853 5869 ipsum
894 5796 1176 5861 videbant,
1210 5810 1272 5849 ac
1317 5804 1426 5847 tmn
1480 5794 1705 5863 primmn
1753 5791 2077 5855 audiebant,

1234 339 1297 396 S.
1333 339 1613 399 JOANNlS
1636 339 2113 397 CIIRYSOSTOMI
2152 340 2470 398 ARCHIEP.
2511 342 3050 425 CONSTANTINOP.

3685 356 3785 409 7(ἶο

3312 420 3337 445 ο

2197 456 2539 513 sublimiores
2558 473 2751 530 capere
2776 459 3083 531 dogmatum
3116 478 3394 520 sermones
3419 467 3641 523 minime
3666 485 3787 537 pos-

2191 557 2330 600 sent.
2358 548 2645 605 Enimvero
2669 566 2777 607 non
2806 554 2917 607 sola
2946 554 3042 608 niti
3073 557 3378 626 conjectura
3400 599 3417 624 ,
3449 560 3591 628 quod
3618 561 3741 614 dico
3766 604 3780 627 ,

2192 653 2259 693 ex
2285 639 2413 708 ipsis
2434 640 2803 698 demonstrare
2829 645 3120 714 Scripturis
3139 659 3194 703 et
3212 648 3410 705 docere
3433 652 3693 707 conabor.
3719 653 3776 708 Si

2191 730 2320 799 quid
2364 730 2500 787 forte
2526 748 2774 804 magnum
2806 747 2860 791 et
2888 736 3116 792 sublime
3138 781 3153 804 ,
3186 755 3385 810 suaque
3411 741 3630 813 dignum
3667 746 3782 813 glo-

2193 824 2268 877 ria
2314 823 2562 894 loquutus
2601 838 2743 883 esset
2774 845 2789 882 :
2818 829 2945 894 quid
2996 829 3117 886 dico
3165 847 3412 902 magnum
3454 844 3515 889 et'
3550 835 3783 891 sublime

2189 923 2348 984 atque
2396 917 2561 985 ipsius
2613 918 2780 988 gloria
2816 920 3083 990 dignum?
3132 922 3185 977 Si
3216 924 3340 994 quid
3381 925 3517 980 forte
3560 926 3783 983 dixisse;

2191 1006 2332 1075 quod
2360 1017 2602 1062 naturam
2634 1009 2922 1065 humanam
2954 1013 3776 1086 excederet,perturbabantur,

2191 1098 2716 1155 scandalizabantur:
2746 1104 2827 1156 sin
2859 1114 3036 1158 autem
3069 1105 3270 1161 humile
3295 1109 3567 1177 quidpiam
3590 1121 3645 1164 et
3682 1111 3783 1164 hn-
3824 1160 3833 1179 ,

2192 1206 2443 1256 manum,
2499 1195 2880 1264 accurrebant,
2932 1213 2996 1253 ac
3046 1214 3350 1257 sermonem
3401 1204 3778 1261 admittebant.

2191 1282 2418 1339 Ubinam
2449 1288 2661 1342 tandem
2693 1289 2744 1343 id
2772 1290 2951 1345 videre
2995 1293 3120 1347 est?
3148 1295 3301 1362 Apud
3343 1294 3605 1352 Joannem
3646 1315 3781 1368 pne-

2190 1378 2379 1446 cipue:
2402 1394 2522 1434 cum
2550 1382 2693 1436 enim
2721 1382 2945 1438 dixisset
2972 1385 3085 1453 ipse
3105 1426 3120 1450 ,
3155 1386 3412 1442 Abraham
3453 1401 3602 1459 pater
3624 1405 3781 1447 vester

2190 1470 2474 1534 exsultavit,
2508 1481 2562 1525 ut
2591 1473 2779 1528 videret
2820 1475 2953 1528 diem
2993 1493 3202 1530 nteant:
3230 1486 3276 1532 et
3303 1480 3446 1547 vidit,
3479 1491 3527 1533 et
3578 1484 3781 1551 gauisus

2190 1569 2299 1623 est;
2346 1560 2725 1634 Quadraginta,
2780 1564 3045 1635 inquiunt,
3078 1584 3239 1622 annos
3266 1571 3493 1623 nondum
3516 1571 3707 1636 habes,
3735 1584 3778 1627 et

2190 1652 2444 1707 Abraham
2476 1656 2642 1710 vidisti
2664 1656 2841 1727 (Joan.
2873 1660 2925 1714 8.
2959 1660 3049 1714 56.
3078 1661 3195 1733 57)?
3219 1662 3375 1717 Vides
3400 1673 3456 1718 ut
3483 1680 3609 1735 erga
3634 1667 3775 1721 illum

2193 1753 2460 1814 tamquam
2486 1748 2684 1803 nudum
2715 1749 2981 1805 hominem
3005 1752 3177 1807 allecti
3205 1757 3421 1810 essent?
3450 1757 3588 1824 Quid
3621 1760 3775 1827 igitur

2191 1837 2352 1908 ipse?
2381 1843 2662 1909 Antequam
2692 1844 2948 1898 Abraham
2991 1847 3153 1914 ﬁeret,
3181 1848 3382 1918 inquit,
3413 1866 3504 1919 ego
3530 1866 3645 1903 sum
3670 1867 3690 1903 :
3733 1862 3777 1905 et

2191 1932 2412 1984 tulerunt
2458 1932 2675 2003 lapides,
2714 1946 2773 1990 ut
2806 1939 3039 2007 jacerent
3085 1940 3139 1992 in
3168 1955 3279 1993 eum
3331 1940 3433 2012 (Ib.
3465 1958 3515 1995 υ.
3538 1944 3630 1998 58.
3659 1945 3773 2011 59):

2189 2036 2412 2092 cumque
2437 2024 2504 2079 de
2530 2027 2795 2097 mysteriis
2826 2029 3025 2096 prolixe
3046 2029 3353 2097 dissereret,
3377 2034 3687 2092 acdiccret:
3714 2034 3776 2088 Et

2190 2116 2338 2185 panis
2387 2133 2534 2187 quem
2564 2134 2654 2188 ego
2680 2118 2809 2172 dabo
2842 2136 2934 2187 pro
2979 2122 3156 2174 mundi
3194 2123 3314 2183 vita,
3358 2139 3478 2177 caro
3522 2141 3633 2177 mea
3682 2136 3772 2189 est.

2188 2209 2435 2263 aiebant:
2465 2209 2638 2266 Durus
2669 2222 2740 2265 est
2766 2214 2847 2265 hic
2868 2230 3049 2279 sermo,
3081 2218 3192 2283 quis
3219 2226 3377 2285 potest
3418 2234 3531 2269 eum
3558 2219 3775 2272 audire!

2194 2301 2279 2370 Et,
2308 2301 2455 2354 multi
2476 2302 2841 2373 discipulorum
2868 2305 2976 2374 ejus
3020 2306 3249 2359 abierunt
3276 2319 3430 2371 retro,
3468 2318 3516 2361 et
3531 2310 3645 2378 jam
3676 2327 3775 2363 non

2192 2411 2305 2446 rum
2331 2396 2420 2448 illo
2448 2396 2770 2450 ambulabant
2817 2396 2926 2468 (Id.
2958 2398 3009 2452 6.
3061 2400 3148 2452 59..
3183 2400 3271 2453 (il.
3305 2401 3416 2469 (Π).
3470 2401 3607 2467 Quid
3647 2417 3775 2472 ergo

2192 2501 2374 2551 qntcso
2417 2486 2715 2541 faciendum
2756 2488 2831 2542 illi
2864 2488 3001 2543 fuit?
3030 2490 3113 2542 An
3161 2490 3557 2545 sublimioribus
3584 2507 3773 2561 perpe-

2191 2588 2282 2633 tuo
2320 2581 2496 2635 verbis
2524 2581 2938 2649 immorandum,
2969 2592 3026 2637 ut
3050 2583 3283 2654 prmdam
3308 2584 3628 2638 absterreret
3648 2628 3662 2649 ,
3692 2596 3772 2639 at-

2197 2686 2299 2740 que
2328 2687 2514 2727 omnes
2553 2687 2583 2726 a
2636 2673 2876 2728 doctrina
2923 2688 3019 2728 sua
3064 2674 3381 2744 repelleret?
3425 2677 3492 2729 At
3540 2676 3641 2729 hoc
3680 2674 3773 2730 Dei

2190 2766 2531 2836 benignitatis
2575 2782 2680 2821 non
2732 2766 2849 2821 fuit.
2879 2766 3011 2821 Nam
3043 2776 3097 2821 et
3135 2783 3319 2821 rursus
3364 2783 3483 2821 cum
3527 2767 3768 2831 dixisset,

2194 2858 2294 2924 Qui
2333 2875 2611 2912 sermonem
2640 2874 2804 2912 meum
2844 2858 3023 2924 audit,
3053 2866 3264 2911 mortem
3303 2875 3410 2911 non
3455 2860 3671 2928 gustabit
3711 2862 3762 2911 in

2188 2958 2466 3013 attentum,
2515 2949 2756 3012 aiebant,
2819 2946 3005 3001 Nonne
3052 2947 3175 3002 bene
3227 2947 3447 3003 diximus
3491 2965 3611 3014 nos,
3654 2951 3770 3018 quia

2188 3041 2492 3094 dwmonium
2519 3038 2707 3092 habes?
2734 3038 2990 3092 Abraham
3035 3049 3262 3093 mortuus
3290 3048 3393 3105 est,
3431 3049 3480 3091 et
3515 3039 3771 3109 propheta:

2189 3134 2377 3185 mortui
2410 3143 2523 3185 sunt
2547 3148 2565 3185 :
2592 3142 2641 3185 et
2680 3142 2734 3185 tu
2776 3132 2920 3194 dicis,
2951 3131 3051 3196 Qui
3102 3147 3378 3185 sermonem
3407 3148 3568 3184 meum
3608 3133 3768 3194 audit,

2189 3236 2398 3278 mortem
2438 3241 2538 3278 non
2581 3223 2800 3295 gustabit
2841 3221 2953 3293 (Id.
2977 3223 3030 3279 8.
3060 3223 3149 3278 51.
3181 3222 3293 3291 52).
3328 3223 3394 3277 Et
3415 3222 3538 3293 quid
3556 3224 3768 3286 mirum,

2189 3317 2232 3370 si
2287 3314 2568 3369 multitudo
2619 3316 2695 3369 sic
2735 3314 2923 3369 affecta
2962 3324 3110 3381 erat,
3162 3329 3283 3368 cum
3335 3314 3474 3368 inea
3511 3315 3770 3368 sententia

2192 3406 2457 3477 principes
2490 3407 2586 3477 ipsi
2615 3406 2819 3461 essent?
2848 3406 3166 3461 Nicodemus
3194 3404 3426 3475 quidem,
3457 3406 3547 3475 qui
3578 3419 3630 3457 et
3661 3407 3771 3475 ipse

2187 3497 2435 3569 princeps
2452 3506 2588 3562 erat,
2613 3506 2667 3551 et
2687 3497 2850 3551 multa
2871 3511 2991 3551 cum
3014 3496 3379 3552 benevolentia
3398 3496 3463 3549 ad
3487 3497 3657 3564 ipsum
3679 3513 3768 3550 ve-

2191 3599 2342 3644 nerat
2369 3591 2679 3659 dixeratque
2702 3630 2717 3654 ,
2750 3589 2954 3644 Scimus
2977 3590 3096 3658 quia
3129 3605 3161 3641 a
3188 3587 3297 3641 Deo
3325 3587 3501 3642 venisti
3539 3589 3772 3658 magister

2191 3682 2314 3753 (Id.
2353 3683 2407 3737 ὅ.
2439 3681 2492 3735 2.
2524 3692 2571 3735 et
2600 3682 2783 3752 seqq.),
2814 3695 3116 3736 sermonem
3146 3679 3213 3734 de
3240 3679 3555 3749 baptismate
3584 3693 3770 3747 mpera

2191 3776 2407 3829 tninime
2432 3775 2601 3845 potuit
2624 3775 2788 3828 multo
2815 3772 3337 3847 illius'imbecillitate
3352 3772 3630 3841 majorem:
3654 3787 3768 3826 cum

2190 3870 2331 3921 enim
2364 3867 2584 3920 dixisset
2625 3863 2888 3928 Christus,
2915 3864 3035 3918 Nisi
3058 3865 3168 3934 quis
3197 3873 3345 3917 natus
3370 3863 3520 3932 fuerit
3545 3878 3610 3916 e1:
3641 3880 3771 3932 aqua

2191 3968 2238 4011 et
2266 3959 2464 4030 Spiritu
2483 4000 2497 4022 ,
2528 3973 2626 4011 non
2652 3966 2810 4027 potest
2830 3955 2995 4010 videre
3018 3972 3224 4026 regnum
3251 3954 3346 4008 Dei
3366 3996 3378 4018 ,
3410 3956 3487 4008 sic
3510 3955 3563 4008 in
3587 3955 3771 4008 huma-

2192 4065 2288 4107 nas
2330 4048 2512 4103 incidit
2563 4049 2910 4118 suspiciones,
2940 4057 2996 4101 ut
3036 4047 3266 4112 diceret,
3301 4043 3563 4112 Quomodo
3614 4055 3771 4115 potest

2193 4141 2340 4193 homo
2367 4142 2535 4207 nasci,
2564 4156 2679 4193 cum
2702 4140 2765 4194 sit
2789 4139 2979 4193 senex?
3009 4136 3271 4209 Numquid
3291 4146 3448 4207 potest
3476 4138 3529 4190 in
3555 4146 3769 4189 ventrem

2192 4234 2368 4287 matris
2417 4248 2524 4286 sua:
2562 4233 2738 4286 iterum
2786 4233 2997 4285 introire
3042 4240 3086 4285 et
3129 4230 3366 4285 renasci?
3417 4230 3553 4298 Quid
3612 4230 3767 4300 igitur

2192 4324 2472 4394 Qhristus?
2502 4324 2562 4379 Si
2602 4334 2798 4377 terrena
2826 4324 2933 4378 dixi
2975 4324 3140 4389 vobis,
3174 4333 3218 4376 ct
3244 4338 3344 4376 non
3391 4323 3613 4381 creditis.
3644 4339 3766 4393 quo-

2193 4414 2342 4468 modo
2372 4416 2414 4467 si
2441 4414 2616 4467 dixero
2642 4413 2776 4467 vobis
2802 4414 3020 4467 ctelestia
3045 4412 3297 4466 credetis?
3318 4412 3466 4482 quasi
3498 4427 3558 4467 se
3582 4413 3767 4466 defen-

2191 4507 2374 4572 deret,
2404 4522 2465 4560 ac
2507 4508 2765 4561 rationem
2808 4507 3089 4571 redderet,
3113 4520 3209 4559 cur
3246 4520 3353 4559 non
3396 4514 3662 4574 perpetuo
3700 4505 3766 4559 de

2193 4612 2424 4667 superna
2477 4597 2751 4651 nativitate
2776 4596 2936 4652 verba
2965 4596 3180 4651 faceret.
3211 4594 3320 4650 Sub
3362 4596 3536 4665 ipsum
3584 4612 3766 4651 rursus

2191 4689 2454 4760 passionis
2484 4698 2690 4757 tempus
2712 4731 2728 4754 ,
2761 4699 2877 4758 post
2902 4697 3148 4743 sexcenta
3181 4687 3456 4753 miracula,
3483 4698 3605 4757 post
3628 4689 3765 4742 mul-

2195 4792 2298 4833 tam
2331 4780 2471 4833 illam
2493 4779 2741 4849 potentia:
2770 4794 2880 4831 suae
2906 4776 3320 4833 declarationem
3340 4818 3356 4844 ,
3385 4793 3506 4832 cum
3527 4776 3764 4838 diceret.

2201 4869 2442 4924 Videbitis
2486 4869 2651 4939 ﬁlium
2693 4870 2908 4923 hominis
2933 4870 3204 4923 venientem
3233 4869 3286 4922 in
3316 4868 3530 4922 nubibus
3556 4868 3765 4937 (Matth.

2190 4962 2281 5017 26.
2310 4961 2424 5033 64),
2453 4976 2559 5015 non
2589 4959 2764 5016 ferens
2802 4961 2999 5016 dictum
3032 4960 3160 5015 illud
3188 4959 3461 5025 Pontifex,
3495 4962 3656 5015 scidit
3677 4976 3767 5015 re-

2191 5057 2439 5111 stimeuta
2466 5070 2593 5110 sua:
2620 5070 2849 5125 quonam
2880 5052 3037 5123 igitur
3077 5053 3235 5107 modo
3262 5052 3420 5107 verba
3475 5052 3589 5107 fieri
3631 5053 3769 5120 apud

2192 5147 2321 5202 istos
2364 5148 2634 5215 oportuit,
2667 5147 2758 5217 qui
2810 5145 2939 5199 nihil
2992 5145 3216 5199 sublime
3266 5143 3598 5198 tolerarent?
3628 5143 3770 5198 Nihil

2189 5242 2385 5312 quippe
2428 5242 2641 5304 mirmn,
2667 5240 2710 5294 si
2737 5238 3042 5294 hominibus
3071 5238 3160 5308 qui
3205 5237 3348 5291 humi
3375 5234 3688 5304 serpebant,
3718 5246 3769 5290 et

2188 5332 2325 5387 adeo
2369 5331 2660 5386 imbecilles
2684 5340 2867 5396 erant,
2900 5330 3029 5384 nihil
3057 5328 3273 5384 omnino
3301 5326 3367 5381 de
3414 5341 3472 5381 se
3520 5342 3767 5396 magnum

2191 5434 2280 5478 aut
2308 5423 2534 5477 sublime
2572 5421 2852 5491 proferret.

2261 5518 2315 5570 4.
2356 5517 2497 5570 Sane
2549 5515 2762 5584 quidem
2815 5515 3123 5571 sufficerent
3167 5530 3227 5568 ea
3269 5528 3386 5582 qua:
3424 5512 3563 5567 dicta
3614 5522 3767 5573 sunt,

2188 5606 2256 5660 ad
2284 5606 2670 5661 ostendendum
2699 5605 2835 5659 hanc
2862 5604 3025 5660 fuisse
3071 5619 3284 5660 causam
3312 5612 3364 5658 et
3396 5602 3733 5657 occasionem
3752 5642 3768 5667 ,

2189 5711 2286 5752 cur
2314 5698 2446 5753 adeo
2477 5699 2598 5752 vilia
2642 5706 2768 5753 tunc
2806 5706 2861 5753 et
2887 5698 3091 5766 abiecta
3119 5703 3470 5766 proponeret:
3503 5703 3771 5748 verumta~

2193 5809 2316 5849 men
2343 5810 2407 5849 ex
2436 5795 2603 5850 altera
2635 5801 2783 5863 parte
2806 5790 3038 5847 conabor
3069 5789 3294 5862 idipsum
3320 5786 3553 5844 reddere
3600 5786 3770 5841 mani-
