3926 6282
212 450 325 506 761

210 565 440 619 festum.
465 564 536 620 Ut
578 563 720 620 enim
749 563 793 618 si
823 561 1033 633 quando
1055 577 1300 633 magnum
1330 559 1452 629 qttid
1481 569 1533 613 et
1578 557 1804 613 sublime

215 657 638 726 pronunciasset
688 655 967 721 Christus,
1024 653 1219 708 offendi
1272 653 1417 717 illos,
1475 649 1800 720 perturbari,

215 751 460 816 resilire,
491 749 799 814 conviciari,
829 762 892 803 ac
919 745 1160 816 refugere
1181 745 1402 808 vidistis,
1431 744 1502 797 ita
1530 743 1572 796 si
1594 741 1805 809 quando

216 841 354 908 quid
385 840 588 894 humile
619 839 984 907 abiectumque
1012 835 1250 898 dixisset,
1273 836 1566 888 accurrisse
1587 832 1725 896 ilIOs,
1752 840 1806 884 et

216 931 528 985 doctrinam
583 929 864 984 admisisse
909 929 1143 981 conabor
1190 924 1492 979 ostendere.
1540 924 1617 978 llli
1663 924 1802 976 enim

217 1025 328 1094 ipsi
354 1025 446 1093 qui
476 1023 802 1084 resiliebant,
825 1036 946 1075 cum
975 1036 1157 1074 rursus
1178 1017 1411 1073 diceret:
1444 1017 1488 1070 A
1514 1018 1702 1084 meipso
1723 1020 1804 1086 fa-

213 1117 305 1169 cio
325 1114 492 1181 nihil,
517 1115 607 1168 sed
630 1115 756 1167 sicut
783 1113 950 1165 docuit
975 1128 1052 1164 me
1087 1110 1236 1164 Pater
1261 1126 1398 1164 meus
1425 1111 1601 1180 loquor
1627 1107 1804 1181 (Joan.

215 1205 278 1260 8.
324 1205 444 1275 28),
491 1206 666 1258 statim
697 1211 1076 1267 occurrerunt,
1108 1211 1158 1254 et
1197 1217 1317 1255 cum
1374 1200 1608 1255 indicare
1650 1198 1808 1252 vellet

220 1295 564 1365 Evangelista
591 1304 808 1364 propter
834 1291 1118 1346 verborum
1146 1292 1494 1346 humilitatem
1540 1290 1658 1344 illos
1687 1304 1807 1344 cre-

217 1387 464 1452 didisse,
507 1387 754 1440 indicium
782 1384 1026 1453 adjunxit
1051 1383 1266 1446 dicens,
1303 1380 1426 1435 Htec
1455 1381 1544 1434 illo
1576 1381 1807 1448 loquente

218 1480 374 1533 niulti
401 1479 719 1532 crediderunt
744 1477 796 1530 in
824 1491 938 1530 eum
966 1473 1072 1545 (Ib.
1095 1491 1141 1527 v.
1173 1473 1298 1544 50):
1327 1481 1486 1543 atque
1506 1471 1622 1526 aliis
1643 1471 1807 1541 pluri-

217 1572 327 1624 bus
356 1572 409 1623 in
439 1569 568 1623 locis
620 1569 690 1622 ita
740 1567 979 1622 evenisse
1009 1565 1429 1634 comperiemus:
1475 1563 1596 1617 ideo
1647 1562 1808 1615 multa

218 1677 374 1729 saspe
417 1659 722 1713 humanitus
751 1657 1082 1728 loquebatur,
1112 1665 1166 1709 et
1190 1668 1375 1709 rursus
1420 1669 1525 1708 non
1569 1652 1812 1706 humani-

219 1762 333 1814 lus,
364 1752 458 1805 sed
491 1760 545 1804 ut
577 1751 737 1804 Deum
759 1747 1002 1814 decebat,
1029 1756 1186 1816 atque
1211 1745 1376 1814 ipsius
1425 1743 1670 1798 nobilitas
1693 1742 1809 1797 exi-

217 1843 405 1910 gebat:
425 1857 544 1894 cum
566 1851 624 1893 ut
641 1839 940 1893 auditorum
965 1836 1304 1892 imbecillitati
1327 1848 1387 1888 se
1413 1842 1808 1903 attemperaret.

220 1945 341 1986 tum
387 1942 442 1986 ut
471 1932 774 2000 dogmatnm
805 1929 1095 1984 sinceritati
1140 1928 1459 1997 provideret.
1491 1926 1700 1980 Etenim
1743 1941 1811 1980 ne

219 2023 397 2087 forte,
432 2023 477 2076 si
525 2037 738 2090 semper
767 2022 838 2075 ita
867 2035 927 2075 se
971 2020 1484 2088 detnitteret,quam
1530 2017 1598 2072 de
1645 2018 1810 2086 ipsius

218 2116 489 2185 dignitate
515 2114 719 2182 concipi
749 2128 843 2182 par
867 2121 948 2167 est
968 2155 982 2177 ,
1011 2112 1146 2180 apud
1177 2121 1416 2189 posteros
1443 2110 1624 2180 opinio
1645 2109 1808 2163 hede-

217 2215 400 2269 retur,
434 2220 500 2257 ne
522 2204 666 2256 illam
688 2202 900 2272 quidem
945 2210 1144 2270 partem
1177 2203 1438 2270 neglexit,
1471 2201 1562 2255 sed
1603 2201 1808 2254 tametsi

220 2298 341 2351 fore
384 2294 708 2365 pnevidebat
731 2336 746 2361 ,
777 2305 835 2348 ut
863 2293 1080 2348 minime
1106 2294 1204 2348 sibi
1235 2293 1682 2362 obtemperarent,
1717 2293 1807 2345 sed

217 2387 654 2441 conviciarentur
704 2400 765 2439 ac
808 2385 1100 2450 resilirent,
1149 2385 1282 2438 dixit
1332 2395 1528 2447 tamen,
1578 2401 1697 2439 cum
1756 2395 1812 2439 nt

219 2477 356 2530 illud
411 2476 549 2546 quod
591 2475 838 2530 indicavit
885 2476 1271 2540 constitueret,
1320 2485 1428 2530 tum
1490 2487 1549 2530 ut
1591 2492 1803 2531 causam

216 2567 500 2636 aperiret,
529 2567 598 2620 ob
617 2583 772 2636 quam
805 2568 904 2621 illis
930 2575 984 2620 et
1013 2566 1230 2620 humilia
1264 2568 1418 2621 verba
1455 2569 1806 2624 commiscuit:

219 2658 343 2711 lucc
397 2656 647 2711 nimirum
701 2666 847 2722 erat,
889 2657 1027 2726 quod
1076 2658 1340 2712 dictorum
1395 2660 1807 2728 magnitudinem

219 2766 423 2820 capere
454 2751 688 2804 nondum
717 2760 951 2819 possent.
980 2750 1047 2804 Et
1067 2765 1195 2805 sane
1222 2752 1322 2804 nisi
1361 2753 1460 2806 hoc
1489 2754 1810 2806 constituere

219 2843 279 2896 in
333 2842 515 2896 animo
563 2840 852 2905 habuisset,
879 2856 1330 2909 supervacaneum
1362 2841 1546 2897 fuisset
1591 2844 1810 2913 dogma-

219 2945 338 2988 tnm
370 2933 679 2988 sublimium
711 2933 1001 2986 doctrinam
1031 2933 1136 2987 illis
1162 2948 1458 3002 pr0ponere
1478 2975 1492 2998 ,
1522 2935 1612 3003 qui
1641 2951 1810 3005 neque

219 3043 387 3082 aures
431 3027 667 3097 prteberc
693 3069 708 3093 ,
734 3043 903 3097 neque
929 3027 1163 3080 animum
1194 3027 1448 3082 adhibere
1478 3028 1808 3081 voluissent:

216 3122 334 3189 jam
357 3134 488 3173 vero
514 3119 721 3172 tametsi
747 3120 966 3173 minime
993 3119 1102 3173 illis
1128 3119 1440 3188 prodesset,
1473 3135 1570 3174 nos
1596 3121 1806 3187 quidem

216 3218 375 3264 certe
421 3209 814 3275 erudiebat,ct
845 3219 902 3263 ut
943 3211 1278 3264 convenienti
1323 3211 1571 3279 opinione
1617 3211 1682 3265 de
1719 3211 1810 3264 illo

221 3303 594 3357 imbueremnr
621 3301 917 3366 efliciehat;
945 3301 1176 3370 illudque
1197 3301 1544 3370 persuadebat
1571 3303 1622 3355 in
1651 3317 1808 3356 causa

219 3398 414 3460 fuisse,
435 3407 486 3448 ut
508 3395 574 3448 ad
593 3404 787 3448 tantam
807 3394 1152 3448 humilitatem
1171 3395 1461 3449 orationem
1489 3394 1806 3460 traduceret,

215 3489 369 3560 quod
415 3487 754 3542 sublimitatis
811 3502 993 3541 eorum
1047 3502 1164 3555 qua:
1217 3486 1526 3542 dicebantur
1576 3487 1808 3540 nondum

218 3595 454 3648 capaces
473 3588 670 3634 essent.
695 3578 825 3632 Cum
854 3579 1011 3647 igitur
1037 3593 1155 3632 enm
1182 3578 1377 3632 videris
1403 3577 1620 3632 humilia
1645 3579 1806 3648 loqui,

220 3687 295 3724 ne
316 3670 382 3724 ad
410 3670 659 3725 essentia:
689 3670 942 3723 vilitatem
963 3710 978 3734 ,
1011 3669 1103 3722 sed
1147 3668 1210 3721 ad
1255 3669 1667 3723 imbecillitatem
1713 3686 1808 3722 au-

221 3762 459 3816 ditorum
489 3762 662 3830 ipsum
688 3775 806 3814 sese
834 3771 1188 3826 altemperare
1216 3769 1358 3827 puta.
1395 3759 1563 3813 Vultis
1607 3768 1660 3813 et
1705 3770 1811 3813 ter-

225 3856 358 3908 tiam
404 3870 618 3908 cansam
647 3854 905 3909 afferam?
931 3855 1044 3908 Non
1086 3856 1226 3908 enim
1258 3863 1458 3906 tantum
1489 3853 1556 3907 ob
1595 3857 1809 3926 carnem

223 3963 334 4016 qua
401 3947 755 4002 circumdatus
812 3957 954 4009 erat,
1011 3962 1182 4015 neque
1241 3946 1309 4000 ob
1361 3946 1658 4000 auditorum
1713 3947 1812 4001 im-

223 4039 603 4101 becillitatcm,
633 4039 722 4093 sed
763 4039 901 4107 quod
957 4039 1222 4092 auditores
1281 4039 1470 4092 docere
1513 4040 1702 4105 vellet,
1754 4049 1811 4092 ut

223 4130 410 4181 animo
459 4129 693 4183 demisso
723 4137 775 4182 et
813 4129 996 4182 humili
1041 4139 1248 4191 essent,
1278 4129 1438 4182 multa
1467 4128 1738 4183 humiliter
1757 4139 1810 4183 et

223 4220 394 4284 gessit
433 4228 488 4272 et
541 4219 667 4272 dixit
695 4239 707 4273 :
734 4232 890 4287 atque
943 4220 1054 4272 lucc
1099 4218 1252 4272 tertia
1284 4233 1467 4272 rursus
1509 4228 1590 4272 est
1627 4235 1803 4273 causa.

223 4310 362 4363 Nam
394 4311 480 4378 qui
513 4311 781 4364 humiliter
805 4311 1001 4364 sentire
1029 4309 1182 4364 docet
1204 4352 1217 4370 .
1246 4325 1350 4363 non
1375 4311 1549 4363 verbis
1581 4321 1802 4377 tantum,

223 4400 321 4454 sed
365 4411 417 4453 et
465 4401 614 4454 factis
653 4401 717 4454 ad
764 4400 867 4455 hoc
911 4417 1007 4454 nos
1045 4400 1247 4464 erudit,
1275 4416 1521 4455 sermone
1567 4403 1807 4457 simulet

223 4504 394 4559 opere
417 4491 731 4545 modestiam
754 4507 861 4560 prae
887 4508 945 4546 se
968 4492 1163 4546 ferens.
1199 4491 1390 4545 Discite
1415 4493 1554 4546 enim
1577 4535 1590 4560 ,
1615 4494 1802 4560 inquit,

291 4599 389 4647 me,
418 4584 535 4653 quia
561 4584 696 4637 mitis
725 4600 834 4638 sum
856 4593 900 4636 et
922 4583 1124 4637 humilis
1149 4584 1301 4637 corde
1330 4583 1540 4654 (Matth.
1575 4586 1658 4638 .
1687 4585 1801 4650 9.9),

222 4683 285 4730 et
312 4674 440 4727 alibi
463 4689 643 4730 rursus
661 4716 676 4739 ,
704 4674 869 4728 Filius
898 4675 1113 4728 hominis
1139 4691 1239 4728 non
1267 4676 1396 4728 venit
1422 4687 1474 4728 ut
1493 4676 1803 4729 ministrare-

223 4779 314 4821 tur
361 4767 438 4831 ei,
491 4768 578 4822 sed
633 4777 687 4821 ut
722 4769 1026 4822 ministraret
1068 4765 1178 4838 (Id.
1208 4767 1298 4822 20.
1355 4766 1470 4838 28).
1529 4767 1668 4837 Ergo
1717 4767 1804 4836 qui

223 4859 458 4914 docebat
483 4875 612 4926 nos,
643 4868 702 4915 ut
740 4861 966 4914 humiles
997 4859 1245 4916 heremus
1270 4902 1284 4924 ,
1317 4874 1486 4929 neque
1518 4860 1806 4928 principem

222 4955 408 5009 locum
459 4970 677 5024 usquam
723 4968 1137 5022 occuparemus,
1171 4954 1264 5009 sed
1296 4953 1574 5007 inferiores
1615 4953 1803 5022 ultique

223 5046 440 5101 censeri
466 5047 700 5100 contenti
725 5060 996 5110 essemus,
1027 5061 1090 5099 ac
1118 5046 1294 5100 verbis
1320 5045 1579 5116 factisque
1619 5061 1717 5099 nos
1741 5046 1806 5098 ad

223 5139 332 5191 hoc
383 5135 671 5201 incitabat,
703 5137 752 5190 ei
799 5137 981 5190 multa:
1035 5137 1382 5206 suppetebant
1435 5136 1809 5192 humilitcrlo-

220 5231 422 5300 quendi
453 5230 779 5284 occasiones.
810 5229 957 5284 Licet
981 5239 1035 5284 et
1063 5238 1302 5300 quartam
1329 5229 1567 5299 proferre
1593 5244 1807 5284 Causam

224 5322 397 5376 nihilo
426 5321 729 5376 inferiorem
770 5320 976 5376 allatis:
1006 5337 1246 5391 quamam
1291 5331 1372 5376 est
1411 5321 1499 5374 illa
1552 5319 1809 5374 tandem?

222 5413 305 5470 Ne
333 5410 470 5467 forte
495 5421 718 5482 propter
747 5427 993 5482 magnam
1019 5421 1071 5467 et
1099 5413 1412 5467 immensam
1441 5410 1806 5482 hypostasium

221 5503 676 5572 propinquitatem
712 5518 810 5556 nos
841 5502 892 5556 in
921 5503 1076 5557 unius
1110 5518 1350 5573 persona:
1379 5501 1682 5572 opinionem
1721 5502 1808 5555 in-

221 5589 560 5644 cideremus:
584 5588 682 5641 etsi
701 5588 842 5642 enim
867 5603 989 5641 raro
1001 5588 1102 5642 tale
1122 5587 1246 5657 quid
1260 5587 1471 5648 dixerit,
1491 5587 1600 5656 jam
1625 5588 1677 5640 in
1691 5602 1808 5640 eam

225 5680 467 5737 nonnulli
496 5680 726 5750 prolapsi
759 5692 885 5735 sunt
922 5680 1268 5750 impietatem.
1295 5678 1559 5734 Sabellius
1597 5678 1808 5748 quidem

221 5783 372 5830 certe
403 5773 527 5826 Afer
543 5788 662 5827 cum
685 5773 949 5829 dicentem
978 5773 1242 5839 audisset,
1275 5773 1383 5844 Ego
1408 5783 1453 5826 et
1474 5773 1630 5828 Pater
1654 5790 1812 5827 unum

219 5885 398 5923 sumus
445 5867 620 5940 (Joan.
667 5866 752 5922 10.
801 5867 914 5939 50),
947 5875 1035 5936 et,
1075 5867 1195 5922 vidit
1234 5884 1327 5931 me,
1379 5867 1478 5935 Qui
1527 5868 1647 5922 vidit
1698 5865 1808 5921 Pa-

1044 449 1133 504 DF.
1171 443 1814 509 CONSUBSTANTIALI,
1855 441 2122 500 CONTRA
2165 442 2536 501 ANOMCEOS.
2579 445 2690 501 Vll.

3387 445 3494 502 762

1909 565 2033 608 trem
2059 556 2236 626 (Joan.
2275 558 2356 612 .
2391 557 2468 620 9).
2510 573 2575 613 ex
2609 559 2709 613 hac
2741 560 3023 614 verborum
3057 560 3488 631 propinquitate,

1913 663 2014 717 qua
2063 649 2128 702 ad
2174 649 2478 719 genitorem
2517 648 2772 705 accedere
2820 651 3114 716 videbatur,
3159 652 3490 708 occasionem

1917 739 2202 809 impietatis
2250 740 2504 808 arripuit,
2537 741 2605 794 ita
2641 725 2710 795 iiut
2740 757 2897 796 unam
2945 757 3066 798 esse
3112 757 3392 812 personam
3442 749 3493 796 et

1918 829 2243 900 hypostasim
2268 846 2423 884 unam
2446 841 2706 886 censeret.
2729 832 2910 901 Neque
2932 848 3059 888 vero
3078 834 3205 888 sola:
3227 844 3350 888 sunt
3379 834 3493 888 ista:

1912 935 2108 984 causae,
2142 921 2235 975 sed
2261 936 2326 976 ne
2354 921 2472 991 quis
2503 937 2624 977 eum
2670 923 2892 992 primam
2923 923 3066 977 illam
3103 934 3156 979 et
3198 925 3489 995 ingenitam

1913 1029 2032 1069 esse
2057 1015 2404 1069 substantiam
2427 1017 2790 1084 arbitraretur,
2819 1026 2912 1071 aut
2937 1018 3191 1088 majorem
3215 1035 3312 1075 suo
3328 1021 3496 1090 ipsius

1913 1104 2153 1171 genitore
2182 1115 2462 1159 censeret:
2495 1121 2612 1158 nam
2644 1119 2698 1159 et
2733 1108 2834 1161 hoc
2863 1107 3034 1176 ipsum
3080 1109 3317 1165 timuisse
3361 1111 3495 1164 Pau-

1917 1194 2025 1248 lum
2054 1205 2307 1265 apparet,
2341 1212 2406 1250 ne
2433 1197 2550 1265 quis
2593 1196 2732 1252 forte
2783 1196 2885 1252 hoc
2926 1199 3142 1266 impium
3173 1215 3500 1270 pravumque

1915 1286 2106 1356 dogma
2157 1289 2537 1356 suSpicaretur.
2587 1288 2746 1345 Certe
2801 1305 2922 1344 cum
2977 1290 3224 1346 dixisset:
3284 1291 3494 1362 Oportet

1913 1380 2048 1433 enim
2085 1381 2229 1434 illam
2257 1397 2497 1451 regnare,
2525 1381 2684 1436 donec
2711 1391 2864 1451 ponat
2891 1384 3120 1439 inimicos
3162 1385 3252 1438 sub
3291 1385 3500 1454 pedibus

1916 1469 1994 1539 (1.
2019 1469 2135 1530 Cor.
2164 1474 2250 1526 15.
2273 1473 2363 1528 25.
2392 1483 2439 1527 et
2465 1473 2556 1543 27)
2585 1492 2596 1525 :
2627 1484 2682 1529 et
2709 1474 3033 1541 addidisset,
3067 1477 3254 1531 Omnia
3291 1478 3498 1549 subjecit

1917 1562 2006 1614 sub
2051 1563 2258 1632 pedibus
2287 1566 2429 1634 ejus,
2461 1565 2728 1634 adiunxit,
2769 1566 2964 1621 Praeter
2987 1585 3131 1632 eum,
3159 1572 3246 1640 qui
3291 1571 3501 1640 subjecit

1915 1654 1992 1706 illi
2012 1656 2184 1708 omnia
2203 1672 2222 1709 :
2248 1673 2350 1710 non
2383 1657 2567 1727 utique
2600 1658 2975 1727 adjuncturus,
3011 1661 3112 1714 nisi
3139 1661 3405 1717 timuisset
3432 1677 3501 1716 ne

1915 1762 2013 1815 qua
2046 1745 2183 1802 forte
2208 1747 2465 1802 diabolica
2512 1748 2632 1802 talis
2681 1750 2938 1804 sententia
2983 1753 3301 1806 exoriretur.
3343 1752 3497 1822 Saepe

1915 1853 2123 1906 quoque
2152 1837 2277 1892 dum
2312 1838 2624 1892 Iudaeorum
2655 1838 2903 1894 invidiam
2929 1840 3087 1905 lenit,
3118 1841 3186 1896 de
3213 1842 3498 1897 verborum

1915 1930 2238 1985 sublimitate
2296 1931 2537 1986 nonnihil
2597 1931 2854 1996 remittit,
2909 1942 2965 1986 ut
3015 1949 3199 1995 eorum
3240 1935 3329 2004 qui
3379 1949 3501 1989 cum

1917 2022 2031 2090 ipso
2068 2023 2580 2086 sermocinabamur,
2609 2024 2895 2092 suspicioni
2922 2026 3210 2081 satisfaciat
3245 2046 3260 2081 :
3292 2037 3349 2082 ut
3379 2044 3499 2084 cum

1915 2113 1988 2164 ait
2017 2130 2028 2163 :
2063 2113 2123 2166 Si
2165 2130 2254 2182 ego
2284 2115 2622 2167 testimonium
2667 2115 2897 2181 perhibeo
2927 2116 2989 2168 de
3031 2118 3250 2187 meipso,
3275 2120 3497 2172 testimo-

1916 2205 2056 2257 nium
2078 2222 2240 2258 meum
2257 2223 2359 2260 non
2380 2217 2451 2260 est
2477 2222 2646 2260 verum
2666 2206 2844 2275 (Joan.
2869 2209 2922 2263 5.
2947 2207 3057 2280 3|).
3082 2210 3213 2272 Nam
3241 2220 3496 2266 uteortnn

1915 2297 2271 2362 suspicionem
2324 2299 2624 2364 refelleret,
2653 2300 2722 2352 ita
2767 2299 2898 2354 dixit
2937 2317 2950 2353 :
3006 2317 3177 2371 neque
3224 2303 3366 2357 enim
3396 2307 3496 2359 hoc

1914 2404 2098 2442 verum
2131 2406 2233 2444 non
2261 2406 2378 2445 esse
2410 2391 2571 2444 voluit
2614 2391 2879 2457 indicare,
2909 2393 3034 2460 quin
3059 2394 3231 2462 potius
3251 2437 3265 2460 ,
3301 2406 3355 2449 ut
3403 2412 3498 2451 vos

1915 2481 2245 2534 arbitramini
2295 2492 2349 2536 et
2397 2482 2771 2550 suspicamini,
2805 2482 3006 2551 inquit.
3037 2499 3158 2538 cum
3206 2501 3294 2541 me
3320 2486 3498 2541 nolitis

1919 2572 2152 2641 recipere
2180 2572 2247 2627 de
2275 2589 2359 2626 me
2384 2574 2500 2641 ipso
2524 2573 2682 2626 verba
2708 2572 3011 2628 facientem.

1985 2666 2038 2719 5.
2081 2665 2147 2718 Et
2171 2681 2299 2719 vero
2324 2665 2504 2735 plures
2532 2666 2650 2719 alia:
2681 2665 2901 2734 reperiri
2938 2681 3115 2720 causa:
3146 2679 3362 2736 possent
3394 2686 3407 2720 :
3439 2685 3502 2724 ac

1917 2757 2196 2810 verborum
2227 2756 2440 2826 quidem
2485 2755 2799 2810 humilitatis
2838 2757 3030 2810 multas
3072 2758 3225 2812 nobis
3255 2759 3497 2828 proferre

1915 2838 2221 2902 occasiones
2240 2849 2423 2903 liceret
2443 2867 2454 2901 :
2476 2857 2530 2901 at
2559 2856 2611 2901 tu
2638 2848 2941 2917 dogmatnm
2963 2848 3327 2903 sublimiorum
3347 2851 3502 2906 aliam

1917 2940 2050 2994 atier
2071 2940 2404 2994 occasionem
2429 2948 2628 3010 praeter
2647 2954 2788 2999 eam,
2815 2955 2971 3008 quam
3001 2940 3254 2996 diximus.
3281 2941 3352 2994 Ea
3381 2957 3506 2995 vero

1918 3031 2012 3083 fuit
2033 3073 2047 3091 ,
2075 3030 2215 3100 quod
2246 3047 2394 3085 suam
2432 3030 2586 3084 nobis
2616 3030 2775 3084 veliet
2815 3029 3109 3098 patefacere
3138 3031 3460 3087 nobilitatem
3487 3051 3502 3097 ;

1917 3122 2008 3175 sed
2036 3122 2191 3175 aliam
2221 3122 2413 3176 afferre
2451 3122 2648 3176 nullam
2693 3137 2899 3190 posses.
2941 3121 3072 3176 Nam
3105 3123 3148 3177 is
3176 3124 3386 3192 quidem
3413 3128 3505 3196 qui

1918 3231 2140 3283 magnus
2161 3224 2263 3278 est,
2288 3214 2538 3283 exiguum
2568 3213 2764 3282 aliquid
2795 3215 2983 3281 poterit
3007 3213 3073 3267 de
3102 3230 3161 3269 se
3180 3215 3380 3282 dicere,
3406 3233 3508 3273 nec

1918 3305 2081 3358 ullum
2113 3305 2162 3358 id
2190 3305 2391 3358 crimen
2431 3305 2568 3368 erit,
2601 3305 2860 3375 siquidem
2905 3305 3039 3358 istud
3072 3316 3155 3360 est
3187 3307 3461 3363 modestiae
3490 3328 3503 3365 :

1917 3389 1958 3441 si
1986 3389 2104 3456 quis
2131 3395 2306 3442 autem
2338 3387 2428 3456 qui
2457 3401 2650 3456 parvus
2678 3388 2764 3447 sit.
2796 3403 3042 3454 magnum
3069 3388 3137 3443 de
3157 3404 3216 3444 se
3237 3391 3506 3460 quidpiam

1917 3481 2076 3537 dicat.
2104 3481 2529 3536 criminationem
2558 3495 2662 3534 non
2694 3482 2906 3550 eii'ngiet
2939 3500 2951 3536 :
2979 3493 3059 3536 est
3087 3485 3226 3538 enim
3256 3486 3382 3540 illud
3417 3502 3477 3542 ar
3504 3522 3510 3530 -

1917 3575 2208 3640 rogantize:
2242 3581 2564 3640 quapropter
2605 3569 2884 3625 sublimem
2915 3573 3128 3642 quidem
3161 3591 3347 3632 omnes
3388 3578 3473 3631 lau

1915 3661 2136 3723 damus,
2174 3676 2293 3715 cum
2339 3660 2556 3715 humilia
2586 3660 2652 3715 de
2695 3676 2754 3715 se
2779 3662 2974 3717 dixerit
3004 3681 3016 3716 :
3053 3661 3304 3720 lnnnilem
3331 3677 3506 3722 autem

1917 3769 2073 3807 nemo
2100 3753 2367 3816 laudabit,
2401 3753 2446 3807 si
2475 3753 2602 3823 quid
2644 3752 2779 3808 forte
2818 3770 3063 3822 magnum
3104 3757 3172 3810 de
3201 3772 3259 3811 se
3286 3757 3503 3814 dixerit.

1920 3845 2099 3912 Itaque
2124 3845 2167 3897 si
2199 3845 2366 3898 multo
2397 3843 2616 3898 inferior
2646 3843 2804 3898 Patre
2834 3844 2999 3897 Filius
3025 3855 3186 3910 esset,
3219 3856 3273 3900 ut
3297 3863 3390 3902 vos
3418 3849 3504 3903 di-

1916 3939 2056 4002 citis,
2087 3954 2190 3992 non
2220 3937 2547 4007 Oportuisset
2572 3953 2692 3990 eum
2715 3937 2875 3991 verba
2907 3938 3184 4006 proloqui,
3213 3954 3279 3993 ex
3314 3941 3505 4010 quibus

1918 4031 2086 4099 ipsum
2111 4030 2337 4101 genitori
2365 4045 2462 4083 suo
2488 4028 2746 4097 aqualem
2783 4043 2902 4083 esse
2936 4039 3247 4099 constaret:
3277 4033 3328 4085 id
3361 4046 3504 4089 enim

1917 4123 2233 4190 arrogantia:
2260 4121 2465 4175 fuisset.
2495 4120 2645 4188 Quod
2673 4129 2848 4175 autem
2880 4122 2923 4175 is
2948 4123 3035 4190 qui
3065 4123 3292 4192 genitori
3318 4140 3414 4179 suo
3436 4127 3506 4180 sit

1914 4215 2132 4284 mqualis
2152 4256 2167 4279 ,
2197 4214 2415 4268 humilia
2451 4213 2692 4283 quaedam
2719 4221 2773 4268 et
2797 4213 3006 4281 abjecta
3053 4215 3235 4283 dicat,
3266 4217 3392 4270 nulli
3423 4229 3506 4275 est

1914 4307 2198 4360 obnoxium
2251 4304 2689 4374 reprehensioni,
2742 4305 2821 4359 vel
2875 4305 3121 4371 crimini;
3179 4323 3299 4362 cum
3349 4309 3504 4366 laude

1913 4397 2089 4463 potius
2110 4405 2165 4451 et
2186 4396 2421 4450 maxima
2444 4395 2582 4450 istud
2608 4396 2958 4450 admiratione
2979 4399 3049 4451 sit
3069 4397 3305 4467 dignum.
3331 4400 3506 4470 Atque

1913 4502 1968 4545 ut
1993 4488 2356 4544 manifestiora
2384 4490 2529 4550 ant,
2558 4507 2675 4558 qua:
2705 4491 2957 4552 diximus,
2982 4500 3036 4544 et
3077 4492 3382 4563 intelligatis
3409 4511 3505 4550 vos

1912 4598 2118 4649 omnes,
2152 4597 2249 4636 nos
2277 4582 2471 4636 divinis
2500 4597 2604 4636 non
2633 4581 2903 4636 adversari
2926 4581 3233 4652 Scripturis,
3263 4600 3360 4655 age
3392 4585 3503 4652 pri-

1914 4690 2052 4728 mam
2079 4689 2360 4729 causarum
2400 4673 2618 4728 istarum
2642 4715 2655 4738 ,
2680 4690 2812 4744 quas
2840 4674 3112 4729 attulimus
3131 4718 3145 4741 ,
3168 4675 3276 4746 jam
3305 4686 3508 4746 pertra-

1913 4776 2116 4818 ctemus
2135 4807 2150 4830 ,
2183 4773 2236 4819 et
2262 4779 2494 4834 quonam
2523 4765 2574 4818 in
2604 4765 2724 4818 loco
2754 4773 2968 4833 propter
3000 4765 3362 4821 indumentum
3384 4783 3504 4821 car-

1915 4860 1994 4912 nis
2015 4867 2198 4928 aperte
2224 4873 2318 4912 sua
2342 4857 2573 4912 essentia
2599 4857 2855 4912 inferiora
2878 4858 3037 4912 verba
3066 4859 3295 4929 proferat
3318 4870 3503 4914 osten-

1914 4952 2121 5004 damus.
2168 4951 2246 5004 Ac
2283 4950 2327 5003 si
2367 4949 2577 5004 videtur
2615 4949 2912 5004 orationem
2959 4949 3127 5019 ipsam
3177 4951 3229 5003 in
3270 4953 3499 5006 medium

1914 5043 2259 5108 adducamus,
2285 5059 2386 5113 qua
2419 5051 2619 5111 patrem
2649 5044 2840 5096 oravit.
2867 5041 2972 5098 Sed
2994 5041 3270 5108 attendite,
3298 5059 3480 5112 quaeso
3498 5088 3512 5107 .

1915 5135 2197 5204 diligenter
2225 5151 2239 5188 :
2267 5149 2380 5188 rem
2425 5133 2565 5188 enim
2608 5148 2822 5185 omnem
2856 5131 3010 5200 paulo
3039 5131 3196 5185 altius
3225 5134 3504 5202 repetitam

1915 5228 2074 5282 statui
2097 5242 2333 5280 narrare.
2358 5226 2577 5280 Peracta
2598 5233 2679 5279 est
2699 5224 2824 5278 olim
2846 5239 3018 5286 cmna,
3040 5239 3190 5278 sacra
3215 5225 3302 5280 illa
3325 5236 3502 5295 nocte,

1916 5336 2017 5390 qua
2045 5318 2335 5372 tradendus
2364 5317 2459 5371 fuit
2488 5334 2502 5371 :
2531 5331 2735 5371 sacram
2767 5316 2908 5370 enim
2940 5315 3083 5370 illam
3115 5318 3345 5386 appello,
3376 5321 3499 5388 quia

1917 5413 2196 5466 innumera
2239 5411 2329 5465 illa
2371 5412 2542 5473 bona,
2573 5424 2692 5478 quae
2737 5409 2792 5462 in
2821 5407 3004 5462 orbem
3034 5417 3298 5464 terrarum
3338 5412 3506 5467 effusa

1917 5513 2077 5567 sunt,
2112 5503 2319 5556 initium
2351 5501 2474 5554 inde
2509 5500 2794 5554 duxerunt.
2836 5499 2984 5553 Tunc
3013 5497 3172 5570 igitur
3199 5515 3318 5555 cum
3345 5503 3510 5558 disci-

1918 5595 2054 5664 pulis
2092 5593 2334 5648 undecim
2383 5592 2621 5661 proditor
2649 5589 3032 5656 recumbebat,
3077 5602 3132 5646 et
3176 5594 3510 5649 etenautibns

1913 5685 2021 5740 illis
2049 5686 2121 5739 ait
2147 5684 2410 5751 Christus,
2441 5681 2586 5738 Unus
2612 5697 2679 5736 ea:
2701 5682 2837 5736 vobis
2866 5682 3030 5736 tradet
3054 5698 3133 5737 me
3162 5682 3182 5754 (
3199 5679 3386 5737 Matth.
3415 5685 3506 5740 26.

1915 5776 1981 5830 2i
2007 5777 2047 5845 ).
2081 5777 2278 5831 [lorum
2305 5775 2434 5831 mihi
2467 5789 2733 5832 memores
2752 5783 2924 5831 estote
2949 5774 3233 5830 verborum
3255 5817 3272 5841 ,
3305 5785 3361 5828 nt
3387 5793 3508 5832 cum

1927 5869 1989 5924 ad
2017 5868 2309 5925 orationem
2333 5876 2548 5926 ventum
2573 5868 2748 5937 fuerit,
2773 5883 2875 5939 qua
2903 5866 2968 5922 de
2989 5881 3146 5921 causa
3171 5867 3249 5921 sic
3271 5877 3408 5936 oret,
3431 5870 3508 5924 vi.
