3926 6266
423 435 530 492 763

421 550 659 602 deanms.
695 548 770 600 Ac
807 544 936 598 mihi
978 540 1390 597 sollicitudinem
1433 536 1642 590 Domini
1675 533 1952 587 considera
1985 548 1996 583 :

420 655 526 693 non
550 636 701 701 dixit,
729 634 892 715 {udas
917 648 1003 687 me
1032 631 1238 696 tradet,
1267 645 1334 683 ne
1355 627 1512 682 editis
1549 623 1878 680 evidentibus
1901 621 2008 675 cri-

422 730 582 784 minis
617 727 825 781 indiciis
854 723 1298 793 impndentiorem
1348 720 1494 774 illum
1541 715 1788 771 redderet
1825 729 1840 766 :
1883 727 2003 767 cum

420 831 598 877 autem
629 821 717 875 ille
743 819 1050 873 Stimulante
1090 813 1416 870 conscientia
1457 810 1711 872 dixisset,
1744 805 2006 875 Numquid

421 931 511 985 ego
535 931 676 975 sum,
705 910 962 965 Domine?
985 910 1056 962 ait
1082 909 1188 972 illi,
1210 904 1288 960 Tu
1307 905 1476 960 dixiin
1500 903 1518 974 (
1541 901 1726 956 Matth.
1756 900 1847 955 26.
1873 899 1942 952 25
1963 898 2003 966 ),

421 1015 474 1059 et
505 1019 570 1058 ne
602 1013 711 1056 tum
742 1001 957 1072 quidem
996 999 1185 1053 adduci
1224 997 1425 1066 potuit,
1464 1003 1523 1049 ut
1547 1009 1668 1049 eum
1699 999 2003 1054 accusaret,

421 1095 518 1150 sed
548 1097 723 1164 ipsum
764 1093 993 1148 indicem
1037 1090 1272 1145 criminis
1316 1089 1396 1142 sui
1439 1087 1735 1142 constituit.
1778 1083 2002 1138 Verum-

422 1198 600 1242 tamen
621 1201 686 1241 ne
703 1186 779 1240 sic
799 1183 1010 1254 quidem
1035 1183 1222 1238 melior
1240 1181 1433 1246 evasit,
1457 1180 1550 1234 sed
1571 1194 1691 1232 cum
1712 1175 2004 1245 accepisset

423 1279 716 1334 buccellam
759 1279 941 1332 exivit.
971 1277 1100 1329 Cum
1128 1289 1254 1343 ergo
1295 1273 1513 1328 exiisset
1541 1269 1826 1338 assumptis
1850 1267 2005 1322 Jesus

422 1371 694 1440 discipulis
723 1371 834 1434 ait,
869 1367 1052 1422 Omnes
1091 1381 1176 1419 vos
1217 1363 1512 1419 scandalum
1553 1361 1807 1430 patiemini
1847 1360 2006 1410 inme

424 1462 602 1531 (Ibid.
658 1479 706 1515 υ.
761 1461 980 1530 Idl-54).
1025 1459 1307 1514 Renitente
1350 1466 1525 1510 autem
1587 1455 1744 1508 l’etro
1805 1467 1868 1505 ac
1919 1450 2001 1504 di-

425 1563 582 1609 cente
602 1595 614 1616 ,
651 1552 759 1606 Etsi
787 1567 957 1605 omnes
981 1548 1313 1604 scandalizati
1350 1547 1569 1614 fuerint,
1611 1561 1701 1614 ego
1731 1557 2003 1610 numquam

423 1635 806 1691 scandalizabor
824 1652 842 1689 :
869 1635 941 1688 ait
967 1647 1151 1687 rursus
1175 1631 1331 1687 Jesus
1365 1649 1376 1682 :
1407 1631 1566 1683 Amen
1591 1628 1702 1681 dico
1729 1628 1836 1693 tibi,
1859 1636 2002 1679 ante-

423 1748 574 1802 quam
597 1730 764 1801 gallus
784 1735 967 1793 cantet,
1001 1737 1074 1780 ter
1101 1742 1180 1779 me
1205 1723 1426 1795 negabis.
1453 1721 1584 1776 Cum
1615 1730 1790 1774 autem
1822 1734 2004 1773 rursus

422 1821 830 1886 eontradiceret,
858 1818 1110 1887 deinceps
1138 1817 1286 1871 illum
1315 1814 1550 1883 reliquit.
1579 1811 1696 1866 Non
1725 1821 1894 1879 poles,
1925 1811 2005 1862 in-

422 1916 556 1985 quit,
579 1913 760 1968 verbis
781 1911 1108 1980 persuaderi,
1131 1908 1224 1964 sed
1253 1906 1593 1969 contradicis,
1617 1919 1680 1958 ac
1697 1903 1855 1957 rebus
1878 1902 2004 1969 ipsis

421 2007 516 2061 tibi
546 2003 950 2075 persuadebitur
974 2016 1078 2055 non
1108 2016 1227 2053 esse
1258 1998 1482 2053 Domino
1511 1993 1999 2060 contradicendum.

422 2100 596 2167 Atque
636 2095 826 2149 horum
877 2092 1007 2147 mihi
1053 2094 1245 2146 iterum
1301 2102 1568 2144 memores
1610 2096 1780 2140 estote
1816 2084 2003 2139 verbo-

421 2205 539 2244 rum
564 2187 641 2258 (a)
669 2207 680 2240 :
707 2188 850 2242 utilis
870 2188 1008 2240 enim
1027 2199 1212 2239 eorum
1237 2184 1340 2236 erit
1359 2181 1634 2240 memoria,
1663 2179 1786 2232 dum
1809 2179 2003 2231 oratio-

424 2297 545 2334 nem
578 2279 1027 2348 perscrntabimur
1056 2292 1070 2328 :
1099 2275 1354 2329 indicavit
1380 2273 1726 2343 proditorem,
1759 2268 2004 2338 praedixit

421 2373 656 2426 omnium
689 2372 881 2439 fugant,
910 2378 964 2424 et
988 2377 1213 2423 mortem
1243 2381 1392 2421 suam
1426 2382 1439 2417 :
1477 2364 1786 2424 Percutiam,
1809 2361 2000 2428 inquit,

422 2475 690 2534 pastorem,
723 2474 768 2516 et
802 2462 1150 2531 dispergentur
1187 2456 1474 2527 oves(lbid.
1504 2471 1550 2507 υ.
1583 2456 1673 2521 51)
1696 2471 1708 2506 :
1733 2451 1996 2521 prtedixit,

421 2562 581 2630 quise
597 2561 949 2628 abnegaturus
967 2564 1127 2619 esset,
1153 2563 1205 2608 et
1224 2551 1452 2623 quando,
1469 2559 1522 2629 et
1537 2549 1763 2619 quoties,
1778 2555 1831 2600 et
1850 2559 2003 2600 accu-

423 2665 534 2708 rate
548 2653 743 2707 omnia.
761 2653 881 2705 Post
897 2651 1009 2704 huic
1023 2659 1078 2702 ut
1091 2647 1332 2701 idoneam
1345 2640 1690 2715 praeseieutia:
1705 2637 2001 2692 futurorum

423 2748 604 2801 aderat
623 2743 1010 2812 probationem,
1029 2754 1148 2794 eum
1173 2737 1236 2791 ad
1256 2737 1432 2790 villam
1450 2732 1728 2803 quamdam
1750 2728 2002 2793 venisset,

423 2848 535 2893 orat
561 2854 575 2891 :
605 2847 658 2891 et
686 2835 762 2890 illi
789 2834 1001 2904 quidem
1033 2827 1322 2885 divinitatis
1348 2826 1638 2880 orationem
1661 2837 1780 2876 esse
1799 2819 2000 2881 dicunt,

401 2948 519 2991 .nos
531 2939 709 2987 autem
727 2944 844 2984 esse
861 2927 1084 2981 dicimus
1102 2919 1527 2991 dispensationis.
1551 2917 1789 2971 Jndicatc
1806 2915 2002 2980 itaque,

422 3041 481 3080 ac
507 3042 600 3096 per
627 3024 792 3093 ipsius
818 3018 1072 3088 unigeniti
1102 3016 1323 3085 gloriam
1367 3014 1435 3065 ita
1483 3008 1799 3064 sententiam
1831 3004 1964 3058 ferte
1986 3041 2003 3066 ,

422 3127 479 3171 ut
506 3093 635 3170 nihil
676 3114 987 3182 cujusquam
1030 3107 1214 3177 gratia:
1243 3104 1401 3158 detis.
1447 3101 1576 3154 Nam
1624 3096 1834 3151 tametsi
1865 3093 2004 3162 apud

421 3208 621 3260 amicos
646 3219 861 3258 causam
888 3201 1025 3263 dico,
1062 3210 1250 3266 precor
1281 3205 1455 3246 tamen
1486 3200 1539 3242 et
1567 3189 1811 3247 obsecro,
1839 3194 1895 3237 ut
1921 3185 2000 3237 in-

422 3307 725 3366 corruptum
761 3293 1043 3363 judicium,
1070 3303 1168 3342 nec
1195 3287 1280 3340 vel
1308 3289 1358 3338 in
1379 3283 1599 3350 gratiam
1628 3278 1814 3340 nostri,
1840 3277 1922 3329 vel
1954 3276 2002 3327 in

421 3389 631 3443 illorum
685 3385 866 3438 odium
913 3381 1023 3434 ﬁat.
1069 3378 1353 3432 Enimvero
1393 3388 1460 3426 ex
1491 3371 1591 3424 hoc
1633 3369 1748 3437 ipso
1778 3367 2005 3419 maxime

423 3487 629 3536 constat
650 3476 946 3529 orationem
969 3469 1256 3524 divinitatis
1285 3481 1389 3520 non
1412 3479 1552 3526 esse,
1581 3462 1718 3515 Deus
1739 3459 1880 3512 enim
1901 3472 2004 3508 non

423 3580 540 3628 erat
571 3590 584 3624 :
616 3570 706 3624 Dei
737 3578 817 3622 est
843 3565 1050 3619 adorari
1079 3606 1093 3625 ,
1133 3562 1223 3615 Dei
1255 3569 1336 3614 est
1375 3557 1669 3611 orationem
1699 3553 1966 3620 suscipere
1987 3589 2004 3614 ,

425 3682 531 3720 non
561 3665 854 3719 ora-tionem
885 3659 1095 3714 offerre.
1123 3656 1367 3709 Attamen
1398 3651 1648 3721 quoniam
1673 3646 2008 3716 impudentes

425 3768 567 3822 sunt,
591 3772 656 3810 ex
687 3756 814 3825 ipsis
838 3749 1096 3805 orationis
1118 3746 1292 3800 verbis
1315 3744 1650 3798 manifestum
1671 3737 1893 3793 reddere
1912 3752 2006 3788 co-

424 3850 686 3912 nabimur,
707 3856 873 3899 totum
900 3841 1025 3895 illud
1047 3835 1457 3906 dispensationis
1478 3848 1616 3897 esse,
1636 3849 1697 3883 ac
1717 3829 2006 3884 secundum

425 3957 639 3999 carnem
666 3934 1008 3992 inﬁrmitatis.
1034 3929 1257 3996 Quando
1281 3928 1422 3982 enim
1453 3924 1653 3977 humile
1683 3921 1808 3990 quid
1841 3921 2010 3988 loqui-

427 4043 512 4087 tur
536 4032 778 4085 Christus
798 4069 810 4088 ,
845 4026 922 4079 sic
965 4023 1164 4076 lunnilc
1195 4019 1427 4087 loquitur
1455 4031 1517 4070 ac
1551 4014 1684 4076 vile,
1717 4021 1774 4066 ut
1803 4026 2007 4066 summa

425 4127 689 4179 dictorum
712 4120 976 4173 humilitas
1001 4115 1083 4168 vel
1111 4111 1395 4166 admodmn
1423 4105 1768 4161 contentiosis
1795 4117 2011 4172 persua-

430 4220 561 4275 dere
586 4223 765 4286 queat,
803 4212 891 4265 illa
922 4208 1081 4264 verba
1110 4206 1331 4258 multum
1361 4203 1429 4256 ab
1458 4201 1545 4254 illa
1577 4196 1825 4251 inetiabili
1855 4204 2012 4262 atque

429 4305 772 4366 inenarrabili
812 4301 1040 4356 essentia
1084 4295 1363 4351 dissidere.
1409 4292 1487 4345 Ad
1544 4291 1654 4358 ipsa
1699 4289 1857 4358 igitur
1894 4300 2013 4338 ora.

429 4402 594 4456 tionis
613 4397 772 4452 verba
801 4392 1096 4448 veniamus.
1124 4387 1300 4449 Pater,
1330 4386 1372 4438 si
1403 4383 1634 4454 possibile
1662 4391 1766 4444 est,
1795 4386 2013 4431 transeat

431 4513 461 4548 a
485 4510 561 4546 me
583 4491 717 4546 calix
733 4489 842 4541 iste.
883 4484 1232 4537 Verumtamen
1254 4495 1352 4531 non
1373 4477 1498 4529 sicut
1515 4491 1605 4544 ego
1625 4476 1753 4537 volo,
1780 4472 1867 4527 sed
1888 4473 2013 4525 sicut

433 4597 488 4639 tu
514 4583 674 4653 (Ibid.
707 4575 906 4648 v.39).
955 4575 1050 4628 llic
1091 4573 1248 4641 igitur
1295 4584 1389 4623 eos
1427 4569 1830 4635 interrogemus,
1869 4565 2014 4634 igno-

432 4689 584 4732 ratne
611 4716 624 4732 ,
655 4687 777 4725 num
812 4665 1064 4738 possibile
1089 4665 1192 4725 sit,
1220 4670 1310 4714 aut
1349 4659 1708 4728 impossibile,
1738 4658 1825 4726 qni
1860 4657 2014 4725 paulo

433 4777 555 4821 ante
573 4767 712 4819 inter
726 4759 1038 4814 cantandum
1064 4755 1292 4813 dicebat,
1317 4752 1458 4806 Unus
1479 4768 1540 4804 ex
1559 4751 1690 4803 vobis
1712 4750 1872 4800 tradet
1896 4766 1971 4800 me
1993 4748 2016 4800 ?

433 4858 521 4928 qui
547 4859 700 4926 paulo
728 4864 850 4906 ante
875 4849 1103 4907 dicebat,
1135 4845 1394 4912 Scriptum
1425 4839 1820 4908 est,Percutiam
1843 4850 2014 4908 pasto-

433 4967 560 5012 rem,
593 4959 638 5000 ct
667 4947 1014 5016 dispergentur
1039 4955 1150 4993 oves
1174 4982 1188 5002 ,
1217 4945 1289 5000 et,
1326 4936 1512 4989 Omnes
1539 4933 1836 4987 scandalum
1862 4933 2018 5000 patie—

434 5041 558 5093 mini
585 5040 638 5092 in
680 5038 796 5090 me?
823 5035 912 5103 qui
956 5033 1114 5085 Petro
1139 5030 1292 5088 dixit,
1326 5027 1410 5080 Me
1437 5026 1661 5095 negabis.
1705 5036 1778 5090 et,
1807 5023 1907 5076 Ter
1943 5041 2019 5076 me

435 5133 637 5202 negabis
667 5145 686 5185 :
716 5129 921 5182 hiccine
941 5139 1122 5193 quaeso
1153 5139 1292 5176 nunc
1318 5120 1557 5188 ignorat?
1584 5118 1710 5183 Quis
1742 5118 1840 5169 hoc
1867 5116 2020 5170 dixe-

436 5227 545 5290 rit,
575 5220 962 5293 quantumlibet
989 5217 1267 5270 adversum
1296 5211 1528 5266 sentiat?
1561 5211 1688 5263 Nam
1728 5225 1849 5263 cum
1891 5209 2020 5263 illud

437 5316 650 5388 quidem
677 5355 691 5377 ,
734 5311 873 5383 quod
911 5312 1182 5380 ignoratur
1203 5349 1216 5371 ,
1250 5304 1375 5358 nulli
1407 5317 1577 5370 neque
1607 5300 2020 5370 prophetarum,

438 5384 612 5471 neque
641 5399 972 5468 angelorum,
1004 5407 1176 5461 neque
1205 5388 1664 5458 archangelormn,
1699 5397 1880 5438 notum
1909 5384 2024 5440 fue-

439 5495 510 5548 rit
533 5535 546 5556 ,
577 5506 760 5545 ansam
791 5490 1020 5556 aliquam
1063 5481 1412 5536 contentiosis
1460 5477 1684 5531 fortasse
1714 5477 1973 5546 praebebit
2006 5496 2019 5531 :

441 5601 561 5640 cum
584 5594 758 5637 autem
787 5581 912 5641 illud
938 5577 1077 5647 quod
1108 5576 1398 5644 ignoratur,
1429 5573 1498 5624 ita
1529 5571 1732 5625 clarum
1761 5579 1814 5623 et
1837 5569 2022 5638 explo-

441 5690 618 5734 ratum
639 5675 885 5730 omnibus
905 5671 1080 5734 fuerit,
1101 5679 1158 5722 ut
1181 5670 1338 5722 etiam
1367 5666 1609 5719 homines
1630 5674 1874 5719 accurate
1897 5664 2022 5718 illud

445 5771 722 5834 noverint,
755 5782 856 5836 qua
885 5764 1222 5819 excusatione
1245 5804 1258 5826 ,
1289 5777 1391 5830 qua
1422 5760 1576 5815 venia
1613 5759 1755 5827 digiti
1791 5757 1982 5812 fuerint
2006 5799 2020 5822 ,

513 5870 586 5932 (a)
608 5870 690 5916 t-tic
709 5863 846 5915 locus
869 5866 917 5913 in
940 5861 1112 5912 Concd.
1134 5869 1186 5908 γι
1205 5859 1590 5915 ,extlrlettmenio
1608 5861 1797 5924 citatur,
1828 5867 1922 5910 Act.
1947 5862 2019 5911 10.

1131 430 1185 482 S.
1221 425 1495 482 JOANNlS
1533 420 2012 478 CHRYSOSTOMI
2053 417 2366 473 ARCIIIEP.
2409 412 2943 472 CONSTANTINOP.

3585 414 3690 469 76ιὶ

2118 531 2205 596 qui
2229 537 2537 583 asseverant
2552 543 2696 588 eum,
2717 527 2855 595 quod
2880 526 3163 594 ignoraret,
3189 525 3288 578 ista
3304 523 3536 580 dixisse?
3554 523 3695 580 Sane

2113 619 2324 688 quidem
2351 619 2489 672 hunc
2509 618 2576 672 de
2594 632 2701 688 quo
2721 617 2926 687 agimus
2945 631 3243 670 sermonem
3269 617 3282 645 ¹
3307 624 3490 671 exacte
3509 630 3696 672 servos

2114 710 2229 779 ejus
2263 710 2474 764 novisse
2501 710 2698 778 liquet,
2727 719 2781 763 et
2817 724 2911 777 per
2932 722 3144 761 erucem
3184 706 3312 761 illud
3352 708 3655 776 patiendum
3676 748 3693 773 ,

2111 819 2172 858 ac
2217 811 2325 857 tam
2372 802 2555 856 multis
2607 809 2731 855 ante
2767 799 2921 854 annis
2959 798 3147 852 horum
3199 807 3479 868 utrumque
3517 798 3696 852 decla-

2113 909 2236 946 rans
2268 891 2432 946 David
2465 907 2532 944 ex
2560 904 2785 960 persona
2812 887 3004 944 Christi
3037 887 3269 952 dicebat,
3299 886 3560 940 Foderunt
3584 903 3696 940 ma-

2110 1001 2203 1038 nus
2220 999 2374 1048 meas,
2393 993 2438 1037 et
2458 983 2606 1052 pedes
2624 998 2759 1035 meos
2779 979 2946 1052 (Psal.
2965 981 3055 1036 21.
3080 980 3144 1033 17
3162 979 3203 1050 ),
3225 989 3279 1033 et
3298 978 3436 1048 quod
3459 979 3695 1032 futurum

2110 1087 2223 1130 erat
2250 1085 2515 1146 tamquam
2541 1075 2868 1145 prieteritum
2907 1073 3269 1140 annnnciavit,
3304 1073 3406 1129 hoc
3439 1072 3695 1127 nimirum

2111 1169 2374 1231 indicans,
2410 1167 2856 1237 quemadmodum
2887 1165 3002 1219 ﬁeri
3030 1165 3246 1234 nequit,
3275 1175 3332 1218 ut
3351 1179 3412 1218 ea
3438 1179 3560 1232 qua:
3583 1163 3694 1230 jam

2109 1270 2400 1316 evenerunt
2424 1263 2557 1316 facta
2575 1275 2681 1316 non
2705 1259 2900 1314 fuerint
2918 1261 2958 1324 ',
2978 1259 3054 1312 sic
3075 1271 3173 1312 nec
3192 1271 3348 1326 posse
3367 1255 3500 1320 ﬁeri,
3519 1265 3577 1310 ut
3590 1256 3700 1308 hoc

2111 1369 2214 1406 non
2237 1354 2458 1409 accidat.
2485 1352 2683 1406 Rursus
2709 1351 2924 1404 l-lesaias
2959 1349 3061 1402 hoc
3080 1349 3250 1416 ipsum
3271 1345 3564 1416 prazdicens
3584 1345 3698 1397 aie-

2109 1447 2196 1500 bat
2219 1488 2233 1510 ,
2268 1447 2410 1500 Sicut
2435 1448 2537 1499 ovis
2561 1445 2628 1498 ad
2648 1444 2943 1497 occisionem
2967 1442 3145 1495 ductus
3169 1450 3238 1494 est
3260 1479 3277 1504 ,
3301 1449 3346 1493 et
3379 1440 3502 1493 sicut
3530 1455 3696 1508 agnus

2108 1555 2278 1590 coram
2306 1539 2538 1590 tondente
2564 1553 2617 1590 se
2664 1545 2833 1589 mutus
2874 1535 2890 1603 (
2916 1533 3089 1586 Hesai.
3117 1531 3297 1596 55.7).
3330 1531 3479 1585 llnnc
3509 1544 3698 1583 rursus

2109 1647 2298 1699 agnum
2326 1645 2552 1684 cernens
2579 1629 2811 1684 Joannes
2837 1628 2990 1693 dixit,
3021 1625 3152 1680 Ecce
3179 1643 3339 1695 agnus
3364 1624 3462 1678 Dei
3486 1626 3572 1694 qui
3592 1625 3695 1676 tol-

2109 1723 2162 1774 lit
2187 1731 2440 1788 peccatum
2471 1720 2645 1774 mundi
2673 1719 2860 1791 (Joan.
2894 1721 2941 1772 1.
2969 1717 3074 1788 29)
3097 1760 3110 1782 ,
3144 1719 3231 1772 ille
3276 1718 3528 1770 nitnirnm
3559 1732 3697 1784 pra:-

2109 1814 2280 1866 dictus
2301 1852 2316 1877 ,
2353 1812 2537 1881 inquit.
2583 1813 2660 1865 Ac
2701 1811 2822 1865 vide
2845 1851 2860 1876 ,
2893 1827 2997 1864 non
3045 1811 3356 1878 simpliciter
3383 1809 3584 1862 dictum
3613 1819 3699 1861 est

2108 1919 2275 1972 agnus
2295 1945 2308 1966 ,
2341 1901 2436 1957 sed
2472 1901 2708 1957 additum
2752 1912 2867 1966 est,
2901 1903 3014 1956 Dei.
3044 1901 3174 1956 Nam
3205 1902 3451 1969 quoniam
3481 1909 3538 1955 et
3559 1901 3698 1954 alter

2108 2005 2220 2047 erat
2243 2008 2411 2063 agnus
2435 1993 2707 2059 Judaieus,
2740 2003 2798 2047 ut
2829 1994 2967 2048 hunc
2993 2009 3113 2048 esse
3139 1995 3231 2048 Dei
3257 1993 3588 2058 ostenderet,
3618 1993 3698 2046 sic

2108 2085 2352 2154 loquutus
2376 2095 2477 2140 est.
2523 2084 2613 2138 llle
2645 2101 2742 2154 pro
2779 2086 2888 2138 sola
2919 2094 3076 2154 gente
3104 2083 3444 2149 ollerebatur,
3481 2083 3572 2137 hic
3599 2099 3697 2151 pro

2109 2188 2219 2233 toto
2247 2190 2507 2233 terrarum
2536 2180 2665 2233 orbe
2695 2180 2797 2233 fuit
2834 2179 3045 2232 oblatus
3077 2195 3090 2231 :
3119 2190 3278 2246 atque
3306 2176 3448 2230 illius
3477 2176 3696 2245 quidem

2107 2271 2323 2339 sanguis
2349 2271 2678 2339 corporalem
2722 2270 2928 2339 plagam
2970 2269 3238 2337 prohibuit
3271 2284 3300 2320 a
3329 2267 3562 2330 Judmis,
3595 2266 3698 2318 hu-

2105 2364 2194 2432 jus
2225 2379 2350 2419 vero
2389 2365 2605 2432 sanguis
2650 2365 3015 2432 purgationem
3059 2362 3170 2415 orbi
3209 2361 3378 2414 attulit
3420 2359 3694 2413 universo.

2108 2457 2176 2509 Et
2207 2471 2333 2510 vero
2365 2455 2450 2510 hic
2484 2457 2699 2524 sanguis
2718 2498 2731 2519 ,
2761 2454 2965 2510 Judaici
2991 2496 3004 2518 ,
3039 2454 3288 2523 inquam,
3314 2453 3433 2522 agni
3455 2493 3469 2515 ,
3496 2468 3602 2506 non
3627 2469 3694 2508 ex

2108 2561 2201 2598 sua
2245 2548 2414 2615 potuit
2454 2556 2672 2611 natura,
2706 2547 2848 2616 quod
2885 2547 3090 2615 potuit,
3119 2545 3212 2600 sed
3247 2545 3498 2614 quoniam
3537 2544 3697 2614 hujus

2106 2647 2222 2690 erat
2251 2637 2434 2705 figura,
2467 2637 2572 2690 vim
2599 2637 2740 2690 illam
2768 2635 3015 2690 obtinuit.

2178 2727 2231 2781 6.
2267 2727 2364 2782 Ubi
2391 2740 2512 2782 sunt
2543 2728 2698 2798 igitur
2725 2727 2819 2794 illi,
2848 2730 2935 2796 qui
2961 2727 3172 2790 dicunt,
3203 2735 3257 2782 et
3291 2727 3378 2781 ille
3403 2725 3574 2780 Filius
3603 2725 3695 2779 di-

2108 2821 2268 2883 citur,
2297 2830 2349 2873 cl.
2371 2835 2466 2874 nos
2493 2821 2604 2886 lilii,
2629 2831 2681 2873 et
2705 2820 2774 2873 ob
2803 2819 2936 2872 hanc
2962 2819 3333 2889 appellationis
3353 2819 3692 2873 communio-

2111 2927 2230 2964 nem
2257 2911 2321 2962 ad
2356 2921 2587 2964 nostram
2621 2909 2641 2940 ⁸
2668 2919 2927 2965 ceuantnr
2971 2926 3093 2964 eum
3133 2909 3361 2978 dejicere
3401 2909 3695 2964 vilitatem?

2111 3004 2248 3057 Ecce
2280 3019 2509 3073 namque
2543 3019 2744 3073 agnus,
2788 3013 2843 3058 et
2868 3019 3064 3072 agnus,
3105 3012 3262 3072 atque
3289 3018 3449 3055 unum
3479 3003 3694 3070 quidem

2109 3106 2194 3151 est
2222 3111 2438 3160 nomen,
2467 3095 2740 3165 utriusque
2767 3109 2891 3148 vero
2922 3107 3122 3149 naturae
3152 3095 3434 3148 discrimen
3467 3095 3695 3148 immen-

2109 3203 2248 3241 sum.
2278 3187 2350 3243 Ut
2375 3203 2502 3257 ergo
2524 3203 2644 3242 cum
2669 3187 3034 3257 appellationis
3061 3187 3166 3240 illic
3191 3187 3340 3242 audis
3361 3187 3697 3240 communio-

2111 3295 2263 3344 nem,
2309 3279 2439 3332 nihil
2482 3279 2689 3347 :equale
2725 3289 2902 3332 mente
2940 3277 3210 3344 concipis:
3245 3278 3312 3330 ita
3353 3277 3599 3330 nimirum
3642 3287 3695 3330 et

2111 3370 2227 3433 hic,
2261 3369 2386 3424 dum
2426 3368 2586 3423 ﬁlium
2621 3369 2773 3422 audis
2813 3379 2864 3422 et
2903 3367 3096 3429 lilium,
3137 3367 3240 3419 noli
3269 3367 3592 3433 unigenitum
3626 3367 3695 3421 ad

2109 3461 2362 3514 vilitatem
2395 3471 2537 3514 tuam
2567 3459 2883 3528 deprimere.
2914 3459 3050 3524 Quid
3083 3474 3206 3512 vero
3234 3457 3300 3513 de
3325 3458 3491 3512 servis
3512 3458 3695 3512 dicen-

2111 3554 2235 3606 dum
2265 3554 2384 3607 est?
2412 3554 2466 3608 Si
2503 3554 2645 3607 enim
2686 3553 2978 3606 divinitatis
3008 3553 3076 3605 sit
3111 3552 3314 3616 oratio,
3360 3565 3542 3604 secum
3581 3551 3696 3618 ipse

2113 3660 2348 3714 pugnare
2376 3645 2660 3706 videbitur,
2685 3644 2889 3713 sibique
2912 3642 3294 3705 contradicere,
3323 3652 3375 3695 et
3401 3641 3694 3694 adversari.

2113 3735 2216 3789 lste
2247 3737 2386 3787 enim
2427 3736 2516 3804 qui
2562 3735 2661 3788 boc
2706 3733 2825 3788 loco
2865 3733 3022 3799 dixit,
3074 3733 3228 3787 Pater
3255 3734 3298 3786 si
3319 3732 3557 3808 possibile
3583 3741 3694 3798 est,

2114 3838 2332 3882 transeat
2358 3844 2388 3879 a
2416 3843 2493 3879 me
2522 3827 2656 3879 calix
2684 3826 2775 3878 iste
2804 3826 2822 3894 (
2846 3825 3027 3878 Matth.
3056 3824 3147 3878 26.
3180 3824 3271 3892 59)
3301 3843 3312 3877 :
3342 3823 3536 3892 quique
3561 3837 3696 3876 cun-

2113 3931 2306 3976 ctatur.
2336 3933 2396 3972 ac
2422 3917 2615 3987 refugit
2645 3917 2966 3986 passionem,
2991 3915 3114 3968 alibi
3142 3929 3260 3968 cum
3287 3913 3509 3968 dixisset
3535 3928 3698 3982 opor-

2117 4021 2232 4064 tere
2258 4010 2420 4064 lilium
2463 4008 2694 4062 hominis
2734 4007 2902 4069 tradi,
2939 4015 2993 4060 et
3027 4004 3246 4075 ﬂagellis
3274 4004 3436 4068 caedi,
3467 4020 3699 4072 cumque

2112 4107 2332 4160 Petrum
2356 4107 2626 4158 dicentem
2654 4103 2937 4157 audiisset.
2979 4100 3246 4166 Propitius
3281 4099 3378 4151 tibi
3405 4109 3540 4163 esto,
3575 4097 3692 4153 Do-

2114 4200 2285 4252 mine:
2315 4215 2414 4249 non
2440 4197 2540 4249 erit
2573 4196 2667 4247 tibi
2695 4194 2811 4255 hoc,
2852 4193 2924 4246 ita
2949 4194 3298 4246 vehementer
3330 4190 3482 4244 illum
3511 4192 3696 4246 inere-

2114 4289 2281 4358 pavit,
2309 4294 2368 4339 ut
2397 4286 2632 4340 diceret:
2683 4283 2822 4336 Vade
2846 4291 2962 4350 post
2994 4297 3092 4342 me,
3123 4279 3349 4340 Satana,
3379 4283 3697 4334 scandalum

2113 4398 2167 4434 es
2198 4379 2360 4440 mihi;
2393 4377 2518 4445 (μείω
2544 4393 2648 4429 non
2669 4379 2811 4443 sapis
2835 4391 2918 4436 ea,
2945 4390 3059 4443 qute
3085 4372 3179 4425 Dei
3200 4386 3344 4430 stmt,
3375 4372 3464 4425 sed
3488 4390 3550 4424 ea
3578 4390 3700 4442 qua:

2116 4472 2386 4525 hominum
2420 4469 2614 4540 (Marc.
2641 4469 2692 4523 8.
2715 4469 2805 4531 '55;
2835 4466 3028 4520 Matth.
3067 4465 3152 4519 16.
3184 4467 3274 4518 22.
3305 4466 3439 4534 25):
3478 4465 3698 4520 tametsi

2120 4559 2275 4628 paulo
2299 4566 2422 4611 ante
2450 4557 2621 4624 ipsum
2650 4555 2988 4619 laudaverat,
3020 4556 3338 4622 beatumque
3367 4552 3698 4621 praedicarat,

2121 4648 2467 4701 nihilominus
2494 4647 2747 4701 Satanam
2773 4661 2895 4699 eum
2927 4646 3154 4709 vocavit,
3189 4661 3293 4698 non
3319 4645 3459 4713 quod
3486 4655 3700 4712 apostoo

2123 4742 2229 4794 lum
2265 4740 2553 4809 ignominia
2590 4740 2748 4793 vellet
2777 4739 2990 4794 afﬁcere
3012 4781 3024 4802 ,
3070 4737 3162 4795 sed
3190 4738 3327 4807 quod
3362 4738 3461 4790 hoc
3505 4738 3702 4806 probro

2121 4842 2341 4903 cuperet
2372 4831 2630 4894 indicare,
2659 4845 2764 4883 non
2792 4844 2856 4884 ex
2887 4829 3049 4883 animi
3077 4830 3193 4897 ejus
3215 4829 3474 4882 sententia
3502 4827 3703 4881 dictum

2125 4924 2248 4978 illud
2279 4923 2542 4991 prolatum
2570 4921 2762 4982 fuisse,
2800 4920 2894 4974 sed
2918 4920 3050 4973 adeo
3078 4923 3344 4984 alienum,
3375 4931 3429 4972 ut
3456 4920 3544 4989 qui
3578 4919 3707 4972 illud

2127 5015 2425 5084 protulerit,
2460 5015 2583 5067 licet
2612 5013 2797 5067 Petrus
2825 5020 2986 5075 esset,
3017 5011 3264 5066 Satanam
3295 5027 3396 5064 non
3423 5011 3706 5064 dubitave-

2125 5111 2196 5161 rit
2219 5106 2506 5174 appellare.
2532 5105 2668 5158 Alibi
2695 5117 2878 5158 rursus
2905 5105 2999 5167 ait,
3032 5101 3293 5156 Desiderio
3317 5103 3594 5156 desideravi
3616 5103 3709 5154 hoc

2131 5200 2332 5252 Pascha
2357 5199 2663 5251 manducare
2691 5197 2942 5252 vobiscum
2983 5196 3146 5266 (Luc.
3176 5196 3263 5250 22.
3293 5195 3410 5266 15).
3446 5196 3612 5263 Quam
3640 5197 3711 5251 ob

2127 5305 2342 5344 causam
2386 5290 2477 5343 hoc
2520 5288 2721 5342 Pascha
2748 5288 2914 5342 dicit?
2954 5288 3162 5342 tametsi
3193 5288 3297 5340 alio
3325 5303 3534 5357 quoque
3574 5298 3711 5342 tem-

2131 5397 2260 5451 pore
2301 5382 2490 5436 festum
2531 5380 2670 5436 istud
2710 5395 2829 5434 cum
2874 5381 2999 5448 ipsis
3036 5381 3273 5449 peregit:
3307 5394 3465 5448 quam
3496 5378 3711 5432 tandem

2129 5475 2198 5528 ob
2224 5473 2477 5528 causam?
2515 5472 2776 5539 Quoniam
2822 5472 2951 5526 illud
2992 5480 3276 5538 sequntura
3315 5486 3444 5524 crux
3477 5479 3614 5524 erat.
3649 5469 3714 5522 Et

2132 5583 2315 5622 rursus
2334 5609 2348 5632 ,
2382 5565 2536 5618 Pater
2568 5566 2796 5634 clari/ica
2823 5564 2872 5618 F
2873 5566 3015 5617 ilium
3045 5575 3213 5628 tuum,
3243 5575 3295 5616 ut
3325 5574 3370 5616 et
3407 5561 3574 5616 Filius
3602 5575 3713 5614 tuus

2195 5681 2210 5710 ¹
2248 5685 2374 5735 Mss,
2402 5685 2532 5726 Nunc
2558 5676 2618 5725 de
2643 5689 2785 5725 cruce
2807 5689 2897 5738 ago
2921 5689 3200 5724 sermonem.

2193 5742 2214 5772 ³
2248 5742 2317 5788 sic
2337 5752 2508 5788 euntes
2525 5747 2702 5800 prteter
2722 5736 2864 5786 Morel
2889 5740 2937 5785 iu
2958 5751 3053 5800 quo
3076 5739 3179 5786 ha'e
3200 5736 3409 5786 clausula
3437 5737 3602 5787 mutila
3623 5745 3712 5785 est.

2134 5863 2164 5912 ἀ
2196 5803 2216 5832 ³
2231 5803 2317 5912 3:ic
2336 5800 2564 5852 MoreLet
2581 5799 2742 5861 SaviL;
2766 5801 2853 5850 sed
2875 5801 2921 5847 in
2940 5807 3048 5848 Mss.
3071 5815 3198 5863 pene
3223 5804 3462 5860 fluuii-113i,
3482 5811 3712 5851 (totum.

2169 5875 2250 5912 ee‘
2281 5896 2292 5910 .

2169 5877 2292 5913 0051..
