3926 6238
91 394 206 450 763

89 508 178 562 ὃτι
201 510 236 560 6
281 509 492 572 Ἰούδας
536 507 852 580 παραδώσει
886 521 912 550 ι
953 527 1044 580 με,
1081 510 1222 564 ὥστε
1263 509 1340 579 μὴ
1373 511 1450 580 τῇ¹
1479 525 1710 578 περιφα-

91 593 224 652 νεία.
255 593 374 644 τῶν
400 592 638 662 ἐλέγχων
663 593 1146 664 ἀναισχυντότερον
1166 594 1328 647 αὐτὸν
1351 592 1717 662 ἐργάσασθαι·

91 679 174 736 ὡς
207 675 278 728 δὲ
305 677 519 738 ἐκεῖνος
561 675 666 728 ὑπὸ
701 675 796 728 τοῦ
838 675 1138 739 συνειδότος
1171 675 1526 745 κεντούμενός
1558 691 1710 744 φησι,

96 752 200 826 Μή
243 776 308 811 τι
343 758 460 828 ἐγώ
485 760 622 826 ειμι,
653 757 830 826 Κύριε
847 775 866 822 ;
889 757 1052 828 λέγει
1086 757 1265 824 αὐτῷ,
1291 759 1375 812 Σὺ
1399 755 1602 823 εἶπας·
1624 757 1717 810 καὶ

93 841 224 894 οὐδὲ
291 841 420 894 τότε
465 841 632 893 αὐτοῦ
671 845 1042 912 κατηγορῆσαι
1079 841 1337 910 ἠνέσχετο
1364 881 1379 902 ,
1414 841 1526 894 ἀλλ’
1556 839 1716 894 αὐτὸν

93 923 314 976 ἑαυτοῦ
337 924 674 993 κατέστησεν
699 923 916 994 ἔλεγχον
937 942 950 952 ’
967 924 1080 978 ἀλλ’
1103 925 1250 993 ὅμως
1267 924 1386 976 οὐδὲ
1414 923 1584 984 οὕτως
1598 921 1718 989 ἐγέ-

91 1025 226 1060 νετο
261 1006 528 1075 βελτίων,
551 1007 684 1059 ἀλλά
714 1006 891 1060 λαϐὼν
915 1007 976 1060 τὸ
993 1006 1202 1077 ψωμίον
1241 1006 1482 1076 ἐξῆλθεν.
1499 1004 1716 1075 Ἐπειδὴ

93 1095 302 1144 τοίνυν
333 1091 556 1160 ἐξῆλθε,
581 1089 760 1142 λαϐὼν
793 1092 822 1143 6
866 1089 1074 1159 Ἰησοῦς
1113 1091 1238 1152 τοὺς
1283 1089 1528 1160 μαθητάς
1556 1105 1711 1159 φησι·

95 1175 354 1239 Πάντες
387 1173 558 1242 ὑμεῖς
588 1171 1198 1238 σκανδαλισθήσεσθε
1225 1172 1295 1224 ἐν
1309 1173 1440 1240 ἐμοί
1457 1188 1470 1201 ·
1488 1169 1582 1224 τοῦ
1615 1171 1718 1222 Πέ-

93 1275 240 1326 τρου
297 1257 356 1310 δὲ
399 1257 772 1324 ἀντιλέγοντος
803 1255 832 1294 δ
863 1255 958 1307 καὶ
1005 1255 1254 1322 λέγοντος
1273 1294 1288 1317 ,
1318 1252 1445 1310 Κᾶν
1495 1253 1717 1319 πάντες

95 1340 798 1406 σκανδαλισθήσωνται,
823 1339 958 1392 ἀλλ’
983 1337 1096 1406 ἐγὼ
1132 1336 1416 1392 οὐδέποτε
1458 1337 1718 1390 σκανδα-

94 1423 524 1491 λισθήσομαι,
576 1421 740 1474 πάλιν
773 1424 802 1474 6
849 1421 1057 1491 Ἰησοῦς
1103 1438 1304 1490 φησιν,
1350 1420 1528 1490 Ἀμὴν
1563 1420 1717 1490 λέγω

95 1523 230 1568 σοι,
263 1507 420 1572 πρὶν
447 1505 748 1572 ἀλέκτορα
772 1502 1071 1573 φωνῆσαι,
1108 1502 1234 1572 τρὶς
1267 1501 1591 1571 ἀπαρνήσῃ
1617 1519 1714 1572 με.

107 1589 205 1651 Ὡς
265 1587 328 1640 δὲ
387 1588 552 1640 πάλιν
603 1587 923 1654 ἀντέλεγεν,
969 1589 1150 1640 είασεν
1194 1586 1354 1638 αὐτὸν
1394 1585 1600 1640 λοιπόν.
1640 1586 1714 1638 Οὐ

95 1672 310 1742 πείθῃ.
344 1673 504 1740 φησὶ,
529 1671 618 1724 διὰ
655 1670 762 1722 τῶν
791 1669 1072 1740 ῥημάτων,
1092 1669 1205 1721 ἀλλ’
1223 1667 1525 1736 ἀντιλέγεις
1546 1684 1559 1698 ·
1600 1685 1718 1721 πει-

97 1756 297 1824 σθήσῃ
329 1754 426 1806 διὰ
447 1755 556 1806 τῶν
584 1753 926 1824 πραγμάτων
959 1753 1157 1816 αὐτῶν,
1184 1753 1265 1805 ὅτι
1303 1753 1545 1824 Δεσπότῃ
1571 1752 1718 1804 ἀντι-

97 1838 304 1904 λέγειν
329 1837 400 1888 οὐ
429 1839 558 1906 χρή.
591 1837 701 1890 Καὶ
727 1836 928 1890 τούτων
961 1853 1050 1906 μοι
1081 1835 1360 1906 μέμνησθε
1398 1835 1505 1888 τῶν
1541 1834 1720 1906 ῥημά-

97 1939 218 1972 των
257 1921 436 1974 πάλιν
470 1937 482 1949 ·
513 1921 780 1990 χρήσιμος
813 1919 919 1990 γὰρ
950 1917 1130 1972 αὐτῶν
1157 1920 1288 1988 ἡμῖν
1325 1918 1358 1988 ἡ
1389 1919 1576 1988 μνήμη
1620 1919 1718 1988 τὴν

97 2005 288 2074 εὐχὴν
315 2001 672 2068 ἐξετάζουσιν
691 2002 862 2055 ἔσται.
887 1997 1018 2054 Εῐπε
1056 2001 1144 2054 τὸν
1177 2000 1458 2070 προδότην,
1491 2003 1718 2070 προεῖπε

95 2086 204 2156 τὴν
237 2087 476 2138 πάντων
519 2085 728 2156 φυγὴν,
757 2084 853 2138 καὶ
899 2084 990 2137 τὸν
1028 2083 1194 2136 αὐτοῦ
1247 2083 1470 2136 θάνατον
1493 2099 1506 2111 ·
1535 2081 1720 2136 Πατά-

97 2170 226 2232 ξω,
273 2169 442 2238 φησὶ,
485 2169 592 2222 τὸν
638 2167 922 2237 ποιμένα,
967 2166 1068 2220 καί
1105 2165 1720 2232 διασκορπισθήσεται

98 2257 174 2306 τά
217 2253 508 2320 ,πρόϐατα
541 2267 556 2280 ⁸
606 2254 836 2324 προεῖπε
886 2251 976 2304 τὸν
1027 2249 1288 2322 μέλλοντα
1343 2249 1504 2303 αὐτὸν
1553 2251 1722 2321 ἀρνή-

103 2336 348 2399 σασθαι,
379 2335 474 2388 καὶ
514 2335 645 2388 πότε
681 2335 775 2388 καὶ⁵
813 2333 1066 2398 ποσάκις,
1106 2337 1200 2388 καὶ
1249 2334 1388 2406 μετά
1438 2332 1722 2405 ἀκριϐείας

101 2421 370 2472 ἅπαντα..
411 2417 523 2471 Καὶ
565 2419 703 2488 μετά
747 2418 920 2471 ταῦτα
970 2417 1148 2470 πάντα
1193 2418 1380 2490 ἱκανὴν
1414 2415 1576 2470 αὑτοῦ
1621 2416 1722 2486 τῆς

101 2501 496 2573 προγνώσεως
546 2501 656 2554 τῶν
705 2501 1008 2572 μελλόντων
1058 2501 1330 2566 ἀπόδειξιν
1377 2500 1520 2563 δοὺς,
1553 2499 1720 2552 ἐλθὼν

99 2587 206 2638 ἐπί
241 2603 304 2637 τι
335 2585 539 2654 χωρίον
573 2583 791 2654 εὔχεται
815 2602 829 2616 ο
861 2585 953 2636 καὶ
997 2585 1191 2636 ἐκεῖνοι
1219 2584 1314 2653 μὲν
1343 2583 1612 2652 λέγουσιν,
1639 2583 1719 2634 ὅτι

101 2671 206 2738 τῆς
233 2668 508 2736 θεότητός
534 2667 682 2718 ἐστιν
712 2669 744 2737 ἡ
775 2668 933 2738 εὐχὴ,
959 2669 1120 2738 ἡμεῖς
1145 2667 1200 2719 δὲ
1231 2667 1484 2736 λέγομεν,
1507 2667 1588 2718 ὅτι
1622 2664 1720 2734 τῆς

99 2752 462 2820 οἰκονομίας.
497 2751 766 2804 Δικάσατε
798 2751 1001 2814 τοίνυν,
1021 2751 1116 2803 καὶ
1145 2750 1284 2820 πρὸς
1313 2749 1482 2818 αὐτῆς
1511 2749 1606 2818 τῆς
1629 2747 1719 2800 τοῦ

99 2835 474 2903 Μονογενοῦς
505 2833 665 2904 δόξης
719 2834 910 2905 μηδενὶ
953 2835 1358 2904 κεχαρισμένην
1403 2834 1501 2903 τὴν
1543 2833 1720 2901 ψῆφον

101 2919 421 2986 ἐνέγκητε.
459 2917 522 2969 Εἰ
553 2917 660 2987 γὰρ
705 2916 800 2970 καὶ
829 2918 887 2968 ἐν
925 2916 1098 2986 φίλοις
1141 2915 1429 2985 δικάζομαι
1459 2913 1574 2979 νῦν,
1606 2914 1718 2966 ἀλλ’

101 3001 402 3055 ἀντιδολῶ
427 3001 524 3054 καὶ
543 3000 752 3069 δέομαι,
784 2999 1079 3052 ἀδέκαστον
1107 2998 1357 3067 γενέσθαι
1387 2998 1484 3068 τὴν
1519 2999 1720 3067 κρίσιν,

101 3090 208 3139 καὶ
253 3086 408 3155 μήτε
443 3083 580 3153 πρὸς
621 3083 760 3154 ἐμὴν
783 3083 962 3154 χάριν,
1009 3083 1142 3152 μήτε
1177 3082 1312 3153 πρὸς
1355 3081 1575 3134 ἐκείνων
1617 3083 1720 3134 ἀπ-

103 3168 372 3240 έχθειαν.
414 3169 664 3221 Μάλιστα
690 3167 785 3236 μὲν
809 3166 916 3236 γὰρ
950 3167 1044 3218 καὶ
1070 3166 1291 3219 αὐτόθεν
1319 3166 1493 3236 δῆλον,
1523 3166 1604 3218 ὅτι
1624 3166 1722 3217 οὐκ

101 3257 234 3308 ἐστι
277 3254 386 3321 τῆς
439 3249 692 3318 θεότητος
725 3252 758 3320 ἡ
804 3250 971 3320 εὐχή·
1005 3249 1136 3312 Θεὸς
1183 3249 1288 3319 γὰρ
1332 3250 1432 3301 οὐκ
1479 3249 1718 3318 εῠχεται,

103 3337 256 3390 Θεοῦ
285 3335 406 3405 γάρ
431 3333 492 3385 τὸ
523 3333 945 3403 προσκυνεῖσθαί
973 3334 1088 3385 ἐστι
1113 3350 1127 3364 ·
1158 3333 1292 3385 Θεοῦ
1315 3333 1372 3384 τὸ
1399 3333 1559 3402 εὐχὴν
1574 3332 1722 3402 δέχε-

105 3422 274 3480 σθαι,
303 3419 368 3470 οὐ
405 3417 468 3468 τὸ
490 3415 654 3486 εὐχὴν
689 3415 977 3487 ἀναφέρειν
1000 3434 1012 3445 ·
1041 3415 1154 3468 ἀλλ’
1177 3417 1322 3486 ὅμως
1360 3414 1544 3486 ἐπειδὴ
1573 3416 1723 3467 ἀναι-

107 3501 482 3574 σχυντοῦσιν,
523 3501 618 3552 ἀπ’
643 3499 820 3552 αὐτῶν
858 3499 964 3552 τῶν
991 3501 1251 3570 ῥημάτων
1277 3499 1376 3568 τῆς
1407 3500 1570 3570 εὐχῆς
1595 3499 1722 3570 ὑμῖν

103 3587 362 3656 ποιῆσαι
409 3583 740 3652 πειράσομαι
779 3583 1032 3654 φανερὸν,
1056 3583 1136 3636 ὅτι
1168 3583 1226 3635 τὸ
1249 3583 1366 3636 ὅλον
1393 3584 1492 3653 τῆς
1519 3587 1722 3636 οἰκονο-

109 3671 258 3741 μίας
289 3667 440 3730 ἐστὶ,
471 3666 688 3734 καὶτῆς
720 3665 860 3718 κατά
896 3665 993 3736 τὴν
1017 3666 1194 3735 σάρκα
1225 3665 1526 3728 ἀσθενείας.
1557 3668 1722 3720 Ὅταν

107 3755 230 3822 γάρ
260 3747 582 3819 φθέγγηται
602 3765 656 3800 τι
673 3747 924 3800 ταπεινὸν
945 3750 973 3800 6
995 3749 1246 3818 Χριστὸς,
1266 3747 1407 3800 οὕτω
1431 3748 1722 3817 φθέγγεται

105 3834 390 3888 ταπεινὸν
411 3832 506 3885 καὶ
523 3830 752 3895 εὐτελὲς,
775 3831 850 3894 ὡς
866 3831 964 3902 τὴν
983 3831 1282 3902 ὑπερϐολὴν
1302 3831 1400 3902 τῆς
1415 3832 1725 3901 ταπεινότη-

107 3935 210 3982 τος
233 3915 352 3970 τῶν
367 3913 676 3984 λεγομένων
701 3918 793 3966 καὶ
813 3915 938 3974 τοὺς
965 3913 1168 3983 σφόδρα
1187 3912 1618 3982 φιλονεικοῦντας
1634 3913 1724 3965 δυ-

109 4002 368 4071 νῃθῆναι
393 3997 696 4060 πεῖσαι,ὅτι
717 3997 850 4050 πολὺ
878 3999 972 4067 τῆς
995 3998 1302 4066 ἀπορρήτου
1329 3999 1420 4048 καί
1446 3997 1721 4066 ἀφράστου

109 4087 321 4146 οὐσίας
355 4082 576 4152 ἐκείνης
601 4081 789 4132 ἀποδεῖ
809 4079 878 4133 τὰ
903 4091 922 4116 ε
946 4081 1183 4150 ῥήματα.
1212 4081 1408 4150 Ἴωμεν
1435 4079 1609 4132 τοίνυν
1637 4080 1723 4131 ἐπ’

109 4169 266 4224 αὑτά
291 4167 364 4220 τὰ
392 4167 611 4236 ῥήματα
633 4164 730 4234 τῆς
761 4163 923 4232 εὐχῆς
941 4180 952 4192 ⁸
973 4162 1182 4232 Πάτερ,
1211 4165 1264 4216 εί
1284 4162 1563 4228 δυνατὸν,
1579 4179 1722 4231 παρ-

107 4253 356 4308 ελθέτω
410 4248 511 4302 ἀπ’
545 4247 691 4316 ἐμοῦ
745 4245 810 4299 τὸ
860 4244 1144 4312 ποτήριον
1177 4245 1382 4300 τοῦτο·
1415 4247 1582 4313 πλὴν
1610 4249 1723 4316 οὐχ

109 4339 202 4403 ὡς
223 4335 350 4400 ἐγὼ
367 4334 544 4396 θέλω,
559 4331 785 4396 ἀλλ’ὡς
805 4331 906 4384 σύ.
923 4330 1314 4400 Ἐρωτήσωμεν
1332 4329 1507 4382 τοίνυν
1527 4330 1723 4393 αὐτοὺς

111 4417 374 4472 ἐνταῦθα
401 4431 414 4442 ·
439 4413 638 4480 ἀγνοεῖ,
670 4413 774 4464 εἴτε
803 4411 1044 4476 δυνατὸν,
1071 4415 1175 4464 εἴτε
1197 4411 1254 4464 οὐ
1290 4413 1531 4477 δυνατὸν,
1557 4415 1584 4466 ὀ
1618 4413 1722 4482 πρὸ

115 4499 338 4574 μικροῦ
365 4499 543 4564 λέγων
571 4498 626 4547 ὲν
655 4494 730 4564 τῷ
751 4495 970 4566 δείπνῳ,
989 4491 1089 4560 Εἷς
1116 4495 1183 4558 ἐξ
1204 4493 1367 4564 ὑμῶν
1387 4495 1722 4561 παραδώσει

105 4601 232 4657 lca;
267 4586 298 4636 6
333 4580 448 4651 πρὸ
474 4577 674 4650 μικροῦ
707 4578 899 4646 λέγων,
942 4578 1306 4646 Γέγραπται,
1343 4579 1588 4642 Πατάξω
1618 4577 1722 4631 τὸν

113 4665 421 4736 ποιμένα,
445 4663 544 4714 καὶ
562 4659 1176 4730 διασκορπισθιὶσεται
1196 4660 1268 4714 τὰ
1288 4663 1548 4728 πρόϐατα
1568 4679 1579 4690 ·
1606 4663 1718 4724 καὶ,

117 4755 184 4806 ετ
197 4769 214 4802 ι
243 4744 408 4821 1509]
431 4743 660 4808 Πάντες
677 4741 843 4810 ὑμεῖς
864 4743 1471 4810 σκανδαλισθήσεσθε
1485 4745 1553 4796 ἐν
1565 4744 1718 4814 ἐμοί’

109 4839 140 4890 ὁ
159 4835 246 4903 τῷ
267 4831 473 4898 Πέτρῳ
505 4825 790 4890 εἰπὼν,ὂτι
817 4826 1078 4892 Ἀρνήσῃ
1101 4843 1196 4894 με,
1225 4827 1337 4890 καὶ,
1372 4827 1623 4896 Ἀρνήσῃ
1645 4845 1723 4897 με

113 4917 255 4986 τρίς
275 4933 290 4944 -
319 4905 488 4972 οὗτος
519 4910 704 4975 ἀγνοεῖ
731 4907 847 4968 νῦν,
883 4908 1002 4960 εἰπέ
1051 4925 1140 4978 μοι
1169 4925 1183 4974 ;
1215 4909 1324 4962 Καὶ
1359 4915 1441 4972 τίς
1473 4910 1538 4964 ἂν
1565 4911 1722 4964 τοῦτο

115 5003 276 5056 εἴποι
309 4999 410 5051 καὶ
439 4994 548 5048 τῶν
573 4993 819 5048 ὁπωσοῦν
847 4993 1258 5063 καθεστηκότων
1284 5011 1298 5059 ;
1337 4996 1444 5048 Καὶ
1470 4995 1574 5068 γάρ
1593 4998 1720 5050 ὅταν

125 5087 236 5156 μὲν
336 5081 404 5132 τὸ
431 5075 794 5147 ἀγνοούμενον
819 5077 1002 5148 μηδενὶ
1035 5078 1192 5148 δῆλον
1228 5080 1364 5148 μήτε
1406 5080 1716 5151 προφητῶν,

121 5145 593 5240 ᾗήτξάγγέλων,
621 5162 759 5231 μήτε
784 5161 1161 5231 ἀρχαγγέλων,
1191 5161 1317 5223 ἴσως
1351 5163 1574 5232 παρέξει
1600 5165 1718 5216 τινὰ

115 5255 242 5313 τοῖς
293 5243 668 5318 φιλονεικοῦσι
709 5243 879 5312 λαϐήν
905 5259 918 5272 ·
946 5243 1073 5295 ὅταν
1108 5243 1288 5312 μέντοι
1329 5243 1388 5294 τὸ
1423 5245 1718 5314 ἀγνοούμε-

117 5353 219 5386 νον
259 5331 442 5392 οὕτως
551 5326 782 5396 φανερὸν
825 5327 918 5378 καὶ
954 5325 1224 5395 γνώριμον
1269 5325 1491 5389 ἅπασιν,
1521 5327 1594 5389 ὼς
1625 5329 1718 5380 καὶ

115 5416 467 5478 ἀνθρώπους
509 5409 640 5462 αὐτὸ
681 5409 878 5460 εἰδέναι
914 5405 1051 5478 μετὰ
1077 5407 1380 5477 ἀκριϐείας,
1413 5410 1538 5461 ποία
1581 5411 1715 5463 ἀπο-

117 5469 293 5566 λνλγξα
337 5469 606 5549 καὶ-ποία
644 5469 938 5560 συγγνώμη
973 5491 1084 5552 τοῖς
1121 5469 1386 5558 λέγουσιν,
1429 5492 1510 5545 ὅτι
1558 5493 1718 5556 αὐτὸς

119 5580 346 5644 ἀγνοῶν
373 5575 552 5630 ταῦτα
577 5573 760 5642 έλεγε;
790 5572 988 5626 Τοῦτον
1019 5572 1196 5626 τοίνυν
1231 5572 1322 5626 τὸν
1341 5575 1467 5645 περὶ
1499 5567 1558 5627 οὗ
1579 5574 1717 5642 λέγω

197 5729 224 5754 ³
249 5725 336 5774 Sic
359 5735 538 5772 omnes
561 5735 694 5780 mss.,
718 5719 889 5782 Morel.
912 5731 1030 5767 vero
1056 5719 1368 5782 παραδίδωσι.

197 5787 228 5827 b
251 5787 336 5834 Sic
354 5797 532 5834 omnes
550 5797 688 5845 mss.,
711 5781 880 5834 Morel.
909 5793 1027 5832 vero
1049 5781 1394 5839 ἀντιτείνοντος.

199 5849 220 5880 ε
247 5850 348 5900 Alii
373 5845 642 5898 ἀποδεῖται.

933 397 1020 452 DE
1057 394 1718 460 CONSUBSTANTIALI,
1757 395 2036 456 CONTRA
2065 398 2451 456 ANOMOEOS.
2495 403 2610 458 VII.

3275 404 3378 458 764

1821 509 2017 576 λόγονά
2052 511 2144 564 καὶ
2176 511 2348 566 δοῦλοι
2379 513 2546 567 αὐτοῦ
2587 515 2868 584 φαίνονται
2911 517 3047 585 μετὰ
3095 515 3377 588 ἀκριϐείας

1819 593 2036 656 εἰδότες,
2059 595 2150 648 καὶ
2198 596 2278 648 ὅτι
2302 595 2610 663 ἀποθανεῖν,
2639 599 2734 650 καὶ
2749 600 2830 652 ὅτι
2856 599 2946 652 διὰ
2977 600 3206 668 σταυροῦ
3221 599 3378 652 τοῦτο

1819 675 2008 728 παθεῖν
2028 677 2188 730 αὑτὸν
2213 677 2339 741 ἔδει,
2366 678 2460 730 καὶ
2485 679 2592 750 πρὸ
2623 681 2891 736 τοσούτων
2925 683 3062 736 ἐτῶν
3095 683 3380 754 ἀμφότερα

1815 755 1988 810 ταῦτα
2009 757 2182 828 δηλῶν
2211 762 2238 812 ὁ
2272 759 2432 812 Δαυῒδ
2468 761 2651 828 ἔλεγεν
2688 764 2750 814 ὲκ
2778 764 3064 833 προσώπου
3097 764 3191 818 τοῦ
3241 763 3376 836 Χρι-

1821 840 1964 892 στοῦ·
1996 841 2256 908 Ὠρυξαν
2279 843 2479 911 χεῖράς
2497 861 2617 912 μου
2657 845 2751 898 καὶ
2781 847 2965 912 πόδας
3003 866 3120 916 μου
3149 865 3162 878 ⁸
3197 849 3289 901 καὶ
3321 847 3380 900 τὸ

1820 921 2011 990 μέλλον
2055 923 2130 986 ὡς
2174 926 2534 995 γεγενημένον
2575 938 2598 965 ο
2636 928 2934 996 ἀπήγγειλε
2957 969 2972 994 ,
3016 930 3226 992 δεικνὺς
3259 931 3339 982 ὅτι
3365 969 3380 992 ,

1818 1004 2064 1076 καθάπερ
2093 1006 2160 1058 τὰ
2216 1009 2495 1078 συμϐάντα
2528 1011 2806 1080 ἀμήχανον
2878 1011 2950 1081 μὴ
2978 1012 3226 1080 γενέσθαι
3246 1053 3259 1072 ,
3287 1013 3378 1065 οὓ-

1817 1105 1892 1142 τω
1933 1089 2028 1140 καὶ
2085 1089 2244 1142 τοῦτο
2292 1093 2571 1161 ἀμήχανον
2630 1093 2702 1164 μὴ
2757 1095 3104 1162 γεγενῆσθαι.
3142 1096 3310 1148 Πάλιν
3353 1097 3383 1146 6

1829 1171 2054 1234 Ἡσαΐας
2087 1171 2218 1224 αὐτὸ
2245 1173 2400 1227 τοῦτο
2429 1177 2829 1247 προαναφωνῶν
2860 1178 3074 1246 ἔλεγεν·
3114 1179 3210 1242 Ὠς
3242 1179 3384 1246 πρό-

1816 1253 1997 1308 ϐατον
2026 1254 2124 1307 ἐπὶ
2163 1257 2412 1325 σφαγὴν
2441 1258 2619 1327 ἤχθη,
2651 1259 2748 1312 καὶ
2779 1261 2858 1325 ὡς
2885 1261 3072 1328 ἀμνὸς
3107 1261 3384 1314 ἐναντίον

1815 1335 1921 1388 τοῦ
1987 1338 2291 1406 κείροντος
2341 1340 2528 1394 αὐτὸν
2581 1341 2838 1408 ἄφωνος.
2893 1341 3094 1396 Τοῦτον
3153 1343 3312 1398 πάλιν
3357 1343 3388 1394 6

1828 1419 2078 1489 Ἰωάννης
2121 1422 2210 1474 τὸν
2261 1422 2429 1492 ἀμνὸν
2469 1423 2590 1477 ἰδὼν
2635 1423 2838 1491 ἔλεγεν,
2875 1427 2986 1479 Ἴδε
3013 1430 3044 1479 ό
3073 1427 3257 1498 ἀμνὸς
3280 1426 3386 1480 τοῦ

1818 1501 1963 1554 Θεοῦ
1989 1505 2021 1555 ό
2047 1503 2230 1570 αἴρων
2255 1505 2370 1570 τὴν
2391 1507 2684 1572 ἁμαρτίαν
2711 1507 2816 1560 τοῦ
2847 1511 3100 1577 κόσμου,
3129 1510 3332 1572 ἐκεῖνος
3357 1510 3386 1560 ὁ

1820 1584 2174 1654 προρῤηθεὶς,
2232 1587 2386 1657 φησί.
2425 1589 2534 1642 Καὶ
2576 1590 2698 1658 ὅρα,
2739 1592 2836 1660 οὐχ
2873 1591 3057 1654 ἁπλῶς
3109 1592 3321 1662 εἴρηται
3356 1592 3386 1644 6

1818 1666 2008 1736 ἀμνὸς,
2042 1667 2179 1720 ἀλλά
2213 1670 2531 1740 πρόσκειται
2559 1672 2651 1724 τοῦ
2687 1671 2841 1726 Θεοῦ.
2891 1675 3108 1744 Ἐπειδὴ
3147 1675 3257 1744 γάρ
3293 1676 3386 1728 καὶ

1818 1749 2002 1820 ἕτερος
2027 1745 2094 1820 ἦν
2125 1752 2295 1819 ἀμνὸς
2341 1753 2369 1802 6
2427 1753 2733 1818 ’ῐουδαῖκὸς,
2784 1755 2958 1826 δηλῶν
2995 1758 3074 1808 ὅτι
3103 1750 3255 1820 οὗτος
3288 1758 3381 1811 τοῦ

1818 1831 1951 1884 Θεοῦ
1992 1834 2107 1885 ἐστι
2147 1833 2191 1900 τ,
2226 1835 2314 1888 διὰ
2353 1835 2510 1888 τοῦτο
2547 1834 2720 1898 οὕτως
2745 1833 2916 1892 εἶπεν.
2969 1839 3204 1912 Ἐκεῖνος
3249 1841 3388 1912 ὑπὲρ

1817 1913 1910 1966 τοῦ
1963 1913 2150 1978 ἔθνους
2189 1917 2558 1989 προσεφέρετο
2595 1919 2774 1989 μόνον,
2810 1915 2965 1984 οὗτος
3011 1923 3151 1993 ὑπὲρ
3187 1926 3284 1992 τῆς
3312 1927 3388 1976 oi-

1819 2013 1914 2050 κου
1925 1996 2093 2066 μένης
2119 2001 2466 2072 προσηνέχθη
2491 2002 2672 2072 πάσης
2691 2021 2704 2034 ·
2741 2003 2995 2057 κάκείνου
3039 2006 3136 2076 μὲν
3167 2007 3226 2060 τὸ
3249 2002 3388 2078 αἷμα

1819 2079 2031 2153 πληγὴν
2084 2085 2403 2154 σωματικὴν
2463 2083 2730 2138 ἐκώλυσεν
2784 2087 2842 2151 ἐξ
2901 2088 3167 2144 Ἰουδαίων
3210 2092 3388 2160 μόνον,

1817 2163 2009 2216 τούτου
2051 2165 2108 2217 δὲ
2154 2165 2216 2218 τὸ
2256 2161 2396 2236 αἷμα
2429 2167 2526 2236 τῆς
2564 2170 2890 2240 οἰκουμένης
2944 2173 3158 2241 ἁπάσης
3215 2175 3390 2239 κοινὸς

1819 2247 2008 2314 γέγονε
2040 2247 2342 2320 καθαρμός,
2378 2251 2487 2302 Καὶ
2515 2250 2670 2304 τοῦτο
2703 2253 2836 2306 δὲτὸ
2861 2249 2997 2325 αἷμα
3026 2259 3085 2308 τὸ
3123 2257 3216 2310 τοῦ
3261 2259 3392 2312 Ἰου-

1820 2329 2004 2382 δαϊκοῦ
2039 2331 2212 2401 ἀμνοῦ
2258 2333 2475 2402 ἴσχυσεν
2511 2333 2648 2404 ὅπερ
2692 2336 2942 2405 ἴσχυσεν,
2985 2339 3044 2391 οὐ
3095 2341 3244 2410 παρά
3293 2343 3392 2412 τὴν

1819 2413 2026 2464 οἰκείαν
2055 2413 2238 2480 φύσιν,
2268 2415 2382 2466 ἀλλ’
2422 2416 2606 2486 ἐπειδὴ
2637 2417 2825 2472 τούτου
2863 2419 3030 2484 τύπος
3060 2417 3146 2492 ἦν,
3175 2425 3273 2494 τὴν
3303 2425 3394 2478 δύ-

1820 2513 1981 2564 ναμιν
2000 2496 2154 2564 ἔσχεν
2181 2497 2417 2568 ἐκείνην.

1892 2591 1964 2642 ς’.
1986 2578 2095 2630 Ποῦ
2130 2579 2310 2630 τοίνυν
2343 2582 2478 2634 εἰσὶν
2495 2585 2540 2634 οί
2563 2582 2830 2650 λέγοντες,
2849 2585 2930 2638 ὅτι
2959 2588 3051 2638 καὶ
3073 2589 3234 2652 αὐτὸς
3265 2590 3394 2656 Υἱὸς

1819 2661 2051 2729 λέγεται,
2077 2661 2346 2734 καὶὴμεῖς
2375 2665 2500 2728 υίοὶ,
2535 2665 2628 2716 καὶ
2654 2665 2760 2718 ἀπὸ
2795 2667 2896 2736 τῆς
2937 2671 3075 2722 κατά
3104 2673 3203 2740 τὴν
3231 2690 3396 2741 προσ-

1820 2745 2045 2814 ηγορίαν
2070 2745 2353 2808 κοινωνίας
2387 2749 2466 2809 είς
2496 2749 2774 2802 εὐτέλειαν
2817 2752 2978 2804 αὐτὸν
3019 2755 3170 2822 ἄγειν
3195 2758 3392 2828 ἡμετέ-

1823 2845 1923 2898 ραν
1977 2837 2002 2874 8
2055 2827 2490 2898 ἐπιχειροῦντες;
2557 2831 2686 2884 Ἰδοὺ
2739 2835 2846 2905 γάρ
2903 2835 2996 2888 καὶ
3051 2827 3245 2907 ἀμνὸς,
3298 2840 3392 2892 καὶ¹

1819 2909 2007 2978 ἀμνὸς,
2040 2911 2134 2963 καὶ
2161 2910 2217 2962 ἓν
2247 2911 2346 2980 μὲν
2379 2913 2442 2965 τὸ
2465 2913 2658 2984 ὄνομα,
2683 2915 2744 2968 τὸ
2768 2916 2824 2968 δὲ
2858 2917 3021 2986 μέσον
3049 2923 3147 2988 τῆς
3179 2921 3394 2990 φύσεως

1820 2993 2083 3064 ἑκατέρας
2105 2993 2348 3064 ἄπειρον.
2383 2997 2590 3068 Ὥσπερ
2607 2993 2700 3050 οὖν
2727 2999 2936 3052 ἀκούων
2959 3001 3194 3056 ἐνταῦθα
3224 3021 3393 3076 προσ-

1819 3076 2044 3148 ηγορίας
2093 3078 2399 3145 κοινωνίαν,
2447 3080 2598 3134 οὐδὲν
2645 3082 2755 3134 ἴσον
2819 3085 3094 3156 φαντάζῃ,
3143 3086 3285 3142 οὕτω
3329 3089 3392 3162 δὴ

1819 3160 1916 3212 καὶ
1944 3159 2176 3212 ἐνταῦθα
2212 3161 2424 3215 ἀκούων
2454 3164 2567 3216 υἱὸν
2599 3165 2692 3218 καὶ
2719 3166 2855 3230 υἱὸν,
2883 3169 2958 3240 μὴ
2991 3170 3127 3241 πρὸς
3159 3171 3256 3239 τὴν

1820 3241 2092 3326 εὐτέλειαν
2120 3247 2320 3312 κάταγε
2350 3245 2439 3298 τὸν
2467 3249 2765 3320 Μονογενῆ.
2809 3251 2967 3304 ’Λλλά
2991 3251 3041 3305 τί
3075 3255 3180 3326 χρὴ
3217 3241 3392 3323 λέγειν

1821 3324 2070 3412 περὶτῶν
2087 3326 2316 3412 δήλωνιι
2339 3346 2352 3393 ;
2378 3329 2440 3412 Ea
2461 3329 2570 3401 γὰρ
2598 3333 2694 3401 τῆς
2719 3333 2985 3399 Θεότητός
3017 3324 3216 3409 ἐστινὴ
3235 3340 3388 3412 εὐχὴν

1821 3410 2172 3478 εὑρεθήσεται
2199 3411 2293 3463 καὶ
2325 3411 2485 3475 αὐτὸς
2519 3415 2694 3484 ἑαυτῴ
2726 3419 3072 3486 περιπίπτων
3111 3423 3204 3474 καὶ
3235 3410 3390 3475 ἐνανο

1820 3491 2078 3559 τιολογῶν
2101 3493 2196 3544 καὶ
2230 3494 2554 3564 μαχόμενος,
2584 3491 2751 3560 Οὗτος
2768 3499 2875 3569 γὰρ
2895 3503 2922 3552 6
2944 3503 3178 3555 ἐνταῦθα
3199 3505 3388 3570 εἰπὼν,

1821 3573 2032 3642 Πάτερ,
2066 3577 2116 3628 εί
2137 3575 2418 3640 δυνατὸν,
2448 3579 2788 3645 παρελθέτω
2812 3584 2910 3636 ἀπ’
2939 3584 3085 3652 ἐμοῦ
3115 3587 3178 3638 τὸ
3204 3591 3391 3654 ποτή-

1814 3673 1952 3723 ριον
1991 3657 2184 3722 τοῦτο,
2233 3659 2325 3712 καὶ
2369 3659 2544 3712 ὀκνῶν
2599 3663 2689 3714 καὶ
2742 3665 3104 3733 ἀναδυόμενος
3139 3670 3273 3739 πρὸς
3332 3671 3394 3724 τὸ

1823 3739 2014 3801 πάθος,
2053 3739 2284 3812 ἀλλαχοῦ
2321 3741 2510 3808 εἰπὼν,
2547 3745 2627 3796 ὅτι
2666 3745 2747 3798 δεῖ
2772 3748 2859 3798 τὸν
2899 3748 3025 3801 Υἱὸν
3055 3753 3146 3803 τοῦ
3178 3754 3389 3822 ἀνθρώ-

1823 3839 1928 3874 που
1963 3823 2328 3893 παραδοθῆναι
2360 3827 2455 3877 καὶ
2493 3831 2922 3908 μαστιγωθῆναι,
2954 3834 3138 3906 ἐπειδὴ
3183 3837 3390 3907 Πέτρου

1823 3907 2021 3974 ἢκουσε
2051 3905 2318 3974 λέγοντος,
2351 3905 2554 3975 Ἵλεώς
2571 3927 2688 3975 σοι,
2708 3916 2779 3965 οὐ
2790 3915 2875 3981 μὴ
2893 3917 3060 3968 ἔσται
3078 3935 3173 3970 σοι
3191 3905 3388 3986 τοῦτο,

1825 3987 1886 4039 οὗ
1897 4005 1968 4040 τω
1999 3989 2204 4059 σφόδρα
2238 3991 2590 4062 ἐπετίμησεν,
2625 3993 2700 4058 ώς
2722 3997 2915 4064 εἰπεῖν,
2952 3999 2972 4015 ’⁸
2989 4003 3178 4069 laure
3198 4003 3390 4055 ὀπίσω

1815 4088 1956 4139 μου,
1992 4072 2261 4126 Σατανᾶ’
2299 4073 2648 4130 σκάνδαλόν
2677 4097 2795 4147 μου
2820 4077 2891 4142 εἴ,
2928 4082 3016 4134 ὅτι
3047 4087 3120 4137 οὐ
3151 4087 3390 4153 φρονεῖς

1823 4154 1913 4238 τὰν
1945 4155 2048 4238 τοῦ
2082 4156 2250 4238 Θεοῦ,
2279 4158 2440 4212 ἀλλὰ
2481 4163 2551 4212 τὰ
2579 4159 2697 4213 τῶν
2733 4163 3074 4232 ἀνθρώπων.
3111 4167 3299 4222 Καίτοι
3326 4187 3389 4238 γε

1824 4237 1930 4309 πρὸ
1959 4236 2188 4308 βραχέος
2212 4235 2279 4310 ἦν
2304 4241 2464 4318 αὐτὸν
2488 4243 2778 4309 ἐπαινέσας
2800 4247 2891 4299 καὶ
2915 4250 3245 4319 μακαρίσας,
3275 4235 3390 4304 ἀλλ’

1822 4320 1970 4391 ὅμως
1997 4321 2242 4374 Σατανᾶν
2284 4323 2445 4376 αὐτὸν
2478 4325 2756 4389 ἐκάλεσεν,
2786 4330 2906 4400 οὐχὶ
2936 4333 3026 4384 τὸν
3070 4335 3394 4389 ’Λπόστολον

1822 4404 2041 4476 ὑϐρίσαι
2083 4405 2424 4476 βουλόμενος,
2462 4409 2596 4464 ἀλλὰ
2625 4411 2708 4463 διὰ
2738 4413 2835 4482 τῆς
2867 4413 3073 4485 ὕϐρεως
3105 4418 3271 4474 δεῖξαι
3301 4419 3390 4473 θέ⁴

1823 4487 1948 4550 λων,
1972 4487 2044 4550 ώς
2065 4487 2210 4560 [510]
2227 4489 2284 4542 οὐ
2317 4491 2456 4544 κατά
2477 4493 2700 4562 γνώμην
2726 4496 2873 4567 αὑτῴ
2901 4498 2960 4549 τὸ
2986 4499 3271 4570 εἰρημένον
3296 4497 3390 4572 ἦν,

1824 4567 2134 4620 ἀλλ’τ’-
2287 4590 2316 4602 -
2503 4575 2514 4590 ο
2785 4577 2808 4587 υ
3293 4567 3329 4596 ’⁷

1963 4587 2131 4632 ουτως
2157 4571 2454 4642 ἀλλότριον,
2487 4593 2561 4637 ως
2591 4577 2680 4628 τὸν
2711 4595 2883 4630 ταυτα
2907 4582 3186 4651 ειρηκότα,
3213 4599 3387 4638 καιτοι

1823 4651 2026 4724 Πέτρον
2055 4653 2203 4715 ὄντα,
2256 4655 2328 4724 μὴ
2365 4657 2590 4727 ὀκνῆσαι
2626 4660 2871 4713 Σατανᾶν
2901 4663 3184 4732 ὀνομάσαι.
3219 4665 3389 4719 Πάλιν

1822 4735 2052 4806 ἀλλαχοῦ
2093 4755 2286 4806 φησιν·
2333 4739 2641 4810 Ἐπιθυμίᾳ
2671 4743 3022 4813 ἐπεθύμησα
3061 4747 3126 4800 τὸ
3171 4749 3387 4818 Πάσχα

1823 4819 1997 4872 τοῦτο
2015 4821 2226 4888 φαγεῖν
2248 4823 2376 4890 μεθ’
2402 4823 2585 4892 ὑμῶν.
2607 4826 2765 4890 Τίνος
2780 4825 2872 4880 οῦν
2899 4829 3084 4882 ἕνεκεν
3109 4831 3168 4883 τὸ
3195 4833 3384 4902 Πάσχα

1822 4901 1980 4955 τοῦτό
2024 4921 2189 4973 φησις
2231 4905 2406 4960 καίτοι
2446 4909 2540 4962 καὶ
2591 4910 2778 4964 ἄλλοτε
2827 4913 2926 4983 τὴν
2967 4913 3158 4985 ἑορτὴν
3186 4901 3386 4986 ταύτην

1821 4985 2103 5038 ἐπετέλεσε
2157 4990 2274 5057 μετ’
2310 4991 2516 5043 αὐτῶν*
2561 4993 2706 5058 τίνος
2756 4989 2847 5047 οὖν
2893 4995 3106 5060 ’ένεκεν;
3170 4985 3388 5070 Ἐπειδὴ

1824 5067 1940 5136 μετ’
1971 5069 2104 5121 αὐτὸ
2124 5072 2151 5122 ὁ
2181 5071 2411 5144 σταυρὸς
2431 5070 2518 5144 ἦν.
2545 5075 2654 5128 Καὶ
2681 5077 2859 5138 πάλιν,
2892 5076 3099 5143 Πάτερ,
3123 5067 3378 5142 δόξασόν

1820 5165 1936 5203 σου
1968 5151 2073 5204 τὸν
2107 5155 2267 5222 Υίὸν,
2285 5155 2384 5208 ἵνα
2413 5157 2506 5210 καὶ
2537 5161 2568 5210 o'
2607 5160 2738 5224 Υἱός
2763 5175 2879 5212 σου
2902 5161 3136 5230 δοξάσῃ
3163 5177 3254 5215 σε.
3279 5167 3384 5218 Καῖ

1882 5352 1908 5392 ἆ
1933 5355 2044 5424 Mss.
2065 5355 2288 5424 ql_S_avi1_.
2310 5357 2476 5424 ,τοίνυν
2493 5359 2597 5422 περὶ
2615 5357 2701 5406 τοῦ
2731 5357 2938 5421 σταυροῦ
2961 5361 3082 5423 λέγω
3105 5363 3262 5424 λόγον,
3307 5364 3389 5414 alii

1817 5417 1897 5464 τὸν
1918 5419 2023 5478 περὶ
2047 5417 2103 5464 οὗ
2125 5419 2247 5478 λέγω
2271 5418 2423 5478 λόγον.

1885 5488 1909 5516 ε
1931 5478 2015 5588 ἓὶο
2035 5479 2294 5527 evidenter
2335 5479 2702 5539 rescribendum
2727 5479 2832 5540 fuit,
2858 5495 2945 5542 pro
2971 5483 3105 5542 edito
3131 5489 3388 5546 γενησόμε-

1885 5558 1908 5588 ι.
1973 5553 2064 5586 m-r.

1815 5556 1908 5590 νον.
1931 5541 2064 5588 Ευιτ.

1885 5599 1903 5640 ῐ
1940 5602 2144 5670 plurim}
2183 5615 2296 5670 lusa;
2323 5603 2392 5670 εἰς
2414 5602 2594 5652 habent
2645 5602 2918 5666 ’buaaixbg,
2959 5608 3036 5656 διὰ
3067 5607 3209 5656 τοῦτο
3234 5611 3390 5670 φησὶν,

1817 5663 1888 5711 ὅτι
1909 5661 2045 5717 οὗτος
2065 5661 2150 5710 τοῦ
2177 5661 2299 5710 Θεοῦ
2323 5665 2465 5710 ἐστιν.
2701 5671 2704 5674 ’

1881 5727 1906 5764 8
1929 5723 2010 5793 S_ic
2035 5725 2206 5793 Morel.
2233 5723 2471 5782 etSavil.,
2497 5726 2586 5774 sed
2609 5727 2658 5774 in
2681 5739 2794 5776 mss.
2821 5739 2949 5788 pene
2972 5729 3198 5779 omnibus
3219 5735 3389 5793 ήμετέ·

1820 5803 1902 5850 ραν
1927 5787 2087 5850 τεθει-

1885 5847 1913 5886 h
1937 5845 2018 5896 Sic
2042 5845 2192 5896 Savil.
2217 5849 2396 5896 rectius
2419 5860 2561 5910 quam
2589 5848 2752 5900 Momf.
2779 5851 2872 5900 τῶν
2891 5851 3086 5902 δούλων.
3115 5855 3246 5904 Enn.
