3926 6234
559 391 668 445 765

559 501 830 574 πολλαχοῦ
861 501 955 556 καὶ
984 497 1316 572 προλέγοντα
1341 500 1402 554 τὸ
1428 500 1618 564 πάθος,
1639 500 1732 552 καὶ
1759 497 2125 570 ἐπιθυμοῦντα

559 589 813 659 γενέσθαι
847 585 978 640 αὐτὸ
1009 584 1358 656 εὑρίσκομεν,
1385 587 1479 636 καὶ
1503 583 1594 636 διὰ
1619 582 1778 635 τοῦτο
1821 580 2126 653 παραγενό-

563 688 741 743 μενον,
783 669 904 730 Πῶς
951 663 1043 720 οὖν
1077 666 1310 720 ἐνταῦθά
1355 685 1540 736 φησιν,
1591 668 1662 720 El
1694 665 1986 728 δυνατόν;
2016 663 2126 733 Τῆς

560 752 902 824 ἀνθρωπίνης
929 751 1146 819 φύσεως
1165 751 1264 820 τὴν
1294 750 1581 803 ἀσθένειαν
1609 751 1741 819 ἡμῖν
1772 747 2123 809 ἐνδείκνυται,

557 840 655 908 οὐχ
689 838 1019 908 αἱρουμένης
1066 831 1252 896 ἁπλῶς
1287 832 1670 904 ἀπορραγῆναι
1706 833 1806 902 τῆς
1845 829 2127 902 παρούσης

560 922 725 991 ζωῆς.
760 917 874 972 ἀλλ’
921 917 1290 987 ἀναδυομένης
1333 917 1428 969 καὶ
1470 915 1736 984 ὀκνούσης
1782 914 1870 967 διὰ
1917 914 2014 984 τὴν
2068 910 2126 976 ἐξ

559 1006 732 1077 ἀρχῆς
770 1001 1076 1055 ἐντεθεῖσαν
1118 1001 1253 1070 αὐτῇ
1296 1000 1476 1064 φιλίαν
1505 998 1657 1070 παρὰ
1700 997 1794 1051 τοῦ
1828 995 1962 1050 Θεοῦ
1994 994 2128 1066 πρὸς

558 1090 650 1143 τὸν
698 1087 943 1160 παρόντα
970 1085 1126 1154 βίον.
1166 1083 1229 1136 Εἰ
1267 1083 1375 1154 γὰρ
1424 1082 1662 1138 τοσαῦτα
1693 1083 1788 1135 καὶ
1827 1079 2128 1152 τηλικαῦτα

557 1173 803 1233 εἰπόντος
852 1168 1040 1229 αὐτοῦ,
1085 1167 1393 1237 ἐτόλμησαν
1436 1167 1613 1219 εἰπεῖν
1643 1182 1808 1228 τινες,
1837 1165 1919 1217 ὅτι
1951 1163 2128 1234 σάρκα

557 1257 660 1310 οὐκ
689 1253 971 1314 ἀνέλαϐεν,
1004 1253 1054 1304 εἰ
1105 1251 1270 1321 μηδὲν
1319 1249 1524 1304 τούτων
1573 1249 1780 1321 εἴρητο,
1834 1248 1886 1300 τί
1916 1248 2016 1300 οὐκ
2063 1246 2128 1299 ἂν

559 1336 744 1403 εἷπον;
784 1337 883 1390 Διά
929 1335 1085 1388 τοῦτο
1119 1333 1375 1404 προλέγει
1431 1333 1529 1405 μὲν
1572 1333 1646 1397 ὼς
1693 1332 1823 1395 Θεὸς
1857 1332 1992 1396 ἐκεῖ,
2034 1329 2129 1383 καὶ

561 1424 816 1493 ἐπιθυμεῖ
857 1420 1110 1488 γενέσθαι
1139 1419 1200 1470 τὸ
1238 1418 1440 1481 πάθος·
1479 1417 1756 1487 φεύγειδέ
1797 1415 1892 1469 καὶ
1938 1432 2128 1486 παραι-

563 1514 734 1562 τεῖται
763 1505 1016 1567 ἐνταῦθα,
1050 1504 1124 1566 ὼς
1156 1502 1460 1573 ἄνθρωπος.
1495 1503 1616 1555 Ὅτι
1645 1500 1753 1571 γὰρ
1779 1499 1918 1554 ἐκὼν
1947 1500 2039 1552 ἐπὶ
2069 1499 2130 1552 τὸ

559 1591 730 1653 πάθος
761 1590 978 1659 ήρχετο,
1023 1587 1207 1656 φησὶν,
1269 1586 1590 1650 Ἐξουσίαν
1625 1585 1742 1654 ἔχω
1791 1584 1979 1639 θεῖναι
2018 1582 2130 1648 τὴν

558 1673 770 1744 ψυχήν
785 1691 926 1742 μου,
957 1670 1053 1724 καί
1083 1669 1376 1733 ἐξουσίαν
1400 1668 1518 1738 ἔχω
1542 1668 1751 1722 λαϐεῖν
1775 1665 1988 1733 αὑτήν.
2020 1667 2131 1718 Οὑ-

557 1761 685 1826 δείς
715 1756 911 1822 αὐτὴν
955 1754 1104 1821 αἴρει
1136 1753 1234 1806 ἀπ’
1263 1750 1431 1820 ἐμοῦ,
1467 1751 1582 1820 ἐγὼ
1613 1752 1714 1806 ἀπ’
1748 1750 2008 1819 ἐμαυτοῦ
2044 1749 2132 1802 τί·

559 1848 697 1911 θημι
728 1840 942 1903 αὑτήν.
971 1837 1094 1898 Πῶς
1111 1832 1204 1889 οὖν
1227 1835 1396 1902 λέγει,
1421 1837 1544 1903 Οὐχ
1571 1835 1650 1900 ὠς
1665 1833 1778 1904 ἐγὼ
1798 1833 1970 1892 θέλω,
1992 1832 2130 1886 ἀλλ’

558 1927 639 1991 ὡς
666 1926 784 1988 σύ;
812 1923 922 1976 Καὶ
957 1921 1010 1973 τί
1050 1919 1370 1990 θαυμάζεις,
1403 1919 1452 1970 εἰ
1491 1919 1596 1989 πρὸ
1636 1917 1729 1970 τοῦ
1763 1915 1998 1989 σταυροῦ
2041 1933 2131 1968 το-

561 2009 767 2080 σαύτην
797 2007 1020 2076 έποίησε
1045 2017 1072 2045 ιι
1111 2003 1368 2074 σπουδὴν,
1406 2001 1779 2055 πιστώσασθαι
1803 2003 1902 2070 τῆς
1931 2001 2132 2072 σαρκὸς

559 2097 657 2165 τὴν
689 2091 967 2162 ἀλήθειαν,
1007 2090 1141 2140 ὅπου
1165 2103 1235 2155 ’γε
1279 2087 1372 2139 καὶ
1409 2085 1546 2156 μετὰ
1577 2085 1676 2154 τὴν
1715 2086 2010 2138 ἀνάστασιν
2043 2084 2132 2137 τὸν

565 2175 815 2248 μαθητὴν
858 2173 979 2225 ἰδὼν
1019 2167 1353 2224 ἀπιστοῦντα
1378 2169 1437 2220 ού
1474 2168 1830 2238 παρῃτήσατο
1859 2167 2006 2237 αύτῷ
2038 2167 2134 2220 καὶ

557 2258 850 2331 τραύματα
884 2255 977 2308 καὶ
1006 2255 1209 2315 τύπους
1227 2252 1371 2323 ἥλων
1393 2251 1676 2315 ἐπιδεῖξαι,
1703 2254 1796 2303 καί⁵
1816 2251 1996 2321 χειρὸς
2021 2251 2130 2320 ἀφῇ

559 2345 658 2405 τὰς
681 2339 910 2402 ώτειλάς
938 2336 1251 2402 ὑποϐαλεῖν,
1281 2336 1373 2388 καί
1402 2336 1597 2397 εἰπεῖν,
1642 2335 2006 2401 Ἔρεύνησον
2037 2333 2134 2386 καί

562 2427 651 2482 ῑόε
696 2425 784 2478 ὅτι
835 2422 1069 2490 πνεῦμα
1115 2419 1313 2488 σάρκα
1341 2418 1439 2472 καί
1467 2417 1648 2471 ὀστέα
1680 2419 1791 2472 οὐκ
1837 2418 1959 2486 ἔχει
1987 2434 2004 2474 :
2037 2417 2135 2470 Διά

559 2511 719 2564 τοῦτο
749 2509 868 2562 ούδέ
907 2508 965 2572 ἐξ
1014 2506 1190 2576 ἀρχῆς
1227 2503 1436 2566 τελείας
1465 2503 1682 2574 ἡλικίας
1721 2504 1812 2556 τὸν
1850 2503 2135 2573 ἄνθρωπον

561 2593 842 2653 ἀνέλαϐεν,
865 2591 977 2644 ἀλλ’
1000 2590 1258 2660 ἠνέσχετο
1283 2588 1375 2640 καὶ
1403 2587 1797 2658 συλληφθῆναι,
1828 2589 1923 2641 καὶ
1947 2587 2137 2658 τεχθῆ-

561 2697 668 2740 ναι,
718 2677 810 2729 καὶ
858 2672 1464 2743 γαλακτοτροφηθῆναι,
1510 2671 1604 2724 καὶ
1644 2671 1836 2743 χρόνον
1882 2670 2136 2725 τοσοῦτον

563 2763 656 2817 ἐπί
687 2762 782 2830 τῆς
810 2761 912 2829 γῆς
937 2757 1236 2828 διατρίψαι,
1265 2757 1350 2809 ἴνα
1374 2757 1468 2809 καὶ
1498 2755 1576 2826 τῷ
1610 2758 1772 2826 μήκει
1795 2755 1887 2809 τοῦ
1920 2756 2134 2827 χρόνου,

561 2847 656 2899 καὶ
704 2847 818 2905 τοῖς
863 2842 1044 2904 ἀλλοις
1097 2839 1299 2893 ἅπασιν
1364 2839 1498 2892 αὑτὸ
1543 2839 1701 2892 τοῦτο
1772 2838 2134 2911 πιστώσηται.

573 2928 794 2997 Ἐπειδὴ
823 2926 933 2998 γάρ
958 2924 1180 2992 ἀγγελοι
1205 2923 1464 2986 πολλάκις
1498 2922 1588 2974 ἐπὶ
1610 2922 1708 2992 τῆς
1734 2923 1834 2994 γῆς
1861 2921 2136 2992 ἐφάνησαν

564 3015 622 3065 ἐν
650 3011 935 3080 ἀνθρώπου
976 3008 1152 3078 τύπῳ,
1184 3008 1279 3060 καὶ
1312 3005 1474 3069 αὐτὸς
1508 3005 1564 3058 δέ
1596 3008 1623 3059 ό
1652 3006 1804 3068 Θεὸς,
1839 3006 1899 3058 τὸ
1925 3005 1982 3057 δέ
2015 3023 2138 3074 φαιο

562 3099 787 3167 νόμενον
816 3095 917 3147 ούκ
940 3089 1008 3163 ἦν
1035 3091 1237 3161 σαρκὸς
1271 3089 1518 3161 ἀλήθεια,
1547 3089 1682 3142 ἀλλά
1706 3089 2135 3159 συγκατάϐασις·

564 3183 652 3234 ἵνα
690 3181 764 3252 μὴ
799 3178 1027 3249 νομίσῃς
1058 3177 1151 3229 καὶ
1187 3173 1391 3245 ταύτην
1421 3173 1519 3243 τὴν
1552 3175 1855 3246 παρουσίαν
1885 3174 2139 3246 τοιαύτην

565 3262 728 3325 εἶναι,
769 3259 879 3315 οἶαι
907 3263 1111 3314 ἐκεῖναι
1144 3258 1411 3325 ἐγένοντο,
1433 3257 1570 3309 άλλά
1596 3258 1869 3329 πιστωθῇς
1898 3259 2136 3330 άληθῶς,

565 3350 647 3400 ὅτι
679 3347 814 3417 σὰρξ
857 3341 926 3415 ἦν
972 3341 1218 3414 ἀληθινὴ.
1259 3343 1352 3395 καὶ
1404 3339 1732 3412 συνελήφθη,
1785 3344 1879 3395 καὶ
1919 3343 2136 3415 ἐτέχθη,

567 3433 660 3484 καὶ
695 3430 926 3500 ἐτράφη,
961 3426 1050 3480 καὶ
1093 3426 1184 3478 ἐπὶ
1224 3425 1431 3496 φάτνης
1467 3425 1644 3496 ἐτέθη,
1675 3425 1774 3477 οὐκ
1813 3427 1868 3480 ἐν
1909 3427 2138 3496 οἰκίσκῳ

565 3517 692 3580 τινὶ,
721 3514 835 3566 ἀλλ’
865 3515 921 3566 ἐν
953 3510 1314 3579 καταλύματι,
1339 3509 1576 3580 πλήθους
1595 3510 1821 3579 ἀπείρου
1853 3511 2137 3581 παρόντος,

567 3601 655 3653 ἴνα
686 3597 1076 3670 δημοσιεύηται
1107 3592 1271 3648 αὑτοῦ
1306 3595 1338 3664 ἡ
1385 3595 1653 3663 γέννησις.
1697 3594 1797 3646 Διά
1844 3593 2002 3647 τοῦτο
2046 3598 2140 3650 καὶ

567 3682 879 3753 σπάργανα,
905 3680 998 3732 καὶ
1028 3681 1353 3748 προφητεῖαι
1381 3677 1585 3731 ἄνωθεν
1612 3677 1745 3729 αὐτὸ
1769 3677 1926 3730 τοῦτο
1951 3677 2140 3747 λέγου-

567 3784 676 3832 σαι,
713 3767 810 3835 οὐχ
834 3765 916 3816 ὅτι
944 3762 1227 3832 ἄνθρωπος
1251 3761 1402 3814 ἐσται
1437 3762 1615 3832 μόνον,
1645 3762 1760 3815 ἀλλ’
1788 3762 1868 3814 ὃτι
1898 3762 1990 3814 καὶ
2019 3763 2140 3814 συλ-

563 3850 924 3923 ληφθήσεται,
980 3847 1074 3898 καὶ
1111 3844 1457 3916 τεχθήσεται,
1494 3846 1588 3898 καὶ
1632 3845 1708 3913 τῷ
1753 3845 1860 3897 τῶν
1910 3846 2139 3899 παιδίων

564 3935 714 4004 νόμῳ
749 3931 1109 4001 τραφήσεται.
1145 3929 1254 3982 Καὶ
1283 3928 1441 3980 τοῦτο
1470 3931 1498 3980 ό
1541 3929 1765 3991 Ἡσαΐας
1803 3929 1901 3999 βοᾷ
1933 3929 2136 3997 λέγων·

579 4018 724 4072 Ἰδοὺ
754 4019 789 4082 ἡ
818 4012 1112 4081 παρθένος
1137 4012 1206 4064 ἐν
1225 4010 1435 4080 γαστρί
1453 4010 1597 4076 ἕξει,
1620 4011 1715 4063 καί
1738 4011 1961 4074 τέξεται
1982 4013 2137 4079 υἱὸν,

569 4101 668 4156 καὶ
725 4097 1056 4150 καλέσουοί
1110 4094 1176 4147 τὸ
1238 4095 1424 4163 ὄνομα
1469 4094 1656 4148 αὐτοῦ
1725 4095 2138 4164 Ἐμμανουήλ·

563 4184 870 4249 ,ϐούτυρον
905 4178 1002 4230 καί
1036 4176 1176 4246 μέλι
1209 4177 1490 4246 φάγεται·
1544 4177 1640 4230 καὶ
1683 4177 1863 4240 πάλιν,
1895 4179 2142 4232 Παιδίον

564 4262 858 4335 ἐγεννήθη
889 4261 1052 4330 ἡμῖν.
1087 4259 1212 4326 υἱὸς
1257 4261 1352 4314 καὶ
1391 4259 1567 4326 ἐδόθη
1607 4258 1771 4328 ἡμῖν·
1828 4261 1988 4331 Ὁρᾷς
2025 4262 2142 4326 πῶς

570 4352 666 4405 καὶ
705 4349 804 4414 τὴν
853 4346 1122 4419 προτέραν
1166 4344 1330 4398 αὑτοῦ
1381 4344 1597 4415 ἠλικίαν
1639 4344 2136 4416 προανεφώνησαν;

567 4431 716 4506 [5H]
759 4429 1065 4502 Ἐρώτησον
1102 4428 1282 4481 τοίνυν
1313 4429 1403 4481 τὸν
1437 4428 1742 4500 αἰρετικόν·
1773 4427 1906 4492 Θεὸς
1943 4429 2136 4500 δειλιᾷ,

567 4519 659 4570 καὶ
694 4515 1003 4576 ἀναδύεται,
1034 4513 1128 4565 καὶ
1161 4512 1327 4577 ὀκνεῖ,
1376 4512 1472 4564 καὶ
1517 4510 1800 4578 λυπεῖται;
1832 4513 1937 4566 κᾶν
1983 4515 2136 4586 εἴπῃ.

565 4601 646 4653 ὅτι
667 4599 774 4660 ναὶ,
794 4595 1066 4667 ἀπόστηθι
1093 4595 1298 4657 λοιπὸν,
1320 4595 1414 4648 καὶ
1428 4594 1624 4664 στῆσον
1643 4594 1804 4648 αὑτὸν
1827 4596 1978 4649 κάτω
1999 4597 2139 4666 μετά

562 4680 657 4735 τοῦ
685 4681 951 4742 διαϐόλου,
986 4679 1184 4749 μᾶλλον
1216 4678 1272 4731 δέ
1297 4679 1389 4731 καὶ
1414 4678 1620 4730 ἐκείνου
1655 4678 1964 4751 κατώτερον
1986 4699 1997 4711 ·
2015 4679 2138 4735 ούδέ

564 4766 673 4837 γάρ
702 4766 907 4826 ἐκεῖνος
951 4761 1210 4833 τολμήσει
1246 4760 1403 4814 τοῦτο
1443 4762 1646 4815 εἰπεῖν·
1689 4761 1755 4815 ἂν
1783 4763 1838 4816 δέ
1865 4765 2014 4838 εἴπῃ,
2055 4767 2138 4819 ὅτι

563 4848 714 4902 οὐδὲν
744 4848 949 4900 τούτων
983 4843 1130 4910 ἀξιον
1163 4843 1319 4907 Θεοῦ,
1357 4844 1498 4908 εἰπὲ,
1545 4844 1738 4898 ούκοῦν
1767 4846 1887 4899 ούδέ
1917 4847 2135 4918 εῠχεται

562 4931 694 4995 Θεός
711 4949 724 4964 ·
767 4932 932 5002 χωρὶς
966 4930 1074 5000 γάρ
1098 4927 1302 4982 τούτων
1322 4929 1411 4982 καὶ
1439 4927 1624 5000 ἕτερον
1651 4928 1848 4984 ἄτοπον
1878 4929 2051 4996 ἔσται,
2071 4931 2136 4985 ἂν

557 5015 653 5068 τοῦ
693 5013 827 5067 Θεοῦ
859 5013 928 5067 τά
959 5015 1183 5085 ῥήματα

633 5097 770 5152 Οὔτε
813 5098 923 5170 γὰρ
974 5096 1213 5166 ἀγωνίαν
1270 5097 1430 5167 μόνον
1479 5095 1733 5167 ἐμφαίνει
1778 5096 1847 5149 τά
1889 5099 2134 5170 ῥήματα,

559 5183 695 5238 ἀλλά
759 5183 851 5234 καὶ
906 5181 999 5234 δύο
1067 5180 1381 5251 θελήματα,
1443 5180 1501 5232 ἓν
1561 5180 1660 5250 μὲν
1727 5179 1891 5244 Υἰοῦ,
1953 5181 2012 5233 ἓν
2077 5183 2135 5234 δὲ

560 5265 802 5334 Πατρὸς,
863 5265 1081 5318 ἐναντία
1135 5263 1416 5336 ἀλλήλοις·
1474 5262 1536 5316 τὸ
1587 5263 1696 5334 γὰρ
1753 5265 1946 5329 εἰπεῖν,
2011 5269 2135 5335 Οὐχ

556 5351 636 5415 ὡς
688 5348 803 5416 ἐγὼ
873 5349 1051 5413 θέλω,
1105 5348 1242 5401 ἀλλ’
1309 5351 1389 5414 ὠς
1451 5348 1563 5408 σὺ,
1621 5346 1778 5400 τοῦτό
1831 5349 1978 5402 ἐστιν
2038 5351 2134 5420 ἐμ-

558 5432 856 5498 φαίνοντος.
921 5433 1088 5484 Τοῦτο
1162 5433 1216 5485 δέ
1265 5432 1384 5485 οὐδὲ
1435 5431 1632 5485 ἐκεῖνοί
1694 5449 1826 5485 ποτε
1891 5433 2130 5504 συνεχώ-

557 5531 749 5583 ρησαν,
769 5515 882 5567 ἀλλ’
909 5516 940 5585 ἡ
950 5516 1062 5582 μῶν
1091 5517 1178 5568 ἀεὶ
1205 5515 1469 5584 λεγόντων
1488 5515 1568 5574 τὸ.
1597 5515 1738 5583 Ἐγὼ
1755 5515 1851 5569 καί
1878 5517 2130 5584 ὀΠατὴρ

551 5595 622 5650 ἓν
646 5599 856 5665 ἐσμεν,
889 5599 981 5650 ἐπὶ
1007 5600 1105 5668 τῆς
1131 5599 1432 5669 δυνάμεως,
1482 5600 1674 5652 ἐκεῖνοι
1707 5598 1799 5651 ἐπὶ
1840 5598 1939 5668 τῆς
1970 5599 2129 5669 θελή-

614 5842 636 5868 ⁸
659 5838 770 5888 Mss.
797 5841 982 5903 aliquot
1006 5839 1281 5896 ἐποιήσατο.
1325 5859 1336 5866 ε

1201 386 1259 441 S.
1296 384 1586 442 JOANNIS
1617 381 2109 441 CIIRYSOSTOMI
2143 379 2463 443 ARCHIEP.
2504 385 3052 444 CONSTANTI‘NOP.

3701 394 3798 448 766

2236 514 2371 563 σεως
2396 499 2553 554 τοῦτο
2575 501 2823 574 εἰρῆσθαί
2852 521 3004 572 φασι,
3036 504 3281 573 λέγοντες
3316 506 3527 576 Πατρὸς
3552 507 3647 560 καὶ
3676 507 3803 563 Υἰεῦ

2237 581 2366 652 μίαν
2403 580 2540 639 εἰναι
2571 585 2842 656 βούλησιν.
2871 589 2935 640 Εἰ
2973 588 3152 641 τοίνυν
3184 589 3393 659 Πατρὸς
3423 592 3517 642 καὶ
3545 590 3680 643 Υἱοῦ
3712 594 3803 662 μία

2235 663 2488 738 βούλησίς
2526 669 2665 734 ἐστι,
2717 670 2831 733 πῶς
2873 689 3036 743 φησιν
3089 673 3343 737 ἐνταῦθα,
3373 675 3548 741 Πλὴν
3574 678 3693 744 οὐχ
3731 677 3793 741 ὡς

2233 748 2346 818 ἐγὼ
2370 751 2543 814 θέλω,
2563 753 2788 820 ἀλλ’ὡς
2813 756 2930 818 σύ;
2953 757 3048 809 Ἂν
3067 756 3165 825 μὲν
3181 757 3289 827 γάρ
3317 759 3408 810 ἐπὶ
3422 758 3520 828 τῆς
3552 758 3806 831 θεότητος

2232 831 2293 884 τὸ
2321 833 2610 904 εἰρημένον
2703 837 2883 901 τοῦτο,
2910 840 3279 907 ἐναντιολογία
3314 857 3396 902 τις
3437 841 3669 908 γίνεται,
3717 844 3807 894 καὶ

2235 915 2406 969 πολλὰ
2431 918 2607 973 ἄτοπα
2633 922 2698 974 ἐκ
2720 921 2910 974 τούτου
2941 923 3218 976 τίκτεται·
3254 923 3319 978 ἂν
3343 924 3398 976 δέ
3425 926 3516 978 ἐπὶ
3544 927 3645 996 τῆς
3681 943 3806 997 σαρ-

2235 999 2349 1063 κὸς,
2383 1001 2494 1071 ἔχει
2544 1003 2699 1072 λόγον
2736 1005 2803 1058 τά
2831 1006 3128 1077 εἰρημένα,
3185 1007 3278 1061 καὶ
3309 1008 3460 1060 οὐδὲν
3503 1008 3704 1076 γένοιτ’
3746 1009 3807 1061 ἂν

2235 1083 2506 1155 ἔγκλημα.
2539 1087 2613 1139 Ού
2649 1088 2835 1159 γάρτὸ
2864 1090 2938 1160 μὴ
2969 1089 3144 1142 θέλειν
3171 1090 3460 1144 ἀποθανεῖν
3481 1091 3583 1161 τὴν
3607 1092 3807 1160 σάρκα,

2234 1167 2350 1219 ἐστὶ
2380 1169 2720 1238 κατάγνωσις
2744 1171 2771 1210 ³)
2790 1189 2803 1201 ·
2827 1172 3040 1241 φύσεως
3065 1174 3173 1244 γάρ
3201 1175 3316 1226 ἐστι
3344 1175 3500 1228 τοῦτο
3517 1192 3530 1204 ·
3564 1175 3732 1237 αὐτὸς
3758 1175 3810 1228 δὲ

2232 1248 2303 1302 τά
2328 1252 2426 1322 τῆς
2456 1253 2669 1321 φύσεως
2700 1255 2914 1308 ἅπαντα
2931 1256 3098 1327 χωρὶς
3118 1258 3392 1328 ἁμαρτίας
3414 1258 3809 1319 ἐπιδείκνυται.

2236 1332 2331 1386 καὶ
2373 1336 2508 1404 μετὰ
2534 1337 2734 1407 πολλῆς
2759 1336 2860 1406 τῆς
2888 1341 3227 1409 περιουσίας,
3257 1341 3396 1394 ὥστε
3427 1341 3497 1394 τὰ
3520 1341 3629 1394 τῶν
3661 1343 3812 1412 αἰρεο

2234 1417 2402 1470 τικῶν
2435 1419 2708 1490 ἐμφράξαι
2742 1424 3006 1492 στόματα.
3037 1425 3203 1478 Ὅταν
3237 1421 3329 1477 οὖν
3360 1425 3513 1499 λέγῃ,
3543 1424 3814 1479 Εἱδυνα-

2235 1499 2360 1561 τὸν,
2390 1503 2727 1569 παρελθέτω
2755 1506 2858 1560 ἀπ’
2885 1507 3031 1576 ἐμοῦ
3060 1507 3126 1560 τὸ
3153 1507 3436 1575 ποτήριον
3458 1507 3660 1571 τοῦτο,
3697 1509 3808 1568 καί,

2240 1586 2364 1653 Οὐχ
2400 1585 2481 1650 ὡς
2505 1585 2619 1655 ἐγὼ
2648 1588 2819 1650 θέλω,
2848 1590 2986 1643 ἀλλ’
3011 1591 3091 1656 ὡς
3127 1592 3230 1652 σὺ,
3281 1591 3434 1644 οὐδὲν
3461 1593 3651 1660 ἕτερον
3708 1592 3812 1644 δεί-

2237 1686 2445 1733 κνυσιν,
2487 1670 2600 1723 ἀλλ’
2635 1672 2667 1742 ῆ
2697 1673 2778 1726 ὅτι
2815 1674 2994 1744 σάρκα
3037 1675 3252 1746 ἀληθῶς
3286 1675 3681 1746 περιϐέϐληται
3719 1695 3809 1745 φο-

2237 1754 2506 1826 ϐουμένην
2537 1758 2792 1812 θάνατον·
2843 1760 2904 1812 τὸ
2953 1760 3061 1831 γάρ
3107 1763 3386 1829 φοϐεῖσθαι
3437 1762 3670 1816 θάνατον
3723 1764 3811 1814 καὶ

2237 1838 2557 1893 ἀναδύεσθαι
2588 1842 2682 1894 καὶ
2707 1844 2945 1914 ἀγωνιᾷν
2987 1844 3199 1915 ἐκείνης
3249 1846 3385 1898 ἐστι.
3428 1844 3540 1898 Νῦν
3589 1848 3692 1917 μὲν
3724 1841 3811 1898 οὖν

2238 1920 2450 1992 ἐρήμην
2479 1923 2646 1994 αὐτὴν
2677 1925 2888 1995 ἀφίησι,
2921 1927 3016 1980 καὶ
3041 1927 3254 1998 γυμνὴν
3289 1929 3388 1997 τῆς
3423 1929 3634 1991 οἰκείας
3663 1932 3812 1995 ἐνερ-

2239 2004 2411 2072 γείας,
2443 2006 2529 2061 ἵνα
2557 2008 2728 2079 αὐτῆς
2780 2009 2958 2075 δείξας
2988 2011 3088 2081 τήν
3121 2012 3437 2080 ἀσθένειαν,
3470 2013 3813 2083 πιστώσηται

2240 2088 2408 2159 αὐτῆς
2430 2090 2522 2143 καὶ
2556 2092 2653 2162 τὴν
2685 2091 2876 2160 φύσιν·
2910 2092 3004 2148 νῦν
3036 2093 3093 2146 δέ
3129 2095 3296 2165 αὐτὴν
3324 2095 3692 2168 ἀποκρύπτει,
3734 2098 3813 2148 ἵνα

2244 2171 2420 2244 μάθῃς
2448 2175 2525 2228 ὅτι
2550 2176 2609 2228 ού
2641 2175 2792 2244 ψιλὸς
2820 2175 3107 2248 ἄνθρωπος
3124 2174 3212 2250 ἦν.
3246 2180 3456 2251 Ὥσπερ
3481 2179 3616 2251 γάρ,
3647 2181 3700 2233 εἰ
3731 2180 3815 2233 διά

2243 2257 2440 2320 παντὸς
2463 2259 2531 2311 τὰ
2564 2259 2877 2332 ἀνθρώπινα
2899 2261 3251 2326 ἐνεδείκνυτο,
3268 2264 3426 2316 τοῦτο
3442 2263 3509 2318 ἂν
3529 2263 3815 2334 ἐνομίσθη·

2242 2338 2452 2404 οὕτως,
2509 2343 2558 2393 εἰ
2599 2341 2685 2395 διά
2732 2345 2930 2407 παντὸς
2982 2344 3050 2397 τὰ
3097 2347 3197 2416 τῆς
3235 2345 3488 2418 θεότητος
3541 2346 3814 2410 ἐπετέλει,

2243 2423 2514 2496 ἠπιστήθη
2546 2425 2611 2479 ἂν
2639 2428 2667 2478 ὁ
2694 2428 2790 2498 τῆς
2826 2429 3138 2500 οἰκονομίας
3177 2429 3349 2499 λόγος.
3385 2432 3482 2485 Διά
3513 2431 3676 2484 τοῦτο
3701 2447 3816 2485 ποι-

2243 2507 2434 2572 κίλλει,
2468 2513 2562 2564 καὶ
2593 2512 2922 2581 ἀναμίγνυσι
2971 2514 3066 2566 καὶ
3089 2514 3157 2567 τὰ
3187 2516 3407 2585 ῥήματα
3449 2516 3543 2568 καὶ
3581 2517 3651 2568 τά
3678 2514 3816 2586 πρά-

2243 2607 2449 2659 γματα,
2485 2592 2570 2645 ἴνα
2607 2595 2744 2664 μήτε
2774 2598 2839 2666 τῇ
2881 2595 3092 2649 Παύλου
3126 2596 3219 2649 τοῦ
3255 2598 3636 2667 Σαμοσατὲως,
3680 2603 3814 2667 μήτε

2243 2677 2308 2746 τῇ
2333 2676 2656 2747 Μαρκίωνος
2675 2680 2768 2731 καὶ
2783 2681 3084 2750 Μανιχαίου
3103 2681 3241 2751 νόσῳ
3263 2682 3352 2734 καὶ
3376 2681 3540 2750 μανίᾳ
3553 2683 3816 2752 παράσχῃ

2247 2759 2520 2828 πρόφασιν
2543 2777 2555 2790 ⁸
2613 2761 2700 2814 διά
2735 2763 2891 2816 τοῦτο
2931 2765 3023 2817 καὶ
3057 2763 3308 2836 προλέγει
3342 2764 3404 2816 τὸ
3449 2763 3712 2835 ἐσόμενον
3743 2766 3816 2827 ῶς

2245 2842 2395 2906 Θεὸς,
2424 2845 2516 2898 καὶ
2547 2846 2834 2899 ἀναδύεται
2867 2847 3029 2901 πάλιν
3053 2848 3127 2912 ώς
3161 2848 3462 2920 ἄνθρωπος.

2318 3080 2383 3146 ζ’.
2415 3071 2744 3154 Ἐϐουλόμην
2771 3084 2866 3136 καὶ
2883 3087 3000 3148 ταῖς
3021 3085 3231 3149 λοιπαῖς
3251 3086 3450 3150 αἰτίαις
3474 3085 3788 3150 ἐπεξελθεῖν
3803 3126 3820 3151 ,

2247 3167 2341 3218 καὶ
2395 3166 2562 3232 δεῖξαι
2597 3168 2683 3219 ἐπ’
2710 3167 2894 3221 αὐτῶν
2939 3169 3045 3221 τῶν
3093 3171 3453 3240 πραγμάτων,
3490 3172 3571 3223 ὅτι
3631 3170 3820 3241 ὥσπερ

2248 3248 2479 3303 ἐνταῦθα
2509 3249 2607 3320 τὴν
2629 3251 2914 3305 ἀσθένειαν
2946 3253 3046 3324 τῆς
3082 3254 3280 3324 σαρκὸς
3311 3253 3548 3323 ἐλέγχων
3575 3253 3784 3323 ηῦξατο
3803 3295 3818 3318 ,

2247 3332 2388 3386 οὕτω
2417 3333 2514 3386 καὶ
2551 3333 2784 3404 ἀλλαχοῦ
2823 3336 2984 3390 πάλιν
3010 3337 3106 3407 τὴν
3151 3337 3434 3390 ἀσθένειαν
3462 3337 3568 3389 τῶν
3595 3337 3817 3390 ἀκουόνο

2246 3433 2354 3472 των
2397 3416 2802 3490 διορθούμενος·
2833 3419 2894 3474 ού
2946 3419 3054 3491 γάρ
3097 3420 3160 3490 δὴ
3211 3421 3387 3474 πάντα
3435 3419 3505 3473 τά
3548 3421 3820 3483 ταπεινῶς

2247 3501 2512 3574 εἰρημένα
2535 3502 2622 3555 διά
2640 3503 2738 3574 τὴν
2767 3503 2867 3574 τῆς
2893 3504 3092 3573 σαρκὸς
3121 3505 3409 3575 περιϐολὴν
3434 3504 3685 3576 εἰρῆσθαι
3717 3507 3821 3576 χρὴ

2247 3586 2490 3656 νομίζειν
2525 3587 2708 3658 μόνον,
2745 3587 2880 3641 ἀλλά
2917 3591 3010 3643 καὶ
3063 3588 3153 3642 διὰ
3201 3591 3299 3652 τὰς
3331 3589 3494 3652 ἄλλας
3551 3589 3620 3653 ἀς
3669 3585 3822 3642 εἷπον

2248 3670 2461 3734 αἰτίας·
2500 3671 2587 3724 ἵνα
2620 3671 2675 3724 δέ
2703 3672 2778 3743 μὴ
2811 3672 2918 3725 τῶν
2950 3673 3256 3745 εἰρημένων
3291 3672 3566 3726 ἐπικλύσω
3594 3673 3656 3725 τὸ
3684 3673 3819 3743 πλῆ-

2249 3754 2340 3816 θος
2390 3756 2454 3825 τῇ
2491 3755 2779 3826 περιουσίᾳ
2813 3766 2835 3794 ο
2869 3755 2976 3808 τῶν
3005 3757 3336 3828 ῥηθήσεσθαι
3375 3756 3698 3828 μελλόντων,
3740 3759 3826 3809 ἐν·

2248 3837 2417 3891 ταῦθα
2432 3836 2522 3890 τὸν
2552 3838 2688 3909 πρὸς
2708 3839 2947 3902 ἐκείνους
2974 3843 3176 3910 στήσας
3208 3839 3385 3908 λόγον,
3424 3841 3517 3892 καὶ
3549 3839 3621 3892 τὰ
3645 3839 3826 3892 λειπό-

2252 3938 2388 3992 μενα
2409 3923 2489 3987 εἰς
2521 3923 2713 3994 ἑτέραν
2737 3923 3170 3994 ἀναϐαλλόμενος
3209 3925 3439 3995 ἡμέραν,
3459 3925 3594 3993 πρὸς
3623 3925 3825 3996 παραί-

2248 4022 2395 4058 νεσιν
2430 4005 2597 4077 εὐχῆς
2624 4005 2895 4078 τρέψομαι
2938 4006 3120 4060 πάλιν.
3162 4007 3224 4059 Εἰ
3259 4008 3366 4078 γάρ
3415 4008 3509 4060 καὶ
3559 4007 3825 4072 πολλάκις

2249 4085 2396 4160 [512]
2423 4090 2554 4160 ἡμῖν
2584 4091 2710 4160 περί⁸
2735 4090 2833 4160 τῆς
2857 4090 3167 4153 ὑποθέσεως
3193 4090 3393 4160 ταύτης
3426 4091 3663 4161 εἴρηται,
3685 4093 3823 4144 ἀλλὰ

2249 4171 2344 4225 καὶ
2377 4171 2472 4225 νῦν
2504 4174 2802 4240 ἀναγκαῖον
2835 4175 3032 4229 εἰπεῖν.
3068 4174 3178 4227 Καὶ
3198 4173 3308 4245 γάρ
3335 4175 3428 4227 καὶ
3455 4175 3563 4227 τῶν
3589 4176 3820 4245 ἱματίων

2247 4253 2316 4306 τὰ
2341 4254 2437 4325 μὲν
2466 4255 2614 4320 ἆπαξ
2637 4255 2875 4326 βαφέντα
2925 4255 3168 4328 ἐξίτηλον
3195 4257 3308 4327 ἔχει
3337 4257 3435 4327 τὴν
3469 4257 3668 4328 βαφήν,
3699 4259 3737 4313 ἃ.
3767 4260 3821 4313 δὲ

2248 4337 2508 4402 πολλάκις
2529 4339 2555 4378 ά
2580 4341 2675 4392 καί.
2715 4340 2953 4410 συνεχῶς
2985 4341 3244 4404 καθέντες
3267 4342 3581 4395 ἀνασπῶσιν
3621 4345 3670 4396 οἱ
3697 4344 3819 4397 δευ-

2250 4424 2475 4484 σοποιοὶ,
2517 4424 2773 4496 ἀκίνητον
2797 4425 3043 4497 διατηρεῖ
3073 4425 3133 4478 τὸ
3167 4425 3261 4478 τοῦ
3296 4425 3585 4496 χρώματος
3620 4428 3781 4491 ἄνθος
3802 4449 3814 4460 ·

2245 4504 2402 4559 τοῦτο
2420 4507 2483 4576 δὴ
2507 4509 2598 4562 καὶ
2627 4509 2838 4563 ἐπὶτῶν
2858 4509 3045 4581 ψυχῶν
3073 4509 3358 4580 συμϐαίνει
3374 4508 3483 4562 τῶν
3510 4511 3813 4581 ἡμετέρων.

2249 4589 2415 4644 Ὅταν
2445 4591 2555 4663 γάρ
2588 4593 2845 4658 πολλάκις
2859 4594 2969 4646 τῶν
2989 4593 3165 4648 αὐτῶν
3196 4592 3518 4663 ἀκούσωμεν
3535 4595 3813 4664 ῥημάτων,

2247 4672 2495 4745 καθάπερ
2523 4679 2645 4728 τινά
2680 4676 2857 4748 βαφὴν
2903 4677 3001 4749 τὴν
3030 4677 3377 4730 διδασκαλίαν
3407 4677 3811 4748 ὑποδεξάμενοι,

2245 4757 2345 4811 οὐκ
2365 4757 2431 4811 ἂν
2463 4759 2661 4830 ῥᾳδίως
2688 4761 2856 4833 αὐτὴν
2889 4761 3326 4832 ἀποπτύσαιμεν.
3352 4762 3442 4832 Μὴ
3469 4762 3651 4814 τοίνυν
3676 4781 3811 4832 παρ-

2245 4843 2420 4912 έργως
2465 4840 2782 4913 ἀκούωμεν·
2843 4846 2902 4897 οὐ
2949 4845 3057 4916 γάρ
3103 4847 3273 4908 ἐστιν,
3309 4846 3408 4898 ούκ
3458 4845 3608 4899 ἐστιν
3663 4846 3813 4899 οὐδὲν

2245 4926 2410 4996 εὐχῆς
2440 4926 2830 4999 δυνατώτερον,
2851 4929 2974 4982 οὐδὲ
3006 4931 3138 4984 ἴσον.
3173 4931 3283 5000 Οὐχ
3316 4930 3489 4993 οὕτως
3515 4933 3635 4984 ἐστὶ
3667 4929 3814 4998 βασι-

2243 5010 2368 5074 λεὺς
2393 5009 2641 5083 λαμπρὸς
2674 5013 2969 5084 ἁλουργίδα
2995 5013 3480 5086 περιϐεϐλημένος,
3498 5013 3574 5077 ώς
3604 5016 3634 5067 ὁ
3661 5015 3812 5085 εὐχό-

2247 5110 2407 5164 μενος
2441 5099 2505 5167 τῇ
2555 5096 2688 5167 πρὸς
2714 5097 2804 5150 τὸν
2833 5096 2967 5151 Θεὸν
2986 5096 3173 5168 ὁμιλίᾳ⁴
3192 5097 3585 5168 κοσμούμενος.
3606 5099 3813 5171 Ὥσπερ

2241 5179 2350 5248 γάρ
2367 5181 2414 5233 εί
2449 5179 2811 5252 στρατοπέδου
2835 5181 3119 5251 παρόντος,
3151 5181 3490 5252 στρατηγῶν,
3517 5183 3808 5254 ἀρχόντων,

2243 5261 2463 5316 ὑπάτων
2492 5262 2719 5326 πολλῶν,
2751 5262 3063 5334 προσελθών
3087 5281 3169 5327 τις
3193 5264 3312 5316 κατ’
3346 5263 3481 5318 ἰδίαν
3504 5264 3808 5335 διαλεχθείη

2241 5346 2319 5418 τῷ
2366 5347 2592 5418 βασιλεῖ,
2619 5346 2719 5411 τὰς
2746 5347 2962 5401 πάντων
2996 5347 3144 5416 ὸψεις
3172 5348 3489 5420 ἐπιστρέφει
3531 5351 3670 5420 πρὸς
3692 5350 3809 5400 ἐστι·

2240 5432 2351 5493 τὸν,
2379 5430 2667 5503 καὶταύτῃ
2693 5432 3016 5504 σεμνότερος
3041 5432 3282 5501 γίνεται·
3308 5432 3449 5485 οὕτω
3478 5433 3546 5504 δὴ
3584 5435 3680 5486 καὶ
3724 5437 3808 5484 ;π“ι

2299 5654 2326 5693 b
2352 5655 2444 5703 Alii
2465 5655 2550 5712 τὴν
2569 5655 2724 5718 σάρκα
2753 5656 3064 5718 κατάγνωσις.

2301 5719 2322 5745 ε
2355 5717 2434 5764 Sic
2455 5724 2594 5765 recte
2612 5714 2729 5765 mss.
2757 5714 2971 5778 plurimi,
2998 5715 3271 5778 Scripserat
3290 5714 3460 5764 ﬂonlf.
3502 5715 3738 5778 émxh’acn;
3767 5721 3813 5763 τὸ

2235 5779 2510 5841 πλῇθος-τήν
2529 5779 2820 5841 περιουσίαν,
2844 5777 3074 5840 pessime.
3101 5777 3220 5827 Eorr

2298 5840 2327 5881 1|
2350 5838 2552 5901 Aliquot
2581 5837 2694 5890 mss.
2718 5842 2804 5898 τὴν
2825 5837 2994 5903 βαφὴν,
3017 5841 3201 5888 ἐπειδάν
3220 5839 3271 5888 δέ
3286 5837 3534 5894 πολλάκις.
