3926 6234
149 531 258 581 7‘35

156 640 410 709 cturiﬁcet
428 647 477 690 te
507 633 684 706 (Joan.
711 632 798 685 Π.
832 629 883 699 l)
911 645 925 679 :
958 640 1019 679 ac
1045 624 1223 677 multis
1246 621 1297 673 in
1322 618 1455 672 locis
1479 629 1600 669 eum
1626 626 1746 681 pas-

157 744 375 785 sionem
406 723 756 797 prxdixisse,
785 728 967 786 atque,
996 724 1054 767 ut
1081 710 1334 771 eveniret,
1366 714 1581 775 optasse
1606 716 1756 756 com-

163 822 410 891 perimus
430 860 446 877 .
488 817 711 884 ejusque
739 811 817 865 rei
844 822 1016 881 causa
1051 804 1294 865 venisse;
1323 795 1589 869 quomodo
1630 806 1757 861 ergo

165 914 252 967 hic
316 912 485 973 dicit,
538 908 600 962 Si
642 902 873 975 possibile
910 900 1031 954 est?
1086 893 1504 950 Imbecillitatem
1558 895 1760 941 natura:

166 1004 414 1060 ostendit
458 1003 738 1062 humanaa,
783 1011 900 1065 qua:
940 1003 1227 1058 utcumque
1268 984 1424 1039 avelli
1454 998 1483 1036 a
1512 978 1759 1051 praesenti

172 1096 281 1148 vita
310 1092 563 1153 uolebat;
591 1088 683 1142 sed
713 1083 991 1141 recusabat
1010 1090 1064 1134 et
1085 1076 1528 1148 tergiversabatur
1550 1078 1763 1139 propter

171 1187 401 1240 insitum
430 1182 504 1235 illi
528 1197 558 1233 a
584 1181 695 1233 Deo
715 1178 822 1246 jam
847 1190 875 1227 a
899 1171 1155 1243 principio
1179 1164 1454 1236 praesentis
1474 1162 1593 1213 vita:
1618 1173 1765 1211 amo-

176 1293 291 1331 rem
325 1274 431 1345 (α).
462 1272 517 1326 Si
546 1270 687 1325 enim
717 1276 993 1337 postquam
1022 1262 1133 1329 ipse
1159 1265 1237 1312 tot
1262 1262 1510 1323 tantaque
1537 1248 1763 1311 dixerit,

175 1383 403 1422 carnem
433 1364 581 1417 illum
609 1376 715 1414 non
733 1355 1082 1424 assumpsisse
1108 1349 1222 1404 ausi
1246 1343 1593 1414 suntqnidam
1620 1354 1764 1393 asse-

179 1474 301 1513 rere
328 1474 343 1509 :
380 1457 424 1508 si
458 1454 589 1507 nihil
622 1452 806 1504 horum
835 1448 1029 1499 dictum
1058 1441 1276 1503 fuiSset,
1319 1436 1442 1506 quid
1470 1449 1571 1489 non
1602 1431 1769 1485 dixis-

178 1552 347 1605 sent?
376 1549 582 1602 Idcirco
608 1541 844 1614 pra'dicit
866 1537 1077 1608 quidem
1106 1535 1212 1587 illic
1234 1542 1290 1585 ut
1320 1531 1483 1590 Deus,
1533 1534 1585 1580 et
1609 1523 1770 1577 adve-

182 1643 302 1697 nire
338 1640 641 1711 passionem
673 1640 933 1702 exoptat:
966 1626 1159 1695 refugit
1184 1632 1359 1677 autem
1394 1620 1479 1672 hic
1506 1627 1557 1671 et
1582 1615 1771 1684 depre-

183 1747 377 1797 catur,
432 1741 490 1784 ut
542 1729 749 1781 homo:
794 1723 936 1777 ultro
979 1719 1122 1773 enim
1171 1717 1319 1769 illum
1360 1710 1426 1765 ad
1474 1708 1773 1779 passionem

187 1826 415 1879 venisse
443 1821 600 1875 docet
635 1814 800 1882 illud,
841 1809 981 1882 quod
1016 1809 1124 1873 ait,
1167 1804 1471 1858 Potestatem
1508 1798 1663 1851 habeo
1690 1812 1777 1863 po-

186 1917 354 1969 nendi
379 1914 605 1966 animant
629 1923 810 1970 meam,
843 1913 889 1958 et
909 1908 1199 1974 potestatem
1220 1896 1375 1949 habeo
1399 1891 1628 1946 sumendi
1649 1904 1776 1940 eam.

192 2007 371 2062 Nemo
398 2004 528 2057 tollit
573 2016 683 2055 eam
712 2016 743 2051 a
768 2012 847 2052 me
872 2012 891 2049 :
916 2010 1006 2065 ego
1031 2007 1162 2062 pono
1190 2004 1301 2042 eam
1346 2002 1379 2037 a
1428 1983 1616 2050 meipso
1658 1978 1776 2049 (Id.

193 2099 287 2151 10.
315 2096 430 2165 18).
462 2090 742 2160 Quomodo
767 2101 895 2156 ergo
920 2084 1084 2148 dicit,
1116 2079 1237 2133 Non
1265 2078 1392 2131 sicut
1418 2091 1507 2145 ego
1535 2072 1666 2136 volo,
1695 2069 1781 2123 sed

194 2192 331 2244 sicut
361 2199 413 2240 tu
432 2188 457 2239 Ζ)
484 2184 625 2252 Quid
642 2196 769 2236 vero
795 2176 1028 2239 miraris,
1055 2174 1099 2228 si
1119 2180 1241 2225 ante
1263 2167 1559 2238 passionem
1585 2170 1784 2216 tantum

197 2281 459 2336 adhibeat
496 2275 691 2339 studii,
725 2281 781 2327 ut
807 2269 1081 2324 veritatem
1121 2262 1297 2317 carnis
1326 2256 1635 2319 conﬁrmet,
1666 2266 1786 2307 cum

199 2384 257 2429 et
306 2381 431 2441 post
468 2366 915 2423 resurrectionem
946 2356 1261 2426 discipulum
1290 2365 1513 2406 cernens
1540 2345 1789 2402 incredu-

202 2468 319 2520 lnm
342 2505 357 2524 .
387 2471 445 2519 et
479 2461 698 2513 vulnera
742 2455 841 2525 ipsi
879 2461 933 2506 et
967 2452 1235 2505 clavorum
1278 2444 1473 2497 ﬁxuras
1510 2437 1791 2493 ostendere

204 2575 318 2614 non
352 2554 648 2617 recusarit,
680 2558 733 2605 et
763 2561 948 2601 manus
973 2538 1238 2597 contactui
1282 2535 1541 2604 subjicere
1583 2530 1791 2585 cicatri.

206 2665 303 2703 ces
323 2690 339 2710 ,
372 2658 438 2701 ac
463 2644 667 2705 dicere,
703 2640 944 2693 Scrutare
968 2644 1013 2687 et
1038 2632 1177 2694 vide,
1210 2629 1323 2700 quia
1353 2624 1556 2696 spiritus
1596 2635 1795 2675 carnem

207 2752 256 2792 ct
285 2753 409 2791 ossa
434 2751 538 2788 non
562 2731 705 2785 habet
733 2727 880 2799 (Luc.
908 2725 999 2778 24.
1031 2720 1161 2792 39)?
1190 2720 1389 2773 Idcirco
1417 2728 1514 2768 nec
1539 2728 1568 2766 a
1598 2710 1796 2782 princi-

213 2834 305 2903 pio
331 2828 584 2899 perfecta:
610 2823 783 2879 :etatis
809 2820 1076 2873 hominem
1105 2812 1359 2879 suscepit,
1391 2808 1485 2861 sed
1510 2816 1565 2859 et
1591 2802 1795 2870 concipi

210 2935 269 2977 et
302 2921 475 2981 nasci,
505 2929 558 2972 et
586 2919 722 2971 lacte
747 2911 933 2967 nutriri
963 2905 1212 2963 sustinuit
1232 2919 1291 2956 ac
1320 2910 1462 2954 tanto
1488 2909 1725 2965 tempore
1748 2896 1797 2947 in

212 3027 369 3070 terra
398 3010 600 3067 versari
623 3051 637 3075 ,
678 3016 737 3062 ut
763 3006 866 3060 hoc
894 3004 1067 3073 ipsum
1098 3008 1151 3053 et
1177 2993 1429 3065 temporis
1457 2988 1802 3046 diuturnitate

212 3118 273 3162 et
303 3107 424 3160 aliis
449 3101 696 3157 omnibus
721 3098 1075 3152 conﬁrmaret.
1113 3089 1242 3144 Nam
1274 3085 1523 3157 quoniam
1553 3094 1801 3149 saepenu-

216 3212 379 3252 mero
407 3196 460 3249 in
487 3193 644 3248 terris
664 3188 835 3259 angeli
865 3189 916 3240 in
940 3187 1105 3241 forma
1131 3180 1401 3234 hominum
1425 3179 1800 3244 apparuerunt,

216 3304 390 3360 atque
419 3287 553 3342 adeo
582 3286 694 3354 ipse
738 3283 908 3343 Deus;
941 3276 1082 3348 quod
1122 3283 1296 3328 autem
1339 3266 1658 3338 apparebat,
1699 3278 1805 3317 non

218 3382 413 3436 carnis
437 3377 638 3433 veritas
660 3382 808 3439 erat,
839 3371 931 3426 sed
961 3364 1362 3436 attemperatio;
1393 3376 1460 3415 ne
1487 3360 1620 3413 forte
1647 3356 1804 3410 talem

224 3477 376 3528 Inmc
416 3485 537 3525 esse
566 3468 852 3521 adventum
883 3460 1189 3520 arbitreris,
1221 3456 1405 3525 quales
1435 3452 1510 3505 illi
1556 3449 1806 3511 fuerunt,

226 3565 327 3619 sed
359 3577 537 3618 veram
566 3573 683 3613 esse
706 3570 919 3612 carnem
947 3554 1041 3605 tibi
1066 3550 1195 3604 fides
1222 3550 1332 3609 ﬁat,
1362 3554 1414 3599 et
1443 3551 1728 3610 conceptus
1757 3548 1812 3593 et

229 3666 396 3711 natus
431 3662 486 3707 et
512 3651 799 3712 educatus,
848 3655 1005 3715 atque
1045 3643 1097 3696 in
1139 3640 1396 3710 prmsepio
1439 3636 1640 3705 positus
1680 3633 1808 3696 fuit,

232 3764 345 3802 non
377 3748 427 3799 in
466 3742 711 3798 cubiculo
739 3737 969 3809 quodam
1001 3734 1093 3789 sed
1122 3735 1175 3787 in
1201 3730 1499 3787 diversorio
1528 3741 1704 3781 coram
1734 3726 1813 3778 in-

234 3852 463 3893 numera
496 3831 861 3893 multitudine,
890 3838 948 3883 ut
990 3826 1148 3896 vulgo
1190 3824 1305 3894 ejus
1329 3821 1573 3876 nativitas
1609 3820 1817 3872 innote-

233 3936 437 3983 scerct.
470 3925 668 3978 Idcirco
695 3932 745 3976 et
777 3920 985 3984 fasciaa,
1031 3928 1084 3971 et
1126 3914 1421 3986 prephetize
1456 3910 1818 3979 superioribus

239 4022 474 4089 idipsum
512 4016 723 4072 sa-culis
752 4013 1143 4082 prwdixeruut,
1174 4022 1278 4061 non
1319 4006 1583 4059 hominem
1618 4010 1817 4055 tantum

196 4150 201 4153 -
238 4116 394 4169 illum
424 4111 658 4164 futurum
679 4148 693 4171 ,
722 4106 815 4161 sed
848 4104 960 4159 fore
987 4112 1038 4156 ut
1068 4101 1453 4169 conciperetur,
1486 4104 1816 4158 nasceretur,

241 4217 293 4260 et
320 4217 609 4273 puerorum
634 4216 779 4253 more
799 4196 1108 4251 nutriretur.
1133 4193 1201 4247 Et
1223 4191 1324 4245 hoc
1347 4198 1424 4243 est
1447 4186 1585 4258 quod
1606 4185 1822 4239 IIesaias

241 4297 446 4351 clamat
481 4293 663 4345 dicens
690 4309 703 4345 :
735 4289 862 4342 Ecce
889 4289 1027 4357 virgo
1061 4285 1115 4338 in
1149 4292 1288 4336 utero
1319 4280 1546 4342 habebit,
1577 4288 1623 4330 et
1666 4276 1826 4344 pariet

248 4389 448 4442 Filium
467 4427 482 4451 ,
523 4395 569 4438 et
600 4385 840 4437 vocabunt
868 4395 1048 4432 nomen
1073 4378 1181 4449 ejus
1222 4371 1538 4427 Emmanuel.
1578 4368 1827 4438 Bntyrum

246 4492 295 4535 et
324 4480 426 4533 mel
455 4478 674 4532 comedet
718 4473 920 4545 (Hesai.
954 4474 1007 4526 7.
1043 4470 1133 4540 14)
1168 4485 1182 4522 :
1226 4475 1282 4522 et
1316 4478 1532 4522 rursus.
1578 4461 1829 4515 Parvulas

244 4582 403 4625 natus
432 4580 503 4622 est
550 4569 710 4631 nobis,
745 4576 790 4618 ct
822 4564 986 4617 Filius
1015 4561 1163 4613 datus
1202 4567 1273 4612 est
1328 4556 1469 4609 nobis
1516 4552 1624 4622 (Id.
1655 4553 1708 4605 9.
1750 4549 1828 4621 6).

258 4662 420 4715 Vides
449 4669 504 4713 ut
544 4659 774 4727 priorem
802 4655 958 4708 etiam
991 4651 1132 4705 illius
1158 4656 1367 4701 aatatem
1395 4640 1833 4714 prmnuntiarint?

252 4757 530 4821 Interroga
558 4766 684 4819 ergo
714 4747 1020 4801 hmreticum
1039 4785 1054 4807 ,
1090 4742 1228 4795 Deus
1262 4738 1575 4793 formidatne
1600 4751 1662 4788 ac
1684 4749 1836 4787 recn-

254 4855 341 4902 sal
364 4855 420 4898 et
442 4850 741 4903 cunctatur,
772 4846 826 4893 et
850 4834 1058 4891 tristitia
1081 4830 1345 4886 afﬁcitur?
1374 4829 1523 4897 Quod
1551 4827 1593 4880 si
1621 4826 1832 4884 dixerit,

257 4945 455 5001 etiam,
495 4935 748 5001 deinceps
790 4906 1017 4989 recede,
1062 4936 1116 4981 et
1153 4932 1325 4979 statue
1355 4923 1502 4975 illum
1544 4918 1678 4973 infra
1717 4933 1837 4971 cum

258 5025 479 5086 diabolo
499 5068 513 5091 ,
544 5026 627 5079 vel
660 5023 836 5093 potius
862 5035 926 5074 eo
954 5018 1173 5073 inferius
1199 5034 1211 5069 :
1242 5028 1413 5083 neque
1442 5012 1584 5065 enim
1627 5010 1713 5063 ille
1738 5008 1839 5061 hoc

260 5124 443 5175 dicere
472 5116 687 5172 audebit
711 5134 723 5169 :
757 5116 837 5169 sin
865 5122 1042 5167 autem
1069 5108 1295 5172 dixerit,
1337 5104 1468 5160 nihil
1507 5103 1696 5157 horum
1723 5116 1841 5155 esse

264 5216 378 5268 Deo
405 5211 621 5281 dignum
642 5248 659 5274 ,
703 5207 816 5271 dic,
859 5220 985 5273 ergo
1012 5217 1112 5257 nec
1148 5209 1266 5253 orat
1296 5198 1435 5253 Deus
1461 5214 1473 5249 :
1503 5194 1701 5263 absque
1729 5193 1844 5245 istis

264 5305 413 5357 eiiim
461 5310 516 5356 et
562 5298 703 5355 aliud
755 5295 1042 5351 absurdum
1090 5293 1229 5358 erit,
1286 5291 1328 5344 si
1385 5288 1498 5341 base
1546 5285 1640 5339 Dei
1685 5283 1844 5337 verba

269 5396 490 5449 'uerint.
1299 5367 1306 5376 ’

347 5484 479 5537 Dure
507 5482 782 5535 voluntates
801 5480 852 5532 in
875 5476 1092 5532 Christo.
1117 5504 1188 5513 —
1210 5471 1390 5539 Neque
1414 5469 1553 5522 enim
1581 5466 1740 5519 animi
1764 5480 1850 5517 so-

273 5581 384 5631 lum
420 5575 785 5630 mstuationem
830 5570 945 5623 haec
986 5567 1146 5623 verba
1189 5563 1521 5633 significant,
1567 5558 1659 5612 sed
1690 5558 1849 5611 etiam

274 5671 409 5723 duas
438 5665 768 5724 voluntates,
814 5675 973 5713 unam
1014 5656 1226 5726 quidem
1272 5652 1421 5716 Filii,
1466 5650 1685 5704 alteram
1726 5661 1853 5699 vero

276 5760 455 5818 Patris
476 5754 616 5810 inter
641 5771 698 5809 se
722 5753 1015 5807 contrarias
1038 5767 1051 5800 ε
1081 5763 1201 5800 nam
1227 5744 1366 5813 quod
1394 5743 1525 5797 dixit
1549 5759 1562 5795 :
1592 5739 1710 5793 Non
1730 5738 1854 5793 sicut

278 5869 372 5921 ego
400 5856 545 5912 rota,
575 5846 666 5900 sed
687 5846 813 5899 sicut
840 5854 892 5897 tu
926 5839 1148 5912 (Matth.
1173 5836 1263 5891 ‘26.
1292 5834 1360 5890 59
1378 5834 1419 5905 ),
1448 5834 1547 5887 hoc
1575 5830 1857 5887 indicantis

346 5971 419 6029 (α)
454 5964 805 6023 Theodoretus,
828 5957 1020 6018 Dialogo
1032 5955 1081 6015 ὅ,
1098 5952 1225 6003 hunc
1240 5949 1395 6001 locum
1406 5949 1534 5997 citat.

940 511 1026 568 DE
1066 496 1709 565 CONSUBSTANTIALI,
1752 489 2025 548 CONTRA
2068 477 2445 540 ANOMOEOS.
2486 471 2598 527 VII.

3324 447 3427 503 766

1864 612 1967 660 est.
1999 600 2154 671 Atqui
2185 614 2251 653 ne
2293 595 2396 649 hoc
2421 588 2632 659 quidem
2674 593 2920 650 umquam
2967 572 3041 627 illi
3066 568 3392 622 admiserunt
3412 603 3424 626 ,

1863 698 1956 753 sed
1984 662 2135 750 nobis
2164 703 2374 758 semper
2395 680 2690 737 dicentibus
2718 672 2867 736 illud,
2898 669 3004 738 Ego
3026 675 3073 719 et
3102 662 3257 715 Pater
3275 672 3432 711 unum

1864 750 2037 846 sumus
2060 785 2239 855 (Joan.
2277 750 2366 834 λθ.
2396 774 2512 837 30),
2546 774 2597 823 in
2627 766 2900 834 majestate
2922 802 2934 821 ,
2967 759 3039 812 illi
3072 756 3124 809 in
3163 750 3435 804 voluntate

1865 884 2062 937 dictum
2104 890 2222 931 esse
2252 870 2530 939 inquiunt,
2559 862 2797 915 dicentes
2839 851 3005 907 Patris
3035 855 3088 900 ct
3128 843 3248 898 Filii
3278 853 3433 892 unam

1866 987 1985 1028 esse
2011 968 2353 1023 voluntatem.
2376 958 2430 1012 Si
2456 970 2579 1023 ergo
2607 948 2775 1005 Patris
2801 954 2854 998 et
2876 941 2994 995 Filii
3021 952 3120 991 una
3147 942 3229 988 est
3255 930 3438 984 volun-

1870 1076 1981 1125 tas,
2026 1055 2292 1130 qnomodo
2332 1050 2415 1103 hic
2453 1047 2612 1103 dicit,
2665 1039 3010 1093 Verumtamen
3049 1043 3147 1080 non
3189 1023 3314 1076 sicut
3351 1032 3441 1086 ego

1871 1109 1948 1118 ,νυ
1969 1109 1981 1125 ,
2029 1109 2057 1130 Ἰ

1870 1156 1980 1210 volo
2003 1194 2017 1218 ,
2050 1150 2135 1204 sed
2174 1148 2301 1199 sicut
2332 1141 2424 1194 tu?
2467 1136 2596 1191 Nam
2637 1132 2680 1184 si
2726 1130 2775 1181 in
2808 1123 3079 1179 divinitate
3105 1114 3313 1184 quidem
3344 1109 3443 1166 sit,

1871 1246 2009 1318 quod
2037 1244 2233 1296 dictum
2278 1244 2392 1298 est,
2438 1227 2672 1283 exoritur
2700 1216 2940 1289 quaedam
2984 1202 3328 1263 contradictio
3348 1240 3361 1259 .
3392 1206 3449 1250 et

1876 1293 2037 1391 multa
2067 1348 2128 1385 ex
2156 1344 2220 1382 co
2250 1320 2474 1377 absurda
2511 1320 2801 1370 nascuntur
2824 1324 2837 1359 :
2866 1304 2945 1359 sin
2973 1307 3148 1353 autem
3174 1293 3227 1346 in
3254 1302 3411 1343 carne
3433 1326 3448 1347 ,

1875 1424 2064 1482 rationi
2090 1425 2444 1474 consentanea
2465 1414 2607 1467 sunt,
2633 1414 2803 1469 neque
2827 1386 3140 1462 reprehendi
3163 1380 3447 1453 quidquam

1879 1517 2071 1590 poterit
2098 1531 2110 1566 :
2143 1525 2247 1563 non
2287 1505 2425 1561 enim
2459 1510 2672 1552 carnem
2704 1488 2843 1545 nolle
2884 1482 3056 1545 mori,
3089 1470 3325 1530 damnari
3358 1481 3453 1535 po-

2711 1583 2722 1590 .
2929 1585 2939 1590 ‘
3108 1582 3215 1590 -η--Α
3258 1571 3453 1590 καλε-ην...

1881 1571 2013 1673 iest,
2057 1618 2176 1660 cum
2208 1601 2309 1653 hoc
2337 1595 2407 1650 sit
2435 1600 2668 1649 naturae;
2711 1583 2824 1651 ipse
2858 1585 3032 1630 autem
3055 1613 3069 1633 ,
3101 1582 3218 1639 qua:
3258 1571 3456 1617 naturas

2897 1668 2907 1673 -
2977 1665 2988 1673 .
3054 1662 3063 1673 ,
3222 1650 3420 1673 Au,“

1883 1650 2013 1673 ,μνη
2292 1650 2299 1651 ,
2736 1650 2745 1651 ί

1881 1709 2034 1761 sunt,
2067 1692 2244 1747 omnia
2274 1692 2467 1757 prmter
2492 1685 2761 1750 peccatum
2792 1662 3156 1737 copiosissime
3182 1650 3455 1712 ostendat,

1883 1741 2034 1761 πω,
2276 1741 2291 1757 ,
2495 1741 2509 1750 _

1883 1804 1938 1848 ut
1977 1805 2068 1845 ora
2100 1782 2468 1839 haereticorum
2512 1772 2742 1824 obturet.
2776 1757 2997 1830 Quando
3027 1769 3151 1819 ergo
3191 1748 3349 1805 dicit,
3397 1741 3457 1795 Si

1885 1880 2116 1956 possibile
2139 1885 2238 1938 est,
2266 1874 2485 1924 transeat
2512 1881 2544 1915 a
2568 1877 2647 1913 me
2671 1857 2805 1910 calta:
2828 1854 2938 1914 iste,
2966 1856 3038 1909 ct,
3074 1842 3191 1896 Non
3218 1841 3344 1891 sicut
3370 1849 3460 1903 ego

2535 1954 2543 1956 ‘
2636 1952 2646 1956 -
2708 1948 2772 1956 Ἀ
2823 1943 2909 1956 -Λι
3032 1935 3119 1956 ειη
3175 1928 3313 1956 -1:...I
3357 1940 3460 1956 nm...

1886 1928 2319 2041 Egisti...
2362 1971 2415 2014 tu
2459 1952 2679 2028 (Matth.
2705 1948 2795 2002 es.
2823 1943 2948 2012 59),
2994 1935 3123 1992 nihil
3175 1928 3317 1986 aliud
3357 1940 3464 1997 pra)

1889 2083 1946 2122 se
1974 2066 2106 2126 fert,
2153 2057 2253 2112 nisi
2290 2069 2348 2108 se
2381 2063 2508 2106 vere
2549 2057 2709 2100 carne
2747 2031 3128 2093 circumdatum
3166 2036 3315 2086 esse,
3348 2033 3466 2087 qua:

1892 2166 2116 2213 mortem
2143 2143 2489 2205 reformidet:
2520 2138 2661 2192 illius
2698 2130 2839 2186 enim
2879 2133 2959 2179 est
2989 2126 3212 2175 mortem
3246 2114 3432 2167 timere
3452 2148 3467 2169 ,

1893 2258 1947 2305 et
1965 2257 2211 2302 recusare
2236 2247 2290 2293 et
2317 2244 2549 2291 maerore
2576 2223 2733 2280 afﬁci.
2765 2216 3090 2288 Quandoque
3119 2208 3279 2276 igitur
3307 2198 3472 2256 desti-

1894 2348 2059 2394 tutam
2090 2335 2230 2388 illam
2258 2336 2313 2384 et
2354 2323 2604 2379 nudatam
2646 2311 2856 2384 propria
2898 2301 3205 2376 operatione
3246 2291 3473 2348 derelin-

1896 2431 2042 2501 quit,
2072 2433 2130 2479 ut
2168 2436 2288 2476 cum
2318 2416 2432 2485 ejus
2460 2407 2817 2466 inﬁrmitatem
2847 2390 3169 2453 ostenderit,
3198 2386 3311 2455 ejus
3340 2396 3475 2451 quo—

2880 2490 2892 2501 ‘
3020 2500 3023 2501 ν
3073 2495 3193 2501 --μ-ι
3237 2473 3472 2501 Αηκ-Ᾱηηι

1898 2473 2042 2501 .,...-,
2077 2473 2129 2479 __
2177 2473 2194 2476 ,
2347 2473 2366 2485 ,

1898 2538 2001 2594 que
2041 2528 2240 2574 natura!
2272 2512 2428 2565 ﬁdem
2470 2502 2627 2557 faciat
2663 2516 2676 2551 :
2722 2490 3035 2564 quandoque
3072 2495 3197 2536 vero
3234 2473 3474 2532 eamdem

2840 2582 2861 2594 “
2894 2582 2904 2592 '
3038 2576 3050 2594 9
3075 2572 3293 2594 ..ΑΙΙΞι-..η
3346 2564 3474 2594 Nam

1899 2564 2064 2677 gelat,
2099 2620 2157 2664 ut
2180 2604 2379 2661 nudum
2405 2595 2675 2652 hominem
2703 2601 2808 2642 non
2838 2582 2998 2636 fuisse
3038 2572 3315 2639 intelligas.
3346 2564 3478 2619 Nam

1900 2695 2345 2773 quemadmodum
2394 2688 2439 2743 si
2490 2695 2701 2752 semper
2750 2678 2976 2729 lmmana
3022 2662 3476 2719 demonstrasset.

2803 2768 2810 2773 '
2943 2761 2953 2771 '
3079 2771 3104 2773 π
3132 2767 3211 2773 γΑ-
3243 2764 3355 2773 num
3389 2743 3476 2773 nn:

1902 2743 2344 2773 Ὶυυιιιυυι--νψ,----
2608 2743 2623 2752 .

1902 2800 2003 2853 hoc
2027 2795 2208 2861 utique
2234 2783 2492 2840 creditum
2532 2774 2719 2829 fuisset
2756 2786 2769 2821 τ
2803 2768 2871 2818 ita
2912 2761 2955 2813 si
3001 2767 3211 2822 semper
3240 2764 3355 2818 qua:
3389 2743 3478 2798 Dei

2788 2858 2797 2861 ‘
2944 2852 2954 2861 '
3036 2848 3047 2859 '
3093 2845 3120 2861 ι·
3142 2842 3218 2861 1--
3251 2835 3478 2861 ,ιιιιζιάιη

1904 2899 2026 2943 sunt
2051 2835 2359 2953 peifecisset
2377 2912 2393 2938 ,
2421 2858 2831 2936 dispensationis
2859 2848 3052 2906 rationi
3092 2842 3221 2897 Iides
3249 2835 3481 2892 adhibita

2835 2948 2845 2953 ⁸
3034 2940 3044 2950 ⁹
3092 2952 3097 2953 ν
3145 2945 3156 2953 ·
3187 2946 3297 2953 —-----
3324 2925 3480 2953 -υΑ-Ι...

1905 2994 2013 3035 non
2034 2925 2239 3029 finisset.
2264 2968 2552 3033 Propterea
2573 2953 2743 3008 variat
2762 2957 2811 3002 et
2835 2940 3162 2998 intermiscet
3181 2946 3301 2986 cum
3324 2925 3482 2981 verba

1908 3080 2018 3124 tum
2045 3064 2302 3120 actiones,
2333 3062 2390 3107 ut
2419 3062 2588 3118 neque
2618 3042 2761 3098 Pauli
2788 3029 3082 3092 Samosatei
3105 3068 3118 3089 ,
3154 3036 3324 3091 neque
3344 3018 3485 3071 Mar-

1908 3161 2075 3218 cionis
2100 3166 2153 3212 et
2175 3145 2446 3208 Manichrei
2476 3139 2664 3197 morbo
2694 3149 2756 3188 ac
2784 3127 2945 3185 furori
2972 3121 3205 3193 prabeat
3244 3112 3484 3167 occasio-

1911 3270 2031 3311 nem
2058 3270 2071 3305 :
2105 3248 2224 3303 ideo
2250 3252 2305 3297 et
2336 3236 2478 3310 quod
2508 3234 2741 3287 futurum
2773 3232 2851 3277 est
2880 3214 3117 3290 praedicit
3145 3219 3204 3263 ut
3228 3208 3370 3261 Deus
3389 3243 3403 3267 ,
3434 3208 3488 3255 et

1911 3356 2094 3404 rursus
2120 3352 2177 3394 ut
2205 3337 2364 3390 homo
2390 3331 2619 3383 recusat.

1984 3463 2035 3516 7.
2068 3451 2366 3513 Exhortatio
2386 3442 2592 3501 moralis
2612 3437 2679 3492 ad
2703 3432 2998 3489 orationem.
3018 3452 3090 3463 -——
3111 3418 3311 3472 Vellem
3342 3408 3491 3511 equi-

1915 3555 2036 3610 dem
2064 3550 2293 3616 reliquas
2320 3540 2477 3595 etiam
2504 3544 2693 3588 causas
2724 3532 3053 3595 percurrere,
3080 3522 3237 3580 atque
3263 3522 3332 3561 ex
3362 3499 3493 3571 ipsis

1917 3593 2036 3610 νυ...
2066 3593 2290 3616 WHT"
2330 3593 2344 3595 _
2725 3593 2737 3595 ν

1917 3640 2209 3699 actionibus
2236 3633 2498 3692 indicare,
2536 3612 2980 3693 quemadmodum
3012 3606 3131 3667 hic,
3165 3602 3288 3655 dum
3320 3593 3496 3649 carnis

1920 3732 2278 3791 inﬁrmitatem
2326 3718 2666 3776 ostenderet,
2721 3708 2797 3762 sic
2842 3714 2897 3758 et
2941 3699 3064 3753 alibi
3114 3705 3299 3747 rursus
3347 3687 3491 3741 illum
3548 3747 3557 3756 .

1920 3838 2132 3888 orasse,
2165 3820 2290 3873 dum
2330 3812 2627 3866 auditorum
2669 3797 3028 3855 infirmitatem
3054 3785 3362 3852 corrigeret.
3388 3775 3495 3829 Ne-

1921 3867 2132 3888 υ.......,,
2168 3867 2290 3873 __-__

1921 3935 2024 3991 que
2049 3915 2186 3970 enim
2214 3917 2421 3971 cuncta,
2450 3916 2567 3971 quae
2596 3892 2865 3949 humiliter
2891 3886 3027 3939 dicta
3058 3886 3200 3939 sunt,
3230 3873 3298 3927 ob
3323 3867 3498 3923 carnis

2608 3989 2640 3991 --
2987 3974 3090 3991 rw
3142 3976 3216 3991 --ι
3295 3960 3385 3991 ..ηδ
3430 3957 3498 3991 ηι.

1925 3957 2173 4066 :mictum
2217 4001 2387 4054 solum
2434 4007 2553 4048 esse
2591 3989 2731 4042 dicta
2774 3974 3095 4035 censendum
3138 3976 3255 4029 est,
3295 3960 3389 4016 sed
3430 3957 3500 4010 oh
3570 3966 3575 3972 '

1925 4102 2055 4157 alias
2082 4096 2239 4151 etiam
2270 4102 2401 4160 quas
2429 4081 2610 4144 attuli,
2652 4088 2839 4131 causas
2864 4088 2876 4123 :
2906 4072 3267 4120 verumtamen
3303 4069 3371 4107 ne
3399 4065 3494 4106 e0-

1926 4210 2043 4249 rum
2065 4231 2081 4256 ,
2128 4202 2245 4257 qua:
2276 4142 2424 4236 1dicta
2453 4173 2680 4232 fuerint,
2722 4159 2998 4221 multitudo
3023 4167 3204 4210 eorum
3228 4190 3241 4212 ,
3281 4160 3397 4214 qua:
3421 4142 3503 4196 di-

2792 4256 2799 4257 ί
2828 4256 2835 4257 κ
2907 4252 2927 4257 -
3089 4245 3110 4257 ι-
3171 4242 3181 4253 ο
3266 4256 3275 4257 κ
3311 4235 3469 4257 ,μη

1928 4235 2043 4249 ......
2065 4235 2081 4256 ,
2131 4235 2242 4257 .,___
2298 4235 2304 4236 ,

1928 4282 2093 4341 cenda
2123 4285 2278 4339 sunt,
2306 4270 2511 4341 copiam
2541 4264 2746 4321 obruat,
2790 4256 2874 4309 hic
2899 4252 3057 4305 ﬁnem
3087 4242 3283 4298 faciens
3308 4235 3500 4290 adver-

3043 4338 3073 4341 μ
3264 4330 3275 4341 .
3347 4328 3377 4341 ,.
3442 4339 3451 4341 _
3478 4322 3499 4341 ,

1930 4322 2093 4341 νων...
2123 4322 2278 4339 ......-,
2312 4322 2421 4341 --Γ

1930 4392 2022 4433 sus
2044 4388 2137 4429 eos
2162 4365 2399 4425 dicendi,
2427 4371 2481 4414 et
2502 4352 2722 4423 reliquis
2761 4350 2812 4403 in
2839 4345 3000 4399 alium
3027 4338 3165 4392 diem
3202 4328 3411 4399 rejectis
3435 4322 3502 4376 ad

1934 4464 2185 4523 orationis
2216 4471 2394 4513 rursus
2421 4445 2841 4505 cohortationem
2879 4448 2965 4488 me
2997 4432 3328 4484 convertam.
3355 4416 3505 4472 Licet

1935 4558 2075 4613 enim
2104 4554 2169 4607 de
2198 4550 2299 4603 hoc
2321 4545 2630 4611 argumento
2650 4545 2792 4601 saepe
2818 4525 2973 4580 verba
3001 4516 3301 4574 fecerimus,
3329 4521 3504 4563 tamen

1938 4663 2113 4721 operae
2138 4642 2361 4714 pretium
2391 4633 2577 4695 fuerit,
2604 4635 2662 4681 ut
2695 4637 2833 4678 nunc
2860 4618 3017 4673 etiam
3048 4611 3115 4665 de
3142 4623 3207 4662 eo
3231 4605 3464 4659 dicamus
3490 4616 3504 4652 :

2924 4710 2938 4721 ‘
2972 4708 3002 4721 "
3081 4714 3092 4721 -
3128 4720 3135 4721 κ
3172 4699 3359 4721 fias-1n-
3428 4691 3504 4721 4⁵..-

1941 4691 2060 4799 niim
2089 4691 2343 4793 etrearum
2372 4726 2596 4782 vestium
2634 4733 2751 4789 qua:
2774 4710 2940 4770 semel
2969 4708 3145 4761 tinctu
3172 4699 3394 4760 fuerint,
3428 4691 3513 4746 fa-

1940 4835 2041 4891 cile
2066 4830 2212 4886 color
2236 4819 2503 4879 evanescit
2532 4833 2545 4870 :
2578 4825 2707 4883 quas
2734 4822 2860 4860 vero
2887 4799 3154 4856 multoties
3182 4802 3232 4846 ut
3262 4789 3508 4856 frequen-

1944 4935 2025 4979 ter
2053 4923 2327 4975 immersus
2355 4907 2633 4965 eduxerint
2656 4899 2964 4955 infectores,
3006 4904 3082 4941 ere
3112 4884 3294 4937 florem
3322 4873 3516 4931 coloris

1946 5008 2322 5071 immutabilem
2364 5007 2611 5059 servant;
2660 4992 2761 5045 hoc
2803 4996 2853 5040 ct
2902 4986 2953 5037 in
3004 4974 3279 5031 animabus
3319 4965 3515 5021 nostris

1945 5102 2228 5171 contingit;
2274 5096 2318 5150 si
2361 5088 2572 5161 quando
2614 5083 2753 5138 enim
2794 5075 2978 5131 eadem
3010 5068 3167 5120 verba
3210 5061 3516 5127 frequenter

2987 5161 2999 5171 '
3200 5160 3383 5171 ν---Αηρ-
3420 5147 3482 5171 .Ι..

1948 5147 2228 5171 υν......,,--,
2275 5147 2317 5150 _,
2380 5147 2392 5161 ,

1948 5192 2290 5252 audierimus,
2321 5180 2470 5253 quasi
2500 5178 2779 5230 tincturam
2808 5161 3089 5235 quamdam
3115 5160 3385 5219 exceptam
3417 5147 3512 5198 do-

1949 5286 2172 5341 ctrinam
2200 5292 2303 5331 non
2332 5271 2483 5327 facile
2507 5265 2854 5333 deponemns.
2882 5251 2959 5307 Ne
2980 5249 3134 5317 igitur
3163 5236 3518 5313 perfunctorie

1951 5378 2264 5433 audiamus:
2296 5381 2397 5419 non
2425 5361 2565 5417 enim
2592 5364 2691 5419 est,
2722 5365 2825 5404 non
2856 5354 2970 5408 est,
3004 5342 3251 5408 inquam,
3283 5329 3522 5385 oratione

1952 5468 2239 5541 quidquam
2270 5454 2564 5529 potentius,
2597 5455 2686 5500 ant
2715 5439 2856 5512 quod
2895 5436 2944 5491 ei
2972 5432 3135 5503 possit
3158 5424 3374 5495 inqu-ari.
3405 5418 3520 5474 Non

1955 5510 2032 5615 :ic
2063 5510 2287 5612 ainictus
2316 5558 2543 5619 purpura
2573 5532 2881 5609 splendidus
2909 5535 2991 5583 est
3020 5525 3329 5591 imperator,
3356 5523 3415 5567 ut
3437 5510 3526 5580 qui

1957 5658 2108 5713 orat,
2155 5639 2417 5710 colloquio
2442 5648 2561 5689 cum
2593 5630 2704 5685 Deo
2732 5630 3037 5680 exornatus.
3086 5612 3154 5669 Ut
3193 5611 3335 5665 enim
3362 5606 3405 5658 si
3432 5603 3529 5655 ad-

3045 5707 3073 5713 "
3338 5712 3343 5713 γ
3396 5694 3527 5713 IIL---

1960 5749 2133 5797 stante
2159 5694 2392 5790 exercitu
2414 5769 2428 5793 ,
2469 5722 2722 5781 duribus,
2768 5707 3193 5783 magistratibus,
3228 5694 3528 5757 consulibus

1962 5828 2177 5892 multis,
2226 5820 2485 5878 accedens
2526 5813 2642 5885 quis
2674 5807 2914 5880 privatim
2957 5813 3078 5855 cum
3123 5795 3441 5861 imperatore
3479 5782 3531 5837 in

1970 5924 2286 5996 colloquium
2313 5916 2508 5979 veniat,
2536 5917 2845 5965 cunctorum
2873 5896 3056 5953 oculos
3080 5889 3145 5946 ad
3167 5903 3223 5943 se
3250 5879 3530 5945 convertit,
