3868 6278
429 433 531 490 767

433 568 605 624 eaque
632 554 837 608 ratione
863 552 925 607 ﬁt
962 552 1237 618 illustrior,
1283 553 1363 606 sic
1398 560 1452 607 et
1486 551 1757 606 orantibus
1794 549 2003 605 accidit.

426 643 611 713 Cogita
642 658 867 712 namque
901 651 1152 712 quantum
1190 642 1320 696 illud
1361 642 1430 696 sit
1466 641 1734 709 futurum,
1767 651 1825 696 ut
1860 657 2001 711 prat-

427 733 671 787 sentibus
692 733 893 804 angelis
910 773 925 796 ,
952 732 1281 786 adstantibus
1306 732 1658 801 archangelis,
1686 730 1963 800 Seraphim
1980 772 1997 797 ,

427 822 733 888 Cherubim,
752 825 1065 893 caeterisque
1084 823 1365 877 virtutibus
1391 824 1656 887 omnibus,
1677 839 1813 878 unus
1842 823 2003 877 homo

427 915 590 968 multa
633 930 754 970 cum
799 914 991 970 ﬁducia
1028 916 1194 985 possit
1231 913 1517 979 accedere,
1575 922 1628 968 ct
1664 929 1785 968 cum
1831 915 1999 968 virtu-

430 1012 543 1058 tum
599 1004 804 1059 illarum
850 1020 973 1074 rege
1021 1005 1281 1073 colloqui;
1322 1019 1449 1058 num
1485 1003 1587 1058 hoc
1615 1003 1693 1057 illi
1725 1003 2008 1073 cujuslibet

428 1094 647 1149 honoris
672 1095 837 1149 instar
861 1095 1000 1149 erit?
1026 1094 1207 1164 Neque
1225 1110 1351 1149 vero
1378 1102 1579 1148 tantum
1605 1094 1883 1158 honorem,
1906 1094 2000 1148 sed

430 1187 707 1241 utilitatem
747 1203 957 1257 quoque
999 1189 1281 1241 maximam
1330 1200 1611 1256 possumus
1655 1202 1722 1241 ex
1764 1168 2015 1242 craticiis

430 1278 720 1346 decerpere
738 1317 753 1341 ,
782 1279 865 1331 vel
895 1279 1055 1332 etiam
1082 1288 1361 1347 antequam
1390 1277 1443 1332 id
1471 1277 1611 1347 quod
1650 1278 1876 1347 petimus
1903 1278 2004 1332 ob—

431 1367 762 1422 tinuerimus.
800 1367 931 1422 Nam
963 1368 1122 1421 simul
1167 1377 1326 1434 atque
1355 1382 1545 1422 manus
1581 1368 1637 1422 in
1665 1367 1858 1423 ccelum
1887 1367 2006 1436 quis

429 1456 758 1523 extenderit,
806 1458 1078 1527 Deumque
1108 1457 1397 1521 invocarit,
1442 1455 1718 1511 confestim
1754 1472 1820 1511 ex
1845 1457 2005 1512 rebus

430 1548 659 1601 excessit
677 1546 942 1613 humanis,
970 1547 1035 1601 ad
1059 1546 1288 1601 futuram
1312 1548 1475 1601 vitam
1500 1556 1678 1602 mente
1700 1548 2002 1613 translatus,

429 1651 494 1691 ac
521 1636 770 1707 deinceps
798 1653 915 1707 quae
940 1648 1061 1692 sunt
1086 1639 1137 1691 in
1179 1637 1322 1692 cadis
1350 1638 1529 1692 animo
1557 1636 1819 1706 concipit;
1847 1637 2010 1692 nihil-

429 1741 535 1796 que
562 1741 683 1781 cum
720 1727 819 1781 hac
849 1728 951 1781 vita
980 1742 1261 1782 commune
1302 1737 1541 1798 tempore
1566 1725 1887 1797 precationis
1914 1727 2002 1781 haa

431 1817 541 1884 bet,
570 1820 613 1872 si
638 1819 917 1890 diligenter
938 1829 1181 1890 precatus
1203 1820 1398 1876 fuerit:
1431 1820 1525 1875 sed
1554 1821 1678 1877 licet
1702 1821 2013 1876 effervescat

428 1905 697 1963 iracundia
721 1950 736 1975 ,
768 1908 921 1964 facile
947 1910 1197 1965 sedatur:
1229 1909 1351 1965 licet
1375 1908 1638 1980 cupiditas
1664 1911 1974 1966 exardescat
1992 1950 2008 1977 ,

430 1998 819 2069 exstinguitur:
852 2001 977 2054 licet
1003 2001 1199 2055 invidia
1231 2010 1506 2070 torqueat,
1537 2002 1700 2056 multa
1734 2017 1854 2056 eum
1882 2003 2009 2055 faci-

429 2090 577 2143 litate
606 2089 928 2159 depellitur:
960 2084 1205 2162 idemque
1231 2092 1523 2162 contingit,
1565 2094 1705 2163 quod
1734 2094 2013 2150 esuriente

429 2180 543 2235 sole
569 2181 827 2250 propheta
869 2182 998 2237 dicit
1035 2184 1362 2253 contingere.
1396 2185 1532 2250 Quid
1576 2186 1705 2241 illud
1739 2186 1859 2242 est?
1898 2186 2011 2241 Po-

432 2272 583 2325 suisti
612 2274 834 2327 tenebras
854 2315 868 2339 ,
901 2285 948 2327 et
983 2275 1118 2343 facta
1145 2286 1216 2329 est
1241 2292 1343 2329 nox
1364 2292 1383 2331 :
1412 2277 1465 2330 in
1502 2274 1624 2344 ipsa
1644 2277 2013 2346 pertransibunt

433 2356 603 2416 omnes
624 2364 790 2417 bestia:
809 2366 964 2434 sylva:
984 2381 1004 2419 :
1027 2366 1183 2419 catuli
1204 2367 1405 2420 leonum
1423 2367 1690 2437 rugientes,
1714 2377 1767 2420 ut
1787 2368 2009 2438 rapiant,

431 2461 478 2506 et
502 2462 727 2519 quierant
752 2469 782 2505 a
807 2452 918 2507 Deo
959 2471 1123 2509 escam
1149 2456 1264 2509 sibi.
1305 2455 1459 2509 Ortus
1489 2465 1562 2510 est
1585 2456 1663 2510 sol
1678 2497 1693 2522 ,
1726 2466 1772 2510 et
1799 2473 2012 2528 congre-

431 2544 539 2613 gati
565 2552 699 2607 sunt,
729 2552 773 2597 et
800 2545 852 2597 in
886 2545 1129 2599 cubilibus
1154 2542 1259 2600 suis
1286 2534 1663 2601 collocabantur
1689 2547 1860 2620 (Psal.
1885 2548 2009 2604 105.

432 2632 642 2706 20—22).
673 2634 742 2690 Ut
787 2637 945 2705 igitur
968 2637 1128 2692 radiis
1153 2632 1280 2694 solis
1300 2630 1659 2696 exorientibus
1680 2641 1803 2697 ferae
1824 2658 2012 2698 omnes

432 2722 695 2795 fugantur,
725 2736 777 2780 et
808 2728 857 2779 in
885 2743 977 2780 sua
1002 2727 1169 2783 lustra
1197 2724 1477 2785 discedunt
1502 2750 1515 2785 :
1549 2732 1618 2788 ita
1641 2734 1890 2788 nimirum
1922 2735 2010 2789 ubi

433 2825 698 2883 tamquam
727 2818 905 2871 radius
934 2818 1147 2887 quidam
1172 2834 1237 2874 ex
1259 2836 1351 2876 ore
1377 2833 1561 2878 nostro
1583 2823 1865 2895 linguaque
1886 2840 2011 2880 ora-

431 2910 505 2964 tio
532 2924 651 2965 sese
690 2910 970 2977 effuderit,
1017 2927 1137 2967 cum
1168 2928 1320 2969 mens
1365 2915 1716 2983 illuminatur,
1761 2929 1870 2972 tum
1912 2922 2009 2973 ex—

434 3009 612 3070 pertes
639 3001 859 3057 rationis
890 3018 953 3057 ac
980 3002 1228 3058 belluinze
1270 3006 1696 3075 perturbationes
1739 3009 2012 3079 aufugiunt

434 3098 491 3145 et
515 3090 815 3162 abiguntur,
837 3102 995 3161 atque
1016 3093 1067 3146 iu
1094 3109 1219 3149 suos
1244 3110 1434 3164 specus
1454 3086 1761 3161 abscedunt,
1786 3099 1829 3152 si
1851 3099 2010 3155 modo

430 3183 731 3254 diligenter,
760 3185 806 3238 si
838 3193 1039 3241 attento
1079 3185 1285 3249 animo,
1318 3188 1361 3240 si
1402 3197 1580 3263 mente
1606 3186 1842 3259 vigilanti
1886 3206 2009 3246 ora-

430 3275 681 3329 verimus.
714 3275 848 3330 Tum
877 3276 1001 3331 licet
1025 3276 1252 3333 adfuerit
1276 3277 1548 3345 diabolus,
1588 3281 1818 3350 abigitur
1843 3300 1857 3336 :
1887 3283 2011 3337 lieet

432 3354 672 3432 daemon,
717 3366 934 3420 recedit.
968 3367 1100 3421 Nam
1141 3369 1220 3434 si,
1266 3369 1484 3425 domino
1509 3372 1770 3443 colloquia
1802 3386 2012 3431 serente

431 3471 552 3509 cum
585 3470 758 3523 servo,
788 3460 964 3514 nullus
990 3476 1057 3514 ex
1085 3462 1358 3516 conservis
1380 3504 1396 3528 ,
1443 3479 1510 3518 ne
1551 3479 1618 3518 ex
1647 3465 1754 3519 illis
1796 3466 2010 3535 quidem

430 3548 519 3617 qui
546 3547 789 3603 fiduciam
818 3551 956 3619 apud
988 3552 1132 3606 illum
1162 3552 1436 3619 obtinent,
1473 3555 1693 3611 auderet
1719 3558 2007 3625 accedere,

429 3646 485 3693 et
511 3638 657 3692 illum
688 3639 972 3696 obturbare
995 3660 1008 3695 :
1044 3642 1212 3698 multo
1238 3644 1417 3698 minus
1442 3645 1494 3699 hi
1517 3661 1583 3701 ex
1609 3662 1794 3703 eorum
1824 3666 2010 3706 nume-

428 3743 511 3796 ro,
540 3730 630 3801 qui
673 3730 835 3784 Deum
864 3732 1225 3801 olTenderunt,
1257 3748 1429 3806 neque
1458 3736 1702 3794 ﬁduciam
1730 3740 2005 3808 obtinent,

429 3820 582 3876 nobis
609 3822 660 3876 in
688 3821 922 3877 divinum
950 3826 1269 3895 colloquium
1300 3827 1546 3884 admissis
1570 3832 1881 3901 obstrepere
1911 3849 2009 3903 po-

429 3920 639 3978 terunt,
678 3915 722 3969 si
751 3917 1073 3971 conveniens
1098 3918 1332 3973 studium
1368 3919 1385 3951 ⁸
1421 3920 1835 3978 adhibuerimus.
1876 3924 2010 3980 Ora-

431 4005 503 4061 tio
530 4015 713 4075 portus
742 4018 1053 4078 tempestate
1076 4011 1309 4080 jactatis,
1348 4012 1724 4071 ﬂuctuantibus
1752 4019 2003 4086 anchora,

496 4137 515 4170 ι
550 4136 697 4197 Alius,
722 4139 1069 4190 convenientem
1090 4143 1421 4193 reverentiam.

1160 431 1217 488 S.
1256 430 1534 488 JOANNIS
1570 431 2045 487 CHRYSOSTOMI
2086 430 2400 485 ARClllEP.
2441 429 2973 485 CUNSTANTINUP.

3590 427 3691 483 783

2117 549 2284 617 scipio
2330 548 2713 611 titubantibus,
2764 561 3055 616 pauperum
3102 545 3420 609 thesaurus,
3470 541 3695 598 divitum

2109 640 2387 706 securitas,
2417 639 2720 693 morborum
2747 638 2971 703 curatio,
3000 636 3238 690 custodia
3263 637 3533 691 sanitatis.
3564 634 3698 690 Ora-

2111 731 2186 784 tio
2201 730 2356 785 simul
2379 739 2432 785 et
2452 731 2587 784 bona
2609 730 2760 784 nobis
2777 729 2993 783 immota
3013 737 3313 795 conservat,
3336 736 3391 782 et
3410 727 3702 781 confestim

2111 821 2251 875 mala
2281 828 2596 875 transmutat
2621 837 2634 873 :
2665 821 2776 873 sive
2806 820 3029 873 tentatio
3060 819 3346 885 invaserit,
3377 817 3542 872 facile
3571 833 3703 886 pro-

2110 913 2386 982 pulsatur:
2434 913 2550 966 sive
2594 913 2932 981 pecuniarum
2971 911 3211 980 jactura,
3256 913 3371 966 sive
3417 911 3705 981 quodlibet

2111 1002 2253 1056 aliud
2279 1018 2460 1057 eorum
2478 1044 2492 1069 ,
2520 1017 2639 1072 qua:
2664 1002 2960 1056 molestiam
2988 1002 3180 1054 animas
3209 1010 3406 1055 nostra:
3435 1003 3702 1064 inurunt,

2111 1101 2298 1147 cuncta
2325 1106 2484 1161 quam
2514 1093 2740 1161 primum
2769 1091 3000 1161 repellit.
3029 1089 3211 1145 Oratio
3237 1092 3490 1147 mmroris
3519 1090 3704 1144 omnis

2112 1181 2395 1251 refugium,
2429 1181 2715 1235 hilaritatis
2739 1189 3111 1250 argumentum
3131 1220 3149 1245 ,
3180 1181 3392 1235 occasio
3420 1189 3707 1249 perpetua:

2113 1272 2400 1341 voluptatis
2420 1313 2436 1336 ,
2477 1271 2829 1341 philosophia:
2859 1280 3047 1325 mater.
3077 1270 3176 1337 Qui
3205 1270 3495 1340 diligenter
3521 1277 3710 1338 potest

2114 1376 2287 1427 orare,
2313 1362 2438 1416 licet
2463 1362 2699 1415 omnium
2728 1362 2799 1415 sit
2819 1361 3211 1430 pauperrimus,
3237 1370 3419 1415 tamen
3449 1359 3704 1414 omnium

2113 1461 2195 1508 est
2219 1452 2512 1507 ditissimus
2536 1469 2550 1506 :
2579 1461 2637 1507 ut
2663 1452 2752 1522 qui
2776 1452 3020 1507 oratione
3043 1451 3328 1506 destitutus
3352 1460 3462 1513 est,
3494 1450 3629 1504 licet
3655 1451 3707 1503 in

2114 1544 2229 1610 ipso
2258 1542 2404 1612 regio
2424 1542 2618 1597 throno
2651 1541 2864 1609 sedeat,
2895 1542 3131 1596 omnium
3151 1551 3234 1597 est
3260 1542 3709 1612 pauperrimus‘.

2113 1634 2301 1689 Nonne
2324 1649 2415 1688 rex
2444 1642 2559 1688 erat
2586 1633 2790 1699 Achab,
2817 1641 2875 1688 et
2902 1634 3008 1689 vim
3041 1635 3156 1688 auri
3181 1635 3502 1704 argentique
3529 1632 3707 1687 habe-

2116 1725 2204 1778 bat
2230 1724 2583 1779 immensam?
2607 1725 2677 1779 At
2700 1725 2952 1795 quoniam
2979 1725 3275 1781 orationem
3306 1741 3414 1780 non
3442 1725 3706 1791 habebat,

2113 1816 2286 1870 Eliam
2311 1829 2558 1886 quazreus
2579 1817 2928 1882 circumibat,
2958 1816 3226 1871 hominem
3246 1858 3261 1883 ,
3291 1816 3386 1887 qui
3412 1831 3601 1887 neque
3624 1816 3709 1870 di-

2113 1905 2406 1960 versorium
2427 1947 2443 1972 ,
2483 1921 2661 1977 neque
2689 1915 2892 1962 vestem
2920 1908 3183 1973 habebat,
3226 1908 3322 1963 sed
3346 1909 3598 1963 meloten
3624 1923 3711 1963 so-

2115 1997 2241 2052 lam.
2270 1997 2407 2064 Quid
2436 1999 2539 2053 hoc
2580 1998 2684 2054 sibi
2722 2000 2870 2066 vult,
2918 2000 3133 2069 quaaso?
3173 2000 3254 2054 Tu
3288 2001 3381 2070 qui
3428 2008 3511 2053 tot
3541 2001 3709 2054 habes

2114 2090 2428 2160 apothecas,
2456 2106 2577 2145 eum
2603 2092 2693 2163 qui
2723 2091 2855 2146 nihil
2878 2090 3039 2147 habet
3061 2092 3258 2161 qua-ris
3278 2092 3304 2144 Τ
3348 2091 3427 2147 Ita
3470 2100 3594 2157 est,
3628 2092 3708 2145 iu-

2112 2184 2227 2254 quit
2253 2200 2267 2238 :
2294 2198 2415 2238 nam
2441 2183 2568 2254 quid
2595 2183 2725 2239 mihi
2751 2184 2962 2240 tandem
2989 2194 3212 2254 prosunt
3232 2185 3351 2240 haec
3378 2194 3707 2255 promptua-

2113 2275 2214 2338 ria,
2244 2289 2365 2330 cum
2392 2274 2480 2329 hic
2505 2275 2657 2330 nobis
2680 2276 2873 2332 caelum
2897 2276 3163 2341 clauserit,
3193 2287 3250 2330 et
3277 2275 3496 2330 inutilia
3517 2284 3707 2331 cuncta

2113 2363 2437 2421 reddiderit?
2463 2364 2643 2430 Vides,
2688 2374 2745 2420 ut
2770 2365 2859 2420 hic
2882 2365 2976 2420 illo
3002 2366 3160 2420 fuerit
3184 2366 3547 2435 opulentior?
3578 2366 3706 2420 Nam

2113 2469 2389 2525 quousque
2425 2470 2611 2513 vocem
2639 2457 2728 2512 hic
2762 2459 3061 2525 emitteret,
3094 2458 3149 2512 in
3189 2459 3357 2512 multa
3386 2470 3709 2528 paupertate

2113 2561 2207 2602 rex
2231 2562 2352 2602 cum
2380 2556 2491 2604 toto
2513 2550 2767 2604 comitatu
2789 2550 3120 2605 versabatur.
3145 2550 3191 2605 0
3216 2564 3330 2605 rem
3350 2552 3705 2606 mirabilem!

2113 2638 2192 2694 Ne
2226 2646 2429 2694 vestem
2458 2641 2670 2710 quidem
2713 2640 2935 2709 habuit,
2978 2649 3035 2697 et
3076 2641 3269 2696 caelum
3295 2642 3501 2697 clausit
3524 2660 3541 2695 :
3590 2643 3709 2698 ideo

2115 2728 2364 2783 nimirum
2391 2731 2576 2785 caelum
2597 2731 2802 2797 clausit,
2831 2733 2955 2803 quia
2974 2742 3176 2787 vestem
3202 2746 3308 2787 non
3333 2732 3560 2797 habuit;
3588 2736 3706 2804 quia

2115 2819 2245 2874 nihil
2276 2819 2363 2876 hic
2383 2822 2652 2892 possedit,
2697 2821 2898 2878 idcirco
2940 2825 3164 2878 multam
3188 2824 3438 2879 exhibuit
3470 2836 3721 2895 potestas.

2115 2918 2259 2976 tem;
2289 2926 2412 2966 cum
2452 2912 2596 2967 labra
2642 2923 2847 2969 tantum
2896 2914 3225 2982 diduxisset,
3272 2928 3331 2969 ut
3375 2917 3709 2971 innumerie

2114 3003 2248 3058 eaalo
2273 3003 2505 3059 thesauri
2531 3005 2909 3061 delaberentur
2936 3006 3131 3061 eﬂ‘eeit.
3158 3006 3203 3062 Ο
3223 3011 3481 3063 sanctum
3507 3022 3597 3075 os,
3626 3010 3705 3063 cui

2115 3091 2289 3149 fontes
2325 3094 2579 3151 imbrium
2606 3096 2849 3152 inerant!
2887 3112 2920 3151 ο
2957 3097 3187 3167 linguam
3213 3097 3395 3152 stillas
3416 3097 3707 3152 eﬂ‘nnden-

2117 3185 2258 3240 teml
2304 3198 2339 3239 o
2380 3200 2565 3241 vocem
2609 3186 2764 3243 bonis
2806 3188 3102 3243 innumeris
3144 3189 3583 3244 scaturientem!
3628 3189 3709 3244 Ad

2114 3274 2258 3331 hunc
2281 3276 2441 3347 igitur
2471 3286 2683 3333 nostros
2705 3294 2919 3350 semper
2944 3279 3128 3335 oculos
3156 3288 3551 3335 eonve'rtentes
3578 3296 3709 3350 pau-

2115 3380 2298 3436 perem
2326 3366 2483 3422 simul
2511 3376 2567 3423 et
2587 3368 2805 3425 divitem
2823 3411 2837 3435 ,
2868 3369 2959 3440 qui
2984 3369 3134 3425 dives
3178 3370 3383 3425 ideirco
3412 3370 3522 3425 fuit
3543 3415 3559 3436 ,
3590 3372 3708 3441 quia

2116 3471 2316 3527 pauper
2339 3459 2469 3525 fuit,“
2489 3471 2897 3516 contemnamus
2922 3462 3226 3531 praesentia,
3250 3465 3707 3532 concupiscimus

2114 3548 2330 3604 futura:
2373 3551 2451 3606 sic
2493 3553 2634 3607 enim
2679 3561 2734 3608 et
2778 3569 2897 3622 quas
2941 3553 3027 3608 hic
3066 3562 3227 3619 sunt,
3286 3562 3343 3609 et
3386 3569 3519 3624 qua
3565 3556 3706 3621 illic,

2113 3640 2289 3694 omnia
2322 3640 2457 3695 bona
2486 3656 2900 3712 consequemur.
2933 3643 3063 3712 Qum
3089 3643 3242 3699 nobis
3273 3645 3544 3700 omnibus
3572 3661 3706 3714 prae-

2111 3740 2257 3788 stare
2298 3734 2547 3804 dignetur
2592 3737 2762 3805 gratia
2812 3744 2866 3791 ct
2915 3736 3214 3807 benignitas
3266 3736 3488 3791 Domini
3542 3737 3707 3792 nostri

2108 3821 2236 3877 Jesu
2263 3823 2495 3891 Christi,
2534 3840 2657 3881 cum
2698 3842 2804 3895 quo
2841 3827 2984 3881 Patri
3011 3826 3178 3896 gloria
3205 3828 3487 3897 simulque
3526 3839 3708 3882 sancto

2113 3912 2365 3985 Spiritui,
2413 3931 2554 3972 nunc
2590 3926 2647 3973 et
2683 3932 2895 3986 semper
2923 3928 2978 3974 et
3015 3918 3068 3972 in
3097 3918 3294 3973 saecula
3333 3919 3703 3984 saeculorum,

2113 4008 2306 4061 Amen.

2177 4098 2195 4128 ί
2231 4104 2316 4162 Pro
2340 4098 2521 4158 verbis,
2544 4099 2896 4162 palpet-ramis.
2920 4108 3079 4150 Nonne
3108 4113 3199 4150 rea:
3217 4106 3325 4151 erat
3347 4100 3707 4153 Jebat-253v“.

2111 4164 2162 4206 et
2184 4159 2378 4221 quidam
2400 4165 2530 4221 tus-3.,
2545 4159 2923 4224 pauperrimus;
2942 4168 3115 4212 etenim
3133 4162 3310 4222 achab,
3337 4171 3441 4213 etc.

462 4241 2536 4277 ._____________________________

433 4331 500 4375 IN
545 4320 851 4386 ιιιῑιιρυΑ¹
901 4336 1218 4380 ADVERSUS
1263 4339 1671 4398 HBRETICOS,
1718 4344 1799 4386 ΕΤ
1858 4345 1941 4387 DE
1982 4347 2234 4393 JUDICIO
2276 4350 2484 4402 ATQUE
2540 4353 2997 4411 ELEEMOSYNA,
3058 4356 3139 4398 ET
3190 4355 3257 4398 IN
3303 4354 3707 4400 PETITIONBX

1584 4443 1816 4487 MATIUS
1861 4445 2169 4493 FILIORUM
2212 4451 2523 4495 ZEBEDEI.
2824 4444 2827 4447 ’

1844 4552 2264 4609 messem

985 4674 1204 4714 ιιοιιιιιΑ
1243 4676 1473 4718 OCTAVA.

505 4746 556 4800 1.
596 4745 675 4799 Ex
706 4746 846 4799 bello
874 4749 1072 4802 reversi
1108 4749 1358 4805 hesterno
1386 4753 1472 4808 die
1516 4769 1716 4825 sumus,
1752 4775 1818 4815 ex
1861 4761 2004 4818 bello

433 4852 711 4908 pugnaque
758 4854 877 4893 cum
907 4840 1177 4896 lnereticis
1202 4844 1507 4913 commissa,
1549 4853 1804 4919 sanguine
1842 4855 2002 4909 tincta

429 4937 675 4999 gerentes
717 4944 883 4992 arma,
928 4932 1157 5001 gladium
1205 4933 1364 4991 Verbi
1394 4949 1691 5003 cruentum.
1725 4959 1831 4998 non
1881 4962 2008 5016 pro-

431 5024 612 5077 stratis
635 5022 969 5091 corporihus,
997 5023 1088 5076 sed
1116 5026 1350 5080 consiliis
1376 5026 1662 5085 destructis
1687 5043 1733 5085 et
1774 5038 1907 5088 omni
1931 5037 2008 5089 al-

432 5112 660 5177 titudine,
701 5129 814 5185 quia
846 5115 1084 5169 adversus
1106 5116 1202 5169 Dei
1245 5104 1576 5175 "scientiam
1616 5141 1671 5178 se
1710 5128 1901 5182 extollit
1927 5130 2003 5199 (2.

431 5202 549 5257 Cor.
583 5205 668 5259 10.
697 5206 776 5273 5).
817 5206 941 5261 Tale
968 5223 1196 5277 namque
1224 5225 1389 5279 genus
1416 5220 1497 5267 est
1519 5229 1708 5285 pugnae
1737 5218 1911 5287 hujus,
1943 5237 2007 5277 ac

431 5294 656 5363 proinde
684 5297 800 5351 talis
820 5310 901 5352 est
927 5314 1195 5354 armorum
1220 5311 1405 5357 natura
1434 5322 1448 5358 :
1473 5320 1698 5374 quorum
1717 5320 2003 5381 utrumque

432 5383 632 5439 docens
659 5386 844 5442 beatus
870 5388 1068 5444 Paulus'
1088 5391 1333 5447 dicebat:
1360 5393 1501 5449 Nam
1526 5413 1671 5452 arma
1696 5399 1891 5456 militiai
1917 5419 2009 5458 no-

432 5482 552 5528 stra:
576 5491 676 5529 non
700 5479 927 5532 carnalia
945 5492 1099 5536 sunt:
1126 5483 1215 5536 sed
1244 5486 1464 5554 potentia
1484 5485 1594 5542 Deo
1614 5490 1684 5543 ad
1707 5490 2008 5548 destructio-

434 5577 549 5617 nem
572 5563 922 5632 munitionum,
954 5572 1162 5626 consilia
1187 5574 1513 5646 destruentia,
1539 5588 1585 5635 et
1608 5595 1803 5638 omnem
1832 5583 2007 5640 altitu-

495 5717 516 5781 ξ
550 5715 656 5778 Alit,
678 5720 911 5781 ejusdm.

496 5779 519 5811 ³
549 5785 622 5830 ate
640 5779 780 5832 savil.
807 5791 858 5833 et
878 5791 965 5835 Mss
1011 5785 1191 5848 κοῖαι..
1214 5786 1403 5839 Christi.

2115 4691 2282 4745 dinem
2323 4694 2636 4745 extollentem
2673 4710 2727 4747 se
2764 4694 2999 4748 adversus
3040 4695 3295 4748 scientiam
3327 4695 3431 4749 Dei
3457 4696 3541 4768 (Ξ.
3590 4698 3701 4752 Car.

2116 4782 2201 4838 10.
2234 4782 2312 4854 4).
2334 4786 2471 4837 Sane
2497 4783 2707 4852 quidem
2738 4795 3006 4854 oporteret
3035 4787 3117 4851 iis,
3143 4790 3229 4857 qui
3261 4788 3584 4856 abfuerunt,
3614 4791 3705 4846 he-

2113 4880 2321 4927 sternos
2342 4873 2539 4927 referre
2566 4881 2740 4941 casus,
2774 4884 2828 4930 et
2865 4876 3033 4955 aciem
3068 4878 3382 4932 instructam
3414 4896 3700 4945 enarrare,

2112 4966 2439 5029 conflictum,
2476 4966 2772 5030 victoriam,
2806 4975 3002 5036 tropma
3033 4985 3049 5021 :
3078 4969 3170 5023 sed
3202 4984 3268 5023 ne
3298 4985 3396 5024 vos
3427 4972 3704 5042 negligen-

2114 5054 2276 5108 tiorcs
2306 5054 2609 5124 reddamus,
2641 5056 2721 5111 his
2754 5060 3146 5126 prmteriiiissis,
3179 5068 3234 5113 ut
3268 5059 3481 5129 jactura
3514 5063 3706 5116 Stimu-

2116 5146 2203 5200 lati
2234 5147 2601 5217 diligentiores
2639 5150 2776 5204 liatis
2804 5166 2916 5215 vos,
2949 5152 3037 5220 qui
3069 5152 3329 5217 abfuistis,
3370 5154 3443 5207 ad
3474 5169 3564 5219 ea,
3595 5172 3707 5225 qua:

2113 5249 2426 5308 sequuntur,
2454 5239 2613 5296 hodie
2640 5244 2860 5311 gradum
2895 5243 3148 5298 faciemus
3177 5262 3191 5297 :
3219 5244 3363 5313 quod
3394 5246 3441 5299 si
3473 5249 3604 5317 quis
3626 5246 3705 5300 di-

2114 5331 2283 5401 ligens
2326 5331 2485 5388 fuerit
2524 5343 2577 5389 et
2604 5341 2855 5402 attentus,
2887 5351 2954 5391 ex
3000 5336 3065 5390 iis
3102 5337 3192 5406 qui
3235 5338 3605 5393 interfuerunt
3646 5354 3702 5393 ea

2113 5440 2233 5494 qua:
2261 5434 2388 5481 sunt
2413 5442 2443 5481 a
2474 5428 2627 5483 nobis
2654 5428 2906 5483 hesterno
2933 5429 3020 5484 die
3047 5431 3188 5484 dicta
3222 5442 3537 5498 c0gnnscet.
3570 5432 3702 5487 Τέως

2116 5525 2222 5570 tam
2254 5516 2395 5571 enim
2430 5517 2758 5573 alacritatem
2786 5520 2949 5574 animi
2978 5517 3131 5576 nobis
3157 5521 3529 5578 exhibuerunt
3554 5524 3704 5576 andi-

2114 5616 2278 5674 tores,
2307 5616 2363 5661 ut
2385 5610 2618 5678 acceptis
2647 5611 2893 5666 omnibus
2915 5609 3128 5666 domum
3152 5613 3501 5677 recesserint,
3533 5629 3699 5683 neque

2114 5698 2402 5769 quidquam
2446 5715 2651 5767 eorum,
2695 5716 2812 5771 qua:
2847 5701 2988 5756 dicta
3026 5700 3256 5767 fuerant,
3300 5703 3403 5757 sibi
3452 5704 3697 5759 excidere

2118 5792 2260 5861 passi
2288 5789 2501 5847 fuerint.
2532 5790 2714 5862 itaque
2746 5792 2832 5848 illa
2862 5792 3071 5863 quidem
3098 5794 3439 5864 cognoscetis
3463 5811 3527 5850 es
3561 5797 3689 5859 illis,
