3868 6238
117 304 210 358 767

109 421 210 472 τῶν
257 419 558 489 εὐχομένων
589 423 782 490 γένοιτ’
815 425 900 482 ἄν.
949 430 1230 500 Ἐννόησον
1274 429 1384 501 γὰρ
1438 429 1664 499 πηλίκον

111 503 250 556 ἔσται
275 504 518 572 ἀγγέλων
563 509 868 578 παρόντων,
899 512 1254 584 ἀρχαγγέλων
1281 513 1666 583 παρεστώτων,

113 585 210 638 τῶν
247 587 512 658 Σεραφὶμ,
563 592 670 643 τῶν
728 594 1030 666 Χερουϐὶμ,
1077 595 1184 650 τῶν
1217 595 1390 650 ἄλλων
1443 597 1668 650 ἀπασῶν

109 669 397 738 δυνάμεων.
434 671 598 726 αὐτὸν
626 675 911 745 ἄνθρωπον
959 678 1088 732 ὄντα
1118 679 1253 748 μετὰ
1283 679 1487 748 πολλῆς
1511 681 1670 732 δύνα-

112 751 224 802 σθαι
253 755 534 820 προσιέναι
571 757 668 826 τῆς
700 761 1011 830 παρρησίας
1031 801 1046 824 ,
1083 761 1176 814 καὶ
1208 761 1284 830 τῷ
1318 761 1525 830 βασιλεῖ
1559 761 1669 814 τῶν

109 833 376 902 δυνάμεων
409 837 632 890 ἐκείνων
671 841 1018 910 διαλέγεσθαι
1037 859 1052 873 ·
1084 844 1258 913 πόσης
1296 843 1454 897 τοῦτο
1479 845 1578 896 οὐκ
1603 845 1669 898 ἂν

109 917 347 980 ἀντάξιον
396 919 480 990 εἴη
535 925 738 992 τιμῆς;
801 926 876 978 Οὐ
915 927 1052 996 τιμὴ
1087 926 1144 978 δὲ
1179 928 1362 997 μόνον,
1403 927 1538 979 ἀλλά
1575 927 1670 980 καὶ

111 999 332 1064 ὠφέλεια
365 1003 596 1074 μεγίστη
627 1006 822 1072 γένοιτ’
851 1007 916 1061 ἂν
945 1011 1076 1079 ἡμῖν
1109 1011 1216 1062 ἀπὸ
1247 1013 1345 1080 τῆς
1372 1011 1556 1080 εὐχῆς,
1577 1009 1670 1062 καὶ

111 1083 228 1152 πρὶν
271 1083 304 1151 ἢ
355 1085 540 1138 λαϐεῖν
591 1090 728 1159 ὅπερ
773 1091 1052 1160 αἰτοῦμεν.
1102 1092 1271 1163 ὐμοῦ
1316 1110 1376 1144 τε
1432 1095 1540 1163 γάρ
1587 1109 1670 1154 τις

107 1165 332 1218 ἀνέτεινε
371 1168 471 1231 τὰς
501 1173 690 1240 χεῖρας
723 1176 804 1238 είς
841 1175 931 1228 τὸν
962 1176 1214 1248 οὐρανὸν,
1267 1179 1362 1230 καὶ
1411 1177 1501 1230 τὸν
1537 1177 1669 1230 Θεὸν

112 1248 344 1312 ἐκάλεσε,
374 1253 468 1303 καὶ
509 1255 724 1308 πάντων
755 1257 956 1320 εὐθέως
1002 1259 1212 1330 ἀπέστη
1251 1261 1360 1312 τῶν
1393 1261 1672 1332 ἀνθρωπί-

110 1351 206 1384 νων
237 1337 600 1404 πραγμάτων,
633 1341 728 1392 καὶ
763 1342 995 1412 μετέστη
1048 1346 1112 1414 τῇ
1155 1344 1362 1416 διανοίᾳ
1406 1346 1544 1416 πρὸς
1572 1345 1670 1414 τὴν

113 1416 396 1484 μέλλουσαν
419 1417 583 1490 ζωήν,
625 1423 802 1476 καὶτά
835 1425 892 1477 ἐν
925 1429 1040 1488 τοῖς
1065 1427 1314 1498 οὐρανοῖς
1341 1428 1669 1496 φαντάζεται

109 1499 299 1562 λοιπὸν,
330 1503 422 1554 καὶ
450 1503 603 1557 οὐδὲν
629 1509 766 1576 πρὸς
789 1509 886 1578 τὴν
909 1511 1190 1580 παροῦσαν
1211 1511 1326 1581 ἔχει
1349 1511 1514 1581 ζωὴν,
1531 1515 1672 1566 κατά

109 1585 190 1637 τὸν
223 1587 408 1656 καιρὸν
439 1587 540 1658 τῆς
568 1591 752 1662 εὐχῆς,
786 1592 880 1644 ἐάν
913 1593 1052 1664 μετά
1081 1596 1372 1666 ἀκριϐείας
1403 1596 1630 1666 εὔχηται
1654 1615 1668 1630 ”

109 1667 230 1750 ἀλλά
256 1669 358 1722 κᾶν
381 1670 553 1742 θυμὸς
591 1674 815 1746 ἀναζέῃ,
845 1676 1153 1748 κοιμίζεται
1186 1679 1406 1750 ῥᾳδίως,
1426 1681 1529 1734 κᾶν
1551 1683 1671 1734 ἐπι-

109 1749 266 1819 θυμία
325 1753 521 1829 φλέγῃ,
585 1757 895 1822 σϐέννυται,
953 1759 1056 1813 κᾶν
1089 1749 1282 1830 φθόνος
1325 1763 1490 1834 τήκῃ,
1533 1764 1672 1834 μετά

107 1834 294 1906 πολλῆς
343 1837 438 1906 τῆς
493 1839 740 1905 εὐκολίας
769 1842 1162 1898 ἀπελαύνεται·
1207 1847 1302 1900 καὶ
1337 1847 1494 1900 τοῦτο
1525 1847 1670 1915 γίνε-

103 1935 206 1980 ται,
235 1921 371 1991 ὅπερ
400 1923 429 1973 ό
460 1925 744 1994 προφήτης
783 1924 954 1994 λέγει,
996 1928 1311 1998 ἀνίσχοντος
1351 1930 1448 1983 τοῦ
1491 1930 1668 2000 ήλίου.

105 2001 244 2053 Τίδέ
277 2004 486 2068 ἐκεῖνός
537 2025 736 2078 φησινς
773 2012 956 2064 Ἐθου
999 2014 1242 2079 σκότος,
1291 2013 1392 2068 καί
1435 2014 1670 2083 ἐγένετο

103 2085 208 2149 νύξ
232 2103 246 2116 θ
276 2087 346 2140 ἐν
377 2087 534 2158 αὐτῇ
579 2091 954 2148 διελεύσεται
995 2096 1194 2150 πάντα
1239 2097 1312 2150 τὰ
1361 2099 1532 2165 θηρία
1565 2099 1671 2152 τοῦ

104 2168 318 2238 δρυμοῦ
341 2211 355 2235 ,
411 2174 668 2243 σκύμνοι
721 2176 1047 2247 ὠρυόμενοι
1099 2180 1206 2234 τοῦ
1253 2182 1518 2248 ἁρπάσαι
1573 2183 1670 2235 καὶ

105 2249 340 2320 ζητῆσαι
370 2257 528 2324 παρὰ
563 2258 670 2312 τοῦ
693 2260 840 2313 Θεοῦ
869 2271 896 2300 ει
922 2261 1159 2329 ,ϐρῶσιν
1180 2265 1386 2328 αὐτοῖς
1407 2281 1420 2294 ·
1449 2265 1672 2318 ἀνέτει-

103 2340 204 2422 .787-
241 2341 274 2392 ὁ
303 2339 506 2422 ῇλιος,
545 2343 642 2394 καὶ
673 2343 1097 2414 συνήχθησαν,
1135 2349 1234 2400 καὶ
1269 2351 1352 2413 είς
1387 2348 1496 2414 τὰς
1519 2348 1672 2418 μάν-

103 2421 236 2488 δρας
279 2421 481 2476 αὐτῶν
539 2427 1064 2494 κοιτασθήσονται.
1128 2431 1340 2502 ’Ὠσπερ
1409 2428 1502 2486 οὖν
1572 2433 1672 2502 τῆς

103 2509 305 2570 ἀκτῖνος
339 2509 666 2582 ἀνισχούσης
685 2513 861 2566 πάντα
887 2513 1246 2582 φυγαδεύεται
1271 2515 1342 2568 τὰ
1365 2516 1548 2586 θηρία,
1577 2519 1672 2570 καὶ

105 2591 229 2660 πρὸς
271 2594 400 2655 τοὺς
436 2595 676 2663 φωλεοὺς
720 2599 846 2661 τοὺς
891 2599 1097 2650 ἑαυτῶν
1137 2595 1460 2652 καταδύεται
1488 2619 1501 2632 ·
1529 2599 1672 2654 οὕτω

104 2673 160 2744 δή
179 2675 274 2744 τῆς
298 2676 463 2746 εὐχῆς
483 2717 496 2741 ,
526 2679 714 2752 ὥσπερ
737 2681 882 2743 τινὸς
905 2683 1120 2744 ἀκτῖνος
1146 2683 1255 2736 ἀπὸ
1279 2682 1372 2734 τοῦ
1405 2684 1671 2752 στόματος

104 2757 188 2810 τοῦ
215 2759 485 2832 ἡμετέρου
523 2763 616 2814 καὶ
650 2763 750 2834 τῆς
778 2763 1023 2834 γλώττης
1067 2765 1436 2836 ἀναφανείσης
1459 2807 1473 2824 .
1503 2767 1668 2836 φωτί-

105 2839 242 2903 ζεται
277 2843 376 2910 μὲν
405 2846 437 2914 ή
469 2845 698 2908 διάνοια,
733 2848 912 2901 πάντα
933 2848 988 2900 δὲ
1013 2848 1078 2900 τὰ
1109 2848 1280 2916 ἄλογα
1310 2849 1404 2901 καὶ
1431 2848 1667 2920 θηριώδη

103 2923 238 2993 πάθη
267 2925 590 2996 δραπετεύει
638 2931 731 2982 καὶ
775 2931 1130 2999 φυγαδεύεται
1158 2971 1172 2994 ,
1205 2933 1298 2983 καὶ
1325 2933 1460 3004 πρὸς
1491 2933 1617 2994 τοὺς
1641 2933 1669 2972 ι)

105 3009 322 3073 οἰκείους
371 3012 697 3082 καταδύεται
731 3014 972 3082 φωλεοὺς
997 3055 1011 3076 ,
1047 3016 1206 3085 μόνον
1245 3014 1308 3068 ἂν
1340 3018 1475 3084 μετά
1513 3019 1671 3087 ἀκρι-

104 3091 246 3154 ϐείας
271 3093 562 3165 εὐχώμεθα
585 3135 598 3157 ,
629 3095 696 3149 ἂν
728 3096 867 3164 μετά
907 3097 1086 3168 ψυχῆς
1119 3099 1550 3170 διεγηγερμένης
1577 3101 1671 3152 καὶ

103 3173 325 3240 διανοίας
373 3179 670 3250 νηφούσης.
704 3181 838 3232 Τότε
883 3182 986 3234 κᾶν
1034 3182 1275 3245 διάϐολος
1310 3185 1458 3253 παρῇ
1491 3199 1669 3251 φυγα-

104 3256 302 3312 δεύεται
329 3299 345 3322 ,
381 3259 480 3312 κᾶν
515 3261 726 3331 δαίμων
753 3303 766 3326 ,
799 3265 1093 3334 ἀναχωρεῖ.
1141 3264 1204 3318 Εί
1235 3265 1344 3336 γὰρ
1373 3264 1558 3337 οἰκέτῃ
1583 3265 1668 3316 δε-

105 3341 288 3395 σπότου
313 3344 732 3414 διαλεγομένους,
759 3347 930 3410 οὐδεὶς
957 3347 1024 3400 ἂν
1057 3348 1166 3402 τῶν
1195 3349 1516 3410 συνδούλων,
1547 3347 1670 3401 οὔτε

104 3439 177 3486 τις
225 3425 332 3478 τῶν
381 3429 693 3498 παρρησίαν
743 3429 976 3498 ἐχόντων
1017 3432 1334 3500 προσελθεῖν
1379 3433 1670 3503 τολμήσειε

103 3507 188 3558 καὶ
217 3507 558 3580 διενοχλῆσαι
583 3551 597 3574 ,
631 3513 810 3583 πολλῷ
840 3513 1040 3583 μᾶλλον
1073 3511 1216 3569 οὗτοι
1242 3557 1256 3582 ,
1292 3516 1401 3570 τῶν
1434 3535 1670 3588 προσκε-

105 3592 404 3672 κρουκότων
433 3589 582 3657 ὄντες
611 3597 705 3648 καὶ
745 3597 1214 3669 ἀπαρῤησιάστων
1237 3640 1253 3658 .
1284 3602 1384 3654 οὐκ
1416 3600 1482 3654 ἂν
1507 3601 1662 3672 δυνη-

105 3671 232 3726 θεῖεν
263 3678 396 3746 ήμῖν
419 3680 702 3751 ἐνοχλῆσαι
733 3681 810 3751 τῷ
833 3681 952 3753 Θεῴ
979 3683 1378 3754 διαλεγομένοις
1409 3685 1546 3756 μετά
1571 3671 1669 3756 τῆς

159 3817 300 3886 ῗτέιίί
323 3823 394 3886 τῷ
419 3825 546 3886 θεῷ·

105 3879 185 3987 τος)
209 3883 290 3931 Sic
325 3879 477 3932 εει-ει.
503 3879 558 3934 'et
581 3886 788 3936 maxima
821 3901 931 3950 pars
954 3902 1070 3938 mss.
1091 3887 1263 3938 Morel.
1301 3903 1420 3939 vero
1441 3893 1522 3938 καὶ
1545 3890 1670 3938 κατὰ

155 3959 216 3988 νε.

185 3979 344 4054 νίὶίίιιε
361 4007 695 4069 προσηκούσης
721 4017 874 4071 τιμῆς.

897 4165 1676 4174 ———————-—._———————.—
1687 4163 1706 4172 ι.
1719 4160 1768 4170 ν’·-
1777 4165 1878 4171 —.-—
1931 4164 1974 4169 —-—-
1995 4159 2024 4165 ’-

797 309 886 366 DE
921 312 1142 369 PETIT.
1181 313 1432 370 FILIOR.
1477 313 1814 380 ZEBEDEI,
1855 314 2132 372 CONTRA
2171 317 2556 376 ANOM(EOS.
2599 319 2735 376 Vlll.

3247 315 3349 370 768

1771 432 2153 504 προσηκούσης
2192 435 2428 505 σπουδῆς
2465 447 2512 490 ο.
2547 435 2700 506 [515]
2747 433 2893 504 Εὐχή
2937 433 3350 505 χειμαζομένων

1770 513 1954 584 λιμὴν,
1975 515 2446 588 κλυδωνιζομένων
2482 519 2716 588 ἄγκυρα,
2754 517 3123 588 σαλευομένων
3157 517 3349 591 βακτηο

1773 598 1900 668 ρία,
1957 601 2200 670 πενήτων
2252 600 2560 670 θησαυρὸς,
2627 600 2996 654 πλουτούντων
3045 602 3346 670 ἀσφάλεια,

1771 683 2090 752 νοσημάτων
2123 682 2420 754 ἀναίρεσις,
2451 684 2660 751 ὑγιείας
2693 684 2904 753 φυλακή
2927 701 2939 712 ·
2971 683 3104 754 εὐχὴ
3133 687 3225 738 καὶ
3281 687 3349 738 τὰ

1769 763 1948 832 ἁγαθά
1997 767 2126 834 ἡμῖν
2177 767 2408 836 ἀκίνητα
2443 767 2726 836 διατηρεῖ,
2778 769 2872 819 καὶ
2903 766 2972 819 τά
3002 768 3144 820 κακά
3181 785 3346 837 μετα-

1772 845 1954 900 ϐάλλει
1987 849 2224 918 ταχέως’
2257 849 2359 902 κᾶν
2391 851 2697 920 πειρασμὸς
2729 849 2956 919 ἐπέλθῃ,
2989 851 3184 920 ῥαδίως
3217 851 3350 902 ἁπο-

1771 930 2054 998 κρούεται,
2090 931 2190 984 κᾶν
2235 933 2406 1002 ζημία
2442 933 2738 1002 χρημάτων
2762 970 2776 994 ,
2813 933 2914 984 κᾶν
2951 931 3125 984 ὁτιοῦν
3163 933 3349 1002 ἕτερον

1769 1014 1877 1065 τῶν
1899 1013 2252 1085 λυπουμένων
2279 1015 2435 1086 ἡμῶν
2463 1016 2560 1085 τήν
2589 1015 2788 1084 ψυχὴν,
2819 1014 3032 1066 ἅπαντα
3059 1013 3350 1066 ἀπελαύνει.

1769 1097 2006 1166 ταχέως·
2043 1099 2174 1169 εὐχὴ
2221 1098 2414 1169 λύπης·
2437 1099 2655 1166 ἁπάσης
2702 1097 3161 1166 φυγαδευτήριον,
3194 1097 3350 1149 εὐθυ-

1775 1181 1902 1250 μίας
1937 1181 2192 1244 ὐπόθεσις
2217 1223 2230 1244 ,
2267 1182 2547 1253 διηνεκοῦς
2604 1182 2794 1252 ἡδονῆς
2849 1180 3068 1251 ἀφορμὴ
3095 1222 3108 1242 ,
3139 1180 3350 1247 φιλοσο-

1773 1264 1898 1331 φίας
1927 1266 2128 1334 μήτηρ.
2178 1265 2234 1316 Ὁ
2263 1265 2560 1336 δυνάμενος
2590 1263 2844 1334 εὐχεσθαι
2879 1265 3018 1333 μετά
3044 1263 3348 1332 ἀκριϐείας,

1771 1345 1874 1398 κᾶν
1901 1347 2155 1400 ἁπάντων
2201 1347 2521 1418 πενέστερος
2559 1345 2630 1419 ᾖ,
2659 1349 2877 1400 πάντων
2921 1349 3039 1400 ἐστὶ
3083 1343 3350 1398 πλουσιώ-

1769 1447 1928 1500 τερος
1951 1447 1966 1461 ·
2001 1430 2188 1500 ὥσπερ
2212 1433 2240 1484 ὁ
2285 1433 2384 1502 τῆς
2421 1432 2585 1502 εὐχῆς
2621 1431 2782 1484 πάλιν
2817 1431 3178 1502 ἐστερημένος
3199 1470 3212 1490 ,
3249 1427 3354 1480 κᾶν

1772 1514 1829 1564 ἐν
1859 1513 2008 1583 αὐτῴ
2037 1513 2333 1584 καθέζηται
2367 1514 2444 1584 τῷ
2483 1515 2658 1584 θρόνῳ
2691 1515 2768 1584 τῷ
2801 1513 3065 1583 βασιλικῷ
3091 1553 3105 1574 ,
3137 1512 3353 1564 πάντων

1774 1597 1889 1649 ἐστὶ
1939 1597 2282 1668 πενέστερος.
2315 1599 2426 1667 Οὐχ
2467 1600 2496 1650 ὁ
2525 1597 2728 1666 Ἀχαάϐ
2763 1596 2786 1636 ά
2825 1597 3074 1666 βασιλεὺς
3109 1591 3176 1666 ἦν
3199 1634 3213 1656 ,
3260 1596 3352 1648 καὶ

1775 1679 1992 1748 χρυσίον
2049 1675 2192 1748 εἶχεν
2249 1681 2454 1748 ἄφατον
2509 1683 2600 1732 καὶ
2647 1680 2946 1750 ἀργύριον;
2999 1679 3111 1732 ἀλλ’
3166 1677 3352 1748 ἐπειδὴ

1773 1761 1936 1832 εὐχὴν
1963 1764 2062 1814 οὐκ
2091 1760 2224 1833 εἶχε,
2249 1763 2463 1833 περιῄει
2488 1763 2676 1816 Ἠλίαν
2704 1761 2902 1830 ζητῶν,
2929 1762 3212 1832 ἄνθρωπον
3233 1761 3354 1813 οὐδὲ

1773 1844 2115 1912 καταγώγιον
2146 1846 2334 1915 ἔχοντα
2358 1887 2372 1906 ,
2418 1845 2540 1898 οὐδέ
2575 1845 2808 1914 ἱμάτιον,
2839 1845 2952 1898 ἀλλ’
2998 1845 3030 1914 ἦ
3102 1845 3352 1916 μηλωτὴν

1777 1929 1963 1998 μόνην.
1997 1929 2060 1980 Τί
2095 1928 2282 1984 τοῦτο;
2316 1928 2436 1980 εἰπέ
2485 1945 2601 1997 μοι·
2639 1929 2666 1980 ὁ
2719 1928 2986 1990 τοσαύτας
3033 1927 3172 1994 ἔχων
3221 1928 3355 1980 ἀπο-

1775 2011 1946 2082 θήκας
1987 2012 2076 2064 τὸν
2108 2011 2256 2064 οὐδὲν
2287 2011 2478 2081 ἔχοντα
2509 2009 2728 2080 ζητεῖς;
2765 2011 2906 2073 Ναὶ,
2945 2009 3095 2080 φησί.
3140 2009 3203 2060 Τί
3245 2009 3354 2080 γάρ

1777 2113 1868 2165 μοι
1899 2095 2008 2147 τῶν
2057 2095 2294 2164 ταμείων
2332 2094 2554 2164 ὄφελος,
2583 2095 2772 2148 τούτου
2814 2093 2904 2146 τὸν
2943 2092 3172 2164 οὐρανὸν
3220 2093 3354 2144 ἁπο-

1775 2179 2112 2242 κλείσαντος,
2142 2179 2236 2232 καὶ
2266 2178 2443 2232 πάντα
2477 2179 2728 2250 ἄχρηστα
2757 2177 3170 2248 ἐργασαμένου;
3202 2171 3353 2238 Εἶδες

1774 2262 1892 2324 πῶς
1916 2255 2071 2324 οὗτος
2099 2261 2473 2332 εὐπορώτερος
2499 2257 2567 2330 ἦν
2599 2259 2840 2324 ἐκείνου;
2885 2258 3030 2320 "Em;
3061 2258 3168 2328 γὰρ
3201 2253 3354 2319 οὗτος

1773 2343 2074 2412 ἐφθέγξατο
2095 2345 2146 2406 δ,
2176 2349 2202 2398 ὁ
2239 2345 2491 2414 βασιλεὺς
2525 2341 2592 2415 ἦν
2627 2346 2684 2396 ἐν
2715 2345 2874 2414 πενίᾳ
2897 2343 3062 2411 πολλῇ
3099 2342 3238 2412 μετά
3261 2340 3354 2394 τοῦ

1775 2427 2137 2498 στρατοπέδου
2167 2428 2384 2491 παντός.
2421 2430 2484 2480 Ὢ
2517 2427 2611 2480 τοῦ
2645 2427 2916 2496 θαύματος
2941 2467 2956 2490 ,
2991 2427 3110 2478 οὐδέ
3143 2425 3356 2494 ἱμάτιον

1772 2507 1884 2582 εἶχε
1909 2553 1922 2574 ,
1954 2513 2048 2564 καὶ
2097 2513 2184 2565 τὸν
2219 2513 2445 2584 οὐρανὸν
2497 2511 2812 2566 ἀπέκλεισε.
2851 2512 2929 2563 Δι’
2961 2510 3092 2562 αὐτὸ
3135 2509 3231 2580 μὲν
3263 2504 3356 2561 οῦν

1770 2594 1930 2646 τοῦτο
1961 2593 2249 2647 ἀπέκλεισε
2279 2595 2366 2648 τὸν
2399 2596 2648 2666 οὐρανὸν,
2672 2595 2859 2664 ἐπειδὴ
2887 2593 3120 2664 ἱμάτιον,
3150 2593 3250 2644 οὐκ
3275 2589 3353 2643 εἶ-

1773 2695 1866 2747 χεν
1891 2694 1903 2706 ·
1933 2677 2118 2746 ἐπειδὴ
2147 2677 2297 2730 οὐδὲν
2336 2679 2571 2730 ἐνταῦθα
2605 2678 2888 2747 ἐκέκτητο,
2921 2675 3008 2728 διὰ
3037 2675 3195 2726 τοῦτο
3225 2675 3356 2728 πολ-

1772 2761 1868 2832 λὴν
1900 2759 1996 2831 τὴν
2029 2759 2256 2830 δύναμιν
2289 2762 2600 2826 ἐπεδείξατο
2627 2779 2639 2791 ο
2683 2760 2902 2826 ἀνοίξας
2953 2759 3061 2830 γὰρ
3096 2757 3163 2810 τὰ
3201 2757 3356 2828 χείλη

1777 2845 1974 2916 μόνον,
2015 2843 2237 2914 μυρίους
2274 2845 2528 2912 ἐποίησεν
2563 2845 2767 2899 ἄνωθεν
2815 2842 3202 2912 κατενεχθῆναι
3257 2841 3356 2912 θη-

1777 2929 2008 2996 σαυροὺς
2051 2927 2289 2994 ἀγαθῶν.
2325 2929 2388 2980 Ὢ
2425 2929 2686 2998 στόματος
2721 2928 2902 2997 πηγὰς
2945 2925 3164 2996 ὄμϐριον
3209 2925 3356 2995 ἕχον-

1771 3029 1890 3074 τος·
1920 3011 1964 3064 ὢ
1997 3011 2246 3081 γλώσσης
2279 3012 2506 3080 νιφάδας
2555 3012 2726 3064 ὑετῶν
2771 3010 3051 3080 ἀφιείσης·
3095 3007 3139 3059 ὦ
3171 3010 3354 3080 φωνῆς

1776 3096 1946 3166 μυρία
1975 3095 2156 3162 ἀγαθά
2196 3096 2484 3166 βρυούσης.
2519 3097 2659 3166 Πρὸς
2691 3095 2755 3164 δὴ
2801 3094 2988 3164 τοῦτον
3015 3093 3101 3145 ἀεὶ
3132 3091 3354 3162 βλέπον-

1772 3196 1862 3240 τες
1887 3179 1976 3230 τὸν
2011 3179 2216 3249 πένητα
2243 3181 2336 3232 καὶ
2360 3179 2638 3240 πλούσιον,
2661 3178 2750 3230 τὸν
2779 3177 2870 3230 διὰ
2889 3177 3047 3230 τοῦτο
3079 3177 3350 3241 πλούσιον,

1771 3263 1958 3332 ἐπειδὴ
1989 3262 2160 3333 πένης
2187 3258 2276 3332 ἦν,
2307 3261 2666 3334 ὐπερορῶμεν
2695 3263 2803 3314 τῶν
2828 3262 3134 3332 παρόντων,
3169 3261 3352 3314 ἐπιθυο

1775 3347 1965 3418 μῶμεν
1998 3346 2104 3399 τῶν
2137 3347 2460 3417 μελλόντων.
2496 3347 2652 3400 Οῦτω
2693 3345 2800 3414 γὰρ
2841 3347 2932 3398 καὶ
2967 3345 3074 3396 τῶν
3119 3343 3353 3396 ἐνταῦθα

1771 3431 1866 3484 καὶ
1894 3429 2001 3482 τῶν
2053 3431 2168 3482 ἐκεῖ
2200 3431 2414 3484 πάντων
2449 3428 2842 3498 ἐπιτευξόμεθα
2869 3429 3117 3496 ἀγαθῶν·
3156 3421 3228 3480 ὧν
3259 3425 3350 3493 γέ-

1771 3531 1914 3568 νοιτο
1955 3513 2164 3576 πάντας
2193 3515 2339 3583 ἡμᾶς
2365 3515 2662 3582 ἐπιτυχεῖν,
2691 3511 2874 3582 χάριτι
2917 3512 3013 3564 καὶ
3047 3510 3350 3580 φιλανθρω-

1774 3599 1877 3669 πία
1913 3598 2005 3650 τοῦ
2051 3597 2253 3669 Κυρίου
2291 3597 2446 3666 ἡμῶν
2493 3594 2666 3666 Ἰησοῦ
2701 3595 2937 3666 Χριστοῦ
2963 3635 2978 3658 ,
3028 3596 3143 3665 μεθ’
3181 3587 3241 3646 οῦ
3275 3593 3352 3661 τῷ

1774 3683 1949 3754 Πατρὶ
1969 3681 2114 3747 δόξα,
2137 3681 2254 3752 ἅμα
2275 3682 2352 3749 τῷ
2379 3681 2517 3749 ἁγίῳ
2543 3679 2843 3750 Πνεύματι,
2873 3679 2966 3732 νῦν
2999 3680 3096 3733 καὶ
3124 3679 3233 3744 ἀεὶ,
3257 3679 3354 3732 καὶ

1775 3768 1853 3830 είς
1887 3767 2011 3829 τοὺς
2043 3765 2246 3829 αίῶνας
2277 3763 2384 3818 τῶν
2419 3764 2648 3820 αἰώνων.
2697 3765 2884 3836 Ἀμήν.

1841 3945 1868 3986 d
1896 3949 2042 3996 Savil.
2073 3955 2122 3994 et
2143 3948 2336 4008 quidam
2361 3961 2476 3994 mss.
2497 3947 2786 4008 πενέστερος·
2816 3945 2895 3992 καὶ
2918 3945 3006 4007 γὰρ
3033 3947 3058 3991 ὁ
3087 3943 3290 4005 ’Λχαά3.

1849 4013 1872 4038 ε
1898 4009 2114 4058 Savil.cL
2135 4009 2216 4057 alii
2239 4009 2502 4070 ἐφθέγξατο,
2531 4007 2705 4057 Morel;
2725 4009 2982 4069 ἐφθέγγετο.

3091 4150 3330 4169 ﬂ...

2873 4157 3088 4166 ._._—.——

2235 4163 2250 4168 ..
2275 4161 2438 4168 .—.—--.-._..
2451 4163 2466 4167 _
2479 4161 2576 4168 __.—
2589 4159 2866 4167 ——.——.-

183 4307 200 4327 '
227 4309 332 4371 Είς
373 4307 444 4360 τὰ
467 4307 768 4362 ὑπόλοιπα
795 4308 946 4362 κατὰ
975 4305 1316 4378 αἱρετικῶν,
1343 4310 1440 4362 καί
1480 4307 1612 4378 περὶ
1643 4307 1894 4378 κρίσεως
1919 4310 2012 4361 καί
2045 4307 2479 4376 ἐλεημοσύνης,
2505 4306 2598 4360 καί
2622 4307 2710 4370 εἷς
2737 4303 2852 4372 τὴν
2872 4306 3114 4374 αἴτησιν
3133 4303 3246 4374 τῆς

1214 4380 1437 4448 μητρὸς
1467 4377 1584 4432 τῶν
1617 4377 1763 4433 υἱῶν
1787 4379 2104 4432 Ζεϐεδαίου
2129 4391 2176 4430 ι.

667 4631 854 4698 Λόγος
879 4629 1106 4696 ὄγδοος.

169 4720 232 4767 α’.
263 4713 360 4768 Ἐκ
392 4713 626 4784 πολέμου
651 4713 776 4784 χθὲς
801 4713 1195 4782 ἐπανήλθομεν,
1217 4713 1282 4766 ἐκ
1305 4713 1540 4784 πολέμου
1577 4711 1672 4765 καὶ

109 4797 277 4867 μάχης
331 4798 650 4868 αἱρετικῆς,
687 4797 981 4867 ᾑμαγμένα
1030 4797 1097 4850 τὰ
1146 4795 1286 4848 ὅπλα
1324 4795 1568 4866 ἔχοντες,
1611 4795 1672 4847 τὸ

109 4881 250 4949 ξίφος
281 4881 379 4934 τοῦ
413 4880 568 4948 λόγου
601 4881 1051 4950 πεφοινιγμένον,
1079 4881 1138 4932 οὐ
1165 4879 1392 4950 σώματα
1433 4879 1672 4933 καταϐα-

105 4963 278 5028 λόντες
303 5007 318 5028 ,
379 4964 514 5017 ἀλλὰ
545 4963 834 5034 λογισμοὺς
860 4962 1135 5022 ἀνελόντες
1169 4963 1259 5016 καὶ
1299 4961 1426 5016 Πᾶν
1455 4963 1670 5031 ὕψωμα

109 5049 490 5118 ἐπαιρόμενον
519 5049 667 5101 κατὰ
713 5045 823 5114 τῆς
855 5046 1128 5116 γνώσεως
1157 5047 1262 5100 τοῦ
1296 5047 1442 5100 Θεοῦ
1467 5047 1517 5103 Β.
1551 5047 1675 5099 Τοι-

108 5131 250 5186 οῦτον
383 5133 430 5204 ί]
455 5133 563 5204 γὰρ
592 5133 690 5201 τῆς
737 5131 911 5202 μάχης
933 5129 1134 5200 ταύτης
1181 5130 1239 5182 τὸ
1265 5123 1402 5194 εἶδος
1422 5145 1434 5160 ·
1469 5130 1547 5184 διὸ
1581 5131 1674 5184 καὶ

111 5216 318 5286 τοιαύτη
351 5217 458 5270 τῶν
495 5216 673 5270 ὅπλων
721 5217 754 5284 ή
798 5215 958 5282 φύσις
983 5231 998 5245 ·
1029 5213 1171 5281 ειπερ
1217 5214 1501 5285 ἀμφότερα
1530 5214 1674 5267 διδά-

113 5313 246 5350 σκων
293 5303 322 5352 ό
353 5300 620 5369 μακάριος
645 5297 854 5360 Παῦλος
895 5297 1070 5364 έλεγε’
1107 5295 1182 5352 Τὰ
1221 5297 1329 5366 γὰρ
1369 5295 1529 5350 ὅπλα
1565 5295 1672 5362 τῆς

111 5385 418 5450 στρατείας
467 5382 636 5452 ἡμῶν
681 5385 751 5437 οὺ
781 5381 1070 5449 σαρκικὰ,
1107 5382 1268 5435 ἀλλὰ
1319 5381 1547 5435 δυνατά
1591 5380 1672 5446 τῷ

171 5481 184 5494 ⁸
206 5479 390 5530 Collata
413 5493 522 5528 cum
547 5478 793 5528 codicibus
824 5477 995 5538 Regiis
1017 5477 1154 5532 1819,
1181 5477 1317 5536 1975,
1345 5483 1394 5527 et
1415 5477 1512 5526 alio
1536 5479 1670 5536 ejus-

113 5539 214 5588 dem
243 5541 579 5596 B'Ibliothecm,
615 5539 910 5590 Collmrtinis
935 5540 1012 5598 49,
1033 5539 1141 5596 629,
1164 5540 1300 5590 3055.

171 5605 194 5631 ⁸
217 5602 331 5658 Alii.
357 5601 478 5652 inter
499 5615 616 5663 quos
635 5599 786 5648 Suvil.
808 5599 892 5664 τοῦ
916 5599 1060 5648 αὐτοῦ
1083 5603 1202 5648 κατὰ
1225 5603 1487 5664 αἱρετικῶν,
1508 5601 1586 5649 καὶ
1609 5601 1672 5656 εἰς

111 5661 188 5724 τήν
217 5667 404 5720 αἴτησιν
419 5661 519 5724 τῶν
535 5667 648 5711 υίὼν
669 5663 934 5710 Ζεϐεδαίου.

168 5723 198 5766 b
223 5725 304 5775 Sic
339 5721 488 5775 SavilL
523 5731 576 5774 et
599 5739 712 5774 mss.
741 5723 910 5774 Morel.
937 5722 1022 5774 τοῦ
1047 5721 1273 5783 Χριστοῦ.

1767 4630 1888 4696 Θεῷ
1936 4631 2085 4698 πρὸς
2144 4630 2496 4696 καθαίρεσιν
2541 4625 2978 4698 ὀχυρωμάτων,
3011 4624 3350 4694 λογισμοὺς

1768 4714 2162 4781 καθαιροῦντα
2193 4713 2288 4766 καὶ
2323 4712 2446 4766 πᾶν
2505 4712 2719 4780 ὕψωμα
2755 4711 3148 4778 ἐπαιρόμενον
3195 4711 3346 4763 κατὰ

1767 4799 1878 4868 τῆς
1909 4796 2184 4868 γνώσεως
2217 4796 2322 4850 τοῦ
2372 4795 2539 4851 Θεοῦ.
2577 4796 2723 4848 Ἔδει
2777 4795 2874 4865 μὲν
2921 4791 3012 4847 οὖν
3045 4797 3154 4848 τοῖς
3203 4794 3341 4846 ἀπο-

1767 4881 2062 4950 λειφθεῖσιν
2101 4882 2274 4934 εἰπεῖν
2325 4880 2393 4933 τά
2441 4879 2712 4949 πτώματα
2763 4878 2830 4930 τὰ
2879 4877 3006 4947 χθὲς
3053 4877 3339 4945 γενόμενα,

1772 4967 1865 5020 καὶ
1889 4965 2248 5037 διηγήσασθαι
2275 4965 2372 5034 τὴν
2403 4961 2702 5033 παράταξιν
2727 5005 2742 5028 ,
2774 4960 2871 5030 τὴν
2907 4959 3176 5028 συμϐολὴν
3201 4997 3214 5020 ,
3241 4961 3342 5028 τὴν

1771 5049 1967 5120 νίκην,
2028 5049 2096 5102 τὰ
2148 5049 2423 5119 τρόπαια·
2482 5047 2598 5098 ἀλλ’
2651 5045 2742 5098 ἵνα
2807 5044 2880 5113 μὴ
2941 5041 3340 5112 ρᾳθυμοτὲρους

1772 5135 1916 5204 ὑμᾶς
1981 5133 2294 5202 ποιήσωμεν
2327 5170 2340 5194 ,
2413 5129 2584 5183 ταῦτα
2645 5125 3128 5198 παραδραμόντες,
3198 5123 3339 5177 ὥστε

1771 5220 1835 5288 τῇ
1901 5215 2072 5288 ζημίᾳ
2147 5217 2274 5278 τοὺς
2349 5213 2774 5281 ἀπολειφθέντας
2845 5211 2988 5279 ὑμᾶς
3047 5209 3340 5278 δηχθέντας

1773 5301 2222 5372 σπουδαιοτέρους
2274 5297 2564 5367 γενέσθαι,
2636 5295 2795 5349 πάλιν
2851 5293 2960 5346 τῶν
3022 5291 3148 5361 ἑξῆς
3205 5292 3338 5362 ἁψό-

1775 5384 1913 5454 μεθα
1966 5385 2236 5454 σήμερονο
2271 5384 2318 5435 εί
2359 5382 2413 5434 δέ
2460 5398 2542 5444 τις
2586 5378 2872 5440 σπουδαῖος
2917 5377 3008 5430 καὶ
3055 5377 3341 5446 διεγηγερ-

1773 5468 1932 5538 μένος
1961 5464 2025 5538 ᾗ,
2073 5465 2223 5537 παρά
2253 5465 2362 5518 τῶν
2398 5461 2855 5534 παραγενομένων
2897 5461 3098 5513 εἴσεται
3141 5459 3208 5512 τὰ
3252 5459 3340 5512 λε-

1771 5550 1968 5620 χθέντα
2001 5552 2129 5621 ήμῖν
2159 5552 2222 5619 τῇ
2257 5549 2380 5618 χθὲς
2409 5547 2612 5618 ἡμέρᾳ.
2642 5548 2750 5598 Καὶ
2778 5545 2884 5612 γὰρ
2915 5543 3180 5614 τοσαύτην
3207 5544 3340 5612 ἡμῖν

1769 5636 1818 5688 οί
1859 5633 2122 5703 ἀκροαταὶ
2153 5633 2250 5700 τὴν
2285 5631 2588 5704 προθυμίαν
2635 5629 2989 5694 ἐπεδείξαντο,
3038 5627 3112 5690 ὠς
3165 5627 3342 5682 πάντα

1771 5717 2022 5781 λαϐόντες
2078 5715 2258 5770 οἴκαδε
2315 5715 2662 5786 ἀναχωρῆσαι
2687 5753 2700 5778 ,
2752 5714 2843 5786 καὶ
2899 5711 3060 5783 μηδὲν
3126 5711 3338 5778 ἀςεῖναι
