3926 6254
511 217 641 270 ηδτ)

538 327 854 402 διαρρυῆναι
901 331 1008 384 τῶν
1053 332 1372 402 εἰρημένων.
1418 334 1632 386 Ἐκεῖνα
1685 335 1783 403 μὲν
1834 330 1926 387 οὖν
1983 333 2111 404 παρ’

536 412 759 465 ἐκείνων
811 414 1050 466 εἴσεσθε·
1085 415 1120 468 ἃ
1180 414 1237 466 δὲ
1286 416 1526 487 σήμερον
1576 417 1870 484 ἀναγκαῖον
1922 417 2114 477 εἰπεῖν,

535 495 706 551 ταῦτα
747 498 906 566 ἡμεῖς
942 496 1170 568 ἐροῦμεν
1197 499 1348 568 ύμῖν,
1385 498 1482 569 τὴν
1515 499 1808 564 ἀντίθεσιν,
1836 501 1901 572 ἦν
1933 501 1982 553 οἱ
2011 500 2116 552 τῶν

537 581 827 650 αἰρετικῶν
861 581 1050 644 παῖδες
1119 582 1519 652 ἀντεπήγαγον,
1559 584 1640 647 είς
1681 583 1842 654 μέσον
1894 584 2118 655 προθέν-

535 681 642 726 τες.
684 665 778 726 Τίς
821 661 912 717 οὖν
955 666 1102 718 ὲστιν
1127 667 1297 735 αὖτη;
1337 666 1552 739 Ἐπειδὴ
1605 668 1799 739 πρώην
1846 668 1977 739 περὶ
2018 668 2117 736 τῆς

533 745 626 799 τοῦ
648 747 980 815 Μονογενοῦς
1007 749 1248 815 ἐξουσίας
1269 749 1640 821 διελεγόμεθα,
1663 750 1965 814 δεικνύντες
1997 749 2118 820 ἴσην

531 826 696 884 οὖσαν
721 831 821 900 τὴν
859 829 1104 895 ἐξουσίαν
1138 832 1232 885 τοῦ
1261 834 1650 905 γεγεννηκότος
1684 835 1845 887 αὐτὸν
1883 834 2115 905 Πατρὸς,

533 915 626 967 καὶ
657 914 822 968 πολὺν
855 915 996 986 ὑπὲρ
1025 915 1229 968 τούτων
1267 916 1623 988 ἀναλώσαμεν
1666 918 1844 986 λόγον,
1887 917 2119 987 πληγέν-

531 1013 622 1060 τες
654 1000 764 1060 τοῖς
800 998 1113 1068 εἰρημένοις
1137 1001 1353 1063 ἐκεῖνοι,
1385 1002 1569 1070 φωνήν
1587 1017 1710 1053 τινα
1739 998 2116 1069 εὐαγγελικὴν,

535 1081 736 1152 ἑτέρως
779 1083 877 1150 μὲν
917 1081 1231 1152 εἰρημένην,
1275 1083 1477 1154 ἑτέρως
1519 1083 1576 1136 δὲ
1624 1085 1752 1155 παρ’
1780 1085 1958 1137 αὐτῶν
1989 1086 2118 1137 ὐπο-

535 1165 857 1218 πτευθεῖσαν
887 1166 1155 1236 εἰρῆσθαι,
1189 1166 1393 1237 ταύτην
1427 1167 1806 1236 ἀντεπήγαγον
1836 1167 2084 1234 λέγοντες
2103 1183 2115 1195 ·

534 1250 629 1302 καὶ
661 1249 765 1319 μὴν
800 1248 1140 1318 γέγραπται·
1186 1248 1261 1302 Τὸ
1285 1249 1353 1302 δὲ
1391 1251 1632 1304 καθίσαι
1668 1254 1737 1304 ἐκ
1767 1250 1979 1312 δεξιῶν
2002 1270 2118 1319 μου

535 1333 634 1386 καί
659 1332 727 1395 ἐξ
752 1333 1074 1400 εὐωνύμων
1099 1333 1209 1384 οὐκ
1238 1331 1411 1385 ἐστιν
1435 1333 1581 1400 ἐμὸν
1608 1333 1839 1400 δοῦναι,
1865 1334 2002 1389 ἀλλ’
2030 1330 2119 1400 οἷς

535 1415 890 1483 ἡτοίμασται
933 1416 1050 1467 ὑπὸ
1099 1415 1206 1468 τοῦ
1260 1416 1491 1482 Πατρός
1529 1434 1671 1485 μου.

621 1498 760 1566 Ἐγὼ
775 1499 828 1551 δὲ
845 1499 980 1567 ὅπερ
997 1499 1085 1551 ἀεὶ
1111 1497 1416 1568 παρακαλῶ
1447 1498 1546 1570 τὴν
1583 1500 1854 1571 ὑμετέραν
1878 1501 2115 1570 ἀγάπην,

534 1579 691 1633 τοῦτο
709 1582 798 1634 καί
817 1586 1052 1652 σήμερον
1072 1581 1321 1652 παραινῶ
1338 1583 1431 1635 καί
1451 1601 1512 1635 συ
1522 1584 1822 1653 μϐουλεύω,
1841 1586 1914 1654 μή
1933 1585 2116 1648 ἁπλῶς

534 1665 826 1717 ἐπιέναιτά
852 1666 1176 1735 γράμματα,
1201 1665 1334 1718 ἀλλά
1362 1665 1736 1737 διερευνᾶσθαι
1761 1667 1828 1720 τά
1851 1669 2112 1739 νοήματα·

535 1749 583 1801 εἰ
605 1747 710 1818 γάρ
733 1765 816 1810 τις
848 1747 1034 1812 ἁπλῶς
1059 1752 1178 1811 ταῖς
1201 1748 1379 1813 λέξεσι
1409 1750 1804 1820 παρακάθοιτο,
1830 1751 1924 1804 καὶ
1954 1751 2118 1822 μηδὲν

535 1832 696 1884 πλέον
712 1833 816 1884 τῶν
833 1833 1236 1903 γεγραμμένων
1252 1833 1534 1904 ὲπιζητοίη
1560 1846 1607 1898 δ,
1625 1834 1794 1887 πολλὰ
1814 1837 2122 1906 ἁμαρτήσε-

534 1933 642 1969 ται.
677 1917 788 1969 Καὶ
819 1917 926 1987 7&9
959 1919 1049 1968 καὶ
1083 1917 1358 1986 πτέρυγας
1387 1918 1454 1970 τὰ
1487 1919 1791 1988 γράμματα
1813 1918 1956 1989 ἔχειν
1989 1919 2120 1988 φησι

532 1999 623 2050 τὸν
647 1998 796 2063 Θεὸν,
815 2001 910 2051 τοῦ
939 2003 1217 2070 προφήτου
1240 2000 1508 2068 λέγοντος,
1541 2002 1622 2054 ὅτι
1659 2002 1755 2054 Ἐν
1782 2001 1978 2070 σκέπῃ
2005 2002 2120 2055 τῶν

534 2084 842 2152 πτερύγων
872 2099 988 2136 σου
1017 2083 1352 2151 σκεπάσεις
1374 2103 1471 2153 με,
1505 2085 1618 2138 ἀλλ’
1660 2087 1721 2138 οὐ
1771 2087 1920 2155 παρὰ
1963 2084 2120 2138 τοῦτο

537 2167 819 2236 πτερωτὴν
865 2170 1108 2238 φήσομεν
1157 2165 1298 2222 εἶναι
1342 2170 1441 2240 τὴν
1485 2171 1677 2240 νοεράν
1707 2171 1735 2210 b
1766 2171 1980 2240 ἐκείνην
2026 2171 2119 2223 καὶ

535 2249 838 2319 ἀνώλεθρον
885 2252 1092 2306 οὐσίαν.
1136 2253 1201 2305 Εἰ
1256 2253 1364 2324 7&9
1407 2255 1493 2305 ἐπ’
1536 2252 1836 2324 ἀνθρώπων
1886 2255 1985 2306 οὐκ
2040 2253 2118 2304 ἕνι

535 2331 692 2384 τοῦτο
736 2333 927 2397 εἰπεῖν,
973 2334 1151 2404 πολλῷ
1191 2336 1390 2405 μᾶλλον
1439 2337 1529 2389 ἐπὶ
1567 2337 1664 2407 τῆς
1701 2337 1978 2407 ἀκηράτου
2026 2336 2120 2388 καὶ

539 2417 771 2486 ἀοράτου
822 2420 914 2470 καὶ
957 2420 1334 2490 ἀκαταλήπτου
1389 2420 1602 2489 φύσεως
1649 2422 1880 2490 ἐκείνης.
1925 2421 1989 2474 Τί
2027 2417 2120 2474 οὖν

540 2502 817 2564 ὲστιν,ἀπὸ
838 2502 948 2555 τῶν
977 2505 1263 2575 πτερύγων
1281 2505 1499 2574 νοητέον
1527 2507 1687 2575 ἡμῖνς
1715 2505 1825 2576 Τὴν
1847 2505 2118 2575 βοήθειαν,

537 2585 636 2654 τὴν
666 2585 982 2654 ἀσφάλειαν,
1015 2588 1112 2656 τὴν
1141 2588 1367 2656 σκέπην,
1395 2589 1494 2658 τὴν
1523 2586 1854 2657 συμμαχίαν,
1891 2588 1951 2640 τὸ
1974 2588 2121 2658 ἀχεί-

537 2685 708 2738 ρωτον
761 2669 860 2740 τῆς
908 2669 1176 2740 βοηθείας.
1233 2672 1398 2725 Πάλιν
1437 2670 1636 2724 ὐπνοῦν
1669 2670 1828 2724 αὐτόν
1869 2687 2032 2739 φασιν
2064 2673 2120 2724 αἰ

537 2751 750 2820 Γραφαὶ
782 2751 923 2805 οὕτω
955 2754 1244 2822 λέγουσαι·
1286 2755 1610 2823 Ἀνάστηθι
1642 2757 1867 2820 ο,ίνατί
1884 2754 2117 2821 ὑπ’νοῖς,

535 2836 749 2901 Κύριε;
801 2835 898 2905 οὐχ
948 2837 1034 2888 ἵνα
1069 2837 1162 2890 τὸν
1192 2837 1324 2890 Θεὸν
1371 2837 1649 2892 καθεύδειν
1693 2837 2117 2908 ὑποπτεύωμεν·

535 2916 692 2970 τοῦτο
738 2919 846 2989 γὰρ
902 2920 1137 2990 ἐσχάτης
1187 2921 1401 2984 ἀνοίας·
1446 2921 1581 2975 ἀλλά
1627 2921 1706 2992 τῷ
1749 2922 1974 2992 ὀνόματι
2025 2921 2120 2975 τοῦ

538 3000 705 3055 ὕπνου
755 3003 850 3074 τὴν
903 3003 1282 3074 μακροθυμίαν
1311 3006 1404 3057 καὶ
1449 3006 1548 3076 τὴν
1596 3005 1944 3071 ἀνεξικακίαν
1991 3007 2122 3077 ἡμῖν

539 3085 917 3152 ἐμφαίνουσαι.
945 3087 1170 3156 Ἕτερος
1199 3087 1254 3140 δὲ
1284 3089 1566 3158 προφήτης
1595 3089 1749 3157 φησί·
1785 3087 1882 3156 Μὴ
1906 3091 2020 3156 έσῃ
2044 3089 2124 3154 ὡς

537 3166 851 3235 ἅνθρωπος
891 3167 1129 3232 {mal-(Br;
1177 3170 1335 3240 Ὁρᾷς
1364 3171 1445 3222 ὅτι
1479 3170 1677 3242 πολλῆς
1705 3173 1838 3242 ἡμῖν
1869 3171 1970 3240 τῆς
2003 3188 2126 3224 συν-

539 3251 709 3314 έσεως
737 3251 893 3321 χρεία
922 3253 1011 3304 τὸν
1045 3252 1318 3323 θησαυρὸν
1348 3255 1800 3324 ’διερευνωμένοις
1831 3254 1939 3307 τῶν
1966 3255 2126 3307 θείων

539 3334 807 3406 Γραφῶν;
851 3337 926 3399 ὡς
979 3338 1073 3388 ὲάν
1120 3337 1308 3399 ἁπλῶς
1356 3340 1450 3390 καὶ
1501 3340 1626 3409 εἱκῆ
1677 3340 1770 3393 καὶ
1813 3339 1888 3404 ὡς
1939 3339 2126 3410 ἔτυχεν

541 3417 827 3487 ἀκούωμεν
859 3419 966 3472 τῶν
997 3419 1323 3490 λεγομένων,
1352 3421 1414 3473 οὐ
1458 3423 1617 3492 μόνον
1647 3422 1715 3475 τά
1742 3424 1918 3476 ἄτοπα
1946 3426 2126 3476 ἐκεῖνα

540 3500 748 3570 ἕψεται,
781 3501 917 3554 ἀλλά
947 3505 1042 3556 καὶ
1075 3504 1244 3574 πολλὴ
1281 3506 1428 3575 μάχη
1458 3508 1515 3558 ὲν
1546 3509 1660 3569 τοῖς
1691 3507 1999 3577 εἰρημένοις
2027 3525 2128 3575 φα-

541 3588 729 3638 νεῖται.
767 3585 917 3658 [515]
954 3589 1010 3640 '0
1043 3589 1143 3657 μὲν
1167 3591 1274 3659 γὰρ
1314 3589 1515 3642 ὐπνοῦν
1537 3591 1698 3643 αὐτόν
1723 3591 2020 3662 φησιν,ὁδὲ
2053 3591 2125 3663 μὴ

542 3668 772 3722 ὑπνοῦν·
808 3671 920 3724 ἀλλ’
954 3672 1237 3743 ἀμφότερα
1273 3673 1470 3744 ἀληθῆ,
1507 3673 1573 3728 ἂν
1611 3674 1708 3745 τὴν
1747 3677 2124 3745 προσήκουσαν

539 3751 747 3806 ἔννοιαν
771 3755 1025 3827 ἐκλάϐῃς.
1056 3758 1114 3808 Ὁ
1147 3758 1244 3826 μὲν
1273 3757 1383 3829 γὰρ
1419 3757 1590 3824 λέγων
1616 3758 1778 3812 αὐτὸν
1807 3757 2005 3811 ὑπνοῦν
2027 3760 2124 3828 τὴν

539 3838 787 3892 ἐπίτασιν
806 3838 906 3909 τῆς
940 3840 1321 3910 μακροθυμίας
1345 3842 1696 3904 ἐνδείκνυται,
1723 3844 1750 3894 ὁ
1773 3843 1828 3895 δὲ
1854 3843 2024 3911 λέγων
2052 3842 2125 3913 μὴ

542 3921 763 3984 ὐπνοῦν,
790 3922 850 3975 τὸ
872 3924 1145 3993 ἀκήρατον
1171 3924 1268 3994 τῆς
1292 3925 1505 3993 φύσεως
1529 3927 1660 3996 ἡμῖν
1685 3926 1956 3996 ἐμφαίνει.
1975 3926 2126 3978 Ἐπεὶ

539 4001 634 4059 οὖν
666 4006 868 4076 πολλῆς
902 4009 1170 4073 συνέσεως
1203 4010 1333 4080 ἡμῖν
1370 4010 1546 4081 χρεία,
1582 4009 1718 4080 μηδὲ
1753 4009 1910 4062 τοῦτο
1943 4010 2126 4074 ἁπλῶς

542 4088 863 4159 έκλάϐωμεν
883 4089 944 4142 τὸ
966 4092 1273 4162 εἰρημένον,
1293 4093 1354 4145 τὸ
1382 4095 1502 4147 Οὐκ
1533 4093 1706 4146 ἔστιν
1724 4091 1870 4161 ἐμὸν
1893 4092 2123 4159 δοῦναι,

542 4169 682 4226 ἀλλ’
713 4170 802 4237 οίς
827 4173 1184 4241 ἡτοίμασται
1217 4176 1340 4229 ὑπὸ
1366 4176 1470 4229 τοῦ
1493 4177 1723 4242 Πατρός
1744 4193 1882 4244 μου.
1917 4177 1991 4228 Οὐ
2018 4177 2124 4249 γὰρ

546 4255 792 4322 ἐξουσίας
829 4256 1104 4328 ἀναίρεσις
1155 4257 1334 4321 τοῦτο,
1381 4257 1500 4311 οὐδὲ
1545 4258 1831 4322 αὐθεντίας
1877 4259 2125 4330 ἀκρωτη-

551 4340 797 4409 ριασμδς,
845 4339 983 4392 ἀλλά
1011 4341 1336 4411 κηδεμονίας
1373 4341 1574 4413 πολλῆς
1604 4341 1877 4406 ἀπόδειξις
1916 4344 2008 4396 καὶ
2042 4359 2128 4395 σο·-

547 4422 675 4490 ιρίας
707 4424 800 4475 καὶ
823 4423 1076 4495 προνοίας
1104 4425 1201 4494 τῆς
1229 4425 1369 4496 ὑπὲρ
1389 4426 1482 4478 τοῦ
1505 4426 1693 4494 γένους
1719 4425 1811 4478 τοῦ
1835 4426 2125 4498 ἡμετέρου.

551 4507 669 4560 Ὀτι
707 4507 816 4578 7&9
845 4507 1032 4579 κύριός
1062 4509 1177 4561 ἐστι
1211 4508 1322 4562 καὶη
1351 4509 1599 4574 κολάζειν
1636 4512 1728 4563 καὶ
1752 4513 1937 4581 τιμᾷν,
1966 4512 2128 4566 ἄκου-

551 4607 641 4642 σον
669 4592 720 4644 τί
751 4607 914 4662 φησιν
945 4590 1106 4654 αὐτὸς
1130 4593 1159 4644 ὁ
1183 4590 1354 4644 ταῦτα
1379 4592 1552 4660 λέγων
1575 4610 1588 4626 ·
1614 4594 1800 4647 Ὅταν
1822 4594 1993 4661 ἔλθῃ,
2023 4611 2128 4666 φη-

551 4673 656 4737 σὶν,
683 4677 718 4728 ό
755 4674 888 4740 Υίὸς
917 4674 1022 4728 τοῦ
1046 4673 1360 4742 ἀνθρώπου
1385 4675 1456 4729 έν
1483 4674 1557 4745 τῇ
1588 4676 1738 4745 δόξῃ
1761 4677 1866 4731 τοῦ
1901 4678 2132 4745 Πατρός

546 4758 757 4823 αὐτοῦ,
794 4757 1012 4826 στήσει
1035 4757 1110 4810 τὰ
1141 4760 1408 4826 πρόϐατα
1435 4759 1504 4812 ἐκ
1529 4760 1762 4824 δεξιῶν,
1788 4763 1885 4815 καί
1916 4767 1990 4815 τὰ
2016 4761 2132 4830 ἐρί-

549 4859 656 4911 φια
680 4841 750 4907 ἐξ
780 4842 1118 4912 εὐωνύμων,
1146 4843 1243 4898 καί
1266 4842 1388 4911 ἐρεῖ
1417 4843 1540 4909 τοῖς
1566 4845 1634 4896 ἐκ
1674 4843 1877 4908 δεξιῶν
1905 4845 2095 4899 αὐτοῦ
2113 4863 2127 4875 ·

549 4925 747 4992 Δεῦτε,
780 4928 835 4978 οἱ
870 4925 1260 4996 εὐλογημένοι
1289 4926 1395 4980 τοῦ
1431 4929 1663 4995 Πατρός
1689 4945 1824 4996 μου,
1846 4932 2135 4996 κληρονο-

546 5007 781 5078 μήσατε
828 5007 943 5078 τὴν
981 5007 1430 5079 ἡτοιμασμένην
1467 5010 1611 5080 ὑμῖν
1644 5011 1972 5074 ,βασιλείαν
2011 5011 2132 5067 ἀπὸ

551 5091 886 5160 καταϐολῆς
913 5096 1166 5164 κόσμου.
1213 5094 1536 5148 Ἐπείνασα
1567 5095 1696 5164 γὰρ,
1740 5096 1838 5148 καί
1878 5095 2134 5150 ἐδώκατέ

547 5194 650 5246 μοι
677 5176 888 5247 φαγεῖν
909 5196 922 5209 ·
957 5178 1244 5246 ἐδίψησα,
1273 5177 1375 5231 καί
1405 5177 1725 5230 ἐποτίσατέ
1743 5194 1822 5246 με
1843 5185 1893 5230 α.
1927 5179 2049 5241 Τοῖς
2077 5180 2134 5232 δὲ

552 5261 614 5326 ἑξ
645 5261 936 5332 εὐωνύμων
965 5263 1106 5327 ἐρεῖ·
1131 5261 1468 5328 Πορεύεσθε
1487 5261 1588 5313 ἀπ’
1605 5261 1770 5330 ἐμοῦ,
1803 5263 1854 5313 οί
1881 5278 2132 5329 κατηρα·

549 5343 747 5411 μένοι,
767 5345 852 5408 είς
872 5358 939 5396 το
957 5344 1075 5412 πῦρ
1098 5345 1165 5397 τὸ
1187 5343 1632 5412 ἡτοιμασμένον
1653 5342 1733 5409 τῷ
1757 5343 2013 5410 διαϐόλῳ
2035 5347 2133 5399 καὶ

555 5425 680 5491 τοῖς
731 5425 1004 5495 ἀγγέλοις
1059 5426 1264 5481 αὐτοῦ.
1315 5427 1642 5480 Ἐπείνασα
1698 5425 1827 5496 γὰρ,
1881 5429 1979 5480 καὶ
2023 5431 2134 5482 οὐκ

617 5533 646 5601 _‘
679 5534 762 5601 Sic
785 5547 953 5601 omlnes
977 5536 1080 5585 fere
1102 5551 1238 5596 mss.,
1255 5545 1405 5601 atque
1427 5539 1492 5588 ila
1517 5537 1784 5600 legendum
1807 5537 2020 5586 videtur.
2034 5537 2136 5588 Mo-

556 5597 652 5674 τοι·
681 5597 958 5674 mmm-

617 5656 645 5697 δ
677 5656 768 5705 Alii
802 5659 884 5715 τὴν
907 5656 1048 5720 ἱεράν.

620 5722 645 5785 °_
671 5720 794 5785 Τιξεε
819 5733 932 5785 msg.
957 5721 1176 5785 et_Savil.
1197 5727 1245 5772 αἰ
1272 5724 1470 5785 Γραφαὶ,
1493 5725 1556 5779 ὡς
1579 5723 1626 5770 ἐν
1647 5725 1736 5785 τῷ,
1761 5745 1785 5767 κ
1823 5721 2131 5781 Ἀνάστηθι...

619 5780 647 5820 ἆ
670 5780 820 5850 Διξόίι.
837 5795 865 5850 ε
889 5778 1037 5830 Savil.
1066 5793 1202 5850 recge
1225 5801 1250 5850 :_
1263 5778 1388 5840 ξένος
1402 5778 1552 5846 ἤμην,
1570 5787 1649 5833 καὶ
1673 5778 1956 5850 συνηγάγετέ
1984 5778 2061 5848 με,
2084 5797 2138 5842 et

559 5855 671 5891 mox
695 5844 749 5890 τὸ
777 5844 965 5889 αἰώνιον
989 5850 1100 5902 post
1119 5845 1173 5891 τὸ
1192 5845 1301 5899 πῦρ.

1290 219 1347 274 S.
1389 218 1678 274 JOANNIS
1715 219 2205 276 ClIHYSOSTOMl
2245 218 2567 274 ARCHIEP.
2609 213 3158 272 CONSTANTINOP.

3700 218 3791 272 770

2226 330 2482 384 ἐδώκατέ
2508 347 2608 399 μοι
2637 326 2880 398 φαγεῖν·
2909 327 3198 394 ἐδίψησα,
3227 326 3324 379 καὶ
3353 329 3464 380 οὐκ
3490 328 3797 386 ἐποτίσατέ

2213 431 2318 483 με·
2361 413 2535 480 ξένος
2581 412 2763 480 ἤμην,
2815 412 2914 466 καί
2968 416 3041 464 οὺ
3087 409 3458 480 συνηγάγετέ
3496 429 3594 481 με.
3657 411 3797 477 Εἶδες

2219 499 2399 568 κρίσιν
2419 496 2856 568 ἀπηρτισμένην,
2887 496 2981 548 καὶ
3013 495 3130 558 πῶς
3162 496 3255 548 καὶ
3273 497 3407 566 τιμᾷ
3440 498 3531 550 καί
3567 499 3795 562 κολάζεε,

2220 585 2312 636 καὶ
2348 583 2600 651 στεφανοῖ
2646 581 2740 633 καὶ
2784 583 3141 650 τιμωρεῖται,
3180 581 3272 631 καὶ
3303 582 3429 644 τοὺς
3465 582 3564 650 μὲν
3603 585 3682 646 εἰς
3711 588 3798 653 τὴν

2221 665 2496 736 βασιλείαν
2519 664 2750 732 εἰσάγει,
2767 665 2894 726 τοὺς
2914 665 2970 716 δὲ
2993 666 3070 726 εἰς
3092 662 3190 733 τὴν
3211 664 3430 731 γέενναν
3457 665 3799 735 ἁποπέμπει;

2293 749 2360 820 β’.
2377 751 2577 802 Σκόπει
2599 747 2656 801 δὲ
2685 748 2778 800 καὶ
2795 745 3029 800 ἐνταῦθα
3051 746 3149 816 τὴν
3181 747 3380 818 πολλὴν
3400 750 3525 816 περὶ
3542 752 3694 819 ἡμᾶς
3716 752 3803 803 αὐ·

2218 834 2311 888 τοῦ
2346 832 2670 905 κηδεμονίαν
2708 844 2752 889 θ.
2785 832 2911 894 Τοῖς
2951 830 3049 901 μὲν
3082 832 3192 900 γὰρ
3234 833 3689 902 στεφανουμένοις
3721 834 3802 888 ὅτε

2218 916 2508 985 διελέγετο,
2547 915 2746 978 Δεῦτε,
2780 916 2963 984 φησὶν,
3005 916 3060 967 οί
3104 916 3495 984 εὐλογημένοι
3536 916 3644 969 τοῦ
3695 920 3804 969 Πο-

2219 1001 2359 1069 τρός
2411 1017 2567 1068 μου,
2617 997 3113 1067 κληρονομήσατε
3179 997 3295 1065 τὴν
3359 999 3804 1067 ἡτοιμασμένην

2219 1083 2362 1152 ὑμῖν
2381 1083 2710 1148 ,βασιλείαν
2741 1082 2855 1150 πρὸ
2903 1080 3246 1148 καταϐολῆς
3291 1082 3522 1150 κόσμου
3541 1099 3556 1112 ·
3607 1087 3724 1144 τοῖς
3753 1084 3804 1135 δὲ

2219 1165 2600 1237 κολαζομένοις
2624 1167 2725 1220 οὐκ
2750 1163 2870 1218 εἷπε
2891 1181 2904 1194 ·
2935 1163 3238 1236 Πορεύεσθε
3266 1165 3359 1217 ἀπ’
3389 1164 3546 1235 ἐμοῦ,
3587 1169 3635 1218 οἰ
3676 1184 3804 1220 κατ-

2219 1251 2504 1322 ηραμένοι,
2534 1252 2613 1312 εἰς
2640 1249 2702 1300 τὸ
2735 1247 2847 1318 πῦρ
2871 1247 2932 1300 τὸ
2961 1246 3359 1317 ἡτοιμασμένον
3381 1248 3527 1317 ὑμῖν,
3563 1248 3702 1302 ἀλλά
3743 1251 3805 1304 Τὸ

2219 1333 2663 1404 ἡτοιμασμένον
2704 1331 2784 1396 τῷ
2829 1331 3104 1396 διαϐόλῳ.
3155 1330 3265 1401 Τὴν
3329 1332 3426 1401 μὲν
3484 1332 3593 1403 7&9
3654 1333 3806 1402 βασι-

2218 1417 2366 1470 λείαν
2419 1415 2726 1488 ἀνθρώποις
2782 1413 3055 1484 ἡτοίμασα
3104 1411 3150 1475 ἲ,
3188 1413 3287 1485 τὴν
3336 1414 3393 1466 δὲ
3434 1415 3662 1481 γέενναν
3713 1417 3806 1468 οὐκ

2219 1501 2546 1572 ἀνθρώποις,
2576 1500 2759 1569 φησὶν,
2788 1497 2924 1550 ἀλλά
2952 1496 3028 1567 τῷ
3049 1496 3278 1566 διαϐόλῳ
3304 1499 3397 1550 καὶ
3421 1501 3531 1560 τοῖς
3559 1499 3808 1568 ἀγγέλοις

2219 1588 2333 1648 τοῖς
2363 1585 2570 1637 ἐκείνου
2620 1581 3028 1652 παρεσκεύασα.
3064 1583 3126 1634 Εἰ
3167 1581 3222 1633 δὲ
3253 1582 3409 1650 ὑμεῖς
3437 1582 3683 1635 τοιοῦτον
3719 1587 3804 1636 ἑπ-

2223 1666 2494 1730 εδείξασθε
2527 1666 2659 1736 βίον,
2699 1665 2773 1727 ὡς
2804 1664 2942 1727 ἄξιοι
2980 1663 3234 1731 γενέσθαι
3273 1667 3371 1734 τῆς
3412 1665 3690 1730 κολάσεως
3723 1667 3808 1718 καὶ

2221 1750 2320 1821 τῆς
2345 1750 2634 1821 τιμωρίας,
2668 1749 2880 1811 ἑαυτοῖς
2923 1747 2989 1801 ἂν
3021 1748 3167 1816 εἴητε
3194 1749 3350 1801 τοῦτο
3394 1748 3705 1817 λογίζεσθαι
3731 1752 3805 1801 δία

2220 1850 2386 1888 καιοι.
2417 1834 2526 1885 Καὶ
2561 1833 2750 1885 σκόπει
2778 1831 2841 1883 τὸ
2872 1831 3009 1901 πρὸς
3041 1831 3447 1902 φιλανθρωπίαν
3478 1833 3803 1903 ἐπιρῤεπές·

2219 1915 2370 1969 οὐπω
2415 1917 2524 1985 γάρ
2566 1917 2674 1968 τῶν
2718 1914 3036 1983 ἀγωνιστῶν
3080 1915 3408 1984 γενομένων,
3450 1918 3501 1969 οἱ
3551 1918 3807 1986 στέφανοι

2221 1998 2770 2071 προητοιμάσθησαν,
2818 1999 2912 2050 καὶ
2962 1998 3030 2051 τὰ
3079 1997 3308 2068 βραδεῖα
3355 2003 3807 2070 προπαρεσκευα-

2222 2084 2446 2153 σθησαν.
2499 2081 3012 2150 κληρονομήσατε
3068 2080 3199 2152 γάρ,
3253 2083 3408 2152 φησὶ,
3477 2082 3593 2149 τὴν
3628 2084 3809 2147 ,Βασι-

2219 2169 2394 2221 λείαν
2445 2165 2560 2233 τὴν
2609 2163 3063 2233 ἡτοιμασμένην
3105 2163 3248 2232 ὑμῖν
3301 2165 3416 2233 πρὸ
3469 2166 3809 2232 καταϐολῆς

2221 2253 2473 2319 κόσμου.
2502 2249 2612 2302 Καὶ
2639 2249 2731 2300 ἐπὶ
2770 2247 2871 2317 τῆς
2901 2246 3214 2318 παραϐολῆς
3262 2248 3319 2301 δὲ
3366 2247 3475 2302 τῶν
3511 2249 3641 2303 δέκα
3675 2267 3810 2318 παρ-

2221 2339 2387 2392 θένων
2427 2338 2488 2391 τὸ
2533 2337 2772 2390 τοιοῦτον
2823 2336 2919 2389 ίδοι
2973 2355 3059 2400 τις
3100 2338 3198 2392 ἄν·
3246 2337 3432 2410 ἐπειδὴ
3470 2337 3580 2410 γὰρ
3620 2337 3808 2409 ἔμελλε

2221 2422 2614 2493 παραγίνεσθαι
2661 2424 2691 2474 ό
2746 2420 2997 2492 νυμφίος,
3041 2421 3290 2491 λέγουσιν
3338 2423 3396 2474 αἰ
3461 2424 3642 2492 μωραὶ
3691 2425 3809 2484 ταῖς

2222 2508 2540 2579 φρονίμοις·
2585 2507 2726 2560 Δότε
2773 2505 2918 2574 ἡμῖν
2952 2504 3071 2559 ἀπὸ
3120 2505 3228 2559 τοῦ
3271 2505 3481 2559 ἐλαίου
3525 2505 3718 2573 ὑμῶν.
3748 2507 3810 2558 Al

2220 2591 2288 2644 δὲ
2339 2591 2489 2659 πρὸς
2522 2591 2737 2654 αὐτάς·
2781 2587 3027 2656 Μήποτε
3084 2591 3195 2643 οὐκ
3244 2591 3474 2658 ἀρκέσῃ
3509 2589 3657 2658 ἡμῖν
3715 2591 3809 2642 καί

2220 2674 2390 2743 ὑμῖν·
2419 2675 2480 2726 οὐ
2504 2692 2570 2727 πε
2582 2674 2634 2745 ρί
2661 2673 2843 2728 ἐλαίου
2869 2674 3104 2728 ἐνταῦθα
3131 2675 3226 2728 καὶ
3253 2676 3422 2744 πυρὸς
3448 2674 3809 2743 διαλεγομένη

2221 2761 2252 2829 ή
2290 2758 2512 2829 Γραφὴ,
2565 2757 2700 2811 ἀλλά
2732 2760 2860 2830 περὶ
2905 2757 3206 2829 παρθενίας
3246 2759 3340 2811 καὶ
3375 2756 3807 2826 φιλανθρωπίας.

2223 2842 2317 2895 καὶ
2347 2842 2441 2910 τὴν
2468 2843 2564 2912 μὲν
2587 2840 2884 2912 παρθενίαν
2915 2844 2972 2895 ὲν
2993 2842 3142 2907 τάξει
3163 2841 3354 2913 πυρὸς,
3375 2842 3474 2911 τὴν
3501 2840 3555 2891 δὲ
3581 2841 3807 2908 ἐλεημο·

2225 2923 2390 2995 σύνην
2428 2927 2486 2977 ὲν
2519 2923 2668 2988 τάξει
2698 2925 2880 2978 ἐλαίου
2914 2924 3132 2994 τίθησι,
3179 2923 3435 2977 δεικνῦσα
3484 2923 3566 2976 δτι
3602 2923 3811 2991 σφόδρα

2223 3007 2394 3060 δεῖται
2426 3007 2898 3079 φιλανθρωπίαςὴ
2946 3008 3248 3077 παρθενία,
3295 3007 3391 3059 καὶ
3437 3008 3564 3060 ἄνευ
3605 3005 3809 3074 ταύτης

2228 3091 2467 3160 σωθῆναι
2501 3092 2602 3143 οὐκ
2645 3089 2744 3144 ἔνι.
2782 3090 2938 3153 Τίνες
2982 3091 3039 3143 δὲ
3085 3092 3134 3143 οἱ
3185 3091 3245 3142 τὸ
3278 3089 3453 3142 ἔλαιον
3501 3088 3656 3141 τοῦτο
3697 3105 3787 3139 πω

2225 3171 2475 3238 λοῦντες;
2519 3173 2674 3236 Τίνες
2729 3172 2880 3227 ἄλλοι
2929 3171 3046 3226 ἀλλ’
3094 3173 3126 3243 ἢ
3177 3174 3226 3226 οί
3279 3173 3545 3243 πένητες;
3590 3171 3651 3222 οὐ
3702 3171 3810 3238 γάρ

2224 3255 2561 3327 λαμϐάνουσι
2614 3257 2816 3328 μᾶλλον
2868 3257 2900 3327 ἢ
2951 3257 3176 3310 διδόασι.
3226 3256 3317 3326 Μὴ
3364 3255 3428 3325 δὴ
3483 3254 3673 3324 νόμιζε
3715 3257 3811 3307 τέίν

2225 3339 2592 3410 ἐλεημοσύνην
2637 3339 2900 3409 ἀνάλωμα
2944 3335 3116 3402 εἶναι,
3158 3338 3296 3392 ἀλλὰ
3340 3337 3622 3409 πρόσοδον,
3676 3337 3812 3405 μηδὲ

2229 3421 2379 3493 [516]
2425 3423 2700 3494 δαπάνηκί.
2740 3421 2876 3475 ἀλλά
2923 3422 3337 3494 πραγματείαν·
3378 3421 3603 3491 μείζονα
3645 3423 3758 3492 γὰρ
3787 3422 3811 3460 5

2225 3507 2520 3576 λαμϐάνεις
2549 3507 2582 3577 ἢ
2610 3504 2786 3570 δίδως.
2814 3506 2984 3569 Δίδως
3012 3507 3194 3574 ἄρτον,
3218 3506 3313 3558 καὶ
3338 3504 3636 3575 λαμϐάνεις
3663 3505 3811 3574 ζωὴν

2227 3590 2468 3642 αἰώνιον·
2515 3589 2671 3654 δίδως
2722 3590 2971 3660 ἱμάτιον,
3011 3590 3106 3643 καὶ
3155 3589 3450 3659 λαμϐάνεις
3498 3587 3810 3658 ἀφθαρσίας

2229 3672 2566 3744 περιϐόλαιον
2585 3690 2598 3703 ·
2640 3673 2799 3737 δίδως
2827 3673 3110 3726 κοινωνίαν
3145 3672 3361 3743 στέγης,
3386 3673 3480 3726 καὶ
3510 3671 3812 3742 λαμϐάνεις

2229 3756 2507 3826 βασιλείαν
2553 3756 2830 3829 οὐρανῶν·
2866 3757 3128 3828 παρέχεις
3176 3756 3244 3810 τὰ
3291 3755 3679 3825 ἀπολλύμενα.
3718 3755 3814 3808 καὶ

2225 3840 2351 3910 δέχῃ
2405 3839 2475 3892 τά
2517 3839 2781 3911 διηνεκῶς
2838 3841 3087 3911 μένοντα.
3141 3840 3252 3893 Καὶ
3307 3839 3421 3903 πῶς
3460 3839 3526 3892 ἂν
3572 3839 3813 3910 δύναμαι

2225 3923 2394 3975 ἐλεεῖν
2415 3963 2428 3984 ,
2462 3923 2652 3993 πένης,
2689 3923 2874 3994 φησὶν,
2919 3922 3026 3988 (Iw;

2296 4005 2547 4059 Μάλιστα
2609 4006 2735 4060 ὅταν
2795 4006 2965 4078 πένης
3017 4001 3116 4078 ᾖς,
3166 4005 3288 4059 τότε
3343 4005 3570 4058 δύνασαι
3616 4006 3808 4059 ἐλεεῖν.

2237 4089 2295 4142 '0
2344 4088 2442 4158 μὲν
2495 4088 2604 4160 γάρ
2659 4089 2901 4142 πλουτῶν
2961 4088 3174 4160 μεθύων
3229 4093 3296 4160 τῇ
3355 4090 3647 4160 περιουσία
3700 4090 3812 4141 τῶν

2226 4173 2561 4244 χρημάτων,
2615 4173 2708 4225 καὶ
2760 4173 2995 4244 πυρετὸν
3047 4171 3427 4244 χαλεπώτατον
3483 4172 3808 4243 πυρέττων,

2228 4257 2324 4309 καὶ
2371 4255 2665 4326 ἀκόρεστον
2726 4255 2866 4325 ἔχων
2929 4255 3143 4326 ἔρωτα,
3211 4255 3434 4308 πλείονα
3492 4258 3670 4308 ποιεῖν
3740 4255 3816 4307 τὰ

2227 4340 2360 4392 ὄντα
2425 4337 2711 4406 βούλεται·
2772 4341 2800 4392 ὁ
2846 4339 2902 4392 δὲ
2954 4339 3122 4409 πένης
3149 4338 3352 4408 ταύτης
3391 4337 3814 4408 ἀπηλλαγμένος

2229 4424 2327 4493 τῆς
2350 4421 2530 4485 νόσου,
2560 4423 2652 4474 καὶ
2674 4421 2775 4492 τῆς
2803 4422 3114 4494 ἀρρωστίας
3146 4421 3488 4492 καθαρεύων,
3513 4421 3815 4475 εὐκολώτε-

2235 4522 2324 4577 ρον
2359 4507 2422 4557 ὲκ
2453 4503 2561 4557 τῶν
2594 4504 2762 4558 ὅντων
2796 4507 3113 4578 προήσεται.
3159 4506 3234 4558 Οὐ
3275 4506 3384 4574 γὰρ
3411 4504 3479 4556 τά
3512 4506 3688 4576 μέτρα
3713 4507 3813 4566 ti;

2231 4587 2437 4650 οὐσίας,
2468 4587 2602 4640 ἀλλά
2631 4588 2699 4641 τὰ
2729 4588 2904 4660 μέτρα
2936 4589 3036 4659 τῆς
3061 4588 3285 4659 γνώμης
3313 4588 3410 4659 τὴν
3436 4588 3813 4658 ἐλεημοσύνην

2234 4670 2560 4743 ἐργάζεσθαι
2598 4672 2873 4741 πέφυκεν·
2915 4673 3038 4724 ἐπεὶ
3081 4672 3175 4724 καὶ
3219 4674 3251 4743 ή
3290 4673 3433 4744 χήρα
3473 4673 3658 4742 ἐκείνη
3688 4673 3815 4723 τότε

2231 4753 2325 4807 δύο
2356 4755 2654 4808 κατέϐαλεν
2685 4755 2924 4820 ὀϐολοὺς,
2957 4755 3051 4809 καὶ
3083 4757 3207 4818 τοὺς
3238 4755 3314 4826 τῷ
3349 4754 3565 4823 πλούτῳ
3597 4755 3817 4825 κομῶν-

2231 4855 2327 4902 τας
2349 4837 2766 4909 ὐπερηκόντισε,
2792 4839 2887 4892 καὶ
2911 4840 2944 4910 ἡ
2966 4839 3129 4909 ἑτέρα
3151 4839 3296 4909 χήρα
3315 4839 3372 4891 ὲν
3395 4837 3553 4909 δρακὶ
3576 4839 3816 4908 ἀλεύρου

2234 4921 2327 4972 καὶ
2348 4920 2512 4992 ὀλίγῳ
2531 4921 2695 4992 ὲλαίιρ
2712 4921 2811 4993 τὴν
2831 4923 3183 4994 οὐρανομήκη
3206 4921 3380 4992 ψυχὴν
3400 4920 3617 4991 ἐκείνην
3637 4921 3819 4988 ἐξενο-

2233 5001 2462 5074 δόχησε,
2516 5004 2612 5058 καὶ
2650 5005 2878 5076 οὐδεμιᾷ
2921 5003 3128 5058 τούτων
3164 5005 3386 5073 γέγονεν
3419 5006 3452 5075 ή
3499 5006 3662 5056 πενία
3697 5005 3813 5057 κὼ-

2234 5085 2400 5157 λυμα.
2428 5087 2520 5158 Μὴ
2546 5087 2609 5158 δὴ
2653 5087 2989 5158 προφασίζου
3029 5089 3256 5160 περιττά
3303 5089 3396 5142 καὶ
3435 5087 3701 5159 ἀνόνητα·
3753 5091 3818 5141 οὐ

2237 5171 2342 5242 γάρ
2397 5172 2714 5243 περιουσίαν
2771 5173 3030 5242 εἰσφορᾶς
3088 5173 3342 5235 ἀπαιτεῖ,
3388 5170 3523 5224 ἀλλά
3582 5170 3820 5224 πλοῦτον

2235 5256 2608 5327 προαιρέσεως
2627 5273 2640 5286 ·
2667 5255 2726 5318 ὃς
2751 5257 2852 5310 οὐκ
2880 5255 2988 5308 ἀπὸ
3015 5254 3106 5308 τοῦ
3134 5257 3332 5324 μέτρου
3351 5253 3459 5306 τῶν
3486 5253 3815 5324 δεδομένωι,

2235 5338 2349 5392 ἀλλ’
2375 5339 2482 5392 ἀπὸ
2507 5339 2608 5408 τῆς
2628 5339 2936 5411 προθυμίας
2963 5339 3070 5393 τῶν
3097 5338 3439 5408 παρεχόντων
3459 5337 3736 5390 δείκνυται
3763 5337 3816 5386 δ.

2295 5481 2321 5546 ξ
2339 5480 2435 5546 Alii
2457 5482 2542 5538 τὴν
2561 5483 2742 5540 πολλὴν
2758 5485 2866 5546 περὶ
2886 5483 2941 5531 τὸ
2959 5485 3090 5545 γένος
3111 5485 3246 5545 ἡμῶν
3277 5481 3579 5546 κηδεμονίαν.

2301 5540 2321 5606 ξ
2350 5542 2476 5606 Tres
2515 5557 2630 5591 mss.
2659 5540 2934 5606 ἡτοίμασεν,
2963 5540 3015 5593 él
3045 5540 3156 5593 moi
3180 5547 3286 5606 ἀγγ.
3322 5540 3488 5592 αὐτοῦ.
3511 5545 3567 5592 Εἰ
3591 5545 3816 5602 δὲὺμεῖς.

2299 5605 2324 5669 β
2350 5604 2567 5669 Quatuor
2588 5619 2702 5654 mss.
2727 5604 2868 5667 μείζω
2883 5606 2995 5669 ,γάρ-

2302 5663 2330 5729 ξι
2352 5665 2468 5729 Haec
2489 5672 2568 5714 est
2590 5663 2831 5729 scriplura
2853 5663 3036 5727 aliqinot
3070 5681 3184 5717 mss.
3216 5672 3268 5716 et
3290 5663 3479 5722 Savilli.
3501 5681 3646 5729 quam
3673 5666 3816 5715 Mou-

2243 5727 2580 5791 lefalconianae
2601 5727 2907 5790 praitulimus
2927 5731 2998 5778 sic
3021 5729 3218 5779 habenli
3359 5727 3691 5791 προαιρέσεως·
3723 5731 3822 5776 οὐκ

2240 5790 2336 5855 ἀπὸ
2367 5805 2489 5855 τημ.
2513 5791 2608 5836 τῶν
2631 5791 2906 5853 διδομένων,
2932 5792 2982 5840 ἀ.
3006 5792 3053 5840 ἀ.
3081 5799 3164 5850 τῆς
3198 5793 3461 5855 προθέσεως
3486 5790 3530 5838 τί.
3554 5808 3602 5839 π.
3632 5792 3826 5840 δείκνυ-

2248 5854 2355 5898 σθαι
2375 5851 2601 5901 πέφυκεν.
