3926 6246
110 319 221 374 769

110 452 232 506 qua:
265 450 402 489 vero
434 443 559 488 sunt
584 432 741 487 hodie
777 430 1024 497 dicenda,
1055 442 1154 482 nos
1183 426 1333 480 vobis
1362 425 1619 483 dicemus,
1649 426 1705 473 ct

110 526 506 593 objectionem,
536 539 695 593 quam
729 520 961 575 luet-elici
992 519 1145 573 nobis
1171 522 1460 586 opponunt,
1507 511 1559 565 in
1591 524 1702 563 me-

110 617 263 668 dium
296 613 656 683 proferemus.
683 612 938 680 Quzenam
962 609 1119 679 igitur
1140 607 1225 661 illa
1252 605 1369 661 est?
1389 604 1520 671 Quia
1541 616 1710 669 nuper

112 704 183 758 de
216 705 481 773 unigeniti
528 712 793 772 potestate
836 699 1205 761 disseruimus,
1249 707 1471 763 eamque
1514 691 1704 754 Patris,

114 812 143 849 a
174 813 290 867 quo
313 797 527 867 genitus
557 806 661 858 est,
692 793 940 865 potestati
970 806 1148 861 parem
1182 804 1301 844 esse
1322 783 1708 842 demonstravi-

116 906 259 953 mus,
286 899 345 943 et
374 890 425 942 in
468 903 586 943 eam
616 904 730 941 rem
775 899 1048 940 sermones
1080 881 1276 936 multos
1316 876 1704 947 impendimus:

116 979 202 1033 his
232 980 313 1035 illi
357 980 591 1051 perculsi
630 978 784 1033 dictis
825 974 1181 1045 evangelieam
1209 986 1390 1024 vocem
1426 967 1705 1039 quamdam

116 1073 246 1138 alio,
270 1087 435 1141 quam
466 1070 539 1125 illi
560 1069 917 1137 suspicantur,
943 1064 1101 1119 modo
1124 1064 1317 1118 dictam
1346 1059 1578 1114 vicissim
1616 1073 1709 1110 no-

118 1162 201 1216 bis
230 1163 575 1231 olijecerunt.
604 1162 779 1229 Atque
807 1158 1062 1225 scriptum
1092 1164 1192 1219 est,
1227 1154 1487 1221 inquiunt,
1522 1148 1709 1204 Sedere

118 1266 289 1306 autem
320 1254 391 1304 ad
411 1253 670 1305 dexteram
698 1266 858 1302 meam
884 1258 929 1301 et
954 1248 1020 1299 ad
1050 1247 1303 1299 sinistrum
1333 1260 1429 1296 non
1452 1250 1520 1293 est
1547 1255 1709 1291 meum

119 1346 261 1400 dare.
280 1343 375 1395 sed
394 1342 572 1412 quibus
591 1350 823 1409 paratum
838 1348 909 1393 est
928 1355 959 1391 a
982 1337 1134 1389 Patre
1154 1352 1259 1388 meo
1278 1331 1578 1406 (.llatthﬁl).
1592 1330 1704 1400 25).

192 1435 275 1486 Ad
297 1433 629 1500 objectionem
655 1430 1020 1485 Hiereticorum
1049 1426 1325 1496 responsio.
1350 1453 1420 1463 —
1447 1424 1558 1493 Ego
1583 1436 1709 1476 vero

119 1525 267 1595 quod
292 1541 513 1595 semper
541 1524 813 1577 caritatem
842 1531 1071 1577 vestram
1104 1520 1306 1583 hortor,
1337 1517 1388 1570 id
1427 1516 1585 1570 etiam
1616 1513 1710 1567 ho-

119 1618 208 1671 die
238 1632 440 1670 moneo
468 1615 810 1682 consuloque,
842 1628 908 1668 ne
939 1612 1248 1681 simpliciter
1282 1609 1466 1663 literas
1495 1621 1710 1677 percur-

119 1709 279 1769 ratis,
303 1709 401 1762 sed
425 1722 613 1761 sensus
636 1705 996 1775 investigetis:
1029 1705 1072 1757 si
1095 1704 1212 1771 quis
1231 1701 1374 1755 enim
1403 1697 1712 1768 simpliciter

117 1800 307 1855 verbis
354 1801 630 1861 inhaereat,
660 1814 829 1868 neque
858 1806 1049 1867 prmter
1076 1812 1159 1861 ea,
1187 1810 1304 1864 qua:
1333 1793 1525 1861 scripta
1568 1800 1708 1856 sunt,

119 1892 420 1962 quidquam
461 1890 726 1960 exquirat,
770 1890 821 1942 in
870 1888 1051 1943 multis
1080 1888 1295 1941 errabit.
1328 1885 1460 1938 Nam
1505 1892 1558 1938 et
1602 1883 1712 1936 alas

122 1985 330 2038 habere
354 1985 517 2037 Deum
541 1982 826 2052 Scriptura:
846 1980 1047 2045 dicunt,
1070 1980 1147 2034 sic
1168 1979 1413 2048 loquente
1436 1976 1709 2045 proiiheta,

122 2076 190 2130 In
223 2077 445 2147 tegmine
469 2076 669 2128 alarum
707 2086 908 2127 tuarum
948 2080 1150 2142 protege
1196 2087 1274 2123 me
1299 2068 1464 2139 (Psal.
1501 2067 1585 2121 16.
1614 2068 1709 2133 8):

120 2183 225 2221 nec
272 2178 452 2221 tamen
494 2166 691 2220 idcirco
737 2164 974 2219 dicemus
1015 2162 1207 2215 alatam
1255 2175 1372 2214 esse
1419 2157 1711 2228 spiritalem

122 2259 274 2311 illam
304 2266 362 2311 et
392 2256 748 2310 immortalem
775 2255 1082 2309 essentiam.
1113 2253 1168 2307 Si
1206 2253 1351 2306 enim
1379 2250 1446 2305 de
1478 2250 1710 2304 hemini-

123 2350 226 2402 bus
256 2350 364 2401 hoc
399 2346 501 2401 dici
532 2347 736 2415 nequit,
779 2344 948 2399 multo
971 2344 1146 2397 minus
1175 2342 1241 2397 de
1270 2343 1572 2409 incorrupta
1606 2340 1711 2403 illa,

122 2440 407 2503 invisibili,
438 2449 491 2493 et
520 2434 1047 2505 incomprehensibili
1073 2444 1281 2487 natura.
1304 2432 1437 2499 Quid
1464 2447 1591 2501 ergo
1623 2446 1715 2500 per

123 2532 244 2585 alas
274 2531 497 2599 intelligi
526 2545 557 2582 a
583 2529 737 2583 nobis
768 2543 863 2598 par
892 2526 1016 2581 est?
1045 2525 1422 2588 Securitatem,
1453 2534 1710 2584 tutamen.

125 2626 413 2689 auxilium,
449 2622 671 2677 subsidii
701 2621 864 2675 robur
894 2620 1169 2673 invictum.
1198 2617 1398 2671 Rursus
1433 2632 1552 2670 eum
1592 2615 1715 2669 dor—

126 2718 269 2770 mire
315 2723 580 2769 testantur
608 2713 919 2782 Scriptum,
951 2711 1074 2765 dum
1106 2710 1175 2763 ita
1214 2708 1434 2763 dicunt:
1464 2705 1709 2776 Exsurge,

124 2823 289 2877 quare
332 2806 610 2866 obdormis,
636 2803 846 2856 Domine
878 2801 1048 2873 (Psal.
1077 2802 1165 2855 45.
1192 2799 1325 2868 9.3)?
1367 2814 1470 2851 non
1509 2808 1565 2851 ut
1593 2798 1717 2851 dor-

126 2898 269 2951 mire
313 2897 483 2949 Deum
512 2895 842 2963 suspicemur
870 2911 881 2945 :
915 2892 966 2945 id
997 2892 1138 2946 enim
1168 2898 1311 2944 esset
1348 2887 1599 2943 extremae
1625 2888 1717 2941 de-

128 2986 381 3042 mentimz
401 2986 496 3039 sed
518 2985 690 3039 somni
720 2982 934 3037 nomine
962 2981 1409 3051 longanimitatem
1432 2989 1484 3034 et
1513 2978 1718 3048 patien-

131 3081 261 3133 tiam
292 3080 448 3133 nobis
476 3079 778 3145 exprimunt
817 3094 830 3129 :
864 3076 999 3130 alius
1024 3083 1201 3129 autem
1236 3073 1511 3143 propheta,
1547 3072 1714 3125 Num-

130 3171 257 3242 quid
286 3176 406 3235 eris,
440 3170 628 3238 inquit,
656 3169 799 3236 quasi
831 3169 977 3221 homo
998 3167 1249 3221 dormiens
1280 3164 1488 3235 (Jerem.
1519 3162 1716 3236 14.9)?

132 3264 300 3317 Vides
370 3263 535 3316 multa
603 3262 754 3315 nobis
824 3275 958 3329 opus
1014 3274 1135 3314 esse
1206 3257 1522 3327 prudentia,
1591 3256 1715 3309 dum

132 3355 429 3424 Scriptor-ae
498 3354 772 3407 thesauros
839 3350 1274 3421 perscrutamur?
1322 3348 1379 3403 Si
1433 3348 1573 3403 enim
1638 3347 1717 3401 le-

139 3449 278 3501 vitcr
333 3461 397 3500 ac
455 3457 656 3499 temere
708 3455 761 3499 et
798 3458 1011 3514 quoquo
1068 3443 1263 3504 modo,
1319 3458 1436 3511 qua:
1475 3442 1719 3495 dicuntur

132 3539 455 3601 audiamus,
516 3553 622 3590 non
676 3537 765 3591 illa
819 3545 1023 3590 tantum
1089 3545 1375 3601 sequentur
1448 3534 1716 3599 absurda,

136 3632 230 3685 Sed
279 3641 335 3684 et
364 3644 536 3699 pugna
582 3645 685 3683 non
714 3630 999 3683 mediocris
1038 3628 1090 3681 in
1132 3628 1215 3691 iis,
1246 3644 1363 3696 qua:
1392 3626 1532 3681 dicta
1572 3636 1715 3690 sunt,

144 3722 450 3794 apparebit.
481 3721 613 3776 Nam
644 3721 732 3776 ille
760 3720 971 3790 quidem
1002 3720 1173 3788 ipsum
1200 3719 1430 3773 dormire
1453 3718 1602 3783 dicit,
1632 3717 1720 3773 hic

136 3830 266 3869 vero
292 3829 400 3867 non
429 3812 684 3877 dormire,
715 3813 805 3866 sed
830 3820 1109 3879 utrumque
1128 3825 1311 3863 verum
1335 3819 1432 3874 est,
1463 3809 1507 3863 si
1529 3824 1721 3863 conve-

136 3908 305 3962 nienti
348 3920 509 3960 sensu
538 3904 786 3973 accipias.
815 3904 915 3970 Qui
944 3902 1084 3957 enim
1113 3902 1283 3970 ipsum
1313 3901 1542 3956 dormire
1567 3901 1717 3966 dicit,

136 4010 407 4052 summam
420 3994 536 4062 ejus
550 3993 1000 4063 longanimitatetn
1014 3992 1254 4060 designat
1277 4007 1290 4043 :
1314 3991 1401 4059 qui
1420 4005 1549 4045 vero
1565 4000 1723 4060 negat

138 4088 402 4151 dormire,
436 4094 639 4139 natura:
665 4084 817 4138 nobis
838 4074 1288 4137 immortalitatem
1310 4068 1561 4136 declarat.
1590 4079 1721 4135 Cum

140 4181 300 4249 igitur
330 4177 497 4231 multa
527 4176 678 4230 nobis
708 4175 982 4245 prudentia
1014 4175 1082 4227 sit
1106 4188 1258 4241 opus,
1290 4188 1357 4227 ne
1408 4184 1607 4228 temere
1644 4174 1723 4227 di-

138 4282 287 4325 ctum
312 4268 454 4323 istud
480 4270 822 4337 accipiamus,
845 4265 965 4319 Non
994 4276 1066 4319 est
1097 4283 1260 4319 meum
1281 4267 1423 4332 dare,
1445 4267 1531 4320 sed
1549 4269 1724 4337 quibus

139 4371 381 4431 paratum
406 4369 478 4413 est
496 4376 529 4412 a
549 4358 704 4412 Patre
719 4375 828 4412 meo
842 4356 1052 4430 (Matth.
1065 4358 1155 4413 20.
1177 4357 1270 4430 9.5)
1294 4376 1309 4413 :
1332 4375 1436 4413 nou
1461 4360 1599 4414 enim
1624 4359 1725 4413 hoc

141 4460 466 4522 potestatem
494 4448 609 4519 ejus
642 4449 797 4513 tollit,
834 4463 1005 4517 neque
1041 4450 1410 4504 auctoritatem
1442 4449 1721 4515 imminuit,

141 4544 235 4599 sed
280 4543 505 4597 multam
530 4541 962 4605 sollicitudinem,
991 4541 1328 4609 sapientiam,
1361 4551 1415 4596 et
1442 4556 1580 4607 eam,
1622 4559 1723 4612 qua

138 4634 331 4705 generi
380 4642 567 4688 nostro
610 4632 869 4698 consulit,
921 4631 1307 4700 providentiam
1352 4634 1605 4688 ostendit.
1662 4635 1728 4688 Ut

141 4729 289 4782 enim
338 4727 476 4780 scias
508 4726 558 4779 in
585 4725 700 4795 ejus
743 4732 1007 4795 potestate
1047 4725 1203 4779 situm
1234 4740 1374 4788 esse,
1418 4734 1474 4779 ut
1515 4742 1723 4796 poenam

142 4824 368 4888 inferat,
394 4822 479 4876 vel
506 4821 763 4875 honorem
789 4819 1077 4888 impertiat,
1101 4818 1221 4873 audi
1243 4818 1368 4889 quid
1398 4819 1486 4875 ille
1510 4822 1624 4890 ipse
1650 4822 1729 4875 di-

142 4925 252 4979 cat,
288 4914 447 4983 cujus
471 4913 631 4967 verba
661 4922 969 4977 tractamus,
1000 4908 1126 4965 Cum
1152 4912 1337 4964 venerit
1366 4910 1532 4966 Filius
1561 4913 1726 4965 homi-

144 5011 223 5061 nis
249 5008 305 5059 in
331 5004 497 5075 gloria
520 5004 678 5073 patris
708 5004 807 5067 sui,
829 5010 1008 5055 statuet
1028 5016 1139 5055 oves
1163 5019 1194 5054 a
1220 5002 1409 5056 dextris
1429 5012 1476 5055 et
1498 5004 1670 5057 haedos
1697 5021 1729 5056 a

129 5084 388 5161 sinistris,
431 5106 480 5153 et
514 5097 642 5150 dicet
672 5097 754 5161 iis,
777 5096 862 5164 qui
886 5112 916 5147 a
940 5094 1131 5148 dextris
1159 5103 1322 5159 erunt,
1355 5093 1555 5152 Venite.
1578 5095 1727 5150 bene-

149 5193 269 5245 dicti
302 5189 464 5260 patris
486 5188 602 5255 mei,
627 5188 874 5258 possidete
896 5195 1128 5256 paratum
1153 5184 1288 5237 vobis
1313 5201 1522 5253 regnum
1548 5204 1578 5239 a
1604 5204 1727 5240 con-

150 5282 413 5337 stitutione
438 5279 633 5331 mundi.
660 5276 861 5331 Esurivi
891 5278 1020 5329 enim
1049 5285 1094 5328 et
1124 5276 1329 5329 dedistis
1358 5276 1480 5328 mihi
1513 5281 1729 5332 mandu-

146 5391 265 5429 care
294 5390 314 5428 :
344 5373 475 5427 sitivi
504 5380 553 5425 et
590 5370 798 5424 dedistis
824 5367 946 5421 mihi
975 5366 1156 5420 bibere.
1188 5366 1264 5421 Iis
1294 5378 1460 5421 autem
1485 5370 1570 5439 qui
1596 5387 1627 5421 a
1655 5370 1729 5422 si-

148 5469 323 5523 nistris
354 5474 520 5530 erunt,
551 5464 698 5527 dicet,
728 5462 978 5515 Discedite
999 5477 1031 5513 a
1056 5476 1134 5513 me
1158 5460 1413 5514 maledicti
1449 5461 1503 5514 in
1540 5462 1723 5531 ignem,

146 5561 231 5629 qui
252 5567 471 5630 paratus
497 5564 569 5609 est
596 5551 796 5607 diabolo
827 5562 874 5606 et
895 5551 1085 5621 angelis
1108 5549 1235 5621 ejus.
1276 5550 1477 5606 Esurivi
1503 5554 1657 5620 enim,
1681 5564 1728 5607 et

145 5670 249 5706 non
270 5647 482 5703 dedistis
502 5646 624 5699 mihi
646 5645 991 5698 manducare:
1013 5644 1164 5708 sitivi,
1190 5652 1236 5697 et
1257 5661 1356 5697 non
1378 5645 1583 5700 dedistis
1606 5645 1727 5701 mihi

151 5755 335 5818 potum
357 5760 375 5797 :
395 5743 578 5811 hospes
602 5756 761 5807 erant,
794 5748 841 5792 et
870 5755 969 5792 non
998 5738 1265 5810 collegistis
1291 5756 1367 5793 me
1390 5738 1602 5810 (Matth.
1632 5739 1722 5797 25.

806 316 892 372 DE
934 314 1155 371 PETlT.
1190 311 1440 371 FlLlOR.
1482 307 1716 364 ZEBED.

1859 303 2129 361 CONTRA
2171 305 2538 362 ΑΝοΜοΕοδ.
2581 306 2715 361 VIII.

1757 440 1791 492 ,ο
1815 418 1904 473 3i.
1924 420 2081 490 sqq.).
2107 420 2266 475 Vides
2286 419 2863 489 absolutumjudicium,
2888 428 2941 473 et
2965 435 3068 489 quo
3090 431 3240 489 pacto
3260 437 3379 477 cum

3277 309 3384 366 770

1814 509 2016 566 honore
2057 508 2271 575 alliciat,
2321 521 2429 563 tum
2470 525 2680 578 poenam
2722 509 2914 566 inferat
2949 528 2963 564 :
2994 525 3115 565 cum
3157 526 3383 566 coronas

1812 602 2029 669 tribuat,
2069 612 2179 656 tum
2210 602 2467 671 supplicio
2494 603 2722 671 plectat;
2761 610 2816 656 et
2844 601 2941 656 hos
2964 603 3176 672 quidem
3206 604 3256 656 in
3294 618 3381 656 re—

1810 705 1974 760 gnum
2004 692 2321 759 introducat,
2366 693 2485 746 illos
2522 702 2698 747 autem
2732 694 2783 746 in
2812 694 3103 762 gehennam
3132 694 3383 764 ablegeti

1880 783 1934 836 2.
1975 784 2350 839 Animadverte
2392 794 2569 838 autem
2616 782 2718 837 hoc
2758 784 2916 838 etiam
2958 786 3096 849 loco,
3129 794 3380 854 quantam

1812 877 1901 931 ille
1945 878 2110 931 nostri
2140 878 2156 909 ⁸
2184 893 2365 932 curam
2398 887 2547 946 gerat
2576 895 2589 931 :
2622 876 2747 931 dum
2778 878 2918 931 enim
2946 894 3039 933 eos
3085 880 3384 948 alloquere-

1812 981 1919 1035 tur,
1949 975 2036 1041 qui
2058 987 2283 1027 coronas
2310 973 2661 1043 accipiebant,
2702 971 2895 1036 Venite,
2924 974 3112 1044 inquit,
3143 976 3385 1029 benedicti

1812 1062 1988 1117 Patris
2012 1065 2125 1118 mei.
2165 1062 2430 1118 Possidete
2459 1074 2689 1133 paratum
2717 1065 2851 1119 vobis
2876 1082 3084 1137 regnum
3111 1076 3228 1121 ante
3261 1083 3383 1119 con-

1811 1156 2118 1209 stitutionem
2147 1156 2320 1210 mundi
2353 1172 2372 1209 :
2398 1156 2502 1211 illis
2529 1172 2657 1211 vero
2681 1158 2770 1227 qui
2800 1158 3059 1225 supplicio
3084 1157 3387 1210 allicieban-

1814 1255 1897 1299 tur
1917 1262 2019 1299 non
2046 1248 2198 1309 dixit,
2228 1247 2482 1302 discedite
2506 1264 2536 1302 a
2562 1263 2645 1302 me
2667 1247 2719 1301 in
2752 1248 2922 1318 ignem
2954 1248 3040 1318 qui
3070 1258 3281 1316 paratus
3304 1259 3386 1301 est

1811 1338 1982 1403 vobis,
2017 1338 2131 1404 sed,
2168 1338 2264 1405 Qui
2292 1350 2502 1407 paratus
2525 1350 2595 1393 est
2626 1338 2846 1393 diabolo.
2874 1338 3005 1393 Nam
3033 1356 3251 1409 regnum
3272 1342 3388 1409 qni-

1813 1430 1934 1484 dem
1968 1430 2270 1485 hominibus
2296 1433 2471 1500 paravi
2499 1433 2543 1497 ⁸,
2585 1432 2880 1501 gehennam
2929 1443 3106 1486 autem
3136 1447 3241 1486 non
3290 1432 3389 1486 ho-

1814 1523 2063 1587 minibus,
2088 1522 2279 1592 inquit,
2310 1523 2404 1577 sed
2444 1523 2656 1578 diabolo
2686 1533 2739 1578 et
2767 1525 2969 1592 angelis
2998 1526 3136 1578 illius
3163 1527 3341 1596 paravi
3370 1543 3383 1579 :

1813 1615 1952 1685 quod
1981 1616 2024 1668 si
2053 1630 2149 1669 vos
2171 1616 2329 1669 talem
2358 1616 2515 1668 vitam
2547 1617 2879 1680 exhibuistis,
2907 1628 2961 1669 nt
2989 1633 3141 1685 pinna
3169 1617 3312 1687 digiti
3334 1626 3387 1671 et

1812 1706 2073 1773 supplicio
2103 1704 2326 1771 ﬁeretis,
2374 1705 2425 1758 id
2455 1705 2845 1774 vobismetipsis
2894 1707 3151 1773 imputare
3198 1710 3387 1761 merito

1815 1799 2054 1868 potestis.
2102 1799 2178 1851 Ac
2220 1796 2359 1861 vide,
2402 1805 2595 1865 quanta
2639 1797 2707 1851 sit
2736 1798 2851 1866 ejus
2901 1798 2966 1851 ad
3012 1798 3385 1867 benignitatem

1816 1891 2133 1960 propensio;
2162 1906 2283 1943 cum
2332 1889 2471 1943 enim
2504 1890 2738 1943 nondum
2769 1900 2948 1943 essent
2974 1890 3205 1954 ιιιΙιιοιςν,
3252 1906 3390 1958 prae-

1817 1989 2014 2048 paratm
2042 1990 2165 2033 sunt
2190 1994 2423 2042 coronm,
2448 1995 2509 2032 ac
2538 1979 2754 2048 praemia
2783 1979 3065 2033 destinata.
3102 1978 3240 2034 Nam
3271 1996 3389 2049 pos-

1815 2070 1989 2135 sidete,
2036 2069 2223 2138 inquit,
2252 2077 2484 2137 paratum
2512 2068 2645 2122 vobis
2674 2084 2882 2138 regnum
2926 2079 3042 2122 ante
3080 2069 3392 2122 constitutio-

1816 2178 1929 2215 nem
1954 2164 2126 2214 mundi
2167 2162 2379 2233 (Matth.
2409 2162 2501 2217 25.
2531 2162 2641 2231 54).
2669 2162 2736 2216 Et
2766 2177 2896 2217 vero
2927 2163 2978 2216 in
3021 2163 3269 2232 parabola
3300 2164 3385 2215 de.

1816 2267 1933 2305 cem
1961 2252 2219 2322 virginum
2259 2253 2398 2308 idem
2428 2268 2648 2307 cernere
2675 2252 2835 2306 licet:
2876 2268 2993 2307 cum
3023 2254 3167 2307 enim
3196 2252 3386 2307 adven-

1818 2351 1967 2396 tnrus
1988 2354 2127 2397 esset
2174 2359 2421 2413 sponsus,
2456 2344 2636 2398 dicunt
2667 2343 3013 2412 prudentibus
3038 2344 3192 2398 fatu-.1:
3218 2360 3230 2395 :
3262 2342 3395 2397 Date

1816 2434 1955 2488 nobis
1985 2434 2047 2487 de
2095 2435 2202 2487 oleo
2242 2445 2404 2488 vestro
2450 2434 2624 2504 (Ibid.
2679 2439 2733 2488 8.
2784 2435 2899 2503 9):
2943 2434 3010 2488 ad
3056 2451 3185 2504 quas
3242 2435 3389 2489 illa}:

1819 2524 1903 2578 Ne
1937 2526 2067 2594 forte
2094 2543 2195 2579 non
2236 2526 2447 2596 sufﬁciat
2494 2526 2634 2579 nobis
2662 2536 2707 2578 et
2734 2526 2870 2578 vobis
2905 2541 2923 2579 :
2968 2541 3073 2578 non
3100 2525 3165 2579 de
3193 2525 3313 2579 oleo
3341 2536 3393 2580 et

1818 2617 1938 2687 igne
1960 2618 2176 2672 disserit
2222 2619 2321 2672 hoc
2362 2618 2480 2673 loco
2518 2617 2812 2687 Scriptura,
2852 2618 2945 2671 sed
2981 2618 3047 2671 de
3091 2617 3392 2687 virginitate

1816 2720 1975 2779 atque
2001 2709 2367 2765 humanitate:
2399 2724 2462 2763 ac
2489 2710 2838 2778 virginitatem
2868 2709 3079 2778 quidem
3113 2710 3248 2779 ignis
3277 2710 3394 2763 loco

1819 2799 1997 2866 habet,
2046 2802 2440 2873 eleemosynam
2486 2812 2662 2854 autem
2693 2800 2795 2855 olei
2838 2800 2977 2863 loco,
3021 2801 3388 2871 signiﬁcatque

1817 2893 2169 2961 virginitatem
2202 2892 2527 2947 lmmauitate
2566 2893 2788 2945 multum
2822 2891 3079 2961 indigere,
3112 2908 3284 2962 neque
3326 2892 3394 2946 li-
3440 2874 3445 2881 ’

1818 2998 1942 3039 cere
1965 2986 2165 3054 absque
2205 2986 2289 3039 illa
2316 2986 2526 3040 salvari.
2555 2985 2779 3053 Quinam
2822 2996 2999 3041 autem
3030 2987 3101 3041 illi
3130 2995 3271 3052 sunt,
3305 2989 3391 3056 qui

1819 3076 1992 3129 oleum
2026 3076 2161 3129 istud
2206 3076 2478 3131 vendunt?
2506 3077 2733 3143 Quinam
2779 3077 2890 3141 alii,
2939 3077 3039 3131 nisi
3096 3078 3397 3146 pauperes?

1819 3164 1932 3219 Non
1980 3167 2120 3219 enim
2165 3168 2433 3236 accipiunt
2473 3169 2663 3236 potius,
2710 3182 2866 3237 quam
2906 3167 3054 3221 dant.
3100 3167 3177 3221 Ne
3218 3170 3397 3236 utique

1820 3269 2040 3309 censeas
2065 3257 2456 3326 eleemosyuam
2484 3257 2778 3325 impensam
2828 3271 2969 3323 esse,
3023 3256 3117 3311 sed
3164 3272 3394 3327 proven-

1822 3356 1969 3413 tum;
2024 3364 2196 3418 neque
2243 3362 2535 3417 sumptum,
2565 3349 2657 3404 scd
2712 3351 3162 3420 negotiationem:
3195 3352 3394 3417 majora

1821 3439 2016 3507 quippe
2040 3440 2252 3508 recipis,
2300 3455 2455 3509 quam
2487 3439 2581 3493 des
2608 3458 2620 3494 :
2648 3440 2743 3494 das
2769 3456 2979 3509 panem.
3010 3448 3065 3494 et
3112 3444 3300 3508 recipis
3322 3443 3398 3492 vi-

1824 3541 1929 3583 tam
1956 3540 2247 3597 (sternam;
2279 3530 2375 3585 das
2404 3539 2628 3595 vestem,
2673 3541 2727 3585 et
2759 3531 3171 3585 immortalitatis
3204 3532 3398 3601 recipis

1824 3624 2224 3688 indumentum;
2258 3624 2351 3677 das
2379 3625 2501 3679 tecti
2532 3623 2984 3687 communionem,
3014 3634 3067 3677 et
3098 3625 3291 3692 recipis
3322 3640 3402 3679 re-

1824 3734 1982 3788 gnum
2012 3718 2298 3781 earlorum;
2331 3716 2538 3785 praebes
2590 3732 2707 3785 qum
2746 3727 2989 3784 pereunt,
3023 3729 3073 3768 et
3114 3732 3233 3783 qua:
3273 3734 3398 3785 per--

1826 3818 1984 3879 peluo
2015 3817 2324 3877 permanent
2349 3806 2565 3875 accipis.
2604 3809 2673 3860 At
2698 3807 2837 3860 enim
2865 3823 2970 3876 quo
3004 3815 3155 3876 pacto
3184 3822 3397 3876 possum

1824 3902 2214 3970 eleemosynam
2236 3898 2639 3966 impertiri,cum
2660 3912 2857 3966 pauper
2876 3898 3011 3951 sim?
3031 3898 3165 3953 dicet
3190 3900 3399 3969 aliquis.

1896 3991 1960 4045 In
1982 3992 2293 4060 eleemosgna
2312 4006 2409 4043 non
2429 3990 2548 4042 doni
2564 3990 2876 4060 magnitudo,
2899 3990 2986 4043 sed
3007 3991 3173 4045 dantis
3198 3993 3398 4046 animus

1826 4093 2099 4153 spectatur.
2117 4112 2188 4123 -—
2208 4082 2433 4136 Maxime
2460 4097 2608 4148 vero,
2637 4097 2756 4137 cum
2784 4097 2981 4150 pauper
3002 4098 3080 4146 es,
3107 4094 3217 4137 tum
3251 4095 3402 4153 potes

1829 4177 2222 4248 eleemosynam
2263 4174 2518 4244 impertiri
2549 4194 2561 4227 :
2594 4190 2715 4228 nam
2744 4175 2830 4228 ille
2858 4175 3093 4244 quidem,
3125 4177 3213 4246 qui
3253 4177 3402 4232 dives

1828 4277 1928 4332 est,
1970 4268 2312 4337 pecuniarum
2354 4267 2504 4335 copia
2536 4267 2877 4331 temulentus,
2920 4268 3230 4336 gravissima
3262 4268 3398 4322 febri

1828 4369 2123 4431 correptus,
2156 4358 2481 4413 insaturabili
2507 4373 2689 4419 amore
2714 4358 2923 4422 ductus,
2949 4358 3184 4415 fortunas
3210 4376 3404 4430 augere

1829 4452 1972 4506 vult:
2003 4466 2201 4520 pauper
2224 4459 2399 4504 autem
2427 4449 2495 4503 ab
2524 4450 2625 4505 hoc
2653 4451 2841 4504 morbo
2875 4451 3030 4513 liber,
3058 4460 3111 4505 et
3138 4452 3406 4521 mgritudi-

1830 4543 1913 4597 nis
1936 4557 2127 4612 expers
2155 4540 2357 4596 facilius
2381 4556 2445 4595 ex
2474 4541 2626 4604 benis
2663 4541 2773 4594 suis
2811 4541 3099 4610 largietur:
3129 4557 3236 4595 non
3263 4544 3403 4597 enim

1831 4652 1927 4706 pro
1956 4635 2261 4690 substantia:
2310 4647 2579 4697 mensura,
2614 4632 2707 4687 sed
2750 4647 2847 4702 pro
2891 4634 3052 4687 animi
3094 4635 3407 4705 consiliique

1832 4740 2102 4790 mensura,
2133 4724 2270 4779 solet
2296 4725 2648 4794 eleemosynze
2694 4724 2882 4777 modus
2912 4725 3215 4793 praescribi:
3241 4741 3407 4797 quan-

1831 4816 2115 4887 doquidem
2141 4824 2195 4870 et
2221 4815 2305 4869 illa
2328 4816 2479 4868 vidua
2513 4826 2620 4868 tum
2651 4814 2783 4869 duos
2808 4815 2995 4869 obolos
3024 4816 3183 4879 misit,
3208 4827 3262 4870 et
3289 4818 3408 4873 illos

1832 4912 1920 4981 qui
1959 4911 2147 4980 opibus
2171 4909 2608 4964 circumﬂuebant
2636 4909 2923 4977 superavit,
2965 4918 3020 4963 et
3055 4909 3219 4962 altera
3251 4911 3404 4963 vidua

1830 5018 1952 5057 eum
1978 5002 2160 5056 farina:
2190 5003 2460 5071 pugillum,
2501 5011 2555 5055 et
2595 4999 2698 5054 olei
2730 4999 2995 5069 paululum
3029 5000 3261 5063 haberet,
3292 5003 3408 5055 ani-

1835 5111 1975 5150 mam
2006 5096 2147 5149 illam
2187 5095 2254 5148 ad
2278 5094 2462 5147 caelum
2495 5092 2877 5162 pertingentem
2906 5090 3136 5159 hospitio
3174 5094 3403 5162 excepit,

1835 5197 1889 5243 et
1909 5187 2081 5243 neutri
2102 5189 2317 5240 istarum
2345 5192 2550 5254 egestas
2569 5181 2944 5252 impedimento
2973 5181 3067 5236 fuit
3097 5181 3284 5251 (Marc.
3320 5184 3403 5236 1‘2.

1834 5281 1949 5349 42).
1980 5278 2098 5334 Noli
2126 5277 2303 5346 utique
2322 5275 2614 5345 superﬂuas
2633 5285 2686 5330 et
2711 5275 2921 5329 inutiles
2945 5278 3311 5330 excusationes
3329 5282 3408 5331 al-

1834 5370 2007 5425 ferre:
2033 5385 2138 5423 non
2167 5369 2307 5422 enim
2332 5367 2627 5422 collationis
2652 5366 3049 5432 abundantiam,
3079 5368 3170 5421 sed
3199 5369 3408 5425 (“Vilius

1835 5462 2120 5517 voluntatis
2150 5458 2404 5528 requirit;
2430 5473 2532 5512 non
2559 5473 2620 5512 ex
2648 5473 2830 5513 eorum
2854 5473 3098 5512 mensura
3126 5476 3241 5529 qua:
3270 5462 3406 5515 dan-

1836 5564 1941 5618 tur,
1982 5552 2076 5607 sed
2109 5567 2174 5605 ex
2203 5564 2385 5604 eorum
2415 5549 2686 5619 proposito
2713 5548 2805 5619 qui
2836 5549 3145 5620 largiuntur,
3172 5551 3407 5607 eleemo-

1899 5690 1916 5753 ξ
1953 5686 2055 5745 Alii,
2080 5680 2266 5747 generis
2283 5680 2451 5753 nostri.
2587 5740 2600 5753 ι

1897 5752 1918 5783 ³
1951 5757 2069 5799 Tres
2082 5745 2410 5812 iuanuscripti,
2433 5745 2636 5809 pararit.
