3926 6236
570 301 664 357 τη
753 317 760 323 '
1278 296 1336 353 S.
1375 294 1654 353 JOANNIS
1691 293 2158 352 Cl—lRYSOSTOMl
2196 295 2516 353 ARCIllEP.
2554 294 3088 354 CONSTANTINOP.
3740 296 3834 349 1’72

569 427 702 481 syna
727 411 862 466 solet
886 408 1145 464 exhiberi.
1177 408 1380 476 Pauper
1401 423 1479 474 es,
1509 417 1558 462 et
1585 410 1820 463 onmium
1848 409 2148 463 mortalium

574 504 959 574 pauperrimus,
993 510 1047 554 at
1073 501 1156 554 illa
1186 500 1342 554 vidua
1374 515 1479 553 non
1513 503 1785 568 egentior:
1815 515 1933 569 qua:
1961 499 2151 553 divites

569 596 728 665 longo
751 594 1033 648 intervallo
1058 593 1356 660 superavit;
1377 591 1468 646 sed
1489 592 1597 660 ipsa
1626 592 1717 645 tibi
1740 591 2034 646 necessaria
2054 589 2151 644 de-

539 690 693 746 "sunt
718 686 1002 740 alimenta?
1033 685 1100 737 At
1125 683 1355 754 Sydonia
1379 683 1602 738 muliere
1628 684 1909 752 pauperior
1931 696 2036 735 non
2067 697 2146 746 es,

571 794 689 846 qua:
731 793 851 832 cum
900 778 963 831 ad
1011 779 1180 847 ipsum
1227 777 1384 832 famis
1428 777 1644 831 fundum
1676 777 1996 839 devenisset,
2029 792 2151 831 cum

569 869 822 938 deinceps
853 881 1076 924 mortem
1102 879 1454 939 exspectaret,
1486 886 1708 940 eamque
1739 870 1887 923 turba
1924 870 2150 923 circum-

569 963 783 1016 sisteret
812 963 1061 1024 ﬁliorum,
1092 980 1158 1015 ne
1197 966 1274 1016 sic
1309 963 1521 1030 quidem
1554 962 1886 1016 facultatibus
1915 962 2025 1015 suis
2056 977 2151 1030 pc-

570 1056 759 1124 percit.
791 1055 882 1108 sed
915 1071 1006 1124 per
1041 1070 1300 1108 summam
1350 1055 1487 1108 illam
1533 1064 1822 1125 egestatem
1868 1057 2153 1109 innuensas

569 1147 779 1199 divitias
809 1147 1153 1214 comparavit,
1184 1155 1238 1199 et
1265 1162 1476 1200 manum
1505 1163 1656 1200 suam
1678 1162 1876 1209 aream,
1910 1146 2151 1216 hydriam

569 1251 700 1291 vero
721 1237 952 1290 torcular
977 1237 1224 1302 reddidit,
1248 1249 1406 1306 atque
1438 1247 1493 1291 nt
1520 1255 1582 1292 ex
1614 1239 1795 1307 paucis
1838 1239 2000 1293 multa
2035 1254 2154 1293 sca-

570 1327 1004 1382 turirentcﬁ‘ecit.
1033 1327 1138 1381 Sed
1169 1330 1232 1380 ad
1265 1330 1592 1397 propositum
1622 1330 1920 1396 redeamus,
1947 1346 2012 1383 ne
2027 1344 2155 1384 con-

571 1418 748 1472 tinuas
777 1417 1134 1488 digressiones
1169 1418 1565 1473 interseramus.
1593 1420 1721 1473 Cum
1747 1421 1924 1489 itaque
1961 1431 2153 1474 ventu—

571 1524 662 1562 rus
701 1524 926 1577 sponsus
954 1519 1114 1574 esset,
1145 1511 1219 1563 sic
1249 1511 1385 1564 inter
1414 1526 1473 1565 se
1516 1512 1746 1580 virgines
1774 1513 2154 1582 enlloqueban-

575 1609 692 1652 tnr:
721 1610 774 1653 at
802 1601 902 1653 illa:
927 1600 990 1654 ad
1023 1602 1316 1654 vendentes
1345 1618 1434 1655 cas
1457 1603 1754 1666 mittebant,
1784 1604 1999 1671 sedjam
2019 1613 2156 1657 tem-

571 1707 672 1760 pus
716 1709 818 1745 non
853 1703 966 1747 erat
997 1694 1223 1760 amplius
1251 1694 1426 1746 oleum
1463 1695 1704 1749 emendi:
1732 1705 1874 1750 recte
1904 1696 2112 1764 quidem
2141 1715 2154 1760 ;

575 1804 696 1840 nam
725 1790 812 1858 qui
842 1789 1075 1842 vendunt
1104 1791 1155 1842 in
1187 1792 1433 1859 prwsenti
1475 1792 1578 1843 vita
1619 1800 1742 1843 sunt
1773 1800 2008 1855 tantum;
2039 1800 2159 1859 post

571 1878 865 1934 discessum
906 1879 1081 1935 autem
1131 1897 1196 1935 ex
1247 1882 1354 1945 illa,
1405 1897 1528 1935 cum
1587 1883 1861 1936 dimissum
1895 1883 2156 1937 theatrum

572 1969 749 2034 fuerit,
780 1986 885 2024 non
914 1971 1036 2024 licet
1064 1971 1291 2039 amplius
1340 1973 1780 2026 medicamentum
1830 1975 1963 2028 actis
2002 1976 2160 2028 rebus

573 2062 830 2130 reperire,
855 2077 1028 2131 neque
1056 2063 1263 2116 veniam
1289 2073 1446 2131 atque
1472 2065 1892 2127 excusationem,
1916 2065 2009 2118 sed
2037 2083 2161 2132 sup-

577 2151 736 2218 plicio
757 2150 894 2204 afﬁci
922 2151 1172 2220 deinceps
1195 2167 1412 2207 necesse
1441 2163 1541 2219 est,
1565 2153 1702 2222 quod
1731 2162 1785 2208 et
1807 2163 1930 2207 tunc
1961 2164 2161 2222 tempo-

576 2243 652 2295 ris
677 2243 888 2297 accidit.
921 2243 1205 2312 Postquam
1256 2245 1396 2298 enim
1429 2259 1656 2313 sponsus
1679 2244 1913 2308 advenit,
1952 2246 2159 2314 bzequi-

577 2331 699 2386 dem
728 2331 979 2402 ingressa:
1003 2342 1144 2396 sunt,
1165 2350 1283 2404 quae
1300 2335 1570 2403 lampades
1593 2349 1844 2389 accensas
1863 2335 2160 2406 habebant;

577 2431 632 2475 at
659 2421 760 2476 illa:
785 2438 906 2477 eum
956 2425 1178 2489 tardius,
1209 2441 1366 2496 quam
1399 2435 1455 2478 ut
1482 2425 1684 2495 ingredi
1716 2436 1947 2494 possent,
1997 2428 2158 2481 adveo

580 2514 802 2580 nissent,
832 2517 1047 2570 thalami
1078 2516 1218 2570 fores
1261 2519 1554 2587 pulsarunt,
1601 2528 1655 2573 et
1700 2521 1989 2574 terribilem
2019 2522 2158 2574 illam

577 2621 762 2661 vocem
781 2609 1077 2666 audierunt.
1101 2610 1373 2676 Discedite,
1404 2613 1568 2663 nescio
1595 2628 1680 2664 vos
1701 2611 1910 2682 (Matth.
1933 2612 2023 2667 25.
2049 2613 2158 2682 1‘2).

580 2699 742 2754 Vides
764 2702 908 2754 illum
937 2719 1119 2755 rursus
1147 2718 1266 2757 eum
1297 2703 1498 2758 honore
1539 2703 1774 2768 afﬁcere,
1808 2715 1915 2758 tum
1951 2721 2161 2774 ptenam

579 2794 806 2858 inferre;
838 2811 959 2848 cum
987 2811 1263 2860 coronare,
1310 2806 1415 2850 tum
1444 2799 1662 2866 punire;
1711 2815 1830 2852 cum
1860 2799 2161 2864 admittere,

579 2891 692 2936 tum
719 2885 986 2954 ablegare,
1013 2895 1171 2956 atque
1197 2889 1470 2957 utriusque
1488 2888 1842 2957 partisjudicii
1861 2901 2161 2958 compotem

581 2978 736 3030 esse?
769 2977 879 3030 lloc
906 2987 960 3032 et
989 2978 1042 3030 in
1073 2979 1248 3043 vinea,
1281 2979 1382 3034 hoc
1413 2989 1468 3034 et
1503 2981 1554 3034 in
1592 2982 1824 3051 quinque
1855 2998 1919 3036 ac
1961 2984 2166 3037 duobus

582 3067 813 3130 talentis,
839 3078 892 3121 et
926 3085 1032 3122 uno
1058 3071 1202 3123 cerni
1233 3079 1441 3139 potest:
1466 3087 1586 3125 nam
1615 3073 1734 3126 illos
1764 3073 1974 3142 quidem
2005 3089 2164 3129 exce-

585 3159 680 3226 pit,
705 3168 756 3212 et
778 3159 842 3212 ad
873 3159 1072 3230 majora
1102 3161 1412 3227 introduxit,
1435 3162 1575 3216 hunc
1595 3174 1769 3218 autem
1797 3165 2028 3219 vinctum
2052 3181 2165 3234 pro-

577 3249 671 3320 jici
702 3252 752 3304 in
785 3253 1075 3306 exteriores
1101 3254 1345 3307 tenebras
1373 3254 1669 3322 imperavit.

655 3343 708 3396 5.
729 3342 831 3397 Sed
860 3344 978 3413 quis
1007 3360 1190 3398 eorum
1215 3346 1444 3399 multus‘
1462 3355 1545 3400 est
1569 3362 1766 3411 sermo,
1791 3350 1870 3402 vel
1891 3351 2064 3418 potius
2079 3351 2166 3419 qui

585 3435 803 3488 multam
835 3437 1154 3490 dementiam
1201 3437 1436 3492 redolet?
1463 3438 1635 3493 Habet
1664 3439 1748 3494 ille
1793 3441 2004 3510 quidem
2047 3455 2164 3496 cum

588 3529 862 3598 puniendi,
897 3538 1005 3582 tum
1037 3531 1325 3584 coronandi
1363 3539 1701 3600 potestatem,
1747 3546 1868 3586 cum
1906 3535 2164 3588 aflieiendi

587 3621 867 3689 supplicio,
896 3629 1004 3673 tum
1035 3622 1247 3691 prtemia
1277 3622 1605 3685 conferendi,
1635 3623 1726 3678 sed
1755 3637 2056 3693 supremam
2080 3639 2167 3679 se-

587 3713 669 3767 dis
690 3713 1112 3783 prmregativam,
1137 3715 1323 3784 inquit,
1348 3724 1401 3770 et
1419 3716 1732 3770 altissimum
1757 3717 2009 3772 honorem
2031 3717 2170 3772 hunc

587 3805 716 3858 dare
739 3821 894 3858 suum
923 3821 1027 3859 non
1055 3821 1174 3860 esse
1196 3806 1348 3860 dixit.
1375 3806 1553 3876 Itaque
1581 3809 1627 3862 si
1656 3808 1789 3862 nihil
1819 3809 1934 3879 ejus
1965 3810 2169 3863 calculo

586 3897 915 3951 subtractum
959 3913 1076 3952 esse
1116 3899 1448 3968 cognoveris,
1479 3915 1603 3953 num
1645 3900 1714 3954 ab
1745 3901 1840 3954 hac
1870 3903 2167 3968 importuna

587 3991 925 4044 contentione
942 3988 1202 4043 desistes?
1220 3988 1354 4042 Audi
1371 4005 1498 4060 ergo
1520 4006 1702 4045 rursus
1721 4007 1843 4046 eum
1867 3992 2128 4047 dicentem
2151 4011 2164 4045 :

589 4081 746 4134 Pater
771 4098 870 4134 non
891 4081 1090 4149 judicat
1118 4097 1435 4150 quemquam,
1485 4083 1574 4136 sed
1620 4100 1766 4137 omne
1782 4084 2035 4153 judicium
2075 4086 2168 4139 de-

590 4176 664 4228 dit
691 4174 828 4228 Filio
853 4174 1026 4243 (Joan.
1057 4175 1111 4229 5.
1142 4175 1254 4246 22).
1285 4175 1341 4229 Si
1369 4191 1494 4245 ergo
1514 4175 1769 4244 judicium
1800 4176 1959 4230 habet
1983 4192 2162 4243 onme,

593 4265 724 4319 nihil
753 4264 870 4335 ejus
894 4265 1098 4320 calculo
1125 4265 1504 4334 sententizeque
1533 4266 1858 4322 subtractum
1897 4279 1976 4322 est
2001 4287 2013 4322 :
2044 4284 2167 4323 nam

591 4358 682 4426 qui
709 4357 963 4427 judicium
1005 4357 1164 4412 habet
1194 4373 1382 4423 omne,
1431 4368 1744 4428 potestatem
1786 4360 1941 4415 habet
1981 4377 2168 4416 omnes

589 4464 712 4503 cum
745 4449 1017 4518 puniendi,
1043 4459 1149 4502 tum
1169 4451 1479 4505 coronandi.
1515 4452 1640 4506 lllud
1664 4463 1860 4515 autem,
1884 4455 2038 4520 dedit,
2066 4455 2165 4511 hoc

589 4541 709 4596 loco
732 4557 796 4594 ne
815 4541 1084 4594 hominum
1106 4557 1252 4596 more
1272 4544 1788 4611 accipias,earissime
1810 4562 1821 4596 :
1841 4560 2011 4615 neque
2026 4547 2166 4600 enim

596 4646 700 4685 non
720 4630 931 4686 habenti
954 4631 1117 4694 dedit,
1149 4648 1245 4688 nec
1272 4633 1634 4702 imperfectum
1659 4637 1862 4704 genuit,
1889 4652 2060 4706 neque
2079 4655 2170 4707 po.

590 4723 786 4776 sterius
809 4723 880 4775 illi
911 4723 1160 4776 adnatum
1183 4733 1297 4778 est:
1331 4725 1422 4779 sed
1446 4726 1590 4792 illud,
1614 4727 1769 4793 dedit,
1795 4727 1895 4783 hoc
1911 4730 2007 4782 sibi
2035 4731 2164 4797 vult,

590 4815 750 4868 talem
781 4813 928 4867 illum
959 4815 1172 4884 genuit,
1222 4815 1543 4884 perfectum,
1592 4816 1889 4872 absolutum
1925 4838 1936 4872 :
1983 4836 2165 4875 verum

592 4906 693 4961 hac
717 4921 842 4960 usus
862 4916 942 4961 est
971 4906 1222 4972 dictione,
1254 4923 1320 4962 ne
1340 4908 1471 4961 duos
1495 4911 1701 4975 genitos
1717 4910 1989 4965 arbitreris
2010 4912 2166 4978 Deos,

593 4998 684 5051 sed
719 5006 777 5051 ut
801 4998 1031 5052 radicem
1053 5008 1108 5052 et
1131 4995 1356 5052 fructum
1386 4999 1612 5062 noveris,
1648 5015 1751 5054 non
1781 5009 1838 5053 ut
1866 5001 1965 5055 hoc
1991 5003 2065 5054 illi
2085 5018 2171 5070 po-

593 5089 787 5143 sterius
814 5088 1062 5142 adnatum
1093 5104 1212 5144 esse
1239 5089 1534 5144 arbitreris.
1561 5089 1691 5144 Nam
1721 5101 1771 5144 et
1810 5091 2166 5160 interrogatus

590 5181 737 5244 alibi,
768 5180 905 5250 Ergo
934 5197 1023 5234 rex
1049 5197 1099 5233 es
1129 5193 1182 5233 tu
1207 5179 1383 5251 (Joan.
1417 5181 1501 5235 l8.
1529 5181 1659 5253 56)?
1699 5197 1803 5236 non
1843 5197 1902 5236 se
1943 5199 2164 5253 regnum

595 5274 864 5340 accepisse
893 5273 1043 5337 dixit,
1074 5289 1177 5327 non
1209 5274 1310 5328 sibi
1339 5289 1557 5344 regnum
1589 5276 1848 5344 posterius
1886 5290 2004 5330 esse
2037 5277 2169 5332 dixit

594 5366 928 5430 attributum,
953 5366 1068 5431 sed,
1102 5366 1209 5436 Ego
1235 5367 1286 5419 in
1316 5367 1408 5420 hoc
1433 5375 1578 5419 natus
1605 5383 1735 5420 sum.
1763 5367 1814 5421 Si
1840 5383 1930 5421 rex
1957 5368 2170 5424 absolu-

594 5465 682 5510 tus
709 5465 792 5511 est
831 5467 1008 5523 natus,
1055 5460 1270 5513 omnino
1307 5471 1360 5514 et
1394 5460 1622 5529 jndicem
1665 5475 1724 5513 ac
1762 5461 2167 5530 disceptatorem

598 5549 744 5601 illum
774 5564 893 5602 esse
922 5550 1114 5618 liquet:
1146 5551 1282 5619 regis
1305 5553 1449 5604 enim
1479 5560 1560 5604 est
1592 5553 1820 5604 maxime
1842 5552 2079 5619 judicare
2107 5568 2170 5610 ac

596 5639 915 5707 disceptare,
972 5641 1201 5695 honores
1247 5642 1489 5706 deferre,
1537 5653 1591 5696 et
1629 5643 1886 5712 supplicio
1935 5645 2166 5702 afﬁcere.

661 5755 675 5785 ι
712 5761 919 5812 quatuor
943 5761 1068 5815 Mss,
1094 5769 1249 5818 asper,
1277 5771 1380 5819 pro,
1405 5759 1614 5819 multus;
1638 5771 1730 5808 nec
1752 5761 1892 5807 male.

2260 408 2488 464 Aliunde
2515 423 2727 479 quoque
2752 411 2946 478 poterit
2971 411 3109 464 istud
3134 411 3373 479 intelligi.
3401 425 3666 479 supernos
3684 411 3830 464 etiam

2261 499 2491 553 honores
2516 501 2749 555 tribuere
2774 501 2827 554 in
2861 501 3026 569 ipsius
3057 510 3318 570 potestate
3348 502 3508 558 situm
3535 517 3679 555 esse.
3710 501 3832 554 Cum

2259 591 2398 643 enim
2422 601 2734 646 cunctorum
2775 592 3050 646 hominum
3081 594 3338 662 optimum
3369 594 3422 647 in
3451 593 3693 647 medium
3719 608 3832 661 pro-

2258 679 2584 746 duxerimus,
2619 691 2672 736 et
2703 683 2840 736 hunc
2869 683 3023 737 abeo
3049 683 3218 737 fuisse
3233 693 3548 737 coronatum
3592 682 3835 736 ostende-

2260 773 2445 838 rimus,
2471 774 2590 841 quis
2616 773 2942 827 excusationi
2987 784 3179 828 vestrae
3226 774 3477 843 deinceps
3505 775 3660 827 locus
3683 772 3836 826 relin-

2258 863 2481 932 quetur?
2509 865 2637 930 Quis
2657 865 2813 934 igitur
2837 873 2918 919 est
2939 865 3026 919 ille
3057 864 3268 920 tandem
3299 865 3534 919 omnium
3565 864 3837 918 hominum

2259 955 2524 1023 optimus?

2333 1045 2488 1100 Pauli
2518 1048 2746 1116 Apostoli
2773 1049 3070 1102 ent-omium.
3087 1078 3158 1087 —
3177 1048 3306 1114 Quis
3333 1063 3526 1117 nempe
3553 1047 3718 1110 alius.
3746 1048 3840 1101 nisi

2260 1137 2437 1206 opifex
2458 1139 2546 1193 ille
2565 1139 3044 1205 tabernaculorum,
3069 1140 3256 1194 doctor
3274 1140 3417 1194 orbis
3445 1150 3734 1203 terrarum,
3759 1143 3842 1206 qui

2260 1247 2406 1284 mare
2440 1240 2704 1298 tamquam
2732 1231 2903 1284 alatus
2934 1232 3213 1298 percurrit,
3239 1247 3332 1286 vas
3359 1231 3663 1291 electionis,
3689 1231 3841 1284 (lliri-

2261 1324 2328 1377 sti
2355 1325 2655 1391 nuptiarum
2684 1339 2903 1392 auspex.
2934 1325 3185 1378 Ecclesia:
3214 1325 3477 1391 fundator,
3508 1326 3728 1393 sapiens
3762 1342 3842 1377 ar-

2261 1415 2538 1477 chitectus,
2594 1430 2787 1482 [ιι-ενα),
2837 1430 3044 1481 cursor,
3094 1415 3314 1482 athleta,
3372 1417 3547 1483 miles,
3583 1420 3843 1487 palmstra:

2263 1504 2529 1576 magister,
2573 1505 2660 1573 qui
2690 1505 2884 1573 ubique
2917 1515 3179 1561 terrarum
3210 1517 3552 1562 monumenta
3591 1525 3705 1562 sum
3739 1509 3842 1561 vir-

2264 1597 2388 1650 tutis
2413 1597 2646 1666 reliquit,
2674 1597 2763 1666 qui
2793 1599 3002 1651 tertium
3032 1598 3084 1651 in
3115 1599 3300 1652 Caelum
3338 1612 3460 1653 ante
3491 1603 3845 1654 resurrectio-

2266 1703 2385 1741 nem
2430 1697 2612 1756 raptus
2642 1697 2743 1752 est,
2773 1690 2859 1757 qui
2891 1688 2941 1742 in
2973 1688 3270 1757 paradisum
3302 1690 3561 1754 sublatus,
3603 1692 3697 1760 qui
3726 1709 3844 1760 my-

2265 1784 2542 1837 steriorum
2575 1783 2919 1836 ineffabilium
2953 1784 3215 1854 particeps
3241 1799 3268 1836 a
3302 1783 3410 1837 Deo
3438 1785 3630 1848 factus,
3660 1786 3751 1854 qui
3772 1797 3845 1837 ta-

2265 1874 2330 1927 lia
2354 1875 2552 1927 audivit
2580 1885 2632 1928 et
2661 1874 2910 1942 loquutus
2931 1885 3030 1938 est,
3059 1890 3178 1943 qua:
3201 1884 3398 1928 natura:
3423 1875 3565 1945 loqui
3593 1892 3700 1929 non
3725 1878 3843 1931 licet

2266 1967 2530 2031 humanm,
2564 1967 2652 2036 qui
2680 1968 2902 2035 gratiam
2930 1967 3282 2034 c0piosiorem
3315 1969 3562 2032 obtinuit,
3591 1980 3649 2024 et
3672 1969 3843 2038 majo-

2265 2075 2374 2112 rem
2407 2058 2642 2111 laborem
2674 2058 2944 2111 exhibuit?
2972 2058 3096 2112 Plus
3139 2069 3315 2112 autem
3357 2076 3514 2127 quam
3562 2076 3755 2115 omnes
3789 2076 3842 2116 se

2266 2151 2554 2210 laborasse,
2612 2149 2784 2217 ipsum
2837 2150 3103 2204 dicentem
3152 2151 3313 2204 audi:
3355 2152 3710 2206 Abundantius
3749 2153 3842 2206 illis

2264 2242 2490 2295 omnibus
2518 2241 2738 2295 laboravi
2769 2241 2841 2313 (l.
2885 2241 3001 2295 Cor.
3047 2243 3132 2296 15.
3182 2240 3270 2308 10)
3294 2259 3310 2297 :
3333 2244 3470 2311 quod
3498 2245 3543 2298 si
3571 2245 3842 2298 abundan-

2265 2333 2390 2400 tius,
2442 2348 2600 2401 quam
2648 2348 2854 2393 omnes,
2904 2334 3112 2386 labores
3163 2334 3431 2397 sustinuit,
3485 2335 3839 2389 abundantius

2264 2426 2424 2480 etiam
2451 2426 2808 2480 coronabitur.
2843 2425 3192 2497 Unusquisque
3219 2428 3347 2480 enim
3376 2430 3633 2497 propriam
3661 2446 3841 2482 merce-

2265 2518 2376 2570 dem
2425 2519 2632 2587 accipiet
2657 2518 2929 2572 secundum
2976 2520 3236 2587 prOprium
3274 2520 3492 2572 laborem
3523 2520 3634 2592 (Id.
3674 2524 3727 2576 3.
3767 2523 3841 2585 εξ.

2267 2609 2322 2661 Si
2352 2624 2480 2678 ergo
2508 2610 2760 2677 majorem
2786 2625 2940 2678 quam
2974 2611 3210 2679 Apostoli
3241 2627 3489 2664 coronam
3519 2614 3714 2682 accipit
3733 2615 3839 2682 (ue-

2268 2716 2356 2754 mo
2385 2715 2544 2769 porro
2571 2701 2739 2768 potuit
2764 2701 3046 2770 Apostolos
3075 2716 3308 2770 aequare,
3336 2703 3528 2771 quibus
3557 2702 3642 2756 hic
3669 2714 3840 2758 tamen

2267 2794 2438 2863 major
2467 2793 2618 2863 fuit):
2648 2793 2785 2847 haud
2817 2794 3033 2848 dubium
3072 2796 3198 2864 quin
3225 2811 3529 2864 supremum
3562 2796 3712 2848 illum
3745 2797 3841 2848 ho-

2269 2901 2454 2940 norem
2479 2895 2533 2940 et
2558 2886 2700 2940 sedis
2723 2887 3118 2955 prterogativam
3143 2887 3214 2940 sit
3241 2897 3702 2955 consequuturus:
3729 2888 3841 2956 quis

2269 2979 2416 3033 illum
2446 2979 2602 3050 igitur
2627 2980 2936 3034 coronabit?
2963 2980 3136 3049 Ipsum
3163 2980 3425 3034 dicentem
3459 2981 3578 3033 audi
3608 3000 3620 3034 :
3648 2981 3843 3034 Bonum

2268 3081 2519 3125 certamen
2540 3072 2745 3138 certavi,
2773 3089 2974 3125 cursum
2993 3074 3352 3138 consummavi,
3374 3074 3526 3140 ﬁdem
3550 3076 3761 3127 servavi.
3782 3075 3843 3126 In

2268 3162 2459 3231 reliquo
2485 3165 2704 3233 reposita
2733 3173 2803 3216 est
2846 3163 2968 3215 mihi
2996 3180 3181 3216 corona
3202 3165 3433 3232 justitite,
3481 3182 3631 3232 quant
3675 3166 3843 3218 reddet

2268 3255 2393 3307 mihi
2430 3252 2678 3308 Dominus
2701 3255 2753 3307 in
2781 3255 2870 3308 illa
2898 3257 2980 3308 die
2997 3255 3169 3323 justus
3202 3256 3364 3324 judea:
3393 3255 3465 3324 (Ξ.
3510 3255 3643 3308 Tim.
3681 3256 3732 3308 4.
3765 3256 3839 3319 7).

2270 3345 2428 3401 Pater
2447 3363 2546 3400 non
2562 3347 2764 3416 judicat
2790 3363 3108 3416 quemquam,
3149 3347 3236 3400 sed
3263 3363 3408 3399 omne
3423 3347 3680 3414 judicium
3712 3347 3843 3398 dedit

2272 3437 2408 3492 Filio
2429 3438 2610 3508 (Joan.
2639 3438 2691 3492 5.
2723 3437 2838 3507 22).
2883 3438 3064 3508 Neque
3091 3453 3219 3492 vero
3247 3447 3447 3491 tantum
3488 3438 3609 3491 inde
3637 3449 3844 3490 constu

2272 3530 2432 3595 istud,
2479 3531 2570 3584 sed
2602 3533 2760 3584 etiam
2791 3531 2968 3596 exiis,
3009 3545 3126 3601 qua:
3164 3539 3490 3600 sequuntur:
3517 3530 3638 3582 Non
3689 3533 3840 3583 solum

2269 3633 2436 3675 autem
2467 3623 2609 3687 milii,
2639 3623 2726 3675 sed
2745 3631 2790 3675 et
2817 3623 3046 3676 omnibus
3071 3625 3156 3690 qui
3182 3623 3449 3676 dilexerint
3475 3624 3841 3692 apparitionem

2271 3716 2381 3783 ejus
2407 3714 2483 3784 (2.
2506 3714 2638 3767 Tim.
2664 3716 2716 3769 4.
2741 3713 2820 3786 8).
2841 3715 3128 3784 Cujusnam
3155 3730 3314 3784 porro
3336 3715 3448 3767 hsce
3472 3716 3738 3783 apparitio
3757 3719 3836 3768 sit.

2271 3804 2392 3858 audi
2424 3819 2546 3860 cum
2595 3806 2683 3874 qui
2730 3814 2939 3860 narrat:
2970 3805 3216 3875 Apparuit
3258 3806 3420 3875 gratia
3463 3803 3560 3857 Dei
3609 3806 3841 3858 salutaris

2271 3895 2500 3949 omnibus
2528 3896 2832 3957 hominibus,
2865 3895 3096 3949 erudiens
3126 3912 3236 3957 nos,
3267 3904 3319 3946 ut
3345 3895 3646 3964 abnegantes
3673 3896 3842 3960 impie.-

2272 4001 2442 4055 tatem,
2473 4001 2519 4044 et
2547 3991 2812 4044 swcularia
2840 3990 3106 4054 desideria,
3139 3989 3302 4042 sobrie
3338 3998 3384 4040 et
3400 3989 3560 4058 juste,
3588 3999 3637 4040 et
3667 3990 3750 4058 pie
3771 3991 3844 4039 ri-

2270 4097 2442 4136 vamus
2470 4082 2521 4134 in
2549 4081 2641 4134 hoc
2677 4081 2862 4134 steculo
2880 4096 2898 4133 :
2925 4089 3262 4149 exspectantes
3292 4079 3483 4131 beatam
3509 4095 3646 4147 spem
3676 4090 3724 4132 et
3754 4096 3841 4146 ap-

2272 4173 2568 4242 paritionem
2594 4171 2770 4242 gloria:
2796 4172 2966 4242 magni
3000 4171 3112 4234 Dei,
3142 4180 3186 4224 et
3216 4169 3498 4225 Saluatoris
3538 4173 3703 4224 nostri
3728 4170 3845 4224 Iesu

2272 4265 2457 4320 Christi
2483 4264 2609 4334 (Tit.
2631 4264 2685 4316 2.
2714 4265 2826 4334 Η).

2343 4379 2397 4433 4.
2442 4377 2554 4442 Quo
2583 4393 2731 4432 sensu
2757 4377 2985 4432 Christus
3009 4379 3214 4444 dixerit,
3245 4377 3359 4432 Non
3388 4386 3470 4434 est
3494 4392 3675 4432 meum
3699 4377 3844 4431 dare.

2271 4468 2470 4525 -—Sed
2512 4470 2595 4523 hic
2622 4469 2833 4538 quidem
2868 4484 3056 4538 pugna,
3103 4485 3206 4539 qua
3247 4485 3367 4523 cum
3410 4469 3682 4523 haereticis
3724 4484 3847 4522 oon-

2272 4563 2436 4629 gressi
2456 4576 2658 4622 smnus,
2681 4561 2835 4614 ﬁnem
2855 4560 3034 4624 habet,
3049 4561 3259 4629 jamque
3284 4569 3535 4628 tropaeum
3557 4561 3843 4623 ereximus,

2272 4665 2326 4708 et
2345 4653 2617 4708 victoriam
2646 4653 2943 4718 retulimus,
2967 4666 3085 4705 cum
3111 4668 3175 4705 ex
3201 4651 3265 4703 iis
3284 4650 3547 4714 omnibus,
3569 4666 3692 4720 qua:
3709 4665 3847 4703 com.

2273 4753 2561 4798 memorata
2584 4751 2726 4807 sunt,
2753 4743 2804 4795 in
2831 4741 2948 4811 ejus
2975 4756 3093 4796 esse
3121 4748 3380 4809 potestate
3421 4740 3582 4793 situm
3610 4739 3847 4793 docueri-

2274 4851 2412 4899 mus,
2443 4852 2562 4891 cum
2607 4835 2897 4889 honoribus
2922 4835 3213 4898 cumulare,
3247 4841 3356 4886 tum
3385 4847 3541 4902 ptena
3569 4832 3842 4893 mulctare,

2274 4938 2453 4998 utpote
2482 4929 2568 4998 qui
2595 4937 2646 4982 et
2674 4942 2832 4983 omne
2851 4927 3105 4997 judicium
3133 4927 3342 4991 habeat,
3371 4933 3425 4980 et
3450 4925 3693 4979 omnium
3715 4925 3843 4993 Opti-

2273 5039 2416 5076 mum
2443 5031 2682 5089 coronet,
2710 5037 2773 5076 ac
2796 5021 3048 5076 victorem
3073 5021 3392 5090 pronuntiet,
3415 5027 3468 5072 et
3490 5018 3541 5071 in
3568 5017 3675 5072 illis
3699 5032 3844 5086 para-

2277 5112 2414 5167 bolis
2442 5122 2724 5182 utrumque
2744 5112 3076 5182 prmstiterit:
3109 5110 3202 5166 sed
3223 5109 3328 5180 jam
3351 5107 3604 5177 deinceps
3622 5115 3840 5177 oportet,

2277 5213 2335 5257 ut
2357 5203 2736 5258 dubitationem
2764 5220 2827 5258 ex
2849 5204 3040 5258 animis
3058 5202 3275 5258 fratrum
3293 5201 3608 5264 eximamus,
3628 5212 3681 5253 et
3696 5215 3839 5269 quam

2274 5295 2342 5349 ob
2368 5309 2581 5349 causam
2619 5296 2687 5348 ita
2727 5295 2938 5361 dixerit,
2981 5295 3298 5350 doceamus:
3323 5293 3442 5347 Non
3471 5302 3543 5345 est
3565 5309 3733 5345 meum
3760 5295 3840 5340 hoc

2274 5388 2656 5441 dare:multos
2699 5389 2838 5442 enim
2878 5403 2943 5443 ex
2984 5403 3167 5442 eorum
3198 5388 3492 5446 occasione.
3540 5400 3664 5452 qua:
3714 5383 3839 5436 dicta

2275 5488 2418 5543 sunt,
2447 5480 2793 5548 quaestionem
2822 5495 3034 5533 movere
3062 5479 3320 5533 arbitror:
3355 5487 3411 5530 ut
3441 5475 3602 5544 igitur
3627 5484 3683 5528 et
3711 5490 3841 5543 qum-

2275 5572 2500 5625 stionem
2525 5571 2810 5638 solvamus,
2839 5581 2891 5625 et
2915 5570 3363 5643 perturbationem
3391 5565 3553 5620 animi
3577 5579 3838 5622 sedemus.

2277 5662 2550 5728 attendite,
2583 5676 2783 5732 quaeso,
2824 5663 3079 5726 animum,
3113 5669 3167 5715 et
3195 5670 3423 5715 mentem
3453 5668 3686 5711 vestram
3714 5671 3838 5723 pra:-

2283 5763 2499 5820 parate:
2523 5753 2690 5821 major
2715 5753 2907 5822 quippe
2924 5759 3035 5823 jam
3065 5753 3189 5806 mihi
3239 5751 3382 5805 labor
3423 5748 3709 5804 incumbit:
3739 5763 3836 5798 non
