3926 6234
109 419 214 474 773

108 535 257 585 enim
282 532 506 603 :equalis
535 541 614 586 est
646 531 910 587 facilitatis
933 548 1164 602 pugnare
1187 541 1239 586 et
1256 532 1470 593 docere.
1494 532 1699 587 hostem

106 623 401 677 vulnerare
431 634 480 677 et
520 623 867 677 domesticum
912 623 1182 694 corrigere
1209 638 1225 684 :
1256 623 1349 678 sed
1380 622 1499 692 plus
1522 624 1572 677 in
1606 622 1705 676 hoc

108 713 243 765 mihi
274 714 439 766 studii
461 713 839 766 conferendum
864 722 966 773 est,
990 721 1045 766 ut
1070 729 1238 782 neque
1258 715 1549 767 membrum
1568 713 1704 767 clau-

104 804 302 855 dicans
334 804 614 872 uegligam,
641 820 809 871 neque
841 805 1199 871 perturbatum
1230 821 1545 873 quemquam
1578 821 1701 872 prm-

107 897 430 949 termittam.
458 897 583 949 Dico
606 898 769 957 enim,
814 895 906 949 sed
948 912 1014 949 ne
1042 897 1330 963 percellant
1358 911 1451 949 vos
1489 913 1605 965 qua:
1631 897 1707 949 di-

102 996 330 1048 cuntur,
356 1002 530 1054 neque
555 987 871 1048 turbt-mini;
909 1003 1014 1039 non
1046 987 1186 1041 enim
1217 997 1416 1039 tantum
1448 986 1564 1039 Filii
1596 1003 1697 1039 non

104 1094 223 1130 esse
249 1077 543 1141 contendo,
571 1076 663 1130 sed
696 1093 863 1146 neque
890 1076 1089 1138 Patris,
1117 1086 1167 1130 et
1198 1077 1298 1130 hoc
1328 1093 1516 1144 magna
1546 1077 1697 1129 tuba-

104 1185 206 1236 que
251 1169 472 1222 clariori
514 1184 645 1223 voce
687 1170 975 1237 proclamo,
1002 1185 1171 1238 neque
1203 1170 1367 1240 ipsius
1391 1186 1509 1224 esse
1540 1170 1690 1235 dare,

106 1276 285 1329 neque
314 1259 454 1313 adeo
475 1259 647 1313 Patris
674 1260 860 1328 ipsius.
882 1257 938 1314 Si
966 1260 1106 1314 enim
1134 1261 1296 1329 ipsius
1317 1270 1478 1325 esset,
1509 1271 1560 1314 et
1595 1260 1695 1313 Pa—

104 1352 199 1404 tris
245 1361 431 1404 esset:
454 1351 497 1403 si
530 1351 698 1404 Patris
727 1359 886 1412 esset,
919 1360 972 1404 et
1014 1351 1179 1420 ipsius
1218 1360 1390 1405 esset:
1419 1361 1692 1419 propterea

104 1458 207 1495 non
238 1441 385 1495 dixit
416 1441 518 1495 illis
543 1441 873 1511 simpliciter,
900 1456 1006 1495 non
1035 1452 1114 1497 est
1146 1458 1317 1495 meum
1347 1442 1472 1496 dare
1492 1444 1506 1473 ¹
1527 1484 1540 1499 .
1559 1442 1693 1509 Quid

102 1533 308 1602 igitur?
341 1532 464 1587 Non
507 1542 582 1587 est
621 1550 782 1585 meum
813 1533 953 1595 dare,
983 1534 1071 1587 sed
1110 1532 1285 1601 quibus
1326 1544 1557 1604 paratum
1584 1547 1653 1587 cst
1675 1551 1695 1586 :

101 1625 371 1693 significat
394 1641 563 1694 neque
593 1624 757 1695 ipsius
777 1639 916 1687 esse,
942 1640 1112 1693 neque
1140 1625 1329 1682 Patris.
1357 1626 1446 1679 sed
1471 1626 1691 1678 aliorum

100 1717 485 1782 quorumdam.
530 1715 667 1785 Quid
712 1732 839 1787 ergo
883 1715 983 1770 sibi
1026 1716 1137 1769 vult
1178 1715 1374 1769 dictum
1410 1716 1568 1769 illud’
1605 1715 1692 1771 Sic

100 1807 243 1859 enim
278 1808 521 1861 arbitror
550 1808 697 1861 vobis
722 1816 931 1862 auctam
960 1821 1076 1861 esse
1108 1808 1583 1877 perturbationem.
1630 1822 1691 1861 ac

102 1897 373 1967 majorem
400 1899 782 1953 dubitationem
812 1908 1072 1961 exortam,
1105 1908 1158 1952 et
1185 1900 1375 1953 anxios
1402 1916 1496 1953 vos
1524 1916 1642 1954 esse
1676 1921 1687 1951 :

100 2004 478 2044 verumtamen
505 1991 663 2045 nolite
685 1992 903 2053 timere;
931 2006 1033 2043 non
1061 1992 1200 2043 enim
1227 1991 1495 2056 desistam,
1524 1993 1689 2045 donec

100 2082 433 2136 solutionem
478 2082 800 2152 adjunxero:
833 2084 988 2137 sinite
1018 2094 1216 2136 tantum
1251 2094 1307 2138 ut
1352 2085 1506 2153 paulo
1533 2086 1690 2139 altius

101 2174 311 2226 initium
350 2174 609 2227 orationis
635 2190 923 2238 arcessam,
956 2175 1094 2241 quod
1124 2176 1279 2229 aliter
1304 2176 1413 2229 lieri
1442 2186 1685 2244 nequeat.

99 2277 153 2319 ut
176 2266 420 2319 dilucide
462 2267 622 2320 menti
645 2278 834 2320 VCSll‘iB
863 2268 1036 2319 omnia
1065 2268 1517 2321 commendentur.
1554 2268 1686 2335 Quid

96 2370 221 2421 ergo
249 2355 362 2408 sibi
390 2357 519 2415 vult,
549 2356 685 2423 quod
715 2366 793 2409 est
818 2356 1049 2410 dictum?
1078 2356 1206 2410 Cum
1237 2372 1294 2411 se
1323 2360 1579 2426 reciperet
1602 2358 1692 2409 Je-

100 2447 433 2515 rosolymam
461 2446 636 2507 Jcsus,
668 2447 890 2503 accessit
928 2464 1045 2501 cum
1097 2449 1216 2502 liliis
1260 2463 1427 2503 mater
1458 2451 1683 2503 tlliorum

96 2533 576 2597 ZebedaaiJacobi
597 2534 907 2595 etloanuis,
928 2535 1006 2587 sic
1035 2550 1156 2588 eum
1176 2534 1480 2603 alloquens,
1516 2533 1613 2586 Dic
1642 2544 1696 2584 ut

103 2630 330 2685 sedeant
354 2629 408 2680 hi
428 2628 531 2680 duo
551 2628 651 2696 ﬁlii
668 2626 767 2679 mei
787 2643 919 2677 unus
940 2626 1007 2678 ad
1027 2626 1297 2679 dexterum
1326 2638 1697 2690 tuaut,etuuus

102 2726 173 2774 ad
188 2722 489 2775 sinistram
514 2730 657 2770 tuam
683 2716 879 2786 (Marc.
907 2718 993 2771 10.
1014 2718 1101 2787 57)
1124 2737 1134 2770 :
1157 2720 1293 2771 alter
1324 2729 1506 2771 autem
1533 2735 1699 2772 evan-

109 2813 309 2879 gelista
335 2809 475 2863 ﬁlios
499 2809 614 2861 haec
632 2828 657 2859 ει
675 2807 895 2861 Christo
930 2807 1149 2877 petiisse
1179 2808 1315 2861 dixit
1340 2828 1351 2861 ε
1379 2808 1471 2862 sed
1488 2824 1593 2861 non
1614 2816 1698 2861 est

109 2912 297 2957 tanien
318 2900 692 2969 discrepantia
714 2919 725 2951 :
745 2901 1073 2968 nequeenim
1095 2909 1220 2952 sunt
1240 2900 1350 2953 haec
1365 2902 1567 2952 minuta
1589 2915 1699 2966 per-

110 2991 395 3047 currenda
423 3011 434 3044 :
466 3006 654 3044 verum
687 3007 809 3042 eum
836 3000 1063 3043 matrem
1098 2992 1457 3058 prmmisisset
1479 2994 1519 3055 ⁸,
1551 3000 1698 3060 post-

110 3099 275 3153 quam
304 3083 401 3137 illa
422 3082 581 3145 dixit,
599 3089 649 3135 et
668 3090 875 3150 portam
899 3081 1131 3150 aperuit,
1155 3083 1256 3152 ipsi
1276 3098 1492 3152 quoque
1514 3098 1696 3150 preces

112 3176 509 3233 admoverunt,
537 3172 1007 3242 nescientes,quid
1031 3172 1296 3236 dicerent,
1330 3175 1421 3227 sed
1453 3173 1697 3227 dicentes

111 3276 326 3321 tamen.
355 3263 491 3318 Nam
518 3265 644 3317 licet
672 3266 1129 3333 apostoliessent,
1160 3266 1592 3335 imperfectiores
1614 3276 1697 3319 ta-

113 3372 235 3411 men
265 3356 460 3409 adhuc
490 3364 670 3419 erant,
714 3364 972 3424 tanquam
999 3357 1131 3424 pulli
1162 3358 1514 3412 errantes'in
1549 3359 1694 3419 nido,

112 3464 234 3500 cum
255 3448 509 3502 nondum
529 3446 637 3500 illis
660 3462 847 3514 penna:
864 3448 1257 3501 sucereverint.
1276 3449 1452 3517 Atque
1468 3450 1567 3501 hoe
1584 3466 1695 3501 ma-

112 3540 258 3591 xime
293 3538 461 3591 vobis
489 3552 613 3590 esse
642 3547 827 3589 uotum
863 3545 1097 3605 oportet,
1130 3548 1257 3593 ante
1294 3542 1605 3608 passionem
1642 3544 1693 3593 in

103 3621 269 3675 multa
307 3621 434 3674 illos
448 3620 737 3690 ignorantia
758 3639 877 3679 esse
898 3637 1153 3685 versatos,
1177 3638 1499 3695 quaprOpter
1522 3639 1574 3682 et
1601 3630 1679 3682 iu-

91 3721 323 3777 crepaus
351 3726 445 3763 eos
464 3712 704 3766 dicebat:
734 3715 911 3769 Adhuc
931 3724 978 3769 et
1002 3733 1087 3771 vos
1111 3718 1218 3771 sine
1241 3720 1494 3774 intellectu
1523 3723 1638 3774 estis
1655 3723 1682 3776 7

92 3798 345 3854 Nondum
372 3805 691 3872 cognoscitis,
720 3822 809 3859 nec
832 3808 1132 3878 intelligitis,
1163 3813 1280 3878 quia
1308 3829 1409 3866 non
1443 3814 1505 3867 de
1533 3816 1676 3880 paui-

90 3888 175 3941 bus
195 3894 323 3946 dixi
349 3893 505 3956 vobis,
528 3904 692 3947 cavete
719 3913 753 3946 a
776 3900 1018 3966 fermento
1061 3898 1434 3968 Pharis¢orum
1463 3904 1672 3973 (Matth.

94 3980 171 4033 15.
203 3982 339 4051 16)Ῡ
368 3993 423 4035 et
451 4000 655 4049 rursus,
692 3986 855 4040 Multa
881 3990 1036 4044 habeo
1080 3992 1213 4045 vobis
1238 3988 1422 4056 dicere,
1461 3998 1548 4050 sed
1578 4016 1676 4053 non

88 4074 293 4134 potestis
323 4084 533 4141 portare
560 4079 708 4129 modo
738 4076 915 4149 (Joan.
934 4081 1020 4135 16.
1052 4082 1161 4152 12).
1189 4083 1368 4151 Neque
1398 4102 1522 4141 vero
1546 4090 1673 4141 sub-

88 4164 291 4217 Iuniora
329 4176 532 4221 tantum
576 4169 905 4238 ignorabant,
957 4176 1048 4228 sed
1081 4176 1186 4231 illis
1226 4180 1383 4233 etiam
1434 4196 1677 4250 saepenu-

88 4270 254 4320 mero,
288 4273 416 4327 quae
440 4260 738 4327 audierant,
768 4277 875 4332 pra:
899 4277 1037 4319 metu
1067 4285 1129 4323 ac
1156 4270 1436 4327 timiditate
1462 4277 1675 4329 excide-

87 4346 226 4413 bant,
260 4350 412 4419 quod
446 4352 546 4405 illis
570 4356 894 4423 exprobrans
919 4360 1114 4426 aiebat,
1149 4363 1311 4418 Nemo
1333 4383 1396 4420 cx
1433 4368 1565 4422 vobis
1592 4372 1671 4422 iu-

84 4449 307 4510 terrogat
340 4458 439 4506 me,
468 4443 577 4507 Quo
603 4446 780 4501 radis?
807 4448 911 4503 Sed
935 4453 1053 4521 quia
1081 4454 1187 4507 ha’c
1208 4455 1439 4525 loquutus
1456 4477 1568 4513 sum
1590 4478 1675 4515 ro-

83 4530 171 4596 bis,
197 4534 414 4586 tristitia
456 4535 677 4601 implevit
704 4555 790 4591 cor
817 4552 1032 4595 vestrum
1060 4543 1218 4615 (Ibid.
1248 4564 1294 4600 υ.
1328 4549 1384 4617 5)
1420 4567 1432 4601 :
1459 4561 1507 4603 et
1554 4567 1669 4604 rur-

82 4635 188 4711 sus,
216 4622 327 4677 Ille
353 4625 490 4678 vobis
517 4638 741 4697 suggeret
762 4633 949 4694 omnia,
992 4644 1039 4687 ct
1080 4636 1271 4691 docebit
1300 4656 1384 4694 vos
1427 4640 1535 4711 (Id.
1583 4645 1667 4697 H.

81 4710 170 4782 26)
191 4732 205 4768 :
229 4714 303 4769 de
332 4719 607 4771 Paracleto
635 4721 793 4775 verba
834 4722 1062 4779 faciens:
1091 4737 1340 4783 casterum
1366 4710 1467 4785 non
1501 4735 1667 4787 dixis-

82 4814 175 4863 εει.
201 4812 485 4873 suggeret,
519 4807 617 4860 nisi
645 4810 805 4863 multa
839 4812 959 4878 illis,
992 4831 1110 4883 quae
1140 4819 1275 4872 dicta
1308 4819 1535 4885 fuerant,
1573 4842 1667 4879 ex-

82 4894 361 4949 cidissent.
392 4895 516 4949 Haec
542 4904 716 4953 autem
741 4916 770 4953 a
799 4918 882 4957 me
911 4920 1013 4959 non
1038 4916 1236 4964 temere
1260 4926 1667 4971 commemorata

82 4998 219 5051 sum,
248 4988 351 5042 sed
383 4990 632 5057 quoniam
663 4992 846 5048 Petrus
874 4996 1032 5051 modo
1056 5001 1266 5067 quidem
1311 5004 1516 5058 videtur
1545 5022 1663 5074 pt'r-

83 5077 269 5131 lectam
297 5080 587 5147 quamdam
611 5083 997 5140 Confessionem
1022 5090 1276 5157 proferre,
1308 5095 1463 5145 modo
1492 5108 1664 5149 autem

81 5172 319 5223 omnium
352 5172 570 5224 oblitus.
598 5173 726 5227 Nam
758 5175 846 5245 qui
876 5177 1102 5244 dixerat,
1130 5179 1208 5234 Tu
1238 5200 1289 5236 es
1314 5182 1541 5238 Christus
1572 5188 1665 5241 1θί-

79 5262 173 5311 tius
197 5259 301 5314 Dei
322 5262 424 5313 vivi
439 5262 653 5330 (Matth.
680 5266 766 5319 16.
796 5266 907 5337 16),
941 5285 1001 5320 ac
1030 5282 1303 5339 propterea
1334 5275 1515 5331 beatus
1542 5296 1667 5345 prze-

78 5353 286 5406 dicatus
313 5353 509 5419 fuerat,
537 5356 793 5424 ejusmodi
820 5362 971 5428 paulo
995 5375 1110 5429 post
1132 5377 1401 5432 peccatum
1432 5370 1661 5434 admisit,

81 5455 133 5495 ut
159 5445 395 5500 Satanas
423 5445 581 5501 fuerit
623 5451 915 5518 appellatus
962 5454 1048 5508 Sic
1075 5457 1215 5509 enim
1245 5459 1338 5521 ait,
1381 5459 1517 5515 Vade
1556 5474 1664 5531 post

80 5552 172 5601 ne,
191 5540 419 5604 Sorana,
458 5541 753 5595 scandalum
779 5560 831 5599 es
854 5546 1013 5601 mihi:
1038 5550 1155 5617 quia
1180 5567 1277 5603 non
1300 5554 1437 5624 sapis
1456 5571 1533 5619 ea,
1555 5572 1666 5627 quia

143 5697 162 5768 ξ
192 5695 394 5768 lpidam
421 5702 558 5768 esss“
584 5710 676 5747 non
697 5705 950 5768 estmcum
973 5704 1110 5764 dare,
1134 5704 1220 5755 sed
1246 5708 1417 5759 Patris.

138 5757 163 5822 ξ
194 5757 396 5822 Quidam
414 5764 545 5822 iussu,
570 5758 925 5822 prwmisisscnt.

141 5818 165 5849 ⁸
194 5824 329 5867 Unus
350 5818 518 5878 hdiet,
542 5818 780 5884 plasntati.

798 418 884 472 DE
926 416 1144 474 PETIT.
1187 418 1426 474 FILIOR.
1468 414 1802 474 ZEBED/El.
1842 416 2113 472 CONTRA
2155 419 2525 475 ANOMOEOS.
2566 419 2695 479 Vill.

3289 424 3390 481 ττι

1814 528 1912 583 Dei
1929 540 2065 593 sunt,
2090 532 2177 585 sed
2198 548 2253 585 ea
2270 548 2381 602 qua’
2398 534 2653 586 hominum
2677 534 2886 602 (Matth.
2909 536 2994 591 16.
3009 535 3121 611 ’23).
3144 539 3276 608 Quid
3297 542 3394 593 ini-

1810 620 2091 687 perfectius
2130 636 2194 674 eo
2241 621 2351 685 ﬁeri
2398 624 2583 690 possit,
2614 625 2703 693 qui
2734 640 2839 679 non
2870 628 3057 696 sapiat,
3103 646 3222 699 qu:e
3267 641 3389 682 sunt

1810 710 1925 777 ejus
1955 712 1997 775 ⁸,
2032 712 2122 765 sed
2150 728 2267 781 qure
2292 720 2416 767 sunt
2446 714 2753 768 hominum?
2794 717 3080 788 Postquam
3121 723 3264 777 enim
3313 722 3386 776 illi

1807 801 1875 855 de
1896 818 2055 857 cruce
2084 804 2254 873 deque
2286 807 2675 861 resurrectione
2699 808 2857 862 verba
2888 809 3105 876 feet-rat,
3136 828 3256 866 eum
3282 832 3377 872 eo-

1806 910 1945 956 rum,
1977 911 2095 964 quzc
2118 896 2253 949 dicta
2286 895 2515 957 fuerant,
2540 897 2948 966 profunditatem
2979 902 3263 970 ignoraret,
3281 918 3378 957 ne-

1805 1001 1907 1052 que
1923 985 2029 1053 jam
2060 1002 2249 1038 arcana
2299 987 2541 1053 dogmata
2585 987 2919 1060 futuramque
2949 992 3126 1043 mundi
3155 994 3382 1048 salutem

1808 1084 1983 1143 posset
1998 1078 2468 1144 Comprehendere,
2488 1081 2769 1147 Separatim
2791 1095 3065 1133 assumens
3083 1098 3203 1135 eum
3227 1083 3379 1146 divit,

1806 1167 2065 1235 PrOpitius
2091 1170 2178 1221 tibi
2198 1181 2317 1229 esto,
2344 1169 2577 1233 Domine,
2610 1189 2706 1225 non
2735 1174 2824 1225 erit
2846 1175 2931 1225 tibi
2953 1174 3045 1225 hoc
3063 1175 3166 1243 (Ib.
3192 1191 3236 1228 υ.
3258 1175 3375 1235 22).

1805 1257 1965 1312 Vides
1996 1267 2050 1311 ut
2082 1258 2153 1311 illi
2199 1260 2325 1313 nihil
2353 1260 2418 1313 de
2448 1265 2835 1317 resurrectione
2874 1274 3024 1317 certo
3055 1266 3283 1318 scirent?
3315 1266 3381 1319 Et

1805 1349 1904 1403 hoc
1925 1351 2093 1418 ipsum
2115 1351 2352 1405 indicans
2370 1352 2704 1421 Evangelisla
2732 1353 2959 1415 diei-bat,
2989 1353 3225 1407 Nondum
3247 1356 3379 1408 enim

1800 1442 2037 1505 sciebant,
2058 1445 2176 1511 quia
2197 1454 2446 1511 oporteret
2471 1460 2582 1497 eum
2609 1461 2639 1497 a
2667 1446 2876 1497 mortuis
2904 1461 3163 1516 resurgere
3194 1446 3372 1516 (Joan.

1798 1531 1885 1586 20.
1922 1531 1997 1602 υ).
2022 1532 2171 1600 Quod
2194 1534 2235 1586 si
2262 1534 2357 1587 ista
2383 1533 2713 1597 nesciebant,
2737 1535 2905 1588 multo
2927 1538 3093 1605 magis
3114 1537 3211 1590 alia
3236 1536 3378 1607 igno-

1800 1624 2008 1686 rabant,
2049 1624 2344 1693 cujusmodi
2372 1635 2453 1679 est
2481 1626 2547 1679 de
2573 1626 2770 1681 caelesti
2802 1642 2984 1697 regno,
3032 1628 3099 1682 de
3133 1630 3377 1697 primitiis

1800 1718 2015 1781 nostris,
2044 1732 2105 1769 ac
2125 1717 2190 1771 de
2215 1718 2526 1771 ascensione
2547 1718 2597 1771 in
2620 1718 2829 1783 (selum,
2861 1719 3108 1788 humique
3130 1730 3377 1787 repentes

1798 1809 1970 1864 adhuc
1997 1809 2227 1863 nondum
2260 1811 2310 1862 in
2341 1809 2502 1863 altum
2532 1819 2776 1879 poterant
2796 1812 3029 1870 evolare.
3058 1811 3189 1866 Cum
3218 1811 3377 1881 igitur

1800 1899 1898 1952 hac
1928 1909 2109 1952 essent
2135 1898 2385 1968 opinione
2432 1899 2636 1961 imbuti,
2683 1910 2737 1954 et
2787 1911 3180 1970 exspectarent,
3210 1912 3265 1954 ut
3296 1902 3371 1955 illi

1798 1988 2075 2042 confestim
2106 2004 2323 2057 regnum
2354 1989 2699 2060 .lerosolymis
2723 1991 3038 2045 obveuiret:
3071 1992 3199 2044 nihil
3228 1993 3369 2045 enim

1796 2079 2024 2147 amplius
2053 2095 2209 2147 quam
2253 2079 2377 2132 illud
2408 2089 2683 2140 noverant,
2710 2081 2849 2149 quod
2881 2082 3128 2135 nimirum
3156 2091 3209 2136 et
3240 2084 3373 2136 alius

1796 2169 2115 2233 evangelista
2161 2169 2439 2237 signiﬁcat,
2472 2170 2675 2235 dicens,
2726 2172 2841 2225 illos
2885 2174 3215 2226 existimasse
3260 2174 3367 2241 jam

1797 2274 2012 2328 regnum
2044 2260 2160 2329 ejus
2187 2261 2492 2327 adventare,
2525 2262 2666 2331 quod
2711 2279 2872 2316 unum
2919 2264 3128 2334 aliquod
3172 2280 3234 2318 ex
3272 2266 3370 2316 hu-

1796 2350 1963 2403 manis
1988 2350 2163 2420 regnis
2192 2351 2606 2420 suspicarentur,
2647 2360 2701 2406 et
2735 2354 3119 2407 arbitrarentur
3144 2355 3207 2408 ad
3242 2355 3367 2407 illud

1794 2440 2078 2494 iucundum
2109 2456 2212 2493 non
2239 2441 2303 2495 ad
2333 2457 2549 2495 crucem
2580 2450 2635 2496 et
2660 2453 2887 2498 mortem
2938 2445 3080 2496 illum
3107 2460 3326 2514 pergere.
3352 2463 3366 2499 :

1793 2546 1913 2585 nam
1944 2532 2067 2587 licet
2096 2532 2287 2587 millies
2315 2532 2660 2595 audivissent,
2700 2544 2847 2588 certo
2876 2535 2926 2587 id
2967 2535 3104 2589 scire
3134 2550 3236 2589 non
3272 2552 3366 2603 po-

1791 2630 1985 2675 terant.

1859 2714 1912 2767 5.
1953 2712 2211 2781 Quoniam
2255 2713 2413 2784 igitur
2449 2715 2679 2768 nondum
2722 2715 2931 2785 quidem
2973 2717 3271 2771 evidentem
3310 2727 3366 2770 et

1788 2813 2025 2857 exactam
2056 2804 2358 2875 dogmatum
2386 2807 2738 2875 cognitionem
2779 2807 2951 2876 adepti
2979 2817 3150 2866 erant,
3177 2807 3270 2861 sed
3298 2807 3365 2863 ad

1788 2894 2039 2949 sensibile
2081 2910 2299 2965 regnum
2330 2912 2548 2966 pergere
2575 2898 2861 2951 censebant
2889 2940 2902 2958 ,
2943 2909 2995 2951 et
3020 2898 3365 2969 Jerosolyuiis

1789 2996 2147 3057 regnaturum,
2179 2998 2510 3042 assumentes
2537 3004 2657 3043 eum
2698 2991 2751 3043 in
2782 2992 2886 3049 via.
2915 3001 3266 3059 opportunum
3304 3007 3364 3046 se

1788 3086 1970 3132 nactos
2001 3090 2205 3148 tempus
2251 3081 2635 3148 existimantes,
2682 3083 2817 3135 hanc
2861 3086 3163 3151 petitionem
3208 3085 3395 3140 iusti-‘

1788 3178 1941 3224 tuunt
1968 3188 1981 3223 :
2015 3188 2133 3224 nam
2164 3188 2283 3225 eum
2310 3173 2517 3241 seipsos
2544 3188 2571 3225 a
2596 3185 2736 3229 caatu
2762 3174 3139 3244 discipulorum
3166 3192 3359 3247 seque.-

1785 3269 2062 3323 strassent,
2083 3263 2301 3332 perinde
2320 3266 2467 3334 quasi
2491 3264 2556 3319 ad
2579 3265 2811 3335 ipsorum
2837 3269 3109 3321 arbitrium
3132 3269 3362 3325 redactas

1785 3367 1872 3406 res
1899 3364 2098 3419 essent,
2125 3357 2526 3425 prmrogativam
2558 3358 2699 3411 sedis
2729 3360 3014 3427 posuilant,
3067 3372 3120 3414 et
3167 3363 3363 3431 prima:

1786 3456 1962 3515 partes
1988 3458 2124 3502 tuter
2150 3449 2281 3502 alios
2302 3450 2401 3503 sibi
2430 3449 2626 3504 deferri
2657 3468 2671 3505 :
2703 3452 2896 3521 quippe
2926 3455 3011 3524 qui
3039 3454 3361 3511 arbitraren-

1788 3551 1871 3591 tur
1894 3540 2002 3607 jam
2034 3556 2123 3594 res
2153 3541 2307 3594 linem
2329 3543 2617 3611 accepisse,
2650 3552 2817 3597 totum
2851 3546 3119 3611 negotium
3146 3547 3357 3607 confici,

1786 3639 2097 3699 tempusque
2118 3647 2431 3686 coronarum
2450 3648 2512 3687 ac
2529 3634 2864 3701 praemiorum
2881 3636 2945 3688 ad
2954 3637 3161 3691 venisse
3186 3655 3198 3690 :
3218 3637 3357 3707 quod

1786 3720 1971 3786 ipsum~
1994 3729 2245 3774 extremm.
2272 3719 2365 3774 fuit
2415 3722 2658 3777 inscitiae.
2686 3725 2859 3791 Atque
2886 3736 2941 3776 ut
2972 3724 3084 3778 hzec
3118 3741 3221 3778 non
3244 3726 3358 3781 sola

1782 3808 2087 3875 conjectura
2120 3811 2510 3880 verborumque
2539 3812 2913 3880 probabilitate
2940 3814 3030 3866 uiti
3061 3816 3314 3869 noveritis
3338 3857 3353 3877 .

1784 3898 1951 3967 ipsius
1976 3899 2125 3965 Jesu,
2156 3902 2239 3955 cui
2268 3911 2541 3970 perspecta
2580 3913 2703 3957 sunt
2741 3919 2931 3958 arcana
2960 3922 3181 3976 quaeque
3199 3949 3214 3973 ,
3243 3923 3356 3962 rem

1782 4004 2028 4045 sermone
2041 4000 2198 4060 atque
2222 3994 2532 4047 auctoritate
2551 3993 2876 4048 conﬁrmabo
2916 3996 3195 4065 Postquam
3212 4000 3354 4053 enim

1784 4080 1878 4130 ista
1907 4080 2271 4146 postularunt,
2298 4082 2417 4134 audi
2456 4082 2581 4150 quid
2613 4083 2717 4137 illis
2746 4087 3063 4151 respondeat
3095 4104 3110 4141 :
3141 4086 3357 4146 Nescitis

1781 4171 1900 4233 quid
1926 4173 2103 4238 petatis
2129 4172 2317 4238 (Marc.
2348 4174 2432 4227 16.
2462 4174 2573 4245 58).
2609 4175 2742 4241 Quid
2773 4177 2869 4231 hac
2912 4179 3224 4245 probatione
3245 4180 3353 4236 cla-

1782 4260 1927 4313 rius?
1955 4261 2113 4314 Vides
2141 4263 2259 4315 illos
2280 4264 2496 4316 minime
2525 4267 2734 4321 novisse
2761 4268 2899 4336 quod
2935 4270 3200 4336 petebant,
3232 4287 3351 4326 cum

1780 4352 1845 4405 de
1864 4354 2076 4407 coronis
2105 4370 2166 4409 ac
2192 4357 2423 4424 prtemiis
2443 4358 2578 4425 apud
2603 4359 2748 4411 illum
2778 4360 2933 4414 verba
2964 4361 3198 4417 facerent
3223 4380 3354 4420 nec-

1778 4442 1902 4496 dum
1926 4447 2301 4501 certaminibus
2338 4448 2638 4504 iuchoatis?
2662 4451 2772 4505 Duo
2798 4462 2922 4507 sunt
2950 4454 3106 4523 igitur
3125 4472 3241 4524 qum.
3270 4457 3353 4510 in-

1781 4536 1911 4599 uuit,
1937 4534 2036 4589 hoc
2060 4536 2265 4597 dicens,
2296 4536 2514 4593 Nescitis
2536 4541 2657 4608 quid
2687 4543 2899 4610 petatis,
2932 4561 3091 4599 unum
3118 4547 3256 4616 quod
3284 4548 3352 4604 de

1779 4640 1942 4693 regno
1969 4627 2265 4695 loquantur,
2296 4631 2363 4683 de
2386 4646 2492 4699 quo
2520 4645 2820 4687 sermonem
2845 4633 3088 4691 Christus
3136 4654 3239 4691 non
3272 4639 3355 4692 in-

1777 4720 2020 4770 stituerat
2048 4733 2061 4769 :
2094 4734 2197 4771 non
2225 4720 2364 4773 enim
2409 4720 2477 4776 de
2508 4722 2607 4776 hoc
2648 4732 2858 4778 terreno
2898 4740 2961 4780 ac
2989 4728 3221 4781 sensibili
3254 4746 3354 4782 au-

1777 4808 2080 4863 nunciatum
2111 4819 2227 4863 erat
2248 4825 2262 4860 τ
2287 4811 2534 4875 alterum,
2561 4815 2700 4883 quod
2730 4814 2855 4869 dum
2878 4817 3018 4871 sedis
3044 4822 3353 4889 praerogati-

1776 4915 1927 4963 vam,
1959 4908 2013 4953 et
2052 4902 2292 4957 cazlestes
2316 4905 2425 4971 jam
2462 4915 2705 4974 quterunt
2745 4906 2996 4972 honores,
3039 4912 3352 4978 creterisque

1714 4982 1735 4995 ’
1774 4992 1937 5047 videri
1964 4993 2217 5049 clariores
2241 5007 2293 5050 et
2316 4996 2629 5051 illustriores
2656 4998 3000 5062 contendunt,
3024 5016 3093 5053 ne
3113 5014 3210 5054 suo
3236 5003 3353 5069 qui-

1772 5084 1892 5137 dem
1938 5093 2194 5154 tempore,
2226 5087 2317 5141 sed
2346 5087 2627 5140 admodum
2672 5089 3038 5158 intempestive
3064 5091 3157 5143 ista
3203 5106 3351 5160 quat-

1773 5186 1908 5229 ranl.
1940 5176 2172 5246 Tempus
2200 5179 2341 5231 enim
2373 5177 2497 5230 illud
2521 5193 2624 5231 non
2651 5194 2967 5232 coronarum
2989 5189 3079 5235 aut
3102 5182 3351 5247 praemio-

1770 5282 1910 5330 rum,
1940 5267 2033 5321 sed
2061 5268 2429 5334 certaminum,
2463 5268 2745 5331 luctarum,
2779 5270 3035 5333 laborum,
3068 5271 3347 5331 sudorum,

1771 5358 2062 5412 stadiorum
2098 5357 2216 5423 fuit,
2244 5368 2402 5428 atque
2440 5360 2757 5428 przeliorum.
2793 5360 2904 5416 Hoc
2933 5362 3090 5429 igitur
3111 5364 3209 5419 sibi
3240 5365 3351 5417 vult

1771 5450 1900 5505 illud
1927 5450 2068 5520 quod
2104 5451 2195 5515 ait,
2226 5449 2442 5505 Nescitis
2464 5451 2587 5521 quid
2614 5453 2810 5518 petatis,
2837 5451 2961 5506 dum
3006 5452 3073 5509 de
3102 5454 3185 5509 his
3207 5457 3345 5525 apud

1771 5556 1855 5594 me
1883 5539 2042 5594 verba
2070 5539 2259 5601 facitis.
2286 5555 2405 5594 cum
2434 5542 2658 5596 necdum
2691 5542 2899 5598 labores
2928 5547 3342 5613 exantlaveritis,

1766 5629 1991 5686 necdum
2020 5631 2087 5685 ad
2111 5631 2336 5686 ineunda
2357 5634 2643 5687 certamina
2672 5651 2767 5690 vos
2794 5636 3043 5691 exueritis
3072 5656 3085 5691 :
3114 5653 3233 5693 cum
3267 5640 3344 5693 iu-

1765 5733 2036 5777 eorrectus
2062 5724 2232 5777 adhuc
2259 5734 2466 5779 maneat
2486 5726 2628 5781 orbis
2650 5737 2928 5795 terrarum,
2953 5746 3071 5785 cum
3101 5731 3343 5801 impietas

1829 5836 1852 5867 θ
1884 5835 1931 5883 td
1954 5844 2047 5896 est,
2083 5850 2191 5900 qius
2212 5844 2319 5887 sum
2349 5838 2448 5888 Dei.
