3926 6240
513 394 620 447 775

509 508 834 570 dominetur,
885 510 938 556 et
984 506 1204 568 pereant
1229 509 1416 549 omnes
1464 494 1736 547 mortales.
1793 491 2030 545 Nondum
2060 504 2091 543 e

511 595 813 647 carceribus
841 590 1110 645 exsiliistis
1133 629 1146 652 ,
1177 585 1414 640 nondum
1442 584 1507 639 ad
1546 583 1770 638 ineunda
1811 581 2091 636 luctamina

513 699 610 739 vos
630 684 872 749 exuistis,
907 681 1125 736 Potestis
1145 678 1309 734 bibere
1334 679 1556 741 calicem,
1581 693 1724 746 quem
1745 693 1832 746 ego
1848 674 2092 726 bibiturus

509 791 646 832 cum,
686 786 730 827 et
760 773 1027 843 baptismo,
1055 788 1154 841 quo
1197 787 1287 840 ego
1331 769 1576 838 baptizor,
1625 765 1869 836 baptizari
1899 763 2093 835 (Marc.

515 865 603 918 10.
633 865 766 933 58)?
791 865 1008 918 calicem
1035 864 1136 918 hoc
1156 863 1271 916 loco
1291 869 1345 915 et
1363 861 1681 929 baptismum
1707 871 1919 912 crucem
1943 868 2093 908 suam

503 965 568 1008 et
596 964 818 1008 mortem
845 955 1119 1022 appellans
1151 970 1162 1006 :
1196 953 1414 1006 calicem
1443 951 1675 1019 quidem,
1699 950 1946 1017 quoniam
1974 963 2092 1000 cum

519 1046 787 1114 voluptate
814 1045 959 1100 illum
1007 1045 1200 1109 ebibit;
1253 1043 1571 1112 baptismum
1624 1051 1821 1104 autem,
1853 1040 1973 1109 quia
2002 1054 2096 1106 per

514 1138 659 1190 illaut
689 1138 871 1191 orbem
914 1145 1174 1190 terrarum
1217 1134 1542 1204 expurgabat
1571 1149 1586 1186 :
1613 1147 1709 1186 nec
1759 1131 1954 1186 idcirco
1982 1137 2096 1181 tan-

517 1239 651 1292 tum,
687 1227 781 1281 sed
831 1236 884 1281 et
936 1235 1153 1296 propter
1205 1223 1610 1280 resurrectionis
1659 1221 1982 1276 facilitatem.
2033 1219 2100 1274 Ut

515 1321 659 1373 enim
691 1321 777 1389 qui
799 1319 1094 1388 baptizatur
1113 1333 1268 1387 aqua,
1299 1317 1463 1370 multa
1489 1331 1608 1369 cum
1637 1314 1884 1369 facilitate
1908 1329 2100 1368 ascen-

517 1410 596 1466 dit
639 1411 705 1465 ab
743 1426 996 1480 aquarum
1042 1418 1224 1463 natura
1278 1407 1407 1462 nihil
1462 1407 1744 1476 impeditus
1772 1425 1787 1461 :
1817 1407 1892 1460 sic
1920 1415 1974 1461 et
2012 1405 2100 1460 ille

515 1511 637 1557 cum
671 1505 721 1557 in
744 1513 967 1557 mortem
993 1503 1378 1565 descendisset,
1408 1502 1570 1554 multa
1601 1516 1718 1556 eum
1743 1499 1990 1554 facilitate
2016 1514 2101 1552 as-

518 1595 696 1648 cendit
743 1611 756 1647 :
811 1602 1089 1670 propterea
1144 1594 1459 1661 baptismum
1494 1594 1632 1646 illam
1671 1593 1920 1662 appellat.
1949 1591 2099 1658 Quod

519 1694 696 1740 autem
727 1685 854 1740 dicit
883 1697 963 1740 est
993 1685 1356 1754 hujuscemodi
1383 1703 1394 1738 :
1421 1686 1641 1754 potestis
1666 1685 1857 1750 occidi,
1880 1695 1933 1739 et
1959 1700 2104 1738 mor-

521 1787 630 1832 tem
661 1781 955 1849 oppetere?
984 1779 1182 1833 Horum
1209 1779 1350 1834 enim
1402 1793 1541 1831 nunc
1582 1789 1789 1847 tempus
1819 1789 1929 1840 est,
1959 1777 2103 1832 fune-

517 1885 659 1934 rum,
694 1870 1070 1938 periculorum,
1103 1869 1363 1924 laborum.
1399 1869 1626 1933 Verum,
1662 1870 1766 1935 illi,
1802 1868 2100 1934 Possumus,

521 1961 785 2029 inquiunt,
817 1977 936 2014 cum
962 1976 1059 2015 nec
1088 1960 1382 2029 intelligant
1410 1960 1533 2030 quid
1563 1961 1787 2025 dicatur,
1816 1962 1908 2015 sed
1939 1960 2105 2015 addu-

518 2051 594 2104 cti
639 2066 732 2120 spe
765 2050 1079 2119 impetrandi
1125 2052 1408 2119 postulata,
1453 2051 1780 2118 promittant.
1831 2051 1920 2104 Ait
1965 2051 2101 2115 illis,

519 2140 741 2194 Calicem
767 2142 966 2210 quidem
994 2158 1155 2194 meum
1181 2141 1373 2209 bibetis,
1400 2152 1445 2194 et
1480 2141 1744 2212 baptismo,
1773 2159 1870 2208 quo
1898 2159 1988 2212 ego
2013 2144 2102 2194 ba-

526 2231 710 2300 pti'sor,
738 2231 1112 2302 baptizabimini
1139 2231 1245 2301 (Ib.
1284 2247 1333 2284 υ.
1361 2231 1451 2286 59.
1484 2233 1574 2302 40)
1603 2251 1614 2284 :
1649 2242 1874 2287 mortem
1901 2234 1979 2286 sic
2006 2249 2103 2302 ap-

523 2321 726 2390 pellans
755 2339 767 2374 :
799 2338 920 2376 nam
962 2333 1016 2376 et
1037 2322 1237 2377 Jacobo
1261 2323 1437 2393 gladio
1461 2331 1623 2392 caput
1645 2324 1938 2378 ahsrissum
1978 2335 2060 2379 est
2085 2367 2100 2390 ,

521 2421 579 2466 et
600 2413 869 2466 multoties
919 2422 1160 2467 mortuus
1211 2423 1292 2468 est
1319 2414 1570 2470 Joannes.
1623 2415 1812 2470 Sedere
1840 2427 2005 2469 autem
2039 2417 2107 2469 ad

528 2505 784 2559 dexteram
809 2523 1003 2572 meam,
1036 2517 1080 2560 et
1111 2508 1176 2560 ad
1202 2508 1456 2560 sinistram
1483 2525 1644 2562 meam
1665 2551 1680 2573 ,
1707 2525 1810 2562 non
1843 2519 1914 2563 est
1944 2526 2108 2563 meum

513 2598 667 2662 dare,
690 2598 778 2650 sed
802 2599 977 2667 quibus
1020 2610 1254 2667 priratum
1292 2609 1380 2653 est.
1423 2599 1573 2666 Quod
1613 2609 1788 2654 autem
1834 2600 1996 2666 dicit,
2026 2609 2109 2656 est

524 2688 811 2757 ejusmodi.

597 2781 844 2834 Certantis
870 2791 942 2836 est
963 2783 1224 2852 prwmium
1240 2783 1418 2836 mereri
1433 2793 1481 2834 et
1508 2784 1752 2851 accipere.
1770 2812 1841 2822 —
1859 2783 1964 2836 Vos
1992 2783 2110 2849 qui-

526 2871 646 2925 dem
669 2872 992 2938 moriemini,
1019 2873 1351 2935 occidemiui,
1383 2883 1438 2926 et
1467 2873 1723 2927 honorem
1750 2873 1984 2942 martyrii
2015 2874 2110 2926 ob-

526 2963 762 3017 tinebitis
796 2981 809 3014 :
843 2972 1207 3018 verumtamen
1238 2975 1292 3017 ut
1336 2966 1571 3018 omnittm
1617 2965 1770 3034 primi
1815 2965 1950 3029 sitis,
2004 2980 2109 3018 non

515 3063 612 3107 est
635 3069 811 3108 meum
849 3054 999 3119 dare,
1025 3054 1354 3118 scd'eorum,
1384 3056 1474 3123 qui
1499 3055 1794 3116 decertant,
1833 3056 2107 3126 accipere,

524 3147 598 3202 ob
622 3147 792 3216 majus
816 3146 1070 3208 studium,
1102 3148 1172 3204 ob
1196 3162 1452 3216 majorem
1479 3149 1639 3201 animi
1666 3147 2014 3202 alacritatem.
2046 3148 2112 3204 Ut

525 3248 704 3293 autem
726 3240 863 3308 quod
885 3240 1000 3293 dico
1021 3239 1351 3296 manifestius
1367 3239 1580 3304 evadat,
1605 3256 1861 3309 ponamus
1880 3243 2108 3311 aliquem

516 3345 651 3386 esse
677 3332 1084 3400 agonotlietam;
1115 3331 1309 3386 deinde
1343 3341 1568 3386 matrem
1591 3372 1607 3396 ,
1639 3332 1723 3386 cui
1765 3332 1977 3387 athletze
2005 3332 2111 3386 duo

531 3423 638 3476 sint
685 3421 795 3489 filii,
825 3423 890 3478 ad
935 3423 1308 3492 agnnotltetam
1339 3423 1594 3478 accedere
1623 3439 1740 3478 cum
1775 3424 1894 3479 liliis
1913 3425 2025 3478 suis
2051 3439 2113 3478 ac

527 3512 726 3574 dicere,
775 3514 868 3567 Dic
895 3525 954 3568 ut
1002 3515 1054 3568 hi
1094 3515 1198 3567 duo
1240 3514 1330 3567 ﬁlii
1380 3517 1482 3568 mei
1512 3530 1762 3568 coronam
1803 3517 2108 3584 accipiant:

530 3604 654 3672 quid
667 3605 836 3673 igitur
856 3605 946 3661 illo
972 3605 1352 3675 respondebit?
1375 3605 1485 3666 Hoc
1511 3607 1678 3674 ipsum
1701 3607 1971 3669 nimirum,
2005 3623 2110 3660 non

529 3707 613 3751 est
645 3713 821 3752 meum
845 3698 992 3762 dare,
1015 3699 1336 3768 agonotheta
1367 3714 1506 3764 sum,
1529 3701 1616 3768 qui
1640 3715 1744 3753 non
1770 3700 1835 3753 ad
1862 3701 2108 3770 gratiam,

527 3795 623 3840 aut
644 3789 1054 3857 supplicantium
1084 3789 1348 3857 precibus,
1379 3797 1434 3842 et
1463 3790 1799 3858 preusatione
1829 3790 2110 3857 adductus,

529 3879 627 3936 sed
649 3895 868 3951 operum
899 3883 1040 3936 exitu
1070 3882 1283 3949 praemia
1313 3882 1572 3936 distribuo
1600 3899 1614 3934 :
1646 3882 1698 3936 id
1719 3883 1861 3944 enim
1887 3885 2114 3938 maxime

515 3983 613 4027 .est
657 3977 1009 4043 agonotlietm,
1045 3985 1236 4030 utnon
1277 3986 1497 4041 temere,
1549 3985 1640 4029 aut
1691 3988 1904 4045 quoquo
1955 3979 2114 4033 modo

534 4070 750 4136 prmmia
778 4069 1051 4137 largiatur,
1073 4069 1167 4124 sed
1193 4069 1450 4123 honorem
1475 4068 1765 4122 fortitudini
1789 4068 1992 4123 deferat
2019 4087 2032 4122 :
2063 4071 2114 4124 id

535 4160 785 4214 nimirum
816 4170 869 4214 et
895 4160 1137 4213 Christus
1159 4161 1304 4215 facit.
1334 4159 1448 4214 Non
1482 4170 1538 4214 ut
1565 4161 1813 4224 auferret,
1847 4176 1965 4230 qua:
1992 4171 2115 4214 sunt

532 4249 862 4315 substantiae,
909 4251 978 4304 ita
1029 4251 1276 4319 loquutus
1313 4261 1414 4316 est,
1443 4250 1537 4304 sed
1587 4259 1642 4303 ut
1689 4251 1787 4304 hoc
1833 4251 2110 4318 indicaret,

533 4356 640 4394 non
673 4343 838 4410 ipsius
866 4357 984 4396 esse
1030 4343 1192 4396 solius
1220 4342 1378 4406 dare,
1427 4343 1519 4396 sed
1551 4358 1733 4396 eorum
1757 4385 1770 4407 ,
1804 4344 1892 4412 qui
1925 4343 2114 4398 decer-

534 4441 670 4496 tant,
698 4433 959 4500 aceipere.
992 4433 1122 4486 Nam
1149 4435 1194 4487 si
1220 4435 1384 4488 solius
1421 4433 1770 4502 essetipsius,
1803 4448 1990 4488 omnes
2013 4434 2115 4488 ho-

534 4523 706 4576 mines
729 4523 861 4576 salvi
908 4523 1096 4578 tierent
1117 4566 1133 4588 ,
1166 4533 1218 4578 et
1245 4524 1312 4578 ad
1341 4524 1661 4594 agnitionem
1701 4525 1940 4579 veritatis
1969 4527 2118 4580 veni-

534 4623 653 4668 rent
683 4630 698 4667 :
729 4614 773 4668 si
800 4615 962 4669 solius
988 4625 1130 4670 esset
1172 4615 1358 4685 ipsius,
1404 4615 1709 4671 ditferentes
1748 4615 1980 4670 honores
2008 4632 2112 4672 non

535 4717 716 4762 essent
758 4725 769 4760 :
813 4724 1000 4764 omnes
1046 4711 1186 4763 enim
1230 4709 1342 4777 ipse
1370 4708 1626 4774 condidit,
1655 4717 1706 4763 et
1731 4709 2005 4778 aequaliter
2033 4718 2116 4764 est

534 4801 610 4854 illi
639 4817 764 4856 cura
812 4802 878 4856 de
900 4802 1168 4857 omnibus.
1201 4803 1368 4857 Porro
1402 4802 1713 4857 differentes
1738 4817 1857 4858 esse
1885 4805 2116 4858 honores

536 4912 598 4948 ex
632 4894 794 4948 Paulo
835 4895 885 4948 id
915 4904 1214 4963 exponenle
1240 4909 1547 4959 cognosces,
1581 4895 1706 4949 dum
1736 4896 1828 4960 ait,
1860 4897 1976 4950 Alia
2003 4897 2113 4949 cla-

535 4990 658 5040 ritas
685 4987 824 5052 solis,
856 4997 902 5040 et
929 4989 1034 5041 alia
1061 4989 1267 5042 claritas
1295 4989 1460 5052 lunaz,
1497 4999 1543 5042 et
1567 4989 1671 5042 alia
1706 4989 1912 5042 claritas
1940 4988 2118 5041 stella-

534 5096 663 5131 rum.
685 5079 847 5133 Stella
867 5080 996 5132 enim
1013 5096 1042 5131 α
1056 5079 1202 5134 stella
1221 5078 1391 5145 dilfert
1405 5079 1632 5132 claritate
1649 5078 1694 5149 (1
1708 5117 1723 5132 .
1748 5079 1863 5132 Cor.
1886 5080 1972 5133 15.
1997 5077 2111 5148 41).

534 5173 598 5224 Et
627 5187 841 5234 rursus,
885 5172 945 5225 Si
987 5172 1098 5237 quis
1137 5171 1507 5239 supertedi/icat
1535 5186 1692 5237 supra
1733 5169 2113 5237 fundamentum

535 5265 649 5322 hoc,
682 5280 882 5324 nurum,
914 5273 1198 5330 argentum,
1239 5263 1431 5334 lapides
1457 5263 1700 5332 pretiosos
1745 5260 1858 5333 (Id.
1896 5263 1948 5316 '5.
2003 5263 2110 5331 1‘2).

533 5354 604 5408 Ut
630 5355 774 5407 enim
801 5354 1008 5407 virtutis
1036 5356 1343 5409 varietatem
1376 5353 1635 5410 indicaret
1653 5352 1867 5419 Paulus,
1894 5352 1970 5406 sic
1989 5368 2114 5407 ora-

527 5446 730 5499 tionem
786 5447 1206 5500 accommodavit
1255 5464 1269 5499 :
1327 5456 1382 5502 et
1411 5445 1524 5500 [nec
1553 5444 1782 5510 dicebat,
1832 5445 1982 5499 simul
2029 5445 2116 5499 in-

533 5552 703 5590 nuens
734 5553 839 5590 non
874 5553 1028 5606 posse
1075 5553 1170 5591 nos
1196 5538 1512 5592 dormiendo
1538 5538 1618 5590 vel
1648 5537 1918 5592 stertendo
1948 5538 1996 5591 in
2031 5553 2115 5592 re-

531 5643 691 5693 gnum
719 5628 968 5681 caelorum
998 5627 1233 5693 introire,
1281 5629 1371 5682 sed
1402 5644 1494 5697 per
1515 5628 1708 5682 multas
1753 5628 2115 5683 tribulationes

529 5715 839 5787 accipienda
862 5734 979 5774 esse
1002 5721 1084 5773 illa
1116 5721 1348 5788 przctuia.
1379 5721 1506 5774 Nam
1525 5724 1644 5788 quia
1670 5728 1948 5789 propterea
1973 5719 2113 5789 quod

515 5816 820 5886 .plurimum
860 5811 1089 5869 amicitia
1116 5820 1170 5867 et
1211 5810 1380 5882 gratia
1435 5811 1573 5880 apud
1615 5812 1786 5879 ipsum
1833 5811 2114 5879 valebant,

1285 376 1343 430 8.
1386 372 1618 429 JOANN.
1661 371 2035 426 CllltYSOST.
2079 367 2391 424 ARCHIEP.
2434 360 2966 422 CONSTANTINOP.

3673 363 3772 418 776

2194 485 2482 540 censebant
2503 483 2616 537 fore
2643 494 2699 537 ut
2728 484 2870 552 ipsos
2900 484 3056 537 etiam
3081 483 3284 539 honore
3311 485 3520 539 caeteris
3541 489 3776 544 antefer—

2199 587 2300 642 ret,
2333 593 2398 632 ne
2426 579 2469 632 si
2501 576 2618 630 lucc
2645 577 2744 630 illis
2775 577 3004 644 suspicio
3033 576 3332 641 insedisset,
3365 580 3778 647 negligentiores

2194 669 2515 735 evaderent,
2547 679 2604 721 ut
2633 667 2699 722 ab
2727 668 2824 722 hac
2849 683 2942 722 eos
2983 667 3231 737 opinione
3260 669 3569 734 abduceret,
3615 671 3775 739 dixit,

2198 763 2320 818 Non
2346 773 2418 816 est
2442 779 2607 816 meum
2632 762 2774 829 dare,
2803 761 2897 815 sed
2927 770 3183 826 vestrum,
3211 765 3255 816 si
3283 764 3476 830 velitis,
3494 763 3776 832 accipere:

2199 866 2256 910 ut
2300 856 2554 926 majorem
2599 855 2759 909 animi
2801 854 3130 910 alacritatem
3159 855 3487 921 exhibeatis,
3530 865 3589 910 ut
3616 856 3784 925 majo-

2199 964 2310 1003 rem
2340 949 2608 1014 laborem,
2638 957 2693 1001 ut
2717 948 2948 1002 studium
2979 947 3150 1017 majus
3183 965 3195 999 :
3233 946 3481 1016 Operibus
3504 946 3655 1000 cnim
3687 960 3778 999 eo-

2202 1058 2360 1096 ronas
2381 1056 2652 1111 progiono,
2682 1051 2734 1095 et
2777 1041 3045 1095 laboribus
3087 1040 3335 1105 honores,
3368 1049 3418 1094 et
3450 1041 3666 1110 prremia
3694 1056 3782 1093 su-

2201 1134 2318 1188 dori
2348 1152 2360 1187 :
2393 1134 2506 1187 haec
2533 1132 2670 1203 apud
2700 1148 2785 1187 me
2805 1131 3196 1186 commendatio
3221 1131 3358 1194 valet
3387 1133 3638 1198 maxime,
3669 1147 3787 1201 quae

2203 1229 2270 1282 ab
2295 1243 2514 1296 operum
2543 1226 2869 1281 exhibitione
2896 1235 3195 1296 promanat.

2276 1320 2328 1374 6.
2375 1318 2532 1374 Vides
2562 1335 2646 1373 me
2682 1334 2786 1373 non
2831 1318 3024 1374 frustra
3054 1317 3251 1372 dixisse
3280 1332 3377 1372 nec
3417 1316 3585 1387 ipsius
3631 1331 3787 1380 esse,

2208 1427 2305 1466 nec
2331 1412 2522 1475 Patris,
2557 1411 2649 1465 sed
2676 1426 2880 1472 eorum,
2907 1410 2995 1479 qui
3027 1413 3322 1473 decertant,
3347 1409 3554 1464 labores
3591 1419 3787 1462 exant-

2209 1502 2338 1567 lant,
2381 1510 2434 1554 et
2461 1502 2718 1556 molestiis
2775 1501 3186 1555 conflictantur?
3216 1501 3497 1568 Propterea
3537 1501 3787 1552 nimirum

2209 1605 2261 1646 et
2287 1593 2584 1648 Jerusalem
2635 1593 2842 1646 dicebat
2877 1609 2890 1645 :
2927 1591 3132 1657 Quoties
3157 1592 3292 1645 volui
3319 1608 3623 1662 congregare
3657 1591 3791 1657 ﬁlios

2208 1697 2395 1740 vestros
2419 1685 2841 1755 quemadmodum
2863 1685 3056 1753 gallina
3083 1685 3249 1754 pullos
3273 1700 3408 1748 suos,
3434 1698 3480 1737 et
3509 1684 3742 1737 noluistis
3768 1683 3792 1734 .’

2216 1777 2342 1830 Ecce
2379 1777 2686 1842 relinquetur
2714 1777 2892 1829 domus
2917 1785 3081 1828 ucstra
3121 1774 3316 1829 deserta
3342 1777 3358 1841 (
3383 1774 3508 1828 Luc.
3545 1775 3628 1828 15.
3663 1775 3728 1826 5-1
3750 1781 3789 1840 ).

2213 1869 2373 1924 Vides
2390 1870 2501 1923 lieri
2521 1885 2624 1924 non
2651 1884 2824 1937 posse,
2845 1878 2904 1922 ut
2920 1885 2982 1924 ex
3004 1870 3108 1924 illis
3127 1869 3216 1938 qui
3232 1869 3386 1926 otiosi
3402 1878 3545 1932 sunt,
3567 1884 3628 1922 ac
3649 1868 3791 1922 desi-

2211 1961 2326 2023 des,
2350 1968 2404 2014 et
2444 1961 2615 2030 supini
2643 1960 2854 2029 jacent,
2889 1960 3024 2013 ullus
3044 1959 3330 2027 aliquando
3357 1959 3536 2012 salvus
3565 1957 3689 2011 fiat?
3716 1957 3793 2010 E1

2213 2053 2316 2108 hoc
2344 2061 2399 2108 et
2428 2053 2572 2108 aliud
2604 2052 2871 2123 quidpiam
2916 2067 3169 2106 arcanum
3218 2051 3494 2114 discimus,
3527 2067 3631 2103 non
3663 2051 3794 2103 satis

2212 2159 2332 2200 esse
2359 2145 2668 2216 martyrium
2704 2144 2769 2198 ad
2807 2159 3114 2213 supremum
3155 2144 3407 2196 honorem
3439 2151 3493 2196 et
3517 2142 3794 2195 altissima:

2212 2239 2354 2292 sedis
2384 2236 2768 2292 conciliandam
2801 2238 3223 2306 praerogativam.
3247 2236 3384 2290 Ecce
3411 2250 3638 2304 namque
3661 2250 3796 2302 pra:-

2213 2328 2342 2382 dixit
2373 2329 2488 2381 istis
2513 2328 2632 2382 fore
2655 2326 2887 2396 quidem,
2912 2337 2969 2380 ut
2997 2329 3308 2397 martyrium
3338 2333 3669 2395 paterentur,
3698 2341 3795 2379 nec

2216 2420 2413 2475 idcirco
2442 2428 2618 2473 tamen
2655 2418 2874 2472 omnino
2902 2418 3101 2486 primos
3127 2417 3357 2471 honores
3400 2431 3792 2486 consequeren-

2215 2525 2301 2568 tur
2329 2529 2344 2567 :
2376 2511 2571 2583 quippe
2595 2526 2714 2566 cum
2737 2519 2918 2565 essent
2946 2510 3207 2575 nonnulli,
3235 2509 3323 2578 qui
3351 2509 3546 2577 majora
3580 2516 3798 2576 possent

2215 2620 2326 2660 ase
2369 2613 2571 2673 patrata
2614 2601 2900 2657 ostendere
2947 2619 2962 2666 ;
3012 2601 3064 2655 id
3104 2600 3245 2670 quod
3287 2599 3524 2653 indicans
3545 2598 3793 2664 dicebat;

2217 2695 2433 2749 Calicem
2459 2693 2662 2765 quidem
2688 2709 2854 2746 meum
2884 2691 3079 2757 bibatis,
3108 2701 3154 2744 et
3182 2690 3450 2757 baptismo,
3475 2705 3573 2759 quo
3596 2705 3688 2758 ego
3712 2689 3798 2740 ba-

2215 2787 2398 2856 ptizor,
2428 2783 2803 2854 baptizabimini
2827 2798 2846 2836 :
2873 2783 3043 2836 sedere
3069 2790 3236 2835 autem
3265 2780 3330 2833 ad
3350 2781 3623 2842 dexteram,
3650 2789 3697 2832 et
3726 2780 3791 2830 ad

2215 2881 2504 2946 sinistram,
2536 2895 2638 2933 non
2666 2888 2739 2932 est
2770 2894 2934 2931 meum
2962 2877 3101 2930 dare.
3136 2875 3251 2930 Non
3293 2875 3430 2944 quod
3460 2875 3674 2940 sedeat,
3702 2875 3798 2929 sed

2217 2972 2319 3025 hoc
2345 2973 2484 3027 idem
2527 2972 2698 3036 valet,
2728 2970 2869 3040 quod
2914 2970 3172 3038 majorem
3211 2969 3463 3038 consequi
3501 2967 3795 3033 honorem,

2217 3063 2416 3131 primas
2444 3073 2620 3130 partes
2667 3061 2929 3126 obtinere,
2977 3061 3307 3128 superiorem
3348 3060 3594 3114 omnibus
3640 3061 3796 3114 ﬁeri:

2217 3155 2348 3208 dixit
2375 3155 2534 3224 igitur
2557 3153 2744 3208 sedere
2772 3152 2838 3206 ad
2885 3151 3158 3206 dexteram
3197 3161 3251 3205 et
3285 3151 3352 3205 ad
3392 3152 3698 3216 sinistram,
3745 3161 3802 3205 ut

2218 3262 2402 3301 eorum
2448 3245 2683 3315 opinioni
2713 3260 2770 3299 se
2797 3243 3226 3299 accommodaret
3260 3261 3274 3297 :
3306 3243 3380 3297 illi
3418 3243 3561 3297 enim
3602 3243 3802 3309 primas

2218 3346 2395 3406 partes
2423 3335 2762 3404 appetebant,
2786 3343 2838 3390 et
2868 3345 2927 3390 ut
2953 3336 3161 3390 caeteris
3181 3335 3427 3389 omnibus
3453 3335 3685 3403 majores
3710 3350 3804 3403 ap-

2221 3438 2489 3500 parerent.
2525 3429 2636 3482 lloc
2660 3429 2817 3498 igitur
2846 3428 3018 3497 ipsum
3041 3428 3232 3496 inquit,
3257 3435 3314 3480 ut
3342 3441 3438 3480 vos
3460 3426 3671 3481 ueteris
3690 3440 3804 3480 ma—

2215 3522 2360 3591 jores
2389 3521 2690 3589 appareatis
2713 3560 2727 3584 ,
2761 3518 3114 3586 omnibusque
3160 3517 3523 3584 subliiniores,
3574 3517 3675 3572 hac
3700 3533 3803 3571 una

2219 3631 2278 3668 re
2308 3630 2411 3669 non
2453 3613 2674 3682 potestis
2703 3613 2978 3681 acquirere
3003 3628 3016 3664 :
3056 3626 3175 3664 nam
3204 3619 3428 3664 mortem
3461 3609 3678 3678 quidem
3705 3626 3804 3679 op-

2222 3705 2430 3773 petetis,
2465 3711 2521 3757 ut
2546 3713 2721 3758 autem
2747 3717 3052 3772 supremum
3083 3701 3340 3754 honorem
3367 3700 3673 3758 obtineatis.
3699 3717 3801 3754 mn

2220 3807 2304 3851 est
2327 3811 2501 3850 meum
2524 3794 2838 3855 concedere,
2865 3793 2958 3848 sed
2987 3794 3178 3862 quibus
3203 3801 3438 3862 paratum
3465 3802 3568 3847 est.
3594 3793 3660 3846 Et
3685 3794 3805 3861 qui-

2224 3887 2443 3941 busnam
2485 3901 2669 3954 quieso
2708 3893 2946 3952 paratum
2991 3885 3111 3938 est?
3155 3884 3456 3947 Videamus,
3487 3887 3706 3952 quinam
3733 3885 3800 3938 illi

2222 3978 2329 4032 sint
2354 3978 2491 4032 beati
2519 3992 2581 4031 ac
2611 3985 2698 4032 ter
2722 3975 2879 4041 beati,
2903 3977 3098 4043 quique
3117 3974 3555 4044 splendidasillas
3579 3990 3807 4028 coronas

2221 4076 2636 4137 consequuntur.
2671 4066 2894 4132 Quinam
2925 4066 3083 4134 igitur
3107 4065 3185 4118 illi
3214 4073 3356 4130 sunt,
3383 4076 3437 4118 et
3461 4080 3596 4134 quas
3622 4066 3693 4117 ob
3721 4082 3806 4120 res

2222 4170 2397 4230 gestas
2426 4159 2558 4213 adeo
2583 4157 2862 4228 splendide
2897 4157 3258 4212 coronantur?
3301 4155 3434 4210 Audi
3461 4156 3590 4225 quid
3622 4157 3764 4210 dicat
3790 4175 3802 4208 :

2224 4252 2508 4319 Postquam
2536 4252 2678 4303 enim
2700 4247 2882 4302 decem
2912 4248 3166 4317 indignati
3193 4247 3395 4303 suntde
3411 4246 3644 4310 duobus,
3667 4247 3806 4316 quod

2223 4343 2426 4398 scilicet
2449 4357 2567 4395 cum
2590 4357 2620 4394 a
2647 4351 2788 4396 cortu
2815 4355 2875 4395 se
2895 4339 3296 4407 disjunxissent,
3335 4338 3401 4392 de
3437 4339 3806 4394 transferendo

2224 4434 2276 4488 in
2305 4449 2363 4487 se
2392 4448 2640 4501 supremo
2666 4431 2870 4486 honore
2896 4429 3273 4493 deliberarent,
3306 4429 3427 4483 vide
3457 4430 3731 4498 quomodo
3757 4442 3807 4484 et

2223 4528 2434 4582 illorum
2459 4527 2756 4594 passionem
2787 4525 3036 4594 corrigat,
3062 4532 3115 4577 et
3141 4523 3357 4576 istorum
3390 4539 3404 4575 :
3441 4523 3644 4577 roeatis
3669 4524 3804 4576 enim

2224 4621 2327 4674 illis
2360 4619 2426 4674 ad
2454 4635 2511 4673 se
2551 4619 2628 4672 sic
2658 4619 2732 4672 ait
2767 4637 2779 4670 :
2815 4617 3082 4687 Principes
3110 4616 3331 4686 gentium
3355 4614 3688 4666 dominantur
3721 4631 3805 4667 eo-

2223 4729 2356 4777 rum,
2408 4722 2455 4764 et
2502 4712 2586 4775 qui
2630 4709 2798 4779 magni
2825 4718 2960 4771 sunt,
3014 4716 3304 4776 potestatem
3332 4713 3564 4758 exercent
3594 4706 3649 4756 in
3684 4722 3764 4758 eos
3788 4721 3806 4758 :

2223 4805 2360 4872 apud
2382 4821 2465 4858 vos
2490 4811 2655 4856 autem
2678 4819 2776 4854 non
2807 4803 2875 4854 ita
2900 4801 2992 4853 erit
3013 4815 3031 4861 ;
3049 4798 3135 4851 sed
3151 4800 3444 4865 quicumque
3461 4797 3674 4850 coluerit
3685 4801 3807 4849 inter

2223 4910 2306 4948 vos
2339 4896 2529 4962 primus
2555 4908 2675 4953 esse,
2697 4890 3020 4959 ﬁatomnium
3038 4888 3240 4942 ultimus
3266 4886 3448 4957 (Marc.
3473 4887 3562 4940 10.
3585 4887 3678 4940 42.
3699 4887 3803 4953 l5).

2224 4984 2492 5053 Perspicis
2525 4986 2622 5036 hoc
2649 4983 2766 5036 illos
2794 4981 3046 5045 voluisse,
3079 4988 3134 5032 ttt
3162 4977 3338 5048 primi,
3363 4977 3601 5046 majores
3635 4989 3689 5031 et
3719 4993 3805 5029 su-

2224 5076 2462 5144 periores
2490 5073 2796 5139 evaderent,
2825 5080 2983 5140 atque
3008 5079 3062 5124 ut
3089 5070 3160 5122 ita
3191 5069 3359 5122 dicam
3394 5067 3637 5137 ipsorum
3671 5070 3806 5137 prin-

2225 5167 2370 5235 cipes
2387 5168 2410 5215 ?
2436 5167 2718 5233 Propterea
2745 5178 2937 5230 nempe
2963 5161 3218 5218 adversus
3246 5160 3346 5214 hoc
3373 5159 3631 5213 insistens
3653 5171 3707 5213 et
3724 5176 3807 5214 co-

2226 5273 2341 5310 rum
2377 5271 2571 5310 arcana
2613 5255 2665 5309 in
2709 5255 2940 5308 medium
2970 5252 3243 5322 proferens
3272 5252 3436 5314 dixit,
3470 5250 3574 5313 Qui
3603 5252 3808 5303 voluerit

2223 5350 2354 5403 inter
2382 5365 2468 5401 vos
2498 5351 2688 5414 primus
2715 5364 2840 5410 esse,
2872 5347 2936 5400 sit
2971 5346 3194 5398 omnium
3216 5345 3439 5397 minister
3464 5342 3574 5413 (Ib.
3608 5360 3656 5396 υ.
3702 5343 3802 5412 Η).

2225 5439 2279 5493 Si
2315 5439 2536 5506 primunt
2579 5453 2892 5494 consessum
2934 5437 3201 5506 appetitis,
3250 5435 3436 5503 inquit,
3465 5443 3520 5485 et
3544 5449 3804 5486 summum

2225 5533 2504 5597 honorem,
2531 5532 2770 5585 ultimum
2790 5529 3169 5600 persequimini
3198 5529 3393 5590 locum,
3415 5534 3468 5579 et
3493 5535 3553 5578 ut
3571 5527 3802 5578 oniniuil

2223 5625 2339 5679 sitis
2381 5624 2657 5691 vilissimi,
2686 5624 2924 5676 omnium
2955 5618 3264 5684 humillimi,
3294 5617 3534 5671 omnium
3571 5616 3801 5678 minimi,

2224 5730 2426 5784 vosque
2449 5715 2686 5768 omnimn
2723 5724 3021 5782 postremos
3045 5709 3317 5764 collocetis
3351 5725 3362 5759 :
3399 5707 3515 5760 bare
3537 5706 3678 5758 enim
3706 5705 3806 5756 vir.

2228 5819 2310 5864 tus
2338 5809 2594 5864 honorem
2621 5809 2767 5864 illum
2798 5807 3035 5877 largitur,
3067 5820 3239 5874 neque
3265 5803 3420 5871 longe
3448 5800 3599 5856 abest
3626 5811 3805 5852 exem-
