3926 6232
112 442 208 496 ΤΠ

113 582 278 650 plum,
303 574 442 645 quod
470 585 524 628 et
550 574 772 627 mullum
802 573 1027 628 excedit.
1056 572 1171 627 Non
1197 574 1327 626 enim
1350 574 1480 626 venit
1510 570 1671 624 Filius

113 668 346 730 liminis,
364 676 418 719 ut
448 669 815 721 ministraretut
841 667 905 731 ei,
937 665 1023 719 sed
1050 676 1105 718 ut
1119 666 1443 728 ministraret,
1465 674 1509 716 et
1530 665 1671 716 daret

111 759 329 810 animam
340 774 504 822 suam,
527 757 914 826 redemptionem
935 772 1025 825 pro
1046 757 1213 809 multis
1237 755 1423 825 (Marc.
1448 754 1534 809 10.
1554 754 1668 823 45).

112 847 176 903 Ut
215 848 522 917 intelligatis
562 847 699 901 istud
727 862 846 901 esse
885 847 1023 915 quod
1069 847 1238 900 claros
1273 845 1444 900 reddit
1472 854 1526 900 et
1552 844 1672 899 illit-

111 951 261 1001 stres,
288 940 482 1001 videte,
507 939 693 1009 inquit,
718 939 982 1008 quomodo
1009 954 1094 992 res
1123 939 1251 992 mihi
1278 940 1631 993 successerint
1654 979 1667 998 .

111 1030 192 1098 qui
212 1045 387 1097 neque
408 1032 632 1095 honore,
661 1045 829 1099 neque
857 1029 1022 1099 gloria
1048 1030 1258 1099 indigeo
1287 1048 1302 1083 :
1332 1030 1671 1084 nihilominus

114 1130 280 1173 tamen
302 1120 403 1173 hac
428 1121 633 1173 ratione
661 1119 795 1173 bona
818 1120 1094 1173 innmnera
1116 1128 1239 1173 sunt
1263 1136 1291 1171 ει
1317 1135 1399 1172 me
1420 1119 1667 1187 perlecta.

114 1213 402 1280 Antequam
428 1212 569 1265 enim
590 1225 802 1264 carnem
830 1211 1199 1278 assumpsisset
1224 1209 1329 1273 ille,
1351 1224 1413 1263 ac
1426 1223 1486 1263 se
1502 1209 1669 1278 ipsum

114 1302 410 1372 abjcciSset,
453 1302 721 1370 perierant
757 1301 934 1355 omnia
958 1341 975 1365 ,
1015 1310 1069 1355 et
1106 1300 1173 1353 de
1213 1300 1457 1352 omnibus
1497 1310 1669 1353 actmu

114 1402 219 1448 erat
245 1412 259 1446 :
290 1403 571 1463 postquam
599 1402 776 1446 autem
800 1393 1035 1461 seipsum
1060 1391 1271 1458 dejecit,
1301 1406 1486 1444 omnes
1516 1392 1567 1443 in
1592 1391 1671 1445 al-

115 1497 216 1538 tum
245 1485 458 1549 evexit,
505 1480 841 1537 maledictum
871 1484 1101 1550 delevit,
1138 1494 1359 1537 mortem
1385 1484 1668 1548 exstinxit,

116 1577 407 1643 paradisum
430 1576 656 1644 aperuit,
689 1584 961 1644 peccatum
993 1583 1259 1629 mortuum
1294 1575 1540 1637 reddidit,
1571 1591 1674 1627 cae-

115 1668 275 1721 lorum
303 1666 535 1721 fornices
562 1666 839 1732 reseravit,
872 1666 1133 1735 primitias
1162 1677 1369 1719 nostras
1398 1666 1450 1718 in
1484 1666 1669 1718 caelum

114 1757 336 1821 sustulit,
367 1759 551 1811 orbem
580 1767 838 1811 terrarum
865 1756 1058 1825 pietate
1090 1757 1406 1825 complevit,
1437 1770 1671 1810 errorem

114 1852 299 1919 abegit,
328 1851 607 1903 veritatem
647 1848 875 1913 reduxit,
925 1848 1184 1917 primitias
1225 1856 1429 1901 nostras
1473 1847 1669 1915 regium

116 1944 161 1994 in
190 1944 439 1996 thronum
466 1940 740 2007 subvexit,
778 1940 1053 1993 innumera
1085 1938 1220 1992 bona
1248 1939 1523 2007 praestitit:
1556 1954 1671 2005 qua:

116 2051 276 2103 neque
303 2050 426 2103 ego,
456 2049 625 2103 neque
652 2033 905 2087 mortales
949 2046 1133 2085 omnes
1175 2040 1394 2101 possent
1434 2032 1672 2084 oratione

115 2124 405 2193 complecti.
446 2124 521 2177 Ac
550 2123 693 2191 prius
720 2122 967 2191 quidem,
1006 2137 1161 2191 quam
1202 2137 1260 2176 se
1306 2121 1667 2183 humiliasset,

114 2214 275 2283 angeli
302 2222 507 2267 tantum
532 2214 699 2282 ipsum
719 2223 973 2266 noverant
1000 2229 1015 2266 :
1042 2220 1323 2282 postquam
1362 2220 1536 2264 autem
1582 2226 1670 2263 se-

116 2305 273 2373 ipsum
302 2305 620 2371 humiliavit,
648 2304 821 2358 omnis
840 2319 959 2358 eum
989 2313 1174 2357 natura
1195 2300 1666 2371 aguovithumana.

118 2396 264 2451 Vides
291 2412 401 2467 quo
432 2405 587 2466 pacto
615 2395 753 2464 quod
790 2410 849 2450 se
878 2393 1258 2457 humiliaverit,
1304 2392 1470 2447 nihilo
1500 2391 1671 2444 minor

114 2488 171 2541 sit
191 2488 449 2554 redditus,
482 2488 573 2541 sed
611 2488 883 2542 innumera
906 2488 1207 2549 indelucra,
1236 2488 1504 2539 innumera
1531 2496 1671 2539 recte

116 2579 235 2631 facta
270 2580 657 2648 promanarint,
689 2579 907 2647 ejuSque
933 2577 1095 2648 gloria
1122 2578 1311 2631 clarius
1340 2577 1534 2629 idcirco
1560 2576 1663 2629 elu-

1131 444 1215 501 ΒΕ
1239 438 1512 497 CHRISTI
1547 414 1911 490 vastitatis;
1935 456 1981 464 —
2012 425 2345 481 MONITUM.

3238 440 3359 493 779'

1779 552 1930 605 xerit.
1959 554 2107 621 Quod
2133 556 2177 609 si
2208 557 2258 609 in
2292 556 2417 619 Deo,
2448 554 2539 625 qui
2564 556 2714 609 bonis
2744 567 2989 609 omnibus
3014 554 3201 616 afﬂuit,
3234 569 3332 607 nec

1779 642 1880 697 ulla
1906 659 1965 699 re
1992 645 2211 715 indiget,
2239 645 2379 715 quod
2409 648 2639 716 seipsum
2662 645 3032 712 htnniliaverit,
3060 655 3262 698 tantqu
3288 642 3357 697 id.

1776 734 1899 789 boni
1930 738 2154 805 peperit,
2187 736 2466 804 pluresque
2519 734 2743 790 famulos
2785 738 2856 789 illi
2899 735 3230 796 conciliavit,
3277 749 3338 787 ac

1774 839 1994 895 regnum
2022 825 2280 887 dilatavit,
2308 826 2435 894 quid
2467 834 2520 879 tu
2548 841 2748 880 vereris
2768 865 2782 887 ,
2813 841 2879 878 ne
2906 841 3025 879 cum
3071 835 3121 879 te
3163 824 3337 877 lnnni-

1700 922 1711 941 '
1776 917 2005 983 liaveris,
2025 917 2198 972 minor
2212 916 2344 972 ﬁas?
2374 917 2505 971 Tum
2527 917 2802 971 sublimior
2815 916 2945 982 eris,
2970 927 3076 969 tum
3097 930 3339 985 magnus,

1778 1019 1889 1062 tum
1910 1010 2107 1074 clarus,
2138 1017 2247 1062 tum
2276 1009 2497 1063 illustris
2515 1048 2531 1074 ,
2556 1022 2677 1062 cum
2709 1008 2933 1076 teipsum
2964 1005 3303 1062 ﬂoccifeceris
3328 1045 3342 1062 .

1776 1118 1896 1155 cum
1944 1101 2142 1171 primas
2183 1110 2357 1167 partes
2396 1115 2501 1153 non
2543 1098 2892 1169 appetiveris,
2936 1097 3028 1151 sed
3064 1096 3343 1150 inferiores

1779 1199 1934 1262 ferre,
1967 1208 2019 1250 et
2042 1194 2248 1259 occidi,
2291 1203 2345 1245 et
2384 1193 2436 1245 in
2486 1192 2735 1258 periculis
2784 1188 3016 1250 versari,
3062 1196 3342 1240 contentus

1778 1291 1962 1355 fueris,
1993 1306 2112 1343 cum
2144 1285 2496 1342 ministerium
2539 1283 2803 1353 plerisque
2829 1321 2844 1346 ,
2887 1278 3231 1347 obsequium,
3288 1286 3341 1329 et

1776 1399 1955 1437 curam
2005 1382 2268 1437 studueris
2311 1379 2595 1442 exhibere,
2659 1386 2814 1442 atque
2855 1372 3010 1439 hujus
3062 1370 3137 1423 rei
3181 1382 3338 1422 causa

1778 1476 1984 1545 quidvis
2010 1490 2165 1544 agere
2191 1473 2399 1541 patique
2426 1481 2638 1539 paratus
2666 1467 2849 1520 lucris.
2888 1464 2977 1518 llis
3008 1464 3167 1531 igitur
3209 1478 3340 1513 con-

1779 1568 2052 1627 sideratis,
2097 1562 2455 1625 dilectissimi,
2502 1559 2848 1613 humilitatem
2911 1570 3119 1608 smnmo
3166 1553 3339 1605 studio

1778 1670 2063 1723 sectemur,
2090 1664 2147 1712 et
2175 1670 2295 1711 cum
2324 1653 2495 1706 allecti
2524 1650 2842 1704 contumelia
2890 1646 3145 1700 fuerimus
3166 1688 3179 1707 ,
3219 1660 3339 1697 cum

1778 1750 2033 1818 despecti,
2059 1762 2178 1801 cum
2201 1755 2435 1799 extrema
2456 1752 2643 1796 cuncta
2670 1740 2928 1810 perpessi,
2951 1752 3071 1791 cum
3094 1736 3337 1803 neglecti,

1777 1859 1839 1901 ac
1870 1842 2098 1896 ludibrio
2121 1838 2306 1903 habiti,
2350 1852 2468 1889 cum
2498 1836 2766 1901 voluptate
2809 1829 3165 1900 perferamus,
3211 1828 3339 1880 nihil

1779 1935 1920 1988 enim
1948 1933 2027 1986 sic
2061 1932 2111 1983 in
2140 1929 2302 1982 altum
2328 1928 2538 1990 tollere,
2570 1924 2791 1993 gloriam
2812 1931 2865 1976 et
2886 1921 3140 1974 honorem
3163 1934 3339 1971 conct-

1780 2026 1933 2089 liare,
1966 2033 2124 2091 atque
2149 2019 2362 2076 efﬁcere
2383 2027 2442 2072 ut
2471 2030 2693 2085 magnus
2717 2014 2948 2079 videare,
2975 2012 3267 2074 consuevit,
3286 2021 3341 2064 ut

1780 2119 1947 2170 virtus
1986 2113 2317 2169 humilitatis.
2359 2110 2521 2177 Cujus
2566 2108 2717 2161 nobis
2768 2106 3019 2160 eximium
3073 2104 3339 2170 Specimcn

1778 2206 2148 2264 exhibeutibus
2176 2204 2432 2274 promissa
2455 2199 2708 2268 consequi
2742 2198 2876 2251 bona
2912 2194 3197 2264 contingat,
3222 2208 3341 2262 gra~

1780 2305 1848 2358 tia
1879 2312 1932 2357 et
1970 2300 2293 2369 benignitate
2327 2295 2534 2349 Domini
2584 2291 2748 2345 nostri
2786 2290 2910 2344 Jesu
2951 2288 3165 2351 Christi,
3217 2300 3336 2339 cum

1777 2410 1883 2463 quo
1902 2392 2086 2463 gloria,
2115 2390 2372 2451 honor,et
2396 2384 2633 2438 adoratio
2656 2381 2814 2446 Patri,
2834 2390 2887 2433 et
2909 2378 3123 2448 Spiritui
3156 2384 3341 2429 sancto

1787 2504 1925 2542 nttnc
1952 2496 2005 2541 et
2032 2497 2241 2551 semper
2266 2492 2319 2535 et
2346 2481 2398 2534 in
2419 2479 2608 2535 sarcula
2638 2477 2971 2538 swculorum,
3004 2476 3192 2527 Amen.

141 2797 3296 2851 WWW

1524 2984 1923 3081 ll’IONl'I‘UM.

122 3174 429 3227 circumstat
455 3172 592 3234 dixi,
631 3190 649 3222 ι
685 3180 734 3226 et
774 3189 875 3225 non
900 3173 1018 3240 jam
1043 3173 1351 3237 orationem,
1392 3173 1481 3226 sed
1510 3189 1677 3225 vocem

124 3272 377 3315 mortuam
418 3264 696 3329 excitasse,
724 3264 855 3315 satis
881 3272 988 3314 tum
1029 3263 1522 3319 demonstravimus.
1556 3263 1679 3317 llaec

121 3367 273 3421 porro
300 3354 496 3407 confer
528 3369 650 3407 cum
712 3354 778 3407 iis
812 3369 933 3421 quae
986 3354 1039 3406 in
1077 3354 1299 3407 homilia
1356 3354 1429 3408 De
1465 3354 1673 3407 Lazaro

120 3446 237 3499 dicit
262 3446 505 3508 num.‘5,
533 3454 587 3499 et
625 3446 805 3499 statim
837 3445 1137 3512 comperies
1168 3447 1307 3500 hanc
1359 3447 1529 3515 ipsum
1578 3448 1674 3499 ho-

123 3535 311 3609 miliam
340 3554 370 3590 a
405 3535 819 3606 Chrysostomo,
860 3536 1015 3604 quasi
1047 3552 1217 3604 nuper
1248 3537 1524 3597 habitam,
1563 3554 1673 3590 tne-

123 3628 330 3683 morari.
370 3626 441 3680 Ut
473 3642 600 3679 vero
629 3626 841 3680 caeteris
870 3642 1221 3680 occurramus
1248 3628 1315 3681 ab
1347 3625 1557 3681 llalesio
1586 3629 1679 3680 ob-

119 3718 265 3784 jectis
291 3719 654 3789 argumentis,
684 3719 994 3772 consideres
1059 3719 1217 3771 velim
1272 3720 1572 3772 orationem
1614 3721 1680 3773 de
1726 3754 1735 3765 ι

126 3809 316 3861 Lazaro
346 3810 717 3879 quatridnano
745 3809 1177 3877 αὐτοσχεδίασμσ.
1210 3825 1331 3863 esse
1360 3810 1682 3879 Chrysosto-

124 3903 207 3954 mi.
246 3900 381 3954 Nam
448 3916 569 3953 cum
619 3916 683 3953 ex
744 3901 973 3955 lectione
1041 3899 1311 3969 Evangelii
1370 3903 1436 3956 de
1477 3902 1680 3957 Lazaro

125 3992 503 4059 quatriduano,
545 4002 672 4046 tunc
716 3992 767 4044 in
801 4002 943 4045 coetu
978 3990 1227 4045 Ecclesia:
1262 4001 1497 4061 peracta,
1534 3993 1678 4045 Ano-

126 4087 239 4137 ιιιωί
264 4096 310 4137 et
340 4083 541 4145 Judaei,
580 4093 638 4135 ut
666 4083 779 4151 ipse
836 4082 991 4136 initio
1030 4083 1180 4147 dicit,
1240 4084 1683 4138 contradictionis

129 4192 307 4229 ansam
342 4176 649 4243 arriperent
676 4174 1026 4244 dicerentque
1054 4190 1161 4227 non
1200 4190 1381 4244 parem
1424 4190 1544 4229 esse
1582 4174 1685 4229 Pa-

127 4271 184 4321 tri
209 4284 355 4330 eum,
393 4269 487 4337 qui
539 4266 748 4319 Patrem
783 4276 1113 4335 precaretur,
1144 4281 1207 4320 ex
1243 4275 1483 4335 tempore
1515 4268 1687 4337 Chry-

126 4371 391 4415 sostomus
422 4360 563 4413 hanc
593 4360 893 4413 orationem
926 4358 1151 4413 habuit:
1186 4359 1276 4412 ubi
1323 4359 1459 4412 mira
1496 4359 1683 4412 solita-

126 4469 220 4519 que
281 4454 332 4505 vi
389 4451 797 4505 ratiociniorum
857 4452 1097 4504 adversa:
1137 4451 1306 4519 partis
1360 4460 1679 4521 argumenta

126 4546 371 4615 depellit:
402 4561 467 4599 ac
517 4546 639 4599 licet
684 4546 858 4598 oratio
888 4561 993 4599 non
1027 4556 1242 4600 assueta
1274 4555 1551 4615 troporum
1591 4562 1680 4600 or-

128 4649 371 4692 namenta
415 4654 527 4709 pra:
576 4654 634 4691 se
701 4636 855 4701 ferat,
917 4638 1045 4706 quia
1097 4638 1351 4691 nimirum
1390 4638 1441 4690 id
1500 4654 1677 4691 rerum

127 4732 355 4784 conditio
421 4747 530 4783 non
589 4730 915 4799 postulabat,
972 4738 1208 4783 attamen
1259 4730 1450 4799 stylus,
1510 4746 1684 4797 neque

131 4823 239 4889 ipso
311 4823 531 4891 penitus
591 4821 852 4875 dillitente
910 4820 1171 4886 Halesio,
1229 4821 1683 4893 Chrysostotnntn

131 4920 343 4969 omnino
385 4914 555 4981 sapit.

192 5007 289 5059 Sed
321 5007 492 5075 pergit
554 5003 825 5065 llalesius,
867 5023 884 5055 ι
952 5004 1111 5059 Ratio
1159 5021 1321 5074 (luam
1385 5006 1560 5059 reddit
1592 5023 1688 5061 cur

131 5098 367 5151 libris-tus
397 5096 661 5150 Lazarum
716 5097 1032 5150 nominatim
1086 5099 1390 5165 compellet,
1442 5110 1679 5165 apostro-

133 5189 222 5252 pile
246 5190 307 5240 ad
346 5187 619 5240 infernum
653 5199 705 5241 et
734 5187 975 5255 ejusdem
1013 5188 1388 5255 prosopopoeia
1429 5203 1689 5240 νεανικω-

136 5278 289 5346 τέραν
338 5280 489 5332 olent
517 5279 797 5332 audaciam
826 5277 1058 5346 alicujus
1120 5279 1318 5348 ingenii
1372 5280 1690 5333 l't't‘t'ltlltrlls

139 5378 377 5427 tuom-Im,
397 5384 501 5420 non
523 5376 702 5422 autem
728 5368 872 5421 illam
891 5366 1119 5421 Joannis
1141 5370 1487 5422 SOiltiilalt'lll.
1504 5390 1519 5417 ι
1534 5370 1688 5422 ιιειιῑυ

135 5469 300 5508 autent
336 5458 447 5517 illa,
473 5472 634 5525 quam
654 5458 1079 5528 Chrysostomus
1108 5458 1283 5524 alit-rt,
1316 5476 1415 5513 cur
1438 5460 1690 5514 Christus

138 5545 389 5601 Lazarum
440 5550 763 5603 nominatim
815 5552 1240 5620 compellaverit,
1294 5553 1516 5613 Lazare,
1574 5554 1684 5605 vani

139 5640 291 5703 (oras,
331 5641 644 5708 ltujnsntodi
702 5653 821 5695 est:
860 5641 960 5706 Ne,
996 5644 1041 5695 si
1081 5644 1373 5696 absolutam
1414 5662 1584 5697 vacem
1617 5645 1685 5697 ad

140 5743 360 5782 mortuos
402 5733 703 5795 direxisset,
745 5750 944 5797 omnes,
998 5735 1085 5804 qui
1120 5738 1171 5787 in
1203 5737 1453 5802 sepulcris
1519 5745 1690 5801 erant,

138 5823 405 5887 excitaret,
438 5824 487 5877 id
539 5833 640 5888 est,
702 5824 746 5877 si
783 5824 1011 5880 dixisset
1047 5834 1278 5891 tantum,
1346 5824 1467 5878 Veni
1525 5825 1690 5894 foras,

1781 3184 1902 3222 cum
1933 3169 2044 3222 hare
2074 3185 2176 3221 vox
2205 3185 2309 3222 non
2377 3172 2546 3239 tnegis
2608 3169 2893 3233 Lara-num,
2952 3188 3113 3238 quam
3171 3172 3337 3226 alium

1780 3262 2084 3331 quempiam
2113 3272 2381 3320 evocaret.
2417 3278 2604 3316 omnes
2639 3262 2863 3315 omnino
2914 3261 3111 3319 mortui
3158 3279 3342 3319 resur-

1783 3355 1981 3408 recturi
2009 3364 2158 3406 erant
2188 3372 2200 3405 :
2236 3362 2382 3406 tanta
2430 3369 2621 3421 nempe
2672 3363 2789 3407 erat
2820 3354 3020 3408 Christi
3078 3356 3337 3424 potentia.

1785 3450 1854 3499 De
1883 3448 2151 3501 ratiocinii
2219 3447 2527 3513 hujusmodi
2561 3447 2813 3517 ἀκριϐείᾳ
2858 3462 2961 3499 non
3012 3448 3339 3516 disputabo:

1782 3538 1875 3593 sed
1908 3540 2073 3593 libere
2118 3539 2333 3591 dicam:
2376 3538 2421 3591 si
2466 3554 2532 3591 ex
2567 3538 2879 3606 huiusmodi
2925 3537 3221 3591 ratiociniis
3257 3554 3341 3589 νο-

1783 3630 1931 3693 θείας
1992 3630 2253 3684 sententia
2314 3629 2532 3684 ferenda
2588 3631 2696 3693 sit,
2748 3630 3160 3699 quamplurima:
3219 3630 3337 3683 alia:

1785 3724 2159 3793 Chrysosmmi
2191 3723 2446 3784 humilia),
2501 3738 2637 3792 quas
2693 3731 2870 3776 tamen
2930 3734 3079 3776 certo
3128 3728 3342 3775 constat

1786 3818 1933 3871 illum
1970 3815 2227 3878 edidisse,
2268 3829 2331 3867 ex
2384 3813 2741 3883 genuinarum
2798 3813 2934 3866 serie
2971 3810 3341 3881 espungenda:

1782 3910 1962 3957 erunt.
1987 3902 2139 3968 Quod
2165 3904 2280 3970 pari
2320 3901 2529 3955 ratione
2566 3901 2714 3955 dicas
2765 3901 2833 3954 de
2888 3900 3213 3970 aphstrophe
3274 3901 3338 3953 ad

1786 3994 2054 4048 infernum
2081 4003 2134 4049 et
2160 3996 2225 4049 de
2260 3994 2656 4063 prosopopoeia,
2684 4010 2804 4061 qua:
2831 3994 2909 4047 sic
2937 3994 3096 4048 habet
3120 4011 3133 4047 :
3163 3992 3345 4058 Quan-

1783 4087 1850 4139 do
1879 4087 2035 4155 [iebat
2060 4088 2254 4148 oratio,
2288 4103 2387 4139 non
2422 4088 2703 4139 resurrexit
2727 4100 2981 4148 mortuus,
3021 4086 3109 4139 sed
3134 4088 3345 4157 quando

1784 4180 1919 4233 dixit
1962 4198 1979 4229 ι
2031 4178 2255 4242 Lazare,
2298 4180 2411 4232 veni
2445 4180 2614 4248 foras,
2653 4198 2670 4230 ι
2719 4191 2840 4231 tunc
2885 4192 3121 4232 mortuus
3172 4196 3345 4232 resur-

1788 4273 1943 4326 rexit.
1973 4271 2016 4325 0
2048 4272 2231 4324 mortis
2267 4270 2640 4339 tyrannidem!
2668 4289 2698 4323 ο
2743 4272 3073 4341 tyrannidem
3130 4272 3338 4323 virtutis

1788 4363 1956 4425 illius,
2007 4379 2123 4432 qua:
2182 4363 2419 4416 animam
2474 4362 2626 4414 illam
2665 4362 2975 4416 detinebat!
3012 4379 3042 4414 ο
3100 4362 3346 4429 inferne!

1787 4456 1930 4524 facta
1958 4465 2035 4510 est
2065 4456 2257 4517 oratio,
2294 4466 2340 4508 et
2368 4465 2637 4508 mortuum
2674 4472 2774 4507 non
2820 4456 3045 4508 dimittis
3070 4456 3096 4510 ?
3134 4452 3344 4524 Nequa-

1785 4564 1962 4615 quam,
2005 4548 2195 4615 inquit.
2237 4547 2356 4612 Qua
2394 4548 2456 4600 de
2477 4550 2687 4602 causa?
2724 4548 2861 4610 Quia
2892 4563 2993 4599 non
3020 4548 3202 4615 jussus
3232 4563 3343 4600 sum

1785 4638 2064 4701 dimittere,
2078 4649 2180 4691 etc.
2196 4638 2335 4703 Quot
2352 4646 2569 4693 exstant
2597 4639 2736 4707 apud
2750 4637 3195 4708 Chrysostomum
3219 4654 3344 4707 apo-

1788 4729 2020 4797 stropha.
2049 4736 2103 4780 et
2150 4730 2539 4797 prosopopoeia:
2566 4729 2873 4798 huiusmodi
2898 4730 2919 4781 ?
2948 4730 3001 4781 Si
3031 4730 3345 4784 advertisset

1790 4820 2038 4875 llalcsitts
2078 4821 2217 4874 hanc
2249 4822 2522 4875 homiliam
2550 4822 2601 4876 in
2633 4823 2756 4888 alia,
2786 4839 2947 4892 quam
2980 4822 3347 4892 Chrysostomi

1788 4925 1906 4963 esse
1938 4924 2097 4962 nemo
2141 4910 2390 4964 dubitare
2433 4921 2632 4979 potest,
2685 4914 2968 4980 perspicue
3016 4913 3348 4975 memorari,

1789 5011 1993 5055 certum
2033 5001 2204 5055 habeo
2242 5002 2414 5070 ipsum
2463 5018 2561 5057 nec
2591 5004 2975 5072 apostrophen,
3012 5018 3110 5055 nec
3158 5018 3352 5070 proso-

1791 5095 2061 5162 popmiam
2094 5094 2240 5147 illam
2289 5104 2347 5147 ut
2376 5094 2587 5157 νοθείας
2625 5104 3003 5163 argumentum
3060 5094 3351 5147 allaturum

1792 5186 1977 5240 fuisse.
2010 5186 2188 5251 Quare
2222 5184 2510 5240 Frontonis
2575 5184 2755 5240 Ductci
2788 5186 3096 5254 exemplum
3157 5185 3349 5249 secuti,

1794 5280 1935 5331 illam
1966 5280 2107 5332 inter
2136 5280 2367 5349 genuina
2404 5294 2566 5347 opera
2600 5279 2759 5332 edere
2789 5279 2920 5331 nihil
2968 5279 3208 5332 cunctati
3259 5295 3350 5332 su-

1795 5388 1932 5434 mus,
2002 5372 2232 5440 ipsique,
2293 5380 2351 5424 ut
2398 5386 2561 5439 supra
2595 5369 2797 5423 dictum
2853 5380 2953 5431 est,
3014 5369 3234 5423 alteram
3290 5370 3356 5423 de

1792 5462 1994 5515 Christi
2029 5462 2281 5529 precibus
2324 5460 2718 5522 subnectimus,
2753 5477 2859 5513 non
2923 5461 3083 5515 modo
3139 5462 3265 5530 quia
3301 5462 3352 5514 id

1796 5554 2097 5621 argumenti
2124 5546 2483 5621 temporisque
2509 5552 2645 5605 ratio
2674 5552 3027 5620 postulat,sed
3048 5554 3207 5607 etiam
3230 5554 3357 5622 quia

1796 5645 2063 5715 posterior
2095 5645 2289 5713 prioris
2315 5642 2639 5713 γνησιότητσ.
2667 5643 2861 5697 asserit
2886 5654 2940 5698 et
2966 5648 3268 5699 conﬁrmat.

1869 5736 2165 5805 Utriusque
2222 5752 2349 5790 vero
2412 5752 2530 5790 eam
2584 5737 3081 5805 interpretationem
3121 5738 3353 5801 edimus,

1801 5845 1963 5897 quam
1983 5828 2329 5885 concinnavit
2355 5826 2558 5883 Fronto
2590 5826 2833 5883 Ducat-us.
3344 5834 3345 5839 “
