3926 6244
495 401 592 457 779

1169 398 1226 449 S.
1266 386 1547 447 JOANNIS
1586 380 2073 442 CHRYSOS'I'OMII
2113 374 2433 431 ARCHlEP.
2475 365 3022 426 CONSTANTINOP.

3606 355 3711 412 780

505 644 3707 717 ___________________________________________

1032 1493 1249 1668 IN
1430 1451 3178 1694 QUATRIDUANUM

1723 2138 2530 2271 LAZARUM.

767 3450 858 3512 (De
870 3449 1040 3499 Christi
1056 3449 1282 3510 precibus
1293 3455 1458 3498 contra
1470 3456 1737 3506 Anomteos,
1752 3453 1804 3496 1x
1814 3448 1850 3510 .)

595 3558 647 3610 l.
700 3556 970 3611 llodierno
1013 3556 1098 3609 die
1145 3556 1429 3610 suscitatus
1479 3570 1508 3608 a
1557 3558 1776 3610 mortuis
1829 3555 2093 3622 Lazarus,

526 3648 809 3702 multorum
855 3647 1008 3702 nobis
1047 3647 1421 3715 variorumque
1458 3646 1826 3700 scandalorum
1869 3646 2096 3701 dissolu-

527 3742 723 3796 tionem
761 3742 1014 3810 impertit.
1059 3741 1181 3794 Ilaec
1215 3741 1356 3793 enim
1392 3740 1549 3796 lectio
1587 3740 1768 3793 nescio
1807 3755 1911 3809 quo
1942 3748 2095 3808 pacto

526 3832 790 3887 luereticis
809 3847 1013 3897 ansam,
1036 3841 1089 3885 et
1103 3831 1300 3885 Judasis
1315 3831 1745 3885 contradictionis
1761 3831 2093 3886 occasionem

525 3922 672 3976 dedit
697 3941 709 3975 :
744 3937 848 3976 non
885 3938 951 3977 ex
980 3923 1056 3976 rei
1101 3923 1340 3988 veritate,
1369 3922 1538 3984 absit,
1564 3921 1657 3975 sed
1679 3922 1747 3975 ob
1777 3922 2092 3975 malitiosum

527 4014 736 4068 illorum
762 4015 1017 4068 animum.
1047 4013 1318 4082 Siquidem
1351 4012 1499 4065 multi
1532 4029 1594 4065 ex
1627 4011 1889 4064 haereticis
1913 4013 2096 4065 dicunt

526 4105 754 4158 similem
797 4105 935 4158 Patri
977 4122 1079 4157 non
1122 4120 1240 4158 esse
1279 4103 1493 4156 Filium.
1522 4103 1656 4170 Quid
1703 4103 1806 4156 ita?
1836 4104 2093 4169 Quoniam

525 4195 750 4265 indiguit
779 4197 1038 4264 precibus,
1072 4197 1332 4265 inquiunt,
1353 4195 1595 4249 Christus
1620 4194 1685 4248 ad
1706 4195 2038 4248 excitandum
2063 4210 2093 4248 a

527 4287 752 4340 mortuis
790 4285 1044 4340 Lazarum
1079 4304 1092 4342 :
1122 4286 1222 4340 nisi
1267 4287 1405 4340 enim
1457 4294 1771 4355 apprecatus
1799 4295 1958 4346 esset,
1992 4285 2095 4338 La-

527 4395 708 4434 zarum
769 4394 873 4433 non
943 4379 1248 4433 excitasset.
1309 4379 1371 4432 Et
1432 4379 1520 4446 qui
1585 4377 1699 4432 lieri
1759 4378 1987 4446 poterit,
2039 4385 2096 4430 ut

529 4468 576 4522 is
612 4470 701 4538 qui
735 4477 978 4538 precatus
1014 4477 1097 4522 est
1119 4511 1133 4533 ,
1165 4469 1234 4521 sit
1271 4468 1460 4522 similis
1493 4468 1574 4533 ei,
1621 4467 1710 4537 qui
1749 4467 2092 4537 supplicatio-

529 4574 651 4614 nem
693 4559 939 4622 admisit“?
966 4560 1095 4614 Nam
1145 4561 1229 4612 hic
1268 4561 1481 4629 quidem
1531 4569 1806 4628 precatur,
1840 4559 1928 4612 ille
1967 4575 2094 4613 vero

525 4662 710 4716 preces
734 4650 1077 4717 supplicantis
1095 4649 1325 4703 admisit.
1345 4648 1716 4718 Blasphemant
1736 4659 1933 4714 autem,
1953 4649 2094 4718 quod

527 4754 634 4794 non
671 4739 965 4810 intelligant
988 4741 1451 4796 coudescensionis
1477 4743 1642 4811 gratia
1674 4757 1859 4811 preces
1884 4751 1936 4796 et
1966 4757 2092 4811 pro-

526 4842 647 4900 pter
675 4831 995 4886 adstantium
1045 4832 1454 4888 imbecillitatem
1494 4833 1638 4888 fusas
1677 4851 1813 4888 esse.
1861 4836 2090 4904 Alioqui,

525 4922 631 4988 dic,
660 4937 857 4991 quaeso,
905 4924 1024 4992 quis
1048 4923 1218 4992 major
1242 4933 1354 4988 est,
1390 4924 1480 4994 qui
1513 4925 1652 4977 lavat
1677 4925 1874 4994 pedes,
1908 4940 1973 4976 an
2007 4927 2095 4978 ille

525 5013 677 5082 cujus
725 5014 886 5083 pedes
946 5015 1120 5068 lavat?
1176 5013 1404 5070 Omnino
1456 5017 1601 5070 illum
1656 5018 1910 5084 majorem
1972 5033 2093 5070 esse

524 5105 690 5173 dices,
722 5107 871 5176 cujus
900 5109 1061 5176 pedes
1085 5109 1210 5163 lavit
1236 5110 1279 5165 is
1302 5152 1318 5174 ,
1348 5111 1435 5180 qui
1464 5111 1669 5164 lavabat
1698 5109 1873 5180 (Joan.
1899 5110 1986 5163 15.
2015 5109 2091 5176 5).

599 5198 828 5271 Christus
853 5198 1006 5254 Judw
1029 5202 1176 5271 pedes
1202 5203 1341 5255 lavit.
1366 5232 1436 5242 —
1459 5201 1614 5272 Atqui
1637 5202 1785 5256 Judze
1810 5201 2096 5271 proditoris

528 5287 695 5352 pedes
722 5291 846 5345 lavit
873 5290 1156 5347 Salvator?
1183 5292 1442 5362 siquidem
1476 5308 1596 5347 cum
1633 5291 1903 5362 discipulis
1932 5300 2046 5345 erat
2077 5309 2091 5345 :

525 5379 645 5446 quis
665 5395 792 5446 ergo
811 5381 1019 5451 major?
1037 5399 1162 5438 num
1177 5382 1390 5439 Christo
1413 5385 1635 5439 Domino
1655 5384 1891 5454 proditor
1909 5383 2092 5450 Judas,

521 5470 950 5540 quandoquidem
969 5473 1084 5543 ejus
1100 5477 1260 5543 pedes
1279 5477 1404 5530 lavit
1419 5477 1698 5531 Christus?
1712 5476 1885 5530 Absit.
1908 5475 2094 5531 Utrum

533 5577 663 5617 vero
685 5563 969 5631 humilius,
1003 5567 1178 5622 lavare
1219 5569 1413 5638 pedes,
1455 5585 1522 5622 an
1550 5569 1794 5638 precari?
1819 5567 1966 5621 llaud
1993 5567 2094 5620 du-

527 5654 676 5709 bium
703 5656 834 5726 quin
857 5655 1015 5723 pedes
1042 5658 1237 5714 lavare.
1271 5659 1370 5725 Qui
1387 5675 1512 5730 ergo
1540 5660 1682 5729 quod
1706 5669 1820 5713 erat
1846 5659 2095 5713 humilius

522 5742 703 5807 facere
728 5766 836 5810 non
866 5755 1426 5826 recusavit,quomodo
1458 5755 1633 5811 facere
1662 5755 1800 5826 quod
1830 5763 1943 5810 erat
1971 5753 2096 5809 sub-

2210 3451 2390 3506 limius
2451 3458 2758 3508 recusaret?
2811 3454 2913 3508 Sed
2965 3455 3138 3509 omnia
3192 3467 3407 3525 pmpter
3455 3456 3781 3511 adstantium

2203 3544 2506 3599 Judazorum
2557 3547 2968 3601 imbecillitatem
3013 3546 3236 3613 ﬁebant,
3291 3558 3345 3602 ut
3383 3564 3447 3603 ex
3494 3565 3780 3620 progressu

2204 3637 2465 3691 sermonis
2494 3639 2786 3707 apparebit.
2818 3639 3115 3705 Quinetiam
3140 3639 3307 3694 Judaei
3335 3641 3777 3696 contradictiouis

2204 3728 2325 3781 inde
2353 3730 2684 3782 occasionem
2717 3731 3034 3800 arripientes
3072 3732 3255 3786 dicunt
3285 3751 3298 3786 :
3329 3734 3417 3802 qui
3452 3733 3542 3797 tit,
3565 3745 3628 3788 ut
3655 3752 3779 3790 eum

2200 3817 2487 3871 Christiani
2538 3820 2699 3873 Deum
2742 3820 3002 3888 habeant,
3047 3822 3136 3891 qui
3185 3821 3360 3876 locum
3405 3822 3494 3876 ubi
3533 3836 3780 3879 mortuus

2196 3909 2404 3974 jacebat
2437 3909 2670 3964 Lazarus
2698 3910 3012 3978 ignorabat?
3040 3911 3463 3982 quandoquidem
3503 3915 3780 3969 sororibus

2201 4000 2384 4053 Lazari
2416 4000 2634 4054 Martha:
2659 4011 2710 4055 et
2737 4001 2912 4056 Maria:
2940 4002 3182 4058 Salvator
3207 4004 3446 4069 dicebat,
3481 4004 3580 4059 Ubi
3605 4008 3780 4073 posui-

2200 4092 2290 4142 stis
2318 4107 2430 4144 eum
2459 4090 2634 4162 (Joan.
2669 4093 2758 4146 11.
2796 4093 2922 4162 54η
2951 4093 3130 4160 Vides,
3173 4095 3358 4163 inquit.
3390 4095 3781 4164 ignorantiam?

2206 4181 2362 4234 Vides
2407 4182 2868 4236 imbecillitatem?
2894 4183 3054 4238 lllene
3079 4185 3166 4255 qui
3202 4186 3362 4240 etiam
3403 4186 3581 4240 locum
3627 4189 3777 4257 igno-

2200 4275 2354 4336 ravit,
2386 4284 2469 4328 est
2498 4275 2675 4329 Deus?
2717 4280 2786 4330 At
2813 4291 2910 4346 ego
2947 4277 3024 4331 sic
3057 4293 3150 4332 eos
3185 4279 3456 4345 alloquar,
3499 4295 3609 4332 non
3638 4282 3779 4351 quod

2203 4368 2271 4421 ita
2324 4371 2578 4433 sentiam,
2635 4371 2729 4425 sed
2787 4377 2844 4426 ut
2906 4385 3091 4425 eorum
3134 4371 3492 4440 objectionem-
3547 4374 3778 4443 ignomi-

2202 4461 2352 4514 niose
2378 4461 2636 4528 reiiciam.
3044 4476 3050 4483 '

2271 4553 2528 4608 Probatur
2551 4553 2805 4610 Christum
2840 4573 2940 4610 non
2966 4557 3222 4626 ignorasse
3248 4557 3331 4609 ubi
3372 4567 3498 4609 esset
3531 4557 3774 4611 Lazarus.

2201 4675 2270 4686 ——
2297 4646 2592 4715 lgnoravit,
2625 4648 2722 4714 ais,
2745 4647 3008 4713 Christus,
3034 4663 3067 4701 o
3103 4647 3319 4714 Judme,
3348 4647 3466 4717 quia
3496 4648 3653 4712 dixit,
3685 4650 3778 4704 (ibi

2201 4741 2432 4810 posuistis
2459 4741 2610 4795 eum?
2639 4740 2818 4810 Itaque
2849 4741 3106 4809 ignoravit
3139 4742 3295 4794 etiam
3327 4742 3376 4810 in
3404 4742 3655 4810 paradiso
3685 4743 3768 4796 Pa

2202 4809 2302 4897 ter,
2326 4834 2414 4886 ubt
2441 4809 2782 4885 absconditus
2804 4841 2946 4885 esset
2965 4832 3152 4884 Adam.
3185 4809 3450 4911 Circuit}
3465 4833 3609 4885 enim
3629 4834 3776 4902 quasi

2201 4940 2320 4978 eum
2351 4924 2400 4976 in
2432 4923 2675 4992 paradiso
2704 4939 2949 4993 quairens
2969 4965 2984 4988 ,
3009 4939 3072 4977 ae
3108 4923 3304 4980 dicem-
3320 4899 3532 4977 ἶἈῩιίαηι
3571 4928 3660 4977 ubi
3695 4927 3780 4979 es!

2201 5018 2347 5086 quasi
2371 5019 2586 5080 diceret,
2610 5017 2695 5070 tibi
2719 5016 3060 5070 absconditus
3080 5017 3171 5070 es?
3197 5016 3366 5083 Quare
3389 5033 3493 5069 non
3526 5017 3672 5085 prius
3698 5018 3775 5071 lo-

2199 5124 2320 5160 cum
2339 5109 2487 5170 dixit,
2515 5125 2578 5161 ex
2597 5125 2700 5178 quo
2725 5123 2843 5162 cum
2873 5107 3061 5161 ﬁducia
3088 5125 3204 5162 cum
3239 5109 3346 5162 Deo
3374 5108 3780 5177 colloquebatur

2205 5208 2401 5264 Adam?
2431 5209 2624 5268 Adam,
2645 5205 2828 5258 abies?
2848 5203 2936 5256 Ille
2959 5215 3088 5255 vero
3110 5196 3274 5268 quid?
3298 5196 3484 5250 Vocem
3508 5204 3657 5247 tuan:
3674 5209 3776 5245 au-

2208 5302 2308 5354 divi
2329 5301 2381 5353 in
2401 5297 2652 5368 paradiso
2665 5294 3061 5358 ambulantis,et
3078 5291 3250 5353 timui,
3269 5306 3326 5343 eo
3348 5286 3482 5358 quod
3501 5285 3676 5339 nudus
3689 5301 3774 5338 es-

2207 5409 2333 5452 sem,
2352 5400 2400 5444 et
2417 5387 2665 5443 abscondi
2686 5403 2764 5440 me
2781 5385 2928 5453 (Cen.
2951 5385 3003 5439 5.
3024 5384 3075 5439 9.
3107 5382 3215 5454 10).
3239 5381 3294 5435 Si
3316 5381 3472 5442 hanc,
3517 5378 3772 5441 oJudme.

2201 5489 2360 5527 vocas
2390 5475 2737 5542 ignorantiam
2759 5518 2772 5539 ,
2801 5475 2946 5529 illam
2977 5490 3186 5544 quoque
3226 5474 3577 5543 ignorantiam
3623 5489 3769 5525 voca.

2203 5565 2417 5620 Dicebat
2440 5565 2580 5620 enim
2604 5565 2847 5620 Christus
2873 5564 3091 5619 Martha:
3117 5575 3169 5618 et
3198 5565 3388 5626 Maris,
3426 5561 3523 5616 Ubi
3543 5564 3774 5633 posuistis

2202 5659 2356 5712 eum?
2384 5659 2532 5714 Hanc
2574 5660 2734 5730 igitur
2764 5659 3112 5728 ignorantiam
3151 5660 3345 5710 vocas?
3373 5657 3506 5723 Quid
3541 5673 3668 5724 ergo
3693 5656 3771 5707 di-

2203 5769 2312 5822 ces,
2343 5769 2463 5808 cum
2484 5752 2718 5809 audieris
2739 5753 2910 5814 Deum
2939 5751 3102 5808 Caino
3125 5751 3406 5815 dicentem,
3437 5747 3534 5802 Uti
3561 5760 3632 5800 est
3659 5750 3773 5799 Λευεὶ
