3926 6274
419 403 531 458 781

438 518 696 588 κάκείνην
728 521 949 588 ἄγνοιαν
1003 522 1250 578 κάλεσον.
1308 526 1455 579 Λάϐε
1502 529 1596 580 x01
1628 528 1820 597 ἑτέραν
1875 528 2013 581 ἀπό-

431 604 733 667 δειξινάπὸ
765 605 864 674 τῆς
893 603 1041 677 [526]
1075 606 1225 668 θείας
1257 609 1296 660 Γ
1301 609 1501 680 ραφῆς.
1527 608 1694 664 Εἶπεν
1723 613 1751 664 6
1779 611 1910 674 Θεὸς
1939 611 2018 682 τῷ

450 687 722 761 Ἀϐραὰμ,
765 689 1006 757 Κραυγὶι
1061 690 1342 759 Σοδόμων
1391 693 1489 745 καὶ
1529 695 1838 763 Γομόρῤας
1882 694 2018 762 ἣκει

437 772 588 840 πρός
611 790 708 840 με.
729 775 996 839 Καταϐὰς
1023 769 1138 827 οὖν
1169 774 1390 843 ὄψομαι
1416 779 1468 829 εί
1507 779 1656 832 κατὰ
1688 778 1802 844 τὴν
1836 796 2017 847 κραυ-

441 865 556 924 γήν
573 855 773 910 αὐτῶν
789 856 902 924 τὴν
923 856 1256 926 ἐρχομένην
1279 860 1428 926 πρός
1449 877 1525 929 με
1545 861 1984 915 συντελοῦνται
2000 880 2013 894 ·

438 941 491 993 εὶ
515 939 584 992 δὲ
605 940 712 1009 μὴ,
741 941 840 994 ἵνα
865 941 1004 1011 γνῶ.
1042 943 1099 995 '0
1129 942 1284 1006 εἰδὼς
1308 944 1376 996 τά
1401 945 1576 998 πάντα
1599 948 1728 1016 πρὶν
1753 947 2020 1015 γενέσεως

441 1025 640 1092 αὐτῶν,
661 1029 688 1078 6
721 1025 928 1089 ἐτάζων
959 1027 1184 1096 καρδίας
1215 1029 1309 1080 καὶ
1331 1029 1562 1099 νεφροὺς
1585 1030 1614 1081 6
1638 1030 1792 1095 Θεὸς,
1813 1033 1841 1084 6
1865 1028 2019 1094 εἰδὼς

439 1109 566 1170 τοὺς
595 1108 979 1179 διαλογισμοὺς
999 1110 1106 1161 τῶν
1138 1110 1439 1182 ἀνθρώπων
1472 1111 1798 1184 μονώτατος,
1829 1115 1982 1181 ἔλεγε
2002 1131 2016 1144 °

443 1192 716 1257 Καταϐἰις
739 1187 852 1246 οὖν
873 1192 1091 1261 ὄψομαι
1117 1196 1166 1247 εἰ
1201 1197 1350 1248 κατὰ
1381 1197 1497 1262 τὴν
1524 1198 1795 1268 κραυγὴν
1826 1197 2022 1258 αὐτῶν

443 1274 558 1342 τὴν
585 1275 917 1343 ἐρχομένην·
947 1278 1095 1342 πρός
1115 1295 1192 1346 με
1221 1278 1663 1333 συντελοῦνται
1683 1297 1698 1312 ο
1733 1283 1785 1333 εἱ
1818 1279 1886 1332 δὲ
1909 1279 2018 1348 μὴ,

443 1358 544 1409 ἵνα
565 1357 704 1425 γνῶ.
725 1358 784 1410 Εἰ
816 1360 991 1411 ἐκεῖνο
1013 1360 1251 1428 ἀγνοίας,
1273 1363 1366 1414 καὶ
1389 1361 1544 1414 τοῦτο
1565 1363 1827 1432 ἀγνοῆσαί
1851 1365 2018 1417 ἐστιν.

457 1445 598 1496 Ἀλλ’
646 1442 768 1496 οὔτε
817 1445 844 1495 6
891 1445 1078 1515 Πατήρ
1122 1444 1264 1497 κατά
1314 1445 1412 1515 τὴν
1461 1446 1696 1500 παλαιὰν
1748 1447 2022 1517 Διαθήκην

445 1527 734 1596 ἠγνόησεν,
761 1524 885 1578 οὔτε
920 1529 947 1579 6
997 1527 1122 1591 Υἱὸς
1162 1528 1298 1580 κατὰ
1342 1528 1440 1599 τὴν
1490 1529 1684 1600 καινὴν
1723 1529 2020 1601 Διαθήκην.

448 1607 511 1661 Τί
537 1604 630 1662 οὖν
657 1612 771 1662 ἐστι
791 1651 804 1675 ,
840 1611 1110 1676 Καταϐὰς
1143 1611 1367 1680 ὄψομαι
1420 1615 1470 1666 εὶ
1505 1613 1656 1666 κατὰ
1699 1614 1814 1679 τὴν
1846 1631 2018 1682 κραυο

445 1692 563 1762 γὴν
583 1692 783 1747 αὐτῶν
805 1693 919 1760 τὴν
945 1694 1281 1763 ἐρχομένην
1304 1696 1455 1764 πρός
1465 1713 1540 1765 με
1563 1697 2020 1752 συντελοῦνται·

446 1782 500 1832 εἰ
529 1777 598 1830 δέ
624 1779 732 1848 μὴ,
759 1779 857 1831 ἵνα
887 1779 1043 1846 Tir-1?);

527 1877 710 1947 Ἀκοῆ,
771 1877 954 1945 φησιν,
1007 1873 1138 1948 ἦλθε
1169 1878 1305 1948 πρός
1338 1895 1425 1947 με.
1474 1877 1634 1932 ’Λλλά
1682 1879 1820 1933 θέλω
1865 1880 2027 1934 πάλιν

447 1959 835 2032 ἀκριϐέστερον
862 1960 929 2012 δι’
956 1962 1136 2013 αὐτῶν
1180 1961 1290 2014 τῶν
1319 1963 1662 2033 πραγμάτων
1699 1965 1797 2034 τὴν
1833 1968 2026 2035 πεῖραν

447 2045 652 2108 λαϐεῖν,
675 2045 772 2114 οὐχ
801 2045 881 2098 ὅτι
904 2045 1015 2113 ἐγὼ
1045 2045 1242 2114 ἀγνοῶ,
1268 2045 1382 2098 ἀλλ’
1416 2047 1498 2099 ὅτι
1527 2047 1732 2111 διδάξαι
1769 2048 2027 2118 βούλομαι

447 2130 574 2192 τοὺς
603 2129 960 2199 ἀνθρώπους,
1000 2130 1073 2200 μή
1112 2129 1300 2192 ἁπλῶς
1332 2132 1442 2193 τοῖς
1497 2130 1676 2199 λόγοις
1715 2132 2027 2202 προσέχειν,

450 2213 607 2284 μηδὲ.
649 2214 743 2265 ἐὰν
778 2213 906 2284 εἴπῃ
940 2213 1024 2275 τίς
1063 2230 1114 2265 τι
1158 2213 1297 2265 κατά
1350 2213 1443 2266 τοῦ
1480 2214 1706 2286 ἐτέρου,
1754 2215 2028 2269 πιστεύειν

449 2298 688 2367 εὐχερῶς
708 2314 720 2326 ·
747 2296 882 2349 ἀλλά
913 2297 1176 2368 πρότερον
1208 2299 1404 2361 αὐτοὺς
1424 2298 1847 2369 ψηλαφήσαντας
1873 2302 2030 2371 ἀκρι-

448 2382 562 2444 σῶς
591 2383 683 2434 καὶ
708 2381 772 2434 δι’
808 2380 986 2434 αὐτῶν
1017 2382 1126 2434 τών
1153 2383 1492 2452 πραγμάτων
1520 2383 1617 2454 τὴν
1647 2387 1840 2455 πεῖραν
1863 2402 2031 2438 κατα-

454 2467 756 2536 μαθόντας,
793 2465 936 2519 οὒτω
988 2465 1263 2518 πιστεύειν
1312 2467 1438 2537 χρή.
1488 2468 1595 2520 Καὶ
1643 2467 1730 2520 διὰ
1767 2469 1924 2521 τοῦτο
1975 2473 2031 2522 ἐν

450 2553 490 2606 Γ
497 2556 638 2632 ραφῇ
679 2552 841 2622 ἑτέρᾳ
891 2551 1081 2619 ἔλεγε·
1131 2550 1227 2618 Μὴ
1271 2552 1586 2604 πιστεύετε
1618 2550 1798 2604 παντὶ
1852 2555 2030 2623 λόγῳ.

449 2637 616 2690 Οὐδὲν
637 2637 744 2708 γὰρ
767 2637 941 2700 οὕτως
970 2635 1264 2704 ἀνατρέπει
1283 2635 1380 2706 τὴν
1406 2635 1551 2706 ζωὴν
1576 2636 1684 2687 τῶν
1708 2635 2032 2702 ἀνθρώπιον,

449 2723 526 2783 ὡς
567 2721 627 2773 τὸ
661 2721 871 2790 ταχέως
901 2719 1175 2772 πιστεύειν
1208 2720 1329 2772 τινά
1369 2722 1482 2782 τοῖς
1528 2720 1828 2790 λογισμοῖς.
1867 2721 2037 2773 Τοῦτο

450 2804 544 2859 καὶ
571 2808 599 2858 6
628 2806 916 2876 προφήτης
949 2802 1112 2856 Δαυῒδ
1139 2804 1501 2872 προφητεύων
1525 2803 1697 2871 ἔλεγε,
1729 2807 1771 2856 Τ
1769 2806 1840 2857 ὸν
1865 2822 2038 2858 κατα-

447 2889 757 2950 λαλοῦντα
783 2887 974 2956 νιιίθρα
1005 2887 1109 2939 τὸν
1140 2887 1407 2954 πλησίον
1445 2888 1662 2952 αὐτοῦ,
1696 2889 1912 2942 τοῦτον
1939 2889 2037 2952 ἐξ-

450 2975 721 3030 εδίωκον.

523 3093 590 3166 β’.
616 3088 768 3154 Εἶδες
803 3091 919 3153 πῶς
949 3089 1047 3143 οὐκ
1073 3089 1290 3157 ἐγένετο
1319 3089 1510 3158 ἄγνοια
1541 3089 1617 3159 τῷ
1636 3090 1850 3161 Σωτῆρι
1879 3093 1936 3143 ἐν
1963 3090 2039 3162 τῷ

451 3181 647 3240 εἰπεῖν,
683 3174 805 3229 Ποῦ
844 3174 1140 3227 τεθείκατε
1165 3173 1371 3235 αὐτὸν,
1408 3173 1482 3235 ώς
1515 3172 1635 3226 οὐδὲ
1667 3171 1744 3242 τῷ
1774 3173 1950 3243 Πατρὶ
1983 3177 2040 3226 ἐν

452 3261 531 3330 τῷ
562 3262 736 3312 εἰπεῖν
773 3258 851 3327 τῷ
897 3257 1067 3325 Ἀδάμ
1091 3297 1105 3318 ,
1161 3257 1284 3310 Ποῦ
1319 3252 1392 3319 εἷ,
1422 3257 1453 3326 ἢ
1515 3256 1592 3326 τῷ
1640 3255 1812 3322 Κάῖν,
1849 3257 1973 3311 Ποῦ
2009 3260 2042 3311 ό

456 3344 721 3410 ἁδελφός
761 3357 877 3395 σου
919 3341 1121 3404 Ἀσελ,
1154 3341 1209 3411 ἣ,
1239 3340 1509 3405 Καταϐὰς
1541 3340 1762 3408 ὄψομαι
1806 3343 1860 3393 εὶ
1891 3340 2044 3394 κατὰ

455 3426 570 3492 τὴν
597 3423 870 3493 κραυγὴν
898 3422 1098 3476 αὐτῶν
1129 3423 1244 3490 τὴν
1265 3424 1604 3493 ἐρχομένην
1629 3425 1779 3491 πρός
1799 3441 1875 3492 με
1895 3441 2044 3476 συν-

457 3508 772 3563 τελοῦιοται
791 3525 804 3537 ’
837 3507 980 3560 εἰδὲ
1003 3525 1045 3575 μ
1059 3505 1113 3573 ἰι,
1145 3507 1246 3560 ἵνα
1279 3505 1418 3576 γνῶ.
1456 3506 1664 3559 Οὐκοῦν
1693 3505 1812 3578 ὥρα
1840 3507 1902 3578 δή
1934 3508 2043 3560 λοι-

460 3591 558 3645 πὸν
595 3591 730 3661 πρὸς
772 3591 1012 3654 ἐκείνους
1044 3590 1463 3662 παρατάξασθαι
1495 3593 1621 3654 τοὺς
1649 3591 1925 3659 λέγοντας,
1960 3592 2043 3644 δτι

459 3674 525 3728 δι’
573 3675 858 3728 ἀσθένειαν
890 3677 919 3727 6
967 3675 1200 3746 Χριστὸς
1243 3674 1680 3746 προσευξάμενος
1719 3676 1906 3745 ἡγειρε
1952 3677 2044 3728 τὸν

459 3758 725 3830 Λάζαρον.
759 3759 1059 3830 Προσέχετε
1195 3759 1488 3830 ἀγαπητοὶ,
1519 3759 1658 3830 μετά
1678 3761 1859 3828 πάσης
1889 3761 2046 3830 ἀκρι-

463 3842 632 3907 6είας,
661 3842 987 3914 παρακαλῶ.
1021 3843 1366 3914 Ἐτελεύτησε
1392 3845 1572 3896 τοίνυν
1597 3846 1626 3896 6
1652 3841 1923 3914 Λάζαρος,
1952 3843 2045 3895 καὶ

462 3928 562 3980 οὐκ
595 3924 661 3998 ἦν
703 3930 760 3980 ἐν
793 3931 907 3989 τοῖς
947 3929 1134 3990 τόποις
1165 3929 1393 3990 ἐκείνοις
1419 3929 1448 3980 6
1486 3927 1716 3999 Ἰησοῦς,
1750 3928 1864 3980 ἀλλ’
1892 3931 1950 3981 ἐν
1977 3931 2043 4000 τῇ

462 4012 743 4081 Γαλιλαίᾳ,
787 4012 882 4063 καὶ
916 4011 1069 4078 ἐλεγέ
1103 4015 1214 4074 τοῖς
1249 4011 1521 4080 μαθηταῖς
1553 4010 1718 4063 αὑτοῦ
1741 4025 1752 4038 °
1785 4011 2047 4079 Λάζαρος

464 4098 496 4148 ό
532 4097 710 4163 φίλος
753 4092 925 4162 ήμῶν
973 4096 1338 4162 κεκοίμηται.
1385 4095 1611 4146 Ἐκεῖνοι
1652 4093 1707 4145 δὲ
1737 4095 2048 4164 νομίζοντες

462 4180 545 4234 ὅτι
568 4179 811 4250 περὶτοῦ
841 4177 1008 4230 ὕπνου
1032 4179 1223 4230 τούτου
1247 4178 1575 4245 διαλέγεται,
1599 4178 1852 4246 λέγουσιν
1877 4177 2044 4248 αὐτῷ·

467 4266 672 4332 Κύριε,
715 4266 768 4317 εὶ
822 4263 1203 4330 κεκοίμηται,
1246 4261 1606 4328 σωθήσεται.
1659 4263 1821 4330 Λέγει
1869 4263 2050 4326 αὐτοῖς

468 4346 718 4418 φακιεῷλς
754 4349 782 4399 6
828 4345 1069 4416 Ἰησοῦς,
1121 4344 1384 4412 Λάζαρος
1431 4345 1751 4399 ἀπέθανεν.
1790 4347 2050 4417 Ἔρχεται

467 4433 653 4487 λοιπὸν
680 4433 708 4484 6
751 4432 940 4501 Σωτήρ
970 4433 1027 4483 ἐν
1054 4433 1165 4491 τοῖς
1207 4429 1602 4500 Ἱεροσολύμοις
1645 4431 1726 4493 εἰς
1764 4430 1855 4482 τὸν
1889 4430 2050 4483 τόπον

468 4518 601 4571 ὅπου
628 4518 656 4569 6
680 4515 930 4585 Λάζαρος
963 4513 1159 4575 ἔκειτο,
1193 4513 1287 4565 καὶ
1319 4513 1532 4582 ἀπαντᾷ
1581 4512 1732 4581 αύτῴ
1770 4514 1800 4583 ή
1848 4512 2050 4584 ἀδελφή

467 4603 564 4654 τοῦ
604 4600 884 4667 Λαζάρου,
923 4599 1016 4650 καὶ
1063 4598 1208 4665 λέγει
1252 4597 1430 4668 αὐτῷ·
1475 4598 1671 4664 Κύριε,
1707 4600 1760 4650 εὶ
1800 4595 1872 4666 ἧς
1915 4591 2050 4660 ὦδε,

470 4689 583 4739 οὐκ
611 4685 688 4738 ἂν
716 4683 975 4738 ἀπέθανέ
994 4700 1112 4751 μου
1141 4685 1173 4735 ὀ
1203 4681 1484 4750 ἀδελφός.
1515 4685 1583 4735 Et
1606 4677 1680 4750 ἦς
1708 4675 1842 4733 ὦδε.
1873 4679 2055 4732 ’Λσθε-

473 4772 602 4832 νείς,
630 4770 662 4840 ή
688 4769 845 4837 γυνή.
885 4766 1000 4819 Ούκ
1031 4766 1318 4818 ἐπίσταται
1353 4764 1446 4818 νῦν
1476 4767 1508 4836 ἠ
1551 4765 1686 4835 γυνή
1719 4765 1800 4817 ὅτι
1840 4765 1932 4816 καὶ
1980 4764 2054 4835 μή

476 4851 660 4924 παρὼν
692 4854 719 4904 6
753 4849 984 4922 Χριστὸς
1014 4849 1355 4918 σωματικῶς,
1384 4849 1566 4918 παρῆν
1594 4853 1656 4919 τῇ
1684 4851 1780 4918 τῆς
1805 4849 2054 4918 θεότητος

475 4935 691 5007 ἐξουσία
714 4953 726 4965 ·
764 4935 896 4986 ἀλλὰ
927 4936 991 5004 τῇ
1022 4932 1114 4985 τοῦ
1151 4932 1400 5002 σώματος
1440 4934 1709 5002 παρουσίᾳ
1740 4934 2053 5003 ἐπιμετρεῖ-

475 5037 560 5073 ται
588 5019 678 5071 τοῦ
705 5016 1022 5070 διδασκάλου
1053 5017 1147 5086 τήν
1180 5015 1430 5086 δύναμιν.

546 5127 707 5194 Λέγει
741 5123 886 5194 αὖτῷ
922 5125 953 5194 ἡ
986 5123 1204 5192 Μάρθα,
1237 5124 1411 5191 Κύριε
1432 5165 1446 5187 ,
1477 5126 1528 5176 εὶ
1566 5120 1639 5193 ἧς
1669 5116 1806 5185 ὧδε,
1840 5124 1949 5175 οὐκ
1981 5117 2057 5172 ἂν

476 5209 738 5264 ἀπέθανέ
759 5226 877 5276 μου
909 5211 940 5260 ο
976 5207 1256 5276 ἀδελφός.
1292 5209 1400 5260 Καὶ
1427 5208 1564 5266 νῦν.
1597 5209 1780 5277 φησὶν,
1804 5203 1933 5259 οἶδα
1968 5204 2054 5257 ὅτι

477 5293 596 5348 ὅσα
623 5293 700 5346 ἂν
745 5290 961 5360 αἰτήσῃ
991 5291 1096 5345 τὸν
1136 5292 1312 5354 Θεὸν,
1345 5292 1554 5345 δίδωσί
1597 5308 1716 5345 σοι.
1777 5292 1833 5344 '0
1867 5290 2056 5361 Σωτὴρ

477 5375 571 5431 οὖν
607 5377 742 5449 πρὸς
774 5376 866 5446 τήν
921 5375 1135 5446 αἴτησιν
1184 5377 1354 5446 αὐτῆς
1408 5377 1675 5446 ποιεῖτὴν
1723 5374 2052 5445 προσευχήν.

480 5461 556 5515 Οὐ
595 5460 704 5530 γὰρ
737 5460 1043 5530 προσευχῆς
1069 5458 1243 5513 ἐδέετο
1298 5461 1326 5510 6
1381 5459 1533 5523 Θεὸς,
1589 5461 1676 5512 ἴνα
1731 5459 1819 5511 τὸν
1865 5456 2056 5527 νεκρὸν

481 5543 690 5614 ἐγείρῃ.
723 5544 813 5612 Μή
852 5543 960 5615 γάρ
995 5544 1088 5597 καὶ
1125 5545 1318 5609 ἄλλους
1373 5545 1598 5616 νεκροὺς
1655 5543 1752 5595 οὐκ
1800 5543 2052 5612 ἤγειρεν;

481 5627 611 5680 Ὅτε
651 5627 924 5698 ύπήντησέ
977 5626 1124 5700 [527]
1157 5647 1277 5682 τινα
1315 5629 1680 5698 ἐκφερόμενον
1718 5628 1774 5679 ἐν
1816 5628 1881 5696 τῇ
1919 5625 2059 5696 πύλῃ

482 5711 700 5781 νεκρὸν,
749 5712 907 5782 μόνον
948 5712 1125 5781 ἥψατο
1161 5715 1258 5785 τῆς
1279 5714 1456 5785 »σοροῦ
1479 5755 1493 5778 ,
1528 5713 1622 5766 x0".
1672 5712 1935 5780 ἀνέστησε
1967 5711 2057 5762 τὸν

483 5795 696 5867 νεκρόν.
743 5796 831 5867 Μὴ
866 5800 1168 5869 προσευχῆς
1221 5799 1412 5870 ἐδεήθη
1435 5799 1556 5852 τότε
1603 5801 1682 5862 εἰς
1737 5799 1797 5849 τὸ
1851 5796 2058 5866 ἐγεῖραι

485 5880 578 5934 τὸν
614 5881 911 5949 τεθνεῶτα;
948 5883 1057 5934 Καὶ
1087 5882 1246 5940 πάλιν
1281 5883 1466 5938 ἄλλοτε
1516 5882 1672 5954 μόνον
1718 5878 1861 5951 λόγῳ
1904 5874 2056 5932 εἷπεν

1094 408 1151 463 S.
1193 409 1479 466 JOANNIS
1515 409 2004 468 CHRYSOSTOMI
2043 410 2364 470 ARCIIIEP.
2400 414 2949 472 CONSTANTINOP.

3598 418 3697 473 782

2121 532 2212 584 ἐπὶ
2239 533 2338 603 τῆς
2375 533 2562 605 κόρης,
2601 533 2816 587 Ταλιθὰ
2843 531 3040 600 κοῦμι,
3075 529 3171 585 καὶ
3211 531 3411 594 εὐθέως
3446 533 3702 603 παρέδω-

2117 641 2212 677 κεν
2240 625 2410 696 αὐτὴν
2437 629 2548 689 τοῖς
2581 625 2829 693 γονεῦσιν
2877 625 3049 694 αὐτῆς
3083 625 3230 696 ὑγιῆ.
3263 625 3355 697 Μὴ
3389 626 3704 696 προσευχῆς

2117 716 2309 787 ἐδεήθη
2350 716 2500 782 τότε;
2535 718 2646 770 Καὶ
2688 717 2741 770 τί
2773 716 2922 784 λέγω
2953 717 3082 788 περί¹
3127 717 3220 770 τοῦ
3259 717 3621 776 διδασκάλους
3653 719 3705 772 οἱ

2122 809 2360 878 μαθηταὶ
2418 809 2581 863 αὑτοῦ
2631 809 2774 881 λόγῳ
2829 809 2976 882 μόνῳ
3007 811 3135 870 τοὺς
3181 811 3408 880 νεκροὺς
3456 827 3704 881 ηγειραν.

2120 902 2322 970 Πέτρος
2345 901 2441 971 τὴν
2461 903 2698 957 Ταόιθάν
2727 904 2788 956 οὑ
2813 902 2956 973 λόγῳ
2976 898 3253 973 διήγειρε;
3280 901 3489 966 Παῦλος
3523 903 3586 954 οὐ
3616 904 3704 956 διὰ

2118 992 2227 1043 τῶν
2257 993 2484 1061 ἱματίων
2515 995 2678 1047 αὐτοῦ
2709 993 2879 1048 πολλά
2905 999 3104 1065 σημεῖα
3133 995 3430 1063 πεποίηκε;
3463 995 3622 1048 Μάθε
3649 996 3705 1050 δὲ

2122 1084 2216 1137 καὶ
2247 1085 2307 1136 τὸ
2346 1086 2776 1158 παραδοξότερον
2809 1089 3011 1141 τούτων
3038 1100 3086 1141 δ.
3141 1087 3204 1139 Ἠ
3248 1087 3373 1140 σκιά
3405 1086 3515 1139 τῶν
3565 1089 3706 1140 ἀπο-

2125 1175 2324 1228 στόλων
2354 1178 2580 1247 νεκροὺς
2608 1179 2848 1249 ἤγειρεν.
2881 1181 3138 1249 Ἕφερον
3178 1180 3308 1248 γὰρ,
3355 1182 3557 1250 φησιν,
3604 1181 3704 1234 ἐπι

2123 1268 2466 1336 νριιϐϐἁτων
2497 1270 2638 1336 τοὺς
2677 1271 2875 1337 κακῶς
2907 1273 3181 1340 ἔχοντας,
3213 1273 3312 1324 ἵνα
3341 1271 3457 1324 κᾶν
3493 1273 3533 1338 ἠ
3562 1273 3709 1325 σκιὰ

2123 1362 2350 1429 Πέτρου
2379 1361 2691 1432 ἑπισκιάζῃ
2723 1365 2837 1417 τινὶ
2865 1365 3082 1430 αὐτῶν,
3115 1365 3213 1418 καὶ
3242 1363 3458 1431 εὐθέως
3489 1364 3709 1432 διηγεί-

2115 1472 2319 1522 ροντο.
2352 1455 2417 1508 Τί
2455 1450 2585 1516 οὗνς
2631 1458 2662 1524 ἡ
2703 1456 2833 1509 σκιά
2875 1456 2983 1510 τῶν
3021 1458 3278 1529 μαθητῶν
3305 1459 3548 1528 διήγειρε
3580 1460 3709 1523 τοὺς

2125 1547 2371 1615 νεκροὺς,
2401 1547 2494 1598 καλ⁸
2521 1548 2549 1600 6
2581 1547 2898 1612 διδάσκαλος
2927 1549 3236 1620 προσευχῆς
3269 1550 3466 1612 ἐδέετο,
3504 1550 3588 1601 ἴνα
3616 1550 3709 1602 τὸν

2125 1639 2314 1708 νεκρὸν
2334 1638 2558 1711 ἐγείρῃς
2589 1640 2746 1693 ’Λλλά
2768 1640 2856 1694 διὰ
2883 1641 2980 1711 τὴν
3014 1641 3297 1696 ἀσθένειαν
3325 1643 3425 1709 τῆς
3448 1644 3711 1711 γυναικὸς

2127 1735 2272 1785 ποιεῖ
2318 1733 2419 1803 τὴν
2469 1734 2777 1804 προσευχὴν
2827 1734 2855 1785 6
2893 1735 3119 1804 Σωτήρ·
3171 1733 3318 1803 λέγει
3370 1735 3478 1806 γάρ
3521 1737 3709 1806 αὐτῷ,

2127 1828 2322 1893 Κύριε,
2347 1829 2398 1879 εὶ
2421 1821 2496 1894 ἦς
2521 1819 2658 1889 ὦδε,
2685 1827 2796 1880 οὐκ
2826 1824 2902 1878 ἂν
2922 1826 3183 1880 ἀπέθανέ
3201 1845 3320 1896 μου
3342 1832 3374 1882 ό
3405 1829 3674 1898 ἀδελφός
3691 1845 3705 1857 ’

2127 1918 2223 1969 καὶ
2275 1917 2392 1971 νῦν
2445 1913 2613 1980 οῖδα,
2665 1915 2753 1969 ὅτι
2797 1916 2916 1969 ὅσα
2973 1917 3050 1969 ἂν
3092 1919 3313 1987 αἰτήσῃ
3354 1919 3462 1972 τὸν
3519 1920 3711 1981 Θεὸν,

2127 2009 2340 2064 δίδωσί
2401 2025 2501 2063 σοι
2553 2012 2585 2063 0'
2643 2011 2806 2076 Θεός.
2847 2011 3160 2082 Προσευχὴν
3199 2012 3432 2082 ᾔτησας,
3479 2028 3714 2082 προσευ-

2130 2103 2230 2174 χὴν
2268 2103 2479 2174 δίδωμι.
2525 2107 2717 2158 Κεῖται
2773 2106 2807 2176 ἡ
2848 2108 3032 2175 πηγή’
3080 2098 3226 2168 οἷον,
3269 2103 3364 2158 ἐάν
3413 2121 3497 2168 τις
3544 2121 3714 2175 προσ-

2130 2197 2330 2268 ενέγκῃ
2381 2198 2622 2265 ἀγγεῖον,
2661 2196 2875 2268 γεμίςει
2924 2197 3081 2250 αὑτόσ
3130 2197 3223 2250 ἐὰν
3349 2195 3514 2266 μέγα,
3573 2195 3716 2265 μέγα

2131 2288 2428 2358 λαμϐάνειο
2471 2289 2566 2342 ἐὰν
2705 2289 2937 2360 μικρὸν,
2989 2289 3182 2360 μικρὸν
3228 2287 3516 2358 λαμϐάνει.
3564 2286 3714 2358 Αὕτη

2131 2383 2310 2435 τοίνυν
2366 2384 2675 2454 προσευχὴν
2735 2382 2944 2454 ᾔτησε,
3010 2383 3106 2434 καὶ
3161 2382 3345 2435 δίδωσι
3406 2381 3716 2451 προσευχὴν

2132 2475 2160 2526 6
2194 2477 2404 2547 Σωτήρ.
2442 2475 2636 2539 ’Ἄλλος
2671 2473 2860 2538 εἶπεν,
2907 2477 3028 2529 Οὐκ
3067 2475 3184 2543 εἰμὶ
3222 2474 3412 2540 ἄξιος,
3459 2475 3560 2526 ἵνα
3595 2490 3717 2540 μου

2135 2570 2254 2622 ὑπὸ
2283 2570 2398 2636 τὴν
2417 2568 2644 2638 στέγην
2663 2568 2965 2638 εἰσέλθῃς,
2986 2569 3148 2623 ἀλλὰ
3173 2570 3388 2638 μόνον,
3413 2566 3721 2638 γενηθήτω

2137 2679 2253 2727 σοι,
2285 2664 2416 2716 εἰπὲ
2459 2665 2638 2732 λόγῳ,
2682 2663 2782 2716 καὶ
2822 2662 3126 2730 ἰαθήσεται
3166 2665 3198 2716 ὀ
3241 2661 3382 2726 παῖς
3423 2677 3574 2731 μου’
3626 2663 3722 2713 καὶ

2138 2751 2290 2808 εἶπεν
2319 2754 2466 2824 αὑτῴ
2497 2757 2525 2808 6
2556 2755 2776 2826 Σωτήρ·
2809 2755 2970 2807 Κατὰ
3004 2753 3118 2822 τὴν
3155 2754 3366 2807 πίστιν
3396 2769 3514 2806 σου
3547 2769 3720 2822 γενη-

2138 2847 2294 2913 θήτω
2327 2863 2446 2902 σοι.
2478 2846 2671 2910 Ἀλλος
2709 2842 2855 2909 εἷπε,
2886 2845 3079 2916 Δεῦρο,
3116 2844 3453 2916 θεράπευσον
3496 2862 3596 2915 μου
3625 2845 3724 2915 τήν

2141 2941 2446 3010 θυγατέρα·
2499 2942 2590 2993 καὶ
2632 2935 2784 2992 εἶπεν
2816 2937 2986 3008 αὐτῷ,
3031 2937 3406 3008 Ἀκολουθήσω
3440 2954 3544 2989 σοι.
3582 2937 3725 3008 Πρὸς

2141 3033 2239 3096 τὰς
2268 3032 2619 3104 προαιρέσεις
2661 3032 2841 3084 τοίνυν
2887 3031 2996 3084 τῶν
3027 3030 3327 3102 ἀνθρώπων
3367 3029 3460 3082 καὶ
3500 3031 3534 3098 ή
3563 3031 3726 3100 θερα-

2142 3124 2270 3177 πεία
2301 3124 2396 3176 τοῦ
2435 3124 2618 3194 ἰατροῦ
2649 3124 3006 3196 προσάγεται.
3043 3122 3211 3195 ’Λλλη
3234 3123 3395 3176 πάλιν
3429 3121 3607 3192 ἥψατο
3628 3119 3725 3173 τοῦ

2143 3216 2450 3287 κρασπέδου
2482 3216 2574 3270 τοῦ
2612 3217 2828 3287 ἱματίου
2868 3215 3031 3270 αὑτοῦ
3065 3216 3260 3287 λάθρα,
3302 3218 3393 3268 καὶ
3418 3213 3594 3284 λάθρα
3625 3215 3726 3283 τὴν

2143 3309 2441 3380 θεραπείαν
2460 3309 2819 3380 ἐκαρπώσατο
2839 3327 2852 3340 ο
2884 3310 3112 3372 ἕκαστος
3133 3310 3208 3371 ὡς
3229 3311 3479 3361 ἐπίστευε
3505 3307 3602 3360 καὶ
3627 3307 3728 3376 τὴν

2144 3401 2441 3473 θεραπείαν
2481 3400 2774 3472 ἐλάμϐανε.
2812 3399 2960 3471 Αὕτη
2995 3400 3164 3469 λέγει,
3204 3396 3348 3454 Οἶδα
3382 3399 3471 3452 ὅτι
3505 3399 3623 3452 ὅσα
3652 3397 3729 3451 ἂν

2143 3493 2363 3564 αἰτήσῃ
2412 3494 2521 3548 τὸν
2568 3493 2836 3563 Πατέρα,
2880 3494 3090 3548 δίδωσί
3142 3507 3242 3547 σοι
3285 3495 3317 3547 ό
3359 3490 3598 3558 Πατήρ·
3636 3491 3728 3543 καὶ

2145 3589 2330 3659 ἐπειδὴ
2366 3588 2675 3660 προσευχὴν
2709 3588 2912 3659 ᾔτησεν
2947 3590 2980 3658 ἡ
3029 3587 3261 3656 Μάρθα,
3297 3585 3606 3657 προσευχήν
3651 3584 3728 3637 δί-

2144 3683 2306 3736 δωσιν
2329 3683 2358 3735 6
2390 3682 2604 3754 Σωτήρ,
2641 3681 2741 3734 οὐκ
2767 3681 2930 3743 αὐτὸς
2961 3679 3062 3749 τῆς
3097 3679 3406 3750 προσευχῆς
3445 3678 3730 3747 ἐπιδεὸμε-

2145 3791 2254 3838 νος,
2284 3774 2421 3828 ἀλλά
2450 3774 2549 3845 τὴν
2586 3774 2684 3845 τῆς
2709 3774 2968 3842 γυναικὸς
3006 3772 3291 3828 ἀσθένειαν
3321 3771 3732 3841 συμπεριφερό-

2150 3884 2328 3936 μενος,
2355 3867 2450 3920 καὶ
2473 3868 2561 3921 ἵνα
2589 3865 2758 3940 δείξῃ.
2794 3867 2876 3919 ὅτι
2903 3866 3004 3918 οὐκ
3033 3866 3182 3918 ἐστιν
3206 3864 3469 3928 ἀντίθεος,
3499 3864 3614 3917 ἀλλ’
3648 3863 3729 3916 ὅτι

2148 3965 2242 4019 καὶ
2287 3962 2316 4014 6
2363 3961 2429 4016 ἂν
2480 3961 2641 4024 αὐτὸς
2683 3964 2852 4032 ποιῇ,
2899 3960 3057 4013 τοῦτο
3107 3959 3202 4011 καὶ
3254 3960 3283 4011 6
3324 3957 3514 4028 Πατὴρ
3564 3961 3729 4014 ποιεῖ.

2153 4058 2427 4113 Ἐπλασεν
2477 4057 2506 4107 6
2564 4055 2696 4118 Θεὸς
2729 4053 2788 4120 ἐξ
2835 4054 3010 4126 ἀρχῆς
3050 4053 3142 4106 τὸν
3197 4052 3518 4124 ἄνθρωπον·
3555 4052 3735 4121 ἀμφο-

2149 4152 2321 4221 τέρων
2355 4149 2576 4217 ἐγένετο
2606 4147 2667 4200 τὸ
2689 4147 2916 4217 πλάσμα
2936 4164 2947 4175 ·
2987 4145 3342 4212 Ποιήσωμεν
3379 4144 3510 4216 γάρ,
3543 4146 3732 4215 φησὶν,

2150 4245 2462 4312 ἄνθρωπον
2492 4239 2618 4293 κατ’
2647 4241 2851 4292 εἰκόνα
2891 4237 3187 4306 ἡμετέραν
3230 4235 3329 4289 καὶ
3362 4237 3494 4289 καθ’
3520 4239 3736 4304 ὁμοίω-

2150 4353 2270 4390 σιν.
2307 4336 2474 4388 Πάλιν
2505 4333 2740 4404 ἠθέλησε
2785 4331 2876 4384 τὸν
2917 4331 3120 4401 λῃστὴν
3155 4331 3234 4392 είς
3272 4330 3362 4382 τὸν
3403 4329 3738 4400 παράδεισον

2152 4431 2508 4497 εἰσενεγκεῖν,
2542 4428 2637 4479 καὶ
2672 4424 2879 4487 εὐθέως
2908 4424 3066 4492 λόγον
3095 4420 3239 4486 εἶπε,
3273 4423 3367 4476 καὶ⁸
3399 4421 3490 4476 τὸν
3529 4423 3737 4493 λῃστὴν

2153 4524 2230 4585 εἰς
2267 4521 2358 4573 τὸν
2395 4520 2722 4590 παράδεισον
2746 4518 3034 4587 εἰσήγαγε,
3072 4515 3166 4568 καὶ
3205 4515 3304 4568 οὐκ
3342 4515 3533 4586 ἐδεήθη
3566 4532 3738 4587 προσ.

2153 4615 2338 4686 ευχῆς,
2381 4615 2558 4668 καίτοι
2592 4630 2655 4680 γε
2698 4612 2905 4674 πάντας
2939 4613 3065 4673 τοὺς
3098 4609 3236 4681 μετὰ
3281 4609 3373 4663 τὸν
3415 4609 3594 4680 ’Δδάμ
3633 4629 3736 4664 κω-

2155 4708 2321 4772 λύσας
2364 4703 2432 4776 ἦν
2461 4708 2489 4758 6
2529 4704 2762 4775 Χριστὸς
2801 4703 2862 4767 ἐξ
2897 4701 3112 4772 ἐκείνης
3151 4701 3249 4771 τῆς
3293 4700 3537 4754 εἰσόδου·
3571 4701 3737 4772 ἔθηκε

2155 4802 2262 4871 γὰρ
2309 4800 2408 4869 τήν
2450 4797 2710 4866 φλογίνήν
2762 4795 3038 4866 ῥομφαίαν
3086 4794 3374 4864 φυλάττειν
3413 4794 3505 4846 τὸν
3557 4797 3740 4864 παρά-

2154 4896 2350 4947 δεισον.
2430 4890 2571 4943 Ἀλλ’
2624 4887 2886 4958 αὺθεντίᾳ
2945 4887 3178 4959 Χριστὸς
3247 4887 3336 4940 τὸν
3409 4888 3738 4957 παράδεισον

2155 4987 2387 5058 ἠνέῳξε,
2434 4985 2529 5038 καὶ
2586 4983 2679 5035 τὸν
2725 4981 2928 5052 λῃστὴν
2990 4981 3274 5049 εἰσήγαγε.
3333 4981 3583 5052 Λῃστὴν,
3640 4983 3738 5033 Δέο

2159 5097 2352 5143 σποτα,
2385 5079 2624 5146 εἰσάγεις
2657 5076 2736 5138 είς
2767 5076 2858 5126 τὸν
2889 5072 3239 5142 παράδεισον;
3282 5072 3341 5124 '0
3376 5072 3566 5142 Πατὴρ
3594 5075 3623 5124 6
3651 5073 3739 5135 06;

2155 5174 2242 5226 διὰ
2297 5172 2464 5242 μόνην
2515 5167 2794 5240 ἁμαρτίαν
2847 5166 2935 5217 τὸν
2992 5163 3162 5234 Ἀδὰμ
3209 5161 3474 5234 ἐξήγαγεν
3524 5165 3590 5216 ὲκ
3647 5165 3738 5217 τοῦ

2160 5265 2504 5336 παραδείσου,
2537 5263 2630 5314 καὶ
2658 5263 2723 5314 σὺ
2748 5259 2837 5312 τὸν
2867 5258 3068 5331 λῃστήν
3103 5259 3363 5326 εἰσάγεις,
3398 5255 3490 5309 τὸν
3524 5257 3739 5328 μυρίοις

2157 5361 2346 5420 κακοῖς
2406 5359 2500 5409 καὶ
2554 5355 2776 5427 μυρίαις
2836 5352 3205 5424 παρανομίαις
3257 5350 3594 5415 ὑπεύθυνονς
3649 5353 3742 5404 καὶ

2159 5450 2344 5514 ἁπλῶς
2365 5450 2506 5502 οὕτω
2531 5447 2622 5500 διὰ
2650 5447 2778 5517 μίαν
2801 5446 2984 5517 φωνὴν
3007 5447 3086 5508 εἰς
3111 5445 3200 5498 τὸν
3222 5444 3548 5515 παράδεισον
3577 5445 3740 5499 αὐτὸν

2158 5544 2401 5612 εἰσάγεις
2427 5561 2440 5607 ;
2473 5542 2609 5596 Ναί’
2643 5538 2768 5593 οὕτε
2802 5541 2911 5610 γὰρ
2940 5541 3115 5591 ἐκεῖνο
3144 5539 3311 5607 χωρὶς
3333 5535 3466 5606 ἐμοῦ
3490 5537 3736 5605 γέγονεν,

2159 5636 2280 5691 οὔτε
2314 5635 2471 5690 τοῦτο
2499 5635 2669 5707 χωρὶς
2713 5633 2807 5686 τοῦ
2852 5631 3064 5702 Πατρός
3097 5648 3196 5702 μου
3219 5648 3232 5661 ”
3271 5629 3406 5683 ἀλλά
3443 5631 3538 5682 καί
3583 5625 3740 5684 τοῦτο

2225 5818 2251 5846 δ
2278 5818 2326 5866 In
2366 5818 2534 5866 codice
2561 5815 2686 5864 2052
2725 5813 2972 5871 πεποίηκε.
2997 5812 3090 5861 Καὶ
3113 5811 3306 5873 μάθεγτὸ
3327 5810 3588 5873 παράδοξον
3627 5810 3735 5856 τού-

2166 5896 2276 5928 των.
2300 5879 2360 5929 Et
2382 5881 2459 5929 hic
2481 5879 2666 5928 desinit
2686 5875 2773 5926 ille
2798 5877 2984 5926 codex:
3013 5879 3191 5924 caetera
3213 5872 3408 5922 desunt.
