3868 6248
142 369 249 425 ⁸181

144 486 307 554 frater
329 491 443 536 tuus
466 481 615 555 (Gen.
638 483 691 536 4.
712 481 797 550 9)?
817 480 950 549 Quid
974 482 1052 534 ais
1071 480 1125 535 ‘T
1139 479 1197 535 Si
1218 479 1356 534 hanc
1378 476 1727 550 ignorantiam

153 589 335 641 vocas,
357 573 498 627 illam
523 589 733 643 quoque
756 573 1104 642 ignorantiam
1128 587 1279 627 voca.
1298 572 1492 641 Accipe
1504 569 1729 623 alteram

142 670 308 723 etiam
328 684 391 722 ex
412 667 683 736 Scriptura
707 681 857 720 saera
878 665 1409 720 demonstrationem.
1434 663 1571 717 Dixit
1591 663 1728 717 Deus

146 759 399 820 Abralnc,
423 757 626 812 Clamor
655 756 994 810 Sodomorum
1017 765 1063 810 et
1080 754 1375 808 Comorrhte
1402 754 1530 807 venit
1545 754 1612 806 ad
1629 771 1727 807 me.

145 848 465 903 Descendens
493 848 648 917 igitur
669 845 842 900 videbo
863 888 877 912 ,
908 847 950 899 si
969 845 1241 899 secundum
1260 845 1528 897 clamorem
1557 860 1729 897 eorum

139 942 234 1008 qui
268 941 399 996 venit
438 940 505 992 ad
540 956 649 1002 me,
683 947 1093 991 consummantur
1116 952 1136 991 :
1172 938 1255 990 sin
1289 946 1459 989 autem
1503 953 1635 1000 non,
1676 944 1729 987 ut

158 1028 451 1098 sciam(Id.
476 1029 780 1103 18.20.20.
802 1033 902 1099 Qui
923 1036 1265 1090 novitomnia
1284 1044 1573 1105 antequam
1594 1034 1721 1088 fiant

152 1121 321 1191 (Dan.
370 1125 459 1177 15.
502 1124 613 1193 42),
645 1127 735 1194 qui
768 1126 929 1180 corda
964 1136 1018 1181 et
1060 1144 1219 1183 renes
1261 1136 1538 1184 scrutatur
1579 1128 1721 1181 Dens

159 1199 338 1283 (Psal.
382 1216 431 1268 7.
456 1216 566 1287 10),
590 1220 679 1287 qui
700 1218 851 1271 novit
867 1220 1222 1289 cogitationes
1240 1221 1518 1274 hominum
1544 1218 1720 1289 (Psal.

152 1309 228 1363 93
258 1310 389 1380 .ll).
414 1311 563 1365 solus
580 1312 812 1374 dicebat,
839 1311 1165 1366 Descendens
1189 1312 1350 1382 igitur
1369 1311 1568 1377 videbo,
1587 1312 1633 1365 si
1648 1327 1724 1364 se-

149 1400 383 1453 cundum
401 1403 680 1455 clamorem
697 1406 992 1473 eorum,qui
1011 1406 1143 1458 venit
1165 1409 1232 1457 ad
1253 1418 1724 1470 me,consumman-

148 1502 244 1545 tur
263 1509 282 1546 :
306 1496 389 1547 sin
413 1504 584 1547 autem
610 1512 732 1556 non,
754 1506 809 1548 ut
826 1498 1013 1550 sciam.
1036 1494 1095 1549 Si
1122 1495 1253 1549 illud
1270 1505 1354 1551 est
1380 1492 1721 1566 ignorantia),

145 1584 258 1639 hoc
279 1601 495 1654 quoque
517 1587 619 1640 erit
638 1587 905 1656 ignorare.
931 1590 1096 1658 Atqui
1118 1604 1296 1658 neque
1318 1588 1615 1643 secundum
1634 1605 1723 1644 ve-

147 1683 243 1731 tns
262 1684 642 1731 testamentum
663 1678 823 1733 Pater
844 1681 1082 1750 ignorat,
1106 1697 1282 1750 neque
1301 1681 1599 1735 secundum
1624 1695 1725 1734 no-

143 1783 278 1823 vum
320 1777 699 1824 testamentum
732 1771 923 1828 Filius.
957 1773 1093 1839 Quid
1126 1782 1210 1828 est
1240 1774 1404 1844 igitur
1428 1772 1583 1836 illud,
1617 1772 1723 1825 De-

144 1861 398 1914 scendens
423 1861 623 1925 videbo,
646 1869 693 1915 si
709 1864 991 1917 secundum
1009 1866 1291 1919 clamorem
1310 1882 1510 1930 eorum,
1531 1865 1620 1935 qui
1640 1881 1722 1918 ve-

141 1955 227 2009 nit
255 1956 324 2007 ad
353 1972 452 2014 me,
477 1966 907 2010 consummantur
933 1974 950 2011 :
973 1960 1056 2012 sin
1087 1968 1261 2011 autem
1286 1975 1408 2020 non,
1426 1968 1483 2011 ut
1509 1958 1721 2013 sciam?

218 2033 341 2088 Non
381 2035 531 2103 facile
571 2034 892 2088 credendum.
919 2066 991 2076 —
1018 2036 1251 2105 Rumor,
1294 2038 1496 2106 inquit,
1532 2038 1598 2091 ad
1636 2053 1721 2093 me

139 2125 431 2194 pervenit:
472 2125 565 2180 sed
603 2126 904 2180 accuratius
934 2127 1055 2181 volo
1092 2142 1278 2181 rnrsus
1305 2129 1479 2197 reipsa
1509 2129 1722 2197 experi-

137 2225 385 2271 mentum
428 2232 653 2286 capere:
684 2233 790 2272 non
838 2218 977 2288 quod
1017 2220 1254 2289 ignorem
1297 2235 1430 2287 ego,
1481 2221 1574 2275 sed
1619 2220 1719 2274 ho-

137 2309 320 2364 mines
347 2325 377 2363 a
406 2325 492 2365 me
516 2309 697 2363 doceri
728 2310 907 2374 velim,
942 2320 999 2364 ut
1028 2326 1094 2364 ne
1124 2320 1325 2366 temere
1353 2311 1510 2366 ﬁdem
1545 2313 1721 2367 verbis

132 2402 449 2466 adhibeant,
480 2417 674 2471 neque,
700 2402 743 2456 si
766 2403 883 2472 quis
907 2403 1162 2456 adversus
1191 2402 1416 2457 alterum
1447 2403 1716 2472 quidpiam

133 2494 305 2558 dicat,
335 2493 488 2549 facile
527 2494 849 2548 credendum
891 2508 1041 2556 esse,
1087 2509 1269 2547 verum
1302 2494 1388 2547 ubi
1430 2493 1575 2563 prius
1618 2494 1717 2562 ipsi

133 2587 425 2656 diligenter
467 2585 829 2654 palpaverint,
876 2594 930 2639 et
985 2600 1096 2639 rem
1138 2585 1303 2653 ipsam
1353 2586 1718 2653 experimento

132 2676 453 2741 didicerint,
490 2686 598 2730 tum
625 2675 837 2730 demum
875 2691 994 2730 esse
1030 2675 1374 2730 credendum.
1404 2679 1577 2744 Atque
1620 2675 1719 2731 hac

131 2768 208 2823 de
235 2783 397 2823 causa
440 2768 492 2822 in
525 2768 629 2821 alio
658 2768 948 2837 Scriptum
980 2768 1096 2821 loco
1122 2768 1335 2822 dicebat
1366 2786 1378 2822 :
1412 2767 1588 2822 Nolite
1611 2786 1718 2821 cre-

130 2862 258 2916 dere
284 2862 419 2915 omni
461 2861 606 2914 verba
632 2860 912 2931 (Eccii.19.
947 2860 1057 2930 16).
1084 2860 1225 2916 Nihil
1256 2862 1396 2915 enim
1438 2861 1510 2915 ita
1554 2861 1715 2915 vitam

132 2952 414 3006 hominum
440 2952 631 3006 evertit
659 2960 715 3006 et
744 2952 1071 3021 pcssumdat,
1098 2967 1160 3006 ac
1188 2952 1233 3006 si
1263 2953 1383 3021 quis
1411 2952 1588 3006 statim
1618 2953 1680 3005 iis
1699 2995 1713 3017 ,

127 3058 257 3111 quae
288 3042 482 3111 passim
511 3043 789 3108 dicuntur,
823 3042 978 3096 ﬁdem
1014 3042 1222 3097 habeat.
1260 3043 1372 3097 Hoc
1405 3044 1563 3097 etiam
1593 3059 1716 3112 pro-

126 3134 299 3202 pheta
324 3132 487 3188 David
517 3134 841 3204 prophetans
870 3135 1080 3189 dicebat
1108 3153 1120 3189 :
1152 3134 1507 3189 Detrahentem
1530 3145 1714 3189 secreto

126 3226 368 3291 proximo
386 3242 495 3289 suo,
533 3225 665 3279 hunc
691 3226 1017 3297 persequebar
1045 3226 1211 3297 (Psal.
1243 3227 1363 3282 100.
1396 3226 1476 3295 5).

204 3316 262 3369 2.
306 3317 467 3371 Vides
496 3332 600 3385 quo
624 3326 779 3387 pacto
809 3318 950 3371 nulla
984 3318 1239 3372 acciderit
1270 3318 1562 3388 ignorantia
1592 3318 1713 3373 Sal-

123 3408 328 3472 vatori,
350 3424 468 3461 cum
500 3408 653 3471 dixit,
688 3408 787 3463 Ubi
811 3410 1047 3479 posuistis
1066 3427 1179 3463 eum
1196 3412 1221 3463 ?
1246 3410 1383 3465 sicut
1411 3426 1583 3481 neque
1609 3412 1711 3464 Pa-

124 3498 199 3552 tri
232 3514 352 3552 cum
376 3498 507 3552 dixit
531 3498 769 3566 Adamo,
791 3498 890 3554 Ubi
916 3501 1012 3554 es?
1035 3501 1117 3555 vel
1144 3501 1305 3564 Cain,
1351 3501 1449 3556 Ubi
1478 3512 1549 3556 est
1588 3503 1713 3556 Abel

123 3596 297 3659 frater
316 3591 473 3643 tuus?
499 3591 604 3653 vel,
638 3590 955 3645 Descendens
983 3591 1177 3658 videbo,
1230 3593 1274 3645 si
1295 3593 1569 3647 secundum
1606 3596 1711 3647 cla-

119 3697 322 3734 marem
345 3697 537 3745 eorum,
559 3682 653 3749 .qui
682 3682 812 3734 venit
831 3682 899 3734 ad
926 3698 1022 3749 me,
1054 3694 1500 3738 consummantur:
1522 3685 1601 3737 sin
1629 3701 1713 3737 au-

118 3786 229 3826 tem
257 3790 378 3838 non,
406 3784 460 3825 ut
482 3774 657 3826 sciam.
685 3773 802 3827 Jam
843 3789 971 3844 ergo
1005 3784 1215 3844 tempus
1257 3784 1340 3829 est
1383 3786 1438 3829 ut
1480 3792 1599 3829 cum
1642 3776 1708 3829 iis

118 3863 500 3933 eunlligamus,
529 3866 617 3934 qui
644 3863 912 3919 Christum
941 3866 1125 3920 dicunt
1171 3877 1388 3937 pr0pter
1432 3869 1710 3922 imbecilli-

118 3967 293 4011 tatem
324 3972 528 4022 orasse,
561 3972 680 4011 cum
710 3957 966 4012 Lazarum
995 3959 1297 4013 suscitaret.
1326 3959 1594 4014 Attendite
1614 3960 1710 4013 ita-

113 4047 780 4118 que,dilectissimi,qnam
813 4049 1258 4119 diligentissime,
1310 4067 1513 4119 quzeso.
1569 4053 1708 4106 Mor-

118 4151 251 4191 tuus
282 4148 366 4191 est
391 4139 547 4206 igitur
572 4138 823 4202 Lazarus,
852 4156 951 4195 nec
981 4140 1031 4194 in
1058 4142 1161 4196 illis
1189 4141 1321 4196 locis
1360 4154 1476 4197 erat
1512 4144 1666 4198 Jesus
1688 4186 1704 4210 ,

111 4230 219 4284 sed
243 4230 296 4282 in
316 4229 553 4293 Galilwa,
587 4232 824 4300 dixitque
847 4231 1119 4301 discipulis
1146 4235 1294 4288 suis:
1323 4234 1549 4288 Lazarus
1578 4239 1707 4289 ami-

110 4340 209 4375 cus
238 4334 407 4375 noster
426 4323 606 4375 dormit
625 4322 837 4391 (Joann.
870 4326 954 4378 11.
980 4326 1089 4395 11).
1119 4324 1199 4380 llli
1218 4338 1393 4381 autem
1437 4339 1701 4399 putantes,

110 4412 267 4481 quod
295 4412 363 4466 de
388 4428 578 4467 somno
603 4415 717 4483 ejus
744 4415 1071 4484 loqueretur,
1104 4417 1287 4472 dicunt
1325 4420 1397 4473 illi
1426 4438 1439 4474 :
1462 4418 1707 4487 Domine,

106 4507 158 4559 si
192 4506 398 4572 dormit,
425 4507 591 4559 salvus
610 4508 703 4559 erit
733 4507 837 4577 (Ib.
869 4509 1045 4581 v.12).
1076 4511 1211 4565 Dicit
1230 4512 1309 4566 eis
1331 4513 1486 4567 Jesus
1528 4530 1701 4567 mam-

110 4600 280 4662 feste,
311 4597 536 4652 Lazarus
582 4610 807 4654 mortuus
833 4612 904 4656 est
936 4602 1040 4673 (Ib.
1079 4620 1127 4658 v.
1168 4605 1279 4675 14).
1323 4605 1481 4660 Venit
1512 4607 1703 4664 deinde

108 4693 370 4746 Salvator
393 4692 778 4765 Jerosolymam
809 4698 874 4752 ad
908 4699 1078 4754 locum
1112 4701 1197 4756 ubi
1222 4702 1454 4756 Lazarus
1468 4704 1697 4769 iacebat,

106 4792 172 4836 et
201 4782 414 4836 obviam
443 4784 616 4850 prodit
646 4786 723 4839 illi
752 4804 904 4841 soror
933 4789 1139 4850 Lazari.
1168 4801 1222 4845 et
1246 4793 1318 4845 ait
1346 4783 1418 4845 iiii
1463 4788 1703 4853 Domine,

104 4877 157 4929 si
187 4876 373 4945 fuisses
403 4876 503 4943 hic,
545 4880 702 4941 frater
723 4897 861 4934 meus
888 4899 987 4936 non
1023 4887 1194 4949 fuisset
1223 4897 1447 4940 mortuus
1481 4886 1597 4956 (Ib.
1650 4903 1697 4940 v.

104 4970 174 5021 21
213 4970 254 5037 ).
304 4970 357 5022 Si
406 4969 592 5025 fuisses
620 4971 726 5026 hic.
756 4973 965 5027 lniirma
991 4988 1073 5042 es,
1097 4978 1305 5032 mulier.
1353 4978 1531 5033 Nescit
1562 4995 1700 5035 nunc

102 5060 312 5113 mulier
332 5060 623 5128 Christum,
649 5064 772 5118 licet
794 5080 1016 5134 corpore
1044 5083 1276 5135 pratsens
1299 5085 1401 5124 non
1429 5082 1591 5138 esset,
1620 5072 1701 5125 di-

103 5152 358 5204 vinitatis
380 5155 614 5220 potentia
644 5167 959 5223 praesentem
1004 5157 1208 5215 fuisse:
1242 5162 1334 5215 sed
1366 5180 1430 5217 ex
1459 5166 1698 5234 corporis

104 5243 401 5311 prementia
433 5244 667 5314 magistri
699 5247 949 5302 virtutem
977 5250 1211 5305 metitur.

185 5332 422 5386 Christus
443 5351 534 5387 cur
561 5348 792 5406 precatus
816 5342 1072 5409 fuerit.—
1098 5344 1228 5398 Dicit
1251 5347 1298 5399 ei
1326 5335 1552 5414 Martha,
1585 5349 1696 5404 Do-

100 5425 317 5486 mine,si
338 5425 519 5491 fuisses
543 5428 641 5493 hic,
674 5429 833 5498 frater
854 5450 993 5486 meus
1018 5452 1118 5488 non
1143 5437 1317 5505 fuisset
1349 5448 1595 5493 mortuus.
1629 5442 1695 5494 Et

99 5531 247 5567 nunc
281 5516 407 5579 scio,
437 5519 629 5586 inquit,
659 5522 775 5588 quia
816 5540 1138 5594 quwcumque
1178 5531 1462 5597 poposceris
1495 5548 1527 5583 α
1565 5531 1693 5601 Deo,

100 5606 257 5657 dabit
279 5606 368 5658 tibi
394 5606 530 5662 Deus
558 5609 662 5681 (Ib.
687 5629 736 5665 v.
762 5612 876 5684 ‘22).
910 5616 1154 5672 Salvator
1204 5620 1360 5689 igitur
1406 5624 1694 5679 secundum

167 5745 185 5773 ι
212 5744 655 5816 ιιεοξεῖμᾳιιξαιαιρ,
698 5750 747 5798 in
784 5752 971 5804 duobus
1007 5761 1114 5806 Mss.
1154 5764 1265 5816 Quae
1289 5757 1438 5811 verba
1467 5760 1606 5812 savil.
1648 5762 1697 5814 in

99 5817 265 5867 ωε.
295 5815 344 5857 et
366 5806 531 5856 Morel.
544 5807 741 5861 habent.

975 364 1061 419 DE
1098 362 1366 420 CllRlSTl
1406 360 1764 430 PRECIBUS,
1805 361 2080 420 CONTRA
2118 367 2495 430 ANOMG‘JOS.
2537 372 2628 429 lx.
3320 382 3417 440 782

1840 477 1978 534 hanc
2008 481 2317 550 petitionem
2344 501 2535 557 preces
2579 488 2753 545 ollert.
2779 489 2964 562 Neque
3000 493 3141 549 enim
3171 498 3417 565 precibus

1836 571 2103 647 indigebat
2133 575 2292 644 Deus,
2317 586 2375 631 ut
2394 588 2663 635 mortuum
2688 585 2991 641 suscitaret.
3032 588 3226 643 Annon
3266 590 3410 644 enim

1835 661 1970 716 alios
2000 664 2160 719 etiam
2189 677 2428 722 mortuos
2457 670 2731 726 suscitavit
2757 674 2779 729 ἳ
2802 674 3025 742 Quando
3063 678 3137 732 illi
3183 685 3417 740 occurrit

1834 755 2047 823 quidam
2079 756 2343 825 mortuus,
2374 760 2466 830 qui
2512 764 2565 816 in
2604 774 2754 832 porta
2801 766 3028 822 civitatis
3071 770 3412 838 ellerebatnr,

1835 852 2204 906 tantummodo
2232 853 2463 909 loculum
2494 857 2699 927 tetigit,
2752 869 2806 913 et
2849 871 3114 917 mortuum
3158 867 3413 921 excitavit

1834 942 1981 1014 (Luc.
2018 945 2069 997 7.
2102 945 2212 1015 14).
2235 945 2370 1000 Num
2393 948 2641 1017 precibus
2670 961 2779 1003 tum
2808 952 3048 1023 indiguit.
3079 966 3133 1008 ut
3155 960 3412 1013 excitaret

1831 1031 2183 1089 defunctum?
2236 1035 2303 1089 Et
2347 1037 2471 1091 alibi
2514 1054 2699 1093 rursus
2738 1048 2940 1095 tantum
2978 1044 3139 1096 verbo
3178 1048 3409 1116 puellam

1832 1134 1913 1180 est
1940 1126 2242 1197 alloqnutns
2261 1170 2277 1196 ,
2320 1128 2528 1184 Talitlta
2552 1129 2698 1186 Cumi
2728 1131 2916 1204 (Marc.
2950 1135 3005 1189 5.
3030 1137 3088 1189 -11
3119 1137 3163 1207 ),
3192 1148 3245 1192 et
3286 1155 3413 1193 con-

1834 1215 2011 1271 festim
2040 1220 2255 1273 tradidit
2277 1236 2392 1274 eam
2425 1225 2735 1291 parentibus
2757 1226 2866 1279 suis
2891 1242 3094 1281 sanam.
3126 1229 3261 1283 Num
3291 1249 3414 1300 pre-

1831 1309 1981 1363 cibus
2014 1320 2121 1364 tum
2154 1311 2418 1383 indiguit?
2445 1315 2583 1382 Quid
2608 1328 2783 1371 autem
2807 1318 2874 1373 de
2900 1321 3153 1389 magistro
3179 1323 3412 1394 loquor?

1832 1401 2084 1471 Discipuli
2114 1404 2229 1473 ejus
2260 1406 2373 1460 solo
2404 1408 2567 1462 verbo
2590 1420 2828 1464 mortuos
2850 1414 3196 1468 suscitabant.
3224 1416 3408 1472 Petrus

1829 1507 2008 1547 nmitte
2049 1493 2327 1549 Tabitham
2356 1498 2520 1552 verbo
2548 1500 2834 1554 excitavit?
2873 1502 3064 1558 Paulus
3095 1522 3272 1561 nonne
3298 1510 3409 1562 suis

1831 1583 2064 1637 vestibus
2090 1584 2239 1653 signa
2263 1587 2424 1641 multa
2446 1587 2609 1643 fecit?
2639 1591 2795 1646 Disce
2824 1593 3091 1663 quidpiam
3114 1597 3409 1654 mirabilius

1830 1673 1947 1728 istis
1975 1692 1988 1728 :
2015 1678 2379 1745 apostolorum
2410 1681 2593 1735 umbra
2626 1694 2866 1741 mortuos
2897 1688 3206 1744 suscitabat.
3270 1690 3409 1758 Effe-

1829 1768 2001 1819 rebant
2030 1768 2195 1833 enim,
2220 1770 2410 1840 inquit,
2434 1773 2485 1827 in
2511 1775 2731 1844 grabatis
2751 1787 2987 1846 aegrotos,
3015 1789 3068 1831 ut
3087 1782 3264 1834 saltem
3288 1799 3407 1835 um-

1828 1856 1916 1907 bra
1942 1855 2085 1911 Petri
2103 1859 2419 1915 obumbraret
2456 1880 2752 1935 quemquam
2791 1868 2996 1923 illorum
3018 1912 3031 1935 ,
3064 1882 3110 1925 et
3146 1876 3407 1944 confestim

1826 1948 2173 2003 excitabantur
2208 1951 2343 2021 (Act.
2401 1954 2592 2019 5.15).
2628 1957 2763 2024 Quid
2807 1961 2971 2029 ergo?
3015 1963 3401 2033 Discipulorum

1826 2037 2013 2091 umbra
2039 2051 2277 2096 mortuos
2306 2045 2590 2111 excitabat,
2620 2057 2672 2101 et
2696 2050 2948 2119 magister
2990 2056 3233 2121 precibus
3282 2073 3408 2127 ege-

1826 2129 1933 2194 bat,
1963 2138 2021 2183 ut
2047 2143 2312 2187 mortuum
2344 2136 2643 2192 excitaret?
2679 2138 2785 2194 Sed
2809 2154 3022 2212 propter
3048 2148 3285 2203 mulieris
3316 2151 3407 2204 im-

1826 2220 2167 2277 becillitatem
2194 2225 2412 2281 adhibet
2443 2244 2627 2297 preces
2653 2230 2915 2288 Salvator.
2970 2236 3060 2291 Ait
3081 2241 3221 2294 enim
3271 2242 3401 2311 ipsi,

1826 2309 2060 2378 Domine,
2084 2314 2128 2367 si
2157 2315 2341 2384 fuisses
2366 2317 2468 2387 hic,
2488 2319 2647 2389 frater
2675 2316 2812 2378 meus
2829 2342 2929 2380 non
2946 2328 3122 2397 fuisset
3142 2344 3368 2388 mortuus
3383 2350 3403 2388 :

1823 2416 1869 2457 et
1891 2423 2023 2459 nunc
2042 2408 2166 2474 scio,
2187 2412 2306 2477 quia
2330 2424 2653 2484 quaecumque
2682 2421 2970 2486 poposceris
2997 2438 3029 2474 a
3074 2423 3182 2478 Deo
3198 2467 3213 2490 ,
3264 2427 3403 2480 dabit

1824 2499 1913 2551 tibi
1942 2499 2100 2555 Deus.
2134 2502 2417 2559 Postulasti
2442 2520 2649 2574 preces,
2678 2508 2746 2563 do
2776 2526 2981 2580 preces.
3012 2514 3301 2584 Expositos
3321 2530 3406 2574 est

1824 2592 1942 2645 fons
1973 2609 1986 2657 ;
2020 2592 2393 2666 quodcumque
2426 2599 2637 2653 tandem
2667 2616 2762 2655 vas
2790 2604 2878 2672 qui
2906 2606 3162 2673 attulerit,
3218 2610 3404 2681 implet

1822 2684 1970 2738 illud.
2004 2685 2058 2741 Si
2083 2702 2329 2758 magnum
2358 2689 2533 2754 fuerit,
2560 2707 2807 2761 magnum
2831 2698 2991 2751 sumit
3018 2715 3032 2751 :
3064 2699 3109 2752 si
3131 2702 3399 2771 exiguum,

1821 2777 1984 2829 sumit
2009 2777 2278 2847 exiguum.
2315 2780 2440 2836 llznc
2459 2781 2617 2851 igitur
2648 2800 2833 2853 preces
2862 2789 3165 2856 postulavit,
3198 2802 3249 2845 et
3280 2792 3403 2848 Sal-

1823 2877 1971 2923 vator
1998 2887 2183 2938 preces
2204 2877 2487 2928 concessit.
2520 2878 2666 2931 Alius
2692 2877 2843 2942 dixit,
2883 2880 3000 2935 Non
3040 2900 3154 2936 sum
3192 2886 3393 2956 dignus,

1821 2969 1872 3011 ut
1898 2961 2052 3014 intres
2074 2963 2162 3015 sub
2190 2973 2371 3018 tectum
2398 2983 2580 3034 meum,
2610 2970 2699 3021 sed
2721 2979 2915 3023 tantum
2939 2974 3021 3025 dic
3060 2975 3204 3029 verbo
3221 3018 3234 3042 ,
3280 2977 3402 3031 Fiat

1822 3050 1937 3112 tibi,
1987 3062 2035 3105 et
2074 3054 2337 3108 sanabitur
2360 3074 2483 3125 puer
2510 3075 2652 3111 meus
2681 3075 2699 3112 :
2731 3069 2837 3114 tum
2866 3063 2992 3116 dixit
3017 3065 3063 3118 ei
3092 3066 3331 3121 Salvator
3372 3086 3392 3125 :

1820 3140 2117 3198 Secundum
2137 3147 2289 3214 ﬁdem
2310 3158 2448 3201 tuam
2477 3151 2568 3218 ﬁat
2589 3152 2675 3204 tibi
2705 3152 2915 3222 (Matth.
2943 3156 2995 3210 8.
3015 3158 3067 3211 8.
3113 3159 3225 3229 15).
3248 3160 3400 3215 Alius

1817 3235 1950 3289 dixit
1978 3255 1992 3291 :
2026 3236 2181 3305 Veni,
2214 3254 2342 3294 sana
2373 3242 2533 3297 tiliam
2568 3260 2738 3298 meam
2760 3242 2779 3300 8:
2814 3255 2925 3300 tum
2950 3248 3025 3303 ait
3051 3250 3154 3315 illi,
3199 3252 3399 3321 Sequar

1818 3337 1865 3380 te
1911 3326 2015 3400 (Ib.
2045 3328 2098 3384 9.
2150 3330 2236 3386 18.
2283 3331 2391 3402 19).
2448 3333 2629 3404 Itaque
2679 3347 2832 3405 prout
2877 3354 2936 3393 se
2988 3338 3183 3396 habent
3224 3343 3398 3398 Immi-

1818 3436 1947 3473 num
1969 3421 2290 3490 voluntates,
2318 3426 2578 3482 medelam
2605 3427 2823 3483 adhibet
2849 3432 3104 3487 medicus.
3135 3435 3247 3488 Alia
3280 3453 3398 3491 rnrc

1816 3526 1908 3566 sus
1939 3513 2074 3567 clam
2099 3515 2400 3571 vestimenti
2430 3518 2545 3587 ejus
2595 3520 2857 3575 ﬁmbriam
2905 3526 3096 3593 tetigit,
3148 3536 3203 3581 et
3259 3529 3395 3583 clam

1817 3605 2077 3659 medelam
2132 3602 2362 3662 obtinuit
2412 3607 2518 3677 (Ib.
2564 3625 2613 3663 v.
2644 3610 2735 3666 20.
2781 3614 2914 3685 sqq.)
2959 3632 2973 3668 :
3031 3618 3397 3686 UllﬂSquSlﬂle

1816 3708 1972 3766 prout
2011 3699 2281 3765 credebat,
2328 3702 2489 3756 etiam
2538 3704 2824 3759 sanitatem
2867 3709 3235 3776 recnperabat.
3290 3711 3394 3767 Ista

1818 3791 1949 3844 dicit
1976 3808 1989 3844 :
2023 3791 2155 3857 scio,
2186 3792 2307 3862 quia
2334 3808 2681 3865 quatcumque
2712 3800 3017 3867 poposceris
3039 3816 3065 3852 a
3096 3801 3272 3866 Patre,
3296 3803 3392 3855 da-

1815 3881 1890 3934 bit
1918 3881 2009 3934 tibi
2028 3881 2205 3947 Pater,
2230 3884 2548 3952 etquoniam
2576 3901 2759 3954 preces
2786 3889 3143 3956 postulaverat
3164 3892 3389 3959 Martha,

1814 3989 1999 4041 preces
2021 3974 2097 4029 illi
2121 3976 2384 4029 concessit
2408 3976 2670 4045 Salvator,
2697 3994 2801 4033 non
2830 3980 2968 4049 quod
2999 3982 3111 4050 ipse
3142 3985 3388 4053 precibus

1814 4064 2093 4134 indigeret,
2127 4065 2221 4121 sed
2251 4066 2393 4136 quod
2421 4068 2660 4124 mulieris
2687 4068 2978 4124 inﬁrmitati
3012 4088 3213 4127 morem
3242 4091 3392 4144 gere-

1813 4166 1914 4216 ret.
1940 4171 2105 4227 seque
2132 4158 2241 4212 Deo
2264 4173 2371 4213 non
2391 4160 2662 4215 adversari
2685 4161 3010 4228 ostenderet,
3038 4180 3216 4218 verum
3239 4167 3393 4236 quid-

1812 4246 1938 4314 quid
1968 4246 2082 4315 ipse
2108 4246 2314 4315 fecerit,
2346 4248 2447 4304 hoc
2472 4251 2630 4305 etiam
2661 4252 2774 4306 ﬁeri
2814 4268 2842 4305 a
2890 4253 3065 4310 Patre.
3120 4255 3392 4313 Formarit

1813 4337 1953 4391 Deus
1985 4337 2255 4393 hominem
2280 4354 2309 4393 a
2339 4341 2602 4411 principio
2629 4358 2644 4395 :
2678 4343 2779 4397 fuit
2812 4345 3084 4416 utriusque
3106 4363 3389 4405 commune

1812 4432 2137 4496 ﬁgmentum.
2167 4431 2444 4488 Faciamus
2460 4436 2624 4501 enim,
2653 4437 2841 4506 inquit.
2873 4438 3123 4493 hominem
3151 4442 3218 4493 ad
3253 4443 3388 4496 ima-

1808 4527 1971 4593 ginem
2013 4536 2058 4579 et
2104 4526 2481 4581 similitudinem
2503 4539 2723 4583 nostram
2757 4530 2905 4600 (Gen.
2933 4533 2981 4585 1.
3014 4531 3084 4586 26
3184 4534 3388 4589 Rursus

1808 4619 2069 4671 latronem
2102 4619 2267 4672 voluit
2296 4618 2346 4672 in
2381 4620 2683 4688 paradisum
2730 4622 3114 4685 intromittere.
3160 4634 3213 4678 et
3255 4640 3388 4677 con-

1808 4707 1982 4761 festim
2008 4708 2231 4762 verbum
2283 4710 2531 4778 protulit,
2577 4725 2639 4765 ac
2684 4710 2945 4767 latronem
2987 4713 3038 4767 in
3082 4716 3385 4784 paradisum

1811 4800 2131 4867 introduxit,
2182 4818 2354 4872 neque
2412 4803 2658 4873 precibus
2700 4804 2961 4874 indiguit:
3013 4808 3220 4860 tametsi
3268 4817 3385 4875 post

1810 4892 2072 4946 Adamum
2106 4908 2295 4949 omnes
2326 4894 2578 4949 Dominus
2606 4895 2674 4950 ab
2704 4895 2848 4949 aditu
2880 4896 3017 4950 illiuS
3043 4907 3266 4950 arceret.
3296 4898 3386 4950 Ρο-

1808 4986 1913 5038 suit
1938 4985 2078 5039 enim
2110 4986 2413 5041 ﬂammeum
2439 4988 2670 5057 gladium
2698 4988 2763 5042 ad
2790 4989 3193 5043 custodiendum
3222 5006 3380 5059 para-

1805 5078 1979 5133 disum
2029 5077 2135 5149 (Ib.
2162 5081 2215 5134 5.
2238 5078 2330 5151 24)
2366 5098 2379 5134 :
2412 5090 2466 5133 at
2495 5079 2740 5134 Christus
2791 5081 3106 5135 auctoritate
3135 5097 3232 5135 sua
3291 5099 3380 5151 pa-

1807 5172 2041 5225 radisum
2071 5172 2300 5240 aperuit,
2347 5180 2401 5226 et
2430 5171 2688 5226 latronem
2744 5170 3035 5225 introduxit
3083 5171 3232 5243 (Luc.
3289 5174 3378 5229 23.

1804 5262 1918 5335 45).
1967 5262 2290 5331 Latronem,
2322 5263 2564 5330 Domine,
2612 5262 2665 5316 in
2720 5261 3020 5332 paradisum
3053 5264 3382 5320 introducis?

1810 5355 1966 5409 Pater
1996 5365 2115 5409 tuus
2140 5355 2210 5409 ob
2232 5372 2392 5409 unum
2421 5364 2691 5424 peccatum
2718 5354 2977 5409 Adamum
3006 5356 3161 5425 ejecit
3187 5372 3217 5413 e
3238 5373 3384 5427 para-

1806 5446 1942 5513 diso,
1971 5456 2025 5501 et
2057 5458 2108 5501 tu
2136 5447 2395 5502 latronem
2426 5447 2758 5501 introducis?
2784 5463 2904 5501 eum
2944 5449 3031 5518 qui
3078 5450 3224 5505 mille
3270 5468 3383 5504 ma-

1806 5540 1999 5603 lorum,
2046 5539 2191 5593 mille
2215 5539 2475 5594 scelerum
2521 5553 2644 5593 reus
2683 5540 2832 5592 erat?
2870 5549 2925 5593 et
2961 5540 3272 5610 simpliciter
3310 5544 3380 5598 ita

1806 5642 2024 5703 propter
2052 5647 2207 5687 unam
2233 5646 2418 5687 vocem
2448 5632 2503 5686 in
2535 5631 2835 5700 paradisum
2884 5647 3005 5687 eum
3052 5633 3379 5688 introducis?

1804 5724 1915 5793 Ego
1944 5739 2071 5779 vero
2098 5722 2374 5777 introduco
2408 5740 2422 5775 :
2451 5737 2575 5777 nam
2620 5737 2719 5777 nec
2758 5722 2885 5778 illud
2931 5723 3131 5794 absque
3172 5740 3255 5779 mc
3296 5723 3372 5778 la-

1803 5824 1945 5871 etum
1971 5822 2073 5883 est,
2106 5828 2278 5883 neque
2300 5812 2441 5869 istud
2469 5812 2669 5884 absque
2695 5813 2852 5870 Patre
2873 5828 2993 5871 meo
3024 5832 3036 5868 :
3068 5813 3161 5870 sed
3195 5823 3247 5871 et
3274 5814 3373 5870 hoc
