3868 6276
442 412 550 469 783

445 543 623 584 meum
651 536 753 594 est,
777 537 829 582 et
858 525 983 581 illud
1006 537 1088 580 est
1116 525 1289 581 Patris
1320 516 1446 581 mei.
1480 524 1587 596 Ego
1608 524 1739 579 enim
1761 524 1814 577 in
1846 523 2026 590 Patre,

442 631 489 675 et
516 619 675 674 Pater
701 618 754 672 in
779 635 855 672 me
880 615 1060 689 (Joan.
1095 618 1180 672 M.
1213 617 1281 672 10
1307 614 1353 687 ).

514 712 570 765 3.
597 713 768 781 Atque
798 717 855 763 ut
880 708 1062 763 videas
1084 708 1340 762 orationis
1370 722 1528 776 opera
1558 722 1662 760 non
1694 706 1854 760 fuisse
1878 720 2026 759 mor-

444 810 590 854 tuum
639 801 960 865 excitatum,
1011 798 1135 853 audi
1185 798 1500 853 orationem.
1546 796 1681 863 Quid
1724 797 1865 851 enim
1911 796 2026 850 ait"!

448 892 653 946 Gratias
678 910 774 963 ago
806 892 911 949 tibi.
944 890 1121 956 Pater,
1166 892 1401 961 quoniam
1441 890 1625 944 audisti
1670 906 1747 943 me
1773 887 1882 961 (Id.
1937 889 2022 942 il.

443 983 553 1058 41).
582 985 718 1051 Quid
747 984 914 1053 ergo?
945 984 1185 1037 llzeccine
1216 983 1419 1053 species
1459 992 1540 1036 est
1564 979 1865 1035 orationis?
1911 982 2025 1034 bare

441 1076 610 1130 forma
639 1074 1082 1144 supplicatioiiis?
1110 1072 1312 1128 Gratias
1330 1090 1426 1143 ago
1453 1073 1559 1139 tibi,
1582 1072 1819 1142 quoniam
1839 1071 2026 1125 audisti

440 1183 540 1221 me.
570 1164 680 1238 Ego
705 1178 893 1230 autem,
922 1166 1110 1236 inquit,
1140 1164 1378 1231 sciebam,
1407 1164 1525 1233 quia
1551 1180 1749 1233 semper
1777 1180 1854 1215 me
1878 1162 2025 1216 audis

440 1255 549 1324 (Ib.
572 1274 619 1311 υ.
648 1257 763 1325 42).
790 1256 845 1312 Si
873 1272 1002 1327 ergo
1030 1256 1156 1319 scis,
1192 1254 1447 1322 Domine,
1478 1270 1692 1323 semper
1718 1252 1889 1307 audiri
1917 1269 1965 1308 te
1993 1268 2024 1307 a

442 1351 618 1416 Patre,
646 1365 743 1405 cur
768 1351 833 1404 de
862 1351 925 1403 iis
956 1365 1072 1419 qua:
1102 1348 1206 1402 scis
1232 1347 1441 1401 Patrem
1469 1345 1819 1414 interpellas?
1861 1344 2025 1414 Equi-

436 1440 560 1496 dem
602 1444 715 1495 seio
734 1481 748 1503 .
780 1440 977 1509 inquit;
1006 1440 1127 1509 quia
1167 1454 1380 1508 semper
1402 1436 1551 1491 audit
1580 1453 1664 1491 me
1691 1435 1847 1490 Pater
1875 1453 1890 1489 :
1917 1434 2024 1490 Sed

440 1544 644 1605 propter
672 1535 942 1603 popuium,
984 1534 1071 1604 qui
1111 1534 1429 1596 circumstat,
1473 1532 1612 1595 dixi,
1645 1540 1697 1582 ut
1723 1539 2025 1600 cognoscunt

435 1641 638 1690 omnes,
666 1625 783 1694 quia
813 1634 864 1676 tu
918 1640 996 1678 me
1049 1624 1226 1676 misisti
1275 1622 1295 1691 (
1316 1621 1455 1675 Ibid.
1480 1620 1523 1693 ).
1548 1620 1685 1675 Nutu
1712 1620 1871 1690 igitur
1898 1635 2022 1688 pro-

441 1724 558 1784 pter
576 1714 885 1769 defunctum
916 1714 1131 1768 oravit?
1168 1729 1293 1768 num
1324 1712 1659 1783 supplicavit,
1693 1722 1750 1766 ut
1777 1726 2022 1778 resorge-

438 1814 517 1859 ret
546 1803 818 1858 Lazarus?
848 1816 974 1858 num
1005 1804 1159 1869 dixit,
1178 1804 1361 1866 Pater,
1388 1804 1589 1872 impera
1620 1802 1776 1855 morti
1808 1811 1864 1854 ut
1894 1801 2023 1854 obe-

437 1898 582 1953 dial?
625 1915 750 1953 num
792 1900 959 1963 dixit,
995 1900 1188 1965 Pater,
1230 1899 1431 1968 impera
1472 1897 1714 1962 inferno,
1746 1908 1804 1951 ut
1841 1906 2023 1967 portas

438 2002 542 2046 non
562 1991 822 2059 occludat,
848 1991 939 2045 sed
967 2001 1208 2062 prompte
1231 2001 1497 2046 mortuum
1525 1986 1746 2045 reddat?
1773 1989 1878 2045 Sed
1904 2006 2022 2059 pro-

437 2093 546 2150 pter
574 2085 814 2153 peputum
842 2084 975 2137 hunc
999 2085 1405 2137 circumstantem
1435 2080 1542 2137 dixi
1559 2124 1573 2147 ,
1607 2083 1809 2152 inquit,
1852 2092 1904 2135 ut
1931 2098 2020 2134 co-

434 2184 674 2245 gnoscant
714 2191 916 2241 omnes,
956 2176 1073 2243 quia
1105 2184 1157 2227 tu
1188 2191 1267 2228 me
1290 2172 1488 2228 misisti.
1517 2171 1632 2228 Non
1659 2189 1784 2244 ergo
1809 2173 2017 2244 signum

435 2274 517 2319 est
557 2263 606 2318 id
647 2265 788 2333 quod
813 2266 1013 2335 geritur
1031 2307 1046 2331 ,
1070 2265 1163 2320 sed
1189 2265 1462 2318 instructio
1483 2279 1666 2319 eorum
1687 2264 1772 2333 qui
1802 2264 2017 2318 adsunt.

510 2355 585 2408 0b
610 2356 840 2424 inﬁdeles
868 2356 1124 2411 adstantes
1154 2355 1313 2409 oravit
1342 2352 1593 2410 Christus.
1613 2384 1686 2397 ——
1707 2353 1883 2420 Vides,
1913 2370 2019 2425 quo

437 2458 590 2516 pacto
616 2464 719 2501 non
745 2458 961 2517 propter
989 2456 1253 2502 mortuum
1283 2446 1471 2502 fierent
1508 2458 1729 2518 preces,
1761 2449 1855 2505 sed
1892 2464 2018 2518 pro-

436 2548 556 2608 pter
576 2538 821 2594 intideles
850 2540 936 2607 qui
965 2540 1207 2605 aderant,
1241 2537 1309 2594 Ut
1335 2550 1656 2610 cognoscant,
1689 2540 1877 2609 inquit,
1900 2541 2020 2610 quia

432 2638 486 2684 tu
516 2647 596 2685 me
617 2632 816 2685 misisti.
845 2632 912 2685 Et
938 2647 1042 2701 quo
1068 2641 1224 2702 pacto
1253 2631 1364 2686 ﬁeri
1391 2632 1604 2703 poterit,
1636 2631 1775 2686 dicet
1803 2632 2015 2701 aliquis,

432 2733 490 2777 ut
532 2737 915 2793 cognoscamus
964 2732 1014 2778 te
1059 2724 1127 2778 ab
1175 2724 1266 2778 illo
1314 2725 1533 2779 missum
1582 2724 1744 2779 esse?
1789 2726 2019 2781 Attende

431 2826 613 2883 quaeso
642 2813 939 2883 diligenter.
975 2814 1131 2880 Ecce,
1165 2813 1361 2885 inquit,
1394 2816 1605 2885 propria
1634 2831 1750 2869 mea
1780 2816 2015 2870 auctori-

433 2913 541 2960 tate
585 2913 850 2959 mortuum
890 2920 1057 2959 evoco
1094 2922 1108 2959 :
1139 2920 1265 2960 ecce
1308 2905 1521 2975 propria
1562 2913 1827 2975 potestate
1857 2905 2015 2960 morti

435 2998 643 3066 impero
676 3014 690 3053 :
723 2996 931 3052 Patrem
971 3012 1105 3052 voco
1147 3006 1348 3067 patrem
1383 3014 1395 3050 :
1428 3006 1484 3051 et
1509 2996 1766 3051 Lazarum
1795 3012 1960 3052 evoco
1986 3012 2019 3053 e

430 3087 697 3156 sepulcro.
743 3087 799 3143 Si
848 3088 1078 3157 primum
1110 3087 1237 3142 illud
1280 3104 1464 3142 verum
1507 3103 1612 3140 non
1656 3096 1772 3151 est,
1818 3103 1886 3142 ne
1917 3087 2018 3142 hoc

436 3178 526 3230 fiat
550 3176 841 3231 secundum
876 3196 890 3232 :
923 3178 1003 3230 sin
1031 3187 1208 3231 autem
1238 3192 1366 3231 vere
1390 3177 1549 3231 Pater
1573 3185 1655 3231 est
1684 3186 1852 3247 pater,
1885 3178 2017 3232 obe-

431 3268 540 3321 diat
585 3269 939 3323 mortuus-ad
986 3284 1172 3323 eorum
1222 3270 1311 3338 qui
1355 3268 1550 3323 adsunt
1592 3269 2013 3324 iuslructionem.

431 3360 566 3426 Quid
614 3361 754 3414 enim
817 3359 1060 3415 Christus
1126 3360 1377 3415 dicebat?
1426 3360 1656 3425 Lazare,
1708 3357 1819 3414 veni
1878 3360 2018 3431 foras

431 3448 538 3521 (Ib.
561 3449 675 3522 4⁸5).
715 3450 936 3519 Quando
965 3452 1121 3505 fiebat
1161 3452 1355 3517 oratio,
1398 3467 1504 3507 non
1535 3452 1829 3506 resurrexit
1868 3467 2015 3504 mor-

433 3551 556 3596 tuus
585 3560 600 3597 :
630 3542 722 3597 sed
747 3543 960 3613 quando
982 3544 1134 3607 dixit,
1166 3543 1378 3610 Lazare,
1404 3545 1516 3598 veni
1538 3548 1700 3613 foras,
1726 3551 1852 3597 tunc
1874 3558 2015 3596 mor-

432 3642 552 3687 tuus
595 3634 903 3688 resurrexit.
949 3634 991 3689 Ο
1035 3646 1280 3704 magnam
1325 3635 1514 3688 mortis
1559 3633 1931 3705 tyrannidem!
1972 3631 2018 3688 Ο

431 3740 673 3795 magnam
698 3724 1032 3795 tyrannidem
1055 3719 1268 3780 virtutis
1292 3723 1458 3791 illius,
1481 3737 1599 3795 qua)
1621 3725 1849 3778 animam
1874 3724 2015 3778 illam

430 3815 734 3871 detinebat!
784 3815 829 3871 Ο
869 3816 1104 3884 inferne,
1149 3817 1283 3871 facta
1314 3825 1396 3870 est
1426 3817 1597 3871 oratio
1618 3859 1632 3882 ,
1665 3826 1719 3870 et
1748 3826 2015 3870 mortuum

432 3924 536 3966 non
575 3907 840 3964 dimittis?
886 3908 1267 3979 Nequaquam,
1311 3909 1497 3978 inquit.
1545 3908 1659 3974 Qua
1703 3908 1770 3962 de
1814 3907 2016 3962 causa?

1156 409 1213 465 S.
1253 408 1535 465 JOANNIS
1572 406 2039 464 Clll‘tYSOSTOill
2080 407 2397 462 ABClliEP.
2441 405 2974 477 CONSTANI'INOP.
3628 397 3723 452 78$

2136 524 2265 592 Quia
2296 539 2402 577 non
2424 522 2608 593 jussus
2635 539 2751 578 sum
2782 525 3069 579 dimittere.
3098 526 3293 580 Custos
3316 541 3441 580 sum
3480 531 3738 590 careeris.

2132 621 2221 692 qui
2250 636 2397 676 reum
2427 620 2515 676 hic
2541 620 2791 676 detineo:
2820 620 2921 675 nisi
2939 621 3120 691 jussus
3148 621 3364 685 fuerim,
3396 619 3606 690 inquit,
3626 635 3731 675 non

2131 712 2393 767 dimittam
2423 730 2438 765 :
2467 712 2728 782 siquidem
2754 713 2925 767 oratio
2950 728 3055 766 non
3088 721 3306 782 propter
3331 727 3445 776 me,
3478 710 3585 765 sed
3610 726 3739 781 μο-
3836 734 3837 739 η

2126 814 2246 874 pter
2265 819 2360 859 eos
2383 805 2473 874 qui
2499 803 2722 857 aderant
2748 803 3010 869 infideles,
3035 802 3299 859 estfacta.
3329 802 3473 857 Nam
3496 818 3611 872 ego
3642 807 3735 858 nisi

2126 895 2257 950 mihi
2287 894 2447 950 fuerit
2487 896 2803 966 imperatum
2823 935 2839 963 ,
2880 911 3032 951 reum
3063 912 3167 951 non
3198 896 3500 950 dimittam.
3539 894 3735 950 Vocet-

2127 995 2410 1054 exspecto,
2455 997 2513 1040 ut
2546 987 2778 1040 animam
2807 986 3091 1041 dimittam.
3139 985 3375 1055 Lazare,
3419 987 3546 1040 sati
3574 989 3711 1056 [om

2129 1076 2347 1130 Audivit
2375 1086 2697 1146 praeceptum
2719 1075 3045 1131 dominicum
3070 1086 3327 1143 mortuus,
3357 1088 3416 1136 et
3433 1079 3729 1135 confestim

2130 1167 2276 1237 leges
2306 1169 2493 1222 mortis
2519 1168 2754 1221 violavit.
2782 1167 3109 1223 Erubeseant
3132 1170 3393 1233 ha-retiei,
3418 1180 3476 1224 et
3509 1181 3733 1239 pereant

2127 1275 2156 1312 a
2183 1259 2315 1314 facie
2341 1269 2516 1314 terno.
2541 1258 2682 1314 Satis
2703 1260 2841 1314 enim
2872 1275 2934 1312 ex
2963 1258 3079 1328 ipso
3101 1258 3395 1330 Scriptura:
3422 1269 3581 1314 textu
3605 1276 3733 1313 cou-

2127 1360 2232 1405 stat
2263 1367 2365 1404 non
2406 1349 2474 1403 ad
2522 1360 2790 1404 mortuum
2838 1350 3200 1403 suseitandum
3246 1353 3565 1403 orationem
3613 1366 3733 1403 esse

2126 1441 2314 1495 laetam
2334 1481 2348 1503 ,
2381 1440 2473 1494 sed
2509 1449 2565 1494 ut
2590 1455 2797 1505 eorum,
2824 1440 2914 1508 qui
2944 1440 3196 1504 aderant,
3227 1440 3537 1494 inlidelium
3582 1440 3729 1492 infir-

2127 1534 2294 1589 mitati
2332 1533 2724 1588 consuleretur.
2765 1531 2991 1597 Lazare,
3035 1534 3144 1586 veni
3184 1537 3340 1603 foras.
3387 1535 3581 1596 Quare
3608 1549 3731 1585 vero

2127 1634 2393 1680 mortuum
2423 1625 2730 1679 nominatim
2760 1625 3007 1678 vocavit?
3044 1625 3250 1693 Quan'is
3280 1635 3331 1678 tu
3361 1640 3546 1695 quare
3567 1624 3594 1677 ?
3630 1624 3729 1687 Ne,

2125 1717 2172 1771 si
2210 1717 2505 1771 absolutam
2542 1731 2725 1771 vocem
2757 1716 2821 1771 ad
2865 1714 3105 1770 mortuos
3142 1716 3477 1781 direxisset,
3515 1731 3728 1781 omnes,

2124 1808 2214 1877 qui
2238 1808 2287 1860 in
2312 1806 2573 1877 sepulcris
2593 1818 2765 1873 erant,
2793 1807 3069 1874 excitaret,
3100 1806 3299 1861 ideirco
3319 1807 3477 1872 dicit,
3507 1807 3727 1871 Lam,

2124 1902 2233 1955 veni
2261 1903 2418 1973 feras.
2453 1900 2529 1953 'l‘e
2556 1916 2717 1953 unum
2745 1914 2928 1953 coram
2962 1899 3063 1974 Itoc
3098 1888 3290 1968 populo
3316 1899 3546 1953 interim
3574 1916 3727 1953 revo-

2123 2006 2218 2058 co,
2265 2000 2322 2045 ut
2356 1991 2457 2045 hac
2483 1991 2536 2045 in
2567 2001 2716 2059 parte
2746 1988 3015 2060 specimen
3052 1990 3260 2044 virtutis
3290 1989 3611 2044 futurorum
3633 2006 3727 2044 cx-

2124 2085 2357 2140 ltibeam.
2404 2085 2514 2154 Ego
2550 2084 2691 2138 enim
2721 2085 2809 2153 qui
2853 2100 3015 2138 unum
3045 2083 3267 2138 excitavi
3287 2126 3303 2149 ,
3330 2093 3509 2138 totum
3541 2086 3725 2138 orbem

2123 2186 2383 2231 terrarum
2420 2175 2686 2230 excitabo.
2714 2174 2826 2245 Ego
2855 2175 3047 2244 quippe
3072 2156 3193 2228 sum.
3210 2175 3523 2227 resurrectio
3556 2185 3606 2228 et
3628 2176 3725 2226 vita

2125 2265 2301 2335 (Joan.
2332 2266 2418 2319 ll.
2441 2264 2556 2333 25).
2577 2263 2791 2330 Lazare,
2810 2264 2919 2317 veni
2938 2268 3076 2335 foras
3093 2261 3196 2334 (Ib.
3222 2280 3271 2317 υ.
3291 2262 3412 2331 45).
3434 2264 3505 2317 Et
3532 2264 3727 2332 prodiit

2120 2367 2365 2411 mortuus
2396 2357 2588 2426 ligatus
2617 2356 2779 2426 pedes
2805 2365 2861 2410 et
2899 2369 3087 2410 manus
3116 2355 3331 2409 institis.
3360 2355 3408 2409 Ο
3437 2372 3560 2410 rem
3587 2355 3727 2409 inso—

2122 2451 2266 2505 litam
2292 2460 2346 2505 et
2375 2449 2711 2504 mirabilem!
2759 2449 2859 2515 Qui
2900 2464 2929 2502 a
2972 2448 3159 2502 mortis
3205 2448 3441 2503 vinculis
3484 2448 3723 2503 animam

2121 2542 2312 2607 solvit,
2344 2540 2432 2610 qui
2473 2539 2619 2595 fores
2662 2538 2851 2594 inferni
2886 2538 3171 2610 perfregit,
3203 2538 3297 2608 qui
3328 2547 3525 2609 portas
3555 2554 3722 2593 areas

2123 2642 2176 2687 et
2203 2640 2378 2688 vectes
2421 2630 2627 2687 ferreos
2651 2631 2938 2694 contrivit,
2967 2639 3025 2686 et
3051 2630 3282 2684 animam
3316 2644 3347 2682 a
3376 2629 3585 2684 mortis
3614 2632 3726 2683 vin-

2122 2726 2257 2779 culis
2283 2724 2559 2789 liberavit,
2600 2739 2706 2779 nou
2735 2724 2904 2793 potuit
2931 2722 3093 2778 etiam
3136 2722 3347 2777 institas
3377 2723 3590 2775 mortui
3619 2723 3722 2776 Sol-

2123 2814 2289 2869 vere?
2316 2813 2456 2869 Sane
2483 2812 2658 2884 potuit
2682 2830 2695 2866 :
2720 2812 2815 2867 sed
2843 2811 3043 2867 Judteis
3065 2811 3292 2881 imperat
3320 2811 3545 2867 solvant
3580 2813 3725 2865 insti-

2126 2915 2207 2960 tas
2231 2946 2245 2972 ,
2273 2920 2404 2975 quas
2448 2905 2546 2975 ipsi
2574 2905 2723 2975 prius
2741 2944 2758 2970 ,
2794 2903 2922 2958 dum
2951 2903 3095 2957 illum
3124 2903 3373 2973 sepulcro
3397 2903 3722 2968 conderent,

2121 2998 2482 3065 strinxerant,
2520 3005 2576 3052 ut
2606 3011 2822 3051 suorum
2850 2994 3178 3050 vinculorum
3219 2994 3420 3050 indicia
3464 3010 3725 3065 recogno-

2122 3096 2295 3155 scant,
2324 3098 2381 3143 ut
2405 3088 2771 3158 experimento
2792 3086 3017 3151 discant,
3050 3102 3114 3141 ex
3143 3085 3209 3140 iis
3232 3102 3357 3156 quae
3381 3086 3493 3157 ipsi
3518 3091 3723 3156 paesti.

2124 3184 2303 3248 terint,
2336 3181 2597 3237 Lazarum
2620 3197 2742 3236 eum
2772 3194 2893 3235 esse
2918 3195 3077 3250 quem
3116 3179 3218 3249 ipsi
3243 3179 3509 3249 sepulcro
3535 3179 3722 3235 eoodi-

2119 3274 2296 3329 deriut
2344 3274 2385 3338 ί,
2426 3283 2480 3329 et
2522 3272 2791 3327 Christum
2833 3285 2991 3336 esse,
3048 3271 3139 3342 qui
3196 3271 3506 3326 secundum
3556 3272 3723 3327 Patris

2124 3365 2512 3436 beneplacitum
2543 3366 2594 3419 in
2635 3363 2890 3418 mundum
2916 3364 3159 3427 advenit,
3203 3364 3296 3433 qui
3326 3364 3455 3417 vitze
3477 3380 3546 3419 ac
3583 3365 3723 3417 necis

2125 3457 2282 3511 habet
2324 3464 2662 3527 potestatem.
2698 3453 2801 3523 lpsi
2842 3454 3008 3525 gloria
3034 3461 3091 3507 et
3120 3453 3409 3522 imperium
3460 3470 3566 3507 una
3608 3470 3720 3508 cum

2122 3549 2277 3602 Patre
2317 3556 2407 3603 tuo
2432 3547 2564 3601 initii
2600 3559 2819 3615 experte
2839 3584 2853 3609 ,
2897 3545 3159 3615 simulque
3188 3556 3381 3600 sancto
3407 3561 3481 3602 ac
3510 3546 3720 3599 viviﬁci)

2122 3641 2322 3709 Spiritu
2348 3649 2460 3707 tuo,
2485 3653 2627 3694 nunc
2654 3649 2708 3693 et
2731 3652 2963 3707 semper,
2990 3646 3044 3692 et
3069 3639 3121 3690 in
3150 3637 3350 3691 szecula
3373 3638 3717 3693 Str-culorum.

2121 3737 2316 3789 Amen.

2186 3852 2203 3882 ι
2238 3848 2379 3899 savii.
2405 3851 2452 3898 in
2472 3861 2624 3910 marg.
2648 3846 2795 3907 addit,
2822 3853 2971 3908 neque
2995 3841 3265 3894 reatitatem
3285 3849 3530 3905 tauquam
3571 3842 3718 3905 ﬁu-

2122 3920 2277 3963 tasma
2302 3910 2561 3973 divulgent.

433 4044 3707 4074 Μ

435 4157 602 4211 QUOD
643 4156 767 4201 NON
811 4157 1042 4200 DICERE
1085 4157 1166 4198 ΕΤ
1194 4156 1279 4198 ΔΙ)
1321 4154 1499 4198 Αιιοε
1541 4152 1858 4207 EFFERBE,
1901 4152 2018 4204 QUA

2127 4149 2333 4198 CIMUS.
2380 4145 2813 4189 PAUPERIORES
2858 4143 2972 4187 N03
3005 4141 3268 4193 REDIHT,
3302 4141 3388 4181 ΕΤ
3428 4136 3715 4183 ΘΒΔἹἸΔΙ

512 4258 824 4303 Εχετικρυ
834 4260 897 4300 1Τ
966 4260 982 4299 ε

511 4361 854 4415 FACIEBAT;
912 4360 993 4401 ET
1058 4358 1121 4400 IN

1043 4258 1125 4299 ET
1166 4257 1230 4299 IN
1285 4256 1545 4309 PBECES,
1593 4252 1820 4306 QUIBUS
1870 4253 2018 4296 CER]

2127 4254 2174 4295 IS
2219 4252 2335 4295 EST
2388 4248 2562 4304 USUS,
2619 4248 2701 4291 ΕΤ
2752 4245 3270 4296 AUCTORITATEM,
3318 4238 3450 4295 QUA
3515 4242 3709 4285 οωιιι

1176 4354 1446 4399 VETEBIS
1514 4352 1692 4399 LEGIS
1761 4353 2269 4398 EMENDATIONEM
2338 4354 2353 4392 ε

2421 4344 2503 4393 ET
2568 4348 2738 4403 Q‘UOD
2795 4340 3179 4391 lNCAltNATIO
3236 4332 3715 4396 mquam-rant

511 4463 709 4507 IPSIUS
752 4460 884 4506 CUM
927 4460 1132 4503 PATRE
1175 4454 1300 4502 NON
1348 4456 1599 4512 MINUIT,
1647 4456 1765 4499 SED
1809 4454 2180 4498 CONFIRMAT
2221 4446 2466 4497 Ροτὶυε.

1544 4582 2558 4655 ηέϐἐῑδῂῖθε-αέὣΰῶξιὲεωθ-

1008 4744 1225 4784 ιιοιιιιιλ
1263 4742 1475 4782 DECIMA.

509 4826 560 4880 1.
601 4822 978 4895 Superioribus
1030 4821 1217 4875 diebus
1265 4817 1472 4872 abunde
1520 4814 1572 4871 in
1624 4818 1817 4872 celebri
1873 4826 2013 4872 coatu

434 4917 723 4973 conciones
761 4913 1073 4978 habuimus,
1107 4911 1232 4965 dum
1260 4907 1549 4980 apostolica
1580 4910 1864 4963 certamina
1902 4917 2013 4962 tra-

431 5019 733 5074 etaremus,
767 5016 821 5061 et
848 5005 1200 5076 spiritualium
1240 5010 1382 5058 recte
1425 5002 1682 5057 factorum
1713 5001 2014 5056 narratione

432 5115 532 5156 nos
560 5101 992 5155 oblectaremus:
1029 5097 1139 5168 jam
1181 5111 1307 5151 vero
1353 5104 1562 5166 tempus
1604 5104 1720 5158 est,
1765 5101 1823 5147 ut
1863 5092 2015 5147 vobis

434 5192 670 5246 debitum
700 5190 1087 5260 persolvamus.
1123 5188 1331 5243 Etenim
1363 5182 1493 5241 nihil
1523 5195 1632 5251 est,
1675 5184 1816 5254 quod
1846 5185 2010 5254 impe—

439 5282 549 5335 diat
577 5298 591 5334 :
619 5290 778 5351 atque
811 5280 1054 5350 equidem
1094 5279 1287 5334 oblitos
1314 5292 1434 5333 esse
1457 5292 1553 5332 vos
1577 5277 1688 5331 scio
1716 5275 2013 5330 debitorum

433 5387 712 5438 meorum,
753 5372 894 5439 quod
934 5382 1038 5425 tam
1083 5370 1235 5425 multi
1275 5369 1390 5424 dies
1436 5366 1873 5423 intercesserint:
1907 5380 2013 5420 non

432 5475 610 5518 tamen
638 5474 700 5516 ea
733 5462 930 5517 idcirco
966 5462 1181 5527 celabo,
1221 5460 1317 5516 sed
1343 5475 1404 5516 ea
1433 5459 1585 5515 vobis
1625 5473 1812 5530 magna
1850 5458 2013 5511 animi

437 5553 714 5607 alacritate
742 5552 1058 5620 persolvam.
1086 5550 1142 5606 ld
1166 5562 1296 5607 vero
1331 5549 1486 5619 facio,
1519 5565 1624 5604 non
1650 5549 1846 5615 solum,
1873 5548 2014 5618 quod

433 5645 592 5700 bona:
624 5644 743 5699 fidei
775 5644 875 5697 sim
901 5643 1138 5710 debitor,
1167 5644 1259 5698 sed
1289 5644 1447 5697 etiam
1473 5641 1614 5713 quod
1645 5641 1854 5695 utilitati
1879 5654 2014 5694 utea:

432 5739 729 5793 consulam.
769 5735 902 5790 Nam
942 5735 994 5788 in
1031 5734 1393 5804 corporalibus
1418 5735 1631 5804 quidem
1656 5731 2014 5788 contractibus

422 5826 495 5896 ei,
527 5827 618 5897 qui
650 5839 889 5886 tnutuum
920 5828 1176 5898 sumpsit,
1207 5827 1334 5883 utile
1360 5835 1459 5894 cst,
1485 5824 1529 5881 si
1560 5825 1606 5881 is
1629 5826 1716 5897 qui
1748 5831 2012 5881 mutuatus

2125 4731 2205 4774 cst
2228 4761 2241 4781 ,
2272 4719 2614 4773 obliviscatur
2643 4733 2657 4770 :
2690 4712 2782 4768 sed
2809 4701 2863 4767 in
2905 4706 3266 4781 spiritualibus
3298 4709 3477 4776 pactis
3519 4708 3605 4771 ei,
3635 4708 3712 4777 qui

2123 4811 2359 4866 debitum
2386 4808 2722 4863 exsoluturus
2748 4813 2863 4868 est,
2909 4803 3187 4857 utilitatem
3233 4801 3373 4867 parit
3402 4801 3709 4861 maximam,

2122 4906 2166 4957 si
2194 4903 2282 4974 qui
2321 4899 2587 4969 accepturi
2614 4908 2769 4963 sunt,
2808 4894 3108 4951 debitorum
3134 4901 3400 4963 perpetuo
3427 4892 3710 4947 recorden-

2123 5004 2229 5050 tur.
2274 4992 2547 5063 Siquidem
2574 4992 2757 5045 mulua
2790 4987 3010 5058 pecunia
3054 4986 3296 5039 restituta
3340 4982 3561 5038 deserit
3601 4998 3707 5038 eme

2123 5085 2211 5155 qui
2254 5083 2544 5154 persolvit,
2582 5090 2636 5136 et
2672 5078 2739 5133 ad
2766 5094 2887 5132 eum
2919 5076 3141 5140 transit,
3173 5075 3261 5142 qui
3294 5074 3532 5141 recipit,
3565 5084 3709 5141 atque

2123 5179 2278 5232 unius
2323 5174 2619 5237 imminuit,
2651 5171 2870 5226 alterius
2898 5178 3054 5237 auget
3097 5159 3373 5221 facultates
3407 5184 3421 5218 :
3456 5165 3513 5219 iu
3561 5165 3707 5234 spiri-

2124 5269 2352 5325 tualibus
2385 5283 2511 5322 vero
2544 5282 2647 5320 non
2674 5264 2799 5318 item
2826 5278 2841 5316 :
2871 5258 2963 5316 sed
2994 5261 3107 5314 ﬁeri
3132 5260 3308 5329 potest
3334 5264 3396 5312 ut
3423 5264 3545 5312 rem
3574 5256 3709 5311 debi—

2123 5372 2229 5416 tam
2258 5372 2312 5415 et
2337 5371 2703 5429 persowamus
2732 5364 2785 5410 et
2819 5354 3142 5408 retineamus
3173 5368 3187 5402 :
3220 5349 3474 5419 quodque
3514 5348 3702 5420 permi-

2122 5468 2239 5510 rum
2268 5462 2368 5515 est,
2401 5462 2509 5505 tum
2539 5451 2766 5504 maxime
2794 5448 2935 5502 illam
2964 5446 3240 5509 habemus,
3282 5459 3404 5496 cum
3436 5442 3567 5497 aliis
3597 5458 3698 5513 per-

2120 5546 2455 5601 solrerimus.

2192 5634 2454 5689 Dissimile
2474 5633 2693 5687 debitum
2721 5632 2967 5702 pecunia,
2990 5639 3037 5683 et
3066 5628 3414 5698 spiritualium
3440 5644 3697 5680 rerum.—

2120 5727 2173 5784 Si
2201 5727 2344 5782 enim
2371 5723 2637 5780 defossam
2664 5724 2718 5777 in
2754 5729 3215 5791 menteperpento
3234 5718 3548 5781 (custodiam
3567 5758 3585 5783 ,
3612 5727 3693 5768 nec

2128 5821 2218 5875 ulli
2239 5816 2649 5886 counnunicem,
2677 5815 2935 5872 minuitur
2960 5814 3086 5868 mihi
3117 5814 3347 5881 lucrum,
3376 5810 3592 5867 decedit
3611 5802 3692 5857 aﬁ'
