3868 6234
465 367 583 424 -785

471 485 698 555 ινέγκω,
731 487 824 540 καὶ
853 490 1061 560 ποιήσω
1087 493 1346 563 μεριστάς
1373 493 1596 557 πολλοὺς
1617 495 1710 547 καὶ
1737 495 2043 558 κοινωνοὺς,

469 563 544 622 ὧν
599 571 760 634 αὐτὸς
805 572 1101 643 ἐπίσταμαι
1157 578 1396 642 πάντων,
1445 578 1666 642 αὔξεταί
1721 598 1808 650 μοι
1851 579 1920 632 τὰ
1950 579 2044 633 τοῦ

471 655 842 723 πνευματικοῦ
868 656 1120 712 πλούτου.
1148 661 1256 714 Kal
1283 662 1364 714 ὅτι
1383 662 1554 715 ταῦτα
1589 662 1759 726 οὕτως
1793 661 1925 733 ἔχει,
1953 663 2046 715 καὶ

469 741 497 791 6
521 733 622 805 μὲν
658 738 866 808 ἑτέροις
903 741 1220 808 μεταδιδοὺς
1247 743 1398 809 αῦξει
1427 749 1524 817 τὴν
1555 747 2042 817 παρακαταθήκην,

464 819 492 869 6
526 820 582 872 δὲ
606 821 976 892 ἀποκρύπτων
1016 825 1228 878 ἐλαττοῖ
1242 829 1339 896 τὴν
1357 829 1616 898 ἐργασίαν
1649 829 1885 894 ἃπασαν,
1913 830 2046 900 μάρ-

465 919 629 973 τυρες
683 905 730 956 οἱ
765 906 832 957 τά
867 907 1107 961 τάλαντα
1146 911 1574 980 ἐγχειρισθέντες
1622 915 1818 965 ἐκεῖνοι
1844 954 1856 970 .
1905 917 1933 967 6
1973 915 2042 967 τά

468 986 648 1070 πέντε,
675 989 770 1040 καὶ
807 991 835 1042 6
871 990 937 1042 τὰ
969 991 1082 1052 δύο,
1118 996 1213 1047 καὶ
1246 995 1274 1046 6
1301 994 1360 1046 τὸ
1399 994 1476 1050 ἓν.
1511 998 1574 1048 Οἱ
1612 995 1760 1068 [5'50]
1795 997 1892 1066 μὲν
1933 998 2040 1070 γὰρ

464 1069 782 1124 διπλασίονα
809 1072 878 1124 τὰ
902 1075 922 1124 ἐ
933 1075 1333 1142 μπιστευθέντα
1365 1080 1714 1148 προσήγαγον
1737 1120 1751 1140 ,
1801 1083 1895 1134 καὶ
1929 1069 2039 1134 ἐτιζ

467 1152 646 1218 μῶντο
684 1153 771 1206 διὰ
812 1155 996 1208 τοῦτο·
1027 1157 1054 1208 ὁ
1086 1158 1143 1210 δὲ
1184 1160 1368 1231 ἐπειδὴ
1403 1161 1637 1230 ἐφύλαξε
1668 1163 1799 1233 παρ’
1839 1165 2035 1234 ἐαυτῷ,

462 1234 556 1286 καί
602 1236 779 1289 οὐδενὶ
812 1239 1081 1304 μετέδωκε
1103 1280 1116 1300 ,
1158 1241 1380 1297 διπλοῦν
1418 1261 1477 1296 τε
1504 1245 1635 1298 αὐτὸ
1669 1248 1890 1316 ποιῆσαι
1939 1251 2038 1301 οὐκ

465 1319 673 1389 ἴσχυσε,
708 1320 794 1374 διά
836 1321 992 1376 τοῦτο
1015 1325 1322 1389 ἐκολάζετο.
1384 1327 1566 1380 Ταῦτα
1607 1327 1699 1383 οὖν
1750 1332 2038 1394 ἀκούοντες
2075 1313 2096 1343 ί

461 1402 716 1465 ἅπαντες,
772 1406 865 1458 καὶ
921 1407 1018 1478 τήν
1052 1408 1272 1462 κόλασιν
1315 1410 1661 1481 τὴν-ἐκεῖθεν
1715 1414 2032 1479 δεδοικότες,

456 1487 593 1557 ὅπερ
622 1487 687 1540 ἂν
712 1487 923 1559 ἔχωμεν
964 1492 1168 1558 ἀγαθὸν
1212 1497 1292 1556 εἰς
1333 1495 1460 1558 τοὺς
1492 1497 1758 1565 ἀδελφοὺς
1783 1501 2031 1571 ἐκφέρω-

460 1586 581 1640 μεν,
619 1572 712 1624 καὶ
744 1575 824 1635 εἰς
857 1573 918 1626 τὸ
965 1576 1128 1644 μέσον
1180 1578 1351 1632 ἅπασι
1405 1580 1866 1651 καταϐάλλωμεν,
1901 1584 2035 1640 ἀλλά

458 1653 532 1725 μὴ
565 1654 1026 1727 ἀποκρύπτωμεν.
1076 1659 1245 1713 Ὅταν
1293 1661 1401 1732 γάρ
1432 1664 1640 1734 ἑτέροις
1689 1666 2029 1738 μεταδῶμεν,

453 1737 574 1791 τότε
632 1739 969 1811 πλουτοῦμεν
1029 1744 1181 1797 αὐτοὶ
1229 1746 1523 1815 μειζόνως·
1570 1749 1696 1800 ὅταν
1743 1754 2032 1818 κοινωνρῦς

453 1820 809 1890 ποιησώμεθα
840 1824 939 1894 τῆς
971 1827 1244 1898 ἐμπορίας
1279 1828 1527 1893 πολλοὺς,
1556 1832 1678 1882 τότε
1705 1833 1803 1902 τὴν
1833 1836 2032 1903 ἡμετέ-

453 1922 551 1974 ραν
579 1904 813 1976 αῦξομεν
832 1911 1168 1979 περιουσίαν.
1209 1912 1348 1964 Ἀλλ’
1370 1914 1725 1968 ἐλαττοῦσθαί
1745 1934 1827 1969 σοι
1849 1918 1915 1970 τά
1935 1923 2032 1990 τῆς

448 1989 607 2058 δόξης
649 1989 912 2059 νομίζεις,
937 1993 1064 2046 ὅταν
1094 1993 1232 2063 μετά
1257 1995 1469 2049 πολλῶν
1500 1993 1566 2070 ᾗς
1601 1999 1777 2062 εἰδὼς,
1805 1999 1840 2054 ἃ
1875 1989 2032 2070 μόνος

448 2067 596 2135 οἶδας
633 2073 813 2135 αὐτός.
842 2074 953 2126 Kal
977 2077 1084 2146 μὴν
1111 2077 1233 2129 τότε
1262 2078 1483 2142 αὔξεται
1505 2067 1611 2133 -καὶ
1634 2083 1702 2134 τὰ
1727 2084 1826 2152 τῆς
1853 2067 2030 2156 δόξης,

448 2156 544 2208 καὶ
565 2155 634 2209 τὰ
656 2157 756 2226 τῆς
788 2157 1074 2225 ὠφελείας,
1103 2159 1233 2212 ὅταν
1263 2163 1356 2214 τὸν
1392 2163 1585 2231 φθόνον
1617 2169 2030 2240 καταπατήσῃς,

448 2241 577 2294 ὅταν
593 2240 691 2311 τήν
718 2241 1018 2310 βασκανίαν
1035 2243 1256 2315 σϐέσῃς,
1270 2246 1398 2298 ὅταν
1416 2247 1769 2317 φιλαδελφίαν
1792 2251 2031 2324 ἐπιδείξῃ

449 2323 681 2395 πολλήνο
712 2324 778 2378 ἃν
808 2324 866 2376 δέ
895 2325 1057 2395 μόνος
1087 2327 1242 2390 εἰδὼς
1267 2329 1504 2400 περιίῃς,
1527 2331 1804 2399 ἄνθρωποι
1842 2335 1940 2403 μὲν
1957 2323 2033 2398 ὡς

453 2407 720 2478 βάσκανον
749 2409 842 2462 καί
870 2410 1196 2480 μισάδελφον
1218 2412 1734 2485 ἀποστραφήσονται
1763 2419 1858 2469 καὶ
1881 2423 2035 2490 μισή-

451 2508 658 2555 σουσιν,
687 2493 716 2544 6
741 2491 796 2544 δέ
817 2493 950 2557 Θεὸς
980 2494 1057 2557 ὡς
1085 2495 1322 2566 πονηρὸν
1347 2497 1448 2568 τὴν
1473 2497 1709 2569 ἐσχάτην
1740 2501 2032 2573 ἀπαιτήσει

453 2591 512 2626 σε
541 2575 730 2643 δίκηνο
778 2577 950 2646 χωρὶς
986 2577 1043 2629 δὲ
1092 2578 1318 2643 τούτων,
1370 2581 1464 2634 καὶ
1504 2582 1642 2654 αὐτή
1669 2601 1726 2636 σε
1757 2588 1964 2655 ταχέως
1997 2589 2031 2659 ἡ

451 2658 609 2727 χάρις
643 2657 846 2728 ἔρημον
874 2660 1320 2726 ἐγκαταλιποῦσα
1349 2665 1654 2734 οἰχήσεται.
1696 2667 1850 2719 Ἐπεὶ
1877 2671 1971 2722 καὶ
2002 2657 2032 2723 6

452 2744 615 2804 σῖτος,
656 2741 722 2794 ἂν
760 2743 857 2811 μὲν
887 2744 942 2795 ἐν
971 2747 1088 2807 ταῖς
1117 2746 1428 2816 ἀποθήκαις
1546 2748 1810 2819 διηνεκῶς
1845 2753 2035 2822 κείμε-

451 2844 560 2890 νος,
591 2827 918 2882 δαπανᾶται.
944 2828 1106 2898 σητὸς
1128 2829 1290 2881 αὐτὸν
1319 2831 1697 2895 κατεσθίοντος
1725 2850 1734 2860 ·
1763 2835 1829 2887 ἂν
1872 2836 1928 2888 δὲ
1955 2836 2034 2902 ἐξ·

450 2909 685 2978 ενεχθείς
718 2911 798 2972 εἰς
826 2911 926 2972 τὰς
955 2911 1195 2982 ἀρούρας
1210 2913 1635 2982 καταϐάλληται.
1666 2917 2035 2973 πολυπλασιά-

451 2993 600 3057 ζεται
630 2993 724 3045 καί
755 2993 1074 3046 ἁνανεοῦται
1104 2995 1284 3048 πάλιν.
1305 2995 1459 3048 Οὕτω
1485 3000 1578 3050 καὶ
1607 2999 1762 3066 λόγος
1792 3019 2036 3073 πνευμα-

451 3077 620 3139 τικδς,
671 3077 766 3129 ἐὰν
805 3077 951 3130 ἔνδον
987 3078 1277 3144 διαπαντὸς
1310 3081 1688 3152 ἀποκλείηται,
1727 3084 1906 3156 φθόνῳ
1940 3091 2035 3142 καὶ

451 3160 596 3228 ὅκνερ
629 3161 723 3212 καὶ
771 3161 1022 3232 τηκεδόνι
1057 3162 1423 3234 φθειρομένης
1448 3167 1544 3235 τῆς
1566 3168 1742 3237 ψυχῆς
1773 3173 1867 3223 καὶ
1906 3189 2036 3224 κατ-

455 3243 794 3314 εσθιομένης,
851 3244 1282 3299 κατασϐέννυται
1316 3248 1563 3316 ταχέωςο
1601 3251 1666 3302 ἂν
1718 3251 1791 3314 δέ,
1848 3254 2036 3330 ῶσπερ

455 3328 536 3388 εἰς
559 3325 798 3396 ἄρουραν
848 3325 1100 3398 εὔφορον,
1163 3327 1244 3392 εἰς
1281 3330 1378 3393 τὰς
1425 3331 1531 3383 τῶν
1580 3333 1824 3401 ἀδελφῶν
1861 3325 2037 3409 ψυχὰς

453 3409 863 3482 διασπείρηται,
887 3412 1266 3466 πολυπλασίων
1287 3416 1315 3466 6
1347 3413 1620 3486 θησαυρὸς
1647 3419 1742 3469 καὶ
1775 3424 1887 3484 τοῖς
1915 3423 2039 3477 ὑπο·

456 3494 794 3564 δεχομένοις,
827 3496 921 3549 καὶ
965 3497 1044 3566 τῷ
1073 3497 1418 3567 κεκτημένῳ.
1455 3500 1562 3551 Kal
1603 3501 1854 3575 καθάπερ
1885 3507 2034 3578 πηγὴ

461 3579 699 3648 συνεχῶς
729 3579 826 3649 μὲν
862 3578 1256 3651 ἐξαντλουμένη
1303 3579 1627 3652 καθαίρεται
1683 3587 1885 3654 μᾶλλον
1943 3592 2037 3644 καὶ

457 3662 748 3728 ἀναϐλύζει
805 3664 985 3728 πλέον,
1041 3665 1505 3735 καταχωννυμένη
1535 3666 1593 3719 δὲ
1633 3668 2033 3739 ἀποπνίγεταιο

457 3745 600 3800 οῦτω
631 3748 727 3801 καὶ
759 3747 1003 3820 χάρισμα
1038 3749 1406 3819 πνευματικὸν
1431 3752 1522 3802 καὶ
1547 3751 1704 3819 λόγος
1731 3754 2036 3810 διδασκαλι-

457 3830 554 3894 κὸς
583 3834 820 3903 συνεχῶς
869 3834 966 3902 μὲν
1015 3833 1376 3903 ἀντλούμενος
1435 3836 1530 3887 καὶ
1566 3835 1741 3899 διδοὺς
1774 3839 2036 3909 ἀρύεσθαι

454 3917 570 3978 τοῖς
600 3915 962 3986 βουλομένοις,
990 3917 1281 3982 ἀναϐλύζει
1313 3917 1473 3971 πλέον
1495 3936 1506 3949 ·
1562 3920 1832 3994 βασκανίᾳ
1855 3925 1912 3978 δέ
1944 3929 2037 3980 καὶ

456 3993 636 4070 φθόνῳ
656 4001 1049 4070 καταχωσθεὶς,
1075 4001 1395 4057 ἐλαττοῦται
1412 4003 1506 4056 καί
1523 4005 1808 4060 σϐέννυται
1831 4010 2032 4066 τέλεον.

466 4083 620 4135 Ἐπεὶ
651 4079 742 4137 οὖν
775 4074 1027 4137 τοσοῦτον
1058 4086 1118 4137 τὸ
1151 4085 1338 4157 κέρδος
1359 4088 1513 4157 ἡμῖν.
1548 4089 1686 4159 ὅπερ
1710 4089 1776 4142 ἂν
1801 4090 2035 4164 ἔχωμεν,

453 4165 589 4236 φέρε
617 4168 697 4229 εἰς
746 4166 909 4236 μέσον
959 4167 1316 4232 καταθέντες,
1363 4171 1543 4224 πᾶσαν
1585 4173 1713 4242 ὑμῖν
1747 4174 2036 4247 ἀποδῶμεν

451 4249 554 4320 τὴν
579 4249 821 4318 ὀφειλὴν,
863 4250 1127 4321 πρότερον
1159 4252 1569 4323 ἀναμνήσαντες
1591 4255 1686 4326 τῆς
1715 4256 2036 4326 ἀκολουθίας

451 4333 562 4386 τῶν
590 4332 919 4404 ὀφλημάτων
947 4332 1151 4386 τούτων
1183 4335 1424 4406 ἀπάσης.

527 4466 591 4536 β’.
613 4465 754 4519 Ἰστε
782 4467 956 4521 τοίνυν
985 4467 1078 4521 καὶ
1110 4467 1387 4540 μέμνησθε
1419 4468 1630 4543 πρώην,
1657 4473 1740 4526 ὃτι
1771 4477 1898 4547 περὶ
1935 4479 2034 4549 τῆς

451 4559 548 4612 τοῦ
571 4559 909 4628 Μονογενοῦς
937 4560 1092 4632 δόξης
1124 4560 1514 4632 διαλεγόμενοι,
1551 4564 1749 4630 πολλὰς
1771 4567 2032 4640 ήριθμοῦ-

456 4670 556 4723 μεν
572 4652 750 4717 αἰτίας
779 4654 879 4723 τῆς
910 4656 968 4707 ἐν
1001 4657 1115 4717 τοῖς
1157 4657 1363 4725 ῥήμασι
1403 4658 1891 4725 συγκαταϐάσεωςο
1939 4664 2030 4716 καὶ

451 4749 732 4820 ἐλέγομεν,
756 4751 837 4803 ὅτι
863 4750 924 4802 οὐ
949 4749 1110 4821 μόνον
1132 4750 1219 4804 διὰ
1246 4751 1343 4823 τὴν
1361 4753 1458 4822 τῆς
1487 4756 1687 4826 σαρκὸς
1713 4757 2028 4831 περιϐολὴν,

448 4846 571 4901 οὐδὲ
598 4845 686 4899 διὰ
716 4845 814 4918 τὴν
847 4845 1130 4901 ἀσθένειαν
1157 4846 1315 4917 μόνον
1331 4847 1440 4900 τῶν
1470 4849 1773 4905 ἀκουόντων
1800 4856 2032 4910 ταπεινὰ

449 4927 746 5014 φθέγγεται
787 4942 1045 5007 πολλάκις
1087 4947 1114 4998 6
1159 4944 1429 5016 Χριστὸς,
1469 4945 1618 5016 ἀλλὰ,
1636 4947 1905 5019 πολλαχοῦ
1939 4954 2032 5006 καὶ

447 5044 888 5114 ταπεινοφρονείν
907 5041 1195 5095 διδάσκων.
1230 5042 1530 5106 Κάκείναις
1555 5044 1653 5113 μὲν
1686 5045 1884 5110 ίκανῶς
1909 5048 2032 5101 τότε

448 5136 816 5209 ἐπεξήλθομεν
870 5141 991 5201 ταῖς
1035 5139 1256 5202 αἰτίαις,
1281 5140 1375 5192 καὶ
1411 5139 1511 5210 τῆς
1547 5141 1638 5193 ἐπὶ
1664 5142 1740 5212 τῷ
1774 5144 2029 5215 Λαςάρῳ,

448 5235 665 5306 καὶτῆς
700 5236 834 5308 πρὸς
858 5235 1008 5306 αὐτῷ
1035 5234 1114 5306 τῷ
1143 5235 1360 5307 σταυρῷ
1382 5237 1683 5309 γενομένης
1711 5239 1878 5309 εὐχῆς
1907 5259 2034 5312 μνη-

452 5331 828 5401 μονεύσαντες,
864 5333 958 5386 καί⁵
985 5331 1260 5398 δείξαντες
1287 5333 1472 5402 σαφῶς
1497 5377 1512 5400 ,
1552 5334 1635 5387 ὅτι
1665 5335 1762 5404 τὴν
1791 5336 1908 5406 μὲν,
1946 5337 2032 5390 ἵνα

449 5429 552 5501 τὴν
598 5429 907 5496 οἰκονομίαν
940 5430 1316 5500 πιστώσηται,
1377 5430 1475 5501 τὴν
1515 5431 1606 5491 δὲ,
1639 5432 1724 5484 ἵνα
1776 5432 1873 5504 τὴν
1923 5433 2032 5486 τῶν

451 5523 756 5580 ἀκουόντων
789 5524 1068 5580 ἀσθένειαν
1107 5526 1487 5599 διορθώσηται,
1537 5529 1856 5598 πεποίηκεν,
1883 5529 2035 5582 οὐδε-

453 5621 584 5692 μιᾶς
611 5620 770 5684 αὐτὸς
796 5621 1046 5692 δεόμενος
1077 5625 1350 5697 βοηθείας.
1391 5627 1512 5680 Ὅτι
1534 5625 1590 5678 δὲ
1625 5625 1796 5679 πολλά
1815 5624 1908 5679 καὶ
1930 5643 2030 5680 ταο

450 5721 821 5789 πεινοφρονεῖν
854 5718 1049 5782 αὐτοὺς
1074 5722 1338 5775 διδάσκων
1363 5723 1558 5786 ἐποίει,
1587 5723 1855 5776 καὶτοῦτο
1872 5725 2029 5778 ἄκου-

453 5834 565 5870 σον.
603 5815 832 5867 Ἐϐαλεν
870 5814 1014 5886 ὔδωρ
1040 5817 1118 5879 εἰς
1149 5823 1237 5871 τὸν
1269 5821 1535 5890 νιπτῆρα·
1579 5818 1670 5873 καί
1699 5819 1773 5883 ὡς
1795 5820 1892 5873 οὐκ
1925 5821 2025 5892 ἁρ-

1107 373 1164 429 S.
1206 371 1492 430 JOANNIS
1531 375 2026 433 CHRYSOSTOMI
2067 379 2385 438 ARCHIEP.
2427 371 2977 448 CONSTANTINOP.
3646 382 3734 437 7⁸6

2158 500 2286 553 κοῦν
2318 505 2492 563 τοῦτο.
2517 506 2595 560 ἔτι
2625 509 2718 561 καί
2733 509 2923 582 λεντίῳ
2948 509 3263 576 διεζώσατο,
3295 515 3439 584 πρὸς
3463 513 3568 584 τὴν
3584 515 3735 584 ἐσχά-

2152 611 2251 666 την
2287 598 2564 652 εὐτέλειαν
2587 603 2840 672 κατάγων
2867 605 3078 668 ἑαυτὸν,
3130 608 3224 660 καὶ
3274 608 3491 677 ἤρξατο
3536 606 3731 659 νίπτειν

2150 690 2275 752 τοὺς
2301 691 2467 755 πόδας
2497 693 2603 746 τῶν
2629 695 2905 765 μαθητῶν.
2929 698 3068 768 μετὰ
3089 699 3144 752 δέ
3175 698 3462 770 [55ητῶν
3484 698 3740 767 μαθητῶν

2151 784 2243 836 καὶ
2264 782 2356 836 τοῦ
2387 786 2644 856 προδότου
2673 790 2801 852 τοὺς
2828 791 2988 854 πόδας
3017 792 3189 861 ἐνιψε.
3209 793 3304 856 Τίς
3327 794 3436 846 οὐκ
3457 793 3531 846 ἂν
3549 792 3740 843 iaciu-

2148 876 2268 947 γεὶη
2297 879 2390 931 καὶ
2428 878 2759 949 θαυμάσειες
2785 883 2890 936 Τοῦ
2911 884 3193 953 μέλλοντος
3221 887 3388 938 αὐτὸν
3425 884 3739 956 προδιδόναι

2147 967 2322 1023 νίπτει
2346 971 2473 1034 τοὺς
2492 973 2656 1037 πόδας
2676 991 2689 1004 ο
2718 976 2814 1029 καὶ
2832 978 2925 1033 τὸν
2951 979 3156 1048 Πέτρον
3182 978 3632 1049 διακρουόμενον
3656 978 3740 1030 καὶ

2146 1061 2392 1129 λέγοντα,
2429 1066 2623 1133 Κύριε,
2664 1071 2735 1122 οὐ
2764 1067 2850 1138 μή
2877 1088 2996 1138 μου
3020 1073 3222 1140 νίψεις
3249 1072 3396 1138 τοὺς
3428 1071 3662 1135 πόδας.
3685 1074 3737 1123 οὐ

2147 1153 2502 1225 παρατρέχει,
2531 1157 2668 1210 ἀλλά
2691 1176 2821 1228 φησι
2864 1161 3001 1232 πρὸς
3037 1163 3234 1217 αὐτόν·
3279 1165 3430 1217 Ἐὰν
3449 1164 3548 1232 μὴ
3595 1164 3740 1228 νίψω

2144 1259 2260 1298 σου
2288 1245 2426 1312 τοὺς
2454 1247 2665 1315 πόδας,
2708 1251 2820 1304 οὐκ
2843 1251 3004 1320 ἔχεις
3024 1253 3206 1322 μέρος
3224 1255 3353 1323 μετ’
3375 1253 3540 1322 ἐμοῦ
3559 1271 3576 1283 ·
3613 1255 3645 1304 6
3669 1255 3735 1312 δὲ,

2146 1338 2341 1404 Κύριε,
2371 1339 2457 1407 μὴ
2492 1341 2634 1407 τοὺς
2658 1343 2846 1409 πόδας
2877 1347 3094 1412 μόνον,
3123 1348 3284 1401 ἀλλὰ
3332 1349 3438 1402 καὶ
3472 1347 3596 1410 τὰς
3628 1349 3738 1416 χεῖ-

2135 1447 2250 1496 ριις
2277 1431 2372 1484 καὶ
2408 1432 2522 1500 τὴν
2551 1436 2844 1504 κεφαλήν.
2873 1434 3024 1502 Εἶδες
3055 1439 3340 1493 εὐλάϐειαν
3393 1441 3658 1511 μαθητοῦ
3680 1443 3738 1494 δι’

2143 1524 2485 1596 ἀμφοτέρων.
2523 1529 2617 1581 καὶ
2670 1530 2758 1584 διά
2795 1532 2914 1602 τῆς·
2937 1537 3346 1605 παραιτήσεως,
3386 1543 3488 1588 καὶ
3523 1536 3620 1589 διά
3650 1539 3737 1606 τῆς

2143 1621 2624 1687 συγκαταθέσεωςς
2660 1625 2721 1676 ΕΞ
2744 1625 2852 1695 γὰρ
2880 1627 2975 1678 καί
3001 1629 3221 1682 ἐναντία
3239 1630 3306 1682 τὰ
3344 1632 3610 1700 ῥήματα,
3628 1631 3736 1683 ἀλλ’

2142 1711 2246 1763 ὐπὸ
2276 1710 2506 1785 ζεούσης
2528 1717 2810 1790 ἀμφότερα
2836 1720 3061 1792 γνώμης
3099 1723 3335 1791 ἐλέγετο.
3398 1726 3577 1795 Ὁρᾷς
3624 1726 3736 1787 τεαέ

2141 1806 2416 1875 πανταχοῦ
2451 1807 2653 1880 θερμὸς
2682 1807 2751 1882 ἦν
2790 1815 2884 1867 κεί
2911 1815 3373 1886 διεγηγερμένος;
3421 1819 3572 1871 Ἀλλ’
3603 1821 3735 1888 ὅπερ

2138 1899 2343 1967 ἔλεγον,
2381 1903 2467 1955 ἵνα
2501 1904 2574 1974 μὴ
2595 1904 2681 1958 διὰ
2706 1906 2806 1976 τὴν
2839 1907 2933 1961 τοῦ
2966 1909 3293 1981 πράγματος
3316 1913 3614 1966 εὐτέλειαν
3641 1916 3736 1983 τῆς

2139 1993 2353 2061 φύσεως
2380 1997 2667 2067 καταγνῷς
2716 2000 3015 2066 εὐτέλειαν,
3050 2004 3187 2072 μετά
3218 2005 3278 2062 τὸ
3311 2006 3469 2073 νίψαι
3506 2009 3567 2058 τί
3607 2025 3735 2075 φησι

2138 2088 2273 2159 πρὸς
2300 2090 2515 2152 αὐτοὺς.
2535 2091 2784 2144 ἄκουσοψ
2802 2093 3140 2149 Γινώσκετε
3160 2099 3218 2150 τί
3233 2100 3546 2165 πεποίηκα
3564 2101 3735 2169 ἰνμῖνε

2147 2180 2345 2247 Ὑμεῖς
2379 2181 2616 2236 καλεῖτέ
2653 2201 2752 2253 με,
2778 2187 2812 2238 ὁ
2853 2187 3089 2255 Κύριος,
3127 2191 3226 2245 καὶ
3257 2193 3290 2244 ὁ
3324 2191 3731 2258 διδάσκαλος.

2137 2273 2236 2326 καὶ
2259 2274 2457 2342 καλῶς
2487 2277 2692 2348 λέγετε
2710 2295 2725 2310 ο
2761 2279 2880 2350 εὶμί
2901 2280 3032 2351 γάρ.
3063 2285 3131 2337 Εἰ
3160 2280 3276 2339 οὖν
3300 2286 3420 2355 ἐγὼ
3454 2290 3488 2342 ό
3513 2289 3735 2357 Κύριος

2137 2367 2232 2424 καὶ
2254 2372 2286 2422 ό
2313 2368 2681 2438 διδάσκαλος
2701 2373 2884 2443 ἔνιψα
2925 2374 3094 2444 ὑμῶν
3123 2377 3266 2445 τοὺς
3294 2380 3493 2448 πόδας
3513 2424 3531 2446 ,
3583 2383 3734 2436 οὕτω

2136 2461 2236 2515 καὶ
2256 2461 2426 2530 ὑμεῖς
2453 2465 2725 2533 ὀφείλετε
2747 2467 3046 2536 ἀλλήλοις
3086 2473 3300 2527 ποιεῖν.
3363 2474 3735 2545 ’Υπόδειτμα

2136 2554 2245 2624 γὰρ
2276 2557 2470 2613 ἔδωκα
2521 2560 2684 2629 ὑμῖν,
2717 2561 2814 2616 ἵνα
2859 2563 2940 2630 ὡς
2977 2563 3094 2634 ἐγὼ
3129 2565 3396 2634 ἐποίησα
3433 2568 3611 2638 ὑμῖν,
3642 2570 3734 2624 καὶ

2134 2649 2304 2717 ὑμεῖς
2331 2651 2626 2719 ἀλλήλοις
2659 2654 2890 2724 ποιῆτε.

2216 2753 2378 2822 Ὁρᾷς
2400 2754 2480 2806 ὅτι
2506 2754 2672 2808 πολλὰ
2695 2756 3087 2829 ὐποδείγματος
3112 2759 3300 2814 ἕνεκεν
3321 2761 3527 2826 ἐποίει;
3551 2763 3736 2819 Καθά-

2136 2862 2242 2916 περ
2278 2848 2385 2915 γάρ
2410 2865 2493 2911 τις
2525 2848 2846 2914 διδάσκαλος
2883 2851 3075 2920 σοφίας
3124 2854 3580 2925 πεπληρωμένος
3613 2876 3735 2910 παι·

2135 2937 2268 3000 δίοις
2297 2937 2601 3008 ψελλίζουσι
2626 2943 2996 3013 συμψελλίζει,
3027 2945 3119 2999 καὶ
3152 2946 3178 2998 6
3201 2946 3510 3017 ψελλισμδς
3551 2951 3618 3002 οὐ
3642 2950 3736 3018 τῆς

2138 3032 2378 3101 ἀμαθίας
2417 3033 2511 3088 τοῦ
2563 3035 2907 3102 διδασκάλου,
2936 3038 3070 3093 ἀλλά
3104 3040 3204 3110 τῆς
3257 3043 3604 3113 κηδεμονίπ
3641 3043 3735 3112 τῆς

2140 3126 2275 3198 πρὸς
2301 3127 2428 3189 τοὺς
2459 3129 2652 3192 παῖδάς
2674 3131 2789 3184 ἐστι
2811 3133 3113 3204 τεκμήριον
3139 3149 3151 3162 ·
3176 3133 3321 3188 οὕτω
3345 3135 3411 3206 δὴ
3432 3138 3532 3189 καὶ
3549 3141 3581 3190 6
3604 3140 3728 3207 Χρι-

2141 3222 2264 3284 στὸς
2288 3221 2346 3274 οὐ
2371 3221 2438 3274 δι’
2476 3221 2750 3276 εὐτέλειαν
2777 3224 2877 3294 τῆς
2899 3227 3089 3291 οὐσίας
3123 3229 3298 3283 ταῦτα
3337 3233 3549 3294 ἐποίει,
3607 3234 3736 3287 ἀλλά

2139 3313 2228 3365 διὰ
2250 3313 2674 3381 συγκατάϐασιν.
2704 3317 2814 3369 Kal
2830 3317 2912 3372 δεῖ
2933 3321 3219 3394 ταῦτα-οὐχ
3234 3323 3427 3388 ἁπλῶς
3457 3327 3732 3398 παρατρέ-

2140 3425 2256 3476 χειν
2275 3424 2287 3436 ·
2324 3406 2419 3460 καὶ
2445 3407 2552 3478 γὰρ
2574 3408 2704 3462 αὐτὸ
2728 3409 2886 3463 τοῦτο
2905 3413 2953 3464 εἰ
2991 3414 3114 3467 καθ’
3143 3416 3304 3470 ἑαυτὸ
3332 3417 3434 3470 νῦν
3465 3419 3734 3484 ἐξετάσω-

2145 3517 2262 3570 μεν.
2299 3499 2400 3568 ὅρα
2439 3497 2562 3550 ὅσον
2602 3500 2802 3554 ἄτοπον
2855 3503 3065 3573 ἕψεται.
3108 3508 3172 3561 Εἰ
3199 3508 3309 3580 γὰρ
3337 3513 3367 3564 6
3395 3513 3621 3568 νίπτων
3647 3515 3732 3568 τοῦ

2139 3591 2461 3662 νιπτομένου
2513 3592 2890 3663 εὐτελέστερος
2932 3591 3071 3650 εἶναι
3114 3600 3264 3655 δοκεῖ
3292 3604 3310 3662 (
3329 3602 3453 3657 ἐστι
3480 3606 3540 3660 δὲ
3570 3607 3601 3660 6
3644 3608 3734 3678 μὲν

2141 3685 2344 3738 νίπτων
2375 3685 2402 3738 6
2430 3683 2687 3755 Χριστὸς.
2727 3686 2778 3738 οἰ
2809 3686 3049 3759 μαθηταὶ
3066 3691 3120 3744 δέ
3146 3693 3195 3746 οἰ
3231 3695 3608 3769 νιπτόμενοι),
3635 3701 3736 3770 ἄρα

2141 3777 2518 3848 εὐτελέστερος
2569 3777 2722 3831 ἔσται
2771 3779 2798 3830 ὁ
2828 3780 3061 3850 Χριστὸς
3094 3785 3201 3838 τῶν
3253 3788 3550 3859 μαθητῶν.
3601 3794 3733 3847 Ἀλλ’

2140 3871 2312 3933 οὐδεὶς
2346 3870 2412 3923 ἂν
2443 3871 2604 3923 τοῦτο
2648 3871 2768 3924 οὐδέ
2799 3873 3121 3944 μαινόμενος
3158 3879 3324 3936 εῖποι.
3387 3882 3565 3953 Ὁρᾷς
3616 3887 3734 3939 ὅσον

2141 3964 2257 4016 ἐστὶ⁵
2314 3963 2483 4016 κακὸν
2535 3961 2634 4026 τὰς
2685 3965 2866 4029 αἰτίας
2919 3966 3154 4035 ἀγνοεῖν.
3206 3970 3275 4024 δι’
3310 3972 3378 4037 ἃς
3435 3976 3466 4027 6
3497 3977 3733 4046 Χριστδς

2141 4056 2314 4109 ἐποίει
2348 4056 2526 4110 πάντα
2565 4055 2709 4127 ἅπερ
2751 4058 2954 4122 ἐποίεις
2991 4061 3207 4115 Μᾶλλον
3223 4064 3278 4117 δέ
3307 4066 3576 4134 βλέπεις.
3615 4073 3733 4125 ὅσον

2140 4150 2289 4203 ἐστὶν
2324 4148 2525 4216 ἀγαθὸν
2554 4149 2731 4203 πάντα
2766 4153 2903 4221 μετὰ
2944 4155 3234 4225 ἀκριϐείας
3274 4159 3591 4224 ἐξετάζειν,
3646 4166 3732 4218 καὶ

2143 4243 2216 4314 μὴ
2245 4243 2453 4306 ἁπλῶς.
2489 4243 2570 4295 ὅτι
2593 4237 2714 4295 εἶπέ
2740 4261 2791 4297 τι
2818 4247 3118 4319 ταπεινὸνῆ
3148 4249 3433 4321 ἐποίησεν,
3472 4255 3618 4309 ἀλλὰ
3643 4258 3732 4310 καί

2137 4337 2281 4398 τίνος
2302 4335 2488 4389 ἕνεκεν
2520 4335 2614 4388 καὶ
2649 4335 2810 4389 διὰτί
2848 4341 3226 4409 προστιθέναι;
3263 4345 3378 4397 Οὐκ
3407 4349 3730 4403 ἐνταῦθαδέ

2143 4432 2301 4503 μόνον
2351 4427 2510 4481 τοῦτο
2562 4428 2834 4498 ἐποίησεν,
2889 4431 3026 4484 ἀλλά
3058 4436 3151 4488 καί
3199 4436 3443 4507 ἀλλαχοῦ
3493 4441 3561 4494 τὸ
3606 4443 3730 4496 αὐτὸ

2137 4525 2295 4582 τοῦτο
2319 4522 2556 4594 ᾐνίξατο.
2584 4522 2768 4576 Εἰπὼν
2805 4524 2934 4596 γὰρ,
2973 4526 3070 4593 Τίς
3092 4527 3223 4582 ἐστι
3245 4531 3494 4598 μείζων,
3524 4539 3560 4589 ὁ
3594 4539 3728 4590 ἀνα.

2140 4618 2433 4685 κείμενος,
2471 4614 2509 4680 ἣ
2545 4617 2577 4666 o'
2610 4614 2939 4681 διακονῶν;
2969 4619 3270 4691 ἐπήγαγεν,
3303 4626 3461 4694 οὐχι
3512 4631 3548 4682 δ
3589 4631 3725 4683 ἀνα-

2139 4709 2411 4777 κείμενος
2437 4722 2452 4766 ;
2499 4706 2640 4774 Ἐγὼ
2667 4706 2737 4760 δέ
2767 4710 2882 4777 εἰμι
2913 4709 2978 4762 ἑν
3004 4711 3176 4778 μέσῳ
3199 4713 3390 4782 ὑμῶν,
3437 4719 3526 4785 ὡς
3547 4723 3584 4774 ό
3610 4722 3724 4774 δεσ-

2140 4798 2354 4855 πονῶν.
2379 4797 2490 4850 Καὶ
2521 4796 2678 4850 τοῦτο
2700 4796 2756 4849 δὲ
2787 4794 2929 4860 εἶπε,
2961 4801 3183 4856 κάκεῖνο
3214 4806 3476 4877 ἐποίησε,
3519 4813 3725 4876 δεικνὺς

2138 4894 2217 4946 ὅτι
2248 4891 2514 4961 πολλαχοῦ
2570 4890 2638 4944 τὰ
2668 4891 2921 4947 ἐλάττονα
2968 4894 3204 4964 ἁρπάζει
3253 4899 3338 4962 εξς
3377 4899 3724 4958 διδασκαλίῃ

2137 4987 2244 5039 τῶν
2275 4984 2549 5055 μαθητῶν.
2581 4985 2890 5056 μετριάζειν
2913 5005 2971 5038 τε
2997 4988 3131 5059 ὁμοῦ
3157 4990 3361 5045 πείθων
3381 4996 3726 5061 αὐτοῦς.1ῖα“ι

2136 5077 2292 5147 δῆλον
2321 5077 2402 5129 ὃτι
2423 5076 2483 5128 οὐ
2513 5077 2600 5129 διὰ
2632 5078 2691 5129 τὸ
2717 5077 2816 5146 τῆς
2841 5077 3056 5147 φύσεως
3107 5082 3566 5156 καταδεέστερον,
3602 5088 3725 5142 ἀλλὰ

2137 5171 2224 5224 διὰ
2253 5170 2352 5238 τὴν
2382 5169 2606 5222 ἐκείνων
2625 5169 2976 5224 διδασκαλίαν
3012 5172 3184 5226 ταῦτα
3223 5175 3408 5230 πάντα
3451 5181 3720 5251 ἀνέχεται.

2136 5262 2249 5319 Kal
2296 5261 2403 5332 γὰρ
2433 5261 2665 5332 ἀλλαχοῦ
2711 5280 2906 5334 φησιν⁹
2939 5269 3001 5319 Οἱ
3043 5265 3334 5338 ἄρχοντες
3384 5273 3516 5326 τῶν
3545 5273 3718 5330 ἐθνῶν

2135 5355 2675 5423 κατακυριεύουσιν
2722 5356 2938 5417 αὐτῶν,
2977 5361 3136 5427 παρὰ
3167 5360 3235 5413 δὲ
3262 5364 3413 5431 ὑμῖν
3465 5370 3588 5437 οὐχ
3633 5367 3720 5419 οὗ-

2134 5463 2250 5512 τως
2269 5463 2282 5476 ·
2320 5447 2460 5500 ἀλλ’
2487 5448 2520 5500 ό
2566 5447 2758 5502 θέλων
2791 5448 2862 5501 ἐν
2893 5449 3034 5519 ὑμῖν
3063 5447 3216 5505 εἶναι
3250 5455 3521 5522 πρῶτος,
3581 5459 3720 5512 ἔστω

2137 5535 2379 5590 πάντων
2407 5535 2704 5604 διάκονος.
2730 5539 2841 5592 Kal
2867 5541 2972 5612 γὰρ
3009 5541 3071 5595 Ὃ
3107 5543 3238 5608 Υἱὸς
3266 5547 3379 5600 τοῦ
3405 5549 3716 5619 ἀνθρώπια*

2138 5632 2249 5684 οὐκ
2278 5625 2428 5700 ἦλθε
2447 5630 2897 5700 διακονηθῆναι,
2932 5635 3094 5689 ἀλλὰ
3121 5636 3516 5706 διακονῆσαι.
3551 5645 3610 5698 Εἰ
3628 5643 3718 5695 τοί.

2136 5739 2231 5776 νυν
2267 5723 2588 5794 διακονῆσαι
2624 5720 2755 5794 ἦλθε
2790 5726 2885 5779 καί.
2927 5731 3440 5805 ταπεινοφροσύνην
3495 5736 3711 5800 διδάξαι,

2137 5818 2213 5890 μὴ
2261 5819 2511 5892 θορυϐοῦ,
2568 5821 2701 5893 μηδέ
2733 5825 3061 5890 κατάπιπτε,
3101 5828 3149 5879 εἰ
3197 5827 3265 5880 τὰ
3314 5829 3431 5883 τῶν
3463 5829 3708 5885 anim?
