3868 6310
116 401 201 453 Τεὸ

112 512 219 583 quid
257 504 687 564 de‘facultatibus
720 524 732 559 :
766 508 846 560 sin
885 514 1059 561 autem
1100 505 1163 560 ad
1208 520 1395 559 omnes
1424 503 1661 568 efferam,

112 604 392 671 multosque
428 608 706 653 consortes
736 613 799 651 ac
836 597 1115 666 participes
1146 596 1352 659 faciam,
1387 594 1512 649 mihi
1536 594 1668 647 divi-

116 699 188 750 tize
216 694 512 763 spirituales
555 700 833 762 augentur.
880 695 1051 759 Atque
1096 690 1207 742 hinc
1245 688 1313 741 ita
1355 703 1412 741 se
1448 685 1664 747 habere,

111 800 322 854 eumque
347 784 433 851 qui
462 785 668 835 caeteris
695 782 1076 843 communicat,
1116 779 1412 846 depositum
1437 792 1665 845 angere;

112 881 186 949 qui
208 892 329 930 vero
356 875 650 935 abscondit,
680 883 940 942 quaestum
967 886 1179 925 omnem
1206 871 1545 934 imminuere,
1586 875 1669 920 tv-

110 981 208 1023 stes
232 975 351 1022 sunt
380 966 475 1028 illi,
501 965 690 1034 quibus
723 964 931 1018 fuerant
960 964 1152 1015 talenta
1179 961 1483 1026 Commissa,
1518 961 1559 1012 is
1586 959 1670 1012 cui

100 1062 349 1130 quinque,
384 1058 428 1111 is
453 1058 536 1110 cui
564 1058 689 1119 duo,
722 1067 775 1109 et
804 1054 848 1108 is
872 1054 955 1108 cui
988 1070 1171 1106 ttnum.
1204 1052 1306 1106 Alii
1333 1051 1472 1104 enim
1502 1050 1673 1118 dupli-

108 1163 215 1208 cata
245 1151 603 1221 proferebant,
631 1167 747 1218 quae
776 1149 876 1202 sibi
907 1148 1105 1202 credita
1141 1147 1365 1211 fuerant,
1396 1158 1449 1201 et
1478 1146 1674 1199 idcirco

110 1245 392 1300 honoribus
419 1243 790 1297 afficiebantur
821 1239 1031 1313 (Matth.
1057 1240 1146 1294 ‘25.
1173 1240 1260 1310 15)
1294 1257 1307 1293 :
1340 1239 1473 1292 alius
1500 1248 1673 1291 autem

110 1338 235 1403 apud
272 1351 331 1390 se
371 1336 621 1397 servavit,
664 1349 761 1387 nec
793 1334 880 1387 ulli
910 1332 1344 1394 communicavit,
1376 1347 1545 1399 neque
1576 1331 1674 1381 du-

109 1431 243 1496 plum
274 1425 498 1479 reddere
525 1424 715 1489 valuit,
744 1435 902 1493 atque
932 1423 1128 1476 idcirco
1170 1422 1382 1491 punitus
1418 1433 1514 1475 est.
1555 1422 1678 1473 llzt‘c

111 1522 260 1588 igitur
289 1518 565 1572 audientes
595 1531 802 1583 omnes,
833 1526 885 1570 et
916 1515 1054 1585 quod
1085 1516 1207 1569 inde
1236 1514 1549 1585 supplicium
1583 1514 1679 1566 im-

109 1613 269 1664 minet
316 1610 743 1673 reformidantes,
794 1608 931 1678 quod
965 1622 1127 1677 penes
1156 1623 1254 1660 nos
1284 1606 1443 1660 fuerit
1483 1606 1676 1658 bonum

112 1707 157 1756 in
192 1703 379 1756 fratres
409 1700 776 1763 conferamus,
822 1710 875 1753 et
910 1700 962 1752 in
1007 1698 1237 1751 medium
1280 1697 1525 1750 omnibus
1557 1713 1679 1764 per-

108 1797 392 1860 Solvamns,
416 1808 588 1862 neque
614 1790 985 1847 rccondamus.
1010 1788 1139 1843 Cum
1166 1792 1309 1842 enim
1334 1804 1454 1841 cum
1476 1788 1683 1841 czeteris

109 1887 591 1949 communicamus,
635 1894 748 1938 tum
789 1883 1016 1951 amplius
1046 1882 1143 1951 ipsi
1179 1880 1485 1935 ditescimus
1517 1898 1530 1933 :
1563 1895 1682 1934 cura

109 1981 396 2049 participes
417 1978 549 2032 lucri
575 1977 767 2032 multos
791 1976 1031 2038 facimus,
1053 1984 1159 2029 tum
1186 1974 1457 2028 facultates
1478 1984 1686 2027 n0stras

108 2086 381 2142 augemus.
412 2070 569 2138 Atqui
616 2068 778 2122 minui
808 2067 1027 2147 gloriam
1071 2077 1211 2119 tuam
1240 2063 1534 2127 arbitraris,
1563 2079 1683 2116 cum

109 2172 164 2216 tu
209 2176 273 2216 ea
327 2160 463 2214 nosti
506 2173 625 2212 cum
672 2157 874 2219 multis,
917 2172 1035 2225 qua:
1080 2156 1225 2209 solus
1254 2168 1478 2208 noveras
1518 2169 1530 2205 :
1579 2153 1686 2205 imo

106 2269 236 2307 vero
281 2261 392 2304 tum
431 2260 655 2319 augetur
682 2248 848 2316 gloria
872 2290 887 2311 ,
916 2258 969 2301 et
1007 2246 1202 2301 utilitas
1230 2258 1313 2298 tua
1335 2284 1351 2311 ,
1390 2259 1510 2299 cum
1550 2242 1687 2296 invi-

105 2347 247 2399 diam
273 2344 568 2413 proculeas,
607 2357 726 2396 cum
755 2341 975 2395 livorem
1000 2339 1309 2409 exstinguis,
1341 2353 1462 2392 cum
1490 2338 1689 2391 amoris

108 2438 156 2490 in
188 2437 386 2489 fratres
413 2433 683 2503 egregium
711 2432 977 2501 specimen
1023 2430 1156 2484 edis.
1187 2429 1337 2497 Quod
1366 2429 1411 2483 si
1454 2428 1598 2482 solus
1637 2426 1687 2487 id

101 2526 285 2578 sciens
312 2523 645 2587 obambules,
675 2521 914 2575 homines
936 2520 1146 2591 quidem
1179 2528 1228 2573 te
1258 2529 1523 2588 tamquam
1559 2518 1693 2571 invi-

99 2618 228 2669 dum
256 2625 315 2669 et
345 2614 566 2668 fratrum
595 2629 805 2668 osorem
839 2614 1255 2676 aversabantur,
1284 2621 1337 2666 et
1370 2612 1493 2666 odio
1524 2610 1691 2665 liabe-

100 2707 235 2759 bunt
270 2723 285 2758 :
326 2706 464 2759 Deus
500 2713 675 2758 autem
715 2715 961 2774 tanquam
1011 2704 1077 2757 ab
1115 2702 1356 2772 improbo
1394 2711 1688 2756 extremum

97 2800 430 2869 supplicium
458 2799 654 2867 exiget.
680 2797 879 2852 Prmter
904 2797 1019 2849 hmc
1044 2804 1220 2849 autem
1253 2796 1363 2863 ipsa
1394 2795 1550 2848 etiam
1572 2810 1693 2864 gra-

101 2895 169 2945 tia
200 2891 493 2945 confestim
526 2889 723 2943 nudum
754 2900 803 2943 te
824 2888 1195 2957 derelinquens
1221 2886 1453 2956 aufugiet
1485 2904 1498 2939 :
1526 2902 1695 2956 quan-

95 2986 395 3053 doquidem
446 2982 768 3036 frumentum
816 2995 1027 3050 quoque
1056 2980 1099 3032 si
1131 2994 1342 3048 semper
1386 2979 1435 3031 in
1486 2978 1695 3032 horreis

93 3078 169 3130 sit
214 3075 559 3130 reconditum
582 3115 596 3138 ,
629 3073 957 3127 Consumitur
977 3113 990 3134 ,
1021 3087 1140 3125 cum
1170 3086 1199 3123 a
1232 3072 1369 3123 tinea
1396 3070 1650 3123 exedatur
1679 3086 1692 3123 :

92 3170 137 3221 si
172 3182 316 3221 vero
348 3167 607 3235 prolatum
639 3164 781 3219 foras
809 3165 859 3217 in
888 3178 1012 3217 arva
1038 3170 1343 3232 spargatur,
1375 3161 1693 3231 multiplica-

92 3271 183 3313 tur
230 3273 565 3327 rursumque
606 3266 895 3310 renovatur
928 3272 941 3309 ε
979 3255 1049 3307 ita
1090 3268 1266 3307 sermo
1296 3267 1503 3322 quoque
1538 3251 1697 3321 spiri-

88 3352 295 3416 tualis,
347 3351 396 3404 si
443 3365 658 3419 semper
701 3351 839 3402 intus
886 3345 1264 3410 concludatur,
1307 3345 1431 3397 dum
1477 3342 1695 3410 invidia,

91 3452 363 3511 torpore,
400 3456 459 3493 ac
496 3440 614 3494 tabe
641 3438 997 3507 corrumpitur
1016 3479 1030 3503 ,
1060 3445 1111 3489 et
1140 3435 1471 3489 consumitur
1498 3435 1695 3499 anima,

85 3534 202 3585 cito
227 3531 602 3599 eXstinguitur
627 3547 640 3583 :
666 3529 744 3583 sin
767 3538 941 3582 autem
966 3535 1229 3595 tamquam
1252 3526 1303 3579 in
1329 3541 1510 3579 arvum
1532 3524 1701 3580 fertile
1746 3544 1747 3547 ‘

86 3624 141 3676 in
172 3625 406 3677 animas
437 3622 654 3677 fratrum
684 3622 1040 3690 dispergatur,
1082 3621 1149 3673 ita
1182 3619 1238 3672 fit
1265 3628 1323 3673 ut
1350 3628 1403 3673 et
1428 3619 1493 3673 iis
1519 3635 1548 3672 a
1579 3618 1700 3688 qui-

81 3714 191 3768 bus
222 3713 533 3781 suscipitnr
560 3723 613 3767 et
637 3712 699 3767 iis
728 3727 757 3764 a
786 3711 977 3780 quibus
1008 3710 1308 3780 possidetur
1330 3709 1704 3778 multiplicetur

85 3805 429 3859 thesaurus.
469 3804 536 3857 Et
564 3802 1006 3873 quemadmodum
1039 3800 1156 3855 fons
1176 3843 1191 3867 ,
1223 3808 1289 3854 ex
1318 3816 1424 3870 quo
1452 3800 1705 3871 frequen-

82 3908 172 3952 ter
207 3896 496 3957 hauritur,
533 3896 711 3964 purior
741 3893 817 3959 fit,
849 3904 900 3948 et
927 3894 1191 3962 cepiosius
1217 3894 1453 3956 scaturit,
1486 3893 1702 3947 obtura-

78 3998 173 4041 tus
201 4004 352 4042 vero
381 3986 693 4052 destruitur,
721 3986 798 4040 sic
827 3986 1097 4041 et-donum
1130 3984 1421 4054 spirituale,
1448 3999 1511 4038 ac
1530 3998 1706 4038 sermo

77 4081 406 4143 doctrinae,
438 4079 481 4132 si
513 4078 817 4147 frequenter
846 4076 1137 4141 hauriatur,
1163 4085 1215 4130 et
1242 4075 1562 4129 hauriendus
1592 4077 1709 4145 qni-

78 4174 287 4227 busvis
340 4179 677 4240 cxponatur,
723 4170 938 4224 uberius
980 4176 1163 4223 manat
1208 4185 1221 4222 :
1263 4167 1459 4221 invidia
1490 4184 1617 4221 vero
1656 4176 1710 4221 et

74 4265 265 4317 livore
302 4276 638 4330 suppressus
677 4259 967 4325 minuitur,
1000 4273 1063 4312 ac
1092 4257 1304 4311 tandem
1334 4258 1705 4327 exstinguitur.

73 4355 338 4424 Quando
390 4354 549 4421 igitur
590 4361 731 4405 tanta
778 4351 931 4405 nobis
973 4349 1093 4405 inde
1133 4350 1329 4403 utilitas
1369 4351 1571 4416 oritur,
1614 4366 1710 4419 age

70 4448 232 4517 quod
265 4447 328 4499 iu
367 4454 555 4498 nostra
580 4452 840 4513 potestate
864 4446 1022 4497 situm
1048 4442 1226 4508 fuerit,
1251 4444 1302 4496 in
1324 4443 1555 4496 medium
1579 4442 1706 4495 affe-

70 4554 309 4602 ramus,
349 4545 635 4606 totumque
658 4536 809 4590 vobis
836 4536 1068 4589 debitum
1097 4536 1453 4596 exsolvamus,
1486 4536 1529 4589 si
1566 4538 1711 4605 prius

70 4642 268 4687 totum
325 4630 640 4684 debitorum
686 4629 906 4683 istorum
951 4628 1195 4683 ordinem
1228 4628 1374 4682 vobis
1416 4628 1468 4682 in
1514 4645 1715 4683 memo-

70 4728 225 4779 riam
261 4719 743 4777 revocaveritnus.

152 4816 216 4869 2.
271 4813 465 4867 Scitis
492 4826 618 4882 ergo
654 4827 715 4864 ac
745 4810 1083 4872 meministis,
1116 4826 1284 4881 nuper
1313 4825 1409 4863 nos
1436 4810 1504 4864 de
1531 4810 1712 4878 unigeo

70 4910 178 4962 niti
214 4906 427 4977 gloria
461 4903 784 4957 disserentes
822 4903 1002 4972 plures
1028 4900 1495 4955 condescensionis
1525 4900 1575 4953 in
1604 4914 1721 4953 ver-

71 5003 164 5056 bis
199 5012 439 5056 causas
468 5010 810 5051 enumerasse
848 5010 952 5048 :ac
996 4995 1194 5047 dixisse
1234 5008 1330 5047 nos
1370 5009 1475 5047 non
1519 5003 1717 5047 tantum

69 5096 146 5147 ob
179 5090 407 5147 cat-Ms
440 5088 717 5153 amictum,
746 5102 916 5157 neque
947 5096 1160 5155 propter
1189 5086 1543 5140 infirmitatem
1573 5084 1721 5139 audi-

74 5197 283 5237 torum
320 5188 548 5234 tantum
570 5194 713 5245 smpe
733 5178 999 5233 Christum
1032 5177 1301 5230 humiliter
1326 5175 1486 5244 loqui,
1515 5192 1722 5230 verum-

70 5276 263 5328 etiam
306 5268 519 5325 multis
557 5268 608 5321 in
658 5268 822 5331 locis,
852 5265 993 5337 quod
1035 5275 1089 5320 et
1131 5265 1476 5320 humilitatem
1518 5266 1721 5320 doceat.

71 5369 283 5436 Atque
319 5362 464 5415 illas
492 5359 703 5429 quidem
733 5373 922 5412 causas
966 5359 1093 5412 satis
1139 5366 1248 5411 tum
1295 5357 1597 5427 persequuti
1634 5374 1725 5412 su-

72 5474 237 5521 mus,
277 5464 349 5509 et
387 5450 561 5511 illius,
590 5466 748 5518 quam
777 5466 869 5517 pro
903 5449 1135 5514 Lazaro,
1163 5456 1217 5501 et
1241 5448 1459 5502 alterius
1488 5463 1644 5517 quam
1677 5449 1726 5501 in

71 5552 202 5619 ipsa
254 5558 462 5601 cruce
490 5542 713 5605 obtulit,
744 5540 999 5595 orationis
1038 5541 1346 5594 memoriam
1377 5539 1725 5602 refricuimns,

73 5655 129 5693 rt
160 5634 577 5696 ostendimus,
614 5633 748 5686 hanc
775 5633 987 5700 quidem
1018 5630 1134 5684 ideo
1165 5629 1330 5684 fusam
1361 5646 1499 5698 esse,
1540 5640 1595 5684 ut
1618 5630 1729 5684 dis-

74 5726 483 5803 pensationis
523 5723 572 5774 in
617 5738 776 5776 rarne
806 5722 937 5775 ﬁdes
965 5721 1362 5784 adstruerctur,
1402 5721 1543 5774 illam
1571 5736 1730 5788 vero,

73 5839 141 5881 ut
164 5821 534 5879 auditorum
557 5813 903 5868 imbecillitati
918 5812 1239 5877 consuleret,
1258 5827 1378 5867 cum
1400 5812 1510 5881 ipse
1532 5827 1733 5883 nequa-

898 393 985 449 m:
1022 385 1286 449 cnmsrt
1327 362 1679 457 essemus,
1719 389 1989 445 comas
2029 390 2401 448 ANOMOEOS.
2444 392 2509 447 χ.

3236 383 3337 440 786

1773 520 1928 574 quam
1960 507 2157 558 auxilio
2197 508 2475 575 indigeret.
2520 508 2685 563 Porro
2728 512 2888 565 multa
2931 511 3062 566 facta
3094 515 3249 568 etiam
3278 516 3346 572 ab

1775 611 1841 651 eo
1871 598 2054 654 fuisse.
2079 609 2137 651 ut
2163 598 2510 653 humilitatem
2542 601 2660 655 illos
2680 603 2918 668 doceret,
2939 605 3056 658 andi
3089 623 3204 675 quae
3226 622 3348 675 pro-

1773 687 1918 741 bent.
1949 690 2151 757 Aquam
2182 690 2325 743 misit
2355 691 2403 743 in
2437 691 2650 759 pelvim,
2680 702 2733 746 et
2759 697 2906 761 quasi
2937 695 3033 749 hoc
3065 714 3167 751 non
3195 698 3348 751 suffi-

1774 787 1916 831 ceret
1937 819 1950 843 ,
1996 777 2169 832 adhuc
2194 789 2247 833 et
2276 779 2439 835 linteo
2468 796 2526 835 se
2556 785 2847 850 praecinxit,
2879 785 2943 838 ad
2974 799 3262 841 extremam
3290 803 3350 843 se

1776 867 2033 936 ἀμμώδεις
2062 870 2337 935 vilitatem,
2360 886 2422 924 ac
2445 872 2819 943 discipulorum
2855 877 3012 944 pedes
3043 880 3217 933 lavare
3242 895 3351 933 cre-

1776 957 1887 1026 pit,
1933 972 1984 1012 et
2028 976 2147 1014 cum
2192 961 2463 1031 discipulis
2504 966 2662 1017 etiam
2705 966 2987 1033 proditoris
3026 970 3187 1039 pedes
3228 971 3351 1024 lavit

1779 1050 1973 1117 (Joan.
2000 1053 2083 1106 l5.
2112 1054 2160 1106 4.
2185 1053 2273 1124 5).
2306 1054 2433 1121 Quis
2474 1073 2579 1110 non
2622 1058 2959 1127 obstupescat
2994 1072 3045 1115 et
3090 1066 3358 1118 miretur?

1781 1142 1928 1210 Ejus,
1959 1147 2044 1214 qui
2072 1148 2376 1215 proditurus
2407 1148 2550 1203 illum
2581 1163 2727 1214 erat,
2768 1153 2929 1222 pedes
2960 1155 3135 1221 lavat,
3175 1167 3228 1211 et
3258 1159 3354 1212 Pe-

1781 1243 1958 1299 trum,
1999 1239 2087 1306 qui
2132 1241 2407 1294 recusabat
2437 1257 2498 1295 ac
2541 1243 2781 1307 diccbat,
2813 1243 3059 1307 Domine,
3093 1265 3194 1302 non
3233 1250 3355 1302 mihi

1781 1326 1969 1379 lavabis
2007 1330 2155 1397 pedes
2209 1329 2319 1399 (Ib.
2363 1348 2409 1384 v.
2438 1333 2491 1386 6.
2517 1334 2568 1387 8.
2594 1334 2669 1405 9),
2722 1352 2827 1389 non
2882 1318 3110 1402 omittit,
3150 1341 3241 1394 sed
3282 1344 3357 1393 ait

1782 1419 1854 1472 illi
1888 1438 1900 1471 :
1932 1420 1993 1473 Si
2031 1439 2128 1475 non
2158 1425 2323 1478 lavero
2353 1428 2503 1495 pedes
2533 1438 2679 1495 tuos,
2710 1447 2808 1483 non
2838 1432 2986 1485 habes
3025 1444 3218 1501 partem
3246 1452 3353 1487 nte-

1780 1529 1893 1565 rum
1921 1529 1939 1566 :
1973 1522 2081 1567 tum
2113 1516 2226 1571 ille.
2261 1516 2484 1581 Domine,
2498 1537 2596 1573 non
2638 1530 2830 1574 tantum
2862 1526 3031 1592 pedes,
3061 1525 3149 1578 sed
3175 1537 3220 1579 et
3244 1543 3356 1579 ma-

1783 1620 1876 1656 nus
1902 1615 1946 1658 et
1976 1617 2144 1675 caput.
2188 1607 2348 1662 Vides
2390 1610 2438 1662 in
2481 1610 2563 1663 his
2600 1612 2806 1666 duobus
2834 1616 3076 1683 discipuli
3108 1633 3355 1672 reveren—

1787 1694 1932 1756 tiam,
1979 1705 2035 1751 et
2077 1698 2126 1751 in
2166 1702 2496 1755 recusatione
2537 1713 2591 1756 et
2634 1705 2682 1757 in
2713 1708 2984 1760 assensu?
3028 1708 3173 1762 Licet
3214 1712 3354 1764 enim

1785 1788 2047 1839 contraria
2070 1789 2173 1841 sint
2194 1792 2372 1849 verba.
2398 1803 2629 1847 attamen
2653 1810 2759 1862 pra:
2785 1798 2946 1850 nimio
2969 1797 3176 1855 fervore
3195 1801 3360 1856 animi

1789 1886 2067 1945 utrumque
2110 1881 2369 1947 prolatum
2402 1892 2499 1936 est.
2537 1883 2695 1939 Vides
2737 1896 2791 1939 ut
2836 1888 3030 1957 ubique
3073 1890 3277 1945 fervens
3308 1902 3360 1944 et

1787 1968 2013 2039 diligens
2039 1973 2221 2025 esset?
2252 1973 2464 2037 Verum,
2490 1986 2545 2027 ut
2571 1977 2749 2031 dicere
2793 1995 3127 2047 occeperam,
3156 1998 3222 2036 ne
3242 1999 3364 2052 pro-

1791 2070 1906 2127 pter
1951 2061 2022 2114 rei
2054 2062 2341 2127 vilitatem,
2384 2065 2475 2119 tibi
2519 2066 2568 2119 in
2610 2069 2965 2137 suspicionem
2994 2072 3207 2128 vilitatis
3250 2075 3365 2144 ejus

1791 2163 1978 2205 natura
2019 2154 2271 2217 veniret,
2301 2166 2576 2225 postquam
2622 2174 2806 2214 eorum
2847 2160 2973 2215 lavit
3014 2163 3213 2233 pedes,
3243 2168 3364 2220 andi

1790 2241 1911 2310 quid
1943 2243 2019 2295 eis
2048 2243 2267 2299 dixorit.
2300 2246 2452 2301 Scitis
2479 2249 2601 2319 quid
2627 2253 2828 2319 fecerint
2855 2253 3030 2306 vobis?
3065 2253 3160 2308 Vos
3180 2259 3366 2311 vocatis

1791 2350 1898 2397 me,
1933 2333 2146 2388 Domine
2169 2352 2228 2389 ac
2256 2337 2498 2408 Magister
2516 2380 2531 2404 ,
2561 2350 2607 2392 et
2637 2340 2756 2394 bene
2783 2343 2946 2396 dicitis
2973 2361 2993 2398 :
3021 2360 3133 2398 sum
3162 2354 3362 2400 etenim.

1794 2426 1855 2478 Si
1893 2443 2011 2496 ergo
2051 2444 2141 2497 ego
2184 2428 2282 2481 lavi
2322 2430 2471 2497 pedes
2505 2441 2690 2485 vestros
2728 2431 2977 2488 Dominus
3015 2452 3074 2487 ac
3105 2435 3366 2506 Magister,

1795 2516 1866 2568 ita
1894 2527 1939 2569 et
1968 2534 2050 2571 vos
2077 2518 2255 2572 debitis
2282 2521 2416 2574 vobis
2441 2524 2648 2575 invicem
2688 2528 2873 2594 facere.
2907 2526 3211 2596 Exemplum
3238 2532 3370 2584 enim

1793 2608 1910 2662 dedi
1936 2610 2097 2674 vobis,
2128 2620 2183 2663 ut
2221 2613 2643 2679 quemadmodum
2668 2631 2760 2685 ego
2790 2616 2888 2686 feci
2912 2619 3046 2672 vobis
3066 2659 3082 2685 ,
3111 2620 3182 2673 ita
3211 2630 3259 2675 et
3285 2637 3372 2675 vos

1792 2700 1999 2754 invicem
2030 2701 2224 2770 faciatis
2254 2699 2360 2771 (Ib.
2389 2721 2437 2758 v.
2462 2704 2674 2775 12-15).

1871 2790 1937 2845 Ut
1985 2792 2140 2846 bonus
2181 2794 2419 2863 magister
2464 2792 2671 2849 balbutit
2717 2796 2969 2851 nobiscum
3013 2798 3261 2855 Christus.
3303 2833 3374 2845 -

1798 2881 1957 2936 Vides
1987 2882 2053 2936 ab
2080 2898 2145 2936 eo
2182 2886 2342 2936 multa
2385 2899 2502 2939 esse
2546 2885 2714 2950 facta,
2759 2897 2819 2942 ut
2856 2893 3154 2957 exemplum
3200 2895 3371 2952 daret.

1797 2973 1926 3027 Nam
1958 2975 2402 3044 quemadmodum
2435 2978 2688 3047 sapientia
2722 2982 2880 3035 multa
2911 2984 3161 3051 prmditus
3204 2989 3372 3058 magi-
3450 3010 3457 3021 ·

1797 3073 1908 3119 ster
1932 3082 2050 3119 cum
2082 3066 2493 3123 balbutientibus
2524 3071 2760 3138 puerulis
2790 3071 3031 3139 balbutit,
3064 3092 3235 3146 neque
3264 3078 3376 3132 bal-

1799 3159 1971 3212 buties
2004 3160 2237 3229 magistri
2287 3160 2824 3235 inscitiam'indicat,
2872 3166 2963 3221 sed
3012 3180 3267 3236 quantum
3308 3170 3377 3226 de

1801 3250 2034 3317 puerulis
2060 3252 2127 3304 sit
2161 3251 2453 3317 sollicitus;
2497 3254 2574 3307 sic
2605 3254 2851 3309 nimirum
2878 3266 2932 3311 et
2969 3258 3242 3325 Christus,
3272 3276 3375 3315 non

1800 3342 1869 3394 ob
1894 3357 2003 3395 suae
2034 3350 2235 3395 naturae
2264 3343 2517 3397 vilitatem
2548 3343 2665 3400 h:ec
2689 3346 2898 3415 agebat,
2941 3349 3036 3403 sed
3074 3351 3144 3405 ob
3176 3352 3376 3405 conde-

1801 3432 2155 3487 scensionem.
2175 3434 2346 3501 Atque
2369 3434 2482 3488 lucc
2501 3450 2604 3489 non
2624 3446 2825 3492 temere
2843 3448 2967 3493 sunt
2988 3442 3375 3509 praetereunda.

1802 3522 1932 3576 Nam
1961 3534 2014 3579 et
2041 3524 2141 3578 hoc
2168 3525 2339 3593 ipsum
2360 3566 2374 3589 ,
2403 3526 2446 3578 si
2475 3541 2715 3581 seorsum
2742 3529 2810 3583 ab
2838 3529 2954 3583 aliis
2980 3544 3008 3583 a
3034 3532 3188 3586 nobis
3213 3547 3378 3587 excu-

1806 3616 1986 3681 tiatur,
2014 3615 2131 3669 vide
2157 3625 2351 3686 quanla
2379 3617 2679 3671 absurditas
2708 3618 2829 3672 hinc
2854 3630 3120 3689 sequatur.
3152 3621 3207 3677 Si
3235 3624 3379 3677 enim

1806 3705 1851 3759 is
1878 3707 1968 3775 qui
2000 3706 2155 3770 lavat,
2186 3722 2251 3761 eo
2280 3708 2367 3775 qui
2410 3708 2611 3761 lavatur
2638 3709 2796 3763 vilior
2835 3719 2889 3764 et
2931 3711 3147 3766 inferior
3171 3713 3380 3769 videtur

1805 3811 1923 3850 esse
1953 3794 2222 3867 (caeterum
2250 3798 2337 3867 qtti
2370 3798 2508 3851 lavat
2532 3798 2773 3854 Christus
2793 3810 2894 3865 est,
2922 3809 2978 3855 et
3005 3802 3268 3874 discipuli,
3291 3807 3380 3875 qui

1809 3886 2115 3957 lavantur),
2147 3903 2274 3957 ergo
2312 3889 2529 3943 inferior
2567 3889 2840 3958 discipulis
2876 3892 2977 3946 erit
3015 3893 3297 3949 Christus:
3328 3905 3384 3950 at

1810 3977 1909 4031 hoc
1952 3978 2150 4043 nullus,
2196 3994 2262 4033 ne
2300 3979 2343 4034 si
2391 3980 2614 4034 insaniat
2652 3981 2898 4050 quidem,
2940 3981 3153 4037 dixerit.
3200 3984 3382 4050 Vides,

1809 4078 2060 4138 quantum
2089 4069 2160 4124 sit
2187 4070 2384 4123 malum
2411 4085 2596 4124 causas
2617 4112 2631 4136 ,
2672 4070 2740 4125 ob
2766 4088 2896 4140 quas
2932 4074 3109 4127 omnia
3143 4073 3386 4130 Christus

1810 4161 2015 4230 agebat,
2050 4160 2337 4229 ignorare?
2365 4160 2457 4214 Vel
2486 4161 2658 4230 potius
2678 4204 2692 4227 ,
2720 4162 2887 4229 vides,
2920 4174 3172 4233 quantum
3198 4166 3267 4220 sit
3291 4166 3385 4221 bo-

1811 4267 1936 4304 ntnn
1968 4252 2143 4305 omnia
2189 4252 2466 4322 diligenter
2504 4265 2787 4321 excutere,
2819 4272 2991 4324 neque
3015 4260 3200 4326 quovis
3228 4260 3388 4314 modo

1812 4344 2005 4414 aliquid
2034 4344 2102 4397 ab
2125 4360 2189 4399 eo
2216 4346 2411 4400 dictum
2442 4348 2665 4401 esse'vel
2693 4346 2911 4416 factum,
2939 4352 3030 4405 sed
3053 4353 3210 4406 etiam
3237 4354 3388 4425 cuius

1814 4438 1890 4490 rei
1929 4437 2094 4505 gratia
2113 4478 2127 4502 ,
2175 4446 2226 4491 et
2256 4447 2471 4507 propter
2498 4439 2621 4508 quid
2642 4478 2656 4502 ,
2688 4440 3018 4510 adjungere?
3056 4443 3237 4513 Neque
3262 4461 3393 4500 vero

1817 4537 2016 4582 tantum
2048 4529 2149 4584 hoc
2176 4530 2292 4583 loco
2322 4530 2369 4582 id
2398 4529 2542 4596 fecit,
2571 4531 2664 4585 sed
2692 4542 2741 4588 et
2775 4533 2896 4587 alibi
2934 4533 3033 4588 hoc
3065 4536 3232 4604 ipsunt
3258 4539 3389 4591 sub-

1818 4622 2086 4677 indicavit.
2124 4620 2255 4676 Cum
2283 4623 2424 4677 enim
2452 4624 2690 4687 dixisset,
2722 4624 2847 4692 Quis
2874 4627 3038 4695 major
3062 4637 3167 4692 est,
3195 4629 3278 4698 qui
3307 4646 3389 4683 re-

1817 4713 2021 4777 cumbit,
2049 4731 2113 4766 an
2135 4716 2219 4784 qui
2244 4714 2535 4768 ministrat?
2560 4714 2773 4784 adjecit,
2805 4716 2986 4771 Nonne
3006 4720 3091 4790 qui
3118 4722 3393 4775 recumbit?

1822 4803 1931 4874 Ego
1967 4815 2134 4857 autem
2162 4806 2215 4858 in
2244 4806 2407 4875 medio
2441 4815 2656 4859 vestrum
2679 4824 2791 4860 sum
2810 4848 2825 4871 ,
2866 4810 2994 4863 sicut
3031 4812 3115 4879 qui
3145 4814 3394 4866 ministrat

1825 4895 2232 4968 (ωηιξη.
2276 4896 2388 4953 Hoc
2414 4914 2540 4953 vero
2580 4900 2739 4953 etiam
2783 4900 2912 4954 dixit
2936 4944 2950 4966 ,
2989 4911 3043 4955 et
3080 4903 3202 4956 illud
3247 4904 3392 4972 fecit,

1823 4988 2108 5044 ostendens
2160 4988 2342 5043 multis
2391 4989 2445 5043 in
2497 4990 2628 5043 locis
2676 5004 2735 5043 se
2784 4991 2987 5045 minora
3040 4994 3275 5062 arripere
3328 4997 3393 5048 ad

1824 5078 2091 5133 docendos
2123 5078 2442 5148 discipulos,
2486 5088 2541 5134 et
2577 5081 2732 5134 simul
2778 5090 2833 5135 ut
2870 5096 2963 5135 eos
2990 5083 3054 5136 ad
3083 5085 3395 5139 modestiam

1825 5170 2127 5225 sectandam
2162 5170 2396 5224 inducat.
2427 5172 2601 5241 Atque
2636 5171 2749 5225 haec
2785 5172 2930 5226 illum
2960 5175 3135 5228 omnia
3172 5176 3400 5231 tolerare

1829 5258 2167 5315 manifestum
2194 5270 2296 5325 est,
2326 5276 2428 5313 non
2457 5261 2597 5330 quod
2631 5260 2894 5315 inferioris
2919 5263 2986 5315 sit
3027 5273 3261 5329 naturas,
3304 5267 3399 5322 sed

1830 5360 1887 5405 ut
1907 5366 1999 5405 eos
2018 5350 2224 5406 erudiat
2247 5369 2260 5404 :
2284 5350 2541 5421 siquidem
2562 5352 2687 5405 alibi
2712 5368 2923 5422 quoque
2947 5354 3072 5409 dicit
3096 5376 3110 5411 :
3135 5354 3402 5427 Principes

1828 5445 2048 5515 gentium
2074 5442 2398 5497 dominantur
2434 5459 2608 5497 earum
2625 5484 2640 5508 ,
2681 5445 2820 5512 apud
2848 5460 2931 5499 vos
2958 5456 3124 5500 autem
3161 5467 3259 5502 non
3286 5452 3358 5503 ita
3385 5466 3403 5504 :

1832 5536 1918 5589 sed
1942 5535 2028 5603 qui
2058 5534 2157 5587 vult
2184 5535 2315 5587 inter
2342 5550 2426 5587 vos
2452 5550 2557 5588 esse
2581 5537 2772 5601 primus
2791 5576 2805 5598 ,
2836 5537 2900 5589 sit
2931 5540 3151 5591 omnium
3186 5541 3408 5595 minister

1837 5628 1917 5701 (Μ
1921 5628 2049 5681 attlt.
2076 5627 2166 5682 20.
2189 5627 2278 5680 25.
2300 5627 2392 5680 9.6.
2416 5626 2537 5697 28).
2566 5626 2694 5681 Nam
2718 5626 2885 5682 Filius
2911 5628 3124 5684 hominis
3154 5649 3254 5686 non
3280 5636 3409 5689 venit

1836 5720 2133 5786 ministrari,
2158 5718 2246 5773 sed
2266 5719 2569 5771 ministrare.
2598 5717 2650 5773 Si
2674 5733 2803 5789 ergo
2826 5721 2969 5775 venit
2991 5731 3047 5775 ut
3066 5724 3409 5789 ministraret,

1848 5819 1903 5864 et
1935 5807 2289 5864 humilitatem
2331 5807 2584 5873 doceret,
2622 5808 2729 5865 noli
2762 5808 2994 5879 turbari,
3038 5827 3136 5868 nec
3180 5812 3412 5871 animum
