3868 6256
459 345 559 401 787

456 485 771 556 desponde,
819 483 1153 538 sicubi~eum
1199 498 1316 551 qua:
1363 480 1725 534 ministrorum
1778 487 1902 534 sunt
1947 487 2037 531 aut

459 581 722 648 perlicere
747 576 939 631 videris
965 584 1053 628 aut
1083 574 1252 628 effari.
1284 573 1356 626 lta
1385 588 1597 641 quoque
1626 573 1819 624 multas
1838 571 2035 623 oratio-

460 687 553 726 nes
594 672 660 724 ab
699 671 880 724 eadem
927 679 1105 721 mente
1149 666 1320 720 fundit
1354 683 1367 719 :
1408 665 1667 734 siquidem
1696 671 2037 718 accesserunt

457 766 520 816 ad
550 780 669 818 eum
694 762 932 815 dicentes
957 777 969 813 :
998 760 1231 824 Domine,
1264 759 1384 810 doce
1418 774 1507 809 nos
1533 773 1694 818 orare,
1725 757 1849 808 sicut
1872 753 2038 807 Joan-

456 873 542 908 nes
583 855 746 908 docuit
785 851 1062 920 discipulos
1091 869 1208 904 suos
1252 850 1413 920 (Luc.
1459 851 1542 902 ll.
1583 848 1676 917 1).
1709 847 1842 912 Quid
1884 861 2030 914 ergo,

455 959 674 1014 quaesii,
720 943 1019 996 faciendum
1066 941 1203 995 fuit?
1262 941 1396 994 Num
1439 955 1592 992 orare
1645 937 1868 992 docendi
1927 952 2030 988 non

451 1039 646 1090 erant?
693 1037 848 1102 Atqui
895 1034 990 1088 hac
1029 1035 1095 1087 de
1141 1048 1296 1086 eausa
1342 1039 1588 1092 venerat,
1624 1040 1677 1082 ut
1715 1030 1779 1081 ad
1819 1043 2029 1081 onmem

454 1131 570 1182 illos
603 1127 990 1197 philosophiam
1037 1126 1365 1179 informaret.
1414 1125 1553 1193 Ergo
1579 1123 1799 1177 docendi
1842 1123 2032 1176 erant?

453 1224 684 1277 Proinde
708 1239 860 1275 orare
896 1223 1148 1289 oportuit.

527 1315 646 1369 Non
675 1314 818 1369 verbo
845 1325 1055 1378 tantum,
1089 1314 1176 1366 sed
1203 1315 1349 1365 etiam
1380 1313 1605 1379 eremplo
1636 1313 1930 1364 docendum.
1960 1342 2031 1351 —

448 1408 827 1462 Verumtamen
865 1408 966 1461 hoc
988 1407 1149 1460 verbo
1185 1405 1357 1459 solum
1392 1405 1654 1474 agendum
1697 1405 1809 1469 fuit,
1840 1406 2025 1473 inquit.

446 1500 610 1568 Atqui
638 1515 739 1552 non
775 1499 840 1552 ita
874 1514 933 1552 ca
962 1513 1079 1567 quin
1107 1497 1301 1561 verbis,
1327 1506 1484 1566 atque
1507 1512 1567 1550 ea
1596 1513 1711 1564 quae
1741 1495 1890 1549 faelis
1927 1496 2026 1548 d0-

446 1594 613 1646 ctrina
655 1591 998 1659 pr0p0nitur,
1040 1589 1329 1656 discipulos
1371 1603 1678 1656 permovere
1713 1588 2024 1641 consuevit:

449 1691 726 1751 propterea
756 1696 857 1734 non
885 1681 1058 1734 verbis
1089 1680 1259 1732 solmn
1287 1693 1380 1732 eos
1407 1693 1560 1732 orare
1587 1678 1762 1742 docet,
1795 1679 1885 1732 sed
1916 1679 2027 1747 ipse

447 1775 497 1825 in
537 1771 776 1824 oratione
817 1778 1153 1838 perseverat,
1199 1777 1252 1823 et
1298 1769 1348 1821 in
1394 1769 1618 1822 desertis
1662 1777 1799 1821 totas
1842 1779 2024 1823 noctes

443 1863 643 1918 orando
670 1862 932 1932 transigit,
961 1869 1018 1913 ut
1043 1876 1139 1914 nos
1165 1859 1371 1914 erudiat
1397 1869 1450 1913 et
1477 1859 1782 1923 admoneat,
1814 1875 1932 1913 eum
1967 1851 2020 1912 in

439 1958 762 2026 colloquium
792 1957 942 2011 nobis
969 1972 1089 2011 eum
1127 1957 1233 2010 Deo
1262 1954 1579 2009 veniendum
1604 1964 1717 2019 est,
1745 1953 2024 2024 fugiendos

441 2051 698 2103 tumultus
725 2065 788 2102 ae
817 2048 962 2118 vulgi
992 2047 1194 2114 turbas,
1231 2057 1285 2101 et
1313 2049 1364 2100 in
1392 2047 1733 2102 solitudinem
1765 2047 2022 2100 seceden-

439 2140 565 2194 dum
591 2157 696 2193 non
729 2140 967 2194 locorum
992 2147 1216 2202 tantum,
1241 2138 1334 2192 sed
1355 2139 1513 2192 etiam
1538 2148 1860 2207 temporum.
1886 2136 2022 2192 Soli-

441 2233 568 2288 tudo
593 2241 771 2287 autem
796 2248 900 2285 non
928 2245 1081 2285 mons
1103 2239 1305 2284 tantum
1339 2240 1451 2295 est,
1487 2230 1580 2285 sed
1609 2232 1767 2285 etiam
1803 2230 2022 2284 cubicu-

439 2326 546 2380 lum
583 2341 612 2379 a
643 2325 876 2379 clamore
906 2325 1160 2378 immune.

508 2418 562 2472 5.
602 2414 705 2472 Cur
741 2415 970 2470 Christus
1005 2425 1110 2468 oret
1151 2414 1272 2468 dum
1311 2414 1556 2467 miracula
1585 2412 1725 2484 facit.
1757 2444 1826 2453 —
1847 2415 2019 2480 Atque

436 2522 494 2566 ut
529 2511 831 2580 intelligetis
865 2509 1334 2564 condescensionis
1359 2522 1478 2562 esse
1511 2509 1802 2561 orationem
1830 2526 1844 2559 τ
1868 2507 2016 2576 prin-

434 2605 575 2671 cipio
594 2604 805 2672 quidem
824 2603 932 2671 jam
954 2618 1019 2655 ex
1042 2602 1108 2655 iis
1128 2615 1245 2670 quae
1273 2602 1412 2656 circa
1435 2601 1687 2654 Lazarum
1712 2601 2017 2653 acciderunt

435 2696 918 2751 demonstravimus
948 2705 1350 2749 :verumtamen
1377 2693 1589 2746 aliunde
1615 2694 1773 2746 etiam
1807 2692 1856 2746 id
1889 2708 2015 2746 con-

432 2796 555 2840 stat.
597 2788 762 2852 Quam
801 2787 942 2839 enim
973 2787 1042 2840 ob
1072 2801 1287 2840 causam
1327 2785 1380 2838 in
1419 2785 1709 2854 majoribus
1749 2785 2015 2838 miraculis

433 2895 536 2932 non
577 2888 729 2943 orat,
772 2879 863 2932 sed
913 2881 965 2932 in
1009 2877 1345 2932 minoribus?
1375 2877 1504 2930 Nam
1536 2877 1614 2940 si,
1645 2877 1782 2945 quod
1819 2876 2014 2930 auxilio

431 2969 712 3040 indigeret,
744 2970 963 3034 orabat,
992 2978 1045 3024 et
1074 2969 1213 3038 quod
1254 2969 1353 3023 sibi
1385 2968 1734 3023 sufﬁcientem
1765 2969 2011 3020 virtutem

430 3078 536 3116 non
571 3063 819 3126 haberet,
869 3062 918 3114 in
948 3062 1196 3115 omnibus
1237 3075 1391 3116 orare
1430 3061 1671 3126 deberet,
1711 3069 1765 3114 et
1802 3060 2011 3114 Patrem

428 3173 621 3212 vocare
649 3175 660 3209 :
690 3157 829 3225 quod
867 3157 908 3210 si
939 3156 1112 3209 minus
1136 3156 1184 3208 in
1212 3155 1477 3219 omnibus,
1503 3155 1690 3208 saltem
1715 3155 1766 3208 in
1795 3154 2011 3224 majori-

429 3251 528 3305 bus
569 3266 580 3302 :
627 3264 765 3302 nunc
803 3257 982 3300 autem
1024 3246 1350 3301 contrarium
1390 3247 1498 3315 agit
1537 3264 1550 3299 :
1589 3261 1707 3300 cum
1750 3246 1814 3299 de
1854 3247 2013 3300 rebus

429 3340 720 3407 majoribus
749 3339 937 3407 agitur,
983 3353 1087 3390 non
1127 3346 1277 3401 orat,
1309 3345 1366 3389 ut
1399 3351 1457 3390 se
1488 3337 1554 3390 ad
1585 3337 1716 3390 alios
1743 3337 2010 3392 docendos

429 3432 481 3486 id
522 3431 770 3486 ostendat
806 3431 996 3499 egisse,
1035 3445 1140 3484 non
1182 3430 1321 3499 quod
1361 3440 1568 3482 careret
1599 3430 1812 3484 virtute.
1855 3431 2011 3485 Certe

427 3525 640 3594 quando
668 3538 831 3591 panes
858 3522 1146 3586 benedixit,
1193 3523 1487 3590 suspiciens
1523 3523 1574 3575 in
1612 3524 1800 3577 ett-lum
1843 3524 2012 3577 oravit

428 3620 617 3690 (Marc.
644 3621 696 3673 6.
721 3617 836 3686 41),
867 3626 924 3671 ut
963 3633 1060 3672 nos
1094 3617 1313 3672 doceret
1344 3634 1445 3670 non
1477 3618 1619 3686 prius
1649 3617 2007 3686 attingendam

425 3725 545 3766 esse
572 3726 827 3773 mensam,
872 3726 1032 3780 quam
1065 3712 1260 3779 gratias
1298 3711 1563 3779 egerimus
1600 3711 1858 3765 conditori
1901 3709 2008 3763 fru-

423 3820 546 3874 gum
590 3805 695 3857 Deo
729 3822 740 3856 :
773 3814 826 3856 et
861 3818 979 3856 cmn
1025 3803 1216 3857 multos
1257 3814 1492 3856 mortuos
1529 3805 1856 3868 suscitassct,
1901 3820 2005 3857 non

424 3895 615 3957 oravit,
640 3894 731 3948 sed
759 3909 875 3947 cum
902 3893 1158 3947 Lazarum
1182 3895 1372 3946 solum.
1416 3893 1479 3946 Et
1500 3909 1710 3948 causam
1737 3905 1843 3947 tum
1867 3894 2004 3946 disi-

424 4002 564 4049 mus,
605 3986 746 4054 quod
786 3985 1130 4038 imbecillitati
1164 3985 1483 4039 adstantium
1507 3985 1665 4039 vellet
1684 3987 2002 4041 consulere:

423 4092 581 4146 quam
605 4091 816 4130 causam
840 4080 998 4129 etiam
1027 4078 1158 4131 dixit
1199 4079 1330 4146 ipse,
1359 4093 1478 4130 cum
1521 4088 1703 4146 aperte
1745 4079 1870 4132 illud
1909 4079 2006 4132 ad-

423 4168 555 4222 didit
589 4186 601 4222 :
635 4167 850 4238 Propter
879 4168 1110 4231 turbam,
1154 4185 1266 4240 qua:
1291 4170 1609 4233 circumstat,
1638 4171 1764 4223 dixi.
1806 4170 1871 4223 Et
1900 4188 2005 4224 non

421 4261 530 4330 jam
559 4261 851 4313 orationem
875 4300 890 4325 ,
928 4260 1020 4312 sed
1045 4274 1232 4314 vocem
1274 4271 1536 4331 mortuum
1580 4263 1846 4315 excitasse
1880 4264 2006 4315 Satis

429 4361 538 4404 tum
567 4351 1066 4405 demonstravimus.
1093 4351 1266 4420 Atque
1292 4360 1348 4404 ut
1370 4351 1471 4406 hoc
1497 4352 1824 4406 manifestius
1853 4353 2004 4406 intel-

426 4441 578 4512 ligas,
606 4441 745 4495 vide.

497 4531 750 4585 Probatur
768 4532 1020 4586 Christum
1037 4532 1258 4586 eamdem
1281 4532 1459 4587 habere
1478 4544 1768 4602 potestatem
1792 4554 1942 4608 quant
1962 4548 2007 4590 et

425 4623 584 4676 Pater
598 4624 1058 4690 habet.-—Quando
1075 4627 1216 4678 enim
1235 4627 1554 4693 puniendum
1580 4627 1754 4691 fuerit,
1774 4640 1824 4682 et
1841 4646 2009 4700 quan-

420 4717 493 4771 do
505 4715 709 4770 honore
726 4715 1084 4783 afﬁciendum,
1101 4726 1153 4770 et
1165 4718 1372 4786 quando
1389 4729 1600 4787 peccata
1615 4721 2006 4787 dimittenda,et

417 4809 634 4879 quando
657 4809 797 4876 leges
815 4807 1066 4873 ferendae,
1082 4818 1134 4863 et
1149 4809 1358 4877 quando
1379 4812 1644 4880 quidpiam
1664 4829 1867 4879 eorum,
1887 4831 2005 4882 qua:

419 4902 636 4971 majoris
654 4903 904 4954 momenti
925 4911 1065 4964 sunt,
1085 4903 1344 4971 agendum
1370 4903 1545 4968 luerit,
1569 4921 1824 4974 nusquam
1859 4908 2003 4961 illum

418 5008 612 5047 vocare
633 4994 837 5046 Patrem
859 4994 1116 5059 invenies,
1139 5009 1236 5048 nec
1257 5011 1431 5060 orare,
1448 4997 1538 5049 sed
1557 5013 1673 5050 cum
1693 5001 2004 5053 auctwritate

415 5094 605 5137 cuncta
639 5082 915 5151 perﬁcere.
972 5085 1143 5152 Atque
1193 5086 1379 5138 borum
1420 5087 1630 5155 quidem
1673 5088 1874 5157 singula
1905 5106 2004 5160 ego

418 5177 709 5228 numerabo
739 5193 752 5228 :
799 5184 850 5229 tu
882 5191 1010 5228 vero
1041 5175 1322 5245 diligenter
1354 5177 1629 5231 Considera
1655 5221 1668 5244 ,
1717 5196 1820 5248 quo
1849 5191 2004 5250 pacto

419 5278 677 5335 nusquam
709 5268 939 5337 indigeat
973 5271 1229 5322 oratione.
1288 5269 1477 5333 Venite,
1525 5271 1711 5342 inquit,
1762 5273 2003 5328 benedicti

423 5355 596 5410 Patris
633 5359 750 5420 mei,
798 5361 1042 5428 possidete
1082 5371 1315 5430 paratum
1358 5362 1492 5415 vobis
1535 5380 1760 5433 regnum,
1798 5377 1850 5419 et
1887 5383 2002 5420 rur-

425 5459 552 5501 sus:
582 5449 835 5503 Discedite
883 5470 913 5504 a
951 5470 1050 5516 mc,
1081 5455 1353 5517 maledicti,
1397 5457 1448 5508 in
1474 5463 1638 5526 ignem
1667 5459 1752 5527 qui
1796 5471 2000 5528 paratus

415 5558 493 5599 εει
513 5542 712 5595 diabolo
734 5553 778 5595 et
795 5545 984 5612 angelis
1004 5548 1112 5614 ejus
1133 5548 1341 5613 (Matth.
1363 5550 1450 5603 ἐῢ.
1481 5551 1565 5603 54.
1585 5551 1695 5618 41).
1715 5552 1853 5606 Ecce
1877 5568 1996 5608 cmn

415 5635 562 5690 omni
589 5635 902 5689 auctoritate
927 5639 1184 5703 supplicio
1210 5639 1390 5703 afficit,
1423 5650 1473 5693 et
1505 5641 1724 5707 honore,
1751 5661 1846 5700 nec
1873 5663 1996 5700 ora-

416 5728 564 5784 liene
604 5725 706 5779 ulla
745 5726 962 5796 indiget.
1015 5727 1214 5781 Rursus
1246 5730 1454 5798 quando
1483 5735 1752 5806 paralytici
1788 5741 1995 5807 corpori

419 5819 620 5873 mederi
656 5820 838 5887 voluit,
888 5820 1115 5888 Surgens
1151 5822 1268 5877 tolle
1303 5823 1484 5878 lectum
1518 5836 1679 5896 tuum,
1721 5845 1767 5885 et
1796 5835 1997 5889 ambula

1164 344 1224 400 S.
1262 343 1542 401 JOANNIS
1581 341 2054 400 CllRYSOSTOMl
2090 340 2407 401 ARCFﬂEP.
2448 347 2976 409 CONSTANTSNOP.
3644 363 3738 418 788

2147 480 2336 550 (Marc.
2360 484 2416 539 2.
2471 484 2524 554 9)
2549 505 2562 541 :
2584 489 2793 555 quando
2820 505 2849 542 a
2873 500 3045 547 morte
3073 493 3320 562 liberare,
3348 495 3564 550 Tatitha
3589 502 3741 563 cani,

2145 590 2293 643 surge
2343 576 2541 647 (.ilarc.
2580 579 2633 634 5.
2674 579 2762 642 41)
2792 598 2804 634 :
2837 583 3049 651 quando
3093 600 3122 638 a
3162 589 3396 654 peccatis
3441 589 3738 644 intumuerit

2143 665 2388 732 reddere,
2412 666 2730 739 Con/ide,ﬁli,
2751 673 3166 728 dimittunturtibi
3187 689 3391 745 peccata
3416 690 3505 731 tua
3517 661 3738 750 (ﬂatur.

2143 759 2195 812 9.
2224 758 2281 827 2)
2328 776 2342 810 :
2394 762 2604 828 quando
2633 763 2900 818 diemones
2945 770 3238 836 increpare,
3271 768 3384 822 Tibi
3433 771 3580 836 dico,
3631 790 3740 824 ma-

2143 848 2337 918 lignum
2390 850 2716 916 daunonium,
2757 856 2836 906 exi
2872 855 2933 907 ab
2972 874 3028 909 eo
3068 857 3261 927 (Marc.
3297 860 3350 914 5.
3384 860 3444 929 8)
3480 877 3498 914 :
3525 864 3742 930 quando

2141 941 2533 1008 reprimendum
2597 944 2695 997 fuit
2740 962 2903 1008 mare,
2971 947 3122 1012 Tace,
3169 951 3457 1005 obmutesce
3521 952 3638 1020 (Id.
3684 956 3742 1009 4.

2142 1031 2231 1100 59)
2277 1050 2288 1084 :
2339 1036 2550 1102 quando
2597 1036 2823 1102 aliquem
2875 1039 3021 1108 lepra
3073 1054 3376 1112 correptmn
3435 1044 3739 1113 mundare,

2151 1123 2294 1185 Volo,
2341 1129 2584 1178 mundare
2636 1128 2843 1198 (Matth.
2877 1132 2928 1185 8.
2955 1132 3008 1198 5)
3044 1150 3055 1183 :
3100 1136 3310 1201 quando
3353 1137 3537 1205 legem
3581 1138 3740 1201 ferre,

2137 1214 2379 1276 Audistis,
2421 1220 2538 1285 quia
2575 1219 2761 1272 dictum
2814 1231 2885 1274 est
2913 1225 3130 1290 antiquis
3152 1266 3164 1285 ,
3189 1225 3314 1279 Non
3353 1229 3563 1279 occides
3593 1245 3614 1281 :
3655 1246 3742 1297 ego

2138 1319 2301 1359 autem
2330 1310 2440 1361 dico
2469 1311 2622 1375 vobis,
2640 1305 2746 1370 Qui
2761 1313 2941 1366 dixerit
2970 1315 3119 1381 fratri
3150 1333 3262 1380 suo,
3291 1319 3462 1385 fatue,
3503 1337 3626 1372 reus
3653 1324 3742 1373 erit

2136 1400 2376 1468 gehent
2421 1401 2550 1470 ignis
2580 1401 2689 1472 (Id.
2721 1404 2774 1456 5.
2806 1405 2893 1457 21.
2932 1403 3046 1474 22).
3079 1403 3234 1461 Vides
3262 1416 3318 1460 ut
3375 1410 3571 1461 omnia
3625 1426 3740 1464 cum

2138 1491 2291 1544 herili
2320 1494 2632 1548 auctoritate
2661 1495 2916 1563 perﬁciat,
2947 1508 2998 1550 et
3035 1498 3086 1550 in
3110 1497 3408 1566 gehennam
3441 1501 3656 1568 ejicial,
3691 1513 3739 1555 et

2136 1583 2185 1635 in
2211 1589 2428 1652 regnum
2460 1585 2777 1650 iutroducat,
2820 1595 2873 1642 et
2909 1588 3192 1659 paralysim
3219 1599 3394 1656 sanet,
3429 1601 3489 1643 et
3512 1604 3736 1645 mortem

2133 1676 2328 1744 abigat,
2366 1687 2418 1731 et
2450 1688 2660 1745 peccata
2701 1679 2950 1746 dimittat,
2991 1690 3045 1734 et
3068 1681 3331 1734 daemonia
3362 1683 3642 1751 increpet,
3692 1696 3739 1738 et

2133 1783 2279 1821 mare
2326 1771 2671 1836 compescat?
2723 1770 2953 1824 Tametsi
3004 1773 3126 1841 quid
3181 1774 3376 1842 majus,
3421 1789 3644 1843 qureso,
3684 1775 3729 1826 in

2131 1873 2353 1929 regnum
2384 1861 2736 1928 introducere,
2769 1865 2888 1917 etin
2911 1863 3206 1933 gehennam
3230 1865 3485 1935 injicere,
3524 1879 3732 1936 peccata

2129 1949 2417 2017 dimittere,
2441 1968 2559 2006 cum
2588 1955 2896 2009 auctoritate
2925 1956 3064 2023 leges
3089 1956 3248 2022 ferre,
3279 1972 3349 2010 an
3380 1974 3565 2027 panes
3597 1975 3734 2014 creas

2128 2043 2228 2096 re?
2256 2043 2442 2099 Nonne
2468 2045 2802 2100 manifestum
2827 2057 2927 2111 est,
2957 2057 3010 2101 et
3029 2048 3333 2103 confessum
3353 2051 3507 2119 apud
3529 2068 3730 2114 omnes,

2128 2133 2243 2189 hinc
2274 2135 2378 2190 illis
2407 2152 2526 2192 esse
2567 2138 2808 2208 majora?
2835 2138 3187 2195 Nihilominus
3213 2150 3397 2195 tamen
3425 2143 3484 2195 in
3523 2145 3730 2211 majori-

2126 2228 2224 2282 bus
2252 2245 2581 2299 nequaquam
2614 2240 2747 2295 orat,
2789 2240 2846 2285 tit
2871 2231 3114 2286 ostendat
3143 2233 3196 2288 in
3226 2235 3549 2290 minoribus
3581 2243 3728 2291 etiam

2126 2335 2184 2374 se
2212 2335 2314 2376 non
2351 2321 2420 2375 ob
2463 2321 2822 2377 inﬁrmitatem
2863 2324 3072 2377 virtutis
3100 2323 3152 2378 id
3180 2326 3383 2394 egisse,
3417 2326 3526 2380 sed
3554 2327 3628 2381 ob
3648 2343 3728 2382 co-

2124 2428 2239 2465 rum
2276 2412 2364 2480 qui
2405 2421 2517 2466 tum
2561 2413 2782 2467 aderant
2823 2413 3195 2470 eruditionem.
3239 2418 3425 2486 Atque
3476 2427 3542 2472 ut
3570 2419 3730 2472 discas

2098 2512 2378 2575 quantum
2412 2507 2479 2560 sit
2507 2517 2717 2574 peccata
2745 2507 3027 2573 dimittere,
3062 2518 3250 2563 testem
3272 2510 3372 2563 tibi
3404 2511 3724 2581 prepheta

2121 2597 2316 2651 citabo.
2351 2597 2556 2652 Nullius
2588 2599 2781 2667 quippe
2806 2599 3026 2652 alterius
3055 2600 3155 2654 hoc
3174 2615 3295 2655 esse
3318 2603 3585 2656 ostendit
3615 2619 3725 2672 pro—

2122 2689 2312 2758 pheta,
2344 2691 2443 2746 nisi
2479 2691 2571 2745 Dei
2604 2692 2788 2746 solius.
2824 2692 2951 2758 Quis
2976 2694 3104 2746 enim
3140 2693 3316 2761 Deus,
3363 2695 3592 2764 inquit,
3617 2699 3729 2750 sicut

2119 2794 2191 2848 tu,
2223 2787 2457 2854 auferens
2488 2785 2794 2856 iniquitates,
2825 2787 3179 2841 transcenderis
3205 2789 3518 2856 impietates
3551 2789 3726 2860 (dlicta.

2121 2877 2336 2948 7.18)?
2385 2877 2518 2944 Quin
2563 2880 2721 2933 etiam
2767 2882 2818 2934 in
2855 2897 3074 2948 regnum
3125 2883 3511 2950 introducere,
3575 2887 3727 2940 uiuite

2119 2968 2289 3038 majus
2316 2979 2417 3036 est,
2447 2986 2602 3039 quam
2635 2981 2858 3026 mortem
2881 2973 3088 3027 solvere
3118 2992 3130 3026 :
3174 2974 3268 3027 sed
3305 2984 3364 3027 et
3389 2975 3532 3029 illud
3561 2986 3724 3029 tamen

2118 3075 2237 3116 cum
2280 3075 2540 3133 potestate
2567 3074 2800 3134 priestat.
2861 3066 3062 3120 Rursus
3106 3067 3250 3136 leges
3295 3066 3450 3123 ferre
3505 3085 3617 3123 non
3653 3081 3723 3123 est

2117 3156 2498 3223 subjectorum,
2527 3158 2618 3210 sed
2650 3174 2834 3210 eorum
2860 3159 2948 3226 qui
2980 3169 3200 3227 regnant
3230 3176 3244 3211 :
3273 3169 3328 3212 et
3364 3159 3478 3214 hoc
3514 3163 3722 3230 quidem

2116 3250 2310 3302 clamat
2335 3250 2444 3318 ipsa
2472 3265 2647 3306 rerum
2679 3260 2864 3304 natura
2897 3267 2910 3302 :
2940 3267 3058 3304 cum
3087 3267 3268 3320 regum
3305 3263 3531 3307 tantum
3555 3256 3626 3308 sit
3655 3257 3720 3308 lc-

2116 3355 2209 3410 ges
2247 3342 2472 3395 sciscere
2506 3359 2518 3393 :
2567 3341 2705 3410 qu'od
2738 3343 2908 3411 ipsum
2939 3357 3147 3412 quoque
3183 3347 3495 3416 Apostolus
3534 3345 3724 3398 indicat

2117 3431 2198 3484 his
2225 3431 2442 3485 verbis:
2491 3430 2569 3484 De
2610 3433 2888 3502 virginibus
2935 3444 3111 3490 autem
3162 3444 3486 3506 praeceptum
3517 3434 3719 3488 Denisi

2115 3539 2215 3576 non
2245 3523 2419 3586 habeo,
2449 3523 2711 3576 consilium
2730 3533 2892 3577 autem
2908 3524 2993 3588 do,
3023 3534 3278 3594 tamquam
3299 3525 3720 3579 misericordias

2113 3624 2445 3685 consequutus
2482 3632 2514 3668 a
2554 3613 2795 3680 Domina,
2833 3626 2888 3667 ut
2913 3616 3008 3668 sim
3036 3615 3200 3682 ﬁdelis
3242 3615 3321 3686 (1.
3353 3615 3483 3670 Cor.
3523 3620 3580 3670 7'.
3608 3617 3716 3684 25}.

2112 3705 2242 3759 Nam
2275 3707 2394 3775 quia
2431 3721 2616 3760 servus
2641 3716 2754 3760 erat
2783 3716 2837 3761 et
2865 3707 3124 3772 minister,
3168 3723 3273 3760 non
3309 3717 3400 3761 est
3427 3723 3608 3764 ausus
3639 3710 3716 3768 iis.

2113 3813 2229 3866 quae
2276 3797 2344 3850 ab
2380 3798 2528 3852 initio
2571 3809 2835 3868 praecepta
2875 3798 3102 3864 fuerant,
3149 3797 3442 3867 quidquam
3493 3801 3714 3853 addere.

2112 3889 2356 3944 Christus
2391 3901 2568 3944 autem
2599 3905 2704 3944 non
2730 3892 2800 3945 ita
2827 3907 2841 3942 :
2878 3890 2971 3945 sed
2996 3907 3200 3945 summa
3228 3905 3353 3944 cum
3385 3893 3716 3946 auctoritate

2111 3981 2297 4035 recitat
2327 3980 2470 4049 leges
2489 3983 2753 4050 antiquas,
2785 3989 2840 4035 et
2865 3996 2986 4035 suas
3007 3996 3190 4034 rursus
3208 3981 3529 4035 introducit.
3563 3982 3716 4048 Quod

2111 4074 2155 4128 si
2183 4073 2492 4142 simpliciter
2527 4074 2671 4144 leges
2706 4073 2845 4128 ferre
2873 4074 3036 4128 solius
3081 4083 3162 4128 est
3205 4073 3370 4143 regia:
3425 4075 3716 4142 potestatis

2111 4180 2230 4219 cum
2253 4183 2356 4220 non
2384 4165 2541 4219 modo
2566 4166 2709 4236 leges
2728 4181 2848 4223 eum
2873 4164 3010 4220 ferre
3036 4176 3368 4233 compertum
3397 4163 3592 4231 fuerit,
3619 4166 3712 4220 sed

2110 4257 2268 4310 etiam
2298 4266 2505 4311 veteres
2535 4256 2837 4322 emendare,
2877 4271 2994 4326 quae
3039 4254 3248 4310 tandem
3295 4257 3520 4310 occasio
3554 4258 3714 4311 relin-

2110 4357 2301 4419 quetur
2326 4348 2411 4415 iis,
2441 4350 2528 4419 qui
2555 4351 2820 4404 voluerint
2848 4349 3182 4418 impudenter
3206 4348 3486 4403 adversari
3513 4351 3540 4403 ἲ
3570 4350 3711 4405 Satis

2109 4443 2249 4496 enim
2277 4457 2340 4496 ex
2374 4441 2473 4496 hoc
2506 4441 2672 4511 liquet
2698 4456 2818 4495 eum
2846 4440 3081 4510 ejusdem
3103 4455 3223 4495 esse
3240 4455 3364 4493 cum
3389 4439 3560 4496 Patre
3587 4442 3711 4495 sub-

2109 4534 2337 4588 stantiaa.

2179 4645 2232 4699 4.
2269 4645 2484 4708 Verum,
2517 4654 2574 4698 ut
2604 4645 2653 4699 id
2695 4645 2835 4716 quod
2865 4645 2983 4700 dico
3013 4645 3346 4700 manifestius
3375 4648 3602 4714 evadat,
3639 4650 3704 4703 ad

2109 4738 2278 4808 ipsum
2309 4739 2596 4809 Scriptura:
2628 4739 2799 4792 locum
2827 4739 3099 4793 veniamus
3129 4738 3338 4809 (Matth.
3369 4741 3428 4795 5.
3457 4741 3540 4806 1).
3573 4743 3701 4795 Cu.

2108 4830 2435 4884 ascendisset
2465 4831 2517 4884 in
2559 4839 2814 4895 montem,
2851 4831 3040 4901 inquit,
3083 4831 3322 4897 sedebat,
3365 4843 3422 4886 et
3460 4835 3702 4890 circn-

2109 4921 2369 4975 stantibus
2397 4922 2643 4975 omnibus
2669 4923 2832 4991 coepit
2873 4922 3053 4976 dicere
3077 4940 3088 4974 :
3117 4922 3272 4980 Beati
3302 4934 3569 4991 pauperes
3601 4921 3705 4985 spi-

2108 5009 2234 5073 ritu,
2265 5009 2434 5077 mites,
2477 5009 3048 5072 misericordes,mundi
3087 5010 3241 5063 corde
3279 5023 3298 5061 .'
3351 5013 3557 5066 deinde
3586 5026 3696 5080 post

2108 5101 2225 5154 illas
2252 5101 2599 5156 beatitudiues
2629 5103 2700 5155 ait
2729 5120 2741 5155 :
2768 5100 2940 5156 Nolite
2966 5111 3162 5170 putare,
3189 5103 3428 5168 quoniam
3457 5103 3576 5155 veni
3601 5110 3704 5159 sol-

2106 5212 2217 5250 vere
2245 5197 2422 5265 legem,
2452 5205 2538 5248 aut
2566 5197 2836 5266 prophetas
2866 5211 2886 5250 :
2915 5212 3015 5248 non
3036 5195 3146 5248 veni
3173 5199 3384 5258 solvere,
3418 5196 3509 5247 sed
3531 5196 3696 5248 odim-

2106 5291 2243 5358 plere
2299 5288 2417 5361 (Ib.
2465 5305 2512 5343 υ.
2569 5290 2691 5360 17).
2737 5291 2864 5355 Quis
2907 5290 3050 5343 enim
3086 5288 3190 5343 hoc
3232 5289 3539 5356 suspicatus
3585 5297 3692 5350 est,

2105 5394 2196 5436 aut
2248 5382 2372 5451 quid
2417 5399 2483 5437 ex
2533 5384 2595 5436 iis
2635 5400 2752 5452 qua:
2791 5384 2929 5437 dicta
2961 5385 3187 5445 fuerant,
3234 5385 3572 5438 contrarium
3607 5384 3695 5438 fuit

2107 5475 2391 5542 prioribus,
2420 5483 2477 5528 ut
2501 5475 2601 5528 hoc
2621 5475 2864 5529 diceret?
2894 5474 3062 5538 Beati,
3092 5476 3281 5545 inquit,
3313 5493 3570 5544 pauperes
3589 5479 3692 5545 spi-

2103 5569 2203 5620 ritu
2259 5567 2375 5638 (Ib.
2434 5583 2481 5620 v.
2523 5570 2614 5633 5),
2654 5570 2754 5623 hoc
2803 5579 2908 5632 est,
2962 5568 3190 5622 humiles
3231 5585 3244 5622 :
3301 5569 3450 5638 atqui
3489 5569 3692 5624 dixerat

2105 5658 2206 5714 hoc
2235 5677 2446 5729 quoque
2467 5673 2616 5716 vetus
2646 5672 3045 5715 testamentum.
3077 5661 3403 5729 Sacriﬁcium
3429 5665 3567 5715 enim
3597 5664 3690 5715 Dm

2105 5754 2310 5822 spiritus
2335 5755 2718 5817 contribulatus,
2751 5771 2838 5806 cor
2857 5764 3124 5807 contritum
3142 5765 3187 5806 et
3215 5755 3544 5807 humiliatum
3570 5751 3694 5804 Dem

2107 5860 2206 5897 non
2247 5845 2483 5910 despiciet
2511 5845 2678 5916 (Psal.
2711 5847 2798 5901 50.
2829 5847 2940 5914 19).
2986 5846 3049 5899 Ει
3087 5860 3295 5905 rursus.
3339 5846 3483 5901 Beati
3517 5846 3686 5898 m'tes:
