3926 6316
546 405 649 462 789

543 519 639 572 md
667 512 1178 582 τεταπεινωμένην
1200 512 1232 564 ὁ
1251 509 1396 579 Θεὸς
1423 513 1537 566 οὐκ
1557 511 1974 576 ἑξουδενώσει.
2010 513 2122 566 Καὶ

545 604 736 659 πάλινο
768 597 1054 665 Μακάριοι
1080 598 1134 649 οἱ
1164 596 1391 662 πραεῖς.
1425 597 1537 649 Καὶ
1567 593 1727 648 τοῦτο
1765 594 1992 656 Ἡσαΐας
2019 594 2122 647 πά-

542 691 624 744 )ιν
659 687 766 758 ,βοᾷ
805 685 870 736 ἐκ
915 681 1211 754 προσώπου
1263 679 1359 733 τοῦ
1399 678 1536 732 Θεοῦ
1569 678 1777 747 λέγων’
1832 678 1957 732 Ἐπὶ
1991 678 2126 732 τίνα

540 768 866 838 ἑπιϐλέψω,
889 768 1028 822 ἀλλ’
1052 767 1091 833 ἣ
1125 762 1226 818 ἐπὶ
1249 763 1356 817 τὸν
1373 761 1578 836 πρᾶον
1609 761 1709 817 καί
1734 761 1998 833 ’ἡσύχιον
2024 765 2124 818 καί

539 855 831 924 τρέμον-τά
851 870 972 922 μου
1001 849 1142 916 τοὺς
1183 849 1445 918 λόγους;
1471 846 1764 916 Μακάριοι
1794 850 1848 901 οί
1875 848 2126 918 ἐλεήμο-

539 956 660 1004 νες.
723 936 835 991 Καὶ
877 935 1036 988 τοῦτο
1078 932 1239 986 πάλιν
1287 929 1564 1002 πανταχοῦ
1619 931 1972 1002 διέσπαρταν
2025 932 2122 1002 Μὴ

537 1018 967 1087 ἀποστερήσῃς
996 1016 1127 1086 τὰρ,
1165 1014 1352 1084 φησὶν,
1382 1012 1498 1082 τὴν
1531 1013 1688 1082 ζωὴν
1718 1015 1827 1069 τοῦ
1861 1017 2120 1086 πτωχοῦ,

536 1105 744 1173 ικέτην
773 1102 1129 1170 θλιϐόμενον
1159 1098 1241 1168 μὴ
1275 1099 1615 1154 ἀπαναίνου
1634 1115 1648 1129 ’
1673 1100 1767 1153 καὶ
1787 1100 1955 1164 πολὺς
1985 1118 2122 1154 παν-

537 1187 702 1258 ταχοῦ
732 1187 864 1258 περὶ
897 1181 1310 1254 φιλανθρωπίας
1340 1182 1490 1236 ἐστὶν
1519 1183 1548 1235 6
1574 1181 1752 1252 λόγος.
1800 1182 1950 1256 [554]
2001 1188 2122 1239 Ma-

537 1274 728 1340 κύριοι
757 1274 812 1325 οί
841 1267 1089 1337 καθαροί
1132 1265 1209 1335 τῇ
1250 1265 1490 1335 καρδίᾳ.
1527 1264 1701 1320 Τοῦτο
1752 1267 1847 1320 καὶ
1883 1267 1914 1319 6
1960 1268 2122 1322 Δαυΐδ

538 1342 701 1428 φησι·
734 1352 1001 1422 Καρδίαν
1037 1348 1306 1418 καθαρὰν
1342 1349 1561 1404 κτίσον
1590 1349 1661 1403 ἐν
1690 1349 1842 1419 ἐμοὶ,
1883 1353 1916 1404 ὁ
1951 1351 2118 1418 Θεὸς,

538 1440 640 1494 καί
690 1437 926 1508 πνεῦμα
969 1434 1144 1500 εὺθὲς
1179 1434 1531 1504 ἐγκαίνισον
1565 1434 1639 1488 ἐν
1679 1434 1806 1502 τοῖς
1849 1433 2120 1506 ἐγκάτοις

535 1517 672 1594 μου.
711 1521 824 1575 Καὶ
871 1519 999 1582 τοὺς
1042 1518 1264 1580 λοιποὺς
1295 1516 1353 1570 δέ
1396 1517 1562 1583 εἴτις
1613 1519 1830 1572 ἐπέλθοι
1885 1536 2120 1590 μακαρι-

536 1606 728 1676 σμοὺς,
765 1604 990 1676 εὑρήσει
1018 1601 1220 1673 πολλὴν
1253 1596 1420 1655 οὖσαν
1452 1601 1552 1673 τήν
1592 1601 1932 1673 συμφωνίαν.
1961 1603 2120 1667 Τίνος

533 1688 628 1743 οὖν
668 1688 876 1753 ἕνεκεν,
912 1685 1080 1757 μηδὲν
1111 1684 1352 1738 ἐναντίον
1390 1684 1628 1755 εἰρηκὼς
1668 1688 1781 1748 τοῖς
1810 1684 2114 1756 προτέροις,

533 1776 810 1844 ἐπήγαγεν
831 1787 846 1804 °
878 1771 976 1840 Μὴ
1000 1770 1289 1840 νομίσητε
1307 1770 1398 1823 ὅτι
1430 1765 1621 1839 ἦλθον
1642 1770 1982 1824 καταλῦσαι
2009 1771 2118 1824 τὸν

532 1860 721 1929 νόμον
751 1855 790 1924 ἢ
815 1855 958 1922 τοὺς
977 1853 1289 1923 προφήτας
1315 1870 1332 1916 ;
1357 1853 1432 1905 Οὐ
1454 1851 1542 1905 διὰ
1570 1851 1637 1905 τά
1661 1852 1948 1923 εἰρημένα,
1980 1851 2116 1906 ἀλλά

530 1942 620 1997 διὰ
647 1941 716 1996 τὰ
751 1940 1012 2013 μέλλοντα
1062 1937 1395 2009 ῥηθήσεσθαι
1436 1935 1643 2006 ταύτην
1690 1937 1790 2008 τὴν
1831 1936 2117 2008 διόρθωσιν

530 2025 765 2096 τίθησιν.
803 2022 1021 2092 Ἐπειδὴ
1051 2021 1160 2090 γὰρ
1194 2020 1416 2091 ἔμελλεν
1443 2020 1724 2090 ἐμϐαίνειν
1753 2023 1833 2084 είς
1866 2022 2116 2076 ἐπίτασιν

535 2108 788 2173 ἐντολῶν,
819 2108 906 2160 ἵνα
959 2105 1034 2176 μὴ
1078 2104 1341 2174 νομίσωσι
1380 2103 1479 2172 τὴν
1528 2102 1758 2171 αὔξησιν
1797 2104 2115 2158 ἐναντίωσιν

533 2191 694 2258 εἶναι,
732 2192 867 2264 μηδέ
894 2191 994 2262 τὴν
1039 2187 1360 2260 προσθήκην
1398 2187 1599 2258 μάχην,
1635 2187 1726 2240 διὰ
1759 2187 1918 2242 τοῦτο
1955 2183 2110 2241 εἴπεο

529 2279 628 2346 Μὴ
663 2278 954 2346 νομίσητε
991 2274 1081 2328 ὅτι
1119 2268 1312 2344 ἦλθον
1349 2272 1686 2326 καταλῦσαι
1717 2272 1825 2326 τὸν
1852 2274 2042 2342 νόμον
2072 2273 2110 2342 ἢ

529 2361 674 2428 τοὺς
702 2357 1012 2428 προφήτας
1028 2374 1042 2387 ·
1068 2357 1336 2420 τουτέστι,
1371 2356 1549 2427 μέλλω
1571 2356 1692 2409 τινὰ
1717 2355 1895 2424 λέγειν
1919 2356 2115 2410 τελεώ-

531 2460 665 2515 τερα
692 2443 800 2496 τῶν
831 2441 1096 2513 πρότερον
1122 2440 1430 2512 εἰρημένων
1450 2455 1464 2470 ’
1496 2433 1609 2493 οἷον
1640 2440 1727 2493 δτι
1767 2441 2107 2506 Ἠκούσατε,

534 2531 618 2582 Οὐ
664 2526 1020 2596 φονεύσειςο
1054 2524 1172 2595 ἐγὼ
1215 2523 1286 2577 δὲ
1339 2524 1516 2594 λέγω,
1571 2525 1695 2577 Οὐκ
1749 2522 2106 2592 ὀργισθήσῃ.

541 2614 873 2668 Ἠκούσατε
901 2610 991 2664 ὅτι
1034 2611 1118 2664 Οὐ
1139 2608 1512 2680 μοιχεύσεις,
1539 2607 1657 2677 ἐγὼ
1676 2604 1912 2676 δὲλέγω
1937 2603 2027 2658 ὅτι
2056 2605 2110 2658 '0

527 2695 834 2766 ἐμϐλέψας
846 2693 1102 2765 γυναῖκα
1122 2692 1269 2760 πρὸς
1285 2690 1352 2744 τὸ
1371 2689 1739 2758 ἐπιθυμῆσαι
1758 2690 1973 2756 αὐτὴν,
1992 2691 2110 2757 ἤδη

527 2781 874 2849 ἐμοίχευσε·
916 2776 1012 2830 καὶ
1053 2776 1154 2828 ὅσα
1200 2774 1441 2828 τοιαῦτα.
1492 2774 1585 2844 Μὴ
1624 2773 1804 2826 τοίνυν
1849 2772 2108 2843 νομίσητε

529 2863 826 2917 κατάλυσιν
859 2856 1002 2913 εἶναι
1030 2859 1131 2930 τὴν
1159 2857 1469 2911 τελείωσιν’
1501 2858 1562 2910 οὐ
1589 2856 1697 2926 γάρ
1724 2859 1838 2910 ἐστι
1870 2856 2109 2910 κατάλυ-

528 2963 636 3010 σις,
687 2944 825 2999 ἀλλὰ
862 2942 1174 3013 πλήρωσις’
1223 2942 1319 2994 κα)⁵
1365 2942 1504 3012 ὅπερ
1543 2940 1637 2993 ἐπὶ
1681 2940 1790 2994 τῶν
1839 2939 2110 3010 σωμάτων

527 3028 774 3100 ἐποίησε,
802 3025 962 3079 τοῦτο
984 3024 1080 3079 καὶ⁸
1103 3025 1195 3078 ἐπὶ
1214 3023 1308 3077 τοῦ
1330 3024 1496 3094 νόμου
1523 3025 1685 3078 ποιεῖ.
1712 3023 1778 3075 Τί
1804 3022 1859 3075 δέ
1883 3023 1975 3075 ἐπὶ
2000 3022 2110 3076 τῶν

529 3113 800 3182 σωμάτων
851 3109 1181 3180 είργάσατο;
1238 3107 1441 3161 Ἐλθὼν
1481 3109 1576 3162 καὶ
1625 3107 1802 3178 εὑρὼν
1850 3107 2110 3178 ἀνάπηρα

525 3194 696 3247 πολλὰ
716 3193 874 3264 μέλη,
906 3193 1003 3246 καὶ
1030 3191 1226 3256 ἐνδεῶς
1243 3191 1438 3263 ἔχοντα
1462 3191 1664 3259 πάντα,
1694 3192 1988 3262 ἀπήρτισε,
2014 3191 2110 3243 καὶ

523 3281 606 3342 είς
629 3278 731 3349 τὴν
770 3277 1156 3349 προσήκουσαν
1182 3277 1485 3348 εὐκοσμίαν
1515 3277 1856 3348 ἐπανήγαγε,
1887 3274 1974 3328 διὰ
1999 3274 2109 3329 τῶν

524 3362 872 3434 πραγμάτων
900 3361 1082 3414 αὐτῶν
1111 3361 1283 3416 ἅπασι
1313 3363 1484 3416 ποιῶν
1507 3361 1742 3433 φανερὸν
1762 3362 1844 3414 ὅτι
1862 3359 1957 3413 καὶ
1980 3361 2110 3424 τοὺς

523 3447 786 3519 ἀρχαίους
828 3445 991 3510 αὐτὸς
1029 3445 1244 3500 τέθεικε
1288 3447 1510 3518 νόμους.
1555 3448 1653 3501 καὶ
1683 3445 1786 3517 τὴν
1819 3442 1982 3514 φύσιν
2008 3444 2108 3515 τὴν

521 3531 802 3603 ἡμετέραν
832 3530 1263 3603 ἐδημιούργησε.

595 3691 707 3744 Καὶ
757 3691 838 3744 ὅτι
877 3689 1036 3743 τοῦτο
1084 3688 1416 3759 ἐσπούδαζεν
1466 3688 1768 3757 ἀποδεῖξαι,
1808 3689 1966 3763 δῆλον
1997 3691 2107 3746 ἀπὸ

519 3774 619 3844 τῆς
647 3771 742 3826 τοῦ
770 3772 977 3844 τυφλοῦ
1007 3773 1304 3844 θεραπείας
1331 3774 1590 3845 μάλιστα.
1626 3773 1851 3847 Παριὼν
1877 3775 1988 3847 γὰρ
2015 3777 2108 3830 καὶ⁹

522 3856 648 3912 ιδών
679 3873 802 3910 τινα
837 3857 1059 3926 τυφλὸν,
1093 3857 1315 3928 ἐποίησε
1359 3858 1551 3928 πηλὸν,
1598 3859 1691 3912 καὶ
1733 3858 1843 3926 τὸν,
1865 3858 2106 3912 τοιοῦτον

523 3941 692 4013 πηλδν
709 3942 823 4004 τοῖς
835 3941 1260 4012 πεπηρωμένοις
1284 3942 1575 4012 ἐπέχρισεν
1587 3942 1819 4014 ὄμμασι,
1835 3943 1930 3997 καὶ
1953 3939 2104 3996 εἶπεν

520 4025 692 4096 αὐτῷ.
737 4024 994 4093 ’Υπαγε,
1024 4026 1198 4092 νίψαι
1241 4027 1329 4090 είς
1360 4026 1468 4078 τὸν
1515 4026 1774 4095 Σιλωάμ.
1809 4027 1968 4090 Τίνος
1994 4029 2105 4099 γὰρ

519 4109 706 4162 ἕνεκεν
730 4110 759 4160 6
791 4108 1019 4179 νεκροὺς
1044 4109 1378 4178 ἐπιτάγματι
1408 4108 1552 4180 ψιλῷ
1581 4112 1821 4182 συνεχῶς
1849 4112 2098 4183 ἐγείρων,

523 4193 619 4246 καὶ⁸
646 4189 820 4244 πολλὰ
843 4190 1008 4260 ’ἐτερα
1021 4190 1251 4245 τοιαῦτα
1273 4191 1552 4263 θαυματου
1562 4194 1730 4264 ργῶν,
1751 4194 1984 4248 ἐνταῦθα
2007 4197 2102 4249 καὶ

523 4277 680 4347 ἔργον
727 4293 783 4329 τι
824 4273 1169 4345 προστίθησι,
1201 4275 1372 4346 πηλὸν
1402 4277 1594 4342 ποιῶν,
1629 4279 1724 4332 καὶ
1761 4279 2102 4334 διαπλάττων

521 4358 670 4429 αὐτῷ
710 4359 836 4421 τοὺς
862 4356 1208 4427 ὀφθαλμούς;
1242 4359 1342 4412 οὐκ
1370 4359 1591 4431 εὔδηλον
1619 4361 1684 4414 ἵν’
1707 4362 1835 4417 ὅταν
1862 4364 2101 4436 ἀκούσῃς

521 4446 603 4499 ὅτι
627 4443 817 4496 ἐλαϐεν
848 4443 877 4494 6
902 4440 1036 4505 Θεὸς
1067 4441 1195 4512 χοῦν
1226 4443 1334 4496 ἀπὸ
1347 4444 1446 4515 τῆς
1471 4446 1595 4516 γῆς,
1626 4446 1724 4500 καὶ
1753 4447 1988 4503 ἔπλασεν
2008 4450 2100 4503 τὸν

521 4528 828 4599 ἄνθρωπον,
876 4527 1055 4599 μάθῃς
1087 4527 1175 4581 διὰ
1203 4526 1297 4581 τοῦ
1343 4528 1440 4582 νῦν
1483 4530 1770 4601 γινομένου
1818 4533 1900 4586 ὅτι
1946 4527 2099 4599 οὗτος

521 4610 727 4674 ἐκεῖνός
759 4611 907 4662 ἐστιν
940 4611 968 4663 ό
997 4609 1150 4681 παρὰ
1189 4611 1288 4682 τὴν
1318 4612 1493 4684 ἀρχὴν
1528 4611 1742 4679 πλάσας
1769 4615 1860 4668 τὸν
1884 4615 2097 4688 ἄνθρω-

519 4711 655 4759 πον;
693 4694 816 4746 ἐπεὶ
849 4693 898 4767 εἰ
930 4692 1006 4764 μὴ
1035 4692 1196 4746 τοῦτο
1223 4693 1391 4760 δεῖξαι
1423 4695 1694 4764 ἐϐούλετο,
1746 4697 2096 4774 περιττὸν-ἧν

519 4779 656 4849 ὅπερ
675 4776 983 4859 εἰργάζετο,
1013 4773 1148 4832 Εἶτα
1175 4779 1261 4833 ἵνα
1295 4780 1473 4852 μάθῃς
1497 4783 1578 4836 ὅτι
1607 4783 1704 4854 οὐχ
1731 4784 1763 4854 ή
1792 4784 1887 4838 τοῦ
1921 4787 2094 4859 πηλοῦ

518 4863 677 4935 χρεία
719 4858 1058 4933 συνέπραξεν
1087 4862 1236 4933 αὐτῷ
1259 4863 1396 4934 πρὸς
1424 4865 1522 4937 τὴν
1548 4867 1842 4938 ἀνάϐλεψιν
1870 4870 1964 4923 τοῦ
1988 4858 2093 4924 ϐπε-

516 4947 871 5020 πηρωμένου,
901 4946 1017 4999 ἀλλ’
1046 4947 1207 5019 ἤρκει
1245 4949 1340 5002 καὶ
1367 4951 1536 5022 χωρὶς
1571 4953 1669 5022 τῆς
1707 4951 1841 5025 ὕλης
1876 4956 2091 5028 ἐκείνης

516 5032 901 5102 προστάγματι
923 5030 1068 5101 μόνῳ
1084 5030 1386 5088 διαπλάσαι
1411 5036 1536 5099 τοὺς
1550 5035 1886 5107 ὀφθαλμοὺς.
1915 5057 2089 5108 προσ-

514 5113 695 5186 τίθησι
741 5116 836 5167 καὶ
878 5114 1053 5183 λέγει’
1087 5115 1340 5186 ”Υπαγε,
1373 5118 1547 5187 νίψαι
1571 5122 1659 5184 εις
1688 5120 1799 5174 τὸν
1830 5122 2087 5193 Σιλωάμ.

513 5197 668 5252 Μετὰ
689 5197 868 5280 γάρῌτὸ
887 5199 1060 5266 δεῖξαι
1089 5202 1223 5270 ἡμῖν
1251 5201 1340 5255 διὰ
1361 5203 1454 5256 τοῦ
1477 5205 1682 5274 τρόπου
1703 5205 1805 5275 τῆς
1829 5206 2092 5280 δημιουρ-

512 5281 639 5350 γίας
679 5280 764 5344 τίς
789 5276 857 5351 ἦν
882 5283 912 5334 6
945 5282 1042 5336 καὶ
1083 5283 1142 5349 ἐξ
1175 5285 1355 5356 ἀρχῆς
1375 5286 1482 5340 τὸν
1513 5287 1801 5360 ἄνθρωπον
1831 5276 2087 5362 ποιήσας,

509 5363 630 5416 τότε
675 5361 823 5431 λέγει
857 5365 1006 5444 αὐτῷ
1029 5380 1045 5396 ο
1079 5367 1326 5437 "Mare,
1359 5371 1533 5438 νίψαι
1563 5373 1652 5437 είς
1683 5370 1791 5426 τὸν
1826 5361 2085 5444 Σιλωάμ.

512 5444 782 5528 Καθάπερ
821 5443 915 5500 οῦν
940 5449 1378 5520 ἀνδριαντοποιὸς
1411 5455 1628 5525 ἀριστος
1655 5454 1976 5528 βουλόμενος
2001 5443 2090 5512 διά

509 5527 621 5613 τῶν
649 5527 826 5613 ἐργων
868 5532 1236 5598 ἐπιδείξασθαι
1264 5534 1361 5606 τὴν
1394 5535 1586 5590 ἐαυτοῦ
1625 5527 1840 5609 τέχνην,
1871 5541 2083 5613 ἀφίησι,

511 5609 604 5662 τὸν
646 5610 937 5681 ἀνδριάντα
978 5615 1338 5678 διαπλάττων,
1385 5621 1444 5674 τὸ
1479 5622 1664 5693 μέρος,
1700 5623 1785 5675 ἵνα
1820 5624 1954 5696 περί
1991 5609 2087 5695 τῆς

513 5691 609 5777 τοῦ
637 5693 836 5758 παντὸς
855 5697 1050 5768 τέχνης
1077 5699 1349 5766 ἀπόδειξιν
1375 5691 1523 5774 ἐντῷ
1549 5691 1787 5759 λείποντι
1811 5691 1916 5777 δῷῖ
1943 5691 2086 5761 οὕτω

515 5775 620 5862 καὶ.
641 5777 667 5828 6
697 5777 952 5862 Χριστὸς,
984 5781 1065 5834 ὃτι
1093 5782 1184 5836 τὸν
1211 5785 1330 5837 ὅλον
1360 5787 1647 5857 ἄνθρωπον
1667 5790 1829 5854 αὐτὸς
1857 5775 2080 5862 ἐποίησε

513 5856 680 5920 δεῖξαι
729 5860 1072 5930 βουλόμενος,
1108 5869 1317 5938 ἀφῆκεν
1356 5873 1518 5941 ἀτελῆ
1562 5874 1768 5939 τοῦτον,
1813 5875 1878 5928 ἵν’
1910 5873 2082 5931 ἐλθὼν
2121 5918 2151 5953 .,_.

1265 371 1371 454 \S:
1395 391 1684 457 JOANNIS
1723 396 2218 454 CHRYSOSTOMI
2252 397 2568 455 ARCHIEP.
2609 399 3156 457 CONSTANTINOP.

3692 402 3786 458 790

2229 514 2462 577 καὶτοὺς
2486 514 2798 586 ὀφθαλμοὺς
2823 515 3078 582 ἀποδοὺς,
3104 514 3191 568 διὰ
3211 513 3303 567 τοῦ
3332 514 3649 588 μέρουςτὴν
3673 516 3788 586 περὶ

2224 597 2319 649 τοῦ
2347 597 2546 660 παντὸς
2570 600 2704 669 ἡμῖν
2730 598 3083 670 ὲγκαταϐάλῃ
3115 599 3316 652 πίστιν.

2295 832 2406 886 Καὶ
2431 833 2532 903 ὅρα
2574 832 2680 886 ποῦ
2704 832 2865 886 τοῦτο
2901 833 3187 906 ἐποίησεν·
3220 831 3321 888 οὐκ
3363 834 3459 890 ἐπί
3494 835 3680 908 χειρὸς
3710 836 3799 891 καὶ

2223 918 2403 984 ποδὸς,
2441 919 2557 972 ἀλλ’
2589 921 2682 974 ἐπὶ
2719 919 3032 990 ὀφθαλμῶν,
3066 917 3162 973 τοῦ
3203 919 3487 974 καλλίστου
3522 923 3618 975 καὶ
3668 923 3798 975 ἀνα-

2223 1002 2550 1069 γκαιοτάτου
2581 1003 2693 1057 τῶν
2725 1003 2905 1075 μελῶν
2929 1001 3038 1056 τῶν
3060 1002 3370 1075 ἡμετέρων,
3403 1005 3498 1057 καὶ
3518 1001 3581 1058 οῦ
3608 1005 3800 1074 τιμιώ-

2221 1102 2382 1156 τερον
2405 1087 2536 1158 ήμῖν
2561 1086 2714 1140 οὐδέν
2749 1088 2866 1140 ἐστι
2897 1086 3078 1158 μέλος.
3125 1088 3184 1139 ὐ
3204 1085 3262 1139 δέ
3294 1087 3356 1140 τὸ
3390 1088 3681 1141 κάλλιπον
3711 1090 3802 1142 καὶ

2223 1170 2655 1238 ἀναγκαιότατον
2687 1171 2984 1225 διαπλάσαι
3029 1171 3302 1242 δυνηθεὶς,
3335 1172 3462 1236 τοὺς
3489 1171 3802 1242 ὀφθαλμοὺς

2224 1253 2378 1327 [555]
2414 1255 2577 1324 λέγω,
2619 1253 2840 1326 εὐδηλον
2872 1255 2954 1309 ὃτι
2983 1256 3077 1310 καὶ
3107 1257 3269 1325 χεῖρα
3300 1257 3394 1313 καὶ
3435 1256 3571 1309 πόδα
3611 1258 3709 1310 καὶ
3735 1257 3805 1310 τά

2221 1339 2384 1394 λοιπὰ
2443 1340 2666 1396 δύναται
2711 1341 3124 1395 κατασκευάσαι
3182 1341 3339 1412 μέλη.
3398 1341 3463 1394 Ὢ
3513 1342 3804 1414 μακαρίων

2221 1423 2516 1494 ὀφθαλμῶν
2551 1423 2798 1487 ἐκείνων,
2823 1424 2872 1477 οἳ
2905 1423 3134 1496 θέατρον
3171 1424 3419 1492 ἐγένοντο
3449 1428 3559 1488 τοῖς
3593 1426 3805 1496 παροῦο

2223 1525 2308 1562 σιν
2335 1508 2526 1569 ἅπασι,
2562 1509 2656 1562 καὶ
2694 1509 2902 1572 πάντας
2952 1509 3086 1580 πρὸς
3129 1508 3357 1572 ἑαυτοὺς
3395 1509 3801 1574 ἐπεσπάσαντο,

2219 1595 2317 1646 καὶ
2341 1593 2526 1665 φωνὴν
2550 1592 2639 1646 διὰ
2660 1591 2753 1645 τοῦ
2781 1592 3013 1656 κάλλους
3038 1593 3281 1663 ἀφῆκαν,
3310 1592 3660 1657 διδάσκοντες
3677 1596 3805 1658 τούς

2219 1677 2789 1750 παρόντας-ἅπαντας
2826 1676 2925 1748 τὴν
2966 1675 3062 1729 τοῦ
3113 1675 3350 1747 Χριστοῦ
3396 1677 3653 1749 δύναμιν.
3691 1678 3805 1732 Καὶ

2217 1757 2287 1834 ἦν
2305 1747 2616 1834 παράδοξον
2642 1762 2702 1815 τὸ
2724 1747 3010 1833 γινόμενον
3029 1778 3043 1793 °
3063 1763 3093 1815 6
3123 1761 3233 1834 γὰρ
3253 1761 3449 1831 τυφλὸς
3477 1747 3606 1826 τοὺς
3626 1764 3804 1833 όρῶν-

2217 1864 2319 1910 τας
2353 1846 2570 1917 βλέπειν
2601 1846 2898 1899 ἐδίδασκεν.
2929 1846 3108 1916 Ὅπερ
3134 1842 3228 1900 οὖν
3264 1847 3357 1899 καὶ
3385 1846 3414 1898 6
3445 1846 3683 1916 Χριστὸς
3711 1845 3805 1916 δη-

2217 1931 2324 1985 λῶν
2357 1931 2542 2000 ἐλεγεν
2561 1947 2575 1960 ·
2603 1931 2708 1996 Είς
2737 1929 2914 1999 κρῖμα
2935 1926 3127 2000 ἦλθον
3152 1933 3240 1996 εὶς
3274 1930 3380 1984 τὸν
3406 1931 3643 1999 κόσμον
3665 1931 3805 1984 τοῦ·
3845 1976 3848 1978 ,

2215 2031 2342 2077 τον,
2391 2016 2493 2071 ἵνα
2523 2017 2578 2068 οι
2612 2013 2700 2083 μὴ
2732 2013 3072 2080 ,βλέποντες
3107 2013 3408 2082 ,Βλέ-ψωσι,
3443 2018 3541 2066 καί
3570 2017 3626 2067 οἱ
3653 2015 3806 2078 ,Βλέ-

2215 2115 2436 2167 ποντες
2465 2097 2679 2168 τυφλοί
2707 2099 3026 2168 τένωνται.’
3053 2099 3118 2150 Ὢ
3155 2097 3456 2170 πηρώσεως
3486 2100 3770 2171 μακαρίας
3787 2117 3800 2128 ·

2214 2185 2310 2248 οὓς
2335 2185 2445 2255 γὰρ
2477 2184 2577 2238 οὐκ
2609 2183 2767 2237 ἔλαϐε
2811 2183 2964 2255 παρὰ
3011 2183 3111 2252 τῆς
3145 2181 3381 2251 φύσεως,
3430 2183 3590 2236 ἔλαϐε
3647 2186 3806 2254 παρά

2213 2270 2313 2339 τῆς
2341 2269 2586 2340 χάριτος,
2624 2267 2780 2321 οὐδὲν
2811 2269 2876 2321 ἐκ
2915 2269 3015 2338 τῆς
3060 2267 3332 2336 ἀναϐολῆς
3368 2267 3679 2338 ζημιωθεὶς
3714 2287 3808 2322 το-

2217 2351 2426 2418 σοῦτον,
2476 2351 2601 2404 ὅσον
2641 2351 2897 2422 ἐκέρδανε
2942 2349 3036 2404 τοῦ
3095 2350 3234 2404 κατά
3278 2350 3377 2422 τὴν
3431 2351 3809 2423 δημιουργίαν

2213 2436 2438 2507 τρόπου.
2475 2433 2540 2487 Τί
2568 2433 2677 2506 γὰρ
2700 2433 2766 2488 ἂν
2791 2434 3004 2504 γένοιτο
3027 2433 3136 2488 τῶν
3155 2433 3452 2506 ὀφθαλμῶν
3482 2434 3808 2505 θαυμαστό-

2211 2509 2372 2592 τερον
2403 2519 2647 2581 ἐκείνων,
2669 2518 2765 2582 οὓς
2798 2519 3017 2590 ἄμωμοι
3051 2520 3146 2572 καὶ
3180 2518 3332 2587 ἅγιαι
3357 2522 3539 2591 χεῖρες
3564 2520 3809 2574 διαπλά-

2215 2619 2306 2656 σαι
2343 2601 2722 2672 κατηξίωσαν;
2759 2602 2869 2657 Καὶ
2901 2603 3038 2674 ὅπερ
3067 2602 3159 2656 ἐπὶ
3187 2604 3286 2673 τῆς
3322 2604 3542 2676 στείρας
3569 2604 3807 2677 συνέϐη,

2212 2687 2370 2740 τοῦτο
2423 2688 2516 2740 καὶ
2565 2686 2801 2741 ἐνταῦθα
2855 2687 3093 2756 ἐγένετο.
3139 2687 3408 2756 Καθάπερ
3444 2689 3553 2760 γὰρ
3607 2690 3809 2760 ἐκείνη

2211 2769 2367 2824 οὐδὲν
2417 2772 2482 2823 ἐκ
2515 2771 2616 2841 τῆς
2657 2770 2970 2842 μελλήσεως
3018 2770 3463 2841 παρεϐλάπτετο,
3509 2773 3652 2826 ἀλλὰ
3705 2776 3810 2826 καὶ

2210 2853 2566 2926 λαμπροτέρα
2592 2854 2794 2926 μᾶλλον
2821 2854 3060 2922 ἐγένετο,
3089 2856 3150 2908 οὐ
3181 2856 3368 2927 νόμοις
3391 2857 3630 2926 φύσεως,
3660 2858 3810 2912 ἀλλὰ.

2211 2937 2396 3011 νόμοις
2427 2940 2648 3011 χάριτος
2679 2939 2740 2992 τὸ
2777 2939 2986 2993 παιδίον
3018 2940 3395 2996 ἀπολαϐοῦσα·
3433 2943 3574 2995 οὕτω
3602 2944 3674 3014 δὴ
3704 2947 3808 2997 καὶ

2210 3023 2240 3076 ό
2274 3023 2476 3092 τυφλὸς
2502 3022 2654 3076 οὐδὲν
2687 3024 2752 3075 ἐκ
2787 3023 2887 3094 τῆς
2917 3023 3292 3096 παρελθούσης
3325 3025 3651 3096 παρεϐλάϐη

2211 3106 2452 3179 ρώσεως,
2486 3105 2622 3160 ἀλλὰ
2647 3109 2740 3161 καὶ
2760 3107 2826 3161 τά
2852 3107 3087 3178 μέγιστα
3117 3109 3369 3163 ἐντεῦθεν
3393 3110 3684 3180 ἐκέρδανε,
3713 3112 3810 3163 τδν

2208 3189 2310 3260 τῆς
2340 3189 2682 3262 δικαιοσύνης
2715 3191 2868 3260 ἥλιον
2916 3191 3182 3262 πρότερον
3223 3192 3352 3247 ίδεῖν
3407 3193 3808 3259 καταξιωθεξ,

2209 3272 2307 3326 καὶ
2338 3274 2459 3327 τότε
2481 3273 2674 3328 τοῦτον
2702 3274 2796 3328 τὸν
2821 3274 3102 3346 αἰσθητόν.

2205 3565 2210 3570 .
2279 3520 2340 3575 ε’.
2366 3520 2551 3574 Ταῦτα
2571 3518 2716 3590 λέγω
2744 3520 2830 3574 ἵνα
2850 3520 2924 3593 μή
2947 3521 3410 3596 δυσχεραίνωμεν,
3433 3521 3664 3577 ἐπειδὰν
3688 3524 3814 3577 ἴδω-

2211 3622 2314 3677 μεν
2344 3605 2378 3676 ἢ
2415 3606 2664 3668 ἑαυτοὺς,
2695 3605 2728 3677 ἢ
2759 3605 2980 3678 ἐτέρους
3011 3607 3167 3670 τινὰς
3187 3608 3246 3659 ἐν
3274 3611 3584 3679 συμφοραῖς
3604 3610 3808 3672 ὄντας.

2215 3690 2309 3743 Ἂν
2325 3691 2434 3760 γάρ
2458 3689 2796 3761 εὐχαρίστως
2814 3690 2909 3744 καὶ
2932 3692 3192 3759 γενναίως
3212 3693 3466 3764 φέρωμεν
3487 3692 3559 3746 τὰ
3582 3711 3651 3747 συ
3659 3696 3812 3764 μπεο

2209 3790 2412 3828 πτοντα
2436 3772 2675 3834 ἅπαντα,
2708 3775 2926 3836 πάντως
2958 3775 3038 3837 είς
3065 3775 3217 3837 τέλος
3244 3776 3479 3847 χρηστὸν
3503 3780 3596 3831 καὶ
3625 3780 3815 3832 πολλὰ

2206 3855 2328 3927 ἕχον
2350 3855 2531 3925 ἀγαθὰ
2558 3857 2708 3909 πᾶσα
2738 3858 2871 3927 ἡμῖν
2894 3857 3264 3929 ἀπαντήσεται
3285 3860 3318 3930 ή
3340 3875 3406 3911 συ
3415 3861 3624 3931 μφορά.
3654 3862 3816 3914 ‘AD.’

2204 3941 2342 4012 ὅπερ
2364 3939 2674 4012 ἠϐουλήθην
2700 3941 2896 4006 εἰπεῖν,
2925 3942 3008 3994 ὅτι
3037 3940 3227 4013 ῶσπερ
3251 3942 3320 3995 τὰ
3343 3942 3577 4014 σώματα
3593 3945 3818 4010 ἐνδεῶς

2205 4023 2400 4094 ἔχοντα
2431 4023 2821 4094 ἀπηρτισμένα
2849 4024 3274 4093 κατεσκεύαζεν,
3302 4026 3446 4080 οὕτω
3468 4030 3570 4082 καὶ
3591 4029 3690 4082 τὸν
3716 4031 3820 4082 v6-

2206 4127 2306 4180 μον
2332 4107 2501 4178 ἀτελῆ
2529 4106 2711 4161 λαϐὼν
2747 4108 3047 4180 ἐρῤύθμιζε
3080 4111 3175 4163 καί⁵
3199 4109 3481 4164 διέπλαττε
3520 4114 3620 4166 καὶ
3655 4115 3819 4186 πρὸς

2200 4195 2263 4248 τὸ
2295 4193 2503 4264 βέλτιον
2532 4191 2714 4263 ἐξῆγε.
2748 4193 2955 4263 Μηδεὶς
2978 4193 3036 4247 δέ
3069 4193 3281 4250 ἀκούων
3302 4197 3382 4249 ὅτι
3404 4199 3434 4250 6
3458 4197 3631 4268 νόμος
3665 4201 3814 4252 ἁτε-

2202 4279 2298 4352 λὴς
2320 4274 2410 4350 ἦν,
2431 4277 2526 4330 τοῦ
2553 4277 2738 4340 θέντος
2759 4277 2922 4330 αὐτὸν
2954 4276 3282 4350 κατηγορεῖν
3311 4280 3459 4351 ήμᾶς
3489 4282 3812 4354 νομιζέτω.

2214 4363 2437 4434 ’Δτελὴς
2455 4361 2566 4434 γὰρ
2585 4361 2790 4425 ἐκεῖνος
2818 4361 2880 4416 οὐ
2898 4363 3050 4433 παρὰ
3076 4363 3176 4435 τὴν
3201 4364 3408 4418 οἰκείαν
3429 4365 3623 4435 φύσιν,
3653 4369 3817 4423 ἀλλὰ

2203 4454 2356 4527 παρὰ
2387 4455 2480 4507 τὸν
2513 4453 2704 4525 χρόνον
2730 4453 2917 4508 λοιπὸν
2947 4456 3189 4523 ἐγίνετο·
3216 4457 3336 4510 ἐπεὶ
3359 4460 3509 4514 κατά
3541 4462 3638 4515 τὸν
3669 4480 3818 4517 και-

2203 4539 2317 4610 ρὸν,
2345 4537 2404 4591 δν
2433 4536 2749 4608 εἰσηνέχθη,
2788 4539 2992 4609 σφόδρα
3016 4539 3219 4604 τέλειος
3250 4536 3339 4612 ἦν,
3369 4543 3465 4596 καὶ
3495 4547 3616 4609 τοῖς
3641 4545 3822 4617 δεχο-

2202 4622 2386 4695 μένοις
2417 4621 2582 4675 αὐτδν
2608 4621 2944 4693 κατάλληλος
2965 4639 2979 4652 °
3013 4624 3199 4694 ἐπειδὴ
3229 4625 3284 4678 δέ
3317 4627 3456 4697 πρὸς
3482 4629 3550 4682 τὸ
3580 4631 3822 4701 βέλτιον

2199 4707 2292 4761 ὑπ’
2327 4706 2538 4759 ἐκείνου
2569 4706 2925 4760 παιδευθεῖσα
2961 4707 3146 4762 λοιπὸν
3179 4709 3398 4780 ἡφύσις
3429 4714 3819 4780 ἐπιδέδωκεν,

2197 4790 2581 4862 ἀτελέστερος,
2613 4791 2671 4843 οὐ
2697 4790 2849 4863 παρὰ
2870 4793 2971 4864 τὴν
3005 4793 3213 4847 οἰκείαν
3241 4795 3420 4864 φύσιν,
3450 4797 3592 4851 ἀλλὰ
3632 4804 3821 4873 παρὰ

2196 4875 2297 4946 τὴν
2329 4874 2574 4928 ἐπίδοσιν
2603 4875 2704 4945 τῆς
2730 4874 2937 4946 ἀρετῆς
2960 4875 3069 4929 τῶν
3100 4877 3191 4930 ὐπ’
3219 4878 3382 4931 αὐτοῦ
3416 4879 3825 4951 διδαχθέντων

2194 4952 2349 5020 οὗτος
2383 4958 2618 5042 ἐγένετο,
2654 4957 2772 5042 Καὶἶ
2812 4957 3064 5029 καθάπερ
3095 4960 3227 5027 τόξα
3263 4963 3358 5015 καὶ
3391 4961 3547 5034 βέλη,
3583 4969 3826 5042 παιδίῳ

2195 5039 2714 5095 κατασκευασθέντα
2752 5041 3018 5113 βασιλικῷ
3067 5043 3206 5115 πρὸς
3233 5049 3544 5116 γυμνασίαν
3580 5039 3828 5121 μᾶλλον

2193 5126 2227 5196 ἢ
2262 5125 2399 5197 πρὸς
2431 5125 2614 5196 μάχην
2651 5125 2748 5180 καὶ
2780 5126 3038 5198 πόλεμον,
3068 5129 3395 5201 αὐξηθέντος
3422 5132 3478 5186 δὲ
3509 5134 3612 5188 τοῦ
3669 5157 3830 5195 παι-

2191 5209 2306 5296 δίου
2350 5210 2445 5262 καὶ
2481 5209 2745 5296 μαθόντος
2776 5210 3086 5296 ἀριστεύειν
3115 5213 3176 5266 ἐν
3215 5213 3492 5286 πολέμοις,
3529 5220 3831 5296 ἀχρηστα

2192 5291 2433 5381 γίνεται·
2476 5291 2622 5381 οὕτω
2648 5291 2988 5381 δὴ-καίέπὶ
3019 5295 3118 5381 τῆς
3171 5297 3384 5366 φύσεως
3419 5291 3636 5374 συνέϐη
3685 5291 3832 5381 ’τῆς

2190 5376 2466 5447 ἡμετέρας
2486 5391 2500 5404 ·
2527 5375 2692 5445 ἡνίκα
2720 5376 3071 5449 ἀτελέστερον
3098 5380 3408 5452 διεκείμεθα
3439 5386 3540 5437 καὶ
3567 5375 3828 5458 γυμνά.

2190 5459 2378 5524 ζεσθαι
2418 5459 2816 5544 ἐμανθάνομεν,
2849 5462 3159 5536 κατάλληλα
3196 5466 3327 5536 ήμῖν
3370 5465 3579 5523 ἔδωκεν
3617 5474 3821 5544 ὅπλα,

2189 5545 2352 5634 ὅιίιτερΔ
2378 5543 2691 5634 ἠδυνάμεθα
2741 5547 2930 5634 φέρειν
2988 5549 3105 5634 μετ’
3132 5550 3434 5634 εὐκολίαςο
3479 5552 3715 5634 ἐπειδὴ

2187 5626 2502 5698 ηὐξήθημεν
2548 5628 2732 5682 λοιπὸν
2779 5631 2922 5684 κατά
2960 5631 3050 5687 τὸν
3090 5633 3189 5704 τῆς
3214 5634 3413 5706 ἀρετῆς
3444 5635 3648 5708 λόγον,

2185 5711 2285 5798 τῆς
2301 5711 2468 5798 ὴμξτέ
2478 5729 2578 5798 pf;
2599 5713 2939 5786 τελειότητος
2953 5717 3135 5769 ἐκεῖνα
3163 5716 3344 5771 λοιπὸν
3361 5719 3529 5791 ἀτελῆ
3554 5727 3821 5798 γέγονε.

2187 5794 2287 5847 Διὰ
2308 5795 2467 5849 τοῦτό
2491 5792 2654 5867 ἦλθεν
2675 5801 2703 5852 ό
2732 5800 2968 5870 Χριστὸς
2995 5801 3158 5873 ἕτερα
3189 5804 3407 5874 μείζονα
3435 5792 3828 5884 ἐγχειρίζων

2185 5878 2337 5948 ἡμῖν.
2371 5881 2480 5934 Καὶ
2508 5881 2700 5936 σκόπει
2740 5884 2861 5954 μεθ’
2890 5885 3038 5956 ὅσης·
3056 5887 3322 5952 συνέσεως
3353 5890 3446 5944 καὶ
3483 5878 3644 5962 τοὺς
