3868 6312
40 431 124 485 τις)
821 418 911 478 DE
947 417 1212 478 CHRISTI
1252 414 1601 479 PRECIBUS,

1713 412 1910 467 lNTRA
1954 412 2326 471 ΑΝοΜοΕοε.
2368 413 2435 468 Χ.

1686 543 1804 583 cum
1832 529 2084 595 venisset,
2108 540 2266 601 atque
2291 532 2474 587 oculos
2503 533 2571 587 illi
2612 535 2948 604 restituisset,
2974 539 3141 605 partis
3174 543 3267 592 be-

1684 620 1873 674 nelicio
1901 618 1968 674 de
1995 630 2105 675 toto
2133 622 2288 675 ﬁdem
2317 623 2593 679 insereret.

35 546 208 602 ldlutllt.
233 541 286 598 Β.
314 541 407 612 Δ).
436 550 491 598 et
516 542 616 596 hoc
643 541 860 596 llesaias
880 557 1065 602 rursus
1085 536 1423 600 vociferatur,
1440 532 1567 587 dum

35 648 87 685 et
106 644 318 700 persona
340 629 582 685 Deidicit
599 648 612 684 :
631 629 801 699 Super
812 648 963 704 quem
977 634 1279 701 respiciam,
1305 632 1407 685 nisi
1425 646 1581 699 super

35 725 189 777 mitem
206 732 252 774 et
276 722 524 790 quietum,
542 730 593 776 et
612 732 909 778 trementem
922 738 1182 777 sermones
1202 740 1337 777 meos
1370 721 1578 792 (Hesai.

35 812 167 881 [56.2)
182 812 207 864 ?
228 809 377 865 Beati
393 812 756 869 misericordes
774 813 993 880 (Matth.
1011 816 1064 870 5.
1085 814 1139 885 7)
1161 833 1173 868 :
1193 824 1246 873 et
1268 815 1369 869 hoc
1390 829 1581 869 rursus

35 905 212 975 ubique
221 902 523 973 dispersum
538 914 643 960 est.
666 904 748 960 Ne
760 906 1044 975 defraudes
1057 906 1581 976 enim,inquit,vitam

35 997 273 1064 pauperis.
293 996 580 1065 supplicem
606 998 660 1050 in
682 997 1028 1051 tribulatione
1043 1000 1272 1063 positum
1290 1016 1352 1051 ne
1368 999 1580 1065 rejicias

35 1089 189 1163 Iuli.
216 1088 270 1145 4.
295 1088 352 1159 4)
381 1105 395 1140 ;
434 1095 487 1141 ct
513 1101 699 1157 magna
735 1085 929 1156 ubique
960 1084 1182 1141 habetur
1210 1086 1411 1142 mentio
1436 1086 1587 1141 beni-

35 1183 233 1245 tnitatis.
267 1180 405 1233 Beati
436 1180 609 1232 mundi
649 1179 798 1231 corde
826 1177 1037 1249 (Matth.
1066 1179 1119 1234 5.
1150 1180 1228 1249 8).
1277 1180 1387 1233 Hoc
1424 1180 1584 1235 etiam

38 1274 140 1326 fixit
162 1269 316 1325 David
353 1287 365 1323 :
398 1270 497 1322 Cor
519 1267 760 1321 mundum
780 1284 893 1320 cred
913 1269 964 1320 in
992 1283 1070 1321 me
1102 1267 1258 1334 Deus,
1287 1278 1334 1322 et
1352 1269 1587 1337 spiritum

36 1376 190 1418 totum
217 1363 398 1415 innova
423 1361 473 1412 in
503 1360 770 1412 visceribus
794 1361 914 1413 meis
944 1357 1114 1431 (Psal.
1143 1360 1232 1417 50.
1267 1359 1355 1431 12)
1401 1378 1414 1415 :
1459 1360 1586 1415 reli-

36 1470 137 1523 luas
178 1452 335 1506 etiam
385 1450 738 1505 beatitudines
790 1450 833 1503 si
876 1451 993 1518 quis
1031 1460 1328 1519 percurrat,
1370 1450 1586 1504 multam

36 1543 343 1597 roncordiatn
388 1557 509 1596 esse
556 1544 868 1610 comperiet.
914 1540 1022 1595 Cur
1067 1541 1245 1610 igitur,
1296 1556 1415 1595 cum
1461 1541 1590 1594 nihil

35 1632 327 1685 suturarium
358 1631 620 1699 prioribus
646 1630 892 1694 dixisset,
923 1630 1119 1698 adjecit
1146 1647 1158 1681 :
1193 1629 1366 1684 Nolite
1392 1640 1588 1700 putare,

35 1724 242 1779 "torrium
269 1722 381 1774 ueni
420 1721 610 1774 soluere
650 1720 830 1789 legem.
871 1730 957 1773 aut
990 1720 1262 1791 prapltetas
1291 1719 1504 1791 (Matth.
1534 1720 1588 1775 5.

47 1818 73 1869 Ἰ
90 1817 143 1883 )?
168 1813 288 1868 Non
311 1813 381 1867 ob
407 1827 469 1867 ea
493 1828 609 1881 qua:
637 1812 775 1866 dicta
800 1811 1009 1866 fuerant
1047 1811 1182 1865 hanc
1209 1813 1591 1866 correctionem

35 1905 268 1974 tdjuuxit.
316 1903 451 1958 Nam
499 1906 622 1971 quia
673 1903 740 1956 ad
790 1901 1256 1971 ampliﬁcationem
1310 1901 1591 1972 quamdam

35 1996 385 2051 uaudatorum
421 1994 642 2064 gradum
674 1992 908 2047 facturus
933 2003 1065 2057 erat,
1107 2008 1176 2047 ne
1209 1994 1593 2048 incrementum

35 2098 259 2144 tutarent
285 2087 685 2157 repugnantiam
717 2102 835 2141 esse
864 2086 1167 2155 quamdam,
1203 2096 1297 2141 aut
1330 2087 1601 2141 accessio-

36 2199 123 2237 IL‘m
145 2195 271 2237 esse
301 2194 557 2250 pugnam,
598 2178 796 2232 idcirco
833 2177 986 2242 dixit,
1021 2176 1195 2231 Nolite
1232 2187 1429 2248 putare,
1469 2195 1596 2248 quo-

35 2274 141 2326 :iam
172 2271 292 2326 veni
316 2271 508 2324 solvere
546 2270 723 2340 legem,
751 2279 836 2322 aut
862 2268 1133 2339 prophetas
1163 2285 1182 2322 :
1214 2270 1312 2323 hoc
1338 2278 1437 2332 est,
1479 2284 1599 2337 pcr-

35 2365 222 2419 ectiora
254 2362 499 2417 dicturus
521 2375 637 2415 sum
667 2360 750 2425 iis,
780 2375 898 2430 qua:
926 2368 1051 2415 ante
1074 2367 1198 2415 sunt
1216 2359 1376 2414 dicta.
1400 2362 1595 2415 Exem-

36 2459 74 2511 tli
98 2470 288 2519 causa,
331 2454 576 2510 Audistis.
606 2449 724 2506 Non
752 2454 945 2506 occides
971 2468 990 2507 :
1017 2469 1107 2523 ego
1136 2462 1301 2507 autem
1317 2453 1456 2517 dico,
1473 2448 1599 2506 Non

36 2549 260 2601 'asceris.
307 2545 553 2606 Audistis,
584 2541 706 2598 Non
747 2543 1091 2609 mwchaberis,
1140 2560 1229 2613 ego
1266 2552 1435 2596 autem
1462 2542 1597 2607 dico,

35 2638 339 2700 luicumque
353 2630 626 2687 mulierem
663 2631 868 2701 respicit
886 2633 952 2685 ad
976 2634 1431 2702 concupiscendum
1466 2650 1597 2699 eam,

36 2744 103 2779 tm
137 2727 431 2780 mmeltatus
475 2727 546 2773 est
599 2721 817 2797 (Matth.
846 2723 989 2778 5.2-1.
1020 2724 1109 2777 22.
1137 2725 1227 2778 27.
1252 2723 1367 2795 28),
1400 2734 1454 2779 et
1477 2725 1601 2779 talia

36 2834 384 2890 mecumque.
411 2818 489 2873 Ne
516 2819 672 2889 igitur
695 2818 1089 2888 abrogationem
1110 2832 1230 2873 esse
1260 2818 1451 2887 putetis
1469 2831 1602 2872 con-

35 2913 432 2968 ummationem
457 2928 472 2965 :
504 2926 610 2967 non
637 2911 778 2966 enim
802 2920 885 2966 est
910 2910 1208 2980 abrogatio,
1236 2910 1328 2965 sed
1355 2910 1604 2979 adimple-

36 3019 69 3057 ο
100 3022 113 3055 :
155 3013 214 3057 et
243 3002 398 3073 quod
430 3002 481 3057 in
510 3002 823 3071 corporibus
851 3001 993 3067 fecit,
1025 3001 1126 3055 hoc
1154 3011 1209 3057 et
1239 3002 1289 3054 in
1317 3002 1434 3071 lege
1458 3002 1601 3055 facit.

36 3096 131 3149 uid
182 3105 381 3150 autem
434 3095 487 3149 in
524 3094 838 3164 corporibus
882 3094 1168 3163 prmstitit?
1196 3093 1327 3149 Cum
1365 3095 1603 3149 mutilata

35 3187 161 3241 mlta
192 3189 450 3242 membra
478 3188 783 3255 reperisset,
812 3196 865 3241 et
890 3185 1071 3242 omnia
1098 3185 1311 3241 defectu
1340 3186 1603 3253 laborare,

35 3277 253 3343 erfecit,
300 3286 363 3333 et
388 3277 446 3333 in
465 3280 874 3337 convenientem
901 3278 1139 3335 restituit
1162 3276 1606 3347 pulchritudinem

35 3370 457 3439 .integritatem
487 3385 502 3422 :
533 3383 596 3422 ac
626 3369 786 3423 rebus
810 3368 938 3437 ipsis
966 3368 1211 3422 omnibus
1236 3368 1504 3438 patefecit,
1548 3382 1609 3424 se

35 3469 245 3514 :terum
291 3461 480 3530 legum
528 3468 798 3514 auctorem
849 3459 1031 3526 fuisse,
1080 3474 1149 3513 ac
1179 3471 1383 3515 natura:
1411 3466 1610 3515 nostra!

35 3552 379 3606 mditorcm.

53 3642 374 3712 Conﬁrmat
393 3641 622 3697 Christus
640 3658 702 3696 ea:
724 3642 985 3696 sanatione
1010 3641 1149 3709 (εωεί,
1178 3658 1230 3696 se
1249 3643 1412 3714 legum
1433 3652 1612 3695 aucto-

36 3751 85 3785 ιιι
104 3733 523 3803 assa—Atque
544 3732 643 3787 hoc
662 3732 808 3786 illum
829 3732 1111 3788 ostendere
1126 3733 1411 3796 studuisse,
1439 3748 1504 3789 ex
1522 3748 1608 3787 sa-

35 3829 214 3882 rtione
242 3826 396 3881 caeci
438 3826 702 3896 praecipue
741 3836 967 3881 constat.
1018 3827 1339 3882 Prmteriens
1377 3830 1517 3882 enim
1561 3835 1615 3882 et

36 3937 193 3974 tcum
219 3918 537 3990 quemdam
565 3919 770 3985 videns,
802 3919 969 3973 lutum
998 3918 1142 3983 fecit,
1168 3930 1224 3974 et
1247 3919 1506 3990 ejusmodi
1529 3920 1613 3974 lu-

36 4030 91 4068 m
123 4014 325 4068 oculis
364 4012 537 4067 illevit
572 4012 874 4077 excmeatis,
913 4013 1066 4082 eique
1094 4012 1226 4067 dixit
1257 4030 1271 4066 :
1322 4012 1475 4077 Vade,
1503 4013 1617 4067 lava

44 4107 277 4161 Siloam
326 4103 519 4173 (Joan.
557 4104 610 4159 9.
644 4103 696 4159 (i.
728 4103 804 4175 7).
844 4104 1007 4173 Cujus
1036 4105 1112 4159 rei
1151 4105 1318 4175 gratia
1356 4119 1475 4159 cum
1502 4108 1617 4159 sofo

35 4212 127 4251 ssu
154 4206 439 4252 mortuos
466 4194 767 4265 frequenter
793 4196 1031 4259 suscitet,
1060 4204 1114 4251 et
1149 4195 1250 4250 alia
1278 4197 1441 4251 multa
1471 4196 1618 4252 simi-

66 4287 213 4343 edat
240 4286 552 4352 miracula,
580 4286 667 4341 hic
689 4301 824 4356 Opus
848 4287 1111 4357 quoddam
1140 4288 1341 4357 adjicit,
1385 4288 1510 4343 dum
1533 4289 1617 4343 lu-

35 4396 84 4433 m
123 4378 417 4443 conﬁcit,
461 4386 519 4432 et
555 4378 630 4432 illi
666 4378 850 4433 oculos
881 4379 1066 4449 ﬁngit?
1105 4379 1239 4433 Num
1277 4380 1407 4434 satis
1454 4380 1620 4451 liquet

36 4475 187 4529 :irco
213 4472 277 4527 id
309 4470 441 4526 ﬁeri
464 4511 481 4536 ,
513 4480 570 4525 ut
603 4486 724 4526 cum
749 4472 1017 4527 audiveris
1049 4472 1212 4528 Deum
1243 4474 1513 4542 pulverem
1530 4488 1619 4528 ac-

35 4568 192 4635 pisse
220 4565 307 4619 de
347 4572 499 4617 terra
531 4561 906 4633 hominemque
934 4563 1212 4630 formasse,
1241 4564 1416 4619 discas
1442 4565 1614 4631 exiis,

36 4676 85 4713 ξιξ
120 4672 296 4713 nunc
323 4662 619 4726 geruntur,
660 4654 801 4709 hunc
826 4656 970 4709 illum
996 4671 1135 4723 esse,
1166 4658 1253 4727 qui
1296 4658 1562 4713 hominem
1587 4674 1619 4713 a

36 4752 260 4822 incipio
318 4748 625 4804 formavit?
662 4747 871 4819 Alioqui
900 4749 1001 4803 nisi
1031 4752 1131 4804 hoc
1169 4751 1401 4807 indicare
1436 4752 1617 4817 vellet,

35 4843 343 4915 perﬂuum
377 4840 576 4895 fuisset
598 4839 648 4894 id
671 4840 810 4910 quod
828 4842 1033 4911 agebat.
1057 4842 1254 4898 Deinde
1275 4853 1331 4897 ut
1358 4844 1621 4913 intelligas

36 4953 120 4990 tm
151 4934 273 4989 luti
311 4931 471 4987 nihil
500 4929 568 4984 ad
600 4930 771 4985 visum
799 4947 941 4986 caeco
971 4934 1355 4988 restituendum
1390 4936 1620 5005 opitula-

36 5044 72 5083 η
121 5026 211 5082 illi
266 5036 448 5086 esse,
497 5021 588 5076 sed
615 5021 815 5091 absque
843 5022 928 5076 illa
956 5026 1176 5078 materia
1205 5025 1321 5079 solo
1341 5024 1491 5093 jussu
1517 5025 1621 5080 lin-

35 5136 87 5175 re
138 5117 378 5174 oculos
419 5113 676 5182 potuisse,
720 5114 959 5184 adjungit
997 5124 1050 5169 et
1091 5116 1198 5170 ait:
1243 5115 1398 5183 Vade,
1426 5117 1538 5170 lava
1569 5118 1624 5171 in

36 5213 202 5266 ’oam.
260 5208 595 5273 Postquam
634 5205 776 5259 enim
803 5205 917 5274 ipso
944 5206 1024 5259 sui
1051 5205 1244 5273 Opiﬁcii
1274 5207 1432 5261 modo
1471 5208 1624 5263 nobis

36 5304 247 5367 endit,
289 5296 451 5370 quis
474 5304 618 5351 esset
634 5296 726 5367 qui
749 5295 1019 5352 hominem
1040 5313 1067 5350 a
1086 5298 1347 5368 principio
1366 5308 1621 5365 creasset,

35 5413 83 5453 tc
124 5396 223 5451 ait
257 5391 391 5459 illi,
443 5386 602 5453 Vade,
651 5387 765 5442 lava
787 5388 842 5443 in
872 5388 1086 5443 Siloam.
1118 5389 1186 5445 Ut
1214 5390 1372 5460 igitur
1395 5390 1628 5461 optimus

36 5490 289 5546 tuarius
324 5482 544 5538 volens
571 5496 668 5551 per
694 5496 854 5552 opera
880 5495 1029 5536 suam
1066 5482 1308 5552 peritiam
1335 5491 1626 5551 ostentare,

36 5597 188 5642 -ιεω
222 5574 567 5654 quamdam
595 5575 813 5642 omittit,
858 5574 982 5630 dum
1024 5584 1250 5630 statuam
1291 5577 1457 5649 lingit,
1490 5579 1627 5633 utin

43 5676 218 5748 quod
249 5673 481 5731 deest,
526 5666 688 5743 totius
713 5666 890 5735 operis
912 5668 1181 5737 specimen
1205 5669 1334 5723 artis
1362 5668 1485 5725 edat
1514 5687 1527 5724 :
1562 5670 1633 5724 ita

35 5775 232 5827 ristus
260 5764 479 5821 etiam
506 5772 626 5813 cum
666 5757 899 5813 indicare
927 5759 1084 5815 vellet
1110 5770 1278 5816 totum
1304 5760 1573 5816 hominem
1603 5776 1635 5817 a

42 5865 243 5919 fuisse
302 5848 663 5917 conditum,
709 5848 849 5905 hunc
882 5850 1250 5921 imperfectum
1300 5854 1541 5926 reliquit,
1581 5864 1637 5910 ut

3161 418 3265 476 790

1755 708 1857 769 Cur
1872 712 1923 763 in
1943 712 2100 766 oculis
2122 712 2421 766 miraculum
2436 714 2800 772 editum—Ac
2818 717 2936 773 vide
2953 733 3055 787 qua
3079 720 3129 772 in
3150 733 3271 788 paro

1686 802 1803 857 teid
1824 804 2162 873 prtestiterit:
2189 805 2360 859 nonin
2382 820 2561 870 manu,
2590 821 2651 860 ac
2677 807 2828 876 pede,
2856 809 2948 863 sed
2979 811 3032 863 in
3072 811 3269 873 oculis,

1686 896 1827 965 quod
1869 896 2226 950 membrorum
2277 907 2576 951 nostrorum
2622 899 3032 967 pulcherrimum
3072 912 3175 962 est.
3217 913 3271 956 et

1688 989 1924 1044 maxime
1939 990 2315 1052 necessarium,
2331 1001 2498 1061 etquo
2512 992 2707 1045 nullum
2723 992 2875 1047 nobis
2890 994 3169 1062 pretiosius
3188 1004 3274 1049 est

1689 1078 2004 1133 membrum.
2022 1078 2284 1136 Caeterum
2300 1082 2388 1151 qui
2406 1082 2818 1153 pulcherrimum
2836 1086 3167 1155 maximeque
3179 1102 3245 1139 ne
3257 1118 3272 1126 -

1691 1171 1977 1227 cessarium
1993 1173 2188 1243 ﬁngere
2205 1175 2394 1242 potuit,
2410 1175 2658 1229 nimirum
2674 1176 2875 1241 oculos,
2900 1174 3038 1231 haud
3052 1175 3274 1233 dubium

1691 1265 1818 1333 quin
1835 1278 2046 1318 manum
2062 1278 2271 1335 quoque
2288 1265 2557 1336 etpedem,
2578 1282 2640 1322 ac
2653 1277 2841 1321 caetera
2856 1268 3022 1337 possit
3034 1268 3273 1323 membra

1693 1354 1945 1409 formare.
1978 1354 2021 1410 Ο
2048 1356 2231 1411 beatos
2256 1356 2375 1411 illos
2399 1356 2581 1412 oculos
2599 1398 2615 1421 ,
2659 1358 2749 1427 qui
2779 1357 3136 1427 spectaculum
3158 1373 3275 1412 om-

1693 1445 1850 1501 nibus
1871 1444 2102 1511 luerunt,
2133 1447 2224 1516 qui
2245 1447 2484 1510 aderant,
2507 1455 2560 1499 ct
2586 1461 2772 1501 omnes
2792 1447 2856 1502 ad
2886 1463 2945 1502 se
2972 1448 3273 1517 rapiebant,

1696 1551 1983 1605 vocemque
1994 1549 2252 1604 persuam
2266 1536 2709 1607 pulchritudinem
2731 1540 3029 1606 mittebant,
3052 1550 3106 1596 et
3123 1541 3277 1596 Chri-

1697 1629 1762 1682 sri
1781 1629 2026 1683 virtutem
2048 1641 2235 1683 onmes
2252 1627 2523 1683 adstantes
2543 1628 2825 1685 docebant.
2850 1631 3131 1687 Enimvero
3153 1647 3277 1702 per-

1697 1718 1891 1773 mirum
1922 1717 2037 1782 fnit,
2068 1718 2207 1788 quod
2236 1717 2414 1782 ﬁebat,
2444 1733 2562 1773 cum
2594 1734 2768 1775 emcns
2794 1721 3033 1776 videntes
3057 1737 3280 1777 cernere

1698 1808 1915 1863 doceret
1946 1827 1959 1863 :
1986 1809 2128 1877 quod
2170 1809 2349 1879 utique
2388 1808 2631 1865 Christus
2676 1811 2913 1865 indicans
2952 1812 3125 1866 aiebat
3158 1829 3171 1865 :
3215 1812 3279 1866 la

1690 1898 1941 1968 judicium
1963 1900 2076 1953 ueni
2114 1900 2169 1954 in
2197 1901 2329 1956 hunc
2353 1903 2617 1966 mundum,
2653 1914 2708 1957 ut
2736 1904 2823 1972 qui
2851 1920 2950 1958 non
2979 1905 3171 1968 vident,
3200 1907 3276 1957 vi.

1699 1988 1869 2054 deant,
1897 1998 1944 2042 et
1966 1990 2053 2058 qui
2078 1990 2264 2055 uident,
2286 1993 2405 2046 cteci
2429 1993 2554 2061 [iant
2581 1991 2757 2063 (Joan.
2785 1995 2837 2048 9.
2862 1993 2974 2063 59).
3000 1993 3044 2049 0
3066 1994 3278 2049 beatam

1699 2081 2021 2137 caacitatem!
2046 2082 2191 2149 Quos
2218 2084 2359 2138 enim
2387 2098 2416 2136 a
2448 2092 2635 2138 natura
2666 2100 2768 2138 non
2790 2086 3013 2154 accepit,
3052 2101 3081 2138 a
3111 2087 3283 2155 gratia

1701 2174 1926 2243 accepit,
1974 2188 2073 2228 nec
2123 2182 2325 2228 tantum
2360 2176 2536 2228 damni
2570 2190 2758 2244 passus
2781 2185 2863 2231 est
2895 2192 2959 2231 ex
3002 2177 3281 2240 dilatione,

1702 2276 1955 2336 quantum
2007 2282 2071 2321 ex
2108 2266 2305 2336 opiﬁcii
2350 2267 2512 2321 modo
2548 2268 2777 2323 lucratus
2822 2280 2922 2323 est.
2967 2270 3103 2336 Quid
3141 2270 3284 2324 enim

1702 2358 1871 2414 oculis
1908 2358 2013 2413 illis
2056 2358 2171 2413 lteri
2209 2366 2385 2427 potest
2414 2357 2728 2419 mirabilius,
2774 2375 2907 2427 quos
2935 2360 3287 2415 immaculata:

1703 2461 2006 2518 Sanctceque
2025 2464 2215 2503 manus
2239 2449 2341 2503 illae
2366 2448 2563 2519 ﬁngere
2584 2450 2810 2519 dignata:
2835 2453 2995 2505 sunt?
3024 2451 3285 2521 Quodque

1704 2542 1757 2596 in
1781 2541 1947 2597 sterili
1971 2541 2181 2607 accidit,
2213 2541 2314 2597 hoc
2344 2544 2536 2597 factum
2559 2544 2767 2597 esthoc
2795 2544 2930 2597 loco.
2960 2543 3088 2598 Nam
3119 2553 3176 2598 ut
3199 2546 3286 2599 illa

1705 2635 1908 2689 nullum
1945 2650 2011 2689 ex
2036 2634 2287 2689 dilatione
2313 2636 2456 2703 cepit
2478 2634 2873 2696 detrimentum.
2904 2636 2997 2690 sed
3026 2637 3191 2690 multo
3221 2638 3283 2690 il-

1705 2725 1920 2779 lustrior
1939 2726 2127 2789 evasit,
2155 2741 2272 2793 qua:
2299 2741 2401 2779 non
2434 2726 2550 2794 lege
2580 2735 2798 2785 naturie.
2840 2726 2931 2779 sed
2966 2726 3080 2797 lege
3104 2728 3288 2796 gratia:

1706 2817 1869 2871 lilium
1898 2817 2137 2887 accepit:
2167 2817 2245 2871 sic
2272 2818 2520 2871 nimirum
2549 2827 2602 2870 et
2626 2831 2798 2872 Caecus
2843 2817 2973 2872 nihil
3006 2835 3071 2871 ex
3100 2831 3288 2888 praetc-

1707 2910 1807 2964 rita
1832 2911 1992 2965 laesus
2031 2917 2115 2965 est
2151 2912 2407 2978 excitate,
2456 2911 2547 2966 sed
2578 2912 2759 2981 ingens
2786 2912 2993 2967 lucrum
3020 2914 3141 2969 inde
3169 2930 3290 2984 per-

1707 3001 1867 3071 cepit,
1893 3001 1979 3056 cui
2006 3001 2186 3056 datum
2212 3013 2311 3066 est,
2343 3013 2400 3058 ut
2429 3005 2571 3073 prius
2596 3005 2760 3059 solem
2790 3006 3005 3074 justithe
3023 3016 3288 3071 cerneret,

1708 3109 1771 3148 ac
1792 3093 1986 3149 deinde
2014 3092 2153 3149 hunc
2180 3095 2475 3164 subjectum
2507 3096 2773 3151 sensibus.

1779 3186 1832 3241 5.
1861 3185 1972 3241 Lex
2010 3186 2302 3258 imperfecta
2327 3188 2595 3252 quomodo.
2617 3218 2688 3229 ——
2716 3188 2837 3243 lla-c
2862 3205 2890 3242 a
2922 3204 3006 3244 me
3021 3189 3294 3256 dicuntur,

1711 3291 1780 3332 ne
1814 3292 1955 3348 aegre
2002 3277 2257 3344 feramus,
2297 3279 2341 3333 si
2370 3279 2581 3349 quando
2605 3279 2684 3334 vel
2713 3295 2811 3335 nos
2841 3282 3003 3350 ipsos,
3052 3283 3131 3335 vel
3161 3283 3294 3336 alios

1711 3368 1968 3438 quosdam
1999 3370 2168 3440 premi
2194 3370 2580 3425 calamitatibus
2600 3371 2873 3426 videamus
2903 3390 2916 3427 :
2939 3374 2982 3428 si
3010 3374 3150 3428 enim
3173 3390 3293 3427 cmn

1711 3458 1997 3529 gratiarum
2026 3460 2233 3516 actione
2278 3476 2343 3516 ac
2384 3461 2648 3530 patienter
2685 3461 2915 3517 feramus
2948 3473 3136 3518 cuncta
3180 3479 3298 3533 qua:

1714 3550 1982 3617 accidunt,
2019 3552 2238 3606 omnino
2265 3553 2462 3608 bonum
2505 3552 2661 3608 ﬁnem
2708 3553 2993 3623 multisque
3024 3554 3175 3609 bonis
3204 3572 3299 3609 cu~

1717 3642 1973 3697 mulatum
2000 3644 2174 3698 omnis
2202 3652 2379 3699 nostra
2408 3644 2683 3699 calamitas
2705 3645 2977 3700 sortietur.
3022 3645 3127 3700 Sed
3158 3648 3299 3715 quod

1716 3733 1897 3789 dicere
1923 3734 2165 3789 volebam
2192 3734 2638 3804 quemadmodum
2668 3751 2909 3804 corpora,
2941 3752 3060 3806 qua:
3088 3738 3296 3792 defectu

1716 3822 2049 3891 laborabant,
2079 3823 2310 3893 perfecta
2339 3834 2394 3880 et
2413 3826 2614 3896 integra
2656 3826 2919 3881 reddidit:
2949 3828 3025 3882 sic
3052 3838 3106 3883 et
3126 3828 3298 3897 legent

1718 3915 2079 3987 imperfectam
2107 3930 2228 3971 cum
2253 3916 2565 3986 accepisset,
2591 3918 2912 3985 emendavit,
2941 3921 3298 3989 concinnavit,

1719 4020 1772 4065 et
1797 4010 2072 4066 meliorem
2092 4008 2158 4064 ad
2183 4018 2377 4064 statum
2404 4010 2599 4065 evexit.
2633 4010 2800 4065 Nemo
2826 4019 3027 4078 autem,
3055 4029 3175 4068 cum
3200 4029 3267 4067 au
3285 4044 3301 4055 ς

1719 4101 1797 4158 dit
1823 4102 2182 4172 imperfectam
2211 4102 2373 4157 fuisse
2398 4103 2588 4173 legem,
2631 4118 2728 4158 nos
2754 4118 2874 4158 eum
2906 4105 2992 4173 qtti
3031 4106 3165 4159 lator
3189 4109 3303 4173 ejus

1721 4192 1891 4248 fuerat
1918 4207 2171 4248 accusare
2195 4193 2331 4249 velle
2355 4194 2672 4258 arbitretur;
2704 4194 2965 4265 siquidem
2996 4196 3303 4265 imperfecm

1720 4292 1836 4338 erat
1860 4284 1946 4338 illa
1973 4300 2078 4339 non
2117 4298 2185 4339 ex
2211 4298 2306 4339 sua
2348 4294 2554 4351 natura,
2602 4285 2695 4340 sed
2723 4302 3007 4356 progressu
3052 4289 3308 4357 temporis

1721 4375 1915 4430 deinde
1944 4376 2063 4431 talis
2090 4386 2359 4432 evaserat.
2400 4376 2834 4447 Quandoquidem
2886 4388 2994 4431 tum
3023 4383 3302 4449 temporis,

1721 4482 1842 4523 cum
1898 4468 2195 4523 introducta
2244 4477 2349 4535 est,
2401 4468 2692 4522 admodum
2720 4468 2954 4538 perfecta
2992 4479 3125 4534 erat,
3158 4480 3213 4524 et
3242 4471 3309 4524 iis

1721 4563 1810 4629 qui
1839 4560 2163 4630 recipiebant
2183 4576 2300 4615 eam
2327 4562 2651 4617 conveniens
2681 4579 2694 4615 :
2728 4571 3007 4632 postquam
3033 4572 3208 4619 autem
3239 4565 3309 4618 ab

1722 4652 1815 4708 illo
1835 4652 2021 4708 edocta
2045 4662 2231 4707 natura
2259 4653 2512 4723 deinceps
2536 4654 2705 4709 crevit
2742 4654 2793 4707 in
2820 4655 3027 4719 melius,
3061 4656 3175 4710 haec
3202 4656 3304 4710 im-

1722 4746 2006 4815 perfectior
2042 4746 2227 4811 evasit,
2279 4762 2385 4800 non
2416 4762 2479 4801 ex
2527 4761 2621 4801 sua
2651 4756 2859 4815 natura,
2889 4748 2983 4803 sed
3025 4748 3096 4803 ob
3129 4751 3302 4804 incre-

1723 4847 1963 4893 mentum
1986 4837 2196 4893 virtntis
2222 4853 2427 4905 eorum,
2459 4853 2593 4908 quos
2617 4839 2706 4893 illa
2732 4839 3006 4894 docuerat.
3031 4840 3098 4894 Et
3121 4856 3307 4909 quem-

1724 4929 2008 4985 admodum
2052 4945 2209 4985 arcus
2258 4939 2312 4987 et
2355 4931 2578 5000 sagittae,
2622 4946 2740 5001 quze
2783 4932 2932 5000 regio
2978 4932 3199 5002 puerulo
3243 4931 3310 4984 ad

1727 5023 2161 5079 exercitationem
2193 5024 2367 5091 potius
2393 5023 2643 5077 fabricata
2669 5023 2795 5087 sint,
2814 5037 2973 5092 quam
2993 5022 3060 5076 ad
3080 5036 3307 5091 pugnam

1729 5125 1783 5170 et
1806 5115 2023 5179 bellum,
2051 5114 2137 5170 ubi
2166 5130 2298 5184 puer
2322 5113 2553 5169 adolevit
2581 5122 2636 5168 et
2664 5114 2718 5168 in
2745 5114 2894 5168 bellis
2919 5113 3128 5168 fortiter
3149 5128 3310 5183 agere

1729 5208 1931 5275 didicit,
1960 5208 2163 5263 inutilia
2183 5207 2511 5263 redduntur:
2541 5210 2611 5261 ita
2642 5221 2853 5277 quoque
2879 5214 3083 5260 naturae
3111 5214 3309 5260 nostra:

1731 5301 1922 5358 accidit
1949 5321 1964 5357 :
1990 5301 2240 5371 quamdiu
2265 5300 2686 5371 imperfectiores
2710 5313 2944 5361 eramus,
2974 5312 3037 5352 ac
3059 5298 3316 5352 discendo

1733 5411 1833 5451 nos
1870 5394 2271 5459 exercebamus,
2302 5392 2668 5449 convenientia
2694 5392 2847 5447 nobis
2875 5406 3020 5446 arma
3063 5392 3313 5461 suppedi-

1736 5488 1884 5553 tavit,
1929 5501 2046 5557 qum
2073 5485 2227 5541 facile
2251 5495 2460 5557 gestare
2486 5494 2792 5555 poteramus
2830 5503 2843 5539 :
2890 5499 3011 5539 cum
3052 5498 3182 5538 vero
3201 5483 3312 5553 jam

1739 5580 1889 5635 factis
1916 5580 1967 5634 in
1989 5578 2183 5633 virtute
2207 5578 2578 5649 progressibus
2602 5576 2949 5641 adolevimus,
2980 5574 3050 5631 ob
3078 5584 3317 5629 nostram

1739 5671 2115 5743 perfectionem
2165 5671 2253 5726 illa
2297 5670 2551 5741 deinceps
2584 5667 2889 5740 imperfecta
2927 5677 3050 5724 sunt
3090 5666 3320 5723 reddita.

1742 5764 2029 5835 Propterea
2054 5764 2200 5819 venit
2222 5762 2482 5825 Christus,
2513 5772 2570 5817 ut
2594 5763 2692 5817 alia
2734 5760 2935 5829 majora
2962 5759 3117 5814 nobis
3143 5758 3321 5813 trade.

1745 5865 1845 5913 ret.
1880 5858 1957 5913 Ac
1985 5855 2105 5913 vide
2132 5870 2289 5927 quam
2318 5853 2607 5927 prudenter
2626 5862 2679 5911 et
2701 5863 2911 5909 veteres
2943 5851 3087 5924 leges
3116 5851 3323 5915 recitet,

3448 404 3477 421 λ
