3926 6292
543 377 642 436 791

548 523 612 570 ει
645 525 810 567 novas
851 515 1130 582 proponat.
1178 507 1424 571 Audistis,
1474 505 1666 575 inquit,
1705 505 1826 575 quia
1857 504 2047 556 dictum
2069 513 2142 556 est

548 601 794 670 antiquis,
814 597 932 654 Non
949 599 1146 652 occides
1177 596 1390 662 (Matth.
1420 597 1473 650 5.
1501 597 1618 664 21).
1652 595 1745 648 Dic
1770 595 1932 648 etiam
1972 607 2000 646 a
2031 607 2137 662 quo

552 693 620 744 sit
641 691 864 745 dictum.
891 689 974 745 Tu
999 690 1100 745 hoc
1115 689 1317 755 dixisti,
1344 703 1410 742 an
1438 688 1596 742 Pater
1617 688 1771 742 tuus?
1795 685 2136 757 Nequaquam

553 783 656 838 hoc
683 783 833 838 dicit.

619 874 722 929 Cur
762 873 1066 944 .egislatoris
1099 889 1280 928 nomen
1306 882 1466 926 taceat
1490 871 1742 927 Christus.
1763 902 1835 912 —
1851 870 1961 927 Cur
1981 871 2138 940 igitur

548 965 652 1020 hoc
679 966 861 1029 tacuit,
889 981 1084 1036 neque,
1127 966 1246 1036 quis
1273 965 1488 1030 dixerit,
1521 963 1836 1031 declaravit,
1882 963 1976 1018 sed
2006 979 2137 1034 sup-

550 1072 731 1127 pressa
768 1057 1086 1127 legislatoris
1124 1071 1350 1121 persona
1381 1056 1550 1125 legem
1589 1055 1840 1126 protulit?
1875 1054 2137 1122 Quoniam

549 1151 594 1202 si
629 1150 874 1214 dixisset,
915 1144 1041 1204 Non
1070 1146 1426 1220 occides,ego
1459 1158 1636 1204 autem
1659 1149 1777 1204 dico
1814 1150 1986 1211 vobis,
2014 1148 2135 1202 Non

550 1242 816 1306 irasceris,
848 1256 1010 1311 grave
1053 1241 1237 1296 fuisset
1257 1243 1453 1308 visum,
1486 1242 1627 1312 quod
1665 1242 1894 1306 dicebat,
1923 1250 2137 1311 propter

549 1347 736 1388 eorum
762 1334 852 1403 qui
897 1333 1187 1388 audiebant
1219 1334 1545 1398 vecordiam,
1593 1335 1684 1404 qui
1729 1334 1950 1390 necdum
1983 1333 2138 1388 intel-

551 1425 714 1494 ligere
767 1435 1026 1495 poterant,
1075 1442 1200 1482 eum
1230 1427 1465 1480 nondum
1504 1427 1569 1480 ad
1616 1427 1901 1482 evertenda
1936 1426 2133 1494 priora,

550 1515 647 1570 sed
664 1515 728 1569 ad
751 1530 812 1570 ea
830 1516 1069 1585 augenda
1092 1517 1205 1571 lucc
1227 1519 1435 1571 sancire
1461 1535 1472 1570 :
1497 1532 1559 1572 ac
1578 1519 1657 1572 sic
1675 1533 1796 1572 eum
1822 1517 2138 1585 compcllas-

553 1618 670 1662 sent
699 1627 711 1661 :
739 1609 876 1676 Quid
899 1609 1022 1663 ais?
1047 1609 1202 1664 Pater
1225 1621 1344 1665 tuus
1370 1610 1523 1676 dixit,
1545 1606 1666 1660 Non
1696 1607 1987 1675 occides,tu
2008 1625 2136 1663 vero

548 1700 703 1766 dicis,
721 1696 837 1754 Non
877 1701 1169 1756 irasceris?
1209 1701 1283 1755 Ne
1309 1702 1427 1771 quis
1466 1702 1624 1774 igitur
1641 1700 1781 1756 Patri
1812 1701 2134 1755 contrarium

549 1791 720 1861 ipsum
762 1800 991 1861 putaret,
1037 1792 1119 1846 vel
1165 1801 1432 1861 tamquam
1471 1793 1670 1863 aliquid
1710 1793 2002 1862 sapientius
2043 1792 2137 1846 illo

550 1881 807 1950 proferre,
859 1897 966 1936 non
1015 1882 1200 1937 dixit:
1242 1883 1475 1938 Audistis
1514 1899 1542 1936 a
1590 1883 1764 1938 Patre.
1813 1883 2039 1949 Rursus,
2089 1885 2134 1938 si

545 1969 786 2037 dixisset,
804 1970 1048 2028 Audistis
1063 1973 1186 2042 quia
1205 1972 1312 2026 dixi
1329 1972 1577 2042 antiquis,
1614 1973 2004 2028 intolerandum
2035 1975 2135 2028 hoc

545 2077 776 2134 quoque,
802 2079 976 2134 neque
1013 2067 1188 2118 minus
1227 2079 1387 2134 quam
1427 2064 1558 2118 illud
1588 2065 1735 2133 prius
1759 2065 1932 2118 visum
1969 2073 2130 2119 esset.

545 2155 676 2210 Nam
707 2156 752 2210 si
797 2171 916 2211 cum
943 2156 1196 2220 dixisset,
1219 2156 1499 2226 Antequam
1537 2157 1788 2210 Abraham
1828 2158 1988 2224 ﬁeret,
2041 2173 2133 2227 ego

544 2265 658 2302 sum
704 2247 880 2319 (Joan.
911 2250 966 2303 8.
997 2249 1110 2319 58),
1162 2248 1427 2319 lapidibus
1467 2263 1590 2302 eum
1637 2248 1864 2308 obruere
1899 2250 2132 2319 aggressi

544 2349 687 2406 sont,
731 2341 776 2395 si
800 2339 1105 2409 adjecissct.
1156 2355 1216 2394 se
1257 2354 1468 2410 quoque
1505 2340 1672 2411 Moysi
1700 2340 1870 2409 legem
1899 2340 2132 2407 dedisse,

543 2429 668 2499 quid
695 2447 798 2484 non
829 2430 1117 2485 fecissent?
1154 2429 1510 2498 Quamobrem
1551 2446 1725 2501 neque
1749 2431 1817 2486 de
1840 2445 1920 2498 se,
1962 2446 2134 2501 neque

543 2521 610 2574 de
637 2523 790 2576 Patre
830 2521 1114 2591 quidquam
1143 2521 1348 2589 dicens,
1390 2521 1483 2581 sed
1520 2522 1572 2577 in
1598 2521 1776 2576 medio
1803 2522 2132 2593 relinquens,

542 2627 664 2664 cum
707 2612 949 2678 dixisset,
991 2610 1238 2678 Audistis,
1279 2615 1400 2683 quia
1427 2613 1617 2666 dictant
1645 2622 1719 2667 est
1747 2613 1985 2680 antiquis,
2016 2610 2136 2667 Non

550 2703 789 2756 occides:
829 2703 970 2772 quod
1021 2704 1072 2757 in
1121 2703 1435 2772 corporibus
1475 2703 1605 2772 egit,
1647 2717 1766 2757 cum
1806 2718 1872 2757 ex
1897 2701 2138 2757 defectus

541 2795 909 2864 supplemento
932 2795 1200 2849 docuisset
1218 2810 1334 2861 eos,
1365 2796 1483 2864 quis
1513 2796 1783 2850 hominem
1812 2811 1841 2848 a
1871 2796 2134 2865 principio

540 2885 890 2946 condidisset,
917 2885 966 2937 id
1004 2886 1163 2940 etiam
1195 2885 1296 2940 hoc
1323 2885 1442 2940 loco
1470 2886 1735 2956 praestitit,
1767 2885 1892 2940 dum
1934 2901 2028 2955 per
2051 2886 2130 2940 le-

539 2975 620 3045 gis
661 2974 1086 3030 emendationem
1130 2984 1186 3031 et
1212 2975 1534 3030 additionem
1589 2976 1704 3046 ejus
1748 2976 1890 3046 quod
1928 2976 2132 3042 deerat,

539 3068 660 3138 quis
686 3068 774 3120 ille
803 3066 959 3121 fuerit
995 3067 1173 3132 docet,
1203 3068 1291 3136 qui
1321 3067 1393 3120 ab
1416 3067 1564 3122 initio
1603 3068 1774 3138 legem
1810 3067 1949 3121 tulit.
1993 3067 2132 3122 Pyro-

541 3171 724 3228 pterea
753 3175 964 3229 quoque
993 3158 1117 3212 dum
1144 3169 1326 3230 ageret
1355 3159 1424 3214 de
1448 3161 1721 3215 creatione
1742 3160 1994 3228 hominis,
2037 3176 2135 3216 ne-

540 3267 646 3320 que
667 3253 746 3304 sui
773 3251 1037 3316 meminit,
1079 3265 1255 3319 neque
1282 3251 1478 3316 Patris,
1511 3251 1608 3307 sed
1635 3251 1722 3307 hic
1749 3267 1962 3322 quoque
1989 3251 2135 3307 nulla

541 3359 792 3414 expressa
822 3359 1044 3414 persona
1064 3343 1390 3400 indelinitam
1411 3344 1564 3399 affert
1589 3345 1882 3412 orationem
1910 3345 2094 3400 dicens
2113 3362 2133 3397 τ

544 3437 644 3504 Qui
691 3439 812 3508 fecit
853 3437 916 3492 ab
967 3438 1130 3503 initio,
1178 3439 1462 3491 masculum
1500 3447 1547 3492 et
1589 3437 1830 3507 feminam
1869 3439 1986 3509 fecit
2047 3453 2136 3499 eos,

542 3528 756 3599 (Matth.
794 3527 881 3581 19.
911 3527 989 3596 4),
1039 3538 1094 3582 ct
1142 3528 1304 3582 verbo
1349 3527 1564 3597 quidem
1609 3536 1904 3583 creatorem
1948 3528 2128 3593 tacuit,

539 3633 704 3688 opere
731 3627 906 3674 autem
937 3619 1142 3686 docuit,
1161 3617 1288 3674 dum
1312 3633 1598 3689 corporum
1623 3619 1888 3674 defectum
1913 3620 2128 3690 supple-

541 3711 634 3765 vit.
661 3709 740 3764 Ita
771 3710 856 3765 hic
882 3712 1042 3766 etiam
1073 3726 1190 3765 cum
1222 3710 1466 3775 dixisset,
1509 3711 1766 3779 Audistis,
1797 3713 1916 3783 quia
1940 3712 2131 3766 dictum

539 3812 610 3856 est
635 3803 874 3870 antiquis,
907 3805 1066 3858 tacuit
1091 3803 1303 3873 quidem
1333 3820 1363 3857 a
1401 3820 1508 3874 quo
1529 3805 1726 3859 dictum
1751 3813 1912 3873 esset,
1943 3820 2129 3860 verum

538 3896 773 3964 seipsum
813 3897 1064 3965 operibus
1093 3897 1220 3967 ipsis
1255 3898 1506 3954 ostendit.
1551 3899 1648 3967 Qui
1685 3899 1827 3954 enim
1865 3899 2130 3956 defectum

539 3989 824 4068 supplevit,
853 3988 968 4057 ipse
995 3999 1078 4043 est
1096 3989 1188 4059 qui
1214 3989 1281 4044 ab
1305 3990 1456 4044 initio
1473 3991 1525 4044 in
1547 3990 1721 4046 locem
1744 3991 1915 4061 ipsum
1938 3991 2124 4047 edidit.

538 4078 686 4147 Ipsus
718 4089 973 4148 prwterea
995 4089 1208 4135 veteres
1229 4081 1374 4150 leges
1393 4082 1537 4146 citat,
1562 4090 1622 4135 ut
1641 4097 1705 4137 ex
1731 4085 2131 4153 comparatione

539 4168 748 4223 discant
771 4170 1062 4234 auditores,
1105 4186 1209 4225 non
1258 4172 1375 4242 ejus
1409 4172 1498 4241 qui
1537 4172 1877 4230 adversarios
1915 4175 1985 4229 sit
2014 4177 2129 4231 lucc

541 4275 662 4316 esse
689 4260 886 4325 verba,
929 4270 983 4316 et
1009 4276 1068 4316 se
1103 4261 1292 4318 eadem
1327 4278 1448 4317 cum
1477 4263 1632 4319 Patre
1669 4265 1947 4334 prmditum
1978 4275 2130 4336 pote-

541 4359 699 4406 state.
727 4350 853 4406 Iiaac
875 4352 1032 4406 etiam
1059 4351 1229 4407 Judazi
1257 4352 1661 4420 intellexerunt,
1701 4364 1758 4410 et
1782 4356 1957 4409 mirati
1982 4366 2126 4411 sunt.

543 4444 718 4512 Atque
743 4450 800 4497 ut
837 4442 1056 4498 miratos
1084 4443 1205 4498 illos
1230 4458 1350 4499 esse
1375 4458 1686 4514 cognoscas,
1716 4445 1838 4499 audi
1859 4447 2130 4517 evangeli-

543 4544 680 4589 stam
722 4536 823 4590 hoc
863 4535 1220 4591 declarantem
1269 4551 1332 4592 ac
1380 4536 1646 4592 dicentem
1679 4555 1693 4591 :
1735 4537 2130 4593 Admirabantur

545 4626 704 4680 turba
726 4643 876 4693 super
903 4626 1133 4681 doctrina
1167 4632 1299 4698 ejus,
1330 4629 1446 4696 quia
1471 4629 1681 4684 docebat
1708 4646 1792 4683 eos
1835 4631 1962 4682 sicut
1990 4640 2129 4699 pote-

545 4727 725 4772 statem
752 4717 972 4783 habens,
1025 4728 1072 4774 et
1109 4735 1210 4774 non
1261 4720 1390 4775 sicut
1439 4721 1615 4776 scribae
1649 4732 1695 4775 et
1719 4719 1970 4776 Pharisai
2007 4721 2125 4793 (Id.

543 4808 596 4862 7.
642 4809 732 4864 28.
772 4809 886 4878 29).
936 4809 1072 4877 Quid
1120 4811 1301 4881 igitur,
1357 4813 1402 4866 si
1459 4827 1732 4882 perperam
1793 4811 1896 4868 hoc
1951 4814 2128 4883 suspi-

539 4899 841 4954 cabantur?
869 4899 1006 4955 dicet
1035 4900 1225 4971 aliquis
1260 4919 1273 4956 :
1309 4910 1540 4958 attamen
1575 4919 1669 4958 eos
1704 4917 1808 4958 non
1839 4904 2130 4972 reprehen-

541 4991 638 5052 dit,
669 5005 768 5046 nec
793 4989 1101 5060 increpavit.
1143 4990 1237 5047 sed
1263 5000 1318 5046 et
1348 4992 1555 5050 illorum
1581 4994 1901 5046 sententiam
1930 4994 2129 5049 contir-

543 5081 724 5136 mavit.
757 5081 889 5138 Cum
911 5082 1051 5142 enim
1073 5082 1250 5138 statim
1282 5083 1592 5138 accessisset
1613 5083 1856 5152 leprosos
1875 5098 1938 5138 ac
1963 5083 2129 5140 dixis-

550 5175 654 5230 set,
709 5165 949 5232 Domine,
987 5168 1032 5220 si
1067 5169 1162 5232 vis,
1201 5177 1344 5237 potes
1391 5185 1470 5223 me
1514 5169 1770 5232 mundare
1827 5169 1938 5241 (1d.
1969 5172 2022 5227 8.
2045 5173 2125 5236 2).

547 5256 691 5321 Quid
721 5257 837 5311 ait?
869 5256 1023 5322 Volo,
1059 5259 1336 5328 mundare.
1369 5258 1482 5314 Cur
1503 5269 1685 5315 autem
1721 5277 1831 5316 non
1856 5264 2117 5334 simplici-

549 5356 633 5402 ter
660 5348 821 5412 dixit,
857 5349 1404 5407 Mundareuametsi
1434 5352 1767 5408 testiﬁcatus
1789 5354 1866 5408 illi
1905 5365 2021 5409 erat
2051 5357 2128 5414 le-

546 5455 744 5510 prosus
795 5450 1119 5511 potestatem
1154 5444 1332 5514 ipsum
1376 5445 1596 5511 habere,
1642 5461 1765 5500 cum
1802 5446 2029 5510 diceret,
2061 5447 2124 5502 Si
2175 5483 2178 5486 ~

547 5529 647 5582 vis.
683 5527 790 5584 Sed
827 5546 894 5586 ne
937 5532 1288 5588 existimares
1331 5534 1616 5589 sententia:
1660 5543 1872 5590 tantum
1923 5537 2120 5606 leprosi

542 5619 985 5686 adscribendum,
1028 5622 1088 5678 Si
1120 5625 1218 5687 vis,
1269 5624 1470 5693 adjecit
1502 5627 1618 5697 ipse
1649 5641 1865 5696 quoque
1897 5627 2118 5693 dicens,

555 5709 709 5774 ιὀιο,
744 5715 1022 5771 mundare.
1046 5715 1136 5772 Sic
1153 5717 1276 5771 data
1291 5733 1456 5789 opera
1477 5735 1633 5775 suam
1655 5722 1853 5791 ubique
1879 5731 2120 5792 potesta-

541 5809 649 5856 tem
685 5804 1091 5872 inanifcstabat,
1130 5823 1297 5880 seque
1331 5811 1514 5868 omnia
1543 5829 1608 5867 ex
1630 5814 1957 5873 auctoritate
1980 5830 2117 5884 prm-

1256 390 1317 452 S.
1355 390 1637 451 JOANNIS
1674 387 2150 446 CIIRYSOSTOMI
2190 387 2508 457 ARCHIEP.
2535 385 3068 446 CONSTANTINOP.
3717 369 3803 424 799

2249 515 2396 562 stare
2416 525 2431 564 :
2452 507 2658 577 alioqui
2672 507 2780 562 nisi
2794 506 2868 560 ita
2881 515 3049 571 esset,
3065 507 3342 578 superﬂua
3360 509 3449 566 illa
3467 521 3617 568 esset
3627 519 3819 569 oratio.

2321 598 2375 654 6.
2400 598 2536 654 Cum
2572 601 2739 669 igitur
2768 600 2823 654 in
2856 599 3114 656 omnibus
3135 601 3256 670 eius
3285 611 3612 672 potestatem
3641 607 3804 663 discs-

2245 699 2384 751 mus,
2429 686 2474 740 si
2519 685 2646 755 quid
2674 687 2798 741 alibi
2829 685 3028 742 humile
3053 687 3228 743 facere
3256 688 3404 743 illum
3434 691 3516 745 vel
3543 691 3722 746 dicere
3743 699 3809 746 vi-

2243 776 2501 844 derimus,
2520 791 2640 831 cum
2662 785 2879 847 prOpter
2893 793 3008 844 eas,
3033 793 3168 848 quas
3187 796 3357 850 nuper
3372 784 3808 849 enumeravimns,

2242 883 2451 934 causas,
2494 877 2603 922 tum
2647 869 2790 938 quod
2814 870 3083 926 auditores
3106 871 3172 927 ad
3203 871 3556 929 humilitatem
3597 876 3726 932 velit
3748 879 3813 930 ίαν

2242 960 2433 1024 citare,
2463 975 2528 1013 ne
2552 959 2750 1015 idcirco
2773 961 3025 1016 vilitatem
3050 962 3126 1016 illi
3147 963 3455 1020 substantia:
3477 966 3811 1036 impntemus:

2242 1051 2501 1120 siquidem
2517 1050 2620 1107 hoc
2639 1052 2810 1121 ipsum
2828 1052 2967 1122 quod
2989 1067 3203 1108 carnem
3223 1058 3530 1125 assumpsit,
3551 1058 3620 1110 ah
3637 1074 3702 1111 eo
3721 1075 3811 1127 prae

2243 1141 2403 1195 nimia
2432 1142 2728 1197 humilitate
2751 1153 3054 1211 susceptum
3081 1153 3184 1207 est,
3214 1161 3318 1200 non
3344 1147 3488 1216 quod
3508 1148 3670 1202 Patre
3691 1160 3814 1202 esset

2241 1233 2479 1288 inferior.
2513 1233 2664 1290 Unde
2691 1249 2817 1289 vero
2848 1235 2898 1288 id
2928 1236 3182 1290 constat?
3207 1236 3338 1291 Nam
3371 1237 3470 1292 hoc
3501 1254 3716 1308 quoque
3738 1255 3819 1292 ve-

2241 1325 2409 1380 ritatis
2443 1324 2622 1382 hostes
2649 1326 3028 1381 circumierunt
3059 1328 3296 1383 dicentes
3322 1344 3338 1382 :
3370 1331 3416 1383 si
3454 1330 3679 1399 aupralis
3716 1340 3814 1384 erat

2241 1415 2406 1482 Patri,
2441 1432 2600 1486 quam
2627 1417 2697 1472 ob
2723 1433 2936 1474 causam
2965 1419 3122 1474 Pater
3147 1436 3360 1475 carnem
3385 1438 3490 1475 non
3518 1424 3815 1492 assumpsit,

2240 1509 2334 1565 sed
2363 1509 2528 1564 Filius
2555 1511 2694 1565 servi
2713 1511 2954 1565 .l‘ormam
2999 1512 3211 1567 induit?
3251 1507 3445 1565 Annon
3490 1525 3575 1568 est
3605 1516 3815 1590 monile-

2240 1612 2402 1667 stum,
2434 1601 2685 1671 quoniam
2716 1602 2937 1656 inferior
2957 1603 3109 1657 erat?
3160 1605 3317 1674 Atqui
3348 1605 3392 1658 si
3424 1614 3705 1674 propterea
3734 1621 3815 1658 no-

2239 1705 2403 1748 stram
2443 1695 2676 1764 suscepit
2717 1705 2983 1762 naturam,
3019 1695 3298 1766 Spiritum,
3346 1714 3504 1768 quem
3546 1699 3650 1768 ipsi
3695 1699 3816 1753 Filio

2240 1787 2499 1841 minorem
2521 1800 2641 1842 esse
2664 1796 2940 1842 autumant
2971 1797 3100 1859 (non
3127 1790 3269 1843 enim
3300 1789 3401 1845 hoc
3427 1807 3526 1845 nos
3550 1792 3812 1860 dicimus),

2238 1891 2454 1932 carnem
2480 1878 2760 1946 oportebat
2798 1893 3092 1936 assumere.
3136 1879 3193 1934 Si
3226 1882 3381 1935 .euim
3423 1881 3628 1937 idcirco
3662 1885 3814 1954 nmjor

2238 1978 2321 2022 est
2352 1967 2488 2022 Filio
2513 1968 2692 2034 Pater,
2719 1970 2969 2039 quoniam
2997 1970 3085 2025 ille
3125 1971 3430 2028 incarnatus
3459 1983 3563 2038 est,
3595 1973 3686 2029 hic
3721 1991 3814 2028 non

2240 2066 2325 2112 est
2350 2058 2674 2125 incarnatus,
2718 2061 2821 2114 erit
2863 2062 3024 2116 etiam
3055 2061 3282 2130 Spiritus
3308 2063 3424 2133 ejus
3469 2064 3548 2120 ob
3583 2066 3817 2120 eamdem

2238 2165 2453 2207 causam
2500 2153 2618 2222 ipso
2653 2152 2824 2224 major
2858 2168 2874 2208 :
2911 2171 3082 2225 neque
3129 2156 3268 2231 enim
3317 2157 3431 2228 ipse
3479 2173 3701 2214 carnem
3741 2174 3818 2212 as-

2238 2243 2485 2312 sumpsit.

2308 2334 2394 2391 Ea:
2413 2336 2692 2408 Scriptus-is
2707 2338 2950 2408 probatur
2967 2339 3161 2396 Filium
3179 2358 3285 2397 esse
3309 2341 3454 2397 Petri
3475 2345 3743 2414 aequalem.
3760 2377 3818 2386 —

2237 2426 2341 2482 Sed
2368 2443 2437 2484 ne
2464 2431 2796 2500 argumentis
2838 2431 2978 2486 istud
3004 2433 3457 2499 demonstremus,
3480 2451 3580 2506 age
3605 2453 3675 2491 ex
3705 2438 3818 2507 ipsis

2239 2520 2528 2590 Scripturis
2558 2523 2729 2591 ipsum
2761 2523 3051 2594 probemus
3074 2565 3091 2592 ,
3117 2535 3170 2580 et
3194 2527 3501 2582 humilitatis
3527 2544 3692 2585 causa
3718 2547 3820 2586 car-

2239 2627 2358 2666 ncm
2387 2613 2531 2666 illum
2569 2615 2923 2683 assumpsisse
2965 2615 3326 2671 ostendamus.
3372 2617 3568 2674 Paulus
3616 2621 3819 2690 quidem

2237 2709 2404 2766 certe,
2435 2703 2524 2773 qui
2551 2702 2665 2759 hmo
2690 2714 2928 2770 noverat,
2959 2721 3079 2761 cum
3119 2707 3185 2761 ad
3209 2708 3474 2780 quidpiam
3518 2711 3679 2766 nobis
3707 2712 3826 2766 utile

2238 2809 2336 2848 nos
2365 2794 2742 2850 cohortaturus
2773 2807 2875 2862 est,
2900 2797 3141 2868 exempla
3175 2797 3329 2854 nobis
3355 2801 3564 2857 virtutis
3590 2803 3670 2858 de
3695 2803 3819 2857 casio

2235 2885 2467 2940 demittit
2493 2901 2508 2940 :
2542 2897 2599 2940 ut
2623 2901 2747 2940 cum
2774 2902 3144 2956 smpenumero
3172 2890 3406 2945 caritatis
3432 2893 3680 2947 colenda:
3705 2908 3821 2947 con-

2247 2977 2424 3030 silium
2454 2976 2568 3045 dat,
2615 2987 2669 3031 et
2696 2987 2752 3032 ut
2777 2993 2838 3032 se
2876 2989 3063 3034 mut-uo
3100 2980 3342 3050 diligant,
3369 2983 3516 3051 cupit
3540 2983 3824 3054 discipulos

2238 3067 2479 3134 incitare,
2500 3068 2764 3124 Christum
2796 3071 3010 3127 adducit
3041 3072 3094 3125 in
3122 3072 3353 3130 medium
3373 3073 3582 3128 dicens:
3619 3073 3824 3134 Viri.di-

2235 3158 2375 3228 ligite
2394 3175 2597 3226 uxores,
2632 3161 2760 3214 sicut
2787 3171 2833 3215 et
2856 3161 3084 3218 Christus
3107 3163 3283 3217 dilexit
3305 3163 3580 3218 Ecclesium
3607 3166 3818 3238 (Ephcs.

2234 3247 2288 3303 5.
2322 3249 2436 3320 25).
2466 3251 2693 3322 Rursus,
2733 3255 2822 3309 ubi
2856 3255 2922 3310 de
2956 3255 3292 3328 eleemosyna
3327 3256 3568 3324 disserit,
3598 3259 3826 3330 idipsutn

2235 3341 2403 3398 facit:
2455 3345 2704 3414 quocirca
2750 3349 2916 3403 etiam
2937 3348 3065 3406 dicit
3107 3367 3122 3405 :
3167 3350 3324 3405 Scitis
3365 3352 3584 3422 gratiam
3617 3353 3822 3408 Domini

2233 3437 2392 3490 nostri
2423 3435 2549 3490 Iesu
2572 3437 2777 3506 Christi,
2817 3441 3053 3511 quoniam
3093 3451 3300 3512 propter
3322 3460 3409 3496 vos
3435 3460 3627 3514 egenus
3670 3449 3824 3517 fartus

2233 3537 2325 3592 est,
2356 3544 2472 3583 cum
2505 3539 2631 3584 esset
2663 3530 2818 3597 dives,
2853 3541 2908 3585 ut
2939 3533 3080 3586 illius
3113 3534 3286 3602 inapia
3330 3551 3413 3588 vos
3441 3535 3625 3591 divites
3659 3539 3823 3592 essetis

2234 3618 2313 3688 (2.
2351 3618 2472 3674 Cor.
2503 3620 2558 3676 8.
2588 3619 2667 3694 9).
2721 3621 2925 3677 Horum
2969 3635 3143 3678 autem
3189 3625 3469 3680 verborum
3511 3627 3605 3682 hic
3645 3643 3826 3684 sensus

2232 3719 2315 3765 est
2341 3729 2356 3764 :
2385 3711 2830 3781 quemadmodum
2871 3712 3041 3769 factus
3073 3723 3157 3770 est
3179 3731 3385 3786 egenus
3419 3717 3685 3773 Dominus
3713 3730 3827 3773 tuus

2231 3813 2445 3855 carnem
2471 3816 2771 3867 assumens,
2803 3803 2872 3858 ita
2901 3812 2954 3858 tu
2981 3806 3034 3859 in
3059 3808 3300 3874 pecuniis
3322 3822 3523 3877 egenus
3557 3809 3681 3863 (ias.
3705 3809 3826 3864 Nam

2234 3898 2290 3944 ut
2315 3889 2462 3944 illum
2490 3900 2701 3962 egestas
2725 3893 2911 3962 gloria:
2931 3895 3064 3950 nihil
3093 3897 3248 3961 laesit,
3279 3897 3359 3951 sic
3384 3913 3560 3968 neque
3589 3910 3646 3954 te
3678 3916 3829 3969 ρεςηο

2233 3981 2443 4038 uiarum
2473 3983 2649 4053 inopia
2683 3983 2880 4040 lzt-dere
2910 3987 3126 4056 poterit,
3155 3987 3248 4043 sed
3276 3989 3464 4044 multas
3494 3990 3594 4045 tibi
3617 3991 3827 4045 divitias

2232 4075 2582 4143 comparabit.
2627 4075 2716 4132 Sic
2757 4087 2812 4131 et
2849 4077 2917 4132 de
2958 4077 3256 4134 humilitate
3283 4079 3421 4150 apud
3452 4080 3830 4152 Ριιὶιίρρεηεεε

2231 4163 2500 4221 disserens
2520 4166 2788 4222 Christum
2817 4168 2868 4222 in
2895 4169 3128 4224 matiam
3155 4169 3384 4236 adducit,
3409 4186 3659 4242 cumque
3675 4175 3830 4228 dixis-

2232 4265 2350 4317 set,
2423 4253 2723 4312 Humilitate
2772 4257 2869 4312 sibi
2932 4259 3143 4313 invicem
3191 4261 3470 4331 superiores
3522 4263 3830 4317 arbitratum

2233 4346 2490 4419 (Philipp.
2521 4348 2576 4402 2.
2607 4348 2684 4421 5),
2731 4351 2992 4420 adiunxit,
3033 4350 3150 4405 Hoc
3188 4353 3320 4406 enim
3357 4354 3536 4409 sentite
3571 4356 3633 4409 in
3676 4357 3826 4422 vobis,

2231 4438 2366 4508 quod
2411 4448 2456 4492 et
2482 4440 2536 4492 in
2561 4437 2759 4495 Christo
2795 4439 2948 4506 Jesu,
2971 4442 3067 4512 qui
3091 4458 3207 4496 cum
3238 4443 3292 4496 in
3332 4443 3498 4513 {arma
3538 4443 3647 4499 Dei
3688 4458 3828 4508 esset,

2233 4546 2334 4590 non
2369 4530 2605 4600 rapinam
2643 4533 2918 4587 arbitratus
2957 4538 3027 4587 est
3054 4550 3158 4588 esse
3189 4550 3243 4588 se
3275 4536 3522 4600 aqualem
3567 4536 3706 4604 Deo,
3747 4537 3830 4592 Sed

2233 4623 2551 4692 semetipsum
2578 4623 2855 4684 exinanivit
2883 4627 3103 4695 formam
3129 4628 3257 4679 servi
3284 4627 3536 4697 accipiens
3557 4628 3678 4700 (Ib.
3705 4648 3754 4685 υ.
3776 4631 3827 4685 5.

2234 4713 2310 4783 7).
2344 4717 2513 4783 Atque
2551 4715 2596 4769 si
2625 4716 2765 4786 quod
2795 4725 2938 4771 esset
2964 4726 3149 4772 natura
3186 4717 3424 4782 inferior,
3465 4735 3697 4777 carnem
3740 4737 3828 4790 ge-

2233 4815 2378 4867 Stare
2402 4805 2646 4874 dignatus
2674 4817 2777 4871 est,
2815 4823 2920 4862 non
2941 4808 3052 4878 jam
3083 4808 3210 4862 illud
3235 4808 3432 4865 factum
3458 4813 3566 4866 erit
3607 4813 3831 4869 liumili-

2237 4897 2376 4963 tatis,
2421 4897 2515 4953 sed
2557 4897 2752 4955 frustra
2785 4903 3002 4971 protulit
3046 4901 3172 4956 illud
3203 4903 3420 4971 Paulus,
3451 4905 3588 4962 dum
3617 4911 3694 4964 ad
3733 4910 3830 4963 hu-

2235 4987 2510 5050 militatem
2537 4990 2868 5046 adhortator.
2911 4993 3046 5047 Tum
3071 4995 3211 5049 enim
3255 4995 3524 5052 humilitas
3551 5010 3670 5066 est,
3712 5015 3828 5056 cum

2233 5082 2455 5150 aequalis
2475 5083 2656 5138 obedit
2669 5085 2882 5154 aequali.
2901 5085 3012 5140 Hoc
3024 5086 3184 5157 igitur
3195 5086 3435 5143 indicans
3454 5099 3509 5144 et
3530 5090 3662 5160 ipse
3678 5093 3830 5148 dicit:

2237 5171 2477 5237 Quicum
2518 5175 2573 5229 in
2613 5177 2780 5246 forma
2808 5177 2904 5231 Dei
2944 5187 3087 5240 esset,
3135 5195 3236 5233 non
3271 5181 3506 5252 rapinam
3551 5185 3835 5240 arbitratus
3884 5185 3885 5206 ῖ

2234 5279 2306 5329 est
2333 5285 2439 5324 esse
2462 5285 2516 5324 se
2533 5268 2776 5340 equolam
2803 5270 2928 5336 Deo,
2958 5273 3045 5325 sed
3069 5274 3385 5344 sentetipsum
3411 5275 3707 5332 eaﬁuanieit
3728 5285 3834 5347 [ar-

2234 5372 2369 5416 mam
2394 5359 2522 5414 servi
2551 5360 2822 5428 accipiens.
2846 5360 2984 5428 Quid
3007 5372 3112 5428 est,
3144 5360 3269 5416 Non
3286 5363 3524 5432 rapinam
3548 5367 3833 5420 arbitratus

2235 5457 2309 5502 est
2349 5466 2458 5504 esse
2495 5467 2548 5506 se
2587 5453 2835 5522 aequalem
2876 5452 2984 5507 Deo
3006 5495 3022 5521 ,
3067 5455 3157 5509 sed
3190 5456 3508 5525 semetipsum
3550 5460 3834 5512 “incssisti

2234 5543 2452 5609 formam
2483 5543 2612 5596 servi
2637 5545 2926 5614 accipiens?
2951 5547 3061 5614 Qui.
3074 5549 3248 5617 rapuit
3272 5549 3468 5620 aliquid
3489 5565 3561 5608 ex
3597 5555 3689 5622 iis,
3719 5568 3832 5626 qua

2236 5631 2366 5684 nihil
2416 5632 2483 5687 ad
2525 5648 2582 5688 se
2623 5636 2866 5700 attinent,
2920 5637 3051 5692 illud
3093 5649 3346 5708 perpetuo
3385 5642 3610 5710 retinet,
3663 5663 3835 5716 nmque

2231 5734 2410 5794 potest
2453 5726 2642 5782 adduci
2675 5739 2731 5782 ut
2764 5729 2891 5784 illud
2918 5731 3181 5799 deponat,
3215 5733 3353 5802 quod
3383 5745 3631 5802 metuat,
3666 5756 3835 5811 neque
3884 5765 3885 5768 η

2239 5814 2567 5872 conﬁdenter
2592 5817 2716 5872 illud
2749 5820 3054 5888 possideat:
3097 5823 3184 5893 qui
3217 5838 3341 5877 vero
3377 5824 3583 5882 bonum
3621 5833 3836 5891 aliquod
3884 5861 3885 5904 ;
