3926 6264
114 563 201 618 791
887 566 970 616 DE
1009 566 1289 619 ClllilS'l‘l
1330 568 1692 633 l’libClBUS,
1730 571 2009 624 CONTRA
2044 573 2435 630 ANOMOEOS.
2470 574 2537 627 Χ.

110 677 287 739 λαιοὺς
319 671 687 742 ἀναγινώσκει
729 676 948 744 νόμους,
980 677 1226 740 καὶτοὺς
1260 676 1414 741 νέους
1449 680 1683 751 παρατί-

112 764 279 833 οησιν.
316 759 665 821 Ἠκούσατε,
688 765 871 829 φησὶν,
887 758 977 811 ὅτι
1002 758 1214 829 ἐρρέθη
1241 761 1366 826 τοῖς
1380 752 1653 831 ἀρχαίοις
1674 780 1687 793 ο

114 850 189 901 οὐ
230 845 571 915 φονεύσεις.
604 838 741 895 Εἰπὲ
780 845 873 897 καὶ
903 843 1057 915 παρὰ
1085 844 1230 907 τίνος
1256 845 1455 917 ἐρρέθη
1477 863 1490 876 ·
1519 849 1583 901 σὺ
1618 844 1692 901 εἶ.

112 948 209 993 mg
238 928 419 991 τοῦτο,
444 926 479 998 ἢ
518 928 547 980 6
577 924 767 997 Πατὴρ
796 927 824 979 6
860 928 987 994 σός;
1022 926 1164 980 Ἀλλ’
1196 929 1259 981 οὑ
1284 927 1455 996 λέγει.

171 1103 321 1166 Τίνος
359 1098 453 1156 οὖν
494 1102 681 1155 ἓνεκεν
723 1100 881 1154 τοῦτο
917 1101 1164 1172 ἐσίγησε,
1194 1086 1304 1156 ’καὶ
1343 1103 1434 1157 τὸν
1466 1105 1691 1157 εἰπόντα

106 1188 197 1239 οὑκ
244 1187 471 1258 ἐποίησε
513 1185 769 1255 φανερὸν,
811 1185 927 1238 ἀλλ’
966 1185 1297 1256 ἀπρὸσωπον
1343 1187 1442 1257 τὴν
1470 1186 1693 1257 νομοθε-

106 1271 219 1324 σίαν
250 1270 583 1341 είσήγαγεν;
616 1269 739 1322 Ὀτι
765 1270 813 1321 εί
847 1269 945 1339 μὲν
979 1265 1134 1322 εἶπεν
1156 1286 1170 1300 ο
1210 1270 1284 1322 Οὐ
1318 1268 1471 1343 [556]
1502 1269 1692 1339 φονεύ-

104 1371 229 1417 σεις,
270 1353 385 1422 ἐγὼ
431 1354 489 1407 δὲ
523 1352 666 1422 λέγω
704 1353 834 1423 ὑμῖν
858 1369 871 1383 ·
893 1352 1006 1405 Οὐκ
1032 1352 1367 1427 ὀργισθήσῃ,
1418 1353 1594 1419 ἔδοξεν
1624 1355 1690 1408 ἂν

104 1440 237 1509 βαρὺ
264 1438 325 1491 τὺ
349 1437 646 1507 λεγόμενον
673 1431 813 1490 εἶναι
843 1434 934 1488 διὰ
960 1435 1063 1507 τὴν
1097 1436 1360 1491 ἀπόνοιαν
1385 1437 1493 1491 τῶν
1522 1444 1689 1491 ἀκου-

99 1525 259 1577 όντων
282 1521 512 1593 μηδέπω
540 1520 778 1573 συνιέναι
797 1519 1131 1591 δυναμένων,
1146 1521 1228 1574 ὃτι
1246 1521 1346 1575 οὐκ
1363 1521 1690 1595 ἀνατρέπων

100 1606 166 1659 τὰ
189 1606 451 1677 πρότερα,
500 1603 617 1656 ἀλλ’
665 1603 847 1667 αὔξων
887 1604 1059 1657 ταῦτα
1093 1603 1404 1674 ἐνομοθέτει
1428 1621 1441 1635 ο
1481 1606 1575 1658 καὶ
1615 1597 1692 1657 εἷ-

102 1706 196 1743 πον
224 1689 291 1742 ἂν
326 1687 469 1758 πρὸς
496 1686 659 1740 αὑτόν
683 1705 697 1718 ’
736 1686 801 1740 Τί
835 1686 1018 1756 λέγεις
1042 1702 1057 1751 ;
1095 1685 1123 1738 6
1149 1688 1342 1757 Πατήρ
1367 1705 1460 1741 σου
1492 1683 1647 1741 εἶπεν
1673 1705 1687 1719 ο

101 1773 169 1825 Οὐ
195 1770 505 1842 φονεύσεις,
533 1771 598 1823 σὺ
623 1770 681 1823 δὲ
713 1769 926 1838 λέγεις·
959 1770 1073 1822 Οὑκ
1100 1768 1441 1842 ὀργισθήσῃ;
1472 1772 1567 1823 Ἰν*
1597 1766 1690 1824 οῦν

103 1861 171 1929 μή
207 1874 293 1921 τις
318 1857 566 1911 ἐναντίον
595 1854 758 1909 αὑτὸν
794 1853 873 1925 τῷ
907 1854 1085 1923 Πατρὶ
1112 1852 1311 1927 νομίσῃ
1344 1852 1506 1919 εἶναι,
1533 1855 1567 1926 ἢ
1613 1854 1687 1919 ὡς

101 1940 404 2013 σοφώτερόν
428 1958 482 1994 τι
516 1940 677 1993 πλέον
699 1939 974 2010 εἰσφέρειν
1006 1938 1240 2004 ἐκείνου,
1277 1938 1379 1992 ούκ
1404 1934 1577 1999 εἶπεν.
1605 1939 1687 1992 ὅτι

106 2026 405 2081 Ἠκούσατε
424 2024 575 2096 παρά
605 2022 699 2077 τοῦ
736 2022 971 2093 Πατρός.
1004 2021 1175 2076 Πάλιν
1201 2024 1250 2076 εί
1278 2017 1430 2075 εἶπεν
1451 2040 1463 2052 ·
1502 2023 1691 2076 ’Πκού-

98 2128 218 2167 σατε
247 2112 330 2164 ὃτι
384 2107 494 2177 ἐγὼ
545 2102 699 2161 εἷπον
731 2108 844 2168 τοῖς
875 2105 1144 2175 ἀρχαίοις,
1195 2106 1472 2178 ἀφόρητον
1508 2105 1687 2173 ἔδοξεν

97 2199 158 2251 ἂν
195 2191 357 2261 εἶναι,
410 2194 505 2247 καὶ
549 2190 708 2245 τοῦτο
739 2190 842 2243 οὑκ
874 2188 1094 2242 ἔλαττον
1140 2186 1173 2260 ἦ
1212 2190 1273 2243 τὸ
1305 2189 1590 2263 πρότερον.
1623 2191 1686 2243 Εἰ

97 2282 219 2353 γὰρ,
257 2279 452 2349 ἐπειδὴ
486 2270 629 2342 εἷπε,
661 2274 783 2344 Πρὸ
831 2273 938 2327 τοῦ
982 2273 1231 2343 Ἀϐραὰμ
1258 2272 1537 2343 γενέσθαι
1572 2274 1687 2343 ἐγώ

96 2368 224 2434 εἰμι,
255 2363 481 2417 λιθάσαι
525 2359 688 2413 αὑτὸν
723 2358 1112 2429 ἐπεχείρησαν,
1143 2358 1193 2411 εί
1233 2357 1575 2429 προσέθηκεν
1603 2359 1685 2412 ὅτι

98 2452 183 2503 καὶ
208 2449 419 2518 Μωῦσῇ
446 2445 611 2509 αὑτὸς
635 2443 727 2497 τὸν
754 2443 919 2514 νόμον
959 2442 1152 2510 ἔδωκε,
1182 2441 1237 2495 τί
1271 2441 1373 2495 οὑκ
1403 2442 1471 2496 ἂν
1497 2442 1686 2513 ἐποίη-

96 2552 188 2587 σαν
210 2553 225 2602 ;
250 2533 352 2586 Διά
383 2528 543 2585 τοῦτο
572 2527 700 2581 οῦτε
732 2526 861 2598 περὶ
894 2524 1112 2591 ἑαυτοῦ,
1146 2524 1270 2580 οὔτε
1297 2525 1426 2597 περὶ
1451 2525 1545 2579 τοῦ
1568 2526 1685 2579 Πα-

94 2618 212 2686 τρὸς
260 2616 418 2670 οὐδὲν
451 2609 644 2675 εἰπὼν,
702 2609 840 2664 ἀλλά
890 2610 1055 2681 μέσον
1098 2609 1279 2678 ἀφεὶς,
1328 2610 1424 2663 καὶ
1469 2607 1679 2662 εἰπών’

105 2702 431 2757 Ἠκούσατε
466 2696 556 2751 ὅτι
586 2695 800 2765 ἐρρέθη
838 2693 963 2760 τοῖς
997 2693 1301 2763 ἀρχαίοιςο
1351 2694 1435 2747 Οὐ
1461 2693 1681 2761 φονεύ-

92 2801 216 2853 σεις
237 2801 252 2815 ·
290 2786 436 2854 ὅπερ
470 2781 563 2835 ἐπὶ
595 2779 707 2833 τῶν
737 2777 1009 2849 σωμάτων
1041 2775 1288 2848 ἐποίησε,
1340 2775 1429 2830 διὰ
1454 2777 1553 2847 τῆς
1584 2775 1680 2829 τοῦ

92 2872 364 2932 λείποντος
400 2863 844 2934 ἀναπληρώσεως
881 2859 1101 2928 διδάξας
1133 2862 1333 2925 αὑτοὺς
1359 2860 1454 2915 καὶ
1496 2860 1589 2914 τὸν
1621 2861 1681 2913 ἐν

94 2958 226 3027 ἀρχῇ
288 2950 783 3023 δημιουργήσαντα
841 2946 933 3000 τὸν
992 2945 1315 3017 ἄνθρωπον,
1344 2943 1522 3027 τοῦτο
1588 2944 1681 2997 καὶ

93 3026 320 3093 ἐνταῦθα
363 3036 532 3098 ποιεῖ,
576 3030 666 3085 διά
718 3030 821 3101 τῆς
872 3028 969 3083 τοῦ
1009 3028 1178 3099 νόμου
1218 3026 1556 3099 διορθώσεως
1586 3027 1682 3082 καὶ

90 3126 180 3195 τῆς
226 3120 321 3175 τοῦ
384 3117 661 3179 ἐνδέοντος
703 3112 1029 3186 προσθήκης
1076 3112 1344 3195 διδάσκων
1393 3111 1478 3195 τίς
1532 3113 1680 3195 ἐστιν

93 3192 259 3263 δ’καὶ
306 3201 466 3275 παρὰ
526 3200 625 3270 τὴν
665 3198 842 3271 ἀρχὴν
896 3197 987 3250 τὸν
1046 3195 1210 3267 νόμον
1253 3192 1521 3257 δεδωκώς.
1583 3194 1681 3247 Διά

89 3292 239 3344 τοῦτο
298 3290 401 3342 καὶ
459 3284 589 3356 περὶ
646 3284 744 3353 τῆς
804 3281 898 3335 τοῦ
958 3279 1249 3353 ἀνθρώπου
1316 3277 1679 3349 δημιουργίας

90 3372 488 3442 διαλεγόμενος,
522 3366 645 3421 οῦτε
686 3364 906 3431 ἑαυτοῦ,
955 3363 1079 3418 οῦτε
1113 3361 1208 3417 τοῦ
1242 3362 1460 3437 Πατρὸς
1508 3362 1678 3433 ἐμνή-

91 3458 225 3528 σθη,
279 3454 422 3510 ἀλλὰ
469 3451 566 3505 καὶ
618 3448 853 3505 ἐνταῦθα
912 3447 1245 3520 ἀπρόσωπόν
1294 3463 1355 3499 τε
1411 3446 1507 3499 καὶ
1563 3445 1679 3498 ἀδι-

86 3543 293 3614 όριστον
334 3541 569 3593 ποιεῖται
595 3536 686 3589 τδν
732 3535 913 3604 λόγον,
940 3531 1137 3587 εἰπών’
1188 3532 1242 3585 '0
1301 3530 1565 3599 ποιήσας
1607 3530 1678 3596 ἐξ

88 3626 293 3697 ἀρχῆς,
308 3624 501 3692 ἄρσεν
534 3618 633 3674 καὶ
662 3617 823 3688 θῆλυ
852 3617 1144 3684 ἐποίησεν
1171 3615 1396 3680 αὐτούς
1418 3631 1431 3643 ·
1474 3615 1571 3668 καὶ
1597 3614 1677 3684 τῷ

92 3713 181 3781 μὲν
206 3712 419 3783 ῥήματι
451 3705 677 3776 ἐσίγησε
712 3703 805 3756 τδν
844 3702 1168 3772 ποιήσαντα,
1202 3697 1279 3770 τῷ
1302 3699 1360 3753 δέ
1392 3698 1539 3771 ἔργῳ
1570 3699 1675 3783 έδί-

87 3781 306 3863 δαξετά
354 3791 613 3845 λείποντα
646 3785 758 3841 τῶν
804 3785 1074 3856 σωμάτων
1121 3783 1473 3854 ἀναπληρῶν.
1518 3781 1675 3836 Οῦτω

88 3884 174 3934 καὶ
195 3877 440 3934 ἐνταῦθα
468 3871 661 3929 είπὼν.
701 3872 784 3925 ὅτι
823 3869 1159 3924 Ἠκούσατε
1191 3867 1281 3920 ὅτι
1305 3866 1518 3936 ἐρρέθη
1552 3865 1676 3933 τοῖς

88 3964 376 4033 ἀρχαίοις,
431 3956 586 4028 παρά
636 3955 733 4026 μὲν
766 3952 912 4017 τίνος
967 3950 1169 4024 ἐρρέθη
1202 3949 1447 4033 ἐσίγησε,
1490 3948 1579 4033 διὰ
1619 3948 1674 4002 δὲ

88 4031 189 4101 τῶν
216 4046 404 4118 ἔργων
425 4040 603 4096 αὑτῶν
631 4038 901 4111 ἐδήλωσεν
933 4035 1148 4089 ἑαυτόν.
1180 4034 1237 4087 '0
1265 4032 1374 4104 γὰρ
1398 4031 1458 4118 τὸ
1481 4031 1675 4118 ,λεῖπον

89 4115 514 4201 ἀναπληρώσας,
544 4117 701 4186 οὗτός
732 4124 880 4175 ἐστιν
909 4121 937 4173 6
968 4119 1064 4173 καὶ
1091 4118 1150 4183 ἐξ
1176 4118 1352 4188 ἀρχῆς
1375 4115 1536 4201 αὑτὸν
1562 4118 1675 4168 εἰσ-

86 4197 343 4281 ενεγκὼν.
385 4208 497 4262 Καὶ
526 4207 724 4269 αὐτοὺς
756 4205 815 4258 δὲ
845 4203 974 4267 τοὺς
1008 4202 1272 4264 παλαιοὺς
1308 4197 1673 4268 ἀναγινώσκει

86 4297 300 4368 νόμους,
330 4294 422 4347 ἵνα
460 4294 527 4363 τῇ
570 4288 874 4361 παραθέσει
913 4285 1160 4358 μάθωσιν
1191 4285 1239 4337 οί
1268 4281 1559 4368 ἀκούοντες
1590 4284 1672 4336 ὅτι

82 4365 201 4435 οὔτε
225 4372 604 4437 ὲναντιώσεώς
626 4375 741 4426 ἐστι
768 4371 837 4425 τὰ
862 4370 1154 4441 λεγόμενα,
1177 4368 1272 4422 καὶ
1290 4367 1373 4420 ὅτι
1395 4365 1473 4437 τῷ
1487 4383 1674 4436 γεγεν-

85 4465 267 4536 νηκότι
286 4462 389 4533 τὴν
414 4460 581 4530 αὑτὴν
596 4456 847 4523 ἐξουσίαν
866 4453 1001 4525 ἔχει.
1027 4451 1215 4506 Ταῦτα
1241 4450 1337 4505 καὶ
1360 4451 1672 4536 οίᾲίουδαῖολι

88 4533 325 4621 συνῆκαν
346 4545 440 4599 καὶ
459 4539 789 4611 ἐθαύμαζον.
813 4539 924 4621 καὶ
940 4539 1022 4591 ὅτι
1047 4536 1381 4621 ἐθαύμαζον,
1397 4533 1670 4621 ἀκούετοῦ

85 4616 473 4699 εὐαγγελιστοῦ
513 4622 672 4678 τοῦτο
721 4620 1009 4692 δηλοῦντος
1044 4620 1139 4673 καὶ
1190 4617 1443 4682 λέγοντος
1464 4633 1478 4646 '
1523 4616 1675 4681 Ἑξε-

86 4698 465 4781 πλήσσοντο,
493 4708 679 4778 φησιν,
703 4707 758 4759 οι
785 4704 960 4774 ὄχλοι
978 4701 1078 4756 ἐπὶ
1104 4700 1177 4770 τῇ
1203 4699 1426 4770 διδαχῇ
1459 4698 1669 4763 αὑτοῦ,

85 4800 167 4851 ὅτι
196 4796 528 4851 ἐδίδασκεν
552 4789 777 4857 αὐτοὺς
800 4788 881 4854 ὡς
899 4786 1194 4852 ἐξουσίαν
1221 4784 1398 4853 ἔχων,
1434 4783 1532 4836 καὶ
1558 4784 1670 4852 οὐχ

81 4882 157 4947 ὡς
182 4885 235 4933 οἱ
265 4875 628 4950 γραμματεῖς
655 4871 855 4927 αὐτῶν
869 4870 968 4924 καὶ
987 4873 1039 4923 οἱ
1060 4867 1389 4938 Φαρισαῖοι.
1409 4866 1474 4919 Τί
1490 4863 1604 4932 οὖν,
1623 4868 1672 4920 εἰ

86 4965 264 5028 κακῶς
295 4961 459 5015 τοῦτο
486 4956 807 5012 ὑπώπτευον
834 4956 1031 5008 ἐκεῖνοι
1056 4971 1072 5020 ;
1098 4951 1253 5022 φησί.
1289 4950 1398 5004 Καὶ
1430 4950 1537 5021 μὴν
1570 4950 1673 5003 οὐκ

83 5048 403 5102 ἐνεκάλεσεν
443 5044 645 5107 αὐτοῖς,
693 5040 815 5094 οὑδὲ
849 5038 1202 5108 ἐπετίμησεν,
1233 5034 1368 5088 ἀλλά
1410 5034 1507 5087 καὶ
1546 5034 1674 5087 ἐκύ-

88 5150 255 5205 ρωσεν
278 5129 462 5184 αὐτῶν
489 5127 585 5199 τὴν
609 5124 855 5197 γνώμην.
904 5120 1312 5205 Προσελθόντος-
1334 5118 1442 5190 γὰρ
1468 5118 1673 5205 εὑθέως

82 5202 170 5269 τοῦ
202 5214 409 5287 λεπροῦ
441 5213 534 5266 καὶ
569 5210 848 5280 λέγοντος’
880 5208 1076 5274 Κύριε,
1103 5203 1213 5258 ἐὰν
1250 5202 1453 5271 θέλῃς,
1492 5202 1674 5255 66rd-

82 5302 184 5354 σαί
216 5317 297 5370 με
336 5297 687 5366 καθαρίσαιο
733 5294 787 5346 τί
833 5306 998 5363 φησις
1043 5287 1228 5353 Θέλω,
1260 5287 1670 5355 καθαρίσθητι.

84 5386 190 5439 Καὶ
234 5384 386 5446 τίνος
426 5380 613 5433 ἓνεκεν
653 5378 753 5431 οὑκ
793 5370 946 5429 εἶπεν
994 5373 1202 5435 ἁπλῶς,
1255 5370 1670 5442 Καθαρίσθητι;

82 5470 257 5522 καίτοι
296 5468 330 5520 6
365 5465 568 5537 λεπρὸς
616 5460 1004 5535 ἐμαρτύρησεν
1037 5456 1187 5528 αὑτῷ
1219 5455 1469 5521 ἐξουσίαν
1500 5454 1670 5525 ἐχειν,

82 5550 274 5615 εἰπὼν,
337 5551 479 5604 Ἐὰν
508 5548 708 5615 θέλῃς.
767 5545 908 5598 Ἀλλ’
939 5543 1028 5596 ἵνα
1068 5542 1143 5613 μὴ
1178 5542 1407 5614 νομίσῃς
1447 5540 1546 5610 τῆς
1575 5538 1671 5592 τοῦ

84 5633 289 5707 λεπροῦ
319 5632 546 5704 γνώμης
569 5625 711 5684 εἶναι
734 5628 794 5681 τὸ
830 5627 973 5682 Ἐὰν
1001 5625 1208 5694 θέλῃς,
1238 5623 1548 5707 προσέθηκε
1579 5622 1673 5707 καὶ

86 5703 245 5783 αὺτδς
280 5703 490 5787 λέγων’
535 5715 719 5776 Θέλω,
764 5710 1176 5780 καθαρίσθητι.
1205 5708 1390 5770 Οῦτως
1423 5703 1671 5777 ἐπίτηδες

89 5802 366 5875 πανταχοῦ
398 5802 498 5873 τὴν
531 5798 780 5867 ἐξουσίαν
808 5796 1045 5850 ἐδείκνυε
1086 5794 1185 5875 τῂν
1215 5791 1432 5854 ἐαυτοῦ,
1465 5790 1558 5845 καὶ
1591 5790 1670 5843 ὃτι

143 6022 170 6051 ⁸
192 6020 349 6081 Sa'nl.
386 6019 656 6081 legendum
689 6013 887 6081 conjici!
906 6013 1049 6063 εἶπενο
1082 6010 1141 6060 Ὃ
1170 6011 1325 6074 πατήρ
1350 6025 1440 6071 μου
1468 6010 1565 6067 τοῖς
1586 6010 1671 6075 ἀρ-

88 6084 237 6143 χαίοις
260 6080 404 6133 εἶπεν·

3287 582 3393 638 79').

1802 683 1981 737 πάντα
2034 684 2142 764 ἀπὸ
2172 685 2458 750 αὑθεντίας
2490 689 2667 740 ποιεῖ·
2724 691 2846 743 ἐπεὶ
2882 690 2932 745 εί
2982 690 3058 762 μὴ
3091 689 3250 746 τοῦτο
3299 685 3392 764 ἦν,

1802 766 2057 838 περιττὸν
2084 763 2153 838 ἦν
2185 770 2246 823 τὸ
2273 770 2583 841 λεγόμενον.

1874 1017 1947 1074 ς’.
1966 1011 2247 1077 Μαθόντες
2266 1014 2445 1067 τοίνυν
2468 1014 2556 1068 διὰ
2577 1018 2793 1071 πάντων
2811 1019 2975 1073 αὑτοῦ
2996 1020 3095 1092 τὴν
3116 1021 3389 1089 ἐξουσίαν,

1799 1092 1865 1147 ἂν
1898 1095 2095 1165 ἴδωμεν
2115 1096 2342 1168 ἑτέρωθι
2369 1099 2624 1153 ταπεινόν
2650 1119 2703 1154 τι
2736 1102 2993 1157 ποιοῦντα
3021 1106 3116 1158 καὶ
3138 1105 3387 1175 λέγοντα,

1798 1176 1889 1230 διά
1930 1196 1987 1231 τε
2022 1180 2121 1243 τὰς
2151 1183 2327 1246 αίτίας
2370 1182 2435 1246 ἃς
2472 1184 2862 1255 ἡριθμήσαμεν
2914 1188 3127 1260 πρῴην,
3182 1191 3275 1245 καὶ
3301 1192 3389 1245 διὰ

1802 1260 1954 1333 [557]
1981 1262 2041 1315 τὸ
2062 1263 2349 1333 βούλεσθαι
2371 1268 2499 1331 τοὺς
2525 1266 2823 1332 ἀκούοντας
2847 1271 2927 1334 είς
2956 1274 3389 1345 ταπεινοφροσύ-

1799 1361 1898 1414 νην
1931 1346 2242 1415 ἐναγαγεῖν,
2275 1350 2350 1419 μὴ
2383 1349 2472 1402 διὰ
2502 1350 2660 1405 τοῦτο
2685 1352 2850 1405 αὐτὸν
2879 1355 2958 1416 εἰς
2988 1355 3266 1409 εὐτέλειαν
3299 1359 3390 1415 οὑ-

1800 1428 1922 1492 σίας
1942 1428 2337 1501 διαϐάλλωμεν.
2373 1433 2485 1486 Καὶ
2508 1434 2617 1505 γάρ
2643 1435 2775 1489 αὐτὸ
2799 1436 2861 1489 τὸ
2886 1437 3066 1507 σάρκα
3098 1439 3389 1494 ἀναὲαϐεἰν

1799 1510 1909 1565 ἀπὸ
1946 1515 2448 1587 ταπεινοφροσύνης
2484 1518 2800 1588 ὑπέμεινεν,
2835 1520 2897 1573 οὑ
2926 1520 3015 1574 διά
3041 1521 3100 1575 τὸ
3123 1524 3387 1577 καταδεέ-

1801 1613 1993 1669 στερον
2026 1596 2165 1653 εἶναι
2186 1600 2281 1652 ’τοῦ
2305 1601 2536 1672 Πατρός.
2564 1604 2676 1657 Καὶ
2705 1604 2870 1658 πόθεν
2891 1606 3053 1658 τοῦτο
3076 1606 3387 1676 δῆλον;1(αὶ

1798 1680 1909 1753 γὰρ
1936 1683 2031 1735 καὶ
2058 1683 2218 1736 τοῦτο
2251 1685 2642 1756 περιφέρουσιν
2676 1688 2723 1739 οἱ
2758 1686 2859 1757 τῆς
2890 1687 3147 1758 ἀληθείας
3175 1691 3382 1761 ἐχθροὶ,

1798 1762 2067 1831 λέγοντες,
2089 1766 2171 1819 ὅτι
2200 1767 2263 1820 Εί
2295 1767 2406 1830 ἴσος
2438 1764 2507 1838 ἦν
2532 1769 2610 1839 τῷ
2636 1771 3008 1839 γεγεννηκότι,
3027 1771 3171 1835 τίνος
3201 1773 3386 1826 ἕνεκεν

1796 1847 1826 1898 6
1858 1848 2045 1919 Πατὴρ
2087 1850 2188 1903 οὐκ
2215 1849 2443 1903 ἀνέλαϐε
2488 1852 2690 1923 σάρκα,
2727 1852 2840 1905 ἀλλ’
2874 1854 2903 1905 6
2931 1853 3060 1917 Υίὸς
3084 1854 3253 1908 ὑπέδυ
3286 1859 3384 1925 τὴν

1797 1929 1893 1983 τοῦ
1919 1931 2106 1985 δούλου
2139 1934 2351 2005 μορφήν
2375 1951 2391 1998 ;
2431 1930 2541 2005 ἆρα
2576 1936 2677 1989 οὐκ
2702 1934 2927 2006 εὖδηλον
2954 1938 3036 1990 ὅτι
3065 1938 3254 2011 ἐπειδὴ
3284 1957 3383 1991 κα·-

1796 2012 2149 2083 ταδεέστερος
2178 2011 2280 2087 ἦν;
2306 2017 2415 2070 Καὶ
2448 2018 2576 2089 μὴν,
2603 2020 2651 2071 εί
2681 2018 2769 2073 διὰ
2794 2018 2953 2073 τοῦτο
2981 2019 3080 2092 τὴν
3103 2023 3383 2093 ἡμετέραν

1796 2096 1964 2151 ὑπέδυ
2021 2099 2205 2168 φύσιν,
2249 2100 2311 2152 τὸ
2353 2101 2597 2172 Πνεῦμα,
2643 2103 2672 2155 ὃ
2705 2120 2870 2171 φασιν
2911 2104 3067 2157 αὑτοὶ¹
3117 2105 3213 2158 τοῦ
3248 2106 3380 2159 Υἱοῦ

1796 2179 2016 2235 ἔλαττον
2047 2180 2184 2237 εἶναι
2204 2186 2286 2253 (οὑ
2313 2186 2421 2257 γὰρ
2450 2186 2516 2239 ἂν
2541 2188 2703 2256 ἡμεῖς
2732 2186 3027 2257 εἴποιμεν),
3046 2190 3225 2242 ἐκεῖνο
3247 2206 3381 2261 σαρ-

1796 2264 2039 2336 κωθῆναι
2080 2267 2208 2322 ἔδει.
2239 2270 2303 2321 El
2333 2270 2444 2338 γάρ
2493 2269 2583 2322 διὰ
2624 2269 2783 2323 τοῦτο
2812 2270 3016 2341 μείζων
3049 2272 3141 2325 τοῦ
3185 2271 3319 2326 Υίοῦ
3353 2276 3382 2327 6

1795 2349 2004 2422 Πατὴρ.
2036 2352 2225 2423 ἐπειδὴ
2259 2354 2287 2405 6
2319 2354 2417 2423 μὲν
2447 2353 2760 2425 ἐσαρκώθη,
2792 2357 2820 2408 6
2847 2355 2904 2408 δὲ
2932 2356 3034 2408 οὑκ
3063 2355 3378 2428 ἐσαρκώθη,

1793 2433 1948 2487 ἔσται
1981 2436 2076 2489 καὶ
2126 2436 2187 2489 τὸ
2233 2436 2458 2505 Πνεῦμα
2504 2436 2668 2489 αὑτοῦ
2714 2437 2803 2490 διὰ
2855 2437 2956 2509 τὴν
2988 2439 3161 2511 αὐτὴν
3200 2439 3380 2493 αἰτίαν

1796 2516 1981 2583 μεῖζον
2001 2535 2015 2548 ο
2051 2518 2173 2572 οὑδὲ
2202 2518 2310 2589 γὰρ
2337 2519 2469 2572 αὑτὸ
2499 2521 2681 2590 σάρκα
2709 2520 2994 2576 ἀνέλαϐεν.

1876 2779 2013 2832 Ἀλλ’
2059 2778 2147 2832 ἵνα
2195 2779 2268 2853 μὴ
2322 2780 2429 2833 ἀπὸ
2462 2780 2834 2852 συλλογισμῶν
2868 2782 3027 2839 τοῦτο
3062 2785 3377 2855 ἀποφαινώ-

1793 2864 1953 2936 μεθα,
1997 2865 2128 2935 φέρε
2169 2865 2263 2918 ἀπ’
2295 2866 2475 2919 αὐτῶν
2507 2867 2615 2920 τῶν
2648 2867 2881 2938 Γραφῶν
2919 2870 3053 2924 αὑτὸ
3093 2871 3378 2941 παραστή-

1791 2964 1996 3017 σωμεν,
2028 2947 2364 3011 δεικνύοντες
2410 2950 2492 3001 ὅτι
2521 2948 2610 3003 διὰ
2659 2953 3164 3026 ταπεινοφροσύνην
3194 2953 3378 3024 σάρκα

1790 3029 2071 3085 ἀνέλαϐεν.
2117 3030 2176 3083 Ὀ
2233 3031 2341 3102 γὰρ
2373 3031 2581 3096 Παῦλος
2611 3034 2641 3085 6
2683 3034 2856 3087 ταῦτα
2906 3035 3061 3101 εἰδὼς
3106 3035 3373 3105 ἀκριϐῶς,

1789 3114 2007 3168 ἐπειδὰν
2043 3114 2213 3188 μέλλῃ
2254 3133 2308 3169 τι
2351 3116 2460 3170 τῶν
2488 3118 2774 3188 χρησίμων
2807 3120 2939 3189 ἡμῖν
2970 3123 3277 3192 παραινεῖν,
3306 3119 3377 3172 τά

1790 3200 2164 3270 ὑποδείγματα
2185 3200 2390 3253 ἄνωθεν
2424 3202 2554 3271 ἡμῖν
2585 3202 2814 3270 κατάγει
2846 3202 2947 3275 τῆς
2970 3205 3171 3276 ἀρετῆς
3191 3221 3205 3234 '
3240 3198 3374 3269 οἷον,

1790 3282 2147 3353 συμϐουλεύει
2172 3282 2433 3346 πολλάκις
2468 3285 2596 3355 περὶ
2632 3284 2876 3356 ἀγάπης,
2924 3288 3021 3340 καὶ
3052 3287 3376 3359 βουλόμενος

1785 3366 2077 3435 ἐναγαγεῖν
2132 3367 2259 3431 τοὺς
2305 3366 2556 3438 μαθητάς
2597 3370 2679 3432 είς
2725 3370 2785 3423 τὸ
2836 3372 3057 3443 ἀγαπᾷν
3090 3373 3373 3445 ἀλλήλους.

1785 3451 2024 3522 Χριστὸν
2052 3452 2133 3513 είς
2166 3451 2329 3522 μέσον
2362 3452 2604 3519 παράγει
2629 3450 2802 3520 λέγων
2824 3470 2839 3483 ·
2875 3458 2941 3508 Οἱ
2963 3455 3200 3525 ἄνδρες,
3230 3458 3375 3528 ἀτα-

1785 3534 1936 3589 πᾶτε
1960 3535 2069 3601 τὰς
2095 3534 2409 3605 γυναῖκας.
2435 3534 2634 3599 καθὼς
2661 3536 2761 3588 καὶ
2795 3540 2829 3590 ό
2848 3539 3105 3607 Χριστὸς
3135 3542 3371 3611 ἠγάπη-

1783 3634 1859 3671 σε
1873 3617 1988 3685 τὴν
2002 3618 2389 3685 Ἐκκλησίαν.
2408 3617 2598 3680 Πάλιν,
2612 3618 2832 3673 ἐπειδὰν
2850 3621 2978 3691 περὶ
3000 3622 3127 3693 ἐλεη
3135 3624 3373 3695 μοσύνης

1776 3700 2120 3775 διαλέγηται,
2148 3699 2305 3753 τοῦτο
2342 3700 2475 3754 αὑτὸ
2504 3703 2675 3753 ποιεῖ·
2717 3701 2798 3754 διὸ
2836 3704 2930 3756 καὶ
2968 3703 3118 3772 λέγει
3144 3722 3158 3735 ·
3187 3707 3371 3760 Γινώ-

1782 3801 1962 3840 σκετε
2002 3786 2118 3854 τὴν
2158 3785 2335 3855 χάριν
2371 3784 2478 3839 τοῦ
2520 3784 2743 3853 Κυρίου
2790 3787 2959 3855 ἡμῶν
3006 3789 3202 3858 Ἰησοῦ
3235 3794 3371 3861 Χρι-

1783 3870 1958 3934 στοῦ,
1992 3869 2081 3923 ὅτι
2126 3869 2199 3922 δι’
2228 3866 2384 3938 ὑμᾶς
2421 3867 2769 3938 ἐπτώχευσε
2802 3870 3101 3939 πλούσιος
3132 3871 3237 3935 ὢν,
3270 3875 3372 3929 ἵνα

1782 3954 1951 4024 ὑμεῖς
1980 3952 2055 4022 τῇ
2083 3952 2324 4007 ἐκείνου
2360 3952 2622 4021 πτωχείᾳ
2643 3952 3055 4023 πλουτήσητε.
3105 3959 3169 4011 Ὃ
3197 3958 3255 4012 δὲ
3283 3959 3371 4012 λέο

1781 4057 1865 4109 γει
1893 4038 2133 4091 τοιοῦτόν
2160 4038 2306 4090 ἐστιν
2329 4054 2342 4068 ·
2366 4036 2556 4108 ὥσπερ
2571 4038 2599 4089 6
2615 4039 2890 4109 Δεσπότης
2921 4057 3013 4093 σου
3036 4041 3366 4113 ἐπτώχευσε,

1783 4124 1962 4194 σάρκα
1991 4120 2437 4194 περιϐαλόμενος,
2495 4119 2638 4174 οὕτω
2688 4122 2752 4175 σὺ
2798 4122 3113 4193 πτώχευσον
3141 4127 3200 4179 ἐν
3232 4128 3370 4199 χρή-

1785 4224 1918 4276 μασι
1941 4223 1955 4236 ·
1993 4206 2089 4260 καὶ
2114 4205 2223 4277 γάρ
2251 4204 2439 4276 ὥσπερ
2472 4207 2679 4258 ἐκεῖνον
2707 4205 2860 4259 οὐδὲν
2893 4206 3127 4276 ἔϐλαψεν
3152 4209 3184 4279 ἡ
3218 4226 3367 4262 πτω-

1780 4289 1903 4360 χεία
1929 4292 2029 4361 τῆς
2075 4288 2253 4360 δόξης,
2287 4287 2459 4352 οῦτως
2493 4288 2615 4342 οὐδὲ
2665 4288 2724 4341 σὲ
2770 4290 2973 4360 βλάψαι
3018 4291 3303 4363 δυνήσεται
3334 4295 3367 4365 η

1779 4375 1887 4429 τῶν
1914 4374 2213 4446 χρημάτων
2264 4373 2529 4443 πτωχεία,
2577 4372 2713 4427 άλλά
2744 4373 2913 4429 πολὺν
2963 4376 3255 4444 ἐργάσεταί
3285 4394 3367 4432 σοι

1779 4460 1871 4513 τὸν
1910 4458 2158 4513 πλοῦτον.
2192 4456 2349 4511 Οῦτω
2378 4458 2473 4511 καὶ
2506 4458 2645 4528 περὶ
2674 4459 3175 4531 ταπεινοφροσύνης
3206 4460 3369 4515 πάλιν

1776 4543 2161 4615 Φιλιππησίοις
2197 4541 2577 4612 διαλεγόμενος
2633 4542 2724 4596 τὸν
2777 4543 3013 4613 Χριστὸν
3062 4545 3144 4607 εἰς
3202 4544 3368 4615 μέσον

1778 4629 1922 4697 ἄγει,
1972 4629 2065 4680 καὶ
2113 4625 2318 4687 εἰπὼν,
2358 4622 2437 4694 Τῇ
2479 4626 3007 4695 ταπεινοφροσύνῃ
3056 4627 3368 4695 ἀλλήλους

1778 4713 2099 4782 ἡγούμενοι
2126 4709 2532 4778 ὑπερέχοντας
2559 4708 2809 4772 ἑαυτῶν,
2858 4711 3132 4783 ἐπήγαγε·
3187 4713 3367 4767 Τοῦτο

1778 4796 1890 4866 γὰρ
1922 4793 2257 4863 φρονείσθω
2277 4793 2349 4846 ἐν
2370 4791 2531 4861 ὑμῖν,
2568 4791 2599 4844 ὃ
2638 4793 2735 4846 καὶ
2763 4792 2834 4846 ἐν
2873 4794 3107 4862 Χριστῷ
3145 4796 3364 4865 Ἰησοῦ,

1780 4880 1849 4944 ὃς
1874 4880 1942 4933 ἐν
1962 4876 2167 4949 μορφῇ
2198 4875 2345 4931 Θεοῦ
2382 4872 2670 4945 ὑπάρχων
2709 4880 2822 4946 οὺχ
2867 4877 3183 4948 ἁρπαγμὸν
3219 4881 3366 4950 inv}-

1780 4980 1932 5018 σατο
1963 4962 2031 5016 τὸ
2050 4957 2203 5015 εἷναι
2227 4956 2334 5015 ἴσα
2363 4960 2503 5027 Θεῷ,
2533 4961 2672 5013 ἀλλ’
2696 4961 2915 5013 ἑαυτὸν
2937 4961 3198 5016 ἐκένωσε
3218 4980 3365 5031 μορ-

1780 5048 1907 5117 φὴν
1933 5046 2160 5101 δούλου
2188 5043 2409 5099 λαϐὼν.
2467 5040 2659 5095 Καίτοι
2692 5039 2740 5096 εί
2771 5042 2860 5096 διὰ
2887 5043 2948 5095 τὸ
2987 5044 3195 5097 ἐλάττω
3227 5040 3365 5098 εἶναι

1780 5132 1923 5186 κατά
1956 5130 2136 5200 φύσιν,
2170 5124 2493 5193 κατεδέξατο
2537 5126 2713 5197 σάρκα
2744 5126 2995 5195 φορέσαι,
3026 5127 3124 5179 οὐκ
3155 5126 3235 5180 ἔτι
3268 5144 3362 5181 τα-

1780 5212 2209 5286 πεινοφροσύνης
2251 5211 2313 5264 τὸ
2358 5209 2669 5280 γενόμενον,
2727 5209 2862 5262 ἀλλά
2916 5209 3187 5280 περιττῶς
3232 5211 3366 5266 αὐτὸ

1781 5300 2106 5370 παρήγαγεν
2150 5298 2178 5349 6
2210 5293 2423 5353 Παῦλος
2464 5295 2545 5356 είς
2574 5293 3080 5365 ταπεινοφροσύνην
3108 5311 3363 5368 παρακα-

1779 5382 1914 5437 λῶν·
1972 5377 2440 5450 ταπεινοφροσύνῃ
2474 5378 2583 5449 γάρ
2623 5380 2769 5432 ἐστιν
2810 5379 2937 5432 ὃταν
2968 5378 3081 5442 ῐσος
3112 5380 3364 5455 ὑπακούῃ

1779 5467 1859 5538 τῷ
1894 5467 2013 5538 ῐσῳ.
2068 5463 2239 5518 Τοῦτο
2268 5459 2360 5516 οὖν
2391 5464 2485 5516 καὶ
2516 5461 2677 5526 αὐτὸς
2710 5463 2924 5526 δεικνὺς
2951 5461 3128 5533 λέγει·
3167 5468 3273 5533 ’ος
3295 5469 3368 5522 ἐν

1774 5549 1980 5623 μορφῇ
2012 5549 2164 5604 Θεοῦ
2197 5547 2485 5618 ὑπάρχων
2509 5550 2623 5617 οὐχ
2656 5547 2972 5619 ἁρπαγμὸν
2996 5548 3269 5619 ᾐτήσατο
3297 5552 3365 5606 τὸ

1780 5634 1931 5694 εἶναι
1964 5638 2071 5690 ἴσα
2101 5634 2243 5700 Θεῷ,
2271 5637 2410 5691 ἀλλ’
2443 5634 2661 5688 ἑαυτὸν
2681 5633 2943 5688 ἐκένωσε
2965 5634 3210 5706 μορφὴν
3235 5637 3366 5691 δού-

1779 5724 1896 5776 λου
1922 5720 2140 5775 λαϐών.
2183 5719 2249 5772 Τί
2281 5720 2430 5772 ἐστιν
2452 5758 2467 5782 ,
2507 5719 2629 5786 Οὐχ
2659 5717 2973 5788 ἁρπαγμὸν
2992 5719 3266 5788 ἡγήσατο
3298 5722 3364 5773 τι)

1780 5804 1934 5861 εἶναι
1953 5806 2059 5859 ἴσα
2075 5802 2217 5869 Θεῷ,
2233 5804 2371 5857 ἀλλ’
2385 5801 2605 5856 ἑαυτὸν
2614 5801 2874 5856 ἐκένωσε
2883 5801 3129 5872 μορφὴν
3140 5801 3325 5857 δούλο
3335 5823 3364 5853 J

1780 5890 2021 5952 λαϐὠν;
2072 5882 2130 5943 Ὁ
2157 5888 2410 5960 ἁρπάσας
2439 5903 2491 5939 τι
2530 5886 2638 5939 τῶν
2675 5885 2749 5957 μὴ
2797 5887 3181 5956 προσηκόντων
3231 5902 3363 5939 κατ-

1785 5977 1899 6047 έχει
1930 5975 2086 6028 τοῦτο
2109 5974 2368 6045 διηνεκῶς
2400 5973 2491 6026 καὶ
2514 5971 2810 6025 ἀποθέσθαι
2844 5972 2942 6024 οὐκ
2960 5971 3026 6025 ἂν
3058 5971 3250 6035 ἕλοιτο,
3279 5970 3363 6025 δτ-

1781 6060 1975 6126 δοικὼς
2000 6060 2093 6115 καὶ
2123 6059 2346 6133 θαρρεῖν
2373 6058 2473 6114 οὑκ
2520 6057 2659 6131 ἔχων
2691 6057 2832 6133 ὑπὲρ
2865 6057 2965 6129 τῆς
3007 6056 3290 6129 κτήσεως·
3332 6058 3362 6109 ό
