3868 6236
118 373 225 426 7υῦ

120 483 380 554 possidet,
408 481 550 553 qttod
574 479 768 536 auferr’
801 494 903 534 non
930 485 1124 549 potest,
1158 475 1280 529 licet
1306 471 1432 527 illud
1452 468 1700 533 occultet,

122 575 343 629 minime
372 575 543 629 timet.

198 666 491 722 Similitudo
520 682 551 717 a
578 679 717 718 servo
744 670 789 716 et
814 661 919 731 ﬁlio
953 659 1122 712 ducta.
1142 686 1216 698 —
1243 654 1401 709 Verbi
1428 653 1615 724 gratia,
1646 661 1705 706 ut

124 758 387 828 exemplis
420 757 561 827 quod
587 757 705 810 dico
734 752 1070 807 manifestum
1095 748 1302 812 evadat,
1330 747 1398 800 sit
1421 744 1701 815 quiSpiam,

124 850 366 919 ejusdem
396 861 535 903 unus
570 859 775 906 servus,
808 844 944 897 alter
970 840 1130 895 illius.
1157 839 1211 894 Si
1238 854 1365 907 ergo
1393 851 1575 890 servus
1605 833 1703 887 mi.

126 946 272 996 nime
319 938 721 995 convenientem
768 936 866 1005 ipsi
918 933 1211 988 libertatem
1258 931 1395 985 elata
1438 943 1568 983 voce
1603 928 1704 983 sibi

131 1033 383 1095 vindicet,
426 1045 490 1085 ac
517 1029 733 1083 domino
780 1042 839 1081 se
880 1034 1129 1095 apponat,
1163 1021 1351 1077 adduci
1382 1036 1486 1075 non
1533 1026 1706 1088 potest

132 1136 183 1178 ιιι
214 1123 403 1178 servile
432 1119 715 1191 quidquam
750 1125 890 1186 agat,
922 1128 1094 1184 neque
1124 1112 1401 1182 praeceptis
1428 1111 1702 1177 obtempe-

131 1226 234 1283 rat,
264 1218 461 1271 veritus
490 1230 557 1268 ne
599 1213 701 1266 hoc
748 1211 920 1279 ipsum
965 1207 1164 1261 officiat
1192 1203 1443 1267 libertati,
1476 1211 1529 1256 et
1572 1201 1702 1254 obe-

129 1309 285 1363 diens
316 1316 582 1376 przecepto
604 1303 704 1359 sibi
748 1300 1075 1356 obstaculum
1104 1296 1318 1366 objiciat
1351 1313 1364 1349 :
1392 1294 1587 1364 quippe
1613 1292 1703 1360 qui

134 1401 388 1454 honorem
416 1394 717 1463 arripuerit,
742 1408 803 1446 ac
833 1402 1023 1460 prmter
1049 1388 1354 1457 dignitatem
1401 1382 1664 1453 possideat
1688 1399 1701 1435 :

132 1492 275 1544 [ilius
303 1498 477 1543 autem
520 1486 712 1541 servile
757 1483 980 1553 quodvis
1025 1496 1159 1550 opus
1189 1478 1443 1549 perficere
1487 1474 1705 1529 minime

130 1579 429 1644 recusabit,
448 1592 567 1631 eum
597 1576 748 1636 sciat,
791 1572 995 1626 tametsi
1024 1578 1213 1624 cuncta
1243 1580 1519 1623 servorum
1549 1564 1707 1617 obeat

132 1670 444 1734 ministeria,
497 1667 626 1721 nihil
675 1666 760 1719 illa
805 1678 956 1717 suam
1000 1661 1295 1714 libertatem
1348 1657 1559 1719 laesura,
1609 1651 1703 1707 sed

132 1764 403 1815 immotam
455 1758 597 1811 illam
646 1767 1068 1825 permansuram,
1118 1763 1240 1803 cum
1287 1762 1447 1815 Opera
1494 1744 1703 1798 servilia

130 1853 360 1907 nativam
378 1850 451 1903 illi
469 1864 572 1903 non
595 1846 795 1916 possint
814 1844 1139 1899 nobilitatem
1160 1837 1367 1894 auferre
1389 1854 1402 1892 :
1425 1835 1565 1906 quod
1586 1850 1703 1889 eam

132 1960 240 1997 non
286 1943 465 2012 rapina
515 1949 717 2010 partam
759 1946 816 1991 ut
843 1948 1027 1991 servus
1071 1933 1279 1995 habeat,
1328 1929 1421 1984 sed
1467 1944 1496 1981 a
1540 1926 1705 1981 multo

134 2047 375 2104 tempore
403 2043 559 2102 atque
597 2030 663 2084 ab
688 2031 801 2098 ipso
846 2027 1016 2097 primo
1040 2024 1125 2079 die
1169 2021 1451 2076 nativitatis
1479 2018 1705 2087 acquisi-

132 2140 261 2181 tam.
295 2126 404 2179 iloc
433 2124 586 2194 igitur
613 2129 668 2177 et
696 2120 886 2174 Paulus
915 2117 1151 2172 indicans
1176 2114 1243 2168 de
1271 2112 1480 2168 Christo
1507 2109 1700 2179 inquit:

128 2214 554 2288 quandoquidem
598 2221 785 2267 natura
828 2211 980 2274 liber,
1009 2215 1064 2263 et
1090 2207 1348 2277 genuinus
1392 2203 1530 2257 filius
1555 2210 1701 2267 erat,

128 2323 238 2361 non
264 2306 412 2376 quasi
437 2303 676 2373 rapinam
698 2300 1050 2371 aequalitatem
1071 2296 1170 2351 sibi
1191 2303 1511 2364 arrogasset,
1535 2293 1701 2362 ipsam

126 2400 313 2454 debuit
358 2396 639 2461 occultare,
667 2392 759 2448 sed
804 2390 1027 2445 formam
1075 2388 1213 2443 servi
1243 2384 1568 2440 confidenter
1613 2398 1703 2437 as-

124 2491 374 2561 sumpsit.
398 2489 630 2544 Noverat
653 2485 815 2549 enim,
847 2483 1008 2554 probe
1036 2489 1274 2545 noverat,
1292 2476 1703 2533 condescensio-

126 2598 253 2637 nem
282 2579 503 2650 gloriam
550 2578 649 2647 ipsi
678 2590 826 2630 suam
870 2573 1183 2627 imminuere
1227 2584 1330 2623 non
1360 2582 1513 2637 posse
1540 2582 1553 2619 :
1582 2581 1702 2619 cum

123 2673 352 2727 ascititia
384 2686 487 2724 non
514 2676 683 2730 esset,
715 2680 887 2736 neque
916 2678 1011 2734 per
1052 2663 1289 2730 rapinam
1334 2658 1573 2729 quaesita,
1604 2671 1704 2712 nec

124 2767 303 2819 aliena
330 2774 382 2818 et
411 2778 513 2816 non
543 2760 772 2829 propria,
805 2756 897 2811 sed
928 2754 1181 2809 naturalis
1206 2769 1267 2806 ac
1292 2751 1545 2820 legitima.
1574 2748 1705 2803 Pro-

128 2869 311 2926 pterea
354 2854 491 2908 servi
536 2851 759 2905 formam
806 2847 1107 2914 assumpsit,
1142 2859 1261 2897 cum
1292 2842 1454 2911 probe
1500 2839 1699 2904 sciret,

124 2947 338 3015 sibique
386 2941 726 3011 persuaderet
772 2938 919 3003 fore,
970 2945 1041 3003 ut.
1076 2934 1205 2988 nihil
1249 2934 1349 2987 hoc
1400 2933 1496 3002 ipsi
1528 2941 1706 3000 posset

126 3051 345 3088 nocere.
377 3032 660 3087 Enimvero
685 3029 985 3083 nullatenus
1012 3026 1210 3092 nocuit,
1242 3024 1335 3079 sed
1363 3033 1416 3079 et
1439 3025 1492 3080 in
1536 3022 1702 3077 forma

122 3128 269 3182 servi
300 3125 536 3181 eamdem
577 3124 797 3193 gloriam
828 3120 1061 3175 retinuit.
1102 3117 1259 3173 Vides
1287 3124 1347 3170 ut
1386 3114 1501 3184 ipsa
1527 3112 1704 3168 carnis

122 3220 420 3290 assumptio
448 3218 518 3272 sit
559 3215 810 3270 indicium
842 3214 1029 3268 Filium
1075 3210 1329 3280 aequalem
1357 3223 1479 3264 esse
1519 3207 1700 3274 Patri,

121 3321 288 3380 atque
301 3310 434 3364 hanc
444 3308 795 3378 aequalitatem
815 3320 918 3359 non
935 3302 1273 3358 adventitiam
1290 3314 1607 3370 esse,neque
1618 3313 1705 3353 ac-

123 3402 321 3457 cedere
348 3400 522 3455 solere
551 3413 614 3452 ac
642 3396 909 3459 recedere,
936 3394 1030 3449 sed
1072 3396 1342 3448 immotam
1383 3400 1436 3446 et
1461 3390 1702 3445 stabilem

121 3509 272 3557 esse,
303 3491 615 3562 qualemque
658 3488 903 3544 convenit
948 3486 1113 3541 filium
1161 3499 1284 3555 erga
1314 3491 1517 3554 patrem
1562 3480 1701 3536 obti-

123 3600 261 3640 nere
279 3584 303 3637 ?

199 3678 254 3730 7.
291 3674 366 3729 De
408 3672 681 3727 inimicitiis
729 3669 1055 3741 deportandis.
1084 3697 1155 3709 —-
1178 3667 1302 3722 Haec
1342 3665 1499 3736 igitur
1525 3664 1704 3720 omnia

122 3770 366 3825 dicamus
388 3767 510 3833 illis,
538 3776 611 3830 ct,
633 3774 885 3835 quantum
908 3762 1119 3833 quidem
1141 3761 1192 3815 in
1217 3760 1369 3814 nobis
1396 3760 1553 3813 situm
1581 3756 1702 3823 erit,

120 3866 195 3918 ab
225 3862 311 3916 illa
337 3877 491 3930 prava
525 3858 716 3914 haeresi
744 3858 888 3927 ipsos
907 3856 1169 3910 abducere
1197 3852 1522 3918 studeamus,
1548 3860 1706 3919 atque

123 3955 189 4009 ad
238 3953 516 4007 veritatem
561 3949 835 4005 reducere.
884 3946 951 4001 Et
982 3960 1111 4000 vero
1151 3959 1250 3999 nos
1296 3943 1395 4014 ipsi
1425 3958 1492 3996 ne
1538 3941 1705 3995 solam

124 4046 290 4101 ﬁdem
339 4043 489 4098 nobis
515 4042 583 4097 ad
625 4040 852 4096 salutem
901 4037 1144 4093 sufﬁcere
1172 4049 1502 4099 censeamus,
1534 4032 1628 4087 sed
1653 4041 1708 4087 et

122 4136 546 4195 conversationis
566 4151 746 4189 curam
772 4146 1037 4205 geramus,
1055 4130 1373 4201 optimaque
1387 4128 1508 4183 vita:
1530 4127 1705 4196 speci-

125 4245 252 4285 men
270 4229 491 4284 edamus
516 4246 529 4281 :
553 4237 611 4280 ut
630 4243 692 4281 ex
717 4235 936 4295 utraque
958 4234 1104 4293 parte
1128 4222 1408 4291 perfectam
1432 4220 1707 4274 utilitatem

123 4321 485 4393 percipiantus
511 4338 525 4373 :
556 4329 612 4374 et
650 4317 718 4373 ad
746 4317 886 4387 quod
934 4331 1101 4387 nuper
1132 4315 1372 4369 hortatus
1397 4327 1535 4378 smn,
1569 4326 1709 4365 nunc

124 4431 367 4488 quoque,
395 4426 455 4470 ut
499 4414 670 4483 reipsa
701 4421 1033 4483 praestemus,
1065 4424 1159 4462 vos
1186 4408 1386 4472 hortor,
1419 4416 1472 4460 et
1502 4414 1710 4459 mutuas

126 4507 437 4566 inimicitias
480 4505 827 4575 deponamus,
861 4517 959 4558 nec
1005 4501 1231 4571 amplius
1275 4514 1433 4570 quam
1480 4513 1585 4552 uno
1626 4495 1711 4551 die

118 4601 409 4671 quisquam
455 4594 681 4666 proximi
739 4597 809 4649 sit
854 4593 1137 4656 inimicus,
1184 4590 1278 4647 sed
1324 4600 1449 4645 ante
1500 4598 1709 4643 noctem

124 4694 271 4749 iram
297 4689 527 4758 abjiciat,
574 4703 642 4742 ne
687 4701 808 4740 cum
859 4686 1003 4740 solus
1043 4685 1181 4753 apud
1209 4698 1267 4738 se
1310 4682 1487 4746 fuerit,
1518 4690 1572 4736 et
1595 4696 1713 4750 qua:

124 4794 283 4853 gesta
325 4782 572 4850 dictaque
609 4779 847 4845 fuerint,
900 4778 1023 4833 odio
1066 4777 1392 4846 impellente,
1436 4774 1714 4844 diligenter

126 4874 436 4943 collegerit,
466 4872 823 4927 molestiorem
855 4870 1014 4924 finem
1046 4869 1259 4947 efficiat,
1284 4876 1337 4921 et
1363 4865 1713 4920 difficiliorem

124 4965 322 5022 reddat
348 4964 849 5019 reconciliationem.
876 4962 1008 5016 Nam
1048 4958 1493 5031 quemadmodum
1527 4972 1716 5025 corpo-

128 5062 202 5113 ris
236 5057 410 5113 nostri
450 5070 569 5110 ossa
615 5070 733 5111 cum
764 5072 795 5110 e
822 5069 916 5110 sua
960 5054 1154 5107 fuerint
1196 5052 1324 5106 sede
1364 5051 1635 5114 convulsa,
1667 5048 1712 5103 si

128 5148 419 5203 confestim
451 5148 813 5210 restituantur,
842 5160 946 5198 non
992 5158 1181 5213 magno
1211 5157 1328 5196 cum
1370 5141 1550 5195 labore
1595 5155 1716 5207 pro-

129 5242 307 5307 prium
354 5238 528 5291 locum
561 5245 874 5307 recuperant
903 5253 915 5288 :
944 5236 1025 5289 sin
1069 5245 1245 5287 autem
1276 5232 1432 5302 longo
1480 5243 1716 5301 tempore

128 5342 281 5385 extra
314 5330 498 5387 sedem
526 5345 676 5384 suam
719 5328 1031 5395 manserint,
1078 5325 1360 5380 difficulter
1404 5334 1583 5394 postea
1628 5340 1714 5380 re-

134 5430 438 5486 vertuntur,
470 5429 526 5474 et
566 5421 620 5475 in
670 5436 822 5476 suum
866 5420 1040 5475 locum
1086 5417 1328 5483 redeunt,
1373 5432 1436 5472 ac
1474 5418 1717 5472 restituta

133 5517 429 5567 multorum
444 5513 649 5569 dierum
668 5513 837 5582 spatio
854 5511 1110 5583 indigent,
1129 5519 1187 5565 ut
1204 5510 1440 5580 adaptari
1458 5520 1641 5566 exacte
1655 5524 1719 5565 ac

134 5607 365 5662 stabiliri
406 5607 610 5676 possint
636 5615 690 5661 et
715 5620 1027 5676 permanere
1058 5622 1070 5657 :
1104 5607 1182 5658 sic
1208 5603 1457 5658 nimirum
1487 5610 1541 5657 et
1584 5616 1715 5667 uos,

133 5699 407 5767 siquidem
439 5699 616 5753 Statim
643 5714 762 5752 cum
810 5698 1037 5752 inimicis
1062 5697 1489 5761 reconciliemur,
1519 5695 1717 5750 decen-

133 5794 217 5840 ter
247 5788 299 5844 id
326 5791 554 5862 agimus,
587 5805 759 5861 neque
795 5804 983 5861 magno
1014 5789 1187 5847 studio
1226 5790 1542 5861 indigemus,
1571 5797 1626 5844 ut
1664 5787 1721 5845 in

886 367 988 422 .DE
1025 362 1292 420 CHRISTI
1333 357 1688 428 PRECIBUS,
1724 355 1997 413 CONTRA
2034 357 2401 414 ANOMU‘JOS.
2445 360 2511 414 Χ.

3278 360 3384 417 794

1809 476 2040 521 veterem
2069 469 2351 524 amicitiam
2381 472 2705 542 gratiamque
2742 473 3019 529 redeamus
3050 494 3063 531 :
3095 478 3175 531 sin
3204 488 3381 533 autem

1808 559 2116 614 diuturnum
2159 570 2365 629 tempus
2394 563 2787 630 intercesserit,
2820 574 3086 634 tamquam
3130 568 3256 624 odio
3283 585 3383 625 ex-

1809 651 1994 707 carcati
2035 651 2417 719 erubescimus,
2465 653 2856 722 confundimur,
2885 658 3003 713 aliis
3046 660 3340 731 indigemus
3364 703 3382 729 ,

1809 746 1896 812 qui
1926 759 2031 798 non
2076 744 2233 798 modo
2260 745 2621 812 reconcilient,
2648 747 2741 802 sed
2776 758 2830 803 et
2872 762 3145 821 postquam
3177 754 3228 807 in
3259 770 3383 823 gra-

1813 837 1937 890 tiam
1988 837 2214 891 reditum
2260 847 2361 903 est,
2410 854 2507 893 nos
2544 850 2847 896 constanter
2890 846 3169 910 retineant,
3211 845 3383 900 donec

1811 927 2041 995 priorem
2067 927 2439 982 conﬁdentiam
2465 931 2972 1000 recuperaverimus.
2998 933 3139 988 Nihil
3171 936 3291 991 dico
3316 937 3382 991 de

1813 1020 2095 1089 ignominia
2122 1028 2177 1073 et
2206 1019 2427 1087 pudore.
2456 1022 2647 1075 Annon
2674 1037 3010 1093 summopere
3025 1016 3381 1082 condetnuam

1809 1112 1933 1166 dum
1966 1121 2064 1175 est,
2096 1112 2139 1166 si
2190 1112 2309 1166 aliis
2333 1128 2602 1182 egeamus,
2632 1115 2720 1183 qui
2746 1131 2865 1169 cum
2893 1117 3087 1171 nostris
3130 1119 3382 1173 membris

1810 1218 1909 1257 nos
1932 1203 2218 1272 copulent?
2245 1203 2428 1273 Neque
2457 1218 2583 1258 vero
2626 1205 2795 1258 solum
2836 1204 2889 1259 id
2917 1208 3112 1261 mahun
3151 1223 3216 1262 ex
3246 1224 3379 1263 cun-

1809 1295 2044 1348 ctatione
2070 1294 2155 1347 illa
2200 1303 2254 1348 et
2278 1295 2529 1349 dilatione
2561 1299 2920 1367 consequitur,
2951 1299 3045 1353 sed
3084 1301 3223 1370 quod
3254 1317 3379 1372 pec-

1808 1395 1925 1440 cata
1969 1386 2188 1442 minime
2240 1403 2385 1452 vera,
2432 1387 2622 1443 deinde
2667 1402 2879 1459 peccata
2920 1405 3040 1447 esse
3087 1392 3377 1449 videantur.

1809 1477 2189 1547 Quodcumque
2233 1478 2481 1548 loquutus
2525 1478 2683 1534 fuerit
2731 1480 2996 1546 inimicus,
3038 1485 3213 1538 omnia
3261 1501 3379 1539 cum

1808 1568 2110 1637 suspicione
2136 1568 2471 1637 suscipimus,
2500 1570 2613 1624 sive
2653 1580 2880 1639 gestum,
2924 1572 3035 1626 sive
3072 1584 3339 1642 aspectum
3366 1618 3379 1638 ,

1810 1660 1921 1714 sive
1946 1676 2150 1724 vocem,
2180 1661 2291 1715 sive
2316 1661 2599 1716 incessum.
2630 1662 2761 1717 Cum
2791 1664 2931 1718 enim
2953 1665 3205 1733 cernitur,
3232 1667 3381 1720 indu-

1809 1764 1976 1806 ratam
2007 1754 2236 1806 animam
2265 1753 2574 1814 inflammat,
2607 1763 2661 1807 et
2684 1756 2729 1808 si
2758 1771 2861 1808 non
2889 1766 3157 1822 cernatur,
3188 1760 3381 1827 pariter

1810 1860 1993 1899 rursus
2040 1845 2278 1899 dolorem
2335 1845 2515 1899 inurit.
2572 1845 2688 1899 Non
2754 1848 2895 1902 enim
2942 1856 3144 1902 tantmn
3196 1864 3380 1903 eorum

1808 1948 2074 2008 aspectus,
2105 1938 2192 2007 qui
2240 1938 2483 2006 injuriam
2523 1938 2831 2002 intulerunt,
2862 1939 2955 1993 sed
2994 1950 3049 1995 et
3088 1941 3383 1995 recordatio

1810 2030 1962 2084 nobis
1992 2030 2286 2084 molestiam
2332 2030 2521 2084 afferre
2563 2033 2836 2085 consuevit
2863 2049 2876 2084 :
2905 2048 2968 2085 ac
2992 2033 3034 2086 si
3063 2035 3286 2087 alterum
3313 2034 3384 2088 de

1810 2139 1874 2177 eo
1902 2123 2205 2192 loquentem
2250 2123 2591 2187 audierimus,
2634 2124 2828 2191 pariter
2872 2123 3028 2177 verba
3058 2123 3299 2188 facimus,
3327 2133 3385 2178 et

1812 2224 1973 2267 totam
2005 2214 2159 2283 plane
2188 2213 2349 2266 vitam
2382 2213 2432 2266 in
2481 2214 2688 2267 tristitia
2732 2223 2785 2268 et
2810 2214 2994 2268 dolore
3024 2214 3341 2267 traducimus
3364 2253 3382 2280 ,

1808 2321 1872 2360 ac
1896 2305 2092 2375 majora
2126 2306 2278 2361 nobis
2308 2304 2439 2375 ipsis
2465 2306 2600 2359 mala
2625 2320 2783 2374 quam
2810 2306 2912 2359 illis
2941 2306 3233 2373 inferimus,
3256 2306 3381 2361 dum

1809 2410 2120 2468 perpetuum
2150 2399 2347 2454 bellum
2392 2399 2445 2453 in
2470 2398 2645 2453 anima
2672 2413 3065 2454 conservamus.

1880 2488 2126 2559 Epilogus
2152 2490 2411 2543 orationis.
2430 2520 2499 2529 ——
2519 2489 2645 2544 llaec
2670 2490 2829 2559 igitur
2855 2490 3030 2544 omnia
3057 2504 3176 2544 cum
3200 2488 3386 2558 explo-

1807 2590 1919 2633 rata
1950 2580 2049 2633 sint
2083 2579 2253 2642 nobis,
2285 2579 2632 2643 dilectissimi,
2665 2580 2900 2634 maxime
2928 2580 3138 2651 quidem
3168 2580 3384 2635 studea-

1808 2686 1925 2725 mus
1954 2670 2124 2725 nullas
2167 2686 2285 2725 cum
2331 2670 2508 2741 aliquo
2539 2671 2840 2725 inimicitias
2880 2687 3166 2735 exercere;
3195 2672 3237 2726 si
3265 2687 3385 2741 qua:

1808 2778 1935 2818 vero
1961 2763 2379 2829 intercesserint,
2404 2763 2592 2818 eodem
2622 2765 2737 2834 ipso
2758 2763 2844 2819 die
2872 2766 3293 2819 reconciliemur.
3324 2765 3382 2820 Si

1807 2853 1950 2909 enim
2003 2855 2227 2909 alterum
2294 2855 2574 2909 tertiumve
2636 2853 2776 2909 diem
2848 2855 3153 2923 attigerint,
3204 2856 3381 2912 Statim

1808 2946 1963 3000 tertia
2005 2948 2062 2999 fit
2109 2954 2290 3016 quarta
2316 2986 2332 3009 ,
2380 2955 2434 3001 et
2483 2945 2572 3000 illa
2616 2945 2819 3015 quinta,
2864 2956 3021 3016 atque
3063 2947 3177 3002 haec
3218 2948 3383 3002 multo

1808 3036 1988 3107 plures
2018 3036 2209 3090 deinde
2233 3036 2346 3091 dies
2370 3035 2522 3090 nobis
2552 3037 2719 3107 pariet
2743 3037 3153 3091 inimicitiarum.
3176 3037 3383 3103 Quanto

1808 3126 1950 3180 enim
1976 3126 2204 3195 amplius
2231 3125 2544 3190 differimus,
2575 3134 2719 3180 tanto
2745 3127 2974 3195 amplius
2998 3127 3383 3184 erubescimus.

1807 3221 1877 3271 At
1896 3216 2154 3271 accedere
2182 3225 2235 3271 te
2278 3216 2458 3287 pudet,
2490 3226 2545 3272 et
2567 3216 2863 3273 deosculari
2891 3232 3015 3272 eum
3040 3218 3132 3288 qui
3162 3228 3213 3274 te
3249 3217 3383 3275 affe-

1807 3311 1877 3365 cit
1906 3308 2142 3379 injuria?
2548 3294 2553 3303 ’

1877 3402 1958 3455 Ad
1993 3401 2445 3456 reconciliationem
2490 3417 2603 3454 cum
2644 3400 2859 3455 inimicis
2898 3400 3145 3455 hortatur.
3171 3431 3243 3442 —
3268 3399 3381 3457 luto

1807 3511 1933 3550 vero
1959 3494 2062 3549 hoc
2103 3494 2217 3549 laus
2244 3502 2348 3562 est,
2397 3494 2498 3550 hoc
2525 3509 2742 3559 corona,
2789 3493 2889 3549 hoc
2934 3496 3251 3559 encomium,
3279 3494 3383 3550 hoc

1807 3589 2011 3643 lucrum
2045 3595 2098 3643 et
2124 3588 2402 3643 thesaurus
2440 3596 2520 3642 est
2544 3587 2698 3642 bonis
2727 3588 3019 3643 innumeris
3046 3589 3342 3643 cumulatus
3363 3628 3382 3655 ,

1807 3689 1862 3733 et
1913 3679 2027 3748 ipse
2076 3686 2128 3732 te
2154 3677 2547 3733 commendabit
2592 3678 2855 3743 inimicus,
2874 3688 2930 3733 et
2974 3694 3159 3734 omnes
3202 3679 3385 3733 lauda--

1808 3770 1958 3835 bunt,
1989 3768 2077 3839 qui
2120 3768 2345 3824 aderunt
2372 3787 2385 3820 :
2416 3778 2471 3824 et
2508 3784 2634 3824 vero
2678 3770 2802 3824 licet
2830 3769 3072 3824 homines
3098 3768 3386 3839 reprehen-

1809 3862 1955 3929 dant,
1991 3861 2126 3915 Deus
2154 3862 2270 3916 sine
2295 3859 2458 3916 dubio
2498 3860 2793 3915 coronabit.
2825 3860 2977 3926 Quod
3014 3861 3060 3915 si
3087 3870 3386 3930 exspectes,

1809 3962 1867 4008 ut
1894 3954 2037 4022 prior
2060 3953 2235 4007 veniat
2258 3968 2320 4007 ac
2346 3952 2552 4007 veniam
2579 3961 2743 4022 petat,
2772 3968 2875 4007 non
2902 3960 3106 4006 tantum
3123 3961 3382 4022 qumstum

1810 4045 1995 4112 facies,
2027 4043 2288 4115 siquidem
2329 4044 2418 4099 ille
2465 4044 2741 4113 praemium
2791 4045 3074 4114 prteripiet,
3124 4053 3178 4098 et
3220 4052 3385 4097 totam

1810 4137 2234 4193 benedictionem
2277 4136 2328 4191 iu
2354 4151 2414 4191 se
2444 4134 2727 4191 transferet
2759 4154 2772 4189 :
2804 4136 2887 4190 sin
2926 4144 3103 4190 autem
3132 4136 3277 4206 prior
3298 4150 3372 4190 ac

1810 4244 2016 4295 curras,
2048 4245 2152 4283 non
2176 4228 2532 4299 superaberis,
2562 4227 2655 4283 sed
2700 4228 2832 4283 iram
2856 4228 3055 4296 vinces,
3088 4227 3386 4300 passionem

1812 4320 2044 4390 subiges,
2090 4334 2339 4389 magnum
2392 4317 2742 4389 philosophia:
2783 4320 3051 4389 Specimen
3088 4318 3236 4384 edes,
3267 4334 3388 4374 cum

1815 4412 1928 4468 Deo
1976 4411 2404 4481 obtemperabis,
2444 4410 2815 4480 iucundiorem
2858 4410 3073 4480 reliqua:
3112 4410 3232 4464 vitae
3286 4419 3389 4465 tua:

1813 4520 2027 4561 cursum
2057 4504 2271 4571 reddes,
2302 4513 2357 4560 et
2375 4503 2443 4559 ab
2469 4502 2717 4558 omnibus
2740 4501 2964 4573 negotiis
2989 4517 3052 4557 ac
3077 4502 3391 4556 tumultibus

1814 4595 2143 4652 liberaberis.
2174 4594 2283 4649 Nec
2324 4593 2465 4665 apud
2505 4593 2670 4649 Deum
2695 4593 2888 4659 solum,
2919 4592 3012 4648 sed
3042 4602 3097 4647 et
3130 4592 3268 4662 apud
3296 4593 3390 4647 ho-

1816 4687 1988 4741 mines
2027 4685 2287 4740 lubricum
2326 4700 2390 4741 ac
2431 4685 2785 4755 periculosum
2829 4694 2912 4740 est
2955 4684 3151 4741 multos
3194 4684 3392 4740 habere

1817 4780 2078 4833 inimicos.
2105 4777 2241 4846 Quid
2278 4776 2397 4833 dico
2424 4778 2661 4833 multos?
2686 4777 2857 4833 Unum
2898 4792 2961 4832 ac
3006 4777 3179 4834 solum
3218 4778 3393 4833 inimi-

1817 4888 1938 4927 cum
1970 4871 2164 4926 habere
2191 4871 2544 4941 periculosum
2587 4880 2687 4936 est,
2718 4872 2855 4926 sicut
2879 4880 3047 4925 tutum
3075 4884 3139 4925 ac
3164 4870 3394 4924 salutare

1819 4963 1863 5017 si
1895 4963 1986 5017 tibi
2014 4978 2198 5018 omnes
2218 4963 2324 5017 sint
2352 4963 2527 5017 amici.
2558 4962 2674 5016 Non
2704 4963 2772 5016 ita
2800 4962 2998 5017 reditus
3026 4962 3390 5031 pecuniarum,

1822 5071 1928 5110 non
1975 5056 2047 5110 ita
2071 5071 2240 5122 arma,
2288 5057 2503 5119 mmnia,
2533 5055 2705 5118 fossze,
2738 5064 2895 5124 atque
2941 5054 3232 5107 innumera:
3272 5053 3397 5108 reli-

1820 5164 1939 5216 qua:
1968 5147 2228 5202 machina:
2254 5162 2351 5201 nos
2377 5147 2583 5201 munire
2607 5145 2800 5211 solent,
2830 5154 2885 5199 ut
2911 5144 3138 5199 amicitia
3164 5144 3393 5202 sincera.

1823 5238 1934 5293 Hoc
1954 5239 2421 5308 propugnaculum,
2451 5238 2550 5291 hoc
2570 5242 2842 5300 securitas,
2868 5236 2969 5291 hoc
2985 5236 3274 5305 opulentia,
3296 5236 3397 5290 huc

1821 5331 2044 5397 delicire,
2092 5331 2193 5385 hoc
2230 5330 2454 5394 efﬁciet,
2500 5338 2557 5383 ut
2597 5338 2651 5384 et
2694 5329 2855 5382 vitam
2913 5340 3226 5398 prmsentem
3273 5343 3405 5382 cum

1822 5422 1986 5476 animi
2028 5420 2405 5491 tranquillitate
2446 5420 2738 5490 degamus,
2787 5428 2842 5474 et
2888 5418 3117 5475 futuram
3148 5419 3397 5489 largietur

1825 5507 2012 5564 vitam.
2045 5511 2174 5578 Qum
2238 5511 2486 5565 nimirum
2533 5510 2710 5565 onmia
2762 5520 2940 5566 mente
2987 5521 3295 5575 versantes,
3347 5521 3400 5561 et

1824 5612 2077 5674 quantum
2107 5618 2175 5657 ex
2220 5617 2282 5657 ea
2326 5617 2385 5657 re
2428 5602 2629 5656 lucrum
2673 5601 2975 5671 dcccrpturi
3013 5602 3179 5657 simus
3223 5601 3402 5655 animo

1825 5705 2150 5766 reputantes,
2184 5694 2312 5748 nihil
2341 5709 2445 5748 non
2488 5709 2706 5764 agamus
2747 5704 2906 5765 atque
2932 5694 3232 5757 moliamur,
3266 5702 3321 5746 ut
3349 5702 3403 5748 et

1827 5805 1965 5862 quos
1989 5788 2246 5844 habemus
2273 5786 2427 5845 nobis
2454 5787 2857 5845 reconciliemus
2898 5786 3164 5856 inimicos,
3192 5795 3246 5841 et
3271 5800 3405 5856 quos
