3868 6296
426 380 531 438 795

418 493 648 551 habituri
701 512 977 569 essemus,
1030 503 1411 577 impediamus,
1467 528 1665 583 eosque
1713 518 1801 586 qui
1854 520 2006 575 nobis

418 588 577 643 amici
628 600 753 647 sunt
798 593 1063 651 ﬁrmiores
1116 605 1617 676 constantioresque
1673 610 2002 666 reddamus:

418 679 678 747 siquidem
729 683 936 738 initium
959 696 1017 741 et
1065 687 1185 743 ﬁnis
1210 695 1383 746 omnis
1412 694 1619 752 virtutis
1658 710 1741 752 est
1762 701 1955 755 caritas
1985 719 2000 755 :

412 786 512 835 qua
543 772 749 827 sincere
787 791 850 828 ac
880 788 1134 849 perpetuo
1163 782 1395 840 l'rucntes
1425 799 1475 839 ιιι
1502 804 1722 859 regnum
1747 791 2001 849 cwlorum

1127 392 1189 450 S.
1223 392 1503 457 JOANNIS
1539 402 2015 469 CHRYSOSTOIII
2053 410 2370 467 ARCHIEP.
2410 413 2944 476 CONSTANTINOP.

3606 417 3697 472 796

2112 523 2490 594 adipiscamur.
2521 527 2652 583 faxit
2674 533 2843 601 gratia
2870 544 2924 589 et
2970 535 3265 607 benignitas
3292 541 3513 597 Domini
3540 552 3701 601 mi

2110 613 2237 668 Jesu
2263 616 2483 684 Christi,
2510 620 2593 674 cui
2622 621 2790 691 gloria
2819 633 2873 679 et
2899 626 3175 696 imperium
3207 632 3258 685 in
3294 636 3499 687 smenia
3545 651 3701 689 sace-

2111 705 2304 763 lorum.
2335 709 2527 773 Amen.

664 1302 743 1362 IN
786 1303 1183 1381 HOMILIAS
1214 1308 1419 1379 DUAS
1450 1306 1772 1382 CONTRA
1816 1307 2240 1379 ANOMOEOS
2276 1310 3031 1387 CONSTANTINOPOLI
3067 1313 3427 1389 HABITAS

486 1853 635 1911 Licet
660 1858 757 1913 has
789 1874 981 1914 contra
1028 1865 1329 1918 Anommos
1375 1863 1634 1920 bomilias
1681 1863 1996 1925 Constanti-

417 1971 599 2039 nopoli
653 1971 905 2028 habuerit
952 1972 1405 2045 Chrysostomus,
1466 1976 1719 2035 undecim
1779 1978 1997 2035 circiter

414 2087 572 2141 annis
605 2071 894 2159 postquam
928 2088 1050 2148 illas
1081 2090 1219 2146 alias
1266 2101 1456 2148 contra
1514 2097 1813 2157 Anommos
1861 2110 1996 2151 con-

413 2200 601 2260 ciones
629 2201 933 2259 Antiochiae
959 2204 1287 2267 absolverat.
1317 2209 1625 2279 argumenti
1675 2217 1857 2267 tamen
1911 2225 1999 2267 ra-

417 2313 565 2373 tione
592 2312 762 2383 ducti,
783 2330 879 2377 eas
901 2328 1302 2387 consequenter
1322 2320 1629 2391 posuimus,
1652 2338 1813 2383 secus
1830 2340 1995 2394 quam

412 2426 618 2483 Fronto
659 2426 910 2496 Ducaeus,
941 2431 1033 2501 qui
1066 2432 1297 2503 primam
1332 2435 1524 2506 procul
1552 2434 1622 2492 ab
1650 2437 1772 2496 aliis
1809 2449 1998 2495 contra

411 2542 711 2599 Anomoeos
754 2543 1115 2602 concionibus
1169 2548 1428 2616 positam,
1485 2565 1612 2606 cum
1670 2550 1777 2608 hoc
1812 2562 1994 2609 tamen

410 2652 587 2718 titulo,
616 2664 802 2709 contra
822 2656 1096 2718 Anomaeos
1126 2657 1216 2727 VI,
1235 2661 1501 2719 ediderat.
1528 2662 1839 2722 Secundam
1866 2684 1998 2726 vero

410 2771 601 2839 paucis
630 2780 754 2839 post
791 2771 988 2829 diebus
1036 2772 1278 2832 habitam
1329 2764 1441 2834 non
1478 2778 1771 2840 advertens
1798 2792 1997 2841 contra

410 2882 711 2941 Anommos
763 2898 907 2955 esse,
943 2884 1001 2941 in
1053 2885 1307 2958 quintum
1364 2899 1575 2947 tomum
1625 2892 1993 2967 ablegaverat,

412 2992 606 3050 llabita
642 3004 822 3052 autem
855 3006 940 3054 est
967 3006 1201 3071 utraque
1228 3016 1375 3057 anno
1402 3001 1549 3059 '598.
1583 3001 1744 3061 Prior
1788 2996 1873 3064 est
1902 3023 1993 3065 se-

410 3110 589 3179 cunda
656 3110 803 3166 illius
867 3110 936 3167 ad
990 3110 1664 3188 Constantinopolitauum
1727 3120 1989 3191 populum

413 3228 630 3289 concio,
661 3237 722 3283 ut
746 3228 903 3284 initio
934 3229 1053 3299 ipse
1094 3229 1461 3301 testiﬁcatur;
1511 3216 1703 3291 verum
1750 3252 1836 3303 ea,
1868 3256 1992 3311 quae

404 3339 558 3411 lianc
584 3342 883 3410 praecessit,
915 3342 1191 3400 interiisse
1224 3343 1459 3401 videtur.
1501 3346 1561 3403 Si
1590 3348 1729 3407 ﬁdes
1776 3352 1992 3413 duobus

410 3452 642 3509 vetustis
672 3452 977 3523 codicibus,
1027 3456 1265 3528 priorem
1322 3459 1516 3517 habuit
1566 3461 1992 3537 Chrysostomus

412 3564 465 3619 in
493 3562 639 3620 Nova
681 3564 944 3634 Ecclesia,
978 3569 1037 3622 ὲν
1061 3572 1127 3641 τῇ
1172 3570 1349 3645 Καινῇ
1400 3570 1713 3647 Ἐκκλησὶᾳ.
1750 3578 1820 3645 At
1850 3580 1991 3636 veri-

2098 1857 2281 1914 simile
2310 1863 2395 1915 est
2421 1856 2478 1912 id
2502 1857 2559 1913 in
2587 1857 2747 1914 titulo
2775 1855 3029 1927 posuisse
3056 1856 3338 1926 librarios,
3369 1852 3487 1916 hoc
3530 1859 3692 1932 Cor}.

2097 1971 2322 2028 sostomi
2353 1971 2475 2029 loco
2501 1973 2720 2036 ductos,
2750 1971 2841 2042 qui
2865 1971 3029 2043 paulo
3057 1979 3181 2041 post
3206 1970 3431 2028 initium
3460 1972 3688 2044 legitur

2098 2083 2197 2140 Est
2228 2083 2405 2140 ethoc
2456 2082 2776 2139 admirabile
2812 2084 2951 2155 quod
2985 2085 3220 2140 videmus
3276 2086 3334 2139 in
3405 2086 3517 2140 hac
3551 2098 3692 2155 parte

2098 2200 2334 2256 civitatis
2372 2198 2666 2261 Ecclesium
2692 2199 2828 2255 hanc
2854 2199 3179 2271 plantatam,
3224 2202 3690 2273 πεφυτευμένην,

2098 2322 2147 2368 et
2184 2313 2527 2369 nihilominus
2547 2314 2701 2385 quasi
2733 2315 2791 2368 in
2820 2314 2993 2372 medio
3025 2315 3232 2370 camino
3282 2314 3467 2370 oleant
3499 2317 3691 2385 σει-ηιξ,

2100 2436 2335 2493 nantem,
2378 2427 2629 2505 foliisque
2669 2438 2972 2483 comantem
3024 2437 3076 2483 et
3110 2429 3290 2499 fructu
3318 2445 3572 2500 gravem.
3611 2430 3690 2487 Sic

2099 2555 2231 2596 vero
2260 2539 2526 2611 loquitur,
2557 2550 2616 2595 ut
2640 2540 2812 2612 liquet
2836 2556 2904 2605 ex
2938 2540 3007 2598 iis
3032 2557 3154 2614 qua:
3184 2544 3543 2613 praecedunt,
3572 2546 3690 2616 quia

2100 2656 2195 2716 illa
2221 2657 2373 2714 urbis
2401 2671 2530 2729 pars
2555 2657 2627 2714 ab
2668 2658 2943 2715 haereticis
2975 2668 3038 2715 ut
3068 2659 3371 2731 plurimum
3406 2660 3691 2717 incoleba-

2099 2784 2229 2841 tur:
2262 2789 2440 2846 neque
2491 2782 2675 2831 tamen
2709 2774 2844 2831 dicit
2904 2791 3140 2849 usquam
3176 2778 3474 2834 ecclesiam
3546 2780 3686 2835 illam

2098 2903 2292 2945 recens
2344 2896 2611 2948 structam
2673 2888 2866 2946 fuisse.
2922 2889 3292 2957 Quamobrem
3347 2890 3538 2948 donec
3569 2894 3690 2963 quid

2097 3004 2303 3062 certius
2326 3013 2591 3077 emergat,
2622 3004 2753 3062 huic
2785 3006 3291 3079 manuscriptorum
3328 3007 3580 3064 duorum
3626 3010 3691 3064 ti-

2100 3117 2220 3177 tulo
2250 3132 2360 3183 non
2385 3118 2692 3175 habendam
2714 3133 2839 3175 esse
2853 3119 3017 3175 ﬁdem
3040 3134 3261 3176 censeo.

2169 3240 2329 3307 Iluic,
2357 3251 2418 3298 ut
2459 3242 2719 3312 diximus,
2751 3252 2807 3300 et
2858 3244 3120 3315 temporis
3148 3254 3204 3301 et
3239 3246 3560 3314 argumenti
3609 3261 3693 3303 ra-

2099 3354 2247 3411 tione
2276 3355 2446 3424 dueti,
2479 3356 2867 3430 subiungimus
2894 3358 3173 3413 homiliam
3208 3361 3263 3413 in
3294 3359 3684 3431 paralyticui,

2096 3476 2152 3525 et
2183 3468 2262 3524 De
2291 3468 2571 3525 divinitate
2601 3469 2824 3538 Christi,
2855 3472 3023 3543 deque
3039 3473 3153 3541 eius
3174 3489 3297 3527 cum
3318 3472 3488 3529 Patre
3518 3492 3687 3545 aqu-

2100 3586 2274 3651 titate,
2306 3598 2475 3662 quam
2529 3584 2722 3654 paucis
2768 3595 2893 3657 post
2952 3587 3101 3643 illam
3164 3599 3354 3645 contra
3415 3590 3694 3647 Anomcos

433 4193 702 4237 HOMILIA
743 4192 1319 4237 CONSTANTINOPOLI
1362 4193 1600 4237 ΗΔΒΙΤΔ
1642 4192 1889 4236 CONTRA
1933 4190 2258 4237 ANOMOEOS
2301 4191 2383 4231 DE
2426 4188 3069 4233 INCOMPREHENSIBILI
3112 4189 3219 4231 DEI
3264 4190 3529 4234 NATURA
3558 4193 3606 4243 ‘,
3637 4194 3701 4238 Π

516 4292 683 4345 quon
726 4293 945 4337 novom
987 4292 1462 4350 τεετΑΜΕιη-υιιᾳ
1508 4294 1739 4339 νετειιι
1782 4294 2004 4349 censor

2112 4321 2129 4351 ,
2174 4292 2382 4351 ATQUE
2425 4289 2491 4339 ιιι
2536 4288 2684 4345 EOS,
2729 4289 2837 4342 QUI
2891 4289 3130 4344 DlVlNlS
3176 4290 3300 4333 non
3347 4291 3704 4335 lNTBRSUlﬂ‘

510 4393 959 4454 conveniatis,

919 4650 1133 4693 noun.“
1171 4648 1433 4690 UNDECIIIA
1463 4633 1563 4705 (a).

508 4730 560 4783 Ι.
603 4727 844 4783 Secunda
875 4728 1050 4782 concio
1076 4727 1514 4797 ConstantinOpoli
1540 4726 1711 4781 habita
1738 4723 2012 4783 071120598.

437 4850 508 4862 -—
528 4818 703 4876 Unum
732 4820 872 4889 apud
902 4834 997 4875 vos
1024 4819 1164 4875 diem
1190 4818 1438 4881 disserui,
1460 4827 1515 4873 et
1543 4818 1668 4873 inde
1695 4826 1898 4874 tantum
1922 4831 2018 4872 vos

433 4912 616 4975 dilexi,
643 4921 895 4980 quantum
939 4910 984 4965 si
1022 4909 1093 4965 ab
1126 4909 1277 4964 initio
1302 4909 1574 4963 vobiscum
1612 4922 1786 4962 essem
1815 4907 2017 4962 educa-

432 5014 523 5061 tus
550 5020 564 5057 :
596 5003 667 5058 ita
694 5018 810 5057 sum
837 5001 989 5058 vobis
1017 5001 1252 5061 caritatis
1280 5000 1505 5054 vinculis
1542 4999 1853 5068 eonjunctus
1881 5013 1944 5052 ac
1971 5000 2018 5053 si

436 5096 662 5165 plurimo
689 5103 929 5163 tempore
965 5092 1168 5148 fructus
1194 5090 1517 5157 dulcissima:
1561 5088 1960 5144 consuetudinis
1987 5103 2018 5142 a

438 5187 588 5240 vobis
631 5187 1007 5257 percepissem.
1040 5184 1193 5254 Quod
1234 5187 1294 5239 lit
1319 5200 1426 5239 non
1457 5184 1577 5254 quia
1608 5198 1708 5254 ego
1733 5182 2020 5241 admodum

441 5278 508 5332 ad
561 5279 846 5333 amicitiam
897 5287 953 5334 et
998 5278 1272 5334 caritatem
1318 5277 1421 5337 sim
1466 5276 1708 5343 idoneus,
1761 5275 1857 5331 sed
1898 5274 2019 5345 quia

503 5456 520 5523 ξ
530 5516 539 5523 _
556 5453 659 5511 Alii,
682 5454 896 5523 eiusdem
926 5453 987 5504 dc
1001 5451 1467 5523 iawqmprehensiliili
1488 5458 1654 5523 contra
1676 5462 1917 5523 mammas
1934 5450 2023 5523 Ito-

436 5516 571 5588 milia
591 5521 744 5588 segnia.
758 5522 1034 5588 Duo‘autem
1055 5513 1297 5588 adjiciunt,
1315 5513 1475 5588 habita
1595 5514 1649 5588 in
1663 5513 2021 5588 novaecctesja,

436 5578 564 5640 quod
588 5576 959 5640 additamentum
996 5585 1159 5628 notatu
1183 5579 1381 5639 dignum
1406 5576 1499 5627 est;
1527 5576 1642 5635 vide
1666 5578 1915 5626 monitum.
1940 5584 2021 5626 Sa-

436 5637 518 5688 ἧι.
548 5646 601 5685 ιιι
624 5637 783 5700 Morel.
812 5638 1002 5700 titulum
1028 5640 1207 5687 habent
1230 5637 1286 5688 ut
1302 5652 1464 5700 supra.

502 5701 575 5765 (α)
598 5698 1083 5765 In_l_ianc_ll_omiliain
1117 5698 1407 5765 contulimus
1449 5701 1647 5763 Codices
1683 5701 1859 5765 Regios
1884 5699 2019 5761 19:5,

437 5761 573 5818 5960,
607 5762 740 5822 l963,
768 5761 887 5811 1973
908 5769 959 5817 et
971 5761 1179 5811 Colbert.
1206 5762 1314 5811 629.

2124 4640 2221 4682 vos
2271 4625 2689 4693 desiderabiles,
2740 4625 3083 4696 omniumque
3143 4627 3381 4683 maxime
3431 4630 3706 4685 amabiles.

2121 4717 2251 4784 Quis
2278 4719 2418 4773 enim
2453 4734 2558 4773 non
2585 4719 2939 4773 admiraretur
2968 4720 3177 4789 igneum
3203 4721 3403 4787 zelum,
3437 4724 3708 4778 caritatem

2122 4809 2321 4879 absque
2362 4808 2721 4877 simulatione,
2765 4810 3189 4865 benevolentiam
3229 4811 3281 4865 in
3328 4824 3706 4883 praeceptores,

2121 4901 2464 4958 concordiam
2504 4902 2641 4957 inter
2669 4916 2783 4965 vos,
2829 4918 2946 4972 qua:
2993 4917 3125 4957 sane
3148 4903 3323 4956 omnia
3360 4906 3499 4959 satis
3538 4912 3709 4959 essent

2124 5002 2183 5049 ut
2228 4993 2313 5049 vel
2349 4993 2613 5063 lapideam
2666 4995 2898 5049 animam
2944 4993 3093 5049 vobis
3136 4994 3540 5050 conciliarent?
3582 4998 3708 5051 Pro-

2124 5093 2304 5155 pterea
2334 5100 2438 5139 non
2466 5085 2643 5139 minus
2666 5098 2760 5139 vos
2784 5100 3044 5151 amamus,
3067 5099 3225 5155 quam
3250 5086 3548 5142 Ecclesiam
3569 5085 3709 5139 illam

2124 5177 2180 5237 in
2208 5192 2310 5248 qua
2350 5177 2479 5244 nati,
2524 5176 2757 5241 educati,
2803 5184 2859 5231 et
2887 5176 3080 5231 eruditi
3109 5191 3294 5230 sumus
3326 5194 3341 5232 :
3373 5192 3540 5233 soror
3571 5178 3709 5235 enim

2125 5269 2266 5324 illius
2305 5269 2421 5325 haec
2464 5279 2565 5334 est,
2599 5284 2804 5340 vosque
2838 5270 3205 5340 cognationem
3237 5270 3386 5324 illam
3417 5284 3592 5341 opere
3623 5273 3706 5326 de-

2125 5363 2387 5418 clarastis.
2415 5361 2671 5431 Quamvis
2697 5373 2873 5418 autem
2906 5363 2995 5417 illa
3025 5372 3268 5433 tempore
3308 5363 3382 5418 sit
3421 5366 3707 5435 antiquior,

2127 5453 2243 5510 haec
2270 5466 2446 5510 tamen
2496 5455 2600 5511 ﬁde
2631 5454 2921 5510 ferventior
2969 5464 3071 5521 est,
3118 5464 3172 5510 ct
3214 5456 3323 5510 illic
3368 5456 3551 5526 major
3590 5472 3708 5510 rain-

2126 5558 2316 5602 ventus
2344 5554 2427 5601 est
2462 5562 2525 5600 ac
2564 5547 2825 5602 cclebrius
2854 5549 3138 5612 theatrum,
3182 5550 3275 5603 sed
3302 5548 3392 5603 hic
3423 5553 3601 5618 major
3635 5568 3706 5618 px.

2129 5637 2334 5700 tientia,
2366 5635 2690 5705 majorisque
2730 5636 3052 5693 fortitudinis
3092 5638 3365 5694 indicium.
3402 5637 3540 5693 Nam
3568 5644 3705 5691 vium

2126 5729 2475 5802 undequaque
2506 5728 2589 5785 hic
2618 5728 2769 5805 lupos
2809 5730 3169 5799 obambulare,
3218 5733 3359 5789 ovile
3388 5744 3574 5790 autent
3614 5746 3701 5786 ιιυιι
