3926 6286
539 439 650 500 τθτ

543 557 892 614 ἀναλίσκεται
915 570 928 582 ’
983 554 1118 626 ζάλη
1147 555 1240 608 καὶ
1271 553 1476 626 χειμὼν
1537 554 1630 608 καὶ
1687 549 1978 606 κλυδώνιον
2012 567 2110 602 πε-

543 642 797 715 ριέστηκε
824 639 923 711 τὴν
969 639 1120 711 ἱερὰν
1165 640 1370 710 ταύτην
1417 637 1550 692 ναῦν
1582 634 1864 708 διηνεκῶς,
1916 635 2011 688 καὶ
2058 634 2110 687 οί

541 725 868 796 ἐμπλέοντες
913 723 974 775 οὐ
1024 723 1503 785 καταποντίζονται
1527 736 1540 750 ·
1590 719 1786 789 φλογὸς
1829 717 2110 788 αίρετικῆς

541 810 772 878 ἐπήρεια
805 805 1070 859 πάντοθεν
1105 803 1382 857 κυκλοῦσα
1406 817 1456 868 ο,
1495 804 1591 857 καὶ
1635 803 1683 855 οί
1727 804 1785 855 ἐν
1831 803 1980 872 μέσῳ
2010 801 2110 871 τῆς

540 889 772 959 καμίνου
799 889 990 960 δρόσου
1037 886 1409 957 πνευματικῆς
1452 885 1834 939 ἀπολαύουσιν.
1878 883 2108 955 Ὁμοίως

538 975 654 1026 ἐστὶ
679 972 979 1043 παράδοξον
1012 972 1068 1024 ἐν
1098 969 1177 1041 τῷ
1212 970 1366 1041 μέρει
1383 969 1410 1009 b
1431 969 1530 1040 τῆς
1557 968 1764 1031 πόλεως
1789 967 1993 1039 ταύτης
2013 966 2110 1038 τὴν

551 1056 876 1126 Ἐκκλησίαν
903 1053 1108 1124 ταύτην
1133 1051 1549 1122 πεφυτευμένην
1578 1051 1723 1115 ίδεῖν,
1757 1050 1944 1121 ὥσπερ
1976 1050 2040 1104 ἂν
2060 1049 2113 1103 εῐ

537 1156 622 1202 τις
651 1140 708 1190 ἐν
745 1138 886 1208 μέσῃ
917 1135 1132 1206 καμίνῳ
1161 1135 1458 1188 θάλλουσαν
1489 1133 1694 1195 ἐλαίαν,
1731 1134 1958 1196 καὶτοῖς
1985 1131 2110 1201 φύλ-

538 1221 651 1284 λοις
683 1219 960 1290 κομῶσαν,
1001 1217 1194 1288 καὶτῷ
1223 1215 1420 1288 καρπῷ
1450 1216 1773 1287 βριθομένην
1797 1216 1914 1270 ἴδοι.
1961 1214 2110 1269 Ἐπεὶ

537 1299 631 1356 οὖν
659 1300 833 1364 οὕτως
883 1298 1223 1370 εὐγνώμονες
1273 1301 1430 1370 ὑμεῖς
1478 1301 1571 1352 καὶ
1627 1299 1835 1370 μυρίων
1889 1297 2108 1367 ἀγαθῶν

536 1385 701 1450 ἄξιοι,
735 1384 868 1454 φέρε
897 1384 996 1454 τὴν
1024 1383 1320 1452 ὑπόσχεσιν
1360 1381 1498 1452 μετά
1529 1379 1710 1450 πάσης
1742 1380 1962 1452 χάριτος
2009 1396 2108 1433 κα·-

535 1467 881 1536 ταϐάλωμεν,
906 1465 974 1536 ἢν
1000 1465 1191 1537 πρῴην
1224 1465 1351 1535 ὑμῖν
1377 1462 1749 1534 ὑπεσχόμεθα,
1785 1464 1947 1534 ἡνίκα
1981 1462 2108 1534 περὶ

535 1550 644 1604 τῶν
668 1549 759 1602 τοῦ
777 1548 938 1602 Δαϐὶδ
970 1548 1180 1602 καὶτοῦ
1214 1547 1407 1602 Γολιάθ
1432 1559 1456 1587 ο
1480 1547 1660 1601 ὅπλων
1681 1545 2106 1617 ἐφιλοσοφοῦμεν

535 1634 668 1705 παρ’
692 1634 840 1703 ὑμῖν,
875 1631 1180 1696 δεικνύντες
1207 1631 1288 1703 τῷ
1333 1631 1499 1704 λόγῳ,
1521 1631 1598 1696 ὡς
1627 1635 1655 1686 ὁ
1686 1633 1784 1704 μὲν
1809 1629 2107 1700 παντευχίᾳ

541 1718 649 1770 τινὶ
675 1717 840 1786 πολλῇ
885 1715 980 1769 καὶ
1012 1715 1220 1786 μεγάλη
1265 1714 1601 1786 πανταχόθεν
1633 1716 1965 1787 ἐπέφρακτο,
1989 1716 2018 1768 ὁ
2048 1711 2107 1766 δέ

535 1801 739 1871 γυμνὸς
775 1799 882 1852 τῶν
915 1798 1093 1852 ὃπλων
1108 1799 1330 1852 ἐκείνων
1352 1801 1418 1869 τῇ
1444 1799 1625 1851 πίστει
1649 1799 1944 1869 τετείχιστο
1965 1815 1980 1829 ο
2012 1797 2109 1850 καὶ

534 1886 564 1936 ὁ
593 1883 691 1955 μὲν
721 1882 830 1936 ἀπὸ
853 1882 948 1935 τοῦ
969 1881 1214 1952 θώρακος
1246 1881 1342 1935 καὶ
1371 1882 1469 1951 τῆς
1494 1881 1718 1946 ἀσπίδος
1745 1881 1967 1946 ἔξωθεν,
1999 1881 2029 1933 ὀ
2049 1879 2106 1934 δὲ

533 1966 735 2019 ἔσωθεν
759 1966 865 2018 61:6
887 1965 981 2018 τοῦ
1014 1964 1324 2034 πνεύματος
1357 1965 1452 2018 καὶ
1480 1968 1577 2035 τῆς
1609 1964 1831 2036 χάριτος
1869 1963 2101 2019 ἔστιλϐε.

533 2048 632 2101 Διὰ
662 2048 819 2101 τοῦτο
845 2047 976 2115 γοῦν
1007 2049 1036 2101 ὁ
1068 2051 1197 2109 παῖς
1219 2047 1309 2100 τὸν
1337 2045 1618 2100 νεανίσκον
1660 2047 2100 2117 κατηγωνίσατο,

531 2133 562 2184 6
594 2129 800 2200 γυμνὸς
837 2129 931 2182 τοῦ
973 2129 1316 2199 ὡπλισμένου
1345 2130 1668 2200 ἐκράτησεν,
1722 2131 1752 2184 ὁ
1781 2129 1985 2200 ποιμὴν
2013 2128 2104 2182 τὸν

535 2212 869 2286 στρατιώτην
894 2212 1158 2266 κατέϐαλε
1179 2229 1193 2243 ο
1217 2211 1366 2266 λίθου
1381 2212 1541 2282 φύσις
1565 2212 1880 2284 ποιμενικοῦ
1902 2210 2102 2284 χαλκοῦ

533 2297 694 2367 φύσιν
719 2295 1016 2366 πολεμικοῦ
1036 2294 1320 2367 συνέτριψε
1349 2298 1442 2349 καὶ
1455 2294 1990 2368 διέφθειρεν.οὐκοῦν
2013 2294 2106 2348 καί⁸

531 2383 693 2451 ἡμεῖς
717 2379 807 2432 :6v
829 2379 971 2432 λίθον
997 2379 1206 2431 ἐκεῖνον
1239 2378 1768 2450 μεταχειρισώμεθα,
1809 2379 1900 2432 τὸν
1934 2379 2102 2450 ἀκρο-

532 2467 784 2532 γωνιαῖον
809 2462 974 2530 λέγω,
1001 2462 1092 2516 τὸν
1141 2461 1352 2534 νοητόν.
1384 2464 1447 2516 Εἰ
1484 2464 1592 2534 γὰρ
1618 2463 1697 2534 τῷ
1724 2461 1923 2534 Παύλῳ
1956 2463 2104 2532 φιλο-

534 2549 717 2616 σοφεῖν
759 2545 936 2610 ἔξεστι
976 2545 1104 2615 περὶ
1153 2545 1253 2616 τῆς
1307 2544 1449 2598 κατὰ
1495 2545 1594 2613 τὴν
1644 2545 1847 2618 ἔρημον
1875 2546 2100 2618 πέτρας,

530 2631 749 2694 πάντως
786 2630 907 2682 οὐδέ
963 2631 1097 2700 ἡμῖν
1136 2630 1427 2700 νεμεσήσει
1465 2647 1549 2693 τις
1579 2628 1672 2682 τὸν
1726 2629 1871 2684 λίθον
1915 2629 2103 2684 τοῦτον

533 2713 674 2766 κατά
698 2713 789 2766 :6v
821 2712 985 2766 αὐτὸν
1012 2712 1418 2783 ἐκλαμϐάνουσι
1449 2713 1670 2783 τρόπον.
1707 2712 1974 2784 Καθάπερ
1996 2712 2104 2783 γὰρ

529 2799 624 2849 ἐπὶ
650 2795 802 2868 [542]
829 2795 936 2849 τῶν
975 2794 1243 2849 Ἰουδαίων
1267 2795 1365 2865 οὐχ
1409 2797 1443 2865 ή
1486 2795 1648 2865 φύσις
1694 2795 1792 2867 τῆς
1823 2795 2105 2867 ὁρωμένης

531 2880 755 2951 πέτρας,
807 2878 916 2932 ἀλλ’
943 2879 976 2950 ἡ
1006 2877 1235 2949 δύναμις
1281 2879 1383 2949 τῆς
1416 2879 1711 2952 νοουμένης
1761 2880 1886 2942 τοὺς
1939 2896 2106 2932 ποτα-

533 2966 666 3033 μοὺς
717 2963 868 3032 ἠφίει
897 2961 1005 3013 τῶν
1057 2960 1264 3014 ὑδάτων
1299 2961 1540 3026 ἐκείνους
1567 2980 1580 2993 ·
1624 2961 1767 3014 οὓτω
1799 2961 1862 3030 δὴ
1891 2961 1985 3015 καὶ
2012 2962 2104 3015 ἐπὶ

530 3045 624 3098 τοῦ
662 3044 823 3099 Δαυῒδ
867 3045 966 3114 οὐχ
989 3045 1018 3096 ὁ
1065 3042 1340 3114 αἰσθητὸς,
1397 3043 1511 3097 ἀλλ’
1543 3047 1572 3098 6
1618 3043 1804 3114 νοητὸς
1833 3043 1980 3107 λίθος
2003 3045 2104 3115 τὴν

532 3127 871 3200 βαρϐαρικὴν
906 3126 1120 3197 ἐκείνην
1159 3128 1462 3198 κατήνεγκε
1490 3128 1729 3198 κεφαλήν
1750 3145 1764 3158 ·
1791 3126 1964 3191 οὕτως
1977 3129 2104 3198 ὑμῖν

532 3213 626 3268 καὶ
652 3213 774 3266 τότε
795 3210 1145 3281 ὑπεσχόμεθα
1179 3211 1346 3282 μηδὲν
1372 3212 1480 3264 ἀπ’)
1513 3211 1791 3283 λογισμῶν
1828 3213 1990 3283 ἐρεῖν.
2027 3212 2104 3268 Τὰ

531 3297 641 3366 γὰρ
673 3295 833 3349 ὅπλα
868 3294 1037 3363 ἡμῶν
1070 3295 1142 3348 οὐ
1177 3294 1468 3361 σαρκικὰ,
1518 3293 1680 3349 ἀλλὰ
1707 3297 2098 3364 πνευματικὰ,

529 3378 862 3448 ,ίογισμοὺς
895 3376 1296 3445 καθαιροῦντα
1323 3376 1423 3430 καί
1463 3375 1589 3432 πᾶν
1618 3377 1833 3448 ὕψωμα
1863 3379 2102 3448 ἐπαιρό-

525 3480 718 3531 μενον
761 3461 912 3516 κατὰ
961 3460 1072 3530 τῆς
1117 3460 1394 3530 γνώσεως
1435 3460 1543 3514 τοῦ
1587 3461 1757 3516 Θεοῦ.
1804 3462 2102 3535 Καθαιρεῖν

528 3545 705 3599 τοίνυν
737 3545 953 3609 αὐτοὺς,
987 3545 1086 3597 οὐκ
1118 3543 1365 3614 ἐπαίρειν
1398 3543 1733 3614 κελευόμεθα
1752 3560 1765 3574 °
1788 3546 2097 3612 καταλύειν,

527 3629 626 3700 οὐχ
674 3627 989 3692 ὁπλίζεσθαι
1039 3627 1248 3692 τούτοις
1297 3627 1750 3698 προσετάγημενο
1813 3633 2099 3700 Λογισμω

527 3714 638 3781 γὰρ
663 3711 894 3780 θνητῶν
924 3711 1134 3776 δειλοὶ,
1163 3711 1316 3782 φησί.
1339 3711 1404 3766 Τί
1438 3713 1554 3765 ἐστι
1577 3711 1768 3766 δειλοί
1781 3729 1800 3773 ;
1840 3713 1898 3768 '0
1928 3715 2100 3780 δειλὸς

528 3794 629 3848 κᾶν
651 3795 736 3847 ἐπ’
769 3793 1044 3863 ἀσφαλοῦς
1067 3793 1226 3865 βαίνῃ
1254 3795 1476 3866 χωρίου,
1498 3795 1709 3850 οὐδέπω
1731 3795 1942 3868 θαρρεῖ,
1962 3797 2100 3852 ἀλλά

525 3878 731 3931 δέδοικε
759 3879 853 3932 καλ⁴
877 3877 1102 3949 τρέμει·
1135 3877 1277 3930 οὐτω
1293 3879 1386 3931 καὶ
1405 3878 1466 3931 τὸ
1487 3878 1766 3950 λογισμοῖς
1782 3879 2094 3951 ἀποδεχθέν,

525 3960 628 4015 κᾶν
658 3959 853 4032 ἀληθὲς
879 3958 937 4034 ᾗ,
971 3962 1184 4015 οὐδέπω
1206 3961 1579 4033 πληροφορίαν
1599 3965 1666 4034 τῇ
1696 3961 1843 4035 ψυχῇ
1872 3966 2097 4036 παρέχει

525 4045 622 4097 καὶ
655 4044 835 4097 πίστιν
871 4045 1084 4116 ἱκανήν.
1129 4045 1282 4098 Ἐπεὶ
1303 4040 1394 4097 οὖν
1419 4043 1656 4116 τοσαύτη
1681 4046 1790 4098 τῶν
1823 4045 2097 4119 λογισμῶν

522 4126 560 4195 ή
591 4125 866 4189 ἀσθένεια,
903 4126 1038 4198 φέρε
1070 4127 1179 4180 ἀπὸ
1215 4126 1324 4180 τῶν
1356 4125 1590 4198 Γραφῶν
1638 4131 1738 4200 τῆς
1785 4128 1921 4201 πρὸς
1970 4132 2098 4196 τοὺς

523 4208 797 4272 ἐναντίους
820 4207 1089 4279 ἁψώμεθα
1118 4209 1317 4280 μάχης.

597 4291 765 4344 Πόθεν
790 4287 885 4345 οὐν
909 4293 1043 4362 ήμῖν
1076 4291 1308 4362 ἀρκτέον
1335 4291 1430 4346 τοῦ
1450 4291 1608 4361 λόγου
1629 4309 1646 4358 ;
1670 4292 1834 4348 Ὅθεν
1869 4294 1936 4349 ἂν
1972 4295 2096 4366 βού-

522 4374 712 4445 λησθε,
762 4375 872 4428 εἴτε
904 4374 1013 4428 ἀπὸ
1043 4373 1273 4445 Καινῆς,
1299 4375 1409 4429 εἴτε
1441 4377 1550 4430 ἀπὸ
1576 4377 1817 4442 Παλαιᾶς
1837 4391 1852 4408 ·
1897 4379 1959 4432 οὐ
1986 4379 2095 4453 γὰρ

520 4458 585 4529 δὴ
610 4457 770 4528 μόνον
783 4460 840 4511 ἐν
855 4460 966 4522 τοῖς
992 4458 1364 4528 εὐαγγελικοῖς
1379 4460 1594 4525 καὶτοῖς
1607 4461 1978 4526 ἀποστολικοῖς
1995 4466 2093 4534 ῥή-

525 4559 710 4613 μασιν,
723 4541 958 4595 ἀλλὰκαὶ
973 4543 1032 4595 ὲν
1045 4543 1525 4613 τοῖςοπροφητικοῖς
1540 4547 1633 4598 καὶ
1649 4547 1794 4618 πάσῃ
1809 4549 1875 4619 τῇ
1885 4547 2094 4620 Παλαιᾷ

523 4625 662 4696 μετά
686 4625 884 4696 πολλῆς
915 4626 1014 4696 τῆς
1031 4625 1344 4698 περιουσίας
1360 4626 1768 4698 διαλάμπουσαν
1786 4629 1932 4684 ἔστιν
1967 4631 2092 4684 ίδεῖν

518 4708 618 4778 τὴν
646 4707 740 4761 τοῦ
768 4708 1104 4778 Μονογενοῦς
1120 4707 1274 4774 δόξαν
1291 4725 1307 4740 ο
1341 4708 1420 4763 6:6
1443 4712 1536 4764 καὶ
1563 4710 1810 4766 ἐντεῦθέν
1842 4731 1930 4784 μοι
1946 4714 2094 4768 δοκεῖ

517 4791 657 4861 πρὸς
665 4790 901 4856 ἐκείνους
912 4792 1460 4863 ἀκροϐολίσασθαι.οὐ
1473 4793 1654 4866 γάρδὴ
1669 4793 1862 4864 μόνους
1871 4795 2089 4861 τούτους

517 4873 770 4928 ἐντεῦθεν
806 4877 1118 4946 ποιούμενοι
1142 4877 1268 4940 τοὺς
1297 4875 1509 4946 λόγους,
1560 4877 1696 4932 ἀλλά
1725 4879 1819 4932 καὶ
1865 4879 2089 4949 ἐτέρους

522 4956 779 5021 πλείονας
805 4959 1116 5028 αἱρετικοὺς
1143 4958 1486 5030 δυνησόμεθα
1533 4960 1882 5029 καταϐαλεῖν,
1932 4964 2092 5035 Μαρ-

517 5042 711 5107 κίωνα,
744 5043 1063 5111 Μανιχαῖον,
1096 5041 1468 5107 Οὑαλεντῖνον,
1497 5042 1604 5096 τῶν
1632 5045 1899 5098 Ἰουδαίων
1923 5047 2091 5100 61:61:-

516 5142 585 5178 :6
608 5126 675 5178 :6
704 5127 1049 5196 συστήματα.
1076 5124 1344 5195 Καθάπερ
1366 5125 1472 5198 γάρ
1505 5127 1597 5179 ἐπὶ
1622 5126 1717 5180 τοῦ
1748 5127 1912 5181 Δαυῖδ
1935 5129 1963 5180 ὁ
1992 5131 2089 5200 μὲν

515 5207 708 5261 Γολιάθ
743 5209 1034 5276 κατέπεσε,
1070 5208 1131 5261 τδ
1177 5208 1234 5260 δὲ
1278 5209 1639 5278 στρατόπεδον
1685 5209 1832 5263 ἅπαν
1861 5212 2088 5281 ἐδραπέ-

513 5308 694 5353 τευσε,
726 5291 820 5343 καὶ
849 5292 878 5343 ὁ
910 5291 1009 5361 μὲν
1033 5290 1261 5354 θάνατος
1288 5291 1407 5354 ἐνὸς
1427 5291 1614 5359 γέγονε
1645 5291 1893 5360 σώματος
1917 5294 1968 5356 ἀ,
1993 5295 2088 5348 καὶ

517 5377 645 5445 μιᾶς
678 5377 710 5445 ή
740 5373 920 5444 πληγὴ
946 5374 1209 5444 κεφαλῆς,
1246 5377 1278 5446 ὴ
1303 5375 1358 5427 δὲ
1392 5374 1537 5445 φυγὴ
1557 5375 1651 5428 καὶ
1680 5377 1712 5446 η
1736 5375 1908 5430 δειλία
1932 5380 2084 5451 κοινὴ

514 5457 608 5509 τοῦ
639 5457 998 5526 στρατοπέδου
1023 5459 1222 5523 παντός
1243 5475 1258 5490 ο
1303 5459 1445 5512 οὑτω
1473 5458 1536 5529 δὴ
1570 5460 1662 5511 καὶ
1686 5460 1772 5528 ἐφ’
1802 5460 1960 5531 ήμῶν
1991 5462 2084 5515 νῦν

517 5542 646 5607 μιᾶς
682 5541 943 5610 αἱρέσεως
981 5542 1283 5612 πληγείσης
1316 5543 1409 5594 καὶ
1439 5542 1880 5614 καταπεσούσης,
1930 5544 2083 5617 κοινὴ

512 5622 620 5676 τῶν
651 5624 1122 5696 ἀπηριθμημένων
1155 5626 1414 5681 ἁπάντων
1441 5625 1591 5679 ἐσται
1628 5628 1797 5698 φυγή.

574 5789 597 5853 ξ’
626 5786 722 5853 Alii
746 5787 968 5853 πάντοθεν
993 5788 1169 5853 κύκλῳ·
1197 5795 1249 5837 et
1270 5801 1382 5836 mox
1404 5789 1451 5836 ἐν
1475 5790 1595 5851 μέσῃ
1616 5795 1672 5851 τῇ
1697 5790 1898 5853 καμίνῳ.

569 5848 597 5888 b
619 5851 765 5897 Savil.
791 5847 836 5895 έν
857 5849 925 5909 τῷ
947 5851 1095 5910 μέσῳ.

576 5911 761 5974 Fljnus
784 5911 983 5974 _I‘o)u66.
1027 5909 1156 5974 ΔΙιιίι·ξι
1209 5910 1293 5974 alii
1329 5911 1477 5974 πολλῄ
1503 5913 1590 5974 καὶ
1629 5913 1804 5974 μεγάλῃ
1829 5912 2066 5962 πάντοθεν.

507 5969 1042 6036 (Λίξωξαίηκαὶιμεγάλῃι.)
1069 5971 1192 6018 Infra
1217 5973 1298 6019 alii
1324 5973 1348 6017 6
1373 5972 1423 6017 δὲ
1449 5969 1643 6022 ἔνδοθεν.

571 6033 594 6069 ιι
626 6032 720 6080 Alii
743 6032 922 6091 ἐγένετο
949 6033 1185 6092 σώματος.

1236 436 1295 490 S.
1331 433 1616 490 JOANMS
1652 430 2132 491 CIIRYSOSTOMI
2169 428 2490 487 ARCHIEP.
2529 429 3075 492 CONSTANTINOP.

3665 437 3754 496 798

2286 550 2581 619 Μανιχαῖοι
2619 549 2720 620 μὲν
2744 550 2854 623 γὰρ
2880 552 2974 606 καὶ
3000 553 3051 605 οί
3075 552 3145 606 :6
3175 551 3314 606 66:6
3334 551 3608 616 νοσοῦντες
3632 554 3757 610 ἐκεί-

2209 649 2321 695 νοις
2350 632 2442 684 τὸν
2476 633 2574 702 μὲν
2599 634 3005 704 κηρυττόμενον
3021 636 3236 689 δοκοῦσι
3259 635 3508 706 δέχεσθαι
3529 637 3755 706 Χριστὸν,

2207 716 2335 779 τοὺς
2367 715 2424 769 δὲ
2448 715 2817 786 κηρύττοντας
2840 717 3003 772 αὐτὸν
3035 719 3358 789 ἀτιμάζουσι
3387 721 3660 791 προφήτας
3677 739 3758 775 και

2209 798 2582 870 πατριάρχαςο
2622 800 2864 854 Ἰουδαῖοι
2898 800 2955 854 δὲ
2995 802 3156 854 πάλιν
3179 803 3508 868 ἀπεναντίας
3527 805 3646 868 τοὺς
3674 805 3759 876 μὲν

2208 881 2573 954 κηρύττοντας
2593 883 2755 936 αὐτὸν
2775 883 2993 938 δοκοῦσι
3027 884 3274 955 δέχεσθαι
3312 885 3408 939 καὶ
3437 885 3756 957 θεραπεύειν,

2208 966 2492 1037 προφήτας
2525 965 2668 1034 λέγω
2699 967 2795 1021 καὶ
2841 968 2935 1022 τὸν
2985 968 3283 1039 νομοθέτην
3310 968 3490 1022 αὐτῶν
3525 980 3548 1009 ε
3567 1010 3582 1034 ,
3607 970 3688 1022 τὸν
3709 972 3758 1024 δὲ

2207 1049 2609 1120 κηρυττόμενον
2637 1049 2728 1102 ὑπ’
2757 1050 2936 1104 αὐτῶν
2978 1050 3355 1121 ἀτιμάζουσιν.
3383 1051 3548 1106 Ὅταν
3576 1048 3662 1105 οὑν
3699 1056 3758 1125 τῇ

2207 1129 2302 1183 τοῦ
2340 1131 2473 1184 Θεοῦ
2532 1132 2715 1202 χάριτι
2770 1132 3036 1204 δείξωμεν
3087 1134 3288 1204 πολλὴν
3344 1135 3403 1187 ἐν
3450 1138 3516 1204 τῇ
3569 1135 3761 1206 Παλαιᾷ

2207 1231 2597 1284 προσκναφωνου
2606 1215 2773 1287 μένην
2793 1217 2888 1275 τοῦ
2913 1217 3252 1286 Μονογενοῦς
3276 1219 3374 1289 τῆν
3406 1217 3579 1283 δόξαν,
3602 1222 3762 1272 πάντα

2205 1296 2376 1349 ταῦτα
2403 1296 2742 1369 δυνησόμεθα
2768 1300 2836 1352 :6
2867 1299 3110 1371 θεομάχα
3129 1300 3484 1371 καταισχῦναι
3513 1303 3761 1373 στόματα,

2207 1379 2301 1432 καὶ
2322 1379 2422 1443 :6;
2445 1379 2794 1452 βλασφήμους
2823 1383 3172 1453 ἐπιστομίσαι
3192 1382 3456 1452 γλώττας.
3485 1384 3646 1438 Ὅταν
3664 1385 3763 1455 γάρ

2206 1461 2462 1533 φαίνηται
2488 1463 2834 1534 κηρύττουσα
2850 1465 2941 1518 τὸν
2960 1465 3195 1537 Χριστὸν
3218 1467 3252 1536 ή
3277 1466 3496 1519 Παλαιά
3513 1467 3763 1538 Διαθήκη,

2205 1544 2288 1608 τίς
2325 1545 2476 1599 ἐσται
2505 1548 2828 1619 Μανιχαίοις
2858 1548 2951 1600 καί⁵
2992 1551 3106 1612 τοῖς
3135 1548 3262 1602 κατ’
3296 1549 3536 1613 ἐκείνους
3570 1550 3589 1588 ί
3635 1552 3763 1604 ἀπο-

2205 1627 2359 1698 λογία
2407 1629 2734 1701 ἀτιμάζουσι
2786 1633 2886 1702 τὴν
2920 1632 3417 1703 προαναφωνοῦσαν
3459 1633 3550 1687 τὸν
3597 1636 3765 1688 κοινὸν

2207 1712 2424 1766 πάντων
2445 1715 2719 1785 Δεσπότην
2743 1733 2757 1780 ;
2786 1716 2869 1776 τίς
2895 1715 2952 1769 δὲ
2984 1714 3280 1786 συγγνώμη
3317 1717 3412 1769 καὶ
3450 1717 3764 1788 παραίτησις

2204 1798 2318 1859 τοῖς
2355 1797 2628 1860 Ἰουδαίοις
2648 1797 2739 1851 τὸν
2773 1797 2876 1850 61:6
2892 1797 3000 1852 τῶν
3024 1796 3321 1869 προφητῶν
3354 1799 3761 1871 καταγγελλόμεο

2205 1895 2293 1931 νον
2321 1879 2395 1950 μὴ
2419 1880 2726 1951 δεχομένοις
2744 1897 2759 1945 ;

2280 1961 2344 2032 β’.
2377 1963 2528 2015 Ἐπεὶ
2555 1958 2646 2016 οὖν
2679 1962 2912 2034 τοσαύτη
2948 1964 3048 2035 τῆς
3083 1963 3238 2034 νίκης
3277 1967 3310 2035 ἡ
3352 1966 3650 2037 περιουσία,
3681 1967 3768 2019 ἐπὶ

2205 2045 2274 2100 :6
2306 2046 2636 2119 παλαιότερα
2675 2047 2856 2117 βιϐλία
2890 2045 2981 2102 τὸν
3011 2048 3166 2116 λόγον
3193 2049 3507 2120 ἀγάγωμεν,
3549 2051 3638 2103 καὶ
3664 2050 3768 2102 τῶν

2207 2129 2450 2184 παλαιῶν
2495 2131 2674 2185 αὐτῶν
2716 2132 2778 2185 :6
2831 2131 3188 2203 ἀρχαιότερον
3237 2133 3453 2186 πάντων
3475 2172 3490 2198 ,
3534 2135 3623 2186 ἐπὶ
3673 2134 3768 2204 τὴν

2206 2213 2421 2268 Γένεσιν
2445 2214 2607 2282 λέγω,
2655 2214 2747 2268 καὶ
2773 2213 2872 2284 τῆς
2900 2214 3168 2277 Γενέσεως
3203 2216 3374 2286 αὐτῆς
3404 2217 3496 2269 ἐπὶ
3535 2215 3630 2287 τὴν
3688 2234 3768 2270 κο-

2207 2295 2382 2370 ρυφὴν
2407 2297 2714 2368 ἀναϐῶμεν.
2741 2297 2864 2349 ’Ὁτι
2891 2296 2999 2368 γὰρ
3029 2298 3158 2369 περὶ
3182 2297 3273 2350 τοῦ
3323 2299 3558 2368 Χριστοῦ
3604 2299 3771 2353 πολλά

2206 2380 2424 2450 φησιν⁹ὁ
2453 2379 2714 2450 Μωῦσῆς,
2751 2379 2982 2432 ἄκουσον
3014 2378 3179 2432 αὐτοῦ
3210 2381 3446 2450 Χριστοῦ
3483 2381 3727 2450 λέγοντος
3752 2402 3766 2414 ·

2203 2465 2275 2517 El
2301 2463 2644 2518 ἐπιστεύετε
2681 2462 2927 2531 Μωϋσῇ.
2967 2459 3313 2520 ἐπιστεύετε
3351 2465 3428 2519 ἂν
3455 2467 3617 2536 ἐμοί’
3641 2469 3772 2536 περὶ

2205 2544 2357 2618 [5'43]
2393 2546 2502 2615 γὰρ
2533 2546 2678 2615 ἐμοῦ
2708 2545 2938 2612 ἐκεῖνος
2980 2548 3222 2615 ἔγραψε.
3280 2548 3392 2601 Ποῦ
3438 2550 3496 2603 δέ
3537 2549 3771 2621 ἔγραψεν

2203 2629 2408 2692 ἐκεῖνος
2459 2631 2585 2701 περὶ
2628 2629 2842 2696 αὐτοῦς
2887 2629 3056 2683 Τοῦτο
3080 2631 3180 2702 ήδη
3205 2631 3375 2698 δεῖξαι
3421 2633 3768 2704 πειράσομαι.

2216 2711 2430 2780 Ἐπειδὴ
2474 2713 2582 2783 γὰρ
2626 2714 2659 2783 ή
2687 2713 2864 2776 κτίσις
2889 2713 3192 2784 ἀπήρτιστο
3221 2716 3390 2779 πᾶσα,
3423 2718 3519 2769 καὶ
3547 2718 3772 2785 ποικίλῳ

2207 2794 2304 2865 μὲν
2331 2795 2358 2845 ὁ
2385 2793 2612 2865 οὐρανὸς
2639 2795 2977 2864 ἐστεφάνωτο
2994 2796 3209 2868 ἄστρων
3227 2797 3394 2868 χορῷ,
3413 2799 3770 2862 παντοδαποῖς

2202 2878 2258 2930 δέ
2304 2876 2520 2931 ἄνθεσιν
2561 2877 2906 2950 ἀντέλαμπεν
2955 2879 3102 2950 αὐτῷ
3147 2882 3390 2934 κάτωθεν
3443 2883 3476 2952 ή
3530 2884 3640 2952 γῆ,
3679 2886 3772 2936 καὶ

2203 2960 2429 3031 πλήρεις
2467 2961 2564 3031 μὲν
2599 2960 2770 3032 ὀρέων
2802 2962 3059 3034 κορυφαὶ,
3087 2961 3269 3034 πλήρη
3293 2963 3349 3015 δὲ
3373 2966 3466 3017 καὶ
3500 2966 3657 3018 πεδία
3680 2968 3771 3022 καὶ

2202 3044 2506 3114 φάραγγες,
2551 3044 2646 3098 καὶ
2696 3044 2883 3108 ἁπλῶς
2927 3045 3077 3096 πᾶσα
3114 3047 3147 3114 ἡ
3193 3045 3294 3116 τῆς
3331 3045 3435 3117 γῆς
3477 3047 3773 3116 ἐπιφάνεια

2202 3125 2385 3195 φυτῶν
2414 3125 2506 3178 κα)⁸
2528 3125 2759 3197 δένδρων
2781 3127 2873 3179 καὶ
2897 3125 3140 3196 βοτανῶν
3165 3122 3256 3198 ἦν,
3288 3130 3382 3181 καὶ
3408 3130 3644 3201 ἐσκίρτα,
3677 3133 3774 3202 μὲν

2201 3207 2464 3278 ποίμνια,
2543 3208 2773 3279 ἐσκίρτα
2820 3208 2877 3262 δὲ
2938 3208 3230 3278 βουκόλια,
3291 3211 3401 3264 τῶν
3447 3212 3502 3265 δὲ
3562 3213 3776 3283 ᾠδικῶν

2201 3290 2426 3363 ὀρνίθων
2468 3293 2497 3344 ὁ
2542 3291 2722 3362 χορὸς,
2761 3292 2861 3363 τὴν
2905 3292 3040 3346 ίδίαν
3083 3292 3246 3363 φύσιν
3293 3294 3775 3367 ἐπιδεικνύμενος,

2205 3374 2466 3444 μουσικῆς
2487 3374 2578 3428 τὸν
2592 3375 2730 3444 ἀέρα
2751 3377 2930 3430 πάντα
2957 3375 3214 3448 ἐπλήρου,
3233 3377 3328 3430 καὶ
3361 3377 3534 3448 μεστά
3554 3379 3776 3453 πελάγη

2197 3459 2306 3512 τῶν
2337 3459 2562 3512 ἐναλίων
2591 3456 2744 3522 ζώων
2780 3453 2870 3530 ἦν,
2902 3459 3130 3530 πλήρεις
3161 3459 3218 3512 δέ
3245 3460 3431 3531 λίμναι
3473 3463 3570 3517 καί
3595 3469 3777 3535 πηγαὶ

2200 3543 2294 3596 καὶ
2327 3542 2562 3613 ποταμοὶ
2578 3542 2686 3595 τῶν
2710 3543 2767 3595 ἐν
2797 3544 2982 3606 αὐτοῖς
3002 3544 3338 3614 τικτομένων
3368 3545 3648 3608 ἀπάντων,
3683 3553 3778 3602 καὶ

2197 3626 2349 3679 οὐδὲν
2377 3621 2446 3698 ῆν
2495 3625 2802 3690 ἀτέλεστον,
2831 3625 2970 3680 ἀλλά
2999 3626 3177 3680 πάντα
3209 3627 3533 3699 ἀπήρτιστο,
3582 3631 3779 3702 ἐζήτει

2197 3711 2260 3764 τὸ
2289 3709 2446 3780 σῶμα
2467 3709 2568 3781 τὴν
2591 3708 2855 3780 κεφαλὴν,
2881 3711 2914 3781 ή
2948 3709 3103 3772 πόλις
3123 3708 3213 3762 :6v
3233 3711 3490 3781 ἄρχοντα,
3525 3715 3560 3784 ή
3595 3715 3779 3780 κτίσις

2197 3792 2288 3846 τὸν
2322 3791 2568 3862 βασιλέα,
2619 3791 2763 3861 λέγω
2811 3792 2876 3862 δὴ
2922 3791 3014 3846 :6v
3057 3793 3362 3866 ἄνθρωπον.
3408 3795 3638 3850 Μέλλων
3681 3794 3777 3852 οὖν

2198 3873 2361 3928 αὐτὸν
2414 3873 2760 3928 διαπλάττειν
2791 3875 2820 3928 6
2863 3874 2995 3938 Θεός
3026 3891 3190 3946 φησιν
3212 3892 3226 3904 ·
3264 3876 3619 3946 Ποιήσωμεν
3673 3880 3781 3932 dr-

2197 3960 2431 4026 θρωπον
2451 3957 2580 4010 κατ’
2599 3958 2804 4011 εἰκόνα
2831 3957 3130 4027 ἡμετέραν
3151 3958 3251 4012 καί
3292 3960 3598 4032 ὁμοίωσιν.
3627 3962 3781 4034 Πρὸς

2196 4039 2316 4094 τίνα
2342 4039 2680 4108 διαλέγεται;
2713 4039 2947 4112 Εὔδηλον
2977 4043 3059 4094 6::
3089 4042 3224 4114 πρὸς
3253 4042 3343 4096 τὸν
3363 4044 3647 4115 Μονογενῆ
3686 4047 3782 4100 τδν

2197 4121 2412 4178 ἐαυτοῦ,
2446 4124 2556 4177 Καὶ
2579 4124 2681 4177 οὐκ
2710 4119 2853 4188 εἷπε,
2886 4125 3140 4197 Ποίησον,
3180 4127 3263 4180 ἵνα
3287 4126 3361 4198 μὴ
3387 4127 3620 4199 νομίσῃς
3653 4129 3782 4183 δου-

2195 4204 2344 4260 λικὸν
2371 4200 2514 4259 εἶναι
2548 4206 2829 4276 ἐπίταγμα
2859 4206 2921 4260 :6
2949 4207 3264 4279 λεγόμενον,
3291 4208 3447 4272 ἀλλά,
3491 4210 3779 4278 Ποιήσω-

2189 4304 2338 4358 μεν,
2390 4286 2478 4340 ἴνα
2531 4287 2620 4341 6:6
2666 4288 2762 4341 τοῦ
2815 4291 3096 4361 σχήματος
3145 4293 3245 4361 τῆς
3298 4291 3608 4364 συμϐουλῆς
3665 4295 3785 4350 τῶν

2196 4369 2456 4441 ῥημάτων
2486 4368 2546 4422 τὸ
2577 4370 2839 4440 ὁμότιμον
2869 4372 3173 4446 ἐκκαλύψῃ.
3226 4373 3364 4427 Ποτέ
3403 4374 3503 4445 μὲν
3529 4376 3647 4447 γὰρ
3682 4377 3780 4430 λέ-

2193 4468 2346 4522 γεται
2377 4451 2679 4522 σύμϐουλον
2703 4452 2848 4524 ἔχειν
2877 4456 2906 4507 6
2934 4454 3089 4522 Θεὸς,
3132 4455 3265 4508 ποτὲ
3289 4455 3346 4509 δέ
3379 4457 3452 4529 μὴ
3483 4459 3660 4529 ἐχειν,
3716 4462 3781 4514 οὐ

2192 4535 2294 4605 τῆς
2321 4535 2542 4607 Γραφῆς
2576 4537 2744 4607 ἑαυτῇ
2797 4539 3127 4610 μαχομένης,
3179 4539 3295 4593 ἀλλ’
3335 4540 3627 4613 ἀπόρρητα
3686 4545 3783 4599 δό-

2194 4633 2381 4686 γματα
2413 4616 2860 4688 ἐκκαλυπτούσης
2907 4622 3038 4690 ήμῖν
3065 4621 3132 4672 δι’
3166 4623 3488 4694 ἀμφοτέρων
3532 4625 3780 4682 τούτων.

2194 4701 2365 4756 Ὅταν
2391 4702 2486 4772 μὲν
2518 4701 2628 4772 γάρ
2655 4701 2716 4755 :6
2742 4703 2990 4766 ἀνενδεὲς
3035 4704 3199 4772 αὑτοῦ
3247 4707 3600 4776 παραστῆσαι
3638 4710 3781 4779 βού-

2192 4782 2372 4853 ληται,
2405 4785 2568 4854 φησιν
2587 4785 2695 4838 οὐκ
2715 4784 2860 4854 ἔχειν
2888 4785 3050 4840 αὐτὸν
3087 4787 3418 4858 σύμϐουλονο
3455 4791 3589 4844 ὅταν
3613 4791 3680 4845 δὲ
3716 4793 3783 4846 :6

2191 4867 2450 4936 ὁμότιμον
2476 4865 2572 4919 τοῦ
2610 4867 2971 4936 Μονογενοῦς,
2998 4867 3299 4940 σύμϐουλον
3336 4868 3490 4924 καλεῖ
3510 4873 3610 4926 τὸν
3642 4875 3786 4927 Tib:

2189 4949 2282 5003 τοῦ
2307 4949 2461 5004 Θεοῦ.

2259 5033 2370 5088 Καὶ
2391 5032 2477 5085 ἵνα
2513 5031 2691 5106 μάθῃς
2716 5031 2889 5087 ταῦτα
2917 5035 3224 5106 ἀμφότερα,
3252 5037 3334 5092 ὃτι
3363 5055 3423 5091 τε
3451 5038 3781 5109 σύμϐουλον

2187 5117 2278 5169 τὸν
2310 5115 2436 5168 Υἱδν
2466 5115 2720 5169 καλοῦσιν
2747 5118 2796 5170 οἱ
2821 5119 3094 5188 προφῆται
3121 5121 3167 5183 8,
3193 5121 3290 5190 οὐχ
3320 5121 3395 5184 ώς
3421 5123 3515 5176 τοῦ
3545 5124 3784 5194 Πατρὸς

2184 5198 2437 5269 δεομένου
2471 5199 2800 5269 συμϐουλῆς,
2851 5201 2972 5261 ,ἀλλ’
3021 5202 3107 5254 ἵνα
3155 5203 3250 5256 τοῦ
3290 5205 3636 5272 Μονογενοῦς
3674 5207 3785 5276 τὴν

2183 5282 2660 5352 τιμὴν-μάθωμεν,
2693 5282 2789 5335 καὶ
2824 5283 2907 5336 ὅτι
2933 5285 3093 5338 πάλιν
3132 5287 3194 5338 οὐ
3219 5286 3389 5340 δεῖται
3422 5292 3780 5359 συμϐούλου.

2184 5365 2414 5418 ἄκουσον
2455 5364 2551 5416 τοῦ
2587 5363 2800 5418 Παύλου
2844 5365 3125 5433 λέγοντος’
3164 5369 3225 5421 Ὢ
3253 5369 3446 5436 ,ϐάθος
3483 5375 3781 5427 πλούτου

2183 5447 2282 5500 καί
2313 5448 2535 5516 σοφίας
2565 5448 2664 5502 καὶ
2705 5448 2980 5518 γνώσεως
3015 5451 3185 5513 Θεοῦ,
3213 5453 3292 5518 ὡς
3309 5453 3781 5525 ἀνεξερεύνητα

2183 5531 2254 5585 τὰ
2274 5531 2522 5599 κρίματα
2546 5531 2754 5597 αὐτοῦ,
2787 5531 2884 5584 καὶ
2917 5533 3360 5602 ἀνεξιχνίαστοι
3385 5540 3449 5591 al
3477 5538 3617 5593 ὁδοὶ
3657 5545 3768 5593 οὺς

2181 5613 2324 5667 τοῦί
2346 5614 2440 5680 Τίς
2472 5614 2581 5684 γὰρ
2603 5613 2754 5684 ἐγνω
2778 5615 2929 5669 νοῦν
2956 5618 3198 5686 Κυρίου,
3225 5618 3264 5686 ἣ
3285 5619 3378 5685 τίς
3401 5621 3779 5690 σύμϐουλος

2247 5733 2271 5797 f
2297 5729 2573 5797 51:19:36.
2611 5731 2826 5797 Ugraque
2849 5732 2998 5797 lectio
3017 5735 3237 5797 quadrat.

2227 5789 2266 5872 ,τ
2297 5793 2443 5842 Savil.
2471 5793 2719 5856 Μανιχαίῳ
2740 5789 2937 5850 καὶτοῖς
2958 5789 3057 5844 καλ
3078 5797 3272 5854 ἐκεῖνον,
3312 5801 3362 5845 et
3383 5796 3506 5848 infra
3537 5801 3609 5861 μὴ
3629 5801 3785 5855 δεεαο

2182 5870 2439 5983 μῗῖξοὲςάγὶι.
2472 5921 2520 5983 e_t
2546 5919 2760 5983 (malum:
2773 5915 2973 5983 ccyiicesA
2992 5916 3136 5978 μάθῃς
3159 5917 3593 5983 ταῦτα-ἀμφότερα
3617 5924 3702 5969 ὅτι
3723 5939 3788 5971 τι

2178 5977 2441 6045 σύμϐαιλον
2458 5977 2539 6045 τὸν
2560 5977 2667 6045 Υίὸν
2686 5975 2911 6045 καλοῦσιν
2933 5981 2977 6045 οξ
2995 5975 3261 6045 προφῆται.
3289 5975 3456 6027 Μιιίδεῖ.
3695 5985 3786 6032 ὅτι

2177 6039 2323 6087 ταῦτα
2345 6037 2582 6097 ἀμφόττοα
2603 6038 2681 6081 τὸν
2709 6040 2812 6083 Υξὸν
2834 6037 3058 6085 γιιὶοῦσμλ

2757 6272 3050 6282 ——¥——
