3868 6292
382 511 488 565 799

383 625 602 680 Ilcsaias
631 637 756 677 vero
797 622 985 675 iterum
1030 620 1097 674 de
1128 622 1411 692 Unigenito
1450 623 1541 677 Dei
1585 622 1834 691 loquens,
1874 620 1953 675 sic

386 716 590 783 inquit:
627 713 689 766 Et
719 713 918 780 cupient
946 712 990 765 si
1035 711 1160 779 ﬁant
1201 713 1316 782 igne
1350 713 1612 766 combusti.
1659 712 1790 778 Quia
1834 725 1961 779 puer

386 816 534 860 natus
554 815 626 859 est
650 805 812 867 nobis,
839 815 883 857 et
911 804 1046 873 [ilius
1066 804 1211 857 datus
1237 815 1312 859 est
1336 805 1498 869 nobis,
1525 814 1572 859 et
1599 804 1851 858 vocabitur
1868 818 1961 856 no-

385 913 498 949 men
517 896 623 965 ejus
647 895 817 964 magni
845 894 1043 947 consilii
1063 894 1291 963 angelus,
1317 894 1629 947 admirabilis
1645 892 1962 947 consiliarius

385 985 570 1054 (lfesai
588 985 641 1039 9.
672 978 751 1055 5).
782 984 851 1039 Et
878 985 921 1039 si
950 984 1281 1039 admirabilis
1315 985 1667 1047 consiliarius,
1691 982 1962 1054 quomodo

386 1076 582 1130 I'a‘ulns
602 1075 749 1140 dicit,
783 1075 907 1138 Quis
940 1078 1070 1127 enim
1106 1091 1279 1128 sensus
1316 1076 1450 1128 novit
1478 1074 1704 1140 Domini,
1743 1073 1819 1127 vel
1851 1072 1964 1142 quis

389 1167 709 1221 consiliarius
729 1169 838 1237 ejus
863 1168 960 1236 fuit
990 1166 1162 1237 (Rom.
1186 1168 1282 1243 .II.
1316 1167 1446 1237 ‘5‘)?
1468 1167 1565 1221 nisi
1586 1168 1725 1237 quod
1748 1165 1962 1230 Paulus,

388 1258 529 1311 sicut
554 1257 682 1320 dixi,
713 1258 948 1312 indicare
967 1257 1132 1311 voluit
1157 1257 1369 1313 Patrem
1399 1257 1543 1312 nullo
1570 1258 1829 1328 indigere,
1846 1270 1969 1325 pro-

394 1348 548 1419 pheta
573 1358 748 1402 autem
782 1349 1036 1418 aqualem
1070 1347 1190 1401 Filii
1212 1348 1429 1417 gloriam
1452 1347 1647 1403 docere
1673 1348 1856 1402 voluit.
1886 1346 1968 1401 Id-

391 1440 722 1513 circoetiam
762 1437 849 1492 hic
877 1453 980 1491 non
1021 1436 1172 1502 dixit,
1217 1440 1318 1508 fac,
1366 1436 1481 1502 sed,
1530 1437 1798 1509 faciamus.
1836 1436 1969 1491 Illud

394 1528 561 1594 enim,
590 1534 691 1599 fac,
721 1537 1040 1598 praeceptum
1071 1537 1214 1583 esset
1234 1543 1393 1583 servo
1416 1528 1598 1582 datum
1640 1545 1657 1581 :
1698 1528 1840 1599 quod
1890 1528 1970 1583 di-

396 1636 547 1677 scere
576 1621 699 1676 inde
740 1622 956 1690 poteris.
1005 1620 1245 1676 Accessit
1284 1619 1570 1690 aliquando
1615 1619 1856 1675 centurio
1902 1618 1971 1673 ad

395 1710 599 1775 Jesum,
628 1720 681 1766 et
704 1710 838 1765 dixit
863 1728 876 1764 :
906 1710 1140 1776 Domine,
1164 1727 1291 1781 puer
1318 1727 1455 1764 meus
1465 1712 1603 1782 jacet
1628 1712 1681 1765 in
1702 1711 1850 1765 domo
1877 1728 1973 1779 pa-

397 1802 659 1872 ralyticus,
682 1810 730 1854 et
750 1802 965 1871 graviter
992 1809 1249 1870 torquetur
1270 1799 1485 1871 (Matth.
1512 1801 1567 1855 8.
1596 1799 1673 1875 ti).
1704 1801 1840 1869 Quid
1878 1802 1977 1871 igi-

401 1900 488 1945 tur
521 1891 805 1946 Christus?
843 1891 953 1962 Ego
988 1894 1202 1956 veniant,
1232 1902 1279 1944 et
1316 1893 1503 1946 curabo
1529 1909 1642 1946 eum
1665 1890 1772 1964 (Ib.
1813 1908 1860 1946 υ.
1895 1892 1972 1965 7).

400 1982 652 2037 Centurio
672 1992 848 2038 autem
874 1998 981 2037 non
1006 1982 1233 2037 audebat
1258 1982 1522 2037 medicum
1551 1984 1602 2037 in
1627 1983 1847 2037 domum
1872 1991 1979 2037 tra-

405 2072 553 2138 here,
582 2082 636 2126 at
660 2074 965 2129 misericors
999 2074 1087 2127 ille
1124 2071 1314 2143 sp‘onte
1340 2089 1431 2128 sua
1461 2074 1806 2144 pollicebatur
1829 2089 1887 2129 se
1918 2075 1981 2128 il-

404 2164 489 2217 luc
515 2164 732 2229 iturum,
762 2174 819 2218 ut
841 2174 1055 2218 causam
1076 2174 1131 2219 et
1170 2166 1504 2220 occasionem
1548 2166 1637 2220 illi
1667 2168 1838 2232 daret,
1877 2182 1980 2237 qua

404 2257 653 2311 virtutem
678 2271 827 2311 suam
850 2256 1002 2311 nobis
1027 2257 1341 2313 declararet.
1374 2259 1634 2314 Praescius
1671 2259 1811 2313 enim
1856 2258 1981 2328 quid

408 2348 499 2401 ille
523 2349 762 2403 dicturus
790 2358 927 2413 erat,
960 2348 1225 2418 pollicitus
1253 2360 1335 2404 est
1376 2365 1434 2404 se
1458 2348 1761 2414 affuturum,
1794 2359 1851 2404 ut
1883 2349 1984 2404 viri

408 2442 657 2510 pietatem
678 2442 931 2496 disceres.
962 2440 1098 2508 Quid
1138 2442 1279 2496 enim
1319 2442 1393 2495 ait
1431 2441 1704 2496 centurio?
1746 2439 1983 2508 Domine,

410 2546 513 2585 non
558 2548 671 2586 sum
708 2532 912 2602 dignus,
944 2543 999 2586 ut
1034 2535 1191 2587 intres
1230 2535 1321 2587 sub
1349 2543 1528 2587 tectum
1571 2550 1738 2587 meum
1781 2532 1884 2603 (Ib.
1931 2541 1987 2586 tt.

410 2624 491 2690 8).
524 2622 705 2693 Neque
731 2623 901 2677 morbi
934 2624 1220 2678 necessitas
1258 2640 1378 2678 eum
1425 2639 1456 2677 a
1505 2624 1700 2693 pietate
1741 2632 1988 2679 avertere

413 2714 644 2781 valebat,
677 2730 745 2769 ne
781 2715 1151 2770 excellentiam
1185 2714 1393 2770 Domini
1420 2724 1721 2781 testaretur,
1745 2714 1904 2768 etiam
1934 2714 1987 2767 in

420 2817 568 2861 tanta
596 2810 921 2865 calamitate.
956 2809 1257 2879 Eapropter
1274 2811 1408 2865 dicit
1430 2829 1445 2865 :
1470 2811 1568 2866 Dic
1589 2820 1792 2865 tantum
1810 2812 1984 2874 verbo,

417 2908 467 2951 et
487 2898 766 2952 sanabitur
780 2916 911 2968 puer
934 2917 1099 2954 meus.
1118 2901 1259 2954 Nam
1279 2913 1325 2954 et
1343 2918 1437 2970 ego
1465 2901 1619 2956 homo
1634 2919 1773 2966 sum,
1793 2901 1987 2957 habens

420 2988 516 3039 sub
547 3004 626 3041 me
660 2989 880 3055 milites,
902 3000 951 3043 et
976 2992 1093 3045 dico
1121 2992 1261 3056 huic,
1280 2994 1427 3057 vade,
1458 3001 1505 3046 et
1535 2993 1678 3047 vadit
1700 3005 1786 3049 :et
1807 2994 1986 3061 alteri,

421 3082 766 3144 ueni,etvenit
784 3099 803 3138 :
824 3091 875 3136 et
891 3100 1038 3139 servo
1058 3100 1192 3150 meo,
1215 3084 1302 3154 fac
1318 3085 1435 3148 hoc,
1449 3096 1495 3138 et
1508 3085 1639 3154 facit
1653 3085 1760 3153 (Ib.
1778 3103 1827 3140 υ.
1843 3094 1893 3142 8.
1908 3086 1988 3144 9i.

489 3168 569 3221 Ad
594 3184 789 3222 servum
816 3169 999 3222 dicitur
1021 3172 1124 3240 fac,
1164 3170 1231 3221 ad
1258 3170 1504 3240 (squalent
1527 3171 1790 3242 faciamus.
1812 3200 1884 3210 —
1902 3170 1995 3224 Vi-

419 3260 516 3314 des
541 3263 780 3322 verbum,
813 3263 916 3330 fac,
947 3274 1065 3315 esse
1094 3261 1293 3315 domini
1331 3260 1399 3315 ad
1438 3276 1651 3317 servum
1698 3261 1995 3332 loquentis?

424 3353 512 3416 At,
561 3353 826 3421 faciamus,
869 3353 1085 3407 verbum
1128 3360 1213 3407 est
1255 3352 1372 3422 ejus
1414 3353 1496 3407 cui
1538 3352 1756 3422 mqualis
1803 3352 1992 3407 honor.

420 3444 645 3512 Quando
688 3443 830 3499 enim
880 3458 1035 3497 servo
1073 3443 1319 3497 dominus
1364 3442 1616 3513 loquitur,
1644 3443 1816 3509 dicit,
1867 3445 1948 3514 fac
1978 3457 1999 3496 :

423 3534 636 3604 quando
664 3544 840 3588 autem
887 3535 1041 3589 Pater
1080 3534 1234 3600 Filio,
1262 3533 1410 3598 dicit,
1439 3531 1705 3602 faciamus.
1734 3534 1888 3601 Quid,
1919 3534 2000 3587 in—

422 3629 539 3698 quit
565 3625 916 3697 (haereticus),
954 3626 999 3678 si
1042 3626 1281 3679 centurio
1317 3626 1388 3679 ita
1426 3623 1793 3693 suspicabatur
1821 3624 1837 3654 ¹
1868 3639 1883 3676 :
1913 3638 2001 3677 res

422 3728 598 3773 autem
621 3732 723 3771 non
750 3717 828 3771 sic
851 3732 909 3771 se
937 3716 1202 3771 habebat?
1228 3715 1364 3770 Num
1389 3715 1664 3785 apostolus
1698 3724 1780 3769 est
1808 3724 1999 3768 centu-

423 3810 539 3862 rio?
567 3824 690 3863 num
719 3807 1032 3879 discipulus,
1064 3817 1122 3862 ut
1160 3807 1325 3877 ipsius
1350 3806 1525 3861 verbis
1551 3804 1869 3861 credamus?
1892 3804 1997 3859 Ve-

425 3900 645 3954 risimile
673 3909 757 3955 est
775 3915 895 3954 eum
939 3913 1167 3953 errasse.
1211 3898 1377 3963 Bene,
1430 3914 1536 3952 non
1584 3906 1665 3952 est
1705 3896 1994 3968 apostolus.

426 3992 564 4059 Quid
588 3993 753 4061 ergo?
783 3992 1065 4047 Videamus
1106 3991 1246 4061 quod
1293 3991 1551 4059 sequitur.
1590 3989 1725 4044 Num
1770 3988 2001 4043 correxit

428 4086 600 4154 ipsum
632 4085 911 4139 Christus?
950 4100 1075 4138 num
1106 4082 1399 4152 increpavit
1426 4092 1483 4136 ut
1510 4083 1731 4151 lapsum,
1758 4090 1812 4135 et
1835 4094 2001 4149 prava

429 4177 675 4246 dogmata
699 4176 1063 4247 ingerentem?
1090 4190 1215 4229 num
1241 4175 1373 4229 dixit
1409 4174 1473 4229 ad
1520 4174 1713 4243 ipsum,
1755 4171 1860 4226 Cur
1902 4172 2006 4227 hoc

430 4268 584 4335 facis,
607 4268 800 4323 homo?
827 4269 1081 4338 Maiorem
1103 4267 1171 4321 de
1196 4282 1281 4322 me
1307 4266 1472 4320 babes
1499 4266 1822 4333 opinionem,
1846 4254 2003 4332 quam

431 4379 529 4433 par
554 4371 635 4418 est
660 4380 673 4415 :
703 4362 851 4432 plura
879 4360 1008 4416 mihi
1038 4360 1249 4426 tribuis,
1289 4373 1447 4429 quam
1475 4357 1602 4412 mihi
1634 4356 1913 4420 debentur,
1940 4370 2007 4409 ex

432 4455 744 4509 auctoritate
770 4462 926 4525 putas
954 4468 1038 4508 me
1063 4454 1344 4521 imperare,
1373 4464 1492 4504 cum
1520 4465 1624 4503 non
1660 4448 1730 4502 sit
1755 4446 1882 4500 mihi
1909 4461 2006 4499 au-

430 4548 669 4603 ctoritas.
698 4546 833 4601 Num
859 4546 991 4601 dixit
1013 4545 1119 4599 tale
1142 4542 1305 4614 quid?
1334 4541 1545 4596 Minime
1563 4582 1579 4607 ,
1625 4539 1722 4595 sed
1758 4537 2010 4595 stabilivit

433 4640 577 4694 illius
606 4638 941 4702 sententiam,
975 4645 1031 4692 et
1065 4635 1408 4706 sequentibus
1447 4633 1580 4688 dixit
1628 4651 1641 4686 :
1694 4632 1851 4685 Amen
1895 4630 2009 4684 dico

432 4733 570 4787 nobis
596 4770 612 4798 ,
667 4747 824 4801 neque
846 4731 899 4784 in
936 4729 1102 4783 Israel
1146 4738 1335 4783 tantam
1379 4726 1531 4795 ﬁdem
1570 4724 1733 4778 inveni
1775 4722 1934 4795 (Ibid.
1960 4737 2005 4773 υ.

437 4824 551 4892 10).
584 4822 746 4893 Igitur
777 4821 1031 4877 Dominus
1072 4818 1336 4874 laudando
1370 4819 1649 4873 conlimiat
1687 4814 2011 4871 centurionis

433 4915 620 4970 verba.
644 4913 761 4969 Iam
790 4913 933 4968 enim
964 4927 1067 4966 non
1094 4919 1220 4965 sunt
1243 4909 1568 4965 centurionis
1591 4907 1880 4973 verba,sed
1905 4907 2012 4959 Do-

436 5006 565 5061 mini
588 5005 871 5061 sententia.
901 5003 1052 5071 Quod
1082 5004 1222 5057 enim
1250 5002 1363 5070 ipse
1392 4999 1592 5065 laudat,
1609 5009 1662 5054 et
1688 4998 1890 5053 calculo
1914 5013 2012 5051 suo

438 5106 706 5169 tamquam
736 5098 872 5152 bene
892 5097 1089 5152 dictum
1129 5096 1405 5165 approbat,
1438 5110 1536 5165 pro
1552 5078 1752 5148 'divino
1796 5074 2015 5147 oraculo

440 5189 738 5243 habendum
760 5188 1261 5243 estzauctoritatem
1289 5187 1430 5240 enim
1473 5199 1704 5256 superne
1740 5199 1770 5237 a
1817 5182 2015 5238 Christi

439 5279 785 5349 reSponsione
804 5278 986 5333 sumit.
1030 5259 1041 5279 ’

510 5371 565 5424 5.
618 5368 765 5423 Vetus
788 5369 1155 5424 Testamentum
1181 5386 1297 5425 cum
1321 5384 1448 5424 nouo
1477 5378 1739 5423 consonat.
1763 5397 1835 5409 —
1856 5367 2018 5424 Vides

440 5472 499 5514 ut
529 5458 734 5513 Novum
767 5460 944 5515 Veteri
976 5469 1234 5515 consonet
1261 5460 1677 5526 Testamentum,
1719 5468 1774 5513 et
1810 5468 2017 5513 utrum-

440 5566 546 5620 que
575 5550 937 5605 auctoritatem
967 5550 1161 5606 Cbristi
1192 5552 1425 5607 indicet?
1453 5551 1589 5620 Quid
1616 5552 1810 5621 igitur?
1832 5550 2020 5605 Facie-

442 5642 533 5697 bat
552 5641 766 5713 quidem
792 5642 1081 5713 hominem,
1110 5644 1205 5702 sed
1242 5655 1301 5701 ut
1334 5646 1580 5700 minister
1624 5643 1889 5700 faciebat?
1916 5642 2021 5700 Sed

509 5822 527 5852 ⁸
566 5822 650 5884 llic
666 5882 672 5884 Α
686 5832 905 5870 errorem
935 5824 1201 5884 suSptcatur
1236 5834 1452 5884 nuperus
1502 5822 1724 5884 quidam;
1772 5818 1858 5884 sed
1892 5820 2025 5870 locus

445 5879 767 5995 qabet.
790 5890 899 5933 Nmu
928 5879 1282 5946 chrysostomus
1303 5879 1577 5936 hominum
1599 5879 2024 5945 hac’ohjicieutem

954 470 955 473 Ἴ
994 549 1001 555 .
1092 508 1149 563 S.
1189 507 1465 564 JOANNIS
1500 504 1978 564 CIIRYSOSTOMI
2018 502 2335 560 ARCIIIISP.
2375 501 2905 559 CONSTANTINOP.

3557 499 3665 553 suo

2066 618 2186 673 audi
2215 619 2371 673 verba
2397 635 2516 688 quae
2544 627 2853 688 sequuntur,
2882 626 2937 672 et
2961 616 3157 672 desiste
3180 615 3249 671 ab
3273 617 3657 683 intempestiva

2065 710 2424 765 contentione.
2458 709 2744 763 Enimvero
2790 720 2845 763 ut
2881 709 3033 772 dixit,
3080 708 3354 762 Faciamus
3385 706 3658 760 hominem

2067 800 2218 873 (Cen.
2253 802 2303 856 1.
2331 799 2424 871 26)
2458 816 2472 854 :
2511 815 2617 854 non
2644 800 2793 863 dixit,
2831 799 3121 852 secundum
3171 799 3465 869 imaginem
3514 810 3660 849 mata

2067 895 2348 953 minorem,
2377 908 2548 962 neque
2562 891 2854 945 secundum
2874 890 3154 959 imaginem
3174 903 3353 943 meam
3373 888 3669 957 majorem,

2067 986 2162 1041 sed
2193 985 2481 1040 Secundum
2506 983 2776 1054 imaginem
2798 993 3020 1037 nostram
3039 1021 3055 1047 ,
3083 997 3273 1050 nempe
3296 979 3549 1034 indicans
3568 974 3666 1033 Pa-

2069 1080 2168 1134 tris
2197 1087 2250 1132 et
2272 1077 2389 1131 Filii
2417 1076 2697 1145 imaginem
2727 1090 2884 1128 unam
2910 1088 3051 1129 esse.
3070 1072 3182 1127 Non
3205 1073 3352 1127 enim
3370 1070 3515 1123 dixit
3540 1068 3672 1119 ima-

2070 1172 2242 1241 gines,
2285 1168 2379 1222 sed
2423 1166 2704 1238 Imaginem
2739 1175 2997 1230 nostram;
3037 1178 3141 1218 non
3187 1164 3332 1217 enim
3373 1161 3503 1215 dua:
3548 1168 3670 1211 sunt

2072 1260 2380 1330 inmquales,
2410 1258 2505 1312 sed
2537 1273 2640 1311 una
2670 1266 2724 1311 et
2746 1256 2934 1311 eadem
2973 1255 3190 1325 aequalis
3219 1253 3401 1309 Patris
3441 1251 3671 1315 Filiique

2073 1351 2270 1420 imago.
2302 1348 2454 1404 Unde
2479 1356 2534 1402 et
2559 1363 2589 1401 a
2614 1347 2818 1402 dextris
2856 1346 3011 1415 jubet
3047 1343 3253 1407 sedere,
3290 1351 3356 1397 ut
3401 1340 3672 1409 aequalem

2076 1441 2356 1507 honorem,
2385 1448 2440 1495 et
2468 1448 2783 1510 potestatem
2813 1452 2919 1491 non
2962 1436 3267 1491 inferiorem
3314 1435 3526 1489 discas.
3576 1432 3674 1485 bli-

2077 1534 2244 1588 nister
2262 1534 2403 1586 enim
2429 1544 2537 1586 non
2565 1530 2750 1593 sedet,
2777 1528 2871 1584 sed
2899 1536 3093 1582 adstat.
3122 1526 3255 1581 Nam
3290 1525 3440 1595 quod
3482 1522 3676 1576 sedere

2079 1625 2359 1681 dominica:
2411 1622 2688 1693 potestatis
2729 1621 2833 1687 sit,
2878 1620 3089 1675 adstare
3129 1618 3342 1673 servilis
3388 1624 3445 1671 et
3488 1614 3675 1681 subje-

2079 1728 2179 1773 cta:
2212 1715 2561 1781 conditionis,
2593 1715 2716 1769 audi
2761 1712 3033 1784 quomodo
3072 1711 3258 1766 Daniel
3296 1710 3490 1764 dicat:
3525 1707 3677 1773 Aspi-

2080 1810 2268 1863 ciebam
2308 1808 2465 1862 donec
2492 1807 2641 1878 positi
2667 1815 2783 1860 sunt
2808 1804 2998 1867 throni,
3028 1813 3074 1858 et
3101 1803 3336 1872 antiquus
3361 1800 3574 1853 dierum
3599 1813 3679 1849 se-

2081 1900 2155 1953 dit
2182 1915 2202 1954 :
2229 1898 2393 1952 decies
2420 1898 2556 1951 mille
2579 1896 2831 1966 myriades
2853 1892 3201 1948 ministrabant
3223 1892 3291 1955 ei,
3321 1900 3372 1944 et
3398 1889 3549 1941 mille
3569 1888 3681 1939 mil-

2084 1992 2155 2045 lia
2179 1989 2470 2044 assistebant
2498 1990 2545 2042 ei
2571 1987 2733 2059 (Dan.
2762 1988 2815 2042 7.
2846 1985 2902 2042 9.
2932 1985 3044 2054 10).
3079 1983 3145 2038 Et
3174 1985 3369 2037 iterum
3404 1980 3640 2053 Ilcsaias
3664 1994 3682 2028 τ

2093 2080 2333 2136 Videbam
2357 2079 2634 2133 Dominum
2651 2078 2902 2133 sedentem
2925 2092 3077 2146 super
3095 2075 3330 2127 thronum
3351 2071 3619 2125 excelsum
3638 2078 3682 2119 et

2084 2173 2351 2238 eleuatum,
2385 2180 2435 2225 et
2481 2170 2755 2239 Seraphtm
2779 2165 2975 2221 stabant
2997 2166 3050 2218 in
3078 2164 3290 2217 circuitu
3315 2163 3429 2231 ejus
3461 2157 3679 2230 (Hemi.

2087 2266 2141 2320 6.
2174 2264 2248 2334 1).
2290 2261 2539 2317 Michteas
2562 2268 2778 2314 autem:
2814 2256 2928 2311 Vidi
2971 2254 3246 2308 Dominum
3297 2250 3467 2304 Deum
3516 2246 3684 2301 [and

2085 2357 2337 2411 sedentem
2358 2371 2510 2426 super
2539 2355 2772 2407 thronum
2796 2366 2963 2413 suum,
2991 2357 3037 2401 et
3065 2346 3226 2400 omnis
3262 2344 3531 2399 exercitus
3570 2340 3683 2393 ccli

2086 2450 2253 2504 stabat
2279 2465 2312 2502 a
2336 2448 2525 2502 dextris
2549 2447 2656 2517 ejus
2675 2454 2722 2497 et
2741 2460 2774 2496 a
2791 2441 3010 2496 sinistris
3039 2440 3146 2509 ejus
3169 2438 3245 2508 (3.
3269 2435 3399 2506 Reg.
3428 2433 3529 2487 22.
3565 2432 3680 2500 19).

2089 2540 2251 2597 Vides
2301 2540 2497 2608 ubique
2540 2549 2797 2605 supernas
2840 2533 3060 2587 virtutes
3104 2531 3447 2590 assisteutes,
3505 2526 3681 2593 ipsum

2090 2644 2265 2689 autem
2299 2628 2612 2687 sedentem?
2640 2626 2772 2682 Cum
2796 2625 2953 2696 igitur
2977 2623 3172 2677 videris
3197 2630 3251 2676 ct
3274 2619 3468 2675 Filium
3494 2616 3681 2671 sedem

2090 2740 2122 2779 a
2169 2721 2371 2778 dextris
2430 2719 2754 2783 habentem,
2802 2732 2908 2770 non
2963 2712 3312 2768 ministrantis
3359 2710 3681 2779 dignitatem

2091 2815 2377 2887 quamdam
2406 2822 2579 2883 putes,
2611 2812 2705 2865 sed
2746 2805 2992 2862 habentis
3022 2802 3393 2859 auctoritatem
3438 2798 3679 2853 domini-

2092 2922 2233 2963 cam.
2263 2905 2464 2961 ldcirco
2489 2911 2546 2959 et
2572 2902 2765 2957 Paulus
2790 2914 2911 2955 cum
2941 2905 3162 2966 utraque
3187 2894 3380 2957 sciret,
3410 2890 3562 2963 quod
3592 2890 3685 2942 ad.

2095 3010 2239 3056 stare
2278 2996 2692 3053 ministrantium
2722 2995 2810 3056 sit,
2839 2991 3030 3047 sedere
3071 2996 3246 3044 autem
3296 2985 3682 3055 imperantium

2095 3098 2152 3146 et
2179 3087 2599 3160 praesidentium,
2625 3084 2747 3139 vide
2772 3079 3039 3153 quomodo
3083 3080 3199 3134 haec
3235 3076 3556 3146 distinguat,
3600 3074 3684 3128 die

2097 3195 2226 3238 cens
2250 3199 2263 3234 :
2286 3178 2489 3250 Angelis
2517 3176 2717 3247 quidem
2735 3176 2840 3230 suis
2862 3173 3043 3244 inquit,
3069 3170 3169 3239 Qui
3193 3168 3313 3241 facit
3333 3168 3550 3237 angelos
3565 3183 3684 3220 suos

2098 3273 2324 3343 spiritus,
2349 3279 2396 3324 et
2419 3270 2674 3324 ministros
2702 3283 2818 3321 suos
2845 3266 3102 3336 ﬂammam
3135 3262 3300 3332 ignis;
3324 3257 3465 3312 Filio
3482 3268 3683 3320 αιιιαι.

2104 3364 2334 3420 Threnus
2355 3371 2468 3416 tuus
2498 3360 2634 3414 Deus
2656 3360 2711 3412 in
2736 3357 2976 3412 sceculum
2998 3354 3170 3410 saeculi
3201 3351 3388 3423 (Hebr.
3431 3352 3483 3406 1.
3513 3351 3574 3404 ’1.
3605 3350 3684 3417 8),

2102 3471 2198 3526 per
2236 3456 2485 3510 thronum
2530 3452 2731 3522 regiam
2778 3456 3097 3519 potestatem
3144 3445 3453 3513 designans.
3506 3440 3687 3510 Itaque

2102 3563 2225 3603 cum
2252 3560 2428 3601 sermo
2460 3552 2641 3599 noster
2680 3542 2898 3596 omnino
2937 3537 3169 3608 probarit
3212 3535 3333 3591 Filii
3372 3533 3686 3604 dignitatem

2105 3656 2213 3695 non
2232 3638 2500 3703 servilem,
2523 3635 2616 3691 sed
2639 3633 2859 3690 herilem
2905 3646 3045 3695 esse,
3090 3628 3374 3682 adoremus
3415 3626 3596 3695 ipsum
3637 3632 3691 3676 tu

2107 3729 2393 3787 Dominum
2444 3736 2497 3782 et
2526 3726 2668 3781 Patri
2698 3725 2901 3778 honore
2929 3720 3250 3785 comqualem
3283 3735 3297 3770 :
3328 3717 3409 3771 sic
3453 3716 3602 3770 enim
3640 3726 3691 3768 et

2109 3824 2225 3893 ipse
2254 3820 2505 3892 praecepit
2534 3834 2652 3873 cum
2682 3816 2836 3880 dixit,
2856 3813 2935 3893 .Ut
2960 3828 3131 3868 omnes
3172 3812 3420 3865 honorent
3470 3805 3689 3869 Filium,

2107 3917 2236 3972 sicut
2275 3915 2522 3968 honorant
2563 3911 2769 3966 Patrem
2808 3908 2985 3981 (locu.
3027 3907 3081 3962 5.
3124 3906 3242 3977 25).
3290 3901 3691 3971 Coninngamus

2110 4010 2236 4063 item
2264 4005 2556 4062 sinceritati
2594 4004 2899 4073 dogmatum
2938 3998 3263 4069 diligentiam
3300 3996 3425 4049 vita:
3465 4001 3523 4048 et
3563 4007 3690 4061 ope~

2109 4117 2249 4165 rum,
2278 4109 2335 4153 ut
2363 4113 2432 4153 ne
2460 4096 2775 4151 dimidiatim
2803 4110 2923 4165 quae
2946 4092 3014 4148 ad
3041 4100 3279 4146 nostram
3309 4087 3548 4143 salutem
3571 4101 3690 4155 spe-

2108 4199 2254 4247 ctant
2281 4197 2553 4244 curentur.
2651 4244 2657 4248 _

2194 4282 2395 4337 Versari
2413 4281 2467 4334 in
2502 4278 2699 4348 templis
2724 4276 2867 4331 debet
2894 4274 3093 4329 assidue
3114 4271 3461 4327 Christianus.
3489 4299 3565 4311 -—
3583 4268 3692 4324 Iam

2112 4377 2234 4430 vita:
2260 4373 2586 4442 diligentiam
2612 4378 2668 4424 et
2696 4369 2978 4437 puritatem
3005 4364 3137 4419 nihil
3160 4363 3237 4417 sic
3271 4361 3443 4415 efficit
3480 4370 3537 4415 et
3578 4375 3694 4414 eor-

2112 4468 2255 4538 rigit.
2287 4476 2344 4520 ut
2369 4464 2617 4534 frequens
2641 4461 2726 4516 hic
2744 4468 3059 4524 conventus,
3090 4465 3145 4511 et
3175 4456 3352 4509 alacre
3376 4453 3447 4507 ad
3478 4454 3692 4507 audies.

2114 4561 2240 4615 dum
2268 4559 2490 4614 verbum
2530 4556 2626 4611 Dei
2669 4553 2926 4609 studium.
2976 4549 3129 4619 Quod
3181 4548 3323 4602 enim
3366 4546 3586 4616 corpori
3624 4556 3695 4597 est

2115 4653 2286 4715 cibus,
2336 4652 2437 4705 hoc
2482 4650 2673 4703 animae
2714 4645 3013 4700 divinorum
3052 4641 3386 4711 eloquiorum
3432 4638 3691 4693 doctrina.

2118 4744 2240 4799 Non
2265 4742 2397 4797 enim
2423 4742 2477 4794 in
2501 4738 2611 4794 solo
2638 4754 2766 4808 pane
2785 4736 2898 4790 vivit
2925 4736 3092 4795 homo,
3114 4732 3202 4786 sed
3225 4740 3270 4784 et
3292 4730 3346 4783 in
3372 4731 3520 4784 omni
3541 4729 3693 4787 verba,

2114 4834 2248 4906 quod
2285 4832 2508 4903 procedit
2547 4829 2609 4884 de
2645 4845 2731 4883 ore
2764 4826 2861 4881 Dei
2892 4824 3068 4898 (Deut.
3103 4824 3157 4879 8.
3184 4824 3219 4879 3
3259 4821 3503 4887 ;Matth.
3542 4821 3597 4875 4.
3626 4821 3694 4887 4).

2120 4927 2254 4982 Ilinc
2282 4934 2337 4979 et
2362 4923 2526 4977 fames
2556 4920 2739 4976 induci
2772 4920 2929 4984 solet,
2962 4918 3006 4971 si
3039 4916 3163 4969 huic
3190 4928 3393 4969 mensa
3419 4928 3536 4966 non
3562 4928 3696 4966 cout-

2120 5017 2438 5072 municetur.
2482 5012 2616 5067 Audi
2656 5010 2835 5079 itaque
2862 5008 2959 5062 hac
2985 5006 3052 5061 de
3079 5021 3139 5061 re
3165 5005 3625 5060 interminantem.
3652 5011 3698 5055 et

2120 5109 2312 5166 famem
2340 5104 2475 5159 hanc
2510 5104 2561 5158 in
2596 5102 2787 5157 ordine
2815 5097 3195 5169 suppliciorum
3220 5104 3279 5150 et
3302 5108 3593 5163 poenarum
3628 5095 3695 5145 io-

2122 5206 2434 5252 tentantem.
2460 5193 2601 5247 Dabo
2625 5193 2756 5248 enim
2792 5191 2884 5257 eis,
2931 5187 3121 5257 inquit,
3162 5202 3265 5240 non
3304 5188 3501 5255 famem
3544 5185 3696 5253 panis,

2121 5304 2279 5357 neque
2300 5288 2433 5341 sitim
2460 5298 2624 5355 aqute,
2669 5283 2757 5338 sed
2787 5287 2971 5354 famem
2997 5278 3237 5333 audiendi
3275 5292 3568 5330 scrutantis
3603 5274 3699 5329 Do.

2122 5380 2446 5449 mini(Antos
2492 5378 2545 5431 8.
2578 5373 2691 5445 11).
2747 5370 3024 5442 Quomodo
3065 5369 3223 5440 igitur
3262 5383 3372 5422 non
3419 5367 3699 5422 absurdum

2125 5490 2224 5545 pro
2248 5471 2509 5542 corporali
2539 5470 2674 5524 fame
2699 5465 3004 5537 repellenda
3034 5466 3208 5518 facere
3225 5470 3281 5517 et
3300 5469 3580 5515 attentare
3605 5473 3698 5512 om-

2126 5564 2234 5628 nia,
2266 5563 2457 5618 animze
2478 5571 2657 5617 autem
2699 5559 2893 5614 fantem
2932 5566 3122 5626 sponte
3159 5568 3421 5623 qurerere,
3467 5549 3698 5621 quamvis

2127 5656 2296 5711 inulto
2324 5653 2535 5724 gravior
2562 5653 2650 5718 sit,
2680 5658 2879 5719 quanto
2908 5648 3110 5702 scilicet
3129 5644 3343 5715 gravius
3369 5655 3455 5698 est
3486 5656 3545 5697 et
3570 5644 3696 5697 dant-

2129 5749 2293 5804 num?
2320 5747 2425 5802 Oro
2449 5755 2503 5800 et
2532 5744 2793 5814 supplico,
2827 5758 2894 5796 ne
2934 5752 3040 5794 tam
3080 5739 3221 5794 male
3256 5737 3419 5792 nobis
3458 5736 3694 5791 consula.

2133 5855 2271 5901 mus,
2298 5838 2390 5893 sed
2422 5837 2730 5907 prteieratur
2758 5832 2847 5887 hic
2876 5840 3170 5886 Conventus
3190 5827 3634 5895 occupationibus
3652 5831 3694 5877 et

2132 5933 2273 5991 curis
2301 5931 2565 5988 omnibus.
2592 5925 2729 5997 Quid
2748 5927 2890 5984 enim
2908 5933 3111 5982 tantum
3138 5920 3329 5979 lucrari
3348 5929 3526 5991 potes,
3549 5932 3692 5990 quaa-
