3926 6228
192 320 311 378 799

187 431 396 490 αὐτοῦ
423 431 698 502 ἐγένετο;
757 425 929 496 Οὗτος
970 433 1069 504 μὲν
1112 425 1207 488 οὗν
1257 433 1320 487 τὸ
1351 433 1598 499 ἀνενδεὲς
1629 436 1792 489 αὐτοῦ

190 517 573 588 παρέστησεν,
606 517 635 567 6
664 515 721 569 δὲ
736 516 963 580 Ἡσαΐας
992 517 1155 573 πάλιν
1181 519 1310 588 περὶ
1337 518 1433 571 τοῦ
1460 519 1795 588 Μονογενοῦς

189 597 294 650 τοῦ
330 598 469 649 Θεοῦ
503 598 676 665 λέγων
705 597 850 652 οὕτω
890 597 1008 662 πώς
1047 615 1210 669 φησι·
1246 600 1357 653 Καὶ
1386 601 1792 669 θελήσωσιν,

190 684 248 733 ει
272 680 663 750 ἐγενήθησαν
680 683 1101 749 πυρίκαυστοι,
1126 682 1219 736 ὅτι
1243 682 1485 739 παιδίον
1501 685 1793 754 ἐγεννήθη

190 766 369 833 ἡμῖν,
396 766 528 831 υίὸς
547 766 645 819 καὶ
669 765 850 835 ἐδόθη
874 766 1037 836 ἡμῖν,
1071 768 1173 821 καί
1220 767 1489 822 καλεῖται
1509 769 1578 822 τὸ
1607 768 1797 839 ὄνομα

190 850 392 904 αὑτοῦ
444 849 717 920 μεγάλης
778 850 1029 917 βουλῆς
1081 851 1375 923 ἄγγελος,
1447 854 1794 923 θαυμαστὸς

190 936 576 1003 σύμϐουλος.
632 935 742 986 Kal
788 935 838 987 εί
886 934 1567 1013 θαυμαστὸςοσύμεουλος,
1619 938 1737 1001 πῶς
1766 940 1795 992 ὁ

192 1019 417 1082 Παῦλός
457 1034 621 1087 φησιο
666 1019 763 1083 Τίς
802 1021 912 1088 γὰρ
954 1019 1108 1086 ἔγνω
1137 1019 1290 1073 νοῦν
1317 1022 1544 1089 Κυρίου
1620 1020 1655 1089 ἣ
1705 1022 1795 1089 τίς

190 1104 557 1171 σύμϐουλος
610 1101 798 1161 αὑτοῦ
850 1100 1121 1170 ἐγένετο;
1148 1102 1269 1156 Ὅτι
1314 1106 1341 1156 6
1401 1104 1496 1172 μὲν
1535 1103 1743 1168 Παῦλος
1776 1144 1792 1169 ,

195 1185 392 1249 καθὼς
418 1184 593 1254 ἔφθην
624 1183 817 1248 εἰπὼν,
868 1184 929 1237 τὸ
964 1185 1214 1249 ἀνενδεὲς
1242 1185 1338 1239 τοῦ
1367 1186 1582 1258 Πατρὸς
1612 1205 1794 1260 παρα-

194 1269 404 1339 στῆσαι
446 1266 720 1337 βούλεται,
773 1270 801 1320 6
844 1266 902 1320 δὲ
954 1270 1247 1340 προφήτης
1286 1269 1348 1321 τὸ
1386 1270 1650 1340 ὁμότιμον
1698 1271 1793 1325 τοῦ

190 1350 565 1419 Μονογενοῦς.
591 1349 690 1402 Διά
711 1350 870 1403 τοῦτο
889 1352 984 1405 καὶ
1002 1352 1235 1406 ἐνταῦθα
1252 1354 1353 1405 οὑκ
1373 1346 1515 1416 εἷπε,
1540 1355 1791 1425 Ποίησον,

188 1435 355 1498 ἀλλά,
393 1436 776 1503 Ποίησωμεν’
798 1436 861 1489 τὸ
889 1436 1021 1507 γὰρ,
1054 1438 1347 1506 Ποίησον,
1390 1440 1657 1509 ἐπιταγῆς
1677 1441 1794 1495 ἐστι

190 1520 337 1589 πρὸς
377 1519 565 1573 δοῦλον
599 1520 914 1591 γινομένης,
953 1522 1049 1574 καὶ
1078 1523 1236 1593 δῆλον
1284 1524 1553 1578 ἐντεῦθεν.
1604 1526 1783 1597 Προσ-

188 1603 326 1675 ﬁxes
358 1619 493 1657 ποτε
514 1603 919 1675 ἑκατοντάρχης
946 1604 1023 1675 τῷ
1059 1606 1257 1677 Ἰησοῦ,
1288 1608 1380 1661 καί
1403 1624 1537 1678 φησι
1555 1625 1570 1639 ο
1591 1610 1789 1677 Κύριε.

188 1690 225 1740 ό
254 1687 405 1752 παῖς
414 1704 535 1755 μου
550 1687 845 1755 βέϐληται
865 1687 934 1739 ἐν
953 1686 1029 1755 τῇ
1056 1690 1214 1757 οἰκίᾳ
1241 1690 1646 1759 παραλυτικὸς
1676 1691 1793 1745 δει-

187 1769 313 1836 νῶς
341 1769 845 1838 βασανιζόμενος.
876 1770 942 1823 Τί
969 1766 1063 1825 οὖν
1084 1772 1392 1841 ὁΧριστός;
1428 1773 1573 1843 Ἐγὼ
1598 1774 1794 1830 ἐλθὼν

186 1856 556 1921 θεραπεύσω
600 1856 807 1910 αὐτόν.
871 1855 929 1909 '0
979 1856 1078 1927 μὲν
1125 1852 1219 1911 οὖν
1251 1859 1655 1930 ἑκατοντάρχης
1691 1860 1794 1913 οὐκ

186 1939 502 2010 ἐτόλμησεν
546 1937 775 1992 ἑλκύσαι
809 1939 900 1993 τὸν
951 1940 1133 2011 ἰατρὸν
1182 1942 1261 2005 εἰς
1297 1943 1398 2014 τὴν
1436 1943 1647 2008 οἰκίαν,
1676 1943 1705 1994 ὁ
1737 1942 1793 1997 δὲ

186 2022 457 2093 κηδεμὼν
491 2022 585 2077 καὶ
620 2020 1003 2092 φιλάνθρωπος
1042 2024 1485 2093 αὐτεπάγγελτος
1526 2026 1795 2096 ὑπέσχετο

188 2108 521 2178 βαδιεῖσθαι
569 2110 771 2171 ἐκεῖσε,
829 2109 915 2160 ἵνα.
957 2108 1212 2180 ἀφορμὴν
1259 2110 1335 2179 δῷ
1378 2112 1474 2163 καὶ
1515 2112 1793 2183 πρόφασιν

185 2193 395 2262 ἐκείνῳ
431 2192 531 2263 τὴν
562 2192 765 2262 ἀρετὴν
796 2194 931 2263 ἡμῖν
958 2192 1219 2256 ἐπιδεῖξαι
1253 2193 1353 2264 τὴν
1386 2194 1601 2248 ἑαυτοῦ.
1623 2195 1795 2261 Εἰδὼς

184 2276 307 2345 γὰρ
337 2276 485 2347 ἆπερ
518 2274 743 2345 ἔμελλεν
785 2278 992 2339 ἐκεῖνος
1026 2278 1190 2345 ἐρεῖν,
1237 2276 1507 2347 ὑπέσχετο
1545 2296 1795 2351 παραγε-

186 2358 412 2418 νέσθαι,
467 2358 554 2410 ἵνα
588 2358 768 2429 μάθῃς
806 2359 906 2430 τὴν
932 2358 1221 2413 εύλάόειαν
1254 2358 1408 2432 [544]
1444 2360 1541 2414 τοῦ
1568 2361 1789 2432 ἀνδρός.

190 2437 268 2495 Τί
314 2442 428 2512 γάρ
473 2459 641 2513 φησιν
693 2444 723 2495 ὁ
775 2442 1218 2515 ἑκατοντάρχηςς
1274 2444 1487 2511 Κύριε,
1533 2446 1648 2498 οὐκ
1677 2445 1793 2514 ειμι

186 2525 434 2589 ιωνὸς.
472 2526 575 2578 ἶνα
594 2543 714 2594 μου
743 2525 863 2578 ὑπὸ
887 2525 1003 2591 τὴν
1032 2527 1261 2597 στέγην
1306 2526 1609 2597 εἰσέλθῃς.
1659 2528 1795 2582 Οὐδὲ

184 2610 222 2679 ἡ
252 2609 361 2678 τῆς
397 2608 554 2661 νάσου
588 2609 812 2679 καὶτῆς
856 2609 1173 2680 ἀρῤωστιας
1218 2610 1434 2681 ἀνάγκη
1461 2611 1562 2680 τῆς
1589 2610 1795 2675 οἰκείας

184 2692 363 2745 αὐτὸν
393 2689 609 2744 ἔπεισεν
668 2691 1021 2745 ἐπιλαθέσθαι
1078 2692 1386 2757 εὐλαϐείας,
1442 2692 1579 2747 άλλά
1610 2695 1706 2747 καὶ
1736 2695 1795 2747 ὲν

185 2781 261 2850 τῇ
314 2777 573 2848 συμφορᾷ
612 2775 713 2846 τὴν
748 2777 1023 2848 ὑπεροχὴν
1068 2778 1405 2846 ὲπεγίνωσκε
1452 2777 1548 2831 τοῦ
1579 2778 1789 2831 Δεσπό-

186 2880 317 2915 του.
347 2861 441 2913 Διό
466 2877 651 2931 φησιν,
684 2860 834 2913 Εἰπὲ
862 2862 1045 2930 λόγῳ,
1085 2858 1187 2915 καὶ
1215 2860 1524 2927 ἰαθήσεται
1576 2865 1609 2915 ό
1652 2862 1797 2928 παῖς

188 2964 337 3017 μου.
372 2944 483 2999 Καὶ
508 2944 618 3014 γὰρ
656 2942 771 3013 ἐγὼ
796 2942 1110 3013 ἄνθρωπός
1144 2946 1262 3013 εἰμι
1299 2944 1458 3014 ἔχων
1487 2944 1590 2998 ὑπ’
1614 2944 1796 3015 ἐμαυ-

189 3031 310 3082 τὸν
362 3025 749 3097 στρατιώτας,
782 3027 881 3081 καί
936 3026 1091 3097 λέγω
1116 3028 1327 3093 τούτῳ,
1373 3028 1661 3095 Πορεύου,
1696 3028 1795 3084 καὶ

190 3113 539 3180 πορεύεται.
580 3112 677 3165 καὶ
711 3110 792 3175 τῷ
817 3110 1005 3175 ἄλλῳ,
1033 3111 1272 3179 Ἔρχου,
1300 3111 1397 3166 καὶ
1418 3111 1672 3179 ἔρχεται,
1697 3112 1798 3166 καί

189 3195 284 3261 τῷ
307 3196 512 3259 δούλῳ
532 3211 675 3263 μου,
701 3194 971 3261 Ποίησον
990 3194 1187 3255 τοῦτο,
1211 3193 1311 3247 καὶ
1338 3194 1513 3248 ποιεῖ.

281 3280 471 3350 Ὁρᾷς,
525 3279 607 3331 ὅτι
655 3278 737 3341 τὸ,
799 3277 1055 3348 Ποίησον,
1108 3276 1373 3335 δεσπότου
1423 3278 1561 3349 πρὸς
1609 3277 1795 3333 δοῦλόν

194 3365 321 3417 ἐστι
352 3361 777 3431 διαλεγομένους
813 3359 1028 3414 Οὐκοῦν
1067 3361 1151 3425 τὸ,
1186 3361 1562 3431 Ποιήσωμεν,
1606 3365 1795 3434 ὁμοτί-

194 3464 311 3519 μου
337 3445 507 3509 τινός.
528 3444 713 3500 ’Ὅταν
739 3440 833 3498 οὖν
860 3444 1129 3516 δεσπότης
1142 3445 1313 3517 δούλῳ
1344 3445 1499 3518 λέγῃ,
1525 3447 1797 3515 Ποίησον

192 3530 390 3597 λέγει’
450 3529 581 3582 ὅταν
643 3528 699 3581 δὲ
775 3528 969 3600 Πατὴρ
1033 3529 1147 3599 Υἱῷ
1206 3529 1557 3601 διαλέγηται,
1622 3530 1797 3598 Ποιή-

192 3630 429 3682 σωμεν.
454 3614 520 3666 Τί
551 3608 666 3674 οὖν.
704 3614 891 3683 φησὶν,
920 3614 969 3665 εἰ
1001 3614 1029 3666 ὁ
1061 3614 1161 3684 μὲν
1188 3614 1593 3685 ἑκατοντάρχης
1623 3614 1798 3679 οὕτως

194 3696 522 3761 ὑπώπτευε,
553 3696 615 3749 τὸ
647 3696 705 3749 δὲ
747 3698 981 3767 πρᾶγμα
1022 3696 1121 3767 οὐχ
1162 3696 1337 3761 οὕτως
1380 3693 1530 3768 εἷχε;
1575 3700 1649 3770 μὴ
1692 3698 1798 3769 γάρ

194 3779 508 3843 ἀπόστολός
553 3781 700 3833 ἐστιν
740 3781 769 3832 6
810 3779 1255 3852 ἑκατοντάρχης;
1299 3781 1374 3852 μὴ
1404 3781 1515 3851 γὰρ
1550 3780 1799 3854 μαθητής

196 3865 376 3926 ἑστιν,
403 3862 492 3916 ἴνα
527 3862 694 3915 αὐτοῦ
738 3863 979 3933 δέξωμαι
1022 3863 1093 3915 τὰ
1149 3865 1403 3935 ρήματα;
1436 3865 1595 3928 Εἰκὸς
1634 3865 1798 3917 αὐτὸν

198 3944 499 4015 ἐσφάλθαι,
528 3946 682 4016 φησί.
706 3946 902 4010 Καλῶς
920 3962 933 3974 ·
962 3945 1018 3998 τί
1042 3940 1134 3999 οὖν
1155 3964 1169 4013 ;
1202 3946 1427 4017 Ἰδωμεν
1448 3943 1543 4000 οὖν
1562 3947 1623 4000 τὸ
1649 3946 1807 4019 ίὲξῆς.⁸

199 4026 358 4101 'Apa
402 4027 716 4099 διώρθωσεν
748 4030 909 4083 αὐτὸν
948 4032 977 4083 6
1010 4031 1282 4101 Χριστὸς;
1314 4027 1425 4102 ἆρα
1468 4031 1798 4102 ἐπετίμησεν

200 4116 286 4178 ὡς
312 4113 671 4184 σφαλλομένῳ
702 4114 796 4167 καὶ
827 4114 1198 4186 διεφθαρμένα
1228 4117 1501 4185 είσάγοντι
1523 4116 1795 4187 δόγματα;

202 4195 323 4268 ἆρα
351 4193 475 4250 εἷπε
523 4197 661 4266 πρὸς
701 4198 897 4251 αὐτόν*
950 4199 1015 4251 Τί
1057 4198 1218 4254 τοῦτο
1258 4203 1453 4266 ποιεῖς,
1506 4188 1805 4272 ἀνθρωπες

206 4280 441 4353 μείζονα
471 4282 598 4353 περὶ
641 4280 776 4352 ἐμοῦ
804 4280 962 4346 δόξαν
991 4282 1157 4353 ἔχεις.
1192 4282 1226 4354 ἢ
1266 4285 1543 4356 προσῆκ’
1580 4283 1802 4337 πλείονά

206 4383 307 4438 μοι
341 4363 545 4438 χαρίζῃ
576 4364 686 4417 τῶν
718 4366 1083 4438 ὀφειλομένων
1114 4368 1271 4439 ἐμοί·
1324 4368 1382 4434 ἐξ
1414 4368 1701 4431 αὑθεντίας
1735 4385 1801 4439 με

203 4448 455 4520 νομίζεις
482 4450 791 4503 ἐπιτάττειν
813 4450 915 4503 οὐκ
936 4450 1130 4521 ἔχοντα
1157 4451 1466 4506 αὐθεντίαν.
1508 4448 1658 4525 Ἀρα
1679 4450 1802 4504 εἶπέ

203 4551 262 4589 τι
312 4532 592 4598 τοιοῦτον;
644 4533 941 4604 Οὐδαμῶς⁹
999 4535 1136 4589 ἀλλά
1166 4538 1263 4590 καὶ
1308 4536 1584 4609 ἐκύρωσεν
1636 4536 1800 4591 αὐτοῦ

204 4620 313 4688 τὴν
358 4616 611 4687 γνώμην,
662 4618 759 4669 καὶ
810 4617 949 4688 πρὸς
1000 4619 1129 4683 τοὺς
1176 4620 1607 4681 ἀκολουθοῦντας
1657 4617 1802 4683 εἷπε,

218 4699 419 4770 Ἀμὴν
452 4699 608 4768 λέγω
639 4699 802 4769 ὑμῖν,
840 4700 984 4754 οὐδὲ
1008 4701 1079 4756 ἐν
1108 4702 1188 4769 τῷ
1231 4704 1471 4773 Ἰσραὴλ
1500 4707 1804 4772 τοσαύτην

204 4786 427 4841 πίστιν
456 4779 658 4851 εὗρον.
706 4781 764 4837 Ὀ
796 4783 979 4837 τοίνυν
1007 4785 1226 4851 ἔπαινος
1272 4788 1366 4841 τοῦ
1397 4790 1667 4842 Δεσπότου
1708 4788 1804 4841 κύ-

206 4885 387 4943 ρωσις
416 4866 628 4936 γίνεται
656 4866 764 4919 τῶν
797 4868 1059 4939 ῥημάτων
1096 4870 1192 4923 τοῦ
1229 4872 1648 4943 ἑκατοντάρχου.
1691 4873 1805 4925 Ούκ

206 4955 297 5007 ἔτι
329 4950 442 5023 γάρ
482 4950 579 5003 τοῦ
611 4951 1010 5022 ἑκατοντάρχου
1042 4954 1160 5007 ἐστὶ
1196 4954 1266 5007 τά
1298 4956 1518 5026 ῥήματα
1546 4957 1616 5009 τὰ
1651 4958 1803 5028 εἰρη-

210 5039 381 5110 μένα,
408 5035 525 5091 ἀλλ’
557 5034 833 5104 ἀπόφασίς
860 5038 977 5090 ἐστι
1004 5037 1295 5108 δεσποτική
1317 5056 1330 5069 ·
1360 5040 1487 5093 ὅταν
1512 5041 1621 5112 γὰρ
1645 5041 1806 5104 αὐτὸς

206 5121 481 5192 ἐπαινέσῃ
505 5120 575 5174 τὰ
598 5118 879 5189 λεχθέντα,
911 5121 1007 5174 καὶ
1033 5121 1339 5193 ψηφίσηται
1370 5124 1555 5188 αὐτοῖς
1598 5125 1674 5189 ὡς
1709 5144 1807 5180 κα-

207 5206 323 5270 λῶς
354 5204 689 5275 εἰρημένοις.
724 5203 801 5267 ὡς
834 5204 979 5257 θεῖον
1005 5206 1147 5259 αύτά
1177 5207 1402 5279 δέχομαι
1435 5210 1699 5281 χρησμόν.
1733 5209 1807 5263 T6

208 5291 328 5361 γὰρ
367 5287 536 5359 κῦρος
567 5286 775 5341 ἀνωθεν
805 5287 997 5343 ἔλασεν
1042 5292 1106 5344 ὲκ
1132 5292 1233 5363 τῆς
1269 5292 1366 5345 τοῦ
1401 5294 1635 5365 Χριστοῦ
1668 5295 1805 5349 ἀποο

209 5374 455 5446 κρίσεως
488 5384 537 5428 ³.

287 5464 361 5526 γ’.
399 5456 563 5527 Ὁρᾷς
599 5454 717 5518 πῶς
744 5455 1034 5527 σύμφωνος
1060 5462 1094 5532 ἡ
1127 5462 1303 5534 Καινὴ
1329 5466 1396 5534 τῇ
1421 5462 1663 5535 Halani;
1690 5464 1808 5528 πῶς

212 5541 463 5611 ἑκατέρα
484 5539 583 5610 τὴν
607 5538 894 5595 αὐθεντίαν
920 5544 1288 5600 ἐπιδείκνυται
1312 5549 1405 5601 τοῦ
1440 5547 1675 5619 Χριστοῦ
1698 5567 1711 5614 ;
1743 5548 1807 5601 Τί

209 5623 335 5693 οὖν,
366 5628 417 5678 εί
461 5628 635 5680 ὲποίει
682 5624 784 5695 μὲν
827 5627 919 5681 τὸν
960 5627 1270 5700 ἄνθρωπον,
1312 5632 1387 5695 ὡς
1436 5632 1708 5703 ὑπουργὸς
1750 5633 1809 5687 δὲ

283 5790 312 5819 ⁸
334 5789 489 5861 S_avil.
513 5788 603 5861 τοῦ
629 5792 806 5855 Κυρίου
817 5793 1065 5861 μρίσεως,
1091 5801 1251 5861 AalqueA
1286 5797 1353 5845 ita
1380 5796 1506 5861 legit
1538 5799 1803 5861 inlerpres.

219 5852 261 5926 ξι
288 5852 397 5898 οτρι.
424 5858 478 5900 ιιι
496 5852 595 5900 duo
616 5852 731 5926 πρεξ.
757 5852 1071 5926 τοῦΧριστοῦ
1082 5852 1506 5921 ἀποκρίσεωςμίῖω
1525 5858 1610 5909 τοῦ
1627 5852 1808 5926 κυρίου

216 5913 397 5974 ἀποκρ,
419 5926 547 5964 unus
577 5914 663 5963 τοῦ
689 5915 815 5965 Θεοῦ
836 5913 1009 5983 ἀποκρ.

1429 320 1705 377 CONTRA
1746 321 2125 385 ANUMCEOS.
2162 329 2201 383 Χ
2214 353 2251 385 ι.

3376 327 3489 387 8CD

1892 438 2107 508 ἐποίεις
2168 440 2379 494 Οὐκοῦν
2426 441 2655 513 ἀκαίρου
2706 442 3056 512 φιλονεικίας.
3115 440 3299 497 Είπιῖιν
3349 445 3481 516 γάρ,

1894 522 2249 592 Ποιήσωμεν
2276 524 2384 577 τὸν
2411 524 2749 592 ἄνθρωπον,
2787 527 2888 578 οὐκ
2915 526 3187 596 ἐπήγαγε,
3215 526 3356 578 κατὰ
3382 527 3482 596 τὴν

1894 606 2078 659 εἰκόνα
2108 607 2208 677 τὴν
2247 607 2346 678 σὴν
2384 608 2484 678 τὴν
2526 608 2753 671 ἐλάττω,
2798 608 2942 670 οὐδὲ,
2978 609 3118 661 κατά
3153 609 3251 677 τὴν
3300 610 3483 663 εἰκόνα

1893 688 1993 760 τὴν
2022 690 2161 760 ἐμὴν
2187 690 2287 762 τὴν
2336 692 2529 761 μείζω,
2563 692 2699 745 ἀλλά
2730 692 2817 757 τί;
2867 693 3007 745 Κατ’
3035 694 3240 745 εὶκόνα
3278 693 3482 759 ήμετέ-

1886 789 2028 840 ραν,
2080 775 2180 829 καί
2229 778 2357 828 καθ’
2392 776 2701 845 ὁμοίωσιν,
2746 775 2824 846 τῷ
2865 775 3034 839 οὔτως
3064 778 3239 828 εἰπεῖν
3267 776 3483 840 δεικνὺς

1897 858 2107 929 Πατρδς
2136 860 2229 912 xal
2271 859 2403 912 Υίοῦ
2452 860 2580 930 μίαν
2618 855 2786 913 οὖσαν
2827 859 3041 912 εἰκόναο
3073 860 3133 912 οὐ
3176 860 3287 929 γὰρ
3330 856 3483 912 εἶπεν

1897 943 2132 1006 εἰκόνας,
2178 944 2294 996 ἀλλ’
2318 946 2543 997 Είκόνα
2581 943 2913 1013 ἡμετέραν·
2954 943 3027 996 οὐ.
3051 943 3159 1014 γάρ
3200 942 3291 994 δύο
3341 947 3482 1004 τινὲς

1895 1024 2194 1091 ἀνώμαλοι,
2224 1025 2361 1079 ἀλλά
2410 1026 2506 1095 μία
2538 1028 2632 1080 καὶ
2665 1024 2802 1097 αὕτη
2836 1026 2923 1097 ίση
2971 1025 3103 1077 Υίοῦ
3146 1025 3242 1078 καὶ
3270 1025 3482 1096 Πατρός

1896 1108 1931 1178 ἡ
1964 1108 2147 1161 εἰκών.
2184 1108 2283 1161 Διά
2305 1108 2469 1161 τοῦτο
2514 1109 2608 1162 καὶ
2632 1110 2696 1161 ὲκ
2725 1108 2914 1173 δεξιῶν
2940 1108 3158 1177 λέγεται
3192 1107 3480 1179 καθῆσθαι,

1897 1191 1984 1244 ῖνα
2010 1192 2072 1245 τὸ
2115 1192 2376 1263 ὁμότιμον
2421 1194 2515 1246 καὶ
2546 1193 2649 1263 τῆς
2678 1193 2925 1256 ἐξουσίας
2964 1192 3024 1245 τὸ
3068 1191 3482 1262 ἀπαράλλακτον

1900 1274 2116 1345 μάθῃς·
2169 1276 2441 1347 ὑπουργὸς
2484 1275 2594 1347 γὰρ
2639 1277 2700 1329 οὐ
2751 1274 3113 1345 συγκάθηται,
3165 1276 3299 1328 ἀλλά
3341 1292 3481 1346 παρ-

1896 1357 2115 1429 έστηκε.
2166 1360 2276 1412 Kal
2302 1361 2383 1412 ὅτι
2418 1360 2480 1412 τὸ
2511 1360 2608 1429 μὲν
2652 1358 2926 1429 καθῆσθαι
2973 1358 3033 1410 τὸ
3081 1359 3341 1429 ὁμότιμον
3390 1360 3484 1411 καὶ

1895 1440 2315 1512 ἀπαράλλακτον
2338 1443 2437 1512 τῆς
2463 1442 2790 1513 δεσππικῆς
2818 1444 2963 1494 ἐστιν
2990 1441 3256 1505 ἐξουσίας,
3283 1442 3345 1494 τὸ
3375 1441 3431 1494 δὲ
3454 1442 3481 1479 b

1896 1525 2233 1595 παρεστάναι
2264 1524 2519 1595 δουλικῆς
2558 1526 2654 1579 καὶ
2686 1525 3153 1595 ὑποτεταγμένης,
3179 1526 3409 1579 ἄκουσον
3431 1524 3482 1576 τί

1896 1624 2063 1679 φησιν
2102 1610 2130 1661 ὁ
2158 1608 2360 1679 Δανιήλ
2381 1625 2395 1639 ·
2445 1608 2774 1676 Ἐθεώρουν
2808 1608 2919 1673 ἕως
2944 1604 3014 1663 οὗ
3048 1610 3247 1676 θρόνοι
3280 1609 3482 1675 ἑτέθψ

1895 1706 2038 1755 σαν,
2067 1692 2168 1745 καί
2198 1694 2230 1745 ό
2253 1690 2521 1757 Παλαιὸς
2548 1690 2668 1744 τῶν
2694 1690 2933 1760 ήμερῶν
2962 1691 3237 1757 ἐκάθητο.
3268 1693 3481 1758 Μύριοι

1890 1774 2180 1843 μυριάδες
2204 1775 2627 1844 ἐλειτούργουν
2652 1773 2835 1839 αὐτῷ,
2867 1773 2966 1827 καὶ
2995 1775 3181 1843 χίλιαι
3212 1774 3482 1841 χιλιάδες

1895 1859 2409 1926 παρειστήκεισαν
2436 1857 2618 1924 αὐτῷ.
2651 1858 2761 1912 Kal
2790 1858 2950 1913 πάλιν
2998 1861 3028 1911 6
3080 1859 3306 1921 Ἡσαΐας
3332 1874 3345 1888 ο
3392 1853 3482 1911 Εἵ-

1894 1941 2005 1995 δον
2052 1942 2158 1996 τὸν
2204 1943 2424 2010 Κύριον
2466 1942 2805 2011 καθήμενον
2852 1941 2951 1995 ἐπὶ
2984 1942 3200 2010 θρόνου
3236 1941 3481 2009 ὑψηλοῦ

1894 2025 1993 2079 καὶ
2027 2025 2385 2094 ἐπηρμένου,
2416 2026 2608 2079 καὶτὰ
2629 2025 2888 2095 σεραφίμ
2918 2026 3307 2092 είστήκεισαν
3326 2023 3485 2096 [545ί

1895 2109 2098 2173 κύκλῳ
2120 2109 2329 2163 αὐτοῦ.
2361 2110 2472 2162 Kal
2496 2111 2523 2162 6
2551 2109 2790 2180 Μιχαίας
2818 2110 2895 2172 δὲ,
2919 2105 3098 2162 Εἶδον
3126 2108 3234 2162 τὸν
3262 2109 3485 2177 Κύριον

1896 2190 2004 2245 τὸν
2031 2191 2181 2244 Θεὸν
2210 2190 2318 2245 τοῦ
2362 2191 2601 2260 Ἰσραὴλ
2630 2193 2971 2261 καθήμενον
3006 2193 3105 2245 ἐπὶ
3132 2193 3350 2260 θρόνου
3379 2193 3485 2245 αὺ-

1894 2272 2024 2338 τοῦ,
2048 2274 2147 2327 ιιαὶ
2170 2274 2342 2329 πᾶσα
2372 2274 2410 2341 ή
2434 2276 2687 2343 στρατιὰ
2718 2275 2821 2328 τοῦ
2847 2275 3108 2343 οὐρανοῦ
3130 2274 3392 2341 εἱστήκει
3413 2275 3482 2327 ἐκ

1895 2354 2113 2421 δεξιῶν
2136 2357 2323 2411 αὑτοῦ
2350 2358 2449 2410 καί
2475 2358 2544 2422 ἐξ
2570 2358 2900 2426 ἀριστερῶν
2920 2358 3127 2413 αὑτοῦ.
3164 2360 3326 2430 Ὁρᾷς
3348 2376 3486 2413 πανα

1894 2440 2063 2509 ταχοῦ
2112 2439 2212 2501 τάς
2245 2439 2346 2510 μὲν
2389 2441 2503 2494 ἀνω
2542 2440 2801 2511 δυνάμεις
2836 2442 3268 2513 παρεστηκυίας,
3319 2441 3488 2495 αὐτὸν

1893 2522 1951 2575 δὲ
1980 2522 2309 2593 καθήμενον.
2345 2523 2515 2575 ὐταν
2555 2519 2649 2577 οὖν
2692 2524 2809 2595 ῐδῃς
2854 2526 2950 2578 καὶ
2994 2527 3086 2577 τὸν
3130 2524 3257 2577 Υἱὸν
3287 2524 3385 2597 τὴν
3418 2526 3486 2577 ἐκ

1895 2606 2084 2672 δεξιῶν
2124 2607 2316 2677 ἔχοντα
2349 2606 2643 2678 καθέδραν,
2696 2610 2770 2679 μὴ
2818 2607 2921 2678 τῆς
2970 2609 3345 2679 λειτουργικῆς
3390 2610 3485 2662 καὶ

1897 2692 2237 2762 ὑπουργικῆς
2288 2690 2455 2744 αὑτὸν
2507 2690 2647 2745 εἶναι
2697 2692 2926 2764 νομίσῃς
2972 2690 3151 2756 ἀξίας,
3200 2679 3337 2744 ἀλλὰ
3382 2691 3488 2760 τῆς

1895 2774 2222 2845 δεσποτικῆς
2259 2775 2353 2826 καὶ
2404 2773 2693 2827 αὑθεντίαν
2740 2774 2995 2845 ἐχούσης,
3048 2774 3150 2827 Διά
3193 2774 3352 2827 τοῦτο
3390 2775 3489 2827 καὶ

1897 2857 2108 2922 Παῦλος
2134 2857 2421 2930 ἀμφότερα
2453 2857 2629 2912 ταῦτα
2664 2856 2841 2921 εἰδὼς,
2877 2858 2959 2910 ὅτι
2992 2858 3051 2912 τὸ
3084 2858 3183 2929 μὲν
3208 2859 3485 2928 παρεστά-

1896 2961 1985 2997 ναι
2017 2941 2476 3014 λειτουργούντων
2526 2942 2664 3006 Earl,
2697 2942 2759 2995 τὸ
2795 2943 2853 2996 δὲ
2894 2942 3166 3013 καθῆσθαι
3216 2942 3327 2995 τῶν
3362 2944 3483 2995 ἐπι-

1898 3026 2204 3080 ταττόντων
2251 3026 2347 3080 xal
2394 3025 2863 3097 προσταττόντων,
2897 3027 2999 3099 ὅρα
3040 3025 3159 3089 πῶς
3193 3025 3482 3099 ἀμφότερα

1896 3110 2069 3164 ταῦτα
2090 3112 2294 3184 διαιρεῖ
2309 3111 2486 3180 λέγων
2507 3108 2651 3163 οὕτω
2667 3129 2681 3140 ο
2704 3110 2861 3179 Πρὸς
2874 3111 2993 3181 μὲν
3019 3111 3163 3177 τοὺς
3191 3108 3487 3180 ἀγγέλους

1897 3195 2085 3250 αὐτοῦ
2129 3212 2349 3267 φησιν·
2413 3194 2477 3249 '0
2532 3193 2720 3247 ποιῶν
2768 3194 2909 3261 τοὺς
2954 3194 3249 3264 ἀγγέλους
3298 3192 3489 3247 αὐτοῦ

1898 3280 2230 3349 πνεύματα,
2287 3280 2384 3334 καί
2435 3279 2583 3346 τοὺς
2628 3277 3016 3348 λειτουργοὺς
3058 3278 3247 3332 αὐτοῦ
3296 3275 3488 3345 πυρὸς

1898 3363 2095 3433 φλόγα
2115 3380 2129 3394 ο
2152 3363 2304 3432 πρὸς
2323 3363 2393 3417 δὲ
2419 3365 2527 3416 τὸν
2567 3364 2705 3416 Υίόν
2722 3377 2738 3393 ο
2778 3362 2834 3414 Ὁ
2855 3363 3068 3429 θρόνος
3099 3365 3237 3426 σου,
3270 3365 3301 3414 o'
3319 3359 3488 3427 Θεὸς,

1898 3448 1987 3512 είς
2025 3447 2135 3500 τὸν
2184 3446 2372 3500 αἰῶνα
2423 3446 2531 3501 τοῦ
2571 3446 2825 3512 αἱῶνος’
2864 3445 2956 3499 διὰ
3000 3444 3095 3497 τοῦ
3148 3444 3337 3514 θρόνου
3386 3443 3491 3514 τὴν

1901 3528 2184 3602 βασιλικὴν
2204 3532 2337 3601 ἡμῖν
2363 3529 2611 3595 ἐξουσίαν
2627 3530 2825 3602 δηλῶν.
2858 3529 3013 3582 Ἐπεὶ
3043 3524 3138 3581 οῦν
3157 3528 3246 3581 διὰ
3269 3528 3491 3580 πάντων

1897 3616 1926 3665 6
1970 3613 2127 3681 λόγος
2176 3616 2311 3684 ἡμῖν
2357 3614 2564 3666 τούτων
2614 3612 2897 3678 ἀπέδειξεν
2942 3611 3066 3682 οὐχὶ⁵
3110 3610 3489 3679 λειτουργικῆς

1897 3698 2027 3751 ὄντα
2046 3697 2203 3761 ἀξίας
2221 3698 2312 3752 τὸν
2343 3698 2493 3760 Υίὸν,
2518 3696 2655 3751 ἀλλά
2687 3698 2786 3767 τῆς
2815 3696 3165 3765 δεσποτικῆς,
3190 3694 3265 3757 ὡς
3284 3694 3488 3746 Δεσπό-

1897 3796 2018 3851 την,
2050 3780 2213 3833 αὑτὸν
2253 3780 2653 3853 προσκυνῶμεν
2704 3780 2801 3833 καὶ
2847 3780 3109 3850 ὁμότιμον
3146 3778 3224 3849 τῷ
3274 3775 3488 3846 Πατρίσ

1898 3863 2041 3916 οὓτω
2069 3864 2178 3932 γάρ
2205 3864 2301 3917 καὶ
2331 3863 2494 3927 αὐτὸς
2528 3863 2817 3916 ἐκέλευσεν
2862 3860 3055 3926 εἰπὼν,
3090 3862 3223 3915 Ἵνα
3264 3860 3488 3926 πάντες

1900 3944 2111 4015 τιμῶσι
2144 3946 2252 4000 τὸν
2293 3948 2450 4009 Υίὸν,
2478 3946 2670 4012 καθὼς
2701 3945 2915 4016 τιμῶσι
2952 3945 3059 4000 τὸν
3089 3946 3321 4012 Πατέρα
3340 3962 3352 3974 ·
3390 3944 3492 3997 καὶ

1901 4031 2001 4100 τὴν
2042 4030 2128 4083 διὰ
2166 4029 2267 4099 τῆς
2296 4030 2571 4093 πολιτείας
2604 4029 2699 4083 καὶ
2728 4028 2838 4083 τῶν
2871 4028 3050 4101 ἔργων
3088 4027 3376 4099 ἀκρίϐειαν
3412 4028 3485 4099 τῇ

1899 4116 2008 4168 τῶν
2058 4113 2345 4184 δογμάτων
2396 4112 2650 4185 ὀρθότητι
2702 4112 3095 4184 συνάπτωμεν,
3148 4112 3237 4165 ἴνα
3302 4112 3377 4183 μὴ
3426 4109 3492 4177 ἐξ

1901 4199 2158 4272 ἡμισείας
2197 4200 2330 4270 ἡμῖν
2358 4198 2424 4251 τὰ
2450 4198 2549 4268 τῆς
2586 4196 2861 4268 σωτηρίας

1976 4281 2259 4344 Πολιτείας
2280 4280 2335 4334 δὲ
2362 4280 2652 4351 ἀκρίϐειαν
2680 4280 2775 4333 καὶ
2808 4279 2924 4351 βίου
2956 4278 3307 4351 καθαρότητα
3335 4276 3493 4332 οὐδὲν

1901 4365 2044 4421 οὕτω
2066 4365 2295 4420 δύναται
2322 4364 2646 4436 κατορθοῦν,
2676 4364 2753 4427 ὡς
2779 4365 2813 4436 ἡ
2852 4364 3084 4435 συνεχὴς
3115 4362 3351 4417 ἐνταῦθα
3372 4363 3491 4415 διο.-

1903 4449 2066 4522 τρισὴ
2111 4450 2205 4503 καὶ
2235 4451 2267 4519 ἡ
2308 4450 2446 4520 μετά
2480 4447 2793 4519 προθυμίας
2828 4447 3111 4518 ἀκρόασις.
3167 4448 3345 4517 Ὅπερ
3377 4445 3491 4519 γάρ

1902 4536 2051 4588 ἐστιν
2087 4535 2182 4586 ἐπὶ
2212 4533 2308 4586 τοῦ
2348 4530 2601 4602 σώματος
2636 4534 2669 4603 ἡ
2701 4533 2897 4604 τροφὴ,
2941 4531 3100 4586 τοῦτο
3126 4533 3219 4585 ἐπὶ
3256 4532 3354 4602 τῆς
3380 4532 3490 4600 ψυ-

1904 4618 2005 4689 χῆς
2039 4620 2074 4689 ἡ
2128 4616 2239 4670 τῶν
2278 4616 2435 4669 θείων
2477 4615 2675 4683 λογίων
2711 4615 3055 4670 διδασκαλία.
3108 4618 3193 4673 Οὐ
3244 4616 3353 4686 γὰρ
3395 4614 3491 4667 ἐπ’

1905 4701 2061 4771 ἄρτῳ
2100 4702 2266 4771 μόνῳ
2316 4698 2557 4766 ζήσεται
2605 4699 2939 4767 ἄνθρωπος,
2973 4701 3160 4771 φησὶν,
3215 4699 3352 4755 ἀλλ’
3390 4698 3490 4751 ἐπὶ

1905 4785 2084 4840 παντί
2112 4785 2330 4854 ῥήματι
2365 4784 2820 4853 ἐκπορευομένῳ
2862 4783 2960 4838 διὰ
2988 4787 3286 4854 στόματος
3318 4782 3489 4836 Θεοῦ.

1904 4869 2004 4923 Διά
2036 4869 2195 4929 τοῦτο
2222 4869 2318 4927 καὶ
2341 4868 2499 4940 λιμὸν
2524 4864 2663 4922 οἶδεν
2685 4856 3014 4939 ὲργάζεσθαῖι
3037 4868 3107 4927 τὸ
3134 4870 3209 4939 μὴ
3242 4868 3495 4939 μετέχειν

1904 4953 2157 5024 τοιαύτης
2201 4951 2503 5025 τραπέζης.
2544 4952 2808 5004 ’Ἄκουσον
2855 4951 2987 5019 γοῦν
3015 4951 3111 5005 τοῦ
3156 4951 3290 5004 Θεοῦ
3334 4950 3496 5007 τοῦτο

1906 5036 2277 5100 ἀπειλοῦντος,
2312 5036 2406 5089 καὶ
2453 5038 2511 5089 ὲν
2540 5033 2693 5100 τάξει
2740 5035 3017 5099 κολάσεως
3068 5036 3164 5088 καὶ
3218 5033 3493 5105 τιμωρίας

1908 5119 2392 5191 ὲπανατεινομένου
2412 5133 2426 5147 ’
2472 5117 2650 5171 Δώσω
2681 5118 2793 5187 γὰρ
2820 5117 3047 5184 αὐτοῖς,
3078 5117 3265 5189 φησὶν,
3300 5120 3372 5171 οὺ
3403 5121 3495 5172 λι-

1903 5205 2023 5277 μὸν
2053 5204 2257 5273 ἄρτου,
2292 5199 2434 5257 οὐδὲ
2475 5201 2665 5269 δίψαν
2694 5200 2935 5267 ὕδατος,
2966 5201 3131 5256 ἀλλὰ
3171 5201 3352 5271 λιμὸν
3385 5202 3494 5257 τοῦ

1908 5288 2166 5344 ἀκοῦσαι
2208 5287 2395 5356 λόγον
2426 5286 2667 5352 Κυρίου.
2714 5283 2839 5347 Πῶς
2868 5280 2960 5339 οὖν
2991 5285 3090 5337 οὐκ
3121 5285 3321 5339 ἄτοπον
3353 5285 3497 5352 ὑπὲρ

1913 5373 2013 5445 μὲν
2051 5371 2142 5425 τοῦ
2178 5370 2269 5423 τὸν
2294 5372 2606 5439 σωματικὸν
2636 5367 2793 5439 λιμὸν
2823 5367 3270 5439 ἀποκρούσασθαι
3319 5370 3497 5422 πάντα

1910 5458 2083 5511 ποιεῖν
2114 5454 2208 5523 καί
2238 5451 2746 5523 πραγματεύεσθαι,
2782 5452 2873 5506 τὸν
2905 5451 2960 5505 δὲ
2992 5452 3092 5523 τῆς
3132 5451 3311 5524 ψυχῆς
3344 5452 3498 5506 ἐκόν-

1908 5557 2009 5604 τας
2051 5535 2412 5599 ἐπισπᾶσθαι,
2465 5534 2643 5587 καίτοι
2691 5534 2871 5606 πολλῷ
2921 5534 3301 5607 χαλεπώτερον
3346 5536 3495 5598 ὁντα,

1909 5625 2019 5695 ὅσῳ
2060 5620 2319 5691 καὶπερὶ
2370 5619 2630 5689 μειζόνων
2678 5622 2713 5690 ἡ
2750 5618 2960 5691 ζημίας
3016 5622 3130 5690 Μὴ,
3182 5619 3371 5691 δέομαι
3403 5618 3497 5673 καὶ

1912 5705 2194 5766 ἀντιϐολῶ.
2236 5704 2312 5774 μὴ
2350 5702 2536 5767 κακῶς
2573 5701 2716 5757 οὓτω
2757 5703 2887 5774 περὶ
2936 5704 3146 5758 ἑαυτῶν
3199 5701 3497 5775 βουλευσώ-

1916 5791 2079 5863 μεθα,
2117 5788 2251 5843 ἀλλά
2277 5787 2457 5858 πάσης
2484 5788 2740 5859 ἀσχολίας
2767 5789 2863 5843 καὶ
2894 5788 3176 5861 φροντίδος
3204 5790 3238 5859 ἡ
3264 5786 3498 5842 ἐνταῦθα

1977 5921 2007 5963 b
2030 5919 2131 5971 Alii
2162 5918 2412 5979 καθῆσθαι,
2433 5916 2716 5975 δεσποτικῆς
2739 5917 2969 5976 ἐξουσίας,
3002 5916 3057 5964 τὸ
3076 5916 3143 5966 δέ.
