3926 6226
459 293 556 350 801

459 413 817 486 προτιμάσθω
853 416 1124 488 διατριϐή.
1165 417 1230 470 Τί
1276 415 1386 488 γὰρ
1413 414 1668 470 τοσοῦτον
1709 415 2030 487 κερδαίνεις,

458 498 581 552 εἰπέ
625 515 738 569 μοι,
772 500 872 570 τῆς
903 501 1172 566 συνάξεως
1206 501 1737 571 ἀπολιμπανόμενος,
1784 501 1908 553 ὅσον
1939 498 2034 570 ζη-

460 583 606 653 μιοῖς
646 583 740 635 καὶ
786 583 982 636 σαυτὸν
1027 585 1121 638 καὶ
1167 585 1264 655 τήν
1309 583 1487 638 οἰκίαν
1519 586 1736 648 πᾶσαν;
1771 582 1892 637 Κᾶν
1925 583 2036 655 γὰρ

459 663 730 738 θησαυρὸν
763 666 931 738 εὒρῃς
957 655 1247 738 ὀλόκληρον
1275 667 1498 740 χρυσίου
1525 667 1784 738 γέμοντα,
1829 667 1924 720 καὶ
1946 667 2036 722 διά

457 749 644 802 τοῦτον
667 749 1018 822 ἀπολειφθῇς,
1052 749 1274 822 μείζονα
1306 749 1642 821 ἐζημιώοης,
1671 749 1767 803 καὶ
1792 748 2036 821 τοσούτῳ

460 831 704 901 μείζονα,
738 835 847 904 ὅσῳ
880 833 989 887 τῶν
1017 833 1290 906 αἰσθητῶν
1319 833 1388 888 τὰ
1431 833 1774 903 πνευματικά
1802 832 2030 904 ἀμείνω.

473 913 684 968 Ἐκεῖνα
726 915 824 986 μὲν
851 915 960 988 γάρ
993 917 1094 970 κᾶν
1128 916 1299 970 πολλά
1328 912 1386 989 ᾖ,
1432 916 1536 970 κᾶν
1581 915 1845 970 πάντοθεν
1877 917 2035 989 ἐπιρ-

461 998 582 1068 ῥέῃ,
624 997 738 1050 ἀλλ’
769 999 828 1052 οὐ
871 1000 1239 1071 συναποδημεί
1268 1000 1403 1070 πρὸς
1442 1001 1552 1071 τὴνν
1567 999 1684 1052 ἐκεῖ
1711 999 1878 1068 ζωὴν,
1915 999 2033 1052 ούδέ

460 1081 894 1150 συμμεθίσταται
939 1084 1072 1152 ήμῖν
1119 1082 1254 1155 πρὸς
1297 1082 1388 1136 τὸν
1428 1082 1675 1153 οὐρανὸν,
1711 1083 1834 1136 ούδέ
1874 1083 1966 1135 ἐπὶ
2004 1095 2032 1123 ι

457 1162 552 1214 τοῦ
582 1163 825 1234 βήματος
855 1167 1182 1236 παρίσταται
1212 1167 1307 1220 τοῦ
1333 1165 1588 1237 φοϐεροῦ,
1617 1165 1754 1220 ἀλλά
1775 1167 2034 1230 πολλάκις

460 1245 554 1298 καί
590 1247 696 1318 πρό
727 1248 825 1318 τῆς
854 1249 1109 1321 τελευτῆς
1136 1251 1283 1321 ἡμᾶς
1311 1249 1683 1304 καταλιπόντα
1709 1249 1914 1321 οἴχεται
1932 1267 1948 1282 ·
1981 1251 2031 1304 εί

456 1328 517 1381 δέ
549 1330 641 1384 καὶ
673 1332 1060 1403 παραμείνειεν
1100 1333 1261 1405 μέχρι
1293 1333 1505 1398 τέλους,
1537 1334 1654 1388 ἀλλ’
1683 1334 1786 1387 ὑπὸ
1819 1334 1920 1405 τῆς
1945 1351 2034 1387 τε-

458 1411 652 1482 λευτῆς
682 1413 1031 1468 διακόπτεται
1079 1417 1316 1480 πάντως.
1359 1416 1418 1470 Ὀ
1447 1417 1504 1470 δέ
1529 1416 1901 1488 πνευματικὸς
1931 1415 2029 1488 θην

461 1495 659 1566 σαυρὸς
695 1499 1055 1570 ἀναφαίρετόν
1087 1503 1202 1554 ἐστι
1235 1501 1438 1571 κτῆμα,
1489 1501 1582 1554 καὶ
1611 1500 1889 1571 πανταχοῦ
1937 1501 2032 1571 βα-

458 1575 692 1641 δίζουσιν
729 1581 859 1650 ἡμῖν
906 1581 1000 1635 καὶ
1037 1583 1406 1653 ἀποδημοῦσιν
1446 1583 1658 1640 ἕπεται.
1691 1584 1786 1637 καὶ
1833 1583 2032 1656 πολλὴν

458 1658 554 1712 ἐπὶ
597 1659 690 1712 τοῦ
738 1661 980 1734 βήματος
1043 1665 1251 1719 ἐκείνου
1298 1665 1510 1719 δίδωσιν
1557 1667 1691 1737 ἡμῖν
1737 1666 1834 1739 τὴν
1885 1671 2030 1740 παρ-

460 1742 678 1813 ρησίαν.

533 1823 682 1898 [546]
720 1825 782 1878 δ’.
824 1827 888 1879 Εἰ
924 1827 980 1880 δέ
1007 1828 1114 1882 ἀπὸ
1140 1828 1249 1881 τῶν
1287 1829 1463 1883 ἄλλων
1488 1830 1760 1896 συνάξεων
1782 1831 2032 1886 τοσοῦτον

457 1907 519 1960 τὸ
547 1909 757 1980 κέρδος,
786 1909 893 1962 ἀπὸ
925 1910 1034 1990 τῶν
1070 1911 1302 1964 ἐνταῦθα
1337 1909 1605 1978 συνάξεων
1628 1914 1845 1969 διπλοῦν
1875 1914 2032 1969 τοῦτο

457 1991 689 2058 γίνεται.
737 1992 811 2044 Οὐ
853 1993 962 2062 γὰρ
992 1991 1056 2064 δὴ
1105 1993 1261 2046 τοῦτο
1309 1995 1667 2066 καρπούμεθα
1721 1997 1900 2068 μόνον,
1947 1998 2031 2052 ὅτι

455 2074 557 2142 τὴν
599 2075 779 2144 ψυχὴν
839 2079 950 2136 τοῖς
1003 2076 1167 2139 θείοις
1217 2076 1396 2145 λόγοις
1447 2078 1719 2149 άρδομεν,
1773 2079 1888 2132 ἀλλ’
1949 2083 2031 2135 ὃτι

457 2156 658 2228 πολλὴν
690 2158 786 2226 μὲν
812 2157 920 2209 τῶν
948 2158 1156 2230 ἐχθρῶν
1189 2161 1590 2214 κατασκεδάννυ
1600 2179 1696 2232 μεν
1719 2163 1816 2234 τὴν
1845 2165 2033 2236 αἰσχύ-

456 2257 577 2311 νην,
613 2238 812 2310 πολλὴν
859 2239 914 2291 δὲ
959 2243 1070 2302 τοῖς
1099 2241 1347 2311 ἀδελφοῖς
1396 2246 1508 2306 τοῖς
1553 2246 1843 2316 ἡμετέροις
1892 2267 2033 2320 παρ-

456 2321 654 2393 έχομεν
688 2323 787 2392 τὴν
826 2323 1186 2394 παράκλησιν.
1222 2325 1391 2379 Τοῦτο
1419 2325 1529 2398 γάρ
1555 2329 1654 2399 τῆς
1675 2330 2032 2400 παρατάξεως

436 2406 516 2468 ,τὸ
550 2406 738 2477 κέρδος
782 2406 918 2470 ἐστὶ,
949 2406 1010 2460 τὸ
1041 2407 1291 2462 σπεύδειν
1336 2410 1429 2463 ἐπὶ
1463 2411 1527 2464 τὸ
1565 2413 1760 2466 πονοῦν
1791 2413 1884 2468 τοῦ
1935 2433 2031 2469 πο-

453 2487 620 2558 λέμου
667 2487 854 2558 μέρος,
905 2489 968 2542 τὸ
1013 2489 1256 2544 κινδύνου
1303 2492 1494 2563 γέμον.
1538 2494 1740 2566 Διόπερ
1785 2496 2031 2561 ἅπαντας

453 2571 688 2624 ἐνταῦθα
715 2571 1024 2644 συντρέχειν
1053 2573 1154 2642 δεῖ,
1185 2576 1278 2630 καὶ
1300 2577 1427 2641 τοὺς
1456 2578 1748 2650 πολεμίους
1775 2582 2026 2646 ἐπιόντας

453 2655 874 2733 ἀποκρούεσθαι.
905 2656 978 2709 Ού
1011 2656 1237 2712 δύνασαι
1270 2663 1584 2716 κατατεῖναι
1608 2663 1764 2732 λόγον
1798 2665 2026 2735 μακρὸν,

451 2739 572 2792 οὐδὲ
592 2739 734 2810 ἔχεις
763 2738 1144 2809 διδασκαλίαν;
1173 2745 1474 2816 παραγίνου
1511 2747 1692 2817 μόνον,
1713 2749 1891 2802 καὶτὸ
1921 2751 2028 2804 πᾶν

451 2823 805 2887 ἀπετέλεσας.
836 2822 941 2876 Τοῦ
969 2823 1077 2897 γὰρ
1113 2825 1365 2897 σώματος
1395 2831 1429 2901 ή
1453 2831 1718 2900 παρουσία
1745 2833 2028 2905 προσθήκη

450 2906 549 2978 τῆς
574 2906 808 2978 ποίμνης
835 2907 1063 2976 γίνεται,
1087 2910 1181 2962 καὶ
1211 2911 1411 2983 πολλὴν
1429 2915 1545 2977 τοῖς
1567 2914 1813 2984 ἀδελφοῖς
1841 2933 1931 2969 σου
1951 2917 2027 2970 δί-

449 2989 582 3043 δωσι
609 2991 707 3062 τὴν
733 2991 1060 3063 προθυμίαν,
1089 2993 1182 3048 καὶ
1211 2998 1324 3061 τοῖς
1351 2996 1563 3069 ἐχθροῖς
1598 3016 1690 3052 σου
1714 3002 2026 3072 περιϐάλλει

449 3072 549 3142 τὴν
596 3073 877 3144 αἰσχύνην.
919 3077 1017 3129 Ἂν
1054 3078 1152 3147 μὲν
1198 3078 1306 3150 γὰρ
1352 3080 1550 3145 ἐπιϐάς
1594 3099 1679 3146 τις
1719 3083 1826 3138 τῶν
1863 3085 2024 3155 ίερῶν

449 3156 656 3210 τούτων
699 3157 983 3231 προθύρων
1023 3161 1237 3230 ὀλίγους
1285 3163 1369 3236 ίδῃ
1400 3165 1526 3228 τοὺς
1557 3167 2021 3239 συνειλεγμένους,

450 3241 548 3294 καὶ
593 3242 761 3313 αὐτὴν
802 3242 900 3314 τὴν
931 3239 1096 3298 οὖσαν
1137 3247 1529 3304 κατασϐέννυσι
1560 3251 1890 3323 προθυμίαν,
1931 3256 2025 3310 καὶ

448 3325 628 3396 ναρκᾷ
676 3326 771 3379 καὶ
815 3326 1102 3406 ἀναδύεται
1147 3329 1243 3383 κειιίΙ
1293 3330 1648 3406 ὀκνηρότερος
1679 3335 1888 3405 γίνεται
1929 3341 2024 3394 καὶ

450 3408 758 3493 ἀναχωρείο
812 3404 913 3463 εἷθ’
964 3411 1106 3465 οὕτω
1154 3413 1295 3467 κατὰ
1355 3404 1565 3488 μικρὸν
1594 3404 1740 3473 ἅπαν
1788 3425 1919 3493 ήμῖν
1965 3426 2024 3480 τὸ

450 3490 656 3561 πλῆθος
696 3493 1018 3566 χαυνότερόν
1050 3497 1168 3550 ἐστι
1203 3495 1232 3535 δ
1263 3499 1358 3553 καὶ
1401 3500 1790 3574 ῥᾳθυμότερον.
1809 3490 1938 3560 ϋἋν
1966 3508 2024 3562 δὲ

451 3575 535 3664 ίδῃ
584 3576 994 3664 συντρέχοντας,
1042 3581 1468 3664 σπουδάζοντας,
1515 3588 1849 3658 πανταχόθεν
1896 3593 2024 3664 συρ-

369 3721 372 3726 _
449 3658 700 3749 ῥέοντας,
741 3663 792 3749 Δή
851 3661 961 3716 τῶν
1017 3663 1192 3720 ἄλλων
1251 3668 1455 3740 σπουδὴ
1520 3671 1615 3723 καὶ
1671 3672 1749 3744 τῷ
1819 3658 2022 3749 σφόδρα

447 3742 642 3827 νωθρῷ
670 3745 764 3799 καὶ
811 3749 1125 3820 παρειμένῳ
1156 3751 1464 3823 προθυμίας
1507 3742 1767 3821 ὑπόθεσις
1791 3742 2018 3827 γίνεται.

446 3821 511 3879 Εί
543 3826 652 3898 γὰρ
682 3828 828 3893 λίθος
868 3830 1005 3902 πρὸς
1031 3831 1177 3887 λίθον
1210 3821 1526 3905 τριϐόμενος
1572 3821 1829 3905 πολλάκις
1869 3860 2022 3897 σπιν-

448 3908 621 3996 θῆρας
651 3913 960 3983 ἐκπηδῆσαι
1001 3915 1400 3985 παρεσκεύασε,
1432 3918 1612 3974 καίτοι
1653 3923 1705 3975 τί
1749 3923 1892 3977 λίθου
1919 3927 2021 3996 ψυ-

446 3995 724 4080 χρότερον,
761 3996 814 4048 τί
859 3997 916 4050 δὲ
959 3997 1133 4070 πυρὸς
1176 3998 1529 4071 θερμότερον;
1581 4004 1696 4057 ἀλλ’
1738 4006 1884 4076 ὅμως
1919 3995 2018 4080 τὴν

446 4074 609 4144 φύσιν
641 4078 892 4148 ἐνίκησεν
935 4081 968 4150 ή
1017 4080 1305 4152 συνέχεια·
1350 4085 1398 4137 εί
1443 4085 1502 4138 δὲ
1547 4086 1638 4140 ἐπὶ
1670 4074 1816 4141 λίθου
1860 4074 2018 4146 τοῦτο

445 4159 757 4242 συμϐαίνει,
789 4162 970 4233 πολλῷ
1009 4164 1210 4234 μᾶλλον
1242 4166 1334 4220 ἐπὶ
1365 4166 1553 4238 ψυχῶν
1591 4171 1851 4242 ἀλλήλαις
1893 4191 2018 4228 συν-

445 4241 903 4329 τριϐομένων,καί
930 4244 1007 4316 τῷ
1053 4247 1184 4318 πυρὶ
1214 4247 1308 4301 τοῦ
1347 4249 1654 4321 πνεύματος
1697 4241 2013 4329 διαθερμαι-

445 4326 703 4397 νομένων.
737 4328 850 4381 Ούκ
887 4329 1158 4399 ἠκούσατε
1195 4332 1278 4387 ὅτι
1311 4335 1404 4387 ἐπὶ
1441 4335 1550 4389 τῶν
1587 4326 1866 4408 προγόνων
1890 4326 2016 4399 τῶν

442 4409 730 4480 ἡμετέρων
773 4412 946 4464 εῖκοσι
976 4413 1069 4466 καὶ
1099 4414 1291 4470 ἑκατὸν
1318 4411 1460 4487 ῆσαν
1492 4419 1540 4470 οί
1573 4423 1750 4474 πιστοί
1792 4423 2012 4491 πάντες,

445 4491 646 4560 μᾶλλον
681 4492 870 4578 δέ-πρὸ
906 4495 1014 4548 τῶν
1045 4496 1216 4550 εἴκοσι
1254 4499 1346 4552 καὶ
1375 4501 1568 4556 έκατὸν
1598 4503 1802 4558 δώδεκα
1840 4511 2010 4578 μόνοι,

439 4574 536 4628 καί
563 4573 682 4628 οὐδέ
711 4568 856 4630 οὗτοι
887 4577 1162 4650 διέμειναν
1191 4583 1447 4648 ἅπαντες,
1475 4584 1590 4638 ἀλλ’
1614 4581 1694 4650 εἷς
1738 4589 1797 4654 ἐξ
1831 4568 2011 4646 αὐτῶν

439 4657 688 4711 ἀπώλετο
751 4660 969 4725 Ἰούδας,
1020 4665 1113 4716 καὶ
1156 4659 1297 4736 ἦσαν
1343 4667 1532 4722 ἕνδεκα
1572 4673 1804 4740 πάντες;
1869 4676 2011 4730 Ἀλλ’

437 4739 588 4812 ὅμως
616 4741 721 4795 ἀπὸ
742 4743 850 4796 τῶν
877 4743 1068 4798 ἕνδεκα
1092 4749 1314 4802 ἐκείνων
1343 4750 1514 4805 εἴκοσι
1548 4755 1642 4808 καὶ
1666 4757 1860 4812 ἐκατὺν
1889 4760 2010 4830 ἐγέ-

433 4857 740 4980 ωὲδΐὶέῗὲπῖ
760 4859 846 4909 τοῦ
868 4863 1094 4925 βήματος.
1119 4863 1385 4926 (Absentem
1416 4870 1804 4934 ρτιεροείιὶοιιεηι
1820 4877 2009 4942 recepi-

448 4985 450 4988 ’
497 4984 526 5022 b
555 4984 656 5032 Alii
675 4983 825 5032 ἔσται.
855 4983 1075 5036 Rectius.
1103 4987 1236 5039 Enrr.

1183 295 1238 350 S.
1278 292 1564 350 JOANNIS
1601 293 2095 352 CHRYSOSTOMI
2124 293 2446 352 ARCHIEP.
2484 291 3034 351 CONST'ANTINOP.

3603 288 3712 343 802

2135 432 2305 479 νοντο,
2337 415 2434 470 καὶ
2455 415 2566 470 ἀπὸ
2586 413 2697 468 τῶν
2723 415 2897 468 εῐκοσι
2928 412 3018 466 καὶ
3043 409 3236 466 ἐκατδν
3256 408 3564 480 τρισχίλιοι,
3595 407 3715 466 εἶτα

2133 499 2579 569 πεντακισχίλιοι,
2629 495 2752 552 εἶτα
2791 497 2909 568 ’τήν
2962 493 3288 566 οἰκουμένην
3353 495 3573 548 ἃπασαν
3624 497 3716 546 ἐν-

2139 581 2382 651 έπλησαν
2434 581 2532 652 τῆς
2592 579 2688 634 τσῦ
2753 579 2888 633 Θεοῦ
2955 581 3229 649 γνώσεως.
3296 578 3370 629 Τὸ
3427 577 3485 630 δὲ
3536 576 3711 630 αἴτιον

2131 665 2384 718 οὐδέποτε
2428 665 2524 734 τὴν
2567 661 2985 732 ἐπισυναγωγὴν
3029 661 3236 716 ἑαυτῶν
3286 660 3712 730 κατελίμπανον,

2131 748 2246 802 ἀλλ’
2269 748 2358 802 ἀεὶ
2383 750 2501 818 μετ’
2524 748 2772 819 ἀλλήλων
2799 750 2821 776 ’⁵
2851 743 2990 817 ἦσαν
3021 746 3078 798 ἐν
3104 745 3183 816 τῷ
3209 744 3340 815 ἰερῷ
3362 742 3714 815 διημερεύον-

2131 848 2243 896 τες,
2290 831 2381 884 καὶ
2427 832 2613 902 εὐχαῖς
2665 830 2758 884 καὶ
2805 831 3142 899 ἀναγνώσεσι
3197 829 3585 900 προσέχοντες·
3627 828 3715 882 διὰ

2131 912 2288 966 τοῦτο
2319 906 2518 984 πολλὴν
2544 913 2750 984 ἐξῆψαν
2791 913 2888 984 τὴν
2921 913 3122 985 πυρὰν,
3157 913 3246 966 διὰ
3269 911 3433 965 τοῦτο
3457 913 3715 966 οὐδέποτε

2132 997 2478 1068 διερρύησαν,
2517 997 2653 1050 ἀλλά
2692 997 2792 1068 τὴν
2833 997 3159 1068 οἰκουμένην
3207 998 3424 1051 ἃπασαν
3463 998 3716 1049 ἐπεσπά-

2135 1096 2313 1135 σαντο.
2346 1079 2580 1144 Τούτους
2607 1079 2664 1134 δὲ
2709 1081 2804 1133 καὶ
2840 1081 3000 1150 ἡμεῖς
3033 1080 3422 1151 μιμησὼμεθα.
3456 1080 3581 1143 Πῶς
3606 1080 3715 1152 γὰρ

2131 1164 2232 1235 οὐκ
2274 1163 2496 1226 ἄτοπον,
2534 1163 2671 1235 μηδι
2709 1163 2982 1234 τοσαύτην
3021 1163 3421 1218 ἐπιδείκνυσθαι
3460 1163 3592 1233 περί
3615 1164 3716 1234 τὴν

2145 1230 2470 1316 Ἐκκλησίαν
2503 1230 2707 1318 ταύτην
2739 1230 3016 1317 πρόνοιαν,
3047 1246 3180 1316 ὅσην
3217 1247 3270 1298 αἰ
3297 1230 3554 1312 γυναῖκες
3585 1230 3717 1315 περὶ

2129 1329 2229 1394 τὰς
2253 1330 2500 1397 γείτονας
2526 1330 2625 1394 τὰς
2666 1330 2907 1396 ἐαυτῶν;
2943 1330 3054 1382 Καὶ
3100 1329 3210 1400 γὰρ
3249 1331 3452 1382 ἐκεῖναι
3494 1329 3725 1382 ἐπειδάν.

2132 1410 2284 1466 ἴδωσί
2309 1429 2432 1466 τινα
2457 1412 2726 1484 παρθένον
2753 1411 3016 1484 πενιχρὰν
3038 1413 3131 1466 καὶ
3156 1411 3360 1482 ἔρημον
3379 1412 3719 1483 προστασίας

2132 1484 2350 1567 ἀπάσης
2374 1492 2563 1560 οὖσαν,
2587 1497 2656 1551 τά
2681 1498 2812 1568 παρ’
2845 1497 3055 1551 ἐαυτῶν
3083 1497 3258 1549 πᾶσαι
3287 1497 3630 1568 εἰσφέρουσιν
3659 1497 3718 1548 ἐν
3764 1560 3767 1561 ν

2129 1578 2283 1644 τάξει
2331 1580 2440 1633 τῶν
2484 1581 2870 1652 προσηκόντων
2913 1579 3214 1651 γινόμεναι,
3260 1581 3355 1634 καὶ
3406 1580 3572 1633 πολὺν
3618 1580 3717 1631 ἴδοι

2129 1679 2216 1727 τις
2240 1661 2308 1716 ἂν
2337 1665 2455 1716 ἐκεῖ
2481 1663 2709 1734 θόρυϐόν
2746 1680 2805 1716 τε
2844 1665 2940 1717 καί⁵
2969 1663 3126 1732 ὄχλον
3158 1663 3257 1733 τῆς
3285 1664 3554 1734 παρθένου
3580 1682 3718 1734 νυμ-

2130 1746 2434 1816 φευομένης
2449 1763 2461 1775 ·
2482 1746 2577 1798 καὶ⁵
2596 1747 2652 1797 αἰ
2671 1746 2770 1816 μὲν
2798 1748 2903 1818 χρή
2913 1764 3058 1818 ματα
3083 1746 3340 1810 πολλάκις
3363 1748 3713 1818 εἰσήνεγκαν,

2129 1830 2188 1881 αἱ
2211 1829 2269 1882 δὲ
2290 1831 2388 1900 τὴν
2419 1830 2722 1901 παρουσίαν
2761 1831 2856 1884 τοῦ
2889 1830 3142 1901 σώματος
3161 1847 3174 1861 ³
3203 1831 3263 1884 οὐ
3305 1830 3499 1903 μικρὸν
3532 1832 3590 1884 δέ
3619 1832 3714 1884 καὶ

2129 1911 2319 1965 τοῦτο’
2375 1913 2583 1981 γίνεται
2633 1913 2742 1984 γὰρ
2798 1915 3220 1985 παρακάλυμμα
3271 1913 3370 1984 τῆς
3431 1914 3711 1978 εὐτελείας

2130 1993 2334 2048 τούτων
2381 1997 2414 2066 ἡ
2471 1995 2696 2067 σπουδὴ,
2739 1999 2836 2051 καὶ
2885 1996 2985 2068 τὴν
3032 1997 3224 2050 πενίαν
3266 1995 3713 2066 ἀποκρύπτουσιν

2128 2075 2274 2130 οὕτω
2321 2078 2408 2133 διὰ
2453 2079 2552 2149 τῆς
2581 2079 2758 2133 αὐτῶν
2808 2080 3136 2152 προθυμίας.
3185 2078 3354 2133 Τοῦτο
3399 2079 3462 2150 δὴ
3492 2081 3589 2132 καὶ
3619 2081 3714 2133 ἐπὶ

2129 2159 2332 2230 ταύτης
2370 2162 2633 2232 ποιήσατε
2676 2162 2776 2232 τῆς
2821 2162 3162 2232 Ἐκκλησίας.
3203 2163 3406 2225 Πάντες
3440 2164 3715 2234 πανταχό-

2130 2243 2222 2296 θεν
2253 2245 2636 2315 συντρέχωμεν
2679 2246 2774 2300 καὶ
2805 2246 3238 2317 συγκαλύψωμεν
3269 2247 3437 2315 αὐτῆς
3478 2247 3580 2317 τὴν
3610 2264 3711 2299 πε-

2129 2327 2268 2390 νίαν,
2301 2327 2501 2396 μᾶλλον
2525 2329 2582 2381 δέ
2617 2329 2870 2399 λύσωμεν
2897 2330 3066 2400 αὐτῆς
3092 2330 3190 2401 τὴν
3233 2329 3424 2383 πενίαν
3472 2329 3712 2399 συνεχῶς

2130 2410 2361 2465 ἐνταῦθα
2379 2413 2824 2484 παραγινόμενοι.
2843 2411 3088 2482 Κεφαλὴ
3106 2412 3216 2479 τῆς
3234 2413 3520 2481 γυναικός
3540 2413 3714 2465 ἐστιν

2130 2491 2283 2566 [547]
2318 2495 2350 2546 ὀ
2376 2493 2561 2563 ἁνήρ·
2588 2494 2778 2564 βοηθός
2810 2497 2960 2548 ἐστιν
2993 2497 3027 2566 ή
3061 2495 3197 2566 γυνὴ
3225 2493 3317 2548 τοῦ
3358 2493 3572 2564 ἀνδρός.
3624 2492 3710 2564 Μὴ

2128 2575 2306 2628 τοίνυν
2341 2577 2475 2646 μήτε
2509 2578 2542 2648 ή
2572 2577 2783 2648 κεφαλὴ
2823 2579 2992 2649 χωρὶς
3017 2577 3112 2630 τοῦ
3144 2578 3393 2648 σώματος
3431 2576 3714 2647 ἀνεχέσθω

2128 2657 2234 2710 τῶν
2276 2657 2444 2711 ούδῶν
2486 2659 2790 2713 ἐπιϐαίνειν
2835 2661 2944 2713 τῶν
2993 2661 3162 2728 ἁγίων
3208 2660 3433 2723 τούτων,
3468 2663 3607 2730 μήτε
3650 2663 3711 2714 τὸ

2130 2741 2288 2812 σῶμα
2315 2743 2482 2813 χωρὶς
2512 2743 2610 2814 τῆς
2645 2743 2886 2814 κεφαλῆς
2925 2745 3220 2814 φαινέσθω,
3251 2744 3365 2798 ἀλλ’
3412 2744 3708 2813 ὁλόκληρος

2128 2823 2362 2877 ἐνταῦθα
2391 2825 2576 2879 εἰσίτω
2618 2828 2646 2878 ὁ
2676 2826 2980 2898 ἄνθρωπος,
3022 2829 3236 2898 ἔχοντες
3265 2827 3360 2880 καὶ
3405 2827 3474 2881 τὰ
3518 2827 3706 2881 παιδία

2131 2908 2249 2979 μεθ’
2277 2910 2506 2964 ἑαυτῶν.

2197 2993 2260 3045 Εἰ
2288 2993 2396 3063 γάρ
2426 2992 2640 3063 δένδρον
2669 2993 2896 3065 τερπνὸν
2931 2993 3057 3046 ἰδεῖν
3087 2991 3195 3046 ἀπὸ
3216 2991 3314 3062 τῆς
3347 2991 3502 3063 ῥίζης
3532 2991 3704 3061 αὐτῆς

2126 3074 2384 3144 νεόφυτον
2426 3075 2548 3146 έχον
2593 3075 2908 3146 ἀνεστηκδς,
2958 3075 3138 3146 πολλῷ
3185 3075 3382 3145 μᾶλλον
3417 3075 3704 3146 ἄνθρωπον

2124 3158 2354 3230 τερπνὸν
2387 3158 2534 3222 ἰδεῖν,
2566 3161 2660 3214 καὶ
2689 3160 2876 3224 ἐλαίας
2909 3161 3126 3230 ἀπάσης
3166 3160 3548 3230 τερπνότερον,
3592 3158 3702 3212 ἀπὸ

2124 3244 2224 3314 τῆς
2261 3242 2418 3315 ῥίζης
2445 3244 2617 3314 αὐτῆς
2640 3245 2700 3298 τὸ
2739 3244 2952 3298 παιδίον
2992 3243 3182 3313 ῶσπερ
3213 3244 3465 3311 νεόφυτον
3510 3243 3702 3313 ἔχοντα

2125 3326 2350 3396 πλησίον
2381 3325 2582 3391 ἑστώς·
2619 3327 2679 3380 ού
2709 3327 2941 3398 τερπνὸν
2971 3327 3028 3380 δὲ
3063 3328 3242 3396 μόνον,
3279 3327 3412 3380 ἀλλά
3453 3328 3550 3380 καὶ
3576 3329 3700 3380 ἐπι-

2125 3409 2332 3481 κερδές.
2369 3410 2478 3463 Καὶ
2513 3409 2642 3480 γὰρ,
2669 3410 2805 3482 ὅπερ
2826 3410 2995 3482 ἔφθην
3027 3411 3218 3471 εἰπὼν,
3241 3411 3440 3464 πλείων
3465 3411 3700 3465 ἐνταῦθα

2128 3490 2317 3561 μισθὸς
2357 3493 2468 3555 τοῖς
2501 3492 2947 3564 συλλεγομένοις·
2993 3495 3115 3548 ἐπεὶ
3156 3495 3248 3546 καὶ
3290 3494 3533 3563 γεωργὸν
3579 3493 3701 3546 τότε

2127 3573 2362 3645 μάλιστα
2399 3574 2767 3647 Θαυμάζομεν,
2798 3578 2898 3647 οὐχ
2938 3577 3066 3630 ὅταν
3105 3576 3202 3648 τὴν
3237 3576 3493 3636 πολλάκις
3519 3591 3699 3647 γεωρ-

2123 3656 2382 3728 γηθεῖσαν
2423 3659 2525 3729 γῆν
2558 3659 2859 3734 θεραπεύῃ,
2907 3659 3020 3713 ἀλλ’
3051 3660 3177 3714 ὅταν
3205 3660 3274 3713 τὰ
3313 3661 3568 3730 ἄσπαρτα
3601 3659 3700 3714 καὶ

2121 3742 2356 3812 ἀνήροτα
2409 3742 2585 3813 χωρία
2636 3742 2844 3809 λαϐὼν,
2903 3743 3103 3816 πολλῆς
3153 3743 3361 3816 ἀξιώσῃ
3416 3743 3695 3816 προνοίας.

2123 3823 2276 3876 Οὕτω
2304 3823 2368 3895 δὴ
2400 3825 2492 3878 καί
2525 3825 2736 3890 Παῦλος
2767 3827 2960 3891 ἐποίει,
2996 3827 3439 3898 φιλοτιμούμενος
3465 3828 3698 3895 εὐαγγε-

2120 3903 2378 3970 λίζεσθαι,
2406 3908 2504 3978 οὐχ
2527 3907 2661 3962 ὅπου
2690 3908 2978 3980 ὠνομάσθη
3013 3909 3264 3981 Χριστὸς,
3289 3909 3404 3963 ἀλλ’
3432 3910 3566 3961 ὅπου
3592 3909 3698 3964 οὐκ

2118 3988 2444 4060 ὠνομάζετο.
2485 3992 2684 4047 Τοῦτον
2726 3994 2820 4047 καὶ
2847 3996 3007 4065 ἡμεῖς
3050 3993 3436 4065 μιμησώμεθα.
3484 3993 3577 4046 καὶ
3609 3995 3695 4059 είς

2119 4074 2373 4145 πρόσοδον
2396 4073 2497 4142 τῆς
2535 4076 2880 4148 Ἐκκλησίας,
2910 4079 3005 4132 καὶ
3029 4081 3109 4142 εἰς
3137 4078 3398 4148 ὠφέλειαν
3429 4078 3527 4148 τήν
3551 4079 3694 4148 ήμε-

2117 4156 2279 4226 τέραν
2299 4171 2312 4186 ·
2350 4157 2470 4210 καθ’
2501 4159 2739 4229 ἑκάστην
2765 4156 2857 4214 οὖν
2883 4161 3165 4234 τρέχωμεν
3191 4161 3421 4214 ἐνταῦθα
3450 4160 3690 4226 σύναξιν.

2119 4240 2238 4295 Κᾶν
2283 4241 2545 4313 ἐπιθυμία
2583 4243 2775 4316 φλέγῃ,
2808 4247 3142 4300 κατασϐέσαι
3170 4246 3368 4318 ῥᾳδίως
3395 4246 3563 4315 αὐτὴν
3595 4247 3689 4301 δυ-

2117 4325 2275 4396 νήσῃ,
2300 4325 2392 4378 τὸν
2423 4321 2572 4379 οἷκον
2595 4328 2782 4381 τοῦτον
2817 4330 2975 4399 μόνον
3007 4330 3156 4395 ἰδών·
3189 4332 3291 4383 κᾶν
3316 4328 3532 4402 ὀργίζῃ,
3567 4332 3688 4401 μετ’

2116 4408 2362 4472 εὐκολίας
2389 4409 2660 4480 κοιμίσεις
2685 4411 2746 4464 τὸ
2772 4412 2958 4484 θηρίον
2978 4429 2994 4444 ·
3035 4415 3138 4467 κᾶν
3161 4414 3286 4467 ἄλλο
3311 4431 3363 4466 τι
3391 4414 3564 4478 πάθος
3591 4431 3690 4467 πο-

2116 4489 2326 4563 λιορκῇ,
2371 4491 2546 4546 πάντα
2586 4493 2788 4566 δυνήσῃ
2832 4495 3130 4550 καταλῦσαι
3157 4497 3247 4548 τὸν
3287 4497 3548 4567 χειμῶνα,
3591 4498 3688 4551 καὶ

2116 4573 2355 4652 γαλήνην
2381 4575 2740 4646 ἐργάσασθαι,
2769 4579 2864 4632 καὶ
2901 4580 3124 4651 εἰρήνην
3153 4580 3352 4650 πολλὴν
3394 4583 3460 4651 τῇ
3500 4579 3646 4652 ψυχῇ
3667 4597 3683 4610 ο

2111 4651 2177 4728 ῆς
2201 4656 2410 4724 γένοιτο
2432 4659 2638 4723 πάντας
2669 4661 2815 4731 ἡμᾶς
2840 4662 3152 4726 ἀπολαύειν,
3174 4663 3356 4736 χάριτι
3377 4665 3471 4716 καὶ
3497 4665 3686 4732 φιλαν-

2111 4737 2323 4810 θρωπίᾳ
2345 4739 2437 4794 τοῦ
2459 4742 2664 4814 Κυρίου
2689 4744 2847 4814 ήμῶν
2881 4745 3052 4817 Ἰησοῦ
3081 4745 3338 4817 Χριστοῦ,
3367 4746 3485 4816 μεθ’
3514 4741 3578 4800 οὗ
3605 4747 3687 4817 τῷ

2109 4825 2281 4894 Πατρί
2305 4825 2418 4894 ἅμα
2456 4825 2532 4897 τῷ
2573 4827 2713 4898 ἁγίῳ
2745 4827 3020 4900 Πνεύματι
3057 4832 3091 4903 ή
3129 4831 3275 4897 δόξα,
3311 4831 3406 4885 νῦν
3435 4833 3530 4886 καί
3570 4832 3680 4897 ἀεὶ,

2108 4905 2199 4958 καί
2223 4908 2302 4970 εἰς
2331 4907 2458 4972 τοὺς
2482 4909 2686 4973 αίῶνας
2711 4911 2817 4965 τῶν
2844 4911 3076 4969 αἰώνων.
3119 4914 3309 4986 ’Δμήν.

2169 5008 2190 5037 °
2218 5005 2315 5056 Alii
2335 5010 2449 5073 πρὸς
2470 5012 2718 5070 ἀλλήλους.

995 5094 3665 5138 _________________________

433 5145 538 5209 Εἰς
584 5147 688 5198 τὸν
738 5149 1368 5248 παραλυτηὲὶιςαῆητ-όζ
1401 5154 2022 5248 τάῌτξιᾴκεκταιόκζιξ.)
2093 5168 2196 5237 ἐτη
2229 5168 2450 5248 έχοντα
2602 5174 2678 5244 τῇ
2748 5176 3034 5246 ἀσθενείᾳ
3067 5179 3274 5246 αὐτοῦ,
3325 5180 3424 5235 καί
3467 5184 3556 5248 είς
3610 5182 3678 5235 τὸ

1053 5219 1145 5273 ὅτι
1168 5222 1369 5290 Πατήρ
1391 5243 1511 5293 μου
1541 5219 1653 5294 ἕως
1677 5229 1806 5298 ἄρτι
1834 5219 2351 5310 ἐργάζεται,ίὲιιίςηῶ⁷
2380 5219 2711 5315 έλγᾶξομᾶιι.

925 5400 1117 5467 Λόγος
1147 5397 1500 5467 δωδέκατος.

503 5478 574 5529 α’.
595 5475 897 5546 Εὐλογητὸς
923 5482 951 5533 ό
979 5481 1137 5545 Θεόςο
1163 5482 1282 5536 καθ’
1310 5484 1546 5556 ἑκάστην
1582 5486 1799 5554 σύναξιν
1829 5493 1997 5559 αὐξα-

427 5562 659 5649 νομένην
695 5564 807 5649 ὁρῶ
846 5566 946 5649 τὴν
975 5569 1232 5640 ἄρουραν,
1258 5573 1508 5644 κομῶντα
1530 5575 1598 5628 τὰ
1627 5577 1773 5648 λήῖα,
1804 5577 2007 5649 πεπλη-

429 5645 681 5716 ρωμένην
711 5645 806 5718 τὴν
839 5648 1040 5717 ἀλωνα,
1082 5651 1416 5721 πληθύνοντα
1443 5654 1509 5708 τά
1538 5645 1843 5729 δράγματα.
1871 5645 1998 5717 Καίο

489 5787 513 5815 ⁸
657 5789 844 5860 Regius
869 5791 1023 5860 2έ24,
1042 5793 1092 5841 in
1121 5792 1267 5843 titulo
1295 5797 1469 5860 Eicfrév
1501 5799 1784 5860 παράλυτον.
1822 5818 1839 5850 ι
1875 5804 1992 5855 Haec

426 5847 1066 5918 [nomnijhjyiyuiLSavﬂ.,
1110 5859 1342 5905 nonnulla
1361 5847 1524 5908 'habel.
1563 5847 1838 5914 ὲυιηηιυιιὶίέ

426 5908 642 5965 homiLiis
661 5913 721 5962 55
741 5908 792 5963 ét
815 5915 876 5964 56
905 5917 955 5964 in
976 5908 1233 5966 Joénncm.
1269 5931 1288 5964 ι

2011 6005 2044 6029 ι.
2057 6024 2059 6026 .

2104 5435 2186 5472 τοι
2233 5435 2296 5488 γε
2341 5419 2403 5473 ού
2443 5421 2637 5486 πολλὰς
2684 5425 2899 5496 ἡμέρας
2927 5424 3141 5497 ἔχομεν,
3173 5425 3231 5492 ἐξ
3259 5418 3322 5479 οὗ
3345 5425 3436 5480 τὸν
3474 5427 3673 5500 σπόρον

2102 5501 2290 5555 τοῦτον
2313 5504 2704 5577 κατεϐάλομεν,
2730 5509 2822 5562 καὶ
2852 5509 2961 5563 ἰδοὺ
2987 5508 3241 5573 πλούσιος
3257 5509 3286 5549 δ
3315 5513 3446 5582 ήμῖν
3472 5513 3672 5576 εὐθέως

2100 5585 2131 5638 ὁ
2164 5585 2362 5656 στάχυς
2405 5587 2503 5658 τῆς
2552 5589 2795 5662 ὑπακοῆς
2822 5591 3342 5663 ἐϐλάστησεν.“Οθεν
3374 5595 3552 5665 δῆλον,
3588 5597 3670 5651 ὅτι

2100 5669 2200 5723 οὐκ
2250 5669 2561 5745 ἀνθρωπίνη
2610 5673 2857 5745 δύναμις,
2913 5675 3048 5729 ἀλλά
3105 5675 3224 5730 θεία
3269 5677 3426 5749 χάρις
3467 5680 3670 5753 ταύτην

2101 5757 2335 5825 γεωργεῖ
2379 5755 2475 5827 τὴν
2513 5757 2858 5829 Ἐκκλησίαν.
2894 5761 3004 5814 Καὶ
3047 5759 3158 5831 γὰρ
3193 5762 3414 5832 τοιαύτη
3441 5765 3475 5834 ή
3509 5764 3667 5833 φύσις

2156 5930 2185 5970 1³
2213 5930 2334 5992 “pg.
2357 5932 2459 5982 ἰδοὺ
2483 5933 2736 5997 πλουσίως,
2762 5936 2932 5986 Morel.
2963 5943 3013 5986 el
3043 5937 3189 5987 Savil.
3229 5937 3474 5995 πλούσιος.
3544 5941 3552 5949 ’
